4410 6452
291 420 657 486 ᾗ

880 400 1407 423 ——————:===

880 446 1407 462 W—

1306 407 1476 418 :___‘..'_;_4

647 454 1600 758 ἝΙΞΒΒΕΝΙ
1713 576 3031 735 HISTORIARUM

2503 419 3204 429 mm

1464 954 2345 1053 CONTINUATIO.

1855 1234 1925 1247 ρ-

392 1423 625 1501 [P.609]
687 1420 890 1474 Τοῦτον
970 1419 1069 1489 μὲν
1110 1384 1200 1467 ab;
1257 1411 1475 1483 τρόπον,
1507 1413 1564 1464 ὃν
1602 1412 1848 1501 εἴπομεν,
1881 1414 1932 1471 Α
2030 1412 2133 1481 Η

1782 1428 1848 1475 εν,
1881 1414 1932 1471 Α
2030 1411 2276 1483 1-278
2303 1412 2519 1465 Annum
2542 1424 2708 1481 agens
2738 1408 2914 1464 aetatis
2942 1409 3234 1478 septimum
3253 1408 3523 1465 Constan-

296 1499 655 1576 ἀποθανόντος
685 1509 1030 1578 Ἀλεξάνδρου
1057 1508 1136 1568 εἰς
1176 1504 1579 1558 Κωνσταντῖνον
1610 1501 1698 1553 τὸν
1743 1499 1857 1551 υἱὸν

296 1612 545 1672 Λέοντος,
578 1601 923 1673 ’ἐϐδομονςτῆς
952 1596 1165 1667 ἡλικίας
1190 1596 1389 1664 ἄγοντα
1415 1595 1557 1656 ἔτος,
1603 1591 1666 1645 τὸ
1708 1591 1860 1661 βασί-

298 1701 443 1752 λειον
470 1692 825 1764 περιελήλυθε
850 1688 1070 1757 κράτος,
1106 1686 1210 1739 ὑπὸ
1242 1685 1573 1755 ἐπιτρόπους
1602 1683 1857 1735 τελοῦντα

298 1794 423 1852 τοὺς
487 1786 689 1841 ἄνωθεν
740 1779 1170 1851 ὴριθμημένους.
1247 1775 1560 1845 Λαὸόμενος
1618 1773 1710 1826 οὖν
1758 1774 1859 1841 τῆς

299 1880 542 1945 ἐξουσίας
580 1876 843 1935 Νικόλαος
868 1872 896 1924 6
927 1872 1265 1941 πατριάρχης
1293 1868 1367 1932 ὼς
1401 1868 1492 1921 καὶ
1524 1868 1686 1928 αὐτὸς
1737 1865 1860 1916 ἐπί-

298 1986 497 2039 τροπος
523 1967 618 2024 ὢν,
648 1961 864 2029 συνάμα
893 1963 1004 2021 τοῖς
1034 1960 1237 2023 ἄλλοις,
1258 1956 1640 2026 ὲπηδαλιούχει
1666 1953 1737 2006 τὰ
1768 1951 1859 2006 τοῦ

297 2057 499 2113 κοινοῦ.
538 2052 658 2105 Τῶν
684 2053 739 2105 δὲ
774 2050 1113 2118 πραγμάτων
1146 2046 1318 2109 οὕτως
1353 2046 1604 2115 ἐχόντων,
1636 2043 1728 2095 καὶ
1765 2042 1862 2110 τῆς

300 2143 601 2215 βασιλείας,
664 2142 740 2202 ὡς
820 2142 1067 2208 εἴπομεν,
1150 2137 1301 2206 παρὰ
1377 2136 1486 2187 τῶν
1555 2130 1863 2201 ἐπιτρόπων

301 2232 642 2299 ἰθυνομένης,
678 2229 1087 2288 Κωνσταντῑνος
1130 2228 1159 2279 6
1187 2225 1280 2277 τοῦ
1332 2222 1528 2283 Δουκὺς
1592 2218 1862 2288 Ἀνδρονὶ-

298 2342 397 2378 κου
444 2325 579 2385 υἱὸς,
622 2321 940 2388 δομέστικος
1011 2318 1121 2369 τῶν
1169 2314 1378 2387 σχολῶν
1436 2313 1714 2383 τυγχάνων
1772 2311 1865 2363 καὶ

299 2409 617 2463 δυναστείαν
674 2407 1136 2477 περιϐεϐλημένος
1203 2406 1488 2474 μεγίστην.
1578 2402 1866 2472 γράμμασι

302 2504 410 2554 τῶν
442 2503 498 2552 ὲν
521 2504 582 2566 τῇ
614 2498 843 2565 βασιλίδι
874 2497 1047 2563 φίλων
1092 2496 1184 2547 καὶ
1228 2494 1508 2561 συγγενῶν
1559 2487 1724 2541 αὑτοῦ
1762 2504 1866 2541 παι

303 2577 635 2661 ρακινηθεῗς,
690 2586 1044 2656 γεγραφότων
1101 2584 1371 2651 ἀκέφαλον
1426 2578 1686 2651 εἶναιτὴν
1713 2583 1864 2649 βασι-

303 2680 449 2732 λείαν
488 2681 582 2731 καὶ
626 2676 811 2737 κακῶς
864 2674 1216 2741 διεξάγεσθαι
1246 2674 1343 2727 καὶ
1369 2673 1562 2743 μικρὸν
1591 2673 1717 2725 ὅσον
1748 2688 1865 2723 κινο

1962 1504 2105 1556 tiuus
2131 1503 2329 1557 Leonis
2372 1502 2515 1555 [ilius
2554 1498 2843 1568 imperium
2881 1498 3023 1564 iniit,
3059 1498 3161 1554 sub
3186 1498 3254 1554 iis
3274 1516 3410 1570 quos
3442 1517 3526 1554 re-

1958 1595 2144 1649 censui
2181 1593 2490 1647 tutoribus:
2531 1599 2587 1644 et
2628 1589 2880 1645 Nicolaus
2926 1591 3157 1645 maxime
3189 1593 3525 1661 patriarcha,

1962 1690 2150 1751 utpote
2199 1695 2342 1735 unus
2382 1690 2619 1735 tutorum
2648 1720 2662 1744 ,
2708 1681 2917 1735 clavum
2970 1682 3279 1751 reipublicae
3328 1685 3523 1738 tenuit.

1961 1772 2124 1825 Initio
2151 1772 2313 1841 hujus
2340 1772 2576 1841 imperii,
2617 1773 3006 1827 Constantinus
3029 1773 3205 1829 Ducas
3229 1774 3529 1828 Andronici

1966 1861 2478 1926 filius,domesticus
2527 1860 2860 1927 scholarum,
2892 1871 2947 1915 et
2980 1860 3217 1914 maxima
3274 1861 3529 1930 praeditus

1965 1952 2227 2021 potentia,
2252 1951 2551 2006 amicorum
2583 1966 2648 2006 ac
2681 1961 3035 2021 cognatorum
3068 1950 3122 2004 in
3164 1951 3303 2006 urbe
3331 1952 3531 2021 degen-

1968 2047 2099 2099 tium
2150 2046 2341 2099 litteris
2368 2046 2437 2098 ad
2483 2043 2845 2099 invadendum
2887 2044 3175 2113 imperium
3223 2044 3531 2117 instigatur.

1968 2134 2296 2191 Scribebant
2320 2136 2491 2198 enim,
2520 2135 2697 2203 capite
2725 2149 2911 2188 carere
2954 2135 3266 2204 imperium,
3293 2151 3358 2192 ac
3395 2138 3535 2192 male

1965 2226 2101 2295 geri,
2139 2235 2193 2278 et
2237 2226 2292 2277 in
2326 2238 2539 2279 summo
2580 2223 2782 2277 versari
2823 2221 3183 2278 discrimine:
3226 2225 3533 2295 ipsumque.

1967 2323 2027 2367 ut
2059 2313 2337 2367 hominem
2363 2311 2644 2366 cordatum
2660 2319 2822 2381 atque
2849 2309 3071 2373 fortem,
3095 2320 3151 2365 et
3168 2312 3343 2366 solum
3366 2312 3535 2367 nobili

1968 2405 2338 2462 Romanorum
2376 2404 2605 2474 imperio
2641 2403 3070 2459 administrando
3103 2415 3312 2473 aptum,
3349 2420 3536 2460 accer-

1969 2500 2162 2553 sebant
2188 2515 2203 2553 ;
2232 2498 2633 2567 addebantque,
2668 2498 2887 2567 probari
2915 2512 3039 2552 eum
3068 2497 3279 2551 senatui
3310 2506 3362 2552 et
3392 2500 3536 2554 civili

1968 2588 2301 2642 multitudini
2325 2604 2336 2638 :
2362 2596 2419 2641 et
2439 2587 2816 2651 hortabantur,
2839 2597 2899 2642 ut
2924 2589 3112 2643 urbem
3138 2589 3538 2659 quamprimum

1970 2686 2285 2745 occuparet.
2326 2674 2554 2740 Ferunt,
2602 2677 2881 2731 conscium
2926 2677 3121 2732 horum
3164 2693 3285 2747 qua:
3331 2678 3537 2733 scribe-

303 2769 545 2821 δυνεύειν
573 2762 797 2833 ὀλεθρίῳ
818 2738 1049 2832 κινδυνιρ
1070 2738 1381 2824 ὑποπεσεῖν,
1418 2738 1582 2815 adadv
1643 2777 1702 2811 τε
1738 2762 1868 2812 ἀνα·
1898 2738 1941 2792 Β
1976 2769 2042 2821 ba

1798 2778 1868 2812 ἀ-
1898 2738 1941 2792 B
1976 2738 2175 2821 bantur
2219 2738 2745 2836 approbatoremque
2791 2767 2958 2823 fuisse
3006 2738 3285 2823 Nicolaum
3312 2756 3539 2839 patriar—

310 2856 652 2924 καλουμένων
700 2854 775 2916 ὡς
812 2855 1074 2923 ζἐχέφρονα
1132 2855 1229 2905 καὶ
1267 2852 1509 2921 ἀνδρεῖον
1566 2852 1663 2902 καὶ
1708 2850 1872 2918 μόνον

297 2946 601 3013 δυνάμενον
626 2943 859 3009 ἐπαξίως
891 2943 1227 3010 κυϐερνῆσαι
1255 2942 1353 3010 τὴν
1400 2940 1725 3009 περιδόητον
1762 2941 1872 2994 τῶν

318 3036 602 3106 Ῥωμαίων
630 3034 825 3104 ἀρχὴν,
857 3033 1242 3104 προσθεμένων
1283 3032 1330 3084 δ’
1365 3035 1447 3085 ὅτι
1498 3033 1592 3085 καὶ
1642 3034 1675 3100 ἡ
1741 3033 1870 3099 σύγ-

302 3127 499 3197 νκλητος
524 3128 684 3179 αὑτὸν
711 3123 1013 3187 ἀσπάζεται
1038 3125 1132 3175 καὶ
1164 3125 1193 3176 ὁ
1233 3123 1507 3186 πολιτικὸς
1538 3124 1715 3193 ὄχλος,
1777 3124 1871 3177 καὶ

306 3216 742 3271 ὲπισπευδὸντων
771 3215 844 3277 ὡς
868 3215 1030 3283 τάχος
1070 3214 1421 3279 καταλαϐεῖν,
1453 3215 1773 3280 συνειδότος,
1797 3214 1872 3277 ὦς

309 3325 462 3376 φασι,
502 3307 596 3358 καὶ
628 3303 723 3356 τοῦ
757 3303 1094 3373 πατριάρχου
1123 3304 1392 3356 Νικολάου
1443 3304 1538 3356 καὶ
1587 3306 1699 3367 τοῖς
1738 3320 1872 3371 γρα-

306 3399 456 3467 φεῖσι
515 3394 959 3454 συνευδοκοῦντος
1009 3393 1096 3444 διὰ
1142 3392 1201 3443 τὸ
1268 3394 1437 3460 μήπω
1479 3394 1577 3454 τὰς
1610 3393 1873 3459 διαθήκας

308 3483 662 3552 Ἀλεξάνδρου
691 3479 1105 3548 ἀναγνωσθῆναι
1138 3478 1269 3547 μηδὲ
1298 3479 1604 3546 γνωσθῆναι
1630 3478 1776 3545 αὐτῷ
1800 3478 1874 3540 ὡς

310 3578 601 3645 ἐπίτροπος
629 3576 936 3643 γέγραπται
967 3574 1063 3624 καὶ
1095 3572 1255 3630 αὐτὸς
1276 3572 1366 3622 τοῦ
1422 3571 1631 3632 παιδὸς,
1672 3573 1872 3639 ’Δρτα-

310 3668 510 3719 ϐάσδου
534 3664 670 3735 πρὸς
699 3661 855 3715 τοῦτο
902 3661 1318 3731 διακονήσαντος
1376 3661 1470 3713 καὶ
1519 3660 1668 3729 παρὰ
1723 3660 1878 3713 τοῦτο

315 3757 530 3827 πρώτου
558 3756 663 3807 τῶν
691 3752 883 3822 ἱερέων
918 3751 1030 3821 (4⁸5)
1092 3750 1193 3819 τῆς
1226 3751 1483 3820 Μεγάλης
1556 3750 1878 3820 Ἐκκλησίας

314 3847 605 3915 μετέπειτα
634 3843 945 3911 γενομένου.
981 3843 1166 3911 Πατὴρ
1212 3842 1256 3894 δ’
1300 3845 1327 3895 6
1391 3841 1751 3910 Ἀρτάϐασδος
1811 3837 1879 3911 ἦν

325 3936 574 4005 ⁹Ανδρέου
608 3935 700 3987 τοῦ
727 3936 819 3987 ἐπὶ
844 3935 1168 4002 ζωγραφικῇ
1217 3933 1383 4003 τέχνῃ
1447 3932 1781 4001 λάμψαντος.
1820 3932 1876 3984 '0

1972 2861 2129 2914 cham
2186 2859 2411 2928 (quippe
2464 2860 2703 2913 nondum
2757 2860 2984 2914 recitato
3036 2860 3327 2916 Alexandri
3372 2870 3541 2916 testa-

1973 2957 2179 3011 mento,
2214 2962 2274 3001 se
2316 2948 2457 3002 inter
2501 2956 2708 3002 tutores
2739 2948 3037 3018 ascriptum
3074 2963 3195 3003 esse
3240 2949 3539 3003 etiamnum

1975 3038 2357 3108 ignorantem)
2392 3052 2659 3106 usumque
2710 3039 2813 3092 hac
2866 3042 2918 3091 in
2948 3053 3008 3093 re
3046 3039 3350 3095 ministerio
3386 3040 3542 3095 Arta-

1973 3130 2151 3194 basdi,
2179 3130 2269 3198 qui
2318 3139 2473 3199 pater
2523 3130 2625 3184 fuit
2672 3130 2904 3185 Andrea:
2944 3131 3143 3186 nobilis
3186 3131 3433 3201 pictoris,
3486 3142 3545 3187 et

1974 3222 2097 3276 ideo
2122 3220 2287 3290 279
2318 3221 2524 3291 primus
2557 3221 2899 3276 sacerdotum
2937 3221 3109 3292 Magni
3133 3221 3340 3293 Templi
3370 3223 3545 3278 factus

1975 3320 2078 3364 est.
2119 3314 2187 3365 At
2220 3312 2630 3373 Constantinus,
2666 3312 2754 3381 qui
2778 3312 2891 3380 jam
2919 3321 3048 3366 ante
3081 3314 3367 3382 imperium
3394 3329 3541 3369 som-

1977 3402 2151 3456 niaret
2199 3416 2520 3470 summoque
2559 3401 2613 3456 id
2647 3403 2826 3457 studio
2864 3401 3162 3466 aﬂectaret,
3209 3418 3384 3473 neque
3428 3406 3545 3458 ani-

1976 3505 2123 3542 mum
2165 3490 2233 3544 ab
2264 3505 2329 3544 ea
2373 3506 2502 3545 cura
2544 3505 2783 3560 unquam
2823 3489 2927 3544 alio
2974 3488 3305 3557 deﬂecteret,
3350 3490 3547 3545 litteris

1974 3580 2210 3649 acceptis
2239 3581 2423 3635 statim
2447 3582 2697 3645 assentit,
2730 3590 2785 3634 et
2817 3580 3008 3649 Cpolin
3040 3581 3340 3646 contendit,
3373 3582 3546 3651 stipa-

1978 3679 2065 3724 tus
2104 3670 2337 3725 militum
2389 3672 2648 3735 delectis;
2689 3681 2853 3739 atque
2895 3672 3223 3740 intempesta
3262 3681 3420 3726 nocte
3448 3686 3547 3741 per

1979 3769 2187 3831 portam
2210 3761 2457 3816 Michaeli
2482 3762 2876 3831 protovestiarii
2908 3760 3203 3831 ingressus,
3224 3776 3342 3831 quae
3373 3762 3547 3815 vicina

1978 3861 2093 3906 erat
2134 3853 2268 3916 arci,
2307 3853 2359 3905 in
2404 3853 2626 3907 domum
2684 3853 2925 3922 magistri
2969 3852 3233 3924 Gregora:
3277 3853 3545 3917 lberitzae,

1980 3943 2152 3996 soceri
2197 3942 2301 4005 sui,
2357 3956 2415 3996 se
2467 3941 2701 4005 confert,
2738 3941 2921 4010 ibique
2972 3950 3273 4010 pernoctat.
3331 3942 3547 3997 Nicctas

314 4028 725 4103 Κωνσταντίνος
749 4025 807 4077 δὲ
852 4025 948 4077 καὶ
985 4023 1249 4093 πρότερον
1276 4021 1630 4091 ὀνειροπολῶν
1661 4021 1758 4091 τὴν
1783 4021 1878 4089 βα·
1900 4058 1948 4121 C
1982 4050 2052 4103 po

1804 4023 1878 4073 ια·
1900 4058 1948 4121 C
1982 4050 2146 4103 porro
2180 4036 2505 4089 secretarius
2545 4035 2706 4088 Ducas
2744 4034 2978 4088 adventu
3014 4034 3260 4103 cognito,
3315 4036 3545 4106 patricio

316 4096 519 4169 σιλείαν
542 4116 637 4169 καὶ
668 4116 755 4168 διὰ
784 4114 983 4176 παντὸς
1013 4114 1180 4183 αὐτῆς
1228 4112 1529 4182 ἐφιέμενος,
1580 4114 1671 4164 καὶ
1716 4114 1877 4183 μηδέ-

314 4223 444 4258 ποτε
470 4206 662 4258 ἄλλοσέ
686 4221 787 4272 πη,
816 4206 946 4270 λὰλλ⁹
984 4204 1017 4271 ἦ
1065 4204 1201 4272 πρὸς
1246 4203 1344 4274 τὴν
1386 4204 1641 4274 τοιαύτην
1698 4204 1875 4271 ὃρεξιν

313 4296 686 4366 τετραμμένον
727 4294 865 4362 ἔχων
890 4295 982 4346 τὸν
1014 4294 1157 4357 νοῦν,
1209 4294 1501 4362 δεξάμενος
1556 4296 1625 4348 τὰ
1689 4298 1873 4366 γράμ-

318 4401 462 4452 ματα
532 4383 667 4452 ταχύ
738 4400 797 4434 τε
872 4382 1097 4449 ἐπείσθη
1144 4382 1238 4435 καὶ
1294 4382 1432 4451 ταχὺ
1470 4383 1569 4452 τὴν
1633 4384 1876 4451 βασιλίδα

316 4472 629 4537 κατέλαϐεν,
668 4474 966 4539 ἑπομένους
1014 4472 1151 4542 ἔχων
1196 4476 1322 4537 τοὺς
1376 4494 1482 4531 των
1539 4479 1878 4547 στρατευμά-

316 4581 422 4615 των
472 4564 777 4633 ἐκκρίτους.
818 4564 928 4617 Καὶ
954 4563 1061 4617 τῶν
1107 4568 1316 4619 νυκτῶν
1354 4568 1494 4638 ἀωρὶ
1524 4568 1616 4620 διὰ
1664 4567 1880 4629 πυλίδος

316 4648 569 4701 εἰσελθὼν
594 4651 685 4699 τοῦ
720 4650 1215 4720 πρωτοόεστιαρίου
1243 4654 1486 4724 Μιχαὴλ,
1531 4657 1756 4725 πλησίον
1784 4658 1879 4710 οὖ-

321 4757 417 4809 61;;
467 4740 565 4809 τῆς
610 4739 979 4807 ἀκροπόλεως,
1020 4745 1077 4793 ἐν
1135 4743 1212 4812 τῷ
1255 4746 1388 4814 οἴκῳ
1436 4745 1527 4797 τοῦ
1579 4748 1879 4818 μαγίστρου

318 4830 575 4899 Γρηγορᾶ
621 4828 715 4880 τοῦ
786 4827 1056 4899 Ἰϐηρίτζη
1092 4832 1373 4900 (πενθερὸς
1407 4833 1463 4886 δὲ
1519 4837 1548 4886 6
1600 4835 1882 4905 Γρηγορᾶς

316 4923 411 4972 τοῦ
443 4919 877 4987 Κωνσταντίνου)
904 4921 1248 4989 παρεγένετο,
1277 4923 1334 4974 ὲν
1447 4925 1879 4991 διανυκτερεύων

322 5011 584 5078 μετὰτῶν
620 5011 719 5061 σὺν
752 5008 902 5077 αὐτῷ
942 5010 1186 5063 διετέλει.
1250 5011 1494 5082 Νικήτας
1539 5014 1596 5066 δὲ
1634 5016 1881 5083 ἀσηκρῆ-

316 5118 401 5162 τις
437 5102 537 5170 τὴν
599 5101 812 5153 ἕλευσιν
865 5099 1183 5169 αἰσθόμενος
1226 5102 1318 5154 τοῦ
1364 5104 1769 5158 Κωνσταντίνου
1801 5105 1878 5174 τῷ

318 5192 592 5261 πατρικίῳ
622 5190 1017 5260 Κωνσταντίνῳ
1076 5192 1153 5260 τῷ
1234 5193 1492 5260 Ἐλαδικῷ
1561 5197 1877 5263 τυγχάνοντι

1979 4125 2337 4179 Constantino
2370 4126 2592 4181 Eladico
2624 4125 2890 4180 monacho
2928 4127 3107 4180 statim
3141 4124 3361 4192 indicat,
3393 4141 3548 4181 cum-

1981 4231 2086 4285 que
2117 4232 2181 4271 eo
2231 4218 2330 4271 hac
2364 4217 2477 4285 ipsa
2527 4225 2686 4271 nocte
2715 4219 2780 4270 ad
2819 4217 3020 4271 Ducam
3054 4218 3220 4271 venit.
3263 4215 3325 4270 Hi
3362 4219 3543 4287 prius-

1981 4323 2139 4376 quam
2164 4309 2280 4363 dies
2303 4308 2666 4373 illucesceret,
2692 4324 2814 4363 cum
2843 4307 3053 4363 facibus
3078 4317 3133 4362 et
3160 4322 3353 4378 magna
3380 4309 3544 4363 turba

1983 4405 2192 4465 portam
2235 4397 2372 4452 Circi
2407 4408 2695 4467 occupant.
2751 4407 2806 4453 et
2842 4396 3260 4452 Constantinum
3307 4396 3545 4466 impera-

1982 4498 2154 4543 torem
2184 4488 2374 4543 faustis
2411 4489 2893 4545 acclamationibus
2922 4488 3179 4542 salutant.
3200 4487 3335 4542 Cum
3365 4498 3547 4543 autem

1983 4579 2073 4647 qui
2106 4580 2254 4633 intus
2278 4588 2454 4643 erant,
2485 4588 2694 4649 portam
2731 4593 2843 4632 non
2883 4587 3193 4633 reserarent
3225 4578 3546 4647 fortiterque

1983 4670 2319 4734 resisterent,
2348 4670 2697 4725 Constantini
2734 4678 3113 4739 protostrator,
3152 4669 3326 4724 audax
3360 4670 3545 4733 homo,

1983 4761 2110 4813 dum
2153 4760 2609 4815 inconsideratius
2652 4769 2862 4829 portam
2904 4761 3116 4827 aperire
3158 4760 3397 4823 molitur,
3449 4774 3548 4828 per

1984 4852 2394 4905 commissuram
2426 4852 2621 4907 forium
2651 4851 2834 4905 lancea
2859 4866 2887 4903 a
2914 4852 3145 4920 quodam
3174 4852 3313 4905 ictus
3331 4865 3546 4906 occum-

1984 4940 2084 4995 bit.
2116 4942 2505 4997 Constantinus
2531 4943 2658 4999 inde
2688 4944 2892 5019 pulsus,
2927 4952 3105 4998 tamen
3147 4944 3357 5011 imperii
3388 4944 3545 5012 cupi-

1985 5033 2151 5087 ditate
2181 5034 2382 5099 ebrius,
2418 5050 2594 5105 neque
2622 5050 2765 5089 sanae
2785 5034 3009 5087 rationis
3044 5046 3284 5104 compos,
3318 5034 3443 5088 inde
3474 5020 3541 5089 ad

1983 5123 2197 5177 Circum
2230 5126 2425 5192 pergit.
2447 5127 2579 5179 nihil
2600 5142 2627 5178 a
2652 5126 2920 5180 sententia
2940 5126 3173 5179 dimotus
3194 5125 3337 5179 malo
3356 5126 3540 5181 omine

1986 5210 2252 5265 interfecti
2294 5214 2720 5279 protostratoris.
2763 5213 2892 5268 Inde
2936 5214 3097 5282 230
3133 5212 3325 5267 faustis
3370 5216 3543 5267 accla-

320 5284 538 5354 μοναχῷ
624 5284 814 5335 θᾶττον
866 5284 1128 5351 ἐμήνυσε,
1180 5283 1271 5335 καὶ
1319 5285 1664 5354 παρειληφὼς
1718 5289 2061 5373 αὑτδνΒιῃε

1796 5289 1876 5341 τὸν
1901 5313 1956 5373 1)
1985 5301 2309 5355 mationibus
2330 5293 2782 5371 prosequentibus
2798 5303 3031 5356 Chalceu
3054 5312 3311 5371 occupat;
3334 5318 3537 5372 perque

1461 5426 1811 5487 XYLANDRI
1852 5437 1938 5491 ΕΤ
1962 5438 2171 5494 GOARI
2196 5438 2427 5495 ΝΟΤΑΕ.

389 5527 500 5599 (45)
531 5526 923 5599 Πρωτοῖερεύς,
976 5528 1066 5599 qui
1108 5537 1163 5582 et
1191 5533 1587 5599 πρωτοπαπᾶς,
1617 5534 1731 5587 sive
1762 5536 1870 5587 τῶν

323 5597 522 5673 {spiam
545 5598 573 5647 6
618 5599 832 5673 πρῶτος
875 5597 1315 5673 archipresbyter
1345 5610 1446 5673 est,
1496 5611 1551 5655 et
1585 5602 1654 5673 in
1685 5603 1871 5673 Magna

322 5666 558 5721 Ecclesia
601 5668 666 5719 ad
713 5676 959 5719 sanctum
993 5667 1179 5721 altaris
1213 5668 1444 5721 tribunal
1488 5672 1615 5740 (non
1647 5672 1715 5725 ita
1752 5666 1872 5726 u'bi-

636 5760 900 5821 PATllOL.
947 5762 1063 5821 Gn.
1095 5762 1338 5824 CXXII.

1978 5542 2104 5663 (ire?
2152 5541 2415 5663 secunng
2446 5558 2473 5594 a
2505 5540 2806 5608 patriarcha
2846 5539 3075 5592 obtinet.
3120 5535 3381 5593 Codinul.
3418 5536 3535 5591 Eu-

1980 5625 2009 5663 c
2033 5628 2082 5663 ιο
2105 5626 2305 5663 unum.
2358 5625 2504 5663 10\B.

1980 5625 2305 5682 cuotogium.
2336 5625 2504 5665 hom.

3111 5768 3143 5831 1
