4410 6452
397 395 466 460 13
1444 385 1980 445 IIISTORIARUM
2035 382 2179 443 COM
2191 384 2554 446 PENDIUM.
3576 393 3639 454 ll

393 506 629 578 λαμπίου
662 503 754 555 καὶ
798 502 1016 573 ἑτερους
1047 501 1141 552 σὺν
1203 499 1348 567 αὐτῷ
1407 496 1653 559 Φιλόοεος
1712 501 1739 550 ὁ
1788 497 1959 566 ἐπαρ-
1994 505 2033 557 Α
2065 506 2116 549 et

1901 513 1959 566 ρ-
1994 505 2033 557 Α
2065 506 2116 549 et
2165 498 2565 553 Constantinus
2624 499 2837 554 Africus
2866 500 2960 556 diu
3013 516 3075 556 ac
3136 501 3369 571 mullum
3425 505 3633 572 quaesiti

394 620 486 673 χος
520 596 630 668 (48)
663 597 720 649 ἐν
757 597 818 665 τῇ
850 594 1048 663 ἱππικῇ
1104 593 1363 663 σφενδῦνῃ
1417 590 1679 660 ἀπέτεμε.
1721 589 1964 657 Νικήτας

392 690 502 742 δὲὸ
534 689 841 757 ἀσηκρῆτις
886 685 979 739 καὶ
1035 683 1446 745 Κωνσταντῑνος
1501 685 1529 735 ὁ
1581 682 1709 749 Λὶψ,
1764 680 1964 748 καίπερ

390 777 823 847 ἀναζητηθέντες
858 774 1045 839 πολλὰ,
1104 776 1201 844 οὐχ
1261 773 1587 843 εὑρέθησαν.
1634 773 1736 824 Τὸν
1770 772 1825 825 δὲ
1862 789 1967 826 πα-

393 871 602 940 τρίκιον
633 869 859 939 Λὶγξδην
877 867 967 919 τὸν
989 867 1075 920 ἐπ’
1096 863 1291 936 ἀνδρίᾳ
1323 866 1670 936 περιϐόητον,
1696 866 1789 917 καί
1815 881 1964 925 τινας

394 965 491 1016 σὺν
532 962 678 1027 αὐτῷ
710 960 1048 1029 στρατηγοὺς
1106 958 1206 1009 οὐκ
1255 959 1527 1028 ἀσήμους,
1595 956 1702 1008 ἀπὸ
1758 956 1856 1026 τῆς
1907 958 1964 1006 ὲν

392 1052 735 1120 Χρυσοπόλει
765 1049 1050 1118 δαμάλεως
1073 1047 1185 1115 (49)
1216 1049 1309 1100 καὶ
1355 1047 1516 1115 μέχρι
1546 1046 1636 1099 τοῦ
1674 1046 1843 1098 τόπου
1866 1042 1962 1095 τοῦ

391 1142 687 1211 λεγομένου
716 1141 1055 1194 Λευκακτίου
1082 1138 1530 1192 ἀνεσκολόπισαν.
1568 1138 1760 1190 Πολλοὶ
1793 1135 1849 1187 δὲ
1870 1136 1965 1187 καὶ

390 1235 536 1285 ἄλλοι
572 1231 959 1284 ἀπωλώλεισαν
997 1229 1105 1282 τῶν
1125 1228 1506 1299 συγκλητικῶν
1534 1226 1685 1296 παρὰ
1732 1226 1841 1278 τῶν
1874 1225 1962 1278 λε-

390 1324 636 1390 γομένων
690 1321 1001 1390 ἐπιτρόπων
1083 1316 1328 1386 ἀνηλεῶς
1400 1335 1459 1370 τε
1521 1320 1615 1369 καὶ
1684 1317 1962 1380 ἀναιτίως,

388 1414 473 1484 [Ρ.
514 1414 721 1483 61ηεί
765 1414 835 1482 μή
888 1427 1034 1471 τινες
1104 1409 1613 1480 παρῤησιασάμενοι
1670 1406 1777 1459 τῶν
1809 1407 1964 1459 δικα-

392 1505 533 1557 στῶν
565 1506 663 1572 τῆς
711 1504 895 1556 ἀδίκου
950 1500 1129 1569 ὁρμῆς
1181 1498 1547 1569 ἀνεχαίτισαν,
1585 1496 1842 1566 φάμενοι,
1888 1494 1965 1557 ὡς

390 1598 579 1651 παιδὸς
625 1596 777 1658 ὄντος
808 1592 899 1645 τοῦ
942 1592 1206 1662 βασιλέως
1246 1592 1339 1645 καὶ
1379 1592 1452 1662 μὴ
1485 1590 1737 1650 νοοῦντος
1765 1588 1831 1641 τὰ
1863 1605 1957 1640 πε-

387 1687 679 1755 πραγμένα
713 1685 827 1748 πῶς
869 1684 997 1739 ἄνευ
1046 1684 1147 1752 τῆς
1185 1682 1351 1736 αὐτοῦ
1387 1681 1691 1745 κελεύσεως
1724 1681 1959 1749 τολμᾶτε

386 1780 454 1831 τὰ
500 1780 723 1830 τοιαῦτα
770 1774 1246 1844 διαπράττεσθαις
1298 1773 1366 1826 Ol
1431 1773 1489 1826 δὲ
1529 1773 1815 1843 ἐπίτροποι
1864 1773 1961 1824 καὶ

382 1869 480 1935 τὴν
516 1864 609 1916 τοῦ
633 1866 807 1917 Δοῠκα
844 1862 1238 1930 ἀποκείραντες
1264 1865 1496 1929 γυναῖκα
1527 1864 1607 1925 εἰς
1650 1864 1743 1914 τὸν
1784 1863 1841 1913 ὲν
1880 1862 1947 1929 τῇ
1991 1861 2344 1934 Παφλαγονίᾳ
2370 1859 2518 1916 οἷκον
2594 1866 2764 1935 αὐτῆς
2829 1866 3238 1933 ἐξαπέστειλαν.

378 1960 437 2011 δὲ
467 1962 559 2011 καὶ
592 1960 859 2023 Στέφανον
890 1958 982 2009 τὸν
1014 1952 1219 2024 ταῦτης
1245 1957 1381 2009 υἱόν.

2071 589 2272 640 invenlt
2329 604 2435 642 non
2484 600 2629 645 sunt.
2682 588 2974 645 Patricium
3029 591 3301 662 (Egidam,
3342 592 3641 647 nobilitata:

2070 679 2403 734 fortitudinis
2436 682 2631 747 virutn,
2660 690 2715 736 et
2750 682 2886 737 alios
2917 698 3038 738 cum
3072 701 3137 740 eo
3169 686 3336 741 duces
3365 686 3507 741 haud
3540 686 3639 740 ob-

2069 780 2280 828 scuros,
2298 782 2327 821 a
2348 768 2549 824 Damali
2574 772 2847 843 (buculam
2869 788 2970 827 vox
3001 775 3173 844 notat)
3191 775 3637 847 Chrysopolitana

2070 874 2237 927 usque
2285 859 2351 913 ad
2390 859 2567 915 locum
2610 864 2697 918 cui
2744 864 3037 921 Leucactio
3070 866 3233 936 (quod
3271 869 3451 923 album
3477 869 3630 924 littus

2069 946 2298 1016 diceres)
2319 964 2520 1004 nomen
2556 961 2659 1017 est,
2685 954 2821 1022 palis
2852 954 3193 1009 suiﬁxerunt.
3225 955 3367 1021 Quin
3407 965 3463 1010 et
3501 956 3636 1011 alios

2068 1040 2266 1096 multos
2298 1042 2555 1097 senatorii
2595 1043 2804 1098 ordinis
2830 1046 2974 1101 viros
3008 1054 3215 1102 tutores
3250 1046 3338 1101 isti
3370 1046 3636 1101 innocuos

2067 1134 2359 1189 crudeliter
2379 1145 2534 1190 erant
2572 1135 2977 1205 interempturi,
3008 1139 3110 1193 nisi
3149 1140 3366 1208 quidam
3398 1156 3462 1197 ex
3490 1142 3637 1211 judi—

2067 1226 2221 1281 cibus
2241 1226 2489 1282 libertate
2517 1228 2729 1283 dicendi
2755 1237 2971 1300 sumpta
2993 1244 3086 1284 eos
3107 1230 3177 1283 ab
3207 1231 3408 1301 injuste
3435 1243 3634 1287 conatu

2070 1318 2445 1382 retraxissent,
2488 1331 2795 1388 quaerentes
2847 1321 3121 1391 quomodo
3151 1320 3360 1391 iniussu
3402 1325 3637 1395 impera-

2070 1409 2224 1472 toris,
2252 1409 2415 1478 282
2443 1411 2531 1478 qui
2564 1426 2699 1479 puer
2727 1412 2905 1466 adhuc
2930 1413 3057 1480 quid
3096 1423 3374 1483 gereretur
3406 1428 3514 1467 non
3548 1416 3634 1468 in-

2071 1498 2354 1569 telligeret,
2388 1508 2537 1554 tanta
2568 1502 2834 1556 auderent
2860 1501 3060 1556 facere.
3094 1502 3133 1557 li
3176 1510 3385 1559 tutores
3409 1520 3634 1559 uxorem

2065 1604 2282 1660 quoque
2315 1590 2475 1645 Duae
2519 1606 2769 1646 raserunt
2815 1602 2871 1645 et
2902 1593 3122 1647 domum
3158 1609 3332 1661 suam,
3362 1612 3524 1666 quam
3578 1598 3633 1651 in

2068 1681 2431 1751 Paphlagonia
2483 1681 3131 1751 habebatrdimiserunt,
3181 1684 3462 1755 ﬁliumque
3503 1687 3633 1768 ejus

2071 1772 2411 1841 Stephanum
2436 1781 2832 1829 castraverunt.

3346 1868 3633 1940 Ἐξέτεμον

468 2050 627 2103 ’Δλλὰ
652 2048 865 2100 τούτων
895 2046 1040 2099 κατά
1064 2046 1163 2115 τὴν
1191 2046 1345 2100 πόλιν
1407 2048 1820 2117 πραττομένων,
1859 2047 1961 2098 Συο
1991 2055 2036 2109 Β
2138 2046 2209 2098 Du

1893 2048 1961 2097 :u-
1991 2055 2036 2109 Β
2138 2046 2274 2099 Dum
2309 2047 2423 2101 hace
2454 2048 2510 2101 in
2543 2048 2677 2102 urbe
2714 2057 2996 2118 geruntur,
3027 2050 3244 2105 interim
3284 2049 3468 2109 Simeo
3504 2054 3634 2111 Bul-

384 2139 532 2207 μεὼν
569 2140 597 2190 ὁ
626 2138 966 2207 Βουλγαρίας
993 2138 1178 2206 ἄρχων
1204 2137 1343 2206 μετὰ
1385 2136 1612 2208 βαρείας
1674 2138 1958 2208 δυνάμεως

381 2230 634 2298 εἰσϐολὴν
669 2229 811 2281 κατὰ
854 2228 1137 2298 Ῥωμαίων
1184 2229 1498 2298 ἐποιήσατο,
1539 2230 1632 2280 καὶ
1658 2230 1756 2296 τὴν
1807 2228 1959 2295 βασις

381 2321 499 2373 λίδα
527 2320 737 2387 φθάσας
756 2320 973 2389 χάρακα
996 2320 1323 2388 περιέϐαλεν
1375 2317 1485 2370 ἀπό
1534 2335 1593 2369 τε
1637 2316 1958 2387 Βλαχερνῶν

382 2412 475 2464 καὶ
510 2412 669 2479 μέχρι
698 2411 798 2477 τῆς
831 2409 1133 2477 λεγομένης
1174 2407 1397 2479 Χρυσῆς
1431 2408 1656 2477 πόρτης,
1715 2409 1811 2459 καὶ
1860 2425 1956 2477 με-

381 2501 582 2565 τέωρος
602 2494 670 2565 ἦν
694 2499 813 2557 ταῖς
840 2498 1027 2547 ἐλπίσι
1070 2498 1271 2567 ῥᾳδίως
1325 2497 1527 2567 ταύτην
1556 2498 1714 2550 ἑλεῖν.
1773 2500 1957 2551 Κατα-

390 2583 576 2651 μαθὼν
607 2586 663 2636 δὲ
696 2585 794 2648 τὴν
824 2585 1126 2652 ὀχυρότητα
1173 2586 1281 2637 τῶν
1307 2585 1503 2654 τειχῶν
1546 2588 1639 2638 καὶ
1666 2587 1725 2639 τὸ
1754 2587 1955 2657 πλῆθος

381 2676 491 2727 τῶν
524 2674 1060 2742 τειχοφυλακούντων
1090 2674 1184 2726 καὶ
1202 2674 1299 2743 τὴν
1326 2676 1438 2726 τῶν
1488 2676 1827 2746 πετροϐόλων
1862 2679 1954 2730 καὶ

383 2766 675 2826 τοξοδὸλων
712 2765 959 2831 ὀργάνων
995 2764 1298 2829 δαψίλειαν,
1329 2767 1603 2836 ἀφέμενος
1636 2769 1746 2821 τῶν
1798 2770 1955 2821 ἐλπί-

378 2857 563 2910 δωνὲν
589 2856 664 2924 τῷ
705 2857 958 2926 Ἑϐδόμῳ
978 2858 1339 2927 ὑπέστρεψεν,
1381 2861 1659 2929 εἰρηνικὰς
1720 2862 1953 2925 σπονδὰς

382 2945 784 3013 ἐξαιτούμενος.
821 2946 943 2998 Τῶν
965 2945 1009 2996 δ’
1034 2948 1345 3014 ἐπιτρόπων
1386 2949 1764 3017 ἀσμενέστατα
1789 2950 1949 3013 δεξα-

381 3030 558 3097 μένων
625 3032 714 3082 τὸν
744 3030 923 3098 λόγον,
962 3033 1291 3085 ἀποστέλλει
1322 3037 1350 3085 ὁ
1381 3035 1603 3103 Συμεὼν
1632 3036 1723 3089 τὸν
1754 3038 1948 3090 ἑαυτοῦ

382 3121 685 3186 μάγιστρον
762 3122 1039 3191 Θεόδωρον
1095 3124 1357 3193 ὁμιλῆσαι
1408 3126 1537 3194 περὶ
1590 3128 1814 3196 εἰρήνης
1846 3122 1949 3182 ὀὗ

380 3210 831 3277 παραγενομένου
889 3213 984 3263 καὶ
1063 3214 1237 3278 λόγων
1320 3214 1650 3285 κινηθέντων
1710 3219 1943 3284 πολλῶν,

376 3298 403 3346 ὁ
432 3297 775 3365 πατριάρχης
819 3298 936 3368 ἃμα
987 3302 1099 3362 τοῖς
1130 3301 1336 3365 λοιποῖς
1388 3306 1703 3375 ἐπιτρόποις
1749 3310 1946 3363 ἀναλα-

2060 2152 2310 2206 garorum
2332 2138 2586 2208 princeps
2612 2138 2761 2210 gravi
2784 2154 2908 2194 cum
2928 2141 3169 2195 exercitu
3190 2141 3242 2194 in
3262 2142 3632 2200 Romanorum

2059 2229 2323 2281 ditionem
2364 2230 2594 2291 invadit,
2623 2240 2679 2283 et
2709 2231 2779 2284 ad
2815 2231 3010 2300 Cpolin
3043 2233 3219 2299 venit,
3252 2242 3416 2305 atque
3443 2251 3473 2291 a
3503 2238 3629 2293 Bla-

2059 2317 2280 2372 chernis
2324 2333 2496 2389 usque
2551 2318 2619 2373 ad
2648 2320 2880 2375 Auream
2937 2331 3151 2392 portam
3213 2335 3393 2381 castra
3448 2330 3624 2398 ponit,

2059 2428 2416 2483 magnamque
2447 2429 2597 2483 spem
2621 2427 2947 2485 conceperat
2982 2418 3130 2474 urbis
3176 2421 3453 2490 potiundae
3482 2440 3495 2477 :
3531 2425 3627 2479 sed

2058 2513 2117 2557 ut
2146 2506 2349 2558 certior
2393 2504 2570 2559 factus
2597 2515 2681 2560 est
2713 2506 2780 2560 de
2813 2523 3093 2563 murorum
3134 2510 3409 2576 ﬁrmitate.
3444 2515 3627 2571 multi-

2063 2593 2248 2647 tudine
2286 2603 2753 2663 propugnatorum
2782 2613 2912 2653 saxa
2950 2598 3297 2668 jactantium,
3344 2606 3625 2660 machina-

2062 2698 2180 2736 rum
2210 2692 2263 2735 et
2288 2682 2600 2737 balistarum
2626 2684 2978 2750 abundantia,
3014 2688 3297 2757 repudiata
3337 2706 3400 2745 ea
3427 2707 3523 2760 spe
3552 2694 3621 2746 ad

2060 2772 2398 2827 llebdomum
2423 2775 2629 2829 recedit
2651 2776 3195 2849 paciﬁcationemque
3218 2782 3413 2850 poscit.
3436 2783 3495 2838 Id
3521 2784 3623 2840 luit

2058 2866 2228 2920 multo
2256 2866 2627 2936 gratissimum
2672 2868 2976 2929 tutoribus:
3011 2874 3317 2943 missusque
3346 2885 3430 2930 est
3470 2892 3501 2931 a
3534 2877 3621 2932 Si-

2052 2970 2246 3009 meone
2290 2956 2545 3027 magister
2575 2959 2746 3028 ipsius
2778 2959 3119 3027 Theodorus,
3154 2973 3208 3018 et
3236 2966 3303 3020 de
3345 2981 3479 3037 pace
3516 2967 3617 3023 ha-

2052 3044 2220 3097 bitum
2260 3046 2609 3114 colloquium.
2671 3049 2851 3105 Multis
2890 3052 3030 3107 ultro
3078 3055 3325 3125 citroque
3372 3074 3618 3116 commu-

2056 3132 2179 3185 tatis
2218 3134 2423 3198 verbis,
2453 3136 2759 3205 patriarcha
2788 3154 2912 3194 cum
2956 3142 3179 3211 reliquis
3210 3145 3480 3203 tutoribus
3521 3150 3617 3206 de-

2051 3221 2259 3276 ducunt
2316 3224 2703 3295 imperatorem
2762 3231 2816 3283 in
2867 3230 3266 3291 Blacheruense
3315 3238 3612 3307 palatium:

2049 3313 2294 3383 datisque
2348 3316 2559 3372 idoneis
2611 3320 2893 3377 obsidibus
2941 3326 3135 3379 eodem
3189 3327 3254 3383 ad
3304 3332 3615 3388 convivium

376 3383 562 3445 δόντες
600 3388 691 3437 τὸν
714 3386 940 3455 βασιλέα
963 3391 1020 3440 ὲν
1058 3390 1134 3456 τῷ
1162 3391 1406 3459 παλατίῳ
1444 3389 1608 3462 ἦλθον
1661 3398 1769 3449 τῶν
1802 3400 1943 3453 Βλα·
1973 3382 2013 3439 C
2046 3404 2117 3457 int

1880 3417 1943 3453 α·
1973 3382 2013 3439 C
2046 3382 2387 3474 imperatoris
2418 3407 2725 3465 Simeonem
2757 3414 3045 3483 recipiunt.
3073 3414 3173 3472 Ubi
3207 3419 3426 3487 quidem
3455 3436 3616 3494 caput

378 3480 722 3547 χερνῶν,καὶ
750 3483 995 3551 ὁμήρους
1054 3483 1235 3546 δόντες
1293 3485 1605 3554 ἀξιολόγους
1650 3491 1946 3560 εἰσήγαγον
2046 3510 2111 3563 pa

1873 3511 1946 3545 νον
2046 3497 2366 3563 patriarchae
2411 3500 2675 3572 Bulgarus
2723 3506 2979 3577 princeps
3036 3510 3309 3577 submisit,
3362 3524 3415 3569 et
3447 3516 3516 3571 ab
3548 3532 3614 3573 eo

377 3569 467 3620 τὸν
498 3571 722 3639 Συμεὼν
755 3575 811 3625 ἐν
866 3575 946 3644 τῷ
1001 3575 1266 3645 παλατὶῳ,
1336 3578 1428 3629 καὶ
1480 3583 1825 3653 συνειστιάθη
1867 3586 1944 3656 τῷ
2043 3602 2118 3641 €01

1870 3586 1944 3656 τῷ
2043 3569 2536 3656 comprecationem
2571 3569 2826 3662 obtinuit,
2857 3569 3042 3668 capiti,
3078 3610 3138 3656 ut
3168 3602 3363 3668 fertur,
3402 3605 3611 3665 Simeo-

377 3659 603 3727 βασιλεῖ,
632 3664 722 3715 τοῦ
751 3665 977 3732 Συμεὼν
1001 3666 1388 3730 ὑποκλίναντος
1412 3668 1489 3739 τῷ
1512 3672 1824 3744 πατριάρχῃ
1846 3676 1945 3744 τὴν
2045 3679 2118 3731 uis

1864 3676 1945 3744 τὴν
2045 3679 2127 3731 nis
2153 3680 2465 3749 imponente
2491 3700 2647 3739 suum
2670 3688 3135 3759 epirrhiptarium.
3152 3692 3276 3748 Post
3298 3700 3605 3755 convivium

376 3753 614 3821 κεφαλὴν
642 3756 735 3805 καὶ
761 3755 926 3825 εὐχὴν
947 3756 1244 3826 δεξαμένου
1275 3761 1611 3828 παράίιτοῦ,
1646 3764 1944 3831 ἐπιθέντος,
2047 3785 2111 3838 pa

1867 3784 1944 3831 ος,
2047 3771 2195 3838 pacis
2246 3776 2655 3834 conditionibus
2708 3784 3057 3851 compositis,
3111 3785 3608 3862 Simeonejusque

372 3842 446 3902 ὦς
474 3860 625 3909 φασι,
650 3848 713 3915 τῇ
746 3846 840 3898 τοῦ
869 3847 1158 3918 Βαρϐάρου
1190 3852 1405 3921 κεφαλῇ
1439 3853 1560 3906 ἀντὶ
1592 3857 1855 3921 στεφάνου
1881 3857 1938 3908 τὸ
2043 3859 2113 3913 lib

1229 3852 1405 3921 εφαλῇ
1439 3853 1560 3906 ἀντὶ
1592 3857 1855 3921 στεφάνου
1881 3857 1938 3908 τὸ
2043 3859 2199 3913 liberi
2223 3861 2407 3917 donati
2442 3866 2661 3923 domum
2697 3842 2968 3927 abierunt.

375 3933 501 3983 ἱδιον
553 3936 970 4004 ἐπιρριπτάριον
1016 3937 1151 4005 (50).
1213 3939 1369 3991 Μετὰ
1420 3941 1477 3994 δὲ
1532 3942 1630 4012 τὴν
1672 3944 1934 4009 ἑστίασιν,
1976 3946 2310 4015 ἀσυμϐάτων
2349 3958 2655 4024 γενομένων
2685 3962 2811 4030 περὶ
2858 3963 2955 4032 τῆς
3009 3965 3231 4036 είρήνης
3296 3969 3434 4039 (5i),
3504 3973 3608 4028 δώ-

374 4040 486 4089 ροις
527 4025 555 4075 ὃ
584 4040 641 4075 τε
663 4026 889 4093 Συμεὼν
928 4026 1024 4079 καὶ
1057 4027 1107 4078 οἱ
1157 4028 1349 4081 τούτου
1408 4031 1599 4094 παῖδες
1631 4033 2118 4105 φιλοφρονηθέντες
2147 4042 2226 4102 είς
2284 4043 2381 4114 τήν
2406 4045 2544 4099 ἰδίαν
2582 4025 2981 4120 ἀπηλλάγησαν
3264 4025 3608 4117 natlem;

375 4119 471 4183 μὲν
498 4120 797 4186 ἐπράττετο
835 4120 981 4191 τῇδε.

440 4212 545 4262 Τοῦ
568 4213 624 4264 δὲ
656 4213 919 4279 βασιλέως
978 4218 1391 4271 Κωνσταντίνου
1427 4220 1515 4273 διὰ
1571 4225 1770 4287 παντὸς
1817 4228 1935 4279 ὀδυ-

375 4303 600 4370 ρομένου
662 4305 755 4355 καὶ
823 4306 923 4373 τὴν
966 4306 1160 4357 ἑαυτοῦ
1229 4310 1669 4382 ἀνακαλουμένου
1724 4317 1934 4388 μητέρα

373 4393 493 4459 (ήδη
519 4393 626 4461 γὰρ
648 4394 817 4460 αὐτὴν
840 4396 1120 4463 κατήγαγε
1140 4396 1233 4449 τοῦ
1252 4398 1513 4452 παλατίου
1541 4403 1930 4475 Ἀλέξανδρος),

375 4482 760 4546 ἀναϐιϐάζουσι
790 4486 882 4535 καὶ
912 4483 1135 4548 ἄκοντες
1171 4489 1328 4540 πάλιν
1363 4490 1549 4560 αὐτήν.
1612 4493 1930 4548 Ἀνελθοῦσα

372 4570 465 4623 οὖν
483 4574 573 4622 καὶ
597 4575 869 4643 ἐγκρατὴς
907 4577 1171 4644 γενομένη
1206 4580 1303 4647 τῆς
1327 4579 1604 4648 βασιλείας
1643 4586 1928 4655 προσλαμ-

375 4658 593 4712 ϐἀνεται
650 4663 739 4713 τὸν
786 4664 1279 4735 παρακοιμώμενον
1363 4672 1789 4737 Κωνσταντῖνον,
1837 4677 1931 4730 καὶ

2114 4230 2275 4301 283
2341 4231 2512 4286 Porro
2564 4231 2709 4287 Zoen
2764 4234 3107 4304 imperatoris
3144 4251 3392 4306 matrem,
3441 4260 3602 4314 quam

2043 4322 2247 4375 dudum
2289 4322 2411 4375 aula
2443 4323 2703 4377 eduxerat
2740 4326 3066 4387 Alexander,
3112 4328 3222 4383 lilio
3246 4346 3366 4386 eam
3397 4334 3597 4392 identi—

2040 4412 2163 4468 dem
2191 4413 2508 4482 deplorante
2547 4428 2609 4468 ac
2645 4417 2975 4485 requirente,
3014 4426 3221 4475 tutores
3249 4422 3333 4476 vel
3362 4424 3515 4481 inviti
3543 4429 3597 4483 itt

2039 4503 2294 4571 palatium
2323 4515 2601 4559 revocant.
2630 4504 2865 4562 Reversa
2896 4507 3011 4563 haec
3038 4520 3091 4564 et
3114 4526 3295 4567 rerum
3324 4516 3596 4585 guberna-

2038 4594 2241 4646 tionem
2268 4604 2426 4647 nacta
2465 4596 2718 4650 adsciscit
2757 4597 3170 4655 Constantinum
3206 4604 3598 4665 cubicularium

2037 4679 2307 4742 intimum,
2362 4682 2709 4737 Anastasium
2741 4694 2796 4739 et
2832 4686 3249 4745 Constantinum
3287 4691 3596 4767 Gongylios,

2034 4770 2440 4837 cognominatos
2470 4788 2754 4841 germanos
2801 4775 3017 4843 fratres,
3047 4794 3110 4834 ac
3156 4780 3421 4839 Joannem
3464 4787 3591 4843 Ela-

2034 4858 2178 4911 dam.
2224 4860 2428 4916 ﬂorum
2488 4865 2718 4920 consilio
2773 4867 2894 4922 aula
2959 4870 3249 4938 ejiciuntur
3298 4875 3589 4935 Alexandri

389 4748 756 4817 Ἀναστάσιον,
792 4755 886 4804 καὶ
912 4756 1338 4819 Κωνσταντίνον,
1365 4764 1491 4821 τοὺς
1518 4763 1780 4831 ἀδελφοὺς
1805 4767 1929 4828 τοὺς

377 4837 472 4907 τὴν
493 4842 807 4910 ἐπωνυμίαν
838 4844 1181 4911 Γογγυλίους.
1218 4849 1722 4919 Συμὸουλεύσαντος
1750 4856 1804 4907 δὲ
1836 4858 1928 4908 καὶ

1511 5011 1861 5067 XYLANDRI
1888 5014 1976 5069 ET
2003 5016 2211 5073 GOARI
2252 5019 2473 5075 NOTAE.

447 5112 555 5177 (48)
589 5110 937 5169 Vindicandis
970 5116 1284 5173 criminibus
1307 5124 1518 5177 vacavit
1546 5124 1748 5178 ultimis
1777 5134 1916 5179 tem-

377 5180 614 5249 poribus.
644 5181 785 5262 upnde
824 5193 889 5262 et
908 5186 959 5238 in
988 5189 1235 5262 praetorio
1259 5205 1479 5262 reorum
1524 5196 1792 5262 ergastulo
1818 5195 1917 5250 do-

376 5264 521 5369 lmum
543 5264 607 5372 e6
638 5250 814 5306 officio
842 5250 1152 5323 deputatam
1188 5259 1388 5313 habuit.
1421 5250 1623 5315 Auctor
1648 5262 1919 5334 plerisque

395 5333 528 5373 oms.
607 5334 727 5373 om.

794 5390 866 5444 ita
897 5392 1085 5472 ‘di‘c-tus
1117 5397 1256 5472 κατά
1295 5400 1402 5472 *τὴν
1439 5403 1733 5472 ἀντιπέραν
1764 5405 1820 5455 ἐν
1842 5404 1919 5472 τῷ

375 5456 511 5541 ξίιονι
551 5459 843 5541 tatam-Evn»;
897 5462 1104 5541 λιθίνην
1147 5456 1396 5537 δάμαλιν,
1433 5479 1593 5541 trans
1626 5456 1928 5541 Bosporum

371 5523 639 5645 ἔθει-πίω,
667 5523 1002 5599 Chrysopoli.
1060 5523 1263 5589 Ἀιιοιὸτ
1314 5523 1474 5608 pablo
1505 5523 1652 5593 infra
1677 5523 1926 5611 viiii-7:

420 5610 541 5647 UAB.

586 5664 1058 5750 Griecam__vocem
1095 5673 1504 5750 interpretando
1540 5680 1762 5743 retinui,
1804 5697 1924 5750 qua:

368 5734 633 5788 cucullatn
673 5746 766 5791 aut
804 5739 947 5793 aBiud
982 5743 1122 5809 quod
1170 5734 1331 5815 capiti
1364 5747 1677 5817 injiceretur
1709 5734 1920 5821 tegmen

2025 5130 2240 5213 videtur
2271 5132 2591 5213 significare,
2640 5138 2807 5213 παρά-
2839 5139 2900 5191 τὸ
2949 5143 3315 5213 ὲπιρῤίπτειν.
3364 5147 3488 5204 th.
3521 5183 3589 5192 —

2025 5198 2304 5292 ξίαηιξῃαε,
2323 5198 2641 5292 Latinorum
2674 5198 3155 5292 polliuin,‘cunlc'tis
3174 5198 3588 5292 vestibus-{mp-

2028 5269 2269 5352 ξιπίςέον,
2302 5269 2867 5352 aAXylanAercuculla
2903 5269 3195 5345 diversum,
3236 5293 3292 5337 ut
3344 5269 3581 5352 patetve’x

2024 5336 2228 5394 Codino
2253 5355 2299 5392 e.
2339 5343 2392 5406 6,
2420 5336 2484 5397 'n.
2524 5342 2575 5396 2.
2608 5343 2773 5400 Goan.

2099 5410 2224 5497 (51).
2246 5412 2401 5497 Apud
2437 5411 2703 5494 Zonaram
2739 5416 3095 5497 contrarium"
3115 5420 3276 5497 hujus
3313 5421 3417 5477 loci
3456 5426 3585 5497 legi-

2036 5486 2149 5562 tur,
2174 5479 2470 5562 dissiluisse
2498 5482 2749 5562 nimirum
2780 5486 2917 5562 hanc
2945 5479 3369 5562 paciﬁcationem
3396 5510 3410 5557 ;
3440 5479 3583 5562 qugd

2036 5548 2450 5622 probabiliusct
2484 5554 2661 5606 verius
2688 5563 2838 5622 puto.
2869 5548 2984 5609 Mo'x
3026 5558 3169 5610 enim
3224 5548 3585 5617 rut‘sum'sine

2034 5618 2241 5671 violat-te
2274 5620 2421 5685 pacis
2458 5618 2729 5676 mentione
2760 5621 2922 5677 refert
2976 5623 3285 5683 Simeonem
3323 5630 3379 5683 in
3409 5629 3585 5687 Thra-

2031 5689 2164 5741 ciam
2194 5699 2511 5757 grassatum.
2552 5690 2679 5743 Χγι..
