4410 6452
381 430 449 496 17
1430 412 1969 478 HISTORIARUM
2002 410 2122 472 C0)

1890 412 1969 471 IM
2002 410 2527 472 COMPENDIUM.
3565 402 3631 469 18

380 548 476 599 καὶ
502 538 772 611 πεμφθεὶς
802 540 877 601 εἰς
892 537 1090 605 Συρίαν
1114 534 1364 605 Ἰωάννης
1383 535 1669 603 πατρίκιος
1704 533 1731 584 6
1765 528 1956 596 Ῥαδη-

383 638 509 699 κνος
542 638 634 687 καί
661 632 880 701 Μιχαὴλ
905 633 931 681 ὁ
958 629 1202 699 Τοξαρᾶς
1229 628 1547 681 ἐσπείσαντο
1564 626 1675 687 τοῖς
1715 625 1957 693 Σαρακηο

379 733 508 789 νοῖς.
527 728 634 779 Καὶ
664 724 728 795 δὴ
757 724 853 792 τῆς
881 723 974 775 ἀπ’
1004 722 1183 775 αὐτῶν
1209 720 1580 787 ἀπαλλαγεῖσα
1609 716 1885 787 φροντίδος
1924 716 1956 783 ἡ

382 818 596 887 βασιλὶς
618 856 631 878 ,
657 815 754 885 τὴν
788 814 988 883 συνήθη
1018 814 1275 883 διανομὴν
1302 814 1402 881 τῆς
1448 814 1613 880 ρὁας
1657 809 1959 862 κελεύσασα

381 908 639 975 γενέσθαι
683 908 791 959 τῶν
836 907 1280 976 στρατευμάτων,
1346 905 1535 957 Λέοντί
1579 920 1637 955 τε
1676 902 1959 971 μαγίστρῳ

382 1001 463 1069 τῷ
490 1002 651 1069 Φωκᾷ
675 998 849 1051 ταῦτα
885 997 1219 1066 παραδοῦσα,
1264 997 1572 1065 δομεστίκῳ
1610 995 1717 1046 τῶν
1756 991 1960 1062 σχολῶν

386 1097 740 1164 τυγχάνοντι,
798 1095 1007 1161 ἀπᾶραι
1076 1092 1219 1145 κατὰ
1274 1093 1598 1160 Βουλγάρων
1640 1090 1958 1158 ἐπέτρεψεν.

389 1186 817 1255 Ἀθροισθέντων
874 1185 930 1237 δέ
979 1185 1197 1237 πάντων
1253 1185 1359 1236 τῶν
1406 1184 1655 1252 θεμάτων
1714 1183 1808 1234 καὶ
1856 1181 1963 1231 τῶν

390 1280 693 1346 ταγμάτων
726 1279 868 1330 κατᾶ
920 1277 1020 1347 τὴν
1056 1278 1312 1330 Διάὸασιν
1380 1276 1582 1345 (πεδίον
1644 1274 1771 1344 δέὴ
1839 1273 1964 1325 Ali"

393 1374 551 1431 ϐασις
621 1370 760 1436 μέγα
844 1370 1121 1439 καὶπρὸς
1187 1370 1451 1438 ὑποδοχὴν
1532 1368 1761 1437 στρατοῦ
1846 1368 1969 1419 ἐπι-

394 1462 667 1529 τήδειον),
729 1459 1052 1521 ἀποσταλεὶς
1110 1463 1137 1512 (ι
1192 1464 1564 1529 πρωτοπαπᾶῖ
1630 1460 1721 1512 τοῦ
1791 1460 1964 1513 ’καλὼ

394 1557 511 1607 τίου
555 1554 664 1622 (55)
734 1555 872 1621 μετὰ
919 1554 1027 1606 τῶν
1092 1554 1287 1622 τιμίων
1330 1554 1499 1617 ξύλων
1541 1553 1624 1623 [Ρ.
1657 1552 1781 1623 613]
1829 1570 1968 1621 παρ⁸

399 1646 665 1698 εσκεύασε
700 1648 1188 1715 προσκυνήσαντας
1212 1646 1417 1707 πάντας
1442 1646 1815 1713 ἐπομόσασθαι
1849 1662 1969 1696 συν-

398 1736 769 1804 αποθνήσκειν
824 1738 1091 1805 ἀλλήλοιςῖ
1132 1739 1238 1790 Καὶ
1294 1735 1388 1788 τοῦ
1424 1737 1585 1805 ὅρκου
1626 1736 1968 1798 τελεσθέντος

2066 541 2187 579 eum
2230 524 2517 579 Saracenis
2550 522 2781 576 icerunt.
2822 522 3065 593 Augusta
3094 519 3490 575 Saracenorum
3520 517 3631 585 jam

2067 632 2255 670 secura
2285 616 2547 669 militibus
2577 628 2734 685 rogas
2765 612 2866 683 (sic
2904 622 3129 668 vocatur
3162 610 3405 681 pecunia:
3446 608 3635 664 distri-

2069 709 2239 777 butio)
2297 708 2447 773 dari,
2513 707 2857 775 Leonemque
2907 703 3140 757 Phoeam
3189 702 3511 773 magistrum
3574 714 3637 751 ac

2069 802 2379 855 scholarum
2408 799 2763 853 domesticum
2786 796 3056 852 exercitus
3079 795 3131 848 in
3152 794 3411 865 Bulgaros
3436 792 3639 846 ducere

2068 894 2238 962 jubet.
2273 891 2540 946 Omnibus
2596 892 2649 944 in
2682 906 2850 943 unum
2893 886 3180 942 conductis
3211 886 3539 940 exercitibus
3574 898 3639 937 ac

2070 986 2385 1038 cohortibus
2428 984 2493 1037 ad
2523 983 2771 1036 Diabasin
2805 983 2977 1050 (locus
3010 980 3061 1035 id
3100 994 3301 1034 nomen
3341 994 3371 1031 a
3407 976 3638 1031 transitu

2074 1078 2257 1141 habet,
2296 1085 2485 1146 estque
2523 1075 2776 1145 planities
2823 1074 2999 1143 ampla
3036 1083 3089 1127 et
3129 1071 3443 1142 recipiendo
3485 1084 3640 1123 exer-

2072 1170 2206 1223 citui
2262 1170 2558 1238 sufﬁciens)
2617 1168 2800 1238 palatii
2858 1167 3151 1237 primarius
3203 1165 3459 1221 sacerdos
3514 1162 3643 1233 (ipsi

2074 1272 2430 1331 protopapam
2468 1264 2681 1330 vocant)
2724 1260 2923 1314 missus
2963 1274 3087 1314 cum
3120 1258 3443 1315 venerandis
3485 1256 3644 1328 lignis

2074 1368 2265 1406 omnes
2308 1353 2361 1407 in
2414 1368 2587 1423 genua
2616 1353 2977 1422 procumbere
3018 1351 3199 1421 jussit,
3237 1358 3292 1405 et
3346 1352 3531 1419 jurare
3586 1363 3643 1403 se

2078 1458 2247 1512 usque
2275 1444 2341 1496 ad
2376 1452 2609 1497 mortem
2635 1459 2735 1496 uua
2772 1453 3240 1513 perseveraturos.
3274 1442 3428 1497 Dicto
3463 1458 3635 1496 sacra-

2080 1547 2266 1589 mento
2294 1536 2347 1589 in
2382 1535 2644 1606 Bulgaros
2676 1538 2947 1591 exercitus
2977 1552 3167 1592 omnes
3203 1544 3508 1591 moverunt.
3544 1534 3648 1588 Co-

2078 1627 2291 1679 hortem
2333 1628 2711 1681 excubitorum
2752 1627 2982 1681 ducebat
3009 1626 3246 1680 Joannes
3272 1626 3539 1695 Grapson,
3565 1626 3648 1680 vir

2079 1716 2368 1773 bellicosus
2394 1719 2740 1788 probataque
2760 1718 2944 1773 multis
2963 1717 3170 1788 proeliis
3193 1717 3426 1782 virtutis,
3450 1717 3648 1770 cohor-

400 1825 705 1891 πανστρατί
737 1823 879 1874 κατὰ
928 1823 1250 1891 Βουλγάρων
1291 1824 1636 1893 ἑξόῳμησαν.
1672 1821 1881 1894 ἾΙρχον
1912 1825 1967 1875 δὲ
2007 1802 2049 1855 Β
2077 1819 2141 1863 ῑε¹

1912 1825 1967 1875 δὲ
2007 1802 2049 1855 Β
2077 1819 2183 1863 tem
2212 1809 2595 1865 Ilicanatorum
2626 1812 2826 1866 dictam
2877 1810 3137 1865 Olbianus
3164 1808 3388 1875 Marula,
3415 1808 3496 1863 vir
3520 1808 3652 1864 insi-

401 1913 496 1965 ’τινῦ
538 1915 635 1982 μὲν
675 1915 951 1980 τάγματος
1000 1912 1327 1977 ἐξκουϐίτων
1390 1916 1636 1985 Ἰωάννης
1664 1918 1691 1968 6
1721 1915 1972 1985 Γράψων,

400 2004 538 2073 ἀνὴρ
568 2004 862 2071 πολεμικῦς
924 2006 1018 2057 καὶ
1074 2006 1329 2068 πολλάκις
1366 2009 1423 2058 ὲν
1474 2008 1677 2075 μάχαις
1708 2008 1978 2076 ἀνδραγα’

401 2097 593 2165 Θήσας,
648 2096 742 2149 τοῦ
773 2097 829 2149 δὲ
873 2098 1121 2151 ίκανάτου
1156 2098 1263 2168 (56)
1311 2098 1582 2162 Ὀλϐιανὸς
1609 2102 1635 2151 6
1663 2099 1976 2168 Μαρούλης,

401 2191 540 2256 ἀνὴρ
592 2190 1066 2258 δεδοκιμασμένος.
1133 2192 1240 2243 Καὶ
1316 2190 1598 2259 Ῥωμανὶς
1668 2192 1760 2243 καὶ
1828 2192 1981 2243 Λέων

401 2282 451 2333 οἱ
482 2280 573 2333 τοῦ
618 2282 881 2350 ’Λργυροῦ
911 2283 1112 2344 παῖδες,
1140 2284 1226 2333 καὶ
1264 2283 1470 2350 Βάρδας
1497 2286 1522 2334 ὁ
1546 2285 1736 2343 Φωκᾶς
1784 2284 1982 2348 ἐτέρων

405 2374 699 2440 ταγμάτων
718 2373 962 2442 ἐξῆρχον.
988 2373 1162 2441 Συνῆν
1182 2374 1235 2425 δέ
1264 2375 1472 2436 τούτοις
1490 2375 1583 2429 καὶ
1604 2374 1809 2436 Μελίας
1826 2379 1853 2428 6
1884 2375 1985 2444 μά-

405 2483 629 2535 γιστρος
650 2466 786 2535 μετὰ
812 2466 917 2518 τῶν
943 2466 1353 2536 Ἀρμενίωνκαὶ
1374 2468 1521 2521 ἄλλοι
1554 2468 1789 2520 πλεῖστοι
1825 2485 1985 2537 στρα-

408 2560 567 2626 τηγοὶ
593 2560 697 2610 τῶν
727 2559 997 2628 θεμάτων.
1033 2560 1418 2629 Παρείπετοίδέ
1447 2562 1537 2613 καὶ
1578 2561 1983 2624 Κωνσταντῖνος

410 2648 697 2720 πατρίκιος
720 2652 747 2702 6
785 2650 893 2719 Λὶψ
924 2650 997 2711 ὡς
1022 2650 1162 2719 τάχα
1194 2651 1489 2720 σύμϐουλος
1523 2652 1747 2714 Λέοντος
1779 2653 1871 2704 τοῦ
1902 2653 1985 2704 δο-

419 2742 677 2810 μεστίκου
707 2742 815 2794 τῶν
847 2742 1075 2812 σχολῶν.
1109 2745 1265 2795 Κατὰ
1308 2744 1363 2795 δὲ
1417 2742 1513 2813 τὴν
1557 2746 1608 2807 ς’
1655 2746 1746 2796 τοῦ
1776 2744 1985 2812 Αὐγού-

421 2851 547 2887 στου
577 2834 764 2904 μηνδς,
788 2838 887 2903 τῆς
930 2834 1189 2903 πέμπτης
1226 2835 1574 2898 ἱνδικτιῶνος,
1601 2836 1834 2905 πολέμου
1861 2839 1987 2906 συρε-

420 2923 679 2990 ραγέντος
754 2921 1039 2991 Ῥωμαίοις
1094 2940 1151 2974 τε
1207 2924 1301 2975 καὶ
1353 2926 1678 2995 Βουλγάροις
1734 2927 1866 2995 προς
1913 2926 1987 2995 τῷ

432 3010 680 3079 Ἀχελῴῳ
710 3012 977 3080 φρουρίῳ,
1006 3011 1298 3081 τρέπονται
1333 3014 1473 3064 κατὰ
1510 3016 1705 3083 κράτος
1740 3016 1785 3066 οἱ
1819 3014 1983 3066 Βούλ-

2082 1904 2199 1974 gnis
2230 1920 2242 1955 :
2274 1903 2549 1957 Romanus
2571 1912 2624 1956 et
2650 1902 2759 1956 Leo
2784 1902 2976 1972 Argyri
3002 1901 3097 1954 filii
3123 1917 3187 1956 ac
3215 1900 3417 1956 Bardas
3444 1901 3653 1957 Phocas

2084 1996 2204 2048 aliis
2237 2004 2507 2063 prmeraut
2534 1994 2871 2048 cohortibus.
2917 1994 3117 2047 Aderat
3151 1994 3215 2047 iis
3242 2002 3296 2047 et.
3322 1992 3507 2048 Melias
3541 2009 3655 2047 ma-

2082 2085 2248 2155 gister
2277 2100 2399 2137 cum
2429 2085 2722 2147 Armeniis,
2760 2083 3085 2153 plurimique
3112 2083 3199 2136 alii
3235 2084 3652 2153 provincialium

2083 2175 2270 2229 duces.
2306 2176 2677 2229 Comitabatur
2730 2175 2893 2227 etiam
2936 2174 3333 2229 Constantinus
3360 2175 3654 2231 Africanus

2089 2265 2368 2335 patricius,
2395 2265 2561 2319 veluti
2592 2264 2935 2319 consiliarius
2962 2264 3155 2318 Leonis
3184 2266 3467 2321 domestici
3491 2268 3658 2323 scho-

2087 2360 2279 2411 larum.
2320 2356 2484 2411 Sexto
2514 2357 2739 2425 Augusti
2771 2356 2855 2410 die
2885 2357 3049 2427 286
3074 2373 3250 2427 pugna
3285 2358 3426 2412 inter
3453 2357 3659 2414 Roma-

2088 2466 2188 2505 nos
2222 2459 2274 2503 et
2311 2449 2569 2519 Bulgaros
2603 2448 2891 2504 commissa
2928 2460 3009 2504 est
3043 2449 3109 2503 ad
3141 2451 3426 2505 castellum
3466 2453 3658 2508 Ache-

2089 2544 2273 2603 loum,
2335 2540 2585 2611 pulsique
2638 2552 2693 2595 et
2754 2558 2947 2613 magna
3010 2541 3156 2596 caede
3206 2545 3463 2611 prostrati
3532 2554 3653 2597 sunt

2090 2634 2323 2703 Bulgari.
2369 2633 2442 2686 lbi
2484 2648 2605 2687 cum
2655 2632 2984 2687 domesticus
3041 2633 3275 2701 plurimo
3310 2635 3505 2688 sudore
3544 2650 3660 2689 ma-

2087 2728 2222 2781 dens
2268 2727 2557 2796 animoque
2624 2726 2877 2781 deﬁciens
2928 2727 2993 2782 ad
3042 2727 3331 2796 quemdam
3360 2716 3567 2781 fontem
3595 2744 3662 2783 ex

2090 2837 2231 2889 equo
2281 2819 2673 2884 descendisset,
2703 2829 2762 2873 ut
2804 2820 3054 2874 sudorem
3101 2821 3309 2874 clueret
3354 2835 3415 2875 ac
3457 2837 3516 2874 se
3571 2837 3661 2876 re-

2090 2922 2324 2979 crearet,
2370 2929 2542 2981 equus
2593 2912 2732 2967 forte
2775 2912 3007 2982 abrupto
3060 2911 3273 2966 vinculo
3322 2928 3380 2966 se
3410 2913 3659 2983 proripit,

2090 3023 2151 3059 ac
2191 3006 2420 3058 sessoris
2469 3020 2672 3059 vacuus
2707 3020 2804 3073 per
2836 3004 3130 3057 exercitum
3176 3004 3449 3057 discurrit.
3486 3005 3658 3079 Quem

419 3120 598 3171 γαροι,
626 3105 718 3155 καὶ
750 3105 907 3170 φόνος
942 3105 1119 3155 αὐτῶν
1173 3105 1391 3171 ἐγένετο
1422 3105 1606 3167 πολύς.
1680 3106 1881 3177 Ἰδρῶτι
1929 3107 1983 3160 δέ
2013 3131 2059 3193 C
2094 3106 2149 3149 υῑ

1929 3107 1983 3160 δὲ
2013 3131 2059 3193 C
2094 3106 2149 3149 ut
2194 3110 2463 3166 agnovere
2499 3095 2730 3157 milites,
2772 3096 3091 3149 occubuisse
3126 3094 3482 3150 domesticum
3536 3098 3656 3161 tati,

417 3194 512 3247 τοῦ
536 3195 856 3263 δομεστίκου
882 3213 1001 3263 περι
1013 3197 1337 3265 ῤῥανθέντος
1393 3197 1568 3266 πολλῷ
1616 3199 1711 3251 καὶ
1740 3200 1985 3253 λειποθυ-

423 3290 694 3356 μήσαντος
721 3288 814 3338 καὶ
845 3286 939 3337 τοῦ
971 3287 1135 3338 ἵππου
1166 3287 1467 3349 ἀποϐάντος
1528 3287 1617 3338 ἐπί
1672 3305 1775 3339 τινι
1837 3290 1987 3358 πηγῇ

423 3380 515 3430 καὶ
543 3380 630 3430 τὸν
664 3378 860 3446 ἱδρῶτα
896 3378 1299 3441 ἀποπλύνοντος
1327 3380 1420 3431 καὶ
1452 3379 1645 3431 ἑαυτὸν
1686 3378 1991 3448 ἀποψύχον-

422 3486 536 3531 τος,
565 3469 657 3520 τὸν
728 3469 925 3538 δεσμὸν
963 3470 1278 3540 ἀπορρήξας
1333 3473 1359 3521 6
1388 3470 1551 3532 ἵππος
1590 3472 1827 3539 τυχαίως
1881 3471 1990 3522 ἔθει

424 3562 511 3614 διὰ
542 3561 634 3613 τοῦ
666 3563 1025 3630 στρατοπέδου
1058 3562 1213 3624 κενὸς
1242 3562 1501 3614 ἐπιϐάτου
1528 3579 1541 3593 ο
1577 3563 1635 3614 ὃν
1659 3563 1705 3614 ol
1728 3563 1994 3631 στρατιῶ-

423 3672 514 3707 ται
558 3654 820 3722 θεώμενοι
858 3654 1130 3723 γνώριμον
1178 3656 1343 3718 ὅντα,
1392 3656 1485 3708 καὶ
1545 3655 1633 3707 τὸν
1679 3656 1993 3724 δομέστικον

428 3748 613 3799 πεσεῖν
646 3748 1112 3813 ὑποτοπάσαντες,
1150 3750 1228 3809 εἰς
1265 3748 1429 3816 φόϐον
1466 3748 1721 3802 ἐνέπεσον
1748 3750 1839 3800 καὶ
1864 3767 1996 3801 κατ-

428 3836 735 3906 εϐλήθησαν
763 3839 861 3898 τὰς
907 3837 1081 3906 ψυχὰς
1133 3838 1225 3889 καὶ
1279 3837 1379 3905 τῆς
1438 3836 1672 3899 διώξεως
1740 3837 1994 3906 ἔστησαν,

431 3926 558 3978 ἔνιοι
590 3925 646 3977 δὲ
680 3925 775 3979 καὶ
805 3926 1158 3994 παλίντροποι
1191 3927 1493 3994 γεγόνασιν.
1536 3926 1623 3992 Ἐξ
1668 3928 1997 3996 ὑπερδεξίων

431 4022 488 4073 δέ
515 4020 685 4074 ταῦτα
706 4018 975 4087 θεώμενος
1004 4020 1031 4070 6
1066 4017 1289 4087 Συμεὼν
1331 4018 1409 4086 (οὐ
1451 4018 1559 4087 γὰρ
1590 4018 1777 4087 ἔτυχεν
1832 4020 1996 4072 ἀσύν-

434 4127 629 4161 τακτον
659 4109 758 4179 τὴν
793 4106 971 4176 φυγὴν
995 4106 1377 4176 ποιησάμενος)
1410 4108 1660 4176 ἐπαφῆκε
1689 4108 1815 4171 τοὺς
1839 4110 1998 4167 Βουλ-

434 4199 631 4270 γάρους
656 4200 795 4252 κατὰ
827 4199 1137 4265 Ῥωμαίων.
1166 4200 1227 4251 Οἱ
1256 4198 1311 4250 δέ
1367 4200 1461 4250 καὶ
1504 4200 1785 4268 πρότερον,
1824 4202 1896 4263 ὼς
1922 4202 1999 4253 εἵ-

435 4304 628 4358 πομεν,
663 4291 760 4350 τὰς
817 4289 1039 4355 γνώμας
1071 4288 1390 4351 θλασθέντες
1445 4289 1535 4342 καὶ
1584 4290 1897 4359 τεθηπότες.
1928 4292 2002 4356 ὡς

438 4386 528 4433 καὶ
558 4382 821 4449 αἰφνίδιον
856 4382 1108 4443 ἐπιόντας
1136 4380 1430 4431 ἐθεάσαντο
1477 4383 1604 4444 τοὺς
1635 4384 1999 4455 Βουλγάρους,

436 4475 726 4542 τρέπονται
794 4474 1115 4541 πανστρατὶ,
1173 4473 1265 4523 καὶ
1322 4473 1510 4539 γέγονε
1553 4475 1694 4541 φυγὴ
1736 4476 2001 4543 φρικωδε-

438 4568 626 4634 στάτη,
667 4566 773 4616 τῶν
805 4568 900 4634 μὲν
943 4565 1033 4616 ὑπ’
1064 4565 1304 4633 ἀλλήλων
1367 4569 1861 4635 συμπατουμένων,
1892 4568 2000 4622 τῶν

436 4661 493 4712 δὲ
524 4661 628 4711 ὑπὸ
653 4659 758 4711 τῶν
788 4658 1045 4710 ἐναντίων
1077 4660 1506 4726 ἀναιρουμένων.
1546 4661 1696 4712 Λέων
1757 4661 1810 4712 δὲ
1837 4664 1864 4713 6
1911 4663 1999 4714 δο-

442 4750 695 4819 μέστικος
730 4751 787 4801 ἐν
818 4749 1152 4819 Μεσημϐρία
1180 4751 1408 4818 διεσώθη
1458 4750 1662 4817 φυγών.
1700 4754 1897 4805 Ἔπεσε
1944 4757 2001 4809 δὲ

438 4844 561 4904 λαὸς
599 4843 658 4895 οὐ
692 4843 799 4895 τῶν
848 4842 1041 4895 κοινῶν
1072 4841 1437 4911 στρατιωτῶν,
1473 4842 1607 4893 ἀλλὰ
1660 4844 1750 4896 καὶ
1808 4863 2002 4913 στρατ-

2094 3200 2241 3243 metu
2290 3188 2487 3243 animis
2519 3188 2903 3251 consternatis,
2933 3188 3001 3242 ab
3039 3188 3379 3243 insecutione
3423 3189 3658 3243 hostium

2096 3281 2467 3333 destiterunt:
2516 3280 2733 3348 quidam
2774 3282 2934 3331 etiam
2971 3288 3117 3333 retro
3154 3294 3273 3333 sese
3324 3291 3661 3334 averterunt.

2094 3372 2247 3437 Quod
2268 3387 2331 3425 ex
2360 3371 2575 3425 sublimi
2601 3387 2833 3425 cernens
2856 3369 3075 3425 Simeon
3109 3370 3308 3441 (neque
3325 3372 3471 3425 enim
3493 3372 3662 3427 eﬂuse

2095 3474 2147 3519 et
2173 3463 2456 3518 ordinibus
2481 3464 2753 3532 dissipatis
2773 3463 2951 3532 fugam
2982 3462 3233 3533 faciebat)
3252 3480 3379 3518 suos
3406 3465 3665 3519 Romanis

2097 3556 2342 3609 immisit.
2379 3554 2608 3609 Romani
2655 3556 2764 3624 jam
2817 3564 2943 3607 ante
2982 3554 3192 3609 animos
3236 3555 3428 3623 dejecti
3480 3564 3534 3609 et
3568 3570 3666 3624 pa-

2095 3657 2306 3711 ventes,
2330 3649 2537 3701 hostem
2572 3648 2750 3700 subito
2780 3647 2988 3699 irruere
3016 3646 3282 3710 videntes,
3309 3648 3488 3701 statim
3521 3655 3667 3717 terga

2098 3740 2386 3794 dederunt.
2421 3737 2565 3807 Fuga
2602 3754 2665 3791 ea
2709 3737 3169 3806 periculosissima
3215 3737 3335 3801 fuit,
3384 3739 3501 3792 aliis
3548 3754 3668 3793 sese

2102 3834 2337 3886 invicem
2383 3831 2855 3896 conculcantibus,
2889 3831 3009 3883 aliis
3053 3831 3120 3883 ab
3160 3831 3315 3886 hoste
3351 3832 3525 3887 c'aesis.
3559 3833 3669 3887 Leo

2100 3924 2435 3979 domesticus
2464 3924 2585 3993 fuga
2615 3924 2669 3976 in
2701 3921 3078 3977 Mesembriam
3114 3924 3307 3977 evasit.
3341 3924 3456 3977 Non
3482 3925 3671 3978 multi-

2103 4017 2232 4069 tudo
2260 4023 2467 4069 tantum
2492 4015 2741 4068 militaris
2772 4024 2898 4068 tunc
2923 4014 3101 4083 periit,
3125 4016 3218 4068 sed
3248 4022 3302 4068 et
3324 4015 3490 4070 duces
3509 4016 3671 4070 innu-

2103 4109 2236 4161 meri
2287 4118 2449 4176 atque
2506 4106 2757 4160 ordinum
2801 4107 3072 4161 ductores.
3118 4106 3341 4162 Occisus
3383 4118 3466 4162 est
3509 4110 3671 4162 etiam

2103 4201 2496 4254 Constantinus
2527 4200 2761 4261 Africus,
2794 4208 2849 4251 et
2882 4199 3264 4253 excubitorum
3291 4201 3397 4253 dux
3435 4200 3673 4256 Joannes

2105 4291 2370 4362 Grapsou.
2400 4291 2594 4346 Missus
2630 4292 2806 4345 fuerat
2848 4293 3123 4345 Romanus
3153 4292 3467 4361 Lacapenus
3500 4295 3674 4363 patri-

2108 4384 2223 4438 cius
2264 4385 2337 4436 rei
2361 4384 2567 4436 navalis
2602 4384 2946 4453 druugarius,
2971 4398 3093 4437 cum
3136 4392 3244 4436 tota
3269 4384 3461 4448 classe,
3489 4386 3675 4453 jussus

2036 4464 2078 4518 Ῑ)
2108 4478 2259 4531 littus
2286 4477 2463 4546 legere
2486 4484 2538 4530 et
2557 4475 2753 4528 auxilio
2777 4491 2897 4528 esse
2923 4474 3089 4528 Leoni
3112 4484 3165 4527 et
3188 4490 3216 4527 a
3245 4473 3387 4545 Boga
3411 4476 3676 4532 adductos

2109 4570 2175 4623 ad
2211 4586 2368 4638 opem
2402 4569 2657 4621 Romanis
2690 4567 2961 4619 ferendam
3012 4566 3328 4621 Patzinacas
3360 4569 3521 4638 287
3562 4577 3677 4623 tra-

2105 4663 2294 4735 jicere.
2320 4660 2377 4715 Ei
2401 4677 2521 4716 cum
2544 4659 2683 4729 Boga
2702 4658 2885 4711 incidit
2912 4659 3217 4725 contentio;
3241 4676 3402 4729 quam
3430 4661 3678 4716 animad-

2109 4761 2386 4810 vertentes
2412 4752 2713 4807 Patziuaca:
2747 4751 2965 4805 domum
3002 4752 3305 4820 redierunt,
3336 4754 3402 4807 ad
3429 4754 3674 4808 irritum-

2112 4865 2215 4918 que
2250 4862 2437 4901 eorum
2472 4843 2779 4899 reciderunt
2809 4844 3090 4912 suppetiae.

439 4941 561 5009 ητθὶ
593 4940 685 4991 καὶ
715 4940 1101 5009 ταγματάρχαι
1146 4937 1377 5008 ἀριθμοῦ
1416 4939 1715 5007 κρείττους·
1766 4942 2005 5015 Ἐσφάγη
2046 4948 2101 4999 δὲ
2136 4945 2227 4997 καὶ
2267 4943 2667 5001 Κωνσταντῖνος
2703 4941 2730 4991 6
2760 4939 2869 5007 Λὶψ
2912 4940 3003 4990 καὶ
3074 4942 3102 4992 6
3157 4940 3265 4992 τῶν
3350 4942 3677 5007 ἐεκουῦίτων

441 5032 665 5099 ἔξαρχος

748 5032 998 5099 Ἰωάννης
1070 5031 1369 5100 μάγιστρος
1417 5032 1443 5081 6
1495 5029 1746 5100 Γράψων.
1802 5029 1910 5087 Ἦν
1943 5035 1997 5087 δὲ
2035 5035 2359 5096 ἀποσταλεὶς
2430 5035 2458 5084 ὁ
2517 5030 2803 5100 πατρίκιος
2864 5029 3143 5099 Ῥωμανὸς
3219 5034 3247 5083 6
3323 5034 3672 5103 Λακαπηνὸς,

441 5124 801 5193 δρουγγάριος
828 5122 1129 5191 τηνικαῦτα
1159 5124 1265 5174 τῶν
1306 5123 1569 5190 πλωῖμων
1593 5122 1687 5187 ῶν,
1718 5126 1855 5187 μετὰ
1921 5128 2121 5190 παντὸς
2196 5126 2287 5178 τοῦ
2360 5125 2543 5178 στόλου
2592 5124 2896 5194 παραπλεῖν
2945 5126 3057 5187 τοῖς
3111 5123 3376 5190 αἰγιαλοῖς
3434 5143 3673 5196 προστα-

443 5216 587 5286 χθεὶς
614 5216 706 5268 καὶ
736 5220 813 5278 εἰς
848 5216 1101 5284 βοήθειαν
1132 5216 1420 5285 τυγχάνειν
1453 5215 1529 5285 τῷ
1580 5217 1790 5283 Λέοντι,
1821 5219 2152 5289 διαπερᾶσαι
2202 5221 2255 5273 δέ
2295 5220 2388 5273 καὶ
2416 5220 2539 5281 τοὺς
2574 5217 2723 5287 παρὰ
2754 5217 2849 5270 τοῦ
2925 5218 3070 5285 Βογᾶ
3116 5216 3380 5286 ἀχθέντας

445 5313 639 5375 ’.άκους
664 5315 742 5374 εἰς

448 5502 664 5571 βοήθεια
694 5502 974 5573 ἄπρακτος
1004 5504 1096 5555 καὶ
1130 5504 1403 5573 ἀνόνητος.

3471 5219 3671 5281 Πατζι-

783 5314 1101 5382 συμμαχίαν
1141 5313 1445 5382 Ῥωμαίων.
1488 5314 1775 5378 Διενὲξεως
1828 5314 1885 5365 δέ
1920 5316 2216 5386 γενομένης
2247 5316 2408 5385 μέσον
2442 5314 2535 5368 τοῦ
2607 5313 2888 5385 Ῥωμανοῦ
2948 5314 3040 5366 καὶ
3088 5312 3180 5364 τοῦ
3248 5315 3394 5382 Βογᾶ
3420 5354 3433 5379 ,
3466 5314 3665 5377 ἰδόντες

446 5410 638 5471 αὐτους
675 5411 723 5461 οἱ
756 5410 1092 5472 Πατζινέικαι
1139 5409 1524 5472 στασιάζοντας
1569 5411 1702 5479 πρὸς
1738 5410 1997 5480 ἀλλήλους
2040 5411 2385 5483 ὑπέστρεψαν
2427 5413 2503 5474 εἰς
2538 5412 2603 5465 τὰ
2630 5410 2756 5473 ἴδια,
2820 5409 2911 5462 καὶ
2966 5407 3189 5476 γέγονεν
3249 5410 3281 5479 ἡ
3339 5407 3397 5474 ἐξ

3490 5406 3674 5461 αὐτῶν

1589 5595 1935 5649 ΧῖιιΛΝΜὶΙ
1968 5595 2051 5651 ΕΤ
2084 5593 2289 5649 GOARI
2328 5592 2557 5647 NOTAE.

519 5716 629 5783 (ὺό)
683 5714 921 5768 Habebat
956 5715 1244 5782 imperatur
1276 5715 1481 5768 elerum
1517 5716 1792 5785 ptelu‘imn
1827 5715 1875 5767 in
1912 5733 2003 5781 μι-

451 5786 596 5844 latio,
632 5785 681 5837 in
715 5800 821 5852 qun
868 5786 1025 5838 varia}
1071 5794 1225 5837 erant
1268 5786 1527 5843 tri-closer,
1558 5798 1608 5837 ut
1638 5788 1691 5837 Β.
1723 5786 2001 5853 Stephani,

452 5856 642 5908 ducum
677 5856 995 5917 ςωιςδιὶυιιι,
1054 5855 1225 5913 Elis-ci
1270 5866 1319 5909 ct
1379 5858 1641 5909 aliorum;
1688 5857 1813 5909 (icti
1866 5862 2002 5909 illius

2114 5715 2395 5783 praefectus
2424 5721 2537 5764 erat
2586 5712 2957 5783 πρωτοπαπᾶς
2986 5708 3085 5783 τοῦ.
3116 5709 3391 5783 cuiacius.
3428 5706 3594 5783 Com.

2180 5786 2288 5851 (iiii)
2322 5783 2562 5849 Agminis
2588 5777 2656 5835 ita
2688 5781 2833 5833 dii-ti.
2857 5782 3051 5833 Auctor
3076 5777 3213 5835 infra
3236 5777 3372 5831 2'1'0'3
3396 5778 3669 5846 τάγματος

2113 5856 2290 5925 ἅρχων
2324 5873 2424 5906 τίον
2460 5854 2739 5905 invitor).
2776 5852 2938 5905 Com.
