4410 6452
754 369 818 432 19
2004 370 2320 433 GEORGII
2357 374 2689 435 CEDRENI
3932 378 4001 440 90

820 480 958 533 Sunt
986 478 1075 549 qui
1105 479 1263 533 aliam
1300 480 1556 535 Romanis
1596 479 1733 552 fuga:
1784 482 2057 554 cladisque
2090 503 2307 542 causam
2341 495 2384 548 Α

754 569 919 622 fuisse
950 568 1150 623 dicant.
1182 570 1392 623 Etenim
1425 586 1547 625 cum
1580 571 1890 627 Simeonem
1938 573 2148 631 Phoeas
2195 582 2316 648 pul-

752 677 870 713 sum
927 672 1366 729 persequeretur.
1401 662 1581 716 subito
1623 663 1687 716 ad
1733 678 1855 718 eum
1894 664 2059 723 fuisse
2092 668 2313 723 allatum

755 753 1041 816 numium,
1088 752 1443 824 drungarium
1498 754 1577 808 rei
1630 757 1838 811 navalis
1885 774 2008 812 cum
2064 760 2315 814 universa

752 839 922 891 classe
958 838 1109 893 abire
1162 842 1343 894 animo
1370 842 1669 910 occupandi
1699 843 1931 914 imperii.
1971 845 2089 911 Quo
2122 848 2316 902 nuntio

750 930 1040 983 attonitum
1073 946 1195 984 eum
1225 942 1282 984 ut
1308 933 1398 1001 qui
1424 946 1692 988 summam
1725 951 1904 989 rerum
1938 938 2036 991 sibi
2062 938 2316 1007 deposce-

753 1030 855 1085 ret,
889 1021 1090 1075 omissa
1145 1020 1505 1079 insectatione
1531 1024 1768 1079 hostium
1800 1027 1851 1079 in
1888 1035 2063 1081 castra
2092 1030 2202 1082 veri
2235 1029 2314 1084 di-

752 1110 935 1165 scendi
970 1126 1133 1165 causa
1168 1112 1395 1167 rediisse
1427 1131 1440 1166 :
1470 1113 1697 1167 diditum
1729 1131 1792 1167 ex
1827 1131 1890 1168 eo
1922 1131 2194 1171 rumorem
2232 1116 2316 1170 fu-

750 1202 892 1270 gisse
951 1201 1356 1267 domesticum,
1438 1204 1667 1273 ideoque
1730 1206 1929 1261 milites
1984 1207 2315 1263 fortitudinis

750 1288 952 1345 oblitos
1010 1290 1191 1361 fugam
1248 1292 1465 1347 fecisse.
1505 1292 1839 1357 Simeonem,
1886 1296 1975 1365 qui
2008 1306 2315 1366 opportuno

750 1382 885 1435 loro.
920 1392 1070 1436 stans
1136 1383 1345 1437 exitum
1399 1386 1709 1439 certaminis
1758 1387 2158 1455 opperiebatur,
2216 1391 2316 1445 hoc

750 1473 1127 1527 animadverso
1180 1473 1351 1528 effuse
1411 1474 1467 1528 in
1518 1473 1789 1530 Romanos
1841 1478 2081 1542 irruisse,
2136 1480 2315 1549 itaque

750 1564 1031 1617 \ietoriam
1086 1565 1150 1619 iis
1199 1567 1373 1636 pulsis
1419 1570 1681 1637 cmsisque
1713 1585 2010 1640 reparasse.
2047 1571 2174 1625 Sive
2213 1576 2315 1626 hoc

749 1655 864 1708 sive
898 1656 989 1709 illo
1016 1658 1177 1710 modo
1205 1674 1291 1713 res
1316 1668 1467 1728 gesta
1495 1659 1585 1721 sit,
1612 1659 1841 1714 Romani
1880 1674 2029 1715 certe
2058 1678 2118 1715 ea
2152 1677 2312 1731 quam

750 1746 1033 1802 retulimus
1058 1747 1235 1802 aﬂ‘ecti
1262 1759 1389 1803 sunt
1416 1751 1587 1805 clade.

2488 486 2755 540 ’Λλλοιδὲ
2814 488 2910 556 οὐχ
2944 487 3086 539 οὕτω
3145 488 3279 555 φασὶ
3327 486 3581 555 γενέσθαι
3636 486 3735 557 τὴν
3794 490 4003 558 τροπὴν

2432 577 2744 647 Ῥωμαίων,
2775 579 2977 649 τρόπον
2995 578 3050 631 δὲ
3081 579 3287 648 ἕτερον.
3322 579 3681 651 Τρεψαμένου
3736 580 3846 651 γὰρ
3903 579 3999 633 τοῦ

2419 667 2590 719 Φωκᾶ
2623 667 2714 718 τὸν
2747 668 2974 737 Συμεὼν
3008 668 3100 722 καὶ
3124 669 3433 733 διώκοντος,
3492 671 3651 740 φήμη
3715 688 3797 733 τις
3852 670 3999 734 ἐξαί-

2421 775 2557 827 φνης
2585 758 2787 827 ἔφθασε
2819 759 2954 830 πρὸς
2986 759 3148 813 αὐτὸν
3179 760 3602 826 ἀπαγγέλλουσα
3636 759 3711 821 ὡς
3761 763 3788 812 6
3818 760 4001 830 δροσγ-

2420 850 2611 919 γάριος
2640 848 2747 902 τῶν
2778 850 3041 918 πλωῖμων
3072 851 3256 903 ἄπεισι
3295 850 3432 919 μετά
3449 849 3541 902 τοῦ
3562 852 3751 903 στόλου
3782 852 4000 914 παντὸς,

2419 941 2878 1013 παραληψόμενος
2909 942 3011 1013 τὴν
3043 942 3344 1012 βασιλείαν.
3386 942 3444 995 '0
3492 944 3547 996 δὲ
3599 946 3666 1014 τῇ
3705 944 3841 1013 ἀκοῇ
3900 960 4000 994 κα-

2416 1033 2804 1103 ταδροντηθεὶς
2831 1034 3238 1105 (ἐσφετερίζετο
3297 1036 3405 1104 γὰρ
3454 1036 3533 1097 εἰς
3565 1035 3757 1088 ἑαυτὸν
3812 1036 3873 1086 τὸ
3905 1036 4003 1104 τῆς

2419 1118 2696 1186 βασιλείας
2728 1120 2969 1191 κράτος),
3009 1119 3326 1173 καταλιπὼν
3364 1123 3423 1174 τὸ
3462 1122 3679 1175 διώκειν
3740 1124 4004 1193 ὑπέστρε-

2416 1210 2515 1278 ψεν
2552 1213 2632 1274 εἰς
2664 1212 2764 1282 τὴν
2810 1212 3162 1284 παρεμϐολὴν
3208 1213 3283 1274 ὡς
3336 1214 3476 1283 τάχα
3534 1214 3595 1265 τὸ
3648 1213 3705 1266 ὃν
3763 1215 4001 1283 μαθησο-

2419 1320 2599 1372 μενος.
2649 1304 2995 1367 Διαδοθέντος
3048 1304 3103 1356 δὲ
3137 1304 3297 1371 λόγου
3352 1304 3487 1370 πρὸς
3517 1304 3608 1356 τὸν
3660 1307 3890 1376 στρατὸν
3929 1306 4002 1367 ὡς

2417 1395 2445 1446 6
2482 1392 2800 1463 δομέστικος
2853 1394 3148 1460 πέφευγεν,
3190 1391 3273 1463 [Ρ.
3310 1393 3437 1464 GM]
3473 1392 3646 1460 ἀλκῆς
3681 1392 4004 1460 ὲπιλησθέν--

2415 1500 2507 1546 τες
2541 1485 2587 1535 οἱ
2632 1482 2808 1535 λοιποὶ
2858 1484 3073 1537 ἐποίουν
3128 1485 3347 1554 ὁμοίως.
3410 1484 3516 1547 Οὓς
3562 1484 3685 1536 ἰδὼν
3720 1487 3746 1536 6
3780 1483 4005 1552 Συμεὼν

2418 1574 2717 1643 φεύγοντας
2775 1575 2985 1645 (ἵστατο
3035 1575 3166 1645 γὰρ,
3231 1576 3305 1634 ὡς
3355 1576 3594 1646 εἴρηται,
3654 1577 3711 1628 ὲν
3762 1577 4004 1645 εὐκαίρῳ

2415 1668 2567 1736 τόπῳ
2602 1665 2662 1718 τὸ
2693 1666 2845 1729 τέλος
2878 1667 3097 1737 ἀφορῶν
3144 1667 3239 1719 τοῦ
3290 1668 3522 1734 ἀγῶνος)
3558 1668 3789 1737 ἐξεχύθη
3851 1685 4003 1719 παν-

2420 1758 2610 1827 στρατὶ
2638 1758 2731 1810 καὶ
2758 1757 3118 1818 παλίντροπον
3155 1759 3253 1828 τὴν
3280 1757 3457 1826 φυγὴν
3484 1759 3798 1827 ἐποιήσατο.
3835 1752 4003 1819 υύτος

754 1841 851 1907 μὲν
897 1842 959 1911 δὴ
991 1844 1083 1896 καὶ
1122 1846 1149 1896 ὁ
1186 1843 1435 1914 δεύτερος
1466 1845 1655 1913 λόγος’
1701 1849 1809 1900 είτε
1867 1849 1920 1900 δὲ
1952 1850 2148 1913 οὓτως,
2204 1854 2312 1904 εἴτε
2350 1852 2571 1915 ἐκείνως
2600 1855 2633 1922 ἠ
2660 1852 2886 1922 ἀλήθεια
2922 1851 3053 1922 ἔχει,
3093 1852 3239 1921 ὅμως
3269 1851 3589 1922 ἐτράπησαν
3642 1853 3692 1904 οἱ
3747 1851 4009 1921 Ῥωμαῖοι

749 1932 841 1983 καὶ
877 1932 942 1984 τὰ
971 1934 1230 2003 λεχθέντα
1264 1936 1469 1990 ἀνωθεν
1494 1937 1817 2009 διεπράχθη.

819 2024 1068 2093 Cumque
1100 2028 1427 2095 superstites
1456 2028 1506 2081 ei
1540 2030 1593 2081 in
1620 2032 1809 2084 urbem
1859 2034 2171 2100 rcdiissent,
2206 2035 2315 2089 Rot-
2353 2042 2393 2100 Β

753 2118 897 2171 mani
933 2126 989 2170 et
1024 2116 1181 2187 Bogm
1209 2118 1408 2189 agitata
1447 2129 1531 2173 est
1580 2123 1970 2186 controversia,
2012 2139 2184 2193 eoque
2223 2141 2319 2195 pe-

752 2208 905 2263 riculi
964 2208 1232 2263 deductus
1283 2210 1635 2283 drungarius,
1689 2224 1747 2269 ut
1790 2217 2000 2285 judiccs
2041 2220 2089 2272 ei
2138 2221 2323 2274 oculos

752 2296 1087 2351 ell'odicndos
1109 2313 1230 2351 esse
1254 2302 1753 2370 pronuntiaverint,
1772 2307 1914 2373 quod
1939 2307 2008 2361 ob
2032 2309 2319 2373 incuriam,

754 2399 847 2443 aut
878 2389 1061 2458 potius
1091 2390 1293 2444 malitia
1322 2391 1542 2456 ductus,
1578 2394 1896 2451 l’atzinacas
1939 2414 2050 2453 non
2084 2400 2325 2468 traiecis-

755 2490 856 2543 sel,
920 2481 1173 2550 quodque
1223 2497 1289 2535 ex
1342 2482 1463 2555 fuga
1501 2500 1749 2542 reversos
1778 2489 1945 2559 288
1994 2506 2102 2545 non
2155 2493 2223 2546 ad
2269 2509 2326 2548 se

742 2574 1085 2643 'collegissct.
1126 2573 1389 2644 Erutique
1419 2576 1653 2633 fuissent
1677 2579 1727 2633 ei
1758 2582 1922 2647 oculi,
1956 2583 2061 2636 nisi
2094 2582 2297 2652 Stepha

757 2680 860 2717 nus
886 2665 1163 2733 magister,
1201 2681 1342 2721 unus
1401 2678 1638 2724 tutorum
1687 2674 2050 2742 imperatoris,
2107 2686 2161 2730 et
2186 2677 2326 2731 Con-

756 2754 1028 2807 stantinus
1056 2753 1323 2827 Gongyles
1374 2760 1656 2827 patricius,
1706 2763 1796 2831 qui
1842 2765 1985 2834 apud
2029 2767 2325 2836 Augustam

760 2846 979 2915 largiter
1008 2855 1278 2914 poterant,
1317 2864 1438 2902 cum
1487 2850 1840 2919 eripuissent.
1884 2855 2105 2910 Simeon
2145 2869 2325 2913 autem

758 2935 983 2990 victoria
1040 2936 1214 2991 elatus
1265 2954 1329 2993 ac
1384 2940 1653 2997 ferociens
1700 2944 1766 2999 ad
1802 2946 1989 3001 urbem
2016 2950 2162 3003 omni
2204 2966 2328 3005 cum

760 3040 861 3079 suo
882 3026 1119 3080 exercitu
1152 3030 1482 3098 properavit.
1516 3031 1753 3088 Rursum
1788 3036 1950 3107 igitur
1985 3038 2095 3093 Leo
2120 3039 2330 3097 Phocas

762 3117 1071 3170 scholarum
1102 3118 1432 3175 domesticus
1458 3132 1512 3176 et
1534 3120 1772 3179 Joannes
1801 3127 2100 3184 sodalitatis
2123 3130 2233 3184 dux
2266 3148 2329 3185 ac

764 3206 1015 3261 Nicolaus
1036 3207 1380 3263 Constantini
1430 3212 1589 3266 Ducae
1620 3213 1763 3268 filius
1792 3217 2013 3282 milites,
2049 3234 2185 3289 quos
2215 3230 2328 3274 tum

764 3300 819 3352 in
870 3308 1123 3369 promptu
1179 3301 1473 3367 habebant,
1514 3305 1777 3360 adversus
1807 3324 1931 3361 eum
1960 3310 2233 3378 educunt;
2272 3321 2328 3365 et

764 3393 906 3461 apud
942 3390 1252 3464 Catasyrtas
1284 3395 1409 3465 (loci
1441 3397 1544 3451 hoc
1574 3407 1657 3452 est
1685 3400 1909 3471 nomen)
1950 3402 2005 3455 in
2046 3373 2329 3458 cohortem
2359 3373 2401 3429 ϐ

766 3487 1055 3554 quamdam
1098 3486 1451 3557 Bulgarorum
1496 3490 1801 3547 incidentes
1822 3494 2119 3563 praedatum
2148 3512 2329 3567 egres-

769 3592 884 3630 sam
906 3614 922 3642 ,
954 3592 1075 3632 eam
1106 3578 1428 3634 adoriuntur
1459 3582 1715 3652 nulloque
1749 3586 1969 3654 negotio
2008 3586 2329 3658 profligant;

771 3684 892 3723 mox
926 3679 1203 3725 recentem
1235 3672 1392 3725 aliam
1420 3674 1763 3744 ingruentem
1791 3676 2007 3732 fortiter
2030 3681 2331 3735 subsisten-

771 3774 870 3827 tes,
904 3778 1138 3833 pugnam
1170 3778 1349 3818 acrem
1376 3780 1441 3819 ac
1484 3766 1576 3821 diu
1619 3767 1902 3823 durantem
1936 3772 2171 3835 obeunt,
2210 3771 2335 3825 Bul-

769 3867 1033 3922 garosque
1083 3853 1337 3907 fundunt.
1391 3854 1604 3910 Cecidit
1650 3871 1714 3910 ea
1761 3858 1815 3912 in
1859 3875 2035 3930 pugna
2082 3861 2334 3917 Nieolaus

772 3945 932 3995 Ducas
980 3942 1122 3996 [ilius
1150 3942 1367 3997 heroiee
1397 3958 1665 4015 pugnans,
1718 3948 1809 4016 qui
1861 3960 1915 4003 et
1955 3966 2174 4004 causam
2213 3952 2334 4006 vin-

770 4034 929 4087 cendi
955 4033 1212 4089 Romanis
1237 4034 1488 4104 praebuit.
1522 4035 1621 4093 Hic
1648 4049 1759 4093 tum
1790 4056 1970 4096 rerum
2018 4043 2333 4098 bellicarum

773 4131 948 4176 status
977 4132 1114 4177 erat.

2495 2038 2651 2091 Μετά
2682 2038 2782 2107 τὴν
2810 2036 3019 2108 τροπὴν
3050 2036 3109 2089 δὲ
3132 2035 3241 2091 τῶν
3276 2035 3568 2089 σωθέντων
3618 2037 3682 2087 ὲκ
3726 2034 3819 2087 τοῦ
3850 2034 4011 2087 πολέ-

2430 2150 2530 2201 μου
2582 2131 3065 2201 παραγενομένων,
3111 2130 3180 2183 τὰ
3233 2130 3374 2183 κατὰ
3416 2131 3504 2183 τον
3585 2128 3864 2198 Ῥωμανὸν
3919 2131 4011 2181 καὶ

2425 2223 2515 2276 τὸν
2548 2225 2724 2289 Βογᾶν
2752 2223 2998 2293 ἐκινήθη.
3022 2222 3132 2275 Kal
3172 2223 3251 2284 εἰς
3281 2220 3537 2273 τοσοῦτον
3565 2220 3814 2273 κινδύνου
3852 2236 4012 2288 περι-

2426 2316 2555 2383 έστη
2574 2313 2650 2383 τῷ
2677 2314 3021 2383 δρουγγαρίῳ
3048 2314 3115 2365 τὰ
3167 2311 3497 2383 πράγματα,
3536 2309 3610 2371 ὼς
3670 2310 3849 2378 ψῆφον
3894 2309 4013 2361 κατ’

2431 2404 2597 2458 αὐτοῦ
2644 2404 2993 2475 ἐξενεχθῆναι
3043 2403 3195 2474 παρά
3234 2404 3345 2457 τῶν
3400 2400 3674 2455 δικαστῶν
3716 2401 4011 2453 καταδικά-

2429 2496 2628 2559 ζουσαν
2677 2497 2837 2548 αὐτὸν
2865 2497 3168 2565 ἐκκοπῆναι
3198 2495 3295 2557 τὰς
3341 2494 3515 2563 δψεις,
3578 2494 3654 2555 ὡς
3712 2491 4009 2562 ἀμελείᾳῆ

2432 2586 2633 2655 μᾶλλον
2664 2587 2973 2656 κακουργίᾳ
3003 2585 3076 2656 μὴ
3110 2587 3519 2655 διαπεράσαντα
3571 2584 3697 2645 τούς
3749 2582 4014 2644 Πατζινὰ-

2428 2689 2550 2735 κας,
2580 2671 2741 2724 πάλιν
2764 2672 2819 2724 δὲ
2857 2673 2991 2741 μηδὲ
3018 2674 3145 2733 τοὺς
3182 2674 3289 2725 ἀπὸ
3323 2672 3420 2741 τῆς
3448 2673 3661 2741 τροπῆς
3720 2669 4011 2738 δεχόμενον

2431 2764 2900 2833 ὑποστρέψαντας.
2941 2764 3110 2817 Τοῦτο
3129 2765 3172 2816 δ’
3200 2764 3265 2817 ἂν
3299 2762 3611 2827 ἐπεπόνθει,
3668 2764 3713 2813 εί
3755 2761 3828 2831 μὴ
3884 2761 4014 2811 Στέ-

2432 2871 2602 2921 φανος
2632 2856 2931 2926 μάγιστρος
2968 2856 2995 2907 ό
3011 2856 3119 2907 τῶν
3141 2854 3452 2925 ἐπιτρόπων
3476 2849 3577 2920 εἷς,
3610 2852 3704 2905 καὶ
3727 2853 4014 2904 Κωνσταν-

2429 2945 2573 3005 τίνος
2607 2945 2897 3013 πατρίκιος
2929 2946 2957 2997 6
2986 2945 3286 3014 Γογγύλης,
3321 2944 3497 2997 πολλὰ
3541 2936 3829 3013 δυνάμενοι
3861 2944 4012 3010 παρὰ

2433 3036 2500 3102 τῇ
2528 3034 2806 3104 δεσποίνῃ,
2837 3037 3000 3089 αὐτὸν
3036 3036 3421 3108 ὲξερῤύσαντο.
3478 3034 3705 3103 Συμεὼν
3741 3034 3798 3086 δὲ
3841 3036 4014 3101 ἐπαρ-

2437 3125 2549 3187 θεὶς
2573 3128 2638 3194 τῇ
2674 3126 2801 3195 νίκῃ
2854 3127 2948 3179 καὶ
2992 3127 3259 3196 γαυριῶν,
3327 3126 3465 3197 ἄρας
3518 3126 3665 3179 ἆπαν
3713 3124 3881 3178 αὐτοῦ
3956 3126 4017 3177 τὸ

2433 3219 2766 3288 στράτευμα,
2802 3219 2942 3271 κατὰ
2973 3218 3074 3288 τῆς
3124 3219 3395 3289 βασιλίδος
3431 3219 3715 3287 ἠπείγετο.
3762 3215 4017 3286 Ἐξῆλθεν

2437 3308 2530 3362 οὖν
2563 3309 2722 3361 πάλιν
2757 3311 2783 3361 6
2814 3310 3134 3377 δομέστικος
3156 3311 3308 3363 Λέων
3354 3311 3382 3362 6
3433 3311 3630 3371 Φωκᾶς
3689 3309 3779 3361 καὶ
3813 3310 3839 3358 6
3874 3308 4018 3359 ἑται-

2438 3400 2696 3471 ρειάρχης
2736 3399 2988 3468 Ἰωάννης
3012 3400 3104 3453 καὶ
3134 3400 3396 3461 Νικόλαος
3419 3400 3447 3450 6
3470 3398 3883 3451 Κωνσταντίνου
3924 3395 4016 3449 τοῦ

2439 3491 2616 3544 Δοῦκα
2636 3490 2775 3555 υίὸς,
2816 3493 2959 3561 μετά
2978 3508 3140 3544 τινων
3174 3490 3526 3561 στρατιωτῶν
3545 3488 4017 3560 παρευρεθέντων,

2444 3585 2523 3643 είς
2549 3582 2875 3651 συνάντησιν
2899 3582 3085 3636 αὐτοῦ.
3117 3582 3227 3636 Καὶ
3247 3581 3388 3636 κατά
3436 3582 3599 3634 τόπον
3650 3580 3741 3634 τὸν
3796 3580 4020 3648 λεγόμε-

2441 3695 2532 3731 νον
2558 3676 2784 3728 Κατασύ
2797 3693 2925 3745 ρτας
2967 3676 3245 3746 ἀπομοίρᾳ
3272 3676 3380 3728 τινὶ
3430 3674 3757 3744 Βουλγάρων
3782 3674 3859 3735 είς
3889 3687 4020 3740 προ-

2442 3768 2611 3837 νομὴν
2640 3765 2951 3838 πεμφθείση
2981 3767 3378 3836 συνηντηκότες
3427 3768 3871 3836 προσρήγνυνται
3902 3762 4023 3814 τού-

2440 3875 2552 3921 τοις
2580 3860 2674 3911 καὶ
2704 3860 2997 3929 τρέπονται
3057 3858 3322 3919 εὐπετῶς.
3369 3856 3733 3929 Ἀκραιφνούς
3770 3856 3825 3908 δὲ
3861 3855 4023 3907 πάλιν

2442 3952 2636 4021 ἑτέρας
2666 3949 3120 4017 ὲπεισπεσούσης,
3158 3946 3478 4018 ὑφίστανται
3530 3949 3623 4001 καὶ
3673 3948 3874 4016 ταύτην
3932 3946 4019 4014 ρᾳ-

2442 4042 2569 4105 δίως
2596 4059 2654 4094 τε
2679 4042 2773 4094 καὶ⁵
2796 4041 3213 4111 ἀνδρικώτερον,
3240 4041 3564 4108 καὶγίνεται
3597 4040 3747 4109 μάχη
3780 4037 4024 4109 καρτερὰ

2443 4134 2537 4185 καὶ
2596 4132 2687 4184 ἐπὶ
2732 4131 2898 4184 πολὺν
2955 4131 3289 4200 διαρκέςασα
3337 4131 3555 4199 χρὸνον,
3619 4134 3712 4181 καὶ
3734 4130 4023 4198 τρέπονται

776 4217 873 4281 μὲν
901 4218 949 4268 oi
974 4214 1292 4285 Βούλγαροι,
1314 4217 1527 4287 ἐσφάγη
1555 4217 1613 4271 δὲ
1635 4219 1898 4284 Νικόλαος
1946 4224 1975 4274 6
2017 4224 2111 4276 τοῦ
2164 4224 2342 4278 Δοῦκα
2389 4226 2793 4297 υἱὸς,ἡρωϊκῶς
2839 4225 3246 4293 ἀγωνισάμενος
3298 4225 3391 4276 καὶ
3468 4224 3635 4286 αἴτιος
3700 4223 3797 4291 τῆς
3869 4221 4024 4288 νίκης

785 4304 1077 4373 Ῥωμαίοις
1108 4310 1419 4379 γενόμενος.
1440 4311 1552 4363 Καὶ
1587 4311 1654 4364 τὰ
1684 4311 1783 4379 μὲν
1808 4312 1948 4364 κατά
1978 4313 2069 4365 τὸν
2106 4314 2340 4383 πόλεμον
2380 4317 2681 4387 συνηνέχθη
2702 4314 2955 4383 γενέσθαι
2982 4314 3177 4377 οὕτως.

844 4404 915 4457 At
957 4416 1045 4457 res
1087 4403 1274 4460 civiles
1310 4407 1549 4475 pessimo
1589 4415 1746 4460 erant
1775 4405 1915 4471 loco,
1947 4408 2133 4462 multis
2168 4410 2339 4478 iisque

774 4494 1003 4549 summis
1061 4495 1192 4550 viris
1243 4496 1437 4553 insano
1490 4498 1701 4567 imperii
1758 4514 1943 4554 amore
2002 4500 2336 4557 ardentibus.

777 4586 979 4643 Horum
1006 4589 1161 4645 facile
1196 4592 1453 4663 princeps
1498 4604 1614 4649 erat
1639 4594 1749 4648 Leo
1794 4593 2023 4663 Phocas,
2070 4596 2340 4666 quiquod

777 4697 1001 4736 uxorem
1034 4683 1268 4738 habebat
1294 4684 1636 4739 Constantini
1686 4685 2006 4741 cubicularii
2043 4686 2220 4741 intimi
2253 4703 2339 4741 so—

780 4790 978 4837 rorem,
1013 4785 1065 4827 et
1110 4792 1170 4827 ea
1207 4784 1527 4845 tempestate
1574 4792 1765 4849 magna
1801 4788 1919 4832 erat
1964 4780 2341 4834 cunuchorum

776 4866 832 4919 in
879 4864 1000 4918 aula
1051 4866 1313 4933 potentia,
1350 4865 1404 4918 in
1429 4880 1493 4919 eo
1523 4865 1813 4936 plurimum
1848 4882 2058 4936 ponens
2105 4867 2340 4934 ﬁduciae,

780 4972 890 5010 non
935 4973 1131 5027 magno
1160 4958 1377 5026 negotio
1408 4973 1464 5013 se
1491 4961 1791 5029 potiturum
1837 4960 2066 5030 imperio
2098 4962 2341 5031 putabat,

782 5049 1011 5117 ideoque
1046 5050 1098 5102 in
1133 5049 1299 5119 289
1330 5066 1389 5104 ea
1425 5067 1479 5103 re
1512 5054 1712 5105 multus
1742 5062 1877 5114 erat,
1928 5066 2103 5121 neque
2133 5052 2344 5106 occulte

783 5141 876 5193 sed
912 5139 1083 5209 palam
1113 5140 1400 5209 imperium
1436 5140 1743 5204 affectabat,
1774 5143 1933 5213 idque
1962 5143 2128 5199 Veluti
2171 5159 2283 5197 rem
2316 5158 2345 5196 a

785 5231 1082 5300 majoribus
1104 5233 1217 5286 suis
1249 5232 1315 5286 ad
1348 5248 1405 5287 se
1429 5234 1817 5303 pertinentem,
1846 5235 2245 5304 quamprimum
2279 5234 2346 5287 ad

786 5340 842 5377 se
872 5332 929 5377 ut
958 5323 1257 5393 legitimum
1286 5324 1553 5379 Itzeredcm
1588 5326 1900 5379 devolutum
1932 5325 1993 5378 iri
2023 5325 2345 5379 somniabat.

787 5415 956 5482 Cuius
984 5415 1445 5469 vehementiorem
1477 5433 1640 5486 quam
1666 5418 1916 5487 impediri
1957 5427 2014 5471 ut
2046 5428 2227 5486 pOSsct
2256 5434 2345 5472 co-

789 5515 972 5557 natum
1020 5505 1214 5559 timens
1244 5505 1562 5561 Theodorus
1607 5509 1952 5578 imperatoris
2000 5508 2350 5584 paedagogus,

790 5606 1146 5666 metuensque
1200 5615 1267 5652 ne
1315 5614 1413 5653 suo
1466 5601 1687 5655 domino
1728 5616 1789 5655 ea
1848 5618 1934 5655 res
1984 5603 2151 5656 exitio
2184 5603 2342 5666 foret,

794 5687 917 5739 lmiu
948 5690 1180 5741 consulit
1211 5691 1286 5743 uti
1322 5690 1622 5745 Romanum
1674 5692 1959 5761 patricium
1994 5694 2344 5764 drungarium

793 5778 976 5831 classis
1035 5778 1241 5832 occulte
1298 5780 1397 5833 sibi
1453 5781 1719 5835 adsciscat
1754 5783 2053 5847 cUstodem,
2103 5799 2161 5838 ac
2190 5782 2230 5835 si
2265 5799 2347 5834 res

2518 4412 2560 4462 Τ
2564 4412 2598 4463 ὰ
2630 4410 2685 4462 δὲ
2713 4410 2854 4463 κατὰ
2878 4409 3031 4462 πόλιν
3060 4409 3233 4461 ἐνόσει
3287 4409 3491 4472 δεινῶς,
3525 4408 3734 4461 πολλῶν
3789 4408 3878 4458 καὶ
3927 4423 4023 4476 με·

2450 4503 2652 4569 γίστων
2683 4502 3119 4571 ἐπιμαινομένων
3163 4503 3229 4570 τῇ
3263 4500 3511 4569 βασιλεία
3566 4499 3657 4551 καὶ
3705 4498 3781 4567 τῷ
3821 4498 4022 4567 ταύτης

2447 4592 2609 4662 ἔρωτι
2667 4590 3034 4659 φλεγομένων,
3110 4581 3184 4643 ὧν
3269 4590 3561 4657 κορυφαῖος
3610 4582 3677 4657 ἦν
3734 4588 3761 4637 ὁ
3809 4587 4021 4648 Φωκᾶς·

2462 4682 2752 4751 Ὕπάρχων
2790 4681 2897 4751 γὰρ
2928 4677 3080 4742 οὗτος
3133 4680 3217 4732 ἐπ’
3249 4678 3451 4747 ἀδελφῇ
3495 4677 3745 4746 γαμϐρός
3784 4677 3877 4729 τοῦ
3917 4694 4023 4729 πα-

2455 4774 2869 4841 ρακοιμωμένου
2897 4771 3329 4833 Κωνσταντίνου,
3354 4771 3565 4839 μεγάλα
3583 4769 3701 4821 τότε
3722 4769 3828 4820 τῶν
3846 4770 3901 4820 ὲν
3916 4769 4023 4829 τοῖς

2430 4862 2743 4931 βασιλείοις
2766 4862 3068 4931 δυναμένου
3103 4861 3389 4930 εὐνούχων,
3419 4861 3506 4911 καὶ
3532 4859 3615 4910 ἐπ’
3634 4859 3781 4926 αὐτῷ
3801 4857 4029 4919 πλεῖστα

2452 4952 2666 5023 θαρρῶν
2684 4953 2875 5023 ῥᾳδίως
2894 4950 3105 5021 (Eia-.016
3121 4952 3214 5019 τῆς
3236 4950 3509 5019 βασιλεὲας
3533 4949 3779 5013 καθέξειν
3804 4948 4020 5017 κράτος.

2453 5047 2542 5096 Διό
2565 5048 2655 5097 καί
2681 5045 2845 5106 πολὺς
2886 5044 3131 5112 ἐφέρετο,
3161 5043 3253 5093 καὶ
3275 5041 3333 5092 οὐ
3360 5040 3594 5109 κρύϐδην
3617 5040 3749 5091 ἀλλά
3782 5037 4025 5106 φανερῶς

2453 5136 2651 5204 ταύτης
2679 5136 3012 5187 ἀντεποιεῖτο
3041 5132 3281 5203 ὡσπερεὶ
3308 5131 3560 5200 πατρῴου
3587 5132 3904 5199 πράγματος
3934 5128 4026 5179 καὶ

2460 5228 2786 5298 προγο·.όθεν
2836 5226 2982 5295 αὐτῷ
3023 5228 3336 5295 ἀνήκοντος,
3390 5225 3484 5275 καὶ
3538 5225 3658 5274 iam
3707 5222 3857 5273 εὐπω
3931 5218 4025 5288 ἥξ-

2457 5340 2536 5373 ειν
2576 5323 2651 5381 εἰς
2686 5320 2848 5372 αὖτὶν
2879 5319 2952 5381 ὡς
2998 5318 3077 5380 εἰς
3124 5317 3353 5385 νόμιμον
3396 5314 3643 5384 διαδοχὴν
3674 5311 4020 5380 ὲφαντὰζετο.

2458 5409 2531 5466 (νύ
2564 5412 2857 5481 ’.ὴνὸρμὴν
2916 5410 3283 5478 ἀκατάσχετον
3335 5402 3496 5459 οὖσαν
3556 5406 3807 5473 φοϐηθεὶς
3853 5405 3879 5454 6
3934 5400 4026 5452 τοῦ

2461 5504 2722 5573 βασιλέως
2765 5501 3173 5556 Κωνσταντίνου
3202 5500 3542 5566 παιδαγωγίας
3584 5496 3876 5561 θεόδωρος,
3934 5492 4029 5545 καὶ

2463 5600 2534 5664 μή
2570 5613 2618 5646 τι
2661 5594 2807 5665 πάθῃ
2832 5594 3013 5655 δείσας
3045 5596 3071 5645 ὁ
3100 5593 3373 5660 βασιλεὺς,
3429 5590 3657 5642 ὐπ’ἐθετο
3702 5587 3777 5654 τῷ
3821 5585 4029 5653 βασιλεῖ

2458 5689 2847 5755 Κωνσταντίνῳ
2876 5686 3146 5755 λαθραίως
3182 5683 3577 5754 προσλαϐέσθαι
3616 5681 3705 5733 τὸν
3744 5678 4025 5747 πατρίκιον

2470 5778 2744 5849 Ῥωμανὸν
2775 5779 2864 5829 καὶ
2910 5778 3263 5847 ὅροι-ίγέριον
3308 5774 3715 5841 τῶνπὶι-.ι’ἰ’;ι.ι.νν,
3763 5768 4027 5837 πατρικὲν
