4410 6452
408 405 476 471 21
1461 418 1995 478 HISTORIARUM
2064 416 2586 480 COMPENDIUM.
3570 413 3641 476 22

407 521 536 576 ὄντι
564 521 748 578 δοῦλον
777 525 869 578 καὶ
892 526 957 577 τὰ
980 526 1142 579 αὒτοῦ
1164 529 1462 598 φρονοῦντα
1495 533 1582 586 διὰ
1605 534 1979 597 παντὸς,ὦστε
2012 543 2054 594 Α
2087 535 2148 586 ita

1902 550 1979 587 ςτε
2012 543 2054 594 Α
2087 533 2444 602 itapostulct,
2503 530 2844 586 defensorem
2877 549 2890 584 :
2929 548 3054 586 eum
3098 533 3298 601 quippe
3359 537 3643 600 paternum

413 619 651 668 συνεῖναι
688 617 780 668 καὶ
827 617 1209 686 διαφυλάττειν
1253 623 1434 688 αὐτον,
1483 623 1567 695 [Ρ.
1603 625 1726 696 lilii]
1781 626 1877 678 καὶ
1935 628 1982 677 εἱ

411 707 615 776 δεήσει,
669 708 957 779 σύμμαχον
991 711 1136 780 ἔχειν
1181 714 1276 766 καὶ
1309 714 1520 785 βοηθόν.
1587 717 1865 787 Ἐντυχίας
1891 717 1982 770 οὖν

415 799 634 866 πρῶτον
653 818 718 852 πε
727 802 782 867 ρὶ
806 801 994 855 τούτου
1023 806 1323 876 γενομένης
1347 809 1372 860 ὀ
1405 807 1678 876 Ῥωμανὸς
1691 811 1980 874 ἀπείπατο,

416 891 513 942 ναὶ
547 891 706 942 πάλιν
739 893 832 945 καὶ
851 894 1111 956 πολλάκις
1139 897 1541 966 πειρασθέντων
1556 900 1660 951 τῶν
1709 902 1852 970 ἀμφὶ
1892 903 1984 955 τὸν

412 984 686 1052 Θεόδωρον
727 986 1019 1039 ἀπείπατο.
1059 989 1213 1041 Ἐπεὶ
1250 990 1307 1042 δὲ
1347 992 1696 1062 γραμμάτιον
1739 994 1984 1064 αὐτόχει-

416 1093 508 1144 ρον
538 1078 780 1145 χτράξςις
809 1081 835 1130 ὁ
876 1079 1129 1148 βασιλεὺς
1183 1083 1276 1134 καὶ
1323 1087 1581 1150 φοινικοῖς
1631 1086 1986 1154 ὑποσημανας

416 1171 742 1237 γρίιμμασιν
769 1171 1084 1224 ἀπέστειλεν
1111 1173 1263 1239 αὐτὸ,
1292 1171 1403 1238 εἶξέ
1425 1191 1484 1227 τε
1508 1178 1600 1228 ἐπὶ
1621 1181 1808 1246 χεῖρας
1831 1178 1987 1233 τοῦτο

423 1260 630 1323 λαϐὼν,
671 1264 764 1314 καὶ
795 1264 1165 1333 καθυπέσχετο
1187 1265 1285 1335 τὴν
1342 1267 1437 1319 τοῦ
1487 1272 1985 1340 παρακοιμωμένου

425 1354 842 1406 Κωνσταντίνου
893 1359 987 1407 καὶ
1041 1361 1148 1408 τῶν
1209 1360 1487 1426 συγγενῶν
1543 1362 1707 1414 αὐτοῦ
1746 1363 1987 1418 ἐπίθεσιν

421 1445 666 1497 κωλῦσαι
697 1446 838 1498 κατὰ
862 1447 922 1498 τὸ
954 1447 1248 1518 ἐγχωροῦν.
1283 1451 1362 1503 Τὰ
1395 1452 1493 1520 μὲν
1539 1450 1631 1507 οὖν
1685 1455 1988 1526 λαληθέντα

415 1537 510 1588 ml.
546 1538 900 1606 στοιχηθέντα
921 1539 1063 1593 οὕτω
1091 1541 1321 1612 προέϐη,
1357 1545 1448 1598 καὶ
1502 1547 1588 1599 διὰ
1639 1549 1736 1616 τῆς
1783 1549 1988 1617 ἀγορᾶς

415 1631 512 1681 καὶ
539 1629 648 1680 τῶν
675 1631 969 1702 λεωφόρων
985 1634 1204 1686 καὶτῶν
1224 1638 1513 1690 στενωπῶν
1531 1639 1952 1711 ὑπεψιθυρίζετο
1972 1657 1985 1670 ⁵

414 1722 441 1770 ὸ
471 1719 526 1770 δὲ
571 1724 1088 1793 παρακοιμώμενος,
1120 1727 1323 1797 καίπερ
1364 1730 1463 1782 οὐκ
1495 1732 1722 1799 ἀνήκοος
1753 1734 1827 1786 ὣν
1882 1735 1988 1786 τῶν

415 1811 534 1861 κατ’
561 1813 723 1864 αὑτοῦ
762 1814 1175 1885 μελετωμένων,
1220 1821 1562 1890 κατεφρόνει,
1599 1823 1673 1893 μὴ
1735 1825 1800 1878 ἄν
1857 1842 1986 1878 ποτε

414 1901 619 1969 οἰηθεὶς
658 1905 923 1974 τολμῆσαί
957 1925 1076 1960 τινα
1107 1911 1441 1982 ἐπιχείρησιν
1469 1916 1588 1967 κατ’
1623 1917 1787 1969 αὑτοῦ
1828 1919 1988 1988 ποιή-

416 1991 610 2044 σασθαι
694 1994 954 2058 Ἐξελθὼν
1003 1995 1096 2050 οὖν
1157 2003 1248 2052 καὶ
1315 2002 1412 2072 τὴν
1467 2005 1668 2073 συνήθη
1727 2006 1985 2078 διανομὴν

414 2081 511 2148 τῆς
553 2083 716 2149 ρόγας
740 2088 1104 2155 ποιησάμενος
1127 2091 1234 2142 τῶν
1265 2091 1547 2158 πλωῖμων,
1607 2096 1699 2148 καὶ
1722 2096 1811 2148 τὸν
1850 2097 1980 2150 Ῥω-

420 2174 588 2237 μινον
652 2177 995 2230 ἐπισπεύδων
1043 2182 1226 2249 τάχιον
1282 2183 1600 2246 ἐκπλεῦσαι,
1668 2189 1986 2258 περιπίπτει.

415 2261 492 2327 τῷ
527 2263 688 2332 λῐχῳ.
720 2268 960 2337 Δουλικῷ
982 2271 1090 2339 γὰρ
1125 2275 1181 2324 ἐν
1232 2276 1470 2343 σχήματι
1527 2281 1987 2350 προσυπαντήσας

415 2352 442 2400 ὁ
483 2352 762 2420 Ῥωμανὸς
803 2358 971 2428 αὐτῷ,
1011 2363 1101 2412 καὶ
1149 2362 1445 2432 προθύμως
1487 2367 1732 2435 ποιήσειν
1780 2369 1840 2420 τὸ
1893 2387 1986 2422 κε-

417 2441 644 2495 λευσῦἐν
669 2447 1160 2518 ἐπαγγελλόμενος,
1207 2455 1386 2523 ἠρέμα
1440 2459 1532 2508 καὶ
1591 2462 1730 2511 κατὰ
1796 2461 1987 2530 μικρὸν

417 2530 552 2602 ἦγεν
583 2540 743 2592 αὐτὸν
783 2544 863 2604 εἰς
905 2541 1002 2612 τὴν
1033 2544 1274 2615 ἐνέδραν.
1315 2549 1498 2618 Μηδὲν
1545 2550 1600 2602 δέ
1635 2553 1987 2607 ἐπαισθέσθαι

417 2629 526 2680 τῶν
559 2631 951 2700 μελετιιιμέθων
979 2636 1071 2687 τοῦ
1116 2640 1617 2708 παρακοιμωμένου
1647 2643 1984 2711 δυνηθέντος,

419 2718 538 2769 dif/3
569 2721 787 2784 ἀκάκως
813 2726 904 2776 καὶ
941 2729 1110 2794 χωρὶς
1145 2730 1399 2792 ὑπονοίας
1433 2732 1840 2802 διαλεγομένου,
1895 2739 1988 2790 καὶ

425 2807 622 2872 μᾶλλον
645 2811 871 2875 ἔγγιστα
901 2818 1217 2883 προσιόντος
1244 2820 1430 2886 αὐτοῦ,
1457 2824 1550 2875 καὶ
1591 2825 1896 2894 πυθομένου
1941 2831 1988 2881 εἰ

423 2900 531 2965 ἔχει
556 2901 754 2970 ἄνδρας
780 2906 1003 2969 εὐειδεῖς
1039 2911 1128 2961 καὶ
1156 2913 1439 2976 γενναίους
1483 2915 1576 2967 καὶ
1614 2918 1712 2987 τὴν
1776 2920 1988 2988 βασιλι-

424 2989 525 3056 κὴν
563 2993 799 3058 ἐρέττειν
839 2999 1180 3068 ἐπιτηδείους
1209 3005 1431 3074 τριήρη,
1473 3005 1566 3056 τοῦ
1629 3007 1683 3058 δὲ
1721 3009 1812 3060 καὶ
1845 3008 1989 3077 ἔχειν

423 3083 515 3133 καὶ
546 3084 711 3150 ἐγγὺς
743 3092 994 3156 παρεῖναι
1038 3091 1259 3156 τούτους
1298 3096 1599 3166 εἰρηκότος,
1629 3101 1720 3152 καὶ
1778 3103 1840 3170 τῇ
1894 3118 1986 3152 κε·

423 3179 563 3246 ςαλῇ
590 3180 875 3246 νεύσαντος
906 3185 1063 3252 ἥκειν
1091 3187 1244 3249 τινὰς
1298 3189 1525 3259 πλησίον
1551 3192 1658 3244 τῶν
1692 3194 1990 3246 εὐειδεστέ-

426 3283 552 3334 ρων,
577 3271 604 3320 ο
636 3273 1042 3339 Κωνσταντῖνος
1074 3277 1408 3346 θεασάμενος
1440 3282 1666 3344 τούτους
1719 3284 1815 3335 καὶ
1849 3285 1991 3354 τάχα

422 3358 822 3428 ἀποδεξάμενος
867 3365 1123 3435 ἀπαίρειν
1185 3368 1466 3437 ἠπείγετο.
1511 3373 1568 3424 Ὀ
1616 3373 1671 3425 δὲ
1716 3375 1992 3444 Ῥωμανος

424 3447 642 3514 ἔγγιστα
673 3451 860 3506 τούτου
893 3457 1235 3524 περιπατῶν,
1275 3459 1350 3521 ὡς
1387 3460 1617 3528 πλησίον
1638 3464 1888 3529 ἐγένοντο
1923 3468 1988 3536 τῇ

427 3542 740 3608 στρατηγίδι
781 3547 1010 3615 τριήρει,
1073 3549 1362 3619 κατασχὼν
1411 3551 1500 3603 τὸν
1561 3555 1989 3621 Κωνσταντῖνον,

424 3629 516 3680 καὶ
551 3632 718 3700 μηδὲν
741 3633 902 3687 πλέον
938 3635 1107 3690 εἰπὼν
1144 3639 1258 3692 ἀλλ’
1287 3640 1319 3710 ἢ
1351 3641 1531 3710 μόνον,
1569 3662 1586 3694 ε
1634 3647 1834 3716 Ἀρατε
1869 3650 1989 3702 τοῦ-

423 3734 534 3782 τον,
572 3740 589 3770 ι
623 3722 782 3784 αὐτὸς
818 3726 917 3792 μὲν
976 3726 1127 3799 ἔστη,
1158 3730 1208 3782 οἱ
1246 3731 1301 3784 δὲ
1335 3733 1468 3802 πρὸς
1512 3734 1573 3786 τὸ
1626 3735 1786 3806 ἔργον
1841 3737 1990 3799 ὄντες

429 3811 852 3882 τιτρεπισμένοι
883 3818 1179 3889 εἰσήγαγον
1203 3822 1282 3884 εἰς
1311 3823 1409 3892 τὴν
1456 3826 1751 3896 ναυαρχίδα
1800 3831 1893 3880 καὶ
1935 3832 1992 3881 ἐν

425 3903 693 3973 ἀσφαλείᾳ
736 3909 1006 3976 κατεῖχον,
1066 3911 1291 3979 μηδενὸς
1338 3915 1615 3986 ἐπαμῦναι
1649 3917 1837 3972 τοῦτον
1883 3920 1992 3973 τολ-

428 3992 694 4057 μήσαντος
747 3996 854 4048 τῶν
912 4001 1295 4071 συνεπομένων
1361 4006 1528 4076 αὐτῷ,
1582 4009 1718 4062 ἀλλὰ
1777 4013 1992 4067 πάντων

428 4086 737 4152 παραυτίκα
761 4087 1194 4160 διασπαρέντων.
1232 4092 1341 4164 Τῆς
1378 4098 1568 4169 φήμης
1619 4099 1713 4154 οὖν
1744 4101 1992 4173 ἐξαρθεί-

426 4191 524 4241 an;
550 4180 758 4247 ταραχὴ
791 4180 1020 4249 κατέσχε
1074 4185 1256 4239 πᾶσαν
1286 4188 1384 4255 τὴν
1441 4189 1614 4257 πόλιν,
1657 4195 1992 4263 τυραννίδος,

425 4265 498 4326 ὼς
529 4266 696 4333 εἰκὸς,
741 4270 985 4324 ἐπίθεσιν
1016 4273 1403 4348 λογισαμένην.
1441 4280 1750 4347 Φοάσαντος
1781 4281 1873 4340 οὖν
1899 4286 1992 4340 τοῦ

425 4356 582 4422 λόγον
612 4361 704 4413 καὶ
730 4363 891 4432 μέχρι
915 4364 1015 4432 τῆς
1045 4364 1312 4434 βασιλίδος
1339 4371 1511 4442 Ζωῆς,
1549 4375 1628 4436 είς
1680 4375 1992 4446 ἀμηχανίαν

424 4448 517 4498 καὶ
575 4451 624 4501 οἱ
671 4452 729 4502 ἐν
792 4453 940 4506 τέλει
997 4457 1303 4516 ἐνέπιπτον.
1388 4463 1783 4531 Προσκαλεῖται
1860 4468 1990 4537 γοῦν

1939 3234 1962 3246 “’
2019 3233 2060 3287 C

2084 640 2204 678 esse
2231 625 2400 693 ipsius
2447 624 2780 688 ministrum,
2829 634 3252 694 constanterque
3282 623 3381 692 ipsi
3409 623 3648 678 benevo-

2085 717 2216 769 lum.
2253 717 2494 770 Primum
2527 717 2628 771 liae
2657 718 2723 771 de
2751 732 2808 771 re
2867 718 3220 786 compellatus
3257 715 3534 770 Romanus
3564 728 3648 769 re-

2086 808 2235 872 nuit;
2268 816 2321 860 et
2350 807 2544 862 iterum
2595 825 2658 862 ae
2711 810 2910 879 smpius
2941 809 3227 863 Theodoro
3253 808 3493 862 animum
3533 806 3652 874 ejus

2089 909 2331 954 tentante
2361 899 2652 954 recusavit.
2683 899 2923 955 Tandem
2951 916 3075 955 cum
3117 900 3320 954 litteras
3354 914 3516 952 manu
3546 898 3646 951 im-

2087 991 2352 1060 peratoris
2388 990 2615 1060 scriptas
2649 991 2716 1043 ab
2750 993 2977 1061 ipsoque
3008 991 3254 1060 puniceis
3308 991 3654 1059 subsignatas

2087 1083 2282 1138 litteris
2305 1084 2372 1138 ad
2407 1099 2465 1139 se
2496 1084 2690 1137 missas
2736 1083 3052 1152 accepisset,
3111 1083 3413 1146 concessit;
3447 1081 3655 1151 pollici-

2091 1186 2283 1244 tusque
2309 1184 2391 1229 est
2420 1192 2498 1239 se,
2525 1185 2788 1244 quantum
2821 1174 2939 1244 ejus
2986 1175 3099 1229 fieri
3141 1183 3344 1244 posset,
3389 1172 3656 1228 Constan-

2091 1267 2192 1321 tini
2260 1267 2580 1320 rubicularii
2640 1265 2868 1335 ejusque
2923 1275 3271 1337 cognatorum
3341 1265 3656 1317 ntulitiones

2091 1359 2498 1429 impediturum.
2528 1358 2640 1412 lloc
2674 1359 2835 1413 modo
2860 1373 2948 1413 res
2974 1358 3293 1426 composita,
3318 1372 3381 1410 ac
3406 1355 3473 1410 de
3505 1370 3568 1409 ea
3598 1356 3652 1408 in

2089 1451 2207 1507 foro
2236 1451 2488 1520 compitis
2519 1465 2581 1505 ac
2604 1451 2904 1522 angiportis
2936 1449 3344 1506 susurrabatur.
3385 1447 3656 1502 Constan-

2091 1547 2239 1600 tinus
2264 1552 2445 1598 autem
2472 1542 2858 1606 cubicularius,
2887 1556 3198 1611 quanquam
3245 1540 3294 1594 ei
3323 1554 3442 1609 qua:
3468 1547 3659 1592 contra

2091 1637 2268 1705 ipsum
2300 1644 2640 1689 struerentur
2691 1650 2797 1688 non
2843 1643 2999 1688 erant
3031 1633 3292 1696 inaudita,
3349 1632 3436 1685 illa
3477 1641 3658 1685 tamen

2091 1724 2500 1786 contemnebat,
2560 1721 2836 1776 neminem
2877 1734 3116 1788 unquam
3172 1717 3434 1772 adversus
3466 1715 3660 1780 se.ali-

2092 1816 2220 1885 quid
2245 1830 2503 1869 ausurum
2536 1813 2791 1883 Opinans.
2821 1810 2925 1866 Sed
2971 1825 3093 1866 cum
3131 1810 3195 1863 ad
3243 1809 3470 1863 classem
3505 1820 3661 1876 egre-

2093 1909 2336 1969 deretur,
2370 1921 2526 1975 rogas
2565 1907 2631 1959 de
2678 1919 2830 1958 more
2860 1903 3272 1961 distributurus,
3308 1899 3662 1966 Romanoque

2095 1999 2449 2053 mandaturus
2478 1998 2961 2066 utquamprimum
3016 1993 3316 2061 navigaret,
3373 1990 3564 2045 incidit
3603 1989 3661 2042 in

2093 2089 2255 2159 290
2285 2089 2526 2143 insidias.
2579 2088 2795 2141 Etenim
2843 2084 3027 2139 servili
3069 2083 3240 2137 forma
3271 2081 3321 2135 ei
3363 2095 3662 2135 occurrens

2096 2179 2390 2242 llomanns,
2451 2186 2507 2231 et
2558 2175 2809 2229 mandata
2861 2188 2917 2228 se
2971 2173 3214 2226 studiose
3274 2179 3660 2225 exsecuturum

2095 2269 2460 2338 promittens,
2525 2266 2781 2334 paulatim
2833 2266 2886 2317 in
2945 2278 3125 2318 casses
3180 2262 3468 2332 pcrtraltit,
3526 2261 3660 2314 nihil

2095 2375 2319 2430 prorsus
2349 2374 2536 2413 eorum
2570 2374 2690 2427 qum
2723 2357 3052 2426 parabantur
3077 2355 3349 2425 conjicere
3369 2355 3658 2416 valentem,

2096 2451 2189 2506 sed
2223 2449 2470 2504 similiter
2502 2459 2555 2503 et
2603 2449 2805 2516 absque
2841 2448 2949 2501 ulla
3000 2446 3309 2516 suspicione
3344 2445 3662 2513 colloquen-

2097 2549 2228 2603 tem,
2273 2539 2603 2608 propiusque
2633 2538 2865 2592 subinde
2892 2538 3266 2602 accedentem,
3294 2552 3356 2591 ae
3380 2543 3659 2606 rogantem

2096 2631 2314 2683 virosnc
2341 2630 2566 2683 haberet
2601 2629 2858 2698 pulchros
2885 2643 2948 2683 ac
2982 2629 3172 2691 fortes,
3209 2637 3365 2697 aptos
3394 2626 3459 2680 ad
3493 2626 3662 2693 impe-

2097 2723 2351 2776 ratoriam
2396 2723 2670 2775 triremem
2715 2721 2997 2791 agendam.
3037 2719 3351 2790 Respondet
3384 2718 3663 2772 Romanus

2097 2830 2190 2869 eos
2219 2822 2415 2883 przesto
2445 2829 2587 2878 esse,
2641 2823 2693 2866 et
2723 2813 3104 2866 formosiorqu
3134 2810 3455 2881 quibusdam
3485 2809 3665 2864 innui:

2099 2915 2156 2958 ut
2203 2907 2482 2958 accedant.
2519 2904 2667 2970 Quos
2713 2905 3110 2974 contemplatus
3143 2913 3198 2958 ct
3247 2903 3483 2973 probans
3523 2903 3662 2957 Con-

2098 2996 2392 3059 stantinus,
2427 3012 2548 3050 eum
2575 2996 2711 3050 solvi
2742 3011 2908 3050 naves
2934 2997 3173 3066 juberet,
3206 2993 3484 3048 Romanus
3515 2995 3665 3063 juxta

2096 3086 2453 3140 obambulans
2478 3127 2490 3149 ,
2526 3097 2584 3139 ut
2617 3087 2860 3154 proxime
2889 3086 3194 3156 prmtoriam
3225 3086 3403 3139 navim
3439 3095 3663 3140 vertnm

2098 3185 2198 3240 est,
2229 3177 2278 3231 id
2313 3179 2471 3231 modo
2496 3178 2658 3243 fatus,
2681 3198 2698 3229 ‹
2732 3178 2972 3248 Abripite
3003 3179 3145 3233 hunc
3173 3196 3191 3229 ι
3228 3177 3492 3232 subsistit.
3529 3174 3660 3243 Qui-

2093 3272 2196 3325 bus
2235 3286 2366 3325 vcro
2402 3271 2677 3340 negotium
2731 3272 2917 3326 datum
2954 3280 3100 3337 erat,
3152 3272 3187 3324 ii
3239 3269 3662 3325 Constantinum

2094 3362 2273 3415 statim
2340 3361 2394 3414 in
2449 3362 2626 3415 navim
2679 3364 2985 3432 prmtoriam
3034 3362 3330 3426 abducunt,
3381 3361 3560 3431 ibique
3601 3361 3660 3416 in

2093 3452 2337 3506 custodia
2366 3461 2666 3516 asse-rvunt,
2687 3454 2902 3507 nemine
2931 3453 3189 3507 comitum
3217 3467 3340 3506 eum
3367 3451 3660 3507 defendere

2093 3560 2247 3619 auso,
2294 3544 2388 3598 sed
2437 3545 2689 3599 omnibus
2720 3546 2994 3614 extemplo
3033 3545 3276 3613 dilapsis.
3310 3541 3484 3612 Hujus
3523 3542 3657 3596 faci-

2098 3637 2242 3691 noris
2279 3636 2418 3691 fama
2444 3637 2496 3689 in
2541 3637 2728 3690 urbem
2762 3637 2921 3690 allata
2957 3635 3164 3690 animos
3208 3635 3488 3689 hominum
3527 3646 3660 3687 con-

2101 3729 2359 3793 turbavit,
2390 3729 2730 3800 tyrannidem
2771 3729 2839 3783 ab
2867 3729 3049 3797 aliquo
3094 3727 3277 3782 invadi
3314 3726 3620 3800 putantium
3643 3765 3659 3790 ,

2099 3835 2330 3888 eumque
2385 3821 2451 3874 ad
2479 3821 2625 3874 Zocn
2683 3835 2854 3888 usque
2917 3820 3294 3890 pervenisset,
3344 3819 3662 3890 proceribus

2103 3925 2318 3979 quoque
2356 3927 2601 3980 magnam
2631 3911 3046 3966 sollicitudinem
3087 3911 3292 3978 injecit.
3337 3910 3445 3964 Zoe
3501 3910 3660 3964 Nico-

2097 3996 2241 4049 laum
2271 3998 2635 4064 patriarcham
2681 4007 2736 4051 ct
2785 4007 3067 4055 senatores
3098 3999 3337 4055 delectos
3374 3999 3441 4053 ad
3472 4014 3530 4054 se
3565 4015 3663 4054 vo-

2095 4095 2202 4149 cat,
2237 4103 2403 4156 reque
2435 4103 2558 4142 cum
2611 4089 2676 4144 iis
2708 4089 3004 4144 deliberata
3038 4091 3104 4145 ad
3143 4092 3444 4146 Romanum
3475 4093 3661 4154 mittit,

2094 4179 2187 4248 qui
2217 4193 2438 4233 causam
2468 4179 2594 4235 facti
2632 4183 2938 4252 exquirant.
2987 4183 3114 4248 Eos,
3155 4199 3278 4238 cum
3327 4183 3394 4237 ad
3443 4183 3662 4237 navium

2096 4270 2385 4325 stationem
2422 4273 2696 4328 venissent
2725 4283 2781 4328 et
2823 4274 2888 4327 de
2916 4274 3073 4343 291
3131 4266 3529 4343 comprehenso
3568 4290 3662 4329 eu-

2095 4359 2362 4413 biculario
2384 4359 2662 4429 inquirere
2684 4362 3053 4426 intenderent,
3087 4362 3355 4416 sociorum
3386 4363 3661 4416 navalium

2095 4451 2347 4521 petulans
2377 4452 2671 4507 multitudo
2701 4453 2974 4508 concitata
3006 4453 3154 4508 saxis
3179 4452 3402 4522 repulit.
3456 4451 3662 4508 Postri-

426 4541 457 4606 ἡ
500 4537 710 4639 βασιλὶς
762 4545 854 4639 τον
883 4550 1231 4620 πατριάρχην
1277 4551 1541 4607 Νικόλαον
1571 4557 1664 4609 καὶ
1705 4559 1832 4623 τοὺς
1890 4560 1990 4630 τῆς
2020 4584 2064 4639 D
2095 4545 2167 4599 ἀί(

1921 4560 1990 4630 ἧς
2020 4584 2064 4639 D
2095 4545 2182 4639 die
2211 4545 2336 4639 Zoeg
2348 4546 2519 4639 prima
2545 4547 2664 4601 luce
2699 4547 2766 4601 ad
2793 4547 3157 4639 Bucoﬁleonem
3181 4560 3419 4616 egressa,
3438 4556 3659 4639 evocato

425 4632 723 4703 συγκλήτου
791 4636 1046 4703 λογάδας·
1165 4643 1648 4718 κοινολογισαμένη
1732 4648 1788 4702 δὲ
1862 4650 1983 4718 μετ’

422 4723 599 4776 αὐτῶν
671 4728 946 4796 ἐκπέμπει
1030 4732 1165 4802 πρὸς
1231 4734 1528 4804 Ῥωμανὸν,
1615 4739 1713 4809 τὴν

423 4813 512 4866 τοῦ
574 4817 863 4884 γεγονότος
925 4819 1116 4888 μαθεῖν
1170 4821 1450 4880 ἐθέλουσα.
1545 4826 1666 4878 Τῶν
1710 4827 1766 4878 δὲ
1838 4845 1984 4896 πεμ-

423 4905 663 4971 φθέντων
737 4915 1051 4980 γενομένων
1114 4913 1242 4966 ἔνθα
1310 4917 1675 4987 προσώρμουν
1749 4921 1806 4973 αι
1867 4938 1984 4991 τρι-

423 4997 594 5066 ήρεις,
628 5002 719 5054 καὶ
753 5004 1052 5071 μελλόντων
1087 5005 1313 5076 ζήτησιν
1332 5011 1715 5080 ποιεῖσθαιτῆς
1746 5014 1838 5064 τοῦ
1868 5031 1977 5064 πα-

426 5091 837 5160 ρακοιμωμένου
893 5097 1290 5165 κατασχέσεως,
1341 5100 1368 5150 ὁ
1401 5097 1506 5150 τῶν
1554 5101 1816 5168 πλωῒμων
1867 5102 1982 5154 δια-

423 5179 617 5242 ναστὰς
641 5182 934 5247 ἀκόλαστος
963 5185 1118 5254 ὄχλος
1146 5188 1257 5257 (57)
1287 5188 1451 5252 λίθοις
1472 5190 1666 5252 αὐτοὺς
1689 5192 1976 5260 ἐξήλασαν.

423 5267 626 5324 Ἐωθεν
663 5273 755 5327 οὗν
803 5279 834 5344 ἡ
889 5275 1095 5341 βασιλὶς
1147 5280 1432 5345 ἐξελθοῦσα
1489 5283 1614 5352 περὶ
1648 5283 1742 5334 τὸν
1785 5285 1981 5337 Βουκο-

423 5361 628 5427 λέοντα,
665 5365 760 5418 καὶ
790 5369 880 5418 τὸν
909 5368 1022 5420 υἱὸν
1065 5371 1528 5442 μεταστειλαμένη
1573 5374 1662 5424 καὶ
1697 5375 1821 5436 τοὺς
1855 5375 1981 5442 περὶ

421 5452 599 5520 αὑτὸν,
625 5457 883 5527 ἐπηρώτα
917 5459 1028 5524 πῶς
1067 5462 1288 5529 γέγονεν
1319 5465 1350 5532 ἡ
1383 5465 1646 5534 ἁνταρσία
1677 5464 1836 5536 αὕτη.
1861 5467 1980 5536 Μη-

1805 4741 1981 4794 αἰτίαν

2092 4637 2255 4692 etiam
2289 4637 2400 4690 ﬁlio
2433 4647 2488 4691 et
2511 4639 2628 4706 ejus
2675 4639 2900 4703 familia,
2935 4638 3230 4709 interrogat
3273 4652 3518 4706 qumnam
3557 4637 3660 4691 hu-

2085 4729 2176 4799 jus
2206 4728 2494 4784 scditionis
2523 4745 2685 4785 causa
2715 4740 2878 4784 esset.
2903 4730 2981 4784 lbi
3011 4745 3134 4784 cum
3168 4744 3331 4784 nemo
3360 4729 3659 4798 responde-

2088 4829 2190 4886 ret,
2253 4819 2569 4875 Tlieodorus
2624 4821 2968 4891 imperatoris
3023 4819 3346 4890 paedagogus
3387 4819 3509 4874 ideo
3557 4819 3653 4885 ait,

2090 4910 2238 4965 hunc
2279 4919 2488 4965 motum
2516 4912 2810 4977 exstitisse,
2842 4911 2982 4982 quod
3013 4911 3121 4965 Leo
3151 4911 3361 4965 Phocas
3392 4909 3652 4982 legiones,

2087 5001 2480 5058 Constantinus
2531 5003 2894 5057 cubicularius
2954 5001 3212 5071 palatium
3263 5001 3648 5072 perdidissent.

2089 5093 2358 5148 Caeterum
2394 5095 2693 5162 imperator
2723 5095 3010 5162 imperium
3042 5109 3070 5148 a
3103 5103 3272 5147 matre
3305 5092 3357 5146 in
3392 5107 3451 5146 se
3483 5099 3654 5145 trans-

2089 5185 2289 5248 ferens,
2322 5186 2688 5255 patriareham
2716 5185 2995 5240 Nicolaum
3049 5195 3101 5239 et
3150 5185 3464 5254 magistrum
3525 5182 3644 5236 Stc'

2087 5278 2322 5346 phanum
2384 5275 2436 5328 in
2495 5275 2672 5328 aulam
2739 5285 2982 5340 revocat;
3037 5291 3100 5329 ac
3161 5272 3424 5342 postridie
3480 5273 3646 5326 misso

2085 5367 2293 5422 Joanne
2318 5368 2534 5422 'l'ubace
2564 5366 2861 5438 Augustam
2899 5368 3100 5436 palatio
3130 5365 3321 5420 abduci
3354 5364 3530 5433 jubet.
3571 5362 3646 5416 Ea

2088 5463 2220 5515 llens
2258 5470 2419 5528 atque
2460 5460 2689 5530 ejnlans,
2744 5459 2907 5512 ﬁlium
2938 5457 3204 5527 amplexa,
3241 5455 3644 5510 miserationem

1558 5624 1906 5680 XYLANDRI
1934 5623 2022 5679 ET
2045 5623 2247 5679 GOAlll
2294 5623 2522 5678 ΝΟΤΧΕ.

492 5734 906 5809 (57_t_.-Xllml_i_ta_d
934 5737 1417 5809 Euripidisluenm,
1440 5744 1528 5808 qui
1558 5751 1637 5795 est
1660 5742 1711 5795 in
1734 5741 1971 5796 Hecuba.
2013 5742 2238 5798 Joannis
2265 5741 2459 5796 Leonis
2491 5754 2774 5794 successor
2805 5747 2886 5794 est
2915 5735 3158 5798 Garidas,
3227 5733 3368 5801 quod
3437 5748 3641 5803 cogno-

420 5818 540 5860 men
573 5806 658 5860 hic
692 5807 899 5862 addidit
940 5806 1099 5865 etiam
1140 5812 1395 5868 Zonaras.
1435 5806 1560 5866 Χὶι..
