4410 6452
764 348 838 414 23
2021 365 2340 426 GEORGII
2373 366 2505 431 (ΖΕΗ

2282 368 2340 426 Il
2373 366 2708 431 CEDltENI
3941 380 4012 445 24

764 470 954 521 matris
984 469 1188 535 movit;
1221 469 1464 541 adeoque
1497 473 1562 526 iis
1597 475 1685 544 qui
1731 491 1846 529 eam
1882 478 2151 532 ducebant
2192 481 2336 535 Cou-
2364 499 2415 558 Α
2439 484 2505 535 δεπ

2274 504 2336 535 Ιι·
2364 499 2415 558 Α
2439 484 2583 539 δενὸς
2619 486 2675 537 δὲ
2712 486 3173 555 ἀποκριναμένου,
3209 486 3290 558 [Ρ.
3327 489 3454 560 616]
3489 494 3516 542 ὁ
3548 493 3891 562 παιδαγωγὸς
3915 493 4009 549 τοῦ

767 559 1044 614 stantinus
1078 561 1351 616 mandavit
1413 575 1471 620 ut
1522 581 1673 620 suam
1727 583 1909 622 secum
1963 570 2337 640 relinquerent

770 659 1024 719 matrem,
1052 663 1240 723 estque
1272 655 1414 711 illico
1459 660 1526 712 ab
1557 660 1623 713 iis
1652 662 1892 716 dimissa.
1925 663 2070 717 ldem
2099 664 2335 721 Leonem

771 740 1030 805 Phocam,
1068 756 1319 803 metuens
1350 764 1418 802 ne
1448 749 1493 803 is
1521 751 1809 820 aliquando
1857 754 2142 825 imperium
2180 759 2335 813 inva-

769 835 941 899 deret,
976 836 1096 891 loco
1131 840 1323 902 movit,
1355 841 1828 913 domesticumque
1858 848 2165 902 scholarum
2208 850 2337 905 fecit

766 928 1031 983 Joannem
1063 930 1316 987 Garidam
1360 936 1698 1006 magistrum.
1734 939 1991 997 Precibus
2026 952 2202 997 tamen
2233 944 2335 997 im-

770 1017 1001 1079 petravit
1053 1020 1262 1075 Phocas
1295 1034 1353 1076 ut
1399 1022 1619 1080 Simeon
1677 1024 1826 1083 ﬁlius"
1856 1047 1987 1084 suus
2041 1042 2096 1086 ct
2151 1037 2336 1091 uxoris

770 1108 1289 1196 frater‘Theodorus
1318 1115 1663 1185 Zuphinezer
1693 1121 2037 1176 sodalitatum
2061 1125 2337 1196 principes

766 1182 1104 1266 crearentur,
1127 1206 1561 1278 juramentisque
1594 1212 1661 1264 ab
1689 1212 2011 1281 imperatore
2042 1216 2335 1273 obstrictus

764 1290 980 1345 domum
1020 1310 1173 1350 suam
1224 1300 1374 1353 abiit.
1410 1302 1707 1357 Confestim
1758 1321 1919 1375 porro
1966 1310 2179 1376 cognati
2216 1310 2335 1378 ejus

765 1398 829 1435 ex
853 1386 974 1438 aula
1005 1387 1213 1442 dimissi
1243 1400 1389 1444 sunt.
1424 1391 1580 1456 Quod
1612 1396 1700 1449 ubi
1737 1399 1986 1466 cognovit
2025 1399 2155 1464 Leo,
2186 1412 2333 1456 metu

766 1474 927 1543 292
950 1479 1273 1544 perterritus
1305 1483 1490 1537 statim
1535 1500 1702 1555 eques
1727 1488 1793 1541 ad
1834 1488 2138 1545 Romanum
2168 1493 2336 1548 drun-

764 1565 972 1633 garium
1001 1582 1058 1621 se
1086 1572 1351 1636 contulit,
1411 1574 1569 1644 eique
1607 1579 1857 1646 exposuit
1888 1581 2086 1648 quibus
2141 1595 2333 1638 contu-

765 1657 942 1712 meliis
1004 1658 1234 1716 allectus
1304 1674 1470 1733 utque
1533 1668 1974 1740 circumscriptus
2032 1686 2195 1728 esset.
2262 1678 2333 1731 Ibi

766 1755 1166 1809 communicata
1194 1772 1251 1811 re
1279 1757 1423 1811 inter
1452 1774 1547 1815 eos
1576 1761 1806 1816 societas
1830 1764 1960 1818 inita
1984 1767 2336 1835 aejurainen-

2441 570 2701 639 βασιλέως
2750 572 3020 642 Θεόδωρος
3068 573 3172 644 ἔφη
3198 592 3211 606 ο
3247 594 3265 625 ι
3301 577 3404 630 Διά
3432 578 3493 629 τὸ
3526 579 3813 645 ἀπολέσαι,
3846 576 3893 634 ὦ
3928 582 4012 634 δέ·

2442 677 2659 723 σποινα,
2718 664 2922 715 Λέοντα
2982 663 3081 732 μὲν
3140 664 3229 717 τὸν
3279 667 3472 721 Φωκᾶν
3530 668 3597 720 τα
3640 670 4008 739 στρατόπεδα,

2437 750 2842 803 Κωνσταντῖνον
2873 752 2928 803 δὲ
2972 753 3063 805 τὸν
3099 755 3597 826 παρακοιμὼμενον
3626 757 3687 811 τὸ
3726 758 4006 826 παλάτιον,

2438 838 2471 905 ὴ
2525 838 2749 908 τοιαύτη
2799 841 2990 908 γέγονε
3055 842 3288 912 κίνησις.
3351 864 3369 895 ι
3422 846 3479 897 Ἰ)
3544 845 3798 915 βασιλεὺς
3843 846 3898 899 δὲ
3931 849 4010 909 εἰς

2437 927 2629 979 ἑαυτὸν
2673 930 2773 999 τὴν
2805 928 3054 993 ἐξουσίαν
3105 933 3213 984 ἀπὸ
3260 936 3358 1003 τῆς
3396 936 3601 1006 μητρὸς
3648 938 4010 1005 ἐφελκόμενος

2436 1016 2526 1068 τὸν
2552 1019 2898 1090 πατριάρχην
2923 1021 3189 1074 Νικόλαον
3219 1023 3315 1076 σὺν
3335 1024 3413 1095 τῷ
3438 1029 3727 1098 μαγίστρῳ
3752 1028 4009 1097 Στεφάνῳ

2436 1109 2712 1179 ἀνήγαγεν
2759 1113 2816 1163 ὲν
2847 1112 2923 1183 τῷ
2957 1114 3225 1185 παλατίῳ,
3280 1118 3373 1170 καὶ
3423 1122 3488 1189 τῇ
3542 1121 3803 1191 ἐπαύριον
3860 1122 4012 1174 στέλ-

2440 1201 2621 1254 λουσιν
2686 1203 2938 1274 Ἰωάννην
2967 1206 3057 1259 τὸν
3105 1208 3391 1278 Τουὸάκην
3424 1210 3521 1280 τὴν
3570 1213 3885 1280 Αὑγοῦσταν
3914 1211 4010 1265 τοῦ

2437 1292 2702 1347 παλατίου
2744 1296 3131 1353 καταϐιϐάσαι.
3178 1300 3242 1352 Ἠ
3268 1299 3324 1352 δὲ
3360 1302 3478 1370 μετ’
3507 1303 3769 1373 όλολυγῆς
3803 1305 3895 1357 καὶ
3921 1304 4013 1357 δα-

2438 1384 2621 1454 κρύων
2662 1387 2738 1457 τῷ
2782 1388 2982 1459 ἑαυτῆς
3034 1392 3444 1461 προσπλακεῖσα
3496 1394 3598 1465 υἱῷ
3627 1396 3760 1465 πρὸς
3792 1397 4012 1464 συμπά-

2440 1478 2589 1529 θειαν
2632 1479 2793 1532 αὑτὸν
2835 1480 3108 1550 μητρικὴν
3157 1484 3250 1535 καὶ
3295 1478 3475 1537 οἶκτον
3518 1485 3760 1554 ἐκίνησε.
3800 1486 3888 1537 Διὸ
3917 1486 4011 1544 καί

2440 1584 2567 1638 φησι
2614 1570 2750 1638 πρὸς
2778 1572 2903 1634 τοὺς
2926 1572 3181 1640 ἄγοντας’
3226 1592 3244 1625 ι
3284 1574 3513 1629 Ἐάσατε
3562 1577 3702 1630 εἶναι
3733 1577 3850 1647 μετ’
3877 1577 4011 1647 ἐμοῦ

2436 1662 2534 1727 τὴν
2570 1662 2781 1731 μητέρα
2817 1679 2939 1731 μου.
2982 1684 2999 1714 ι
3030 1666 3092 1717 Ol
3128 1665 3182 1716 δὲ
3217 1666 3332 1733 ἃμα
3366 1666 3608 1738 τῷλόγῳ
3642 1669 3845 1738 ταύτην
3879 1687 4004 1721 κατ-

2439 1753 2645 1808 ἐλιπον.
2699 1755 3037 1824 Προεϐάλετο
3074 1758 3117 1810 δ’
3170 1762 3197 1811 6
3250 1760 3499 1828 βασιλεὺς
3536 1762 3856 1830 δομέστικον
3902 1762 4011 1814 τῶν

768 1843 839 1897 tis
868 1845 1207 1915 conﬁrmata,
1264 1851 1473 1919 nuptiis
1521 1869 1738 1923 quoque
1787 1855 1929 1909 inter
1958 1857 2155 1912 liberos
2209 1876 2336 1915 suos
2365 1855 2411 1912 B
2442 1859 2509 1911 εκ

2269 1855 2411 1915 bos];
2442 1842 2664 1911 σχολῶν,
2719 1845 3101 1914 διαδεξάμενος
3160 1852 3250 1901 τον
3303 1852 3519 1914 ΦωκΞν,
3569 1852 3659 1903 τὸν
3713 1853 4010 1921 μαγιστρον

768 1937 1084 1997 contractis,
1121 1938 1543 2010 institutumque
1573 1945 1783 1997 occulte
1813 1946 2080 2011 habitum.
2127 1948 2335 2003 Secun-

768 2024 895 2076 dum
954 2025 1069 2080 haec
1120 2027 1401 2083 Romanus
1433 2033 1515 2085 sui
1549 2034 1818 2104 purgandi
1857 2052 2016 2090 causa
2057 2040 2109 2091 in
2159 2041 2335 2095 aulam

768 2114 951 2179 mittit,
1004 2117 1469 2191 jurejurandoque
1520 2126 1840 2193 interposito
1888 2128 2173 2184 conﬁrmat
2228 2148 2334 2186 non

770 2209 1085 2267 rebellionis
1120 2222 1213 2267 aut
1269 2215 1554 2270 seditionis
1584 2218 1877 2287 quidquam
1912 2237 2009 2275 suo
2038 2221 2181 2277 facto
2210 2226 2340 2279 sub-

769 2312 910 2361 esse,
941 2301 1036 2353 sed
1068 2316 1125 2355 sc
1156 2312 1490 2358 metuentem
1532 2322 1601 2360 ne
1646 2308 1841 2363 l’hoea:
1870 2320 2096 2365 conatus
2133 2313 2335 2382 aliquid

773 2388 895 2441 mali
951 2390 1263 2459 imperatori
1296 2394 1555 2450 aﬁ‘errent
1579 2438 1593 2461 ,
1628 2396 1680 2450 in
1718 2398 1975 2466 palatium
2006 2402 2122 2469 ejus
2165 2405 2337 2473 impe-

773 2480 1072 2549 ratorisque
1123 2485 1374 2551 prmsidio
1437 2488 1715 2543 muniendi
1772 2506 1935 2545 causa
1966 2493 2199 2549 voluisse
2250 2512 2335 2550 re-

772 2576 926 2630 verti.
959 2575 1272 2632 Patriareha
1320 2579 1478 2633 ﬁdem
1510 2582 1803 2652 derogante
1835 2600 2007 2653 neque
2038 2588 2338 2657 accipiente

773 2669 1168 2739 purgationem,
1197 2670 1516 2727 Theodorus
1539 2674 1842 2728 Romanum
1873 2677 2092 2747 instigat
2128 2689 2184 2733 ut
2214 2696 2336 2735 cum

775 2761 1025 2833 universa
1050 2763 1221 2817 classe
1245 2764 1309 2817 ad
1333 2767 1542 2829 navale,
1562 2768 1703 2835 quod
1738 2768 1791 2821 in
1812 2767 2139 2824 Bneolcontc
2176 2773 2337 2826 situm

774 2852 977 2922 palatio
1001 2854 1269 2922 imminet,
1289 2858 1532 2911 accedat.
1558 2858 1839 2914 Romanus
1870 2877 1991 2915 cum
2019 2863 2337 2932 aliquandiu

772 2945 827 2996 id
851 2944 1205 3000 detrectasset
1243 2962 1306 3001 ac
1335 2958 1623 3003 cunctatus
1649 2959 1814 3014 esset,
1847 2953 2061 3007 tandem
2101 2956 2338 3025 urgenti—

776 3037 876 3090 bus
904 3036 972 3090 iis
998 3052 1229 3106 quorum
1262 3039 1519 3093 instinctu
1548 3042 1758 3095 occulta
1802 3043 1902 3096 ista
1954 3045 2179 3099 consilia
2218 3061 2338 3101 sus-

775 3136 1011 3196 ceperat,
1048 3128 1131 3182 vel
1157 3128 1360 3183 invitus
1390 3130 1639 3185 assentit.
1674 3131 1816 3202 Ergo
1844 3134 1961 3201 ipso
1992 3135 2079 3189 die
2106 3137 2339 3191 Annun-

778 3215 986 3270 tiationi
1032 3215 1172 3270 festo
1205 3219 1379 3271 classe
1425 3218 1687 3274 instructa
1746 3222 2015 3277 hostiliter
2071 3226 2138 3279 ad
2165 3225 2337 3281 Buco-

777 3306 1012 3360 leontem
1050 3308 1278 3361 accedit.
1337 3308 1530 3362 Statim
1568 3308 1880 3379 Stephanus
1922 3314 2177 3384 magister
2215 3317 2336 3370 aula

775 3394 907 3458 exit,
941 3404 996 3449 et
1043 3393 1259 3449 Niectas
1313 3397 1571 3465 patricius
1621 3398 1854 3453 Romani
1902 3402 2242 3456 necessarius
2282 3403 2335 3457 in

778 3486 1032 3554 palatium
1059 3488 1120 3549 it,
1166 3488 1400 3556 indeque
1438 3490 1804 3558 patriarcham
1828 3490 2065 3547 abducit.
2104 3492 2337 3563 Impera-

778 3588 861 3632 tor
890 3586 1070 3632 autem
1124 3578 1305 3633 missis
1339 3582 1664 3636 venerandis
1711 3597 1773 3636 ac
1808 3582 2036 3638 viviﬁcis
2064 3585 2240 3640 crucis
2271 3585 2337 3639 li-

777 3668 917 3738 gnis,
953 3684 982 3723 a
1016 3668 1259 3724 Romano
1280 3670 1534 3726 adhibitis
1561 3672 1849 3728 ditissimis
1878 3676 2341 3731 exsecrationibus

777 3772 830 3816 et
861 3763 1233 3833 jurejurandis
1267 3765 1616 3834 gravissimis,
1658 3766 1948 3835 stipulatur
1991 3768 2151 3838 293
2208 3770 2341 3823 nihil

781 3872 1015 3924 unquam
1053 3872 1179 3908 eum
1214 3857 1320 3910 deli
1349 3857 1612 3911 adversus
1645 3858 2029 3926 imperatorem
2074 3860 2342 3928 cogitatu-

780 3963 934 4011 rum;
990 3948 1259 4015 pauloilue
1317 3956 1437 4015 post
1471 3947 1781 4002 facultatem
1810 3949 2071 4004 redeundi
2109 3951 2164 4005 in
2197 3953 2343 4022 pala-

782 4039 912 4091 tium
958 4038 1244 4107 permittit.
1296 4039 1364 4094 Et
1419 4039 1738 4093 redeuntem
1772 4042 2048 4111 excipiens
2084 4044 2341 4111 precandi

778 4143 941 4182 causa
970 4127 1024 4180 in
1057 4126 1319 4196 templum
1350 4128 1495 4197 quod
1523 4136 1606 4183 est
1637 4128 1693 4181 in
1726 4127 1900 4183 Pharo
1933 4131 2167 4194 deducit,
2196 4133 2344 4185 data-

779 4233 887 4289 que
908 4218 978 4272 ibi
1010 4226 1065 4271 et
1091 4228 1311 4288 accepta
1349 4220 1451 4273 ﬁde
1495 4234 1745 4289 magnum
1777 4220 2118 4275 sodalitatum
2156 4224 2344 4291 praefe-

782 4319 930 4363 ctum
956 4318 1123 4363 creat.
1162 4308 1355 4363 Statim
1410 4320 1464 4364 et
1493 4310 1561 4364 ad
1596 4311 1833 4365 Leonem
1883 4311 2115 4366 Phocam
2154 4314 2345 4370 littera:

782 4401 1095 4467 mittuntur,
1121 4401 1320 4469 quibus
1370 4401 1512 4455 bono
1557 4417 1679 4457 esse
1713 4403 1897 4456 animo
1927 4417 2103 4472 neque
2130 4406 2211 4459 vel
2252 4407 2347 4460 ab-

778 4492 945 4559 jiccrc
980 4508 1132 4561 spem
1164 4508 1341 4562 neque
1364 4493 1610 4562 iniquum
1642 4493 1935 4563 quidquam
1966 4496 2139 4549 moliri
2184 4497 2345 4566 jube-

785 4591 891 4647 tur,
929 4583 1023 4638 sed
1053 4583 1235 4652 quiete
1265 4583 1411 4637 domi
1443 4598 1553 4636 suae
1582 4584 1787 4637 exitum
1820 4585 2118 4652 praestolari
2161 4602 2173 4636 :
2218 4603 2345 4642 nam

785 4676 954 4745 ipsius
1001 4690 1125 4728 mox
1178 4675 1421 4729 habitum
1472 4674 1537 4727 iri
1597 4676 1889 4731 rationem.
1953 4674 2347 4735 Constantinus

782 4784 995 4837 quoque
1027 4767 1394 4821 cubicularius
1418 4767 1484 4821 ad
1512 4782 1636 4821 eum
1665 4768 1716 4820 in
1748 4769 1994 4823 eamdem
2022 4772 2347 4827 sententiam

786 4863 1030 4918 scribere
1059 4863 1286 4933 cogitur.
1324 4861 1530 4916 Phoeas
1559 4861 1751 4915 litteris
1784 4860 1903 4914 istis
1939 4861 2177 4927 acceptis
2203 4862 2347 4917 domi

786 4971 918 5017 suae,
954 4970 1116 5023 quam
1144 4955 1196 5007 in
1228 4954 1561 5023 Cappadocia
1595 4952 1851 5019 habebat,
1907 4953 2087 5022 quiete
2116 4969 2175 5008 se
2214 4968 2347 5007 con-

790 5046 967 5097 tinuit.

2452 1935 2703 2004 Ἰωάννην
2734 1937 2826 1990 τὸν
2868 1939 3119 2006 Γαριδᾶν,
3156 1941 3253 2009 τὴν
3280 1942 3340 1993 ἐκ
3370 1942 3463 1995 τοῦ
3496 1943 3720 2006 Λέοντος
3760 1945 4014 2007 δεδοικὼς

2438 2028 2824 2081 ἐπανάστασιν.
2871 2030 2947 2099 Τῇ
2982 2032 3195 2096 αἰτήσει
3230 2050 3286 2084 τε
3338 2036 3529 2085 τούτου
3591 2035 4011 2103 προεϐλήθησαν

2439 2120 2663 2185 Συμεὼν
2694 2121 2722 2171 6
2753 2122 2864 2183 υἱὸς
2904 2122 3067 2174 αὑτοῦ
3097 2124 3189 2175 καὶ
3231 2123 3501 2193 Θεόδωρος
3529 2126 3556 2175 6
3586 2125 4011 2193 γυναικάδελφος

2438 2210 2622 2275 αὐτοῦ,
2669 2213 2697 2264 6
2744 2212 3094 2281 Ζουφινέζερ,
3150 2215 3544 2285 ἑταιρειάρχαι.
3583 2218 3806 2283 Ὄρκοις
3831 2232 3888 2266 τε
3918 2213 4013 2266 οὖν

2439 2302 2806 2373 καταληφθεὶς
2852 2304 2955 2357 ὑπὸ
2998 2304 3090 2357 τοῦ
3151 2306 3413 2375 βασιλέως
3464 2307 3731 2375 κατῆλθεν
3783 2310 3861 2368 είς
3919 2307 4011 2357 τὸν

2438 2389 2585 2447 οἷκον
2635 2396 2823 2460 αὑτοῦ,
2880 2398 2973 2449 καὶ
3030 2400 3375 2468 παραχρῆμα
3413 2400 3462 2449 οἱ
3517 2399 3799 2465 συγγενεῖς
3842 2395 4009 2449 αὐτοῦ

2440 2486 2784 2551 ἀπελύθησαν
2828 2488 2935 2540 τῶν
2987 2488 3302 2557 βασιλείωνο
3358 2491 3493 2555 ὅπερ
3556 2488 3743 2556 μαθὼν
3806 2490 4012 2549 ἐκεῖνος

2438 2578 2646 2646 ἀγωνίᾳ
2669 2578 2763 2630 καὶ
2798 2578 2947 2646 φόϐῳ
2982 2578 3208 2648 ἐλήφθη.
3236 2580 3409 2643 Εὐθὺς
3440 2576 3531 2632 οὖν
3566 2580 4008 2646 ἐξιππασάμενος

2443 2668 2648 2737 ἀπῆλθε
2698 2669 2834 2737 πρὸς
2884 2671 2976 2722 τὸν
3028 2671 3307 2739 Ῥωμανὺν
3360 2672 3449 2724 τον
3501 2672 3879 2739 ὃρουγγάριον,
3912 2669 4013 2737 τὴν

2441 2759 2598 2827 ὓϐριν
2628 2761 2693 2829 ἢν
2739 2760 2945 2832 ὑπέστη
2980 2762 3074 2814 καὶ
3109 2763 3197 2813 τὶν
3239 2763 3687 2831 προπηλακισμὸν
3722 2760 4013 2828 διηγούμε-

2441 2869 2549 2915 νος.
2610 2854 3161 2923 Κοινοπραγήσαντες
3220 2850 3310 2906 οὖν
3366 2856 3457 2906 καὶ
3508 2854 3690 2923 ὅρκοις
3749 2852 4011 2920 ἀλλήλους

2442 2948 3020 3017 κατασφαλισάμενοι,
3086 2950 3179 3000 καὶ
3250 2948 3409 3017 κῆδος
3468 2948 3544 3009 εἰς
3608 2948 3733 3007 τοὺς
3801 2945 4010 2997 ἑαυτῶν

2442 3036 2800 3105 ποιησάμενοι
2860 3036 3073 3099 παῖδας,
3130 3038 3188 3087 ἐν
3239 3035 3315 3103 τῷ
3369 3035 3595 3104 κρυπτῷ
3653 3038 3901 3102 κατεῖχον
3952 3036 4014 3085 τὸ

2444 3124 2973 3192 σπουδαζόμενον.⁹0
3002 3125 3058 3176 δὲ
3113 3123 3414 3192 Ῥωμανὺς,
3449 3122 3667 3191 πέμψας
3713 3123 3788 3182 είς
3821 3120 3880 3172 τὸ
3911 3136 4014 3170 πα-

2443 3216 2624 3268 λάτιον
2652 3216 2779 3282 περὶ
2805 3215 2898 3267 τοῦ
2930 3214 3214 3280 γεγονότος
3238 3214 3577 3279 ἀπελογεῖτο,
3607 3213 3679 3282 μὴ
3715 3210 4013 3279 ἀνταρσίαν

2445 3303 2583 3360 εἶναι
2618 3306 2749 3375 μηδὲ
2778 3307 3079 3360 ἀπόστασιν
3109 3308 3413 3375 ὀμνύμενος
3444 3305 3511 3358 τὰ
3542 3305 3847 3374 πραχθέντα
3870 3322 3882 3333 ·
3914 3303 4015 3372 τὴν

2445 3398 2538 3450 τοῦ
2570 3398 2731 3449 Φωκᾶ
2763 3397 2818 3449 δὲ
2847 3397 3090 3449 ἐπίθεσιν
3120 3395 3489 3466 ὑφορώμενος,
3519 3395 3672 3463 φησὶ,
3709 3394 3799 3444 καὶ
3830 3391 4015 3453 δεδιὼς

2448 3488 2575 3558 περὶ
2612 3487 2705 3539 τοῦ
2738 3486 2999 3557 βασιλέως
3049 3488 3122 3556 μή
3156 3504 3206 3537 τι
3250 3487 3343 3538 καὶ
3374 3484 3521 3554 πάθῃ
3550 3483 3809 3553 φλαῦρον,
3852 3484 3907 3533 ἐν
3939 3481 4016 3549 τῷ

2448 3578 2695 3647 παλατίῳ
2753 3577 3028 3647 ὴόουλήθη
3079 3577 3322 3629 ἀνελθεῖν
3381 3579 3473 3630 καὶ
3524 3575 3771 3645 φυλακὴν
3823 3573 4015 3626 τούτου

2449 3669 2778 3740 ποιήσασθαι
2829 3670 2924 3721 καὶ
2965 3668 3059 3721 τοῦ
3116 3668 3400 3738 βασιλέως.
3444 3669 3533 3738 Μὴ
3575 3670 3922 3729 πιστεύοντος
3958 3666 4015 3719 δὲ

2447 3762 2543 3815 τοῦ
2590 3762 2931 3831 πατριάρχου
2986 3761 3118 3830 μηδὲ
3152 3762 3219 3813 τὰ
3264 3760 3530 3829 λεγόμενα
3559 3760 3867 3829 δεχομένου,
3898 3760 4017 3809 ἐπι-

2452 3856 2677 3923 σπέρχει
2725 3855 2997 3924 Θεόδωρος
3057 3857 3084 3906 6
3148 3853 3491 3920 παιδαγωγὸς
3542 3852 3633 3903 τὸν
3712 3850 4014 3919 Ῥωμανὸν,

2450 3945 2659 4016 ἄραντα
2708 3946 2888 4000 πάντα
2931 3945 3022 3998 τὸν
3083 3944 3289 4009 στόλον,
3341 3942 3633 4010 ἀφικέσθαι
3670 3943 3801 4010 πρὸς
3831 3942 3890 3993 τὸ
3920 3938 4016 3992 τοῦ

2452 4037 2712 4089 παλατίου
2759 4040 2982 4105 νεώριον
3017 4038 3072 4089 ἐν
3117 4035 3195 4104 τῷ
3227 4034 3594 4087 Βουκολέοντι.
3630 4032 3927 4093 Μέλλοντος
3962 4031 4017 4082 δὲ

2450 4128 2640 4181 τούτου
2702 4129 2794 4182 καὶ
2846 4128 3235 4197 ἀναδυομένου,
3290 4128 3337 4179 οἱ
3394 4126 3527 4195 πρὸς
3577 4125 3674 4194 τὴν
3729 4122 4018 4191 λεληθυῖαν

2455 4221 2651 4290 πρᾶξιν
2710 4219 2901 4272 τοῦτον
2973 4218 3259 4285 ἐνάγοντες
3318 4217 3612 4270 ἀνέπεισαν
3673 4217 3764 4270 καὶ
3817 4214 4020 4267 ἄκοντα

2454 4311 2680 4379 ποιῆσαι
2722 4312 2783 4362 τὸ
2835 4310 3209 4381 κελευόμενον.
3257 4309 3472 4376 Ἀμέλει
3526 4309 3621 4362 καὶ
3678 4308 3796 4361 κατ’
3849 4306 4018 4375 αὐτὴν

2453 4405 2779 4474 τὴνὴμέραν
2809 4404 2905 4473 τῆς
2933 4405 3126 4473 ἑορτῆς
3152 4403 3244 4455 τοῦ
3275 4400 3685 4469 Εὐαγγελισμοῦ
3716 4398 4017 4467 ἐξαρτύσας

2453 4496 2543 4548 τὸν
2588 4497 2771 4549 στόλον
2820 4496 3133 4565 πολεμικῶς
3164 4497 3474 4562 ἀφικνεῖται
3528 4493 3662 4563 πρὸς
3694 4493 3782 4544 τὸν
3827 4493 4019 4543 Βουκοο

2449 4586 2660 4640 λέοντα.
2696 4588 2805 4639 Καὶ
2836 4588 3105 4655 Στέφανος
3153 4587 3251 4656 μὲν
3284 4586 3445 4647 εὐθὺς
3488 4586 3516 4637 6
3564 4585 3861 4654 μάγιστρος
3889 4584 4021 4637 κάτ-

2450 4695 2556 4730 εισι
2601 4678 2708 4729 τῶν
2743 4678 3050 4747 βασιλείων,
3078 4679 3249 4731 ἄνεισι
3287 4677 3342 4729 δὲ
3375 4678 3403 4729 6
3436 4677 3721 4745 πατρίκιος
3752 4675 4016 4744 Νικήτας,

2450 4769 2715 4839 κηδεστὴς
2735 4769 2811 4821 ὢν
2843 4769 3147 4838 Ῥωμανοῦ,
3173 4769 3265 4820 καὶ
3290 4768 3519 4834 κατάγει
3536 4768 3625 4820 τὸν
3652 4767 4015 4836 πατριὰρχην.

2452 4863 2513 4915 Oi
2541 4861 2595 4913 δὲ
2640 4862 2768 4930 περὶ
2810 4860 2900 4913 τὸν
2936 4860 3157 4929 βασιλέα
3188 4859 3256 4912 τὰ
3288 4860 3443 4927 τίμια
3490 4860 3582 4911 καὶ
3625 4858 3862 4921 ζωοποιά
3889 4856 4020 4922 ξύλα

2455 4952 2768 5022 πέμψαντες
2816 4954 2951 5020 πρὸς
3012 4952 3100 5003 τὸν
3170 4952 3447 5018 Ῥωμανὸν
3507 4952 3600 5003 καὶ
3644 4952 3827 5019 ὅρκοις
3860 4948 4021 5002 αὐτὸν

2456 5044 2992 5112 κατασφαλισάμενοι
3044 5044 3443 5111 φοόερωτατοις
3507 5043 3599 5093 καὶ
3649 5043 3808 5111 ἀραῖς
3850 5041 4022 5093 παλα-

790 5136 1134 5204 μναιοτάταις
1172 5134 1437 5203 μηδέποτε
1501 5134 1670 5188 δόλιον
1732 5134 1873 5187 κατά
1929 5133 2023 5187 τοῦ
2076 5132 2337 5201 βασιλέως
2392 5135 2782 5206 ἐννοήσασθαι,
2829 5135 3169 5205 συγχωροῦσι
3210 5136 3325 5204 μετ’
3398 5133 3593 5201 ὀλίγων
3649 5134 3809 5185 αὑτὸν
3866 5131 4022 5184 ἀνελ-

788 5234 900 5286 θεῖν
923 5233 981 5285 ὲν
1006 5232 1083 5302 τῷ
1104 5232 1364 5301 παλατὶῳ.
1394 5230 1481 5303 [Ρ.
1510 5230 1640 5302 617]
1669 5232 1877 5301 Ὀνπερ
1896 5230 2187 5299 δεξάμενος
2211 5233 2239 5283 6
2265 5231 2515 5301 βασιλεὺς
2546 5232 2837 5285 ἀνελθόντα
2868 5232 2963 5285 καὶ
3015 5231 3463 5301 προσκυνήσαντα
3506 5228 3710 5295 εἰσάγει
3763 5228 3902 5279 κατὰ
3931 5226 4021 5278 τὸν

789 5324 848 5375 ἐν
911 5323 989 5394 τῷ
1036 5323 1196 5393 Φάρῳ
1267 5325 1423 5385 ναὸν,
1474 5324 1565 5376 καὶ
1620 5322 1827 5386 πίστεις
1883 5321 2031 5391 αὐτῷ
2097 5325 2219 5385 δοὺς
2295 5326 2387 5377 καὶ
2456 5324 2630 5377 λαϐὼν
2685 5325 3087 5395 προχειρίζεται
3136 5324 3320 5377 τοῦτον
3376 5323 3543 5391 μέγαν
3621 5320 4019 5391 ἐταιρειάρχην.

794 5416 1096 5484 Γράμματα
1153 5410 1245 5468 οὖν
1289 5417 1447 5479 εὐθὺς
1517 5416 1705 5484 ἐφοίτα
1762 5414 1895 5483 προς
1944 5415 2145 5466 Λέοντα
2205 5415 2293 5467 τὸν
2339 5417 2531 5468 Φωκᾶν
2608 5418 2681 5487 μὴ
2742 5416 3073 5486 ὀλιγωρῆσαι
3133 5414 3253 5485 μηδ’
3299 5413 3609 5481 ἀπογνῶναι
3651 5412 3785 5481 μηδὲ
3838 5409 4023 5462 σκαιόν

795 5526 845 5558 τι
883 5508 1290 5575 βουλεύσασθαιι
1316 5510 1450 5563 ἀλλά
1489 5510 1812 5578 προσμεῖναι
1839 5508 2031 5576 μικρὸν
2081 5507 2293 5576 ήσῦχως
2354 5510 2409 5559 ἓν
2466 5510 2541 5579 τῷ
2599 5512 2781 5577 οἰκείῳ
2816 5511 2948 5577 οἴκῳ
3002 5509 3339 5579 ὂ,οριζόμενα
3359 5507 3433 5569 ὡς
3457 5506 3747 5573 μελλούσης
3773 5504 4019 5571 γενέσθαι

790 5601 879 5654 διὰ
947 5601 1171 5669 βραχέος
1239 5604 1335 5673 τῆς
1389 5604 1551 5657 αὑτοῦ
1604 5604 1877 5673 προνοίας.
1915 5601 1995 5654 Τὰ
2058 5604 2412 5673 παραπλήσια
2470 5606 2526 5656 δὲ
2589 5605 2957 5674 γράψαιπρὸς
3003 5603 3162 5655 αὑτὸν
3228 5601 3318 5654 καὶ
3378 5601 3465 5651 τὸν
3532 5612 4018 5665 παρακοιμωμε-ιον

790 5698 1206 5765 κατηνάγκασαν
1248 5700 1667 5752 Κωνσταντῖνον.
1702 5698 1878 5765 "At-.55:
1929 5696 2215 5764 δεξάμενος

791 5792 923 5861 οἴκοι
976 5792 1159 5846 αὑτοῦ.

2302 5700 2326 5749 ὁ
2376 5700 2566 5763 dtur/.3;
2641 5701 2869 5770 ἡσυχίαν
2900 5696 3031 5769 ἦγεν
3064 5702 3117 5751 ἐν
3152 5699 3224 5769 τῷ
3283 5697 3419 5751 κατὰ
3475 5696 3568 5765 τὴν
3628 5693 4021 5749 Καππαδοκίαν
