4410 6452
359 377 431 441 29
1408 381 1943 447 HISTORIARUM
1996 387 2521 450 COMPENDIUM.
3534 396 3605 461 30

352 484 554 552 δώραν.
588 483 752 553 Μαΐῳ
782 484 839 537 δὲ
875 485 1005 554 μηνὶ
1048 486 1189 539 κατὰ
1214 487 1309 556 τὴν
1342 489 1441 559 τῆς
1476 493 1637 558 αγίας
1669 494 1832 547 Πενττ
1870 514 1938 549 ὀ-
1974 501 2014 557 Α
2046 514 2093 554 ε(

1870 514 1938 549 ιο·
1974 501 2014 557 Α
2046 502 2380 557 concedente
2421 511 2474 556 ct
2505 499 2788 571 probante,
2821 501 2944 571 quia
2974 501 3108 558 nihil
3147 510 3336 560 contra
3366 502 3473 558 vim
3507 519 3604 574 po-

357 580 489 647 στῆς
513 580 730 650 ἡμέραν
750 583 932 651 στέφει
957 585 1050 636 καὶ
1074 584 1165 637 τὸν
1191 586 1386 639 ἑαυτοῦ
1417 586 1531 641 υίδν
1558 589 1931 659 Χριστοφόρον

352 672 441 722 διὰ
492 673 900 729 Κωνσταντίνου
947 677 1108 747 τάχα,
1155 677 1298 731 κατὰ
1346 678 1446 749 μὲν
1494 678 1555 731 τὸ
1604 680 1931 748 φαινόμενον

351 762 631 828 ἐθέλοντος
658 766 750 819 καὶ
787 767 1221 837 καταδεχομένου
1250 766 1341 821 διὰ
1372 769 1467 839 τὴν
1494 768 1634 838 βίαν,
1678 771 1735 823 ὲν
1765 769 1821 823 δὲ
1853 770 1931 841 τῷ

354 856 555 921 ἁφανεῖ
596 858 849 921 ἀλύοντος
892 860 986 912 καὶ
1026 844 1126 929 τὴν
1168 860 1455 931 συμφορὰν
1492 860 1924 931 ἀποκλαιομένου

351 949 431 1009 εἰς
458 948 670 1002 ἑαυτόν.
708 951 820 1002 Καὶ
849 950 1001 1017 μόνοι
1032 953 1080 1001 οἰ
1104 951 1197 1004 δύο
1231 950 1342 1022 (65)
1375 952 1515 1005 κατὰ
1552 953 1652 1020 τὴν
1676 951 1932 1022 τοιαύτην

352 1037 621 1105 προῆλθον
643 1038 978 1109 προέλευσιν.
1012 1040 1213 1110 Ἰουλίῳ
1242 1040 1297 1093 δὲ
1326 1042 1479 1112 μηνὶ,
1507 1048 1556 1111 η’
1575 1041 1930 1107 ίνδικτιῶνος,

350 1132 383 1197 ή
437 1130 535 1198 τῆς
583 1130 914 1201 Ἐκκλησίας
959 1131 1182 1200 γέγονεν
1213 1132 1427 1199 ἓνωσις,
1482 1134 1791 1188 ἑνωθέντων
1823 1134 1930 1188 τῶν

351 1220 761 1291 διαφερομένων
818 1223 1229 1293 μητροπολιτῶν
1281 1241 1339 1276 τε
1374 1225 1465 1277 καὶ
1497 1226 1770 1296 κληρικῶν
1823 1228 1931 1281 τῶν

352 1314 460 1367 ἀπο
509 1314 777 1367 Νικολάου
810 1316 1150 1385 πατριάρχου
1184 1317 1279 1369 καὶ
1316 1316 1589 1387 Εὑθυμίου
1622 1320 1933 1390 διεσγισμέ-

352 1424 478 1460 νων.
546 1406 604 1458 Ὀ
653 1407 709 1459 δὲ
746 1408 1001 1477 βασιλεὺς
1062 1408 1344 1477 Ῥωμανὺς
1390 1410 1621 1479 ἐξορίζει
1651 1411 1743 1464 τὸν
1776 1414 1931 1481 μάγιο

353 1516 514 1569 στρον
547 1499 818 1566 Στέφανον
840 1500 919 1563 είς
941 1499 1038 1569 τὴν
1080 1499 1383 1567 Ἀντιγόνου
1418 1503 1578 1571 νῆσον
1609 1502 1683 1565 ὡς
1710 1504 1807 1573 τῆς
1838 1504 1933 1570 βα·

353 1591 558 1652 σιλείας
591 1593 732 1659 τάχα
779 1591 1171 1661 ὀριγνώμενον,
1199 1594 1293 1646 καὶ
1334 1592 1567 1663 μοναχὸν
1620 1595 1924 1664 ἀποκείρει,

350 1682 448 1732 σὺν
478 1681 624 1747 αὖτῷ
647 1682 702 1735 δὲ
742 1684 835 1735 καὶ
866 1682 1147 1752 Θεοφάνην
1178 1682 1267 1734 τὸν
1293 1681 1620 1752 Τειχιώτην,
1656 1685 1750 1737 καὶ
1782 1684 1928 1738 Παῦ-

348 1768 437 1821 λον
462 1771 551 1823 τὸν
578 1771 1005 1840 ὀρφανοτρόφον,
1037 1772 1162 1834 τοὺς
1188 1773 1553 1834 οἰκειοτάτους
1583 1774 1749 1843 αὐτῷ.
1776 1774 1918 1843 Πρό-

2038 597 2197 654 terat,
2233 592 2446 647 occulte
2487 600 2669 645 autem
2718 605 2859 662 aegre
2891 590 3102 648 ferente
3132 601 3187 649 et
3234 608 3388 649 suam
3416 594 3604 664 deplo-

2034 691 2189 736 rante
2238 697 2423 737 secum
2473 683 2862 737 calamitatem.
2901 684 2979 737 Ac
3033 685 3132 739 soli
3182 684 3292 739 duo
3336 684 3423 740 isti
3451 700 3515 739 ea
3546 684 3624 751 in.

2033 786 2229 841 pompa
2252 781 2650 840 processerunt.
2669 771 2813 827 Julio
2837 785 3043 836 mense,
3066 773 3360 829 indictione
3387 783 3600 838 octava,

2034 864 2100 917 ad
2124 863 2472 917 concordiam
2504 863 2782 917 redierunt
2805 862 3165 933 metropolitae
3191 872 3245 917 et
3268 864 3470 927 clerici,
3504 862 3599 917 Ni-
3678 906 3679 909 η

2032 956 2165 1009 colai
2224 967 2278 1009 et
2321 954 2594 1024 Euthymii
2641 955 3073 1023 patriarcharum
3107 968 3271 1009 causa
3333 954 3615 1011 hactenus

2032 1045 2306 1114 disjuncti.
2342 1044 2611 1100 Caeterum
2639 1044 2917 1099 Romanus
2944 1045 3240 1116 imperator
3262 1047 3601 1117 Stephanum

2034 1138 2351 1207 magistrum
2410 1137 2462 1191 in
2518 1135 2772 1206 Antigoni
2834 1136 3066 1190 insulam
3119 1139 3345 1208 relegat,
3383 1138 3600 1208 imperii

2032 1226 2267 1280 affectati
2300 1237 2636 1294 suspectum,
2667 1234 2720 1280 et
2768 1226 3096 1281 monachum
3128 1228 3276 1291 facit,
3309 1237 3508 1282 etcum
3537 1238 3603 1282 eo
3681 1296 3690 1304 ι

2033 1315 2424 1383 Theophanem
2477 1314 2810 1369 Teichiotam
2876 1325 2931 1369 ct
2970 1314 3197 1370 Paulum
3225 1315 3602 1385 Orphanotro-

2032 1407 2221 1475 phum,
2251 1406 2370 1475 ejus
2403 1406 2641 1460 intimos.
2669 1406 2804 1461 Cum
2832 1422 3129 1478 proccnsus
3160 1407 3313 1463 fieret
3348 1408 3401 1461 in
3434 1409 3604 1462 tribu-

2031 1498 2196 1563 nalio,
2228 1497 2439 1553 insidiis
2457 1497 2651 1552 delatis
2681 1498 3035 1568 imperatores
3054 1499 3235 1553 snbito
3263 1500 3315 1552 in
3339 1500 3598 1569 palatium

2031 1592 2337 1646 abiverunt.
2375 1592 2572 1646 Earum
2594 1593 2732 1657 capti
2766 1603 3015 1648 auctores
3044 1595 3306 1648 Arscnius
3336 1593 3598 1663 patricius

2030 1691 2085 1738 et
2120 1681 2319 1737 Paulus
2355 1683 2679 1753 manglabita
2711 1700 2723 1737 :
2753 1684 2895 1738 oculi
2931 1683 2996 1737 iis
3043 1682 3227 1739 effossi
3275 1692 3331 1737 et
3377 1670 3599 1750 relegati

1984 1782 1998 1844 ‘_
2018 1774 2176 1839 ‘sunt,
2219 1776 2360 1829 bona
2388 1790 2573 1830 eorum
2596 1776 2887 1844 publicata.
2913 1774 3117 1830 Eodem
3150 1790 3294 1830 anno
3319 1775 3600 1829 Romanus

347 1858 541 1909 κένσου
596 1832 669 1910 δὲ-
697 1832 1003 1928 γενομένου⁷
1026 1861 1084 1911 ἐν
1113 1832 1191 1927 τῷ
1224 1832 1608 1928 τριϐουναλίιρ,
1659 1832 1925 1927 αίφνίδιον
1958 1832 1998 1887 Β
2034 1866 2084 1919 [il

1958 1832 1998 1887 Β
2034 1866 2196 1919 filiam
2265 1881 2416 1921 suam
2478 1867 2740 1935 Agatham
2791 1866 2844 1919 in
2909 1866 3316 1945 matrimonium
3371 1865 3602 1920 collocat
3658 1920 3666 1928 _

344 1952 394 2003 οἱ
433 1950 671 2020 βασιλεῖς
718 1953 797 2013 εἰς
836 1952 897 2004 τὸ
943 1950 1205 2004 παλάτιον
1239 1950 1673 2019 ὑποστρέφουσιν
1703 1950 1925 2002 ὲπιϐου-
2031 1955 2085 2008 ιι

1864 1967 1925 2001 υ·
2031 1955 2200 2009 Leoni
2231 1951 2419 2026 Argyri
2466 1953 2595 2017 filio,
2629 1955 2743 2009 viro
2780 1970 3045 2026 generoso
3074 1971 3139 2011 ac
3187 1954 3431 2025 corporis
3479 1953 3601 2024 pul-

345 2044 445 2110 λῆς
475 2043 806 2113 μηνυθείσης
828 2044 1029 2107 αὐτοῖς’
1064 2043 1491 2112 κατασχεθέντες
1527 2041 1582 2094 δὲ
1605 2045 1651 2094 οί
1682 2041 1921 2112 ἔξαρχοι,
2032 2044 2086 2097 cl:

1539 2041 1582 2094 5s
1605 2045 1651 2094 ot
1682 2041 1921 2112 ἔξαρχοι,
2032 2044 2345 2098 chritudine
2366 2052 2419 2097 et
2443 2044 2733 2113 prudentia
2758 2046 3065 2115 praestanti.

341 2136 371 2185 ὅ
397 2150 455 2184 τε
485 2134 770 2203 πατρίκιος
811 2135 1085 2205 Ἀρσένιος
1114 2136 1207 2187 καὶ
1236 2137 1263 2187 ὁ
1292 2133 1663 2204 μαγκλαϐίτης
1687 2134 1915 2197 Παῦλος,
1955 2136 2328 2204 τυφλωθέντες
2362 2138 2456 2189 καὶ
2502 2137 2867 2207 δημευθέντες
2947 2137 3342 2210 ὲξωρίσθησαν.
3432 2141 3601 2210 Ἢγά-

342 2243 471 2293 γετο
512 2226 567 2278 δὲ
601 2228 775 2297 τούτῳ
824 2229 901 2297 τῷ
930 2228 1038 2280 ἔτει
1098 2230 1190 2280 καὶ
1243 2229 1489 2299 γαμϐρὸν
1540 2230 1634 2280 ἐπὶ
1697 2232 1762 2299 τῇ
1835 2230 2001 2283 αὑτοῦ
2034 2231 2266 2302 θυγατρὶ
2313 2232 2518 2303 ’Λγάθῃ
2578 2232 2857 2302 Ῥωμανδς
2888 2234 2916 2285 ὁ
2962 2233 3213 2302 βασιλεὺς
3265 2235 3466 2288 Λέοντα
3510 2235 3600 2289 τὸν

338 2319 436 2371 τοῦ
480 2321 770 2391 ’Λργυροῦ,
818 2323 987 2392 ἄνδρα
1034 2326 1279 2388 γενναῖον
1313 2324 1402 2375 καὶ
1447 2324 1634 2376 κάλλει
1666 2322 1919 2393 σώματος
1958 2325 2053 2380 καὶ
2080 2326 2195 2397 ἰδέᾳ
2225 2328 2633 2397 ὑπερφέροντα,
2678 2326 2891 2379 συνέσει
2939 2342 2999 2379 τε
3034 2327 3125 2379 καὶ
3181 2328 3441 2399 φρονήσει
3500 2344 3595 2381 κο-

340 2409 671 2479 σμούμενον.

428 2502 677 2569 Ἐγένετο
708 2502 763 2554 δὲ
809 2504 867 2554 ὲν
897 2502 977 2573 τῷ
1026 2503 1173 2573 αὐτῷ
1205 2504 1380 2573 χρόνῳ
1415 2505 1508 2557 καὶ
1537 2505 1603 2556 τὰ
1638 2504 1775 2556 κατᾶ
1823 2504 1915 2557 τὸν

356 2595 687 2647 Ῥεντάκιον.
725 2588 897 2657 Οὗτος
927 2596 986 2658 ἐξ
1028 2595 1274 2656 Ἑλλάδος
1302 2594 1629 2665 ὡρμημένος
1670 2598 1760 2647 τὸν
1792 2597 1917 2648 ἑαυ-

340 2686 439 2738 τοῦ
481 2689 780 2757 γεννήτορα
824 2687 1184 2755 ἐπεχείρησεν
1215 2687 1445 2738 ἀνελεῖν.
1482 2686 1678 2749 Δεδιὼς
1704 2688 1747 2739 δ’
1775 2687 1919 2739 ἐκεῖ-

337 2797 432 2841 νος
459 2780 556 2849 τὴν
583 2778 675 2830 105
706 2779 822 2831 υίοῦ
862 2780 1108 2843 ἀταξίαν,
1145 2778 1330 2830 πλοίου
1367 2778 1566 2841 ἐπιϐὰς
1599 2770 1751 2831 ἔπλει
1783 2779 1919 2849 πρὸς

333 2873 404 2923 τὸ
457 2871 748 2933 Βυζάντιον
792 2871 866 2933 ὡς
920 2871 1060 2940 τάχα
1118 2871 1211 2922 105
1265 2869 1529 2940 βασιλέως
1594 2870 1921 2941 δεησόμενος

335 2961 625 3030 ἀνακοπὴν
646 2961 900 3027 γενέσθαι
924 2963 1023 3029 τῆς
1047 2960 1141 3013 105
1174 2959 1291 3013 υίοῦ
1314 2959 1691 3022 ἀπαιδευσίας.
1731 2959 1920 3012 Ἀνιὼν

334 3054 393 3105 δὲ
423 3053 725 3122 κατεσχέθη
750 3052 901 3123 παρὰ
920 3053 1027 3104 τῶν
1053 3051 1384 3119 Σαρακηνῶν
1408 3049 1515 3101 τῶν
1534 3050 1590 3100 έν
1614 3050 1679 3118 τῇ
1706 3049 1919 3120 Κρήτῃ.

309 3148 414 3198 -Ὀ
447 3146 505 3197 δὲ
556 3144 745 3196 τοῦτου
793 3144 907 3205 υἱὸς
968 3142 1277 3212 ὑποχείριον
1332 3141 1470 3210 ἔχων
1520 3138 1611 3191 τὸν
1665 3138 1922 3209 πατρῷον

334 3235 595 3301 πλοῦτον,
629 3233 869 3287 ἀνελθὼν
916 3234 1032 3303 μετ’
1067 3233 1230 3285 αὑτοῦ
1279 3232 1359 3293 είς
1389 3232 1489 3301 τὴν
1536 3231 1920 3301 μεγαλόπολιν,

2091 2502 2359 2558 Subidem
2382 2511 2596 2571 tempus
2608 2498 2900 2555 Rentacius
2921 2500 3143 2556 natione
3166 2501 3407 2566 Graecus,
3436 2519 3598 2559 suum

2023 2605 2233 2665 patrem
2275 2592 2582 2646 interﬁcere
2625 2608 2748 2647 cum
2808 2603 3119 2658 conaretur,
3175 2604 3329 2663 pater
3364 2595 3457 2649 filii
3517 2597 3600 2650 in-

2024 2685 2342 2754 temperiem
2373 2695 2625 2739 metuens
2680 2699 2978 2739 conscenso
3008 2685 3222 2756 navigio
3274 2685 3597 2757 Byzantium

2025 2792 2214 2831 versus
2253 2775 2548 2845 navigavit,
2581 2776 2647 2829 ab
2682 2776 3006 2846 imperatore
3032 2777 3302 2845 petiturus
3326 2787 3385 2831 ut
3415 2777 3506 2831 filii
3536 2779 3599 2832 li-

2024 2869 2264 2923 bidinem
2284 2868 2449 2939 298
2477 2877 2877 2938 compesceret;
2909 2878 3098 2937 estque
3158 2884 3187 2922 a
3239 2870 3598 2924 Cretensibus

2023 2958 2309 3016 Saracenis
2361 2969 2571 3030 captus.
2606 2958 2774 3014 Filius
2802 2967 3148 3029 paternarum
3182 2974 3345 3029 opum
3376 2976 3597 3031 compos

2024 3052 2200 3107 factus
2249 3068 2372 3106 cum
2433 3052 2497 3106 iis
2520 3067 2577 3107 se
2607 3051 2796 3121 Cpolin
2825 3051 3055 3106 contulit
3078 3051 3144 3105 ad
3181 3051 3399 3121 Sophia:
3457 3061 3597 3107 tem-

2024 3144 2174 3215 plum
2205 3160 2220 3209 ;
2259 3144 2441 3212 ibique
2476 3144 2730 3200 desidens
2761 3154 2981 3214 paterna
3009 3148 3150 3201 bona
3186 3145 3453 3216 prodcgit.
3486 3144 3599 3198 Ro-

2024 3249 2217 3288 manus
2262 3249 2320 3287 re
2355 3243 2639 3301 comperta'
2666 3234 2863 3302 templo
2892 3249 3017 3289 eum
3062 3235 3294 3290 educere
3343 3242 3399 3288 et
3438 3234 3600 3288 casti-

336 3330 421 3399 τῷ
452 3329 581 3398 θείῳ
610 3328 829 3396 τεμένει
868 3326 966 3394 τῆς
1000 3323 1092 3378 τοῦ
1139 3322 1273 3377 Θεοῦ
1308 3322 1511 3392 Σοφίας
1551 3322 1916 3391 προσέδραμε,
1948 3339 1991 3397 C
2023 3338 2077 3394 ga

1859 3338 1916 3384 .ε,
1948 3339 1991 3397 α
2023 3338 2149 3394 gare
2213 3321 2463 3376 intendit.
2513 3321 2667 3387 Quod
2722 3321 3019 3377 Rentacius
3068 3338 3195 3377 cum
3241 3323 3600 3377 subodorare-

334 3424 447 3473 κάν
488 3419 662 3488 τούτῳ
694 3416 1146 3487 προσκαθήμενος
1175 3416 1273 3483 τὴν
1307 3414 1579 3486 πατρικὴν
1603 3412 1919 3466 κατεσπαθα

333 3513 553 3566 οὐσίαν.
586 3512 699 3564 Οὐκ
730 3510 888 3563 ἔλαθε
921 3509 1079 3563 τοῦτο
1108 3507 1199 3561 τὸν
1239 3505 1546 3575 Ῥωμανδν,
1584 3506 1719 3558 ἀλλὰ
1755 3506 1918 3573 γνοὺς

331 3602 698 3658 ἐϐουλεύσατο
752 3602 1041 3670 ἐξαγαγεῖν
1092 3600 1282 3654 τοῦτον
1340 3602 1440 3669 τῆς
1479 3599 1774 3668 ἐκκλησίας
1824 3600 1919 3651 καὶ

2028 3422 2142 3478 tur,
2175 3412 2365 3467 litteris
2393 3412 2461 3466 ab
2509 3412 2835 3482 imperatore
2877 3413 2945 3467 ad
2994 3413 3304 3468 Simeonem
3357 3411 3600 3467 confictis

2027 3508 2092 3560 ad
2156 3504 2416 3576 Bulgaros
2477 3503 2821 3576 transfugere
2894 3505 3154 3568 instituit,
3209 3505 3598 3574 convictusque

2025 3594 2269 3651 criminis
2290 3595 2463 3649 oculis
2502 3605 2587 3650 cst
2608 3605 2663 3649 et
2696 3596 2853 3650 bonis
2871 3596 3149 3667 spoliatus.

331 3699 648 3755 παιδεῦσαι.
684 3698 742 3751 Ὀ
771 3697 828 3751 δὲ
857 3694 1230 3766 πληροφορίαν
1266 3694 1427 3765 σχὼν,
1462 3693 1717 3763 βασιλικὰ
1759 3691 2103 3762 πλασάμενος
2175 3689 2479 3759 γράμματα
2553 3692 2629 3751 ὼς
2692 3689 2853 3760 δῆθεν
2894 3690 3279 3761 ἐκπεμφθέντα
3331 3691 3467 3762 πρὸς
3509 3690 3598 3744 τίν

330 3792 586 3863 Συμεὼν,
621 3788 1016 3859 αὐτομολήσειν
1046 3784 1403 3839 ἐϐουλεύσατο
1438 3785 1574 3854 πρὸς
1598 3786 1721 3847 τοὺς
1750 3784 2111 3854 Βουλγάρους.
2149 3781 2260 3836 Καὶ
2281 3780 2556 3851 ἐλεγχθεὶς
2586 3781 2682 3851 τῆς
2709 3797 2768 3833 τε
2807 3780 2993 3844 οὐσίας
3055 3782 3148 3833 καὶ
3211 3781 3323 3835 τῶν
3392 3781 3596 3848 ὀφθαλ-

340 3892 466 3961 μῶν
495 3889 789 3956 στερείται.

398 3986 493 4054 [Ρ.
523 3983 653 4054 620]
692 3981 1046 4051 Ἀδραλέστου
1078 3979 1135 4032 δὲ
1173 3977 1270 4032 τοῦ
1298 3976 1621 4047 δομεστίκου
1656 3973 1763 4026 τῶν
1799 3988 1919 4042 σχο-

320 4080 437 4133 λῶν
509 4069 1244 4143 ἁποθανόντος,προε6λήθη
1305 4067 1474 4129 Πόθος
1526 4066 1554 4118 ό
1635 4064 1915 4133 Ἀργυρός.

331 4169 450 4221 Καὶ
487 4165 599 4219 τῶν
645 4161 972 4230 Βουλγὰρων
1017 4161 1146 4231 ἄχρι
1179 4157 1288 4211 τῶν
1334 4153 1705 4225 Κατασυρτῶν
1734 4151 1918 4217 ἐξελα-

322 4261 555 4311 σάντων
593 4254 762 4320 ἔξεισι
810 4252 903 4305 καὶ
943 4251 1105 4314 αὐτὸς
1156 4248 1296 4319 μετὰ
1326 4247 1435 4301 τῶν
1470 4246 1791 4314 ταγμάτων,
1824 4243 1919 4297 καὶ

323 4347 681 4415 κατασκηνοῖ
709 4343 849 4396 κατὰ
876 4343 976 4410 τὴν
1006 4340 1306 4411 λεγομένην
1330 4336 1694 4409 Θερμόπολιν.
1737 4336 1914 4388 Ἐκεῖο

321 4444 422 4496 θεν
493 4442 554 4493 δὲ
610 4437 829 4509 Μιχαὴλ
887 4434 1283 4504 ταγματάρχην
1330 4430 1420 4483 τὸν
1470 4430 1565 4482 τοῦ
1622 4427 1914 4497 πατρικίου

319 4532 726 4605 Μωρο).έ;ντος
768 4530 880 4582 υἱὸν
914 4528 1006 4580 ἐπὶ
1046 4525 1401 4593 κατασκοπὴν
1451 4521 1557 4575 τῶν
1590 4518 1917 4589 Βουλγάρων

320 4628 646 4696 ἐκπέμπει.
687 4622 747 4676 '0
792 4623 846 4675 δὲ
878 4620 1206 4690 ἀπροόπτως
1237 4619 1356 4678 ταῖς
1411 4614 1770 4686 βαρὸαρικαῖς
1815 4613 1916 4682 ὲμ-
2022 4630 2061 4685 ρ

1848 4629 1916 4682 μ·
2022 4621 2207 4685 parat;
2241 4611 2535 4680 multisque
2591 4608 2832 4677 Bulgaris
2882 4607 3107 4676 dejectis
3154 4623 3216 4662 ac
3263 4606 3453 4677 pulsis,
3496 4621 3586 4660 ac-

318 4722 528 4776 πεσὼν
559 4716 821 4785 ἐνέδραις,
867 4713 1097 4782 ἐπείπερ
1125 4711 1343 4778 ἄφυκτα
1370 4704 1459 4772 ἦν,
1491 4706 1751 4776 τρέπεται
1782 4702 1918 4775 πρὸς
2021 4720 2059 4760 (ιι

1845 4702 1918 4765 ιὸς
2021 4714 2179 4774 cepto
2210 4702 2393 4757 lethali
2447 4701 2688 4765 vulnere,
2724 4699 2912 4771 Cpolin
2965 4698 3104 4753 redit
3157 4698 3424 4769 pauloque
3467 4707 3586 4768 post

315 4814 534 4882 ἀλκὴν.
599 4811 693 4862 καὶ
745 4807 971 4869 πολλοὺς
1024 4803 1131 4857 τῶν
1188 4801 1512 4869 Βουλγὰρων
1560 4796 1767 4851 ἀνελὼν
1822 4795 1916 4849 καὶ
1946 4790 1991 4847 D
2020 4809 2056 4848 ιι

1844 4795 1916 4849 ιαὶ
1946 4790 1991 4847 D
2020 4793 2271 4851 moritur.
2322 4794 2477 4847 ‘l‘unc
2521 4804 2575 4846 et
2632 4792 2877 4846 Romano
2919 4791 3144 4845 detecta:
3209 4799 3330 4845 sunt
3378 4788 3585 4843 insidia:

2024 4901 2161 4956 quas
2189 4886 2289 4955 ipsi
2322 4884 2634 4940 sacellarius
2661 4884 2979 4937 Anastasius
3000 4890 3294 4943 struxerat,
3324 4879 3584 4934 nimirum

2024 4993 2124 5048 pro
2146 4978 2501 5034 Constantino
2549 4989 2914 5047 propugnans.
2976 4974 3179 5027 Harum
3238 4980 3490 5026 auctores
3521 4985 3586 5025 ac

2023 5072 2271 5128 conscios
2322 5085 2420 5124 suo
2450 5084 2721 5139 quemque
2762 5068 3027 5121 arbitratu
3071 5064 3345 5120 Romanus
3387 5063 3583 5132 puniit,

2021 5167 2305 5222 Anastasio
2336 5166 2603 5221 monacho
2629 5164 2790 5219 facto.
2842 5162 3363 5231 Constantinumqne
3390 5156 3584 5215 exinde

2096 3972 2307 4027 Mortuo
2357 3969 2641 4024 Adralesto
2689 3967 2994 4023 scholarum
3052 3966 3350 4022 domestico
3390 3966 3597 4025 Pothns

2024 4064 2260 4135 Argyrus
2304 4059 2589 4115 sufficitur.
2634 4057 2704 4125 ls,
2734 4056 2977 4128 Bulgaris
2999 4059 3296 4129 grassando
3338 4060 3595 4129 usquead

2022 4154 2301 4225 Catasyrta
2354 4150 2680 4223 progressis,
2744 4151 2928 4220 c0pias
3000 4158 3185 4206 contra
3245 4166 3336 4206 eos
3379 4151 3590 4217 educit;

2024 4243 2324 4312 castrisque
2352 4241 2419 4296 ad
2435 4240 2821 4311 Thermopolin
2852 4240 3043 4310 positis
3064 4239 3382 4295 Michaelum
3403 4242 3592 4296 cohor-

2026 4337 2095 4391 tis
2156 4335 2496 4407 przefectum,
2543 4333 2757 4404 patricii
2790 4333 3115 4388 Moroleonis
3154 4333 3346 4399 tilium,
3392 4349 3591 4403 specu-

2022 4430 2189 4486 latum
2244 4427 2460 4483 emittit.
2524 4425 2649 4493 Qui,
2685 4426 2974 4496 improviso
3031 4425 3088 4479 in
3141 4424 3448 4480 barbaricas
3490 4430 3588 4480 de-

2022 4520 2201 4589 lapsus
2262 4517 2507 4583 insidias,
2559 4532 2683 4571 cum
2740 4516 2878 4588 fugae
2915 4516 3066 4570 locus
3101 4531 3211 4570 non
3265 4527 3429 4582 esset,
3478 4516 3587 4569 vim

311 4906 706 4977 τρεψάμενος,
742 4899 964 4971 καιρίαν
991 4897 1045 4951 δὲ
1072 4897 1261 4958 τυπεὶς
1304 4895 1399 4946 καὶ
1428 4892 1612 4958 αὐτὸς,
1641 4890 1916 4959 ἐπανῆκεν

312 5004 399 5062 εἰς
432 5001 547 5066 τὴν
577 4994 823 5060 gaudio;
854 4993 947 5045 καὶ
978 4991 1115 5060 μετὰ
1163 4988 1353 5058 μικρὸν
1387 4986 1725 5055 ἐτελεύτησε.
1776 4984 1915 5037 Τότε

309 5092 370 5144 δὲ
409 5091 514 5143 καὶ
547 5087 622 5157 τῷ
660 5086 870 5155 βασιλεί
906 5082 1171 5153 Ῥωμανῷ
1197 5080 1456 5151 ἐπιϐουλὴ
1486 5079 1750 5151 μηνύεται
1794 5078 1914 5131 κατ’

312 5177 521 5242 αὑτοῦ,
561 5175 868 5245 προστάτην
886 5172 1082 5241 ἔχουσα
1113 5172 1203 5225 τὸν
1234 5170 1588 5239 σακελλάριον
1612 5168 1722 5240 (66)
1757 5169 1914 5221 Ἀνα-

1492 5341 1843 5401 XYLANDRI
1878 5341 1966 5397 ΕΤ
1992 5341 2206 5398 GOARI
2230 5341 2457 5396 NOTAE.

2020 5504 2167 5560 alibi.
2203 5504 2581 5559 Tribunalium
2615 5504 2765 5558 locus
2796 5502 3082 5557 tribunalis
3104 5502 3340 5557 videtur.
3377 5499 3508 5555 Χγι..

2096 5577 2207 5644 (66)
2247 5574 2415 5639 Quem
2450 5575 2688 5628 thesauri
2735 5573 3045 5642 praefectum
3076 5571 3584 5644 Aetcustodemsub

388 5658 514 5724 (65)
572 5641 1073 5724 Obscurus_locus.
1129 5649 1289 5703 Forte
1336 5641 1905 5724 fgonstantinoeomi
2018 5641 2700 5724 logothetmdispositione
2736 5641 3581 5724 positum-existimo.Pancirol-

317 5712 520 5783 rel-icto
557 5731 620 5777 et
649 5731 834 5790 spreto
869 5719 1143 5773 Rullianus
1175 5733 1297 5790 cum
1333 5716 1463 5778 lilio,
1507 5725 1693 5790 utpote
1729 5715 1901 5783 impe-
2019 5712 2187 5790 iusin
2214 5712 2620 5790 _Notit._‘lm_per.
2654 5712 2746 5790 9r.
2779 5713 2943 5790 c._47.
2981 5712 3215 5790 μοιχῇοοη
3246 5726 3576 5790 anonymnm

312 5781 568 5857 ratores,
634 5781 844 5847 sacram
904 5805 1151 5860 pompam
1192 5788 1481 5841 duxerunt.
1527 5781 1599 5838 De
1638 5781 1903 5853 proccnsu
2019 5784 2051 5839 b

1763 5781 1903 5839 ‘cnsu
2019 5784 2359 5839 bibliotheca:
2391 5781 2569 5853 [legite
2604 5800 2615 5835 :
2654 5782 2940 5835 Σακέλλιον
2983 5781 3285 5851 βαλάντιον.
3337 5783 3504 5838 (Euan.

312 5519 411 5574 ubi
445 5511 868 5569 Puriticationis
911 5512 1053 5565 diem
1085 5512 1493 5578 interpretatur,
1522 5510 1638 5575 qui,
1682 5520 1783 5578 ceu
1812 5521 1911 5559 no-

311 5590 607 5645 tissimus.
642 5582 1119 5648 Thcophaniorum
1151 5576 1271 5632 esse
1292 5578 1643 5643 dignoscitur.
1669 5576 1837 5648 ϐοιιιι.
