4410 6452
783 376 851 442 31
2041 377 2354 437 GEORGII
2388 380 2524 439 CEJ]

2281 380 2354 437 ill
2388 380 2721 441 CEDHENI
3952 385 4022 446 32

788 489 1069 543 detrusum
1092 484 1330 540 secundo
1361 485 1499 547 loco,
1530 497 1587 538 se
1616 484 1794 553 priore
1837 486 2216 554 imperatorem
2251 491 2357 543 dici
2392 505 2431 558 Α
2463 510 2523 544 στ

2289 491 2357 542 iri
2392 505 2431 558 Α
2463 494 2700 553 στάσιον,
2768 493 2906 563 ὑπὲρ
2956 493 3048 546 τοῦ
3102 492 3363 561 βασιλέως
3399 494 3558 562 δῆθεν
3590 492 3989 561 ἀγωνιζόμενον
4013 509 4024 521 ·

786 578 969 647 jussit,
1001 576 1343 646 praetendens
1365 575 1505 629 hanc
1528 591 1687 628 unam
1713 576 1875 645 299
1897 592 2015 630 esse
2046 577 2360 632 insidiarum

789 666 1205 720 avertendarum
1238 665 1527 719 rationem.
1588 666 1664 719 Ita
1698 666 1767 719 ob
1800 682 1885 719 res
1924 666 2093 720 ﬂuxas
2145 679 2199 721 et
2259 671 2362 721 itu-

797 759 1003 827 perium
1040 758 1304 811 caducum
1329 757 1607 812 Romanus
1660 759 1880 826 periurii
1916 774 1972 811 se
2001 759 2255 829 obligavit
2312 770 2367 814 ct

800 869 828 903 a
886 852 990 903 Deo
1048 848 1387 902 abalienavit.
1464 849 1563 903 llic
1609 858 1726 903 erat
1782 866 1961 903 rerum
2035 852 2363 905 urbanarum

797 950 989 995 status.

2473 583 2698 634 καὶτῶν
2728 584 2913 636 αίτίων
2950 585 3321 652 συσχεθέντων
3354 585 3585 647 ἕκαστος
3618 584 3758 636 κατὰ
3788 585 3846 636 τὸ
3879 584 4034 647 δόξαν

2473 675 2789 743 ἐτιμωρήθη
2836 675 2913 742 τῷ
2950 675 3161 743 βασιλεῖ
3202 677 3488 746 Ῥωμανῷ,
3534 676 3624 728 τοῦ
3688 676 4036 729 Ἀναστασίου

2471 766 2839 835 ἀποκαρέντος
2868 768 3121 836 μοναχοῦ.
3168 769 3255 833 Ἐξ
3280 765 3347 837 ἦς
3380 769 3557 830 αἰτίας
3582 770 3674 821 καὶ
3701 771 3728 820 ὀ
3752 771 4040 821 Κωνσταν-

2472 858 2613 917 τίνος
2644 856 3052 920 ὑποειὸἀςεται,
3082 860 3175 909 καὶ
3208 859 3457 927 δεύτερος
3486 860 3848 929 ἀνηγορεύετο
3881 860 4037 927 βασι-

2473 945 2618 1008 λεὺς,
2645 946 2860 1015 πρῶτος
2887 948 2941 998 δὲ
2964 949 2991 999 ὁ
3034 948 3334 1016 Ῥωμανὸς,
3365 951 3841 1018 προφασισάμενος
3870 952 4039 1012 οὕτως

797 1032 971 1099 μόνως
1004 1030 1224 1084 δυνατὸν
1257 1025 1395 1082 εῖναι
1441 1030 1873 1100 κατευνασθῆναι
1905 1033 2002 1093 τὰς
2044 1032 2358 1099 ἐπιϐουλάς,
2388 1034 2476 1089 διά
2498 1053 2558 1087 τε
2586 1038 2886 1106 πράγματα
2934 1038 3245 1108 πρόσκαιρα
3298 1040 3393 1091 καὶ
3453 1039 3728 1108 βασιλείαν
3795 1041 4039 1112 φθαρτὴν

796 1126 889 1176 καὶ
920 1126 1180 1193 ἐπίκηρον
1213 1125 1470 1195 ἐπιορκία
1504 1126 1813 1194 περιπεσὼν
1848 1125 2056 1178 καὶτοῦ
2101 1126 2237 1179 Θεοῦ
2269 1128 2558 1197 γενόμενος
2614 1132 2872 1200 μήκοοεν.
2906 1133 3016 1184 Καὶ
3054 1133 3120 1185 τὰ
3161 1133 3259 1201 μὲν
3329 1134 3476 1186 κατα
3536 1134 3636 1203 τὴν
3692 1132 3843 1185 πόλιν
3914 1134 4041 1201 ἐφὲο

798 1234 919 1287 ρετο
950 1216 1092 1285 τῇδε.

868 1314 938 1365 At
987 1311 1209 1368 Simeon
1272 1313 1465 1367 iterum
1528 1327 1779 1381 magnum
1844 1323 2031 1367 contra
2092 1314 2365 1370 Romanos

796 1404 1001 1459 emittit
1032 1407 1353 1468 exercitum,
1391 1405 1527 1458 duce
1542 1403 1818 1474 Chagano,
1850 1422 1958 1460 uno
1985 1422 2207 1461 suorum
2237 1425 2366 1477 pro—

798 1509 1007 1559 cerum,
1039 1505 1094 1548 et
1125 1495 1322 1548 Miuico
1360 1496 1684 1563 equisonum
1724 1497 1991 1565 principe;
2044 1499 2367 1569 mandatque

801 1594 858 1637 ut
888 1595 1029 1638 recta
1056 1586 1121 1639 ad
1152 1586 1337 1639 urbem
1365 1586 1717 1639 contendant.
1754 1585 2052 1652 Romanus,
2083 1588 2149 1641 de
2179 1603 2367 1641 eorum

800 1676 1033 1728 adventu
1064 1677 1262 1729 certior
1306 1677 1500 1741 factus,
1537 1686 1890 1745 metuensque
1915 1693 1982 1730 ne
2004 1678 2038 1732 ii
2071 1678 2370 1745 pulcherri-

2554 1312 2611 1363 '0
2641 1313 2695 1363 δὲ
2750 1312 2972 1378 Συμεὼν
3011 1313 3169 1365 πάλιν
3213 1313 3424 1379 δῦναμι·
3494 1312 3718 1379 βαρεῖαν
3754 1312 4039 1379 ἐκπέμπει

2472 1404 2613 1456 κατὰ
2652 1402 2959 1471 Ῥωμαίων,
2995 1402 3224 1471 ἔξαρχον
3247 1404 3473 1471 ἔχουσαν
3500 1403 3767 1469 Χαγάνον,
3805 1402 3898 1453 ’ἐνα
3934 1403 4038 1454 τῶν

2473 1494 2601 1563 παρ’
2624 1493 2772 1563 αὐτῷ
2810 1494 2951 1562 μέγα
2976 1494 3312 1561 δυναμένων,
3349 1495 3442 1545 καὶ
3481 1495 3707 1546 Μινικδν
3752 1494 3859 1545 τῶν
3891 1495 4041 1545 ἱππο-

2474 1587 2660 1653 κόμων
2690 1584 2781 1636 τὸν
2828 1584 3067 1653 πρῶτον,
3094 1580 3174 1645 οἷς
3228 1584 3540 1653 ἐπέσκηψεν
3586 1584 3705 1636 κατ’
3744 1586 3911 1653 αὐτῆς
3967 1585 4041 1645 ὡς

2473 1676 2705 1743 τάχιστα
2744 1676 2841 1742 τῆς
2881 1675 3087 1736 πόλεως
3124 1675 3537 1744 ἐκστρατεῦσαι.
3573 1670 3673 1726 Ὠν
3705 1677 3801 1743 τὴν
3857 1676 4040 1742 ἔφοδον

804 1782 887 1819 ma
924 1767 1043 1819 urbi
1082 1768 1511 1835 propinquorum
1544 1767 1784 1820 locorum
1808 1769 2001 1836 palatia
2038 1778 2091 1822 ct
2147 1769 2372 1823 azdiﬁcia
2400 1777 2447 1835 Β
2477 1768 2540 1818 ἁν

2296 1769 2372 1823 cia
2400 1777 2447 1835 B
2477 1765 2770 1835 ἁναμαθὼν
2807 1767 2835 1817 δ
2862 1766 3111 1834 βασιλεὺς
3159 1766 3455 1835 Ῥωμανὸς,
3475 1769 3563 1819 καὶ
3589 1767 3938 1835 λογισάμενος
3965 1771 4037 1836 μή

802 1856 1052 1909 incendio
1109 1866 1402 1921 vastarent,
1442 1855 1708 1910 Joannem
1734 1868 1996 1913 rectorem
2026 1874 2149 1913 cum
2192 1860 2374 1914 Leone

803 1958 859 2003 et
888 1948 1062 2003 Potho
1090 1951 1305 2019 Argyris
1351 1951 1563 2004 obviam
1607 1951 1685 2002 ire
1715 1950 1887 2018 jubet,
1940 1952 2238 2005 exercitum
2271 1952 2375 2005 du-

805 2048 991 2091 centes
1052 2040 1288 2092 validum
1350 2056 1413 2093 ex
1477 2040 1839 2108 imperatoriis
1888 2041 2262 2097 sodalitatibus
2322 2052 2377 2096 et

807 2128 1122 2182 cohortibus
1203 2129 1320 2182 aliis
1384 2138 1749 2183 contractum.
1841 2130 2027 2184 Adfuit
2099 2132 2165 2185 iis
2212 2132 2375 2186 etiam

807 2220 1027 2273 Alexius
1055 2221 1313 2288 patricius
1340 2230 1394 2273 et
1436 2221 1760 2291 drungarius
1790 2222 1866 2274 rei
1898 2222 2126 2286 navalis,
2163 2232 2217 2276 et
2264 2223 2375 2277 Mo-

810 2310 952 2367 seles
1026 2326 1147 2363 cum
1204 2311 1335 2364 suis.
1394 2312 1591 2374 Quinta
1658 2310 1997 2381 Jejuniorum
2057 2315 2378 2383 septimana,

810 2402 1053 2455 exercitu
1089 2403 1141 2454 in
1172 2402 1391 2471 planitie
1426 2402 1685 2472 Pegarum
1715 2404 1977 2458 instructo
2000 2406 2379 2461 substiterunt.

812 2492 889 2546 lbi
914 2490 1161 2559 Bulgaris
1215 2507 1273 2545 se
1322 2491 1500 2545 subito
1527 2492 1883 2561 prodentibus
1927 2504 1980 2548 et
2008 2496 2237 2549 obseura
2261 2512 2381 2550 cum

812 2582 1198 2637 vociferatione
1229 2597 1293 2637 ac
1336 2598 1530 2652 magno
1583 2582 1788 2651 impetu
1824 2584 2157 2640 irruentibus
2212 2598 2385 2640 rector

812 2672 1051 2727 Joannes
1079 2672 1258 2743 fugam
1290 2673 1448 2739 facit;
1478 2689 1540 2727 ac
1572 2660 1828 2742 patrioius
1879 2673 2143 2728 Photinus
2166 2675 2385 2743 Latipa-

814 2764 898 2816 tlis
930 2762 1069 2816 ﬁlius
1118 2778 1214 2831 pro
1242 2778 1307 2816 eo
1331 2777 1578 2832 pugnans
1630 2762 1829 2830 aliique
1881 2762 2024 2815 haud
2079 2764 2235 2830 pauci
2286 2763 2385 2815 ob-

818 2864 1162 2908 truncantur.
1221 2855 1421 2909 Rector
1446 2870 1587 2923 aegre
1627 2867 1876 2908 servatus
1910 2854 1962 2906 in
1998 2854 2232 2908 celocem
2260 2870 2386 2907 eva-

821 2946 912 3001 sit.
978 2946 1122 2999 ldt'lll
1151 2947 1327 2999 facere
1372 2946 1555 2999 volens
1602 2945 1823 2998 Alexius
1895 2943 2238 3013 drungarius,
2265 2958 2386 2996 cum

820 3036 1112 3091 ascendere
1146 3036 1415 3104 nequiret,
1457 3035 1524 3089 de
1573 3035 1731 3088 scalis
1783 3034 1982 3087 celocis
2025 3032 2079 3085 in
2117 3048 2262 3086 mare
2302 3033 2391 3085 de—

2478 1875 2593 1918 πως
2636 1857 2951 1918 ἐπελθόντες
2976 1858 3042 1909 τά
3093 1857 3352 1909 κάλλιστα
3389 1858 3497 1909 τῶν
3528 1857 3933 1925 πλησιαζόντων
3976 1862 4040 1926 τῇ

2476 1949 2627 2000 πόλει
2674 1948 2950 2000 παλατίων
2992 1949 3085 1999 καὶ
3135 1948 3452 2015 οἰκημάτων
3506 1949 3920 2017 πυρπολήσωσι,
3955 1950 4044 2001 τὶν

2479 2038 2758 2106 ραίκτωρα
2821 2038 3074 2103 Ἰωάννην
3128 2037 3241 2103 ἆμοι
3299 2038 3486 2089 Λέοντι
3549 2040 3643 2089 καὶ
3708 2038 3861 2106 Πόθῳ
3936 2043 4045 2100 τοῖς

2490 2130 2772 2199 ’Λργυροῖς
2807 2129 3081 2196 ἐκπέμπει
3119 2129 3256 2197 μετὰ
3296 2129 3535 2197 πλήθους
3563 2131 3746 2181 ἱκανοῦ
3773 2132 3834 2181 ἕκ
3866 2147 3919 2181 τε
3950 2131 4043 2195 τῆς

2482 2218 2763 2288 βασιλικῆς
2794 2218 3067 2288 ἑταιρείας
3110 2220 3199 2269 καὶ
3229 2220 3335 2270 τῶν
3398 2222 3753 2287 ταγματικῶν
3803 2222 3934 2287 (U7).
3968 2214 4047 2281 οἷς

2484 2309 2645 2377 συνῆν
2697 2309 2791 2358 καὶ
2832 2309 2859 2359 ὁ
2904 2308 3190 2377 πατρίκιος
3250 2308 3483 2372 Ἀλέξιος
3534 2312 3628 2361 καὶ
3693 2312 4049 2379 δρουγγάριος

2481 2398 2587 2450 τῶν
2610 2400 2869 2465 πλωῖμων
2901 2399 2927 2448 ὁ
2953 2399 3186 2467 Μωσηλέ
3232 2399 3369 2467 μετὰ
3395 2400 3501 2451 τῶν
3545 2401 3633 2452 ὑπ’
3670 2402 3851 2452 αὑτίν.
3888 2402 4045 2452 Κατὰ

2483 2489 2538 2540 δὲ
2587 2491 2685 2556 τὴν
2740 2486 2778 2538 ε’
2809 2488 3075 2552 ἑϐδομάδα
3116 2491 3222 2543 τῶν
3268 2492 3549 2559 Νηστειῶν
3573 2494 3920 2558 διατάξαντες
3962 2493 4053 2544 τὶν

2484 2580 2611 2631 λαὸν
2642 2580 2697 2630 ἐν
2720 2584 2828 2641 τοῖς
2861 2582 3091 2641 πεδινοῖς
3123 2582 3231 2632 τῶν
3253 2583 3448 2649 Πηγῶν
3479 2583 3660 2644 τόποις
3698 2584 4052 2653 προσέμενον.

2487 2670 2724 2723 Ἐκεῖθεν
2776 2671 2830 2722 δὲ
2892 2671 2997 2722 τῶν
3052 2671 3372 2740 Βουλγάρων
3415 2674 3795 2740 ἁναφανέντων
3836 2675 3927 2726 καὶ
3960 2673 4054 2741 βοῇ

2489 2761 2850 2831 χρησαμένων
2877 2762 3076 2831 ἀσήμῳ
3111 2764 3204 2812 καὶ
3240 2762 3483 2831 σφοδρῶς
3518 2764 3896 2817 ἐπελασάντων
3940 2780 4040 2815 κατ

2491 2854 2690 2916 αὐτῶν,
2717 2852 2905 2921 φεύγει
2943 2853 3039 2921 μὲν
3084 2855 3111 2905 ὁ
3154 2854 3393 2923 ῥαίκτωρ
3450 2856 3719 2924 Ἰωάννης,
3764 2857 4057 2923 σφάττεται

2489 2941 2545 2993 δὲ
2582 2941 2721 3009 ὑπὲρ
2756 2940 2921 2994 αὑτοῦ
2979 2943 3377 3011 ἀγωνιζόμενος
3406 2944 3669 3007 Φωτεινδς
3712 2945 3999 3010 πατρίκιος
4030 2948 4057 2996 ὁ

2490 3032 2583 3085 τοῦ
2616 3033 2955 3093 Πλατύποδος
2994 3034 3106 3095 υίὸς
3142 3035 3231 3086 καὶ
3262 3035 3411 3086 ἄλλοι
3440 3037 3539 3086 οὐκ
3566 3037 3751 3101 ὀλίγοι.
3780 3037 3944 3097 Μόλις
3967 3035 4059 3088 οὖν

820 3125 953 3180 cidit
996 3125 1156 3195 300
1188 3142 1310 3180 cum
1334 3141 1433 3180 suo
1463 3124 1957 3194 protomandatore,
2002 3130 2056 3176 et
2103 3122 2396 3177 suffocatus
2423 3118 2466 3178 (Ξ
2498 3122 2526 3172 ὁ

2316 3133 2396 3175 lus
2423 3118 2466 3178 C
2498 3122 2526 3172 ὁ
2586 3122 2827 3192 ραίκτωρ
2871 3121 3156 3182 διασωθεὶς
3204 3123 3453 3190 είσῆλθεν
3511 3125 3589 3185 εἰς
3652 3124 3743 3175 τὸν
3788 3125 4057 3194 δρόμωνα.

824 3226 928 3271 est.
984 3216 1093 3271 Leo
1136 3226 1188 3270 ct
1228 3215 1434 3270 Pothus
1458 3215 1644 3285 Argyri
1687 3215 1740 3267 in
1772 3213 2048 3266 castellum
2079 3212 2200 3281 fuga
2229 3228 2285 3265 se
2311 3226 2393 3265 re-

823 3316 1109 3375 ceperunt.
1172 3307 1394 3375 Reliqua
1440 3305 1728 3359 multitudo
1760 3304 1950 3373 partim
1983 3303 2216 3357 hostium
2278 3318 2395 3356 ma-

827 3411 932 3449 nus
988 3398 1113 3450 dum
1147 3397 1383 3467 effugere
1445 3396 1654 3459 volunt,
1704 3395 1756 3447 in
1815 3394 1947 3448 mari
1997 3402 2251 3463 pereunt,
2306 3393 2395 3446 alii

824 3487 969 3540 ferro
1000 3494 1278 3549 necantur,
1318 3486 1536 3555 quidam
1564 3487 1873 3554 capiuntur.
1905 3484 2137 3554 ltulgari,
2180 3484 2396 3537 nemine

826 3574 1165 3643 prohibente,
1220 3575 1459 3645 Pegense
1526 3574 1786 3644 palatium
1817 3582 2098 3643 totumque
2166 3571 2394 3627 Stenum

827 3664 1077 3718 incendio
1113 3674 1345 3720 vastant.

826 3756 1117 3824 φεύγοντες
1156 3757 1529 3826 ἀπεπνίγησαν
1563 3796 1577 3822 ,
1622 3759 1670 3810 οἱ
1736 3757 1790 3810 δὲ
1853 3756 2070 3826 σιδήρου
2128 3757 2383 3824 γεγόνασι
2440 3757 2838 3827 παρανάλωμα,
2905 3756 2952 3806 οἱ
2998 3754 3054 3806 δὲ
3093 3756 3248 3825 χερσὶ
3295 3756 3650 3824 βαρϐαρικαῖς

2497 3212 2666 3264 Τοῦτο
2709 3212 2801 3264 καὶ
2852 3211 3085 3277 Ἀλέξιος
3124 3212 3152 3263 ὀ
3202 3211 3560 3283 δρουγγάριος
3618 3214 3840 3281 ποιῆσαι
3870 3212 4065 3282 βουλη-

2499 3301 2633 3364 θεὶς,
2668 3302 2762 3351 καὶ
2799 3300 2871 3369 μὴ
2913 3299 3159 3368 δυνηθεὶς
3188 3302 3449 3362 ἀνελθεῖν,
3483 3306 3538 3354 ἐν
3575 3306 3636 3371 τῇ
3663 3303 3754 3354 τοῦ
3786 3304 4064 3371 δρό;;ο›νος

2502 3390 2786 3460 ὑποόάθρᾳ
2809 3390 2989 3443 πεσὼν
3017 3394 3073 3444 ἐν
3098 3396 3160 3461 τῇ
3202 3392 3443 3463 θαλάσσῃ
3477 3395 3569 3445 σῦν
3609 3395 3683 3463 τῷ
3720 3397 3887 3447 αὑτοῦ
3922 3413 4066 3464 πρω-

2499 3481 2876 3550 τομανδάτωρι
2898 3481 3197 3551 ἀπεπνίγη.
3244 3484 3393 3535 Λέων
3428 3484 3483 3536 δῖε
3519 3486 3611 3536 καὶ
3642 3486 3806 3545 Πόθος
3838 3486 3886 3535 οἱ
3935 3488 4064 3553 Ἀρι

2500 3573 2659 3643 γυροὶ
2688 3574 2745 3625 ἐν
2772 3572 2851 3641 τῷ
2883 3573 3182 3642 καστελλίῳ
3229 3575 3582 3642 διαφυγόντες
3624 3577 3927 3643 ἐσώθησαν.
3962 3576 4067 3628 Τοῦ

2499 3664 2556 3717 δὲ
2585 3663 2772 3716 λοιποῦ
2807 3662 3043 3733 πλήθους
3072 3665 3119 3715 0i
3153 3666 3249 3732 μὲν
3274 3666 3371 3727 τὰς
3401 3666 3507 3717 τῶν
3548 3668 3818 3733 πολεμίων
3874 3671 4063 3735 χεῖρας

3736 3758 3925 3825 συνελή
3942 3758 4070 3826 sin“

829 3866 946 3903 σαν.
974 3847 1057 3919 [ιδ.
1089 3848 1214 3918 621]
1242 3850 1305 3901 Ui
1330 3848 1383 3901 δὲ
1412 3849 1707 3919 Βούλγαροι
1738 3849 1880 3902 κατὰ
1909 3850 2108 3919 πολλὴν
2131 3849 2223 3903 τοῦ
2274 3849 2607 3911 κωλύσοντος
2639 3848 2874 3919 ἐρημίαν
2940 3846 3008 3899 τά
3041 3863 3098 3897 τε
3170 3847 3278 3901 τῶν
3339 3847 3535 3914 Πηγῶν
3592 3847 3899 3917 ἐνέπρησαν
3966 3864 4075 3899 πα-

831 3944 984 3996 λάτια
1012 3943 1103 3996 καὶ
1127 3942 1270 3995 ἅπαν
1299 3942 1355 3995 τὸ
1394 3944 1583 3995 Στενδν
1612 3944 2022 4015 ἐπυρπόλησαν.

900 4036 1171 4091 Vicesima
1205 4033 1487 4089 Februarii
1515 4036 1622 4099 die,
1679 4036 1973 4091 indictione
2000 4036 2231 4101 decima,
2269 4055 2407 4092 uxor

836 4126 1062 4181 Romani
1086 4125 1374 4180 Theodora
1397 4126 1628 4183 moritur
1659 4134 1712 4180 ct
1736 4127 1789 4179 in
1829 4127 2078 4197 Myrelaeo
2122 4129 2404 4196 sepelitur.

837 4216 1089 4285 Augustae
1137 4231 1335 4269 nomen
1360 4214 1553 4269 deinde
1581 4215 1748 4285 gessit
1790 4230 1921 4268 uxor
1964 4216 2264 4271 Christiferi
2305 4216 2407 4271 So-

838 4308 984 4378 phia.
1044 4306 1199 4361 Tunc
1221 4307 1383 4361 etiam
1413 4322 1477 4359 ex
1506 4305 1674 4361 Iberia
1722 4307 1869 4361 venit
1904 4306 2019 4361 lber
2048 4308 2406 4377 curopalates,

838 4396 1226 4466 splendideque
1253 4406 1477 4450 ornatus
1534 4411 1630 4465 per
1663 4396 1898 4451 medium
1947 4396 2121 4450 forum
2174 4398 2401 4460 transiit,

842 4504 905 4541 ac
935 4504 1125 4557 magna
1161 4503 1281 4540 cum
1316 4487 1481 4556 gloria
1528 4495 1580 4540 et
1609 4485 1814 4539 honore
1844 4497 2101 4556 exceptus
2124 4496 2222 4539 cst.
2269 4486 2403 4539 Eum

2585 4030 2817 4097 Εἰκοστῇ
2875 4027 2931 4079 δέ
2986 4024 3351 4094 Φεόρουαρίον
3405 4025 3593 4094 μηνος,
3647 4025 3972 4086 ἰνδικτιῶνος
4024 4019 4074 4088 ι’,

2510 4122 2730 4188 θνήσκει
2765 4116 3015 4185 θεοδιὶιρα
3057 4117 3089 4184 ἡ
3123 4114 3349 4183 σύμϐιος
3393 4114 3698 4182 Ῥο›μανοῦ,
3726 4116 3815 4165 καὶ
3872 4113 4078 4167 θάπτε-

2508 4228 2597 4262 ται
2641 4211 2696 4260 ἐν
2740 4207 2815 4274 τῷ
2870 4203 3189 4272 Μυρελαίῳ⁶
3230 4202 3567 4273 ἀνηγορεύθη
3623 4202 3679 4253 δὲ
3714 4200 3997 4268 Αὐγοῦστα
4047 4204 4079 4271 ἡ

2510 4300 2603 4352 τοῦ
2639 4297 2899 4367 βασιλέως
2931 4294 3299 4364 Χριστοᾳὸρου
3341 4293 3475 4361 γυνὴ
3531 4294 3562 4358 ἡ
3596 4291 3783 4358 Sosia.
3836 4292 4081 4360 Παρεγέ-

2514 4406 2632 4444 νετο
2654 4390 2708 4441 δὲ
2749 4388 2841 4439 καὶ
2885 4386 2943 4451 ἐξ
2990 4384 3220 4453 Ἰϐηρίας
3274 4385 3301 4435 ὁ
3348 4383 3757 4451 κουροπαλάτης
3814 4383 3842 4433 ὁ
3905 4382 4080 4451 Ἰϐηρ,

2514 4481 2606 4533 καὶ
2643 4479 2729 4531 διὰ
2767 4478 2937 4547 μέσης
2988 4475 3087 4543 τῆς
3146 4475 3347 4541 ἀγορᾶς
3385 4472 3607 4523 διελθὼν
3664 4472 4083 4540 κεκοσμημένης

845 4582 1141 4649 imperator
1168 4580 1219 4631 in
1248 4580 1416 4632 (edem
1451 4577 1667 4647 Sophia:
1691 4579 1858 4643 misit,
1916 4588 1973 4632 ut
2032 4580 2151 4647 ejus
2206 4579 2402 4632 molem
2443 4597 2485 4652 ο
2512 4570 2576 4621 λα

2338 4595 2402 4631 ειη
2443 4597 2485 4652 D
2512 4567 2780 4639 λαμπρῶς
2808 4566 2945 4635 μετὰ
2976 4564 3132 4631 δόξης
3172 4563 3367 4631 πολλῆς
3424 4563 3518 4614 καὶ
3556 4562 3720 4630 τιμῆς
3768 4561 4036 4630 ὑπεδέχθη
4068 4579 4079 4591 ·

848 4687 910 4724 ac
942 4671 1399 4739 pulchritudinem
1453 4671 1683 4725 videret.
1742 4670 1872 4736 Qua:
1923 4672 1968 4725 is
2021 4670 2414 4739 contemplatus

849 4776 1042 4829 magna
1075 4776 1195 4813 cum
1225 4761 1601 4826 admiratione,
1634 4762 1880 4831 latusque
1910 4762 2050 4816 hanc
2091 4763 2259 4815 aedem
2293 4777 2417 4815 vere

848 4864 966 4902 esse
1024 4848 1118 4901 Dei
1182 4849 1604 4918 receptaculum,
1659 4850 1878 4903 domum
1952 4850 2129 4903 rediit.
2185 4848 2417 4901 Rursum

849 4937 1045 4991 deinde
1082 4936 1291 5009 Bulgari
1327 4940 1684 5009 impressione
1736 4939 1874 4994 facta
1926 4955 2095 5009 usque
2156 4941 2221 4993 ad
2276 4940 2420 5011 pala-

852 5030 981 5082 tium
1015 5027 1309 5083 ‘l‘bcodoraa
1333 5031 1586 5100 Augusta:
1610 5041 1995 5101 pervenerunt,
2020 5033 2178 5101 idque
2203 5034 2418 5087 nemine

851 5118 1176 5173 defendente
1236 5131 1634 5176 cremaverunt.
1686 5121 1965 5177 Romanus
1996 5124 2242 5177 convivio
2268 5140 2416 5177 Slltli-

853 5219 1043 5277 ptnusc
1101 5210 1363 5265 instructo
1406 5213 1471 5265 ad
1522 5212 1572 5265 id
1603 5213 1769 5267 duces
1812 5214 2124 5267 militarium
2166 5214 2414 5268 ordinum

854 5300 1092 5361 Vucavit,
1126 5301 1372 5371 interque
1403 5303 1504 5356 hos
1554 5303 1845 5357 Sacticium
1870 5305 2111 5359 cohortis
2142 5306 2415 5359 excubitu-

854 5402 971 5441 rum
1002 5388 1337 5458 pnefcctum.
1394 5390 1724 5446 Procedente
1754 5392 1909 5461 30],
1946 5391 2200 5445 convivio
2240 5392 2417 5444 illatus

856 5492 939 5536 cst
976 5483 1041 5536 de
1082 5481 1324 5553 Bulgaris
1348 5499 1558 5549 sermo;
1582 5486 1973 5554 etimperatore
2014 5484 2176 5537 multa
2224 5484 2289 5537 ad
2327 5499 2417 5535 ca-

2522 4663 2580 4716 ὃν
2613 4662 2705 4714 καὶ
2759 4662 2815 4712 ἐν
2872 4662 2934 4729 τῇ
3004 4658 3162 4727 ’Λγίᾳ
3184 4657 3275 4708 τοῦ
3324 4655 3456 4707 Θεοῦ
3516 4656 3683 4725 Σοφία
3714 4654 4029 4715 ἀπέστειλεν
4059 4656 4085 4707 ὁ

2528 4754 2796 4824 βασιλεὺς,
2831 4752 2890 4802 τὸ
2920 4749 3111 4810 κάλλος
3136 4747 3304 4816 αὐτῆς
3339 4746 3635 4798 θεάσασθαι
3669 4748 3759 4797 καὶ
3808 4747 3866 4797 τὸ
3922 4746 4084 4813 μέγε-

2526 4846 2635 4907 θος.
2678 4842 2951 4896 ’Λπελοὼν
2985 4838 3075 4893 οὖν
3128 4840 3220 4892 καὶ
3262 4838 3354 4891 τοῦ
3391 4836 3517 4890 ναοῦ
3548 4837 3645 4906 τὴν
3679 4837 3940 4905 καλλονὴν
3991 4854 4090 4889 κα-

2526 4935 2823 5001 ταπλαγεὶς
2855 4933 2945 4985 καὶ
2974 4932 3062 4985 τὸν
3097 4930 3362 4997 πολυτελῆ
3400 4930 3598 4997 κόσμον
3634 4928 4085 4996 ὑπερθαυμάσας,

2518 5025 2839 5097 καὶξάληθῶς
2870 5024 3001 5076 Θεοῦ
3026 5021 3365 5088 καταγώγιον
3395 5021 3483 5071 τὸν
3514 5020 3653 5088 ἱερὸν
3676 5022 3881 5071 τουτονὶ
3912 5020 4086 5087 χῶρον

2516 5117 2704 5179 εἰπὼν,
2734 5114 3067 5184 ὑπέστρεψεν
3086 5113 3241 5173 εἰςτα
3264 5112 3388 5163 ἴδια.
3407 5111 3527 5161 Τῶν
3555 5111 3609 5162 δὲ
3638 5111 3954 5176 Βονλγαρων
3992 5112 4092 5161 πά-

2516 5210 2597 5261 λιν
2620 5208 2865 5277 εἰσϐολὴν
2886 5206 3270 5274 ποιησαμένων
3293 5202 3430 5254 κατᾶ
3452 5203 3546 5269 τῆς
3572 5202 3859 5269 Ῥωμαίων
3884 5199 4089 5268 χώρας,

2515 5304 2728 5363 καὶτοῖς
2745 5301 3024 5361 παλατίοις
3042 5299 3139 5366 τῆς
3157 5297 3421 5367 βασιλίδος
3438 5297 3772 5363 ὲγγισάντων
3790 5294 3915 5344 (tier/3
3940 5294 3959 5341 ἓ
3972 5310 4033 5360 ρα
4046 5310 4088 5353 ς,

2525 5396 2599 5456 ὡς
2616 5395 2764 5446 οὐδὲν
2794 5390 2859 5462 ἦν
2876 5392 2935 5444 τὸ
2954 5393 3402 5461 προσιστάμενον,
3426 5390 3557 5457 πυρὶ
3573 5386 3742 5438 ταῦτα
3764 5385 4089 5452 παρέδοσαν.

2537 5486 2595 5537 Ὀ
2633 5485 2688 5537 δὲ
2730 5483 2979 5551 βασιλεὺς
3016 5481 3293 5550 Ῥωμανδς
3330 5480 3550 5549 ἄριστον
3582 5477 3948 5543 ποιησάμενος
3996 5489 4094 5525 που

2012 5661 2361 5715 ΧΥΙΛΝΟΙΗ
2420 5660 2502 5715 ΕΤ
2546 5660 2754 5717 GOARI
2788 5660 3017 5717 ΝΟΤΛΞ.

938 5755 1051 5828 (67)
1082 5757 1160 5813 Ea:
1189 5762 1652 5830 cmq‘wdcrutorum
1682 5771 1728 5813 et
1777 5761 2101 5814 subditorum
2142 5760 2427 5815 ordinibus.
2456 5759 2622 5813 Gem.
