4410 6452
314 378 386 443 3-:
1371 362 1914 427 lllSTOlilARUM
1955 362 2482 428 COMPENDIUM.
3508 375 3579 443 38

318 410 377 444 ἔοι

314 492 623 561 διαϐληθεὶς
668 486 804 558 πρὸς
841 487 931 540 τὸν
962 482 1210 558 βασιλέα,
1241 481 1516 537 κατελθὼν
1566 477 1661 532 τοῦ
1708 476 1889 530 παλα-
1922 480 1964 536 Α
1997 484 2049 528 tu

1835 494 1889 530 κ·
1922 480 1964 536 Α
1997 476 2121 538 turi,
2175 478 2245 532 ita
2324 493 2420 532 eos
2472 477 2732 550 Bulgarus
2779 464 2986 540 dimisit
3035 494 3093 540 ut
3151 487 3470 544 ostenderet
3517 506 3576 547 se

312 584 451 643 τίου,
502 582 557 631 ὲν
603 580 669 649 τῇ
705 577 870 630 αὑτοῦ
904 576 1040 647 μονῇ
1094 573 1193 643 τὴν
1247 570 1516 639 κοσμικὴν
1561 567 1893 644 ἀπεκείρατο
2000 569 2053 636 ip

1837 583 1893 620 το
2000 569 2177 636 ipsius
2218 568 2563 636 imperatoris
2599 587 2953 643 congressum
2988 587 3265 645 expetere,
3297 595 3457 649 quem
3484 591 3578 650 pre

311 675 495 742 τρίχα.
567 671 958 740 ’Λφικομένους
995 665 1088 719 οὖν
1117 665 1310 728 αὐτοὺς
1345 663 1481 733 πρὸς
1540 661 1632 713 τὸν
1667 659 1892 730 Συμεὼν
1994 671 2052 709 ce

1834 659 1892 712 δν
1994 664 2147 709 certo
2174 656 2405 711 habebat
2431 660 2604 714 virum
2630 677 2752 717 esse
2782 664 3103 732 prudentem
3123 677 3283 738 atque
3308 686 3575 725 veracem~

314 767 407 816 καὶ
439 763 735 832 μέλλοντας
786 761 956 814 κινεῖν
986 758 1176 825 λόγους
1209 756 1337 827 περὶ
1386 755 1628 825 εἰρήνης,
1664 753 1891 809 τούτους

316 858 417 923 μὲν
471 855 859 925 ἀπεπέμψατο,
911 852 1073 905 αὐτὸν
1112 850 1168 903 δὲ
1218 849 1307 901 τὸν
1349 846 1570 917 βασιλέα
1610 842 1891 914 Ῥωμανὸν

312 949 565 1017 ἐπεζήτει
592 943 889 999 θεάσασθαι
914 956 929 973 ⁸
955 939 1414 1011 πεπληροφόρητο
1438 938 1547 1008 γάρ
1565 937 1736 1007 ἀνδρα
1769 952 1892 988 συν-

309 1040 431 1093 ετὸν
458 1039 617 1091 αὑτὸν
646 1031 786 1089 εἶναι
813 1035 907 1089 καὶ
938 1033 1136 1104 ἀληθῆ.
1181 1030 1494 1094 Ἀσπασὶως
1527 1028 1583 1082 δὲ
1605 1030 1633 1082 6
1674 1028 1889 1097 Ῥωμα-

311 1134 402 1193 vi;
424 1128 637 1193 ἐδέξατο
692 1129 870 1181 τοῦτο.
918 1127 1265 1190 Ἀποστείλας
1308 1123 1401 1179 οὖν
1430 1125 1488 1178 ὲν
1526 1122 1601 1192 τῷ
1625 1121 1717 1176 τοῦ
1777 1124 1886 1175 Ko-

312 1224 528 1290 σμιδίου
560 1221 793 1291 αἰγιαλῷ
822 1220 1223 1274 κατεσκεύασεν
1247 1222 1301 1271 ὲν
1324 1220 1387 1289 τῇ
1415 1217 1659 1288 θαλάσσῃ
1676 1218 1886 1286 ὀχυρω-

306 1316 479 1383 τάτην
509 1313 801 1378 ἀπόϐασιν,
840 1312 980 1365 ὥστε
1016 1310 1116 1380 τὴν
1146 1309 1435 1380 βασιλικὴν
1484 1310 1687 1379 τριήρη
1734 1308 1883 1359 διεκ-

308 1406 579 1458 πλέουσαν
641 1406 698 1456 ὲν
758 1404 895 1471 αὐτῇ
977 1400 1442 1473 προσορμίζεσθαι
1476 1438 1491 1461 ,
1544 1397 1884 1468 περιφράξας

307 1496 479 1566 αὐτὴν
534 1494 798 1549 πάντοθεν
855 1491 1278 1561 διατειχίσμασι.
1323 1491 1501 1543 Μέσον
1537 1488 1594 1541 δὲ
1638 1488 1883 1557 θριγκίον

305 1586 566 1652 γενέσθαι
622 1581 976 1652 προσέταξεν,
1003 1581 1130 1634 ἔνθα
1191 1579 1445 1644 ἀλλήλοις
1496 1577 1721 1649 ἔμελλον
1757 1580 1880 1649 ὁμι-

304 1677 441 1729 λεῖν.
488 1676 546 1726 Ὀ
593 1674 651 1727 δὲ
688 1674 912 1742 Συμεὼν
952 1668 1282 1733 ἀποστείλας
1334 1669 1601 1739 ἐνέπρησε
1647 1668 1738 1722 τὸν
1781 1670 1878 1738 τῆς

307 1763 614 1833 ὑπεραγίας
653 1762 919 1815 Θεοτόκου
944 1760 1070 1813 ναὸν
1100 1760 1189 1813 τὸν
1220 1762 1277 1813 ὲν
1309 1762 1373 1830 τῇ
1402 1762 1581 1830 Πηγῇ,
1625 1759 1684 1811 ὃν
1716 1763 1743 1811 6
1786 1758 1881 1827 βα-

306 1856 486 1917 σιλεὺς
518 1851 893 1915 Ἰουστινιανδς
935 1851 1262 1921 ὲδομήσατο,
1309 1851 1655 1921 ἐπυρπόλησε
1683 1849 1739 1902 δὲ
1791 1849 1884 1902 καὶ

306 1949 374 1999 τά
399 1947 582 2017 κύκλῳ
629 1944 943 2014 σύμπαντα,
993 1942 1089 1995 καὶ
1122 1941 1280 2010 δῆλος
1326 1937 1395 2010 ἦν
1446 1942 1511 1993 ὲκ
1572 1939 1760 1992 τούτου
1807 1940 1883 2011 μὴ

300 2041 528 2107 εἰρήνην
560 2035 758 2106 ζητῶν.
807 2034 865 2086 'U
891 2034 947 2085 δὲ
984 2032 1244 2101 βασιλεὺς
1274 2034 1330 2084 ὲν
1376 2029 1454 2101 τῷ
1505 2031 1617 2100 ναῷ
1660 2036 1884 2101 γενόμε-

298 2148 391 2191 νος
421 2128 530 2180 τῶν
566 2124 886 2194 Βλαχερνῶν
923 2123 1039 2193 ἅμα
1083 2123 1162 2194 τῷ
1206 2124 1542 2193 πατριάρχῃ,
1570 2124 1667 2176 καὶ
1699 2126 1757 2177 ὲν
1812 2129 1879 2195 τῇ

311 2220 475 2285 ’Λγίᾳ
503 2216 655 2285 Σορῷ
685 2214 941 2268 εἰσελθὼν
958 2215 1053 2267 καὶ
1085 2214 1368 2283 ἱκετηρίας
1388 2214 1532 2283 ᾠδὰς
1558 2214 1789 2273 ἀποδοὺς
1805 2214 1883 2282 τῷ

294 2308 439 2377 Θεῷ,
495 2309 553 2359 τὸ
587 2307 899 2376 ὡμοφόριον
934 2305 1047 2375 (72)
1075 2306 1173 2373 τῆς
1219 2303 1486 2355 Θεοτόκου
1525 2302 1703 2356 λαϐὼν
1732 2303 1880 2376 ἐξῄει

294 2401 393 2452 τοῦ
442 2402 591 2461 ναοῦ,
624 2401 810 2458 ὅπλοις
875 2396 1147 2466 ἀσφαλέσι
1201 2395 1569 2464 φραξάμενος.
1625 2393 1729 2447 Τὸν
1783 2398 1880 2449 σὺν

292 2490 450 2559 αὐτῷ
476 2486 569 2543 οὖν
611 2490 796 2542 στόλον
844 2490 1127 2558 κοσμήσας
1166 2487 1487 2557 άριπρεπῶς
1522 2487 1612 2539 τὸν
1639 2487 1879 2556 ὡρισμέ-

294 2601 388 2635 νον
422 2582 715 2648 κατεεληφε
742 2580 926 2633 τόπον.
979 2577 1206 2647 Ἐννάτη
1235 2576 1330 2629 τοῦ
1361 2576 1673 2646 Νοεμϐρεου
1708 2578 1878 2645 μηνὸς

290 2670 365 2735 ἦν
391 2674 477 2724 ὅτε
501 2671 673 2725 ταῦτα
702 2672 931 2738 ἐγίνετο.
965 2666 1309 2737 Παρεγένετο
1337 2665 1395 2717 δὲ
1417 2665 1512 2719 καὶ
1544 2668 1573 2725 ό
1626 2667 1873 2735 Συμεὼν,

294 2763 505 2830 πλῆθος
539 2760 883 2828 ἑπαγόμενος
917 2759 995 2820 εἰς
1025 2756 1228 2818 πολλὰς
1272 2756 1603 2826 διῃρημένον
1634 2757 1731 2818 τάς
1764 2774 1870 2811 πα-

296 2854 559 2922 ρατάξεις
590 2854 685 2906 καὶ
707 2853 804 2914 τὰς
832 2850 971 2912 ἰδέας
999 2864 1012 2877 ’
1042 2848 1090 2900 οἱ
1115 2848 1214 2917 μὲν
1246 2846 1356 2917 γὰρ
1390 2844 1531 2918 ἦσαν
1566 2849 1875 2918 χρυσάσπι-

290 2949 388 3008 δες
414 2946 508 2997 καὶ
545 2945 723 3014 χρυσά
768 2944 968 3012 δόρατα
1006 2939 1241 3009 ἔχοντες,
1274 2939 1325 2990 οἱ
1350 2938 1406 2990 δὲ
1444 2939 1872 3007 ἀργυράσπιδες,

291 3040 340 3090 οἱ
376 3038 433 3090 δὲ
464 3034 848 3107 χαλκάσπιδες,
880 3033 930 3084 οἱ
959 3031 1017 3083 δὲ
1069 3028 1203 3098 ἄλλῃ
1263 3030 1423 3101 χροιᾷ
1454 3027 1527 3092 ῶς
1550 3045 1624 3096 πη
1660 3030 1876 3100 ἑκάστῳ

1992 744 2312 817 Pergratum
2366 750 2417 803 id
2457 751 2561 805 fuit
2594 752 2860 819 Romano,
2901 756 3162 827 misitque
3221 759 3361 815 illico
3398 761 3491 833 qui
3520 763 3578 819 in

1992 837 2174 895 littore
2203 840 2463 895 Cosmidii
2494 843 2547 897 in
2576 845 2711 899 muri
2741 844 3075 901 tutissimum
3107 851 3350 918 egressui
3383 868 3413 905 e
3440 868 3577 907 nave

1992 932 2168 987 locum
2195 940 2471 999 pararent,
2505 942 2563 986 ut
2617 951 2683 990 eo
2720 938 3066 1008 imperatoria
3122 940 3361 995 triremis
3390 944 3575 1012 appelo

1988 1025 2102 1079 lere
2141 1033 2349 1093 posset.
2388 1024 2522 1079 Eum
2557 1028 2799 1096 undique
2829 1032 3227 1088 munitionibus
3267 1035 3559 1090 circumde-

1988 1116 2100 1180 dit;
2131 1131 2194 1170 ae
2224 1116 2279 1170 in
2319 1118 2500 1173 medio
2532 1119 2700 1188 jussit
2753 1121 3054 1178 tabulatum
3102 1126 3303 1189 attolli,
3358 1128 3409 1181 in
3467 1144 3575 1197 quo

1987 1216 2144 1262 erant
2196 1209 2538 1265 collocuturi.
2567 1211 2787 1266 Interim
2821 1214 3040 1269 Simeon
3089 1217 3270 1274 missis
3296 1220 3406 1275 suis
3436 1230 3573 1275 tvm-

1985 1300 2134 1370 plum
2163 1300 2401 1372 Deipara:
2426 1301 2731 1359 adFontem
2763 1304 3420 1372 incendit,ab.lustiniano
3442 1327 3574 1365 con-

1985 1380 2177 1448 ditum.
2210 1393 2317 1448 Sed
2348 1404 2403 1449 et
2437 1395 2614 1449 vicina
2668 1395 2872 1451 circum
2926 1399 3111 1453 omnia
3142 1400 3261 1470 igne
3290 1403 3569 1466 vastabat;

1985 1485 2223 1554 satisque
2269 1486 2564 1555 apparebat
2595 1502 2779 1555 pacem
2821 1489 2871 1544 ei
2922 1490 3072 1545 cordi
3132 1507 3240 1546 non
3271 1506 3413 1547 esse.
3466 1493 3573 1548 llo-

1982 1592 2185 1631 manus
2246 1592 2371 1631 cum
2442 1580 2748 1648 patriarcha
2824 1582 3008 1635 fanum
3072 1582 3473 1640 Blacherncnse
3516 1596 3572 1640 et

1987 1666 2214 1722 Sacrum
2252 1666 2573 1737 Sepulcrum
2640 1670 2939 1738 ingressus,
2968 1672 3135 1727 Deum
3167 1687 3568 1745 comprecatus,

1985 1767 2208 1827 accepto
2267 1758 2439 1813 beatae
2496 1760 2729 1832 Virginis
2781 1761 2942 1832 305
3002 1764 3314 1830 humerali,
3357 1765 3562 1833 templo

1986 1854 2138 1908 exiit.
2174 1853 2418 1923 Cumque
2444 1864 2499 1909 et
2520 1871 2580 1909 se
2610 1855 2898 1925 diligenter
2936 1865 3200 1910 armasset
3257 1864 3312 1911 et
3343 1858 3571 1910 comita-

1988 1954 2102 1998 tum
2136 1960 2296 1998 suum
2325 1944 2583 1999 decenter
2601 1954 2871 2008 ornasset,
2901 1944 2968 1999 ad
2994 1944 3277 1999 deﬁnitum
3307 1947 3485 2009 locum
3509 1962 3569 2000 se.

1984 2038 2236 2091 contulit.
2267 2039 2398 2091 Acta
2444 2038 2559 2092 hate
2607 2053 2751 2091 nona
2806 2036 2893 2091 die
2961 2035 3299 2092 Decembris.
3365 2037 3567 2091 Eodem

1984 2131 2133 2183 venit
2157 2137 2211 2183 et
2250 2130 2494 2191 Simeon,
2531 2122 2935 2183 multitudinem
2976 2128 3253 2182 adducens
3277 2129 3443 2182 variis
3474 2144 3565 2182 or-

1984 2218 2205 2273 dinibus
2238 2234 2301 2272 ac
2330 2218 2517 2273 formis
2542 2219 2854 2273 distinctam
2890 2237 2902 2272 :
2958 2219 3047 2274 alii
3110 2234 3346 2287 namque
3406 2230 3560 2273 erant

1983 2312 2163 2364 aureis
2216 2311 2386 2365 scutis
2428 2313 2606 2365 ornati
2660 2324 2714 2367 et
2744 2313 2924 2367 aureis
2967 2314 3159 2377 hastis,
3222 2313 3309 2366 alii
3360 2329 3558 2384 argi-n-

1983 2400 2085 2455 teis
2110 2400 2438 2468 clypeis,alii
2464 2402 2640 2466 aereis,
2683 2402 2774 2455 alii
2824 2402 3050 2456 aliorum
3083 2403 3347 2465 colorum,
3402 2413 3563 2472 prout

1982 2492 2181 2558 cuique
2229 2490 2404 2544 visum
2434 2491 2633 2546 fuerat.
2661 2493 2701 2547 li
2747 2494 2803 2547 in
2844 2493 3084 2548 medium
3133 2495 3217 2548 sui
3246 2494 3559 2551 Simeonem

1982 2578 2338 2646 recipiebant,
2370 2595 2433 2633 ac
2468 2582 2710 2635 Romana
2737 2597 2869 2637 voce
2906 2597 3090 2651 regem
3122 2583 3556 2639 eonsalutabant.

1980 2665 2181 2721 Omnes
2205 2682 2459 2735 proceres
2483 2677 2537 2723 et
2565 2668 2765 2724 civium
2802 2670 3113 2737 multitudo,
3153 2687 3274 2742 qua:
3306 2689 3556 2741 gereren-

1978 2767 2087 2824 tur,
2136 2758 2204 2811 de
2247 2759 2417 2813 muris
2460 2760 2799 2828 spectabant.
2847 2759 3006 2816 Prior
3041 2762 3319 2818 Romanus
3372 2765 3550 2825 locum

1976 2846 2353 2902 exscensionis
2394 2847 2598 2902 dictum
2653 2852 2958 2920 occupavit,
3011 2863 3067 2907 et
3115 2851 3424 2909 Simeonem
3466 2869 3556 2909 ex-

1976 2938 2260 3005 spectavit.
2319 2939 2465 2993 Datis
2520 2940 2663 2994 ultro
2692 2942 2941 3011 citroque
2971 2944 3277 3008 obsidibus,
3341 2945 3558 3017 Bulgari

1978 3040 2101 3081 cum
2130 3027 2308 3081 locum
2339 3028 2628 3098 diligenter
2651 3032 3130 3104 pervestigasseut,
3159 3050 3228 3089 ne
3255 3035 3376 3104 quis
3400 3036 3557 3090 dolus

291 3129 493 3189 ἐδόκει,
528 3125 922 3192 ἐκεκόσμηντο.
943 3121 1156 3185 Οῐτινες
1187 3120 1350 3191 μέσον
1386 3122 1550 3174 αὑτὸν
1584 3122 1867 3191 εἰληφότες
1897 3126 1939 3183 C
1974 3133 2032 3172 au

1816 3139 1867 3185 ες
1897 3126 1939 3183 c
1974 3124 2068 3172 aut
2096 3118 2305 3173 insidia:
2340 3119 2595 3180 laterent.
2655 3120 2970 3177 Simeonem
3021 3117 3167 3193 equo'
3221 3125 3557 3180 descendere

288 3222 384 3271 τὸν
410 3215 636 3284 Συμεὼν
650 3215 723 3277 ὡς
744 3211 965 3283 βασιλέα
993 3213 1273 3283 εὐφήμουν
1298 3212 1580 3281 Ῥωμαῖκῇ
1605 3215 1668 3282 τῇ
1698 3215 1867 3283 φωνῇ.

288 3308 502 3366 Πάντες
515 3305 572 3357 δὲ
587 3305 637 3358 οῖ
653 3305 710 3356 ὲν
728 3304 873 3357 τέλει
900 3304 993 3356 καὶ
1009 3304 1036 3354 6
1048 3302 1267 3364 ἀστικὸς
1284 3303 1455 3369 δῆμος
1477 3304 1538 3354 ὲκ
1558 3303 1663 3355 τῶν
1678 3304 1873 3374 τειχῶν

285 3393 522 3448 ἐθεῶντο
545 3393 611 3445 τὰ
627 3391 899 3462 δρώμενα.
933 3389 1154 3458 Πρῶτος
1179 3383 1271 3440 οὖν
1293 3390 1320 3440 6
1350 3388 1605 3456 βασιλεὺς
1653 3390 1872 3459 Ῥωμα-

286 3487 375 3547 νδς
407 3485 506 3550 τὴν
555 3482 853 3552 εἰρημένην
892 3479 1222 3548 ἀποϐάθραν
1263 3478 1585 3531 καταλαϐὼν
1635 3481 1723 3533 τὸν
1772 3481 1871 3532 Συ-

290 3574 442 3641 μεὼν
475 3572 773 3641 ἐξεδέχετο.
810 3571 1035 3639 ὀμηρα
1069 3569 1124 3621 δὲ
1146 3566 1329 3627 δόντες
1360 3568 1631 3636 ἀλλήλοις,
1657 3570 1750 3622 καὶ
1770 3571 1868 3638 τὴν

284 3664 613 3731 ἀποϐάθραν
651 3664 700 3716 οἱ
743 3662 1045 3729 Βούλγαροι
1098 3659 1547 3729 διερευνήσαντες
1604 3659 1867 3729 ἀκριϐῶς,

290 3757 365 3823 μή
408 3755 515 3806 πού
545 3770 631 3813 τις
657 3754 808 3815 δόλος
837 3753 871 3820 ἢ
907 3753 1097 3820 ἐνέδρα
1131 3750 1465 3819 κρύπτηται,
1500 3749 1622 3802 τότε
1674 3750 1869 3802 κατε).-

284 3847 400 3898 θεῖν
424 3846 521 3899 τὸν
553 3844 777 3914 Συμεὼν
798 3843 893 3897 τοῦ
919 3844 1087 3895 ἵππου
1137 3839 1545 3910 προετρέψαντο
1570 3841 1665 3892 καὶ
1691 3841 1867 3893 εἰσελ-

284 3942 400 3994 θεῖν
439 3940 578 4009 πρὸς
600 3940 689 3992 τὸν
738 3939 983 4007 βασιλέα.
1021 3935 1529 4003 Ἦσπάσαντονγοῦν
1568 3937 1853 4005 ἀλλήλους,

279 4032 377 4083 καὶ
427 4032 560 4100 περὶ
608 4030 833 4100 εἰρήνης
885 4030 1122 4101 ἡρξαντο
1170 4028 1535 4097 διαλέγεσθαι.
1598 4028 1684 4099 [Ρ.
1737 4029 1867 4103 624]

276 4123 415 4173 Φασὶ
446 4121 492 4172 δ’
521 4120 615 4173 οὖν
642 4122 814 4174 εἰπεῖν
841 4121 934 4175 τὸν
983 4119 1260 4191 Ῥωμανὺν
1304 4120 1437 4191 πρὸς
1480 4120 1572 4173 τὸν
1619 4121 1864 4190 Συμεών·

280 4230 299 4261 ι
356 4210 609 4277 Ἀκήκοά
645 4227 704 4263 σε
760 4211 1088 4281 Χριστιανὸν
1136 4212 1425 4281 ἄνθρωπον
1470 4211 1564 4263 καὶ
1616 4209 1863 4280 θεοσεϐῆ,

278 4295 472 4355 βλέπω
503 4296 560 4349 δὲ
614 4296 683 4350 τά
730 4297 867 4368 ἔργα
919 4298 1187 4367 μηδαμῶς
1232 4301 1343 4360 τοῖς
1395 4298 1576 4367 λόγοις
1628 4299 1867 4367 συμϐαί-

275 4405 465 4442 νοντα.
509 4388 573 4440 Εἰ
621 4387 719 4456 μὲν
774 4388 882 4456 γάρ
933 4389 1148 4459 ἀληθῶς
1200 4389 1525 4457 Χριστιανὸς
1576 4390 1862 4460 ὑπάρχεις,

1972 3209 2255 3278 jusserunt
2290 3218 2347 3263 et
2393 3210 2461 3264 ad
2494 3210 2878 3278 imperatorem
2915 3213 3138 3268 intrare.
3183 3214 3260 3269 lbi
3317 3231 3440 3270 cum
3496 3230 3558 3270 se

1972 3307 2165 3352 mutuo
2194 3299 2650 3363 consalutassent,
2690 3300 2756 3354 de
2790 3316 2925 3370 pace
2983 3303 3215 3372 colloqui
3252 3313 3557 3373 coeperunt.

1972 3388 2050 3442 Ac
2094 3387 2278 3442 ferunt
2308 3386 2614 3441 Romanum
2657 3388 2773 3443 haec
2825 3390 2990 3445 verba
3050 3392 3117 3447 ad
3150 3391 3438 3463 Bulgarum
3474 3391 3555 3447 fe-

1975 3482 2165 3535 cisse:
2204 3500 2221 3532 ι
2263 3480 2549 3535 Hominem
2587 3490 2641 3534 te
2692 3496 2814 3535 esse
2869 3482 3241 3539 Christianum
3295 3492 3349 3538 et
3404 3484 3553 3552 pium

1969 3572 2175 3637 audivi,
2210 3574 2306 3627 sed
2337 3572 2480 3627 facta
2514 3582 2604 3627 tua
2641 3572 2797 3627 fama:
2826 3573 3052 3629 minime
3099 3580 3453 3646 respondent.
3495 3574 3553 3629 Si

1977 3662 2123 3715 enim
2158 3676 2216 3715 re
2245 3677 2372 3715 vera
2403 3676 2462 3715 es
2490 3660 2858 3726 Christianus,
2889 3662 3052 3717 ﬁnem
3085 3665 3298 3719 tandem
3330 3662 3413 3716 t‘ac
3444 3678 3551 3715 cm-

1970 3752 2120 3805 dium
2146 3760 2200 3804 et
2226 3750 2487 3804 fundendi
2512 3752 2793 3821 sanguinis
2816 3752 3068 3814 insontis,
3099 3767 3396 3821 pacemque
3427 3766 3551 3806 cum

1971 3839 2133 3893 nobis
2184 3838 2516 3893 Christianis
2560 3837 2903 3893 Christianus
2967 3846 3022 3893 et
3087 3839 3203 3909 ipse
3262 3853 3551 3908 compone,

1971 3945 2147 3999 neque
2185 3930 2272 3984 fac
2302 3939 2361 3983 ut
2390 3930 2596 3984 dextrae
2625 3929 3060 3984 Christianorum
3082 3931 3391 4000 polluantur
3428 3945 3549 3984 san-

1970 4022 2131 4092 guine
2167 4021 2417 4075 eumdem
2454 4019 2730 4075 Christum
2763 4021 3080 4075 colentium.
3144 4021 3317 4077 Homo
3349 4031 3403 4077 et
3430 4022 3547 4093 ipse

1967 4127 2046 4177 es,
2062 4122 2289 4166 mortem
2318 4112 2607 4181 opperiens
2640 4120 2695 4165 et
2733 4113 3181 4168 resurrectionem
3204 4122 3260 4167 et
3284 4113 3551 4182 judicium

1967 4219 2030 4257 ac
2064 4204 2283 4272 dignam
2321 4203 2430 4256 vita
2456 4210 2576 4256 acta
2613 4201 2777 4274 306
2800 4204 3129 4258 mercedem.
3190 4203 3360 4259 llodie
3387 4204 3549 4270 vivis,

1968 4303 2023 4347 ct
2061 4308 2181 4347 cras
2232 4292 2287 4345 in
2313 4293 2591 4360 pulverem
2624 4293 2957 4348 dissolveris.
3013 4296 3068 4349 Si
3116 4296 3426 4349 divitiarum
3462 4312 3549 4351 cu-

1970 4385 2170 4453 piditas
2205 4392 2258 4437 te
2274 4384 2341 4436 ad
2366 4383 2481 4437 haec
2503 4384 2709 4454 agenda
2737 4384 2987 4453 impellit,
3017 4398 3116 4455 ego
3140 4381 3207 4440 ad
3245 4388 3549 4442 satietatem

278 4477 488 4548 στῆσον
507 4494 636 4530 ποτε
660 4478 757 4539 τὰς
793 4479 1013 4542 ἀδίκους
1040 4478 1253 4547 σφαγὰς
1282 4479 1379 4532 καὶ⁸
1406 4479 1503 4543 τὰς
1526 4478 1712 4549 χύσεις
1757 4482 1864 4533 τῶν
1897 4467 1941 4520 Ῑ)
1973 4492 2019 4529 ιιι

1811 4482 1864 4533 iw
1897 4467 1941 4520 Ι)
1973 4490 2146 4544 usque
2172 4485 2223 4529 te
2258 4475 2325 4529 iis
2356 4475 2589 4545 0pplebo
2620 4492 2633 4527 :
2681 4484 2891 4531 tantum
2917 4491 3108 4546 pacem
3137 4478 3467 4547 amplectere
3497 4490 3552 4535 et

277 4570 522 4623 ἀνοσίων
556 4568 832 4637 αἱμάτων,
862 4569 955 4619 καὶ
977 4570 1194 4620 σπεῖσαι
1224 4569 1343 4637 μεθ’
1373 4568 1529 4637 ἡμῶν
1576 4569 1685 4621 τῶν
1726 4570 1860 4639 Χρι-

279 4661 547 4722 στιανῶν,
566 4659 891 4730 Χριστιανὸς
922 4660 1017 4712 καὶ
1039 4658 1200 4723 αὐτὸς
1225 4659 1300 4711 ὢν
1324 4660 1419 4712 καὶ
1445 4660 1863 4731 ὀνομαζόμενος,

275 4752 376 4803 καὶ
411 4751 491 4819 μὴ
527 4749 647 4802 θέλε
673 4749 999 4819 μολύνεσθαι
1032 4749 1383 4819 Χριστιανῶν
1412 4749 1595 4815 δεξιὰς
1638 4752 1866 4821 αἴμασιν

276 4843 601 4912 ὁμοπξστων
653 4840 1018 4909 Χριστιανῶν.
1054 4840 1375 4911 Ἀνθρωπος
1430 4836 1484 4893 εῐ
1530 4842 1624 4895 καὶ
1681 4843 1862 4905 αὐτὸς,

276 4931 517 4982 θάνατον
565 4926 880 4999 προσδοκῶν
924 4930 1017 4981 καὶ
1048 4928 1368 4995 ἀνάστασιν,
1406 4929 1507 4983 ml
1528 4931 1732 5000 κρίσιν,
1766 4932 1862 4983 καὶ

276 5020 647 5073 ἀνταπόδοσιν
692 5020 799 5074 τῶν
847 5019 1214 5090 βεϐιωμένων.
1269 5020 1517 5092 Σήμερον
1573 5021 1857 5091 ὑπάρχεις,

276 5112 373 5162 καὶ
408 5108 604 5179 αὔριον
637 5112 718 5172 εἰς
769 5111 915 5163 κόνιν
961 5110 1277 5181 διαλυθήσῃ.
1309 5111 1372 5163 El
1432 5110 1659 5164 πλούτου
1719 5110 1859 5181 ὲρῶν

276 5201 455 5255 ταῦτα
524 5203 716 5267 ποιεῖς,
753 5200 863 5269 ἐγώ
892 5218 953 5253 σε
1000 5200 1189 5254 τούτου
1244 5202 1508 5272 ἐμπλήσω
1551 5203 1630 5264 εἰς
1669 5202 1856 5271 κόρον.

278 5294 460 5348 Μόνον
492 5294 736 5347 ἄσπασαι
771 5294 867 5365 τὴν
898 5295 1125 5364 εἰρήνην
1162 5296 1254 5347 καὶ
1282 5294 1565 5363 ἀγάπησον
1598 5294 1693 5363 τὴν
1731 5294 1859 5362 ὁμό-

279 5404 454 5450 νοιαν,
485 5386 574 5439 ἵνα
604 5387 700 5438 καὶ
731 5387 890 5449 αὐτὸς
922 5386 1033 5456 βίον
1073 5384 1245 5458 ζήσῃς
1277 5387 1546 5457 εἰρηνικὸν
1584 5388 1676 5437 καὶ
1708 5385 1856 5437 ἀναί-

281 5477 639 5543 [ﬂammant
702 5477 750 5528 oi
805 5478 1119 5549 Χριστιανοὶ
1167 5476 1483 5533 παύσωνταί
1546 5493 1675 5529 ποτε
1727 5476 1847 5528 κατ’

1969 4564 2319 4619 concordiam
2354 4565 2538 4634 dilige,
2572 4573 2631 4618 ut
2675 4565 2791 4634 ipse
2827 4580 3045 4634 quoque
3078 4566 3241 4621 vitam
3299 4576 3545 4637 pacatam

1969 4655 2132 4725 degas
2160 4669 2223 4707 ac
2250 4654 2615 4720 incruentam,
2639 4665 2695 4709 et
2721 4657 2938 4711 tandem
2966 4656 3265 4711 Christiani
3295 4658 3549 4714 desinant

1970 4754 2159 4799 contra
2190 4760 2248 4799 se
2278 4746 2511 4800 invicem
2543 4762 2694 4800 arma
2729 4746 2893 4802 l‘erre.
2933 4767 2952 4800 ι
2986 4746 3082 4803 His
3110 4748 3293 4803 verbis
3332 4750 3544 4819 hacque

1972 4836 2336 4892 submissione
2385 4836 2729 4906 imperatoris
2782 4839 2849 4891 ad
2905 4840 3290 4893 verecundiam
3348 4840 3542 4895 ductus.

1972 4924 2194 4980 Simeon
2244 4924 2494 4994 promisit
2532 4940 2591 4978 se
2644 4940 2830 4991 pacem
2877 4924 3179 4992 facturum;
3242 4937 3298 4982 et
3325 4941 3540 4998 peracta

1967 5016 2292 5070 salutatione
2323 5015 2625 5069 discessum
2649 5026 2753 5083 est,
2784 5032 2905 5071 cum
2937 5019 3160 5087 quidem
3191 5020 3539 5089 magniﬁcen-

1969 5106 2176 5161 tissima
2206 5107 2341 5161 dona
2380 5105 2621 5161 Simeoni
2654 5108 2948 5178 imperator
2980 5110 3239 5165 dedisset.
3303 5110 3536 5181 Dignum

1967 5208 2053 5253 est
2082 5198 2251 5251 relatu
2286 5199 2587 5270 prodigium
2621 5202 2764 5269 quod
2796 5211 2923 5255 tunc
2955 5201 3168 5256 accidit.
3195 5202 3329 5256 Nam
3355 5203 3535 5259 ferunt

1970 5290 2406 5359 colloquentibus
2458 5293 2793 5361 principibus
2823 5293 2957 5346 duas
2999 5293 3208 5360 aquilas
3246 5308 3407 5362 supra
3442 5309 3537 5349 eos

1966 5382 2240 5443 volitasse,
2283 5389 2337 5434 et
2368 5396 2491 5435 cum
2524 5383 2771 5452 clangore
2820 5397 2877 5435 se
2905 5383 3271 5451 conjunxisse.
3303 5397 3533 5452 moxque

1965 5474 2204 5528 divulsas
2255 5470 2443 5536 fuisse,
2494 5474 2568 5528 ita
2629 5482 2685 5526 ut
2718 5472 2884 5527 altera
2917 5474 2982 5529 ad
3029 5473 3215 5529 urbem
3276 5472 3444 5528 altera
3473 5475 3527 5527 in

1429 5614 1777 5670 XYIANDRI
1820 5614 1904 5668 ET
1934 5614 2142 5670 GOARl
2196 5612 2420 5669 NOTAE.

349 5754 463 5826 (72)
505 5752 851 5826 Ὠμοφορίου,
886 5766 1087 5811 vestem
1123 5756 1181 5810 Β.
1231 5758 1464 5829 Virginis
1501 5756 1569 5812 ibi
1621 5759 1929 5829 repositam.
1960 5756 2126 5812 Cum.
