4410 6452
848 399 921 462 39
2107 396 2427 453 (:anou
2471 395 2798 455 CEDRENI
4023 405 4089 469 .40

850 509 1138 561 Thraciam
1169 505 1423 559 avoiaret.
1466 502 1655 571 Ιι1,ιιιιῐ
1696 502 1921 571 augurio
1983 503 2183 571 aliquid
2223 503 2427 554 tribue-
2460 514 2500 568 Α
2533 507 2591 555 ά).

1529 543 1540 564 ,
1568 503 1655 571 qui
1696 502 1921 571 augurio
1983 503 2183 571 aliquid
2223 503 2427 554 tribue-
2460 514 2500 568 Α
2533 505 2773 571 ἀλλήλων
2804 502 2941 557 δ’πλα
2974 505 3267 567 κινοῦντες,

854 602 1005 657 bant.
1044 600 1254 668 signum
1288 595 1685 660 inauspicatum
1721 594 2061 659 interpretati
2086 602 2230 655 sunt,
2251 603 2301 644 et
2336 593 2418 645 in-

854 693 993 746 ferta
1024 705 1154 759 pace
1210 688 1507 741 di:.ccssnm
1560 686 1622 740 Eri
1672 686 2008 756 judicarunt.
2085 686 2303 738 Simeou
2352 685 2418 739 ad

853 798 981 837 suos
1034 796 1288 834 reversus
1344 779 1661 849 proceribus
1700 774 2123 830 moderationem
2190 777 2421 845 impera-

853 876 986 929 toris
1017 883 1071 929 et
1099 873 1475 927 liberalitatem
1505 868 1762 923 narravit.

3319 523 3333 553 ι
3375 504 3480 557 Καὶ
3524 507 3694 560 ταῦτα
3749 507 3844 576 μὲν
3880 503 4030 561 εἶπεν
4063 520 4089 567 δ

2526 596 2798 662 βασιλεὺς.
2835 594 3101 657 αἰδεσθεὶς
3123 597 3178 649 δὲ
3204 599 3230 649 ὀ
3258 597 3480 667 Συμεὼν
3512 599 3607 666 τὴν
3656 601 3844 653 τούτου
3891 605 4081 653 ταπεί-

2526 703 2689 737 νωσιν
2715 687 2981 757 ὑπέσχετο
3005 687 3103 756 τὴν
3142 690 3367 759 εἱρηνην
3394 690 3741 757 ποιήσασθαι.
3773 695 3883 745 Καὶ
3916 692 4091 745 ἀσπα-

2532 776 2755 844 σάμενοι
2808 778 3068 846 ἀλλήλους
3136 780 3607 849 διεχωρίσθησαν,
3664 783 3761 833 τοῦ
3827 784 4089 851 βασιλέως

2528 866 2717 936 δώροις
2767 869 3207 938 μεγαλοπρεπέσι
3267 870 3661 944 δεξιωσαμένου
3701 874 3789 926 τὸν
3843 875 4087 944 Συμεών.

851 965 1171 1033 Συμδέϐηκε
1204 962 1258 1014 δέ
1295 980 1345 1013 τι
1364 962 1646 1027 τεράστιον
1685 957 1827 1021 τότε,
1865 958 1939 1019 ὡς
1964 957 2113 1022 ἄξιον
2150 952 2403 1010 εἶναικαὶ
2439 958 2819 1031 διηγήσασθαι.
2859 960 2962 1013 Δύο
3025 963 3188 1031 φασὶν
3224 962 3413 1026 ἀετοὺς
3464 966 3574 1019 τῶν
3640 967 3907 1036 βασιλέοιν
3966 974 4090 1038 ὁμι-

849 1060 1083 1113 λούντων
1104 1057 1306 1112 ἄνωθεν
1324 1054 1500 1107 αὐτῶν
1533 1053 1899 1123 ὑπερπτῆναι,
1929 1054 2159 1120 κλάγξαι
2202 1068 2261 1103 τε
2345 1055 2439 1104 καὶ
2530 1056 2779 1124 ἀλλήλοις
2830 1056 3095 1125 συμμῖξαι
3144 1058 3237 1111 καὶ
3301 1061 3612 1127 παραυτίκα
3684 1062 4088 1135 διαζευχθῆναι,

850 1154 943 1205 καὶ
983 1150 1073 1203 τὸν
1108 1150 1204 1217 μὲν
1234 1147 1325 1198 ἐπὶ
1366 1146 1462 1215 τὴν
1495 1145 1649 1198 πόλιν
1680 1145 1875 1209 ἐλθεῖν,
1907 1146 1995 1196 τὸν
2026 1145 2082 1196 δὲ
2113 1145 2206 1196 ἐπὶ
2235 1146 2334 1212 τὴν
2372 1145 2596 1216 Θράκην
2626 1146 2953 1214 άποπτῆναι.
2988 1148 3157 1201 Τοῦτο
3200 1151 3256 1203 δὲ
3290 1151 3339 1203 οἱ
3386 1151 3512 1221 περὶ
3550 1155 3648 1215 τὰς
3678 1140 4091 1227 ὀρνιθοσκοπῖας

848 1244 1175 1311 ἐπτοημένοι
1200 1243 1301 1294 οὑκ
1330 1239 1749 1307 αἴσιονέκριναν
1811 1239 2048 1291 οἰωνόν·
2104 1238 2451 1307 ἀσυμϐάτους
2515 1240 2623 1308 γὰρ
2697 1241 3111 1312 διαλυθήσεσθαι
3170 1244 3265 1294 ἐπὶ
3343 1247 3408 1314 τῇ
3496 1244 3689 1318 εἰρήνῃ
3759 1249 4095 1319 ἀμφοτέρους

846 1339 1076 1407 ἔφησαν.
1120 1337 1177 1387 '0
1224 1335 1281 1387 δὲ
1324 1334 1547 1404 Συμεὼν
1608 1331 1956 1404 ὑποστρέψας
2002 1336 2113 1396 τοῖς
2184 1335 2414 1397 οἰκείοις
2436 1334 2662 1406 ἄρχουσι
2707 1336 2807 1405 τὴν
2844 1337 2939 1390 τοῦ
2996 1335 3255 1406 βασιλέως
3300 1338 3546 1408 ἐξηγεῖτο
3610 1343 3933 1414 μετριότητα
3996 1347 4089 1398 καὶ

846 1429 907 1479 τὸ
939 1427 1075 1496 πρὸς
1115 1427 1181 1480 τά
1214 1428 1471 1495 χρήματα
1520 1424 1804 1495 προετικόν
1848 1442 1908 1476 τε
1954 1425 2050 1477 καὶ
2093 1423 2415 1494 ἐλευθέριον.

918 1516 1082 1570 Festo
1109 1516 1308 1569 Christi
1337 1515 1601 1574 natalitio,
1641 1514 1937 1567 indictione
1992 1515 2252 1579 secunda,
2311 1518 2423 1571 Ro-

850 1622 1043 1661 manus
1071 1606 1208 1658 duos
1230 1619 1358 1657 suos
1392 1604 1530 1656 filios
1560 1602 1893 1669 Stephanum
1927 1610 1981 1655 et
2006 1602 2422 1657 Constantinum

848 1705 1076 1751 coronat
1120 1696 1171 1748 in
1217 1694 1407 1764 Magno
1462 1694 1732 1762 Tcmplo:
1780 1694 2047 1763 reliquum
2085 1695 2428 1766 Theophyla-

848 1797 996 1841 ctum
1030 1783 1334 1853 patriarcha
1366 1783 1505 1835 radit
1535 1798 1597 1836 ac
1629 1782 1886 1835 clericum
1918 1782 2069 1849 facit,
2116 1794 2172 1837 et
2203 1784 2425 1838 subdia-

848 1892 1045 1931 conum
1067 1892 1128 1929 ac
1153 1874 1447 1944 syncellum
1466 1872 1730 1940 designat,
1766 1888 1887 1926 cum
1920 1873 2073 1941 prius
2095 1874 2148 1925 in
2176 1882 2431 1927 sanctua-

851 1968 990 2019 rium
1021 1966 1276 2017 intrasset
1300 1962 1537 2017 ofﬁcium
1559 1962 1876 2016 subdiaconi
1911 1978 2123 2030 gerens.
2157 1961 2424 2018 Joannem
2460 1942 2500 1995 Β

850 2070 1015 2124 porro
1064 2055 1348 2123 mysticum
1386 2062 1441 2106 et
1493 2054 1968 2122 gubernandarum
2003 2068 2179 2106 rerum
2215 2056 2423 2108 socium

853 2150 1075 2218 patricia
1130 2149 1289 2218 307
1359 2163 1422 2202 ac
1466 2147 1837 2216 proconsulari
1899 2145 2162 2210 dignitate
2211 2147 2426 2199 ornavit

852 2243 1167 2310 imperator.
1245 2239 1340 2292 Die
1400 2238 1521 2290 Maii
1582 2238 1791 2292 decima
1856 2237 2064 2305 quinta,
2134 2236 2426 2289 indictione

852 2332 1034 2394 tertia,
1066 2330 1296 2382 moritur
1320 2328 1570 2382 Nicolaus
1594 2328 1928 2396 patriarcha,
1964 2342 2085 2379 cum
2122 2343 2151 2379 a
2190 2327 2427 2381 secunda

850 2422 1225 2491 designatione
1275 2434 1475 2472 munus
1526 2434 1683 2471 suum
1729 2419 1987 2487 gessisset
2024 2431 2197 2469 annos
2250 2417 2426 2469 trede-

852 2514 977 2565 cim.
1039 2515 1285 2581 Angusto
1325 2526 1515 2563 mense
1559 2524 1847 2563 successor
1875 2508 1925 2561 ei
1965 2516 2181 2561 creatur
2204 2506 2426 2576 Stepha-

854 2621 979 2666 nus,
1020 2604 1249 2657 Amasiae
1290 2601 1650 2669 metropolita.
1708 2598 1873 2654 Porro
1911 2598 2173 2667 mysticus
2194 2597 2427 2652 affectati

852 2694 1065 2763 imperii
1097 2694 1362 2755 defertur,
1418 2694 1486 2747 ad
1526 2693 1627 2745 hoc
1656 2708 1784 2746 usus
1813 2691 2043 2745 consilio
2074 2690 2286 2744 Cosma:
2327 2704 2426 2759 pa-

852 2786 995 2839 tricii
1029 2786 1318 2855 logotheta:
1342 2785 1541 2848 dromi,
1573 2784 1666 2853 qui
1692 2799 1815 2848 eum
1850 2783 1954 2837 sibi
2004 2796 2262 2852 generum
2312 2796 2428 2834 am-

853 2878 1058 2939 biebat,
1110 2887 1164 2931 et
1196 2878 1398 2945 palatio
1426 2877 1668 2945 ejicilur,
1703 2876 1967 2945 permisso
2006 2882 2184 2927 tamen
2222 2886 2279 2927 ut
2307 2873 2433 2926 ado-

856 2967 1011 3019 randi
1072 2966 1418 3033 imperatoris
1445 2981 1607 3019 causa
1653 2966 1706 3017 id
1745 2966 2082 3033 ingrcdetur.
2148 2962 2280 3015 Nam
2329 2964 2431 3015 im-

856 3064 1075 3126 perator
1106 3071 1230 3109 eum
1282 3055 1559 3124 diligebat,
1611 3054 1839 3122 ideoque
1868 3069 2093 3121 prorsus
2139 3051 2430 3105 excludere

857 3147 1096 3200 nolebat.
1161 3144 1494 3203 lnstantibus
1524 3154 1704 3197 tamen
1740 3142 2169 3204 accusatoribus,
2230 3152 2284 3195 et
2322 3140 2430 3194 cri-

2603 1517 2757 1571 Κατὰ
2796 1517 2853 1569 δὲ
2877 1516 2974 1586 τὴν
3007 1517 3198 1587 ἑορτὴν
3222 1517 3329 1569 τῶν
3355 1518 3795 1586 Χριστουγέννων
3828 1521 4095 1576 ἱνδικτιῶ-

2531 1626 2618 1670 νος
2648 1609 2713 1677 β’,
2751 1607 3028 1676 Ῥωμανδς
3062 1611 3090 1660 6
3144 1609 3395 1676 βασιλεὺς
3430 1610 3616 1675 στέφει
3649 1614 3772 1674 τοὺς
3801 1612 3892 1664 δύο
3943 1616 4092 1677 υἱοὺς

2531 1696 2719 1760 αὑτοῦ,
2747 1696 3015 1763 Στέφανον
3053 1696 3148 1747 καὶ
3192 1698 3620 1758 Κωνσταντῖνον.
3652 1702 3708 1752 ὲν
3759 1705 3824 1771 τῇ
3871 1702 4092 1772 Μεγάλῃ

2532 1786 2846 1857 Ἐκκλησία·
2878 1790 2968 1840 τὸν
3002 1789 3057 1841 δὲ
3091 1789 3276 1841 λοιπὸν
3307 1792 3418 1843 υἱὸν
3446 1791 3607 1843 αὑτοῦ
3648 1792 4021 1860 Θεοφύλακτον
4063 1798 4091 1847 ὁ

2533 1880 2875 1948 πατριάρχης
2909 1878 3168 1949 ἀπέκειρε
3214 1880 3496 1949 κληρικὺν,
3520 1885 3900 1953 χειροτονήσας
3933 1888 4092 1940 αὑτὲν

2530 1969 2898 2032 ὑποδιάκονον,
2932 1971 3421 2039 προχειρισάμενος
3475 1975 3570 2024 καὶ
3616 1975 3929 2042 σύγκελλον,
3962 1982 4093 2046 πρὸ·

2528 2074 2682 2127 τερον
2720 2058 2998 2112 διελθόντα
3031 2062 3110 2121 εἰς
3133 2062 3203 2112 τά
3234 2062 3364 2128 ἆγια
3400 2063 3537 2130 μετὰ
3564 2064 3657 2114 τοῦ
3681 2066 3961 2133 τάγματος
3988 2068 4096 2117 τῶν

2529 2148 2918 2206 ὑποδιακόνων.
2955 2149 3211 2219 Ἐτίμησε
3240 2152 3295 2203 δὲ
3339 2154 3433 2204 καὶ
3472 2154 3561 2205 τὸν
3614 2156 3874 2222 μυστικὸν
3914 2157 4094 2209 Ἰωάν-

2529 2258 2624 2308 νην
2695 2243 2787 2293 καὶ
2866 2242 3408 2311 παραδυναστεύοντα
3467 2247 3758 2313 πατρίκιον
3822 2249 3917 2301 καὶ
3975 2249 4098 2302 ἀνθ-

2532 2330 2755 2384 ύπατον.
2794 2339 2859 2385 ιε’
2883 2333 2939 2384 δὲ
2984 2334 3161 2386 Μαΐου
3192 2333 3375 2401 μηνὸς,
3418 2333 3748 2397 ίνδικτιῶνος
3775 2344 3846 2402 γ’,
3878 2340 4101 2410 τελευτᾷ

2530 2422 2557 2470 6
2600 2422 2946 2491 πατριάρχης
2999 2422 3288 2485 Νικόλαος,
3346 2426 3623 2491 κρατήσας
3656 2428 3714 2476 ὲν
3760 2428 3827 2494 τῇ
3872 2426 4101 2496 δευτέρα

2529 2512 2833 2581 ἀναρρήσει
2879 2512 2973 2580 ἔτη
3012 2512 3078 2578 ιγ’
3108 2529 3121 2542 ·
3153 2515 3248 2564 καὶ
3274 2513 3599 2566 καθίσταται
3634 2515 3930 2583 Αὐγούστῳ
3965 2521 4098 2583 μηνὶ

2531 2602 2873 2670 πατριάρχης
2903 2602 2931 2652 6
2961 2602 3058 2668 τῆς
3097 2601 3396 2669 Ἀμασείας
3453 2607 3856 2674 μητροπολίτης
3888 2607 4099 2673 Στέφα-

2530 2708 2637 2751 νος.
2662 2692 3027 2760 Κατηγορήθη
3054 2692 3108 2742 δὲ
3126 2694 3219 2743 καὶ
3249 2694 3275 2742 ὁ
3312 2692 3571 2759 μυστικὸς
3592 2693 3667 2755 ὡς
3693 2695 3791 2762 τὴν
3824 2695 4105 2761 βασιλείαν

2532 2779 3008 2847 σφετεριζόμενος,
3058 2782 3153 2831 καὶ
3212 2782 3463 2851 ὑποθήκῃ
3516 2783 3610 2834 τοῦ
3655 2783 3947 2852 πατρικίου
3995 2785 4105 2836 Κο-

2534 2870 2646 2936 σμᾶ
2678 2868 2789 2936 (³75)
2821 2868 2913 2919 καὶ
2953 2868 3237 2935 λογοθέτου
3272 2869 3367 2921 τοῦ
3396 2870 3620 2939 δρόμου,
3655 2872 4103 2939 μνηστευομένου

2532 2958 2719 3009 τοῦτον
2750 2959 2825 3020 είς
2857 2958 2954 3025 τὴν
2980 2958 3172 3010 ἑαυτοῦ
3206 2957 3509 3027 θυγατέρα,
3543 2962 3970 3023 καταδιδάξεται
4002 2959 4097 3013 τοῦ

2533 3050 2820 3102 παλατίου.
2880 3051 3252 3117 Συγχωρεῖται
3294 3050 3340 3102 δ’
3419 3053 3568 3120 ὅμως
3621 3053 3959 3123 είσέρχεσθαι
4013 3053 4107 3104 καὶ

2533 3139 2856 3207 προσκυνεῖν
2882 3139 2972 3189 τὸν
3006 3137 3230 3205 βασιλέα
3255 3154 3269 3167 ο
3309 3140 3550 3219 στέργων
3578 3141 3685 3212 γὰρ
3736 3143 3899 3195 αὑτὸν
3932 3146 3958 3197 6
4007 3142 4103 3212 βα-

856 3236 1005 3289 mina
1036 3237 1085 3290 ei
1110 3236 1321 3304 objecta
1346 3249 1473 3287 vera
1492 3249 1611 3288 esse
1641 3233 2162 3295 demonstrantibus,
2198 3232 2433 3299 impera-
2460 3253 2503 3311 α
2538 3230 2597 3282 σιῖ

2358 3246 2433 3283 ra-
2460 3253 2503 3311 ρ
2538 3230 2714 3292 σιλεὺς
2757 3230 2954 3291 τελέως
2988 3228 3311 3283 ἀπώσασθαι
3354 3232 3454 3283 οὑκ
3496 3231 3765 3285 ἐϐούλετο.
3813 3232 4099 3301 Ἐγκειμέ-

859 3338 945 3380 ιοι·
971 3342 1082 3380 rem
1108 3334 1497 3395 perscrutatus,
1528 3339 1650 3378 cum
1678 3324 2112 3393 deprehenderet
2142 3337 2249 3375 non
2276 3322 2432 3375 aliter

859 3430 1021 3483 quem
1080 3413 1115 3467 ii
1175 3414 1475 3467 retulerant
1534 3413 1755 3477 habere,
1800 3427 1994 3480 capere
2047 3411 2334 3481 mysticum
2380 3421 2434 3465 et

858 3505 1185 3573 quaestiones
1208 3507 1274 3559 dc
1294 3521 1361 3559 eo
1390 3520 1647 3559 exercere
1675 3505 1882 3558 statuit.
1945 3503 2099 3568 Quod
2125 3505 2170 3557 is
2198 3520 2434 3572 prmsen-

862 3596 1003 3649 tiens
1060 3596 1115 3647 in
1183 3596 1577 3649 monasterium
1652 3593 2097 3648 Monocastanum
2168 3592 2430 3663 confugit,

861 3684 1043 3753 ibique
1090 3686 1392 3738 monachus
1442 3692 1525 3738 est
1572 3683 1766 3737 factus.
1831 3682 2124 3736 Patricium
2178 3681 2432 3737 Cosrnam

860 3777 1189 3847 logothetam
1232 3777 1285 3828 in
1318 3774 1611 3843 Horologio
1650 3775 1943 3843 imperator
1973 3775 2113 3828 male
2149 3775 2436 3826 multatum

861 3867 1037 3921 ofticio
1086 3866 1359 3934 deposuit.
1409 3865 1555 3919 Loco
1608 3865 1819 3935 mystici
1878 3865 2161 3918 substituit
2184 3872 2435 3933 protove-

864 3958 1111 4011 stiarium
1152 3957 1540 4025 Theophanem
1601 3964 1655 4009 et
1708 3955 1898 4009 eadem
1949 3964 2214 4024 potestate
2263 3955 2432 4008 auxit.

863 4050 976 4105 Sub
1009 4050 1151 4103 idem
1184 4055 1398 4116 tempus
1423 4048 1476 4100 in
1512 4044 1739 4099 Thracia
1773 4054 1930 4100 terra:
1952 4056 2129 4101 motus
2149 4046 2439 4115 hiatusque

866 4139 1137 4195 terribiles
1178 4138 1420 4201 fuerunt,
1464 4136 1756 4205 multaaquc
1784 4136 1978 4189 domus
2020 4145 2077 4189 et
2106 4136 2304 4202 templa
2330 4150 2437 4187 una

866 4247 991 4285 cum
1023 4230 1153 4299 ipsis
1186 4228 1504 4283 hominibus
1536 4226 1793 4296 absorpta
1822 4235 1975 4279 sunt.

940 4490 1082 4545 Maio
1117 4503 1324 4555 mense,
1353 4489 1658 4543 indictione
1691 4488 1781 4550 15,
1818 4486 2041 4540 Simeon
2089 4486 2438 4557 Bulgarornm

2540 3342 2647 3375 νων
2675 3322 2731 3375 δὲ
2774 3321 2885 3373 τῶν
2918 3322 3242 3390 κατηγόρων
3289 3322 3383 3374 κα)⁸
3422 3324 3565 3392 σαφῆ
3622 3324 3945 3376 διεκνὺντων
4009 3325 4110 3393 τὴν

2542 3413 2891 3481 κατηγορίαν,
2944 3410 3025 3480 [Ρ.
3082 3410 3209 3480 625]
3270 3413 3571 3481 ἐρευνήσας
3623 3415 3651 3466 ό
3703 3414 3959 3482 βασιλεὺς
4006 3418 4100 3466 καὶ

2539 3502 2711 3571 ἀληθῆ
2731 3502 2797 3553 τὰ
2825 3501 2945 3554 κατ’
2966 3501 3130 3553 αὑτοῦ
3163 3501 3339 3568 εὑρὼν
3374 3502 3678 3571 λαληθέντα
3719 3505 3911 3572 ἔμελλε
3944 3522 4111 3557 κατα-

2542 3596 2693 3661 σχεῖν
2729 3591 2824 3644 καὶ
2876 3590 3128 3655 ἐξετάσαι
3160 3607 3171 3619 ·
3206 3594 3233 3643 ὁ
3257 3592 3312 3643 δὲ
3344 3592 3500 3644 τοῦτο
3530 3596 3799 3661 προγνοὺς
3836 3597 3982 3663 φυγῇ
4016 3595 4113 3662 τὴν

2542 3682 2953 3736 Μονοκάστανον
3021 3681 3191 3750 μονὴν
3230 3681 3638 3750 καταλαμϐάνει
3689 3685 3780 3734 καὶ
3815 3685 4111 3752 ἀποκείρε-

2540 3789 2628 3825 ται
2661 3771 2909 3839 μοναχός.
2934 3771 3037 3822 Τὸν
3065 3770 3121 3822 δὲ
3142 3772 3433 3839 πατρίκιοι)
3454 3772 3678 3839 Κοσμᾶν
3709 3772 3803 3824 καὶ
3820 3772 4115 3840 λογοθέτην

2542 3858 2890 3925 αἰκισάμενος
2920 3858 2947 3908 6
2982 3856 3235 3924 βασιλεὺς
3266 3858 3325 3910 ὲν
3372 3858 3450 3926 τῷ
3480 3857 3790 3928 ὼρολογείῳ
3838 3860 4112 3929 παρέλυσε

2541 3952 2638 4018 τῆς
2696 3948 2891 4018 ἀρχῆς.
2941 3947 3313 4015 Προὸάλλεται
3383 3948 3439 4000 δὲ
3505 3951 3625 4001 ἀντὶ
3685 3950 3777 4002 τοῦ
3842 3950 4104 4019 μυστικοῦ

2556 4040 2798 4092 Ἰωάννου
2833 4039 2924 4090 τὸν
2951 4038 3447 4107 πρωτοὸεστιάριον
3492 4040 3771 4107 Θεοφάνην
3802 4043 4116 4109 παραδυνα-

2547 4131 2821 4184 στεὺοντα.
2871 4130 3119 4197 Ἐγένετο
3164 4128 3467 4198 τηνικαῦτα
3522 4131 3614 4181 καὶ
3676 4130 3897 4197 σεισμὸς
3930 4132 3988 4181 ἐν
4040 4129 4114 4198 τῷ

2546 4222 2741 4287 θέματι
2790 4220 2898 4273 τῶν
2942 4218 3270 4287 Θρᾳκησίων
3301 4219 3396 4271 καὶ
3425 4220 3681 4287 χάσματα
3711 4222 3813 4289 γῆς
3844 4219 4119 4289 καταπλη-

2548 4310 2734 4371 κτικὰ,
2769 4296 2907 4359 ὥστε
2942 4306 3110 4359 πολλὰ
3143 4307 3316 4376 χωρία
3352 4308 3445 4359 καὶ
3474 4306 3767 4375 ἐκκλησίας
3795 4307 4119 4377 αὐτάνδρους

2549 4398 2945 4465 καταποθῆναι.

2622 4489 2774 4553 Μαΐῳ
2803 4488 2859 4540 δὲ
2896 4489 3047 4557 μηνὶ,
3094 4487 3424 4549 ἰνδικτιῶνος
3452 4493 3533 4549 ιε’,
3569 4487 3813 4555 εἰσϐολὴν
3842 4487 4062 4556 Συμεὼν
4093 4489 4120 4540 ὁ

868 4582 1122 4653 princeps
1161 4581 1214 4632 in
1246 4578 1549 4632 Chrobatos
1596 4577 1749 4632 duxit
1781 4594 1795 4641 ;
1825 4577 1894 4630 ab
1928 4577 2102 4646 iisque
2167 4578 2221 4630 in
2278 4594 2444 4648 angu-
2483 4597 2523 4650 ι)
2552 4580 2609 4647 τῆ

2377 4596 2444 4640 ;tI-
2483 4580 2650 4650 υτῆς
2682 4581 3018 4647 Βουλγαρίας
3076 4579 3259 4647 ἄρχων
3320 4580 3611 4645 ἐποιήσατο
3686 4580 3824 4632 κατὰ
3886 4580 4118 4648 Χρωῦά-

870 4671 1267 4726 stiismontium
1296 4669 1489 4739 proelio
1505 4669 1682 4722 vietus
1706 4682 1920 4722 omnem
1950 4682 2106 4721 suum
2135 4667 2449 4737 308mm—

870 4765 939 4817 sit
957 4764 1276 4818 exercitum.
1294 4764 1529 4817 Joannes
1546 4773 1727 4817 autem
1746 4764 1961 4831 quidam
1981 4773 2325 4817 astronomus
2346 4764 2451 4817 Ro.

870 4872 1094 4913 manum
1135 4857 1386 4917 accessit,
1436 4871 1669 4925 eumque
1718 4856 1928 4909 monuit
1970 4856 2047 4907 uti
2115 4854 2293 4907 mittat
2353 4855 2451 4906 ali-

870 4965 1037 5018 quem
1097 4947 1189 5015 qui
1249 4953 1493 5013 amputet
1550 4952 1715 5014 caput
1778 4944 2063 5005 columnae,
2107 4958 2225 5009 qua:
2286 4958 2447 5011 supra

871 5037 1444 5108 Xerolophiforniccm
1476 5037 1651 5106 posita
1676 5036 2013 5089 occidentem
2057 5034 2385 5103 respiciebat
2427 5053 2439 5087 :

856 5124 947 5183 ’ita
977 5129 1117 5182 enim
1145 5126 1484 5191 Simeonem,
1521 5125 1609 5179 cui
1645 5125 1733 5178 illa
1766 5124 1947 5177 fatalis
1969 5132 2106 5185 erat,
2132 5123 2315 5176 statim
2343 5138 2441 5191 pe-

874 5223 1128 5275 riturum.
1160 5221 1463 5274 Exsecutus
1487 5219 1590 5273 hoc
1616 5227 1699 5272 est
1731 5220 2029 5286 imperator
2054 5233 2067 5280 ;
2093 5223 2147 5269 et
2175 5230 2280 5284 qua
2308 5215 2443 5267 hora

2548 4688 2655 4722 των
2680 4671 2814 4737 (74),
2838 4670 2933 4720 καὶ
2967 4667 3257 4735 συμϐαλὼν
3289 4666 3404 4735 μετ’
3436 4666 3615 4718 αὑτῶν
3638 4669 3729 4719 καὶ
3755 4667 4006 4736 ἡττηθεὶς
4060 4669 4119 4718 ἐν

2553 4763 2669 4821 ταῖς
2710 4761 2815 4810 τῶν
2841 4758 2982 4826 ὀρῶν
3012 4757 3339 4828 δυσχωρίαις
3370 4757 3514 4809 ἆπαν
3542 4758 3602 4806 τὸ
3646 4758 3838 4809 ἑαυτοῦ
3871 4756 4119 4809 ἀπώλεσε

2563 4848 2897 4916 στράτευμα.
2944 4847 3189 4914 Ἰωάννης
3219 4846 3275 4896 δέ
3322 4861 3405 4906 τις
3436 4845 3767 4912 ἀστρονόμος
3807 4844 4121 4911 προσελθὼν

2556 4938 2632 5005 τῷ
2667 4938 2876 5007 βασιλεῖ
2908 4937 3108 5005 ἔφησεν
3140 4935 3213 4997 ὠς
3252 4938 3299 4986 εί
3352 4935 3574 5004 πέμψας
3604 4935 3869 5004 ἀποκόψει
3893 4937 3988 5003 τὴν
4025 4952 4118 4986 κε-

2557 5029 2733 5095 φαλὴν
2765 5028 2861 5094 τῆς
2889 5026 3184 5094 ἱσταμένης
3226 5024 3432 5078 ἄνωθεν
3488 5027 3587 5095 τῆς
3625 5028 3681 5077 ὲν
3715 5026 3789 5094 τῷ
3829 5024 4120 5093 Ξηρολόςξῳ

2551 5118 2739 5185 ἁψῖδος
2773 5120 2867 5170 καὶ
2896 5118 3030 5187 πρὶς
3054 5117 3202 5169 δύσιν
3222 5117 3523 5186 βλεπούσης
3570 5117 3770 5186 στήλης
3823 5117 3956 5186 (73),
3992 5119 4119 5169 ἁπο-

2556 5209 2791 5263 θανεῖται
2812 5214 2839 5262 6
2871 5210 3093 5279 Συμεὼν
3124 5209 3468 5276 παραυτίκα·
3502 5209 3646 5278 αὑτῴ
3680 5209 3786 5277 γὰρ
3814 5207 4117 5277 ἐστοιχειῶ-

2023 5380 2389 5435 XYLANDRI‘
2411 5381 2499 5436 ET
2528 5379 2735 5436 GOARI
2761 5376 2988 5433 NOTE.

946 5496 1057 5566 (75)
1088 5496 1244 5551 Hunc
1282 5496 1482 5560 locum,
1520 5506 1741 5551 secutus
1775 5496 2117 5564 conjecturas
2137 5506 2192 5549 et
2218 5510 2281 5547 ea
2307 5511 2440 5566 qua:

877 5578 1203 5634 sequuntur,
1259 5567 1333 5619 ita
1360 5567 1512 5637 ilcgi,
1556 5577 1615 5620 ut
1656 5568 1697 5619 si
1734 5566 1827 5617 καί
1873 5580 1986 5637 non
2038 5573 2163 5618 ante
2190 5565 2441 5637 ὑποθήκῃ

880 5639 975 5690 sed
1031 5649 1155 5691 ante
1203 5636 1632 5699 καταδιδάζεται
1692 5643 1837 5688 esset
1886 5635 2167 5702 scriptum.
2204 5635 2443 5703 Apparet

882 5708 1031 5761 enim
1063 5709 1313 5760 Cosmum
1366 5721 1565 5775 genero
1618 5720 1719 5758 suo
1745 5704 1941 5757 favisse
1971 5713 2025 5775 et
2054 5705 2106 5756 in
2137 5704 2441 5775 affectando

883 5790 1050 5845 regno
1079 5776 1317 5829 consiliis
1346 5773 1577 5845 jurisse,
1617 5789 1783 5843 quare
1807 5782 1861 5826 et
1885 5774 2231 5842 magistratus
2264 5775 2314 5828 ei
2343 5773 2444 5827 fuit

2548 5501 2881 5569 abrogatas,
2941 5503 2999 5569 ut
3055 5492 3282 5569 minime
3342 5496 3567 5569 credam
3630 5494 3981 5569 hoc_iudice
4031 5494 4114 5547 vel

2550 5563 2771 5622 auctore
2814 5563 3451 5634 mysticumfuissedaula
3480 5565 3715 5632 pulsum.
3747 5564 3873 5616 XrL.

2621 5639 2730 5704 (74)
2773 5630 3072 5704 Χραὸάτων
3104 5630 3267 5704 habet
3294 5630 3534 5704 Zonaras

2622 5701 2734 5775 (75')
2771 5701 2999 5772 Στήλης,
3030 5701 3321 5775 simulacri,
3357 5712 3563 5759 uultur.
3600 5706 3657 5758 Ei
3690 5718 3919 5771 namque
3955 5711 4119 5771 caput

2552 5769 2750 5845 deiecit
2794 5769 3104 5842 imperator.
3140 5769 3305 5824 Goan.
3833 5769 3847 5771 ‘
4025 5769 4036 5771 '
4128 5799 4133 5803 _
