4410 6452
446 411 519 471 45
1517 417 1566 476 Π
1580 417 2055 478 ΙΞΤΟΗῘΑΙὶυΜ
2088 418 2187 478 (ΣΟᾸ

1971 418 2055 478 JM
2088 418 2613 485 COMPENDIUM.
3641 444 3712 505 46

447 526 620 596 ῥητῷ,
674 521 869 593 μέχρις
904 521 969 575 ἂν
1001 523 1382 591 Θεοφὺλακτος
1415 527 1441 577 6
1483 527 1577 578 τοῦ
1614 527 1877 596 βασιλέως
1921 527 2032 590 υίὸς
2063 530 2110 587 Α
2140 546 2188 585 sa

1965 527 2032 590 ἰὸς
2063 530 2110 587 Α
2140 532 2310 587 sazviit
2343 544 2401 588 ut
2439 536 2541 588 vivi
2598 538 2827 592 mortuis
2883 539 3176 600 efferendis
3234 561 3344 602 non
3375 551 3706 614 sufﬁcerent.

444 618 524 677 si;
562 614 765 684 μέτρον
797 615 979 685 φθάσῃ
1032 615 1131 685 τῆς
1178 616 1410 686 νομίμου
1459 618 1693 688 ἡλικίας.
1751 620 1840 689 Τῷ
1870 620 2020 690 αὐτῷ

442 708 498 759 δὲ
533 708 663 775 μηνὶ
692 708 883 773 γέγονε
914 706 1123 776 χειμὼν
1152 709 1447 779 ἀφόρητος,
1484 710 1558 774 ὡς
1590 712 2015 783 κρυσταλλωθῆ-

445 815 530 852 ναι
549 799 647 866 τὴν
680 797 784 865 γῆν
803 798 1119 867 ὲπὶὴμέρας
1137 800 1331 853 ἑκατὸν
1345 801 1538 854 εἴκοσι.
1558 802 1794 872 Ἔπηκο)
1806 804 1867 857 ού
1880 805 2010 874 Once

2127 624 2429 694 Imperator
2494 637 2761 698 quantum
2830 633 2884 687 id
2928 650 3018 691 res
3065 652 3225 706 passa
3283 651 3387 709 est,
3441 658 3708 705 summam

2124 735 2309 773 curam
2334 732 2387 775 et
2418 724 2584 791 pestis
2623 733 2677 778 et
2707 723 2923 796 frigoris
2972 727 3177 794 habuit,
3228 736 3408 791 omnis
3492 742 3710 810 generis

2125 813 2340 868 auxiliis
2363 824 2416 867 ct
2443 814 2724 871 beneficiis
2754 832 3055 874 succurens
3083 823 3333 879 subditis.

443 891 498 946 δὲ
556 894 631 963 τῷ
685 892 911 962 χειμῶνι
963 894 1115 946 καὶὸ
1180 894 1351 963 μέγας
1414 895 1589 965 λιμὸς,
1654 900 1778 962 τοὺς
1842 900 2061 961 πώποτε
2095 907 3055 979 γενομένουςὑπερϐαλλόμενος,καὶ
3091 913 3321 981 θάνατος
3352 918 3462 973 ἀπὸ
3487 922 3702 993 τούτου,

438 991 514 1053 ὡς
551 999 624 1059 μη
671 989 932 1043 δύνασθαι
1000 991 1127 1052 τοὺς
1197 989 1405 1054 ζῶντας
1479 994 1605 1056 τοὺς
1671 997 1971 1063 τεθνεῶτας
2005 1004 2342 1074 ἐκκομίζειν,
2386 1001 2477 1055 τοῦ
2512 1003 2776 1071 βασιλέως
2812 1006 3013 1079 πολλὴν
3066 1010 3327 1082 πρόνοιαν
3392 1022 3697 1090 ποιησαμέ-

440 1099 531 1135 νου
604 1081 742 1134 κατὰ
797 1080 854 1132 τὸ
908 1081 1132 1134 δυνατὸν
1202 1080 1294 1131 καὶ
1361 1081 1452 1134 τοῦ
1503 1085 1769 1154 χειμῶνος
1810 1091 2022 1145 καὶτοῦ
2064 1096 2222 1165 λιμοῦ
2254 1095 2318 1147 δι’
2350 1094 2599 1148 εὐποιιῶν
2629 1097 2717 1148 καὶ
2739 1097 2909 1152 ἄλλων
2938 1099 3297 1172 βοηθημάτων
3324 1110 3703 1167 παντοδαπῶν.

512 1176 706 1244 Πέτρῳ
735 1175 792 1226 δὲ
826 1174 902 1243 τῷ
947 1175 1277 1244 Βουλγάρων
1312 1175 1533 1247 ἄρχοντι
1569 1179 1797 1234 ἐπέθετο
1837 1184 2022 1237 Ἰωάνο

440 1283 537 1335 νης
568 1267 595 1316 ὁ
642 1266 871 1333 ἀδελφὸς
914 1265 1077 1318 αὑτοῦ
1122 1268 1241 1337 μεθ’
1292 1270 1498 1339 ἐτέρων
1528 1272 1637 1324 τῶν
1682 1274 1827 1342 μέγα
1867 1276 2025 1331 δυνα-

440 1359 620 1425 μένων
681 1360 738 1410 ὲν
800 1357 1130 1430 Βουλγαρία.
1196 1361 1305 1412 Καὶ
1364 1362 1639 1432 φωραθεὶς
1698 1366 1858 1431 αὐτὸς
1923 1370 2021 1440 μὲν

436 1453 704 1502 τύπτεται
762 1451 857 1503 καὶ
915 1450 1330 1521 καθείργνυται,
1389 1454 1436 1506 οῖ
1477 1455 1531 1507 δὲ
1591 1457 1765 1510 λοιποὶ
1819 1462 2021 1526 πάντες

436 1545 555 1602 ταῖς
606 1543 864 1611 ἐσχάταις
929 1542 1315 1613 ὑπεϐλήθησαν
1376 1548 1695 1617 τιμωρίαις.
1757 1552 1901 1622 Δῆλα
1963 1555 2019 1607 δὲ

436 1638 589 1689 ἔθετο
630 1641 724 1689 καὶ
754 1637 832 1706 τῷ
878 1637 1093 1706 βασιλεῖ
1143 1639 1407 1710 Ῥωμανῷ
1441 1642 1646 1710 Πέτρος
1685 1646 1754 1698 τὰ
1791 1664 2017 1722 γεγενη-

436 1728 596 1795 μένα.
660 1729 839 1799 "Amp
900 1729 1089 1796 μαθὼν
1148 1723 1305 1794 οὗτος
1338 1732 1429 1784 τὸν
1476 1736 1707 1806 μοναχὸν
1756 1739 2015 1811 Ἰωάννην

432 1819 524 1870 τόν
553 1834 682 1870 ποτε
731 1820 1011 1888 ραίκτωρα
1052 1820 1331 1889 πέπομφε,
1380 1824 1654 1892 προφάσει
1701 1826 1799 1894 μὲν
1846 1830 2013 1882 ἀλλα-

432 1908 575 1976 γίου,
605 1911 671 1979 τῇ
705 1909 747 1961 δ’
776 1909 1009 1980 ἀληθεία⁵
1045 1909 1304 1982 Ἰωάννην
1351 1913 1785 1985 ποικιλοτρόπως
1830 1920 2014 1989 εὑρεῖν

2197 1188 2310 1241 Sub
2370 1188 2512 1243 idem
2583 1198 2797 1259 tempus
2849 1188 3011 1245 Petro
3061 1194 3408 1267 Bulgarorum
3468 1204 3703 1279 principi

2125 1279 2361 1335 Joannes
2384 1280 2549 1334 frater
2576 1281 2746 1350 ipsius
2778 1290 2831 1336 et
2856 1286 3099 1339 nonnulli
3133 1289 3221 1341 alii
3274 1296 3515 1360 potentia
3558 1297 3703 1354 inter

2128 1372 2387 1443 Bulg..ros
2410 1374 2570 1443 primi
2601 1375 2824 1429 insidias
2867 1385 3126 1445 struunt;
3178 1382 3375 1450 quibus
3412 1389 3699 1456 patefactis

2124 1465 2368 1520 Joannes
2398 1466 2718 1520 verberibus
2736 1468 2997 1523 multatus
3024 1471 3077 1524 in
3128 1488 3401 1531 carcerem
3459 1480 3695 1550 deditur,

2123 1559 2191 1613 de
2214 1560 2439 1627 reliquis
2466 1559 2721 1614 omnibus
2747 1563 2941 1629 capitis
2961 1565 3293 1633 supplicium
3328 1572 3585 1627 sumitur.
3620 1577 3693 1630 Ea

2119 1648 2187 1699 de
2220 1661 2277 1700 re
2318 1662 2347 1698 a
2397 1645 2561 1700 Petro
2610 1648 2811 1702 certior
2859 1648 3034 1705 factus
3087 1652 3365 1712 Romanus
3429 1658 3692 1717 Joannem

2117 1738 2467 1800 monachum,
2491 1753 2617 1791 cum
2637 1739 2726 1807 qui
2758 1740 3049 1807 aliquando
3080 1753 3260 1799 rector
3283 1746 3695 1815 fuerat,.mittit

2116 1830 2217 1883 sub
2262 1839 2524 1899 praetextu
2579 1842 2859 1900 pactorum
2918 1836 3359 1905 sanciendorum,
3401 1841 3492 1911 qui
3540 1848 3687 1900 omni

2120 1922 2282 1975 modo
2304 1920 2570 1976 Joannem
2627 1933 2896 1992 qumrerct
2951 1941 3013 1981 ac
3062 1928 3253 1997 Cpolin
3314 1932 3555 1990 duceret.
3624 1936 3690 1993 Et

432 2002 527 2053 καὶ
565 2003 647 2064 είς
709 2002 1286 2056 Κωνσταντινούπολιν
1326 2008 1574 2072 ἀγαγεῖν.
1616 2009 1679 2060 "O
1708 2008 1774 2079 δὴ
1809 2012 1902 2063 καὶ
1930 2012 2014 2079 γέ·
2046 2018 2087 2073 Β
2117 2024 2173 2063 sa

1940 2012 2014 2079 γέ·
2046 2018 2087 2073 Β
2117 2024 2248 2063 sane
2280 2020 2457 2065 rector
2487 2013 2755 2065 Joannem
2792 2012 3087 2069 suﬂ‘uratus
3135 2019 3349 2089 navigio
3376 2037 3406 2076 a
3457 2022 3681 2080 Mesem.

430 2109 593 2160 γονε·
665 2094 762 2146 καὶ
824 2092 1077 2163 δυνηθεὶς
1144 2096 1171 2147 ό
1239 2095 1483 2166 ῥαίκτωρ
1547 2098 1852 2170 ἀποκλέψαι
1918 2103 2009 2156 τὸν

430 2179 709 2251 Ἰωάννην,
736 2185 794 2235 ἐν
836 2183 1005 2253 πλοίῳ
1038 2184 1145 2236 ἀπὸ
1174 2184 1540 2255 Μεσημϐρίας
1581 2190 1859 2255 εἰσελθὼν,
1891 2192 2008 2262 ἅμα

431 2272 582 2341 αὑτῷ
629 2273 726 2343 τὴν
766 2272 1013 2343 βασιλίδα
1063 2275 1353 2329 κατέλαϐε.
1389 2278 1500 2330 Καὶ
1533 2280 1653 2347 μετ’
1684 2282 1745 2334 οὐ
1780 2284 1915 2336 πολὺ
1950 2286 2010 2338 τὺ

430 2364 725 2431 μοναχικὸν
769 2364 1083 2434 ἀπορρίψας
1136 2369 1319 2435 σχῆμα
1362 2369 1453 2419 καὶ
1499 2373 1733 2435 γυναῖκα
1778 2373 2008 2442 αἰτήσας

425 2451 612 2515 ἔλαϐε,
657 2453 963 2523 προσέλαϐε
1002 2454 1058 2505 δὲ
1108 2458 1200 2505 καὶ
1243 2451 1392 2506 οἷκον
1432 2458 1527 2508 καὶ
1573 2463 1829 2527 κτήματα
1862 2462 2007 2531 πάμ-

428 2544 619 2597 πολλα.
650 2547 758 2597 Καὶ
785 2545 1001 2615 Μιχαὴλ
1029 2546 1085 2598 δὲ
1120 2546 1146 2596 6
1176 2546 1268 2599 τοῦ
1309 2548 1514 2618 Πέτρου
1540 2548 1725 2619 ἔτερος
1754 2551 2003 2620 ἀδελφὸς,

423 2636 521 2705 τὴν
558 2636 937 2707 Βουλγαρικὴν
984 2638 1330 2708 ἱμειρόμενος
1384 2644 1682 2707 κατασχεῖν
1734 2642 2002 2711 ἐξουσίαν,

425 2729 508 2799 [ι’.
559 2730 685 2801 6'28]
736 2732 995 2801 φρούριον
1039 2731 1358 2783 καταλαϐὼν
1400 2733 1631 2802 ἐρυμνὸν
1683 2734 1891 2787 ἀνέσειε
1936 2739 2001 2790 τὰ

422 2822 773 2890 Βουλγάρων,
822 2826 915 2876 καὶ
953 2823 1137 2876 πολλοὶ
1188 2825 1607 2894 προσερρύησαν
1644 2827 1812 2897 αὐτῷ.
1847 2828 2001 2881 Μετὰ

425 2917 621 2984 μικρὸν
684 2916 738 2969 δὲ
786 2916 977 2970 τούτου
1036 2916 1402 2979 ἀποθανόντος
1454 2919 1685 2981 δεδιότες
1724 2922 1773 2972 οἱ
1819 2938 1995 2991 προσ-

424 3011 644 3075 ρυέντες
701 3009 800 3078 τὴν
880 3009 973 3062 τοῦ
1027 3011 1236 3080 Πέτρου
1301 3012 1695 3081 ἀγανάκτησιν,
1764 3014 1996 3084 ἐπῆλθον

418 3101 539 3161 ταῖς
582 3098 918 3170 Ῥωμαϊκαῖς
957 3101 1158 3172 χώραις
1200 3102 1286 3155 διὰ
1316 3103 1656 3166 Μακεδονίας
1699 3106 1790 3157 καὶ
1825 3106 1992 3176 Στρυ-

422 3191 583 3259 μόνος
626 3193 718 3243 καὶ
773 3193 1043 3258 Ἑλλάδος,
1092 3194 1495 3256 καταλαϐόντες
1529 3195 1625 3262 τὴν
1675 3196 1990 3261 Νικόπολιν,

422 3282 600 3333 πάντα
636 3282 703 3334 τὰ
753 3285 810 3335 ἐν
866 3284 994 3335 ποσὶ
1049 3284 1366 3354 ληϊσάμενοι
1418 3288 1511 3338 καὶ
1553 3285 1701 3348 τέλος
1750 3289 1807 3339 ἐν
1852 3288 1986 3357 αὐτῇ

2113 2099 2227 2154 biia
2259 2116 2382 2154 eum
2415 2117 2598 2157 secmn
2629 2103 2682 2156 in
2722 2102 2909 2157 urbem
2950 2106 3221 2175 perduxit.
3260 2108 3531 2182 Pauloque
3564 2127 3687 2186 post

2112 2190 2412 2244 ntouastico
2460 2191 2674 2260 abjecto
2732 2192 2919 2248 habitu
2979 2212 3198 2251 umrem
3253 2201 3479 2257 ambivit
3523 2214 3684 2276 atque

2109 2280 2264 2336 duxit
2298 2300 2310 2347 ;
2340 2284 2559 2337 domum
2592 2300 2807 2354 quoque
2842 2295 2896 2340 et
2925 2303 3056 2357 opes
3104 2306 3426 2363 permagnas
3452 2299 3679 2368 accepit.

2111 2371 2409 2427 Michaelus
2442 2390 2603 2444 porro
2633 2377 2768 2430 alter
2802 2376 2944 2432 Petri
2982 2378 3166 2447 frater,
3200 2385 3497 2455 cupiditate
3549 2389 3678 2445 Bul-

2110 2466 2275 2535 gariei
2304 2466 2512 2536 imperii
2543 2468 3050 2534 duclus,castellum
3080 2477 3349 2533 munitum
3373 2486 3676 2553 occupavit,

2108 2558 2473 2628 Bulgarosque
2495 2561 2808 2629 concitavit,
2842 2565 3151 2635 multosque
3207 2570 3276 2625 ad
3335 2586 3392 2626 se
3434 2577 3675 2632 attraxit.

2104 2648 2204 2713 Qui
2236 2666 2301 2703 eo
2326 2652 2485 2718 paulo
2522 2663 2643 2721 post
2691 2666 2907 2710 mortuo
2970 2658 3101 2711 iram
3155 2659 3299 2716 Petri
3372 2674 3675 2723 metuentes

2102 2740 2265 2810 313
2309 2743 2606 2796 Romanam
2653 2745 2965 2802 invaserunt
3019 2750 3312 2810 ditionem:
3344 2770 3407 2810 ac
3441 2772 3539 2826 per
3560 2758 3674 2814 Ma-

2105 2833 2411 2894 cedoniam.
2431 2834 2770 2904 Strymonem
2793 2848 2846 2892 et
2867 2838 3125 2897 Graeciam
3156 2845 3403 2914 profecti,
3432 2859 3486 2903 et
3514 2852 3671 2908 obvia

2101 2938 2325 2993 qumque
2381 2928 2642 2995 populati,
2698 2930 2976 3000 Nicopolin
3032 2937 3247 2991 tandem
3310 2955 3665 3010 occuparunt,

2100 3014 2261 3082 inque
2285 3032 2345 3070 ea
2377 3019 2762 3076 subsederunt.
2804 3021 3005 3077 Verum
3040 3025 3093 3079 hi
3134 3031 3367 3097 posteris
3407 3038 3666 3104 tempori-

2096 3104 2198 3158 bus
2227 3108 2387 3160 vatiis
2424 3109 2581 3164 bellis
2612 3128 2639 3165 a
2670 3114 2928 3170 Romanis
2966 3118 3175 3173 subacti
3223 3135 3367 3177 sunt.
3406 3126 3483 3181 Ea
3530 3138 3667 3183 tem--

2097 3204 2305 3263 pestatc
2338 3196 2471 3265 lapis
2504 3201 2721 3268 quidam
2755 3203 2819 3256 dc
2846 3203 3053 3259 fornice
3100 3205 3203 3261 fori
3238 3210 3457 3277 decidit,
3502 3230 3661 3283 quem

2096 3287 2343 3342 solebant
2382 3294 2669 3357 cosmilen,
2717 3294 2771 3349 id
2816 3308 2894 3351 est
2950 3299 3306 3367 mundanum,
3360 3321 3570 3371 vocare,
3608 3321 3663 3365 et

421 3373 852 3438 σαϐϐατίσαντες
938 3377 1135 3439 οἵτινες
1169 3377 1396 3445 ὕστερον
1446 3377 1715 3447 διαφόρως
1751 3396 1987 3431 καταπο-
2020 3388 2063 3446 (ζ
2095 3379 2162 3433 int

1916 3397 1987 3431 ιο·
2020 3388 2063 3446 (ζ
2095 3379 2364 3436 interfecit
2391 3383 2458 3438 60
2499 3385 2659 3439 viros.
2689 3388 2951 3444 Terribile
2981 3392 3145 3446 etiam
3193 3395 3504 3452 incendium
3552 3401 3657 3455 fuit

417 3464 744 3533 λεμηθέντες
791 3468 1092 3537 ὑποχείριοι
1160 3468 1446 3539 Ῥωμαίων
1506 3468 1770 3535 ἐγένοντο.
1830 3472 1987 3524 Κατά

415 3558 638 3620 τούτους
689 3560 813 3621 τοὺς
870 3560 1095 3630 χρόνους
1144 3559 1307 3612 ἔπεσε
1358 3560 1502 3623 λίθος
1542 3562 1648 3613 ἀπὸ
1689 3565 1787 3631 τῆς
1821 3563 1879 3616 ὲν
1909 3564 1982 3633 τῷ

418 3648 567 3715 φόρῳ
593 3649 801 3717 ἁψῖδος,
837 3651 895 3702 ὃν
941 3652 1208 3721 κοσμίτην
1255 3650 1365 3721 (79)
1404 3652 1584 3704 καλεῖν
1617 3653 1857 3720 εἰώθασι,
1888 3657 1982 3708 καὶ

413 3737 731 3793 ἀπέκτεινεν
807 3741 1007 3811 ἄνδρας
1083 3741 1362 3812 ἑξήκοντα..
1446 3741 1690 3809 Ἐγένετο
1760 3744 1814 3796 δὲ
1887 3745 1980 3797 καὶ

2097 3473 2343 3540 proxime
2401 3474 2577 3530 forum
2630 3478 2889 3548 Deiparae,
2929 3484 3069 3550 quod
3137 3494 3307 3540 rostra
3356 3488 3659 3560 absumpsit

2098 3578 2266 3631 usque
2290 3567 2355 3620 ad
2392 3567 2567 3621 locum
2602 3570 2683 3623 cui
2712 3568 2933 3626 Psiches
2954 3589 3173 3636 nomen.
3208 3576 3257 3630 id
3328 3588 3427 3640 est.
3482 3582 3654 3636 mica}.

2092 3650 2235 3708 Obiit
2270 3656 2431 3709 etiam
2459 3658 2742 3712 Christifcr
2761 3660 2963 3726 Caesar,
2997 3663 3064 3716 Η
3127 3665 3214 3719 die
3286 3667 3542 3738 Augusti,
3600 3681 3656 3725 et

2092 3750 2338 3816 sepultus
2368 3759 2449 3801 est
2476 3749 2529 3801 in
2557 3753 2886 3805 monasterio
2917 3756 3082 3822 patris
3114 3757 3218 3810 sui.

412 3828 739 3901 ἐμπρησμὸς
771 3835 997 3904 φοϐερὸς
1041 3835 1268 3903 ἔγγιστα
1298 3836 1399 3904 τῆς
1443 3834 1749 3903 ὑπεραγίας
1778 3838 2040 3890 Θεοτόκου
2067 3840 2158 3892 τοῦ
2190 3842 2380 3911 φόρου,
2418 3844 2509 3895 καὶ
2568 3845 2917 3916 ἐπυρπολήθη
2983 3851 3009 3900 6
3072 3849 3296 3934 έμϐολος
3355 3856 3481 3926 ἄχρι
3545 3858 3657 3914 τῶν

413 3924 717 3992 λεγομένων
749 3928 958 3996 Ψιχῶν.
1012 3928 1361 3996 Ἐτελεύτησε
1422 3929 1478 3982 δὲ
1515 3930 1607 3982 καὶ
1664 3929 2033 4000 Χριστοφόρος
2100 3934 2127 3985 6
2182 3932 2455 4003 βασιλεὺς,
2504 3939 2631 4005 μηνὶ
2675 3939 2988 4011 Αὐγούστῳ,
3048 3926 3371 4012 ἰνδικτιῶνος
3416 3924 3512 4018 ιδ’,
3561 3956 3654 4007 καὶ

408 4022 578 4089 ἐτάφη
610 4022 664 4072 ἐν
693 4025 756 4090 τῇ
785 4026 918 4092 μονῇ
948 4023 1041 4075 τοῦ
1072 4024 1277 4093 πατρὸς
1298 4024 1485 4078 αὑτοῦ.

482 4119 588 4172 Τοῦ
623 4117 786 4187 ῥητοῦ
816 4117 869 4170 δὲ
895 4118 1087 4187 χρόνου
1110 4118 1449 4179 τελεσθέντος
1475 4118 1532 4171 ὃν
1568 4118 1721 4173 ἔθετο
1746 4121 1978 4191 Τρύᾳων

412 4214 440 4264 6
473 4212 833 4281 πατριάρχης,
865 4212 965 4262 οὐκ
998 4210 1155 4279 ἤθελε
1192 4210 1302 4279 (80)
1350 4211 1629 4264 κατελθεῖν
1661 4212 1753 4264 τοῦ
1787 4214 1977 4283 θρόνου

413 4304 486 4364 ὡς
534 4302 820 4369 ὑπέσχετο,
864 4300 1001 4354 ἀλλὰ
1053 4303 1261 4371 κρίσεις
1310 4302 1488 4369 ἐζήτει
1535 4305 1629 4355 καὶ
1680 4306 1974 4375 αἰτιάματα

409 4395 529 4446 κατ’
552 4392 713 4444 αὑτοῦ
745 4392 1111 4462 προϐληθῆναι
1133 4394 1199 4445 δι’
1219 4393 1253 4447 ἃ
1286 4395 1383 4462 τῆς
1424 4396 1747 4465 Ἐκκλησίας
1777 4400 1974 4454 ἐκϐάλ-

409 4486 580 4540 λιται.
640 4485 1073 4554 Ἀμηχανοῦντος
1123 4484 1167 4537 δ’
1208 4486 1299 4538 ἐπὶ
1345 4486 1516 4555 τούτῳ
1571 4487 1664 4541 τοῦ
1712 4488 1975 4558 βασιλέως

410 4577 503 4628 καὶ
545 4578 617 4646 μὴ
667 4577 881 4646 ἔχοντος
922 4579 948 4629 ὃ
998 4593 1049 4630 τι
1102 4579 1199 4631 καὶ
1245 4579 1528 4648 χρήσαιτο,
1578 4582 1605 4633 6
1642 4582 1977 4651 Καισαρείας

405 4668 710 4735 Θεοφάνης,
760 4669 818 4720 δν
862 4668 925 4737 δὴ
978 4670 1073 4721 καὶ
1131 4668 1381 4739 Χοιρινὸν
1436 4671 1684 4737 ἐκάλουν,
1748 4674 1974 4739 κωτίλος

2159 4123 2227 4177 At
2248 4120 2500 4193 Tryphon
2535 4141 2655 4179 cum
2689 4136 2900 4197 tempus
2932 4131 3328 4199 patriarcbatus
3357 4135 3406 4189 ei
3456 4137 3650 4195 defini-

2087 4222 2198 4267 tum
2228 4213 2466 4275 exiisset,
2496 4216 2780 4283 promissis
2819 4226 2964 4271 stare
2992 4232 3046 4272 et
3075 4220 3208 4273 solio
3236 4221 3501 4279 decedere
3526 4242 3646 4281 cum

2084 4308 2271 4367 nollet.
2314 4308 2564 4375 quresivit
2617 4323 2727 4377 quo
2757 4317 2919 4378 pacto
2982 4310 3304 4368 criminibus
3363 4314 3646 4373 intentatis

2082 4400 2135 4453 in
2187 4400 2447 4468 judicium
2493 4401 2667 4454 \ocari
2720 4410 2774 4455 et
2834 4403 3061 4457 ecclesia
3121 4404 3395 4460 exturbari
3437 4422 3637 4477 posset.

2082 4491 2259 4546 Animi
2287 4491 2506 4544 duhium
2550 4501 2604 4545 et
2647 4506 2755 4560 quo
2807 4508 2864 4546 sc
2921 4503 3153 4547 verteret
3197 4511 3305 4549 non
3353 4497 3642 4554 habentem

2086 4584 2491 4651 imperatorem,
2536 4582 2860 4650 interimque
2896 4582 3100 4637 fraudis
3126 4584 3415 4639 etludibrii
3470 4588 3637 4657 impa-

2085 4676 2269 4731 tientia
2326 4685 2578 4729 magstum
2638 4673 2997 4743 Theophanes
3066 4675 3318 4731 ϐαθείῃ-θαι
3357 4678 3642 4747 episcopus

407 4761 566 4829 ἀνὴρ,
593 4760 824 4812 ἀλύοντα
847 4760 1058 4829 βλέπων
1080 4762 1169 4813 τὸν
1193 4761 1415 4830 βασιλέα
1439 4764 1533 4816 καὶ
1548 4764 1637 4816 τὸν
1662 4767 1973 4837 ἐμπαιγμὸν
2003 4763 2051 4823 Ι)
2081 4785 2148 4823 ce:

1899 4768 1973 4820 ιὸν
2003 4763 2051 4823 D
2081 4784 2329 4829 cernens,
2361 4769 2404 4821 is
2460 4782 2617 4835 quem
2678 4775 2731 4819 et
2782 4765 3096 4819 Choerilum]
3150 4768 3431 4833 vocabant,
3481 4771 3640 4824 homo

411 4854 505 4904 καὶ
544 4853 641 4920 τὴν
691 4854 905 4922 ἀπάτην
960 4852 1034 4923 μὴ
1075 4854 1325 4924 φέροντα,
1388 4855 1655 4925 ὑπέσχετο
1706 4858 1851 4929 αὑτῴ
1898 4862 1977 4923 είς

406 4944 557 5007 τέλος
586 4945 710 5010 ἆξαι
740 4946 801 4998 τὸ
834 4945 1284 5016 σπουδαζόμενον.
1335 4948 1763 5020 Ἀποδεξαμένου
1795 4951 1851 5003 δὲ
1882 4952 1974 5004 τοῦ

2086 4876 2283 4928 nugax,
2336 4861 2389 4912 in
2440 4876 2497 4913 se
2553 4858 2758 4927 recepit
2806 4859 3153 4913 conﬁciendae
3204 4860 3279 4913 rei
3337 4862 3633 4931 negotium.

2084 4950 2328 5020 Cumque
2361 4953 2653 5021 imperator
2680 4951 2796 5018 ejus
2819 4965 3036 5019 operam
3067 4952 3299 5006 oblatam
3346 4954 3638 5022 amplecte-

1517 5102 1875 5158 XYLANDRI
1910 5104 1995 5159 ET
2041 5106 2251 5161 GOARI
2284 5105 2515 5161 NOTAE.

480 5220 587 5285 (79)
651 5218 937 5287 Κοσμίτην
995 5230 1190 5274 vocant
1244 5222 1524 5274 architecti
1580 5222 1752 5278 Grazci
1802 5234 1967 5279 totam

402 5290 629 5356 epistetli
664 5304 974 5357 compagem
1015 5304 1078 5342 ex
1117 5292 1373 5345 coronide
1404 5294 1644 5360 zophoro
1666 5302 1720 5347 et
1753 5293 1801 5350 ei
1834 5296 1967 5349 sub-

399 5360 539 5426 jeeta
573 5360 734 5430 trabe
772 5369 1219 5427 coagmentatam,
1262 5362 1521 5425 comic/ie,
1585 5364 1731 5430 βίω,
1794 5367 1970 5418 archi-

406 5440 567 5482 trare.
594 5428 737 5496 quod
792 5430 1164 5499 columnarum
1199 5430 1485 5484 aedificium
1532 5428 1745 5499 κοσμεῖ,
1790 5445 1963 5497 ornat,

404 5499 482 5549 sic
519 5498 741 5571 dictam.
777 5498 1080 5553 Germanus
1120 5500 1174 5552 iu
1219 5501 1542 5571 Mystagogia
1594 5498 1833 5569 κιγλίσιν
1874 5506 1967 5557 καὶ

406 5570 622 5642 στήθεσι
666 5567 788 5642 _sive
832 5572 1067 5642 κιονίοις,
1105 5567 1356 5642 cancellis
1396 5567 1753 5642 et'coltunnis
1792 5589 1965 5642 popu-

404 5636 510 5688 lum
539 5644 606 5711 ah
632 5638 799 5711 altare
817 5640 1529 5711 sejungentibus,magith
1548 5636 1804 5711 imponit.
1822 5636 1964 5697 Con-

405 5708 674 5779 stantiuus
704 5706 771 5760 de
800 5706 1112 5779 Adtn.lrnp.
1142 5709 1281 5762 idem
1316 5706 1667 5779 exsequitur:
1689 5714 1962 5766 Ἰστανται

403 5777 453 5825 Ei
492 5776 584 5827 καὶ
616 5780 693 5839 εἰς
724 5780 782 5829 τὸ
832 5776 1071 5830 τοιοῦτον
1119 5778 1356 5848 κάστρον
1403 5776 1495 5835 καὶ
1538 5782 1714 5847 κίονες
1767 5784 1962 5837 πυκνοὶ

405 5848 614 5913 ἐχοττες
646 5847 829 5900 ἐπάνω
867 5850 1147 5917 κοσμίτας.
1180 5847 1351 5905 Com.

2145 5227 2257 5297 (80)
2289 5226 2460 5281 Locus
2493 5234 2575 5279 est
2602 5225 2843 5297 mutilus.
2884 5223 3060 5297 Crezlo
3090 5224 3168 5297 sic
3207 5222 3579 5295 integrandum
3609 5243 3626 5283 :

2074 5295 2209 5352 Cum
2242 5295 2246 5297 ’
2274 5299 2571 5366 imperator
2604 5295 2685 5366 ivi
2746 5310 2873 5350 eum
2957 5295 3242 5366 deturbare
3308 5306 3627 5361 vereretur,

2075 5363 2366 5435 qiuesivit,
2430 5376 2536 5420 etc.
2602 5365 2658 5419 lu
2715 5363 3275 5435 margineilibrarius
3325 5367 3626 5435 annotavit,

2077 5432 2218 5509 Ὅρα
2270 5439 2364 5491 καὶ
2406 5436 2804 5509 μητροπολίτου
2840 5432 3158 5509 ξκακόνοιαν
3197 5432 3288 5509 καὶ
3326 5434 3630 5509 ἀρχιερέως

2071 5502 2531 5585 ἀπλαστίαν..’1ί1,’
2558 5515 2706 5573 puto,
2760 5504 3062 5585 ἀπλαστίαν
3098 5502 3445 5585 _dicit,_quod
3491 5502 3627 5585 Try-

2071 5579 2269 5649 phonis
2297 5578 2653 5649 animusaut}
2676 5586 2788 5649 erat
2816 5574 3199 5649 itaiormalus,
3238 5582 3294 5627 ut
3324 5583 3468 5649 artes
3497 5574 3627 5649 istas

2071 5643 2411 5719 intelligeret.
2436 5647 2571 5712 Quid
2603 5647 2644 5700 si
2670 5646 2979 5719 Aﬁnlndtiav
3011 5644 3245 5719 scribere
3265 5644 3461 5719 voluit,_
3482 5643 3625 5719 quod

2071 5735 2177 5773 non
2216 5713 2621 5774 eisaturaretur
2670 5713 2905 5788 legitima
2957 5714 3354 5785 patriarchatus
3397 5713 3627 5769 admini-

2070 5789 2364 5845 stratione?
2393 5787 2524 5842 Χη.
