4410 6452
422 408 492 467 49
1472 409 2013 469 ΙΙΙΞΤΟΙΠΑΗΗΜ
2055 411 2163 468 C02

1935 410 2013 468 IM
2055 410 2579 469 CUMI’ENDIUM.
3604 406 3676 471 50

421 527 574 593 ῳανῳ
617 524 728 593 (81)
773 523 848 593 τῷ
877 523 977 594 υἱῷ
1006 526 1033 577 6
1066 523 1315 594 βασιλεὺς
1356 524 1634 593 Ῥωμανὺς
1668 526 1867 577 Ἀνναν
1894 525 1993 592 τὴν
2033 522 2309 594 θυγατέρα
2358 523 2450 577 τοῦ
2504 522 2759 576 Γαϐαλᾶο
2812 524 2923 591 ἅμα
2970 524 3025 576 δὲ
3091 523 3169 594 τῷ
3239 520 3493 591 νυμφικῴ
3553 534 3676 575 στί»⁶

422 618 573 686 φανῳ
628 619 721 669 καὶ
772 617 833 671 τὸ
889 617 985 685 τῆς
1041 616 1315 684 βασιλείας
1381 615 1618 684 διάδημα
1672 616 1811 684 αὐτῇ
1860 613 2155 667 ἐπετίθετο.

507 772 757 838 Ἐγένετο
780 770 834 822 δὲ
864 772 958 823 καὶ
977 769 1193 839 εἰσϐολὴ
1223 769 1481 839 Τούρκων
1512 768 1649 821 κατὰ
1689 768 2000 837 Ῥωμαίων,
2034 769 2077 825 Α
2176 768 2248 837 3]

1512 768 1649 821 κατὰ
1689 768 2000 837 Ῥωμαίων,
2034 769 2077 825 Α
2176 768 2343 838 316
2373 767 2556 821 Mense
2589 767 2782 837 Aprili,
2847 765 3147 820 indictione
3196 766 3247 828 7,

436 864 736 933 Ἀπριλλίῳ
782 865 936 932 μηνῖ,
998 862 1329 925 ίνδικτιῶνος
1379 860 1445 925 ζ’,
1512 862 1603 914 καὶ
1664 862 2001 931 κατέδραμον

427 959 609 1009 πᾶσαν
665 954 763 1024 τὴν
813 955 966 1007 δύσιν
1032 955 1191 1025 μέχρι
1253 954 1351 1023 τῆς
1394 954 1621 1016 πόλεως.
1694 955 1999 1024 ’Λπεστάλη

428 1048 559 1116 γοῦν
603 1048 632 1099 6
684 1047 973 1117 πατρίκιος
1024 1047 1303 1115 Θεοφάνης
1343 1049 1432 1100 καὶ
1487 1046 1999 1117 πρωτοόεστιάριος,

428 1141 523 1193 x11
564 1139 821 1207 ἀλλάγιον
860 1138 978 1207 μετ’
1011 1138 1190 1190 αὐτῶν
1237 1140 1550 1209 ἐποιήσατο,
1597 1138 1822 1209 μηδενὸς
1868 1139 2003 1207 χρή-

431 1249 598 1297 ματος
628 1232 959 1299 φεισαμένου
1001 1229 1095 1282 τοῦ
1128 1229 1392 1300 βασιλέως
1460 1233 1539 1293 εἰς
1572 1230 1668 1300 τὴν
1699 1231 1804 1283 τῶν
1836 1232 2003 1299 αἰχμ-

426 1323 654 1375 α“.ώτων
684 1321 1003 1391 ἀνάρρυσιν.
1035 1323 1376 1390 Ἐιυμφεύθη
1408 1322 1463 1374 δὲ
1498 1322 1591 1375 καὶ
1611 1322 2003 1392 Κωνσταντίνῳ

426 1414 505 1483 τῷ
536 1415 713 1484 λοιπῷ
739 1414 840 1484 υἱῷ
880 1414 973 1467 τοῦ
1006 1414 1269 1485 βασιλέως
1304 1415 1439 1485 κόρη
1471 1433 1552 1477 τις
1599 1415 1787 1483 Ἑλένη
1818 1416 2002 1467 τοῦνο-

430 1523 527 1571 μα,
561 1506 625 1555 ὲκ
672 1504 863 1571 γένους
902 1504 1011 1556 τῶν
1054 1505 1432 1573 ’Λρμενιακῶν
1478 1505 1713 1557 ἕλκουσα
1748 1508 1845 1574 τὴν
1894 1522 2003 1557 σει-

431 1596 551 1662 ρὶν,
575 1594 824 1663 θυγάτηρ
860 1594 1137 1661 Ἀδριανοῦ
1170 1594 1478 1663 πατρικίου.
1504 1587 1611 1656 Ἦς
1645 1594 1781 1663 μετὰ
1808 1594 2002 1663 μικρὸν

429 1682 810 1746 ἀποθανούσης
860 1686 1246 1751 προσήρμοσεν
1298 1681 1445 1751 αὐτῷ
1490 1682 1705 1752 ἑτέραν,
1747 1683 2003 1751 Θεοφανὼ

428 1774 685 1840 τοῦνομα,
740 1774 804 1826 ὲκ
851 1774 1041 1839 γένους
1095 1774 1479 1843 καταγομένην
1536 1773 1629 1826 τοῦ
1683 1775 1999 1839 Μὰμαντος.

430 1865 646 1935 Δῖκὰτῃ
702 1865 757 1917 δὲ
803 1867 898 1919 καὶ
947 1865 1185 1937 τετάρτῃ
1242 1865 1550 1927 ἰνδικτιῶνι,
1596 1867 1803 1935 Ἰουνίῳ
1850 1870 2001 1936 μηνὶ,

430 1958 717 2019 ἐπέλευσις
785 1958 926 2009 κατὰ
998 1957 1093 2025 τῆς
1164 1957 1370 2019 πόλεως
1441 1958 1658 2023 ἐγένετο
1742 1960 2003 2013 Ῥωσικού

432 2048 620 2098 στόλου
673 2046 872 2099 πλοίων
924 2046 1177 2116 χιλιάδων
1231 2049 1381 2101 δέκα.
1426 2047 1680 2117 Ἐξῆλθεν
1730 2046 1824 2102 οὗν
1878 2052 1998 2104 κατ’

432 2139 611 2191 αῗτῶν
646 2140 673 2190 ὀ
719 2139 1006 2207 πατρίκιος
1040 2142 1132 2192 καὶ
1179 2139 1678 2210 πρωτοϐεστιάριος
1723 2143 1998 2213 Eleo-gitur};

433 2232 572 2297 μετὰ
618 2229 711 2281 τοῦ
760 2230 973 2294 στόλου,
1008 2229 1093 2299 [Ρ.
1146 2228 1271 2299 650]
1319 2232 1419 2282 κάν
1448 2232 1523 2300 τῷ
1570 2230 1715 2301 Ἰερῷ
1758 2250 2002 2304 προσωρο

434 2323 651 2387 μίσατο,
701 2321 923 2372 ἐκείνων
968 2322 1024 2371 ὲν
1070 2320 1145 2389 τῷ
1189 2322 1351 2390 Φάρῳ
1381 2322 1472 2373 καὶ
1520 2324 1576 2372 ὲν
1616 2324 1693 2391 τῷ
1744 2326 2005 2379 ἐπέκεινα

430 2413 663 2482 αἰγιαλῷ
708 2413 1131 2483 ναυλοχούντων.
1185 2414 1647 2483 Καιροσκοπήσας
1685 2416 1774 2468 οὖν
1812 2417 2005 2484 ἀθρόον

430 2505 643 2564 τούτοις
673 2504 923 2566 ἐπέθετο,
956 2504 1049 2555 καὶ
1088 2504 1186 2573 τήν
1214 2520 1269 2555 τε
1305 2503 1555 2569 σύνταξιν
1584 2507 1761 2558 αἰτῶν
1795 2508 2001 2561 διέλυσε

432 2596 529 2647 καὶ
580 2595 749 2648 πολλὰ
796 2596 902 2648 τῶν
936 2596 1133 2648 πλοίων
1180 2595 1255 2663 τῷ
1308 2598 1589 2665 σκευαστῴ
1644 2601 1773 2667 πυρὶ
1814 2601 2005 2651 ἀπετέ-

432 2704 637 2754 ᾳρωσε,
673 2688 740 2740 τὰ
769 2689 823 2740 δὲ
853 2688 1048 2751 τελέως
1080 2688 1363 2758 ἐτρέψατο.
1396 2690 1457 2739 Ol
1486 2691 1918 2759 περιλειιξθέντες
1949 2692 2005 2744 δὲ

432 2778 542 2827 τῶν
586 2776 719 2840 Ῥὼς
750 2778 1107 2847 περαιοῦνται
1152 2780 1231 2841 είς
1282 2779 1378 2848 τὴν
1406 2779 1697 2847 Ἀνατολὴθ
1736 2783 1830 2832 καὶ
1866 2782 2005 2833 κατὰ

432 2872 501 2918 τὰ
543 2868 808 2939 λεγόμενα
857 2870 1035 2940 Σγόρα
1069 2872 1442 2941 προσίσχουσι.
1478 2872 1685 2939 Βάρὸας
1715 2872 1767 2924 δὲ
1811 2873 2004 2940 πατρί-

437 2977 573 3021 κιος,
605 2963 632 3013 6
661 2962 753 3014 τοῦ
783 2964 945 3015 Φωκὶ
977 2965 1109 3028 υίὸς,
1166 2966 1289 3027 τοὺς
1326 2964 1605 3030 αἰγιαλοὺς
1640 2966 2006 3036 παρατρέχων

441 3050 561 3117 μεθ’
618 3053 827 3105 ἱππέων
887 3053 979 3105 καὶ
1034 3055 1303 3123 ἐκκρίτων
1368 3054 1600 3123 ἀνδρῶν.
1666 3058 2004 3125 συντάγματι

446 3143 642 3195 εοὶτων
682 3145 850 3213 ἱκανῷ
886 3146 1022 3214 πρὸς
1076 3145 1343 3216 συλλογὴν
1394 3148 1763 3216 ὲκπεμφῦέντι
1799 3149 2004 3218 τροφῆς

441 3239 774 3303 συιαντήσας
822 3239 1087 3308 ἐτρέψατο
1132 3238 1225 3291 καὶ
1275 3239 1636 3306 κατέσφαξεν.
1685 3240 1843 3293 Ἀλλὰ
1899 3240 2005 3310 μὴν

437 3326 525 3375 κειὶ
575 3328 600 3377 ὁ
638 3326 957 3395 δομέστικος
1009 3328 1115 3379 τῶν
1164 3328 1371 3398 σχολῶν
1416 3329 1444 3381 6
1493 3330 1831 3398 Κουρκούας,
1881 3329 2006 3396 ὀξὺς

3325 765 3488 820 Turei
3536 766 3675 820 facta

2109 858 2471 928 impressione
2504 859 2729 913 occidua
2766 858 2947 914 omnia
2998 873 3168 927 usque
3215 858 3282 912 ad
3325 859 3511 913 urbem
3578 875 3676 928 po-

2106 952 2387 1019 pulantur.
2447 950 2643 1005 Missus
2689 951 2956 1023 patricius
3008 949 3375 1021 TheOphanes
3423 961 3675 1021 protove-

2106 1044 2330 1098 stiarius
2363 1059 2484 1099 cum
2510 1044 2577 1098 iis
2610 1059 2797 1114 pacem
2822 1043 3121 1113 componit,
3169 1044 3421 1097 Romano
3472 1053 3531 1098 ut
3582 1058 3677 1096 ca-

2107 1136 2282 1203 ptivos
2307 1136 2576 1206 reciperet
2601 1135 2735 1189 nulli
2765 1135 2837 1189 rei
2864 1144 3142 1204 parcente.
3166 1133 3406 1205 Nuptum
3462 1148 3678 1202 quoque

2106 1227 2465 1282 Constantino
2496 1229 2660 1284 tertio
2686 1228 2919 1283 Romani
2951 1227 3062 1282 lilio
3079 1228 3237 1282 datur
3254 1228 3429 1297 puella
3454 1226 3676 1288 llelena,

2106 1320 2325 1375 Adriani
2358 1322 2572 1392 patricii
2634 1321 2762 1384 ﬁlia,
2804 1320 2990 1390 stirpis
3043 1320 3401 1374 Armeniam.
3467 1318 3533 1373 Et
3578 1320 3677 1374 hac

2106 1413 2266 1483 paulo
2295 1422 2419 1485 post
2470 1423 2705 1478 mortua,
2750 1411 3088 1482 Theophano
3135 1427 3164 1465 a
3206 1409 3472 1465 Mamante
3507 1424 3678 1480 genus

2106 1508 2312 1561 ducens
2390 1507 2438 1560 ei
2516 1505 2863 1559 matrimonio
2919 1504 3183 1576 jungitur.
3233 1503 3299 1557 l4
3356 1501 3674 1565 ludiCtion'e,

2104 1593 2271 1647 Junio
2312 1608 2522 1658 mense,
2569 1593 2793 1648 Rossica
2852 1593 3040 1647 classis
3105 1593 3319 1647 hostilis
3376 1592 3441 1646 ad
3490 1591 3676 1645 urbem

2106 1686 2317 1754 appulit
2353 1685 2582 1739 navibus
2606 1695 2860 1740 constans
2908 1686 3097 1741 10000.
3154 1687 3352 1739 Contra
3399 1700 3515 1738 eam
3554 1700 3678 1753 pro-

2110 1776 2283 1830 lectus
2317 1792 2439 1831 cum
2481 1777 2657 1831 classe
2708 1775 3072 1846 TheOphanes
3120 1776 3381 1845 patricius
3432 1782 3676 1844 pr‘otovev

2107 1868 2329 1922 stiarius
2358 1869 2421 1922 ad
2456 1870 2681 1923 Hierum
2737 1870 2980 1939 appellit,
3040 1869 3280 1922 hostium
3337 1867 3569 1923 navibus
3613 1868 3679 1922 ad

2108 1957 2342 2012 Pharum
2375 1959 2534 2029 eique
2564 1959 2804 2013 vicinum
2856 1960 3008 2013 littus
3048 1959 3352 2013 subductis.
3406 1956 3682 2027 Opportu-

2109 2065 2237 2101 num
2280 2058 2459 2102 autem
2508 2059 2720 2119 tempus
2778 2049 3089 2117 speculatus
3140 2048 3427 2103 confertim
3480 2048 3532 2100 in
3586 2062 3680 2101 eos

2111 2141 2267 2211 irruit
2295 2158 2308 2205 ;
2335 2141 2729 2211 ordinibusque
2755 2140 3033 2210 dissipatis
3090 2140 3287 2193 multas
3348 2153 3519 2191 naves
3550 2137 3680 2190 arti-

2110 2233 2294 2285 licioso
2328 2234 2451 2301 igne
2477 2233 2768 2295 cmnburit,
2810 2232 3042 2300 reliquas
3076 2231 3346 2302 proﬂigat.
3376 2232 3530 2285 Rossi
3591 2246 3681 2284 su-

2110 2323 2362 2391 perstites
2394 2322 2446 2375 in
2479 2321 2756 2376 Orientem
2786 2306 3081 2392 trajiciunt.
3138 2321 3215 2376 lbi
3256 2322 3458 2376 Bardas
3512 2321 3681 2389 patri-

2108 2413 2227 2465 cius
2256 2411 2450 2466 Phor-ae
2508 2413 2650 2467 [ilius
2714 2428 2838 2467 cum
2871 2414 3115 2484 equitatu
3141 2422 3193 2467 et
3217 2413 3444 2467 delectis
3495 2412 3682 2466 militi-

2110 2506 2207 2557 hns
2248 2504 2398 2557 littus
2419 2519 2718 2574 pervagatis
2760 2505 2814 2558 in
2845 2505 3128 2558 cohortem
3149 2520 3338 2558 eorum
3387 2504 3517 2557 satis
3576 2521 3681 2558 nu-

2108 2613 2378 2650 tmmsam
2415 2599 2481 2651 ad
2504 2599 2765 2651 alimenta
2799 2598 3101 2669 colligenda
3144 2599 3397 2652 emissam
3467 2598 3677 2662 incidit,

2107 2704 2336 2757 eamque
2369 2690 2547 2743 lundit
2584 2699 2635 2743 et
2673 2689 2925 2743 trucidat.
2962 2689 3301 2743 Domesticus
3330 2689 3491 2743 etiam
3523 2689 3683 2742 scho-

2111 2779 2279 2832 larum
2297 2780 2539 2835 Curcuas
2564 2782 2815 2835 celeriter
2841 2798 2964 2835 cum
2992 2784 3106 2837 suis
3124 2782 3444 2837 cohortibus
3483 2796 3679 2848 super-

2110 2875 2257 2925 venit
2284 2872 2492 2939 Rossis,
2533 2876 2859 2943 avulsosque
2888 2889 2919 2927 a
2948 2889 3006 2928 se
3044 2874 3278 2927 invicem
3304 2883 3359 2926 et
3396 2873 3521 2926 hinc
3552 2872 3679 2924 inde

2111 2974 2370 3031 vagantes
2394 2966 2534 3020 male
2581 2967 2793 3020 multat.
2833 2966 3174 3036 0mni317
3207 2966 3467 3037 tragoedia
3534 2976 3681 3019 atro-

2108 3056 2253 3111 ciora
2285 3068 2411 3112 sunt
2446 3075 2565 3128 qum
2611 3059 2790 3123 Rossi,
2854 3068 3141 3128 antequam
3202 3058 3353 3113 luere
3405 3059 3679 3123 debellati,

2109 3154 2567 3218 perpetraverunt
2632 3148 2851 3219 ﬂagitia.
2891 3147 3104 3202 Etenim
3165 3148 3504 3218 captivorum
3549 3148 3683 3203 alios

2111 3239 2164 3292 in
2197 3254 2388 3293 cruces
2418 3250 2667 3309 egerunt,
2702 3238 2836 3292 alios
2875 3248 3032 3292 terra:
3061 3238 3369 3297 allixerunt,
3403 3238 3537 3293 alios
3584 3254 3682 3308 pro

2110 3343 2276 3397 sc0po
2317 3329 2653 3383 constituere
2704 3331 2865 3398 inque
2928 3344 3022 3383 eos
3072 3329 3295 3399 sagittas
3344 3330 3679 3382 dircxerunt.

434 3415 719 3482 ἐπιφανείς
779 3420 917 3485 μετὰ
970 3418 1077 3471 τῶν
1137 3422 1452 3489 ταγμάτων,
1523 3424 1617 3474 καὶ
1683 3424 2074 3489 ἀποσπαδαςο
2109 3422 2175 3489 Qt

1940 3432 2074 3489 a;c
2109 3422 2431 3492 Quicunque
2480 3425 2817 3494 captivorum
2890 3424 3196 3477 sacerdotio
3240 3422 3452 3493 prtediti
3501 3432 3678 3485 erant,

436 3507 663 3571 τούτους
713 3511 981 3579 εὑρίσκων
1027 3512 1150 3582 τῇδε
1200 3514 1421 3565 κάκεῖσε
1467 3515 1871 3584 πλανωμένους,
1906 3534 2005 3569 κα-

440 3598 550 3658 κῶς
590 3598 829 3651 διετίθει.
893 3600 957 3651 Ἀ
1000 3599 1054 3651 δὲ
1112 3592 1255 3653 οὗτοι
1287 3601 1516 3671 ἔδρασαν
1563 3604 1705 3656 κακὰ
1763 3605 1869 3675 πρὸ
1913 3604 2003 3658 τοῦ

437 3689 975 3758 καταπολεμηθῆναι,
1006 3693 1187 3744 πᾶσαν
1236 3692 1634 3763 ὑπερεκπῖπτει
1658 3697 1963 3767 τραγῳδίαν
1989 3712 2001 3726 ⁸

436 3781 560 3842 τοὺς
593 3781 689 3849 μὲν
731 3782 841 3851 γὰρ
882 3783 990 3834 τῶν
1041 3784 1417 3855 ἁλισκομένων
1461 3786 1847 3856 ἀνεσταύρουν,
1881 3788 2006 3850 τοὺς

434 3872 489 3922 δὲ
535 3876 599 3940 τῇ
636 3876 704 3943 γῇ
740 3876 1271 3943 προσεπαττάλευον,
1302 3878 1425 3939 τοὺς
1462 3876 1515 3929 δὲ
1547 3876 1735 3948 ὥσπερ
1772 3879 2006 3937 σκοποὺς

437 3965 691 4029 ίστῶντες
730 3967 905 4036 βέλεσι
941 3970 1313 4032 κατετόξευον.
1353 3970 1505 4023 Ὅσοι
1541 3970 1595 4023 δὲ
1626 3971 1734 4022 τῶν
1770 3971 2004 4023 ἁλόντων

438 4059 738 4128 ίερωσύνης
769 4061 1015 4128 ἦξίωντο,
1057 4063 1261 4116 τούτων
1304 4064 1452 4133 ἥλοις
1482 4062 1627 4127 ὀξέσι
1663 4064 2004 4132 διεπερόνουν

436 4150 532 4210 τὰς
590 4152 847 4217 κεφαλάς.
899 4154 1012 4206 Ούκ
1069 4154 1286 4222 ὀλίγους
1348 4155 1403 4208 δὲ
1463 4156 1557 4208 καὶ
1616 4153 1793 4217 θείους
1847 4156 2004 4219 ναοὺς

436 4239 842 4313 ἐπυρπόλησαν.
884 4243 1045 4298 Ἀλλά
1081 4244 1251 4299 ταῦτα
1299 4246 1397 4315 μὲν
1428 4246 1691 4315 πρότερον
1720 4262 1731 4275 ·
1772 4247 1893 4298 ἐπεὶ
1924 4245 2003 4311 δὲ,

436 4329 508 4391 ὡς
540 4330 742 4383 ἀνωθεν
766 4334 987 4404 ὲρῤέθη.
1025 4335 1611 4405 καταναυμαχηθέντες
1643 4337 1736 4388 καὶ
1785 4336 1869 4388 διὰ
1902 4336 2006 4405 γῆς

438 4422 533 4489 οὐχ
580 4422 779 4492 ἥκιστα
829 4428 1194 4491 κακωθέντες,
1251 4428 1605 4490 συσταλέντες
1655 4430 1897 4497 ἠρέμουν
1950 4430 2005 4479 ἐν

438 4513 546 4571 τοῖς
601 4514 883 4583 σφετέροις
934 4516 1155 4580 πλοίοις,
1190 4519 1281 4569 καὶ
1318 4518 1416 4588 ἤδη
1452 4520 1634 4581 αὐτοῖς
1678 4518 2005 4571 ἐπιλελοίπει

438 4606 507 4653 τα
554 4605 856 4674 ἐπιτήδεια,
895 4608 1242 4662 ἐϐουλεύοντο
1285 4611 1385 4679 μὲν
1433 4612 1509 4673 εἰς
1541 4610 1609 4661 τὰ
1660 4610 1765 4663 ἴδια
1814 4612 2002 4663 ὑπονο-

442 4698 655 4763 στῆσαι,
698 4700 969 4753 ἐδεδίεσαν
1019 4702 1073 4754 δὲ
1130 4703 1219 4756 τὸν
1274 4704 1457 4756 στόλον
1512 4704 2007 4775 παραγειτονοῦντα

2107 3531 2295 3569 eorum
2319 3517 2493 3586 capita
2528 3517 2699 3571 acutis
2732 3517 2899 3572 clavis
2935 3516 3297 3586 perforarunt,
3330 3516 3495 3569 multa
3515 3517 3676 3568 etiam

2109 3611 2309 3679 templa
2364 3610 2749 3665 incenderunt.
2797 3609 2993 3663 Verum
3036 3610 3123 3663 ubi
3162 3609 3347 3679 pra'lio
3373 3608 3572 3671 navali,
3603 3608 3675 3660 uti

2105 3703 2414 3768 docuimus,
2454 3703 2580 3756 victi
2633 3703 2848 3757 etbaud
2922 3704 3103 3772 parvis
3155 3703 3401 3757 cladibus
3440 3702 3494 3754 in
3538 3711 3679 3755 terra

2106 3794 2285 3847 aﬂ‘ecti
2320 3794 2560 3858 fuerunt,
2607 3796 2749 3848 intra
2785 3809 2910 3847 suas
2960 3811 3016 3847 se
3064 3811 3230 3849 naves
3284 3796 3542 3867 abdidere
3591 3806 3676 3850 at-

2104 3901 2211 3954 que
2248 3884 2319 3938 ibi
2362 3885 2705 3938 continuere.
2754 3883 2960 3937 Deinde
3015 3884 3289 3938 alimentis
3348 3886 3673 3954 absumptis,

2103 3991 2227 4030 cum
2252 3977 2471 4031 domum
2499 3975 2701 4030 vellent
2735 3977 2913 4031 redire.
2954 3985 3009 4031 et
3042 3978 3143 4031 sibi
3174 3993 3203 4030 a
3232 3976 3475 4031 Romana
3501 3978 3675 4032 classe

2105 4079 2434 4134 metuerent,
2468 4084 2589 4139 quae
2614 4070 2761 4138 ipsos
2796 4070 2849 4123 in
2893 4070 3088 4126 vicinia
3139 4072 3486 4138 observabat,
3515 4082 3672 4143 capta

2105 4162 2509 4229 Opportunitate
2548 4160 2811 4231 signoque
2840 4162 2965 4217 dato
2989 4162 3291 4218 solverunt.
3333 4164 3519 4233 Neque
3588 4176 3671 4220 ta-

2106 4265 2227 4303 men
2260 4248 2643 4319 Theophanem
2676 4251 3010 4318 fefellerunt;
3044 4252 3137 4308 sed
3169 4252 3213 4309 is
3242 4256 3455 4326 cognito
3483 4272 3670 4311 corum

2107 4340 2347 4393 discessu
2376 4340 2556 4394 statim
2576 4341 2863 4396 adversum
2896 4357 2952 4397 se
2983 4343 3065 4397 eis
3111 4343 3251 4397 tulit.
3278 4343 3393 4399 Hoc
3428 4346 3671 4400 secundo

2108 4430 2282 4482 navali
2316 4429 2499 4499 praelio
2532 4446 2742 4485 rursum
2772 4430 2923 4487 Rossi
2953 4432 3078 4488 victi
3104 4441 3252 4488 sunt.
3282 4433 3478 4489 Eorum
3502 4452 3670 4492 naves

2106 4522 2222 4575 alia:
2277 4523 2559 4584 demersae.
2623 4524 2741 4578 alite
2798 4525 2941 4580 ferro
2998 4536 3052 4581 et
3102 4527 3207 4598 igni
3284 4528 3662 4597 pessumdatm,

2107 4614 2348 4682 qumdam
2379 4628 2502 4666 cum
2547 4613 2679 4683 ipsis
2713 4616 3024 4670 vectoribus
3052 4617 3102 4670 in
3137 4616 3509 4673 Romanorum
3570 4635 3670 4689 po-

2110 4713 2354 4757 testatem
2388 4716 2652 4759 venerunt
2685 4723 2696 4759 :
2726 4721 3006 4776 perpaucae
3037 4722 3067 4762 e
3097 4708 3237 4762 bello
3258 4708 3417 4763 salva:
3450 4709 3669 4763 domum

441 4788 529 4837 καὶ
585 4788 677 4840 τὸν
731 4791 1013 4844 ἀπόπλουν
1064 4793 1425 4861 φυλάττοντα.
1499 4797 1703 4865 Καιρὸν
1749 4796 1800 4848 ’δ’
1857 4775 2083 4867 ὄμωςῙ)
2114 4810 2182 4848 τρι

1931 4816 2002 4859 ως
2031 4775 2083 4833 Ῑ)
2114 4795 2413 4850 redierunt.
2452 4796 2532 4851 0b
2556 4797 2652 4853 has
2692 4798 2951 4853 victorias
2979 4800 3273 4869 imperator
3310 4800 3669 4870 protovestia-

439 4878 773 4946 τηρήσαντες
802 4882 895 4933 καὶ
938 4882 1186 4953 σύνθημα
1223 4885 1404 4947 δόντες
1451 4888 1543 4939 καὶ
1576 4888 1643 4938 τὰ
1688 4889 2003 4957 πρυμνήσια

2116 4888 2253 4942 rium
2281 4891 2514 4958 probans
2545 4891 2859 4961 primariutn
2889 4893 3278 4948 cubicularium
3309 4892 3452 4949 facit.

439 4970 693 5034 λύσαντες
740 4975 1033 5030 ἀπέπλεον.
1093 4980 1206 5032 Οὐκ
1253 4979 1443 5033 ἔλαθον
1490 4982 1546 5033 δὲ
1592 4982 1681 5034 τὸν
1746 4984 2034 5054 πατρίκιον
2078 4987 2169 5037 καὶ
2218 4988 2710 5059 πρωτοὸεστιάριον
2755 4988 3057 5059 Θεοφάνην,
3135 4989 3270 5044 ἀλλὰ
3316 4991 3475 5059 γνοὺς
3518 4981 3672 5051 οὗτος

445 5064 539 5131 τὴν
587 5066 764 5119 αὐτῶν
813 5068 1158 5141 ἀναχώρησιν
1188 5071 1508 5135 ὑπαντιάζει
1550 5076 1756 5137 τούτοις
1806 5079 1986 5142 εὐθὺς,
2029 5080 2361 5146 καὶγίνεται
2399 5082 2671 5152 ναυμαχία
2705 5082 2954 5152 δευτέρα,
3017 5084 3111 5136 καὶ
3164 5084 3455 5156 τρέπονται
3510 5084 3672 5138 πάλιν

438 5161 486 5212 οί
527 5160 677 5224 Ῥώς.
714 5165 824 5216 Καὶ
866 5166 935 5218 τὰ
969 5168 1066 5235 μὲν
1092 5168 1199 5220 τῶν
1253 5170 1477 5237 σκαφῶν
1519 5169 1666 5240 βυθῷ
1709 5173 2003 5243 παρεδόθη,
2038 5176 2107 5226 τὰ
2137 5176 2192 5229 δὲ
2222 5178 2439 5249 σίδηρος
2474 5180 2565 5233 καὶ
2612 5178 2721 5249 πῦρ
2754 5181 3098 5251 ἐμερίσαντο,
3166 5180 3233 5232 τὰ
3299 5178 3356 5232 δὲ
3399 5176 3672 5250 αὔτανδρα

439 5259 539 5310 ύπδ
589 5263 706 5323 ταῖς
764 5260 871 5312 τῶν
940 5261 1223 5330 Ῥωμαίων
1276 5268 1463 5334 χερσὶν
1536 5268 1812 5334 ἐγένοντο·
1879 5269 2032 5336 ὀλίγα
2078 5271 2133 5323 δὲ
2177 5273 2276 5344 τὴν
2346 5276 2438 5327 τοῦ
2488 5268 2725 5344 πολέμου
2773 5277 3102 5346 διαφυγόντα
3136 5280 3380 5349 ἀνάγκην
3425 5280 3559 5352 πρὸς
3605 5282 3673 5333 τὰ

439 5355 612 5405 οἰκεῖα
654 5353 961 5425 ἐχώρησαν.
1009 5355 1149 5409 Ἀνθ’
1191 5348 1267 5409 ὧν
1311 5359 1339 5409 ὁ
1373 5357 1623 5420 βασιλεὺς
1660 5359 1749 5412 τὸν
1816 5362 2309 5435 πριοτοῦεστιάριον
2378 5369 2775 5438 ἀποδεξάμενος
2832 5373 2925 5423 καὶ
2970 5348 3479 5444 παρακοιμώμενον
3511 5373 3673 5429 αὐτὸν

437 5446 786 5514 προξδὰλετο.

1560 5601 1908 5659 XYLANIMI
1943 5605 2030 5659 ET
2060 5606 2269 5661 (iOAlll
2314 5606 2543 5662 NOTA‘J.

510 5736 618 5803 t8!)
660 5740 869 5795 Annam
905 5752 1124 5813 nuptam
1154 5744 1312 5813 simul
1365 5753 1417 5797 ct
1452 5745 1742 5813 imperialis
1770 5747 1991 5802 honoris

442 5820 739 5865 consortem
778 5812 1142 5867 renuntiatam
1185 5812 1388 5868 indicat
1416 5812 1625 5884 amtor,
1649 5818 1991 5886 nuptiarum-

2100 5766 2205 5875 ἓως
2251 5766 2482 5809 coronas
2528 5756 2663 5810 sicut
2711 5766 2761 5811 et
2800 5756 3013 5827 imperii
3064 5774 3170 5812 uno
3210 5757 3296 5811 die
3341 5764 3671 5832 suscepisse.

2149 5838 2268 5875 om.

2149 5838 2268 5876 UAR.
