4410 6452
731 400 795 470 SI
1992 400 2312 459 GEORGII
2350 400 2683 459 CEDRENI
3909 394 3976 454 5?.

802 522 1068 577 Joannem
1108 535 1268 590 porro
1302 518 1569 575 Curcuam
1605 520 1960 573 domesticum
1993 518 2299 574 scholarum
2334 522 2383 579 Λ
2480 521 2543 572 Φ(

2235 536 2299 572 nn
2334 522 2383 579 Λ
2480 521 2680 573 Φθόνου
2716 519 2773 572 δὲ
2816 518 3131 587 κινηθέντος
3179 518 3319 571 κατά
3360 515 3453 568 τοῦ
3502 514 3820 584 δομεστίκου
3870 511 3976 563 τῶν

738 610 1211 683 iinperator,quod
1233 612 1353 680 ejus
1380 611 1541 664 Iiliam
1568 610 1976 680 Euphrosynam
2004 611 2185 678 nepoti
2207 626 2307 663 suo

741 708 1003 766 llomano,
1039 702 1381 756 Constantini
1420 712 1548 755 natu
1585 701 1815 754 ﬁliorum
1835 700 2039 753 minimi
2063 700 2228 769 318
2247 701 2308 752 Ii-

738 799 830 860 lio,
866 811 1087 849 uxorem
1132 794 1309 848 facere
1363 793 1597 855 volebat,
1631 807 1803 860 eaque
1833 807 1920 845 res
1961 791 2082 845 odia
2128 792 2306 845 Cassa-

738 906 856 942 rum
885 890 936 941 in
967 887 1236 942 Curcuam
1277 886 1682 948 inﬂammasset,
1727 892 1951 938 coactus
1997 894 2078 937 est
2132 883 2307 937 ofﬁcio

740 996 804 1033 eo
840 978 1135 1033 dimovere.
1164 975 1416 1031 Cesserat
1441 975 1492 1028 id
1522 991 1719 1029 munus
1749 976 1991 1030 Curcuas
2023 975 2309 1028 Continen-

741 1068 885 1122 til.us
914 1066 984 1121 22
1013 1068 1169 1120 annis
1198 1075 1251 1119 et
1287 1068 1317 1120 7
1345 1066 1647 1131 mensibus,
1682 1067 2024 1135 universamq
2042 1082 2107 1120 ue
2138 1082 2306 1137 prope

741 1160 951 1229 Syriam
980 1165 1301 1228 pervagatus
1332 1159 1640 1229 subegerat.
1672 1158 1725 1212 Si
1759 1159 1881 1227 quis
1914 1160 2173 1228 praeclara
2189 1161 2308 1228 ejus

741 1254 879 1306 facta
936 1252 1075 1305 scire
1104 1250 1399 1314 desiderat,
1424 1252 1679 1305 volumen
1732 1266 1761 1303 a
1795 1250 2044 1305 Manuelo
2074 1252 2305 1320 quodam

740 1341 1181 1411 protospathario
1227 1352 1388 1412 atque
1427 1343 1609 1410 judice
1646 1344 2007 1411 compositum
2050 1344 2189 1413 legat
2218 1360 2231 1399 :
2264 1344 2307 1396 is

739 1433 884 1484 enim
919 1443 1043 1485 octo
1076 1433 1228 1487 libris
1256 1449 1340 1487 res
1368 1450 1396 1486 a
1422 1433 1640 1488 Curcua
1684 1435 1939 1503 praeclare
1966 1446 2145 1504 gestas
2209 1435 2307 1489 de-

741 1522 978 1590 scripsit.
1007 1523 1136 1576 Inde
1167 1533 1460 1592 cognoscet
1497 1534 1733 1592 quantus
1766 1525 1853 1578 hic
1872 1528 1951 1578 vir
1995 1527 2119 1581 belli
2146 1526 2309 1581 rebus

741 1615 927 1667 fuerit.

818 1880 1153 1950 The0pliilus
1178 1897 1396 1953 quoque
1428 1883 1593 1938 frater
1630 1884 1770 1952 eius,
1803 1898 1936 1937 avus
1960 1883 2314 1953 Joannisejus

745 1969 835 2038 qui
892 1970 1177 2038 postmodo
1228 1972 1460 2041 imperio
1520 1973 1729 2040 potitus
1778 1982 1881 2038 est,
1916 1971 2316 2042 Mesopotamia:

744 2061 1057 2129 prazfectus,
1095 2063 1285 2117 eodem
1320 2064 1481 2118 modo
1506 2063 1898 2119 Saracenorum
1924 2068 1976 2119 in
2000 2082 2061 2120 ea
2092 2068 2316 2136 provin-

740 2152 821 2208 cia
862 2154 1023 2208 urbes
1060 2155 1341 2215 tractavit,
1378 2156 1651 2225 oppressis
1696 2165 1858 2227 atque
1921 2158 2057 2212 adeo
2120 2159 2313 2213 deletis

742 2244 1027 2314 Agarenis.
1062 2245 1129 2299 Et
1158 2246 1438 2302 Romanus
1467 2251 1747 2317 patricius,
1773 2250 2004 2304 Joannis
2025 2250 2309 2305 domestici

746 2335 910 2403 ﬁlius,
945 2340 1204 2393 exercitui
1238 2341 1579 2409 praepositus,
1634 2342 1799 2395 multa
1856 2343 2074 2395 castella
2110 2345 2314 2412 recepit

744 2437 798 2481 et
826 2427 1087 2483 Romanis
1117 2430 1344 2499 plurima
1376 2431 1548 2501 spolia
1578 2432 1809 2502 paravit.
1841 2432 1896 2485 In
1954 2435 2131 2487 locum
2185 2434 2314 2489 Cur-

742 2534 857 2573 cuae
888 2519 1063 2575 factus
1086 2531 1169 2577 est
1212 2523 1522 2578 scholarum
1579 2523 1911 2579 domesticus
1968 2524 2293 2580 Pantlierius

747 2607 975 2665 Romani
1011 2615 1353 2682 imperatoris
1384 2626 1665 2686 cognatus.

740 2702 991 2768 λυθέντος
1034 2709 1132 2777 τῆς
1171 2708 1370 2779 ἀρχῆς.
1416 2709 1781 2777 προϐάλλεται
1836 2712 2157 2780 δομέστικος
2210 2714 2316 2767 τῶν

746 2804 1033 2871 συγγενής.

814 2876 1106 2949 Enimvero
1157 2896 1456 2965 imperator
1487 2896 1765 2952 Romanus
1803 2901 2119 2968 pmnitcntia
2148 2902 2316 2955 viola-

743 2999 921 3043 torum
978 2988 1411 3055 juramentorum
1472 3005 1535 3044 ac
1595 2991 1833 3059 perﬁdiae
1888 3002 2193 3061 correptus,
2256 3002 2313 3047 ut

744 3082 914 3134 Deum
940 3082 1200 3150 placaret,
1233 3097 1354 3135 cum
1390 3082 1492 3135 alia
1527 3084 1688 3135 multa
1725 3083 1859 3136 bene
1901 3084 2047 3146 fecit,
2080 3101 2199 3153 qum.
2230 3102 2315 3138 re.-

2374 2714 2577 2784 σχολῶν
2632 2717 2659 2767 6
2711 2714 3037 2783 Πανθήριος,
3109 2715 3136 2763 6
3198 2710 3291 2765 τοῦ
3356 2710 3615 2780 βασιλέως

2412 611 2617 680 σχολῶν
2669 611 2916 664 Ἰωάννου
2964 609 3056 662 τοῦ
3101 608 3389 679 Κουρκούα
3445 610 3595 676 παρά
3645 606 3752 656 τῶν
3805 604 3978 658 ἄλλων

2412 700 2675 770 βασιλέων
2718 701 2992 770 (ἐϐούλετο
3041 701 3147 767 γὰρ
3198 699 3473 765 Ῥωμανὸς
3511 699 3539 749 6
3588 693 3838 765 βασιλεὺς
3874 693 3979 745 Εὑ-

2411 792 2688 862 φροσύνην
2745 792 2843 861 τὴν
2894 790 2984 843 τοῦ
3044 790 3367 860 δομεστίκου
3424 787 3698 855 θυγατέρα
3760 784 3979 853 νύμφην

2410 882 2720 952 ἀγαγέσθαι
2759 882 2838 951 τῷ
2868 880 3052 950 οἰκείῳ
3092 880 3300 949 ἐκγόνῳ
3341 876 3607 947 Ῥωμανῷ
3640 877 3717 943 τῷ
3754 875 3855 944 υίῷ
3885 873 3978 925 τοῦ

2410 975 2635 1045 ἐσχάτου
2691 972 2875 1035 παιδὸς
2908 971 3073 1024 αὐτοῦ
3122 968 3583 1035 Κωνσταντίνου),
3658 964 3981 1035 ἠναγκάσθη

2411 1067 2509 1136 τῆς
2558 1065 2732 1136 ἀρχῆς
2778 1065 2937 1118 αὑτὸν
2970 1062 3306 1132 παραλῦσαι,
3353 1060 3444 1113 ἐπὶ
3485 1059 3605 1112 δυσὶ
3661 1060 3756 1111 καὶ
3808 1058 3982 1109 είκοσι

2411 1159 2623 1227 χρόνοις
2666 1156 2760 1208 καὶ
2813 1156 2980 1224 μησὶν
3027 1153 3168 1206 ἐτιτά
3215 1151 3512 1221 ἀδιαδόχως
3557 1150 3656 1218 τὴν
3696 1147 3788 1201 τοῦ
3822 1147 3981 1215 δομε-

2413 1251 2597 1303 στίκου
2640 1246 2811 1317 ἀρχὴν
2840 1245 3222 1312 ίθύνοντα,καὶ
3266 1244 3466 1308 πᾶσαν,
3509 1241 3583 1304 ὠς
3630 1241 3828 1303 εἰπεῖν,
3881 1236 3979 1306 τὴν

2412 1339 2612 1410 Συρίαν
2664 1336 3079 1406 καταδραμόντα
3120 1334 3215 1387 καὶ
3258 1329 3691 1385 ταπεινώσαντα.
3741 1328 3887 1397 Ὅτῳ
3929 1325 3983 1378 δὲ

2414 1430 2675 1501 βουλητὸν
2722 1428 2818 1490 τὰς
2860 1426 3069 1480 ἐκείνου
3107 1424 3299 1493 μαθεῖν
3342 1421 3643 1493 ἀριστείας,
3693 1416 3983 1488 ζητησάτω

2410 1523 2506 1591 τὴν
2539 1520 2871 1591 πονηθεῖσαν
2909 1519 3086 1588 βίϐλον
3122 1516 3273 1586 παρά
3295 1531 3439 1578 τινος
3473 1509 3729 1581 Μανουὴλ
3771 1524 3982 1579 πρωτο-

2414 1612 2712 1680 σπαθαρίου
2740 1611 2835 1663 καὶ
2856 1609 3043 1679 κριτοῦ
3075 1608 3152 1677 (ἐν
3169 1606 3313 1660 ὀκτὼ
3334 1604 3439 1673 γὰρ
3461 1603 3661 1673 βίϐλοις
3686 1602 3890 1659 ἐκεῖνος
3917 1598 3983 1649 τὰ

2411 1703 2601 1756 τούτου
2646 1702 3113 1771 ἀνδραγαθήματα
3149 1695 3569 1766 συνεγράψατο),
3607 1693 3701 1745 καὶ
3734 1690 3790 1757 ἐξ
3816 1689 3982 1758 αὐτῆς

2415 1797 2619 1849 είσεται
2646 1789 2756 1858 οἷος
2786 1790 2854 1864 ἦν
2886 1796 2911 1846 ὁ
2951 1794 3091 1862 ἀνὴρ
3120 1791 3185 1844 τὰ
3214 1788 3509 1858 πολεμικά.

2490 1885 2574 1956 [Ρ.
2645 1882 2771 1953 631]
2830 1882 3232 1953 Παραπλησίως
3286 1877 3460 1949 τούτῳ
3510 1875 3605 1930 καὶ
3650 1870 3908 1940 Θεόφιλος
3959 1871 3985 1918 6

2416 1978 2607 2031 τούτου
2641 1976 2916 2047 ὁμαίμων,
2940 1978 2967 2028 6
2997 1976 3218 2038 πάππος
3260 1972 3504 2027 Ἰωάννου
3529 1969 3621 2023 τοῦ
3652 1967 3790 2037 μετὰ
3814 1962 3985 2017 ταῦτα

2418 2068 2857 2139 βασιλεύσαντος,
2890 2069 2989 2130 τάς
3018 2068 3072 2118 ἐν
3106 2063 3505 2133 Μεσοποταμίᾳ
3524 2060 3632 2113 τῶν
3656 2055 3985 2128 Σαρακηνῶν

2417 2161 2601 2224 πόλεις
2661 2160 2889 2224 διέθετο,
2942 2158 3248 2229 στρατηγὸς
3290 2157 3348 2208 ἐν
3408 2156 3546 2223 αύτῇ
3598 2149 3838 2221 γεγονὼς
3893 2148 3988 2200 καὶ

2416 2251 2760 2314 ταπεινώσας
2788 2254 2880 2303 καὶ
2896 2250 3095 2312 τελέως
3123 2251 3393 2317 ἀφανίσας
3416 2248 3542 2308 τοὺς
3566 2248 3628 2297 ἐκ
3656 2243 3754 2311 τῆς
3782 2242 3981 2307 Ἀγαρ-

2420 2342 2530 2394 Καὶ
2592 2341 2865 2409 Ῥωμανὺς
2908 2341 2962 2392 δὲ
3015 2342 3041 2392 6
3089 2338 3397 2410 πατρίκιος,
3452 2338 3480 2389 6
3528 2336 3621 2388 τοῦ
3668 2330 3986 2402 δομεστίκου

2432 2435 2680 2487 Ἰωάννου
2763 2434 2899 2497 υίὸς,
2972 2432 3278 2502 στρατηγὸς
3348 2428 3622 2490 καταστὰς
3693 2424 3867 2477 πολλά
3928 2438 3985 2473 τε

2421 2526 2656 2595 φρούρια
2686 2527 3073 2594 παρεστήσατο
3104 2526 3196 2577 καὶ
3227 2523 3495 2575 πλείστων
3528 2517 3784 2589 λαφύρων
3818 2516 3988 2574 αἴτιος

2423 2618 2637 2688 ὑπῆρξε
2686 2620 2799 2679 τοῖς
2866 2617 3182 2686 Ῥωμαίοις.
3236 2614 3342 2668 Τοῦ
3400 2612 3646 2666 Ἰωάννου
3696 2610 3752 2663 δὲ
3806 2622 3986 2675 παρα·

3706 2707 3811 2759 Ῥω
3821 2700 3989 2773 μανοῦ

2509 2898 2886 2966 Ἱλασκόμενος
2938 2895 2991 2946 δὲ
3032 2895 3121 2946 τὸν
3168 2893 3299 2945 Θεὸν
3333 2895 3359 2945 6
3404 2891 3654 2959 βασιλεὺς
3710 2887 3989 2957 Ῥωμανὺς

2423 2992 2511 3046 διὰ
2541 2991 2637 3061 τὴν
2663 2990 2769 3042 τῶν
2798 2992 2973 3059 ὅρκων
3009 2988 3341 3058 παράϐασιν,
3372 2988 3463 3038 καλ⁵
3493 2984 3765 3054 μετανοῶν
3797 2982 3880 3049 ἐφ’
3910 2978 3991 3043 οἷς

2426 3082 2610 3144 κακῶς
2661 3080 3130 3150 παρεσπόνδησεν,
3185 3078 3357 3131 ἐποίει
3397 3076 3493 3146 μὲν
3544 3076 3635 3127 καὶ
3688 3074 3850 3136 ἄλλας
3907 3074 3992 3125 εὖ·

752 3188 981 3227 censere
1014 3174 1085 3227 sit
1126 3173 1477 3239 laboriosum,
1518 3184 1627 3229 tum
1657 3191 1731 3229 ms
1765 3177 1925 3230 etiam
1967 3178 2201 3230 alienmn
2230 3178 2318 3231 ei-
2347 3205 2388 3261 ε
2426 3192 2493 3227 πο

2248 3178 2318 3231 :i-
2347 3205 2388 3261 ε
2426 3174 2626 3237 ποιίας,
2685 3173 2749 3233 ἃς
2805 3172 3123 3239 καταλέγειν
3181 3170 3361 3240 ἔργον,
3413 3168 3634 3220 ἀπέτισε
3684 3166 3739 3219 δὲ
3786 3167 3877 3217 καὶ
3926 3166 3989 3217 τὰ

743 3264 891 3317 vium
924 3264 1147 3317 nomine
1195 3264 1466 3330 dissolvit,
1497 3266 1724 3319 divitum
1775 3282 1837 3320 ac
1887 3283 2227 3336 pauperum:
2263 3269 2317 3321 in

744 3367 907 3420 quam
953 3367 1067 3405 rem
1122 3351 1323 3407 dicitur
1360 3354 1693 3423 impendisse
1747 3359 2061 3411 centenaria
2088 3358 2319 3412 undevi-

746 3438 902 3513 giiiti,
945 3458 1010 3497 ac
1032 3444 1246 3497 tabulas
1276 3446 1560 3499 nominum
1610 3448 1909 3501 combussit
1939 3449 1993 3502 in
2044 3463 2321 3518 purpureo

745 3536 836 3603 qui
870 3545 952 3589 est
981 3536 1047 3589 ad
1076 3535 1313 3591 Cbalcen
1341 3538 1623 3594 umbilico.
1663 3540 1839 3593 Pretia
1879 3556 2096 3609 quoque
2127 3542 2319 3594 domo-

747 3640 867 3677 rum
895 3640 994 3693 pro
1030 3626 1459 3681 conductoribus
1516 3629 1801 3697 pependit,
1834 3629 1997 3699 319
2021 3646 2049 3683 a
2087 3630 2322 3685 maximo

750 3720 814 3769 ad
836 3716 1286 3783 minimquuae
1313 3735 1443 3773 vero
1467 3720 1701 3774 inStituit
1727 3730 1784 3775 ut
1812 3738 1909 3791 pro
1931 3723 2125 3776 anima:
2146 3722 2321 3777 salute

752 3810 947 3862 tierent
974 3808 1029 3862 in
1064 3808 1295 3879 Myrelaai
1352 3812 1703 3878 monasterio,
1736 3815 1880 3883 quod
1929 3815 2047 3884 ipso
2098 3824 2321 3868 auctore

750 3908 835 3953 est
868 3900 1172 3966 conditum,
1204 3916 1268 3955 ea
1298 3901 1352 3956 in
1376 3901 1522 3957 hunc
1551 3918 1724 3974 usque
1747 3905 1887 3959 diem
1913 3905 2094 3975 peragi
2129 3919 2320 3961 omnes

749 4000 977 4045 norunt.
1180 3998 1181 4001 “

823 4083 1000 4136 Prima
1034 4082 1327 4137 indictione
1347 4100 1468 4138 cum
1497 4100 1687 4138 rursus
1740 4084 1902 4139 Turci
1952 4086 2318 4139 incursionem

749 4176 804 4228 in
834 4175 1206 4231 Romanorum
1238 4176 1373 4230 ﬁnes
1406 4176 1685 4239 fecissent,
1720 4176 2082 4246 TheOpbanes
2099 4179 2318 4231 cubicu-

746 4268 921 4323 larius
952 4285 1207 4339 egressus
1239 4286 1429 4340 pacem
1459 4286 1582 4325 cum
1616 4270 1681 4325 iis
1704 4273 2028 4341 composuit,
2049 4274 2318 4344 acceptis-

747 4375 853 4428 que
886 4360 1170 4415 obsidibus
1207 4362 1390 4416 rediit.
1421 4362 1725 4418 Indictionc
1781 4365 2044 4428 secunda,
2075 4364 2316 4419 Pascha-

749 4453 882 4504 lium
920 4454 1419 4521 protospatharium
1472 4462 1526 4508 et
1584 4454 1959 4525 Longibardize
2006 4458 2317 4527 praefectum

2425 3268 2562 3337 χρέα
2596 3265 2694 3331 τῆς
2752 3265 2957 3326 πόλεως
3010 3264 3117 3316 ἀπό
3158 3281 3217 3315 τε
3273 3262 3543 3315 πλουσίων
3596 3261 3690 3313 καὶ
3745 3258 3990 3326 πενήτων

2421 3358 2685 3422 δεδωκὼς,
2747 3357 2821 3421 ὣς
2858 3374 3007 3425 φασι,
3064 3355 3395 3424 κεντηνάρια
3456 3353 3585 3405 δέκα
3620 3349 3887 3414 ἐννέα,τά
3934 3347 3988 3398 δὲ

2424 3452 2782 3521 γραμματεῖα
2831 3448 3186 3511 κατακαύσας
3220 3448 3278 3499 ἐν
3322 3446 3402 3517 τῷ
3454 3445 3593 3497 κατὰ
3627 3445 3724 3514 τὴν
3771 3440 3991 3507 Χαλκῆν

2426 3541 2694 3612 πορφυρῷ
2737 3541 3007 3611 ὀμφαλίῳ.
3045 3540 3255 3592 Δέδωκε
3302 3537 3359 3590 δὲ
3411 3537 3503 3590 καὶ
3531 3536 3599 3588 τὰ
3643 3533 3848 3588 ὲνοίκια
3893 3532 3987 3601 τῆς

2423 3634 2632 3695 πόλεως
2666 3632 2773 3685 ἀπὸ
2802 3630 2897 3684 τοῦ
2930 3630 3267 3699 ὑψηλοτάτου
3300 3628 3391 3681 καὶ
3430 3629 3589 3697 μέχρι
3616 3626 3708 3679 τοῦ
3739 3626 3989 3695 ἐσχάτου.

2428 3728 2490 3781 Ἀ
2525 3728 2581 3780 δὲ
2617 3724 2990 3779 διετυπώσατο
3023 3724 3266 3791 γίνεσθαι
3306 3722 3513 3791 ψυχικὰ
3547 3720 3804 3782 ἐπετείως
3835 3720 3891 3771 ἐν
3922 3720 3989 3786 τῇ

2424 3818 2812 3889 νεουργηθείση
2873 3817 3001 3886 παρ’
3065 3818 3228 3869 αὑτοῦ
3304 3818 3438 3886 μονῇ
3500 3812 3595 3866 τοῦ
3660 3812 3987 3880 Μυρελαίου.

2426 3913 2575 3965 ῐσασι
2604 3911 2805 3974 πάντες
2844 3910 3007 3980 μέχρι
3036 3908 3129 3961 τοῦ
3159 3906 3253 3961 νῦν
3283 3905 3601 3977 τελούμενα.

2496 4089 2655 4142 Κατά
2720 4088 2900 4156 δὲτὴν
2944 4087 3165 4157 πρώτην
3201 4083 3507 4139 ίνδικτιῶνα
3573 4084 3678 4136 τῶν
3731 4084 3988 4153 Τούρκων

2424 4180 2587 4235 πάλιν
2636 4179 2938 4251 ἐπιδρομὴν
2999 4178 3383 4248 ποιησαμένων
3439 4178 3578 4229 κατά
3616 4174 3919 4244 Ῥωμαίων,
3962 4176 3989 4226 6

2427 4271 2926 4341 παρακοιμώμενος
2971 4270 3249 4340 Θεοφάνης
3277 4269 3506 4334 ἐξελθὼν
3552 4270 3842 4321 ἐσπείσατο
3877 4268 3991 4335 μετ’

2424 4363 2603 4417 αύτῶν
2644 4365 2736 4416 καὶ
2784 4363 2960 4416 λαϐὼν
2990 4366 3231 4432 ὁμήρους
3266 4364 3598 4431 ὑπέστρεψε.
3651 4364 3887 4433 Δεντέρα
3938 4361 3991 4412 δὲ

2426 4455 2721 4507 ίνδικτιῶνι
2754 4454 3060 4524 Πασχάλιον
3094 4455 3582 4524 πρωτοσπαθάριον
3614 4455 3707 4507 καὶ
3753 4470 3990 4521 στρατη-

748 4542 816 4595 ad
849 4542 1131 4610 Hugonem
1165 4558 1340 4613 regem
1376 4543 1619 4599 Francia:
1646 4546 2131 4613 mittitRomanus,
2157 4548 2316 4601 tiliam
2351 4540 2395 4594 Ι)
2426 4547 2489 4614 γὸ

2250 4565 2316 4601 im
2351 4540 2395 4594 Ι)
2426 4547 2523 4614 γὸν
2554 4546 2965 4615 Λαγγοϐαρδίας
3019 4545 3323 4616 ἐξέπεμψεν
3367 4548 3394 4599 6
3422 4546 3673 4616 βασιλεὺς
3720 4545 3856 4614 πρὸς
3905 4544 3991 4595 τὸν

748 4633 868 4701 ejus
903 4644 1096 4703 petens
1142 4634 1193 4687 in
1245 4635 1652 4689 matrimonium
1696 4635 2039 4693 Constantini
2078 4638 2316 4710 Porphy-

2431 4640 2577 4709 eius
2611 4640 2892 4710 Φραγγίας
2926 4641 3151 4708 Οὖγωνα
3190 4639 3323 4710 (82),
3375 4639 3474 4708 τὴν
3501 4637 3664 4691 αὑτοῦ
3720 4636 3991 4706 θυγατέρι

1869 4753 2221 4810 XYLANDRI
2262 4755 2350 4809 ΕΤ
2389 4756 2599 4811 GOARI
2666 4755 2894 4811 ΝΟΤΑΞ.

822 4844 935 4921 (89.)
991 4848 1120 4921 Iino
1168 4865 1316 4914 vero,
1371 4858 1430 4921 ut
1475 4848 2085 4921 historiaeloquuntur,
2138 4867 2318 4921 regem

752 4914 938 4989 Italiae.
962 4918 1079 4989 _Sed
1110 4919 1163 4972 in
1201 4921 1283 4974 his
1317 4919 1477 4973 rebus
1501 4934 1679 4987 neque
1709 4914 1903 4972 Noster
1932 4936 2108 4989 neque
2137 4914 2318 4975 citeri

756 4986 919 5059 liuius
954 4987 1142 5059 farina!
1180 4990 1475 5057 scriptores
1508 4986 1656 5041 luere
1697 4986 2321 5059 diligentes-Constan-

754 5055 929 5129 tinum
959 5055 1479 5129 Porphyrogenitum
1506 5060 1742 5129 intellige
1767 5055 1872 5111 non
1900 5062 2124 5113 Romani
2156 5061 2321 5115 tilium

754 5126 1197 5201 Constantinum,
1240 5126 1335 5183 Sed
1365 5128 1583 5201 Leonis,
1619 5126 1742 5201 eum
1772 5131 1857 5183 cui
1888 5140 1946 5184 ut
1986 5146 2188 5201 genero
2220 5131 2323 5183 im-

752 5198 936 5265 posuit
976 5197 1315 5266 Lacapenus,
1366 5210 1415 5253 et
1470 5198 1588 5267 ipso
1624 5199 1677 5251 in
1714 5200 1959 5252 ordinem
1991 5197 2232 5253 'redacto
2262 5216 2324 5254 ac

754 5267 1169 5336 circumscripto
1218 5270 1331 5323 fere
1359 5270 1506 5322 solus
1556 5284 1679 5322 cum
1715 5270 1827 5322 suis
1870 5270 1993 5323 liliis
2032 5270 2322 5337 imperium

755 5338 943 5409 gessit.
965 5337 1552 5409 Porphyrogenitorum
1602 5340 1812 5406 primus
1866 5351 2324 5393 commemoratur

754 5406 1164 5476 Copronymus,
1192 5425 1221 5461 a
1254 5406 1495 5461 conclavi
1533 5409 1713 5475 palatii
1747 5410 1831 5461 cui
1874 5410 2164 5478 Porphyra:
2194 5411 2324 5476 (for-

757 5477 917 5530 tassis
940 5478 1081 5544 quod
1109 5481 1394 5547 purpureis
1417 5479 1685 5545 tapetibus
1702 5480 1785 5532 vel
1805 5480 1986 5533 aulaeis
2008 5477 2152 5532 esset
2170 5496 2321 5533 exor-

756 5548 966 5616 natum)
1009 5564 1245 5609 nomen,
1284 5548 1339 5599 in
1391 5563 1498 5616 quo
1544 5557 1703 5601 natus
1742 5560 1914 5607 esset;
1988 5564 2049 5603 ac
2092 5549 2318 5603 fortasse

758 5614 917 5668 etiam
960 5617 1171 5685 reliqui,
1207 5614 1419 5686 utpote'
1448 5618 1667 5687 genuini
1696 5628 1751 5672 et
1782 5635 1880 5671 suo
1918 5620 2036 5671 loco
2064 5619 2173 5687 nati
2211 5620 2311 5671 im-

756 5694 1061 5750 peratorcs,
1133 5688 1250 5741 loco
1302 5702 1367 5739 eo
1420 5686 1722 5755 puerperiis
1787 5689 2072 5742 destinato.
2122 5686 2313 5741 Noster

758 5755 954 5807 leonis
976 5755 1047 5807 til.
1074 5757 1234 5809 etiam
1268 5757 1404 5810 infra
1439 5758 1514 5810 sic
1543 5758 1813 5824 exprimit,
1857 5759 1907 5810 in
1947 5759 2119 5825 primo
2150 5758 2309 5809 Nice-

756 5825 911 5891 plioii
932 5826 1121 5880 I‘Iioc.c
1143 5844 1299 5881 anno.
1326 5827 1625 5881 Romanum
1649 5827 1989 5882 Constantini
2015 5829 2089 5881 til.
2116 5829 2311 5881 Leonis

2418 4853 2483 4907 N.
2508 4852 2810 4906 Romanum
2832 4852 3047 4907 tertium
3062 4851 3262 4920 optime
3283 4850 3448 4905 dices.
3471 4866 3539 4904 ne
3558 4864 3677 4903 cum
3699 4848 3868 4920 a_ltero
3890 4848 3965 4903 Ro

2422 4924 3003 5001 manonconfundatur.
3036 4918 3261 5001 Romani
3378 4920 3682 5001 C_hri.stif_eri
3710 4918 3769 4971 F.
3794 4934 3989 5001 nomen

2425 4994 2547 5045 tiliae
2579 4993 2823 5058 Ilugonis
2843 4995 3071 5047 traditur
3090 4990 3287 5045 [Té'rtlia
3314 4991 3574 5043 Iindoxia.
3599 4990 3802 5043 Xrt..—
3819 4990 3987 5051 Quem

2424 5064 2783 5130 περίϐλεπτον
2817 5064 3060 5115 nominat
3114 5062 3505 5115 Constantinus
3548 5060 3613 5113 de
3657 5059 3813 5130 Adin.
3855 5060 3987 5126 Imp.

2423 5147 2471 5186 c.
2499 5129 2589 5195 ‘26,
2621 5143 2826 5199 patrem
2867 5132 3057 5186 habuit
3089 5131 3463 5193 Adelbertum,
3496 5141 3721 5183 matrem
3754 5129 3989 5199 Bcrtam.

2423 5217 2583 5255 avum
2621 5197 2939 5255 Lotliarium
2971 5202 3231 5255 Ludovici
3260 5199 3337 5252 Pii
3373 5200 3563 5253 tilium.
3594 5199 3795 5267 Magnae
3824 5197 3991 5250 Fran-

2423 5273 2518 5325 cize
2549 5289 2664 5333 rex,
2698 5282 2757 5326 ut
2785 5274 2963 5325 verbis
3000 5270 3345 5325 Constantini
3382 5280 3523 5329 utar,
3564 5284 3829 5335 nusquam
3868 5270 3987 5325 luit.

2422 5343 2515 5395 sed
2570 5357 2753 5395 comes
2798 5341 3096 5394 Provinciae
3150 5341 3263 5394 sive
3312 5339 3666 5392 Arelatensis.
3716 5339 3796 5391 Ab
3844 5340 3990 5389 Italis

2418 5421 2660 5469 vocatus,
2690 5412 2864 5478 ejecto
2900 5410 3209 5476 Rodulplio,
3241 5409 3407 5462 Italia:
3448 5424 3673 5476 regnum
3713 5408 3987 5478 obtinuit:

2418 5481 2559 5534 ""de
2584 5481 2683 5549 ρἧ
2704 5475 2983 5548 Φραγγίας
3004 5498 3031 5532 a
3052 5475 3254 5534 Graecis
3279 5475 3537 5549 appellari
3563 5478 3777 5549 m_eru_it.
3799 5475 3987 5549 Filiam

2417 5545 2727 5604 Bertain'ex
2751 5545 3069 5604 concubina
3098 5545 3361 5619 genitam,
3392 5546 3669 5619 Sigefgedo
3702 5545 3987 5619 Parmensi

2419 5620 2672 5687 episc0po
2722 5634 2931 5685 sponsae
2979 5615 3135 5681 duce,
3184 5615 3515 5687 jungendum
3550 5615 3795 5687 Romano
3831 5616 3989 5687 Con—

2418 5685 2581 5744 stanti
2610 5685 3089 5758 ‘Porphyrogcniti
3132 5685 3339 5756 cpoliin
3388 5686 3580 5758 misit,_
3608 5701 3670 5739 ac
3732 5685 3989 5738 Eudoxio:

2420 5762 2637 5813 nomine
2668 5756 3157 5828 deinceps—audivit
3188 5758 3518 5825 insignitum.
3549 5756 3713 5811 Goan.
