4410 6452
466 395 536 461 53
1518 397 2059 458 lllSTORlAliUM
2103 399 2635 460 COMI‘ENDIUM.
3660 403 3732 466 54

460 507 733 579 ἐπιζητῶν
788 508 1163 578 νυμφευοῆναι
1225 510 1302 579 τῷ
1363 509 1456 562 τοῦ
1516 512 2043 582 Πορφυρογεννήτου
2080 519 2114 569 Α
2152 528 2201 565 re

1989 529 2043 564 ου
2080 519 2114 569 Α
2152 514 2380 584 rogeuiti
2420 514 2532 568 ﬁlio
2564 513 2809 569 Romano
2872 517 3055 587 nepoti
3089 532 3207 572 suo.
3244 514 3373 583 Qua:
3402 527 3456 571 et
3502 518 3730 573 adducta

460 600 561 669 υἱῷ
620 600 883 670 Ῥωμανῷ
916 617 930 631 ο
985 601 1106 671 ἥτις
1157 601 1249 654 καὶ
1306 600 1538 671 ἀχθεῖσα
1607 604 1744 670 μετά
1811 602 2042 656 πλούτου

462 692 657 743 πολλοῦ
731 691 982 761 συνήφοη
1065 691 1358 762 Ῥωμανῷ.
1442 692 1744 746 Συνεὸίωσε
1803 694 1859 746 δὲ
1928 696 2045 763 μετ’

460 781 624 835 αὑτοῦ
662 782 756 852 ἔτη
784 781 823 835 ε’
857 784 951 835 καὶ
987 782 1248 837 ἀπέθανε.
1306 783 1558 851 Ἐγένετο
1607 785 1662 837 δὲ
1720 788 1814 839 καὶ
1869 786 2043 854 βίαιος

460 876 663 943 ἄνεμος
698 874 829 944 μηνὶ
872 874 1195 945 Δεκεμϐρίῳ
1238 890 1251 904 ·
1306 875 1396 928 καὶ
1444 878 1848 939 καταπεσόντες
1884 880 1929 928 οἱ
1961 878 2047 929 λε-

460 967 681 1035 γόμενοι
738 967 1048 1037 Δῆμοι(85)
1079 968 1407 1039 συνέτριψαν
1451 968 1517 1021 τὰ
1566 970 1809 1022 κάτωθεν
1868 971 2046 1023 αὐτῶν

464 1059 639 1129 βάΟρα
672 1061 762 1111 καὶ
789 1059 855 1111 τὰ
888 1059 1158 1128 λεγόμενα
1193 1058 1414 1127 στήθεα.

533 1152 642 1220 Τῆς
671 1152 880 1215 πόλεως
938 1151 994 1205 δὲ
1039 1150 1296 1221 Ἐδέσσης
1363 1151 1831 1221 πολιορκουμένης
1896 1154 2045 1222 πγρα

649 1243 975 1313 Ῥωμαϊκῶν
1052 1243 1360 1315 δυνάμεων,
1430 1242 1929 1313 στενοχωρηθέντες
2000 1245 2047 1297 οἱ

473 1336 783 1404 Ἐδεσσηνοὶ
830 1340 943 1399 τοῖς
976 1337 1039 1387 ἐκ
1087 1336 1188 1405 τῆς
1238 1334 1555 1404 πολιορκίας
1590 1335 1780 1397 δεινοῖς
1828 1334 2046 1405 διεπρε-

464 1429 765 1482 σϐεύσαντο
823 1430 958 1500 πρὸς
1010 1428 1255 1497 βασιλέα,
1320 1428 1631 1497 αἰτούμενοι
1668 1429 2048 1495 ἀπαναστῆναι

460 1523 561 1589 τῆς
593 1522 917 1591 προσεδρίας
947 1521 1038 1572 τὸν
1064 1520 1190 1573 λαόν
1228 1535 1241 1548 ⁸

461 1245 569 1297 τῶν

1311 1521 1404 1571 καὶ
1434 1519 1794 1588 ὑπισχνοῦντο
1828 1518 2047 1570 ἀντίλυ-

460 1632 591 1682 τρον
616 1614 797 1667 δοῦ-και
817 1617 873 1666 τὸ
896 1615 986 1666 τοῦ
1010 1612 1247 1684 Χριστοῦ
1271 1614 1423 1678 ἅγιον
1449 1617 1761 1682 ἐκμαγεῖον.
1784 1613 2051 1684 Λυοείσης

463 1702 556 1756 οὖν
588 1704 686 1771 τῆς
719 1704 1034 1773 πολιορκίας
1059 1703 1214 1773 ἐδόθη
1260 1702 1320 1755 τὸ
1350 1701 1490 1753 Οεῖον
1520 1701 1825 1769 ἐκτύπωμα
1852 1702 1944 1754 καὶ
1972 1704 2051 1761 εἰς

464 1799 562 1867 τὴν
591 1798 833 1866 βασιλίδα
853 1798 1018 1866 mon,
1052 1795 1455 1862 ὑποδεξαμένου
1480 1793 1639 1847 τοῦτο
1663 1793 1757 1846 τοῦ
1786 1794 2049 1862 βασιλέως

469 1892 606 1957 μετᾶ
640 1890 902 1959 λαμπρᾶς
950 1890 1045 1942 καὶ
1086 1885 1406 1957 πρεπούσης
1462 1886 1812 1956 δορυφορία·,
1870 1882 2049 1946 καθὼς
2085 1879 2123 1932 Β

465 1980 771 2050 ἔμπροσθεν
798 1981 1045 2049 εἴπομεν.

535 2073 691 2124 Κατὰ
724 2072 922 2133 ταύτας
948 2070 1048 2133 τὰς
1076 2068 1292 2140 ἡμέρας
1333 2068 1393 2133 ἐξ
1444 2068 1735 2137 ’Ᾱρμενίας
1792 2068 2046 2137 ἐφοίτησε

465 2164 628 2231 τέρας
680 2167 735 2214 ἐν
783 2166 847 2232 τῇ
886 2161 1267 2232 βασιλευούσῃ,
1300 2161 1488 2223 παῖδες
1521 2161 1747 2230 ἇρῥενεῖ
1780 2161 2048 2227 συμφυεῖς

462 2256 526 2306 ὲκ
561 2255 690 2321 μιᾶς
722 2233 1079 2322 προελδόντες
1121 2252 1381 2322 γαστρός.
1450 2250 1823 2319 Ἐξηλάοησαν
1857 2250 1912 2302 δὲ
1946 2250 2046 2319 τῆς

463 2346 671 2407 πόλεως
704 2346 778 2408 ὡς
806 2344 1041 2413 πονηρὸς
1074 2344 1282 2405 οἰωνός.
1355 2343 1479 2394 Ἐπὶ
1531 2341 1587 2394 δὲ
1634 2342 2046 2395 Κωνσταντίνου

463 2437 624 2489 πάλιν
656 2436 926 2503 εἰσῆλθον.
978 2436 1131 2488 Ἐπεὶ
1180 2435 1234 2487 δὲ
1279 2434 1475 2503 συνέϐη
1511 2434 1601 2486 τὸν
1643 2434 1740 2486 ἕνα
1796 2434 2049 2503 τελευτῆ-

463 2545 573 2589 σαι,
639 2527 724 2598 [Ρ.
762 2526 889 2593 652]
958 2526 1330 2597 ἐπειράθησαν
1382 2528 1428 2579 οἱ
1488 2527 1869 2596 ἐμπειράτεροι
1935 2527 2044 2579 τῶν

464 2620 665 2690 ἰατρῶν
696 2622 991 2689 ἀποτεμεῖν
1020 2620 1081 2672 τὸ
1131 2618 1406 2688 νεκρωῡὲν
1434 2619 1618 2687 μέρος·
1651 2612 1711 2669 οὗ
1746 2616 2044 2687 τμηθέντος

441 2710 519 2761 .τὸ
571 2710 679 2774 ζῶν
726 2711 1083 2771 ἐπιδεὸιωκὸς
1118 2710 1311 2780 μικρὸν
1342 2708 1713 2778 ἐτελεύτησεν.

547 2802 603 2853 't)
636 2802 690 2853 δὲ
726 2802 976 2870 βασιλεὺς
1022 2802 1300 2870 Ῥωμανὸς
1354 2802 1447 2853 καὶ
1508 2800 1719 2862 πάντας
1754 2800 1853 2869 μὲν
1884 2800 2045 2869 ἐτίμα

458 2896 583 2956 τοὺς
614 2896 900 2964 μοναχοὺς,
940 2894 1305 2964 διαφερόντως
1340 2893 1395 2945 δὲ
1426 2894 1517 2945 τὸν
1553 2893 1789 2963 μοναχὸν
1818 2893 2043 2962 Σέργιον

458 2984 548 3038 τὸν
580 2986 797 3054 ἀνεψιὺν
837 2987 1042 3037 Φωτίου
1081 2984 1177 3038 τοῦ
1230 2983 1592 3054 πατριάρχου,
1642 2987 1860 3053 ἀρεταῖς
1916 2984 2042 3037 ὄντα

462 3076 811 3145 κατάκοσμον
864 3078 956 3129 καὶ
986 3078 1122 3129 πᾶσι
1158 3076 1535 3145 κοσμούμενον
1582 3076 1693 3137 τοῖς
1737 3075 1941 3139 καλοῖς,
1984 3076 2041 3138 ὃς

458 3167 546 3220 διὰ
578 3168 775 3230 παντὸς
830 3168 1064 3237 παρῄνει
1099 3168 1175 3237 τῷ
1206 3168 1411 3236 βασιλεί
1459 3166 1567 3218 τῶν
1615 3167 1817 3219 παίδων
1850 3169 2042 3234 ἐπιμε-

2148 614 2233 658 est
2268 606 2479 675 magnis
2534 622 2657 661 cum
2719 608 2939 676 opibus,
2963 618 3018 664 et
3056 626 3176 665 cum
3216 608 3466 663 Romano
3528 612 3734 665 exactis

2150 697 2202 748 in
2263 698 2515 768 coniugio
2555 699 2714 753 annis
2777 701 3020 769 quinque
3051 717 3081 755 e
3111 702 3219 756 vita
3248 702 3733 773 migravit.Mense

2150 787 2431 841 Decembri
2492 790 2767 848 violentus
2799 804 2995 847 ventus
3026 795 3272 852 exstitit:
3301 803 3355 849 et
3414 801 3735 849 corruentes

2147 883 2238 950 qui
2286 892 2551 937 \ocantur
2610 884 2757 939 Dcmi
2821 886 3207 941 contriverunt
3243 902 3432 943 eorum
3467 887 3558 958 qui
3591 886 3730 941 infra

2150 982 2305 1028 erant
2341 986 2555 1043 pectora
2591 987 2751 1045 atque
2781 978 2969 1049 pedes.

2221 1155 2357 1211 Cum
2381 1172 2446 1211 eo
2473 1166 2716 1227 tempore
2744 1157 2948 1213 Edessa
2970 1176 2998 1214 a
3027 1160 3286 1217 Romanis
3302 1173 3728 1234 oppugnaretur,

2153 1248 2409 1318 oppidani
2446 1251 3067 1322 pressiolipugnationis
3098 1254 3502 1311 calamitatibus
3524 1257 3733 1326 legatos

2152 1340 2217 1393 ad
2270 1341 2652 1411 imperatorem
2698 1345 2943 1410 mittunt,
2988 1356 3212 1401 orantes
3261 1347 3339 1401 uti
3386 1349 3727 1403 obsidionem

2152 1435 2345 1493 solvat.
2379 1450 2441 1489 ac
2482 1436 2701 1504 polliciti
2732 1453 2831 1506 pro
2854 1437 2977 1507 ejus
3018 1438 3097 1492 rei
3156 1438 3381 1508 praemio
3413 1440 3616 1495 Christi
3647 1455 3729 1494 sa-

2153 1544 2299 1583 cram
2334 1529 2386 1582 in
2411 1528 2578 1582 linteo
2635 1544 2949 1597 expressam
2998 1530 3251 1602 eﬂigiem.
3279 1532 3521 1602 Eamque
3556 1533 3731 1603 impe-

2158 1629 2297 1674 trato
2330 1620 2472 1689 quod
2516 1620 2768 1674 volebant
2795 1622 3091 1680 dederunt:
3129 1633 3184 1677 et
3209 1632 3291 1678 est
3329 1625 3384 1677 in
3418 1624 3606 1678 urbem
3655 1624 3735 1677 al-

2158 1713 2283 1774 lata,
2329 1712 2633 1781 excipiente
2689 1729 2807 1767 eam
2882 1713 3211 1783 imperatore
3266 1730 3390 1769 cum
3448 1716 3733 1786 splendida

2158 1820 2377 1874 pompa,
2415 1808 2555 1879 sicut
2594 1815 2718 1858 ante
2753 1806 3056 1859 retulimus.
3519 1796 3525 1803 ’

2226 2073 2390 2144 320
2416 2074 2506 2127 llis
2544 2074 2674 2143 ipsis
2728 2074 2921 2129 diebus
2974 2089 3037 2128 ex
3070 2075 3324 2131 Armenia
3374 2077 3617 2153 allatum
3651 2089 3734 2135 est

2158 2176 2461 2220 monstrum
2492 2166 2704 2235 Cpoliu,
2738 2166 2891 2236 pueri
2935 2168 3158 2223 masculi
3181 2171 3442 2234 concreti,
3480 2172 3679 2225 uteriui
3708 2189 3723 2238 ;

2159 2258 2326 2327 iique,
2362 2268 2419 2311 ut
2449 2257 2635 2311 infelix
2664 2273 2848 2323 omen,
2891 2259 3025 2314 urbe
3054 2269 3183 2314 sunt
3222 2260 3401 2329 ejecti.
3433 2260 3732 2318 Redierunt

2158 2350 2259 2404 sub
2292 2349 2652 2404 Constantino
2672 2389 2685 2412 ,
2717 2358 2772 2404 et
2801 2365 2924 2405 cum
2953 2350 3091 2405 alter
3117 2360 3366 2407 mortuus
3390 2362 3555 2418 esset,
3588 2354 3730 2424 peri-

2159 2443 2325 2497 tiores
2358 2442 2551 2497 medici
2589 2442 2817 2497 cadaver
2856 2458 2885 2495 a
2939 2443 3064 2498 vivo
3097 2454 3496 2503 resecuerunt:
3532 2460 3720 2516 parum

2159 2546 2337 2589 tamen
2369 2534 2459 2589 diu
2490 2534 2625 2588 alter
2647 2534 2972 2604 supervixit.

2226 2800 2506 2856 Romanus
2546 2801 2840 2870 imperator
2879 2815 3001 2855 cum
3036 2801 3170 2857 alios
3200 2800 3499 2857 monachos
3532 2802 3589 2857 in
3622 2800 3725 2858 ho-

2153 2909 2289 2949 nore
2325 2892 2534 2958 habuit,
2572 2902 2686 2947 tum
2734 2892 2984 2963 Sergium
3046 2895 3323 2964 praecipue
3372 2894 3721 2961 monachum,

2152 2985 2539 3043 consobrinum
2569 2984 2749 3038 Photii
2764 2984 3108 3053 patriarchae,
3128 2983 3412 3039 ﬂorenlem
3431 2984 3724 3040 virtutibus

2151 3090 2205 3135 et
2240 3078 2492 3135 omnibus
2523 3089 2779 3131 ornatqu
2809 3075 2967 3131 bonis
2996 3076 3178 3131 rebus.
3211 3075 3260 3130 Is
3282 3076 3501 3147 Sergius
3526 3077 3723 3131 identi-

2150 3172 2272 3226 dem
2310 3171 2627 3225 hortabatur
2656 3169 3036 3237 imperatorem
3071 3176 3129 3223 ut
3150 3168 3289 3223 lilios
3317 3168 3418 3224 sub
3434 3168 3720 3237 disciplina

459 3261 668 3312 λεῖσ¹αι
732 3262 825 3313 καὶ
885 3262 958 3329 μὴ
999 3260 1354 3321 ἀπαιδεύτους
1405 3260 1624 3321 τούτους
1656 3260 1778 3328 ἐᾷ’),
1817 3260 1889 3327 μή
1933 3276 2045 3321 πως
2074 3235 2117 3295 C
2150 3280 2200 3318 ο(

1977 3276 2045 3321 ως
2074 3235 2117 3295 c
2150 3264 2476 3326 cont?neret,
2510 3277 2581 3315 ne
2610 3235 2752 3315 idem
2784 3256 2887 3329 ipsi
2919 3258 3067 3329 quod
3108 3257 3193 3313 Eli
3222 3259 3488 3315 eveniret.
3515 3235 3718 3314 Eadem

459 3352 553 3403 καὶ
580 3350 735 3412 αὶτδς
766 3349 914 3420 πάοῃ
949 3350 1009 3401 τὸ
1051 3350 1144 3402 τοῦ
1184 3351 1329 3403 Ἡλεί
1368 3350 1499 3418 (85).
1561 3351 1638 3419 Τῇ
1675 3350 1730 3400 δὲ
1766 3350 1904 3419 αὐτῇ
1972 3352 2046 3402 ἰν-

460 3442 701 3495 ὀικτιῶνι
738 3445 1049 3510 κατήγαγον
1084 3443 1174 3494 τὸν
1202 3442 1428 3510 βασιλέα
1476 3443 1759 3513 Ῥωμανῖν
1794 3442 1887 3494 τοῦ
1936 3458 2040 3495 πα-

461 3534 647 3587 λατίου
681 3536 776 3586 καὶ
830 3536 910 3595 εἰς
958 3534 1055 3599 τὴν
1110 3532 1477 3603 Πρώτηνιὸδ)
1527 3533 1830 3600 ἀγαγόντες
1884 3532 2045 3601 νῆσον

460 3628 769 3693 ἀπέκειραν
812 3627 1066 3695 μοναχόν.
1122 3627 1278 3688 Τίνες
1306 3626 1361 3677 δὲ
1400 3628 1447 3677 οἱ
1508 3625 1695 3677 τοῦτον
1761 3625 2043 3677 κατασπάο

464 3735 651 3780 σαντες
684 3718 783 3786 τῆς
834 3717 1033 3786 ἀρχῆς,
1070 3717 1166 3769 καὶ
1195 3717 1317 3769 τίνα
1347 3717 1568 3787 τρόπον,
1601 3718 1656 3769 ἐν
1682 3718 1792 3777 τοῖς
1845 3718 2044 3782 ἐπαγο-

464 3809 644 3876 μένοις
670 3808 964 3872 λελέξεται.

534 3902 942 3955 Κωνσταντίνου
974 3901 1067 3955 τοῦ
1101 3902 1365 3972 βασιλέως
1404 3914 1461 3953 εν
1483 3903 1679 3973 κομιδῇ
1700 3904 1795 3974 νέᾳ
1831 3908 1895 3975 τῇ
1925 3906 2043 3975 ήλι-

461 3994 1094 4064 κίαάπορφανισοέντος,
1156 3997 1251 4048 κα)⁸
1312 3994 1420 4047 τῶν
1459 3996 1800 4064 πραγμάτων
1850 3998 1955 4051 ὓπὸ
1986 4014 2043 4050 τε

461 4089 557 4155 τῆς
593 4088 800 4157 μητρὸς
831 4088 995 4140 αὐτοῦ
1036 4086 1193 4157 Ζωῆς
1226 4088 1320 4139 καὶ
1348 4086 1456 4139 τῶν
1482 4090 1798 4158 ἐπιτρόπων
1827 4089 1918 4152 οὓς
1947 4090 2045 4159 ἒμ-

462 4183 694 4251 προσίιεν
752 4180 1185 4251 ἡριῢμησάμεοα
1236 4182 1645 4250 διοικουμένων,
1704 4185 1731 4235 ὁ
1784 4200 2047 4254 παρακοι-

463 4270 712 4339 psam;
740 4273 1149 4336 Κωνσταντίνος
1206 4272 1417 4342 μεγάλα
1488 4273 1639 4343 παρὰ
1707 4277 1771 4343 τῇ
1812 4273 2045 4343 βασιλίδι

459 4366 774 4436 δυνάμενος,
814 4366 901 4419 ἐπ’
942 4367 1142 4437 ἀδελφῇ
1186 4383 1245 4420 τε
1311 4366 1559 4437 γαμϐρὸν
1601 4366 1739 4436 ἔχων
1800 4368 1891 4419 τὸν
1942 4368 2045 4437 μά-

461 4476 682 4529 γιστρον
746 4462 955 4514 Λέοντα
1009 4460 1098 4513 τὸν
1139 4461 1335 4513 Φωκᾶν
1390 4459 1710 4531 δομέστικον
1767 4460 1895 4513 ὄντα
1934 4460 2045 4513 τῶν

2146 3354 2448 3411 indictione
2482 3353 2761 3408 Romanus
2790 3353 3087 3421 imperator
3114 3351 3320 3422 palatio
3351 3351 3583 3407 eductus
3614 3361 3716 3413 est,

2147 3458 2202 3504 et
2268 3447 2321 3501 in
2370 3446 2593 3501 Protam
2666 3446 2897 3501 insulam
2943 3446 3183 3517 relegalo
3226 3446 3457 3516 capillus
3520 3462 3675 3501 rasus
3706 3487 3720 3511 ,

2148 3540 2512 3610 monachique
2568 3540 2824 3609 imposita
2882 3538 3148 3594 conditio.
3186 3538 3227 3592 A
3279 3539 3479 3608 quibus
3507 3549 3562 3592 et
3615 3554 3725 3608 quo

2149 3632 2309 3686 modo
2354 3632 2675 3685 deturbatus
2721 3630 2952 3699 imperio
3003 3630 3189 3693 fuerit,
3219 3631 3331 3699 jam
3376 3646 3523 3684 nunc
3552 3645 3724 3700 expc--

2149 3741 2361 3780 "CUIUS.

2219 3902 2609 3958 Constantinus
2639 3904 2933 3973 imperator
2979 3904 3180 3959 Leonis
3238 3903 3381 3959 (ilius
3434 3905 3726 3961 admodum

2150 4012 2287 4065 puer
2308 3997 2567 4051 amiserat
2588 4004 2797 4065 patrem
2823 4005 2908 4051 :et
2927 4008 3103 4051 mater
3125 3996 3232 4050 Zoe
3257 4013 3320 4051 ac
3345 4006 3570 4061 tutores,
3591 4014 3728 4068 quos

2149 4088 2400 4158 superius
2429 4087 2999 4151 commemoravimus,
3026 4088 3271 4143 omnium
3318 4104 3499 4143 rerum
3554 4090 3730 4144 admi-

2149 4179 2459 4234 nistrationi
2485 4177 2836 4247 praefuerant.
2863 4179 2944 4233 Eo
2959 4194 3140 4232 rerum
3167 4188 3310 4233 statu
3334 4179 3729 4234 Constantinus

2149 4270 2516 4326 cubicularius
2566 4286 2775 4338 magna:
2826 4269 2968 4339 apud
3030 4269 3195 4323 Zoam
3247 4270 3524 4338 potentiaa,
3566 4270 3723 4337 cuius

2149 4379 2392 4418 sororem
2429 4363 2480 4416 in
2515 4362 2865 4418 matrimonio
2895 4363 3150 4418 habebat.
3180 4361 3290 4417 Leo
3314 4361 3522 4417 Phocas
3552 4362 3726 4439 magi-

2151 4466 2263 4511 ster
2290 4462 2343 4511 ct
2385 4455 2695 4510 scholarum
2729 4456 3065 4511 domesticus
3111 4454 3483 4515 orientalium,
3514 4455 3727 4523 imperii

463 4552 665 4622 σχολῶν
720 4553 818 4621 τῆς
870 4553 1188 4623 Ἀνατολῆς,
1222 4554 1314 4605 καὶ
1345 4554 1495 4621 παρά
1526 4553 1682 4604 τοῦτο
1747 4553 1841 4615 τὰς
1893 4553 2043 4621 ἡνίας
2078 4586 2122 4642 D
2152 4548 2204 4602 lt:

1987 4570 2043 4615 ας
2078 4586 2122 4642 D
2152 4548 2392 4602 habenas
2425 4562 2524 4602 suo
2547 4547 2810 4601 arbitratu
2837 4553 3116 4616 torquens.
3146 4545 3264 4601 dies
3309 4555 3607 4614 noctesque
3642 4559 3728 4600 co-

463 4646 678 4708 ἀπάσας
706 4646 803 4713 τῆς
831 4644 1106 4714 βασιλείας
1141 4646 1249 4713 ὅπη
1282 4644 1374 4696 καὶ
1428 4643 1671 4712 βούλοιτο
1704 4644 2038 4713 περιφέρων,

2151 4638 2355 4709 gitahat
2387 4652 2494 4706 quo
2529 4636 2762 4691 modoin
2787 4635 3022 4693 Phocam
3065 4636 3268 4691 sororis
3307 4636 3558 4690 maritum
3584 4640 3728 4689 (Zon-

1582 4774 1935 4829 XYLANDRI
1980 4777 2065 4831 ET
2105 4773 2316 4832 GOARI
2370 4773 2602 4830 NOTAE.

536 4873 645 4943 (8'5)
676 4870 732 4927 ld
758 4881 842 4927 est
871 4872 987 4943 pagi
1014 4891 1025 4925 :
1054 4871 1133 4924 sic
1154 4871 1299 4943 enim
1327 4870 1519 4943 Cicero
1546 4872 1815 4926 convertit
1834 4872 2041 4928 Atticos

464 4941 685 5024 δήμρυς.
720 4941 991 4997 Caeterum
1021 4949 1135 5024 “aut
1169 4941 1344 5010 βάθρα
1377 4942 1545 5009 pedes
1588 4943 1913 5024 signiﬁcant,
1948 4954 2042 4996 aut

464 5011 663 5084 στήθεα
705 5027 937 5084 quoque
986 5011 1132 5065 aliud
1172 5027 1333 5080 quam
1384 5011 1769 5084 communiter.
1803 5012 1938 5065 Χη.
1995 5043 2038 5053 -

463 5083 665 5152 Arium.
702 5083 1085 5137 Prominentes
1129 5092 1397 5136 tectorum
1448 5083 1817 5135 tabulatorum
1854 5093 2038 5151 petra-

466 5151 691 5224 rumque
732 5168 795 5207 ex
841 5152 1087 5224 aediliciis
1128 5151 1669 5224 lacies._suggrund:e
1721 5162 1775 5207 et
1820 5167 2036 5224 coronae

464 5222 703 5294 parietis,
744 5232 873 5276 sunt
924 5222 1105 5291 δῆμοι,
1141 5232 1200 5275 ιιι
1242 5222 1332 5290 qui
1373 5222 1631 5291 populum
1678 5223 2032 5294 prospicient.

462 5292 642 5359 liaOpa
677 5294 914 5347 diximus
955 5307 1119 5361 supra
1152 5308 1273 5346 esse
1310 5301 1561 5361 suggesta
1600 5293 1868 5361 sedesque
1902 5292 2029 5361 lapi-

468 5368 592 5419 deas
621 5364 867 5435 partibus
893 5363 1269 5435 imperatorem
1288 5363 1645 5435 excepturis,
1658 5363 1904 5435 ipsisque
1935 5379 2030 5435 ex-

464 5432 747 5503 cipiendis,
778 5434 928 5500 juxta
960 5432 1214 5503 palatium
1238 5433 1580 5503 dispositas.
1629 5432 1837 5500 Στὴθεα
1880 5434 2032 5503 colu-5

466 5502 635 5559 mellae
666 5513 795 5557 sunt
824 5502 1016 5556 ordine
1046 5502 1322 5571 disposita:
1352 5518 1413 5556 ac
1436 5502 1779 5571 superposito
1804 5502 2029 5567 longiori

465 5575 710 5643 cpiStylio
762 5577 985 5641 junctm,
1026 5572 1387 5643 Acircumjecti
1424 5573 1613 5643 clathri
1643 5612 1657 5636 ,
1697 5573 2030 5643 circumdata

464 5641 616 5712 septa
630 5654 682 5697 et
701 5644 975 5710 repagula,
994 5641 1107 5695 sive
1124 5642 1353 5696 cancelli
1378 5641 1719 5706 humiliores,
1738 5642 1914 5710 spatio
1933 5658 2031 5694 suo

466 5711 718 5767 interiore
745 5721 991 5780 receptus
1018 5729 1045 5763 a
1073 5714 1458 5765 circumstante
1488 5711 1569 5763 vel
1598 5713 1841 5765 irruente
1876 5714 2027 5765 turba

467 5791 883 5852 propugnantes.
917 5781 1222 5835 Germanus
1252 5782 1303 5833 in
1347 5782 1664 5852 Mystagogia
1720 5799 1825 5833 non
1875 5782 2029 5852 longe

466 5853 533 5908 ab
565 5851 785 5909 exerdio
817 5868 828 5903 :
866 5852 943 5903 'l'it
976 5854 1146 5905 κιονια
1174 5855 1289 5921 ἢτοι
1315 5853 1379 5908 τὰ
1406 5851 1606 5920 στήθεα
1639 5851 2028 5921 διαχωρίζοντα

2145 4872 2206 4925 τὸ
2256 4872 2407 4942 βῆμα
2444 4872 2552 4925 ἀπὸ
2596 4871 2689 4924 τοῦ
2722 4870 2910 4924 λοιποῦ
2940 4870 3092 4933 ναοῦ,
3146 4871 3235 4924 καὶ
3283 4871 3578 4938 κάγκελλα.
3626 4872 3723 4929 llis

2146 4942 2318 4997 tribus
2354 4943 2532 4996 verbis
2561 4942 2843 5009 expositis,
2885 4942 3037 5008 plana
3069 4950 3154 4995 est
3196 4956 3352 4995 mens
3395 4942 3557 5010 hujus
3584 4958 3709 4997 sen-

2146 5014 2327 5067 tentia).
2352 5029 2365 5064 :
2406 5012 2621 5065 Violenti
2649 5022 2919 5065 uentorum
2949 5011 3111 5077 ﬂatus
3138 5012 3305 5065 exorti
3326 5020 3469 5071 sunt,
3498 5028 3724 5077 quorum

2142 5084 2339 5150 impetu
2378 5082 2693 5152 suggrunda!
2737 5082 2857 5134 tecti
2912 5091 2959 5134 et
3000 5083 3267 5152 parietum
3322 5080 3616 5135 decidentes
3675 5094 3724 5137 et

2143 5152 2302 5217 lapsa:
2342 5150 2583 5223 suggesta
2627 5151 2874 5223 sedesque
2907 5152 3005 5205 sibi
3050 5150 3333 5223 subjectas,
3371 5166 3482 5223 net_:_
3518 5169 3623 5206 non
3671 5164 3719 5206 et

2142 5218 2869 5293 repagula'eomminuerunt
2923 5232 2971 5274 et
3024 5218 3398 5293 contijiverunt.
3443 5218 3718 5292 Xylandcr

2142 5290 2298 5361 quasi
2318 5309 2347 5347 e
2369 5308 2533 5345 scena
2560 5293 2729 5345 risum
2750 5292 2990 5345 facturus
3019 5308 3033 5343 :
3057 5290 3321 5345 Violentus
3350 5290 3528 5346 ventus
3552 5295 3715 5347 exsti-

2143 5366 2225 5425 tit,
2249 5364 2455 5431 inquit;
2480 5372 2527 5415 et
2554 5372 2851 5415 carmentes
2880 5364 2967 5430 qui
2990 5372 3245 5414 vocantur
3270 5362 3428 5425 demi,
3457 5366 3709 5417 contrive-

2142 5443 2267 5485 ruut
2292 5449 2469 5486 eorum
2493 5434 2581 5501 qui
2604 5433 2745 5501 infra
2765 5443 2911 5485 erant
2940 5440 3150 5499 pectora
3173 5442 3332 5501 atque
3349 5434 3521 5498 pedes.
3540 5433 3709 5487 Gesn.

2212 5505 2320 5572 (84)
2351 5504 2460 5556 Elis
2491 5504 2717 5556 historia
2750 5518 2813 5555 ex
2848 5502 3113 5569 principio
3144 5502 3404 5572 librorum
3432 5518 3709 5557 sacrorum

2144 5570 2379 5628 Santueli
2404 5582 2488 5625 est
2511 5574 2813 5627 notissima.
2839 5575 2900 5624 lat
2919 5572 3160 5623 narratio
3180 5572 3244 5623 de
3272 5570 3547 5625 Edessena
3577 5573 3710 5626 ima-

2141 5646 2265 5713 gine
2296 5654 2396 5708 est,
2430 5657 2739 5713 quanquam
2786 5644 2965 5695 secius
2997 5650 3159 5709 atque
3193 5640 3300 5703 hic,
3343 5657 3504 5711 supra
3536 5657 3705 5710 expo-

2140 5715 2263 5768 sila.
2297 5713 2424 5765 XYL.

2211 5783 2321 5853 (85)
2356 5782 2687 5853 Hellesponti
2718 5782 2783 5837 ad
2814 5779 2919 5837 ΟΡ.
2976 5780 3229 5837 insulam.
3265 5779 3435 5836 Gesn.
