4410 6452
731 399 799 462 55
1991 400 2315 462 GEORGII
2357 400 2690 463 CEDRENI
3909 408 3978 473 56

728 513 970 566 stantino
994 511 1209 568 sublato
1240 512 1527 581 imperium
1554 513 1890 568 transferret.
1919 512 2075 583 321
2104 514 2300 568 [deum
2332 521 2374 576 Α
2405 515 2465 568 νύ

2235 529 2300 567 Im
2332 521 2374 576 Α
2405 515 2621 585 νύκτωρ
2671 517 2763 570 καὶ
2801 515 2918 586 μεθ’
2951 515 3167 588 ἡμέραν
3222 517 3453 589 ἐμελέτα
3493 519 3575 582 είς
3624 519 3715 573 τὸν
3780 522 3976 575 ἑαυτοῦ

727 604 957 659 sentiret
999 604 1342 658 Constantini
1386 605 1710 674 paedagogus
1765 604 2105 667 Theodorus,
2153 606 2300 673 quod

729 705 780 747 et
811 711 971 763 supra
1023 697 1389 759 narravimus,
1417 712 1639 767 operam
1688 698 1913 750 dederat
1942 706 1998 750 ut
2028 697 2299 751 seniorem

732 781 1099 847 Lacapennm,
1131 784 1207 838 rei
1234 793 1347 838 tum
1376 786 1589 839 navalis
1628 785 2008 855 drungarium,
2037 787 2089 839 in
2121 787 2298 839 aulam

733 872 1126 940 introduceret,
1158 892 1394 947 eumque
1444 878 1760 947 imperatori
1799 892 2085 948 patronum
2110 879 2300 933 defen—

731 981 1021 1035 soremquc
1056 969 1392 1023 conciliaret.
1422 971 1491 1024 At
1538 984 1667 1024 vero
1715 971 1765 1024 in
1824 972 1998 1024 aulam
2052 980 2302 1039 receptus

732 1058 1032 1126 Romanus,
1061 1071 1115 1115 et
1149 1063 1407 1131 paulatim
1463 1080 1529 1119 eo
1583 1080 1902 1136 progressus
1934 1073 1992 1117 ut
2036 1079 2303 1117 summam

730 1163 913 1202 rerum
942 1151 993 1204 in
1026 1166 1124 1205 sua
1152 1153 1374 1208 haberet
1408 1162 1700 1224 potestate,
1732 1171 1837 1208 non
1862 1162 2153 1209 contentus
2178 1170 2305 1225 per-

730 1237 934 1301 missis,
975 1241 1174 1297 violato
1220 1244 1385 1297 etiam
1438 1245 1795 1314 jurejurando
1837 1247 1984 1311 (nam
2018 1262 2076 1299 se
2125 1245 2302 1315 ipsum

731 1333 864 1387 diris
894 1334 1207 1399 devoverat,
1246 1338 1291 1391 si
1320 1354 1556 1407 unquam
1585 1338 1874 1407 imperium
1910 1348 2055 1392 esset
2084 1337 2305 1391 affecta-

733 1424 909 1494 turus)
954 1440 1012 1480 se
1045 1428 1223 1496 ipsum
1283 1428 1664 1496 imperatorem
1698 1436 1999 1489 creaverat,
2042 1427 2307 1480 Constan-

732 1517 850 1571 tino
887 1518 1031 1573 ultro
1056 1520 1273 1590 quidem
1299 1520 1393 1574 sed
1429 1521 1614 1573 animo
1656 1520 1845 1583 invito,
1880 1520 2022 1588 quod
2055 1528 2137 1572 est.
2164 1518 2307 1588 apud

735 1608 1054 1671 Homerum.
1086 1612 1134 1664 ei
1165 1611 1411 1665 diadema
1434 1612 1767 1679 imponente.
1794 1609 1974 1679 Neque
1994 1610 2098 1663 hoc
2122 1610 2305 1673 modo,

734 1701 829 1756 sed
862 1710 916 1755 et
944 1702 1106 1768 paulo
1141 1712 1265 1771 post
1286 1703 1453 1756 filium
1484 1718 1642 1755 suum
1667 1701 2048 1755 (Ihristiferum
2070 1712 2123 1753 et
2147 1700 2308 1768 paulo

735 1801 860 1852 post
888 1794 1222 1862 Stephanum
1265 1810 1326 1847 ac
1359 1793 1771 1847 Constantinum
1794 1792 1929 1845 filios
1963 1792 2026 1844 ad
2060 1791 2305 1845 eamdem

735 1894 988 1945 evexerat
1026 1885 1475 1955 designationem.
1512 1884 1628 1953 Ipse
1663 1885 1962 1952 imperator
1981 1882 2304 1945 declaratus,

737 1992 1076 2045 nequaquam
1144 1986 1435 2031 contentus
1485 1976 1722 2030 secundo
1757 1976 1897 2035 loco,
1958 1975 2306 2043 paedagogum

734 2078 787 2118 rt
824 2069 959 2121 alios
996 2084 1132 2136 quos
1166 2069 1266 2122 sibi
1313 2069 1426 2121 fore
1477 2068 1698 2136 putabat
1750 2068 2138 2136 impedimento
2181 2067 2309 2119 sub-

733 2169 1019 2213 moverat:
1055 2160 1231 2228 primo
1262 2162 1379 2214 loco
1410 2175 1469 2215 se
1503 2158 1723 2213 salutari
1751 2159 2130 2228 imperatorem
2166 2156 2310 2212 fece-

735 2260 839 2310 rat,
873 2259 928 2304 et
949 2252 1014 2305 ad
1033 2266 1091 2305 se
1118 2253 1361 2306 omnium
1384 2268 1563 2307 rerum
1590 2250 2118 2305 administrationem
2139 2260 2309 2304 trans-

738 2344 957 2397 tulerat.
986 2343 1226 2397 Proximi
1260 2345 1327 2398 ab
1354 2345 1473 2413 ipso
1502 2345 1616 2406 filii,
1655 2346 1846 2401 ultimo
1895 2348 2013 2401 loco
2043 2348 2309 2403 Constan-

736 2434 884 2487 tinus
935 2434 1133 2489 Leonis
1193 2436 1333 2490 filius
1386 2438 1681 2506 imperator
1726 2440 2167 2509 nuncupabatur,
2220 2442 2306 2495 cui

735 2527 872 2581 nihil
912 2538 1111 2596 prmter
1139 2530 1383 2583 habitum
1409 2540 1462 2583 et
1484 2546 1683 2583 nomen
1704 2531 2047 2599 imperatoris
2076 2543 2193 2587 erat
2221 2550 2310 2587 re-

735 2616 943 2680 lictum,
997 2634 1189 2673 omnes
1248 2622 1456 2674 fructus
1494 2622 1567 2674 rei
1632 2621 1890 2691 adempti.
1933 2623 2116 2691 Itaque
2165 2624 2309 2678 Con-

738 2708 1012 2762 stantinus
1044 2726 1318 2779 nunquam
1343 2726 1450 2765 non
1477 2712 1686 2781 paterni
1720 2712 1931 2781 imperii
1955 2715 2309 2784 recuperandi

734 2802 927 2855 avidus
973 2809 1028 2853 et
1058 2802 1403 2871 surreptitios
1444 2803 1647 2857 elidere
1691 2806 1940 2873 cupiens,
2003 2807 2218 2859 tandem
2258 2806 2309 2860 id

736 2910 794 2946 se
826 2895 982 2948 aliter
1014 2894 1283 2949 conficere
1314 2910 1422 2949 non
1452 2911 1611 2965 posse
1637 2896 2020 2955 animadvertit
2059 2914 2220 2967 quam
2266 2899 2308 2953 si

735 2987 876 3041 filios
932 2996 1119 3041 contra
1176 2997 1385 3055 patrem
1431 2990 1714 3043 excitaret.
1748 2990 1909 3060 322
1940 2990 2059 3044 Jam
2112 2992 2165 3044 in
2199 2990 2308 3045 fata

734 3088 1085 3133 Concesserat
1139 3079 1452 3145 Cbristifer,
1514 3090 1569 3135 et
1622 3092 1946 3151 supererant
2002 3082 2312 3153 Stephanus

735 3182 899 3241 atque
924 3172 1339 3227 Constantinus.
1377 3173 1617 3238 Quorum
1645 3174 1789 3227 hunc
1819 3184 1878 3228 ut
1905 3175 2071 3228 animi
2101 3177 2309 3232 firmio-
2334 3199 2380 3262 α

736 3281 849 3318 rem
882 3264 1173 3319 sollicitare
1208 3280 1314 3318 non
1343 3279 1531 3329 ausus,
1568 3265 1952 3319 utinstitutnm
1990 3268 2301 3334 conﬁceret,

735 3357 917 3411 omnia
954 3372 1047 3411 sua
1067 3356 1292 3411 consilia
1325 3372 1387 3410 ac
1411 3355 1585 3410 studia
1607 3357 1671 3409 ad
1700 3354 2036 3425 Stephanum
2057 3374 2305 3412 corrum-

736 3452 974 3518 pendum
1002 3451 1233 3512 confert,
1268 3450 1546 3503 vaniorem
1590 3449 1800 3503 scilicet
1834 3459 1888 3503 et
1921 3450 1971 3502 in
2023 3466 2156 3520 quas
2186 3452 2308 3521 quis

737 3544 899 3598 vellet
960 3555 1140 3613 partes
1199 3544 1620 3598 mutabiliorcm.
1656 3545 1787 3598 Eam
1834 3545 1900 3599 ad
1953 3561 2065 3599 rem
2099 3547 2305 3601 socium

738 3634 878 3701 «ιιψίι
914 3643 1076 3702 atque
1108 3633 1490 3686 administrum
1523 3632 1782 3689 Basilium
1814 3647 2179 3705 cognomento
2200 3637 2309 3691 Vo-

741 3726 969 3788 lucrem,
1001 3725 1277 3780 hominem
1302 3726 1537 3796 prompti
1578 3727 1783 3798 ingenii
1821 3739 1875 3782 et
1920 3728 2311 3785 machinanda-

739 3835 859 3871 rum
889 3818 1220 3873 fallaciarum
1244 3820 1490 3889 apprime
1520 3821 1795 3883 callidum,
1828 3832 1957 3877 tunc
2004 3824 2059 3876 in
2096 3825 2306 3879 cohor-

741 3925 851 3968 tem
887 3913 1186 3967 sodalitatis
1205 3914 1478 3980 allectum,
1506 3925 1561 3969 et
1596 3916 1731 3984 quia
1762 3930 1934 3985 puero
1952 3916 2311 3973 Constantino

743 4009 919 4060 fuerat
945 4017 1107 4061 notus
1128 4018 1292 4077 atque
1323 4006 1628 4062 familiaris.
1655 4008 1756 4062 Per
1780 4010 1925 4065 hunc
1948 4010 2050 4064 sibi
2084 4010 2313 4079 Stepha-

742 4113 1055 4165 numquam
1098 4098 1331 4166 primum
1372 4098 1603 4152 amicum
1656 4098 1834 4153 facere
1867 4101 2068 4163 studet,
2103 4102 2315 4157 blandis

744 4193 1031 4258 deceptum
1066 4189 1409 4243 sermonibus
1435 4199 1488 4243 et
1520 4190 1803 4245 fraudibus
1848 4206 1874 4245 a
1912 4202 2061 4247 recta
2103 4195 2310 4249 abduc-

745 4289 861 4335 tum
888 4282 1116 4335 ratione.
1152 4280 1388 4335 Proinde
1428 4282 1679 4343 Basilius,
1710 4299 1834 4337 cum
1889 4285 2037 4337 omni
2066 4285 2166 4339 hoc
2192 4301 2315 4341 con-

744 4376 967 4431 iecisset
1006 4385 1198 4431 conatu
1234 4385 1293 4431 ut
1335 4377 1477 4433 inter
1528 4378 1825 4434 familiares
1865 4380 2159 4435 haberetur
2192 4382 2317 4436 Ste-

747 4470 939 4536 phani,
976 4469 1171 4523 crebro
1206 4471 1271 4525 ad
1299 4486 1421 4523 eum
1452 4470 1747 4535 ventitare,
1782 4473 2237 4541 sermonibusque
2254 4489 2319 4527 ac

2404 605 2653 676 γαμὸρὸν
2690 607 2790 676 τὴν
2822 605 3098 675 βασιλείαν
3128 609 3499 675 μετενεγκεῖν,
3551 609 3642 661 τὸν
3696 610 3985 663 Κωνσταν-

2404 697 2550 749 τῖνον
2586 695 2832 750 ἐκποδὼν
2863 699 3255 767 ποιησάμενος.
3314 699 3493 767 Ὅπερ
3554 700 3929 769 συνεννοηκὼς
3961 704 3988 753 ό

2403 786 2499 840 τοῦ
2525 790 3035 859 πορφυρογεννήτου
3062 791 3408 857 παιδαγωγὸς
3426 789 3720 859 Θεόδωρος,
3744 792 3819 854 ὡς
3843 795 3987 846 ἄνω-

2407 879 2500 933 θεν
2547 883 2785 949 εἴρηται,
2826 880 3059 951 σπουδὴν
3106 881 3257 934 ἔθετο
3304 882 3393 933 τὸν
3442 883 3815 953 πρεσϐύτερον
3857 884 3987 936 Ῥω-

2410 971 2578 1041 μανδν
2623 972 2981 1043 δρουγγάριον
3039 972 3338 1043 τηνικαῦτα
3377 972 3486 1025 τῶν
3520 974 3780 1042 πλωῒμων
3814 977 3991 1045 ὑπάρ-

2410 1084 2572 1135 χοντα
2598 1065 2984 1120 οἰκειώσασθαι
3029 1068 3123 1119 καὶ
3160 1069 3273 1129 τοῖς
3312 1069 3638 1139 ἀνακτόροις
3676 1070 3990 1136 εἰσαγαγεῖν

2408 1158 2484 1219 ὡς
2505 1158 2646 1227 τάχα
2669 1156 2886 1226 φύλακα
2910 1157 3002 1208 καὶ
3019 1154 3299 1224 πρόμαχον
3310 1157 3402 1210 τοῦ
3424 1158 3689 1227 βασιλέως
3712 1158 3987 1225 ἐσόμενον.

2410 1250 2603 1302 Οὑτοσὶ
2631 1250 2675 1300 δ’
2701 1250 2957 1319 ἀναχθεὶς
2986 1251 3080 1301 καὶ
3103 1252 3222 1311 ταῖς
3253 1252 3393 1303 κατὰ
3431 1251 3626 1319 μικρὸν
3649 1249 3859 1312 ἀνόδοις
3890 1250 3989 1317 τῆς

2412 1341 2592 1409 πάσης
2639 1341 2954 1403 δυναστείας
2985 1342 3273 1409 γενόμενος
3326 1341 3601 1411 ἐγκρατὴς
3623 1342 3723 1395 ούκ
3748 1342 3988 1410 ἐνέμεινε

2410 1437 2521 1496 τοῖς
2551 1434 2803 1498 δοθεῖσιν,
2832 1432 2968 1485 ἀλλὰ
2997 1435 3122 1496 τοὺς
3141 1432 3459 1501 δεδομένους
3490 1432 3764 1501 ἀθετήσας
3795 1433 3989 1503 ὅρκους

2413 1522 2501 1595 (ἦν
2535 1526 2642 1595 γάρ
2675 1524 3140 1595 φρικωδεστάταις
3191 1526 3564 1593 ὀρκωμοσίαις
3602 1525 3791 1577 ἐαυτὸν
3824 1541 3992 1579 κατα·

2410 1615 2687 1684 δεσμήσας
2736 1616 2811 1685 μὴ
2855 1616 2918 1667 ἀν
2960 1632 3091 1667 ποτε
3125 1614 3402 1682 βασιλείας
3437 1616 3625 1683 ἔφεσιν
3674 1617 3987 1684 ἐσχηκέναι)

2413 1706 2602 1760 ἐαυτόν
2626 1723 2685 1756 τε
2714 1707 3047 1775 ἀνηγόρευσε
3078 1706 3318 1774 βασιλέα,
3345 1708 3606 1767 ἑκουσίως
3644 1705 3735 1757 τοῦ
3784 1723 3992 1775 πορφυ-

2414 1799 2737 1867 ρογεννήτου
2770 1799 3064 1866 ἀέκοντίγε
3098 1798 3256 1867 θυμῷ
3280 1798 3461 1866 (τοῦτο
3488 1798 3634 1867 δήτὸ
3665 1798 3988 1866 Ὁμηρικὸν)

2415 1889 2725 1958 περιθέντος
2773 1889 2919 1959 αύτῷ
2954 1890 3015 1942 τὸ
3048 1890 3301 1959 διάδημα,
3347 1894 3437 1942 καὶ
3469 1890 3527 1942 ού
3584 1892 3741 1959 μόνον
3773 1891 3986 1955 ἑαυτὸν,

2410 1982 2526 2034 ἀλλ’
2564 1981 2663 2051 ἤδη
2692 1982 2829 2051 μετὰ
2883 1983 3078 2052 μικρὸν
3139 1987 3231 2035 καὶ
3277 1983 3651 2052 Χριστοφόρον
3711 1982 3802 2033 τὸν
3844 1981 3981 2032 υἱόν.

2411 2073 2685 2126 Διαλιπὼν
2730 2073 2774 2125 δ’
2809 2073 2989 2140 ὀλίγον
3024 2075 3117 2127 καλ⁴
3156 2074 3424 2141 Στέφανον
3458 2074 3554 2126 καὶ
3585 2075 3991 2127 Κωνσταντῖνον

2411 2163 2748 2233 ἀνηγόρευσε
2776 2165 2901 2225 τοὺς
2925 2163 3081 2226 υἱεῖς.
3144 2162 3405 2225 Βασιλεὺς
3446 2163 3501 2215 δὲ
3526 2162 3858 2233 ἀναρρηθεὶς
3891 2162 3989 2212 οὐκ

2409 2256 2665 2327 ἠγάπησε
2715 2258 2782 2327 τῇ
2815 2255 3141 2326 ἁναῤῥήσει,
3190 2254 3311 2306 οὐδὲ
3358 2256 3457 2322 τὴν
3504 2253 3761 2319 δευτέραν
3806 2251 3991 2321 χώραν

2412 2351 2556 2420 ἔχειν
2592 2350 2910 2419 ήσμένισεν,
2969 2346 3083 2400 ἀλλ’
3115 2348 3177 2400 ἐκ
3211 2346 3373 2415 μέσου
3407 2345 3497 2397 τὸν
3532 2345 3875 2411 παιδαγωγὸν
3906 2345 3994 2396 θε-

2415 2461 2573 2515 μενος
2596 2443 2689 2495 καὶ
2734 2442 2861 2503 τοὺς
2893 2440 3111 2499 λοιπούς
3139 2439 3264 2501 τοὺς
3302 2440 3415 2491 ὅσοι
3444 2438 3661 2490 ἐδόκουν
3701 2438 3968 2508 προσίστα

2414 2535 2557 2599 σθαι,
2602 2533 2813 2605 πρῶτός
2836 2549 2894 2584 τε
2942 2532 3301 2601 αὐτοκράτωρ
3358 2532 3725 2597 ἀνευφημεῖτο
3754 2529 3845 2582 καὶ
3893 2530 3991 2598 τὴν

2413 2628 2596 2679 πᾶσαν
2636 2625 2743 2677 τῶν
2790 2623 3130 2694 πραγμάτων
3172 2622 3455 2688 διεκόσμει
3520 2621 3807 2690 διοίκηιιν.
3856 2621 3989 2673 Μετ’

2412 2718 2573 2770 αύτὸν
2592 2716 2646 2768 δέ
2673 2715 3071 2785 ἀνηγορεύοντο
3100 2714 3146 2764 οἱ
3190 2712 3345 2774 υίείς,
3373 2713 3466 2764 καὶ
3512 2711 3820 2772 τελευταῖος
3856 2714 3993 2763 πάν-

2413 2828 2520 2863 των
2552 2810 2579 2861 δ
2602 2810 3028 2870 Κωνσταντῖνος.
3078 2799 3247 2867 Οὗτος
3301 2806 3477 2857 τοίνυν
3508 2807 3535 2857 ό
3576 2806 3993 2864 Κωνσταντῖνος

2416 2902 2603 2970 σχῆμα
2636 2902 2797 2969 μόνον
2836 2900 2929 2952 καὶ
2960 2899 3130 2967 ὄνομα
3159 2902 3257 2967 τῆς
3298 2896 3571 2965 βασιλείας
3607 2897 3767 2965 ἔχων,
3798 2896 3907 2949 τῶν
3936 2896 3992 2947 δὲ

2413 2994 2585 3063 ήδέων
2613 2993 2817 3061 ταύτης
2842 2990 3229 3060 ἐστερημένος,
3262 2988 3346 3061 μ).
3370 2987 3497 3059 635]
3513 2988 3599 3040 διά
3625 2988 3821 3050 παντὸς
3846 2987 3993 3054 ἐγλί-

2413 3102 2541 3154 χετο
2599 3083 2696 3136 καὶ
2752 3081 3023 3151 ὲπηύχετο
3066 3082 3167 3151 τὴν
3226 3080 3486 3150 πατρῴαν
3539 3078 3992 3132 ἐπανασώσασθαι

2413 3174 2607 3246 ἀρχὴν,
2662 3172 2787 3235 τοὺς
2836 3172 3194 3234 ἐπεισάκτους
3251 3170 3495 3223 ἐκποδὼν
3542 3169 3790 3239 θέμενος.
3823 3169 3994 3221 Τοῦτο

2410 3265 2466 3317 δὲ
2489 3265 2589 3317 ούκ
2606 3263 2780 3325 ἄλλως
2803 3262 2940 3332 ᾣετο
2958 3263 3183 3329 ἀγαγεῖν
3204 3262 3282 3321 είς
3304 3261 3486 3331 ἔργον,
3507 3262 3554 3312 εἰ
3579 3260 3654 3330 μὴ
3682 3263 3807 3323 τοὺς
3835 3261 3991 3322 υἱοὺς

2410 3356 2791 3425 ἐκπολεμώσει
2848 3355 2927 3424 τῷ
2972 3356 3162 3423 πατρί.
3231 3353 3292 3405 Ὀ
3328 3353 3426 3422 μὲν
3462 3352 3554 3409 οὖν
3618 3353 3992 3422 Χριστοφόρος

2412 3450 2619 3519 ἔφθασε
2669 3448 2759 3501 τὸν
2789 3448 2902 3517 βίον
2932 3448 3240 3511 ἀπολιπεῖν,
3278 3448 3550 3516 περιῆσαν
3587 3448 3632 3499 δ’
3660 3447 3739 3498 ἔτι
3796 3448 3997 3513 Στέφα-

2409 3561 2500 3606 νος
2533 3542 2627 3595 καί⁵
2651 3542 3080 3602 Κωνσταντῖνος.
3142 3540 3361 3592 Τούτων
3411 3537 3640 3607 ἐγνώκει
3698 3540 3997 3607 ἀποπειρα-

2413 3636 2595 3706 θῆναι,
2624 3636 2697 3705 μή
2740 3652 2856 3696 πως
2888 3633 3091 3704 δυνηθῇ
3136 3633 3491 3703 ἐκπληρῶσαι
3542 3632 3601 3685 τὸ
3632 3631 3997 3700 σπουδαζόμεο

2414 3747 2525 3783 νον.
2579 3728 2689 3780 Καὶ
2727 3726 2820 3778 τοῦ
2855 3725 2953 3795 μὲν
2989 3726 3401 3778 Κωνσταντίνου
3427 3720 3513 3795 (ἦν
3538 3727 3644 3794 γὰρ
3695 3719 3847 3787 οὗτος
3879 3741 4000 3775 στε-

2420 3822 2693 3892 ρεωτέρας
2752 3818 2971 3887 φρενὸς)
3054 3816 3495 3885 ἀποπειραθῆναι
3560 3816 3660 3869 οὐκ
3709 3815 3993 3884 ἐτόλμησε,

2414 3911 2609 3983 τρέψαι
2640 3910 2697 3963 δὲ
2721 3911 2818 3980 τὴν
2852 3911 3029 3962 πᾶσαν
3060 3908 3307 3978 μηχανὴν
3342 3908 3438 3961 καὶ
3470 3908 3779 3980 ἀπόπειραν
3813 3908 3995 3974 ἔκρινε

2418 4008 2555 4078 πρὸς
2575 4006 2665 4058 τὸν
2693 4005 2984 4072 Στέφανον,
3014 4002 3346 4072 κουφότερόν
3375 4020 3433 4054 τε
3461 4003 3591 4054 ὄντα
3618 4002 3711 4054 τὸν
3736 4002 3997 4071 λογισμὸν

2418 4100 2515 4152 καὶ
2542 4098 2735 4168 ῥᾳδίως
2769 4096 3211 4166 μεταφερόμενον
3242 4094 3377 4164 πρὸς
3412 4095 3439 4147 ὃ
3467 4112 3550 4158 τις
3588 4096 3678 4148 καὶ
3734 4095 3994 4164 βούλοιτο.

2420 4190 2698 4259 Λαμδάνει
2720 4188 2855 4257 πρὸς
2877 4187 3034 4240 τοῦτο
3057 4185 3402 4257 συλλήπτορα
3422 4189 3513 4267 καὶ
3540 4186 3797 4256 συνεργὸν
3822 4184 3994 4255 εὐφυῆ

2418 4301 2539 4336 τινα
2574 4282 2743 4351 ἄνδρα
2781 4280 2876 4332 καὶ
2913 4279 3097 4342 δόλους
3140 4278 3332 4342 πλέξαι
3375 4281 3466 4331 καὶ
3507 4280 3997 4350 μηχανορραφῆσαι

2420 4376 2592 4428 δεινόν
2624 4390 2636 4403 ·
2669 4373 2946 4434 Βασίλειος
2984 4368 3141 4435 οὗτος
3198 4372 3514 4441 ἐτύγχανεν,
3571 4374 3597 4423 ὁ
3627 4370 3878 4433 Πετεινδς
3900 4370 3996 4437 τὴν

2424 4467 2823 4538 προσηγορίαν,
2858 4466 2916 4518 ἐν
2946 4465 3023 4534 τῷ
3066 4466 3309 4532 τάγματι
3358 4464 3459 4527 τῆς
3494 4464 3767 4532 ἑταιρείας
3817 4480 3995 4515 κατει-

744 4560 989 4615 consiliis
1024 4560 1299 4613 hominem
1336 4560 1675 4615 titillantibus
1694 4562 1863 4630 cmpit
1894 4578 1923 4615 a
1956 4578 2084 4616 sana
2130 4574 2313 4618 mente
2348 4550 2392 4605 Ῑ)
2422 4561 2478 4614 λε

2263 4574 2313 4618 ιο
2348 4550 2392 4605 D
2422 4561 2706 4629 λεγμένος,
2744 4559 2837 4611 καὶ
2891 4558 3119 4627 συνήθης
3159 4558 3251 4608 καὶ
3283 4556 3434 4623 φίλος
3470 4556 3610 4621 ἐξέτι
3658 4557 3791 4607 νέων
3824 4556 3994 4624 ὑπέρ-

743 4653 1005 4722 ιιτιιιιςιιὶῐη
1034 4653 1331 4715 dimovere,
1367 4664 1420 4706 ct
1440 4654 1494 4706 in
1525 4653 1665 4707 hanc
1696 4653 1808 4707 fere
1826 4654 2155 4723 compellare
2184 4670 2313 4708 sen-

742 4742 991 4806 tentiam,
1022 4758 1118 4795 cur
1150 4742 1367 4795 tandem
1396 4741 1692 4810 imperator
1713 4742 1932 4811 juvenis
1949 4758 2011 4796 ac
2032 4744 2232 4797 robore
2258 4753 2313 4798 et

743 4835 913 4889 animi
944 4834 1149 4889 viribus
1183 4846 1464 4904 prmstans,
1499 4834 1851 4905 munitusque
1873 4836 2181 4905 prudentia,
2211 4853 2311 4905 pa-

744 4936 953 4981 teretur
993 4941 1257 4980 summam
1315 4940 1493 4981 rerum
1523 4936 1765 4982 a-vetere
1793 4934 1846 4980 et
1868 4926 1977 4994 jam
2013 4936 2173 4996 rupto
2206 4928 2314 4981 filio

745 5018 844 5074 (sic
898 5025 1103 5086 patrem
1146 5015 1406 5084 Stephani
1459 5016 1702 5085 notabat)
1738 5018 2016 5085 pendere?
2063 5034 2161 5071 cur
2202 5033 2312 5070 non

744 5124 865 5163 sese
897 5109 1183 5177 proferret,
1217 5117 1271 5161 et
1325 5115 1478 5176 patre
1518 5108 1630 5161 suis
1683 5108 2117 5178 generosissimis
2162 5109 2315 5162 obsi-

744 5209 925 5255 stente
962 5201 1247 5257 conatibus
1270 5207 1540 5253 summoto
1569 5200 1681 5267 ipse
1704 5200 2089 5268 rempublicam
2120 5215 2312 5268 capes-

745 5291 1081 5345 seret?cnm
1122 5290 1339 5358 quidem
1404 5304 1511 5341 non
1560 5289 1807 5343 Romano
1851 5299 2056 5344 tantum
2104 5292 2198 5344 sed
2259 5302 2315 5345 et

744 5382 1116 5452 compluribus
1142 5384 1301 5452 323
1332 5383 1701 5454 gubernandis
1738 5384 1981 5451 imperiis
2020 5384 2308 5439 sulliccret.

744 5476 1156 5543 Obtemperaret
1206 5476 1379 5528 amico
1429 5475 1567 5528 bene
1613 5474 1876 5533 monenti.
1908 5484 1963 5528 et
1998 5476 2062 5529 ad
2096 5493 2179 5529 res
2222 5494 2314 5546 ge-

749 5567 946 5620 rendas
975 5567 1235 5633 prodiret.
1285 5566 1578 5620 Pristinum
1614 5566 1801 5621 florem
1852 5569 2013 5620 rebus
2055 5568 2313 5623 Romanis

746 5668 1113 5727 recuperaret,
1150 5668 1205 5713 ct
1252 5658 1437 5712 hostes
1481 5660 1814 5727 Opprimcrct
1840 5700 1852 5721 ,
1893 5661 2312 5731 ostenderetque

746 5769 804 5804 re
839 5754 951 5818 ipsa
979 5751 1239 5806 divinitus
1273 5768 1379 5806 nou
1432 5752 1494 5804 ad
1555 5752 1765 5806 irritum
1807 5754 1858 5806 in
1911 5770 1968 5807 se
2024 5765 2130 5809 tam
2174 5773 2311 5824 lim"

747 5843 942 5898 stantia
1010 5844 1171 5896 animi
1232 5846 1579 5913 corporistptc
1640 5844 1779 5901 dona
1847 5861 1964 5898 esse
2026 5848 2306 5901 (ηιθυταυ.

2423 4670 2533 4723 χων
2569 4652 2647 4721 τῷ
2686 4648 3103 4717 Κωνσταντίνῳ.
3158 4648 3357 4701 Τοῦτον
3410 4648 3663 4699 κοινωνὸν
3710 4648 3996 4716 προσειλή-

2423 4760 2511 4810 φει
2535 4741 2626 4795 τοῦ
2659 4742 2995 4811 σκέμματος,
3029 4741 3121 4791 καὶ
3159 4738 3224 4789 δι’
3251 4736 3418 4791 αὐτοῦ
3442 4738 3594 4805 φίλον
3626 4737 3814 4791 θέσθαι
3853 4754 3987 4790 κατ-

2420 4834 2656 4903 ηπείχθη
2722 4833 2811 4886 τὸν
2868 4832 3161 4899 Στέφανον,
3211 4829 3391 4897 λόγοις
3439 4828 3714 4897 αἱμυλίοις
3764 4828 3992 4880 ύποκλα-

2422 4927 2588 4979 πέντα
2620 4930 2709 4978 καὶ
2726 4926 2958 4987 ἀπάταις
2987 4925 3082 4978 καὶ
3102 4927 3369 4994 μηχαναῖς
3404 4922 3875 4992 παρενηνεγμένον
3900 4919 3992 4973 τοῦ

2420 5017 2705 5086 λογισμοῦ.
2756 5016 2942 5069 Πάντα
2982 5015 3091 5083 γάρ
3120 5016 3319 5081 τρόπον
3349 5013 3651 5073 σπουδάσας
3679 5015 3707 5066 ό
3743 5013 3990 5075 Πετεινὸς

2420 5112 2498 5180 τῷ
2531 5110 2785 5180 Στεφάνῳ
2818 5109 3160 5178 φιλιωθῆναι,
3201 5109 3383 5178 ἐπειδὴ
3428 5108 3741 5177 πεφιλίωτο,
3766 5108 3989 5180 προσῄει

2420 5220 2481 5253 τε
2515 5200 2773 5270 συνεχῶς,
2819 5201 2911 5253 καὶ
2942 5200 3131 5267 λόγους
3157 5200 3323 5252 ἐκίνει
3352 5199 3446 5251 καὶ
3478 5198 3721 5268 προσῆγε
3756 5198 3989 5266 συμϐου-

2420 5294 2518 5356 λάς
2548 5292 2943 5356 ύποκνιζούσας
2994 5291 3157 5343 αὑτὸν
3191 5292 3284 5344 καὶ
3321 5290 3461 5343 κατά
3493 5290 3688 5359 μικρὸν
3742 5291 3958 5357 ἀπαγού

2424 5402 2517 5448 σας
2540 5384 2632 5436 τοῦ
2664 5383 2952 5452 λογισμοῦ.
3020 5401 3037 5431 ι
3067 5382 3185 5435 Ἵνα
3213 5380 3284 5446 τί,
3310 5381 3503 5448 λέγων,
3530 5374 3574 5432 ὦ
3601 5380 3838 5448 βασιλεῦ.
3873 5382 3989 5441 νέος

2421 5475 2494 5529 ὢν
2523 5476 2666 5544 ἰσχύϊ
2694 5493 2751 5527 τε
2786 5473 3087 5544 ῥωμαλέος,
3125 5475 3217 5524 καὶ
3257 5474 3429 5542 ψυχῆς
3460 5475 3797 5541 γενναιότητι
3830 5473 3989 5541 ὑπερ-

2424 5571 2605 5637 φέρων
2644 5568 2736 5620 καὶ
2768 5568 3028 5637 φρονήσει
3062 5566 3507 5631 πεπυκνωμένος,
3568 5563 3637 5616 τὰ
3688 5565 3988 5631 πράγματα

2424 5662 2674 5731 παρορᾷς
2712 5660 2817 5712 ἀπὸ
2852 5658 3049 5710 λεπτοῦ
3083 5659 3177 5710 καὶ
3234 5657 3462 5710 παλαιοῦ
3495 5657 3589 5709 καὶ
3630 5657 3987 5727 διερρωγότος

2428 5756 2582 5824 μίτου
2622 5774 2639 5804 ι
2682 5754 2793 5822 (τὸν
2838 5751 3002 5803 αὑτοῦ
3035 5752 3243 5820 πατέρα
3276 5749 3742 5817 ύπαινιττόμενος)
3780 5769 3794 5798 ι
3827 5748 3985 5818 ἐξαρ-

2424 5846 2777 5916 τωμενα,κα“ι
2821 5845 2878 5897 οὑ
2934 5845 3288 5906 διανίστασαι,
3325 5845 3415 5898 καὶ
3438 5842 3625 5895 τοῦτον
3655 5842 3752 5911 μὲν
3783 5840 3852 5903 ὡς
3892 5842 3985 5909 ἐμ-
