  <div class='ocr_page' id='page_1' title='image "/cluster/home/n/w/nwhite01/storage/ocr_20150623/122/nnc1.0046979611/038.png"; bbox 0 0 4410 6452; ppageno 0'>
   <div class='ocr_carea' id='block_1_1' title="bbox 451 412 3704 483">
    <p class='ocr_par' dir='ltr' id='par_1_1' title="bbox 451 412 3704 483">
     <span class='ocr_line' id='line_1_1' title="bbox 451 412 3704 483; baseline -0.002 -7"><span class='ocrx_word' id='word_1_1' title='bbox 451 412 520 477; x_wconf 79' lang='lat'>5‘!</span> <span class='ocrx_word' id='word_1_2' title='bbox 1510 412 2046 473; x_wconf 74' lang='lat' dir='ltr'><strong>IllSTORlARUM</strong></span> <span class='ocrx_word' id='word_1_3' title='bbox 2082 414 2606 477; x_wconf 72' lang='lat' dir='ltr'>COMPENDIUM.</span> <span class='ocrx_word' id='word_1_4' title='bbox 3632 419 3704 483; x_wconf 61' lang='grc' dir='ltr'>δε</span> 
     </span>
    </p>
   </div>
   <div class='ocr_carea' id='block_1_2' title="bbox 454 524 2195 596">
    <p class='ocr_par' dir='ltr' id='par_1_2' title="bbox 454 524 2195 595">
     <span class='ocr_line' id='line_1_2' title="bbox 454 524 2195 595; baseline 0.001 -18"><span class='ocrx_word' id='word_1_5' title='bbox 454 525 635 577; x_wconf 73' lang='grc' dir='ltr'>πόόιον</span> <span class='ocrx_word' id='word_1_6' title='bbox 686 526 807 587; x_wconf 87' lang='grc' dir='ltr'>ταῖς</span> <span class='ocrx_word' id='word_1_7' title='bbox 867 526 988 586; x_wconf 85' lang='grc' dir='ltr'>σαῖς</span> <span class='ocrx_word' id='word_1_8' title='bbox 1046 524 1457 591; x_wconf 74' lang='grc' dir='ltr'>γενναιοτάταις</span> <span class='ocrx_word' id='word_1_9' title='bbox 1507 528 1705 595; x_wconf 82' lang='grc' dir='ltr'>ὁρμαῖς</span> <span class='ocrx_word' id='word_1_10' title='bbox 1770 525 2195 589; x_wconf 68' lang='grc' dir='ltr'>ἐκποδὼνΑυε</span> 
     </span>
    </p>
   </div>
   <div class='ocr_carea' id='block_1_3' title="bbox 1959 524 3700 596">
    <p class='ocr_par' dir='ltr' id='par_1_3' title="bbox 1959 526 3700 596">
     <span class='ocr_line' id='line_1_3' title="bbox 1959 526 3700 596; baseline 0.005 -18"><span class='ocrx_word' id='word_1_11' title='bbox 1959 527 2018 579; x_wconf 65' lang='grc' dir='ltr'>δν</span> <span class='ocrx_word' id='word_1_12' title='bbox 2046 530 2096 589; x_wconf 87' lang='grc' dir='ltr'><strong>Α</strong></span> <span class='ocrx_word' id='word_1_13' title='bbox 2124 526 2361 581; x_wconf 81' lang='lat' dir='ltr'><strong>Usuruni</strong></span> <span class='ocrx_word' id='word_1_14' title='bbox 2390 529 2453 581; x_wconf 93' lang='lat' dir='ltr'>ad</span> <span class='ocrx_word' id='word_1_15' title='bbox 2488 528 2604 582; x_wconf 82' lang='lat' dir='ltr'><strong>inec</strong></span> <span class='ocrx_word' id='word_1_16' title='bbox 2631 528 2878 596; x_wconf 87' lang='lat' dir='ltr'><strong>adjutore</strong></span> <span class='ocrx_word' id='word_1_17' title='bbox 2900 540 2955 584; x_wconf 88' lang='lat' dir='ltr'>et</span> <span class='ocrx_word' id='word_1_18' title='bbox 2994 531 3139 586; x_wconf 87' lang='lat' dir='ltr'><strong>socio</strong></span> <span class='ocrx_word' id='word_1_19' title='bbox 3161 530 3522 587; x_wconf 78' lang='lat' dir='ltr'><strong>Constantino</strong></span> <span class='ocrx_word' id='word_1_20' title='bbox 3543 547 3700 586; x_wconf 70' lang='grc' dir='ltr'>δονο-</span> 
     </span>
    </p>
   </div>
   <div class='ocr_carea' id='block_1_4' title="bbox 453 615 2026 685">
    <p class='ocr_par' dir='ltr' id='par_1_4' title="bbox 453 615 2026 685">
     <span class='ocr_line' id='line_1_4' title="bbox 453 615 2026 685; baseline -0.001 -17"><span class='ocrx_word' id='word_1_21' title='bbox 453 617 645 679; x_wconf 58' lang='grc' dir='ltr'>παιιεῖς,</span> <span class='ocrx_word' id='word_1_22' title='bbox 694 616 856 680; x_wconf 75' lang='grc' dir='ltr'>αὐτὸς</span> <span class='ocrx_word' id='word_1_23' title='bbox 895 615 951 669; x_wconf 82' lang='grc' dir='ltr'>δὲ</span> <span class='ocrx_word' id='word_1_24' title='bbox 984 616 1093 669; x_wconf 82' lang='grc' dir='ltr'>τῶν</span> <span class='ocrx_word' id='word_1_25' title='bbox 1146 615 1486 685; x_wconf 80' lang='grc' dir='ltr'>πραγμάτων</span> <span class='ocrx_word' id='word_1_26' title='bbox 1514 615 1905 685; x_wconf 82' lang='grc' dir='ltr'>ἁντιλαμϐάνῃ,</span> <span class='ocrx_word' id='word_1_27' title='bbox 1936 615 2026 667; x_wconf 86' lang='grc' dir='ltr'>δυ-</span> 
     </span>
    </p>
   </div>
   <div class='ocr_carea' id='block_1_5' title="bbox 452 706 2023 778">
    <p class='ocr_par' dir='ltr' id='par_1_5' title="bbox 452 706 2023 778">
     <span class='ocr_line' id='line_1_5' title="bbox 452 706 2023 778; baseline -0.003 -18"><span class='ocrx_word' id='word_1_28' title='bbox 452 709 683 777; x_wconf 77' lang='grc' dir='ltr'>νάμενος</span> <span class='ocrx_word' id='word_1_29' title='bbox 719 710 818 778; x_wconf 82' lang='grc' dir='ltr'>οὐχ</span> <span class='ocrx_word' id='word_1_30' title='bbox 860 709 1007 771; x_wconf 83' lang='grc' dir='ltr'>ὅπως</span> <span class='ocrx_word' id='word_1_31' title='bbox 1056 710 1153 777; x_wconf 72' lang='grc' dir='ltr'>τὴν</span> <span class='ocrx_word' id='word_1_32' title='bbox 1196 708 1479 776; x_wconf 87' lang='grc' dir='ltr'>Ῥωμαίων</span> <span class='ocrx_word' id='word_1_33' title='bbox 1510 706 1787 776; x_wconf 71' lang='grc' dir='ltr'>βασιλείαν</span> <span class='ocrx_word' id='word_1_34' title='bbox 1835 708 2023 777; x_wconf 87' lang='grc' dir='ltr'>μόνην,</span> 
     </span>
    </p>
   </div>
   <div class='ocr_carea' id='block_1_6' title="bbox 452 797 2026 870">
    <p class='ocr_par' dir='ltr' id='par_1_6' title="bbox 452 797 2026 870">
     <span class='ocr_line' id='line_1_6' title="bbox 452 797 2026 870; baseline -0.001 -17"><span class='ocrx_word' id='word_1_35' title='bbox 452 802 584 855; x_wconf 84' lang='grc' dir='ltr'>ἀλλὰ</span> <span class='ocrx_word' id='word_1_36' title='bbox 615 802 711 855; x_wconf 71' lang='grc' dir='ltr'>καὶ</span> <span class='ocrx_word' id='word_1_37' title='bbox 742 801 941 864; x_wconf 80' lang='grc' dir='ltr'>πολλάς</span> <span class='ocrx_word' id='word_1_38' title='bbox 974 800 1109 870; x_wconf 81' lang='grc' dir='ltr'>ὁμοῦ</span> <span class='ocrx_word' id='word_1_39' title='bbox 1143 801 1410 870; x_wconf 67' lang='grc' dir='ltr'>κυϐερνᾷ-ι</span> <span class='ocrx_word' id='word_1_40' title='bbox 1441 820 1455 867; x_wconf 88' lang='grc'><strong>;</strong></span> <span class='ocrx_word' id='word_1_41' title='bbox 1502 803 1635 867; x_wconf 65' lang='lat' dir='ltr'>&quot;Ay:</span> <span class='ocrx_word' id='word_1_42' title='bbox 1662 800 1749 869; x_wconf 79' lang='grc' dir='ltr'>δὴ,</span> <span class='ocrx_word' id='word_1_43' title='bbox 1774 797 2026 868; x_wconf 83' lang='grc' dir='ltr'>πείσθητί</span> 
     </span>
    </p>
   </div>
   <div class='ocr_carea' id='block_1_7' title="bbox 454 891 2026 962">
    <p class='ocr_par' dir='ltr' id='par_1_7' title="bbox 454 891 2026 962">
     <span class='ocr_line' id='line_1_7' title="bbox 454 891 2026 962; baseline -0.003 -17"><span class='ocrx_word' id='word_1_44' title='bbox 454 911 545 957; x_wconf 90' lang='grc' dir='ltr'>μοι</span> <span class='ocrx_word' id='word_1_45' title='bbox 574 893 640 945; x_wconf 84' lang='grc' dir='ltr'>τά</span> <span class='ocrx_word' id='word_1_46' title='bbox 666 892 923 962; x_wconf 86' lang='grc' dir='ltr'>λυσιτελῆ</span> <span class='ocrx_word' id='word_1_47' title='bbox 978 892 1423 962; x_wconf 77' lang='grc' dir='ltr'>συμϐουλεύοντι,</span> <span class='ocrx_word' id='word_1_48' title='bbox 1473 893 1567 945; x_wconf 77' lang='grc' dir='ltr'>καὶ</span> <span class='ocrx_word' id='word_1_49' title='bbox 1598 891 1891 953; x_wconf 81' lang='grc' dir='ltr'>διαναστὰς</span> <span class='ocrx_word' id='word_1_50' title='bbox 1933 891 2026 943; x_wconf 88' lang='grc' dir='ltr'>ἀν-</span> 
     </span>
    </p>
   </div>
   <div class='ocr_carea' id='block_1_8' title="bbox 450 982 2024 1054">
    <p class='ocr_par' dir='ltr' id='par_1_8' title="bbox 450 982 2024 1054">
     <span class='ocr_line' id='line_1_8' title="bbox 450 982 2024 1054; baseline -0.001 -19"><span class='ocrx_word' id='word_1_51' title='bbox 450 984 729 1054; x_wconf 83' lang='grc' dir='ltr'>τ.σχέσθαι</span> <span class='ocrx_word' id='word_1_52' title='bbox 784 985 1012 1054; x_wconf 86' lang='grc' dir='ltr'>θέλησον</span> <span class='ocrx_word' id='word_1_53' title='bbox 1056 984 1165 1039; x_wconf 86' lang='grc' dir='ltr'>τῶν</span> <span class='ocrx_word' id='word_1_54' title='bbox 1220 985 1589 1054; x_wconf 81' lang='grc' dir='ltr'>πραγμάτων,</span> <span class='ocrx_word' id='word_1_55' title='bbox 1665 984 1755 1037; x_wconf 76' lang='grc' dir='ltr'>καὶ</span> <span class='ocrx_word' id='word_1_56' title='bbox 1796 982 1863 1035; x_wconf 76' lang='grc' dir='ltr'>τὰ</span> <span class='ocrx_word' id='word_1_57' title='bbox 1927 983 2024 1052; x_wconf 84' lang='grc' dir='ltr'>μὲν</span> 
     </span>
    </p>
   </div>
   <div class='ocr_carea' id='block_1_9' title="bbox 460 1075 2023 1149">
    <p class='ocr_par' dir='ltr' id='par_1_9' title="bbox 460 1075 2023 1149">
     <span class='ocr_line' id='line_1_9' title="bbox 460 1075 2023 1149; baseline -0.001 -21"><span class='ocrx_word' id='word_1_58' title='bbox 460 1077 750 1144; x_wconf 82' lang='grc' dir='ltr'>Ῥωμαίων</span> <span class='ocrx_word' id='word_1_59' title='bbox 816 1078 1158 1148; x_wconf 84' lang='grc' dir='ltr'>άναθηλῆσαι</span> <span class='ocrx_word' id='word_1_60' title='bbox 1206 1078 1650 1149; x_wconf 81' lang='grc' dir='ltr'>παρασκεύασον,</span> <span class='ocrx_word' id='word_1_61' title='bbox 1683 1077 1753 1129; x_wconf 77' lang='grc' dir='ltr'>τὰ</span> <span class='ocrx_word' id='word_1_62' title='bbox 1798 1075 1853 1128; x_wconf 86' lang='grc' dir='ltr'>δὲ</span> <span class='ocrx_word' id='word_1_63' title='bbox 1916 1077 2023 1128; x_wconf 83' lang='grc' dir='ltr'>τῶν</span> 
     </span>
    </p>
   </div>
   <div class='ocr_carea' id='block_1_10' title="bbox 448 1167 2023 1239">
    <p class='ocr_par' dir='ltr' id='par_1_10' title="bbox 448 1167 2023 1239">
     <span class='ocr_line' id='line_1_10' title="bbox 448 1167 2023 1239; baseline -0.001 -20"><span class='ocrx_word' id='word_1_64' title='bbox 448 1168 660 1238; x_wconf 81' lang='grc' dir='ltr'>ἐχθρῶν</span> <span class='ocrx_word' id='word_1_65' title='bbox 710 1170 1064 1236; x_wconf 86' lang='grc' dir='ltr'>ταπείνωσον,</span> <span class='ocrx_word' id='word_1_66' title='bbox 1132 1170 1227 1224; x_wconf 72' lang='grc' dir='ltr'>καὶ</span> <span class='ocrx_word' id='word_1_67' title='bbox 1261 1170 1433 1235; x_wconf 82' lang='grc' dir='ltr'>δεῖξον</span> <span class='ocrx_word' id='word_1_68' title='bbox 1481 1170 1663 1239; x_wconf 85' lang='grc' dir='ltr'>ἔργοις</span> <span class='ocrx_word' id='word_1_69' title='bbox 1715 1168 1900 1228; x_wconf 81' lang='grc' dir='ltr'>αὐτοῖς</span> <span class='ocrx_word' id='word_1_70' title='bbox 1948 1167 2023 1230; x_wconf 86' lang='grc' dir='ltr'>ὠς</span> 
     </span>
    </p>
   </div>
   <div class='ocr_carea' id='block_1_11' title="bbox 446 1258 2022 1332">
    <p class='ocr_par' dir='ltr' id='par_1_11' title="bbox 446 1258 2022 1332">
     <span class='ocr_line' id='line_1_11' title="bbox 446 1258 2022 1332; baseline 0.001 -21"><span class='ocrx_word' id='word_1_71' title='bbox 446 1262 506 1311; x_wconf 61' lang='grc' dir='ltr'>οὐ</span> <span class='ocrx_word' id='word_1_72' title='bbox 544 1260 629 1312; x_wconf 72' lang='grc' dir='ltr'>διὰ</span> <span class='ocrx_word' id='word_1_73' title='bbox 646 1260 808 1328; x_wconf 80' lang='grc' dir='ltr'>κενῆς</span> <span class='ocrx_word' id='word_1_74' title='bbox 840 1261 959 1313; x_wconf 73' lang='grc' dir='ltr'>οὖδέ</span> <span class='ocrx_word' id='word_1_75' title='bbox 988 1262 1216 1332; x_wconf 80' lang='grc' dir='ltr'>μάτηνή</span> <span class='ocrx_word' id='word_1_76' title='bbox 1256 1259 1564 1313; x_wconf 78' lang='grc' dir='ltr'>ἐπανθοῦσά</span> <span class='ocrx_word' id='word_1_77' title='bbox 1586 1277 1667 1312; x_wconf 91' lang='grc' dir='ltr'>σοι</span> <span class='ocrx_word' id='word_1_78' title='bbox 1695 1258 1810 1329; x_wconf 82' lang='grc' dir='ltr'>ὥρα</span> <span class='ocrx_word' id='word_1_79' title='bbox 1832 1260 1923 1313; x_wconf 80' lang='grc' dir='ltr'>καὶ</span> <span class='ocrx_word' id='word_1_80' title='bbox 1955 1260 2022 1312; x_wconf 83' lang='grc' dir='ltr'>τὰ</span> 
     </span>
    </p>
   </div>
   <div class='ocr_carea' id='block_1_12' title="bbox 447 1351 2021 1423">
    <p class='ocr_par' dir='ltr' id='par_1_12' title="bbox 447 1351 2021 1423">
     <span class='ocr_line' id='line_1_12' title="bbox 447 1351 2021 1423; baseline 0.001 -23"><span class='ocrx_word' id='word_1_81' title='bbox 447 1351 610 1404; x_wconf 84' lang='grc' dir='ltr'>λοιπά</span> <span class='ocrx_word' id='word_1_82' title='bbox 640 1352 740 1418; x_wconf 76' lang='grc' dir='ltr'>τῆς</span> <span class='ocrx_word' id='word_1_83' title='bbox 770 1352 948 1422; x_wconf 76' lang='grc' dir='ltr'>ψυχῆς</span> <span class='ocrx_word' id='word_1_84' title='bbox 981 1353 1046 1406; x_wconf 81' lang='grc' dir='ltr'>ἐκ</span> <span class='ocrx_word' id='word_1_85' title='bbox 1074 1352 1209 1406; x_wconf 79' lang='grc' dir='ltr'>Θεοῦ</span> <span class='ocrx_word' id='word_1_86' title='bbox 1252 1370 1335 1405; x_wconf 92' lang='grc' dir='ltr'>σοι</span> <span class='ocrx_word' id='word_1_87' title='bbox 1382 1351 1709 1423; x_wconf 76' lang='grc' dir='ltr'>δεδώρηνται</span> <span class='ocrx_word' id='word_1_88' title='bbox 1752 1352 2021 1422; x_wconf 66' lang='grc' dir='ltr'>προτερήυ</span> 
     </span>
    </p>
   </div>
   <div class='ocr_carea' id='block_1_13' title="bbox 451 1443 2023 1512">
    <p class='ocr_par' dir='ltr' id='par_1_13' title="bbox 451 1443 2023 1512">
     <span class='ocr_line' id='line_1_13' title="bbox 451 1443 2023 1512; baseline 0.001 -20"><span class='ocrx_word' id='word_1_89' title='bbox 451 1459 618 1510; x_wconf 70' lang='grc' dir='ltr'>ματα.</span> <span class='ocrx_word' id='word_1_90' title='bbox 654 1444 834 1508; x_wconf 79' lang='grc' dir='ltr'>Ἐξεις</span> <span class='ocrx_word' id='word_1_91' title='bbox 867 1444 924 1496; x_wconf 84' lang='grc' dir='ltr'>δὲ</span> <span class='ocrx_word' id='word_1_92' title='bbox 958 1446 1037 1507; x_wconf 78' lang='grc' dir='ltr'>είς</span> <span class='ocrx_word' id='word_1_93' title='bbox 1071 1444 1229 1497; x_wconf 84' lang='grc' dir='ltr'>τοῦτο</span> <span class='ocrx_word' id='word_1_94' title='bbox 1266 1444 1669 1512; x_wconf 78' lang='grc' dir='ltr'>συναγωνιστὴν</span> <span class='ocrx_word' id='word_1_95' title='bbox 1713 1444 1801 1495; x_wconf 79' lang='grc' dir='ltr'>καὶ</span> <span class='ocrx_word' id='word_1_96' title='bbox 1832 1443 2023 1511; x_wconf 83' lang='grc' dir='ltr'>συλλή-</span> 
     </span>
    </p>
   </div>
   <div class='ocr_carea' id='block_1_14' title="bbox 447 1533 2018 1604">
    <p class='ocr_par' dir='ltr' id='par_1_14' title="bbox 447 1533 2018 1604">
     <span class='ocr_line' id='line_1_14' title="bbox 447 1533 2018 1604; baseline 0.001 -21"><span class='ocrx_word' id='word_1_97' title='bbox 447 1550 627 1601; x_wconf 68' lang='grc' dir='ltr'>ποορα</span> <span class='ocrx_word' id='word_1_98' title='bbox 690 1535 783 1587; x_wconf 77' lang='grc' dir='ltr'>καὶ</span> <span class='ocrx_word' id='word_1_99' title='bbox 830 1535 921 1586; x_wconf 73' lang='grc' dir='ltr'>τὸν</span> <span class='ocrx_word' id='word_1_100' title='bbox 966 1535 1055 1587; x_wconf 79' lang='grc' dir='ltr'>σὺν</span> <span class='ocrx_word' id='word_1_101' title='bbox 1086 1534 1333 1604; x_wconf 75' lang='grc' dir='ltr'>γαμϐρὸν</span> <span class='ocrx_word' id='word_1_102' title='bbox 1378 1534 1466 1587; x_wconf 84' lang='grc' dir='ltr'>τὸν</span> <span class='ocrx_word' id='word_1_103' title='bbox 1495 1533 2018 1603; x_wconf 74' lang='grc' dir='ltr'>πορφυρογέννητον,</span> 
     </span>
    </p>
   </div>
   <div class='ocr_carea' id='block_1_15' title="bbox 444 1623 2018 1696">
    <p class='ocr_par' dir='ltr' id='par_1_15' title="bbox 444 1623 2018 1696">
     <span class='ocr_line' id='line_1_15' title="bbox 444 1623 2018 1696; baseline 0.002 -24"><span class='ocrx_word' id='word_1_104' title='bbox 444 1623 566 1674; x_wconf 81' lang='grc' dir='ltr'>λίαν</span> <span class='ocrx_word' id='word_1_105' title='bbox 620 1624 1010 1677; x_wconf 74' lang='grc' dir='ltr'>θεοκλυτοῦντα</span> <span class='ocrx_word' id='word_1_106' title='bbox 1076 1625 1171 1678; x_wconf 75' lang='grc' dir='ltr'>καὶ</span> <span class='ocrx_word' id='word_1_107' title='bbox 1233 1626 1577 1696; x_wconf 75' lang='grc' dir='ltr'>ίμειρόμενον</span> <span class='ocrx_word' id='word_1_108' title='bbox 1621 1626 1720 1692; x_wconf 81' lang='grc' dir='ltr'>τῆς</span> <span class='ocrx_word' id='word_1_109' title='bbox 1777 1623 1869 1675; x_wconf 78' lang='grc' dir='ltr'>τοῦ</span> <span class='ocrx_word' id='word_1_110' title='bbox 1926 1623 2018 1675; x_wconf 78' lang='grc' dir='ltr'>σοῦ</span> 
     </span>
    </p>
   </div>
   <div class='ocr_carea' id='block_1_16' title="bbox 445 1715 2018 1788">
    <p class='ocr_par' dir='ltr' id='par_1_16' title="bbox 445 1715 2018 1788">
     <span class='ocr_line' id='line_1_16' title="bbox 445 1715 2018 1788; baseline 0.001 -23"><span class='ocrx_word' id='word_1_111' title='bbox 445 1717 651 1783; x_wconf 73' lang='grc' dir='ltr'>πατρ²ς</span> <span class='ocrx_word' id='word_1_112' title='bbox 693 1716 1119 1786; x_wconf 55' lang='grc' dir='ltr'>ἐλιμθερωθῆναι</span> <span class='ocrx_word' id='word_1_113' title='bbox 1148 1717 1445 1788; x_wconf 83' lang='grc' dir='ltr'>βαρύτητος</span> <span class='ocrx_word' id='word_1_114' title='bbox 1466 1716 1557 1767; x_wconf 75' lang='grc' dir='ltr'>καὶ</span> <span class='ocrx_word' id='word_1_115' title='bbox 1581 1715 1732 1784; x_wconf 85' lang='grc' dir='ltr'>παρά</span> <span class='ocrx_word' id='word_1_116' title='bbox 1764 1715 1858 1767; x_wconf 82' lang='grc' dir='ltr'>σοῦ</span> <span class='ocrx_word' id='word_1_117' title='bbox 1881 1733 2018 1768; x_wconf 88' lang='grc' dir='ltr'>κατ-</span> 
     </span>
    </p>
   </div>
   <div class='ocr_carea' id='block_1_17' title="bbox 445 1803 2017 1875">
    <p class='ocr_par' dir='ltr' id='par_1_17' title="bbox 445 1803 2017 1875">
     <span class='ocr_line' id='line_1_17' title="bbox 445 1803 2017 1875; baseline 0.001 -21"><span class='ocrx_word' id='word_1_118' title='bbox 445 1806 671 1871; x_wconf 62' lang='grc' dir='ltr'>όζκετθαι</span> <span class='ocrx_word' id='word_1_119' title='bbox 746 1806 842 1873; x_wconf 79' lang='grc' dir='ltr'>τὴν</span> <span class='ocrx_word' id='word_1_120' title='bbox 896 1806 1173 1874; x_wconf 82' lang='grc' dir='ltr'>βασιλείαν</span> <span class='ocrx_word' id='word_1_121' title='bbox 1224 1805 1668 1875; x_wconf 83' lang='grc' dir='ltr'>κυϐερνωμένην.</span> <span class='ocrx_word' id='word_1_122' title='bbox 1712 1823 1730 1855; x_wconf 73' lang='grc' dir='ltr'>ι</span> <span class='ocrx_word' id='word_1_123' title='bbox 1795 1803 2017 1865; x_wconf 76' lang='grc' dir='ltr'>Τούτοις</span> 
     </span>
    </p>
   </div>
   <div class='ocr_carea' id='block_1_18' title="bbox 2137 613 3705 692">
    <p class='ocr_par' dir='ltr' id='par_1_18' title="bbox 2137 613 3705 692">
     <span class='ocr_line' id='line_1_18' title="bbox 2137 613 3705 692; baseline 0.008 -26"><span class='ocrx_word' id='word_1_124' title='bbox 2137 613 2209 668; x_wconf 85' lang='lat' dir='ltr'>ris</span> <span class='ocrx_word' id='word_1_125' title='bbox 2251 616 2463 681; x_wconf 69' lang='lat' dir='ltr'><strong>marito,</strong></span> <span class='ocrx_word' id='word_1_126' title='bbox 2498 617 2631 672; x_wconf 86' lang='lat' dir='ltr'><strong>nihil</strong></span> <span class='ocrx_word' id='word_1_127' title='bbox 2677 618 2821 672; x_wconf 82' lang='lat' dir='ltr'><strong>aliud</strong></span> <span class='ocrx_word' id='word_1_128' title='bbox 2878 620 2931 672; x_wconf 91' lang='lat' dir='ltr'>in</span> <span class='ocrx_word' id='word_1_129' title='bbox 2964 621 3102 674; x_wconf 84' lang='lat' dir='ltr'><strong>votis</strong></span> <span class='ocrx_word' id='word_1_130' title='bbox 3147 621 3381 675; x_wconf 88' lang='lat' dir='ltr'><strong>habente</strong></span> <span class='ocrx_word' id='word_1_131' title='bbox 3428 638 3589 692; x_wconf 86' lang='lat' dir='ltr'><strong>quam</strong></span> <span class='ocrx_word' id='word_1_132' title='bbox 3647 634 3705 679; x_wconf 90' lang='lat' dir='ltr'>ut</span> 
     </span>
    </p>
   </div>
   <div class='ocr_carea' id='block_1_19' title="bbox 2134 704 3703 784">
    <p class='ocr_par' dir='ltr' id='par_1_19' title="bbox 2134 704 3703 784">
     <span class='ocr_line' id='line_1_19' title="bbox 2134 704 3703 784; baseline 0.008 -27"><span class='ocrx_word' id='word_1_133' title='bbox 2134 704 2307 758; x_wconf 83' lang='lat' dir='ltr'>soceri</span> <span class='ocrx_word' id='word_1_134' title='bbox 2334 717 2663 761; x_wconf 79' lang='lat' dir='ltr'><strong>exoneratus</strong></span> <span class='ocrx_word' id='word_1_135' title='bbox 2693 710 3009 765; x_wconf 90' lang='lat' dir='ltr'><strong>morositate</strong></span> <span class='ocrx_word' id='word_1_136' title='bbox 3040 711 3107 765; x_wconf 90' lang='lat' dir='ltr'>ab</span> <span class='ocrx_word' id='word_1_137' title='bbox 3147 712 3264 781; x_wconf 92' lang='lat' dir='ltr'><strong>ipso</strong></span> <span class='ocrx_word' id='word_1_138' title='bbox 3301 714 3483 769; x_wconf 83' lang='lat' dir='ltr'><strong>videat</strong></span> <span class='ocrx_word' id='word_1_139' title='bbox 3508 714 3703 784; x_wconf 87' lang='lat' dir='ltr'><strong>guber-</strong></span> 
     </span>
    </p>
   </div>
   <div class='ocr_carea' id='block_1_20' title="bbox 2133 796 3702 873">
    <p class='ocr_par' dir='ltr' id='par_1_20' title="bbox 2133 796 3702 873">
     <span class='ocr_line' id='line_1_20' title="bbox 2133 796 3702 873; baseline 0.008 -24"><span class='ocrx_word' id='word_1_140' title='bbox 2133 797 2251 850; x_wconf 84' lang='lat' dir='ltr'><strong>nari</strong></span> <span class='ocrx_word' id='word_1_141' title='bbox 2284 796 2595 867; x_wconf 89' lang='lat' dir='ltr'><strong>impcrium.</strong></span> <span class='ocrx_word' id='word_1_142' title='bbox 2632 796 2727 854; x_wconf 84' lang='lat' dir='ltr'><strong>His</strong></span> <span class='ocrx_word' id='word_1_143' title='bbox 2765 802 2944 858; x_wconf 88' lang='lat' dir='ltr'><strong>verbis</strong></span> <span class='ocrx_word' id='word_1_144' title='bbox 2992 802 3205 857; x_wconf 90' lang='lat' dir='ltr'><strong>illectus</strong></span> <span class='ocrx_word' id='word_1_145' title='bbox 3237 802 3549 873; x_wconf 82' lang='lat' dir='ltr'><strong>Stephanus</strong></span> <span class='ocrx_word' id='word_1_146' title='bbox 3603 821 3702 862; x_wconf 89' lang='lat' dir='ltr'><strong>eu-</strong></span> 
     </span>
    </p>
   </div>
   <div class='ocr_carea' id='block_1_21' title="bbox 2131 892 3702 969">
    <p class='ocr_par' dir='ltr' id='par_1_21' title="bbox 2131 892 3702 969">
     <span class='ocr_line' id='line_1_21' title="bbox 2131 892 3702 969; baseline 0.008 -26"><span class='ocrx_word' id='word_1_147' title='bbox 2131 892 2356 961; x_wconf 89' lang='lat' dir='ltr'><strong>piditatc</strong></span> <span class='ocrx_word' id='word_1_148' title='bbox 2400 894 2617 964; x_wconf 89' lang='lat' dir='ltr'><strong>imperii</strong></span> <span class='ocrx_word' id='word_1_149' title='bbox 2686 904 2830 951; x_wconf 91' lang='lat' dir='ltr'><strong>totus</strong></span> <span class='ocrx_word' id='word_1_150' title='bbox 2894 906 3216 967; x_wconf 81' lang='lat' dir='ltr'><strong>occupatur,</strong></span> <span class='ocrx_word' id='word_1_151' title='bbox 3272 899 3464 968; x_wconf 90' lang='lat' dir='ltr'><strong>suique</strong></span> <span class='ocrx_word' id='word_1_152' title='bbox 3531 901 3702 969; x_wconf 81' lang='lat' dir='ltr'><strong>patris</strong></span> 
     </span>
    </p>
   </div>
   <div class='ocr_carea' id='block_1_22' title="bbox 2132 983 3699 1059">
    <p class='ocr_par' dir='ltr' id='par_1_22' title="bbox 2132 983 3699 1059">
     <span class='ocr_line' id='line_1_22' title="bbox 2132 983 3699 1059; baseline 0.005 -22"><span class='ocrx_word' id='word_1_153' title='bbox 2132 983 2437 1053; x_wconf 82' lang='lat' dir='ltr'><strong>deponendi</strong></span> <span class='ocrx_word' id='word_1_154' title='bbox 2459 985 2741 1041; x_wconf 64' lang='lat' dir='ltr'><strong>infraznem</strong></span> <span class='ocrx_word' id='word_1_155' title='bbox 2767 988 2946 1043; x_wconf 89' lang='lat' dir='ltr'><strong>animo</strong></span> <span class='ocrx_word' id='word_1_156' title='bbox 2978 990 3536 1059; x_wconf 87' lang='lat' dir='ltr'><strong>eoncipitlibidinem.</strong></span> <span class='ocrx_word' id='word_1_157' title='bbox 3568 991 3699 1045; x_wconf 82' lang='lat' dir='ltr'>Rem</span> 
     </span>
    </p>
   </div>
   <div class='ocr_carea' id='block_1_23' title="bbox 2133 1074 3701 1153">
    <p class='ocr_par' dir='ltr' id='par_1_23' title="bbox 2133 1074 3701 1153">
     <span class='ocr_line' id='line_1_23' title="bbox 2133 1074 3701 1153; baseline 0.006 -28"><span class='ocrx_word' id='word_1_158' title='bbox 2133 1074 2316 1139; x_wconf 83' lang='lat' dir='ltr'><strong>itaque</strong></span> <span class='ocrx_word' id='word_1_159' title='bbox 2340 1092 2695 1147; x_wconf 81' lang='lat' dir='ltr'><strong>aggressurus</strong></span> <span class='ocrx_word' id='word_1_160' title='bbox 2739 1078 2890 1132; x_wconf 81' lang='lat' dir='ltr'><strong>fratri</strong></span> <span class='ocrx_word' id='word_1_161' title='bbox 2934 1095 3046 1133; x_wconf 92' lang='lat' dir='ltr'>rem</span> <span class='ocrx_word' id='word_1_162' title='bbox 3087 1097 3183 1151; x_wconf 89' lang='lat' dir='ltr'>per</span> <span class='ocrx_word' id='word_1_163' title='bbox 3218 1083 3475 1153; x_wconf 76' lang='lat' dir='ltr'><strong>ambages</strong></span> <span class='ocrx_word' id='word_1_164' title='bbox 3533 1084 3701 1153; x_wconf 87' lang='lat' dir='ltr'><strong>signi-</strong></span> 
     </span>
    </p>
   </div>
   <div class='ocr_carea' id='block_1_24' title="bbox 2132 1165 3702 1239">
    <p class='ocr_par' dir='ltr' id='par_1_24' title="bbox 2132 1165 3702 1239">
     <span class='ocr_line' id='line_1_24' title="bbox 2132 1165 3702 1239; baseline 0.004 -21"><span class='ocrx_word' id='word_1_165' title='bbox 2132 1165 2279 1220; x_wconf 87' lang='lat' dir='ltr'><strong>ﬁcat.</strong></span> <span class='ocrx_word' id='word_1_166' title='bbox 2310 1165 2480 1231; x_wconf 86' lang='lat' dir='ltr'><strong>Quem</strong></span> <span class='ocrx_word' id='word_1_167' title='bbox 2509 1184 2632 1222; x_wconf 91' lang='lat' dir='ltr'>eum</span> <span class='ocrx_word' id='word_1_168' title='bbox 2663 1170 2838 1238; x_wconf 92' lang='lat' dir='ltr'><strong>primo</strong></span> <span class='ocrx_word' id='word_1_169' title='bbox 2860 1170 3046 1225; x_wconf 88' lang='lat' dir='ltr'><strong>auditu</strong></span> <span class='ocrx_word' id='word_1_170' title='bbox 3074 1188 3294 1239; x_wconf 91' lang='lat' dir='ltr'><strong>prorsus</strong></span> <span class='ocrx_word' id='word_1_171' title='bbox 3316 1174 3384 1227; x_wconf 90' lang='lat' dir='ltr'>ab</span> <span class='ocrx_word' id='word_1_172' title='bbox 3416 1172 3518 1228; x_wconf 89' lang='lat' dir='ltr'>hoc</span> <span class='ocrx_word' id='word_1_173' title='bbox 3549 1174 3702 1227; x_wconf 91' lang='lat' dir='ltr'><strong>insti-</strong></span> 
     </span>
    </p>
   </div>
   <div class='ocr_carea' id='block_1_25' title="bbox 2130 1255 3701 1328">
    <p class='ocr_par' dir='ltr' id='par_1_25' title="bbox 2130 1255 3701 1328">
     <span class='ocr_line' id='line_1_25' title="bbox 2130 1255 3701 1328; baseline 0.002 -20"><span class='ocrx_word' id='word_1_174' title='bbox 2130 1263 2247 1309; x_wconf 87' lang='lat' dir='ltr'><strong>tuto</strong></span> <span class='ocrx_word' id='word_1_175' title='bbox 2262 1255 2494 1308; x_wconf 90' lang='lat' dir='ltr'><strong>alienum</strong></span> <span class='ocrx_word' id='word_1_176' title='bbox 2520 1272 2640 1311; x_wconf 89' lang='lat' dir='ltr'><strong>esse</strong></span> <span class='ocrx_word' id='word_1_177' title='bbox 2664 1257 2894 1322; x_wconf 77' lang='lat' dir='ltr'><strong>videret,</strong></span> <span class='ocrx_word' id='word_1_178' title='bbox 2915 1258 3229 1327; x_wconf 86' lang='lat' dir='ltr'><strong>hortarique.</strong></span> <span class='ocrx_word' id='word_1_179' title='bbox 3250 1269 3305 1311; x_wconf 93' lang='lat' dir='ltr'>nt</span> <span class='ocrx_word' id='word_1_180' title='bbox 3332 1260 3382 1311; x_wconf 93' lang='lat' dir='ltr'>in</span> <span class='ocrx_word' id='word_1_181' title='bbox 3401 1260 3501 1313; x_wconf 76' lang='lat' dir='ltr'><strong>fide</strong></span> <span class='ocrx_word' id='word_1_182' title='bbox 3521 1260 3701 1328; x_wconf 75' lang='lat' dir='ltr'><strong>potius</strong></span> 
     </span>
    </p>
   </div>
   <div class='ocr_carea' id='block_1_26' title="bbox 2128 1347 3696 1417">
    <p class='ocr_par' dir='ltr' id='par_1_26' title="bbox 2128 1347 3696 1417">
     <span class='ocr_line' id='line_1_26' title="bbox 2128 1347 3696 1417; baseline 0.001 -17"><span class='ocrx_word' id='word_1_183' title='bbox 2128 1347 2297 1417; x_wconf 85' lang='lat' dir='ltr'><strong>patris</strong></span> <span class='ocrx_word' id='word_1_184' title='bbox 2331 1363 2492 1417; x_wconf 92' lang='lat' dir='ltr'><strong>quam</strong></span> <span class='ocrx_word' id='word_1_185' title='bbox 2522 1348 2575 1400; x_wconf 91' lang='lat' dir='ltr'>in</span> <span class='ocrx_word' id='word_1_186' title='bbox 2598 1351 2804 1404; x_wconf 88' lang='lat' dir='ltr'><strong>sororis</strong></span> <span class='ocrx_word' id='word_1_187' title='bbox 2834 1348 3011 1403; x_wconf 89' lang='lat' dir='ltr'><strong>mariti</strong></span> <span class='ocrx_word' id='word_1_188' title='bbox 3046 1350 3281 1402; x_wconf 76' lang='lat' dir='ltr'><strong>amicitia</strong></span> <span class='ocrx_word' id='word_1_189' title='bbox 3305 1350 3696 1417; x_wconf 80' lang='lat' dir='ltr'><strong>acquiesceret,</strong></span> 
     </span>
    </p>
   </div>
   <div class='ocr_carea' id='block_1_27' title="bbox 2127 1439 3697 1510">
    <p class='ocr_par' dir='ltr' id='par_1_27' title="bbox 2127 1439 3697 1510">
     <span class='ocr_line' id='line_1_27' title="bbox 2127 1439 3697 1510; baseline 0 -16"><span class='ocrx_word' id='word_1_190' title='bbox 2127 1439 2329 1494; x_wconf 91' lang='lat' dir='ltr'><strong>omisso</strong></span> <span class='ocrx_word' id='word_1_191' title='bbox 2360 1454 2446 1501; x_wconf 90' lang='lat' dir='ltr'>eo,</span> <span class='ocrx_word' id='word_1_192' title='bbox 2485 1448 2543 1493; x_wconf 93' lang='lat' dir='ltr'>ut</span> <span class='ocrx_word' id='word_1_193' title='bbox 2570 1454 2730 1508; x_wconf 89' lang='lat' dir='ltr'><strong>quem</strong></span> <span class='ocrx_word' id='word_1_194' title='bbox 2754 1441 2853 1494; x_wconf 84' lang='lat' dir='ltr'><strong>sibi</strong></span> <span class='ocrx_word' id='word_1_195' title='bbox 2896 1441 3290 1509; x_wconf 87' lang='lat' dir='ltr'><strong>impedimento</strong></span> <span class='ocrx_word' id='word_1_196' title='bbox 3321 1440 3504 1510; x_wconf 86' lang='lat' dir='ltr'><strong>potius</strong></span> <span class='ocrx_word' id='word_1_197' title='bbox 3535 1456 3697 1509; x_wconf 89' lang='lat' dir='ltr'><strong>quam</strong></span> 
     </span>
    </p>
   </div>
   <div class='ocr_carea' id='block_1_28' title="bbox 2126 1531 3699 1602">
    <p class='ocr_par' dir='ltr' id='par_1_28' title="bbox 2126 1531 3699 1602">
     <span class='ocr_line' id='line_1_28' title="bbox 2126 1531 3699 1602; baseline 0 -16"><span class='ocrx_word' id='word_1_198' title='bbox 2126 1531 2328 1586; x_wconf 82' lang='lat' dir='ltr'><strong>auxilio</strong></span> <span class='ocrx_word' id='word_1_199' title='bbox 2387 1531 2503 1585; x_wconf 84' lang='lat' dir='ltr'><strong>fore</strong></span> <span class='ocrx_word' id='word_1_200' title='bbox 2533 1532 2824 1599; x_wconf 84' lang='lat' dir='ltr'><strong>judicaret,</strong></span> <span class='ocrx_word' id='word_1_201' title='bbox 2874 1532 2989 1602; x_wconf 91' lang='lat' dir='ltr'><strong>ipse</strong></span> <span class='ocrx_word' id='word_1_202' title='bbox 3033 1543 3297 1602; x_wconf 85' lang='lat' dir='ltr'><strong>quantum</strong></span> <span class='ocrx_word' id='word_1_203' title='bbox 3351 1548 3440 1588; x_wconf 90' lang='lat' dir='ltr'>res</span> <span class='ocrx_word' id='word_1_204' title='bbox 3474 1533 3699 1587; x_wconf 89' lang='lat' dir='ltr'><strong>omnino</strong></span> 
     </span>
    </p>
   </div>
   <div class='ocr_carea' id='block_1_29' title="bbox 2127 1623 3696 1696">
    <p class='ocr_par' dir='ltr' id='par_1_29' title="bbox 2127 1623 3696 1696">
     <span class='ocr_line' id='line_1_29' title="bbox 2127 1623 3696 1696; baseline 0.001 -20"><span class='ocrx_word' id='word_1_205' title='bbox 2127 1623 2314 1685; x_wconf 88' lang='lat' dir='ltr'><strong>ferret,</strong></span> <span class='ocrx_word' id='word_1_206' title='bbox 2348 1623 2571 1692; x_wconf 86' lang='lat' dir='ltr'><strong>exsequi</strong></span> <span class='ocrx_word' id='word_1_207' title='bbox 2600 1640 2752 1679; x_wconf 90' lang='lat' dir='ltr'><strong>suam</strong></span> <span class='ocrx_word' id='word_1_208' title='bbox 2810 1626 3136 1678; x_wconf 88' lang='lat' dir='ltr'><strong>sententiam</strong></span> <span class='ocrx_word' id='word_1_209' title='bbox 3167 1625 3418 1679; x_wconf 90' lang='lat' dir='ltr'><strong>intendit.</strong></span> <span class='ocrx_word' id='word_1_210' title='bbox 3464 1624 3603 1696; x_wconf 90' lang='lat' dir='ltr'><strong>Ergo</strong></span> <span class='ocrx_word' id='word_1_211' title='bbox 3644 1625 3696 1678; x_wconf 87' lang='lat' dir='ltr'>in</span> 
     </span>
    </p>
   </div>
   <div class='ocr_carea' id='block_1_30' title="bbox 2126 1717 3698 1787">
    <p class='ocr_par' dir='ltr' id='par_1_30' title="bbox 2126 1717 3698 1787">
     <span class='ocr_line' id='line_1_30' title="bbox 2126 1717 3698 1787; baseline -0.001 -15"><span class='ocrx_word' id='word_1_212' title='bbox 2126 1718 2440 1772; x_wconf 71' lang='lat' dir='ltr'><strong>societatem</strong></span> <span class='ocrx_word' id='word_1_213' title='bbox 2472 1718 2664 1782; x_wconf 90' lang='lat' dir='ltr'><strong>ascito,</strong></span> <span class='ocrx_word' id='word_1_214' title='bbox 2696 1727 2894 1787; x_wconf 66' lang='lat' dir='ltr'><strong>praeter</strong></span> <span class='ocrx_word' id='word_1_215' title='bbox 2918 1718 3196 1780; x_wconf 86' lang='lat' dir='ltr'><strong>Basilium,</strong></span> <span class='ocrx_word' id='word_1_216' title='bbox 3226 1718 3496 1777; x_wconf 85' lang='lat' dir='ltr'><strong>monacho</strong></span> <span class='ocrx_word' id='word_1_217' title='bbox 3532 1717 3698 1771; x_wconf 83' lang='lat' dir='ltr'><strong>etiam</strong></span> 
     </span>
    </p>
   </div>
   <div class='ocr_carea' id='block_1_31' title="bbox 2125 1808 3697 1880">
    <p class='ocr_par' dir='ltr' id='par_1_31' title="bbox 2125 1808 3697 1880">
     <span class='ocr_line' id='line_1_31' title="bbox 2125 1808 3697 1880; baseline 0 -19"><span class='ocrx_word' id='word_1_218' title='bbox 2125 1808 2386 1873; x_wconf 84' lang='lat' dir='ltr'><strong>Mariano,</strong></span> <span class='ocrx_word' id='word_1_219' title='bbox 2432 1810 2540 1862; x_wconf 87' lang='lat' dir='ltr'><strong>filio</strong></span> <span class='ocrx_word' id='word_1_220' title='bbox 2570 1809 2766 1864; x_wconf 84' lang='lat' dir='ltr'><strong>Leonis</strong></span> <span class='ocrx_word' id='word_1_221' title='bbox 2797 1809 3058 1880; x_wconf 84' lang='lat' dir='ltr'><strong>Argyri,a</strong></span> <span class='ocrx_word' id='word_1_222' title='bbox 3092 1811 3339 1862; x_wconf 70' lang='lat' dir='ltr'><strong>ltomano</strong></span> <span class='ocrx_word' id='word_1_223' title='bbox 3372 1808 3697 1876; x_wconf 78' lang='lat' dir='ltr'><strong>imperatore</strong></span> 
     </span>
    </p>
   </div>
   <div class='ocr_carea' id='block_1_32' title="bbox 441 1896 2182 1967">
    <p class='ocr_par' dir='ltr' id='par_1_32' title="bbox 441 1896 2182 1967">
     <span class='ocr_line' id='line_1_32' title="bbox 441 1896 2182 1967; baseline 0.003 -21"><span class='ocrx_word' id='word_1_224' title='bbox 441 1897 733 1967; x_wconf 79' lang='grc' dir='ltr'>ὑποσυρείς</span> <span class='ocrx_word' id='word_1_225' title='bbox 764 1901 876 1960; x_wconf 90' lang='grc' dir='ltr'>τοῖς</span> <span class='ocrx_word' id='word_1_226' title='bbox 920 1898 1096 1965; x_wconf 83' lang='grc' dir='ltr'>λόγοις</span> <span class='ocrx_word' id='word_1_227' title='bbox 1129 1899 1155 1949; x_wconf 85' lang='grc'>6</span> <span class='ocrx_word' id='word_1_228' title='bbox 1180 1898 1452 1966; x_wconf 83' lang='grc' dir='ltr'>Στέφανος</span> <span class='ocrx_word' id='word_1_229' title='bbox 1488 1896 1790 1965; x_wconf 73' lang='grc' dir='ltr'>κατεσχέθη</span> <span class='ocrx_word' id='word_1_230' title='bbox 1845 1912 1905 1946; x_wconf 88' lang='grc' dir='ltr'>τε</span> <span class='ocrx_word' id='word_1_231' title='bbox 1948 1896 2011 1965; x_wconf 82' lang='grc' dir='ltr'>τῇ</span> <span class='ocrx_word' id='word_1_232' title='bbox 2047 1896 2087 1949; x_wconf 86' lang='grc' dir='ltr'><strong><em>Β</em></strong></span> <span class='ocrx_word' id='word_1_233' title='bbox 2116 1914 2182 1967; x_wconf 88' lang='lat' dir='ltr'>qu</span> 
     </span>
    </p>
   </div>
   <div class='ocr_carea' id='block_1_33' title="bbox 1955 1896 3696 1967">
    <p class='ocr_par' dir='ltr' id='par_1_33' title="bbox 1955 1896 3696 1967">
     <span class='ocr_line' id='line_1_33' title="bbox 1955 1896 3696 1967; baseline 0.002 -21"><span class='ocrx_word' id='word_1_234' title='bbox 1955 1896 2011 1965; x_wconf 81' lang='grc' dir='ltr'>τῇ</span> <span class='ocrx_word' id='word_1_235' title='bbox 2047 1896 2087 1949; x_wconf 87' lang='grc' dir='ltr'><strong><em>Β</em></strong></span> <span class='ocrx_word' id='word_1_236' title='bbox 2116 1914 2276 1967; x_wconf 90' lang='lat' dir='ltr'><strong>quam</strong></span> <span class='ocrx_word' id='word_1_237' title='bbox 2300 1901 2534 1953; x_wconf 58' lang='lat' dir='ltr'><strong>maxime</strong></span> <span class='ocrx_word' id='word_1_238' title='bbox 2576 1900 2798 1964; x_wconf 86' lang='lat' dir='ltr'><strong>dilecto,</strong></span> <span class='ocrx_word' id='word_1_239' title='bbox 2823 1910 2878 1953; x_wconf 91' lang='lat' dir='ltr'>et</span> <span class='ocrx_word' id='word_1_240' title='bbox 2910 1899 3187 1952; x_wconf 88' lang='lat' dir='ltr'><strong>nonnullis</strong></span> <span class='ocrx_word' id='word_1_241' title='bbox 3210 1899 3348 1961; x_wconf 90' lang='lat' dir='ltr'><strong>aliis,</strong></span> <span class='ocrx_word' id='word_1_242' title='bbox 3372 1906 3566 1951; x_wconf 84' lang='lat' dir='ltr'><strong>nactus</strong></span> <span class='ocrx_word' id='word_1_243' title='bbox 3586 1912 3696 1965; x_wconf 86' lang='lat' dir='ltr'><strong>op—</strong></span> 
     </span>
    </p>
   </div>
   <div class='ocr_carea' id='block_1_34' title="bbox 439 1986 2018 2059">
    <p class='ocr_par' dir='ltr' id='par_1_34' title="bbox 439 1986 2018 2059">
     <span class='ocr_line' id='line_1_34' title="bbox 439 1986 2018 2059; baseline 0.001 -22"><span class='ocrx_word' id='word_1_244' title='bbox 439 1988 539 2055; x_wconf 79' lang='grc' dir='ltr'>τῆς</span> <span class='ocrx_word' id='word_1_245' title='bbox 569 1988 996 2057; x_wconf 63' lang='grc' dir='ltr'>αὐτοκρατορίας</span> <span class='ocrx_word' id='word_1_246' title='bbox 1018 1988 1283 2059; x_wconf 79' lang='grc' dir='ltr'>ἐπιθυμίᾳ</span> <span class='ocrx_word' id='word_1_247' title='bbox 1316 1990 1409 2041; x_wconf 79' lang='grc' dir='ltr'>καὶ</span> <span class='ocrx_word' id='word_1_248' title='bbox 1440 1990 1664 2057; x_wconf 76' lang='grc' dir='ltr'>ἄσχετον</span> <span class='ocrx_word' id='word_1_249' title='bbox 1690 1986 1869 2053; x_wconf 67' lang='grc' dir='ltr'>ὄρεξιν</span> <span class='ocrx_word' id='word_1_250' title='bbox 1925 1987 2018 2038; x_wconf 85' lang='grc' dir='ltr'>ἀν·</span> 
     </span>
    </p>
   </div>
   <div class='ocr_carea' id='block_1_35' title="bbox 439 2074 2020 2146">
    <p class='ocr_par' dir='ltr' id='par_1_35' title="bbox 439 2074 2020 2146">
     <span class='ocr_line' id='line_1_35' title="bbox 439 2074 2020 2146; baseline 0.008 -18"><span class='ocrx_word' id='word_1_251' title='bbox 439 2078 662 2142; x_wconf 77' lang='grc' dir='ltr'>εδέξατο</span> <span class='ocrx_word' id='word_1_252' title='bbox 689 2077 784 2130; x_wconf 80' lang='grc' dir='ltr'>τοῦ</span> <span class='ocrx_word' id='word_1_253' title='bbox 817 2080 1151 2146; x_wconf 83' lang='grc' dir='ltr'>καταγαγεῖν</span> <span class='ocrx_word' id='word_1_254' title='bbox 1178 2078 1269 2130; x_wconf 76' lang='grc' dir='ltr'>τὸν</span> <span class='ocrx_word' id='word_1_255' title='bbox 1303 2076 1497 2130; x_wconf 78' lang='grc' dir='ltr'>ἑαυτοῦ</span> <span class='ocrx_word' id='word_1_256' title='bbox 1545 2076 1757 2144; x_wconf 77' lang='grc' dir='ltr'>πατέρα</span> <span class='ocrx_word' id='word_1_257' title='bbox 1791 2076 1888 2143; x_wconf 82' lang='grc' dir='ltr'>τῆς</span> <span class='ocrx_word' id='word_1_258' title='bbox 1924 2074 2020 2143; x_wconf 77' lang='grc' dir='ltr'>βαι·</span> 
     </span>
    </p>
   </div>
   <div class='ocr_carea' id='block_1_36' title="bbox 440 2164 2021 2238">
    <p class='ocr_par' dir='ltr' id='par_1_36' title="bbox 440 2164 2021 2238">
     <span class='ocr_line' id='line_1_36' title="bbox 440 2164 2021 2238; baseline 0.001 -23"><span class='ocrx_word' id='word_1_259' title='bbox 440 2167 664 2229; x_wconf 77' lang='grc' dir='ltr'>σιλείας.</span> <span class='ocrx_word' id='word_1_260' title='bbox 728 2168 955 2221; x_wconf 81' lang='grc' dir='ltr'>Μέλλων</span> <span class='ocrx_word' id='word_1_261' title='bbox 993 2169 1049 2222; x_wconf 79' lang='grc' dir='ltr'>δὲ</span> <span class='ocrx_word' id='word_1_262' title='bbox 1080 2170 1348 2238; x_wconf 81' lang='grc' dir='ltr'>ἐγχειρεῖν</span> <span class='ocrx_word' id='word_1_263' title='bbox 1383 2169 1494 2230; x_wconf 87' lang='grc' dir='ltr'>τοῖς</span> <span class='ocrx_word' id='word_1_264' title='bbox 1538 2166 1771 2235; x_wconf 81' lang='grc' dir='ltr'>δοχθεῖσι</span> <span class='ocrx_word' id='word_1_265' title='bbox 1815 2168 1907 2218; x_wconf 70' lang='grc' dir='ltr'>καὶ</span> <span class='ocrx_word' id='word_1_266' title='bbox 1934 2164 2021 2217; x_wconf 85' lang='grc' dir='ltr'>λό-</span> 
     </span>
    </p>
   </div>
   <div class='ocr_carea' id='block_1_37' title="bbox 436 2256 2019 2330">
    <p class='ocr_par' dir='ltr' id='par_1_37' title="bbox 436 2256 2019 2330">
     <span class='ocr_line' id='line_1_37' title="bbox 436 2256 2019 2330; baseline 0 -21"><span class='ocrx_word' id='word_1_267' title='bbox 436 2276 565 2323; x_wconf 80' lang='grc' dir='ltr'>γους</span> <span class='ocrx_word' id='word_1_268' title='bbox 598 2260 1004 2330; x_wconf 82' lang='grc' dir='ltr'>αἰνιττομένους</span> <span class='ocrx_word' id='word_1_269' title='bbox 1030 2260 1090 2313; x_wconf 81' lang='grc' dir='ltr'>τὸ</span> <span class='ocrx_word' id='word_1_270' title='bbox 1124 2260 1556 2328; x_wconf 84' lang='grc' dir='ltr'>σπουδαζόμενον</span> <span class='ocrx_word' id='word_1_271' title='bbox 1582 2258 1904 2326; x_wconf 81' lang='grc' dir='ltr'>ὑποσπείρει</span> <span class='ocrx_word' id='word_1_272' title='bbox 1941 2256 2019 2327; x_wconf 83' lang='grc' dir='ltr'>τῷ</span> 
     </span>
    </p>
   </div>
   <div class='ocr_carea' id='block_1_38' title="bbox 436 2344 2019 2421">
    <p class='ocr_par' dir='ltr' id='par_1_38' title="bbox 436 2344 2019 2421">
     <span class='ocr_line' id='line_1_38' title="bbox 436 2344 2019 2421; baseline 0.001 -21"><span class='ocrx_word' id='word_1_273' title='bbox 436 2350 675 2420; x_wconf 80' lang='grc' dir='ltr'>ἀδελφῷ.</span> <span class='ocrx_word' id='word_1_274' title='bbox 719 2352 872 2403; x_wconf 82' lang='grc' dir='ltr'>Ἐπεὶ</span> <span class='ocrx_word' id='word_1_275' title='bbox 915 2351 960 2403; x_wconf 84' lang='grc' dir='ltr'>δ’</span> <span class='ocrx_word' id='word_1_276' title='bbox 986 2344 1139 2413; x_wconf 72' lang='grc' dir='ltr'>οὗτος</span> <span class='ocrx_word' id='word_1_277' title='bbox 1163 2352 1258 2404; x_wconf 74' lang='grc' dir='ltr'>καὶ</span> <span class='ocrx_word' id='word_1_278' title='bbox 1287 2352 1422 2421; x_wconf 71' lang='grc' dir='ltr'>πρὸς</span> <span class='ocrx_word' id='word_1_279' title='bbox 1459 2349 1559 2419; x_wconf 83' lang='grc' dir='ltr'>τὴν</span> <span class='ocrx_word' id='word_1_280' title='bbox 1594 2349 1819 2419; x_wconf 77' lang='grc' dir='ltr'>πρώτην</span> <span class='ocrx_word' id='word_1_281' title='bbox 1850 2349 2019 2419; x_wconf 82' lang='grc' dir='ltr'>ἀκοὴν</span> 
     </span>
    </p>
   </div>
   <div class='ocr_carea' id='block_1_39' title="bbox 434 2439 2021 2513">
    <p class='ocr_par' dir='ltr' id='par_1_39' title="bbox 434 2439 2021 2513">
     <span class='ocr_line' id='line_1_39' title="bbox 434 2439 2021 2513; baseline 0 -20"><span class='ocrx_word' id='word_1_282' title='bbox 434 2442 697 2508; x_wconf 82' lang='grc' dir='ltr'>ἄτεγκτος</span> <span class='ocrx_word' id='word_1_283' title='bbox 739 2439 827 2513; x_wconf 78' lang='grc' dir='ltr'>ἦν,</span> <span class='ocrx_word' id='word_1_284' title='bbox 885 2444 981 2495; x_wconf 79' lang='grc' dir='ltr'>καὶ</span> <span class='ocrx_word' id='word_1_285' title='bbox 1032 2443 1262 2513; x_wconf 72' lang='grc' dir='ltr'>παρῄνει</span> <span class='ocrx_word' id='word_1_286' title='bbox 1318 2441 1518 2511; x_wconf 65' lang='grc' dir='ltr'>μᾶλλον</span> <span class='ocrx_word' id='word_1_287' title='bbox 1555 2442 1630 2511; x_wconf 76' lang='grc' dir='ltr'>μὴ</span> <span class='ocrx_word' id='word_1_288' title='bbox 1684 2441 1906 2511; x_wconf 70' lang='grc' dir='ltr'>θαρρεῖν</span> <span class='ocrx_word' id='word_1_289' title='bbox 1945 2441 2021 2513; x_wconf 84' lang='grc' dir='ltr'>τῷ</span> 
     </span>
    </p>
   </div>
   <div class='ocr_carea' id='block_1_40' title="bbox 434 2532 2019 2605">
    <p class='ocr_par' dir='ltr' id='par_1_40' title="bbox 434 2532 2019 2605">
     <span class='ocr_line' id='line_1_40' title="bbox 434 2532 2019 2605; baseline 0.002 -21"><span class='ocrx_word' id='word_1_290' title='bbox 434 2534 693 2604; x_wconf 75' lang='grc' dir='ltr'>γαμϐρῷ,</span> <span class='ocrx_word' id='word_1_291' title='bbox 751 2534 888 2587; x_wconf 84' lang='grc' dir='ltr'>ἀλλά</span> <span class='ocrx_word' id='word_1_292' title='bbox 934 2536 1033 2605; x_wconf 84' lang='grc' dir='ltr'>τῆς</span> <span class='ocrx_word' id='word_1_293' title='bbox 1090 2534 1353 2605; x_wconf 79' lang='grc' dir='ltr'>πατρῴας</span> <span class='ocrx_word' id='word_1_294' title='bbox 1407 2536 1679 2587; x_wconf 71' lang='grc' dir='ltr'>ἐνουθέτει</span> <span class='ocrx_word' id='word_1_295' title='bbox 1740 2532 2019 2603; x_wconf 81' lang='grc' dir='ltr'>ἐξέχεσθαι</span> 
     </span>
    </p>
   </div>
   <div class='ocr_carea' id='block_1_41' title="bbox 2124 1985 3688 2057">
    <p class='ocr_par' dir='ltr' id='par_1_41' title="bbox 2124 1985 3688 2057">
     <span class='ocr_line' id='line_1_41' title="bbox 2124 1985 3688 2057; baseline -0.001 -17"><span class='ocrx_word' id='word_1_296' title='bbox 2124 1988 2514 2055; x_wconf 87' lang='lat' dir='ltr'><strong>portunitatem</strong></span> <span class='ocrx_word' id='word_1_297' title='bbox 2568 1987 2794 2055; x_wconf 89' lang='lat' dir='ltr'><strong>imperio</strong></span> <span class='ocrx_word' id='word_1_298' title='bbox 2852 1996 3060 2057; x_wconf 88' lang='lat' dir='ltr'><strong>patrem</strong></span> <span class='ocrx_word' id='word_1_299' title='bbox 3094 1986 3301 2055; x_wconf 87' lang='lat' dir='ltr'><strong>dejicit,</strong></span> <span class='ocrx_word' id='word_1_300' title='bbox 3342 1985 3429 2039; x_wconf 93' lang='lat' dir='ltr'>die</span> <span class='ocrx_word' id='word_1_301' title='bbox 3484 1985 3688 2039; x_wconf 89' lang='lat' dir='ltr'><strong>mensis</strong></span> 
     </span>
    </p>
   </div>
   <div class='ocr_carea' id='block_1_42' title="bbox 2127 2077 3693 2144">
    <p class='ocr_par' dir='ltr' id='par_1_42' title="bbox 2127 2077 3693 2144">
     <span class='ocr_line' id='line_1_42' title="bbox 2127 2077 3693 2144; baseline -0.002 -13"><span class='ocrx_word' id='word_1_302' title='bbox 2127 2078 2439 2132; x_wconf 89' lang='lat' dir='ltr'><strong>Decembris</strong></span> <span class='ocrx_word' id='word_1_303' title='bbox 2475 2077 2560 2143; x_wconf 79' lang='grc'>16,</span> <span class='ocrx_word' id='word_1_304' title='bbox 2597 2078 2893 2132; x_wconf 87' lang='lat' dir='ltr'><strong>indictione</strong></span> <span class='ocrx_word' id='word_1_305' title='bbox 2917 2078 2972 2141; x_wconf 74' lang='grc' dir='ltr'>ὅ,</span> <span class='ocrx_word' id='word_1_306' title='bbox 2999 2093 3144 2131; x_wconf 90' lang='lat' dir='ltr'><strong>anno</strong></span> <span class='ocrx_word' id='word_1_307' title='bbox 3167 2077 3326 2141; x_wconf 70' lang='grc'>6455,</span> <span class='ocrx_word' id='word_1_308' title='bbox 3359 2091 3561 2129; x_wconf 90' lang='lat' dir='ltr'><strong>annum</strong></span> <span class='ocrx_word' id='word_1_309' title='bbox 3583 2078 3693 2144; x_wconf 92' lang='lat' dir='ltr'>jam</span> 
     </span>
    </p>
   </div>
   <div class='ocr_carea' id='block_1_43' title="bbox 2121 2165 3695 2241">
    <p class='ocr_par' dir='ltr' id='par_1_43' title="bbox 2121 2165 3695 2241">
     <span class='ocr_line' id='line_1_43' title="bbox 2121 2165 3695 2241; baseline -0.001 -18"><span class='ocrx_word' id='word_1_310' title='bbox 2121 2170 2191 2224; x_wconf 73' lang='lat'><em>26</em></span> <span class='ocrx_word' id='word_1_311' title='bbox 2216 2170 2612 2241; x_wconf 85' lang='lat' dir='ltr'><strong>imperantem:</strong></span> <span class='ocrx_word' id='word_1_312' title='bbox 2646 2185 2709 2224; x_wconf 92' lang='lat' dir='ltr'>ac</span> <span class='ocrx_word' id='word_1_313' title='bbox 2746 2171 2799 2223; x_wconf 92' lang='lat' dir='ltr'>in</span> <span class='ocrx_word' id='word_1_314' title='bbox 2826 2169 2992 2241; x_wconf 69' lang='grc'>324</span> <span class='ocrx_word' id='word_1_315' title='bbox 3017 2171 3238 2223; x_wconf 90' lang='lat' dir='ltr'><strong>Protam</strong></span> <span class='ocrx_word' id='word_1_316' title='bbox 3287 2168 3522 2222; x_wconf 84' lang='lat' dir='ltr'><strong>insulam</strong></span> <span class='ocrx_word' id='word_1_317' title='bbox 3555 2165 3695 2221; x_wconf 81' lang='lat' dir='ltr'><strong>re&#39;e-</strong></span> 
     </span>
    </p>
   </div>
   <div class='ocr_carea' id='block_1_44' title="bbox 2123 2259 3692 2332">
    <p class='ocr_par' dir='ltr' id='par_1_44' title="bbox 2123 2259 3692 2332">
     <span class='ocr_line' id='line_1_44' title="bbox 2123 2259 3692 2332; baseline -0.002 -19"><span class='ocrx_word' id='word_1_318' title='bbox 2123 2270 2245 2331; x_wconf 88' lang='lat' dir='ltr'><strong>galo</strong></span> <span class='ocrx_word' id='word_1_319' title='bbox 2278 2264 2359 2315; x_wconf 88' lang='lat' dir='ltr'>vel</span> <span class='ocrx_word' id='word_1_320' title='bbox 2403 2261 2574 2315; x_wconf 88' lang='lat' dir='ltr'><strong>invito</strong></span> <span class='ocrx_word' id='word_1_321' title='bbox 2601 2262 2761 2332; x_wconf 82' lang='lat' dir='ltr'><strong>caput</strong></span> <span class='ocrx_word' id='word_1_322' title='bbox 2791 2262 2930 2316; x_wconf 91' lang='lat' dir='ltr'><strong>radit</strong></span> <span class='ocrx_word' id='word_1_323' title='bbox 2952 2272 3007 2315; x_wconf 91' lang='lat' dir='ltr'>et</span> <span class='ocrx_word' id='word_1_324' title='bbox 3044 2261 3295 2315; x_wconf 86' lang='lat' dir='ltr'><strong>monachi</strong></span> <span class='ocrx_word' id='word_1_325' title='bbox 3324 2260 3487 2313; x_wconf 87' lang='lat' dir='ltr'><strong>vitam</strong></span> <span class='ocrx_word' id='word_1_326' title='bbox 3521 2259 3692 2327; x_wconf 60' lang='lat' dir='ltr'><strong>impoo</strong></span> 
     </span>
    </p>
   </div>
   <div class='ocr_carea' id='block_1_45' title="bbox 2122 2348 3695 2423">
    <p class='ocr_par' dir='ltr' id='par_1_45' title="bbox 2122 2348 3695 2423">
     <span class='ocr_line' id='line_1_45' title="bbox 2122 2348 3695 2423; baseline -0.003 -17"><span class='ocrx_word' id='word_1_327' title='bbox 2122 2353 2223 2407; x_wconf 89' lang='lat' dir='ltr'><strong>nit.</strong></span> <span class='ocrx_word' id='word_1_328' title='bbox 2274 2352 2481 2408; x_wconf 80' lang='lat' dir='ltr'><strong>Exinde</strong></span> <span class='ocrx_word' id='word_1_329' title='bbox 2548 2353 2862 2423; x_wconf 87' lang='lat' dir='ltr'><strong>Stephanus</strong></span> <span class='ocrx_word' id='word_1_330' title='bbox 2922 2352 3111 2422; x_wconf 88' lang='lat' dir='ltr'><strong>majori</strong></span> <span class='ocrx_word' id='word_1_331' title='bbox 3157 2352 3337 2406; x_wconf 88' lang='lat' dir='ltr'><strong>studio</strong></span> <span class='ocrx_word' id='word_1_332' title='bbox 3388 2351 3548 2403; x_wconf 82' lang='lat' dir='ltr'><strong>rebus</strong></span> <span class='ocrx_word' id='word_1_333' title='bbox 3597 2348 3695 2402; x_wconf 90' lang='lat' dir='ltr'><strong>ad-</strong></span> 
     </span>
    </p>
   </div>
   <div class='ocr_carea' id='block_1_46' title="bbox 2123 2440 3695 2516">
    <p class='ocr_par' dir='ltr' id='par_1_46' title="bbox 2123 2440 3695 2516">
     <span class='ocr_line' id='line_1_46' title="bbox 2123 2440 3695 2516; baseline -0.003 -19"><span class='ocrx_word' id='word_1_334' title='bbox 2123 2444 2496 2500; x_wconf 83' lang='lat' dir='ltr'><strong>ministrandis</strong></span> <span class='ocrx_word' id='word_1_335' title='bbox 2548 2462 2605 2499; x_wconf 77' lang='lat' dir='ltr'>se</span> <span class='ocrx_word' id='word_1_336' title='bbox 2655 2446 2824 2511; x_wconf 91' lang='lat' dir='ltr'><strong>dedit,</strong></span> <span class='ocrx_word' id='word_1_337' title='bbox 2885 2445 3104 2516; x_wconf 86' lang='lat' dir='ltr'><strong>collegis</strong></span> <span class='ocrx_word' id='word_1_338' title='bbox 3156 2444 3350 2498; x_wconf 89' lang='lat' dir='ltr'><strong>marito</strong></span> <span class='ocrx_word' id='word_1_339' title='bbox 3401 2440 3605 2495; x_wconf 88' lang='lat' dir='ltr'><strong>sororis</strong></span> <span class='ocrx_word' id='word_1_340' title='bbox 3639 2449 3695 2493; x_wconf 87' lang='lat' dir='ltr'>et</span> 
     </span>
    </p>
   </div>
   <div class='ocr_carea' id='block_1_47' title="bbox 2124 2536 2311 2591">
    <p class='ocr_par' dir='ltr' id='par_1_47' title="bbox 2124 2536 2311 2591">
     <span class='ocr_line' id='line_1_47' title="bbox 2124 2536 2311 2591; baseline -0.005 -2"><span class='ocrx_word' id='word_1_341' title='bbox 2124 2536 2311 2591; x_wconf 80' lang='lat' dir='ltr'><strong>fratre.</strong></span> 
     </span>
    </p>
   </div>
   <div class='ocr_carea' id='block_1_48' title="bbox 434 2628 3689 2702">
    <p class='ocr_par' dir='ltr' id='par_1_48' title="bbox 434 2628 3689 2702">
     <span class='ocr_line' id='line_1_48' title="bbox 434 2628 3689 2702; baseline 0.001 -25"><span class='ocrx_word' id='word_1_342' title='bbox 434 2630 667 2692; x_wconf 73' lang='grc' dir='ltr'>πίστεως</span> <span class='ocrx_word' id='word_1_343' title='bbox 694 2631 787 2683; x_wconf 77' lang='grc' dir='ltr'>καὶ</span> <span class='ocrx_word' id='word_1_344' title='bbox 828 2630 1031 2700; x_wconf 73' lang='grc' dir='ltr'>φιλίας,</span> <span class='ocrx_word' id='word_1_345' title='bbox 1085 2628 1170 2700; x_wconf 80' lang='grc' dir='ltr'>[Ρ.</span> <span class='ocrx_word' id='word_1_346' title='bbox 1202 2628 1329 2701; x_wconf 76' lang='grc' dir='ltr'>δδι]</span> <span class='ocrx_word' id='word_1_347' title='bbox 1390 2630 1579 2682; x_wconf 80' lang='grc' dir='ltr'>τοῦτον</span> <span class='ocrx_word' id='word_1_348' title='bbox 1620 2630 1718 2698; x_wconf 83' lang='grc' dir='ltr'>μὲν</span> <span class='ocrx_word' id='word_1_349' title='bbox 1754 2628 2003 2698; x_wconf 80' lang='grc' dir='ltr'>παρῆκεν</span> <span class='ocrx_word' id='word_1_350' title='bbox 2041 2628 2115 2692; x_wconf 83' lang='grc' dir='ltr'>ὡς</span> <span class='ocrx_word' id='word_1_351' title='bbox 2172 2632 2426 2700; x_wconf 86' lang='grc' dir='ltr'>ἐμπόδιον</span> <span class='ocrx_word' id='word_1_352' title='bbox 2488 2633 2708 2702; x_wconf 77' lang='grc' dir='ltr'>μᾶλλον,</span> <span class='ocrx_word' id='word_1_353' title='bbox 2764 2632 2880 2686; x_wconf 82' lang='grc' dir='ltr'>ἀλλ’</span> <span class='ocrx_word' id='word_1_354' title='bbox 2963 2633 3025 2685; x_wconf 77' lang='grc' dir='ltr'>οὐ</span> <span class='ocrx_word' id='word_1_355' title='bbox 3087 2632 3347 2702; x_wconf 77' lang='grc' dir='ltr'>συνεργδν</span> <span class='ocrx_word' id='word_1_356' title='bbox 3414 2629 3689 2699; x_wconf 78' lang='grc' dir='ltr'>ἐσόμενον,</span> 
     </span>
    </p>
   </div>
   <div class='ocr_carea' id='block_1_49' title="bbox 431 2723 3678 2805">
    <p class='ocr_par' dir='ltr' id='par_1_49' title="bbox 431 2723 3678 2805">
     <span class='ocr_line' id='line_1_49' title="bbox 431 2723 3678 2805; baseline 0.002 -31"><span class='ocrx_word' id='word_1_357' title='bbox 431 2726 594 2786; x_wconf 71' lang='grc' dir='ltr'>αὐτὸς</span> <span class='ocrx_word' id='word_1_358' title='bbox 621 2724 665 2778; x_wconf 83' lang='grc' dir='ltr'>δ’</span> <span class='ocrx_word' id='word_1_359' title='bbox 702 2724 858 2794; x_wconf 78' lang='grc' dir='ltr'>ᾠήθη</span> <span class='ocrx_word' id='word_1_360' title='bbox 891 2724 968 2787; x_wconf 85' lang='grc' dir='ltr'>ὡς</span> <span class='ocrx_word' id='word_1_361' title='bbox 990 2723 1216 2781; x_wconf 81' lang='grc' dir='ltr'>ἁνυστὸν</span> <span class='ocrx_word' id='word_1_362' title='bbox 1256 2725 1579 2795; x_wconf 75' lang='grc' dir='ltr'>ἐγχειρῆσαι</span> <span class='ocrx_word' id='word_1_363' title='bbox 1607 2729 1719 2790; x_wconf 81' lang='grc' dir='ltr'>τοῖς</span> <span class='ocrx_word' id='word_1_364' title='bbox 1754 2728 2115 2799; x_wconf 83' lang='grc' dir='ltr'>δεδογμένοις.</span> <span class='ocrx_word' id='word_1_365' title='bbox 2169 2733 2737 2805; x_wconf 87' lang='grc' dir='ltr'>Προσεταιρισάμενος</span> <span class='ocrx_word' id='word_1_366' title='bbox 2774 2730 2867 2786; x_wconf 83' lang='grc' dir='ltr'>οὖν</span> <span class='ocrx_word' id='word_1_367' title='bbox 2946 2734 3041 2787; x_wconf 76' lang='grc' dir='ltr'>σὺν</span> <span class='ocrx_word' id='word_1_368' title='bbox 3129 2732 3205 2800; x_wconf 88' lang='grc' dir='ltr'>τῷ</span> <span class='ocrx_word' id='word_1_369' title='bbox 3258 2731 3476 2801; x_wconf 78' lang='grc' dir='ltr'>ῥηθέντι</span> <span class='ocrx_word' id='word_1_370' title='bbox 3517 2729 3678 2781; x_wconf 82' lang='grc' dir='ltr'>Βασι-</span> 
     </span>
    </p>
   </div>
   <div class='ocr_carea' id='block_1_50' title="bbox 429 2814 3691 2898">
    <p class='ocr_par' dir='ltr' id='par_1_50' title="bbox 429 2814 3691 2898">
     <span class='ocr_line' id='line_1_50' title="bbox 429 2814 3691 2898; baseline 0.003 -34"><span class='ocrx_word' id='word_1_371' title='bbox 429 2814 562 2885; x_wconf 79' lang='grc' dir='ltr'>λεέῳ</span> <span class='ocrx_word' id='word_1_372' title='bbox 594 2815 684 2867; x_wconf 74' lang='grc' dir='ltr'>καὶ</span> <span class='ocrx_word' id='word_1_373' title='bbox 712 2815 803 2868; x_wconf 83' lang='grc' dir='ltr'>τὸν</span> <span class='ocrx_word' id='word_1_374' title='bbox 836 2815 1069 2886; x_wconf 69' lang='grc' dir='ltr'>μοναχὸν</span> <span class='ocrx_word' id='word_1_375' title='bbox 1092 2816 1375 2885; x_wconf 85' lang='grc' dir='ltr'>Μαριανδν</span> <span class='ocrx_word' id='word_1_376' title='bbox 1405 2816 1498 2869; x_wconf 84' lang='grc' dir='ltr'>τὸν</span> <span class='ocrx_word' id='word_1_377' title='bbox 1532 2817 1645 2870; x_wconf 75' lang='grc' dir='ltr'>υἱὸν</span> <span class='ocrx_word' id='word_1_378' title='bbox 1670 2819 1899 2885; x_wconf 89' lang='grc' dir='ltr'>Λέοντος</span> <span class='ocrx_word' id='word_1_379' title='bbox 1924 2823 2017 2875; x_wconf 84' lang='grc' dir='ltr'>τοῦ</span> <span class='ocrx_word' id='word_1_380' title='bbox 2063 2824 2351 2898; x_wconf 78' lang='grc' dir='ltr'>Ἀργυροῦ,</span> <span class='ocrx_word' id='word_1_381' title='bbox 2380 2827 2484 2879; x_wconf 82' lang='grc' dir='ltr'>ὑπὸ</span> <span class='ocrx_word' id='word_1_382' title='bbox 2504 2825 2596 2878; x_wconf 82' lang='grc' dir='ltr'>τοῦ</span> <span class='ocrx_word' id='word_1_383' title='bbox 2619 2824 2881 2895; x_wconf 81' lang='grc' dir='ltr'>βασιλέως</span> <span class='ocrx_word' id='word_1_384' title='bbox 2929 2822 3210 2894; x_wconf 82' lang='grc' dir='ltr'>Ῥωμανοῦ</span> <span class='ocrx_word' id='word_1_385' title='bbox 3286 2822 3407 2875; x_wconf 88' lang='grc' dir='ltr'>λίαν</span> <span class='ocrx_word' id='word_1_386' title='bbox 3456 2823 3553 2874; x_wconf 76' lang='grc' dir='ltr'>καὶ</span> <span class='ocrx_word' id='word_1_387' title='bbox 3607 2837 3691 2873; x_wconf 89' lang='grc' dir='ltr'>τι-</span> 
     </span>
    </p>
   </div>
   <div class='ocr_carea' id='block_1_51' title="bbox 431 2906 3687 2989">
    <p class='ocr_par' dir='ltr' id='par_1_51' title="bbox 431 2906 3687 2989">
     <span class='ocr_line' id='line_1_51' title="bbox 431 2906 3687 2989; baseline 0.002 -33"><span class='ocrx_word' id='word_1_388' title='bbox 431 2906 685 2975; x_wconf 82' lang='grc' dir='ltr'>μώμενον</span> <span class='ocrx_word' id='word_1_389' title='bbox 738 2908 833 2960; x_wconf 65' lang='grc' dir='ltr'>καὶ¹</span> <span class='ocrx_word' id='word_1_390' title='bbox 871 2907 1284 2977; x_wconf 83' lang='grc' dir='ltr'>πιστευόμενον,</span> <span class='ocrx_word' id='word_1_391' title='bbox 1340 2908 1432 2962; x_wconf 84' lang='grc' dir='ltr'>καί</span> <span class='ocrx_word' id='word_1_392' title='bbox 1477 2927 1631 2974; x_wconf 86' lang='grc' dir='ltr'>τινας</span> <span class='ocrx_word' id='word_1_393' title='bbox 1684 2911 1877 2976; x_wconf 80' lang='grc' dir='ltr'>ἄλλους</span> <span class='ocrx_word' id='word_1_394' title='bbox 1949 2915 2046 2968; x_wconf 85' lang='grc' dir='ltr'>σὺν</span> <span class='ocrx_word' id='word_1_395' title='bbox 2112 2917 2315 2985; x_wconf 85' lang='grc' dir='ltr'>αὐτοῖς,</span> <span class='ocrx_word' id='word_1_396' title='bbox 2358 2919 2694 2989; x_wconf 82' lang='grc' dir='ltr'>εὐκαιρήσας</span> <span class='ocrx_word' id='word_1_397' title='bbox 2728 2918 2985 2986; x_wconf 82' lang='grc' dir='ltr'>κατασπᾷ</span> <span class='ocrx_word' id='word_1_398' title='bbox 3013 2917 3103 2968; x_wconf 76' lang='grc' dir='ltr'>τὸν</span> <span class='ocrx_word' id='word_1_399' title='bbox 3148 2913 3314 2967; x_wconf 82' lang='grc' dir='ltr'>αὑτοῦ</span> <span class='ocrx_word' id='word_1_400' title='bbox 3350 2915 3562 2983; x_wconf 81' lang='grc' dir='ltr'>πατέρα</span> <span class='ocrx_word' id='word_1_401' title='bbox 3589 2913 3687 2982; x_wconf 80' lang='grc' dir='ltr'>τῆς</span> 
     </span>
    </p>
   </div>
   <div class='ocr_carea' id='block_1_52' title="bbox 427 3000 3685 3079">
    <p class='ocr_par' dir='ltr' id='par_1_52' title="bbox 427 3000 3685 3079">
     <span class='ocr_line' id='line_1_52' title="bbox 427 3000 3685 3079; baseline -0.004 -12"><span class='ocrx_word' id='word_1_402' title='bbox 427 3000 624 3068; x_wconf 69' lang='grc' dir='ltr'>ἀρκῆςν</span> <span class='ocrx_word' id='word_1_403' title='bbox 677 3001 807 3068; x_wconf 78' lang='grc' dir='ltr'>μηνὶ</span> <span class='ocrx_word' id='word_1_404' title='bbox 834 3000 1153 3071; x_wconf 66' lang='grc' dir='ltr'>Δεκεμδρίῳ</span> <span class='ocrx_word' id='word_1_405' title='bbox 1208 3006 1305 3065; x_wconf 74' lang='grc' dir='ltr'>ις’.</span> <span class='ocrx_word' id='word_1_406' title='bbox 1349 3000 1676 3065; x_wconf 79' lang='grc' dir='ltr'>ῑνδικτιῶνος</span> <span class='ocrx_word' id='word_1_407' title='bbox 1716 3010 1782 3070; x_wconf 85' lang='grc' dir='ltr'>γ’,</span> <span class='ocrx_word' id='word_1_408' title='bbox 1839 3006 1989 3067; x_wconf 72' lang='grc' dir='ltr'>ἔτους</span> <span class='ocrx_word' id='word_1_409' title='bbox 2034 3008 2236 3079; x_wconf 50' lang='grc' dir='ltr'>,ςυνγζ</span> <span class='ocrx_word' id='word_1_410' title='bbox 2265 3018 2356 3075; x_wconf 87' lang='grc' dir='ltr'>κς¹</span> <span class='ocrx_word' id='word_1_411' title='bbox 2389 3011 2621 3063; x_wconf 84' lang='grc' dir='ltr'>ἀνύοντα</span> <span class='ocrx_word' id='word_1_412' title='bbox 2652 3013 2709 3063; x_wconf 87' lang='grc' dir='ltr'>ἐν</span> <span class='ocrx_word' id='word_1_413' title='bbox 2727 3013 2792 3079; x_wconf 76' lang='grc' dir='ltr'>τῇ</span> <span class='ocrx_word' id='word_1_414' title='bbox 2824 3008 3071 3078; x_wconf 81' lang='grc' dir='ltr'>βασιλείᾳ</span> <span class='ocrx_word' id='word_1_415' title='bbox 3118 3006 3399 3070; x_wconf 83' lang='grc' dir='ltr'>ἐνιαυτὸν,</span> <span class='ocrx_word' id='word_1_416' title='bbox 3463 3005 3559 3057; x_wconf 72' lang='grc' dir='ltr'>καὶ</span> <span class='ocrx_word' id='word_1_417' title='bbox 3616 3007 3685 3073; x_wconf 84' lang='grc' dir='ltr'>τῇ</span> 
     </span>
    </p>
   </div>
   <div class='ocr_carea' id='block_1_53' title="bbox 428 3094 3684 3173">
    <p class='ocr_par' dir='ltr' id='par_1_53' title="bbox 428 3094 3684 3173">
     <span class='ocr_line' id='line_1_53' title="bbox 428 3094 3684 3173; baseline 0.001 -28"><span class='ocrx_word' id='word_1_418' title='bbox 428 3098 581 3165; x_wconf 77' lang='grc' dir='ltr'>νήσῳ</span> <span class='ocrx_word' id='word_1_419' title='bbox 608 3094 807 3165; x_wconf 81' lang='grc' dir='ltr'>Πρώτῃ</span> <span class='ocrx_word' id='word_1_420' title='bbox 838 3094 1165 3165; x_wconf 79' lang='grc' dir='ltr'>περιορίξει,</span> <span class='ocrx_word' id='word_1_421' title='bbox 1238 3095 1542 3165; x_wconf 83' lang='grc' dir='ltr'>ἀποκείρας</span> <span class='ocrx_word' id='word_1_422' title='bbox 1603 3099 1697 3151; x_wconf 71' lang='grc' dir='ltr'>καὶ</span> <span class='ocrx_word' id='word_1_423' title='bbox 1762 3098 1963 3152; x_wconf 84' lang='grc' dir='ltr'>ἄκοντα</span> <span class='ocrx_word' id='word_1_424' title='bbox 2012 3100 2202 3154; x_wconf 79' lang='grc' dir='ltr'>τοῦτον</span> <span class='ocrx_word' id='word_1_425' title='bbox 2278 3106 2534 3173; x_wconf 81' lang='grc' dir='ltr'>μοναχόν.</span> <span class='ocrx_word' id='word_1_426' title='bbox 2610 3102 3038 3172; x_wconf 83' lang='grc' dir='ltr'>Κατενεχθέντος</span> <span class='ocrx_word' id='word_1_427' title='bbox 3108 3098 3200 3152; x_wconf 78' lang='grc' dir='ltr'>οὖν</span> <span class='ocrx_word' id='word_1_428' title='bbox 3243 3098 3336 3150; x_wconf 70' lang='grc' dir='ltr'>τοῦ</span> <span class='ocrx_word' id='word_1_429' title='bbox 3404 3096 3684 3165; x_wconf 83' lang='grc' dir='ltr'>Ῥωμανοῦ</span> 
     </span>
    </p>
   </div>
   <div class='ocr_carea' id='block_1_54' title="bbox 428 3188 3680 3270">
    <p class='ocr_par' dir='ltr' id='par_1_54' title="bbox 428 3188 3680 3270">
     <span class='ocr_line' id='line_1_54' title="bbox 428 3188 3680 3270; baseline 0.002 -31"><span class='ocrx_word' id='word_1_430' title='bbox 428 3189 633 3250; x_wconf 60' lang='grc' dir='ltr'>ειθέως</span> <span class='ocrx_word' id='word_1_431' title='bbox 660 3190 687 3240; x_wconf 98' lang='lat'>6</span> <span class='ocrx_word' id='word_1_432' title='bbox 724 3188 995 3256; x_wconf 77' lang='grc' dir='ltr'>Στέφανος</span> <span class='ocrx_word' id='word_1_433' title='bbox 1042 3189 1437 3261; x_wconf 87' lang='grc' dir='ltr'>γενναιοτέρως</span> <span class='ocrx_word' id='word_1_434' title='bbox 1470 3191 1672 3261; x_wconf 76' lang='grc' dir='ltr'>ἥπτετο</span> <span class='ocrx_word' id='word_1_435' title='bbox 1690 3194 1797 3246; x_wconf 83' lang='grc' dir='ltr'>τῶν</span> <span class='ocrx_word' id='word_1_436' title='bbox 1823 3198 2184 3265; x_wconf 88' lang='grc' dir='ltr'>πραγμάτων,</span> <span class='ocrx_word' id='word_1_437' title='bbox 2208 3199 2775 3270; x_wconf 73' lang='grc' dir='ltr'>κοινοπραγμονοῦντα</span> <span class='ocrx_word' id='word_1_438' title='bbox 2829 3198 2968 3268; x_wconf 76' lang='grc' dir='ltr'>ἔχων</span> <span class='ocrx_word' id='word_1_439' title='bbox 3030 3197 3118 3249; x_wconf 74' lang='grc' dir='ltr'>τόν</span> <span class='ocrx_word' id='word_1_440' title='bbox 3164 3212 3222 3247; x_wconf 91' lang='grc' dir='ltr'>τε</span> <span class='ocrx_word' id='word_1_441' title='bbox 3278 3191 3527 3262; x_wconf 65' lang='grc' dir='ltr'>γαμϐρδν</span> <span class='ocrx_word' id='word_1_442' title='bbox 3585 3192 3680 3243; x_wconf 75' lang='grc' dir='ltr'>καὶ</span> 
     </span>
    </p>
   </div>
   <div class='ocr_carea' id='block_1_55' title="bbox 426 3284 793 3352">
    <p class='ocr_par' dir='ltr' id='par_1_55' title="bbox 426 3284 793 3352">
     <span class='ocr_line' id='line_1_55' title="bbox 426 3284 793 3352; baseline 0.008 -16"><span class='ocrx_word' id='word_1_443' title='bbox 426 3285 518 3336; x_wconf 66' lang='grc' dir='ltr'>τὸ)</span> <span class='ocrx_word' id='word_1_444' title='bbox 544 3284 793 3352; x_wconf 70' lang='grc' dir='ltr'>ἀδελφόν.</span> 
     </span>
    </p>
   </div>
   <div class='ocr_carea' id='block_1_56' title="bbox 501 3374 2242 3446">
    <p class='ocr_par' dir='ltr' id='par_1_56' title="bbox 501 3374 2242 3446">
     <span class='ocr_line' id='line_1_56' title="bbox 501 3374 2242 3446; baseline 0.002 -18"><span class='ocrx_word' id='word_1_445' title='bbox 501 3375 659 3428; x_wconf 77' lang='grc' dir='ltr'>Ἐπεὶ</span> <span class='ocrx_word' id='word_1_446' title='bbox 686 3374 741 3427; x_wconf 85' lang='grc' dir='ltr'>δὲ</span> <span class='ocrx_word' id='word_1_447' title='bbox 771 3374 846 3443; x_wconf 82' lang='grc' dir='ltr'>μὴ</span> <span class='ocrx_word' id='word_1_448' title='bbox 877 3376 936 3427; x_wconf 89' lang='grc' dir='ltr'>ἐν</span> <span class='ocrx_word' id='word_1_449' title='bbox 966 3375 1130 3427; x_wconf 82' lang='grc' dir='ltr'>πᾶσιν</span> <span class='ocrx_word' id='word_1_450' title='bbox 1159 3375 1361 3443; x_wconf 82' lang='grc' dir='ltr'>ὁμοίως</span> <span class='ocrx_word' id='word_1_451' title='bbox 1391 3377 1710 3446; x_wconf 77' lang='grc' dir='ltr'>ἠρέσκοντο,</span> <span class='ocrx_word' id='word_1_452' title='bbox 1749 3382 1864 3434; x_wconf 90' lang='grc' dir='ltr'>ἀλλ’</span> <span class='ocrx_word' id='word_1_453' title='bbox 1897 3384 2009 3437; x_wconf 78' lang='grc' dir='ltr'>ἔσθ’</span> <span class='ocrx_word' id='word_1_454' title='bbox 2039 3386 2084 3445; x_wconf 85' lang='lat' dir='ltr'>C</span> <span class='ocrx_word' id='word_1_455' title='bbox 2186 3384 2242 3445; x_wconf 74' lang='lat' dir='ltr'><strong>Qi</strong></span> 
     </span>
    </p>
   </div>
   <div class='ocr_carea' id='block_1_57' title="bbox 1942 3374 3683 3446">
    <p class='ocr_par' dir='ltr' id='par_1_57' title="bbox 1942 3377 3683 3445">
     <span class='ocr_line' id='line_1_57' title="bbox 1942 3377 3683 3445; baseline -0.005 -10"><span class='ocrx_word' id='word_1_456' title='bbox 1942 3384 2009 3437; x_wconf 72' lang='grc' dir='ltr'>ιϐ’</span> <span class='ocrx_word' id='word_1_457' title='bbox 2039 3386 2084 3445; x_wconf 87' lang='lat' dir='ltr'><strong>C</strong></span> <span class='ocrx_word' id='word_1_458' title='bbox 2186 3383 2325 3445; x_wconf 79' lang='lat' dir='ltr'><strong>Quia</strong></span> <span class='ocrx_word' id='word_1_459' title='bbox 2355 3397 2484 3437; x_wconf 89' lang='lat' dir='ltr'><strong>vero</strong></span> <span class='ocrx_word' id='word_1_460' title='bbox 2510 3396 2618 3434; x_wconf 91' lang='lat' dir='ltr'>non</span> <span class='ocrx_word' id='word_1_461' title='bbox 2651 3381 2836 3434; x_wconf 90' lang='lat' dir='ltr'><strong>eadem</strong></span> <span class='ocrx_word' id='word_1_462' title='bbox 2892 3378 3148 3433; x_wconf 87' lang='lat' dir='ltr'><strong>omnibus</strong></span> <span class='ocrx_word' id='word_1_463' title='bbox 3197 3377 3587 3445; x_wconf 82' lang='lat' dir='ltr'><strong>probabantur,</strong></span> <span class='ocrx_word' id='word_1_464' title='bbox 3619 3390 3683 3429; x_wconf 81' lang='lat' dir='ltr'>ex</span> 
     </span>
    </p>
   </div>
   <div class='ocr_carea' id='block_1_58' title="bbox 424 3466 2008 3545">
    <p class='ocr_par' dir='ltr' id='par_1_58' title="bbox 424 3466 2008 3545">
     <span class='ocr_line' id='line_1_58' title="bbox 424 3466 2008 3545; baseline 0.004 -25"><span class='ocrx_word' id='word_1_465' title='bbox 424 3470 535 3538; x_wconf 71' lang='grc' dir='ltr'>ὅπῃ</span> <span class='ocrx_word' id='word_1_466' title='bbox 576 3468 669 3519; x_wconf 68' lang='grc' dir='ltr'>καλ⁵</span> <span class='ocrx_word' id='word_1_467' title='bbox 692 3467 765 3518; x_wconf 82' lang='grc' dir='ltr'>διε</span> <span class='ocrx_word' id='word_1_468' title='bbox 781 3466 1004 3532; x_wconf 60' lang='grc' dir='ltr'>ξὼνουν,</span> <span class='ocrx_word' id='word_1_469' title='bbox 1035 3468 1177 3537; x_wconf 84' lang='grc' dir='ltr'>ἀρχὴ</span> <span class='ocrx_word' id='word_1_470' title='bbox 1203 3470 1674 3538; x_wconf 88' lang='grc' dir='ltr'>προσκρουμάτων</span> <span class='ocrx_word' id='word_1_471' title='bbox 1704 3474 1768 3524; x_wconf 88' lang='grc' dir='ltr'>ἐκ</span> <span class='ocrx_word' id='word_1_472' title='bbox 1803 3474 2008 3545; x_wconf 83' lang='grc' dir='ltr'>ταύτης</span> 
     </span>
    </p>
   </div>
   <div class='ocr_carea' id='block_1_59' title="bbox 424 3560 2007 3633">
    <p class='ocr_par' dir='ltr' id='par_1_59' title="bbox 424 3560 2007 3633">
     <span class='ocr_line' id='line_1_59' title="bbox 424 3560 2007 3633; baseline 0.003 -19"><span class='ocrx_word' id='word_1_473' title='bbox 424 3564 528 3632; x_wconf 76' lang='grc' dir='ltr'>τῆς</span> <span class='ocrx_word' id='word_1_474' title='bbox 580 3564 760 3624; x_wconf 78' lang='grc' dir='ltr'>αὶτίας</span> <span class='ocrx_word' id='word_1_475' title='bbox 805 3560 1020 3628; x_wconf 78' lang='grc' dir='ltr'>ἐφύετο,</span> <span class='ocrx_word' id='word_1_476' title='bbox 1070 3561 1164 3614; x_wconf 76' lang='grc' dir='ltr'>καὶ</span> <span class='ocrx_word' id='word_1_477' title='bbox 1222 3563 1543 3616; x_wconf 86' lang='grc' dir='ltr'>ὑπώπτευον</span> <span class='ocrx_word' id='word_1_478' title='bbox 1597 3565 1857 3633; x_wconf 82' lang='grc' dir='ltr'>ἀλλήλους</span> <span class='ocrx_word' id='word_1_479' title='bbox 1913 3571 2007 3623; x_wconf 80' lang='grc' dir='ltr'>καὶ</span> 
     </span>
    </p>
   </div>
   <div class='ocr_carea' id='block_1_60' title="bbox 427 3653 2004 3729">
    <p class='ocr_par' dir='ltr' id='par_1_60' title="bbox 427 3653 2004 3729">
     <span class='ocr_line' id='line_1_60' title="bbox 427 3653 2004 3729; baseline 0.001 -20"><span class='ocrx_word' id='word_1_480' title='bbox 427 3655 745 3726; x_wconf 78' lang='grc' dir='ltr'>ὑφωρῶντο,</span> <span class='ocrx_word' id='word_1_481' title='bbox 784 3653 874 3708; x_wconf 79' lang='grc' dir='ltr'>τὸν</span> <span class='ocrx_word' id='word_1_482' title='bbox 916 3653 1015 3723; x_wconf 84' lang='grc' dir='ltr'>μὲν</span> <span class='ocrx_word' id='word_1_483' title='bbox 1073 3656 1579 3725; x_wconf 76' lang='grc' dir='ltr'>πορφυρογέννητον</span> <span class='ocrx_word' id='word_1_484' title='bbox 1634 3660 1662 3710; x_wconf 94' lang='lat'>6</span> <span class='ocrx_word' id='word_1_485' title='bbox 1716 3660 2004 3729; x_wconf 81' lang='grc' dir='ltr'>Στέφανος,</span> 
     </span>
    </p>
   </div>
   <div class='ocr_carea' id='block_1_61' title="bbox 426 3740 2006 3824">
    <p class='ocr_par' dir='ltr' id='par_1_61' title="bbox 426 3740 2006 3824">
     <span class='ocr_line' id='line_1_61' title="bbox 426 3740 2006 3824; baseline 0.004 -25"><span class='ocrx_word' id='word_1_486' title='bbox 426 3750 633 3809; x_wconf 76' lang='grc' dir='ltr'>ἐκεῖνος</span> <span class='ocrx_word' id='word_1_487' title='bbox 674 3746 729 3798; x_wconf 82' lang='grc' dir='ltr'>δὲ</span> <span class='ocrx_word' id='word_1_488' title='bbox 762 3740 918 3806; x_wconf 76' lang='grc' dir='ltr'>αὖθις</span> <span class='ocrx_word' id='word_1_489' title='bbox 958 3747 983 3797; x_wconf 92' lang='lat'>6</span> <span class='ocrx_word' id='word_1_490' title='bbox 1011 3747 1542 3815; x_wconf 83' lang='grc' dir='ltr'>πορφυρογέννητος,</span> <span class='ocrx_word' id='word_1_491' title='bbox 1570 3750 1664 3801; x_wconf 75' lang='grc' dir='ltr'>καὶ</span> <span class='ocrx_word' id='word_1_492' title='bbox 1694 3752 1814 3805; x_wconf 83' lang='grc' dir='ltr'>κατ’</span> <span class='ocrx_word' id='word_1_493' title='bbox 1841 3753 2006 3824; x_wconf 74' lang='grc' dir='ltr'>ἀλλή-</span> 
     </span>
    </p>
   </div>
   <div class='ocr_carea' id='block_1_62' title="bbox 424 3837 2007 3912">
    <p class='ocr_par' dir='ltr' id='par_1_62' title="bbox 424 3837 2007 3912">
     <span class='ocr_line' id='line_1_62' title="bbox 424 3837 2007 3912; baseline 0.006 -24"><span class='ocrx_word' id='word_1_494' title='bbox 424 3840 532 3890; x_wconf 72' lang='grc' dir='ltr'>ἒων</span> <span class='ocrx_word' id='word_1_495' title='bbox 571 3839 800 3892; x_wconf 77' lang='grc' dir='ltr'>ἕκαστον</span> <span class='ocrx_word' id='word_1_496' title='bbox 825 3837 1081 3907; x_wconf 79' lang='grc' dir='ltr'>ἐμελέτα.</span> <span class='ocrx_word' id='word_1_497' title='bbox 1140 3839 1248 3890; x_wconf 82' lang='grc' dir='ltr'>Καὶ</span> <span class='ocrx_word' id='word_1_498' title='bbox 1280 3839 1516 3907; x_wconf 83' lang='grc' dir='ltr'>σπουδὴν</span> <span class='ocrx_word' id='word_1_499' title='bbox 1549 3842 1647 3909; x_wconf 78' lang='grc' dir='ltr'>μὲν</span> <span class='ocrx_word' id='word_1_500' title='bbox 1670 3846 1696 3894; x_wconf 89' lang='grc' dir='ltr'>ὁ</span> <span class='ocrx_word' id='word_1_501' title='bbox 1728 3845 2007 3912; x_wconf 71' lang='grc' dir='ltr'>Στέιιρανος</span> 
     </span>
    </p>
   </div>
   <div class='ocr_carea' id='block_1_63' title="bbox 426 3930 2005 4000">
    <p class='ocr_par' dir='ltr' id='par_1_63' title="bbox 426 3930 2005 4000">
     <span class='ocr_line' id='line_1_63' title="bbox 426 3930 2005 4000; baseline 0.005 -17"><span class='ocrx_word' id='word_1_502' title='bbox 426 3932 519 3983; x_wconf 78' lang='grc' dir='ltr'>καὶ</span> <span class='ocrx_word' id='word_1_503' title='bbox 553 3930 741 3996; x_wconf 83' lang='grc' dir='ltr'>ἀγῶνα</span> <span class='ocrx_word' id='word_1_504' title='bbox 773 3931 832 3983; x_wconf 82' lang='grc' dir='ltr'>οὐ</span> <span class='ocrx_word' id='word_1_505' title='bbox 865 3930 954 3981; x_wconf 70' lang='grc' dir='ltr'>τὸν</span> <span class='ocrx_word' id='word_1_506' title='bbox 988 3930 1215 4000; x_wconf 88' lang='grc' dir='ltr'>τυχόντα</span> <span class='ocrx_word' id='word_1_507' title='bbox 1242 3931 1603 3985; x_wconf 84' lang='grc' dir='ltr'>κατεϐάλλετο</span> <span class='ocrx_word' id='word_1_508' title='bbox 1627 3935 1706 3996; x_wconf 77' lang='grc' dir='ltr'>εἰς</span> <span class='ocrx_word' id='word_1_509' title='bbox 1745 3935 1806 3987; x_wconf 83' lang='grc' dir='ltr'>τὸ</span> <span class='ocrx_word' id='word_1_510' title='bbox 1872 3955 2005 3991; x_wconf 89' lang='grc' dir='ltr'>κατ-</span> 
     </span>
    </p>
   </div>
   <div class='ocr_carea' id='block_1_64' title="bbox 425 4019 2005 4096">
    <p class='ocr_par' dir='ltr' id='par_1_64' title="bbox 425 4019 2005 4096">
     <span class='ocr_line' id='line_1_64' title="bbox 425 4019 2005 4096; baseline 0.006 -27"><span class='ocrx_word' id='word_1_511' title='bbox 425 4023 658 4087; x_wconf 84' lang='grc' dir='ltr'>αγαγεῖν</span> <span class='ocrx_word' id='word_1_512' title='bbox 720 4020 809 4071; x_wconf 76' lang='grc' dir='ltr'>τὸν</span> <span class='ocrx_word' id='word_1_513' title='bbox 843 4019 1071 4087; x_wconf 51' lang='grc' dir='ltr'>ἁδελτὺν</span> <span class='ocrx_word' id='word_1_514' title='bbox 1092 4020 1300 4072; x_wconf 78' lang='grc' dir='ltr'>καὶτὸν</span> <span class='ocrx_word' id='word_1_515' title='bbox 1325 4021 1573 4092; x_wconf 82' lang='grc' dir='ltr'>γαμϐρὸν</span> <span class='ocrx_word' id='word_1_516' title='bbox 1608 4023 1701 4075; x_wconf 74' lang='grc' dir='ltr'>καὶ</span> <span class='ocrx_word' id='word_1_517' title='bbox 1733 4024 2005 4096; x_wconf 88' lang='grc' dir='ltr'>μόναρχος</span> 
     </span>
    </p>
   </div>
   <div class='ocr_carea' id='block_1_65' title="bbox 424 4110 2005 4181">
    <p class='ocr_par' dir='ltr' id='par_1_65' title="bbox 424 4110 2005 4181">
     <span class='ocr_line' id='line_1_65' title="bbox 424 4110 2005 4181; baseline 0.006 -18"><span class='ocrx_word' id='word_1_518' title='bbox 424 4110 818 4180; x_wconf 76' lang='grc' dir='ltr'>ὑπολειφθῆναι</span> <span class='ocrx_word' id='word_1_519' title='bbox 872 4113 986 4174; x_wconf 87' lang='grc' dir='ltr'>τοῖς</span> <span class='ocrx_word' id='word_1_520' title='bbox 1021 4112 1346 4181; x_wconf 76' lang='grc' dir='ltr'>πράγμασιν</span> <span class='ocrx_word' id='word_1_521' title='bbox 1378 4130 1391 4143; x_wconf 89' lang='grc'><strong>·</strong></span> <span class='ocrx_word' id='word_1_522' title='bbox 1426 4114 1541 4165; x_wconf 90' lang='grc' dir='ltr'>ἀλλ’</span> <span class='ocrx_word' id='word_1_523' title='bbox 1600 4116 1721 4168; x_wconf 77' lang='grc' dir='ltr'>ἐπεὶ</span> <span class='ocrx_word' id='word_1_524' title='bbox 1747 4119 1886 4171; x_wconf 85' lang='grc' dir='ltr'>κατά</span> <span class='ocrx_word' id='word_1_525' title='bbox 1913 4119 2005 4172; x_wconf 84' lang='grc' dir='ltr'>τὸν</span> 
     </span>
    </p>
   </div>
   <div class='ocr_carea' id='block_1_66' title="bbox 425 4204 2003 4279">
    <p class='ocr_par' dir='ltr' id='par_1_66' title="bbox 425 4204 2003 4279">
     <span class='ocr_line' id='line_1_66' title="bbox 425 4204 2003 4279; baseline 0.005 -24"><span class='ocrx_word' id='word_1_526' title='bbox 425 4204 654 4275; x_wconf 68' lang='grc' dir='ltr'>ποιητὴν</span> <span class='ocrx_word' id='word_1_527' title='bbox 679 4204 791 4275; x_wconf 89' lang='grc'>(86)</span> <span class='ocrx_word' id='word_1_528' title='bbox 839 4206 947 4256; x_wconf 81' lang='grc' dir='ltr'>εἰσὶ</span> <span class='ocrx_word' id='word_1_529' title='bbox 978 4204 1071 4257; x_wconf 77' lang='grc' dir='ltr'>καὶ</span> <span class='ocrx_word' id='word_1_530' title='bbox 1110 4204 1243 4258; x_wconf 78' lang='grc' dir='ltr'>ἄλλα</span> <span class='ocrx_word' id='word_1_531' title='bbox 1280 4205 1450 4275; x_wconf 77' lang='grc' dir='ltr'>πυρὸς</span> <span class='ocrx_word' id='word_1_532' title='bbox 1482 4206 1812 4279; x_wconf 79' lang='grc' dir='ltr'>θερμότερα,</span> <span class='ocrx_word' id='word_1_533' title='bbox 1846 4210 2003 4263; x_wconf 78' lang='grc' dir='ltr'>ἔλαθε</span> 
     </span>
    </p>
   </div>
   <div class='ocr_carea' id='block_1_67' title="bbox 436 4296 2002 4372">
    <p class='ocr_par' dir='ltr' id='par_1_67' title="bbox 436 4296 2002 4372">
     <span class='ocr_line' id='line_1_67' title="bbox 436 4296 2002 4372; baseline 0.005 -25"><span class='ocrx_word' id='word_1_534' title='bbox 436 4296 616 4348; x_wconf 72' lang='grc' dir='ltr'>παθὼν</span> <span class='ocrx_word' id='word_1_535' title='bbox 654 4296 850 4365; x_wconf 78' lang='grc' dir='ltr'>μᾶλλον</span> <span class='ocrx_word' id='word_1_536' title='bbox 880 4297 911 4367; x_wconf 82' lang='grc' dir='ltr'>ἦ</span> <span class='ocrx_word' id='word_1_537' title='bbox 935 4296 1161 4366; x_wconf 86' lang='grc' dir='ltr'>δράσας,</span> <span class='ocrx_word' id='word_1_538' title='bbox 1187 4296 1281 4349; x_wconf 81' lang='grc' dir='ltr'>τοῦ</span> <span class='ocrx_word' id='word_1_539' title='bbox 1318 4299 1749 4365; x_wconf 83' lang='grc' dir='ltr'>Κωνσταντίνου,</span> <span class='ocrx_word' id='word_1_540' title='bbox 1774 4302 2002 4372; x_wconf 87' lang='grc' dir='ltr'>ἐπείπερ</span> 
     </span>
    </p>
   </div>
   <div class='ocr_carea' id='block_1_68' title="bbox 423 4388 2001 4465">
    <p class='ocr_par' dir='ltr' id='par_1_68' title="bbox 423 4388 2001 4465">
     <span class='ocr_line' id='line_1_68' title="bbox 423 4388 2001 4465; baseline 0.004 -25"><span class='ocrx_word' id='word_1_541' title='bbox 423 4390 619 4461; x_wconf 61' lang='grc' dir='ltr'>ᾔσθετο</span> <span class='ocrx_word' id='word_1_542' title='bbox 651 4388 1156 4457; x_wconf 84' lang='grc' dir='ltr'>ἐπιϐουλευόμενος,</span> <span class='ocrx_word' id='word_1_543' title='bbox 1192 4389 1459 4459; x_wconf 81' lang='grc' dir='ltr'>ἀναϐολὴν</span> <span class='ocrx_word' id='word_1_544' title='bbox 1489 4392 1561 4461; x_wconf 83' lang='grc' dir='ltr'>μὴ</span> <span class='ocrx_word' id='word_1_545' title='bbox 1606 4392 1898 4458; x_wconf 85' lang='grc' dir='ltr'>δεδωκότος</span> <span class='ocrx_word' id='word_1_546' title='bbox 1936 4398 2001 4465; x_wconf 82' lang='grc' dir='ltr'>τῇ</span> 
     </span>
    </p>
   </div>
   <div class='ocr_carea' id='block_1_69' title="bbox 426 4478 2004 4555">
    <p class='ocr_par' dir='ltr' id='par_1_69' title="bbox 426 4478 2004 4555">
     <span class='ocr_line' id='line_1_69' title="bbox 426 4478 2004 4555; baseline 0.006 -26"><span class='ocrx_word' id='word_1_547' title='bbox 426 4481 758 4550; x_wconf 65' lang='grc' dir='ltr'>ἐγχειρήσει,</span> <span class='ocrx_word' id='word_1_548' title='bbox 807 4478 979 4532; x_wconf 72' lang='grc' dir='ltr'>πολλὰ</span> <span class='ocrx_word' id='word_1_549' title='bbox 1011 4479 1232 4549; x_wconf 78' lang='grc' dir='ltr'>καὶτῆς</span> <span class='ocrx_word' id='word_1_550' title='bbox 1283 4484 1539 4548; x_wconf 79' lang='grc' dir='ltr'>γυναικὸς</span> <span class='ocrx_word' id='word_1_551' title='bbox 1589 4484 1752 4537; x_wconf 76' lang='grc' dir='ltr'>αὑτοῦ</span> <span class='ocrx_word' id='word_1_552' title='bbox 1785 4486 2004 4555; x_wconf 78' lang='grc' dir='ltr'>Ἑλένης</span> 
     </span>
    </p>
   </div>
   <div class='ocr_carea' id='block_1_70' title="bbox 421 4570 2001 4645">
    <p class='ocr_par' dir='ltr' id='par_1_70' title="bbox 421 4570 2001 4645">
     <span class='ocr_line' id='line_1_70' title="bbox 421 4570 2001 4645; baseline 0.005 -24"><span class='ocrx_word' id='word_1_553' title='bbox 421 4571 748 4641; x_wconf 73' lang='grc' dir='ltr'>ὲρεθισάσης</span> <span class='ocrx_word' id='word_1_554' title='bbox 777 4570 939 4623; x_wconf 83' lang='grc' dir='ltr'>αὑτὸν</span> <span class='ocrx_word' id='word_1_555' title='bbox 962 4570 1097 4637; x_wconf 79' lang='grc' dir='ltr'>πρὸς</span> <span class='ocrx_word' id='word_1_556' title='bbox 1143 4571 1203 4623; x_wconf 79' lang='grc' dir='ltr'>τὸ</span> <span class='ocrx_word' id='word_1_557' title='bbox 1229 4574 1565 4640; x_wconf 87' lang='grc' dir='ltr'>καταγαγεῖν</span> <span class='ocrx_word' id='word_1_558' title='bbox 1600 4577 1699 4643; x_wconf 77' lang='grc' dir='ltr'>τῆς</span> <span class='ocrx_word' id='word_1_559' title='bbox 1727 4575 2001 4645; x_wconf 84' lang='grc' dir='ltr'>βασιλείας</span> 
     </span>
    </p>
   </div>
   <div class='ocr_carea' id='block_1_71' title="bbox 420 4660 1999 4737">
    <p class='ocr_par' dir='ltr' id='par_1_71' title="bbox 420 4660 1999 4737">
     <span class='ocr_line' id='line_1_71' title="bbox 420 4660 1999 4737; baseline 0.004 -24"><span class='ocrx_word' id='word_1_560' title='bbox 420 4665 547 4725; x_wconf 71' lang='grc' dir='ltr'>τοὺς</span> <span class='ocrx_word' id='word_1_561' title='bbox 579 4661 861 4727; x_wconf 72' lang='grc' dir='ltr'>ἀδελφούς.</span> <span class='ocrx_word' id='word_1_562' title='bbox 934 4662 1209 4730; x_wconf 84' lang='grc' dir='ltr'>Ἐκφήνας</span> <span class='ocrx_word' id='word_1_563' title='bbox 1247 4660 1339 4715; x_wconf 80' lang='grc' dir='ltr'>οὖν</span> <span class='ocrx_word' id='word_1_564' title='bbox 1370 4665 1430 4716; x_wconf 82' lang='grc' dir='ltr'>τὸ</span> <span class='ocrx_word' id='word_1_565' title='bbox 1469 4666 1768 4735; x_wconf 85' lang='grc' dir='ltr'>μυστήριον</span> <span class='ocrx_word' id='word_1_566' title='bbox 1795 4668 1872 4737; x_wconf 84' lang='grc' dir='ltr'>τῷ</span> <span class='ocrx_word' id='word_1_567' title='bbox 1920 4671 1999 4721; x_wconf 75' lang='lat' dir='ltr'><strong>et-</strong></span> 
     </span>
    </p>
   </div>
   <div class='ocr_carea' id='block_1_72' title="bbox 2119 3468 3685 3537">
    <p class='ocr_par' dir='ltr' id='par_1_72' title="bbox 2119 3468 3685 3537">
     <span class='ocr_line' id='line_1_72' title="bbox 2119 3468 3685 3537; baseline -0.006 -8"><span class='ocrx_word' id='word_1_568' title='bbox 2119 3474 2549 3530; x_wconf 87' lang='lat' dir='ltr'><strong>dissensionibus</strong></span> <span class='ocrx_word' id='word_1_569' title='bbox 2567 3473 2873 3526; x_wconf 89' lang='lat' dir='ltr'><strong>simultates</strong></span> <span class='ocrx_word' id='word_1_570' title='bbox 2902 3471 3041 3524; x_wconf 88' lang='lat' dir='ltr'><strong>inter</strong></span> <span class='ocrx_word' id='word_1_571' title='bbox 3053 3485 3147 3523; x_wconf 90' lang='lat' dir='ltr'>eos</span> <span class='ocrx_word' id='word_1_572' title='bbox 3173 3478 3335 3537; x_wconf 89' lang='lat' dir='ltr'><strong>atque</strong></span> <span class='ocrx_word' id='word_1_573' title='bbox 3349 3468 3567 3521; x_wconf 74' lang='lat' dir='ltr'><strong>offensa:</strong></span> <span class='ocrx_word' id='word_1_574' title='bbox 3586 3482 3685 3521; x_wconf 77' lang='lat' dir='ltr'>ex-</span> 
     </span>
    </p>
   </div>
   <div class='ocr_carea' id='block_1_73' title="bbox 2113 3559 3687 3633">
    <p class='ocr_par' dir='ltr' id='par_1_73' title="bbox 2113 3559 3687 3633">
     <span class='ocr_line' id='line_1_73' title="bbox 2113 3559 3687 3633; baseline -0.008 -12"><span class='ocrx_word' id='word_1_575' title='bbox 2113 3568 2409 3631; x_wconf 86' lang='lat' dir='ltr'><strong>stiterunt;</strong></span> <span class='ocrx_word' id='word_1_576' title='bbox 2436 3574 2826 3633; x_wconf 83' lang='lat' dir='ltr'><strong>suspectusque</strong></span> <span class='ocrx_word' id='word_1_577' title='bbox 2876 3560 3371 3631; x_wconf 75' lang='lat' dir='ltr'><strong>porphyrogcnitus</strong></span> <span class='ocrx_word' id='word_1_578' title='bbox 3408 3559 3687 3626; x_wconf 80' lang='lat' dir='ltr'><strong>Stephano</strong></span> 
     </span>
    </p>
   </div>
   <div class='ocr_carea' id='block_1_74' title="bbox 2112 3653 3687 3727">
    <p class='ocr_par' dir='ltr' id='par_1_74' title="bbox 2112 3653 3687 3727">
     <span class='ocr_line' id='line_1_74' title="bbox 2112 3653 3687 3727; baseline -0.006 -14"><span class='ocrx_word' id='word_1_579' title='bbox 2112 3674 2233 3713; x_wconf 85' lang='lat' dir='ltr'><strong>esse</strong></span> <span class='ocrx_word' id='word_1_580' title='bbox 2276 3666 2441 3727; x_wconf 90' lang='lat' dir='ltr'><strong>atque</strong></span> <span class='ocrx_word' id='word_1_581' title='bbox 2474 3657 2562 3711; x_wconf 90' lang='lat' dir='ltr'>hic</span> <span class='ocrx_word' id='word_1_582' title='bbox 2624 3656 2699 3709; x_wconf 91' lang='lat' dir='ltr'><strong>illi</strong></span> <span class='ocrx_word' id='word_1_583' title='bbox 2753 3665 3060 3724; x_wconf 78' lang='lat' dir='ltr'><strong>cmperunt,</strong></span> <span class='ocrx_word' id='word_1_584' title='bbox 3108 3655 3352 3723; x_wconf 88' lang='lat' dir='ltr'><strong>alterque</strong></span> <span class='ocrx_word' id='word_1_585' title='bbox 3413 3653 3479 3707; x_wconf 92' lang='lat' dir='ltr'>de</span> <span class='ocrx_word' id='word_1_586' title='bbox 3516 3653 3687 3707; x_wconf 71' lang='lat' dir='ltr'><strong>altero</strong></span> 
     </span>
    </p>
   </div>
   <div class='ocr_carea' id='block_1_75' title="bbox 2114 3743 3683 3815">
    <p class='ocr_par' dir='ltr' id='par_1_75' title="bbox 2114 3743 3683 3815">
     <span class='ocr_line' id='line_1_75' title="bbox 2114 3743 3683 3815; baseline -0.006 -13"><span class='ocrx_word' id='word_1_587' title='bbox 2114 3747 2490 3802; x_wconf 89' lang='lat' dir='ltr'><strong>submovendo</strong></span> <span class='ocrx_word' id='word_1_588' title='bbox 2543 3746 2803 3815; x_wconf 87' lang='lat' dir='ltr'><strong>c0gitare.</strong></span> <span class='ocrx_word' id='word_1_589' title='bbox 2846 3744 2990 3799; x_wconf 88' lang='lat' dir='ltr'><strong>Sane</strong></span> <span class='ocrx_word' id='word_1_590' title='bbox 3048 3743 3191 3797; x_wconf 88' lang='lat' dir='ltr'><strong>haud</strong></span> <span class='ocrx_word' id='word_1_591' title='bbox 3249 3743 3510 3797; x_wconf 90' lang='lat' dir='ltr'><strong>mediocri</strong></span> <span class='ocrx_word' id='word_1_592' title='bbox 3558 3757 3683 3797; x_wconf 83' lang='lat' dir='ltr'><strong>cura</strong></span> 
     </span>
    </p>
   </div>
   <div class='ocr_carea' id='block_1_76' title="bbox 2114 3834 3685 3909">
    <p class='ocr_par' dir='ltr' id='par_1_76' title="bbox 2114 3834 3685 3909">
     <span class='ocr_line' id='line_1_76' title="bbox 2114 3834 3685 3909; baseline -0.006 -15"><span class='ocrx_word' id='word_1_593' title='bbox 2114 3853 2275 3909; x_wconf 90' lang='lat' dir='ltr'><strong>atque</strong></span> <span class='ocrx_word' id='word_1_594' title='bbox 2308 3848 2507 3893; x_wconf 90' lang='lat' dir='ltr'><strong>conatu</strong></span> <span class='ocrx_word' id='word_1_595' title='bbox 2538 3838 2590 3891; x_wconf 90' lang='lat' dir='ltr'>in</span> <span class='ocrx_word' id='word_1_596' title='bbox 2629 3837 2677 3890; x_wconf 91' lang='lat' dir='ltr'>id</span> <span class='ocrx_word' id='word_1_597' title='bbox 2708 3836 2957 3891; x_wconf 83' lang='lat' dir='ltr'><strong>incubuit</strong></span> <span class='ocrx_word' id='word_1_598' title='bbox 2993 3835 3415 3905; x_wconf 67' lang='lat' dir='ltr'><strong>Stephanus,,ut</strong></span> <span class='ocrx_word' id='word_1_599' title='bbox 3465 3834 3685 3902; x_wconf 76' lang='lat' dir='ltr'><strong>collegis</strong></span> 
     </span>
    </p>
   </div>
   <div class='ocr_carea' id='block_1_77' title="bbox 2114 3926 3683 4000">
    <p class='ocr_par' dir='ltr' id='par_1_77' title="bbox 2114 3926 3683 4000">
     <span class='ocr_line' id='line_1_77' title="bbox 2114 3926 3683 4000; baseline -0.004 -15"><span class='ocrx_word' id='word_1_600' title='bbox 2114 3931 2342 4000; x_wconf 89' lang='lat' dir='ltr'><strong>imperio</strong></span> <span class='ocrx_word' id='word_1_601' title='bbox 2365 3939 2553 3998; x_wconf 85' lang='lat' dir='ltr'><strong>erepto</strong></span> <span class='ocrx_word' id='word_1_602' title='bbox 2586 3929 2734 3983; x_wconf 82' lang='lat' dir='ltr'><strong>solus</strong></span> <span class='ocrx_word' id='word_1_603' title='bbox 2767 3944 3032 3982; x_wconf 88' lang='lat' dir='ltr'><strong>summam</strong></span> <span class='ocrx_word' id='word_1_604' title='bbox 3091 3942 3275 3981; x_wconf 91' lang='lat' dir='ltr'><strong>rerum</strong></span> <span class='ocrx_word' id='word_1_605' title='bbox 3312 3934 3543 3981; x_wconf 87' lang='lat' dir='ltr'><strong>teneret.</strong></span> <span class='ocrx_word' id='word_1_606' title='bbox 3579 3926 3683 3979; x_wconf 88' lang='lat' dir='ltr'>Sed</span> 
     </span>
    </p>
   </div>
   <div class='ocr_carea' id='block_1_78' title="bbox 2110 4015 3681 4091">
    <p class='ocr_par' dir='ltr' id='par_1_78' title="bbox 2110 4015 3681 4091">
     <span class='ocr_line' id='line_1_78' title="bbox 2110 4015 3681 4091; baseline -0.005 -16"><span class='ocrx_word' id='word_1_607' title='bbox 2110 4021 2567 4091; x_wconf 86' lang='lat' dir='ltr'><strong>quemadmodum</strong></span> <span class='ocrx_word' id='word_1_608' title='bbox 2614 4031 2771 4089; x_wconf 87' lang='lat' dir='ltr'><strong>poeta</strong></span> <span class='ocrx_word' id='word_1_609' title='bbox 2822 4021 2899 4073; x_wconf 90' lang='lat' dir='ltr'>ait</span> <span class='ocrx_word' id='word_1_610' title='bbox 2966 4034 3085 4073; x_wconf 87' lang='lat' dir='ltr'><strong>esse</strong></span> <span class='ocrx_word' id='word_1_611' title='bbox 3133 4018 3375 4087; x_wconf 63' lang='lat' dir='ltr'><strong>quadam</strong></span> <span class='ocrx_word' id='word_1_612' title='bbox 3422 4016 3525 4070; x_wconf 90' lang='lat' dir='ltr'><strong>alia</strong></span> <span class='ocrx_word' id='word_1_613' title='bbox 3576 4015 3681 4084; x_wconf 80' lang='lat' dir='ltr'><strong>igni</strong></span> 
     </span>
    </p>
   </div>
   <div class='ocr_carea' id='block_1_79' title="bbox 2112 4109 3685 4180">
    <p class='ocr_par' dir='ltr' id='par_1_79' title="bbox 2112 4109 3685 4180">
     <span class='ocr_line' id='line_1_79' title="bbox 2112 4109 3685 4180; baseline -0.006 -12"><span class='ocrx_word' id='word_1_614' title='bbox 2112 4113 2393 4176; x_wconf 78' lang='lat' dir='ltr'><strong>calidiora,</strong></span> <span class='ocrx_word' id='word_1_615' title='bbox 2417 4113 2488 4165; x_wconf 88' lang='lat' dir='ltr'>ita</span> <span class='ocrx_word' id='word_1_616' title='bbox 2534 4112 2578 4164; x_wconf 94' lang='lat' dir='ltr'>is</span> <span class='ocrx_word' id='word_1_617' title='bbox 2608 4126 2824 4180; x_wconf 88' lang='lat' dir='ltr'><strong>quoque</strong></span> <span class='ocrx_word' id='word_1_618' title='bbox 2858 4126 2965 4163; x_wconf 92' lang='lat' dir='ltr'>non</span> <span class='ocrx_word' id='word_1_619' title='bbox 3009 4120 3115 4163; x_wconf 90' lang='lat' dir='ltr'>tam</span> <span class='ocrx_word' id='word_1_620' title='bbox 3146 4109 3331 4162; x_wconf 88' lang='lat' dir='ltr'><strong>intulit</strong></span> <span class='ocrx_word' id='word_1_621' title='bbox 3361 4123 3523 4177; x_wconf 86' lang='lat' dir='ltr'><strong>quam</strong></span> <span class='ocrx_word' id='word_1_622' title='bbox 3560 4123 3685 4175; x_wconf 82' lang='lat' dir='ltr'><strong>pas-</strong></span> 
     </span>
    </p>
   </div>
   <div class='ocr_carea' id='block_1_80' title="bbox 2112 4200 3680 4268">
    <p class='ocr_par' dir='ltr' id='par_1_80' title="bbox 2112 4200 3680 4268">
     <span class='ocr_line' id='line_1_80' title="bbox 2112 4200 3680 4268; baseline -0.007 -6"><span class='ocrx_word' id='word_1_623' title='bbox 2112 4223 2205 4262; x_wconf 92' lang='lat' dir='ltr'>sus</span> <span class='ocrx_word' id='word_1_624' title='bbox 2227 4216 2311 4261; x_wconf 89' lang='lat' dir='ltr'>est</span> <span class='ocrx_word' id='word_1_625' title='bbox 2337 4207 2618 4268; x_wconf 90' lang='lat' dir='ltr'><strong>damnum,</strong></span> <span class='ocrx_word' id='word_1_626' title='bbox 2653 4204 3032 4266; x_wconf 86' lang='lat' dir='ltr'><strong>Constantino,</strong></span> <span class='ocrx_word' id='word_1_627' title='bbox 3070 4202 3158 4255; x_wconf 86' lang='lat' dir='ltr'>ubi</span> <span class='ocrx_word' id='word_1_628' title='bbox 3182 4201 3404 4256; x_wconf 88' lang='lat' dir='ltr'><strong>insidias</strong></span> <span class='ocrx_word' id='word_1_629' title='bbox 3423 4200 3524 4254; x_wconf 86' lang='lat' dir='ltr'><strong>sibi</strong></span> <span class='ocrx_word' id='word_1_630' title='bbox 3548 4200 3680 4253; x_wconf 87' lang='lat' dir='ltr'><strong>strui</strong></span> 
     </span>
    </p>
   </div>
   <div class='ocr_carea' id='block_1_81' title="bbox 2110 4291 3682 4366">
    <p class='ocr_par' dir='ltr' id='par_1_81' title="bbox 2110 4291 3682 4366">
     <span class='ocr_line' id='line_1_81' title="bbox 2110 4291 3682 4366; baseline -0.008 -11"><span class='ocrx_word' id='word_1_631' title='bbox 2110 4300 2300 4363; x_wconf 84' lang='lat' dir='ltr'><strong>sensit,</strong></span> <span class='ocrx_word' id='word_1_632' title='bbox 2336 4297 2566 4366; x_wconf 83' lang='lat' dir='ltr'><strong>spatium</strong></span> <span class='ocrx_word' id='word_1_633' title='bbox 2598 4297 2673 4349; x_wconf 89' lang='lat' dir='ltr'>rei</span> <span class='ocrx_word' id='word_1_634' title='bbox 2709 4295 2960 4365; x_wconf 78' lang='lat' dir='ltr'><strong>gerenda:</strong></span> <span class='ocrx_word' id='word_1_635' title='bbox 2987 4309 3096 4347; x_wconf 90' lang='lat' dir='ltr'>non</span> <span class='ocrx_word' id='word_1_636' title='bbox 3116 4293 3473 4356; x_wconf 89' lang='lat' dir='ltr'><strong>concedente,</strong></span> <span class='ocrx_word' id='word_1_637' title='bbox 3498 4291 3682 4344; x_wconf 88' lang='lat' dir='ltr'><strong>multis</strong></span> 
     </span>
    </p>
   </div>
   <div class='ocr_carea' id='block_1_82' title="bbox 2111 4383 3680 4455">
    <p class='ocr_par' dir='ltr' id='par_1_82' title="bbox 2111 4383 3680 4455">
     <span class='ocr_line' id='line_1_82' title="bbox 2111 4383 3680 4455; baseline -0.006 -9"><span class='ocrx_word' id='word_1_638' title='bbox 2111 4393 2274 4447; x_wconf 89' lang='lat' dir='ltr'><strong>etiam</strong></span> <span class='ocrx_word' id='word_1_639' title='bbox 2310 4391 2515 4444; x_wconf 83' lang='lat' dir='ltr'><strong>Helena</strong></span> <span class='ocrx_word' id='word_1_640' title='bbox 2570 4404 2740 4442; x_wconf 81' lang='lat' dir='ltr'><strong>uxore</strong></span> <span class='ocrx_word' id='word_1_641' title='bbox 2775 4389 2921 4441; x_wconf 92' lang='lat' dir='ltr'><strong>hunc</strong></span> <span class='ocrx_word' id='word_1_642' title='bbox 2976 4388 3042 4441; x_wconf 91' lang='lat' dir='ltr'>ad</span> <span class='ocrx_word' id='word_1_643' title='bbox 3095 4387 3291 4439; x_wconf 84' lang='lat' dir='ltr'><strong>fratres</strong></span> <span class='ocrx_word' id='word_1_644' title='bbox 3346 4383 3680 4455; x_wconf 86' lang='lat' dir='ltr'><strong>dejiciendus</strong></span> 
     </span>
    </p>
   </div>
   <div class='ocr_carea' id='block_1_83' title="bbox 2112 4477 3675 4551">
    <p class='ocr_par' dir='ltr' id='par_1_83' title="bbox 2112 4477 3675 4551">
     <span class='ocr_line' id='line_1_83' title="bbox 2112 4477 3675 4551; baseline -0.006 -15"><span class='ocrx_word' id='word_1_645' title='bbox 2112 4484 2423 4551; x_wconf 83' lang='lat' dir='ltr'><strong>instigante.</strong></span> <span class='ocrx_word' id='word_1_646' title='bbox 2458 4482 2641 4550; x_wconf 88' lang='lat' dir='ltr'><strong>Itaque</strong></span> <span class='ocrx_word' id='word_1_647' title='bbox 2665 4494 2865 4533; x_wconf 91' lang='lat' dir='ltr'><strong>arcano</strong></span> <span class='ocrx_word' id='word_1_648' title='bbox 2892 4478 3119 4532; x_wconf 91' lang='lat' dir='ltr'><strong>consilio</strong></span> <span class='ocrx_word' id='word_1_649' title='bbox 3140 4477 3537 4531; x_wconf 89' lang='lat' dir='ltr'><strong>communicato</strong></span> <span class='ocrx_word' id='word_1_650' title='bbox 3555 4491 3675 4529; x_wconf 86' lang='lat' dir='ltr'>cum</span> 
     </span>
    </p>
   </div>
   <div class='ocr_carea' id='block_1_84' title="bbox 2110 4569 3672 4637">
    <p class='ocr_par' dir='ltr' id='par_1_84' title="bbox 2110 4569 3672 4637">
     <span class='ocr_line' id='line_1_84' title="bbox 2110 4569 3672 4637; baseline -0.004 -11"><span class='ocrx_word' id='word_1_651' title='bbox 2110 4574 2307 4627; x_wconf 85' lang='lat' dir='ltr'><strong>Basilio</strong></span> <span class='ocrx_word' id='word_1_652' title='bbox 2362 4572 2589 4627; x_wconf 87' lang='lat' dir='ltr'><strong>Peteino</strong></span> <span class='ocrx_word' id='word_1_653' title='bbox 2641 4588 2735 4625; x_wconf 91' lang='lat' dir='ltr'>seu</span> <span class='ocrx_word' id='word_1_654' title='bbox 2774 4569 2989 4625; x_wconf 87' lang='lat' dir='ltr'><strong>Volueri</strong></span> <span class='ocrx_word' id='word_1_655' title='bbox 3050 4571 3181 4634; x_wconf 90' lang='lat' dir='ltr'><strong>isto,</strong></span> <span class='ocrx_word' id='word_1_656' title='bbox 3230 4577 3287 4623; x_wconf 88' lang='lat' dir='ltr'>et</span> <span class='ocrx_word' id='word_1_657' title='bbox 3347 4569 3466 4637; x_wconf 89' lang='lat' dir='ltr'><strong>ejus</strong></span> <span class='ocrx_word' id='word_1_658' title='bbox 3510 4583 3672 4636; x_wconf 80' lang='lat' dir='ltr'><strong>Opera</strong></span> 
     </span>
    </p>
   </div>
   <div class='ocr_carea' id='block_1_85' title="bbox 2110 4660 3674 4728">
    <p class='ocr_par' dir='ltr' id='par_1_85' title="bbox 2110 4660 3674 4728">
     <span class='ocr_line' id='line_1_85' title="bbox 2110 4660 3674 4728; baseline -0.006 -8"><span class='ocrx_word' id='word_1_659' title='bbox 2110 4667 2284 4720; x_wconf 85' lang='lat' dir='ltr'><strong>ascito</strong></span> <span class='ocrx_word' id='word_1_660' title='bbox 2333 4665 2385 4718; x_wconf 91' lang='lat' dir='ltr'>in</span> <span class='ocrx_word' id='word_1_661' title='bbox 2430 4664 2747 4717; x_wconf 86' lang='lat' dir='ltr'><strong>societatem</strong></span> <span class='ocrx_word' id='word_1_662' title='bbox 2778 4661 3036 4721; x_wconf 84' lang='lat' dir='ltr'><strong>Mariano.</strong></span> <span class='ocrx_word' id='word_1_663' title='bbox 3081 4662 3319 4728; x_wconf 85' lang='lat' dir='ltr'><strong>itemque</strong></span> <span class='ocrx_word' id='word_1_664' title='bbox 3368 4660 3674 4727; x_wconf 82' lang='lat' dir='ltr'><strong>Niceplioro</strong></span> 
     </span>
    </p>
   </div>
   <div class='ocr_carea' id='block_1_86' title="bbox 421 4750 2162 4829">
    <p class='ocr_par' dir='ltr' id='par_1_86' title="bbox 421 4752 2155 4829">
     <span class='ocr_line' id='line_1_86' title="bbox 421 4752 2155 4829; baseline 0.004 -25"><span class='ocrx_word' id='word_1_665' title='bbox 421 4754 642 4827; x_wconf 74' lang='grc' dir='ltr'>ρημένῳ</span> <span class='ocrx_word' id='word_1_666' title='bbox 677 4753 941 4823; x_wconf 85' lang='grc' dir='ltr'>Βασιλείῳ</span> <span class='ocrx_word' id='word_1_667' title='bbox 973 4752 1051 4822; x_wconf 79' lang='grc' dir='ltr'>τῷ</span> <span class='ocrx_word' id='word_1_668' title='bbox 1080 4754 1341 4823; x_wconf 77' lang='grc' dir='ltr'>[Ῑετεινῷ.</span> <span class='ocrx_word' id='word_1_669' title='bbox 1395 4756 1489 4808; x_wconf 79' lang='grc' dir='ltr'>καὶ</span> <span class='ocrx_word' id='word_1_670' title='bbox 1522 4756 1588 4807; x_wconf 88' lang='grc' dir='ltr'>δι’</span> <span class='ocrx_word' id='word_1_671' title='bbox 1636 4758 1803 4810; x_wconf 77' lang='grc' dir='ltr'>αὑτοῦ</span> <span class='ocrx_word' id='word_1_672' title='bbox 1828 4775 1996 4829; x_wconf 85' lang='grc' dir='ltr'>προσ·</span> <span class='ocrx_word' id='word_1_673' title='bbox 2031 4762 2070 4815; x_wconf 89' lang='lat' dir='ltr'>D</span> <span class='ocrx_word' id='word_1_674' title='bbox 2100 4768 2155 4812; x_wconf 87' lang='lat' dir='ltr'>et</span> 
     </span>
    </p>
   </div>
   <div class='ocr_carea' id='block_1_87' title="bbox 1926 4750 3667 4829">
    <p class='ocr_par' dir='ltr' id='par_1_87' title="bbox 1926 4750 3667 4817">
     <span class='ocr_line' id='line_1_87' title="bbox 1926 4750 3667 4817; baseline -0.004 -8"><span class='ocrx_word' id='word_1_675' title='bbox 1926 4777 1996 4810; x_wconf 71' lang='grc' dir='ltr'>ισ-</span> <span class='ocrx_word' id='word_1_676' title='bbox 2031 4762 2070 4815; x_wconf 89' lang='lat' dir='ltr'>D</span> <span class='ocrx_word' id='word_1_677' title='bbox 2100 4768 2155 4812; x_wconf 89' lang='lat' dir='ltr'>et</span> <span class='ocrx_word' id='word_1_678' title='bbox 2192 4758 2371 4811; x_wconf 88' lang='lat' dir='ltr'><strong>Leone</strong></span> <span class='ocrx_word' id='word_1_679' title='bbox 2402 4757 2526 4809; x_wconf 85' lang='lat' dir='ltr'><strong>filiis</strong></span> <span class='ocrx_word' id='word_1_680' title='bbox 2559 4756 2739 4809; x_wconf 65' lang='lat' dir='ltr'><strong>Bardm</strong></span> <span class='ocrx_word' id='word_1_681' title='bbox 2777 4752 2992 4817; x_wconf 66' lang='lat' dir='ltr'><strong>Phocaz,</strong></span> <span class='ocrx_word' id='word_1_682' title='bbox 3027 4768 3090 4806; x_wconf 91' lang='lat' dir='ltr'>ac</span> <span class='ocrx_word' id='word_1_683' title='bbox 3130 4752 3355 4806; x_wconf 84' lang='lat' dir='ltr'><strong>Nicolao</strong></span> <span class='ocrx_word' id='word_1_684' title='bbox 3394 4760 3449 4805; x_wconf 87' lang='lat' dir='ltr'>et</span> <span class='ocrx_word' id='word_1_685' title='bbox 3489 4750 3667 4804; x_wconf 89' lang='lat' dir='ltr'><strong>Leone</strong></span> 
     </span>
    </p>
   </div>
   <div class='ocr_carea' id='block_1_88' title="bbox 420 4845 2003 4920">
    <p class='ocr_par' dir='ltr' id='par_1_88' title="bbox 420 4845 2003 4920">
     <span class='ocr_line' id='line_1_88' title="bbox 420 4845 2003 4920; baseline 0.004 -23"><span class='ocrx_word' id='word_1_686' title='bbox 420 4845 758 4915; x_wconf 79' lang='grc' dir='ltr'>κτησάμενος</span> <span class='ocrx_word' id='word_1_687' title='bbox 812 4846 902 4898; x_wconf 82' lang='grc' dir='ltr'>τὸν</span> <span class='ocrx_word' id='word_1_688' title='bbox 975 4846 1277 4915; x_wconf 83' lang='grc' dir='ltr'>Μαριανὸν.</span> <span class='ocrx_word' id='word_1_689' title='bbox 1324 4846 1402 4898; x_wconf 78' lang='grc' dir='ltr'>ἔτι</span> <span class='ocrx_word' id='word_1_690' title='bbox 1449 4848 1504 4900; x_wconf 85' lang='grc' dir='ltr'>δὲ</span> <span class='ocrx_word' id='word_1_691' title='bbox 1547 4849 1859 4920; x_wconf 77' lang='grc' dir='ltr'>Νικηφόρον</span> <span class='ocrx_word' id='word_1_692' title='bbox 1909 4853 2003 4903; x_wconf 68' lang='grc' dir='ltr'>καὶ</span> 
     </span>
    </p>
   </div>
   <div class='ocr_carea' id='block_1_89' title="bbox 2104 4839 3670 4915">
    <p class='ocr_par' dir='ltr' id='par_1_89' title="bbox 2104 4839 3670 4915">
     <span class='ocr_line' id='line_1_89' title="bbox 2104 4839 3670 4915; baseline -0.006 -13"><span class='ocrx_word' id='word_1_693' title='bbox 2104 4849 2375 4903; x_wconf 81' lang='lat' dir='ltr'><strong>&#39;l‘orniciis</strong></span> <span class='ocrx_word' id='word_1_694' title='bbox 2398 4848 2622 4915; x_wconf 86' lang='lat' dir='ltr'><strong>aliisque</strong></span> <span class='ocrx_word' id='word_1_695' title='bbox 2651 4846 2794 4899; x_wconf 87' lang='lat' dir='ltr'><strong>haud</strong></span> <span class='ocrx_word' id='word_1_696' title='bbox 2827 4845 3033 4914; x_wconf 87' lang='lat' dir='ltr'><strong>paucis,</strong></span> <span class='ocrx_word' id='word_1_697' title='bbox 3073 4842 3411 4913; x_wconf 90' lang='lat' dir='ltr'><strong>Stephanum</strong></span> <span class='ocrx_word' id='word_1_698' title='bbox 3444 4839 3670 4909; x_wconf 80' lang='lat' dir='ltr'><strong>ejusque</strong></span> 
     </span>
    </p>
   </div>
   <div class='ocr_carea' id='block_1_90' title="bbox 422 4930 2163 5007">
    <p class='ocr_par' dir='ltr' id='par_1_90' title="bbox 422 4937 2163 5007">
     <span class='ocr_line' id='line_1_90' title="bbox 422 4937 2163 5007; baseline 0.001 -17"><span class='ocrx_word' id='word_1_699' title='bbox 422 4939 627 4990; x_wconf 83' lang='grc' dir='ltr'>Λέοντα</span> <span class='ocrx_word' id='word_1_700' title='bbox 653 4940 779 4999; x_wconf 75' lang='grc' dir='ltr'>τοὺς</span> <span class='ocrx_word' id='word_1_701' title='bbox 809 4938 956 4998; x_wconf 77' lang='grc' dir='ltr'>υἱοὺς</span> <span class='ocrx_word' id='word_1_702' title='bbox 989 4937 1171 5007; x_wconf 85' lang='grc' dir='ltr'>Βάρδα</span> <span class='ocrx_word' id='word_1_703' title='bbox 1200 4937 1292 4989; x_wconf 85' lang='grc' dir='ltr'>τοῦ</span> <span class='ocrx_word' id='word_1_704' title='bbox 1322 4939 1506 5001; x_wconf 82' lang='grc' dir='ltr'>Φωκᾶ,</span> <span class='ocrx_word' id='word_1_705' title='bbox 1532 4940 1791 4993; x_wconf 81' lang='grc' dir='ltr'>Νικόλαον</span> <span class='ocrx_word' id='word_1_706' title='bbox 1819 4958 1876 4992; x_wconf 91' lang='grc' dir='ltr'>τε</span> <span class='ocrx_word' id='word_1_707' title='bbox 1908 4942 2001 4993; x_wconf 77' lang='grc' dir='ltr'>καὶ</span> <span class='ocrx_word' id='word_1_708' title='bbox 2099 4940 2163 4993; x_wconf 84' lang='lat' dir='ltr'>fr:</span> 
     </span>
    </p>
   </div>
   <div class='ocr_carea' id='block_1_91' title="bbox 1925 4930 3666 5007">
    <p class='ocr_par' dir='ltr' id='par_1_91' title="bbox 1925 4930 3666 5002">
     <span class='ocr_line' id='line_1_91' title="bbox 1925 4930 3666 5002; baseline -0.008 -10"><span class='ocrx_word' id='word_1_709' title='bbox 1925 4942 2001 4993; x_wconf 77' lang='grc' dir='ltr'>ιαὶ</span> <span class='ocrx_word' id='word_1_710' title='bbox 2099 4940 2322 4993; x_wconf 86' lang='lat' dir='ltr'><strong>fratrem</strong></span> <span class='ocrx_word' id='word_1_711' title='bbox 2352 4938 2774 4992; x_wconf 78' lang='lat' dir='ltr'><strong>Constantinum</strong></span> <span class='ocrx_word' id='word_1_712' title='bbox 2805 4950 2989 4988; x_wconf 91' lang='lat' dir='ltr'><strong>secum</strong></span> <span class='ocrx_word' id='word_1_713' title='bbox 3040 4934 3373 5002; x_wconf 90' lang='lat' dir='ltr'><strong>prandentes</strong></span> <span class='ocrx_word' id='word_1_714' title='bbox 3410 4934 3510 4985; x_wconf 86' lang='lat' dir='ltr'>sub</span> <span class='ocrx_word' id='word_1_715' title='bbox 3547 4930 3666 4997; x_wconf 80' lang='lat' dir='ltr'><strong>ipso</strong></span> 
     </span>
    </p>
   </div>
   <div class='ocr_carea' id='block_1_92' title="bbox 422 5029 1995 5099">
    <p class='ocr_par' dir='ltr' id='par_1_92' title="bbox 422 5029 1995 5099">
     <span class='ocr_line' id='line_1_92' title="bbox 422 5029 1995 5099; baseline 0.001 -16"><span class='ocrx_word' id='word_1_716' title='bbox 422 5030 627 5083; x_wconf 69' lang='grc' dir='ltr'>Λέοντα</span> <span class='ocrx_word' id='word_1_717' title='bbox 677 5029 804 5092; x_wconf 82' lang='grc' dir='ltr'>τοὺς</span> <span class='ocrx_word' id='word_1_718' title='bbox 858 5029 1178 5099; x_wconf 82' lang='grc' dir='ltr'>Τορνικίους</span> <span class='ocrx_word' id='word_1_719' title='bbox 1232 5030 1329 5083; x_wconf 71' lang='grc' dir='ltr'>καὶ</span> <span class='ocrx_word' id='word_1_720' title='bbox 1379 5030 1570 5092; x_wconf 72' lang='grc' dir='ltr'>ἄλλους</span> <span class='ocrx_word' id='word_1_721' title='bbox 1610 5033 1711 5085; x_wconf 74' lang='grc' dir='ltr'>οὐκ</span> <span class='ocrx_word' id='word_1_722' title='bbox 1759 5032 1995 5099; x_wconf 81' lang='grc' dir='ltr'>ὀλίγους,</span> 
     </span>
    </p>
   </div>
   <div class='ocr_carea' id='block_1_93' title="bbox 428 5120 2000 5191">
    <p class='ocr_par' dir='ltr' id='par_1_93' title="bbox 428 5120 2000 5191">
     <span class='ocr_line' id='line_1_93' title="bbox 428 5120 2000 5191; baseline 0.001 -19"><span class='ocrx_word' id='word_1_723' title='bbox 428 5120 593 5189; x_wconf 70' lang='grc' dir='ltr'>μηδὲν</span> <span class='ocrx_word' id='word_1_724' title='bbox 629 5120 1019 5191; x_wconf 75' lang='grc' dir='ltr'>ὑφορωμένους</span> <span class='ocrx_word' id='word_1_725' title='bbox 1040 5122 1132 5173; x_wconf 80' lang='grc' dir='ltr'>τὸν</span> <span class='ocrx_word' id='word_1_726' title='bbox 1169 5120 1439 5187; x_wconf 75' lang='grc' dir='ltr'>Στέφανον</span> <span class='ocrx_word' id='word_1_727' title='bbox 1474 5123 1567 5173; x_wconf 75' lang='grc' dir='ltr'>καὶ</span> <span class='ocrx_word' id='word_1_728' title='bbox 1595 5121 1683 5173; x_wconf 69' lang='grc' dir='ltr'>τὸν</span> <span class='ocrx_word' id='word_1_729' title='bbox 1708 5122 2000 5174; x_wconf 82' lang='grc' dir='ltr'>Κωνσταν-</span> 
     </span>
    </p>
   </div>
   <div class='ocr_carea' id='block_1_94' title="bbox 417 5212 1986 5283">
    <p class='ocr_par' dir='ltr' id='par_1_94' title="bbox 417 5212 1986 5283">
     <span class='ocr_line' id='line_1_94' title="bbox 417 5212 1986 5283; baseline 0.002 -22"><span class='ocrx_word' id='word_1_730' title='bbox 417 5215 579 5277; x_wconf 75' lang='grc' dir='ltr'>τῖνον,</span> <span class='ocrx_word' id='word_1_731' title='bbox 601 5213 720 5265; x_wconf 79' lang='grc' dir='ltr'>κατ’</span> <span class='ocrx_word' id='word_1_732' title='bbox 749 5213 911 5268; x_wconf 83' lang='grc' dir='ltr'>αὑτὸν</span> <span class='ocrx_word' id='word_1_733' title='bbox 929 5214 1019 5265; x_wconf 78' lang='grc' dir='ltr'>τὸν</span> <span class='ocrx_word' id='word_1_734' title='bbox 1045 5214 1234 5283; x_wconf 81' lang='grc' dir='ltr'>καιρὸν</span> <span class='ocrx_word' id='word_1_735' title='bbox 1257 5213 1348 5265; x_wconf 80' lang='grc' dir='ltr'>τοῦ</span> <span class='ocrx_word' id='word_1_736' title='bbox 1369 5212 1591 5283; x_wconf 81' lang='grc' dir='ltr'>ἀρίστου</span> <span class='ocrx_word' id='word_1_737' title='bbox 1620 5213 1986 5282; x_wconf 81' lang='grc' dir='ltr'>συναριστῶν-</span> 
     </span>
    </p>
   </div>
   <div class='ocr_carea' id='block_1_95' title="bbox 416 5303 1987 5375">
    <p class='ocr_par' dir='ltr' id='par_1_95' title="bbox 416 5303 1987 5375">
     <span class='ocr_line' id='line_1_95' title="bbox 416 5303 1987 5375; baseline 0.003 -23"><span class='ocrx_word' id='word_1_738' title='bbox 416 5320 514 5363; x_wconf 83' lang='grc' dir='ltr'>τας</span> <span class='ocrx_word' id='word_1_739' title='bbox 541 5303 710 5373; x_wconf 71' lang='grc' dir='ltr'>αὐτῷ,</span> <span class='ocrx_word' id='word_1_740' title='bbox 747 5306 1134 5375; x_wconf 82' lang='grc' dir='ltr'>ἀναρπάστους</span> <span class='ocrx_word' id='word_1_741' title='bbox 1166 5306 1345 5374; x_wconf 82' lang='grc' dir='ltr'>τίθησι</span> <span class='ocrx_word' id='word_1_742' title='bbox 1371 5308 1463 5359; x_wconf 72' lang='grc' dir='ltr'>καὶ</span> <span class='ocrx_word' id='word_1_743' title='bbox 1490 5305 1846 5369; x_wconf 76' lang='grc' dir='ltr'>καταϐιϐάζει</span> <span class='ocrx_word' id='word_1_744' title='bbox 1881 5305 1987 5357; x_wconf 83' lang='grc' dir='ltr'>τῶν</span> 
     </span>
    </p>
   </div>
   <div class='ocr_carea' id='block_1_96' title="bbox 419 5395 1989 5468">
    <p class='ocr_par' dir='ltr' id='par_1_96' title="bbox 419 5395 1989 5468">
     <span class='ocr_line' id='line_1_96' title="bbox 419 5395 1989 5468; baseline 0.004 -24"><span class='ocrx_word' id='word_1_745' title='bbox 419 5395 727 5462; x_wconf 75' lang='grc' dir='ltr'>βασιλείων,</span> <span class='ocrx_word' id='word_1_746' title='bbox 764 5401 827 5467; x_wconf 81' lang='grc' dir='ltr'>τῇ</span> <span class='ocrx_word' id='word_1_747' title='bbox 863 5401 947 5462; x_wconf 80' lang='grc' dir='ltr'>κζ’</span> <span class='ocrx_word' id='word_1_748' title='bbox 980 5399 1073 5451; x_wconf 81' lang='grc' dir='ltr'>τοῦ</span> <span class='ocrx_word' id='word_1_749' title='bbox 1100 5399 1430 5467; x_wconf 83' lang='grc' dir='ltr'>Ἰανουαρῐου</span> <span class='ocrx_word' id='word_1_750' title='bbox 1460 5400 1625 5468; x_wconf 79' lang='grc' dir='ltr'>μηνὸς</span> <span class='ocrx_word' id='word_1_751' title='bbox 1676 5400 1773 5467; x_wconf 87' lang='grc' dir='ltr'>τῆς</span> <span class='ocrx_word' id='word_1_752' title='bbox 1820 5399 1989 5468; x_wconf 72' lang='grc' dir='ltr'>αὐτῆς</span> 
     </span>
    </p>
   </div>
   <div class='ocr_carea' id='block_1_97' title="bbox 417 5485 1985 5561">
    <p class='ocr_par' dir='ltr' id='par_1_97' title="bbox 417 5485 1985 5561">
     <span class='ocr_line' id='line_1_97' title="bbox 417 5485 1985 5561; baseline 0.003 -23"><span class='ocrx_word' id='word_1_753' title='bbox 417 5485 463 5553; x_wconf 83' lang='grc' dir='ltr'>γ’</span> <span class='ocrx_word' id='word_1_754' title='bbox 495 5488 843 5553; x_wconf 85' lang='grc' dir='ltr'>ίνδικτιῶνος,</span> <span class='ocrx_word' id='word_1_755' title='bbox 879 5493 970 5544; x_wconf 78' lang='grc' dir='ltr'>καὶ</span> <span class='ocrx_word' id='word_1_756' title='bbox 1005 5492 1302 5561; x_wconf 82' lang='grc' dir='ltr'>πλοιαρίοις</span> <span class='ocrx_word' id='word_1_757' title='bbox 1326 5492 1612 5561; x_wconf 82' lang='grc' dir='ltr'>ἐνθέμενος</span> <span class='ocrx_word' id='word_1_758' title='bbox 1672 5492 1985 5561; x_wconf 77' lang='grc' dir='ltr'>ὑπερορίζει</span> 
     </span>
    </p>
   </div>
   <div class='ocr_carea' id='block_1_98' title="bbox 2099 5020 3665 5099">
    <p class='ocr_par' dir='ltr' id='par_1_98' title="bbox 2099 5020 3665 5099">
     <span class='ocr_line' id='line_1_98' title="bbox 2099 5020 3665 5099; baseline -0.008 -14"><span class='ocrx_word' id='word_1_759' title='bbox 2099 5031 2325 5099; x_wconf 89' lang='lat' dir='ltr'><strong>prandio</strong></span> <span class='ocrx_word' id='word_1_760' title='bbox 2379 5029 2579 5096; x_wconf 85' lang='lat' dir='ltr'><strong>corripi</strong></span> <span class='ocrx_word' id='word_1_761' title='bbox 2626 5027 2785 5095; x_wconf 90' lang='lat' dir='ltr'><strong>jubet</strong></span> <span class='ocrx_word' id='word_1_762' title='bbox 2832 5026 3141 5095; x_wconf 89' lang='lat' dir='ltr'><strong>palatioque</strong></span> <span class='ocrx_word' id='word_1_763' title='bbox 3200 5022 3433 5085; x_wconf 78' lang='lat' dir='ltr'><strong>extrahi,</strong></span> <span class='ocrx_word' id='word_1_764' title='bbox 3458 5022 3525 5074; x_wconf 73' lang='lat'>27</span> <span class='ocrx_word' id='word_1_765' title='bbox 3577 5020 3665 5073; x_wconf 91' lang='lat' dir='ltr'>die</span> 
     </span>
    </p>
   </div>
   <div class='ocr_carea' id='block_1_99' title="bbox 2093 5112 3664 5186">
    <p class='ocr_par' dir='ltr' id='par_1_99' title="bbox 2093 5112 3664 5186">
     <span class='ocr_line' id='line_1_99' title="bbox 2093 5112 3664 5186; baseline -0.01 -9"><span class='ocrx_word' id='word_1_766' title='bbox 2093 5122 2362 5186; x_wconf 80' lang='lat' dir='ltr'><strong>Januarii,</strong></span> <span class='ocrx_word' id='word_1_767' title='bbox 2398 5121 2695 5174; x_wconf 86' lang='lat' dir='ltr'><strong>indictione</strong></span> <span class='ocrx_word' id='word_1_768' title='bbox 2726 5117 2939 5181; x_wconf 89' lang='lat' dir='ltr'><strong>eadem,</strong></span> <span class='ocrx_word' id='word_1_769' title='bbox 2994 5116 3334 5183; x_wconf 81' lang='lat' dir='ltr'><strong>navibusque</strong></span> <span class='ocrx_word' id='word_1_770' title='bbox 3383 5112 3664 5182; x_wconf 73' lang='lat' dir='ltr'><strong>impositos</strong></span> 
     </span>
    </p>
   </div>
   <div class='ocr_carea' id='block_1_100' title="bbox 2098 5202 3662 5284">
    <p class='ocr_par' dir='ltr' id='par_1_100' title="bbox 2098 5202 3662 5284">
     <span class='ocr_line' id='line_1_100' title="bbox 2098 5202 3662 5284; baseline -0.01 -16"><span class='ocrx_word' id='word_1_771' title='bbox 2098 5216 2299 5284; x_wconf 84' lang='lat' dir='ltr'><strong>relegat</strong></span> <span class='ocrx_word' id='word_1_772' title='bbox 2319 5213 2651 5280; x_wconf 84' lang='lat' dir='ltr'><strong>Stephanum</strong></span> <span class='ocrx_word' id='word_1_773' title='bbox 2682 5209 2733 5262; x_wconf 93' lang='lat' dir='ltr'>in</span> <span class='ocrx_word' id='word_1_774' title='bbox 2766 5208 3090 5261; x_wconf 86' lang='lat' dir='ltr'><strong>Panormuin</strong></span> <span class='ocrx_word' id='word_1_775' title='bbox 3121 5202 3662 5266; x_wconf 89' lang='lat' dir='ltr'><strong>insulam,Conslan-</strong></span> 
     </span>
    </p>
   </div>
   <div class='ocr_carea' id='block_1_101' title="bbox 2098 5292 3659 5374">
    <p class='ocr_par' dir='ltr' id='par_1_101' title="bbox 2098 5292 3659 5374">
     <span class='ocr_line' id='line_1_101' title="bbox 2098 5292 3659 5374; baseline -0.009 -15"><span class='ocrx_word' id='word_1_776' title='bbox 2098 5306 2268 5359; x_wconf 93' lang='lat' dir='ltr'><strong>tinum</strong></span> <span class='ocrx_word' id='word_1_777' title='bbox 2294 5302 2454 5374; x_wconf 78' lang='lat'>325</span> <span class='ocrx_word' id='word_1_778' title='bbox 2485 5303 2537 5354; x_wconf 89' lang='lat' dir='ltr'>in</span> <span class='ocrx_word' id='word_1_779' title='bbox 2570 5300 2959 5354; x_wconf 89' lang='lat' dir='ltr'><strong>Terebinthum</strong></span> <span class='ocrx_word' id='word_1_780' title='bbox 2988 5314 3001 5363; x_wconf 91' lang='lat'>;</span> <span class='ocrx_word' id='word_1_781' title='bbox 3033 5313 3095 5350; x_wconf 89' lang='lat' dir='ltr'>ac</span> <span class='ocrx_word' id='word_1_782' title='bbox 3126 5311 3289 5365; x_wconf 72' lang='lat' dir='ltr'><strong>opera</strong></span> <span class='ocrx_word' id='word_1_783' title='bbox 3331 5293 3505 5347; x_wconf 87' lang='lat' dir='ltr'><strong>Basilii</strong></span> <span class='ocrx_word' id='word_1_784' title='bbox 3545 5292 3659 5346; x_wconf 73' lang='lat' dir='ltr'>Ca:-</span> 
     </span>
    </p>
   </div>
   <div class='ocr_carea' id='block_1_102' title="bbox 2097 5383 3658 5457">
    <p class='ocr_par' dir='ltr' id='par_1_102' title="bbox 2097 5383 3658 5457">
     <span class='ocr_line' id='line_1_102' title="bbox 2097 5383 3658 5457; baseline -0.011 -7"><span class='ocrx_word' id='word_1_785' title='bbox 2097 5412 2267 5451; x_wconf 81' lang='lat' dir='ltr'><strong>sareae</strong></span> <span class='ocrx_word' id='word_1_786' title='bbox 2289 5406 2343 5450; x_wconf 88' lang='lat' dir='ltr'>et</span> <span class='ocrx_word' id='word_1_787' title='bbox 2382 5392 2644 5446; x_wconf 80' lang='lat' dir='ltr'><strong>Anastasii</strong></span> <span class='ocrx_word' id='word_1_788' title='bbox 2670 5390 2939 5444; x_wconf 73' lang='lat' dir='ltr'><strong>Heraclea:</strong></span> <span class='ocrx_word' id='word_1_789' title='bbox 2978 5388 3216 5457; x_wconf 86' lang='lat' dir='ltr'><strong>episcopi</strong></span> <span class='ocrx_word' id='word_1_790' title='bbox 3251 5400 3401 5439; x_wconf 90' lang='lat' dir='ltr'><strong>rasos</strong></span> <span class='ocrx_word' id='word_1_791' title='bbox 3433 5383 3658 5437; x_wconf 74' lang='lat' dir='ltr'><strong>clericos</strong></span> 
     </span>
    </p>
   </div>
   <div class='ocr_carea' id='block_1_103' title="bbox 2100 5476 3654 5554">
    <p class='ocr_par' dir='ltr' id='par_1_103' title="bbox 2100 5476 3654 5554">
     <span class='ocr_line' id='line_1_103' title="bbox 2100 5476 3654 5554; baseline -0.01 -12"><span class='ocrx_word' id='word_1_792' title='bbox 2100 5489 2247 5542; x_wconf 61' lang='lat' dir='ltr'><strong>fat-it.</strong></span> <span class='ocrx_word' id='word_1_793' title='bbox 2280 5487 2442 5540; x_wconf 85' lang='lat' dir='ltr'><strong>Paulo</strong></span> <span class='ocrx_word' id='word_1_794' title='bbox 2460 5483 2849 5554; x_wconf 87' lang='lat' dir='ltr'><strong>posttransfert</strong></span> <span class='ocrx_word' id='word_1_795' title='bbox 2873 5480 3206 5549; x_wconf 84' lang='lat' dir='ltr'><strong>Stephanum</strong></span> <span class='ocrx_word' id='word_1_796' title='bbox 3230 5476 3654 5537; x_wconf 83' lang='lat' dir='ltr'><strong>Proconnesum,</strong></span> 
     </span>
    </p>
   </div>
   <div class='ocr_carea' id='block_1_104' title="bbox 1532 5648 2524 5709">
    <p class='ocr_par' dir='ltr' id='par_1_104' title="bbox 1532 5648 2524 5709">
     <span class='ocr_line' id='line_1_104' title="bbox 1532 5648 2524 5709; baseline -0.006 -1"><span class='ocrx_word' id='word_1_797' title='bbox 1532 5654 1883 5708; x_wconf 72' lang='lat' dir='ltr'>XYLANHRI</span> <span class='ocrx_word' id='word_1_798' title='bbox 1927 5654 2013 5707; x_wconf 83' lang='lat' dir='ltr'><strong>ET</strong></span> <span class='ocrx_word' id='word_1_799' title='bbox 2048 5651 2256 5709; x_wconf 65' lang='lat' dir='ltr'>GOMKI</span> <span class='ocrx_word' id='word_1_800' title='bbox 2299 5648 2524 5703; x_wconf 64' lang='grc' dir='ltr'>ΝΟΤᾹΞ.</span> 
     </span>
    </p>
   </div>
   <div class='ocr_carea' id='block_1_105' title="bbox 494 5763 1979 5821">
    <p class='ocr_par' dir='ltr' id='par_1_105' title="bbox 494 5763 1979 5821">
     <span class='ocr_line' id='line_1_105' title="bbox 494 5763 1979 5821; baseline 0.004 -8"><span class='ocrx_word' id='word_1_801' title='bbox 494 5766 601 5820; x_wconf 62' lang='lat' dir='ltr'>«xm</span> <span class='ocrx_word' id='word_1_802' title='bbox 637 5763 840 5815; x_wconf 59' lang='lat' dir='ltr'><strong>Sensus</strong></span> <span class='ocrx_word' id='word_1_803' title='bbox 869 5775 951 5818; x_wconf 76' lang='lat' dir='ltr'>est</span> <span class='ocrx_word' id='word_1_804' title='bbox 980 5782 992 5816; x_wconf 87' lang='lat'><strong>:</strong></span> <span class='ocrx_word' id='word_1_805' title='bbox 1028 5765 1166 5819; x_wconf 65' lang='lat' dir='ltr'><strong>sicut</strong></span> <span class='ocrx_word' id='word_1_806' title='bbox 1200 5769 1346 5818; x_wconf 69' lang='lat' dir='ltr'><strong>ralor</strong></span> <span class='ocrx_word' id='word_1_807' title='bbox 1376 5768 1513 5820; x_wconf 78' lang='lat' dir='ltr'><strong>alius</strong></span> <span class='ocrx_word' id='word_1_808' title='bbox 1544 5769 1649 5818; x_wconf 78' lang='lat' dir='ltr'><strong>alio</strong></span> <span class='ocrx_word' id='word_1_809' title='bbox 1684 5768 1979 5821; x_wconf 64' lang='lat' dir='ltr'><strong>vehemen-</strong></span> 
     </span>
    </p>
   </div>
   <div class='ocr_carea' id='block_1_106' title="bbox 422 5836 1980 5905">
    <p class='ocr_par' dir='ltr' id='par_1_106' title="bbox 422 5836 1980 5905">
     <span class='ocr_line' id='line_1_106' title="bbox 422 5836 1980 5905; baseline 0.001 -16"><span class='ocrx_word' id='word_1_810' title='bbox 422 5849 523 5889; x_wconf 67' lang='lat' dir='ltr'><strong>tior</strong></span> <span class='ocrx_word' id='word_1_811' title='bbox 555 5845 657 5897; x_wconf 75' lang='lat' dir='ltr'><strong>est,</strong></span> <span class='ocrx_word' id='word_1_812' title='bbox 686 5837 752 5887; x_wconf 76' lang='lat' dir='ltr'>ita</span> <span class='ocrx_word' id='word_1_813' title='bbox 785 5836 1045 5904; x_wconf 63' lang='lat' dir='ltr'><strong>Stephani</strong></span> <span class='ocrx_word' id='word_1_814' title='bbox 1072 5851 1286 5905; x_wconf 75' lang='lat' dir='ltr'><strong>quoque</strong></span> <span class='ocrx_word' id='word_1_815' title='bbox 1311 5849 1483 5891; x_wconf 72' lang='lat' dir='ltr'><strong>asttnn</strong></span> <span class='ocrx_word' id='word_1_816' title='bbox 1514 5851 1560 5891; x_wconf 68' lang='lat' dir='ltr'>rt</span> <span class='ocrx_word' id='word_1_817' title='bbox 1593 5850 1843 5893; x_wconf 72' lang='lat' dir='ltr'><strong>CUlliHlllll</strong></span> <span class='ocrx_word' id='word_1_818' title='bbox 1872 5858 1980 5891; x_wconf 72' lang='lat' dir='ltr'><strong>ma-</strong></span> 
     </span>
    </p>
   </div>
   <div class='ocr_carea' id='block_1_107' title="bbox 2088 5750 3644 5835">
    <p class='ocr_par' dir='ltr' id='par_1_107' title="bbox 2088 5750 3644 5835">
     <span class='ocr_line' id='line_1_107' title="bbox 2088 5750 3644 5835; baseline -0.006 -20"><span class='ocrx_word' id='word_1_819' title='bbox 2088 5768 2204 5835; x_wconf 80' lang='lat' dir='ltr'><strong>jore</strong></span> <span class='ocrx_word' id='word_1_820' title='bbox 2240 5758 3005 5835; x_wconf 52' lang='lat' dir='ltr'><strong>Porphyrogcnilicalliditate</strong></span> <span class='ocrx_word' id='word_1_821' title='bbox 3047 5771 3105 5807; x_wconf 83' lang='lat' dir='ltr'>ac</span> <span class='ocrx_word' id='word_1_822' title='bbox 3138 5753 3315 5807; x_wconf 82' lang='lat' dir='ltr'><strong>studio</strong></span> <span class='ocrx_word' id='word_1_823' title='bbox 3348 5750 3514 5807; x_wconf 68' lang='lat' dir='ltr'><strong>fuisse</strong></span> <span class='ocrx_word' id='word_1_824' title='bbox 3549 5753 3644 5805; x_wconf 81' lang='lat' dir='ltr'><strong>im-</strong></span> 
     </span>
    </p>
   </div>
   <div class='ocr_carea' id='block_1_108' title="bbox 2093 5827 3086 5906">
    <p class='ocr_par' dir='ltr' id='par_1_108' title="bbox 2093 5827 3086 5906">
     <span class='ocr_line' id='line_1_108' title="bbox 2093 5827 3086 5906; baseline -0.01 -14"><span class='ocrx_word' id='word_1_825' title='bbox 2093 5827 2660 5906; x_wconf 42' lang='lat' dir='ltr'><strong>j&#39;cditntn&#39;cl&#39;irritum</strong></span> <span class='ocrx_word' id='word_1_826' title='bbox 2694 5830 2912 5883; x_wconf 81' lang='lat' dir='ltr'><strong>factum.</strong></span> <span class='ocrx_word' id='word_1_827' title='bbox 2953 5827 3086 5882; x_wconf 71' lang='lat' dir='ltr'><strong>th.</strong></span> 
     </span>
    </p>
   </div>
  </div>
