4410 6452
756 429 826 492 59
2018 425 2343 486 GEORGII
2384 424 2688 486 CEDREN
2697 423 2722 483 Ι
3937 416 4008 481 CD

757 544 884 598 inde
908 541 1158 597 Rhodum
1197 556 1259 596 ac
1294 541 1510 596 tandem
1542 540 1875 611 Mitylenam,
1899 539 2324 595 Constantinum
2357 542 2408 601 Α
2431 539 2498 591 τοι

2273 556 2324 593 ιιι
2357 542 2408 601 Α
2431 539 2523 591 τὸν
2557 541 2654 606 μὲν
2689 541 2748 589 ἐν
2777 539 2839 607 τῇ
2877 536 3148 606 Πανόρμῳ
3172 536 3319 606 νήσῳ
3354 535 3492 608 (87),
3550 536 3642 590 τὸν
3670 536 4013 590 Κωνσταντι-

757 635 813 688 in
851 633 1303 688 Samothraciam.
1337 633 1413 687 Ac
1455 632 1768 703 Stephanus
1797 633 2016 701 quidem
2057 631 2333 686 fortunam

757 740 912 779 suam
944 738 1204 794 generose
1234 739 1296 778 ac
1324 740 1518 794 magno
1549 725 1734 778 animo
1771 724 1956 778 ferens
1979 740 2153 778 annos
2185 723 2250 778 l9
2283 722 2337 775 in

763 817 935 869 Lesbo
963 815 1125 869 vitam
1157 814 1287 886 egit.
1315 814 1710 870 Constantinus
1726 824 1907 869 antem
1942 815 2129 868 animo
2150 827 2339 883 parum

760 918 1018 964 constans
1053 918 1110 964 et
1166 909 1426 964 audacius
1477 926 1640 978 quam
1698 924 1797 979 par
1854 918 1971 962 erat
2033 909 2340 978 insurgens,

760 1000 1072 1070 smpiusque
1104 999 1283 1071 fugam
1316 996 1560 1064 molitu's,
1595 1016 1740 1055 anno
1779 1009 1903 1071 post
1945 1001 2202 1055 amissum
2237 999 2342 1054 im-

759 1091 972 1159 perium
999 1091 1258 1154 secundo,
1279 1093 1565 1146 custodem
1592 1108 1751 1147 suum
1797 1107 1918 1146 cum
1969 1091 2093 1146 dolo
2148 1107 2339 1146 necas-

762 1195 865 1244 set,
895 1197 924 1236 a
975 1182 1198 1252 reliquis
1253 1184 1572 1238 custodibus
1622 1183 1738 1254 ipse
1790 1197 2009 1254 quoque
2044 1192 2128 1237 est
2165 1181 2339 1236 inter-

763 1273 964 1330 fectus.

2439 650 2526 686 νον
2557 632 2612 684 δὲ
2655 632 2713 682 ἐν
2765 632 2828 700 τῇ
2888 628 3196 700 Τερεϐίνθῳ
3232 629 3365 700 (88).
3427 630 3538 683 Καὶ
3593 629 3682 683 διά
3728 628 4012 681 Βασιλείου

2438 721 2533 775 τοῦ
2567 721 2903 790 Καισαρείας
2961 722 3055 772 καὶ
3107 720 3465 774 Ἀναστασίου
3543 720 3639 772 τοῦ
3686 719 4020 790 Ἡρακλείας

2442 815 2536 868 καὶ
2627 813 2796 883 ἄμφω
2870 811 3169 882 κληρικοὺς
3261 812 3568 883 ἀποκείρει,
3667 810 4014 880 μεταστήσας

2442 907 2544 959 οὐκ
2574 905 2652 966 είς
2697 903 2916 974 μακρὰν
2948 904 3038 956 τὸν
3073 901 3171 972 μὲν
3218 903 3492 971 Στέφανον
3520 906 3577 955 ἐν
3613 901 4018 972 Προικοννήσῳ,

2442 993 2560 1048 εἶτα
2607 997 2663 1046 ἐν
2700 993 2866 1064 Ῥόδῳ
2895 994 2990 1046 καὶ
3020 993 3328 1045 τελευταῖον
3384 996 3442 1045 ἐν
3487 993 3791 1063 Μιτυλήνῃ,
3838 994 3930 1043 τὸν
3955 991 4010 1044 δὲ

2447 1088 2855 1140 Κωνσταντῖνον
2916 1087 2972 1137 ἐν
3017 1085 3367 1158 Σαμοθρᾴκῃ.
3416 1085 3555 1138 Ἀλλ’
3590 1086 3617 1137 ὁ
3667 1086 3764 1155 μὲν
3811 1085 4021 1152 Στέφα-

2441 1193 2530 1241 νος
2573 1177 2927 1247 μεγαλοφυῶς
2956 1178 3051 1231 καὶ
3084 1177 3482 1247 μεγαλοψύχως
3509 1177 3608 1239 τάς
3638 1175 4022 1245 ἐπενεχθείσας

2439 1269 2588 1339 αὑτῷ
2623 1270 2805 1340 φέρων
2867 1269 3032 1340 τύχας
3069 1270 3369 1323 διετέλεσεν
3395 1270 3489 1324 ἐπὶ
3539 1268 3633 1340 ἔτη
3674 1269 3737 1322 ιθ¹
3766 1267 4021 1339 βιοτεύων

763 1369 822 1421 ἐν
853 1371 920 1440 τῇ
949 1369 1140 1440 Λέσϐῳ
1166 1387 1180 1400 ’
1211 1373 1660 1433 ὁΚωνσταντῖνος
1674 1370 1730 1422 δὲ
1765 1369 2042 1438 ἀλιγὼρως
2065 1367 2330 1429 διατεθεὶς
2371 1363 2462 1417 καὶ⁵
2491 1364 2821 1436 θερμότερον
2894 1365 2988 1419 τοῦ
3047 1366 3258 1428 δέοντος
3345 1365 3868 1434 κατεξανιστάμενος
3930 1362 4024 1417 καὶ

763 1464 1024 1529 πολλάκις
1059 1468 1416 1538 ἐπιχειρήσας
1457 1468 1668 1534 φυγεῖν,
1715 1466 1850 1535 μετά
1897 1466 2150 1532 δεύτερον
2210 1461 2402 1532 χρόνον
2429 1459 2521 1512 τοῦ
2551 1459 2650 1528 τῆς
2693 1459 2967 1530 βασιλείας
3021 1461 3276 1514 ἐκπεσεῖν
3340 1459 3431 1512 τὸν
3492 1459 3827 1528 φυλάττοντα
3891 1458 4013 1510 τοῦ·

763 1571 853 1608 τον
873 1557 1234 1628 δολοφονήσας
1264 1558 1366 1610 ὑπὸ
1394 1558 1502 1610 τῶν
1535 1557 1865 1627 περιλοίπων
1899 1557 1990 1608 καὶ
2012 1555 2170 1616 αὐτὸς
2203 1552 2630 1621 ἀποσφάττεται.

835 1644 1020 1699 Mense
1071 1646 1215 1700 Julio
1268 1655 1436 1700 sextae
1488 1645 1808 1699 indictionis
1843 1646 2120 1698 Romanus
2155 1657 2343 1697 eorum

765 1746 921 1806 pater
949 1737 1192 1792 debitum
1225 1746 1433 1791 natura:
1455 1737 1738 1807 persolvit,
1766 1744 1821 1791 et
1878 1745 1961 1789 est
1993 1735 2046 1788 in
2088 1735 2342 1806 Myrelwo

767 1830 1032 1899 sepultus.
1101 1830 1332 1883 Proinde
1387 1828 1786 1883 Constantinus
1843 1827 2346 1895 l’orphyrogenilns

767 1919 1022 1972 omnibus
1083 1933 1204 1987 qua:
1263 1927 1517 1987 suspecta
1571 1926 1730 1970 erant
1794 1915 2082 1977 submotis,
2121 1915 2345 1969 etsolus

2521 1637 2612 1710 [P.
2649 1639 2776 1710 635]
2815 1639 2957 1708 Μηνὶ
3001 1640 3056 1692 δέ
3088 1640 3292 1710 Ἰουλίῳ
3313 1644 3410 1708 τῆς
3443 1638 3496 1704 ς’
3568 1639 3893 1704 ἰνδικτιῶνος
3933 1645 4024 1693 καὶ

2457 1734 2741 1800 Ῥωμανδς
2769 1735 2796 1785 ὁ
2829 1733 3034 1785 τούτων
3060 1732 3244 1800 πατὴρ
3268 1732 3498 1784 ἀπέτισε
3533 1733 3594 1784 τὸ
3621 1733 3814 1802 χρεὼν,
3848 1736 3938 1786 καῖ
3969 1734 4026 1784 ἐν

2445 1826 2521 1894 τῷ
2548 1824 2840 1894 Μυρελαίῳ
2871 1824 3154 1879 θάπτεται.
3212 1825 3271 1877 '0
3299 1825 3354 1877 δὲ
3406 1825 3914 1895 πορφυρογέννητος
3958 1826 4026 1878 τά

2444 1917 2658 1971 ὕποπτα
2693 1916 2958 1987 περιελὼν
2986 1920 3048 1970 ἐκ
3086 1918 3150 1988 μέ
3165 1935 3277 1982 σου,
3317 1920 3412 1970 καὶ
3438 1919 3598 1986 μόνος
3622 1920 3719 1988 τήν
3750 1920 4018 1990 αὐτοκρά-

767 2008 876 2077 jam
907 2007 1204 2077 imperans,
1236 2008 1372 2062 festo
1400 2008 1688 2062 Paschalis
1713 2009 1798 2063 die
1817 2007 2062 2062 Romano
2103 2007 2212 2060 ﬁlio
2243 2023 2342 2060 suo
2377 2030 2418 2083 Β
2449 2027 2507 2060 το

2288 2023 2342 2060 ιο
2377 2030 2418 2083 Β
2449 2027 2583 2078 τορα
2621 2010 3065 2079 περιζωσάμενος
3123 2011 3318 2079 ἀρχὴν,
3357 2012 3497 2062 κατά
3544 2010 3604 2062 τὸ
3664 2010 3806 2062 θεῖον
3837 2012 4029 2080 Πάσχα

767 2099 1018 2153 diadema
1071 2099 1325 2168 imponit,
1378 2109 1500 2153 vota
1537 2098 1770 2152 faciente
1813 2098 2221 2167 The0phylaeto
2258 2112 2346 2165 pa-

770 2189 1031 2244 triarcha.
1069 2187 1331 2256 Equidem
1360 2189 1515 2243 initio
1550 2190 1821 2259 egregiam
1848 2189 2160 2243 ostenderat
2187 2187 2346 2241 indo-

771 2279 877 2334 lem
901 2278 1298 2334 Constantinus
1323 2296 1336 2345 ;
1365 2280 1847 2349 existimatumque
1904 2279 2083 2332 fuerat
2119 2295 2266 2342 eum,
2301 2281 2344 2334 si

771 2373 920 2425 solus
959 2386 1142 2426 rerum
1201 2373 1492 2441 potiretur,
1532 2373 1790 2441 praeclare
1826 2371 2039 2440 imperii
2073 2387 2158 2425 res
2187 2387 2347 2424 cura-

773 2472 953 2517 turum
985 2483 997 2517 :
1029 2463 1126 2518 sed
1179 2463 1369 2517 fefellit
1422 2463 1909 2533 exspectationem,
1947 2478 2125 2532 neque
2162 2478 2225 2516 ea
2267 2463 2349 2517 di-

771 2570 936 2624 gnum
962 2570 1020 2609 se
1056 2555 1243 2626 gessit.
1277 2555 1492 2625 Quippe
1540 2555 1670 2610 vino
1701 2556 1916 2609 deditus
1940 2555 2233 2609 laboriosis
2259 2571 2346 2608 re-

773 2648 874 2700 bus
898 2647 1102 2702 relictis
1130 2648 1354 2718 ignavia:
1377 2647 1651 2711 studebat,
1676 2648 1874 2701 delicta
1896 2657 2076 2701 autem
2119 2648 2348 2700 alierum

773 2737 944 2792 durus
981 2738 1100 2792 sine
1127 2739 1235 2792 ulla
1260 2739 1612 2792 miseratione
1637 2739 1916 2807 puniebat.
1949 2739 2006 2791 ln
2051 2739 2340 2808 magistra-

775 2829 918 2883 tibus
944 2844 1160 2900 quoque
1189 2831 1440 2885 creandis
1459 2846 1566 2883 non
1587 2832 1852 2898 optimum
1877 2846 2147 2899 quemlue
2189 2830 2353 2900 326

776 2925 1066 2995 deligebal,
1084 2925 1228 2994 quod
1270 2924 1490 2994 dignum
1514 2923 1703 2978 fuisset
1726 2924 2008 2994 magnifica
2043 2935 2310 2992 potestate
2336 2943 2349 2979 :

779 3018 872 3070 sed
905 3019 1215 3086 promiscue
1257 3027 1312 3070 et
1349 3017 1468 3071 sine
1508 3018 1618 3072 ullo
1657 3018 1909 3072 examine
1949 3019 2223 3072 exercitus
2249 3019 2349 3070 du-

778 3105 935 3157 cendi
969 3113 1063 3158 aut
1086 3105 1237 3158 urbis
1266 3105 1633 3175 gubernanda:
1661 3122 1863 3160 munus
1885 3107 2133 3175 proximo
2155 3108 2352 3175 cuique

778 3200 1193 3262 committebat;
1225 3216 1334 3270 quo
1362 3201 1566 3255 factum
1600 3211 1683 3256 est
1733 3210 1792 3255 ut
1827 3203 1984 3254 multi
2019 3204 2214 3272 plebeii
2263 3213 2356 3256 aut

778 3291 1011 3358 culpatae
1034 3291 1157 3345 vita:
1182 3293 1434 3346 homines
1459 3309 1704 3347 summos
1731 3293 1784 3346 in
1810 3295 2084 3361 republica
2105 3305 2357 3363 gererent

783 3384 1038 3437 honores.
1065 3385 1144 3437 Ad
1178 3400 1341 3453 quam
1366 3400 1480 3438 rem
1507 3384 1736 3438 multum
1758 3384 2114 3441 conferebant
2146 3386 2348 3442 llelena
2382 3364 2426 3425 (ἶ

780 3476 1023 3545 Augusta
1048 3486 1100 3529 et
1133 3475 1360 3529 Basilius
1387 3476 1845 3531 cubiculariorum
1911 3478 2158 3543 intimus,
2185 3481 2275 3548 qui
2305 3481 2356 3534 id

781 3567 1014 3635 agebant
1042 3577 1100 3621 ut
1129 3568 1351 3622 venales
1377 3576 1565 3621 essent
1598 3568 1972 3636 magistratus.

2447 2100 2547 2169 τῆς
2579 2101 2750 2168 αὐτῆς
2791 2099 3120 2161 ίνδικτιῶνος
3153 2101 3243 2152 καὶ
3274 2100 3350 2164 τῷ
3376 2100 3477 2168 υίῷ
3513 2099 3778 2171 Ῥωμανῷ
3817 2101 4028 2170 περιτί-

2450 2190 2574 2259 θησι
2605 2190 2666 2243 τὸ
2719 2191 2976 2261 διάδημα,
3029 2189 3350 2251 τελέσαντος
3390 2189 3453 2260 δὴ
3485 2190 3582 2253 τὰς
3628 2192 3793 2260 εὐχὰς
3828 2191 4029 2258 Θεοφυ-

2448 2281 2647 2334 λάκτου
2675 2281 2767 2334 τοῦ
2794 2281 3158 2352 πατριάρχου.
3213 2283 3396 2334 Δοκῶν
3429 2283 3484 2334 δέ
3515 2300 3598 2344 τις
3630 2284 3876 2350 γενναῖος
3906 2285 4033 2336 ἀνα-

2450 2375 2686 2445 φανῆναι
2717 2376 2813 2428 καὶ
2840 2375 2949 2426 τῶν
2978 2377 3043 2444 τῇ
3097 2373 3344 2445 βασιλείᾳ
3369 2374 3739 2446 διαφερόντων
3773 2376 4029 2445 ἐπιμελέ-

2452 2483 2638 2535 στερον
2676 2466 3084 2536 ἀντιλήψεσθαι,
3139 2468 3186 2518 εί
3249 2466 3406 2535 μόνος
3443 2465 3733 2535 κατάρξαι,
3773 2465 4031 2536 μαλακώ-

2451 2573 2606 2626 τερος
2654 2555 2812 2624 ὤφθη
2851 2555 2950 2624 τῆς
3000 2555 3343 2623 ὑπολήψεως,
3399 2555 3566 2623 μηδὲν
3615 2555 3766 2620 ἄξιον
3810 2555 3910 2622 τῆς
3957 2555 4034 2615 εἰς

2453 2649 2614 2701 αὐτὸν
2642 2649 2967 2720 προσδοκίας
2997 2647 3425 2716 ἐπιδειξάμενος.
3463 2647 3624 2700 Οίνου
3648 2664 3707 2699 τε
3736 2647 3842 2717 γὰρ
3871 2648 4036 2717 ἥττη-

2451 2761 2532 2804 το,
2563 2743 2776 2796 καὶτῶν
2817 2742 3091 2795 ἐπιπόνων
3136 2741 3204 2792 τὰ
3242 2741 3414 2809 ῥᾷστα
3449 2739 3760 2808 προέκρινε,
3790 2738 4033 2806 δυσπαρ-

2455 2837 2674 2905 αίτητός
2705 2830 2864 2905 τεῆν
2894 2837 2950 2886 ἐν
2985 2836 3099 2896 τοῖς
3132 2833 3434 2902 πταίσμασι
3462 2832 3554 2884 καί
3581 2831 3908 2900 ἀσυμπαθὴς
3946 2847 4034 2882 κο-

2454 2930 2678 2998 λαστής,
2711 2926 2998 2995 ἀδιάφορος
3025 2943 3082 2977 τε
3117 2925 3251 2993 πρὸς
3285 2925 3380 2986 τὰς
3422 2923 3696 2993 προϐολὰς
3763 2924 3870 2976 τῶν
3905 2925 4035 2992 ἁρχ-

2454 3019 2626 3091 ηγῶν,
2683 3019 2781 3072 οὐκ
2834 3017 3147 3087 ἀριστίνδην
3204 3017 3407 3078 ταύτας
3470 3015 3744 3068 ἰθύνεσθαι
3771 3016 3864 3068 καὶ
3912 3017 4036 3067 κατ’

2459 3112 2721 3180 ἐπιλογὴν
2756 3110 2978 3169 ἐθέλων,
3021 3109 3158 3178 ὅπερ
3213 3108 3374 3176 ἔργον
3415 3109 3532 3160 ἐστὶ
3585 3106 4034 3177 μεγαλοπρεποῦς

2461 3205 2733 3270 ἐξουσίας,
2771 3203 2907 3256 ἀλλὰ
2935 3202 3013 3272 τῷ
3049 3201 3416 3271 παρατυχόντι
3452 3200 3626 3268 ἀρχὴν
3669 3199 4033 3268 ἐμπιστεύων,

2462 3295 2796 3365 στρατηγίαν
2846 3294 3005 3363 τυχὸν
3037 3294 3068 3363 ἦ
3100 3293 3475 3362 πολιταρχίαν,
3522 3293 3922 3361 ἀδοκιμάστως,
3962 3292 4037 3353 ὡς

2462 3392 2525 3442 ἐκ
2575 3388 2766 3441 τούτου
2844 3387 3118 3456 συμϐῆναι
3168 3385 3346 3438 πάντα
3399 3387 3519 3438 τινά
3539 3386 3756 3453 χυδαῖον
3798 3384 3891 3436 καὶ
3924 3383 4034 3435 διαα

2464 3481 2798 3549 ϐεϐλημένον
2829 3482 2908 3540 εἰς
2939 3479 3036 3541 τὰς
3063 3478 3326 3548 μεγίστας
3356 3477 3463 3529 τῶν
3503 3476 3801 3529 πολιτικῶν
3854 3477 4038 3546 ἀρχῶν

2464 3572 2927 3643 προχειρίζεσθαι,
2961 3571 3133 3624 πολλά
3175 3571 3310 3640 πρὸς
3353 3570 3510 3622 τοῦτο
3546 3569 3915 3640 συνεργούσης
3945 3570 4038 3622 καὶ

793 3659 1011 3732 Ἑλένης
1049 3663 1147 3732 τῆς
1177 3662 1341 3716 αὐτοῦ
1389 3662 1641 3734 γαμετῆς
1687 3665 1783 3718 καὶ
1814 3665 2099 3718 Βασιλείου
2133 3667 2224 3719 τοῦ
2258 3669 2999 3740 παρακοιμωμένου,ὼνίους
3060 3669 3161 3729 τὰς
3225 3667 3396 3737 ἀρχὰς
3464 3669 3636 3718 ποιεῖν
3693 3683 4039 3735 παρασκευα-

783 3757 1006 3822 ζόντων.

854 3852 1042 3925 Neque
1093 3865 1276 3911 tamen
1327 3870 1556 3926 prorsus
1614 3857 1794 3911 omnis
1834 3858 2078 3927 praeclari
2109 3858 2364 3916 facinoris

784 3959 984 4014 expers
1013 3944 1112 3999 fuit
1138 3945 1576 4000 Constantinus:
1612 3962 1780 3999 unum
1812 3948 1957 4001 enim
2005 3947 2234 4003 referam
2277 3951 2360 4004 di-

784 4051 951 4108 gnum
999 4035 1242 4106 profecto
1295 4037 1678 4102 admiratione,
1718 4047 1773 4092 et
1815 4040 1958 4107 quod
2017 4041 2185 4093 multa
2236 4026 2357 4109 ejus

785 4139 1005 4199 peccata
1030 4130 1319 4182 obscurare
1333 4129 1519 4198 possit.
1555 4127 1823 4182 Scientias
1842 4131 2009 4193 enim,
2039 4132 2359 4186 aritlnnetiu

785 4241 924 4288 cam,
945 4225 1230 4289 musicam,
1245 4226 1651 4286 astronomiam,
1679 4227 2027 4294 geometriam
2047 4228 2357 4282 etomnium

787 4316 1091 4386 principem
1141 4316 1562 4385 philosophiam.
1593 4317 1846 4385 quaejam
1893 4318 2054 4388 longo
2114 4327 2358 4386 tempore

784 4409 859 4463 ob
901 4408 1164 4461 incuriam
1199 4417 1254 4462 et
1297 4407 1570 4461 inscitiam
1621 4407 2011 4476 imperatorum
2053 4411 2358 4477 perierunt,

789 4515 886 4554 sua
918 4497 1184 4552 industria
1221 4497 1563 4563 instauravit,
1591 4498 1916 4567 conquisitis
1943 4500 2037 4568 qui
2081 4501 2132 4552 in
2167 4500 2361 4570 quovis

788 4606 989 4662 genere
1018 4590 1374 4650 excellerent,
1407 4604 1469 4642 ac
1505 4589 1816 4643 constitutis
1873 4588 2209 4654 doctoribus,
2240 4599 2360 4642 stu-

786 4684 1064 4752 diosisque
1089 4681 1324 4751 receptis
1372 4689 1427 4735 et
1480 4681 1786 4737 conductis.
1820 4683 1938 4747 Quo
1968 4680 2171 4735 factum
2200 4691 2279 4737 est
2305 4690 2365 4735 ut

2534 3861 2610 3914 Οὐ
2641 3858 2955 3912 παντάπασι
2993 3856 3046 3908 δὲ
3081 3857 3304 3926 ἄμοιρος
3320 3853 3388 3925 ἦν
3418 3855 3509 3907 καὶ
3542 3855 3788 3925 πράξεων
3819 3854 4038 3922 ἀγαθῶν

2459 3956 2487 4008 ὁ
2536 3953 2963 4012 Κωνσταντίνος.
3011 3949 3074 4001 Ἦ
3123 3949 3231 4018 γὰρ
3290 3949 3520 4018 ῥηθῆναι
3585 3947 3854 4018 μέλλουσα
3926 3947 4041 4010 ἀξιο-

2468 4048 2710 4113 άγαστος
2743 4040 2878 4096 οὖσα
2903 4042 2996 4095 καὶ
3037 4039 3325 4110 θαυμαστὴ
3372 4039 3690 4091 ὲπισκιάσαι
3735 4039 3916 4108 ἴσχυσε
3949 4040 4039 4089 καὶ

2461 4136 2790 4207 ἀμαυρῶσαι
2836 4132 3006 4186 πολλὰ
3043 4133 3152 4185 τῶν
3209 4132 3372 4186 αὐτοῦ
3438 4131 3856 4200 ἐλαττωμάτων.
3931 4131 4039 4192 Τὰς

2457 4231 2565 4300 γὰρ
2594 4230 2925 4299 ἐπιστήμας,
2977 4227 3363 4298 ἀριθμητικὴν,
3411 4225 3700 4296 μουσικήν,
3784 4226 4041 4294 ἀστρονο-

2463 4323 2612 4392 μίαν,
2665 4320 3036 4390 γεωμετρίαν,
3112 4319 3553 4388 στερεομετρίαν,
3623 4315 3716 4368 καὶ
3797 4317 3895 4384 τὴν
3985 4316 4042 4366 ἐν

2461 4412 2655 4474 πάσοις
2676 4411 2865 4479 ἔποχον
2898 4407 3234 4478 φιλοσοφίαν.
3262 4410 3323 4459 ὲκ
3352 4406 3562 4476 μακροῦ
3593 4406 3784 4476 χρόνου
3816 4405 4043 4474 ἀμελείᾳ

2468 4501 2781 4572 καὶάμαθίᾳ
2799 4502 2902 4552 τῶν
2918 4499 3264 4569 κρατούντων
3280 4497 3621 4558 ἀπολωλυίας
3641 4496 3815 4566 οἰκεία
3842 4497 4040 4564 σπουδῇ

2463 4594 2963 4664 ἀνεκτήσατο,τους
2983 4592 3066 4659 ἐφ’
3092 4591 3301 4661 ἑκάστῃ
3332 4588 3537 4641 τούτων
3564 4589 3818 4656 ἀρίστους
3854 4604 3911 4639 τε
3947 4587 4042 4639 καὶ

2471 4687 2724 4756 δοκίμους
2746 4683 3092 4754 ἀναζητήσας
3115 4683 3209 4734 καὶ
3235 4679 3410 4752 εὑρὼν
3447 4681 3542 4732 καὶ
3561 4678 3908 4741 διδασκάλους
3925 4681 4043 4730 ἐπι-

790 4776 969 4845 exigui
1021 4773 1287 4844 temporis
1334 4772 1570 4828 decursu
1615 4773 1866 4827 barbarie
1909 4771 2193 4844 proﬂigata
2234 4775 2363 4828 urbs
2399 4790 2440 4844 υ
2471 4797 2531 4831 στ

2301 4775 2363 4828 bs
2399 4790 2440 4844 Β
2471 4780 2697 4848 στήσας,
2711 4776 2947 4838 καὶτοὺς
2963 4773 3283 4836 σπουδαίους
3298 4771 3697 4841 ἀποδεχόμενός
3717 4788 3774 4823 τε
3793 4771 3885 4823 καὶ
3910 4787 4040 4836 συγ-

789 4866 985 4922 litteris
1016 4865 1280 4921 ﬂoruerit.
1311 4863 1660 4920 Sedentarias
1698 4864 1862 4920 etiam
1905 4873 2071 4935 atque
2105 4865 2364 4934 opiﬁcum

789 4970 938 5016 artes
983 4975 1130 5014 cura:
1186 4958 1398 5025 habuit,
1450 4973 1820 5029 magnumque
1859 4957 1926 5012 iis
1962 4957 2363 5013 incrementum

793 5055 999 5110 attulit.
1033 5054 1163 5108 Pius
1191 5068 1315 5123 erga
1363 5052 1534 5106 Deum
1588 5050 1690 5106 fuit
1743 5065 1806 5106 ac
1855 5050 2118 5114 liberalis,
2170 5061 2226 5103 ut
2274 5052 2366 5120 qui

792 5161 1070 5215 nunquam
1102 5147 1156 5200 in
1198 5144 1548 5215 processibus
1591 5143 1659 5197 ad
1697 5142 1822 5196 fana
1868 5142 2082 5212 legibus
2111 5142 2367 5197 ecclesia-

792 5236 945 5292 sticis
968 5237 1122 5292 factis
1150 5236 1268 5292 sine
1302 5234 1482 5289 fructu
1531 5242 1587 5288 et
1633 5247 1859 5287 munere
1900 5234 1954 5286 in
2007 5243 2362 5302 conspectum

795 5329 889 5384 Dei
919 5329 1147 5394 venerit,
1182 5329 1277 5383 sed
1309 5327 1530 5382 donaria
1589 5324 1781 5393 quovis
1811 5333 2059 5393 tempore
2105 5325 2367 5379 obtulerit

797 5421 1078 5491 magnifica
1100 5429 1154 5473 et
1170 5419 1657 5474 Christiatnantem
1681 5418 2065 5487 imperatorem
2094 5415 2362 5471 decentia.

798 5513 1037 5568 Gratiam
1063 5529 1277 5582 quoque
1325 5511 1510 5573 retulit
1538 5509 1697 5580 327
1730 5509 1796 5564 iis
1823 5525 1852 5563 a
1873 5510 2070 5580 quibus
2092 5509 2142 5561 in
2173 5509 2363 5564 detur-

801 5605 992 5660 bandis
1050 5603 1281 5673 imperio
1347 5601 1532 5656 uxoris
1592 5599 1853 5654 fratribus
1897 5600 2115 5669 adjutus
2168 5599 2363 5652 fuerat.

2471 4869 2702 4940 κροτῶν.
2726 4867 2817 4921 Διὸ
2851 4867 2943 4920 καὶ
2961 4866 3058 4934 τὴν
3088 4865 3310 4932 ἀλογίαν
3339 4865 3622 4926 ἀπελάσας
3644 4864 3742 4915 οὐκ
3763 4865 3830 4932 ἐν,
3848 4861 4043 4932 μακρῷ

2469 4962 2547 5032 τῷ
2578 4959 2752 5030 χρόνῳ
2782 4959 2874 5012 ἐπὶ
2896 4959 2956 5010 τὸ
2985 4956 3358 5026 λογικώτερον
3402 4953 3807 5026 μετερρύθμισε
3855 4954 3916 5004 τὸ
3948 4969 4046 5004 πο-

2469 5053 2721 5120 λίτευμα.
2799 5047 3142 5124 Ἐπεμελήθη
3201 5046 3256 5098 δὲ
3304 5047 3398 5098 καὶ
3456 5045 3562 5097 τῶν
3623 5043 3910 5112 βαναύσων
3950 5041 4045 5094 καὶ

2469 5142 2854 5214 χειρωνάκτων
2875 5139 3098 5208 τεχνῶν,
3151 5138 3245 5190 καὶ
3269 5139 3344 5199 είς
3373 5135 3615 5188 ἐπίδοσιν
3669 5133 3914 5202 μεγάλην
3950 5131 4043 5182 καὶ

2469 5233 2674 5295 ταύτας
2740 5232 3054 5300 ἀνήνεγκεν.
3114 5225 3223 5281 Ἦν
3289 5228 3346 5282 δὲ
3411 5229 3503 5281 καὶ
3551 5226 3620 5279 τά
3685 5225 3827 5294 πρὸς
3913 5224 4045 5277 Θεὸν

2471 5323 2701 5392 εὐσεϐὴς
2731 5323 2822 5375 καὶ
2854 5322 3152 5390 φιλότιμος,
3191 5320 3458 5389 μηδέποτε
3481 5320 3539 5370 ἐν
3571 5319 3697 5380 ταῖς
3726 5317 3862 5386 πρὸς
3912 5315 4045 5367 Θεὸν

2470 5418 2724 5478 τυπικαῖς
2771 5416 2880 5467 τῶν
2921 5414 3082 5467 θείων
3134 5413 3276 5466 ναῶν
3332 5410 3718 5481 προσελεύσεσι
3767 5409 3920 5470 κενὸς
3952 5411 4044 5460 καὶ

2472 5508 2716 5577 ἄκαρπος
2741 5507 2926 5574 ὀφθεὶς
2953 5505 3028 5574 τῷ
3051 5503 3190 5570 Θεῷ,
3222 5501 3336 5556 ἀλλ’
3363 5501 3678 5570 ἀναθήμασι
3704 5498 4044 5569 δωρούμενος

2478 5596 2923 5667 μεγαλοπρεπέσι
2959 5597 3054 5650 καὶ
3096 5594 3426 5664 φιλοχρίστῳ
3476 5591 3682 5661 βασιλεῖ
3729 5592 4040 5661 πρέπουσιν.

1923 5781 2267 5837 XYLANDIU
2306 5783 2389 5835 lLT
2430 5775 2637 5836 GOARI
2707 5773 2932 5830 ΝΟΤᾸΣ.

881 5877 992 5948 (87)
1022 5877 1352 5949 Hellesponti
1383 5877 1579 5934 insula.
1619 5878 1788 5933 Com.

2560 5875 2670 5944 (88)
2703 5872 2760 5926 ln
2794 5870 2978 5928 cadem
3015 5866 3362 5940 Propontide.
3402 5863 3566 5921 Com.
