4410 6452
410 414 477 482 61
1474 418 2017 480 IIISTORIARUM
2060 423 2593 484 COMPENDIUM.
3610 425 3683 488 62

412 535 719 605 Ίιμείψατο
748 534 805 590 δὲ
850 536 946 590 καὶ
994 537 1123 600 τοὺς
1151 536 1599 607 συνεργήσαντας
1654 538 1805 605 αὐτῷ
1861 539 2000 609 πρὸς
2035 549 2075 604 Α
2110 539 2150 593 Ν

1949 539 2000 603 ὃς
2035 549 2075 604 Α
2110 539 2244 594 Nam
2302 540 2531 595 Bardam
2580 540 2817 595 Phocam
2874 538 3122 613 magistri
3181 539 3394 597 honore
3435 539 3690 612 dignatus

409 628 508 692 τὴν
560 627 669 680 τῶν
729 627 1181 696 γυναικαδέλφων
1241 625 1566 698 καθαίρεσιν
1625 630 1810 682 ταῖσδε
1879 633 2000 695 ταῖς
2102 632 2150 687 dt

1939 633 2000 695 ιῖς
2102 632 2463 687 domesticum
2509 634 2821 686 scholarum
2862 631 3099 687 Orientis
3155 633 3460 697 constituit,
3519 632 3680 687 Nice-

410 718 776 789 εὐεργεσίαις,
808 719 1021 792 Βάρδαν
1049 720 1148 790 μὲν
1198 719 1289 772 τὸν
1341 721 1543 774 Φωκᾶν
1571 721 1875 792 μάγιστρον
1904 740 2002 775 τι-
2099 722 2151 794 pl

1933 741 2002 775 ‘t-
2099 722 2333 794 phorum
2356 735 2408 779 et
2446 724 2714 788 Leonem,
2748 725 2868 795 ejus
2900 724 3062 787 ﬁlios,
3098 724 3246 779 hunc
3291 725 3674 796 Cappadociae,

410 810 591 877 μήσας
652 812 748 863 καὶ
798 810 1117 880 δομέστικον
1144 812 1254 863 τῶν
1305 810 1511 881 σχολῶν
1563 812 2000 882 τῆςἊνατολῆς,

406 901 727 973 Νικηφόρον
757 903 814 955 δέ
843 905 936 957 καὶ
970 904 1177 958 Λέοντα
1203 904 1329 967 τοὺς
1360 905 1549 957 τούτου
1578 905 1751 970 υἱοὺς,
1790 905 1879 959 τὸν
1905 907 2005 976 μὲν

407 994 517 1047 τῶν
544 993 908 1048 Ἀνατολικῶν
963 996 1268 1065 στρατηγὸν
1306 996 1398 1047 τὸν
1439 996 1776 1067 Νικηφόρον,
1807 997 1899 1050 τὸν
1937 998 1993 1052 δὲ

402 1085 509 1157 τῆς
570 1087 964 1151 Καππαδοκίας
1047 1088 1139 1141 τὸν
1210 1089 1416 1142 Λέοντα
1481 1088 1991 1160 προχειρισάμενος,

406 1181 504 1234 καὶ
530 1182 944 1235 Κωνσταντῖνον
968 1180 1195 1253 θάτερον
1224 1181 1331 1235 τῶν
1354 1181 1487 1233 υἱῶν
1511 1180 1613 1250 τῆς
1647 1181 1991 1246 Σελευκείας,

409 1274 689 1327 Βασίλειον
740 1275 798 1327 δὲ
841 1276 933 1327 τὸν
997 1276 1251 1328 Πετεινδν
1314 1274 1543 1344 ἔξαρχον
1592 1275 1692 1345 τῆς
1746 1276 1996 1347 μεγάλης

404 1366 706 1435 ἑταιρείας.
733 1367 821 1438 [Ρ.
839 1366 965 1437 656]
993 1367 1273 1437 Μαριανὸν
1296 1368 1351 1419 δὲ
1370 1368 1462 1420 τὸν
1490 1368 1757 1437 Ἀργυρδν
1778 1369 1994 1438 κόμητα

401 1456 499 1510 τοῦ
536 1458 769 1511 στάϐλου
800 1458 892 1510 καλ.
916 1457 1007 1510 τὸν
1037 1457 1348 1527 Κουρτίκην
1383 1458 1638 1527 Μανουὴλ
1662 1457 1763 1526 τῆς
1795 1456 1991 1527 βίγλας

401 1550 783 1620 δρουγγάριον.
860 1548 1234 1616 Ἐξευνούχισε
1291 1548 1345 1601 δὲ
1400 1549 1493 1601 καὶ
1573 1548 1852 1617 Ῥωμανὸν
1895 1548 1988 1601 τοῦ

2100 814 2255 869 illum
2292 814 2647 869 Orientalium
2668 816 2861 869 ducem
2884 814 3107 878 creavit,
3140 824 3196 869 et
3226 815 3677 880 Constantinum,

2104 908 2325 962 tertium
2382 908 2501 977 ejus
2546 908 2738 972 (ilium,
2785 908 3048 963 Seleuciae
3100 906 3379 977 praefecit,
3430 909 3688 963 Basilium

2105 997 2393 1054 Volucrem
2432 1016 2645 1070 magna
2677 1000 2946 1055 sodalitati
2992 999 3340 1070 praeposuit;
3380 999 3687 1055 Marianum

2102 1092 2367 1162 Argyrum
2436 1091 2698 1147 comitem
2752 1091 2975 1153 stabuli,
3031 1092 3343 1164 blanuelum
3407 1092 3689 1146 Curticcm

2104 1182 2302 1253 vigiliae
2327 1183 2631 1255 designavit
2662 1183 3018 1253 drungarium
3046 1200 3061 1248 ;
3087 1184 3395 1240 Romanum
3421 1184 3689 1254 Stephani

2104 1273 2275 1327 ﬁlium
2308 1275 2593 1340 castravit,
2628 1290 2756 1330 eum
2789 1274 2880 1344 qui
2930 1285 3119 1344 postea
3154 1275 3473 1345 Augustifer
3510 1276 3689 1331 factus

2103 1374 2209 1431 est,
2233 1366 2470 1435 itemque
2492 1366 2774 1430 Basilium,
2800 1366 3048 1420 Romano
3069 1366 3183 1419 scni
3216 1381 3245 1420 e
3267 1380 3424 1421 serva
3454 1377 3641 1419 natum
3670 1382 3684 1430 ;

2097 1466 2153 1513 et
2186 1457 2530 1524 Michaelum,
2561 1456 2872 1513 Christil‘eri
2912 1456 3146 1512 Caesaris
3179 1457 3372 1527 ﬁlium,
3426 1457 3686 1513 clericum

2098 1547 2251 1603 fecit.

400 1644 673 1712 Στεφάνου
705 1643 840 1708 υἱὸν,
872 1642 959 1693 τὸν
1020 1642 1313 1711 μετέπειτα
1370 1638 1771 1707 σεϐαστοφόρον
1816 1637 2126 1705 γενόμενον,
2187 1637 2268 1690 ἔτι
2295 1638 2351 1691 δὲ
2405 1638 2500 1691 καὶ
2575 1639 2859 1693 Βασίλειον
2906 1641 2997 1693 τὸν
3069 1644 3134 1695 ἐκ
3203 1641 3397 1712 δούλης
3478 1643 3678 1695 ἀποτε·

412 1735 616 1805 χθέντα
670 1735 937 1804 Ῥωμανῷ
990 1734 1067 1805 τῷ
1112 1736 1332 1804 γέροντι
1370 1749 1383 1762 ·

488 1826 898 1895 Ἀδαμαντίνοις
924 1825 988 1889 δ’,
1021 1826 1095 1888 ὡς
1122 1825 1277 1895 ᾤετο,
1315 1826 1536 1892 δεσμοῖς
1583 1827 1683 1896 τὴν
1710 1825 1990 1895 βασιλείαν

402 1918 873 1987 ἀσφαλισάμενος,
907 1918 999 1970 καὶ
1032 1918 1215 1970 πᾶσαν
1254 1917 1493 1985 ὑποψίαν
1528 1918 1985 1988 ἀποσεισάμενος,

1442 1731 1664 1802 Μιχαὴλ
1708 1731 1764 1785 δὲ
1795 1732 1886 1785 τὸν
1921 1729 2038 1783 υίὸν
2077 1730 2451 1803 Χριστοφόρου
2479 1730 2575 1786 τοῦ
2606 1732 2871 1804 βασιλέως
2893 1735 3153 1804 ἀπέκειρε
3184 1735 3443 1806 κληρικόν

2167 1826 2304 1880 Cum
2376 1837 2560 1881 autem
2626 1830 2906 1884 videretur
2972 1830 3262 1899 imperium
3321 1831 3686 1886 adamantinis

2097 1916 2330 1972 vinculis
2376 1917 2640 1973 muniisse
2695 1930 2751 1973 ct
2788 1922 2968 1974 omnia
3019 1930 3269 1990 suspecta
3325 1923 3580 1978 amolitus
3631 1925 3680 1977 in

403 2013 497 2064 καὶ
535 2011 692 2075 δόξας
722 2012 779 2063 ἐν
806 2008 884 2078 τῷ
923 2010 1157 2076 ἀσφαλεῖ
1216 2010 1567 2070 καθεστάναι.
1628 2011 1826 2080 μικροῦ
1881 2012 1990 2065 δεῖν
2023 2039 2067 2094 Β
2099 2016 2144 2060 tt

1941 2015 1990 2063 ῖν
2023 2039 2067 2094 Β
2099 2014 2216 2061 tuto
2241 2007 2564 2071 consistere,
2604 2024 2745 2079 pene
2774 2010 2825 2063 in
2857 2026 3131 2065 summum
3170 2013 3321 2067 venit
3356 2013 3678 2077 discrimen,

401 2102 744 2155 ἐκινδύνευσε
785 2102 910 2155 δυσὶ
966 2101 1255 2170 μεγίσταις
1295 2101 1607 2163 ἐπιϐουλαῖς
1650 2100 1989 2170 περιπεσών.

402 2194 684 2265 Θεοφάνης
724 2212 782 2246 τε
816 2195 922 2263 γὰρ
962 2196 989 2246 6
1023 2194 1522 2264 παρακοιμὼμενος
1574 2192 1842 2263 ἐϐουλήθη
1899 2192 1991 2245 τὸν

402 2288 722 2359 πρεσϐύτην
763 2286 1042 2355 Ῥωμανὸν
1096 2289 1158 2339 ἐκ
1196 2290 1295 2355 τῆς
1334 2288 1503 2353 νήσου
1559 2285 1787 2355 Πρώτης
1824 2287 1902 2347 είς
1930 2284 1991 2337 τὸ

400 2376 663 2429 παλάτιον
693 2377 942 2443 ἀγαγεῖν,
977 2376 1071 2427 καὶ
1102 2376 1294 2437 ἄλλους
1324 2376 1423 2427 οὐκ
1446 2376 1660 2441 ὀλίγους
1700 2375 1838 2443 ἔχων
1867 2393 1991 2428 συν-

400 2468 620 2536 ίστορας
655 2485 666 2496 ·
704 2468 795 2519 καί
848 2484 990 2527 τινες
1035 2466 1091 2518 δέ
1154 2466 1358 2534 ἕτεροι,
1424 2467 1545 2536 ἦτοι
1595 2467 1798 2519 Λέωνὸ
1845 2467 1991 2520 Κλά-

406 2560 533 2621 εων,
568 2560 867 2631 Γρηγόριος
894 2562 921 2613 6
960 2560 1251 2623 Μακεδὼν,
1276 2560 1371 2613 καὶ
1402 2559 1685 2621 Θεοδόσιος
1717 2560 1743 2611 6
1772 2560 1989 2628 πρῶτος

400 2654 509 2704 τῶν
547 2652 638 2704 τοῦ
667 2654 940 2719 Στεφάνου
977 2653 1323 2721 ἱπποκόμων,
1380 2653 1473 2703 καὶ
1515 2653 1769 2720 Ἰωάννης
1810 2653 1837 2703 6
1875 2651 1988 2721 ῥαί-

402 2762 576 2814 κτωρ,
607 2744 697 2796 τὸν
722 2746 991 2813 Στέφανον
1014 2744 1403 2797 ἐϐουλεύσαντο
1431 2746 1494 2796 ἐκ
1514 2744 1825 2813 Μιτυλήνης
1848 2745 1988 2809 ἀγα-

402 2840 518 2903 γεῖν
538 2838 630 2889 καὶ
659 2841 723 2906 τῇ
755 2838 1003 2908 βασιλείᾳ
1057 2837 1468 2906 ἐγκαθιδρῦσαι.
1528 2836 1670 2889 Ἀλλ’
1701 2838 1804 2888 ὑπό
1829 2855 1940 2890 τινι.
1974 2858 1988 2886 ρ

407 2930 738 2999 συνωμοτῶν
801 2931 1151 2999 μηνυθέντων
1206 2929 1316 2981 τῶν
1375 2929 1761 2999 βουλευμάτων
1814 2934 1840 2983 6
1891 2932 1988 3001 μὲν

401 3024 682 3094 Θεοφάνης
731 3024 998 3094 ἐξωρίσθη
1024 3024 1119 3076 σὺν
1155 3026 1267 3085 τοῖς
1302 3022 1469 3075 αὑτοῦ
1514 3028 1815 3092 συνεργοῖς,
1848 3024 1896 3075 οί
1931 3025 1986 3076 δὲ

400 3117 494 3170 τοῦ
537 3117 809 3185 Στεφάνου
842 3115 1281 3184 ἀντιποιούμενοι
1330 3115 1624 3182 τυφθέντες
1656 3116 1748 3167 καὶ
1770 3115 1976 3185 δημευ-

401 3210 605 3276 θέντες,
637 3210 735 3263 καὶ
758 3210 858 3272 τάς
890 3210 1040 3278 ῥῖνας
1074 3208 1375 3278 τμηθέντες
1409 3208 1809 3279 ἐξωρίσθησαν.

470 3303 548 3357 Οὐ
603 3302 840 3355 διέλιπον
893 3300 945 3353 δὲ
980 3303 1075 3354 xui.
1102 3305 1149 3352 ot
1196 3300 1431 3369 Τοῦρκοι
1469 3302 1719 3365 είσϐολάς
1767 3302 1847 3364 είς
1890 3302 1987 3372 τὴν

2094 2100 2405 2169 duplicibus
2447 2101 2650 2171 petitus
2702 2102 2917 2155 insidiis
2949 2142 2961 2165 ,
3029 2117 3155 2156 nam
3213 2112 3268 2158 et
3319 2102 3684 2174 Theophanes

2094 2194 2466 2249 cubicularius
2516 2194 2584 2249 de
2644 2194 2893 2248 Romano
2943 2209 3009 2248 ex
3042 2194 3219 2249 insula
3252 2196 3413 2250 Prota
3448 2196 3500 2250 in
3538 2198 3684 2266 pala-

2094 2284 2230 2337 tium
2289 2284 2601 2338 reducendo
2658 2284 2883 2337 consilia
2944 2284 3217 2347 tractavit,
3277 2286 3463 2340 multis
3508 2286 3676 2339 etiam

2092 2373 2212 2427 aliis
2250 2373 2508 2428 consciis.
2565 2373 2634 2427 Et
2680 2372 2770 2427 alii
2811 2373 3059 2440 quidam,
3094 2389 3294 2444 nempe
3333 2374 3444 2429 Leo
3489 2375 3677 2438 Cladn,

2093 2465 2390 2537 Gregorius
2450 2466 2710 2533 Macedo,
2765 2466 3111 2523 Theodosius
3167 2466 3436 2539 Stephani
3491 2479 3680 2537 prote-

2092 2568 2311 2620 strator.
2370 2568 2425 2614 et
2479 2556 2721 2613 Joannes
2772 2569 2971 2624 rector,
3016 2559 3359 2629 Stephanum
3426 2560 3677 2630 Mitylena

2091 2665 2351 2705 revocare
2415 2660 2471 2705 et
2518 2652 2808 2721 imperium
2873 2652 2923 2706 ei
2986 2652 3275 2707 restituere
3322 2652 3492 2707 moliti
3527 2662 3673 2707 sunt.

2091 2741 2223 2807 Quae
2254 2742 2481 2796 consilia
2530 2758 2656 2797 cum
2688 2752 2874 2797 essent
2920 2758 2949 2797 a
2985 2744 3311 2813 quibusdam
3342 2745 3678 2813 conjur‘atio-

2091 2848 2221 2887 num
2257 2835 2611 2903 popularibus
2659 2835 2895 2901 detecta,
2956 2834 3322 2906 Theophanes
3362 2836 3527 2907 328
3552 2855 3674 2892 cum

2091 2927 2203 2981 suis
2231 2927 2394 2981 sociis
2442 2936 2526 2982 est
2558 2926 2828 2998 relegatus
2861 2944 2873 2979 :
2908 2928 2999 2997 qui
3035 2943 3164 2981 vero
3205 2926 3474 2998 Stephani
3505 2946 3668 3001 nego-

2091 3021 2224 3073 tium
2281 3028 2660 3089 susceperant,
2729 3020 3003 3075 verberati
3059 3030 3226 3082 sunt.
3283 3022 3426 3075 bona
3480 3038 3673 3077 eorum

2089 3110 2386 3180 publicata,
2418 3122 2473 3167 et
2503 3113 2730 3168 naribus
2760 3113 3004 3183 praecisis
3031 3114 3085 3168 in
3117 3112 3375 3170 exsilium
3415 3115 3543 3169 acti.

2160 3290 2432 3345 Caeterum
2476 3290 2641 3345 Turci
2697 3307 2807 3346 non
2843 3301 2970 3347 ante
3000 3292 3164 3348 tinem
3197 3292 3445 3347 fecerunt
3472 3294 3524 3346 in
3568 3291 3677 3346 Rn-

411 3392 697 3462 Ῥωμαίων
722 3392 1036 3461 ποιούμενοι
1062 3393 1374 3462 καὶταύτην
1398 3393 1676 3463 δῃοῦντες,
1700 3395 1893 3465 μέχρις
1920 3388 1980 3447 οὗ
2008 3377 2052 3439 C
2087 3403 2152 3441 m1

1929 3388 1980 3447 οὗ
2008 3377 2052 3439 C
2087 3402 2278 3441 manas
2311 3386 2547 3441 ditioncs
2579 3388 2884 3459 grassandi,
2924 3402 3085 3456 quam
3130 3387 3431 3442 Bulosudes
3484 3403 3670 3441 eorum

398 3484 761 3553 Βουλοσουδὴς
786 3484 815 3535 6
838 3484 1042 3536 τούτων
1081 3483 1322 3557 ἀρχηγὸς
1346 3483 1445 3553 τὴν
1480 3484 1588 3536 τῶν
1643 3484 1985 3554 Χριστιανῶν

400 3574 585 3626 πίστιν
616 3572 962 3637 ἀσπάζεσθαι
993 3571 1311 3642 ὑποκριθείς
1359 3572 1678 3643 κατειλήφει
1708 3575 1807 3641 τὴν
1834 3575 1987 3627 Κων-

400 3665 682 3718 σταντίνου
710 3680 724 3693 ’
762 3664 856 3718 καὶ
888 3663 1208 3735 βαπτισθεὶς
1230 3664 1334 3717 ὑπὸ
1370 3664 1463 3717 τοῦ
1503 3660 1769 3735 βασιλέως
1795 3666 1987 3721 ἀναδέ-

397 3775 557 3827 χεται
602 3757 1037 3823 Κωνσταντίνου,
1063 3759 1131 3828 τῇ
1174 3756 1280 3809 τῶν
1310 3759 1615 3828 πατρικίων
1651 3758 1779 3829 ἀξίᾳ
1825 3778 1986 3829 τιμη-

396 3850 512 3914 θεὶς
538 3852 631 3905 καὶ
684 3850 951 3903 πλείστων
998 3849 1298 3921 χρημάτων
1341 3850 1590 3922 ὑπάρξας
1644 3852 1854 3922 κύριος,
1886 3850 1986 3905 εῖτ*

399 3938 558 4006 αὖθις
586 3942 768 3996 οῖκαδε
804 3941 1172 4012 ὑποστρέψας.
1229 3942 1365 3995 Μετ’
1396 3943 1456 3995 οὐ
1492 3942 1627 3997 πολὺ
1670 3943 1727 3997 δὲ
1758 3946 1854 3997 καὶ
1884 3946 1985 3997 Γυ-

395 4036 523 4102 λᾶς,
564 4036 746 4107 ἄρχων
776 4033 852 4088 ὣν
874 4035 969 4088 καὶ
1000 4034 1164 4099 αὐτὸς
1188 4035 1297 4089 τῶν
1324 4035 1607 4108 Τούρκων,
1635 4036 1862 4091 εἴσεισιν
1902 4041 1982 4104 εἰς

522 4126 769 4197 βασιλίδα
800 4127 895 4181 καῖ
923 4125 1269 4196 βαπτίζεται,
1298 4126 1409 4181 τῶν
1435 4128 1565 4181 ῐσων
1594 4127 1845 4193 ἀξιωθεὶς
1889 4131 1983 4183 καὶ

395 4220 561 4282 αὐτὸς
623 4218 951 4289 εὐεργεσιῶν
982 4219 1077 4271 καὶ
1137 4219 1332 4290 τιμῶν.
1391 4218 1713 4275 Ἀνελάϐετο
1762 4222 1819 4274 δέ
1865 4222 1982 4291 μεθ’

397 4309 593 4363 ἑαυτοῦ
625 4311 715 4363 καί
750 4327 870 4363 τινα
913 4310 1145 4381 μοναχδν
1200 4309 1464 4382 Ἰερόθεον
1525 4310 1787 4381 τοῡνομα,
1820 4312 1981 4377 δόξαν

396 4402 682 4465 εὐλαϐείας
735 4401 948 4471 ἔχοντα,
1000 4402 1303 4454 ἐπίσκοπον
1370 4402 1643 4470 Τουρκίας
1680 4404 1829 4475 παρὰ
1886 4404 1980 4459 τοῦ

394 4494 778 4561 Θεοφυλάκτου
827 4492 1295 4564 χειροτονηθέντα,
1337 4493 1395 4556 ὃς
1452 4496 1631 4547 ἐκεῖσε
1690 4496 1981 4565 γενόμενος

393 4586 625 4649 πολλοὺς
674 4585 781 4638 ἀπὸ
828 4586 927 4654 τῆς
967 4585 1309 4655 βαρϐαρικῆς
1344 4585 1554 4656 πλάνης
1606 4588 1687 4650 είς
1720 4588 1811 4641 τὸν
1843 4586 1981 4657 Χρι-

394 4674 715 4743 στιανισμὸν
771 4675 1145 4744 ἐπανήγαγεν.
1203 4675 1346 4727 Ἀλλ’
1408 4677 1435 4729 6
1490 4678 1588 4747 μὲν
1637 4679 1675 4730 Γ
1682 4678 1812 4742 υλᾶς
1860 4680 1977 4732 ἐνέ-

394 4785 545 4837 μεινε
574 4771 641 4838 τῇ
672 4768 875 4833 πίστει,
910 4769 1035 4838 μήτ’
1070 4770 1235 4832 αὐτὸς
1269 4768 1457 4836 ἐφοδὸν
1499 4788 1630 4824 ποτε
1660 4772 1800 4826 κατά
1840 4772 1976 4825 Ῥωο·

392 4861 570 4931 μαίων
596 4859 935 4930 πεποιηκὼς,
970 4860 1106 4932 μήτε
1138 4862 1263 4923 τοὺς
1287 4861 1685 4933 ἁλισκομένους
1711 4865 1973 4933 Χριστια-

388 4953 512 5015 νοὺς
567 4952 950 5023 ἀτημελήτους
1030 4952 1154 5017 ἐῶν,
1222 4953 1340 5006 ἀλλ’
1427 4954 1797 5025 ἐξωνούμενος
1877 4958 1970 5009 καὶ

390 5043 706 5111 ἐπιμελείας
758 5042 923 5107 ἀξιῶν
978 5045 1074 5097 καὶ
1122 5043 1443 5111 ἐλευθερῶν.
1519 5046 1882 5115 Βουλοσουδὴς
1909 5046 1968 5099 δὲ

386 5136 483 5195 τὰς
532 5134 667 5205 πρὸς
709 5134 843 5187 Θεὸν
895 5135 1171 5205 συνθήκας
1222 5135 1507 5207 ἠθετηκὼς
1556 5137 1820 5201 πολλάκις
1868 5138 1963 5189 σὺν

2087 3478 2347 3548 princeps
2388 3478 2550 3534 ﬁdem
2608 3494 2667 3533 se
2708 3479 2965 3549 amplecti
3011 3478 3376 3535 Christianam
3408 3480 3674 3535 simulans

2086 3570 2283 3639 Cpolin
2314 3570 2484 3635 venit,
2543 3569 2959 3640 baptizatusque
2995 3570 3066 3625 ibi
3102 3586 3132 3625 a
3176 3569 3537 3626 Constantino
3589 3580 3675 3623 est

2087 3671 2373 3733 exceptus,
2426 3664 2495 3719 ab
2541 3679 2718 3733 eoque
2768 3663 2984 3732 patricii
3032 3664 3295 3736 dignitate
3353 3673 3408 3719 et
3462 3665 3673 3734 magnis

2088 3755 2246 3811 donis
2272 3767 2498 3811 ornatus
2527 3756 2841 3825 ditatusque
2870 3756 3093 3811 domum
3136 3758 3318 3811 rediit.
3353 3757 3471 3811 Non
3499 3757 3672 3811 multo

2086 3857 2211 3917 post
2241 3848 2422 3919 Gylas,
2458 3849 2574 3917 ipse
2602 3862 2819 3917 qucque
2857 3847 3125 3903 Turcicus
3155 3849 3430 3918 princeps,
3477 3848 3668 3903 eodem

2086 3955 2145 3993 se
2180 3940 2424 4009 ejusdem
2483 3939 2561 3995 rei
2612 3954 2772 3993 causa
2826 3938 3080 4004 confert;
3146 3938 3561 4009 baptizatusque
3616 3949 3673 3993 ct

2085 4029 2278 4085 eodem
2311 4045 2420 4099 quo
2452 4028 2598 4100 prior
2627 4029 2789 4083 modo
2820 4037 3086 4083 tractatus
3117 4027 3445 4083 monachum
3482 4042 3668 4095 secum

2084 4123 2310 4177 abduxit
2347 4121 2727 4184 Hierotbeum,
2753 4121 2973 4192 pietatis
2999 4120 3141 4175 fama
3178 4121 3473 4186 celebrem,
3507 4137 3667 4189 quc-2n

2086 4216 2300 4271 Turcize
2325 4214 2641 4285 episcopum
2675 4213 3121 4285 Thcophylactus
3165 4212 3475 4283 patriarcha
3520 4211 3670 4266 desi-

2085 4306 2287 4377 gnavit.
2331 4304 2490 4374 Isque
2529 4313 2587 4357 ut
2646 4303 2700 4359 in
2752 4302 3005 4357 Turciam
3034 4304 3205 4368 venit,
3246 4304 3448 4357 multos
3481 4318 3511 4355 a
3542 4302 3667 4356 bar-

2085 4399 2269 4453 barica
2300 4397 2491 4451 fraude
2525 4395 2590 4449 ad
2632 4394 3005 4449 Christianam
3038 4394 3359 4464 religionem
3400 4393 3664 4449 traduxit.

2081 4489 2159 4543 Ac
2201 4487 2361 4557 Gylas
2394 4487 2615 4556 quidem
2646 4487 2702 4540 in
2734 4486 2838 4541 ﬁde
2883 4487 3220 4556 permansit;
3257 4496 3311 4543 et
3339 4501 3518 4556 neque
3552 4487 3669 4555 ipse

2084 4581 2137 4635 in
2174 4581 2445 4635 Romanos
2494 4582 2885 4651 impressiones
2939 4581 3086 4646 fecit,
3137 4591 3192 4635 et
3229 4582 3473 4651 captivos
3503 4579 3665 4636 Chri.

2082 4674 2289 4727 stianos
2322 4688 2511 4727 emens
2543 4675 2772 4737 curavit,
2821 4675 3239 4744 libertatemque
3290 4675 3356 4730 iis
3404 4673 3663 4729 reddidit.

2083 4765 2385 4821 Bnlosudes
2426 4774 2607 4819 autem
2648 4766 2820 4836 pactis
2854 4783 2975 4837 qua:
3008 4781 3133 4821 cum
3170 4766 3277 4821 Di-o
3328 4766 3526 4820 inierat
3576 4781 3663 4817 re-

2082 4860 2294 4926 scissis,
2325 4874 2469 4929 sa‘pe
2500 4876 2623 4915 cum
2656 4861 2909 4915 omnibus
2949 4861 3065 4916 suis
3097 4860 3151 4914 in
3184 4859 3460 4915 Romanos
3498 4873 3661 4927 expe-

2079 4952 2340 5007 ditionem
2394 4954 2657 5023 suscepit.
2685 4952 2838 5018 Quod
2879 4952 3022 5007 idem
3055 4961 3244 5008 contra
3273 4951 3514 5007 Francos
3544 4960 3662 5005 ten-

2079 5055 2199 5101 tans
2224 5054 2417 5115 captus
2447 5054 2501 5100 et
2533 5046 2601 5100 ab
2622 5060 2811 5101 eorum
2845 5059 2971 5115 rege
2993 5043 3205 5100 Joanne
3238 5044 3292 5099 in
3324 5044 3505 5114 palum
3540 5043 3634 5097 sui

2074 5136 2213 5191 fixus
2239 5144 2342 5192 est.

390 5232 552 5281 παντὶ
580 5230 657 5299 τῷ
689 5230 830 5283 ἔθνει
864 5232 1008 5296 κατά
1045 5232 1334 5303 Ῥωμαίων
1364 5231 1613 5304 ἐξήλασε.
1646 5234 1718 5286 Τὸ
1760 5234 1805 5287 δ’
1842 5233 1973 5287 αὐτὸ
2010 5230 2169 5287 τοῦτο
2225 5233 2321 5289 καὶ
2354 5233 2494 5288 κατὰ
2559 5233 2829 5304 Φράγγων
2882 5233 3106 5304 ποιῆσαι
3180 5232 3485 5301 διανοηθεὶς
3563 5250 3633 5285 κα

386 5326 547 5387 ἁλοὺς
570 5325 1002 5392 ἀνεσκολοπίσθη
1030 5328 1134 5381 ύπὺ
1175 5330 1425 5385 Ἰωάννου
1450 5330 1560 5400 (89)
1583 5328 1677 5382 τοῦ
1709 5330 1979 5399 βασιλέως
2009 5328 2213 5384 αὐτῶν.

457 5420 566 5473 Καὶ
592 5421 624 5490 ἡ
655 5422 745 5473 τοῦ
776 5438 908 5474 ποτε
929 5423 1070 5476 κατά
1110 5423 1399 5493 Ῥωμαίων
1427 5424 1829 5490 ἐκπλεύσαντος
1856 5426 1961 5497 ἆρ-

393 5526 581 5577 κοντος
606 5509 713 5562 τῶν
764 5511 901 5572 Ῥὼς
946 5510 1181 5581 γαμετὴ.
1218 5513 1392 5580 Ἐλγα
1440 5512 1699 5583 τοῠνομαη
1733 5515 1825 5569 τοῦ
1870 5516 1965 5568 ἀνι

387 5598 512 5661 δοὺς
540 5600 709 5668 αὐτῆς
742 5600 1110 5665 ἀποθανόντος
1148 5604 1482 5674 παρεγένετο
1517 5607 1574 5658 ἐν
1613 5606 1965 5661 Κωνσταντι-

2140 5424 2306 5495 329
2358 5424 2527 5479 Porro
2554 5424 2685 5497 Elga
2733 5425 3030 5481 Rossorum
3060 5423 3326 5495 principis
3356 5438 3512 5487 uxor,
3555 5424 3646 5491 qui

2069 5517 2298 5573 classem
2360 5516 2415 5572 in
2472 5517 2748 5574 Romanos
2800 5518 3070 5581 duxerat,
3138 5518 3334 5572 marito
3386 5514 3649 5571 defuncto

2070 5609 2264 5680 tlpolin
2300 5610 2485 5679 venit;
2517 5620 2573 5667 et
2597 5612 2893 5683 baptizata,
2921 5626 3042 5667 cum
3066 5626 3321 5683 magnum
3348 5624 3492 5667 vera
3529 5610 3646 5681 pie-

1504 5766 1858 5823 χγιΑΝυιιι
1892 5768 1979 5824 ΕΤ
2007 5768 2218 5826 GOARI
2294 5771 2526 5829 ΝΟΤᾹΞ.

463 5870 575 5941 (89)
606 5872 686 5930 Ab
724 5873 939 5932 Othone
973 5877 1325 5949 imperatore,
1370 5884 1555 5938 suit-it
1591 5886 1968 5957 tiumpalutcs,
2007 5888 2091 5945 cui
2122 5890 2322 5947 veritas
2364 5891 2606 5951 historia:
2642 5893 2955 5952 subscribit.
2987 5894 3152 5951 Goan.
