4410 6452
737 418 812 480 63
2007 414 2331 476 GEORGII
2360 411 2697 474 CEDRENI
3939 410 4008 474 5".

738 535 864 588 tatis
909 533 1150 588 studium
1198 533 1651 595 demonstrasset,
1711 529 1889 602 dignis
1935 545 2034 583 suo
2074 528 2324 582 instituto
2353 531 2397 587 Α
2427 544 2479 580 νο

2271 537 2324 582 to
2353 531 2397 587 Α
2427 526 2698 580 νουπόλει.
2731 518 2842 579 Καὶ
2874 522 3239 594 βαπτισθεῖσα
3275 527 3370 577 καί
3395 523 3726 594 προαίρεσιν
3781 525 4010 595 εἰλικρισ

741 625 1044 680 honoribus
1066 624 1259 680 aﬂ'ccta
1289 624 1512 679 domum
1549 624 1731 678 rediit.
2425 635 2482 671 νο

2425 618 2548 680 νοῦς
2575 615 2927 684 ἐνδειξαμένη
2950 615 3212 676 πίστεως,
3250 613 3415 678 ἀξίως
3434 613 3730 683 τιμηθεῖσα
3751 613 3849 682 τῆς
3883 632 4013 684 προ-

2425 709 2691 777 αιρέσεως
2726 709 2815 760 ἐπ’
2837 708 2988 760 οἱκου
3020 706 3316 775 ἀνέδραμε.

811 803 951 858 Filia
1001 805 1263 874 Ilugonis,
1312 820 1431 872 qum
1479 804 1724 857 llomano
1757 801 1935 857 fuerat
1973 803 2325 873 desponsata,

738 904 956 949 mortua
991 894 1223 963 virgine,
1282 896 1357 948 uti
1396 893 1656 956 diximus,
1701 894 2000 963 imperator
2026 894 2134 948 filio
2165 895 2324 948 aliam

741 1003 966 1043 uxorem
1015 987 1265 1051 collocat,
1322 1001 1664 1054 nequaquam
1720 986 1913 1039 illustri
1969 1001 2167 1056 genere
2229 985 2325 1040 sed

742 1080 1002 1148 plebeio.
1054 1089 1229 1134 ortam
1293 1079 1612 1148 parentibus
1665 1077 2045 1146 cauponibus,
2105 1078 2328 1133 nomine

740 1173 1103 1228 Anastasiam.
1152 1170 1260 1227 Sed
1315 1171 1432 1240 ipse
1481 1171 1530 1225 ei
1568 1170 1938 1240 Thcophanus
1986 1185 2189 1224 nomen
2245 1170 2329 1224 in-

739 1263 894 1318 tiidit.

810 1442 947 1497 Cum
988 1450 1172 1517 autem
1208 1455 1422 1495 ameras
1453 1438 1605 1493 Tarsi
1637 1439 1776 1494 bello
1813 1437 2088 1494 Romanos
2135 1448 2329 1508 petens

742 1547 955 1603 partem
1012 1534 1284 1588 exercitus
1342 1532 1396 1585 in
1451 1546 1650 1602 pagum
1716 1531 1964 1585 llerculis
2026 1533 2327 1601 pv'milatum

743 1625 1032 1689 emisisset,
1063 1625 1345 1694 presbyter
1376 1623 1596 1692 quidam
1634 1623 1852 1676 nomine
1876 1623 2170 1676 Theon-lus
2203 1632 2330 1676 tunc

744 1717 1094 1770 incruentum
1146 1730 1412 1784 peragens
1461 1714 1808 1770 sacrificium.
1845 1714 2064 1782 cognito
2098 1713 2330 1769 Sarace-

743 1823 940 1860 norum
968 1808 1228 1869 adventu,
1256 1807 1458 1860 omisso
1486 1805 1773 1865 sacriﬁcio,
1805 1807 1872 1856 ita
1914 1815 1971 1857 ut
2001 1814 2115 1857 crat
2151 1816 2329 1859 vestes

745 1914 931 1952 sacras
954 1899 1270 1951 indutus...
1307 1897 1491 1965 templi
1529 1896 1795 1966 corripuit
1821 1913 1997 1967 eoque
2036 1899 2221 1952 hostes
2255 1900 2329 1951 ir-

747 2002 983 2046 ruentes
1003 1993 1269 2052 ilclcudit,
1296 2007 1597 2061 eorumque
1623 1994 1822 2046 mullos
1841 1995 2163 2051 vulneravit.
2182 2010 2329 2049 com-

745 2085 931 2153 plures
971 2083 1270 2142 interfecit,
1313 2084 1550 2150 reliquos
1586 2083 1636 2134 in
1674 2083 1852 2151 fugam
1900 2085 2079 2138 vertit.
2136 2083 2330 2138 Exclu-

743 2193 838 2229 sus
879 2175 1076 2229 deinde
1109 2176 1175 2227 ab
1211 2177 1468 2243 episcopo
1515 2176 1705 2234 saevis,
1762 2191 1886 2228 cum
1943 2177 2327 2232 admissioncm

745 2287 852 2322 non
889 2271 1222 2337 impetraret,
1247 2269 1310 2323 ad
1340 2270 1614 2338 Agarcnos
1646 2286 1702 2322 se
1732 2270 1960 2322 contulit
1991 2271 2329 2340 ejuravitque

742 2364 1113 2417 Christianam
1167 2363 1516 2431 religionem,
1582 2378 1816 2430 cumque
1874 2363 1938 2416 iis
1985 2363 2172 2418 exiens
2218 2381 2329 2418 non

744 2454 1143 2521 Cappadocum)
1188 2453 1350 2506 modo
1385 2464 1438 2505 et
1470 2452 1674 2506 vicinas
1717 2453 1971 2522 regiones
2026 2465 2110 2508 est
2165 2472 2331 2525 papu-

748 2549 904 2605 latus,
965 2545 1058 2599 sed
1113 2553 1168 2598 et
1213 2559 1384 2613 usque
1419 2543 1484 2596 ad
1525 2543 1781 2597 Minorem
1821 2546 2005 2598 Asiam
2065 2548 2325 2614 perrexit.

744 2636 906 2705 330
929 2635 992 2689 Et
1026 2651 1092 2689 ne
1118 2637 1356 2689 scribere
1383 2635 1603 2704 quidem
1634 2636 1712 2690 fas
1730 2647 1805 2690 est
1829 2653 1947 2706 qme
1977 2638 2094 2707 ejus
2126 2638 2329 2693 fuerint

747 2748 807 2781 :u:
837 2744 996 2797 quam
1029 2729 1144 2782 dira
1179 2727 1445 2781 facinora.

822 2991 887 3045 At
917 2990 1116 3044 Bai-das
1145 2989 1354 3044 Phocas
1384 2989 1718 3044 domesticus
1748 2989 2058 3044 scholarum
2092 3001 2328 3054 creatus,

750 3086 826 3136 uti
872 3084 1167 3137 iudicatum
1203 3099 1367 3153 supra
1416 3092 1521 3147 est,
1571 3083 1706 3135 nihil
1759 3094 2062 3136 memoratu
2108 3082 2328 3153 dignum

2501 797 2584 871 [P.
2625 795 2752 868 657]
2789 797 2898 866 Τῆς
2928 795 2984 847 δὲ
3018 793 3095 864 τῷ
3123 794 3388 865 Ῥωμανῷ
3407 792 3812 862 νυμφευθείσης
3843 791 4013 862 κόρης

2426 892 2524 961 τῆς
2552 889 2804 957 Οὕγωνος
2830 889 3022 951 παιδὸς
3059 887 3468 956 ἀποθανούσης,
3499 886 3574 949 ὡς
3610 884 3838 956 εἴπομεν
3873 885 4010 954 (90),

2429 984 2724 1054 παρθένου,
2761 981 3103 1051 νυμφεύεται
3143 978 3292 1048 αὐτῷ
3323 981 3351 1031 ὁ
3392 978 3647 1048 βασιλεὺς
3688 979 3784 1028 καὶ
3825 976 4011 1046 πατὴρ

2429 1077 2625 1146 ἑτέραν
2647 1076 2910 1143 γυναῖκα,
2938 1071 2999 1124 οὔ
3039 1089 3162 1124 τινα
3203 1071 3311 1124 τῶν
3344 1069 3649 1136 ἐπιφανῶν,
3677 1069 3792 1121 ἀλλ’
3823 1071 3886 1120 ἐκ
3917 1087 4011 1138 χυ-

2429 1167 2594 1220 δαίων
2622 1167 2851 1235 (ρυεῖσαν
2871 1165 2964 1217 καὶ
2984 1163 3082 1234 τὴν
3111 1162 3309 1232 τέχνην
3335 1161 3616 1230 καπήλων,
3649 1161 4011 1215 ’τἰναστασίαν

2429 1257 2798 1328 καλουμένην,
2866 1254 3125 1325 Θεοφανὼ
3187 1254 3230 1307 δ’
3285 1255 3377 1308 ὑπ’
3428 1253 3638 1307 ἐκείνου
3709 1269 4012 1323 μετονομα-

2431 1348 2673 1402 σθεῖσαν.

2501 1439 2607 1492 Τοῦ
2634 1440 2826 1510 ἀμηρᾶ
2851 1438 2908 1490 δὲ
2933 1439 3032 1508 τῆς
3061 1436 3278 1507 Ταρσοῦ
3300 1436 3659 1506 ἐκστρατείαν
3687 1437 3828 1488 κατὰ
3875 1437 4011 1488 Ῥωο

2435 1533 2610 1602 μαίων
2641 1532 3036 1600 ποιησαμένου,
3091 1533 3148 1582 ὲν
3195 1533 3260 1600 τῇ
3295 1529 3458 1597 κώμῃ
3502 1528 3556 1580 δὲ
3601 1532 3666 1598 τῇ
3712 1529 4013 1598 Ἡρακλέος

2431 1623 2558 1675 λαῆν
2581 1624 2936 1690 πεπομφότος
2964 1621 3043 1682 εἱς
3063 1622 3365 1688 προνομὴν,
3399 1618 3771 1688 πρεσϐύτερός
3799 1635 3878 1680 τις
3908 1618 4013 1668 Hi-

2437 1715 2534 1784 μελ
2559 1712 2963 1781 ὀνομαζόμενος
2992 1711 3088 1780 τὴν
3120 1713 3458 1780 ἀναίμακτον
3480 1711 3742 1764 ἐπιτελῶν
3769 1711 4013 1780 ὶειτουρ·

2432 1807 2578 1873 γίαν,
2612 1805 2687 1868 ὡς
2717 1804 2859 1872 ἔγνω
2903 1804 3002 1874 τὴν
3059 1803 3168 1855 τῶν
3220 1804 3552 1874 Σαρακηνῶν
3593 1803 3802 1872 ἔφοδον,
3841 1802 4012 1855 λιπὼν

2433 1899 2530 1967 τὴν
2573 1897 2888 1967 ἱερουργίαν
2914 1898 3005 1948 καὶ
3033 1896 3108 1957 ὼς
3156 1890 3269 1964 εἶχε
3311 1895 3501 1963 στολῆς
3547 1894 3802 1958 ἐξελθὼν,
3853 1895 4014 1946 λαϐό-

2437 1989 2596 2057 μενός
2651 2005 2711 2040 τε
2757 1991 2875 2050 ταῖς
2931 1987 3090 2055 χερσὶ
3119 1986 3213 2039 τοῦ
3263 1987 3614 2057 σημαντῆρος
3639 1987 3889 2057 (91),τῆς
3921 1988 4013 2038 ἐκ·

2433 2080 2666 2150 κλησίας
2717 2082 2774 2132 ἐν
2815 2081 2992 2149 τούτῳ
3029 2080 3157 2142 τοὺς
3200 2079 3454 2142 ἐπιόντας
3477 2080 3739 2148 ἠμύνετο,
3773 2083 3867 2132 καὶ
3895 2080 4016 2131 πο).-

2432 2174 2556 2234 λοὺς
2586 2174 2682 2240 μὲν
2726 2173 3153 2242 ἐτραυμάτισεν,
3190 2172 3476 2224 ἀπέκτεινε
3523 2173 3580 2225 δέ
3630 2173 3724 2225 καὶ
3771 2174 4012 2237 ἱκανοὺς,

2432 2263 2634 2323 τοὺςδέ
2661 2263 2886 2325 λοιποὺς
2933 2262 3201 2334 ἐτρέψατο
3239 2264 3319 2325 εἰς
3369 2264 3568 2332 φυγήν.
3610 2263 4017 2326 Ἀποκλεισθεὶς

2433 2356 2487 2408 δὲ
2551 2358 2698 2428 παρὰ
2745 2357 2841 2410 τοῦ
2904 2357 3207 2409 ἐπισκόπου
3265 2357 3366 2424 τῆς
3403 2356 3734 2426 ἱερουργίας,
3773 2356 3894 2408 ἐπεὶ
3940 2356 4012 2424 μὴ

2435 2449 2620 2500 ἔπειθε
2655 2449 2764 2518 (92)
2802 2449 3252 2518 συγχωρηθῆναι,
3301 2451 3412 2513 τοῖς
3465 2450 3787 2520 Ἀταρηνοῖς
3842 2467 4014 2518 προσ-

2434 2542 2605 2611 ερρύη
2633 2543 2845 2594 καὶτὸν
2882 2543 3317 2612 Χριστιανισμὸν
3377 2543 3710 2612 ἐξωμόσατο,
3765 2543 3856 2596 καὶ
3920 2546 4014 2594 σῦν

2435 2631 2618 2692 αὐτοῖς
2647 2630 2802 2695 ἐξιὼν
2827 2631 2887 2682 ού
2921 2633 3080 2700 μόνον
3108 2633 3506 2686 Καππαδοκίαν
3526 2633 3618 2684 καὶ
3643 2635 3708 2684 τὰ
3725 2634 4014 2701 ἐγγίζοντα

2435 2723 2606 2795 ταύτῃ
2637 2723 2791 2794 ἐδῄου
2816 2725 3050 2792 θέματα,
3087 2725 3228 2778 ἀλλὰ
3256 2726 3318 2795 δὴ
3356 2727 3446 2778 καὶ
3486 2726 3646 2795 μέχρι
3677 2729 3774 2795 τῆς
3813 2729 4014 2794 μικρᾶς

2436 2818 2740 2888 λεγομένης
2777 2818 2962 2881 Ἀσίας
2991 2818 3243 2886 ἔφθασεν.
3276 2820 3414 2871 Ὂσα
3463 2818 3521 2872 δὲ
3582 2820 3729 2873 δεινὰ
3783 2820 4013 2889 διεπρά-

2439 2910 2582 2975 ξατο,
2613 2910 2730 2962 οὐδὲ
2771 2909 3005 2979 γράφειν
3036 2912 3168 2979 ἡμῖν
3199 2911 3442 2980 θεμιτόν.

2512 3001 2648 3070 Ἤδη
2681 3000 2760 3061 δὲ,
2805 3000 2880 3062 ὼς
2927 3000 3180 3066 εἴπομεν,
3238 3000 3639 3070 προχειρισθεὶς
3696 3001 4015 3070 δομὲστικςς

2437 3090 2547 3143 τῶν
2579 3090 2783 3160 σχολῶν
2812 3089 3023 3160 Βάρδας
3061 3092 3088 3142 ὁ
3125 3092 3321 3154 Φωκᾶς
3345 3091 3499 3144 οὐδὲν
3552 3093 3579 3144 ὃ
3624 3111 3675 3145 τι
3704 3095 3798 3146 καὶ
3854 3093 4014 3160 λόγου

749 3179 878 3246 egit.
920 3176 1130 3230 Etenim
1168 3177 1399 3230 aliorum
1452 3173 1710 3245 auspiciis
1741 3190 1854 3229 rem
1897 3191 2091 3247 gerens
2132 3177 2176 3228 is
2222 3177 2326 3229 dux
2361 3221 2402 3278 Ο
2439 3184 2490 3246 at

2281 3192 2326 3229 IX
2361 3221 2402 3278 ϐ
2439 3184 2588 3247 ἄξιον
2608 3183 2985 3252 ἀπειργάσατο
3011 3199 3024 3212 ο
3050 3182 3210 3235 ὁπότε
3241 3183 3341 3253 μὲν
3364 3181 3473 3252 γὰρ
3499 3183 3587 3249 ὑφ’
3615 3183 3834 3252 ἐτέρους
3863 3185 4017 3236 ἐτάτ-

749 3269 1033 3322 vulebatur
1061 3268 1151 3338 qui
1200 3267 1411 3322 laudem
1441 3276 1496 3321 et
1525 3266 1941 3320 admirationem
1973 3275 2276 3320 mereretur
2314 3284 2326 3320 :

749 3363 897 3414 ouuu
936 3361 1035 3414 sibi
1083 3361 1315 3430 imperio
1363 3359 1657 3414 commisso
1703 3359 1839 3412 nihil
1869 3369 1964 3412 aut
1995 3374 2186 3428 parum
2223 3357 2331 3413 Ro-

748 3468 925 3507 mana:
983 3454 1238 3522 proderat
1293 3453 1391 3515 rei,
1447 3452 1590 3521 quod
1639 3451 1879 3505 avaritiae
1912 3451 2164 3506 laborans
2199 3452 2330 3507 vitio

749 3548 900 3600 sanis
937 3547 1180 3601 consiliis
1212 3547 1610 3601 excutiebatur.
1667 3545 1824 3600 Unde
1849 3554 1904 3600 et
1929 3545 2162 3614 quodam
2195 3555 2329 3599 tem-

750 3655 881 3706 pore
916 3638 969 3691 in
1000 3638 1277 3693 Chabdani
1310 3638 1608 3692 exercitum
1640 3637 1707 3691 de
1732 3636 2028 3707 improviso
2059 3637 2326 3700 incidens,

749 3735 816 3784 ali
851 3732 1105 3786 omnibus
1153 3736 1287 3795 suis,
1339 3741 1395 3785 ut
1445 3730 1638 3795 fertur,
1686 3730 1934 3784 desertus
1987 3731 2040 3784 in
2092 3730 2327 3785 hostium

750 3834 1072 3896 potestatem
1134 3827 1288 3881 vivus
1343 3827 1601 3888 venisset,
1659 3826 1760 3879 nisi
1816 3841 1939 3879 cum
1982 3842 2158 3880 cuneo
2210 3834 2332 3882 acto

749 3919 986 3972 ministri
1013 3921 1366 3988 eripuissent.
1431 3918 1638 3973 Vulnus
1676 3919 1898 3987 quidem
1932 3920 1984 3972 iu
2020 3918 2199 3974 fronte
2229 3935 2319 3974 ac-

750 4011 894 4077 ccpit
942 4025 1196 4081 magnum
1251 4021 1413 4080 atque
1477 4009 1847 4078 profundum,
1892 4012 2050 4078 cujus
2095 4025 2332 4066 crassam

750 4101 1061 4156 cicatricem
1098 4119 1270 4172 usque
1305 4103 1368 4156 ad
1402 4113 1630 4156 mortem
1669 4102 2026 4158 circumtulit.

827 4279 1166 4349 Nicephorius
1209 4287 1389 4333 autem
1431 4287 1484 4333 et
1526 4277 1654 4342 Leo,
1701 4277 1792 4331 filii
1823 4277 1964 4347 ejus,
1995 4278 2143 4332 omni
2178 4279 2326 4334 inhoo

755 4383 910 4425 uesta
960 4384 1186 4441 captura
1219 4371 1534 4440 superiores
1563 4386 1627 4425 ac
1661 4371 1907 4425 subditos
1936 4371 2107 4425 instar
2133 4371 2336 4427 libero-

2440 3293 2583 3336 τετο,
2618 3275 2927 3345 στρατηγὸς
2950 3275 3264 3344 θαυμαστὸς
3321 3275 3669 3342 ἁνεςιαίνετο,
3700 3275 3938 3344 ὁπηνίκα
3960 3277 4017 3328 δὲ

2440 3366 2472 3434 ἡ
2500 3365 2718 3428 ἐξουσία
2750 3366 2860 3417 τῶν
2886 3366 3316 3435 στρατευμάτων
3344 3367 3603 3418 ἁπάντων
3657 3367 3760 3435 τῆς
3818 3368 4013 3420 ἐαυτοῦ

2436 3456 2664 3526 γνώμης
2713 3458 3000 3528 ἐξήρτητο,
3047 3458 3206 3521 ὀλίγα
3245 3459 3277 3528 ἦ
3323 3459 3478 3512 οὐδὲν
3515 3458 3693 3529 ὢνησε
3744 3460 3841 3530 τὴν
3885 3461 4015 3515 Ῥω·

2444 3551 2618 3620 μαίων
2654 3552 2852 3621 ἀρχήν.
2880 3551 3139 3621 Νοσήσας
3178 3551 3288 3622 γὰρ
3322 3551 3422 3621 τὴν
3464 3553 3780 3618 πλεονεξίαν
3825 3552 4012 3624 ἐξέστη

2440 3641 2546 3694 τῶν
2582 3641 2778 3694 ἑαυτοῦ
2816 3642 3116 3710 λογισμῶν.
3143 3641 3306 3693 Ὅθε⁴ν
3333 3642 3424 3694 καί
3453 3660 3583 3699 ποτε
3616 3648 3730 3705 τοῖς
3792 3643 3882 3696 τοῦ
3908 3645 4018 3696 Χα-

2435 3733 2567 3787 δδᾶν
2609 3733 3030 3804 ἀπροσδοκήτως
3085 3733 3420 3805 περιπεσὼν,
3456 3737 3692 3800 πάντων,
3746 3736 3819 3799 ὣς
3863 3753 4014 3804 φασι,

2435 3827 2903 3880 καταλελοιπότων
2927 3826 3108 3892 αὑτὸν,
3146 3825 3342 3898 μικροῦ
3373 3828 3483 3880 δεῖν
3523 3828 3868 3898 αἰχμάλωτος
3896 3832 4015 3896 ἐγε-

2436 3918 2604 3985 γόνει,
2631 3919 2678 3970 εί
2705 3917 2780 3988 μὴ
2803 3919 3236 3982 συνασπίσαντες
3254 3921 3301 3972 οἱ
3330 3919 3662 3991 θεράποντες
3687 3921 3786 3990 τῆς
3815 3923 4015 3990 αἰχμα-

2437 4010 2636 4073 λωσίας
2669 4011 2832 4064 αὐτὸν
2864 4010 3260 4080 ἐλυτρώσαντο.
3303 4011 3548 4083 Ἐτρώθη
3566 4013 3619 4065 δέ
3633 4013 3772 4065 κατὰ
3799 4013 3858 4064 τὸ
3880 4013 4012 4080 μέτ-

2436 4117 2585 4152 ωπον
2649 4100 2883 4172 γενναίῳ
2922 4103 3016 4154 καὶ
3050 4100 3308 4171 βαθεῖτῷ
3335 4102 3630 4172 τραύματι,
3670 4101 3745 4165 ὡς
3788 4101 3879 4155 καὶ
3922 4103 4014 4172 μέ-

2443 4211 2533 4264 χρι
2564 4194 2824 4262 τελευτῆς
2860 4193 3027 4264 ἁδρὰν
3054 4195 3154 4266 τὴν
3181 4194 3342 4266 οὐλὴν
3377 4197 3716 4266 περιφέρειν.

2513 4285 2826 4356 Νικηφόρος
2851 4286 3024 4340 δὲκαὶ
3058 4287 3206 4340 Λέων
3246 4287 3295 4340 οἱ
3334 4286 3530 4340 τούτου
3586 4288 3748 4349 υἱεῖς,
3777 4286 4014 4355 ἐφύπερο

2445 4377 2536 4430 θεν
2566 4377 2718 4440 ὄντες
2745 4378 2947 4441 παντὸς
2981 4377 3211 4448 αἰσχροῦ
3274 4378 3561 4448 λήμματος
3600 4380 3693 4430 καὶ
3737 4376 3860 4438 τοὺς
3913 4377 3986 4427 ύπ

1876 4509 2228 4566 XYLANlllll
2260 4513 2346 4567 ET
2378 4513 2591 4570 GOARI
2652 4516 2889 4571 NOTAE.

828 4607 938 4681 (5)0)
971 4607 1057 4661 Ait
1095 4624 1153 4681 se
1175 4608 1224 4661 id
1255 4622 1416 4681 supra
1442 4623 1658 4676 quoque
1683 4608 1902 4681 dixisse.
1930 4608 2034 4661 Sed
2069 4608 2119 4660 in
2146 4619 2334 4662 nostro
2371 4613 2410 4664 D
2445 4610 2549 4665 Sed
2577 4612 2706 4681 quid
2737 4613 2824 4665 hic
2852 4611 3141 4676 signiticet,
3175 4612 3466 4666 obscurum
3504 4611 3769 4679 relinquo.
3797 4610 3926 4664 Χγιη
3948 4641 4015 4650 -

754 4679 964 4738 codice,
997 4696 1059 4728 co
1113 4678 1230 4745 ipso
1280 4678 1396 4731 loco
1429 4693 1538 4746 quo
1588 4694 1705 4732 eam
1733 4680 1973 4746 quinque
2005 4694 2176 4730 annos
2209 4694 2332 4730 cum

756 4751 1003 4801 lloniano
1053 4749 1253 4801 vixisse
1305 4747 1527 4807 dicitur,
1566 4749 1820 4802 librarius
1860 4749 2131 4814 quantum.
2181 4757 2331 4814 puto,

753 4820 1036 4880 omiserat,
1066 4834 1186 4884 qua:
1218 4819 1284 4870 ab
1315 4818 1422 4870 alio
1449 4819 1645 4873 deinde
1677 4828 1823 4874 sunt.
1862 4831 1918 4869 ut
1947 4831 2000 4871 ct
2031 4819 2152 4872 aliis
2180 4819 2328 4883 locis,

756 4891 982 4942 inserta.
1040 4889 1200 4941 (lerte
1255 4889 1369 4941 lucc
1427 4903 1550 4941 cum
1609 4888 1983 4954 superioribus
2035 4904 2139 4941 non
2196 4903 2332 4940 con-

756 4967 978 5026 gruunt,
1021 4957 1163 5026 quod
1224 4959 1360 5012 satis
1394 4957 1555 5011 habui
1620 4959 1900 5010 adnotare.
1941 4958 2002 5010 Et
2051 4959 2193 5025 quod
2246 4959 2333 5013 hic

756 5029 916 5098 paulo
930 5038 1054 5082 ante
1071 5028 1310 5082 Joannes
1326 5027 1656 5082 Francorum
1681 5043 1770 5080 rex
1795 5028 1908 5082 sive
1933 5029 2226 5096 imperator
2246 5029 2330 5079 di-

758 5100 920 5162 citur,
949 5099 1141 5152 horum
1184 5109 1437 5152 neutrum
1474 5099 1712 5153 historiae
1750 5099 2042 5161 consentit,
2083 5114 2204 5152 cum
2238 5114 2329 5166 pcr

760 5169 812 5222 id
838 5177 1051 5237 tempus
1075 5169 1442 5223 Romanorum
1465 5169 1822 5238 imperatores
1840 5169 2042 5221 fuerint
2067 5167 2330 5238 llenricus

760 5241 974 5304 Auceps
997 5249 1050 5293 et
1080 5239 1230 5303 Otto,
1263 5239 1421 5307 cujus
1456 5237 1618 5308 paulo
1649 5238 1854 5308 post_fit
1901 5240 2126 5301 mentio,
2161 5237 2330 5292 Saxo-

761 5324 880 5373 nes,
914 5311 968 5380 in
999 5308 1167 5380 Gallia
1207 5305 1390 5380 autem
1446 5305 1724 5380 regnarint
1765 5305 2075 5362 Ludovicus
2107 5321 2161 5362 et
2212 5309 2330 5378 ejus

761 5380 904 5432 hlius
937 5379 1246 5433 Letharius.
1283 5377 1412 5432 th.

834 5449 944 5516 (9|)
985 5449 1153 5514 Quale
1191 5450 1274 5501 vel
1327 5447 1675 5503 inStrumenti
1707 5448 1791 5502 vel
1838 5462 2116 5501 armorum
2159 5465 2329 5518 genus

761 5522 1071 5588 arripuerit,
1099 5535 1208 5572 non
1241 5534 1456 5586 possum
1485 5519 1751 5573 divinare.
1776 5517 2114 5588 Σημαντῆρα
2145 5517 2330 5588 accepi

786 5605 861 5642 -ro
915 5591 1175 5651 custode,
1228 5605 1388 5655 quem
1433 5589 1696 5642 Ilomcrus
1732 5605 1829 5657 pro
1882 5599 2099 5657 pastore
2141 5591 2330 5658 ponit,

786 5607 861 5642 -το
915 5607 1175 5651 custode,
1228 5607 1388 5655 quem
1433 5607 1696 5642 Homerus
1732 5607 1829 5657 pro
1882 5607 2099 5657 paswre
2141 5607 2330 5658 pomi,

762 5607 914 5713 itiad.
947 5678 995 5723 ο,
1027 5661 1164 5715 525:
1207 5659 1552 5727 Σημὰντορος
1595 5659 1656 5710 ού
1718 5661 2035 5727 παρεόντος,
2088 5669 2144 5712 ct
2191 5661 2334 5728 μῆλα

761 5732 1070 5795 ἀεῄμαντα,
1094 5729 1245 5783 Iliad.
1272 5746 1326 5794 κ,
1354 5730 1478 5788 48ἔὶ,
1505 5744 1624 5796 qua:
1654 5740 1868 5797 pastore
1895 5739 2022 5782 sunt
2046 5729 2328 5784 destituta.

766 5799 918 5869 Παρὰ
953 5801 1011 5850 τὸ
1043 5801 1356 5869 σημαίνειν,
1385 5801 1528 5868 quod
1569 5809 1650 5869 est
1693 5799 2017 5860 ἐπιτάττειν,
2054 5805 2329 5854 mandare.

761 5868 1045 5935 Quomodo
1065 5868 1443 5940 ρισηράντωρ
1469 5868 1638 5938 accipi
1684 5879 1854 5940 potest
1885 5871 2039 5924 initio
2063 5874 2251 5948 OdySs.
2278 5889 2326 5944 ρ.

2441 4681 2648 4734 Nullam
2689 4683 3036 4751 σημαντῆρος
3069 4682 3522 4750 significationem
3558 4682 3778 4748 agnovit
3812 4681 4015 4751 Xylan-

2438 4751 2556 4814 der,
2601 4767 2724 4806 cum
2781 4763 2969 4822 tamen
3019 4752 3189 4822 signis
3233 4753 3534 4806 clarissime
3588 4761 3862 4819 personet.
3921 4753 4017 4807 Est

2437 4823 2582 4875 cnim
2620 4821 2871 4892 crotalus,
2907 4821 3111 4891 lignum
3151 4822 3454 4892 oblongius,
3481 4822 3772 4890 quadrum,
3807 4823 4014 4876 modice

2441 4900 2623 4954 lenite,
2681 4891 2932 4945 malleolo
2985 4891 3365 4959 quatienduni,
3401 4904 3458 4946 ut
3513 4892 3748 4945 excitato
3798 4907 3932 4944 sono
3985 4909 4012 4946 a

2437 4962 2721 5016 sacerdote
2771 4962 3021 5015 fidelibus
3084 4964 3133 5015 in
3184 4963 3468 5016 ceclcsiam
3507 4961 3760 5015 veniendi
3801 4964 4013 5031 signum

2438 5033 2616 5084 detur.
2665 5032 2760 5103 Est
2793 5034 2956 5085 etiam
3015 5035 3307 5103 σημαντὴρ
3363 5033 3535 5087 ferrea
3573 5034 3771 5103 lamina
3821 5033 4016 5086 bacillo

2438 5105 2616 5154 ferreo
2644 5103 2711 5155 ad
2744 5102 2889 5156 fores
2912 5103 3159 5157 CCt'it'SiiB
3202 5105 3251 5155 in
3279 5102 3586 5172 expositum
3631 5102 3790 5154 tinent
3827 5105 4008 5156 verbe-

2439 5173 2626 5244 randa,
2661 5175 2882 5244 dequa,
2917 5173 3059 5244 sicut
3089 5175 3235 5244 etde
3267 5175 3432 5244 signis
3459 5189 3487 5225 e
3547 5173 3923 5244 lignotdorte,
3959 5185 4014 5228 ut

2436 5243 2609 5306 solet,
2664 5243 2892 5297 Allatius
2949 5243 3088 5296 lihro
3135 5243 3202 5297 de
3249 5243 3644 5298 recentioribus
3699 5243 4010 5297 Graecorum

2439 5316 2676 5381 templis.
2714 5313 2824 5368 lloc
2862 5317 3043 5379 itaque
3081 5314 3194 5368 sive
3224 5317 3400 5375 ligneo
3431 5331 3526 5368 sou
3583 5314 3761 5378 potius
3832 5312 4011 5367 ferreo

2435 5398 2647 5455 κνοω-ει
2663 5386 2810 5455 signa
2835 5385 3078 5439 ecclesia:
3105 5387 3347 5438 manilius
3377 5395 3608 5455 arrepto,
3640 5387 3694 5433 ἐν
3720 5383 3854 5452 αὐτῇ
3888 5389 4010 5446 ττ-ῦς

2439 5454 2691 5517 ἐπιόντας
2717 5454 2984 5524 ἠμύνετο,
3019 5455 3275 5524 ingressos
3311 5458 3361 5506 in
3403 5473 3516 5508 eam
3554 5454 3866 5522 (ecclesiam)
3913 5455 4009 5506 Sa-

2441 5540 2655 5578 racenos
2693 5526 2991 5586 iuvadebat,
3038 5526 3400 5594 propulsabat,
3441 5525 3732 5578 debellat)“:
3774 5535 4014 5576 strenuus

2439 5594 2528 5646 ille
2555 5597 2822 5649 sacerdos.
2853 5595 3023 5650 Goan.

2513 5667 2623 5733 (9'2)
2665 5665 2952 5735 Xylandcr,
2991 5682 3106 5718 cum
3143 5668 3507 5719 admissionum
3552 5683 3649 5717 non
3683 5667 4006 5732 impetraret.

2446 5735 2656 5797 Verius,
2705 5753 2823 5789 cum
2855 5746 2907 5788 ut
2957 5738 3053 5790 sibi
3095 5739 3300 5804 facinus
3332 5739 3714 5789 rundouurctur
3753 5752 3850 5788 non
3897 5752 4013 5801 per-

2439 5809 2622 5873 suasit,
2655 5807 2702 5861 id
2735 5819 2837 5868 est,
2875 5807 3202 5876 impetravit.
3228 5808 3392 5861 (30m.
