  <div class='ocr_page' id='page_1' title='image "/cluster/home/n/w/nwhite01/storage/ocr_20150623/122/nnc1.0046979611/043.png"; bbox 0 0 4410 6452; ppageno 0'>
   <div class='ocr_carea' id='block_1_1' title="bbox 759 394 4011 464">
    <p class='ocr_par' dir='ltr' id='par_1_1' title="bbox 759 394 4011 464">
     <span class='ocr_line' id='line_1_1' title="bbox 759 394 4011 464; baseline 0 -9"><span class='ocrx_word' id='word_1_1' title='bbox 759 408 827 464; x_wconf 76' lang='lat'><strong>(:7</strong></span> <span class='ocrx_word' id='word_1_2' title='bbox 2020 394 2339 456; x_wconf 78' lang='lat' dir='ltr'><strong>GEORGII</strong></span> <span class='ocrx_word' id='word_1_3' title='bbox 2380 394 2719 457; x_wconf 77' lang='lat' dir='ltr'><strong>CEDRENI</strong></span> <span class='ocrx_word' id='word_1_4' title='bbox 3944 397 4011 459; x_wconf 79' lang='lat'><strong>68</strong></span> 
     </span>
    </p>
   </div>
   <div class='ocr_carea' id='block_1_2' title="bbox 754 502 2495 583">
    <p class='ocr_par' dir='ltr' id='par_1_2' title="bbox 754 509 2495 583">
     <span class='ocr_line' id='line_1_2' title="bbox 754 509 2495 583; baseline -0.007 -10"><span class='ocrx_word' id='word_1_5' title='bbox 754 527 881 573; x_wconf 79' lang='lat' dir='ltr'><strong>sunt</strong></span> <span class='ocrx_word' id='word_1_6' title='bbox 914 515 1095 570; x_wconf 67' lang='lat' dir='ltr'><strong>facere</strong></span> <span class='ocrx_word' id='word_1_7' title='bbox 1126 515 1328 579; x_wconf 85' lang='lat' dir='ltr'><strong>omisit,</strong></span> <span class='ocrx_word' id='word_1_8' title='bbox 1366 512 1565 583; x_wconf 84' lang='lat' dir='ltr'><strong>gradus</strong></span> <span class='ocrx_word' id='word_1_9' title='bbox 1596 512 1995 568; x_wconf 82' lang='lat' dir='ltr'><strong>ecclesiasticos</strong></span> <span class='ocrx_word' id='word_1_10' title='bbox 2033 521 2085 566; x_wconf 93' lang='lat' dir='ltr'><strong>ct</strong></span> <span class='ocrx_word' id='word_1_11' title='bbox 2112 520 2323 580; x_wconf 78' lang='lat' dir='ltr'><strong>epiSco-</strong></span> <span class='ocrx_word' id='word_1_12' title='bbox 2353 509 2402 567; x_wconf 80' lang='grc' dir='ltr'>Α</span> <span class='ocrx_word' id='word_1_13' title='bbox 2433 530 2495 562; x_wconf 77' lang='grc' dir='ltr'><strong>πε</strong></span> 
     </span>
    </p>
   </div>
   <div class='ocr_carea' id='block_1_3' title="bbox 2265 502 4006 583">
    <p class='ocr_par' dir='ltr' id='par_1_3' title="bbox 2265 502 4006 582">
     <span class='ocr_line' id='line_1_3' title="bbox 2265 502 4006 582; baseline 0.002 -20"><span class='ocrx_word' id='word_1_14' title='bbox 2265 526 2323 562; x_wconf 83' lang='grc'><strong>0-</strong></span> <span class='ocrx_word' id='word_1_15' title='bbox 2353 509 2402 567; x_wconf 79' lang='grc' dir='ltr'><strong>Α</strong></span> <span class='ocrx_word' id='word_1_16' title='bbox 2433 527 2551 571; x_wconf 80' lang='grc' dir='ltr'>πεν,</span> <span class='ocrx_word' id='word_1_17' title='bbox 2577 508 2774 572; x_wconf 81' lang='grc' dir='ltr'>ῶνίους</span> <span class='ocrx_word' id='word_1_18' title='bbox 2803 502 3080 580; x_wconf 65' lang='grc' dir='ltr'>προτιθεὶς</span> <span class='ocrx_word' id='word_1_19' title='bbox 3111 510 3237 572; x_wconf 83' lang='grc' dir='ltr'>τοὺς</span> <span class='ocrx_word' id='word_1_20' title='bbox 3266 508 3363 579; x_wconf 82' lang='grc' dir='ltr'>τῆς</span> <span class='ocrx_word' id='word_1_21' title='bbox 3408 507 3735 578; x_wconf 82' lang='grc' dir='ltr'>Ἐκκλησίας</span> <span class='ocrx_word' id='word_1_22' title='bbox 3771 511 4006 582; x_wconf 69' lang='grc' dir='ltr'>βαθμοὺς</span> 
     </span>
    </p>
   </div>
   <div class='ocr_carea' id='block_1_4' title="bbox 754 600 2329 677">
    <p class='ocr_par' dir='ltr' id='par_1_4' title="bbox 754 600 2329 677">
     <span class='ocr_line' id='line_1_4' title="bbox 754 600 2329 677; baseline -0.006 -17"><span class='ocrx_word' id='word_1_23' title='bbox 754 622 946 677; x_wconf 88' lang='lat' dir='ltr'><strong>porum</strong></span> <span class='ocrx_word' id='word_1_24' title='bbox 996 604 1290 659; x_wconf 88' lang='lat' dir='ltr'><strong>electiones</strong></span> <span class='ocrx_word' id='word_1_25' title='bbox 1327 603 1683 669; x_wconf 78' lang='lat' dir='ltr'><strong>venumdatis,</strong></span> <span class='ocrx_word' id='word_1_26' title='bbox 1708 603 1921 671; x_wconf 89' lang='lat' dir='ltr'><strong>aliaque</strong></span> <span class='ocrx_word' id='word_1_27' title='bbox 1950 617 2117 673; x_wconf 81' lang='lat' dir='ltr'><strong>agens</strong></span> <span class='ocrx_word' id='word_1_28' title='bbox 2154 600 2329 653; x_wconf 88' lang='lat' dir='ltr'><strong>aliena</strong></span> 
     </span>
    </p>
   </div>
   <div class='ocr_carea' id='block_1_5' title="bbox 756 694 2334 767">
    <p class='ocr_par' dir='ltr' id='par_1_5' title="bbox 756 694 2334 767">
     <span class='ocr_line' id='line_1_5' title="bbox 756 694 2334 767; baseline -0.003 -15"><span class='ocrx_word' id='word_1_29' title='bbox 756 701 872 752; x_wconf 68' lang='lat' dir='ltr'><strong>veri</strong></span> <span class='ocrx_word' id='word_1_30' title='bbox 915 696 1241 767; x_wconf 65' lang='lat' dir='ltr'><strong>patriarcha:</strong></span> <span class='ocrx_word' id='word_1_31' title='bbox 1285 694 1483 761; x_wconf 76' lang='lat' dir='ltr'><strong>officio,</strong></span> <span class='ocrx_word' id='word_1_32' title='bbox 1527 694 1719 749; x_wconf 91' lang='lat' dir='ltr'><strong>insano</strong></span> <span class='ocrx_word' id='word_1_33' title='bbox 1750 710 2015 764; x_wconf 90' lang='lat' dir='ltr'><strong>equorum</strong></span> <span class='ocrx_word' id='word_1_34' title='bbox 2068 694 2249 748; x_wconf 91' lang='lat' dir='ltr'><strong>studio</strong></span> <span class='ocrx_word' id='word_1_35' title='bbox 2280 702 2334 746; x_wconf 89' lang='lat' dir='ltr'><strong>et</strong></span> 
     </span>
    </p>
   </div>
   <div class='ocr_carea' id='block_1_6' title="bbox 758 786 2331 857">
    <p class='ocr_par' dir='ltr' id='par_1_6' title="bbox 758 786 2331 857">
     <span class='ocr_line' id='line_1_6' title="bbox 758 786 2331 857; baseline -0.004 -14"><span class='ocrx_word' id='word_1_36' title='bbox 758 791 1104 843; x_wconf 57' lang='lat' dir='ltr'><strong>venationum</strong></span> <span class='ocrx_word' id='word_1_37' title='bbox 1164 787 1453 857; x_wconf 87' lang='lat' dir='ltr'><strong>perditus,</strong></span> <span class='ocrx_word' id='word_1_38' title='bbox 1521 787 1801 856; x_wconf 89' lang='lat' dir='ltr'><strong>multaque</strong></span> <span class='ocrx_word' id='word_1_39' title='bbox 1848 787 1950 840; x_wconf 87' lang='lat' dir='ltr'><strong>alia</strong></span> <span class='ocrx_word' id='word_1_40' title='bbox 2007 786 2331 840; x_wconf 91' lang='lat' dir='ltr'><strong>indecenter</strong></span> 
     </span>
    </p>
   </div>
   <div class='ocr_carea' id='block_1_7' title="bbox 754 876 2332 947">
    <p class='ocr_par' dir='ltr' id='par_1_7' title="bbox 754 876 2332 947">
     <span class='ocr_line' id='line_1_7' title="bbox 754 876 2332 947; baseline -0.003 -14"><span class='ocrx_word' id='word_1_41' title='bbox 754 880 1135 941; x_wconf 83' lang='lat' dir='ltr'><strong>committens;</strong></span> <span class='ocrx_word' id='word_1_42' title='bbox 1188 892 1307 947; x_wconf 67' lang='lat' dir='ltr'><strong>qum</strong></span> <span class='ocrx_word' id='word_1_43' title='bbox 1337 876 1644 946; x_wconf 75' lang='lat' dir='ltr'><strong>singulatim</strong></span> <span class='ocrx_word' id='word_1_44' title='bbox 1678 891 1939 931; x_wconf 91' lang='lat' dir='ltr'><strong>enarrare</strong></span> <span class='ocrx_word' id='word_1_45' title='bbox 1966 886 2022 930; x_wconf 84' lang='lat' dir='ltr'><strong>et</strong></span> <span class='ocrx_word' id='word_1_46' title='bbox 2068 876 2332 930; x_wconf 68' lang='lat' dir='ltr'><strong>inconve—</strong></span> 
     </span>
    </p>
   </div>
   <div class='ocr_carea' id='block_1_8' title="bbox 755 968 2329 1037">
    <p class='ocr_par' dir='ltr' id='par_1_8' title="bbox 755 968 2329 1037">
     <span class='ocr_line' id='line_1_8' title="bbox 755 968 2329 1037; baseline -0.004 -14"><span class='ocrx_word' id='word_1_47' title='bbox 755 973 911 1025; x_wconf 86' lang='lat' dir='ltr'><strong>uiens</strong></span> <span class='ocrx_word' id='word_1_48' title='bbox 956 980 1010 1026; x_wconf 92' lang='lat' dir='ltr'><strong>et</strong></span> <span class='ocrx_word' id='word_1_49' title='bbox 1050 971 1207 1024; x_wconf 84' lang='lat' dir='ltr'><strong>nefas</strong></span> <span class='ocrx_word' id='word_1_50' title='bbox 1245 979 1349 1023; x_wconf 91' lang='lat' dir='ltr'><strong>est.</strong></span> <span class='ocrx_word' id='word_1_51' title='bbox 1397 968 1578 1023; x_wconf 90' lang='lat' dir='ltr'><strong>Unum</strong></span> <span class='ocrx_word' id='word_1_52' title='bbox 1613 984 1709 1037; x_wconf 89' lang='lat' dir='ltr'><strong>par</strong></span> <span class='ocrx_word' id='word_1_53' title='bbox 1754 978 1837 1023; x_wconf 90' lang='lat' dir='ltr'><strong>est</strong></span> <span class='ocrx_word' id='word_1_54' title='bbox 1885 969 2329 1033; x_wconf 78' lang='lat' dir='ltr'><strong>commemorari,</strong></span> 
     </span>
    </p>
   </div>
   <div class='ocr_carea' id='block_1_9' title="bbox 753 1064 2330 1137">
    <p class='ocr_par' dir='ltr' id='par_1_9' title="bbox 753 1064 2330 1137">
     <span class='ocr_line' id='line_1_9' title="bbox 753 1064 2330 1137; baseline -0.001 -16"><span class='ocrx_word' id='word_1_55' title='bbox 753 1077 1132 1137; x_wconf 77' lang='lat' dir='ltr'><strong>argumentum</strong></span> <span class='ocrx_word' id='word_1_56' title='bbox 1170 1066 1339 1135; x_wconf 83' lang='lat' dir='ltr'><strong>ipsius</strong></span> <span class='ocrx_word' id='word_1_57' title='bbox 1378 1067 1516 1119; x_wconf 88' lang='lat' dir='ltr'><strong>male</strong></span> <span class='ocrx_word' id='word_1_58' title='bbox 1550 1065 1781 1120; x_wconf 91' lang='lat' dir='ltr'><strong>instituti</strong></span> <span class='ocrx_word' id='word_1_59' title='bbox 1814 1066 2002 1121; x_wconf 84' lang='lat' dir='ltr'><strong>animi.</strong></span> <span class='ocrx_word' id='word_1_60' title='bbox 2054 1064 2330 1134; x_wconf 83' lang='lat' dir='ltr'><strong>Equorum</strong></span> 
     </span>
    </p>
   </div>
   <div class='ocr_carea' id='block_1_10' title="bbox 755 1155 2332 1226">
    <p class='ocr_par' dir='ltr' id='par_1_10' title="bbox 755 1155 2332 1226">
     <span class='ocr_line' id='line_1_10' title="bbox 755 1155 2332 1226; baseline 0 -15"><span class='ocrx_word' id='word_1_61' title='bbox 755 1158 1117 1226; x_wconf 83' lang='lat' dir='ltr'><strong>parandorum</strong></span> <span class='ocrx_word' id='word_1_62' title='bbox 1178 1173 1363 1211; x_wconf 87' lang='lat' dir='ltr'><strong>amore</strong></span> <span class='ocrx_word' id='word_1_63' title='bbox 1422 1156 1637 1211; x_wconf 67' lang='lat' dir='ltr'><strong>infrzcni</strong></span> <span class='ocrx_word' id='word_1_64' title='bbox 1699 1157 2005 1220; x_wconf 85' lang='lat' dir='ltr'><strong>tenebatur,</strong></span> <span class='ocrx_word' id='word_1_65' title='bbox 2054 1155 2332 1226; x_wconf 85' lang='lat' dir='ltr'><strong>ferturque</strong></span> 
     </span>
    </p>
   </div>
   <div class='ocr_carea' id='block_1_11' title="bbox 757 1246 2333 1318">
    <p class='ocr_par' dir='ltr' id='par_1_11' title="bbox 757 1246 2333 1318">
     <span class='ocr_line' id='line_1_11' title="bbox 757 1246 2333 1318; baseline -0.001 -16"><span class='ocrx_word' id='word_1_66' title='bbox 757 1249 1015 1303; x_wconf 82' lang='lat' dir='ltr'><strong>habuisse</strong></span> <span class='ocrx_word' id='word_1_67' title='bbox 1068 1250 1207 1302; x_wconf 92' lang='lat' dir='ltr'><strong>ultra</strong></span> <span class='ocrx_word' id='word_1_68' title='bbox 1270 1247 1378 1301; x_wconf 89' lang='lat' dir='ltr'><strong>duo</strong></span> <span class='ocrx_word' id='word_1_69' title='bbox 1423 1263 1686 1318; x_wconf 84' lang='lat' dir='ltr'><strong>equorum</strong></span> <span class='ocrx_word' id='word_1_70' title='bbox 1750 1246 1937 1300; x_wconf 91' lang='lat' dir='ltr'><strong>millia.</strong></span> <span class='ocrx_word' id='word_1_71' title='bbox 2004 1247 2074 1301; x_wconf 86' lang='lat' dir='ltr'><strong>Iis</strong></span> <span class='ocrx_word' id='word_1_72' title='bbox 2126 1248 2333 1302; x_wconf 87' lang='lat' dir='ltr'><strong>alendis</strong></span> 
     </span>
    </p>
   </div>
   <div class='ocr_carea' id='block_1_12' title="bbox 754 1339 2333 1410">
    <p class='ocr_par' dir='ltr' id='par_1_12' title="bbox 754 1339 2333 1410">
     <span class='ocr_line' id='line_1_12' title="bbox 754 1339 2333 1410; baseline 0.002 -19"><span class='ocrx_word' id='word_1_73' title='bbox 754 1354 1017 1410; x_wconf 84' lang='lat' dir='ltr'><strong>perpetuo</strong></span> <span class='ocrx_word' id='word_1_74' title='bbox 1049 1350 1165 1394; x_wconf 90' lang='lat' dir='ltr'><strong>crat</strong></span> <span class='ocrx_word' id='word_1_75' title='bbox 1213 1341 1476 1396; x_wconf 70' lang='lat' dir='ltr'><strong>intentus.</strong></span> <span class='ocrx_word' id='word_1_76' title='bbox 1537 1341 1723 1408; x_wconf 79' lang='lat' dir='ltr'><strong>Neque</strong></span> <span class='ocrx_word' id='word_1_77' title='bbox 1768 1354 1896 1392; x_wconf 78' lang='lat' dir='ltr'><strong>vero</strong></span> <span class='ocrx_word' id='word_1_78' title='bbox 1939 1340 2004 1393; x_wconf 92' lang='lat' dir='ltr'><strong>iis</strong></span> <span class='ocrx_word' id='word_1_79' title='bbox 2040 1339 2241 1394; x_wconf 75' lang='lat' dir='ltr'><strong>fmnum</strong></span> <span class='ocrx_word' id='word_1_80' title='bbox 2280 1350 2333 1394; x_wconf 88' lang='lat' dir='ltr'><strong>et</strong></span> 
     </span>
    </p>
   </div>
   <div class='ocr_carea' id='block_1_13' title="bbox 753 1432 2332 1502">
    <p class='ocr_par' dir='ltr' id='par_1_13' title="bbox 753 1432 2332 1502">
     <span class='ocr_line' id='line_1_13' title="bbox 753 1432 2332 1502; baseline 0.001 -18"><span class='ocrx_word' id='word_1_81' title='bbox 753 1433 1016 1487; x_wconf 81' lang='lat' dir='ltr'><strong>hordeum</strong></span> <span class='ocrx_word' id='word_1_82' title='bbox 1066 1434 1408 1502; x_wconf 87' lang='lat' dir='ltr'><strong>proponebat</strong></span> <span class='ocrx_word' id='word_1_83' title='bbox 1439 1432 1730 1496; x_wconf 90' lang='lat' dir='ltr'><strong>edendum,</strong></span> <span class='ocrx_word' id='word_1_84' title='bbox 1781 1432 1874 1485; x_wconf 83' lang='lat' dir='ltr'><strong>sed</strong></span> <span class='ocrx_word' id='word_1_85' title='bbox 1907 1442 2174 1485; x_wconf 89' lang='lat' dir='ltr'><strong>metarum</strong></span> <span class='ocrx_word' id='word_1_86' title='bbox 2220 1432 2332 1485; x_wconf 91' lang='lat' dir='ltr'><strong>fru-</strong></span> 
     </span>
    </p>
   </div>
   <div class='ocr_carea' id='block_1_14' title="bbox 751 1523 2330 1593">
    <p class='ocr_par' dir='ltr' id='par_1_14' title="bbox 751 1523 2330 1593">
     <span class='ocr_line' id='line_1_14' title="bbox 751 1523 2330 1593; baseline -0.003 -15"><span class='ocrx_word' id='word_1_87' title='bbox 751 1534 891 1590; x_wconf 85' lang='lat' dir='ltr'><strong>etus,</strong></span> <span class='ocrx_word' id='word_1_88' title='bbox 949 1525 1122 1579; x_wconf 88' lang='lat' dir='ltr'><strong>thasia</strong></span> <span class='ocrx_word' id='word_1_89' title='bbox 1173 1538 1227 1578; x_wconf 91' lang='lat' dir='ltr'><strong>et</strong></span> <span class='ocrx_word' id='word_1_90' title='bbox 1271 1523 1493 1593; x_wconf 82' lang='lat' dir='ltr'><strong>pistacia</strong></span> <span class='ocrx_word' id='word_1_91' title='bbox 1529 1539 1591 1577; x_wconf 91' lang='lat' dir='ltr'><strong>ac</strong></span> <span class='ocrx_word' id='word_1_92' title='bbox 1635 1523 1920 1592; x_wconf 86' lang='lat' dir='ltr'><strong>palmulas,</strong></span> <span class='ocrx_word' id='word_1_93' title='bbox 1958 1538 2091 1577; x_wconf 75' lang='lat' dir='ltr'><strong>uvas</strong></span> <span class='ocrx_word' id='word_1_94' title='bbox 2124 1538 2330 1592; x_wconf 86' lang='lat' dir='ltr'><strong>passas,</strong></span> 
     </span>
    </p>
   </div>
   <div class='ocr_carea' id='block_1_15' title="bbox 755 1613 2334 1685">
    <p class='ocr_par' dir='ltr' id='par_1_15' title="bbox 755 1613 2334 1685">
     <span class='ocr_line' id='line_1_15' title="bbox 755 1613 2334 1685; baseline -0.003 -14"><span class='ocrx_word' id='word_1_95' title='bbox 755 1619 983 1680; x_wconf 86' lang='lat' dir='ltr'><strong>caricas,</strong></span> <span class='ocrx_word' id='word_1_96' title='bbox 1008 1631 1179 1685; x_wconf 90' lang='lat' dir='ltr'><strong>eaque</strong></span> <span class='ocrx_word' id='word_1_97' title='bbox 1203 1615 1382 1668; x_wconf 80' lang='lat' dir='ltr'><strong>omnia</strong></span> <span class='ocrx_word' id='word_1_98' title='bbox 1412 1615 1729 1675; x_wconf 85' lang='lat' dir='ltr'><strong>lectissima,</strong></span> <span class='ocrx_word' id='word_1_99' title='bbox 1758 1615 1882 1667; x_wconf 69' lang='lat' dir='ltr'><strong>vino</strong></span> <span class='ocrx_word' id='word_1_100' title='bbox 1904 1613 2334 1684; x_wconf 78' lang='lat' dir='ltr'><strong>fragrantissimo</strong></span> 
     </span>
    </p>
   </div>
   <div class='ocr_carea' id='block_1_16' title="bbox 757 1704 2329 1776">
    <p class='ocr_par' dir='ltr' id='par_1_16' title="bbox 757 1704 2329 1776">
     <span class='ocr_line' id='line_1_16' title="bbox 757 1704 2329 1776; baseline -0.003 -16"><span class='ocrx_word' id='word_1_101' title='bbox 757 1716 1053 1776; x_wconf 80' lang='lat' dir='ltr'><strong>temperata</strong></span> <span class='ocrx_word' id='word_1_102' title='bbox 1090 1705 1250 1775; x_wconf 81' lang='lat'><strong>333</strong></span> <span class='ocrx_word' id='word_1_103' title='bbox 1279 1704 1526 1760; x_wconf 83' lang='lat' dir='ltr'><strong>admistis</strong></span> <span class='ocrx_word' id='word_1_104' title='bbox 1558 1705 1718 1758; x_wconf 91' lang='lat' dir='ltr'><strong>etiam</strong></span> <span class='ocrx_word' id='word_1_105' title='bbox 1747 1720 1927 1769; x_wconf 88' lang='lat' dir='ltr'><strong>croco,</strong></span> <span class='ocrx_word' id='word_1_106' title='bbox 1958 1704 2329 1765; x_wconf 90' lang='lat' dir='ltr'><strong>cinnamomo,</strong></span> 
     </span>
    </p>
   </div>
   <div class='ocr_carea' id='block_1_17' title="bbox 757 1795 2333 1866">
    <p class='ocr_par' dir='ltr' id='par_1_17' title="bbox 757 1795 2333 1866">
     <span class='ocr_line' id='line_1_17' title="bbox 757 1795 2333 1866; baseline -0.003 -12"><span class='ocrx_word' id='word_1_107' title='bbox 757 1801 1002 1854; x_wconf 77' lang='lat' dir='ltr'><strong>balsamo</strong></span> <span class='ocrx_word' id='word_1_108' title='bbox 1022 1799 1252 1866; x_wconf 86' lang='lat' dir='ltr'><strong>aliisque</strong></span> <span class='ocrx_word' id='word_1_109' title='bbox 1277 1796 1630 1850; x_wconf 90' lang='lat' dir='ltr'><strong>aromatibus.</strong></span> <span class='ocrx_word' id='word_1_110' title='bbox 1664 1795 1937 1849; x_wconf 67' lang='lat' dir='ltr'><strong>Memoriae</strong></span> <span class='ocrx_word' id='word_1_111' title='bbox 1967 1796 2222 1849; x_wconf 87' lang='lat' dir='ltr'><strong>traditum</strong></span> <span class='ocrx_word' id='word_1_112' title='bbox 2253 1804 2333 1849; x_wconf 89' lang='lat' dir='ltr'><strong>est</strong></span> 
     </span>
    </p>
   </div>
   <div class='ocr_carea' id='block_1_18' title="bbox 2436 600 4011 675">
    <p class='ocr_par' dir='ltr' id='par_1_18' title="bbox 2436 600 4011 675">
     <span class='ocr_line' id='line_1_18' title="bbox 2436 600 4011 675; baseline 0.001 -21"><span class='ocrx_word' id='word_1_113' title='bbox 2436 603 2530 656; x_wconf 72' lang='grc' dir='ltr'>καὶ</span> <span class='ocrx_word' id='word_1_114' title='bbox 2552 602 2651 664; x_wconf 77' lang='grc' dir='ltr'>τὰς</span> <span class='ocrx_word' id='word_1_115' title='bbox 2682 600 2953 672; x_wconf 73' lang='grc' dir='ltr'>προϐολὰς</span> <span class='ocrx_word' id='word_1_116' title='bbox 2972 602 3082 653; x_wconf 89' lang='grc' dir='ltr'><strong>τῶν</strong></span> <span class='ocrx_word' id='word_1_117' title='bbox 3119 601 3442 672; x_wconf 80' lang='grc' dir='ltr'>ἀρχιερέων,</span> <span class='ocrx_word' id='word_1_118' title='bbox 3478 603 3576 655; x_wconf 71' lang='grc' dir='ltr'>καὶ</span> <span class='ocrx_word' id='word_1_119' title='bbox 3590 603 3727 657; x_wconf 83' lang='grc' dir='ltr'>ἄλλα</span> <span class='ocrx_word' id='word_1_120' title='bbox 3753 606 4011 675; x_wconf 80' lang='grc' dir='ltr'>πράττων</span> 
     </span>
    </p>
   </div>
   <div class='ocr_carea' id='block_1_19' title="bbox 2434 693 4008 765">
    <p class='ocr_par' dir='ltr' id='par_1_19' title="bbox 2434 693 4008 765">
     <span class='ocr_line' id='line_1_19' title="bbox 2434 693 4008 765; baseline -0.001 -17"><span class='ocrx_word' id='word_1_121' title='bbox 2434 696 2532 748; x_wconf 83' lang='grc' dir='ltr'>ὅσα</span> <span class='ocrx_word' id='word_1_122' title='bbox 2552 696 2661 757; x_wconf 90' lang='grc' dir='ltr'>τοῖς</span> <span class='ocrx_word' id='word_1_123' title='bbox 2681 693 2953 765; x_wconf 75' lang='grc' dir='ltr'><strong>ἀληθινοῖς</strong></span> <span class='ocrx_word' id='word_1_124' title='bbox 2980 694 3331 765; x_wconf 80' lang='grc' dir='ltr'><strong>ἀρχιερεῦσιν</strong></span> <span class='ocrx_word' id='word_1_125' title='bbox 3369 693 3668 748; x_wconf 87' lang='grc' dir='ltr'>ἀπεοικότα</span> <span class='ocrx_word' id='word_1_126' title='bbox 3691 694 4008 765; x_wconf 79' lang='grc' dir='ltr'><strong>ἐτύγχανεν,</strong></span> 
     </span>
    </p>
   </div>
   <div class='ocr_carea' id='block_1_20' title="bbox 2440 786 4011 857">
    <p class='ocr_par' dir='ltr' id='par_1_20' title="bbox 2440 786 4011 857">
     <span class='ocr_line' id='line_1_20' title="bbox 2440 786 4011 857; baseline 0.002 -20"><span class='ocrx_word' id='word_1_127' title='bbox 2440 786 2765 855; x_wconf 87' lang='grc' dir='ltr'>ίππομανῶν</span> <span class='ocrx_word' id='word_1_128' title='bbox 2792 788 2883 839; x_wconf 73' lang='grc' dir='ltr'>καὶ</span> <span class='ocrx_word' id='word_1_129' title='bbox 2915 786 3267 857; x_wconf 79' lang='grc' dir='ltr'>κυνηγεσίοις</span> <span class='ocrx_word' id='word_1_130' title='bbox 3301 787 3760 857; x_wconf 80' lang='grc' dir='ltr'>ὲνασχολούμενος</span> <span class='ocrx_word' id='word_1_131' title='bbox 3792 788 3886 841; x_wconf 80' lang='grc' dir='ltr'>καὶ</span> <span class='ocrx_word' id='word_1_132' title='bbox 3902 788 4011 840; x_wconf 86' lang='grc' dir='ltr'>λοι-</span> 
     </span>
    </p>
   </div>
   <div class='ocr_carea' id='block_1_21' title="bbox 2438 878 4009 950">
    <p class='ocr_par' dir='ltr' id='par_1_21' title="bbox 2438 878 4009 950">
     <span class='ocr_line' id='line_1_21' title="bbox 2438 878 4009 950; baseline 0.001 -19"><span class='ocrx_word' id='word_1_133' title='bbox 2438 880 2542 941; x_wconf 69' lang='grc' dir='ltr'><strong>πάς</strong></span> <span class='ocrx_word' id='word_1_134' title='bbox 2579 880 2847 948; x_wconf 80' lang='grc' dir='ltr'><strong>ἀπρεπεῖς</strong></span> <span class='ocrx_word' id='word_1_135' title='bbox 2879 878 3348 948; x_wconf 77' lang='grc' dir='ltr'><strong>διαπραττόμενος</strong></span> <span class='ocrx_word' id='word_1_136' title='bbox 3374 879 3623 949; x_wconf 79' lang='grc' dir='ltr'>πράξεις,</span> <span class='ocrx_word' id='word_1_137' title='bbox 3659 878 3724 942; x_wconf 78' lang='grc' dir='ltr'>ἃς</span> <span class='ocrx_word' id='word_1_138' title='bbox 3745 879 3885 932; x_wconf 87' lang='grc' dir='ltr'><strong>κατά</strong></span> <span class='ocrx_word' id='word_1_139' title='bbox 3910 880 4009 950; x_wconf 80' lang='grc' dir='ltr'><strong>μέο</strong></span> 
     </span>
    </p>
   </div>
   <div class='ocr_carea' id='block_1_22' title="bbox 2440 970 4009 1041">
    <p class='ocr_par' dir='ltr' id='par_1_22' title="bbox 2440 970 4009 1041">
     <span class='ocr_line' id='line_1_22' title="bbox 2440 970 4009 1041; baseline 0.001 -18"><span class='ocrx_word' id='word_1_140' title='bbox 2440 989 2529 1041; x_wconf 86' lang='grc' dir='ltr'>ρος</span> <span class='ocrx_word' id='word_1_141' title='bbox 2566 970 2819 1035; x_wconf 77' lang='grc' dir='ltr'>διεξιέναι</span> <span class='ocrx_word' id='word_1_142' title='bbox 2842 971 2939 1023; x_wconf 75' lang='grc' dir='ltr'><strong>σὺν</strong></span> <span class='ocrx_word' id='word_1_143' title='bbox 2962 970 3040 1040; x_wconf 79' lang='grc' dir='ltr'>τῷ</span> <span class='ocrx_word' id='word_1_144' title='bbox 3075 972 3315 1041; x_wconf 83' lang='grc' dir='ltr'>ἀπρεπεῖ</span> <span class='ocrx_word' id='word_1_145' title='bbox 3343 972 3438 1023; x_wconf 77' lang='grc' dir='ltr'>καὶ</span> <span class='ocrx_word' id='word_1_146' title='bbox 3467 971 3743 1041; x_wconf 82' lang='grc' dir='ltr'>ἀθέμιτον.</span> <span class='ocrx_word' id='word_1_147' title='bbox 3775 973 3920 1035; x_wconf 82' lang='grc' dir='ltr'><strong>Μιᾶς</strong></span> <span class='ocrx_word' id='word_1_148' title='bbox 3955 973 4009 1025; x_wconf 83' lang='grc' dir='ltr'>δὲ</span> 
     </span>
    </p>
   </div>
   <div class='ocr_carea' id='block_1_23' title="bbox 2434 1062 4009 1134">
    <p class='ocr_par' dir='ltr' id='par_1_23' title="bbox 2434 1062 4009 1134">
     <span class='ocr_line' id='line_1_23' title="bbox 2434 1062 4009 1134; baseline 0.001 -20"><span class='ocrx_word' id='word_1_149' title='bbox 2434 1062 2641 1115; x_wconf 84' lang='grc' dir='ltr'>δίκαιον</span> <span class='ocrx_word' id='word_1_150' title='bbox 2679 1062 3089 1131; x_wconf 75' lang='grc' dir='ltr'>ἐπιμνησθῆναι</span> <span class='ocrx_word' id='word_1_151' title='bbox 3143 1065 3222 1124; x_wconf 85' lang='grc' dir='ltr'><strong>είς</strong></span> <span class='ocrx_word' id='word_1_152' title='bbox 3272 1063 3497 1129; x_wconf 77' lang='grc' dir='ltr'>ἔνδειξιν</span> <span class='ocrx_word' id='word_1_153' title='bbox 3544 1067 3642 1134; x_wconf 76' lang='grc' dir='ltr'>τῆς</span> <span class='ocrx_word' id='word_1_154' title='bbox 3682 1064 4009 1118; x_wconf 70' lang='grc' dir='ltr'><strong>ἀπαιδεύτου</strong></span> 
     </span>
    </p>
   </div>
   <div class='ocr_carea' id='block_1_24' title="bbox 2436 1151 4010 1225">
    <p class='ocr_par' dir='ltr' id='par_1_24' title="bbox 2436 1151 4010 1225">
     <span class='ocr_line' id='line_1_24' title="bbox 2436 1151 4010 1225; baseline 0.002 -22"><span class='ocrx_word' id='word_1_155' title='bbox 2436 1152 2660 1222; x_wconf 81' lang='grc' dir='ltr'><strong>γνώμης</strong></span> <span class='ocrx_word' id='word_1_156' title='bbox 2696 1151 2885 1206; x_wconf 76' lang='grc' dir='ltr'>αὑτοῦ.</span> <span class='ocrx_word' id='word_1_157' title='bbox 2926 1154 3104 1223; x_wconf 84' lang='grc' dir='ltr'>Ἔρως</span> <span class='ocrx_word' id='word_1_158' title='bbox 3137 1154 3298 1206; x_wconf 81' lang='grc' dir='ltr'>αὑτὸν</span> <span class='ocrx_word' id='word_1_159' title='bbox 3343 1158 3596 1225; x_wconf 84' lang='grc' dir='ltr'>κατεῖχεν</span> <span class='ocrx_word' id='word_1_160' title='bbox 3641 1158 3879 1225; x_wconf 78' lang='grc' dir='ltr'><strong>ἄσχετος</strong></span> <span class='ocrx_word' id='word_1_161' title='bbox 3915 1156 4010 1225; x_wconf 70' lang='grc' dir='ltr'>τῆς</span> 
     </span>
    </p>
   </div>
   <div class='ocr_carea' id='block_1_25' title="bbox 2435 1244 4011 1320">
    <p class='ocr_par' dir='ltr' id='par_1_25' title="bbox 2435 1244 4011 1320">
     <span class='ocr_line' id='line_1_25' title="bbox 2435 1244 4011 1320; baseline 0.003 -23"><span class='ocrx_word' id='word_1_162' title='bbox 2435 1244 2545 1297; x_wconf 89' lang='grc' dir='ltr'><strong>τῶν</strong></span> <span class='ocrx_word' id='word_1_163' title='bbox 2596 1245 2778 1297; x_wconf 84' lang='grc' dir='ltr'>ἵππων</span> <span class='ocrx_word' id='word_1_164' title='bbox 2838 1246 3227 1313; x_wconf 70' lang='grc' dir='ltr'>κτήσεως,καὶ</span> <span class='ocrx_word' id='word_1_165' title='bbox 3260 1247 3477 1315; x_wconf 86' lang='grc' dir='ltr'>λέγεται</span> <span class='ocrx_word' id='word_1_166' title='bbox 3531 1249 3669 1320; x_wconf 84' lang='grc' dir='ltr'>ὑπὲρ</span> <span class='ocrx_word' id='word_1_167' title='bbox 3718 1248 4011 1317; x_wconf 67' lang='grc' dir='ltr'>δισχιλίοις</span> 
     </span>
    </p>
   </div>
   <div class='ocr_carea' id='block_1_26' title="bbox 2440 1329 4005 1410">
    <p class='ocr_par' dir='ltr' id='par_1_26' title="bbox 2440 1329 4005 1410">
     <span class='ocr_line' id='line_1_26' title="bbox 2440 1329 4005 1410; baseline 0.002 -22"><span class='ocrx_word' id='word_1_168' title='bbox 2440 1335 2790 1405; x_wconf 71' lang='grc' dir='ltr'>πορίσασθαι,</span> <span class='ocrx_word' id='word_1_169' title='bbox 2820 1329 2893 1390; x_wconf 85' lang='grc' dir='ltr'>ὧν</span> <span class='ocrx_word' id='word_1_170' title='bbox 2928 1338 3024 1407; x_wconf 82' lang='grc' dir='ltr'>τῆς</span> <span class='ocrx_word' id='word_1_171' title='bbox 3066 1340 3295 1408; x_wconf 81' lang='grc' dir='ltr'>κομιδῆς</span> <span class='ocrx_word' id='word_1_172' title='bbox 3314 1339 3399 1393; x_wconf 82' lang='grc' dir='ltr'>διὰ</span> <span class='ocrx_word' id='word_1_173' title='bbox 3430 1341 3632 1402; x_wconf 86' lang='grc' dir='ltr'>παντὸς</span> <span class='ocrx_word' id='word_1_174' title='bbox 3672 1339 4005 1410; x_wconf 80' lang='grc' dir='ltr'>ἐφρόντιζεν,</span> 
     </span>
    </p>
   </div>
   <div class='ocr_carea' id='block_1_27' title="bbox 2435 1428 4009 1500">
    <p class='ocr_par' dir='ltr' id='par_1_27' title="bbox 2435 1428 4009 1500">
     <span class='ocr_line' id='line_1_27' title="bbox 2435 1428 4009 1500; baseline 0.003 -20"><span class='ocrx_word' id='word_1_175' title='bbox 2435 1428 2494 1478; x_wconf 76' lang='grc' dir='ltr'>οὖ</span> <span class='ocrx_word' id='word_1_176' title='bbox 2525 1428 2716 1496; x_wconf 85' lang='grc' dir='ltr'>χόρτον</span> <span class='ocrx_word' id='word_1_177' title='bbox 2755 1430 2938 1491; x_wconf 80' lang='grc' dir='ltr'>αὐτοῖς</span> <span class='ocrx_word' id='word_1_178' title='bbox 2972 1432 3299 1500; x_wconf 85' lang='grc' dir='ltr'>παρατιθεὶς</span> <span class='ocrx_word' id='word_1_179' title='bbox 3337 1434 3431 1485; x_wconf 76' lang='grc' dir='ltr'>καὶ</span> <span class='ocrx_word' id='word_1_180' title='bbox 3470 1432 3689 1500; x_wconf 82' lang='grc' dir='ltr'>κριθάς,</span> <span class='ocrx_word' id='word_1_181' title='bbox 3731 1434 3921 1486; x_wconf 84' lang='grc' dir='ltr'>κώνων</span> <span class='ocrx_word' id='word_1_182' title='bbox 3954 1433 4009 1485; x_wconf 79' lang='grc' dir='ltr'>δὲ</span> 
     </span>
    </p>
   </div>
   <div class='ocr_carea' id='block_1_28' title="bbox 2436 1520 4004 1595">
    <p class='ocr_par' dir='ltr' id='par_1_28' title="bbox 2436 1520 4004 1595">
     <span class='ocr_line' id='line_1_28' title="bbox 2436 1520 4004 1595; baseline 0.004 -26"><span class='ocrx_word' id='word_1_183' title='bbox 2436 1521 2677 1585; x_wconf 75' lang='grc' dir='ltr'>καρποὺς</span> <span class='ocrx_word' id='word_1_184' title='bbox 2707 1520 2816 1589; x_wconf 84' lang='grc'>(96)</span> <span class='ocrx_word' id='word_1_185' title='bbox 2854 1522 2947 1573; x_wconf 73' lang='grc' dir='ltr'>καὶ</span> <span class='ocrx_word' id='word_1_186' title='bbox 2970 1523 3132 1574; x_wconf 91' lang='grc' dir='ltr'>θάσια</span> <span class='ocrx_word' id='word_1_187' title='bbox 3174 1521 3284 1592; x_wconf 87' lang='grc'>(97)</span> <span class='ocrx_word' id='word_1_188' title='bbox 3316 1525 3407 1576; x_wconf 74' lang='grc' dir='ltr'>καὶ</span> <span class='ocrx_word' id='word_1_189' title='bbox 3434 1522 3517 1595; x_wconf 84' lang='grc' dir='ltr'><strong>[Ρ.</strong></span> <span class='ocrx_word' id='word_1_190' title='bbox 3551 1524 3676 1594; x_wconf 69' lang='grc' dir='ltr'>6ῖ9)</span> <span class='ocrx_word' id='word_1_191' title='bbox 3713 1526 4004 1588; x_wconf 79' lang='grc' dir='ltr'>πιστάκια,</span> 
     </span>
    </p>
   </div>
   <div class='ocr_carea' id='block_1_29' title="bbox 2437 1610 4009 1684">
    <p class='ocr_par' dir='ltr' id='par_1_29' title="bbox 2437 1610 4009 1684">
     <span class='ocr_line' id='line_1_29' title="bbox 2437 1610 4009 1684; baseline 0.003 -22"><span class='ocrx_word' id='word_1_192' title='bbox 2437 1610 2596 1662; x_wconf 84' lang='grc' dir='ltr'>ἔτιδέ</span> <span class='ocrx_word' id='word_1_193' title='bbox 2622 1612 2880 1678; x_wconf 81' lang='grc' dir='ltr'>φοινίκων</span> <span class='ocrx_word' id='word_1_194' title='bbox 2916 1614 3008 1665; x_wconf 68' lang='grc' dir='ltr'>καὶ</span> <span class='ocrx_word' id='word_1_195' title='bbox 3051 1614 3324 1681; x_wconf 86' lang='grc' dir='ltr'>σταφίδων</span> <span class='ocrx_word' id='word_1_196' title='bbox 3359 1618 3453 1666; x_wconf 71' lang='grc' dir='ltr'>καὶ</span> <span class='ocrx_word' id='word_1_197' title='bbox 3486 1614 3721 1684; x_wconf 82' lang='grc' dir='ltr'>ἰσχάδων</span> <span class='ocrx_word' id='word_1_198' title='bbox 3754 1615 3824 1667; x_wconf 87' lang='grc' dir='ltr'><strong>τά</strong></span> <span class='ocrx_word' id='word_1_199' title='bbox 3850 1614 4009 1666; x_wconf 82' lang='grc' dir='ltr'>λιπα-</span> 
     </span>
    </p>
   </div>
   <div class='ocr_carea' id='block_1_30' title="bbox 2439 1703 4009 1775">
    <p class='ocr_par' dir='ltr' id='par_1_30' title="bbox 2439 1703 4009 1775">
     <span class='ocr_line' id='line_1_30' title="bbox 2439 1703 4009 1775; baseline 0.001 -22"><span class='ocrx_word' id='word_1_200' title='bbox 2439 1703 2677 1773; x_wconf 84' lang='grc' dir='ltr'>ρώτερα,</span> <span class='ocrx_word' id='word_1_201' title='bbox 2733 1704 3085 1774; x_wconf 69' lang='grc' dir='ltr'>εὐωδεστάτῳ</span> <span class='ocrx_word' id='word_1_202' title='bbox 3119 1706 3246 1775; x_wconf 82' lang='grc' dir='ltr'>οἴνῳ</span> <span class='ocrx_word' id='word_1_203' title='bbox 3282 1706 3498 1773; x_wconf 75' lang='grc' dir='ltr'>μιγνὺς,</span> <span class='ocrx_word' id='word_1_204' title='bbox 3540 1706 3635 1757; x_wconf 73' lang='grc' dir='ltr'>καὶ</span> <span class='ocrx_word' id='word_1_205' title='bbox 3664 1705 3860 1775; x_wconf 87' lang='grc' dir='ltr'>κρόκον</span> <span class='ocrx_word' id='word_1_206' title='bbox 3916 1707 4009 1756; x_wconf 74' lang='grc' dir='ltr'>καὶ</span> 
     </span>
    </p>
   </div>
   <div class='ocr_carea' id='block_1_31' title="bbox 2438 1795 4009 1865">
    <p class='ocr_par' dir='ltr' id='par_1_31' title="bbox 2438 1795 4009 1865">
     <span class='ocr_line' id='line_1_31' title="bbox 2438 1795 4009 1865; baseline -0.001 -19"><span class='ocrx_word' id='word_1_207' title='bbox 2438 1797 2790 1862; x_wconf 84' lang='grc' dir='ltr'>κιννάμωμον</span> <span class='ocrx_word' id='word_1_208' title='bbox 2818 1797 2913 1848; x_wconf 73' lang='grc' dir='ltr'>καὶ</span> <span class='ocrx_word' id='word_1_209' title='bbox 2949 1795 3225 1865; x_wconf 81' lang='grc' dir='ltr'>βάλσαμον</span> <span class='ocrx_word' id='word_1_210' title='bbox 3258 1797 3351 1849; x_wconf 75' lang='grc' dir='ltr'>καὶ</span> <span class='ocrx_word' id='word_1_211' title='bbox 3386 1796 3548 1861; x_wconf 75' lang='grc' dir='ltr'>ἕτερα</span> <span class='ocrx_word' id='word_1_212' title='bbox 3595 1795 3867 1864; x_wconf 85' lang='grc' dir='ltr'>ἀρώματα</span> <span class='ocrx_word' id='word_1_213' title='bbox 3895 1798 4009 1857; x_wconf 89' lang='grc' dir='ltr'>τοῖς</span> 
     </span>
    </p>
   </div>
   <div class='ocr_carea' id='block_1_32' title="bbox 756 1860 2497 1960">
    <p class='ocr_par' dir='ltr' id='par_1_32' title="bbox 756 1860 2497 1960">
     <span class='ocr_line' id='line_1_32' title="bbox 756 1860 2497 1960; baseline -0.006 -15"><span class='ocrx_word' id='word_1_214' title='bbox 756 1893 806 1945; x_wconf 85' lang='lat' dir='ltr'><strong>ei</strong></span> <span class='ocrx_word' id='word_1_215' title='bbox 846 1890 1135 1960; x_wconf 76' lang='lat' dir='ltr'><strong>aliquando</strong></span> <span class='ocrx_word' id='word_1_216' title='bbox 1170 1888 1492 1944; x_wconf 85' lang='lat' dir='ltr'><strong>sacrificanti</strong></span> <span class='ocrx_word' id='word_1_217' title='bbox 1546 1904 1755 1957; x_wconf 80' lang='lat' dir='ltr'><strong>magnae</strong></span> <span class='ocrx_word' id='word_1_218' title='bbox 1805 1903 1974 1943; x_wconf 69' lang='lat' dir='ltr'><strong>creua:</strong></span> <span class='ocrx_word' id='word_1_219' title='bbox 2034 1886 2327 1941; x_wconf 72' lang='lat' dir='ltr'><strong>Dominica:</strong></span> <span class='ocrx_word' id='word_1_220' title='bbox 2368 1860 2406 1913; x_wconf 73' lang='grc' dir='ltr'>Β</span> <span class='ocrx_word' id='word_1_221' title='bbox 2439 1887 2497 1953; x_wconf 75' lang='grc' dir='ltr'><strong>ρτ</strong></span> 
     </span>
    </p>
   </div>
   <div class='ocr_carea' id='block_1_33' title="bbox 2267 1860 4008 1960">
    <p class='ocr_par' dir='ltr' id='par_1_33' title="bbox 2267 1860 4008 1955">
     <span class='ocr_line' id='line_1_33' title="bbox 2267 1860 4008 1955; baseline -0.002 -15"><span class='ocrx_word' id='word_1_222' title='bbox 2267 1902 2327 1940; x_wconf 66' lang='grc' dir='ltr'><strong>ξαξ</strong></span> <span class='ocrx_word' id='word_1_223' title='bbox 2368 1860 2406 1913; x_wconf 74' lang='grc' dir='ltr'>Β</span> <span class='ocrx_word' id='word_1_224' title='bbox 2439 1860 2650 1953; x_wconf 71' lang='grc' dir='ltr'>ῥηθεῖσι</span> <span class='ocrx_word' id='word_1_225' title='bbox 2694 1860 3044 1953; x_wconf 35' lang='grc' dir='ltr'>-συμφύρων,</span> <span class='ocrx_word' id='word_1_226' title='bbox 3104 1860 3322 1955; x_wconf 76' lang='grc' dir='ltr'>ἑκάστῳ</span> <span class='ocrx_word' id='word_1_227' title='bbox 3366 1885 3473 1938; x_wconf 86' lang='grc' dir='ltr'><strong>τῶν</strong></span> <span class='ocrx_word' id='word_1_228' title='bbox 3504 1860 3685 1937; x_wconf 80' lang='grc' dir='ltr'>ἵππων</span> <span class='ocrx_word' id='word_1_229' title='bbox 3721 1860 4008 1955; x_wconf 70' lang='grc' dir='ltr'>παρετίθει</span> 
     </span>
    </p>
   </div>
   <div class='ocr_carea' id='block_1_34' title="bbox 753 1979 2317 2051">
    <p class='ocr_par' dir='ltr' id='par_1_34' title="bbox 753 1979 2317 2051">
     <span class='ocr_line' id='line_1_34' title="bbox 753 1979 2317 2051; baseline -0.001 -18"><span class='ocrx_word' id='word_1_230' title='bbox 753 1984 940 2051; x_wconf 85' lang='lat' dir='ltr'><strong>quinta</strong></span> <span class='ocrx_word' id='word_1_231' title='bbox 971 1982 1126 2045; x_wconf 87' lang='lat' dir='ltr'><strong>feria,</strong></span> <span class='ocrx_word' id='word_1_232' title='bbox 1151 1990 1208 2034; x_wconf 94' lang='lat' dir='ltr'><strong>et</strong></span> <span class='ocrx_word' id='word_1_233' title='bbox 1231 1981 1342 2049; x_wconf 91' lang='lat' dir='ltr'><strong>jam</strong></span> <span class='ocrx_word' id='word_1_234' title='bbox 1374 1995 1565 2048; x_wconf 89' lang='lat' dir='ltr'><strong>preces</strong></span> <span class='ocrx_word' id='word_1_235' title='bbox 1612 1982 1995 2049; x_wconf 81' lang='lat' dir='ltr'><strong>mysteriorum</strong></span> <span class='ocrx_word' id='word_1_236' title='bbox 2043 1979 2317 2043; x_wconf 88' lang='lat' dir='ltr'><strong>recitanti,</strong></span> 
     </span>
    </p>
   </div>
   <div class='ocr_carea' id='block_1_35' title="bbox 754 2070 2332 2144">
    <p class='ocr_par' dir='ltr' id='par_1_35' title="bbox 754 2070 2332 2144">
     <span class='ocr_line' id='line_1_35' title="bbox 754 2070 2332 2144; baseline -0.003 -17"><span class='ocrx_word' id='word_1_237' title='bbox 754 2073 1142 2144; x_wconf 62' lang='lat' dir='ltr'><strong>supervenisse</strong></span> <span class='ocrx_word' id='word_1_238' title='bbox 1177 2087 1301 2125; x_wconf 91' lang='lat' dir='ltr'><strong>eum</strong></span> <span class='ocrx_word' id='word_1_239' title='bbox 1336 2072 1421 2124; x_wconf 92' lang='lat' dir='ltr'><strong>cui</strong></span> <span class='ocrx_word' id='word_1_240' title='bbox 1460 2087 1725 2140; x_wconf 84' lang='lat' dir='ltr'><strong>equorum</strong></span> <span class='ocrx_word' id='word_1_241' title='bbox 1778 2085 1907 2125; x_wconf 92' lang='lat' dir='ltr'><strong>cura</strong></span> <span class='ocrx_word' id='word_1_242' title='bbox 1948 2070 2016 2124; x_wconf 88' lang='lat' dir='ltr'><strong>ab</strong></span> <span class='ocrx_word' id='word_1_243' title='bbox 2072 2070 2189 2139; x_wconf 88' lang='lat' dir='ltr'><strong>ipso</strong></span> <span class='ocrx_word' id='word_1_244' title='bbox 2235 2070 2332 2123; x_wconf 84' lang='lat' dir='ltr'><strong>de—</strong></span> 
     </span>
    </p>
   </div>
   <div class='ocr_carea' id='block_1_36' title="bbox 755 2159 2330 2229">
    <p class='ocr_par' dir='ltr' id='par_1_36' title="bbox 755 2159 2330 2229">
     <span class='ocr_line' id='line_1_36' title="bbox 755 2159 2330 2229; baseline -0.002 -13"><span class='ocrx_word' id='word_1_245' title='bbox 755 2163 1007 2216; x_wconf 86' lang='lat' dir='ltr'><strong>mandata</strong></span> <span class='ocrx_word' id='word_1_246' title='bbox 1040 2162 1240 2226; x_wconf 89' lang='lat' dir='ltr'><strong>fuerat,</strong></span> <span class='ocrx_word' id='word_1_247' title='bbox 1279 2160 1570 2229; x_wconf 63' lang='lat' dir='ltr'><strong>lattumque</strong></span> <span class='ocrx_word' id='word_1_248' title='bbox 1601 2160 1848 2213; x_wconf 88' lang='lat' dir='ltr'><strong>attulisse</strong></span> <span class='ocrx_word' id='word_1_249' title='bbox 1880 2159 2154 2226; x_wconf 89' lang='lat' dir='ltr'><strong>nuntium,</strong></span> <span class='ocrx_word' id='word_1_250' title='bbox 2186 2160 2330 2229; x_wconf 89' lang='lat' dir='ltr'><strong>quod</strong></span> 
     </span>
    </p>
   </div>
   <div class='ocr_carea' id='block_1_37' title="bbox 756 2250 2331 2321">
    <p class='ocr_par' dir='ltr' id='par_1_37' title="bbox 756 2250 2331 2321">
     <span class='ocr_line' id='line_1_37' title="bbox 756 2250 2331 2321; baseline -0.001 -14"><span class='ocrx_word' id='word_1_251' title='bbox 756 2254 1087 2308; x_wconf 84' lang='lat' dir='ltr'><strong>nobilissima</strong></span> <span class='ocrx_word' id='word_1_252' title='bbox 1150 2267 1414 2321; x_wconf 78' lang='lat' dir='ltr'><strong>equarum</strong></span> <span class='ocrx_word' id='word_1_253' title='bbox 1505 2251 1842 2320; x_wconf 83' lang='lat' dir='ltr'><strong>peperisset,</strong></span> <span class='ocrx_word' id='word_1_254' title='bbox 1916 2250 2101 2305; x_wconf 88' lang='lat' dir='ltr'><strong>addito</strong></span> <span class='ocrx_word' id='word_1_255' title='bbox 2164 2252 2331 2306; x_wconf 87' lang='lat' dir='ltr'><strong>etiam</strong></span> 
     </span>
    </p>
   </div>
   <div class='ocr_carea' id='block_1_38' title="bbox 756 2345 2333 2416">
    <p class='ocr_par' dir='ltr' id='par_1_38' title="bbox 756 2345 2333 2416">
     <span class='ocr_line' id='line_1_38' title="bbox 756 2345 2333 2416; baseline 0 -16"><span class='ocrx_word' id='word_1_256' title='bbox 756 2364 910 2416; x_wconf 71' lang='lat' dir='ltr'><strong>equre</strong></span> <span class='ocrx_word' id='word_1_257' title='bbox 945 2347 1190 2400; x_wconf 89' lang='lat' dir='ltr'><strong>nomine.</strong></span> <span class='ocrx_word' id='word_1_258' title='bbox 1232 2345 1605 2399; x_wconf 82' lang='lat' dir='ltr'><strong>l‘atriarcham</strong></span> <span class='ocrx_word' id='word_1_259' title='bbox 1643 2361 1753 2413; x_wconf 69' lang='lat' dir='ltr'><strong>pra:</strong></span> <span class='ocrx_word' id='word_1_260' title='bbox 1797 2345 1966 2399; x_wconf 88' lang='lat' dir='ltr'><strong>nimio</strong></span> <span class='ocrx_word' id='word_1_261' title='bbox 2007 2346 2225 2415; x_wconf 89' lang='lat' dir='ltr'><strong>gaudio,</strong></span> <span class='ocrx_word' id='word_1_262' title='bbox 2275 2361 2333 2401; x_wconf 87' lang='lat' dir='ltr'><strong>re</strong></span> 
     </span>
    </p>
   </div>
   <div class='ocr_carea' id='block_1_39' title="bbox 760 2436 2331 2506">
    <p class='ocr_par' dir='ltr' id='par_1_39' title="bbox 760 2436 2331 2506">
     <span class='ocr_line' id='line_1_39' title="bbox 760 2436 2331 2506; baseline 0.001 -15"><span class='ocrx_word' id='word_1_263' title='bbox 760 2454 910 2491; x_wconf 80' lang='lat' dir='ltr'><strong>sacra</strong></span> <span class='ocrx_word' id='word_1_264' title='bbox 943 2447 1220 2506; x_wconf 87' lang='lat' dir='ltr'><strong>utcunque</strong></span> <span class='ocrx_word' id='word_1_265' title='bbox 1252 2437 1521 2497; x_wconf 83' lang='lat' dir='ltr'><strong>absoluta,</strong></span> <span class='ocrx_word' id='word_1_266' title='bbox 1552 2437 1617 2490; x_wconf 91' lang='lat' dir='ltr'><strong>ad</strong></span> <span class='ocrx_word' id='word_1_267' title='bbox 1645 2436 1979 2491; x_wconf 88' lang='lat' dir='ltr'><strong>Cosmidium</strong></span> <span class='ocrx_word' id='word_1_268' title='bbox 2010 2438 2331 2504; x_wconf 86' lang='lat' dir='ltr'><strong>accurrisse,</strong></span> 
     </span>
    </p>
   </div>
   <div class='ocr_carea' id='block_1_40' title="bbox 756 2528 2333 2598">
    <p class='ocr_par' dir='ltr' id='par_1_40' title="bbox 756 2528 2333 2598">
     <span class='ocr_line' id='line_1_40' title="bbox 756 2528 2333 2598; baseline 0.001 -16"><span class='ocrx_word' id='word_1_269' title='bbox 756 2531 982 2598; x_wconf 68' lang='lat' dir='ltr'><strong>\‘lSOt’lUC</strong></span> <span class='ocrx_word' id='word_1_270' title='bbox 1023 2528 1170 2597; x_wconf 88' lang='lat' dir='ltr'><strong>pullo</strong></span> <span class='ocrx_word' id='word_1_271' title='bbox 1204 2543 1395 2581; x_wconf 89' lang='lat' dir='ltr'><strong>recens</strong></span> <span class='ocrx_word' id='word_1_272' title='bbox 1426 2529 1593 2589; x_wconf 91' lang='lat' dir='ltr'><strong>edito,</strong></span> <span class='ocrx_word' id='word_1_273' title='bbox 1646 2536 1700 2580; x_wconf 91' lang='lat' dir='ltr'><strong>et</strong></span> <span class='ocrx_word' id='word_1_274' title='bbox 1738 2528 1992 2581; x_wconf 90' lang='lat' dir='ltr'><strong>satiatum</strong></span> <span class='ocrx_word' id='word_1_275' title='bbox 2023 2529 2333 2598; x_wconf 86' lang='lat' dir='ltr'><strong>spectaculo</strong></span> 
     </span>
    </p>
   </div>
   <div class='ocr_carea' id='block_1_41' title="bbox 756 2620 2334 2689">
    <p class='ocr_par' dir='ltr' id='par_1_41' title="bbox 756 2620 2334 2689">
     <span class='ocr_line' id='line_1_41' title="bbox 756 2620 2334 2689; baseline 0.001 -15"><span class='ocrx_word' id='word_1_276' title='bbox 756 2620 898 2674; x_wconf 86' lang='lat' dir='ltr'><strong>bruti</strong></span> <span class='ocrx_word' id='word_1_277' title='bbox 927 2621 978 2672; x_wconf 93' lang='lat' dir='ltr'><strong>in</strong></span> <span class='ocrx_word' id='word_1_278' title='bbox 1008 2634 1263 2689; x_wconf 86' lang='lat' dir='ltr'><strong>magnum</strong></span> <span class='ocrx_word' id='word_1_279' title='bbox 1292 2620 1550 2687; x_wconf 81' lang='lat' dir='ltr'><strong>templum</strong></span> <span class='ocrx_word' id='word_1_280' title='bbox 1577 2620 1826 2685; x_wconf 86' lang='lat' dir='ltr'><strong>rediisse,</strong></span> <span class='ocrx_word' id='word_1_281' title='bbox 1852 2631 1910 2674; x_wconf 92' lang='lat' dir='ltr'><strong>ut</strong></span> <span class='ocrx_word' id='word_1_282' title='bbox 1938 2620 2003 2674; x_wconf 89' lang='lat' dir='ltr'><strong>de</strong></span> <span class='ocrx_word' id='word_1_283' title='bbox 2029 2620 2334 2676; x_wconf 84' lang='lat' dir='ltr'><strong>Servatoris</strong></span> 
     </span>
    </p>
   </div>
   <div class='ocr_carea' id='block_1_42' title="bbox 757 2709 2335 2781">
    <p class='ocr_par' dir='ltr' id='par_1_42' title="bbox 757 2709 2335 2781">
     <span class='ocr_line' id='line_1_42' title="bbox 757 2709 2335 2781; baseline 0.002 -18"><span class='ocrx_word' id='word_1_284' title='bbox 757 2711 928 2763; x_wconf 87' lang='lat' dir='ltr'><strong>nostri</strong></span> <span class='ocrx_word' id='word_1_285' title='bbox 972 2724 1069 2778; x_wconf 88' lang='lat' dir='ltr'><strong>pro</strong></span> <span class='ocrx_word' id='word_1_286' title='bbox 1098 2709 1256 2762; x_wconf 91' lang='lat' dir='ltr'><strong>nobis</strong></span> <span class='ocrx_word' id='word_1_287' title='bbox 1292 2710 1522 2762; x_wconf 88' lang='lat' dir='ltr'><strong>tolerato</strong></span> <span class='ocrx_word' id='word_1_288' title='bbox 1548 2711 1815 2778; x_wconf 90' lang='lat' dir='ltr'><strong>supplicio</strong></span> <span class='ocrx_word' id='word_1_289' title='bbox 1847 2713 2166 2781; x_wconf 82' lang='lat' dir='ltr'><strong>hymnorum</strong></span> <span class='ocrx_word' id='word_1_290' title='bbox 2197 2712 2335 2766; x_wconf 87' lang='lat' dir='ltr'><strong>reci-</strong></span> 
     </span>
    </p>
   </div>
   <div class='ocr_carea' id='block_1_43' title="bbox 755 2796 2335 2865">
    <p class='ocr_par' dir='ltr' id='par_1_43' title="bbox 755 2796 2335 2865">
     <span class='ocr_line' id='line_1_43' title="bbox 755 2796 2335 2865; baseline 0 -12"><span class='ocrx_word' id='word_1_291' title='bbox 755 2799 1019 2853; x_wconf 83' lang='lat' dir='ltr'><strong>tationem</strong></span> <span class='ocrx_word' id='word_1_292' title='bbox 1055 2799 1120 2851; x_wconf 91' lang='lat' dir='ltr'><strong>ad</strong></span> <span class='ocrx_word' id='word_1_293' title='bbox 1160 2796 1321 2850; x_wconf 84' lang='lat' dir='ltr'><strong>finem</strong></span> <span class='ocrx_word' id='word_1_294' title='bbox 1356 2799 1699 2865; x_wconf 78' lang='lat' dir='ltr'><strong>perduceret.</strong></span> <span class='ocrx_word' id='word_1_295' title='bbox 1759 2798 1900 2864; x_wconf 86' lang='lat' dir='ltr'><strong>Quin</strong></span> <span class='ocrx_word' id='word_1_296' title='bbox 1940 2807 1993 2853; x_wconf 89' lang='lat' dir='ltr'><strong>et</strong></span> <span class='ocrx_word' id='word_1_297' title='bbox 2030 2800 2176 2855; x_wconf 93' lang='lat' dir='ltr'><strong>hunc</strong></span> <span class='ocrx_word' id='word_1_298' title='bbox 2214 2817 2335 2854; x_wconf 90' lang='lat' dir='ltr'><strong>mo-</strong></span> 
     </span>
    </p>
   </div>
   <div class='ocr_carea' id='block_1_44' title="bbox 757 2888 2333 2962">
    <p class='ocr_par' dir='ltr' id='par_1_44' title="bbox 757 2888 2333 2962">
     <span class='ocr_line' id='line_1_44' title="bbox 757 2888 2333 2962; baseline 0.004 -20"><span class='ocrx_word' id='word_1_299' title='bbox 757 2906 869 2943; x_wconf 89' lang='lat' dir='ltr'><strong>rem</strong></span> <span class='ocrx_word' id='word_1_300' title='bbox 926 2889 1250 2950; x_wconf 76' lang='lat' dir='ltr'><strong>introduxit,</strong></span> <span class='ocrx_word' id='word_1_301' title='bbox 1312 2888 1403 2959; x_wconf 91' lang='lat' dir='ltr'><strong>qui</strong></span> <span class='ocrx_word' id='word_1_302' title='bbox 1462 2889 1733 2959; x_wconf 88' lang='lat' dir='ltr'><strong>hodieque</strong></span> <span class='ocrx_word' id='word_1_303' title='bbox 1790 2892 2022 2955; x_wconf 89' lang='lat' dir='ltr'><strong>obtinet,</strong></span> <span class='ocrx_word' id='word_1_304' title='bbox 2081 2893 2224 2962; x_wconf 91' lang='lat' dir='ltr'><strong>quod</strong></span> <span class='ocrx_word' id='word_1_305' title='bbox 2280 2895 2333 2947; x_wconf 92' lang='lat' dir='ltr'><strong>in</strong></span> 
     </span>
    </p>
   </div>
   <div class='ocr_carea' id='block_1_45' title="bbox 758 2980 2336 3049">
    <p class='ocr_par' dir='ltr' id='par_1_45' title="bbox 758 2980 2336 3049">
     <span class='ocr_line' id='line_1_45' title="bbox 758 2980 2336 3049; baseline 0.002 -15"><span class='ocrx_word' id='word_1_306' title='bbox 758 2980 1056 3048; x_wconf 83' lang='lat' dir='ltr'><strong>Splendidis</strong></span> <span class='ocrx_word' id='word_1_307' title='bbox 1108 2987 1269 3049; x_wconf 89' lang='lat' dir='ltr'><strong>atque</strong></span> <span class='ocrx_word' id='word_1_308' title='bbox 1317 2980 1653 3034; x_wconf 89' lang='lat' dir='ltr'><strong>solemnibus</strong></span> <span class='ocrx_word' id='word_1_309' title='bbox 1702 2980 2088 3035; x_wconf 65' lang='lat' dir='ltr'><strong>festivitatibus</strong></span> <span class='ocrx_word' id='word_1_310' title='bbox 2143 2983 2251 3036; x_wconf 93' lang='lat' dir='ltr'><strong>Deo</strong></span> <span class='ocrx_word' id='word_1_311' title='bbox 2282 2992 2336 3037; x_wconf 90' lang='lat' dir='ltr'><strong>ct</strong></span> 
     </span>
    </p>
   </div>
   <div class='ocr_carea' id='block_1_46' title="bbox 757 3070 2333 3142">
    <p class='ocr_par' dir='ltr' id='par_1_46' title="bbox 757 3070 2333 3142">
     <span class='ocr_line' id='line_1_46' title="bbox 757 3070 2333 3142; baseline 0.004 -19"><span class='ocrx_word' id='word_1_312' title='bbox 757 3081 1069 3123; x_wconf 87' lang='lat' dir='ltr'><strong>sanctorum</strong></span> <span class='ocrx_word' id='word_1_313' title='bbox 1122 3070 1487 3125; x_wconf 89' lang='lat' dir='ltr'><strong>recordationi</strong></span> <span class='ocrx_word' id='word_1_314' title='bbox 1538 3070 1597 3123; x_wconf 82' lang='lat' dir='ltr'><strong>fit</strong></span> <span class='ocrx_word' id='word_1_315' title='bbox 1641 3072 1970 3125; x_wconf 88' lang='lat' dir='ltr'><strong>contumelia</strong></span> <span class='ocrx_word' id='word_1_316' title='bbox 2023 3088 2120 3142; x_wconf 87' lang='lat' dir='ltr'><strong>per</strong></span> <span class='ocrx_word' id='word_1_317' title='bbox 2163 3073 2333 3130; x_wconf 80' lang='lat' dir='ltr'><strong>foedas</strong></span> 
     </span>
    </p>
   </div>
   <div class='ocr_carea' id='block_1_47' title="bbox 758 3162 2332 3236">
    <p class='ocr_par' dir='ltr' id='par_1_47' title="bbox 758 3162 2332 3236">
     <span class='ocr_line' id='line_1_47' title="bbox 758 3162 2332 3236; baseline 0.004 -19"><span class='ocrx_word' id='word_1_318' title='bbox 758 3162 1058 3217; x_wconf 88' lang='lat' dir='ltr'><strong>cantilenas</strong></span> <span class='ocrx_word' id='word_1_319' title='bbox 1087 3177 1149 3217; x_wconf 88' lang='lat' dir='ltr'><strong>ac</strong></span> <span class='ocrx_word' id='word_1_320' title='bbox 1207 3163 1348 3216; x_wconf 90' lang='lat' dir='ltr'><strong>risus</strong></span> <span class='ocrx_word' id='word_1_321' title='bbox 1402 3172 1457 3216; x_wconf 91' lang='lat' dir='ltr'><strong>et</strong></span> <span class='ocrx_word' id='word_1_322' title='bbox 1517 3162 1740 3216; x_wconf 88' lang='lat' dir='ltr'><strong>insanos</strong></span> <span class='ocrx_word' id='word_1_323' title='bbox 1791 3164 2081 3231; x_wconf 88' lang='lat' dir='ltr'><strong>clamores,</strong></span> <span class='ocrx_word' id='word_1_324' title='bbox 2132 3168 2332 3236; x_wconf 90' lang='lat' dir='ltr'><strong>quibus</strong></span> 
     </span>
    </p>
   </div>
   <div class='ocr_carea' id='block_1_48' title="bbox 757 3254 2333 3327">
    <p class='ocr_par' dir='ltr' id='par_1_48' title="bbox 757 3254 2333 3327">
     <span class='ocr_line' id='line_1_48' title="bbox 757 3254 2333 3327; baseline 0.003 -18"><span class='ocrx_word' id='word_1_325' title='bbox 757 3256 1021 3309; x_wconf 88' lang='lat' dir='ltr'><strong>adhibitis</strong></span> <span class='ocrx_word' id='word_1_326' title='bbox 1078 3256 1249 3309; x_wconf 89' lang='lat' dir='ltr'><strong>sancti</strong></span> <span class='ocrx_word' id='word_1_327' title='bbox 1295 3254 1481 3325; x_wconf 86' lang='lat' dir='ltr'><strong>hymni</strong></span> <span class='ocrx_word' id='word_1_328' title='bbox 1551 3265 1863 3322; x_wconf 86' lang='lat' dir='ltr'><strong>cantantur,</strong></span> <span class='ocrx_word' id='word_1_329' title='bbox 1919 3273 2055 3327; x_wconf 91' lang='lat' dir='ltr'><strong>quos</strong></span> <span class='ocrx_word' id='word_1_330' title='bbox 2097 3274 2127 3311; x_wconf 94' lang='lat' dir='ltr'><strong>a</strong></span> <span class='ocrx_word' id='word_1_331' title='bbox 2172 3261 2333 3314; x_wconf 91' lang='lat' dir='ltr'><strong>nobis</strong></span> 
     </span>
    </p>
   </div>
   <div class='ocr_carea' id='block_1_49' title="bbox 758 3344 2335 3420">
    <p class='ocr_par' dir='ltr' id='par_1_49' title="bbox 758 3344 2335 3420">
     <span class='ocr_line' id='line_1_49' title="bbox 758 3344 2335 3420; baseline 0.004 -23"><span class='ocrx_word' id='word_1_332' title='bbox 758 3344 1043 3413; x_wconf 81' lang='lat' dir='ltr'><strong>Oportebat</strong></span> <span class='ocrx_word' id='word_1_333' title='bbox 1093 3344 1258 3399; x_wconf 91' lang='lat' dir='ltr'><strong>corda</strong></span> <span class='ocrx_word' id='word_1_334' title='bbox 1311 3345 1653 3413; x_wconf 88' lang='lat' dir='ltr'><strong>compunctis</strong></span> <span class='ocrx_word' id='word_1_335' title='bbox 1716 3356 1879 3415; x_wconf 92' lang='lat' dir='ltr'><strong>atque</strong></span> <span class='ocrx_word' id='word_1_336' title='bbox 1932 3348 2187 3403; x_wconf 91' lang='lat' dir='ltr'><strong>contritis</strong></span> <span class='ocrx_word' id='word_1_337' title='bbox 2237 3366 2335 3420; x_wconf 91' lang='lat' dir='ltr'><strong>pro</strong></span> 
     </span>
    </p>
   </div>
   <div class='ocr_carea' id='block_1_50' title="bbox 758 3432 2336 3509">
    <p class='ocr_par' dir='ltr' id='par_1_50' title="bbox 758 3432 2336 3509">
     <span class='ocr_line' id='line_1_50' title="bbox 758 3432 2336 3509; baseline 0.006 -23"><span class='ocrx_word' id='word_1_338' title='bbox 758 3442 943 3487; x_wconf 84' lang='lat' dir='ltr'><strong>nostra</strong></span> <span class='ocrx_word' id='word_1_339' title='bbox 998 3435 1173 3488; x_wconf 89' lang='lat' dir='ltr'><strong>salute</strong></span> <span class='ocrx_word' id='word_1_340' title='bbox 1221 3432 1331 3487; x_wconf 92' lang='lat' dir='ltr'><strong>Deo</strong></span> <span class='ocrx_word' id='word_1_341' title='bbox 1372 3432 1578 3487; x_wconf 83' lang='lat' dir='ltr'><strong>offerri.</strong></span> <span class='ocrx_word' id='word_1_342' title='bbox 1632 3435 1701 3488; x_wconf 89' lang='lat' dir='ltr'><strong>At</strong></span> <span class='ocrx_word' id='word_1_343' title='bbox 1732 3437 1821 3489; x_wconf 91' lang='lat' dir='ltr'><strong>ille</strong></span> <span class='ocrx_word' id='word_1_344' title='bbox 1856 3446 2000 3491; x_wconf 73' lang='lat' dir='ltr'><strong>cmtu</strong></span> <span class='ocrx_word' id='word_1_345' title='bbox 2044 3438 2336 3509; x_wconf 82' lang='lat' dir='ltr'><strong>ﬂagitioso-</strong></span> 
     </span>
    </p>
   </div>
   <div class='ocr_carea' id='block_1_51' title="bbox 759 3524 2333 3603">
    <p class='ocr_par' dir='ltr' id='par_1_51' title="bbox 759 3524 2333 3603">
     <span class='ocr_line' id='line_1_51' title="bbox 759 3524 2333 3603; baseline 0.006 -26"><span class='ocrx_word' id='word_1_346' title='bbox 759 3539 879 3577; x_wconf 75' lang='lat' dir='ltr'><strong>rum</strong></span> <span class='ocrx_word' id='word_1_347' title='bbox 926 3524 1209 3578; x_wconf 86' lang='lat' dir='ltr'><strong>hominum</strong></span> <span class='ocrx_word' id='word_1_348' title='bbox 1262 3534 1471 3591; x_wconf 85' lang='lat' dir='ltr'><strong>coacto,</strong></span> <span class='ocrx_word' id='word_1_349' title='bbox 1507 3526 1683 3595; x_wconf 79' lang='lat' dir='ltr'><strong>iisque</strong></span> <span class='ocrx_word' id='word_1_350' title='bbox 1728 3527 1987 3597; x_wconf 74' lang='lat' dir='ltr'><strong>pra-fecto</strong></span> <span class='ocrx_word' id='word_1_351' title='bbox 2036 3529 2333 3603; x_wconf 85' lang='lat' dir='ltr'><strong>Euthymio</strong></span> 
     </span>
    </p>
   </div>
   <div class='ocr_carea' id='block_1_52' title="bbox 759 3619 2333 3695">
    <p class='ocr_par' dir='ltr' id='par_1_52' title="bbox 759 3619 2333 3695">
     <span class='ocr_line' id='line_1_52' title="bbox 759 3619 2333 3695; baseline 0.01 -25"><span class='ocrx_word' id='word_1_352' title='bbox 759 3619 1015 3688; x_wconf 84' lang='lat' dir='ltr'><strong>quodam,</strong></span> <span class='ocrx_word' id='word_1_353' title='bbox 1050 3635 1213 3688; x_wconf 90' lang='lat' dir='ltr'><strong>quem</strong></span> <span class='ocrx_word' id='word_1_354' title='bbox 1256 3621 1580 3689; x_wconf 85' lang='lat' dir='ltr'><strong>cognomine</strong></span> <span class='ocrx_word' id='word_1_355' title='bbox 1627 3620 1842 3677; x_wconf 90' lang='lat' dir='ltr'><strong>Casnen</strong></span> <span class='ocrx_word' id='word_1_356' title='bbox 1870 3626 2235 3695; x_wconf 89' lang='lat' dir='ltr'><strong>appellabant,</strong></span> <span class='ocrx_word' id='word_1_357' title='bbox 2278 3640 2333 3686; x_wconf 91' lang='lat' dir='ltr'><strong>et</strong></span> 
     </span>
    </p>
   </div>
   <div class='ocr_carea' id='block_1_53' title="bbox 760 3711 2331 3785">
    <p class='ocr_par' dir='ltr' id='par_1_53' title="bbox 760 3711 2331 3785">
     <span class='ocr_line' id='line_1_53' title="bbox 760 3711 2331 3785; baseline 0.007 -20"><span class='ocrx_word' id='word_1_358' title='bbox 760 3713 827 3765; x_wconf 87' lang='lat' dir='ltr'><strong>ab</strong></span> <span class='ocrx_word' id='word_1_359' title='bbox 868 3712 983 3780; x_wconf 86' lang='lat' dir='ltr'><strong>ipso</strong></span> <span class='ocrx_word' id='word_1_360' title='bbox 1012 3722 1095 3765; x_wconf 87' lang='lat' dir='ltr'><strong>est</strong></span> <span class='ocrx_word' id='word_1_361' title='bbox 1126 3711 1458 3767; x_wconf 68' lang='lat' dir='ltr'><strong>domesticus</strong></span> <span class='ocrx_word' id='word_1_362' title='bbox 1492 3714 1674 3781; x_wconf 89' lang='lat' dir='ltr'><strong>templi</strong></span> <span class='ocrx_word' id='word_1_363' title='bbox 1707 3717 2059 3785; x_wconf 91' lang='lat' dir='ltr'><strong>constitutus,</strong></span> <span class='ocrx_word' id='word_1_364' title='bbox 2098 3721 2331 3777; x_wconf 89' lang='lat' dir='ltr'><strong>diaboli-</strong></span> 
     </span>
    </p>
   </div>
   <div class='ocr_carea' id='block_1_54' title="bbox 759 3802 2333 3877">
    <p class='ocr_par' dir='ltr' id='par_1_54' title="bbox 759 3802 2333 3877">
     <span class='ocr_line' id='line_1_54' title="bbox 759 3802 2333 3877; baseline 0.006 -19"><span class='ocrx_word' id='word_1_365' title='bbox 759 3820 851 3858; x_wconf 88' lang='lat' dir='ltr'><strong>cas</strong></span> <span class='ocrx_word' id='word_1_366' title='bbox 886 3803 1014 3857; x_wconf 88' lang='lat' dir='ltr'><strong>istas</strong></span> <span class='ocrx_word' id='word_1_367' title='bbox 1054 3802 1389 3868; x_wconf 89' lang='lat' dir='ltr'><strong>saltationes,</strong></span> <span class='ocrx_word' id='word_1_368' title='bbox 1425 3805 1684 3859; x_wconf 87' lang='lat' dir='ltr'><strong>obscuras</strong></span> <span class='ocrx_word' id='word_1_369' title='bbox 1713 3808 2155 3877; x_wconf 85' lang='lat' dir='ltr'><strong>vociferationes,</strong></span> <span class='ocrx_word' id='word_1_370' title='bbox 2204 3830 2333 3868; x_wconf 88' lang='lat' dir='ltr'><strong>can-</strong></span> 
     </span>
    </p>
   </div>
   <div class='ocr_carea' id='block_1_55' title="bbox 761 3896 2330 3971">
    <p class='ocr_par' dir='ltr' id='par_1_55' title="bbox 761 3896 2330 3971">
     <span class='ocr_line' id='line_1_55' title="bbox 761 3896 2330 3971; baseline 0.008 -22"><span class='ocrx_word' id='word_1_371' title='bbox 761 3896 1063 3964; x_wconf 86' lang='lat' dir='ltr'><strong>tilenasquc</strong></span> <span class='ocrx_word' id='word_1_372' title='bbox 1118 3911 1147 3949; x_wconf 92' lang='lat' dir='ltr'><strong>e</strong></span> <span class='ocrx_word' id='word_1_373' title='bbox 1214 3896 1388 3949; x_wconf 81' lang='lat' dir='ltr'><strong>triviis</strong></span> <span class='ocrx_word' id='word_1_374' title='bbox 1446 3906 1498 3950; x_wconf 87' lang='lat' dir='ltr'><strong>et</strong></span> <span class='ocrx_word' id='word_1_375' title='bbox 1542 3897 1899 3967; x_wconf 90' lang='lat' dir='ltr'><strong>lupanaribus</strong></span> <span class='ocrx_word' id='word_1_376' title='bbox 1956 3904 2151 3971; x_wconf 89' lang='lat' dir='ltr'><strong>petitas</strong></span> <span class='ocrx_word' id='word_1_377' title='bbox 2201 3916 2330 3962; x_wconf 89' lang='lat' dir='ltr'><strong>tunc</strong></span> 
     </span>
    </p>
   </div>
   <div class='ocr_carea' id='block_1_56' title="bbox 760 3986 2327 4050">
    <p class='ocr_par' dir='ltr' id='par_1_56' title="bbox 760 3986 2327 4050">
     <span class='ocr_line' id='line_1_56' title="bbox 760 3986 2327 4050; baseline 0.006 -10"><span class='ocrx_word' id='word_1_378' title='bbox 760 3988 1006 4040; x_wconf 88' lang='lat' dir='ltr'><strong>adhiberi</strong></span> <span class='ocrx_word' id='word_1_379' title='bbox 1041 3986 1293 4040; x_wconf 89' lang='lat' dir='ltr'><strong>instituit.</strong></span> <span class='ocrx_word' id='word_1_380' title='bbox 1327 3986 1437 4040; x_wconf 83' lang='lat' dir='ltr'><strong>liae</strong></span> <span class='ocrx_word' id='word_1_381' title='bbox 1466 3987 1588 4042; x_wconf 62' lang='lat' dir='ltr'><strong>vita:</strong></span> <span class='ocrx_word' id='word_1_382' title='bbox 1620 4004 1749 4043; x_wconf 89' lang='lat' dir='ltr'><strong>usus</strong></span> <span class='ocrx_word' id='word_1_383' title='bbox 1783 3991 1992 4046; x_wconf 92' lang='lat' dir='ltr'><strong>ratione</strong></span> <span class='ocrx_word' id='word_1_384' title='bbox 2026 3992 2236 4048; x_wconf 91' lang='lat' dir='ltr'><strong>interiit</strong></span> <span class='ocrx_word' id='word_1_385' title='bbox 2263 4012 2327 4050; x_wconf 77' lang='lat' dir='ltr'><strong>ex</strong></span> 
     </span>
    </p>
   </div>
   <div class='ocr_carea' id='block_1_57' title="bbox 760 4077 2329 4150">
    <p class='ocr_par' dir='ltr' id='par_1_57' title="bbox 760 4077 2329 4150">
     <span class='ocr_line' id='line_1_57' title="bbox 760 4077 2329 4150; baseline 0.008 -21"><span class='ocrx_word' id='word_1_386' title='bbox 760 4077 940 4145; x_wconf 86' lang='lat' dir='ltr'><strong>inepta</strong></span> <span class='ocrx_word' id='word_1_387' title='bbox 970 4078 1303 4146; x_wconf 90' lang='lat' dir='ltr'><strong>equitatione</strong></span> <span class='ocrx_word' id='word_1_388' title='bbox 1333 4079 1400 4132; x_wconf 88' lang='lat' dir='ltr'><strong>ad</strong></span> <span class='ocrx_word' id='word_1_389' title='bbox 1428 4094 1638 4132; x_wconf 88' lang='lat' dir='ltr'><strong>murum</strong></span> <span class='ocrx_word' id='word_1_390' title='bbox 1670 4082 1956 4150; x_wconf 88' lang='lat' dir='ltr'><strong>quemdam</strong></span> <span class='ocrx_word' id='word_1_391' title='bbox 1996 4086 2329 4142; x_wconf 90' lang='lat' dir='ltr'><strong>maritimum</strong></span> 
     </span>
    </p>
   </div>
   <div class='ocr_carea' id='block_1_58' title="bbox 759 4167 2335 4243">
    <p class='ocr_par' dir='ltr' id='par_1_58' title="bbox 759 4167 2335 4243">
     <span class='ocr_line' id='line_1_58' title="bbox 759 4167 2335 4243; baseline 0.01 -24"><span class='ocrx_word' id='word_1_392' title='bbox 759 4168 1010 4222; x_wconf 75' lang='lat' dir='ltr'><strong>alllictus.</strong></span> <span class='ocrx_word' id='word_1_393' title='bbox 1036 4167 1110 4221; x_wconf 76' lang='lat' dir='ltr'><strong>Ex</strong></span> <span class='ocrx_word' id='word_1_394' title='bbox 1137 4184 1243 4235; x_wconf 90' lang='lat' dir='ltr'><strong>quo</strong></span> <span class='ocrx_word' id='word_1_395' title='bbox 1274 4185 1401 4223; x_wconf 85' lang='lat' dir='ltr'><strong>casu</strong></span> <span class='ocrx_word' id='word_1_396' title='bbox 1420 4168 1582 4240; x_wconf 70' lang='grc'><strong>334</strong></span> <span class='ocrx_word' id='word_1_397' title='bbox 1607 4185 1729 4224; x_wconf 92' lang='lat' dir='ltr'><strong>cum</strong></span> <span class='ocrx_word' id='word_1_398' title='bbox 1757 4173 2072 4243; x_wconf 88' lang='lat' dir='ltr'><strong>sanguinem</strong></span> <span class='ocrx_word' id='word_1_399' title='bbox 2096 4180 2335 4234; x_wconf 81' lang='lat' dir='ltr'><strong>vomuis-</strong></span> 
     </span>
    </p>
   </div>
   <div class='ocr_carea' id='block_1_59' title="bbox 762 4261 2332 4341">
    <p class='ocr_par' dir='ltr' id='par_1_59' title="bbox 762 4261 2332 4341">
     <span class='ocr_line' id='line_1_59' title="bbox 762 4261 2332 4341; baseline 0.008 -28"><span class='ocrx_word' id='word_1_400' title='bbox 762 4270 845 4313; x_wconf 90' lang='lat' dir='ltr'><strong>set</strong></span> <span class='ocrx_word' id='word_1_401' title='bbox 902 4276 963 4314; x_wconf 88' lang='lat' dir='ltr'><strong>ac</strong></span> <span class='ocrx_word' id='word_1_402' title='bbox 1018 4261 1294 4313; x_wconf 82' lang='lat' dir='ltr'><strong>bienuiu:n</strong></span> <span class='ocrx_word' id='word_1_403' title='bbox 1352 4262 1543 4315; x_wconf 92' lang='lat' dir='ltr'><strong>morbo</strong></span> <span class='ocrx_word' id='word_1_404' title='bbox 1601 4262 1941 4320; x_wconf 84' lang='lat' dir='ltr'><strong>conﬂictatus</strong></span> <span class='ocrx_word' id='word_1_405' title='bbox 1982 4277 2145 4336; x_wconf 87' lang='lat' dir='ltr'><strong>esset,</strong></span> <span class='ocrx_word' id='word_1_406' title='bbox 2194 4286 2332 4341; x_wconf 90' lang='lat' dir='ltr'><strong>aqua</strong></span> 
     </span>
    </p>
   </div>
   <div class='ocr_carea' id='block_1_60' title="bbox 763 4351 1508 4431">
    <p class='ocr_par' dir='ltr' id='par_1_60' title="bbox 763 4351 1508 4431">
     <span class='ocr_line' id='line_1_60' title="bbox 763 4351 1508 4431; baseline 0.007 -27"><span class='ocrx_word' id='word_1_407' title='bbox 763 4351 1037 4405; x_wconf 88' lang='lat' dir='ltr'><strong>intcrcute</strong></span> <span class='ocrx_word' id='word_1_408' title='bbox 1073 4354 1373 4431; x_wconf 79' lang='lat' dir='ltr'><strong>exstinctus</strong></span> <span class='ocrx_word' id='word_1_409' title='bbox 1402 4364 1508 4409; x_wconf 88' lang='lat' dir='ltr'><strong>est.</strong></span> 
     </span>
    </p>
   </div>
   <div class='ocr_carea' id='block_1_61' title="bbox 2437 1971 4009 2044">
    <p class='ocr_par' dir='ltr' id='par_1_61' title="bbox 2437 1971 4009 2044">
     <span class='ocr_line' id='line_1_61' title="bbox 2437 1971 4009 2044; baseline 0.001 -20"><span class='ocrx_word' id='word_1_410' title='bbox 2437 1971 2661 2042; x_wconf 86' lang='grc' dir='ltr'>βρῶσιν.</span> <span class='ocrx_word' id='word_1_411' title='bbox 2704 1974 2843 2025; x_wconf 77' lang='grc' dir='ltr'>Φασὶ</span> <span class='ocrx_word' id='word_1_412' title='bbox 2879 1973 2923 2025; x_wconf 88' lang='grc' dir='ltr'>δ’</span> <span class='ocrx_word' id='word_1_413' title='bbox 2960 1973 3041 2025; x_wconf 88' lang='grc' dir='ltr'>ὃτι</span> <span class='ocrx_word' id='word_1_414' title='bbox 3080 1972 3485 2043; x_wconf 82' lang='grc' dir='ltr'>λειτουργοῦντί</span> <span class='ocrx_word' id='word_1_415' title='bbox 3532 1990 3661 2026; x_wconf 90' lang='grc' dir='ltr'>ποτε</span> <span class='ocrx_word' id='word_1_416' title='bbox 3690 1974 3841 2044; x_wconf 78' lang='grc' dir='ltr'>αὐτῷ</span> <span class='ocrx_word' id='word_1_417' title='bbox 3868 1975 4009 2029; x_wconf 72' lang='grc' dir='ltr'>κατὰ</span> 
     </span>
    </p>
   </div>
   <div class='ocr_carea' id='block_1_62' title="bbox 2433 2064 4011 2137">
    <p class='ocr_par' dir='ltr' id='par_1_62' title="bbox 2433 2064 4011 2137">
     <span class='ocr_line' id='line_1_62' title="bbox 2433 2064 4011 2137; baseline 0.001 -20"><span class='ocrx_word' id='word_1_418' title='bbox 2433 2065 2531 2135; x_wconf 77' lang='grc' dir='ltr'>τὴν</span> <span class='ocrx_word' id='word_1_419' title='bbox 2564 2064 2807 2135; x_wconf 77' lang='grc' dir='ltr'>μεγάλην</span> <span class='ocrx_word' id='word_1_420' title='bbox 2826 2064 2918 2118; x_wconf 83' lang='grc' dir='ltr'>τοῦ</span> <span class='ocrx_word' id='word_1_421' title='bbox 2955 2064 3099 2117; x_wconf 83' lang='grc' dir='ltr'>θείου</span> <span class='ocrx_word' id='word_1_422' title='bbox 3118 2065 3332 2119; x_wconf 83' lang='grc' dir='ltr'>δείπνου</span> <span class='ocrx_word' id='word_1_423' title='bbox 3363 2068 3621 2135; x_wconf 78' lang='grc' dir='ltr'>πέμπτην</span> <span class='ocrx_word' id='word_1_424' title='bbox 3650 2067 3884 2137; x_wconf 78' lang='grc' dir='ltr'>ἡμέραν,</span> <span class='ocrx_word' id='word_1_425' title='bbox 3918 2065 4011 2119; x_wconf 60' lang='grc' dir='ltr'>καὶ</span> 
     </span>
    </p>
   </div>
   <div class='ocr_carea' id='block_1_63' title="bbox 2433 2156 4007 2228">
    <p class='ocr_par' dir='ltr' id='par_1_63' title="bbox 2433 2156 4007 2228">
     <span class='ocr_line' id='line_1_63' title="bbox 2433 2156 4007 2228; baseline 0.001 -19"><span class='ocrx_word' id='word_1_426' title='bbox 2433 2157 2531 2219; x_wconf 81' lang='grc' dir='ltr'><strong>τὰς</strong></span> <span class='ocrx_word' id='word_1_427' title='bbox 2557 2157 2722 2225; x_wconf 80' lang='grc' dir='ltr'>εύχάς</span> <span class='ocrx_word' id='word_1_428' title='bbox 2760 2157 2861 2225; x_wconf 75' lang='grc' dir='ltr'><strong>ἤδη</strong></span> <span class='ocrx_word' id='word_1_429' title='bbox 2885 2156 2993 2209; x_wconf 87' lang='grc' dir='ltr'><strong>τῶν</strong></span> <span class='ocrx_word' id='word_1_430' title='bbox 3025 2158 3346 2227; x_wconf 84' lang='grc' dir='ltr'>μυστηρίων</span> <span class='ocrx_word' id='word_1_431' title='bbox 3382 2157 3833 2225; x_wconf 80' lang='grc' dir='ltr'>ἀναγινώσκοντι,</span> <span class='ocrx_word' id='word_1_432' title='bbox 3855 2162 3882 2211; x_wconf 88' lang='grc' dir='ltr'><strong>ό</strong></span> <span class='ocrx_word' id='word_1_433' title='bbox 3907 2160 4007 2228; x_wconf 83' lang='grc' dir='ltr'>τὴν</span> 
     </span>
    </p>
   </div>
   <div class='ocr_carea' id='block_1_64' title="bbox 2434 2248 4011 2322">
    <p class='ocr_par' dir='ltr' id='par_1_64' title="bbox 2434 2248 4011 2322">
     <span class='ocr_line' id='line_1_64' title="bbox 2434 2248 4011 2322; baseline 0.002 -23"><span class='ocrx_word' id='word_1_434' title='bbox 2434 2248 2754 2318; x_wconf 74' lang='grc' dir='ltr'>ἐπιμέλειαν</span> <span class='ocrx_word' id='word_1_435' title='bbox 2780 2248 2886 2301; x_wconf 89' lang='grc' dir='ltr'><strong>τῶν</strong></span> <span class='ocrx_word' id='word_1_436' title='bbox 2908 2249 3092 2303; x_wconf 80' lang='grc' dir='ltr'>ἵππων</span> <span class='ocrx_word' id='word_1_437' title='bbox 3117 2253 3587 2322; x_wconf 79' lang='grc' dir='ltr'>ἐπιτετραμμένος</span> <span class='ocrx_word' id='word_1_438' title='bbox 3610 2251 3857 2315; x_wconf 86' lang='grc' dir='ltr'>διάκονος</span> <span class='ocrx_word' id='word_1_439' title='bbox 3888 2254 4011 2305; x_wconf 75' lang='grc' dir='ltr'>ἐπι-</span> 
     </span>
    </p>
   </div>
   <div class='ocr_carea' id='block_1_65' title="bbox 2435 2338 4003 2411">
    <p class='ocr_par' dir='ltr' id='par_1_65' title="bbox 2435 2338 4003 2411">
     <span class='ocr_line' id='line_1_65' title="bbox 2435 2338 4003 2411; baseline 0.003 -20"><span class='ocrx_word' id='word_1_440' title='bbox 2435 2340 2566 2402; x_wconf 84' lang='grc' dir='ltr'><strong>στάς</strong></span> <span class='ocrx_word' id='word_1_441' title='bbox 2602 2338 2917 2406; x_wconf 82' lang='grc' dir='ltr'>εὐαγγέλιον</span> <span class='ocrx_word' id='word_1_442' title='bbox 2956 2342 3128 2409; x_wconf 87' lang='grc' dir='ltr'>τούτῳ</span> <span class='ocrx_word' id='word_1_443' title='bbox 3158 2340 3473 2409; x_wconf 87' lang='grc' dir='ltr'>κεκόμικεν,</span> <span class='ocrx_word' id='word_1_444' title='bbox 3508 2341 3583 2404; x_wconf 86' lang='grc' dir='ltr'>ὡς</span> <span class='ocrx_word' id='word_1_445' title='bbox 3609 2342 3714 2411; x_wconf 86' lang='grc' dir='ltr'>ἄρα</span> <span class='ocrx_word' id='word_1_446' title='bbox 3748 2344 4003 2395; x_wconf 78' lang='grc' dir='ltr'>τετοκυῖα</span> 
     </span>
    </p>
   </div>
   <div class='ocr_carea' id='block_1_66' title="bbox 2434 2430 4005 2503">
    <p class='ocr_par' dir='ltr' id='par_1_66' title="bbox 2434 2430 4005 2503">
     <span class='ocr_line' id='line_1_66' title="bbox 2434 2430 4005 2503; baseline 0.005 -23"><span class='ocrx_word' id='word_1_447' title='bbox 2434 2430 2519 2500; x_wconf 84' lang='grc' dir='ltr'>εἴη</span> <span class='ocrx_word' id='word_1_448' title='bbox 2550 2431 2582 2499; x_wconf 84' lang='grc' dir='ltr'>ἡ</span> <span class='ocrx_word' id='word_1_449' title='bbox 2615 2432 3000 2501; x_wconf 81' lang='grc' dir='ltr'>ὲπισημοτάτή</span> <span class='ocrx_word' id='word_1_450' title='bbox 3032 2432 3260 2502; x_wconf 75' lang='grc' dir='ltr'>φορῦἀς,</span> <span class='ocrx_word' id='word_1_451' title='bbox 3299 2433 3559 2503; x_wconf 72' lang='grc' dir='ltr'>προσθεὶς</span> <span class='ocrx_word' id='word_1_452' title='bbox 3603 2435 3697 2485; x_wconf 70' lang='grc' dir='ltr'>καὶ</span> <span class='ocrx_word' id='word_1_453' title='bbox 3721 2434 3781 2486; x_wconf 87' lang='grc' dir='ltr'>τὸ</span> <span class='ocrx_word' id='word_1_454' title='bbox 3809 2434 4005 2501; x_wconf 71' lang='grc' dir='ltr'>δνομα.</span> 
     </span>
    </p>
   </div>
   <div class='ocr_carea' id='block_1_67' title="bbox 2446 2518 4007 2591">
    <p class='ocr_par' dir='ltr' id='par_1_67' title="bbox 2446 2518 4007 2591">
     <span class='ocr_line' id='line_1_67' title="bbox 2446 2518 4007 2591; baseline 0.001 -20"><span class='ocrx_word' id='word_1_455' title='bbox 2446 2518 2504 2571; x_wconf 81' lang='grc' dir='ltr'>Ὀ</span> <span class='ocrx_word' id='word_1_456' title='bbox 2536 2518 2579 2570; x_wconf 88' lang='grc' dir='ltr'>δ’</span> <span class='ocrx_word' id='word_1_457' title='bbox 2612 2518 2717 2572; x_wconf 83' lang='grc' dir='ltr'><strong>ὑπὸ</strong></span> <span class='ocrx_word' id='word_1_458' title='bbox 2745 2521 3104 2591; x_wconf 84' lang='grc' dir='ltr'>περιχαρείας</span> <span class='ocrx_word' id='word_1_459' title='bbox 3139 2522 3197 2574; x_wconf 83' lang='grc' dir='ltr'>τὸ</span> <span class='ocrx_word' id='word_1_460' title='bbox 3214 2522 3315 2591; x_wconf 80' lang='grc' dir='ltr'>τῆς</span> <span class='ocrx_word' id='word_1_461' title='bbox 3346 2522 3494 2584; x_wconf 81' lang='grc' dir='ltr'>θείας</span> <span class='ocrx_word' id='word_1_462' title='bbox 3517 2521 3857 2591; x_wconf 81' lang='grc' dir='ltr'>λειτουργίας</span> <span class='ocrx_word' id='word_1_463' title='bbox 3878 2521 4007 2573; x_wconf 75' lang='grc' dir='ltr'>ὑπό·</span> 
     </span>
    </p>
   </div>
   <div class='ocr_carea' id='block_1_68' title="bbox 2434 2610 4009 2684">
    <p class='ocr_par' dir='ltr' id='par_1_68' title="bbox 2434 2610 4009 2684">
     <span class='ocr_line' id='line_1_68' title="bbox 2434 2610 4009 2684; baseline 0.002 -23"><span class='ocrx_word' id='word_1_464' title='bbox 2434 2610 2621 2663; x_wconf 88' lang='grc' dir='ltr'>λοιπον</span> <span class='ocrx_word' id='word_1_465' title='bbox 2651 2611 2725 2673; x_wconf 83' lang='grc' dir='ltr'>ὠς</span> <span class='ocrx_word' id='word_1_466' title='bbox 2756 2611 2950 2681; x_wconf 78' lang='grc' dir='ltr'>ἔτυχεν</span> <span class='ocrx_word' id='word_1_467' title='bbox 2985 2612 3350 2684; x_wconf 76' lang='grc' dir='ltr'>ἐκπληρώσας</span> <span class='ocrx_word' id='word_1_468' title='bbox 3402 2612 3660 2682; x_wconf 84' lang='grc' dir='ltr'>δρομαῖος</span> <span class='ocrx_word' id='word_1_469' title='bbox 3696 2614 4009 2679; x_wconf 77' lang='grc' dir='ltr'>ἀφικνεῖται</span> 
     </span>
    </p>
   </div>
   <div class='ocr_carea' id='block_1_69' title="bbox 2434 2702 4005 2774">
    <p class='ocr_par' dir='ltr' id='par_1_69' title="bbox 2434 2702 4005 2774">
     <span class='ocr_line' id='line_1_69' title="bbox 2434 2702 4005 2774; baseline 0.001 -21"><span class='ocrx_word' id='word_1_470' title='bbox 2434 2702 2568 2772; x_wconf 70' lang='grc' dir='ltr'>πρὸς</span> <span class='ocrx_word' id='word_1_471' title='bbox 2599 2702 2657 2754; x_wconf 82' lang='grc' dir='ltr'>τὸ</span> <span class='ocrx_word' id='word_1_472' title='bbox 2712 2703 3029 2772; x_wconf 83' lang='grc' dir='ltr'>Κοσμίδιον,</span> <span class='ocrx_word' id='word_1_473' title='bbox 3062 2705 3156 2757; x_wconf 67' lang='grc' dir='ltr'><strong>κα)¹</strong></span> <span class='ocrx_word' id='word_1_474' title='bbox 3190 2704 3282 2755; x_wconf 81' lang='grc' dir='ltr'>τὸν</span> <span class='ocrx_word' id='word_1_475' title='bbox 3326 2703 3585 2773; x_wconf 77' lang='grc' dir='ltr'>τεχθέντα</span> <span class='ocrx_word' id='word_1_476' title='bbox 3622 2703 3801 2755; x_wconf 83' lang='grc' dir='ltr'>πῶλον</span> <span class='ocrx_word' id='word_1_477' title='bbox 3828 2705 4005 2774; x_wconf 78' lang='grc' dir='ltr'>ἑωρα-</span> 
     </span>
    </p>
   </div>
   <div class='ocr_carea' id='block_1_70' title="bbox 2438 2793 4001 2867">
    <p class='ocr_par' dir='ltr' id='par_1_70' title="bbox 2438 2793 4001 2867">
     <span class='ocr_line' id='line_1_70' title="bbox 2438 2793 4001 2867; baseline 0.001 -20"><span class='ocrx_word' id='word_1_478' title='bbox 2438 2793 2548 2858; x_wconf 85' lang='grc' dir='ltr'>κὼς</span> <span class='ocrx_word' id='word_1_479' title='bbox 2583 2796 2679 2847; x_wconf 69' lang='grc' dir='ltr'><strong>καὶ</strong></span> <span class='ocrx_word' id='word_1_480' title='bbox 2708 2795 2800 2848; x_wconf 81' lang='grc' dir='ltr'>τοῦ</span> <span class='ocrx_word' id='word_1_481' title='bbox 2825 2796 3023 2864; x_wconf 84' lang='grc' dir='ltr'>ἀλόγου</span> <span class='ocrx_word' id='word_1_482' title='bbox 3050 2796 3323 2865; x_wconf 86' lang='grc' dir='ltr'>θεάματος</span> <span class='ocrx_word' id='word_1_483' title='bbox 3367 2798 3704 2867; x_wconf 70' lang='grc' dir='ltr'>ἐμφορηθεὶς</span> <span class='ocrx_word' id='word_1_484' title='bbox 3730 2796 4001 2867; x_wconf 78' lang='grc' dir='ltr'>ὑπέστρε-</span> 
     </span>
    </p>
   </div>
   <div class='ocr_carea' id='block_1_71' title="bbox 2435 2886 4008 2959">
    <p class='ocr_par' dir='ltr' id='par_1_71' title="bbox 2435 2886 4008 2959">
     <span class='ocr_line' id='line_1_71' title="bbox 2435 2886 4008 2959; baseline -0.001 -21"><span class='ocrx_word' id='word_1_485' title='bbox 2435 2886 2535 2955; x_wconf 72' lang='grc' dir='ltr'><strong>ψεν</strong></span> <span class='ocrx_word' id='word_1_486' title='bbox 2584 2890 2667 2950; x_wconf 88' lang='grc' dir='ltr'><strong>είς</strong></span> <span class='ocrx_word' id='word_1_487' title='bbox 2727 2890 2827 2958; x_wconf 80' lang='grc' dir='ltr'>τὴν</span> <span class='ocrx_word' id='word_1_488' title='bbox 2858 2890 3120 2957; x_wconf 82' lang='grc' dir='ltr'>Μεγάλην</span> <span class='ocrx_word' id='word_1_489' title='bbox 3156 2888 3511 2959; x_wconf 78' lang='grc' dir='ltr'>Ἐκκλησίαν,</span> <span class='ocrx_word' id='word_1_490' title='bbox 3546 2891 3643 2958; x_wconf 74' lang='grc' dir='ltr'>τὴν</span> <span class='ocrx_word' id='word_1_491' title='bbox 3690 2889 3797 2940; x_wconf 86' lang='grc' dir='ltr'><strong>τῶν</strong></span> <span class='ocrx_word' id='word_1_492' title='bbox 3837 2888 4008 2955; x_wconf 76' lang='grc' dir='ltr'>ἁγίων</span> 
     </span>
    </p>
   </div>
   <div class='ocr_carea' id='block_1_72' title="bbox 2436 2977 4010 3049">
    <p class='ocr_par' dir='ltr' id='par_1_72' title="bbox 2436 2977 4010 3049">
     <span class='ocr_line' id='line_1_72' title="bbox 2436 2977 4010 3049; baseline -0.001 -18"><span class='ocrx_word' id='word_1_493' title='bbox 2436 2979 2625 3031; x_wconf 86' lang='grc' dir='ltr'>παθῶν</span> <span class='ocrx_word' id='word_1_494' title='bbox 2680 2977 2774 3030; x_wconf 82' lang='grc' dir='ltr'>τοῦ</span> <span class='ocrx_word' id='word_1_495' title='bbox 2826 2979 3081 3049; x_wconf 78' lang='grc' dir='ltr'>Σωτῆρος</span> <span class='ocrx_word' id='word_1_496' title='bbox 3142 2979 3302 3048; x_wconf 83' lang='grc' dir='ltr'>ήμῶν</span> <span class='ocrx_word' id='word_1_497' title='bbox 3372 2980 3464 3031; x_wconf 73' lang='grc' dir='ltr'>καὶ</span> <span class='ocrx_word' id='word_1_498' title='bbox 3521 2979 3655 3032; x_wconf 74' lang='grc' dir='ltr'>Θεοῦ</span> <span class='ocrx_word' id='word_1_499' title='bbox 3710 2980 4010 3032; x_wconf 81' lang='grc' dir='ltr'>ἐκτελέσων</span> 
     </span>
    </p>
   </div>
   <div class='ocr_carea' id='block_1_73' title="bbox 2437 3070 4006 3141">
    <p class='ocr_par' dir='ltr' id='par_1_73' title="bbox 2437 3070 4006 3141">
     <span class='ocr_line' id='line_1_73' title="bbox 2437 3070 4006 3141; baseline -0.001 -17"><span class='ocrx_word' id='word_1_500' title='bbox 2437 3071 2734 3140; x_wconf 85' lang='grc' dir='ltr'>ὑμνῳδίαν.</span> <span class='ocrx_word' id='word_1_501' title='bbox 2774 3071 2977 3141; x_wconf 86' lang='grc' dir='ltr'>Ἔργον</span> <span class='ocrx_word' id='word_1_502' title='bbox 3008 3071 3219 3124; x_wconf 81' lang='grc' dir='ltr'>ἐκείνου</span> <span class='ocrx_word' id='word_1_503' title='bbox 3251 3072 3343 3123; x_wconf 71' lang='grc' dir='ltr'>καὶ</span> <span class='ocrx_word' id='word_1_504' title='bbox 3385 3071 3445 3123; x_wconf 82' lang='grc' dir='ltr'>τὸ</span> <span class='ocrx_word' id='word_1_505' title='bbox 3488 3070 3581 3122; x_wconf 74' lang='grc' dir='ltr'>νῦν</span> <span class='ocrx_word' id='word_1_506' title='bbox 3600 3070 3835 3141; x_wconf 81' lang='grc' dir='ltr'>κρατοῦν</span> <span class='ocrx_word' id='word_1_507' title='bbox 3866 3072 4006 3132; x_wconf 75' lang='grc' dir='ltr'>ἔθος,</span> 
     </span>
    </p>
   </div>
   <div class='ocr_carea' id='block_1_74' title="bbox 2438 3144 4009 3233">
    <p class='ocr_par' dir='ltr' id='par_1_74' title="bbox 2438 3144 4009 3233">
     <span class='ocr_line' id='line_1_74' title="bbox 2438 3144 4009 3233; baseline -0.001 -18"><span class='ocrx_word' id='word_1_508' title='bbox 2438 3164 2494 3216; x_wconf 85' lang='grc' dir='ltr'>ὲν</span> <span class='ocrx_word' id='word_1_509' title='bbox 2528 3166 2647 3226; x_wconf 88' lang='grc' dir='ltr'>ταῖς</span> <span class='ocrx_word' id='word_1_510' title='bbox 2691 3163 2972 3233; x_wconf 88' lang='grc' dir='ltr'>λαμπραῖς</span> <span class='ocrx_word' id='word_1_511' title='bbox 3012 3162 3106 3216; x_wconf 75' lang='grc' dir='ltr'>καὶ</span> <span class='ocrx_word' id='word_1_512' title='bbox 3141 3144 3497 3233; x_wconf 70' lang='grc' dir='ltr'>δημοτελέσιν</span> <span class='ocrx_word' id='word_1_513' title='bbox 3550 3164 3762 3233; x_wconf 78' lang='grc' dir='ltr'>ἑορταῖς</span> <span class='ocrx_word' id='word_1_514' title='bbox 3795 3163 4009 3233; x_wconf 74' lang='grc' dir='ltr'>ὑϐρίζε-</span> 
     </span>
    </p>
   </div>
   <div class='ocr_carea' id='block_1_75' title="bbox 2440 3253 4007 3325">
    <p class='ocr_par' dir='ltr' id='par_1_75' title="bbox 2440 3253 4007 3325">
     <span class='ocr_line' id='line_1_75' title="bbox 2440 3253 4007 3325; baseline -0.001 -17"><span class='ocrx_word' id='word_1_515' title='bbox 2440 3256 2562 3308; x_wconf 88' lang='grc' dir='ltr'>σθαι</span> <span class='ocrx_word' id='word_1_516' title='bbox 2598 3255 2689 3307; x_wconf 84' lang='grc' dir='ltr'>τὸν</span> <span class='ocrx_word' id='word_1_517' title='bbox 2718 3255 2850 3307; x_wconf 79' lang='grc' dir='ltr'>Θεὸν</span> <span class='ocrx_word' id='word_1_518' title='bbox 2882 3256 2977 3308; x_wconf 83' lang='grc' dir='ltr'>καὶ</span> <span class='ocrx_word' id='word_1_519' title='bbox 3003 3256 3101 3318; x_wconf 83' lang='grc' dir='ltr'><strong>τὰς</strong></span> <span class='ocrx_word' id='word_1_520' title='bbox 3134 3255 3243 3308; x_wconf 91' lang='grc' dir='ltr'><strong>τῶν</strong></span> <span class='ocrx_word' id='word_1_521' title='bbox 3282 3255 3452 3323; x_wconf 87' lang='grc' dir='ltr'>ἁγίων</span> <span class='ocrx_word' id='word_1_522' title='bbox 3498 3256 3718 3325; x_wconf 85' lang='grc' dir='ltr'>μνήμας</span> <span class='ocrx_word' id='word_1_523' title='bbox 3748 3254 3833 3306; x_wconf 79' lang='grc' dir='ltr'><strong>διὰ</strong></span> <span class='ocrx_word' id='word_1_524' title='bbox 3857 3253 4007 3321; x_wconf 84' lang='grc' dir='ltr'>λυγι-</span> 
     </span>
    </p>
   </div>
   <div class='ocr_carea' id='block_1_76' title="bbox 2440 3347 4009 3418">
    <p class='ocr_par' dir='ltr' id='par_1_76' title="bbox 2440 3347 4009 3418">
     <span class='ocr_line' id='line_1_76' title="bbox 2440 3347 4009 3418; baseline -0.001 -19"><span class='ocrx_word' id='word_1_525' title='bbox 2440 3348 2664 3417; x_wconf 88' lang='grc' dir='ltr'>σμάτων</span> <span class='ocrx_word' id='word_1_526' title='bbox 2691 3347 2956 3417; x_wconf 84' lang='grc' dir='ltr'>ἀπρεπῶν</span> <span class='ocrx_word' id='word_1_527' title='bbox 2980 3347 3071 3400; x_wconf 71' lang='grc' dir='ltr'>καὶ</span> <span class='ocrx_word' id='word_1_528' title='bbox 3089 3348 3341 3414; x_wconf 83' lang='grc' dir='ltr'>γελώτων</span> <span class='ocrx_word' id='word_1_529' title='bbox 3369 3348 3463 3399; x_wconf 70' lang='grc' dir='ltr'><strong>κα)⁵</strong></span> <span class='ocrx_word' id='word_1_530' title='bbox 3488 3348 3822 3418; x_wconf 75' lang='grc' dir='ltr'>παραφόρων</span> <span class='ocrx_word' id='word_1_531' title='bbox 3842 3364 4009 3415; x_wconf 87' lang='grc' dir='ltr'>κραυ-</span> 
     </span>
    </p>
   </div>
   <div class='ocr_carea' id='block_1_77' title="bbox 2439 3437 4008 3508">
    <p class='ocr_par' dir='ltr' id='par_1_77' title="bbox 2439 3437 4008 3508">
     <span class='ocr_line' id='line_1_77' title="bbox 2439 3437 4008 3508; baseline 0 -17"><span class='ocrx_word' id='word_1_532' title='bbox 2439 3439 2551 3506; x_wconf 90' lang='grc' dir='ltr'><strong>γῶν</strong></span> <span class='ocrx_word' id='word_1_533' title='bbox 2601 3438 2942 3508; x_wconf 83' lang='grc' dir='ltr'>τελουμένων</span> <span class='ocrx_word' id='word_1_534' title='bbox 2990 3438 3098 3490; x_wconf 86' lang='grc' dir='ltr'><strong>τῶν</strong></span> <span class='ocrx_word' id='word_1_535' title='bbox 3154 3438 3313 3491; x_wconf 89' lang='grc' dir='ltr'>θείων</span> <span class='ocrx_word' id='word_1_536' title='bbox 3362 3437 3567 3508; x_wconf 82' lang='grc' dir='ltr'>ὓμνων,</span> <span class='ocrx_word' id='word_1_537' title='bbox 3607 3437 3699 3501; x_wconf 67' lang='grc' dir='ltr'>οὓς</span> <span class='ocrx_word' id='word_1_538' title='bbox 3732 3438 3839 3491; x_wconf 76' lang='grc' dir='ltr'>ἔδει</span> <span class='ocrx_word' id='word_1_539' title='bbox 3869 3438 4008 3495; x_wconf 80' lang='grc' dir='ltr'><strong>μετά</strong></span> 
     </span>
    </p>
   </div>
   <div class='ocr_carea' id='block_1_78' title="bbox 2440 3533 4013 3605">
    <p class='ocr_par' dir='ltr' id='par_1_78' title="bbox 2440 3533 4013 3605">
     <span class='ocr_line' id='line_1_78' title="bbox 2440 3533 4013 3605; baseline -0.002 -17"><span class='ocrx_word' id='word_1_540' title='bbox 2440 3534 2789 3599; x_wconf 75' lang='grc' dir='ltr'>κατανύξεως</span> <span class='ocrx_word' id='word_1_541' title='bbox 2814 3535 2910 3586; x_wconf 84' lang='grc' dir='ltr'>καὶ</span> <span class='ocrx_word' id='word_1_542' title='bbox 2946 3533 3287 3603; x_wconf 77' lang='grc' dir='ltr'>συντριμμοῠ</span> <span class='ocrx_word' id='word_1_543' title='bbox 3323 3534 3549 3605; x_wconf 81' lang='grc' dir='ltr'>καρδίας</span> <span class='ocrx_word' id='word_1_544' title='bbox 3585 3534 3723 3603; x_wconf 81' lang='grc' dir='ltr'>ὑπὲρ</span> <span class='ocrx_word' id='word_1_545' title='bbox 3754 3536 3850 3604; x_wconf 74' lang='grc' dir='ltr'>τῆς</span> <span class='ocrx_word' id='word_1_546' title='bbox 3895 3536 4013 3587; x_wconf 65' lang='grc' dir='ltr'>ἑαυ-</span> 
     </span>
    </p>
   </div>
   <div class='ocr_carea' id='block_1_79' title="bbox 2438 3625 4010 3697">
    <p class='ocr_par' dir='ltr' id='par_1_79' title="bbox 2438 3625 4010 3697">
     <span class='ocr_line' id='line_1_79' title="bbox 2438 3625 4010 3697; baseline -0.001 -18"><span class='ocrx_word' id='word_1_547' title='bbox 2438 3627 2545 3679; x_wconf 84' lang='grc' dir='ltr'><strong>τῶν</strong></span> <span class='ocrx_word' id='word_1_548' title='bbox 2598 3627 2746 3697; x_wconf 79' lang='grc' dir='ltr'>ἡμᾶς</span> <span class='ocrx_word' id='word_1_549' title='bbox 2794 3626 3065 3697; x_wconf 86' lang='grc' dir='ltr'>σωτηρίας</span> <span class='ocrx_word' id='word_1_550' title='bbox 3106 3626 3441 3695; x_wconf 84' lang='grc' dir='ltr'>προσφέρειν</span> <span class='ocrx_word' id='word_1_551' title='bbox 3497 3625 3573 3692; x_wconf 86' lang='grc' dir='ltr'>τῷ</span> <span class='ocrx_word' id='word_1_552' title='bbox 3609 3627 3748 3693; x_wconf 78' lang='grc' dir='ltr'>θεῷ.</span> <span class='ocrx_word' id='word_1_553' title='bbox 3803 3626 4010 3695; x_wconf 69' lang='grc' dir='ltr'>Πλῆθος</span> 
     </span>
    </p>
   </div>
   <div class='ocr_carea' id='block_1_80' title="bbox 2440 3716 4011 3787">
    <p class='ocr_par' dir='ltr' id='par_1_80' title="bbox 2440 3716 4011 3787">
     <span class='ocr_line' id='line_1_80' title="bbox 2440 3716 4011 3787; baseline -0.003 -17"><span class='ocrx_word' id='word_1_554' title='bbox 2440 3718 2546 3787; x_wconf 83' lang='grc' dir='ltr'><strong>γὰρ</strong></span> <span class='ocrx_word' id='word_1_555' title='bbox 2584 3717 2994 3785; x_wconf 85' lang='grc' dir='ltr'>συστησάμενος</span> <span class='ocrx_word' id='word_1_556' title='bbox 3052 3717 3365 3786; x_wconf 78' lang='grc' dir='ltr'>ὲπιρῤήτων</span> <span class='ocrx_word' id='word_1_557' title='bbox 3426 3716 3632 3785; x_wconf 90' lang='grc' dir='ltr'>ἀνδρῶν</span> <span class='ocrx_word' id='word_1_558' title='bbox 3666 3717 3756 3767; x_wconf 63' lang='grc' dir='ltr'>καὶ</span> <span class='ocrx_word' id='word_1_559' title='bbox 3785 3716 4011 3784; x_wconf 80' lang='grc' dir='ltr'>ἔξαρχον</span> 
     </span>
    </p>
   </div>
   <div class='ocr_carea' id='block_1_81' title="bbox 2442 3805 4010 3877">
    <p class='ocr_par' dir='ltr' id='par_1_81' title="bbox 2442 3805 4010 3877">
     <span class='ocr_line' id='line_1_81' title="bbox 2442 3805 4010 3877; baseline -0.003 -17"><span class='ocrx_word' id='word_1_560' title='bbox 2442 3809 2625 3870; x_wconf 73' lang='grc' dir='ltr'>αὐτοῖς</span> <span class='ocrx_word' id='word_1_561' title='bbox 2664 3808 2965 3877; x_wconf 75' lang='grc' dir='ltr'>ἐπιστήσας</span> <span class='ocrx_word' id='word_1_562' title='bbox 3000 3806 3273 3876; x_wconf 77' lang='grc' dir='ltr'>Εὐθύμιόν</span> <span class='ocrx_word' id='word_1_563' title='bbox 3303 3824 3422 3859; x_wconf 89' lang='grc' dir='ltr'>τινα</span> <span class='ocrx_word' id='word_1_564' title='bbox 3452 3805 3673 3875; x_wconf 80' lang='grc' dir='ltr'>Κασνῆν</span> <span class='ocrx_word' id='word_1_565' title='bbox 3698 3806 4010 3876; x_wconf 74' lang='grc' dir='ltr'>λεγόμενον,</span> 
     </span>
    </p>
   </div>
   <div class='ocr_carea' id='block_1_82' title="bbox 2435 3898 4009 3970">
    <p class='ocr_par' dir='ltr' id='par_1_82' title="bbox 2435 3898 4009 3970">
     <span class='ocr_line' id='line_1_82' title="bbox 2435 3898 4009 3970; baseline -0.003 -16"><span class='ocrx_word' id='word_1_566' title='bbox 2435 3901 2494 3954; x_wconf 84' lang='grc' dir='ltr'>ὃν</span> <span class='ocrx_word' id='word_1_567' title='bbox 2533 3901 2691 3962; x_wconf 80' lang='grc' dir='ltr'>αὐτὸς</span> <span class='ocrx_word' id='word_1_568' title='bbox 2714 3900 3033 3970; x_wconf 84' lang='grc' dir='ltr'>δομέστικον</span> <span class='ocrx_word' id='word_1_569' title='bbox 3061 3901 3159 3969; x_wconf 85' lang='grc' dir='ltr'>τῆς</span> <span class='ocrx_word' id='word_1_570' title='bbox 3180 3898 3628 3970; x_wconf 84' lang='grc' dir='ltr'>Ἐκκλησίας(98)</span> <span class='ocrx_word' id='word_1_571' title='bbox 3655 3899 4009 3969; x_wconf 76' lang='grc' dir='ltr'>προύδάλετο,</span> 
     </span>
    </p>
   </div>
   <div class='ocr_carea' id='block_1_83' title="bbox 2439 3994 4012 4063">
    <p class='ocr_par' dir='ltr' id='par_1_83' title="bbox 2439 3994 4012 4063">
     <span class='ocr_line' id='line_1_83' title="bbox 2439 3994 4012 4063; baseline -0.003 -15"><span class='ocrx_word' id='word_1_572' title='bbox 2439 3996 2532 4048; x_wconf 72' lang='grc' dir='ltr'>καὶ</span> <span class='ocrx_word' id='word_1_573' title='bbox 2570 3996 2668 4057; x_wconf 74' lang='grc' dir='ltr'>τὰς</span> <span class='ocrx_word' id='word_1_574' title='bbox 2684 3994 2980 4055; x_wconf 83' lang='grc' dir='ltr'>σατανικάς</span> <span class='ocrx_word' id='word_1_575' title='bbox 3009 3994 3264 4063; x_wconf 84' lang='grc' dir='ltr'>ὀρχήσεις</span> <span class='ocrx_word' id='word_1_576' title='bbox 3297 3994 3393 4045; x_wconf 71' lang='grc' dir='ltr'>καὶ</span> <span class='ocrx_word' id='word_1_577' title='bbox 3430 3996 3526 4054; x_wconf 76' lang='grc' dir='ltr'>τὰς</span> <span class='ocrx_word' id='word_1_578' title='bbox 3570 3994 3815 4061; x_wconf 84' lang='grc' dir='ltr'>ἀσήμους</span> <span class='ocrx_word' id='word_1_579' title='bbox 3844 4009 4012 4061; x_wconf 78' lang='grc' dir='ltr'>κραυ-</span> 
     </span>
    </p>
   </div>
   <div class='ocr_carea' id='block_1_84' title="bbox 2443 4085 4013 4156">
    <p class='ocr_par' dir='ltr' id='par_1_84' title="bbox 2443 4085 4013 4156">
     <span class='ocr_line' id='line_1_84' title="bbox 2443 4085 4013 4156; baseline -0.004 -16"><span class='ocrx_word' id='word_1_580' title='bbox 2443 4090 2546 4156; x_wconf 84' lang='grc' dir='ltr'><strong>γάς</strong></span> <span class='ocrx_word' id='word_1_581' title='bbox 2575 4090 2667 4139; x_wconf 72' lang='grc' dir='ltr'><strong>καὶ</strong></span> <span class='ocrx_word' id='word_1_582' title='bbox 2697 4089 2766 4139; x_wconf 78' lang='grc' dir='ltr'>τὰ</span> <span class='ocrx_word' id='word_1_583' title='bbox 2795 4089 2859 4139; x_wconf 78' lang='grc' dir='ltr'>ἐκ</span> <span class='ocrx_word' id='word_1_584' title='bbox 2896 4086 3121 4155; x_wconf 86' lang='grc' dir='ltr'>τριόδων</span> <span class='ocrx_word' id='word_1_585' title='bbox 3187 4086 3284 4139; x_wconf 77' lang='grc' dir='ltr'>καὶ</span> <span class='ocrx_word' id='word_1_586' title='bbox 3334 4085 3748 4155; x_wconf 87' lang='grc' dir='ltr'>χαμαιτυπείων</span> <span class='ocrx_word' id='word_1_587' title='bbox 3809 4087 4013 4153; x_wconf 76' lang='grc' dir='ltr'>ἠρανι-</span> 
     </span>
    </p>
   </div>
   <div class='ocr_carea' id='block_1_85' title="bbox 2444 4176 4011 4251">
    <p class='ocr_par' dir='ltr' id='par_1_85' title="bbox 2444 4176 4011 4251">
     <span class='ocr_line' id='line_1_85' title="bbox 2444 4176 4011 4251; baseline -0.004 -18"><span class='ocrx_word' id='word_1_588' title='bbox 2444 4183 2619 4247; x_wconf 87' lang='grc' dir='ltr'>σμένα</span> <span class='ocrx_word' id='word_1_589' title='bbox 2660 4180 2882 4251; x_wconf 84' lang='grc' dir='ltr'>ᾅσματα</span> <span class='ocrx_word' id='word_1_590' title='bbox 2936 4179 3208 4232; x_wconf 88' lang='grc' dir='ltr'>τελεῖσθαι</span> <span class='ocrx_word' id='word_1_591' title='bbox 3267 4178 3527 4243; x_wconf 79' lang='grc' dir='ltr'>ἐδίδαξεν.</span> <span class='ocrx_word' id='word_1_592' title='bbox 3579 4179 3764 4240; x_wconf 73' lang='grc' dir='ltr'>Οὕτως</span> <span class='ocrx_word' id='word_1_593' title='bbox 3806 4178 3861 4229; x_wconf 81' lang='grc' dir='ltr'>δὲ</span> <span class='ocrx_word' id='word_1_594' title='bbox 3900 4176 4011 4245; x_wconf 77' lang='grc' dir='ltr'>βιο-</span> 
     </span>
    </p>
   </div>
   <div class='ocr_carea' id='block_1_86' title="bbox 2442 4272 4011 4344">
    <p class='ocr_par' dir='ltr' id='par_1_86' title="bbox 2442 4272 4011 4344">
     <span class='ocr_line' id='line_1_86' title="bbox 2442 4272 4011 4344; baseline -0.004 -17"><span class='ocrx_word' id='word_1_595' title='bbox 2442 4274 2617 4327; x_wconf 86' lang='grc' dir='ltr'>τεύων</span> <span class='ocrx_word' id='word_1_596' title='bbox 2642 4274 3013 4344; x_wconf 78' lang='grc' dir='ltr'>καταστρέφει</span> <span class='ocrx_word' id='word_1_597' title='bbox 3034 4273 3124 4326; x_wconf 86' lang='grc' dir='ltr'>τὸν</span> <span class='ocrx_word' id='word_1_598' title='bbox 3157 4273 3271 4342; x_wconf 85' lang='grc' dir='ltr'>βίον</span> <span class='ocrx_word' id='word_1_599' title='bbox 3296 4275 3353 4325; x_wconf 82' lang='grc' dir='ltr'>ὲν</span> <span class='ocrx_word' id='word_1_600' title='bbox 3394 4272 3471 4342; x_wconf 84' lang='grc' dir='ltr'>τῷ</span> <span class='ocrx_word' id='word_1_601' title='bbox 3502 4273 3749 4335; x_wconf 80' lang='grc' dir='ltr'>ἀτάκτως</span> <span class='ocrx_word' id='word_1_602' title='bbox 3782 4272 4011 4334; x_wconf 78' lang='grc' dir='ltr'>ἱππάζε-</span> 
     </span>
    </p>
   </div>
   <div class='ocr_carea' id='block_1_87' title="bbox 2446 4362 4011 4434">
    <p class='ocr_par' dir='ltr' id='par_1_87' title="bbox 2446 4362 4011 4434">
     <span class='ocr_line' id='line_1_87' title="bbox 2446 4362 4011 4434; baseline -0.006 -15"><span class='ocrx_word' id='word_1_603' title='bbox 2446 4366 2592 4428; x_wconf 90' lang='grc' dir='ltr'>σθαι,</span> <span class='ocrx_word' id='word_1_604' title='bbox 2621 4366 2676 4417; x_wconf 76' lang='grc' dir='ltr'>ἓν</span> <span class='ocrx_word' id='word_1_605' title='bbox 2700 4383 2806 4417; x_wconf 86' lang='grc' dir='ltr'>τινι</span> <span class='ocrx_word' id='word_1_606' title='bbox 2844 4366 3013 4434; x_wconf 83' lang='grc' dir='ltr'>τείχει</span> <span class='ocrx_word' id='word_1_607' title='bbox 3041 4364 3147 4416; x_wconf 87' lang='grc' dir='ltr'><strong>τῶν</strong></span> <span class='ocrx_word' id='word_1_608' title='bbox 3197 4364 3659 4433; x_wconf 81' lang='grc' dir='ltr'>παραθαλασσίων</span> <span class='ocrx_word' id='word_1_609' title='bbox 3722 4362 4011 4429; x_wconf 73' lang='grc' dir='ltr'>θραυσθεὶς</span> 
     </span>
    </p>
   </div>
   <div class='ocr_carea' id='block_1_88' title="bbox 763 4443 4012 4532">
    <p class='ocr_par' dir='ltr' id='par_1_88' title="bbox 763 4443 4012 4532">
     <span class='ocr_line' id='line_1_88' title="bbox 763 4443 4012 4532; baseline 0.003 -32"><span class='ocrx_word' id='word_1_610' title='bbox 763 4448 859 4500; x_wconf 79' lang='grc' dir='ltr'>καὶ</span> <span class='ocrx_word' id='word_1_611' title='bbox 908 4443 1047 4517; x_wconf 83' lang='grc' dir='ltr'>αἷμα</span> <span class='ocrx_word' id='word_1_612' title='bbox 1099 4449 1389 4517; x_wconf 82' lang='grc' dir='ltr'>ἀναγαγὼν</span> <span class='ocrx_word' id='word_1_613' title='bbox 1422 4450 1509 4503; x_wconf 84' lang='grc' dir='ltr'><strong>διὰ</strong></span> <span class='ocrx_word' id='word_1_614' title='bbox 1547 4452 1638 4503; x_wconf 73' lang='grc' dir='ltr'>τοῦ</span> <span class='ocrx_word' id='word_1_615' title='bbox 1692 4454 1979 4524; x_wconf 86' lang='grc' dir='ltr'>στόματος.</span> <span class='ocrx_word' id='word_1_616' title='bbox 2017 4457 2141 4510; x_wconf 70' lang='grc' dir='ltr'><strong>Ἐπὶ</strong></span> <span class='ocrx_word' id='word_1_617' title='bbox 2179 4459 2271 4514; x_wconf 90' lang='grc' dir='ltr'><strong>δύο</strong></span> <span class='ocrx_word' id='word_1_618' title='bbox 2319 4463 2364 4515; x_wconf 77' lang='grc' dir='ltr'>δ’</span> <span class='ocrx_word' id='word_1_619' title='bbox 2399 4462 2493 4532; x_wconf 78' lang='grc' dir='ltr'><strong>ἐτη</strong></span> <span class='ocrx_word' id='word_1_620' title='bbox 2550 4460 2972 4531; x_wconf 84' lang='grc' dir='ltr'>νοσηλευόμενος</span> <span class='ocrx_word' id='word_1_621' title='bbox 3027 4459 3120 4512; x_wconf 77' lang='grc' dir='ltr'>καὶ</span> <span class='ocrx_word' id='word_1_622' title='bbox 3203 4459 3375 4528; x_wconf 81' lang='grc' dir='ltr'>ὑδέρῳ</span> <span class='ocrx_word' id='word_1_623' title='bbox 3428 4458 3740 4527; x_wconf 84' lang='grc' dir='ltr'>περιπεσὼν</span> <span class='ocrx_word' id='word_1_624' title='bbox 3806 4456 4012 4510; x_wconf 75' lang='grc' dir='ltr'>ἐτελεύ-</span> 
     </span>
    </p>
   </div>
   <div class='ocr_carea' id='block_1_89' title="bbox 763 4557 915 4611">
    <p class='ocr_par' dir='ltr' id='par_1_89' title="bbox 763 4557 915 4611">
     <span class='ocr_line' id='line_1_89' title="bbox 763 4557 915 4611; baseline -0.007 -14"><span class='ocrx_word' id='word_1_625' title='bbox 763 4557 915 4611; x_wconf 75' lang='grc' dir='ltr'>τησε.</span> 
     </span>
    </p>
   </div>
   <div class='ocr_carea' id='block_1_90' title="bbox 836 4636 2577 4720">
    <p class='ocr_par' dir='ltr' id='par_1_90' title="bbox 836 4636 2577 4720">
     <span class='ocr_line' id='line_1_90' title="bbox 836 4636 2577 4720; baseline 0.007 -31"><span class='ocrx_word' id='word_1_626' title='bbox 836 4636 1035 4691; x_wconf 88' lang='lat' dir='ltr'><strong>Eadem</strong></span> <span class='ocrx_word' id='word_1_627' title='bbox 1096 4639 1415 4704; x_wconf 90' lang='lat' dir='ltr'><strong>indictione,</strong></span> <span class='ocrx_word' id='word_1_628' title='bbox 1469 4642 1624 4696; x_wconf 90' lang='lat' dir='ltr'><strong>tertia</strong></span> <span class='ocrx_word' id='word_1_629' title='bbox 1683 4644 1882 4714; x_wconf 85' lang='lat' dir='ltr'><strong>Aprilis</strong></span> <span class='ocrx_word' id='word_1_630' title='bbox 1940 4646 2056 4712; x_wconf 92' lang='lat' dir='ltr'><strong>die,</strong></span> <span class='ocrx_word' id='word_1_631' title='bbox 2110 4650 2163 4703; x_wconf 94' lang='lat' dir='ltr'><strong>in</strong></span> <span class='ocrx_word' id='word_1_632' title='bbox 2218 4652 2418 4720; x_wconf 82' lang='lat' dir='ltr'><strong>ejusD</strong></span> <span class='ocrx_word' id='word_1_633' title='bbox 2518 4650 2577 4702; x_wconf 77' lang='grc' dir='ltr'><strong>Κ‹</strong></span> 
     </span>
    </p>
   </div>
   <div class='ocr_carea' id='block_1_91' title="bbox 2270 4636 4011 4720">
    <p class='ocr_par' dir='ltr' id='par_1_91' title="bbox 2277 4642 4011 4717">
     <span class='ocr_line' id='line_1_91' title="bbox 2277 4642 4011 4717; baseline -0.01 -11"><span class='ocrx_word' id='word_1_634' title='bbox 2277 4667 2338 4706; x_wconf 92' lang='lat' dir='ltr'><strong>us</strong></span> <span class='ocrx_word' id='word_1_635' title='bbox 2368 4655 2418 4714; x_wconf 93' lang='lat' dir='ltr'><strong>D</strong></span> <span class='ocrx_word' id='word_1_636' title='bbox 2518 4648 2628 4702; x_wconf 69' lang='grc' dir='ltr'><strong>Καὶ</strong></span> <span class='ocrx_word' id='word_1_637' title='bbox 2649 4646 3032 4717; x_wconf 86' lang='grc' dir='ltr'>χειροτονεῖται</span> <span class='ocrx_word' id='word_1_638' title='bbox 3064 4643 3202 4697; x_wconf 64' lang='grc' dir='ltr'>κατὰ</span> <span class='ocrx_word' id='word_1_639' title='bbox 3235 4644 3331 4715; x_wconf 83' lang='grc' dir='ltr'>τὴν</span> <span class='ocrx_word' id='word_1_640' title='bbox 3356 4643 3546 4711; x_wconf 76' lang='grc' dir='ltr'>τρίτην</span> <span class='ocrx_word' id='word_1_641' title='bbox 3576 4642 3667 4695; x_wconf 82' lang='grc' dir='ltr'>τοῦ</span> <span class='ocrx_word' id='word_1_642' title='bbox 3701 4643 4011 4713; x_wconf 71' lang='grc' dir='ltr'>Ἀπριλλίου</span> 
     </span>
    </p>
   </div>
   <div class='ocr_carea' id='block_1_92' title="bbox 764 4728 2339 4807">
    <p class='ocr_par' dir='ltr' id='par_1_92' title="bbox 764 4728 2339 4807">
     <span class='ocr_line' id='line_1_92' title="bbox 764 4728 2339 4807; baseline 0.01 -27"><span class='ocrx_word' id='word_1_643' title='bbox 764 4728 941 4782; x_wconf 80' lang='lat' dir='ltr'><strong>locum</strong></span> <span class='ocrx_word' id='word_1_644' title='bbox 980 4729 1245 4786; x_wconf 80' lang='lat' dir='ltr'><strong>sullicitur</strong></span> <span class='ocrx_word' id='word_1_645' title='bbox 1274 4730 1607 4802; x_wconf 88' lang='lat' dir='ltr'><strong>Polyeuctus</strong></span> <span class='ocrx_word' id='word_1_646' title='bbox 1639 4736 1959 4800; x_wconf 90' lang='lat' dir='ltr'><strong>monachus,</strong></span> <span class='ocrx_word' id='word_1_647' title='bbox 1992 4737 2144 4807; x_wconf 88' lang='lat' dir='ltr'><strong>Cpoli</strong></span> <span class='ocrx_word' id='word_1_648' title='bbox 2178 4752 2339 4797; x_wconf 89' lang='lat' dir='ltr'><strong>natus</strong></span> 
     </span>
    </p>
   </div>
   <div class='ocr_carea' id='block_1_93' title="bbox 766 4821 2342 4901">
    <p class='ocr_par' dir='ltr' id='par_1_93' title="bbox 766 4821 2342 4901">
     <span class='ocr_line' id='line_1_93' title="bbox 766 4821 2342 4901; baseline 0.011 -31"><span class='ocrx_word' id='word_1_649' title='bbox 766 4831 927 4888; x_wconf 85' lang='lat' dir='ltr'><strong>atque</strong></span> <span class='ocrx_word' id='word_1_650' title='bbox 973 4821 1259 4886; x_wconf 90' lang='lat' dir='ltr'><strong>educatus,</strong></span> <span class='ocrx_word' id='word_1_651' title='bbox 1302 4831 1573 4877; x_wconf 89' lang='lat' dir='ltr'><strong>castratus</strong></span> <span class='ocrx_word' id='word_1_652' title='bbox 1611 4840 1640 4878; x_wconf 90' lang='lat' dir='ltr'><strong>a</strong></span> <span class='ocrx_word' id='word_1_653' title='bbox 1687 4826 2021 4893; x_wconf 88' lang='lat' dir='ltr'><strong>parentibus,</strong></span> <span class='ocrx_word' id='word_1_654' title='bbox 2074 4830 2342 4901; x_wconf 88' lang='lat' dir='ltr'><strong>longoque</strong></span> 
     </span>
    </p>
   </div>
   <div class='ocr_carea' id='block_1_94' title="bbox 768 4916 2341 4991">
    <p class='ocr_par' dir='ltr' id='par_1_94' title="bbox 768 4916 2341 4991">
     <span class='ocr_line' id='line_1_94' title="bbox 768 4916 2341 4991; baseline 0.008 -27"><span class='ocrx_word' id='word_1_655' title='bbox 768 4921 1009 4981; x_wconf 87' lang='lat' dir='ltr'><strong>tempore</strong></span> <span class='ocrx_word' id='word_1_656' title='bbox 1061 4916 1359 4969; x_wconf 88' lang='lat' dir='ltr'><strong>monastica</strong></span> <span class='ocrx_word' id='word_1_657' title='bbox 1408 4916 1514 4969; x_wconf 83' lang='lat' dir='ltr'><strong>vita</strong></span> <span class='ocrx_word' id='word_1_658' title='bbox 1543 4932 1665 4970; x_wconf 93' lang='lat' dir='ltr'><strong>cum</strong></span> <span class='ocrx_word' id='word_1_659' title='bbox 1698 4917 1854 4972; x_wconf 86' lang='lat' dir='ltr'><strong>laude</strong></span> <span class='ocrx_word' id='word_1_660' title='bbox 1898 4917 2137 4987; x_wconf 92' lang='lat' dir='ltr'><strong>functus,</strong></span> <span class='ocrx_word' id='word_1_661' title='bbox 2172 4924 2341 4991; x_wconf 88' lang='lat' dir='ltr'><strong>impc-</strong></span> 
     </span>
    </p>
   </div>
   <div class='ocr_carea' id='block_1_95' title="bbox 767 5008 2341 5083">
    <p class='ocr_par' dir='ltr' id='par_1_95' title="bbox 767 5008 2341 5083">
     <span class='ocr_line' id='line_1_95' title="bbox 767 5008 2341 5083; baseline 0.008 -27"><span class='ocrx_word' id='word_1_662' title='bbox 767 5013 946 5058; x_wconf 90' lang='lat' dir='ltr'><strong>ratore</strong></span> <span class='ocrx_word' id='word_1_663' title='bbox 999 5020 1123 5059; x_wconf 90' lang='lat' dir='ltr'><strong>eum</strong></span> <span class='ocrx_word' id='word_1_664' title='bbox 1180 5008 1248 5059; x_wconf 91' lang='lat' dir='ltr'><strong>ob</strong></span> <span class='ocrx_word' id='word_1_665' title='bbox 1299 5009 1620 5077; x_wconf 77' lang='lat' dir='ltr'><strong>gravitatem</strong></span> <span class='ocrx_word' id='word_1_666' title='bbox 1688 5024 1901 5063; x_wconf 90' lang='lat' dir='ltr'><strong>morum</strong></span> <span class='ocrx_word' id='word_1_667' title='bbox 1953 5020 2007 5065; x_wconf 90' lang='lat' dir='ltr'><strong>et</strong></span> <span class='ocrx_word' id='word_1_668' title='bbox 2073 5013 2341 5083; x_wconf 85' lang='lat' dir='ltr'><strong>insignem</strong></span> 
     </span>
    </p>
   </div>
   <div class='ocr_carea' id='block_1_96' title="bbox 766 5096 2341 5172">
    <p class='ocr_par' dir='ltr' id='par_1_96' title="bbox 766 5096 2341 5172">
     <span class='ocr_line' id='line_1_96' title="bbox 766 5096 2341 5172; baseline 0.008 -25"><span class='ocrx_word' id='word_1_669' title='bbox 766 5096 1087 5164; x_wconf 86' lang='lat' dir='ltr'><strong>sapientiam</strong></span> <span class='ocrx_word' id='word_1_670' title='bbox 1121 5107 1283 5167; x_wconf 89' lang='lat' dir='ltr'><strong>atque</strong></span> <span class='ocrx_word' id='word_1_671' title='bbox 1328 5101 1664 5170; x_wconf 87' lang='lat' dir='ltr'><strong>paupertatis</strong></span> <span class='ocrx_word' id='word_1_672' title='bbox 1700 5116 1861 5155; x_wconf 91' lang='lat' dir='ltr'><strong>causa</strong></span> <span class='ocrx_word' id='word_1_673' title='bbox 1895 5117 1961 5156; x_wconf 92' lang='lat' dir='ltr'><strong>eo</strong></span> <span class='ocrx_word' id='word_1_674' title='bbox 1988 5106 2341 5172; x_wconf 84' lang='lat' dir='ltr'><strong>provehente.</strong></span> 
     </span>
    </p>
   </div>
   <div class='ocr_carea' id='block_1_97' title="bbox 772 5185 2344 5263">
    <p class='ocr_par' dir='ltr' id='par_1_97' title="bbox 772 5185 2344 5263">
     <span class='ocr_line' id='line_1_97' title="bbox 772 5185 2344 5263; baseline 0.01 -25"><span class='ocrx_word' id='word_1_675' title='bbox 772 5185 908 5243; x_wconf 84' lang='lat' dir='ltr'><strong>Huic</strong></span> <span class='ocrx_word' id='word_1_676' title='bbox 955 5206 1060 5245; x_wconf 89' lang='lat' dir='ltr'><strong>non</strong></span> <span class='ocrx_word' id='word_1_677' title='bbox 1097 5189 1395 5257; x_wconf 57' lang='lat' dir='ltr'><strong>Heraclea,</strong></span> <span class='ocrx_word' id='word_1_678' title='bbox 1440 5201 1499 5247; x_wconf 87' lang='lat' dir='ltr'><strong>ut</strong></span> <span class='ocrx_word' id='word_1_679' title='bbox 1547 5208 1665 5263; x_wconf 80' lang='lat' dir='ltr'><strong>mos</strong></span> <span class='ocrx_word' id='word_1_680' title='bbox 1700 5192 1928 5259; x_wconf 89' lang='lat' dir='ltr'><strong>ferebat,</strong></span> <span class='ocrx_word' id='word_1_681' title='bbox 1986 5196 2077 5249; x_wconf 91' lang='lat' dir='ltr'><strong>sed</strong></span> <span class='ocrx_word' id='word_1_682' title='bbox 2112 5197 2344 5253; x_wconf 87' lang='lat' dir='ltr'><strong>Basilius</strong></span> 
     </span>
    </p>
   </div>
   <div class='ocr_carea' id='block_1_98' title="bbox 2448 4735 4014 4811">
    <p class='ocr_par' dir='ltr' id='par_1_98' title="bbox 2448 4735 4014 4811">
     <span class='ocr_line' id='line_1_98' title="bbox 2448 4735 4014 4811; baseline -0.004 -18"><span class='ocrx_word' id='word_1_683' title='bbox 2448 4741 2634 4811; x_wconf 76' lang='grc' dir='ltr'>μηνὸς,</span> <span class='ocrx_word' id='word_1_684' title='bbox 2671 4741 2770 4808; x_wconf 80' lang='grc' dir='ltr'>τῆς</span> <span class='ocrx_word' id='word_1_685' title='bbox 2797 4738 2966 4807; x_wconf 82' lang='grc' dir='ltr'>αὐτῆς</span> <span class='ocrx_word' id='word_1_686' title='bbox 3000 4738 3352 4799; x_wconf 87' lang='grc' dir='ltr'>ίνδικτιῶνος,</span> <span class='ocrx_word' id='word_1_687' title='bbox 3392 4736 3507 4787; x_wconf 84' lang='grc' dir='ltr'>ἀντ’</span> <span class='ocrx_word' id='word_1_688' title='bbox 3552 4735 3719 4787; x_wconf 82' lang='grc' dir='ltr'>αὑτοῦ</span> <span class='ocrx_word' id='word_1_689' title='bbox 3743 4737 4014 4806; x_wconf 80' lang='grc' dir='ltr'>πατριάρ-</span> 
     </span>
    </p>
   </div>
   <div class='ocr_carea' id='block_1_99' title="bbox 2449 4830 4012 4903">
    <p class='ocr_par' dir='ltr' id='par_1_99' title="bbox 2449 4830 4012 4903">
     <span class='ocr_line' id='line_1_99' title="bbox 2449 4830 4012 4903; baseline -0.002 -19"><span class='ocrx_word' id='word_1_690' title='bbox 2449 4851 2549 4903; x_wconf 70' lang='grc' dir='ltr'>χης</span> <span class='ocrx_word' id='word_1_691' title='bbox 2583 4831 2919 4894; x_wconf 85' lang='grc' dir='ltr'>Πολύευκτος</span> <span class='ocrx_word' id='word_1_692' title='bbox 2953 4830 3206 4899; x_wconf 85' lang='grc' dir='ltr'>μοναχὸς,</span> <span class='ocrx_word' id='word_1_693' title='bbox 3234 4830 3334 4896; x_wconf 76' lang='grc' dir='ltr'>τῆς</span> <span class='ocrx_word' id='word_1_694' title='bbox 3388 4830 4012 4889; x_wconf 81' lang='grc' dir='ltr'>Κωνσταντινουπόλεως</span> 
     </span>
    </p>
   </div>
   <div class='ocr_carea' id='block_1_100' title="bbox 2451 4921 4013 4995">
    <p class='ocr_par' dir='ltr' id='par_1_100' title="bbox 2451 4921 4013 4995">
     <span class='ocr_line' id='line_1_100' title="bbox 2451 4921 4013 4995; baseline -0.006 -16"><span class='ocrx_word' id='word_1_695' title='bbox 2451 4929 2544 4979; x_wconf 73' lang='grc' dir='ltr'>καὶ</span> <span class='ocrx_word' id='word_1_696' title='bbox 2570 4925 2790 4995; x_wconf 82' lang='grc' dir='ltr'>θρέμμα</span> <span class='ocrx_word' id='word_1_697' title='bbox 2816 4923 3099 4992; x_wconf 86' lang='grc' dir='ltr'>τυγχάνων</span> <span class='ocrx_word' id='word_1_698' title='bbox 3131 4923 3223 4974; x_wconf 71' lang='grc' dir='ltr'>καὶ</span> <span class='ocrx_word' id='word_1_699' title='bbox 3244 4923 3536 4989; x_wconf 87' lang='grc' dir='ltr'>παίδευμα,</span> <span class='ocrx_word' id='word_1_700' title='bbox 3560 4921 3665 4973; x_wconf 73' lang='grc' dir='ltr'><strong>ὑπὸ</strong></span> <span class='ocrx_word' id='word_1_701' title='bbox 3688 4923 3795 4972; x_wconf 78' lang='grc' dir='ltr'><strong>τῶν</strong></span> <span class='ocrx_word' id='word_1_702' title='bbox 3812 4921 4013 4986; x_wconf 78' lang='grc' dir='ltr'>γονέων</span> 
     </span>
    </p>
   </div>
   <div class='ocr_carea' id='block_1_101' title="bbox 2450 5012 4012 5088">
    <p class='ocr_par' dir='ltr' id='par_1_101' title="bbox 2450 5012 4012 5088">
     <span class='ocr_line' id='line_1_101' title="bbox 2450 5012 4012 5088; baseline -0.004 -18"><span class='ocrx_word' id='word_1_703' title='bbox 2450 5019 2549 5088; x_wconf 85' lang='grc' dir='ltr'>μὲν</span> <span class='ocrx_word' id='word_1_704' title='bbox 2582 5016 2969 5087; x_wconf 75' lang='grc' dir='ltr'>εὐνουχισθεὶς,</span> <span class='ocrx_word' id='word_1_705' title='bbox 3006 5016 3098 5068; x_wconf 73' lang='grc' dir='ltr'><strong>ἐπὶ</strong></span> <span class='ocrx_word' id='word_1_706' title='bbox 3126 5014 3291 5067; x_wconf 71' lang='grc' dir='ltr'>πολὺν</span> <span class='ocrx_word' id='word_1_707' title='bbox 3322 5015 3377 5066; x_wconf 79' lang='grc' dir='ltr'>δὲ</span> <span class='ocrx_word' id='word_1_708' title='bbox 3416 5015 3606 5082; x_wconf 82' lang='grc' dir='ltr'>χρόνον</span> <span class='ocrx_word' id='word_1_709' title='bbox 3636 5016 3700 5082; x_wconf 85' lang='grc' dir='ltr'>τῇ</span> <span class='ocrx_word' id='word_1_710' title='bbox 3750 5012 4012 5081; x_wconf 71' lang='grc' dir='ltr'>μοναδεκῇ</span> 
     </span>
    </p>
   </div>
   <div class='ocr_carea' id='block_1_102' title="bbox 2446 5103 4014 5182">
    <p class='ocr_par' dir='ltr' id='par_1_102' title="bbox 2446 5103 4014 5182">
     <span class='ocr_line' id='line_1_102' title="bbox 2446 5103 4014 5182; baseline -0.005 -20"><span class='ocrx_word' id='word_1_711' title='bbox 2446 5112 2693 5182; x_wconf 83' lang='grc' dir='ltr'>πολιτείᾳ</span> <span class='ocrx_word' id='word_1_712' title='bbox 2736 5110 3103 5178; x_wconf 68' lang='grc' dir='ltr'>ὲνδιαπρέψας</span> <span class='ocrx_word' id='word_1_713' title='bbox 3130 5125 3143 5139; x_wconf 74' lang='grc' dir='ltr'><strong>ο</strong></span> <span class='ocrx_word' id='word_1_714' title='bbox 3200 5108 3261 5159; x_wconf 87' lang='grc' dir='ltr'>ὃν</span> <span class='ocrx_word' id='word_1_715' title='bbox 3306 5108 3336 5158; x_wconf 88' lang='grc' dir='ltr'><strong>ό</strong></span> <span class='ocrx_word' id='word_1_716' title='bbox 3374 5105 3624 5175; x_wconf 71' lang='grc' dir='ltr'>βασιλεὺς</span> <span class='ocrx_word' id='word_1_717' title='bbox 3680 5106 3765 5157; x_wconf 70' lang='grc' dir='ltr'>διὰ</span> <span class='ocrx_word' id='word_1_718' title='bbox 3811 5105 3870 5155; x_wconf 79' lang='grc' dir='ltr'>τὸ</span> <span class='ocrx_word' id='word_1_719' title='bbox 3923 5103 4014 5155; x_wconf 69' lang='grc' dir='ltr'>τοῦ</span> 
     </span>
    </p>
   </div>
   <div class='ocr_carea' id='block_1_103' title="bbox 2450 5194 4015 5271">
    <p class='ocr_par' dir='ltr' id='par_1_103' title="bbox 2450 5194 4015 5271">
     <span class='ocr_line' id='line_1_103' title="bbox 2450 5194 4015 5271; baseline -0.007 -16"><span class='ocrx_word' id='word_1_720' title='bbox 2450 5203 2613 5271; x_wconf 67' lang='grc' dir='ltr'>ἤθους</span> <span class='ocrx_word' id='word_1_721' title='bbox 2647 5203 2840 5271; x_wconf 61' lang='grc' dir='ltr'>σεμνὸν</span> <span class='ocrx_word' id='word_1_722' title='bbox 2872 5204 2966 5254; x_wconf 74' lang='grc' dir='ltr'>καὶ</span> <span class='ocrx_word' id='word_1_723' title='bbox 2991 5201 3053 5270; x_wconf 64' lang='grc' dir='ltr'>τρ</span> <span class='ocrx_word' id='word_1_724' title='bbox 3082 5202 3178 5271; x_wconf 82' lang='grc' dir='ltr'>τῆς</span> <span class='ocrx_word' id='word_1_725' title='bbox 3210 5199 3401 5265; x_wconf 68' lang='grc' dir='ltr'>σοφίας</span> <span class='ocrx_word' id='word_1_726' title='bbox 3428 5197 3765 5267; x_wconf 78' lang='grc' dir='ltr'>ὑπερϐάλλον</span> <span class='ocrx_word' id='word_1_727' title='bbox 3799 5197 3891 5247; x_wconf 64' lang='grc' dir='ltr'>καὶ</span> <span class='ocrx_word' id='word_1_728' title='bbox 3916 5194 4015 5263; x_wconf 73' lang='grc' dir='ltr'><strong>τὴν</strong></span> 
     </span>
    </p>
   </div>
   <div class='ocr_carea' id='block_1_104' title="bbox 1912 5350 2908 5416">
    <p class='ocr_par' dir='ltr' id='par_1_104' title="bbox 1912 5350 2908 5416">
     <span class='ocr_line' id='line_1_104' title="bbox 1912 5350 2908 5416; baseline 0.009 -12"><span class='ocrx_word' id='word_1_729' title='bbox 1912 5350 2263 5407; x_wconf 78' lang='lat' dir='ltr'><strong>XYLANDRI</strong></span> <span class='ocrx_word' id='word_1_730' title='bbox 2303 5359 2389 5412; x_wconf 83' lang='lat' dir='ltr'><strong>ET</strong></span> <span class='ocrx_word' id='word_1_731' title='bbox 2429 5359 2636 5416; x_wconf 69' lang='lat' dir='ltr'><strong>GOAIll</strong></span> <span class='ocrx_word' id='word_1_732' title='bbox 2680 5360 2908 5416; x_wconf 68' lang='lat' dir='ltr'><strong>NOT/E.</strong></span> 
     </span>
    </p>
   </div>
   <div class='ocr_carea' id='block_1_105' title="bbox 842 5457 2337 5533">
    <p class='ocr_par' dir='ltr' id='par_1_105' title="bbox 842 5457 2337 5533">
     <span class='ocr_line' id='line_1_105' title="bbox 842 5457 2337 5533; baseline 0.007 -22"><span class='ocrx_word' id='word_1_733' title='bbox 842 5457 952 5533; x_wconf 69' lang='grc'>(96)</span> <span class='ocrx_word' id='word_1_734' title='bbox 990 5458 1139 5513; x_wconf 72' lang='lat' dir='ltr'><strong>V’idlt</strong></span> <span class='ocrx_word' id='word_1_735' title='bbox 1164 5461 1214 5533; x_wconf 88' lang='lat' dir='ltr'><strong>in</strong></span> <span class='ocrx_word' id='word_1_736' title='bbox 1252 5461 1449 5516; x_wconf 87' lang='lat' dir='ltr'><strong>Lexico</strong></span> <span class='ocrx_word' id='word_1_737' title='bbox 1469 5461 1741 5533; x_wconf 78' lang='lat' dir='ltr'><strong>Xylander</strong></span> <span class='ocrx_word' id='word_1_738' title='bbox 1770 5464 1964 5526; x_wconf 89' lang='grc' dir='ltr'>κῶνον,</span> <span class='ocrx_word' id='word_1_739' title='bbox 1984 5480 2120 5517; x_wconf 63' lang='lat' dir='ltr'><strong>arere</strong></span> <span class='ocrx_word' id='word_1_740' title='bbox 2146 5478 2337 5522; x_wconf 82' lang='lat' dir='ltr'><strong>metam</strong></span> 
     </span>
    </p>
   </div>
   <div class='ocr_carea' id='block_1_106' title="bbox 771 5530 2338 5610">
    <p class='ocr_par' dir='ltr' id='par_1_106' title="bbox 771 5530 2338 5610">
     <span class='ocr_line' id='line_1_106' title="bbox 771 5530 2338 5610; baseline 0.007 -31"><span class='ocrx_word' id='word_1_741' title='bbox 771 5539 834 5610; x_wconf 60' lang='lat' dir='ltr'><strong>et</strong></span> <span class='ocrx_word' id='word_1_742' title='bbox 862 5530 1113 5610; x_wconf 57' lang='lat' dir='ltr'><strong>plrimum</strong></span> <span class='ocrx_word' id='word_1_743' title='bbox 1166 5531 1392 5610; x_wconf 67' lang='lat' dir='ltr'><strong>fructum</strong></span> <span class='ocrx_word' id='word_1_744' title='bbox 1445 5530 1786 5610; x_wconf 66' lang='lat' dir='ltr'><strong>significare;</strong></span> <span class='ocrx_word' id='word_1_745' title='bbox 1832 5535 2106 5610; x_wconf 71' lang='lat' dir='ltr'><strong>palearum</strong></span> <span class='ocrx_word' id='word_1_746' title='bbox 2133 5549 2338 5610; x_wconf 68' lang='lat' dir='ltr'><strong>metam</strong></span> 
     </span>
    </p>
   </div>
   <div class='ocr_carea' id='block_1_107' title="bbox 772 5598 2340 5671">
    <p class='ocr_par' dir='ltr' id='par_1_107' title="bbox 772 5598 2340 5671">
     <span class='ocr_line' id='line_1_107' title="bbox 772 5598 2340 5671; baseline 0.007 -23"><span class='ocrx_word' id='word_1_747' title='bbox 772 5599 871 5671; x_wconf 86' lang='lat' dir='ltr'><strong>s_ihi</strong></span> <span class='ocrx_word' id='word_1_748' title='bbox 900 5598 1080 5671; x_wconf 78' lang='lat' dir='ltr'><strong>elegit,</strong></span> <span class='ocrx_word' id='word_1_749' title='bbox 1128 5598 1377 5667; x_wconf 87' lang='lat' dir='ltr'><strong>pinurum</strong></span> <span class='ocrx_word' id='word_1_750' title='bbox 1424 5598 1553 5655; x_wconf 68' lang='lat' dir='ltr'><strong>vero</strong></span> <span class='ocrx_word' id='word_1_751' title='bbox 1596 5602 1804 5655; x_wconf 88' lang='lat' dir='ltr'><strong>fructus</strong></span> <span class='ocrx_word' id='word_1_752' title='bbox 1834 5598 2085 5671; x_wconf 83' lang='lat' dir='ltr'><strong>permisit</strong></span> <span class='ocrx_word' id='word_1_753' title='bbox 2133 5606 2340 5661; x_wconf 77' lang='lat' dir='ltr'><strong>inscius</strong></span> 
     </span>
    </p>
   </div>
   <div class='ocr_carea' id='block_1_108' title="bbox 778 5668 1585 5741">
    <p class='ocr_par' dir='ltr' id='par_1_108' title="bbox 778 5668 1585 5741">
     <span class='ocr_line' id='line_1_108' title="bbox 778 5668 1585 5741; baseline 0.012 -25"><span class='ocrx_word' id='word_1_754' title='bbox 778 5668 1169 5741; x_wconf 70' lang='lat' dir='ltr'><strong>Theophylacti</strong></span> <span class='ocrx_word' id='word_1_755' title='bbox 1204 5672 1380 5741; x_wconf 89' lang='lat' dir='ltr'><strong>equis.</strong></span> <span class='ocrx_word' id='word_1_756' title='bbox 1415 5673 1585 5726; x_wconf 67' lang='lat' dir='ltr'><strong>Goan.</strong></span> 
     </span>
    </p>
   </div>
   <div class='ocr_carea' id='block_1_109' title="bbox 777 5728 2337 5861">
    <p class='ocr_par' dir='ltr' id='par_1_109' title="bbox 777 5728 2337 5861">
     <span class='ocr_line' id='line_1_109' title="bbox 777 5728 2337 5861; baseline 0.004 -68"><span class='ocrx_word' id='word_1_757' title='bbox 777 5806 806 5858; x_wconf 45' lang='grc' dir='ltr'><strong>ι</strong></span> <span class='ocrx_word' id='word_1_758' title='bbox 845 5728 1137 5861; x_wconf 64' lang='grc' dir='ltr'><strong>(9Ἰ’)οᾹ1ἱθε</strong></span> <span class='ocrx_word' id='word_1_759' title='bbox 1163 5728 1531 5812; x_wconf 73' lang='grc' dir='ltr'>λεπτοκαρύα,</span> <span class='ocrx_word' id='word_1_760' title='bbox 1573 5756 1742 5797; x_wconf 87' lang='lat' dir='ltr'><strong>nuces</strong></span> <span class='ocrx_word' id='word_1_761' title='bbox 1778 5740 2018 5797; x_wconf 66' lang='lat' dir='ltr'><strong>Ponticae</strong></span> <span class='ocrx_word' id='word_1_762' title='bbox 2055 5758 2150 5798; x_wconf 85' lang='lat' dir='ltr'><strong>seu</strong></span> <span class='ocrx_word' id='word_1_763' title='bbox 2188 5748 2337 5801; x_wconf 73' lang='lat' dir='ltr'><strong>avel-</strong></span> 
     </span>
     <span class='ocr_line' id='line_1_110' title="bbox 796 5820 1127 5861; baseline 0.018 -5"><span class='ocrx_word' id='word_1_764' title='bbox 796 5820 928 5859; x_wconf 60' lang='grc' dir='ltr'>τηρεε.</span> <span class='ocrx_word' id='word_1_765' title='bbox 1009 5826 1127 5861; x_wconf 68' lang='lat' dir='ltr'><strong>oan.</strong></span> 
     </span>
    </p>
   </div>
   <div class='ocr_carea' id='block_1_110' title="bbox 796 5820 1127 5863">
    <p class='ocr_par' dir='ltr' id='par_1_110' title="bbox 796 5820 1127 5863">
     <span class='ocr_line' id='line_1_111' title="bbox 796 5820 1127 5863; baseline 0.012 -5"><span class='ocrx_word' id='word_1_766' title='bbox 796 5820 928 5859; x_wconf 58' lang='lat' dir='ltr'><strong>{illa}.</strong></span> <span class='ocrx_word' id='word_1_767' title='bbox 962 5820 1127 5863; x_wconf 70' lang='lat' dir='ltr'><strong>UUAIl.</strong></span> 
     </span>
    </p>
   </div>
   <div class='ocr_carea' id='block_1_111' title="bbox 2516 5471 4010 5541">
    <p class='ocr_par' dir='ltr' id='par_1_111' title="bbox 2516 5471 4010 5541">
     <span class='ocr_line' id='line_1_112' title="bbox 2516 5471 4010 5541; baseline 0.003 -16"><span class='ocrx_word' id='word_1_768' title='bbox 2516 5472 2626 5537; x_wconf 83' lang='lat'><strong>(98)</strong></span> <span class='ocrx_word' id='word_1_769' title='bbox 2661 5472 2909 5526; x_wconf 59' lang='lat' dir='ltr'><strong>Praeterit</strong></span> <span class='ocrx_word' id='word_1_770' title='bbox 2944 5472 3089 5525; x_wconf 90' lang='lat' dir='ltr'><strong>hunc</strong></span> <span class='ocrx_word' id='word_1_771' title='bbox 3138 5471 3421 5524; x_wconf 77' lang='lat' dir='ltr'><strong>ofﬁcialem</strong></span> <span class='ocrx_word' id='word_1_772' title='bbox 3456 5473 3735 5541; x_wconf 85' lang='lat' dir='ltr'><strong>catalogus</strong></span> <span class='ocrx_word' id='word_1_773' title='bbox 3769 5473 3962 5528; x_wconf 88' lang='lat' dir='ltr'><strong>Codini</strong></span> <span class='ocrx_word' id='word_1_774' title='bbox 3998 5518 4010 5530; x_wconf 93' lang='lat'><strong>.</strong></span> 
     </span>
    </p>
   </div>
   <div class='ocr_carea' id='block_1_112' title="bbox 2443 5543 4015 5611">
    <p class='ocr_par' dir='ltr' id='par_1_112' title="bbox 2443 5543 4015 5611">
     <span class='ocr_line' id='line_1_113' title="bbox 2443 5543 4015 5611; baseline 0.001 -16"><span class='ocrx_word' id='word_1_775' title='bbox 2443 5545 2718 5611; x_wconf 87' lang='lat' dir='ltr'><strong>geminum</strong></span> <span class='ocrx_word' id='word_1_776' title='bbox 2748 5543 3106 5595; x_wconf 89' lang='lat' dir='ltr'><strong>domesticum</strong></span> <span class='ocrx_word' id='word_1_777' title='bbox 3141 5552 3327 5595; x_wconf 85' lang='lat' dir='ltr'><strong>uoster</strong></span> <span class='ocrx_word' id='word_1_778' title='bbox 3350 5543 3568 5595; x_wconf 82' lang='lat' dir='ltr'><strong>exhibet</strong></span> <span class='ocrx_word' id='word_1_779' title='bbox 3598 5544 3690 5594; x_wconf 73' lang='grc' dir='ltr'>τοῦ</span> <span class='ocrx_word' id='word_1_780' title='bbox 3721 5544 3895 5605; x_wconf 79' lang='grc' dir='ltr'>δεξιοῦ</span> <span class='ocrx_word' id='word_1_781' title='bbox 3924 5547 4015 5596; x_wconf 80' lang='grc' dir='ltr'>καί</span> 
     </span>
    </p>
   </div>
   <div class='ocr_carea' id='block_1_113' title="bbox 2443 5612 4015 5680">
    <p class='ocr_par' dir='ltr' id='par_1_113' title="bbox 2443 5612 4015 5680">
     <span class='ocr_line' id='line_1_114' title="bbox 2443 5612 4015 5680; baseline 0.001 -17"><span class='ocrx_word' id='word_1_782' title='bbox 2443 5612 2537 5663; x_wconf 68' lang='grc' dir='ltr'>τοῦ</span> <span class='ocrx_word' id='word_1_783' title='bbox 2594 5614 2875 5675; x_wconf 65' lang='grc' dir='ltr'>εὐωνύμου</span> <span class='ocrx_word' id='word_1_784' title='bbox 2928 5613 3126 5680; x_wconf 74' lang='grc' dir='ltr'>χοροῦ.</span> <span class='ocrx_word' id='word_1_785' title='bbox 3189 5613 3503 5680; x_wconf 77' lang='lat' dir='ltr'><strong>primarium</strong></span> <span class='ocrx_word' id='word_1_786' title='bbox 3553 5613 3806 5666; x_wconf 74' lang='lat' dir='ltr'><strong>videlicet</strong></span> <span class='ocrx_word' id='word_1_787' title='bbox 3847 5616 4015 5665; x_wconf 67' lang='lat' dir='ltr'><strong>dextri</strong></span> 
     </span>
    </p>
   </div>
   <div class='ocr_carea' id='block_1_114' title="bbox 2442 5682 4015 5752">
    <p class='ocr_par' dir='ltr' id='par_1_114' title="bbox 2442 5682 4015 5752">
     <span class='ocr_line' id='line_1_115' title="bbox 2442 5682 4015 5752; baseline 0.001 -20"><span class='ocrx_word' id='word_1_788' title='bbox 2442 5683 2743 5752; x_wconf 71' lang='lat' dir='ltr'><strong>sinistrique</strong></span> <span class='ocrx_word' id='word_1_789' title='bbox 2775 5683 2917 5735; x_wconf 83' lang='lat' dir='ltr'><strong>chori</strong></span> <span class='ocrx_word' id='word_1_790' title='bbox 2954 5694 3240 5746; x_wconf 72' lang='lat' dir='ltr'><strong>amtorem,</strong></span> <span class='ocrx_word' id='word_1_791' title='bbox 3275 5682 3473 5750; x_wconf 79' lang='lat' dir='ltr'><strong>quibus</strong></span> <span class='ocrx_word' id='word_1_792' title='bbox 3498 5682 3634 5735; x_wconf 84' lang='lat' dir='ltr'><strong>alius</strong></span> <span class='ocrx_word' id='word_1_793' title='bbox 3666 5684 3771 5735; x_wconf 84' lang='grc' dir='ltr'><strong>τῶν</strong></span> <span class='ocrx_word' id='word_1_794' title='bbox 3794 5685 4015 5752; x_wconf 54' lang='lat' dir='ltr'><strong>cpi/.76”</strong></span> 
     </span>
    </p>
   </div>
   <div class='ocr_carea' id='block_1_115' title="bbox 2442 5751 4016 5824">
    <p class='ocr_par' dir='ltr' id='par_1_115' title="bbox 2442 5751 4016 5824">
     <span class='ocr_line' id='line_1_116' title="bbox 2442 5751 4016 5824; baseline 0.003 -23"><span class='ocrx_word' id='word_1_795' title='bbox 2442 5751 2759 5824; x_wconf 68' lang='grc' dir='ltr'>δομεστικος</span> <span class='ocrx_word' id='word_1_796' title='bbox 2794 5753 3145 5824; x_wconf 67' lang='lat' dir='ltr'><strong>praeponitur,</strong></span> <span class='ocrx_word' id='word_1_797' title='bbox 3177 5753 3431 5807; x_wconf 85' lang='lat' dir='ltr'><strong>omnibus</strong></span> <span class='ocrx_word' id='word_1_798' title='bbox 3458 5751 3873 5824; x_wconf 58' lang='grc' dir='ltr'>πρωτοςκάλτης.</span> <span class='ocrx_word' id='word_1_799' title='bbox 3909 5753 4016 5806; x_wconf 88' lang='lat' dir='ltr'><strong>Eu-</strong></span> 
     </span>
    </p>
   </div>
   <div class='ocr_carea' id='block_1_116' title="bbox 2445 5821 2976 5893">
    <p class='ocr_par' dir='ltr' id='par_1_116' title="bbox 2445 5821 2976 5893">
     <span class='ocr_line' id='line_1_117' title="bbox 2445 5821 2976 5893; baseline 0.002 -19"><span class='ocrx_word' id='word_1_800' title='bbox 2445 5821 2772 5893; x_wconf 77' lang='lat' dir='ltr'><strong>chologium.</strong></span> <span class='ocrx_word' id='word_1_801' title='bbox 2810 5821 2976 5875; x_wconf 69' lang='lat' dir='ltr'><strong>Goan.</strong></span> 
     </span>
    </p>
   </div>
  </div>
