4410 6452
361 421 435 485 ει]
1414 391 1954 457 HISTORIARUM
1995 386 2530 451 COMPENDIUM.
3543 388 3618 456 7O

369 531 747 602 τικτηειοσύνην
777 524 1073 597 χειροτονεῖ
1123 516 1493 586 πατριάρχην,
1521 517 1579 567 οὐ
1615 514 1706 566 τοῦ
1749 513 1913 580 Ἡρα-
1949 512 1992 568 Α
2019 505 2107 562 Ca:

1863 531 1913 564 ι-
1949 512 1992 568 Α
2019 505 2277 562 Caesarea:
2307 505 2596 574 cpiscopus
2628 515 2820 556 manus
2845 501 3124 572 imposuit,
3155 501 3300 573 quod
3337 499 3604 572 Nicepho-

374 627 571 688 θείας,
607 625 686 685 ὼς
727 620 870 680 ἔθος,
894 617 1026 670 ἀλλὰ
1047 613 1140 667 τοῦ
1173 608 1509 679 Καισαρείας
1538 605 1822 658 Βασιλείου
1841 607 1938 676 τὴν

370 716 704 786 χειροθεσὲαν
752 705 1192 780 πεπληρωκότος.
1233 701 1546 770 Νικηφόρος
1594 697 1730 764 γὰρ,
1772 699 1800 749 ὁ
1842 699 1937 767 τῆς

384 803 709 875 Ἡρακλείας
748 800 1032 869 πρόεδρος,
1068 793 1146 863 τῷ
1195 792 1407 862 βασιλεῖ
1446 789 1588 843 κατά
1623 805 1675 840 τι
1706 805 1939 858 προσκε-

371 895 616 963 κρουκὼς
638 894 696 944 ού
723 885 1074 959 συνεχωρήθη
1099 886 1196 953 τὴν
1221 879 1562 954 χειροθεσίαν
1585 880 1934 949 ποιήσασθαι.

371 990 469 1040 “no
482 1008 537 1039 εν
563 987 654 1038 καὶ
684 986 847 1055 ψόγος
875 980 975 1048 οὑχ
1002 978 1030 1030 ὁ
1057 975 1238 1048 τυχὼν
1260 973 1594 1045 προσετρίϐη
1621 973 1681 1026 ού
1701 973 1778 1040 τῷ
1807 988 1936 1041 προ-

369 1081 630 1150 apidani
698 1078 856 1145 μόνον
884 1070 977 1123 καὶ
1025 1070 1100 1139 τῷ
1149 1065 1616 1138 χειροοετήσαντι,
1668 1063 1803 1117 ἀλλὰ
1847 1064 1940 1115 καὶ

372 1171 520 1241 αὑτῷ
553 1170 627 1240 τῷ
655 1163 1089 1237 χειροτονηθέντι
1113 1159 1188 1220 ὡς
1212 1156 1633 1226 καταδεξαμένῳ
1678 1156 1776 1222 τὴν
1800 1154 1938 1207 ἀκα-

371 1266 612 1316 νόνιστον
695 1257 900 1326 ταύτην
979 1249 1344 1322 χειροθεσίαν.
1421 1244 1834 1318 Χειροτονηοεὶς
1894 1244 1938 1296 δ’

369 1359 518 1425 ὅμως
553 1352 647 1404 καὶ
691 1343 1214 1418 παρρησιασάμενος
1272 1340 1372 1409 τὴν
1408 1339 1672 1407 ἀλήθειαν
1741 1336 1940 1405 πολλὴν

370 1443 718 1512 καταδρομὴν
746 1437 980 1491 ἐποιεῖτο
1023 1434 1120 1502 τῆς
1172 1430 1486 1492 πλεονεξίας
1517 1427 1624 1480 τῶν
1657 1425 1941 1494 συγγενῶν

369 1532 464 1584 τοῦ
501 1530 804 1600 πρεσϐύτου
847 1523 1151 1591 Ῥωςιανοῦ,
1178 1521 1263 1592 [Ρ.
1302 1516 1428 1590 6-50]
1477 1519 1578 1571 κάν
1615 1517 1692 1586 τῷ
1719 1515 1941 1586 μεγάλῳ

367 1625 631 1692 Σαϐϐάτῳ
678 1620 770 1673 τὸν
802 1618 1027 1688 βασιλέα
1075 1619 1154 1678 είς
1179 1615 1276 1681 τὴν
1304 1613 1560 1681 Μεγάλην
1614 1609 1940 1678 Ἐκκλησίαν

370 1717 591 1767 ἐλθόντα
633 1713 794 1778 ἐνῆγε
831 1711 968 1781 πρὸς
991 1707 1217 1776 τὴντῶν
1244 1705 1597 1774 πραχθέντων
1638 1703 1936 1772 ἐκδίκησιν.

371 1806 546 1871 Ὅπερ
567 1805 662 1871 οὐχ
689 1803 860 1872 ἡδέως
887 1795 1043 1860 οὗτος
1077 1796 1315 1859 ἐδέξατο.
1345 1794 1510 1847 Ἀλλά
1532 1795 1624 1847 καὶ
1658 1793 1938 1851 Βασίλειος

2042 615 2134 654 rus
2164 599 2290 664 (hoc
2317 598 2456 650 enim
2511 610 2708 650 nomen
2742 594 3012 650 Heracleae
3039 595 3252 665 praesuli
3283 591 3452 662 erat),
3487 595 3612 663 quia

2041 693 2094 744 in
2129 691 2360 757 quadam
2396 705 2453 743 rc
2488 690 2729 742 animum
2756 687 3101 756 imperatoris
3131 687 3476 750 offendisset,
3502 702 3614 741 non

2039 780 2320 834 sinebatur
2369 795 2561 833 manus
2609 780 2913 848 imponere.
2963 776 3093 842 Quae
3135 794 3222 832 res
3256 779 3614 848 vituperatio-

2041 887 2162 923 nem
2193 870 2335 923 haud
2363 873 2638 940 vulgarem
2681 870 2912 940 paravit,
2953 884 3061 922 non
3109 869 3421 938 imperatori
3455 871 3616 925 modo

2041 970 2094 1013 et
2147 959 2366 1021 Basilio,
2424 959 2516 1012 sed
2584 968 2639 1012 et
2693 960 2791 1028 ipsi
2841 957 3160 1030 Polyeucto,
3216 959 3362 1029 quod
3427 972 3616 1016 contra

2041 1069 2226 1108 sacros
2257 1066 2502 1106 canones
2535 1064 2594 1104 se
2623 1050 2862 1104 ordinari
2893 1067 3086 1120 passus
3117 1061 3276 1107 esset.
3312 1052 3410 1107 Hic
3437 1061 3616 1107 tamen

2041 1148 2112 1202 ita
2150 1145 2484 1214 designatus,
2543 1143 2829 1196 veritatem
2879 1142 3048 1198 libere
3094 1145 3394 1215 professus,
3430 1145 3616 1201 multis

2044 1240 2293 1293 invectus
2365 1244 2450 1289 est
2533 1235 2587 1288 in
2641 1233 2925 1288 avaritiam
2983 1247 3332 1305 cognatorum
3385 1236 3620 1292 Romani

2041 1331 2208 1386 senis.
2229 1330 2294 1383 Et
2327 1329 2379 1381 iu
2407 1342 2601 1398 magno
2617 1326 2854 1381 Sabbalo
2877 1329 3327 1396 imperatoremin
3361 1346 3614 1402 magnum

2043 1419 2302 1488 templum
2333 1417 2636 1471 venientem
2661 1417 2726 1470 ad
2753 1416 3020 1485 judicium
3048 1431 3238 1470 eorum
3263 1433 3382 1486 quae
3403 1419 3618 1473 fuerant

2043 1519 2161 1563 acta
2218 1506 2582 1562 exercendum
2642 1503 2894 1558 hortatus
2953 1512 3057 1557 est.
3118 1503 3238 1558 Non
3273 1512 3486 1568 gratum
3515 1505 3619 1560 hoc

2042 1600 2356 1670 imperatori
2382 1598 2503 1651 fuit.
2546 1596 2651 1650 Sed
2682 1607 2738 1650 ct
2770 1596 3020 1660 Basilius,
3051 1597 3141 1665 qui
3169 1596 3368 1651 deinde
3394 1596 3618 1652 intimus

2043 1688 2413 1744 cubicularius
2453 1687 2630 1741 factus
2687 1694 2790 1750 est,
2850 1686 3000 1741 senis
3043 1687 3276 1740 Romani
3335 1703 3402 1742 ex
3461 1704 3615 1744 serva

2046 1783 2208 1843 filius,
2264 1797 2360 1851 per
2405 1796 2648 1836 sororem
2693 1795 2845 1834 suam
2898 1780 3158 1836 Helenam
3211 1778 3510 1852 Augustam
3545 1781 3617 1834 ita

368 1900 392 1945 1'-
436 1863 574 1962 μετὰ
603 1863 778 1947 ταῦτα
830 1888 1348 1960 παρακοιμὼμενος,
1392 1887 1419 1938 ὁ
1448 1885 1556 1939 ἀπὸ
1591 1883 1785 1951 δούλης
1818 1898 1938 1949 τεχ-
1968 1863 2014 1922 Β
2042 1873 2109 1929 Cc

1880 1899 1938 1949 χ-
1968 1863 2014 1922 Β
2042 1873 2384 1929 Constantini
2419 1873 2661 1926 animum
2696 1872 2899 1936 affecit,
2923 1882 2983 1926 ut
3005 1888 3113 1927 non
3136 1871 3296 1942 335
3316 1873 3478 1928 modo
3494 1888 3615 1926 eum

367 1988 479 2048 θεὶς
537 1986 612 2052 τῷ
674 1981 954 2053 πρεσϐύτῃ
996 1979 1282 2050 Ῥωμανῴ,
1337 1978 1559 2044 Ἑλένην
1625 1975 1724 2042 τὴν
1770 1973 1935 2028 αὑτοῦ

367 2076 600 2142 ἀδελφὴν
632 2077 725 2127 καὶ
755 2075 1042 2127 δέσποιναν
1071 2067 1572 2138 ὑποποιησάμενος,
1600 2066 1742 2118 οὕτω
1794 2081 1937 2134 παρ-

364 2165 633 2218 εσκεύασε
667 2167 761 2219 καὶ
785 2165 1000 2231 διέθηκε
1041 2161 1132 2212 τὸν
1164 2161 1602 2220 Κωνσταντῖνον,
1636 2158 1710 2226 μὴ
1767 2173 1934 2225 μετα-

362 2256 653 2320 γινώσκειν
677 2257 835 2323 μόνον
854 2255 946 2306 ἐπὶ
961 2255 1025 2321 τῇ
1044 2251 1136 2304 τοῦ
1161 2251 1500 2321 πατριάρχου
1521 2247 1780 2320 προϐολῇ,
1800 2243 1940 2299 ἀλλὰ

2045 1966 2110 2020 ad
2132 1964 2554 2034 patriarehatum
2570 1962 2918 2031 Polyeuctum
2944 1964 3285 2032 promovisse
3306 1963 3619 2032 poenitet-et,

2045 2058 2138 2112 sed
2161 2065 2215 2110 et
2247 2056 2313 2109 de
2356 2070 2422 2109 eo
2472 2070 2568 2124 per
2605 2054 2950 2109 occasionem
2999 2054 3304 2124 dejiciendo
3332 2057 3616 2126 cogitaret.

2044 2149 2111 2204 Et
2138 2149 2202 2201 ad
2235 2162 2352 2201 eam
2391 2162 2503 2200 rem
2555 2146 2924 2210 suffundebat,
2980 2147 3122 2216 quod
3159 2147 3333 2210 aiunt,
3372 2147 3615 2218 frigidam

2048 2237 2370 2291 Theodorus
2397 2230 2572 2306 Cyzici
2600 2238 2910 2306 episcopus.

363 2352 457 2402 καί
488 2350 668 2415 ζητεῖν
709 2346 963 2416 ἀφορμὴν
1016 2346 1132 2408 πῶς
1180 2346 1246 2399 ἂν
1291 2345 1451 2399 αὑτὸν
1486 2341 1794 2409 καταγάγοι
1833 2335 1930 2392 τοῦ
1970 2332 2181 2407 θρόνου,
2213 2330 2383 2386 πολλὰ
2412 2331 2507 2385 καὶ
2533 2331 2810 2402 Θεοδώρου
2838 2331 2934 2383 τοῦ
2999 2331 3240 2393 Κυζίκου
3288 2329 3408 2384 κατ’
3453 2332 3619 2387 αὑτοῦ

361 2444 753 2512 διερεθίζοντος
776 2441 989 2493 τοῦτον.

442 2535 662 2599 Ὠσπερ
692 2532 749 2583 δὲ
782 2531 877 2583 τοῦ
897 2531 1088 2602 χρόνου
1121 2531 1618 2602 φιλοτιμησαμένου
1637 2530 1778 2583 κατὰ
1804 2545 1936 2581 ταυ-

364 2623 458 2673 τὶν
485 2621 882 2691 ὁμογνώμονας
907 2622 1284 2686 ἐπιδείξασθαι
1330 2621 1698 2692 πατριάρχας,
1726 2620 1821 2673 καὶ
1841 2620 1938 2689 τὴν

361 2715 474 2766 τῶν
505 2716 776 2784 ἐσπερίων
808 2715 1091 2783 Ῥωμαίων
1124 2713 1569 2784 (99)Ἐκκλησίαν
1601 2709 1795 2765 ιόὀνειν
1816 2711 1935 2764 ἐλα-

362 2824 459 2873 χεν
495 2807 749 2876 Ἰωάννης
775 2807 803 2859 ὁ
838 2805 933 2858 τοῦ
977 2805 1296 2873 Ἀλϐερίχου
1325 2803 1441 2865 υίὸς
1475 2804 1572 2871 (1),
1599 2802 1733 2872 πρὸς
1759 2805 1939 2856 πᾶσαν

361 2899 651 2964 ἀσέλγειαν
681 2898 774 2951 καὶ
803 2897 1000 2950 κακίαν
1019 2895 1278 2966 ὑπάρχων
1294 2896 1486 2964 ἐπιρρε
1499 2894 1610 2964 πής
1631 2910 1646 2925 ο
1679 2893 1737 2945 ὃν
1763 2895 1939 2956 Ὠτως

363 2994 391 3039 ὁ
415 2989 526 3040 τῶν
557 2988 824 3057 ψράγγων
850 2985 1103 3055 βασιλεὺς
1136 2985 1418 3048 ἀπελάσας
1489 2984 1676 3055 ἕτερον
1720 2985 1934 3038 ἀντεισ-

363 3083 541 3147 ήγαγε
567 3080 634 3146 τῇ
656 3077 954 3146 Ἐκκλησία
987 3074 1239 3144 ποιμένα.

450 3169 510 3220 Ὀ
537 3167 592 3219 δὲ
625 3167 956 3229 Πολύευκτος
985 3164 1062 3234 τῷ
1093 3165 1297 3235 πρώτῳ
1320 3165 1420 3228 τῆς
1472 3165 1742 3234 ἱερατείας
1771 3163 1936 3215 αὑτοῦ

362 3254 544 3321 χρόνῳ
568 3255 678 3314 τοῖς
709 3253 874 3322 ἱεροῖς
918 3252 1137 3316 ὲνέταξε
1180 3253 1460 3320 διπτύχοις
1523 3252 1796 3322 Εὑθυμίου
1843 3251 1935 3305 τοῦ

363 3344 710 3412 πατριάρχου
752 3345 811 3394 τὸ
836 3344 1031 3410 ὄνομα,
1066 3341 1159 3395 τοῦ
1191 3342 1282 3394 τὸν
1305 3342 1534 3412 βασιλέα
1560 3344 1766 3398 Λέοντα
1784 3344 1937 3409 δεξα-
1961 3326 2003 3385 c

359 3434 530 3500 μένου
562 3435 640 3494 είς
672 3433 980 3497 κοινωνίαν,
1007 3432 1244 3503 ὁπηνίκα
1273 3434 1372 3502 τὴν
1397 3434 1664 3503 τετάρτην
1697 3435 1936 3503 ἠγάγετο

362 3525 608 3587 γυναῖκα
637 3521 735 3591 (2).
769 3523 912 3592 Πρὸς
937 3523 1095 3575 τοῦτό
1127 3540 1273 3585 τινες
1303 3523 1412 3576 τῶν
1457 3525 1759 3594 ἀρχιερέων
1798 3524 1936 3594 πρὸς

353 3614 542 3680 ὀλίγον
563 3615 898 3681 ἀντέστησαν
921 3612 999 3683 τῷ
1018 3613 1346 3684 Πολυεύκτῳ
1367 3615 1441 3683 μὴ
1460 3619 1754 3668 κοινωνεῖν.
1775 3615 1936 3668 Ἀλλὰ

353 3707 485 3757 κατ’
514 3705 690 3769 ὀλίγον
717 3703 794 3772 τῷ
821 3702 915 3756 τοῦ
965 3704 1296 3774 κρατοῦντος
1352 3705 1818 3775 ἀκολουθήσαντες
1849 3705 1935 3757 θε-

351 3793 566 3862 λήματι
609 3791 822 3858 γέλωτα
863 3793 1138 3862 παρέσχον
1176 3797 1289 3856 τοῖς
1316 3795 1768 3866 διακρινομένοις.

434 3966 622 4036 ἹΙχΟη
652 3967 709 4019 δὲ
738 3967 879 4020 κατὰ
899 3967 990 4020 τὸν
1021 3969 1187 4023 αὑτὸν
1213 3972 1401 4041 καιρὸν
1437 3973 1528 4023 καὶ
1560 3974 1592 4036 ἡ
1625 3973 1779 4041 τιμία
1808 3973 1932 4041 χεὶρ

345 4059 445 4112 τοῦ
480 4060 804 4129 Προδρόμου
832 4061 912 4121 εἰς
934 4060 1034 4129 τὴν
1066 4059 1310 4129 βασιλίδα
1337 4062 1395 4125 ἐξ
1424 4062 1773 4130 ⁹Λντιοχείας,
1798 4064 1934 4114 ἁπο-

349 4151 638 4201 κλαπείσα
701 4150 854 4220 παρά
905 4167 1051 4212 τινος
1101 4151 1352 4205 διακόνου
1402 4155 1520 4207 Ἰὼϐ
1563 4154 1933 4225 τοῦνομα·ἢν

344 4238 785 4292 καταλαϐοῦσαν
812 4241 910 4309 τὴν
939 4241 1262 4311 Χαλκηδόνα
1292 4246 1319 4295 ὁ
1350 4241 1603 4312 βασιλεὺς
1646 4242 1746 4312 τὴν
1775 4243 1930 4313 βασι-

343 4330 517 4396 λικὴν
547 4331 836 4399 ἐκπέμψας
894 4335 1118 4401 τριήρη,
1159 4333 1254 4386 καὶ
1310 4332 1411 4401 τῆς
1450 4333 1754 4402 συγκλήτου
1810 4336 1933 4389 ὅσον

340 4426 634 4492 ἐπίσημον
656 4425 958 4490 ἐξελθόντος
980 4429 1073 4478 καὶ
1093 4426 1184 4478 τοῦ
1212 4428 1548 4497 πατριάρχου
1592 4430 1930 4484 Πολυεύκτου

342 4517 448 4568 σὺν
501 4517 668 4571 παντὶ
698 4517 775 4586 τῷ
809 4517 992 4586 κλήρῳ
1021 4517 1156 4582 μετὰ
1186 4517 1372 4586 κηρῶν
1396 4519 1488 4570 καὶ
1512 4517 1808 4587 λαμπάδων
1836 4521 1930 4573 καὶ

338 4606 750 4672 θυμιαμάτων,
783 4609 863 4667 εἰς
891 4607 959 4658 τὰ
995 4606 1242 4674 βασίλεια
1277 4609 1500 4678 ἢγαγεν,

430 4696 494 4746 ’0
528 4696 588 4746 δὲ
644 4695 752 4746 τῶν
803 4695 1008 4764 σχολῶν
1049 4698 1370 4765 δομέστικος
1398 4701 1604 4770 Βάρδας
1652 4704 1792 4756 κατὰ
1819 4705 1926 4756 τῶν

332 4787 504 4856 ἑῴων
543 4787 861 4855 Ἀγαρηνῶν
892 4788 1297 4857 ἐκστρατεύσας
1348 4792 1417 4844 τὰ
1440 4795 1498 4845 ὲν
1527 4796 1684 4847 ποσὶν
1715 4795 1928 4848 ᾶπαντα

333 4877 794 4944 κατεστρέέατο,
831 4878 968 4931 ἑλὼν
997 4880 1092 4933 καὶ
1140 4880 1375 4950 φρούρια
1421 4884 1601 4950 ἱκανά,
1643 4887 1930 4956 ἐκπολιορ-

330 4971 528 5036 κήσας
572 4969 664 5020 καὶ
695 4969 792 5036 τὴν
829 4970 1152 5040 περιϐόητον
1195 4972 1462 5026 ’Λδαπαν.
1501 4974 1559 5027 Ὁ
1587 4976 1645 5028 δὲ
1675 4976 1929 5046 βασιλεὺς

327 5059 682 5127 βουλόμενος
716 5061 964 5124 καὶτοὺς
996 5065 1052 5115 ἐν
1070 5065 1139 5134 τῇ
1172 5064 1370 5137 Κρήτῃ
1391 5066 1743 5135 Σαρακηνοὺς
1788 5087 1923 5124 συν-

327 5150 485 5217 εχῶς
503 5152 980 5219 ἐκετρατεύοντας
1011 5155 1104 5207 καὶ
1123 5155 1192 5208 τά
1211 5156 1451 5226 παράλια
1479 5159 1578 5228 τῆς
1610 5158 1924 5230 Ῥωμαῖκῆς

2109 2520 2364 2576 Ceterum
2411 2514 2566 2585 quasi
2624 2515 2667 2569 si
2717 2523 2932 2584 tempus
2995 2515 3048 2569 in
3099 2531 3167 2570 eo
3235 2517 3506 2574 laboraret
3560 2530 3622 2577 ut

2039 2610 2238 2668 summi
2297 2607 2580 2678 pontiﬁces
2648 2607 2891 2675 ejusdem
2947 2607 3234 2663 sententia:
3281 2621 3618 2676 crearentur,

2039 2704 2299 2759 Romana:
2353 2699 2600 2754 ecclesiae
2651 2698 2841 2753 eodem
2909 2709 3152 2770 tempore
3198 2701 3486 2769 praefectus
3519 2702 3621 2758 fuit

2038 2795 2279 2849 Joannes
2306 2791 2539 2846 Alberici
2585 2790 2747 2855 filius,
2783 2792 2945 2847 homo
2986 2793 3054 2847 ad
3093 2808 3310 2848 omnem
3343 2795 3615 2850 lasciviam

2041 2903 2105 2942 ac
2150 2886 2410 2940 malitiam
2469 2899 2816 2954 propensus;
2879 2899 3042 2953 quem
3099 2884 3226 2940 Otto
3285 2887 3616 2944 Francorum

2037 2980 2338 3047 imperator
2389 2976 2643 3046 expulit,
2701 2976 2976 3046 aliumque
3046 2978 3289 3034 ecclesia:
3342 2987 3617 3049 pastorem

2036 3069 2339 3127 constituit.

2109 3159 2430 3229 Polyeuctus
2457 3158 2630 3227 primo
2652 3158 2734 3212 sui
2759 3159 3161 3227 patriarchatus
3187 3175 3331 3214 anno
3362 3160 3614 3230 Eutychii

2038 3250 2360 3320 patriarchae
2408 3264 2606 3303 nomen
2656 3248 2708 3301 in
2758 3263 2938 3303 sacras
2977 3251 3186 3304 tabulas
3225 3251 3449 3315 retulit,
3494 3253 3614 3321 ejus

2037 3342 2124 3410 qui
2160 3342 2541 3409 imperatorem
2597 3339 2832 3394 Leonem
2873 3341 2938 3395 ad
2992 3356 3271 3396 sacrorum
3316 3345 3617 3398 communi-

2039 3434 2309 3489 cationem
2386 3432 2718 3495 admiserat,
2785 3447 2909 3487 cum
2980 3433 3026 3486 is
3088 3445 3333 3502 quartam
3389 3451 3611 3492 uxorem

2036 3530 2298 3583 duxisset.
2332 3525 2460 3580 Eam
2512 3527 2581 3580 ob
2625 3541 2738 3579 rem
2769 3525 2987 3595 quidam
3019 3541 3353 3579 summorum
3385 3526 3605 3594 pontifi--

2037 3634 2159 3674 cum
2204 3617 2515 3685 aliquandiu
2538 3615 2836 3670 noluerunt
2863 3630 2949 3668 res
2973 3630 3153 3669 sacras
3174 3630 3296 3669 cum
3324 3615 3616 3687 Polyeucto

2036 3725 2351 3765 communes
2414 3709 2613 3761 habere
2666 3727 2679 3762 :
2761 3723 2884 3762 mox
2947 3708 3292 3776 imperatoris
3347 3709 3609 3765 voluntati

2036 3803 2398 3869 obsequentes
2447 3800 2700 3854 ritlcndos
2732 3815 2790 3854 se
2832 3798 3265 3868 diseeptantibus
3294 3809 3610 3857 controver-

2037 3893 2171 3946 siam
2203 3889 2588 3944 exhibuerunt.

2105 3981 2218 4034 Sub
2257 3981 2396 4034 idem
2432 3990 2647 4048 tempus
2691 3984 3000 4038 veneranda
3036 3984 3382 4053 praeeursoris
3414 3999 3606 4038 manus

2033 4073 2322 4127 Antiochia
2385 4071 2576 4141 Cpolin
2637 4073 2797 4127 allata
2853 4084 2980 4136 est,
3062 4086 3307 4145 surrepta
3355 4077 3423 4131 ab
3471 4076 3610 4132 Jolzo

2033 4164 2263 4233 quodam
2295 4165 2541 4219 diacono.
2578 4165 2653 4219 Ea
2687 4181 2811 4219 cum
2852 4168 3152 4236 appulisset
3179 4168 3600 4227 Cbalcedonern.

2033 4255 2329 4325 imperator
2369 4271 2522 4310 suam
2568 4257 2751 4312 emisit
2809 4259 3130 4313 triremem:
3179 4270 3236 4314 et
3282 4259 3608 4315 illustriores

2033 4356 2309 4402 senatores
2368 4348 2728 4418 procedentes
2782 4351 2992 4405 obviam
3043 4367 3165 4406 cum
3210 4351 3514 4422 patriarcha
3549 4361 3605 4404 et

2033 4439 2284 4494 universo
2315 4439 2463 4493 clero
2512 4455 2634 4493 cum
2665 4441 2838 4497 cereis
2862 4441 3072 4496 facibus
3105 4450 3161 4496 et
3187 4440 3456 4498 sumtibus
3483 4458 3606 4497 eam

2029 4525 2085 4578 in
2110 4528 2372 4594 palatium
2397 4529 2761 4584 deduxerunt.

2107 4704 2269 4776 336
2346 4705 2567 4760 Interim
2630 4707 2831 4762 Bardas
2898 4707 3206 4762 scholarum
3270 4707 3606 4762 domesticus

2035 4798 2376 4866 expeditione
2433 4799 2488 4852 in
2557 4799 2852 4854 orientales
2910 4800 3188 4871 Agarenos
3254 4798 3393 4854 facta
3445 4800 3602 4854 obvia

2033 4903 2260 4958 quaeque
2357 4891 2633 4954 vastavit,
2717 4891 2984 4961 permulta
3102 4891 3321 4946 castella
3415 4891 3558 4961 cepit
3588 4932 3604 4954 ,

2033 4979 2314 5050 ipsamque
2370 4981 2506 5036 adeo
2571 4982 2807 5037 nobilem
2882 4983 3071 5035 urbem
3125 4981 3369 5052 Adapam
3435 4996 3604 5051 expu-

2031 5073 2233 5141 gnavit.
2309 5071 2609 5142 Imperator
2660 5083 2840 5128 autem
2917 5073 3210 5130 Cretenses
3275 5073 3601 5136 Saracenos,

2029 5161 2120 5228 qui
2189 5163 2381 5216 crebro
2437 5163 2732 5219 maritimas
2789 5165 3159 5221 Romanorum
3214 5163 3452 5219 ditiones
3510 5165 3596 5217 iu-

1502 5314 1855 5371 XYLANDRI
1898 5317 1984 5372 ET
2002 5316 2209 5374 GOABI
2251 5321 2480 5376 ΝΟΤᾹΖ.

403 5404 527 5462 (99)
576 5399 782 5475 (ξι-πλοῖ,
821 5404 1046 5458 Romani
1094 5409 1306 5475 imperii
1364 5426 1727 5473 successores,
1779 5413 1918 5464 Ῥω-

323 5476 536 5542 μαίους
571 5471 835 5550 Rorrrrmos
869 5490 926 5527 se
955 5471 1203 5550 usque_in
1237 5479 1559 5534 hodiernum
1590 5471 1730 5534 diem
1755 5481 1919 5550 jacti-

319 5553 624 5618 laverunt.
677 5543 839 5618 Veros
885 5543 1066 5618 autem
1118 5547 1400 5611 Romanos,
1444 5551 1491 5604 id
1539 5560 1620 5604 est
1677 5543 1920 5618 Latinos,

318 5612 581 5689 Ced_rcu_i
613 5628 742 5663 vere
769 5613 1387 5689 ἑσπερίους-Ῥωμαίους
1415 5621 1710 5689 appellant.
1746 5612 1916 5676 Com.

395 5685 476 5744 tl)
543 5681 726 5759 lsest
778 5682 1014 5759 Joannes
1059 5687 1152 5759 XII
1197 5681 1633 5757 'papa,Al-|ierici
1683 5692 1923 5746 consulis

320 5752 576 5807 Romani
618 5751 779 5817 filius,
809 5753 875 5807 dc
907 5769 1010 5822 quo
1038 5756 1157 5812 vide
1195 5751 1502 5815 historicos.
1527 5759 1778 5814 Ottonem
1808 5777 1923 5814 ma-

2027 5430 2192 5483 gnum
2233 5416 2602 5471 Romanorum
2626 5418 3007 5487 imperatorem
3040 5431 3221 5488 regem
3262 5415 3594 5488 Francorum

2030 5495 2218 5557 vocat;
2263 5488 2329 5540 de
2375 5503 2474 5556 qua
2533 5504 2591 5540 re
2627 5504 2791 5557 supra
2844 5488 3050 5540 monui.
3097 5487 3210 5542 Cur
3237 5495 3417 5542 autem
3450 5487 3598 5541 hunc

2030 5553 2318 5622 Polyeucto
2351 5553 2580 5612 similem
2605 5553 2767 5622 dicat,
2809 5573 2916 5611 non
2946 5559 3123 5613 video.
3151 5557 3284 5611 XvL.

2101 5624 2178 5693 (‘2)
2218 5627 2307 5698 ρο
2338 5643 2564 5698 quarum
2627 5630 2938 5696 nuptiarum
2991 5629 3114 5698 jure
3159 5629 3266 5685 vid.
3324 5624 3597 5681 Arcudius

2029 5694 2067 5748 l.
2099 5710 2172 5750 vn
2204 5694 2542 5752 ConcOrdi:e.
2580 5694 2748 5754 ϐολὴ.
