4410 6452
751 365 817 432 τι
2018 348 2492 411 CEORGIICEI

2269 347 2717 410 llCEDRENI
3943 353 4010 417 τε

753 475 1098 534 cursionibus
1149 470 1433 528 vexabant,
1482 464 1710 534 cnp':cns
1740 463 2012 517 deterrere
2036 474 2332 527 eorumque
2364 465 2405 518 Α
2438 455 2494 523 γῐ

2268 474 2332 512 ue
2364 465 2405 518 Α
2438 455 2541 525 γῆς
2569 454 2835 526 δῃοῦντας
2859 455 2953 508 καὶ
2983 456 3417 527 κατατρέχοντας
3457 459 3762 530 ἐκφοϐῆσαι
3795 463 4007 534 καὶτῆς

755 568 1074 624 iunnadieos
1099 564 1335 632 impetus
1367 558 1683 628 reprimere,
1738 553 2032 609 maximum
2061 551 2331 607 contrahit
2439 551 2496 604 ἀι

2267 551 2331 604 ait
2439 549 2668 618 ἀσχέτου
2709 547 2981 616 ἀνακόψαι
3011 549 3210 619 ὁρμῆς,
3244 551 3474 618 στρατὸν
3502 553 3583 606 ὅτι
3606 552 3860 608 πλεῖστον
3886 556 4008 608 συλ-

757 660 1054 714 exercitum
1097 655 1435 720 classemque
1475 661 1814 719 nequaquam
1851 643 2330 704 contemnendam,
2437 641 2494 693 λέ

2268 657 2330 704 υ,
2437 641 2599 705 λέξας
2630 641 2720 692 καὶ
2753 639 2940 692 στόλον
2969 641 3301 713 εὐτρεπίσας
3353 642 3454 696 οὐκ
3499 647 3701 714 ἀγεννῆ
3736 646 4009 718 ἐκπέμπει

759 763 984 817 mittique
1050 747 1102 800 in
1178 744 1395 798 Cretam
1462 742 1701 802 emittit,
1783 737 2041 806 przefeeto
2111 736 2205 790 toti
2257 735 2332 788 rei
2438 749 2500 783 κα

2266 735 2332 788 rei
2438 733 2579 784 κατὰ
2607 733 2704 801 τῆς
2756 732 2944 800 νήσου,
3006 734 3316 804 στρατηγὸν
3371 737 3671 808 ἐπιστήσας
3721 742 3832 802 τοῖς
3880 743 4007 794 πᾶσι

760 839 1113 892 Constantino
1149 835 1378 905 patricio
1408 831 1646 900 Congyla
1680 872 1693 893 ,
1753 828 2067 882 effeminato
2113 827 2336 880 homine
2442 825 2501 876 Κι

2269 842 2336 880 nc
2442 825 2856 877 Κωνσταντῖνον
2905 827 3194 894 πατρίκιον
3237 827 3329 881 τὸν
3362 827 3664 899 Γογγύλην,
3719 824 4007 900 θηλυδρίαν

760 943 814 983 et
867 933 919 982 in
976 929 1167 982 umbra
1222 927 1450 979 educato
1513 922 1747 990 bellique
1802 921 2036 990 ignaro,
2099 933 2207 970 uno
2271 920 2337 971 de
2442 919 2501 970 ἄν

2271 920 2337 971 de
2442 916 2727 986 ἄνθρωπον
2762 920 2853 970 καὶ
2876 920 3186 988 σκιατραφῆ
3223 922 3316 973 καὶ
3345 922 3780 994 ἀπειροπόλεμον
3799 924 3892 976 καὶ
3917 925 4009 976 ἕνα

763 1023 1017 1091 palatinis
1074 1016 1436 1073 cubiculariis.
1485 1013 1532 1067 ls
1577 1014 1631 1067 in
1662 1013 1878 1067 Cretam
1913 1011 2131 1077 trajecta
2165 1009 2336 1062 classe
2442 1009 2504 1062 τᾶ

2270 1023 2336 1060 ιςε
2442 1009 2548 1062 τῶν
2583 1009 2640 1059 ἐν
2667 1008 2746 1074 τῷ
2778 1010 3027 1078 παλατὶῳ
3055 1011 3490 1079 θαλαμηπόλων·
3531 1013 3587 1075 ὃς
3619 1017 3696 1077 εἰς
3719 1016 3816 1088 τὴν
3851 1016 4011 1085 νῆσον

766 1115 896 1168 nihil
928 1116 1062 1168 duce
1088 1112 1307 1179 dignum
1341 1108 1492 1177 egit;
1542 1121 1667 1159 nam
1699 1119 1873 1172 neque
1909 1113 2082 1155 castra
2121 1101 2335 1165 timuiit,
2445 1119 2507 1152 πε

2278 1101 2335 1165 it,
2445 1100 2770 1170 περαιωθεὶς
2817 1101 2914 1153 καὶ
2961 1101 3124 1171 μηδὲν
3149 1102 3297 1167 ἄξιον
3320 1102 3758 1175 διαπραξάμενος
3819 1124 4013 1178 στρατ-

768 1221 942 1272 neque
982 1202 1349 1272 speculatores
1405 1207 1496 1251 aut
1547 1197 1914 1265 exploratores
1955 1193 2256 1254 collocavit,
2310 1211 2337 1246 a
2464 1209 2509 1259 ηε

2310 1211 2337 1246 a
2464 1192 2628 1259 ηγοῦ,
2665 1192 2798 1261 μήτε
2820 1193 3241 1260 στρατοπεδείαν
3264 1193 3574 1262 πηξάμενος
3599 1197 3837 1264 ἀσφαλῆ,
3875 1201 4011 1270 μήτε

767 1297 963 1366 quibus
1011 1297 1076 1347 de
1132 1292 1490 1345 Barbarorutn
1551 1289 1785 1342 adventu
1829 1297 2164 1346 moneretur,
2223 1303 2340 1354 qua:
2447 1299 2508 1334 σκ

2279 1303 2340 1339 ne
2447 1285 2683 1346 σκοποὺς
2713 1284 3014 1351 ἐπιστήσας
3049 1286 3142 1337 καὶ
3167 1287 3538 1355 κατοπτῆρας,
3577 1288 3663 1357 [Ρ.
3690 1287 3815 1360 6M]
3840 1292 3931 1341 ml
3951 1291 4015 1343 δι’

767 1404 891 1441 eum
931 1386 1137 1440 incuria
1167 1385 1219 1438 in
1267 1397 1536 1437 summurn
1569 1379 1787 1433 adduxit
1826 1379 2152 1448 periculum.
2210 1377 2340 1430 Nam
2447 1375 2508 1428 αύ

2274 1395 2340 1430 nn
2447 1375 2628 1428 αὐτῶν
2670 1376 2764 1440 τὰς
2804 1375 3148 1445 βαρϐαρικὰς
3194 1378 3569 1446 φυλαξάμενος
3610 1382 3848 1448 ἐφόδους,
3903 1399 4015 1433 κιν-

770 1481 1035 1533 insnlares
1091 1477 1335 1531 socordia
1393 1483 1447 1526 ct
1523 1471 1795 1540 imperitia
1878 1469 2108 1523 Romani
2191 1471 2345 1524 ducis
2447 1467 2508 1520 δύ

2279 1471 2345 1524 :is
2447 1467 2585 1534 δύνῳ
2613 1467 2855 1536 μεγίστῳ
2870 1467 3210 1536 περιπίπτει.
3237 1470 3299 1518 Οί
3330 1469 3438 1538 γὰρ
3461 1469 3719 1538 νησιῶται
3746 1473 3843 1537 τὴν
3865 1472 4020 1522 ἀπει-

771 1576 1130 1643 dcpt'eltcttsa,
1187 1576 1492 1636 opportuno
1549 1574 1706 1632 capto
1774 1572 2014 1631 tempore
2071 1559 2346 1614 Romanos
2456 1561 2512 1627 ρίη

2287 1577 2346 1614 os
2456 1561 2574 1627 ρίαν
2604 1557 2698 1610 καὶ
2731 1557 2830 1626 τὴν
2862 1559 3124 1627 ἀμέλειαν
3159 1561 3619 1626 κατανενοηκότες
3649 1560 3739 1612 τοῦ
3774 1568 4022 1629 στρατη-

771 1664 951 1716 subito
1012 1661 1210 1722 adorti,
1270 1659 1417 1711 nullo
1463 1657 1680 1725 negotio
1727 1655 2024 1718 fuderunt;
2080 1652 2344 1719 multique
2454 1667 2512 1716 γε

2279 1667 2344 1704 uc
2454 1651 2578 1716 γοῦ,
2610 1651 2800 1719 καιρὸν
2830 1651 3262 1718 ὲπιζητήσαντες
3286 1651 3590 1719 ἐπιτήδειον
3613 1649 3866 1720 ἐξαίφνης
3900 1655 4020 1703 ἐπι-

772 1756 965 1808 ltornm
1003 1752 1090 1805 alii
1143 1749 1310 1817 capti,
1339 1749 1428 1800 alii
1490 1747 1633 1800 ferro
1672 1746 1999 1814 interempti,
2033 1755 2087 1797 et
2127 1745 2346 1812 reliquis
2387 1813 2410 1817 ᾗ
2453 1740 2513 1791 τί⁴

2285 1745 2346 1796 iis
2453 1740 2691 1792 τίθενται
2722 1741 2798 1809 τῷ
2831 1741 3222 1810 στρατεύματι,
3262 1743 3356 1793 καὶ
3397 1742 3687 1809 τρέπονται
3723 1743 3824 1809 μὲν
3865 1743 4020 1794 τοῦτο

775 1845 1107 1914 fugientibus
1153 1850 1326 1894 castra
1375 1851 1591 1906 quoque
1639 1852 1851 1890 summo
1879 1852 2004 1889 cum
2039 1845 2348 1888 nostrorum
2387 1813 2419 1864 Β
2456 1833 2516 1901 ῥα]

2283 1853 2348 1887 un
2387 1813 2419 1864 υ
2456 1831 2672 1901 ῥᾳδίως,
2708 1831 2782 1891 ὡς
2815 1833 3044 1893 πολλοὺς
3074 1831 3179 1883 τῶν
3221 1831 3513 1899 Ῥωμαίων
3552 1835 3904 1902 αίχμαλωσία
3931 1837 4024 1885 καὶ

775 1937 1038 1988 dedecore
1093 1941 1246 2000 capta
1319 1940 1465 1983 sunt.
1548 1929 1667 1997 ipse
1726 1928 1887 1981 etiam
1949 1926 2234 1996 Congylius
2298 1929 2351 1978 in
2459 1940 2516 1974 ca

2298 1929 2351 1978 in
2459 1923 2661 1990 σιδήρῳ
2689 1921 3129 1990 διαμερισθῆναι,
3156 1923 3419 1990 κατέσχον
3445 1922 3501 1973 δὲ
3527 1923 3619 1972 καὶ
3643 1924 3700 1974 τὸ
3727 1923 4025 1991 στρατόπε-

777 2027 1013 2083 hostium
1070 2032 1390 2094 potestatem
1434 2021 1692 2082 venisset,
1733 2019 1836 2072 nisi
1863 2035 1890 2071 a
1923 2034 2096 2072 cuneo
2126 2019 2355 2071 famulo-
2457 2015 2518 2065 δο

2282 2020 2355 2070 lo-
2457 2015 2554 2065 δον
2588 2013 2737 2074 αὐτὸ,
2775 2014 2883 2066 τῶν
2926 2012 3212 2082 Ῥωμαίων
3265 2014 3557 2081 αἰσχίστως
3616 2013 4023 2080 ἁποςυγόντων.

778 2135 896 2172 ι·ιιιιι
935 2126 1155 2185 ereptus
1186 2124 1239 2167 et
1284 2115 1335 2166 in
1372 2114 1551 2167 navim
1599 2111 1902 2180 przetoriam
1941 2110 2134 2164 fuisset
2181 2111 2353 2178 impo-
2456 2105 2508 2154 Μ

2296 2123 2353 2162 ο-
2456 2104 2672 2170 Μικροῦ
2707 2105 2750 2156 δ’
2773 2104 2837 2155 ἂν
2871 2104 3013 2155 ἑάλω
3049 2106 3143 2157 καὶ
3172 2106 3197 2156 ὁ
3227 2104 3540 2170 Γογγύλιος,
3572 2104 3619 2154 εἰ
3650 2101 3723 2172 μὴ
3756 2104 4031 2155 συνασπί-

777 2208 932 2265 εἰμιε.
2457 2209 2650 2253 σαντες
2681 2195 2728 2244 οἱ
2753 2192 3082 2261 θεράποντες
3129 2192 3492 2262 ἐξερρύσαντο
3552 2193 3712 2244 αὐτὸν
3745 2192 3840 2261 τῆς
3870 2195 4028 2259 αἰχμ-

2456 2282 2694 2345 αλωσίας
2724 2285 2816 2336 καὶ
2884 2285 2964 2345 είς
3027 2283 3125 2353 τὴν
3172 2285 3472 2354 ναυαρχίδα
3511 2284 3906 2353 ἐμϐιϐάσαντες
3954 2282 4033 2332 δι-

2460 2388 2755 2426 εςωσαντο.

849 2468 967 2521 Jatn
1022 2468 1301 2520 Romanus
1353 2463 1695 2532 imperatoris
1746 2461 1886 2514 filius
1936 2461 2171 2514 adnitier
2219 2461 2358 2516 ferre
2545 2465 2590 2516 Ἰ

2292 2478 2358 2516 Te
2545 2465 2826 2532 Ῥωμανὸς
2858 2466 2914 2520 δὲ
2957 2468 2982 2520 ὁ
3017 2466 3110 2518 τοῦ
3167 2467 3429 2536 βασιλέως
3467 2467 3878 2524 Κωνσταντίνου
3921 2475 4033 2536 υίὸς

789 2572 895 2609 non
949 2565 1162 2624 poterat
1202 2571 1230 2607 a
1270 2565 1418 2622 patre
1446 2552 1605 2622 337
1661 2567 1745 2605 res
1776 2551 2086 2621 gubernari,
2132 2552 2361 2621 ideoque
2462 2559 2530 2612 τεῖ

2295 2571 2361 2608 uc
2462 2559 2796 2629 τελειοτέρας
2831 2558 2929 2627 ἤδη
2995 2558 3271 2625 ἁψάμενος
3307 2557 3546 2626 ἡλικίας,
3595 2558 3690 2611 καὶ
3737 2560 3812 2628 μὴ
3859 2564 4033 2630 φέρων

786 2665 910 2701 cum
965 2663 1176 2699 veneno
1230 2647 1416 2699 tollere
1471 2644 1680 2705 statuit,
1730 2643 1945 2697 conscia
1990 2644 2150 2697 ctiam
2195 2659 2361 2698 uxore
2463 2652 2527 2720 ὁρ

2293 2659 2361 2698 πε
2463 2651 2598 2720 ὁρᾷ-λ
2639 2650 2706 2700 τὰ
2742 2650 3042 2717 πράγματα
3079 2649 3182 2701 ὑπὸ
3211 2649 3305 2702 τοῦ
3356 2653 3560 2719 πατρὸς
3589 2654 3753 2706 αὐτοῦ
3801 2654 4034 2706 διοικού-

789 2758 908 2802 sua,
939 2739 1201 2805 cauponis
1235 2738 1360 2790 filia.
1394 2735 1692 2806 Eapropter
1719 2751 1840 2788 cum
1866 2735 2024 2788 vellet
2050 2734 2362 2789 Constanti-
2470 2759 2530 2811 με

2296 2736 2362 2789 li-
2470 2759 2629 2811 μενα,
2673 2741 2954 2809 φαρμάκῳ
2984 2741 3170 2793 τοῦτον
3220 2741 3462 2793 ἐκποδὼν
3520 2746 3848 2810 ποιήσασθαι
3884 2745 4037 2798 ὲϐου-

789 2850 893 2887 nus
948 2830 1401 2884 medicamentum
1441 2843 1675 2898 purgans
1707 2828 1918 2886 bibere,
1971 2828 2165 2880 lctliale
2198 2844 2364 2881 vene-
2467 2834 2522 2884 λε

2306 2844 2364 2880 e-
2467 2834 2721 2892 λεύσατο,
2758 2832 2963 2899 είδήσει
2992 2834 3087 2884 καὶ
3119 2833 3218 2900 τῆς
3249 2833 3414 2886 αὑτοῦ
3438 2835 3687 2903 γαμετῆς
3721 2837 3816 2903 τῆς
3864 2855 4041 2903 καπη-

791 2941 920 2977 num
971 2923 1021 2976 ei
1095 2931 1327 2990 parant;
1389 2920 1828 2988 persuadentque
1897 2920 2097 2973 Nieette
2167 2935 2366 2973 mensa:
2470 2925 2532 2976 λίλ

2302 2935 2366 2973 Sac
2470 2924 2630 2985 λίδος.
2661 2922 2961 2983 Μέλλοντος
2989 2923 3100 2990 γὰρ
3123 2923 3216 2974 τοῦ
3237 2924 3649 2976 Κωνσταντίνου
3672 2926 4043 2994 καθαρτήριοι)

793 3013 1112 3067 administro
1148 3020 1206 3064 ut
1256 3011 1306 3063 id
1362 3009 1633 3062 infundat.
1693 3011 1988 3077 Imperator
2025 3011 2279 3078 cumjatn
2315 3009 2365 3061 id
2471 3017 2534 3066 πή

2315 3009 2365 3061 id
2471 3017 2623 3083 πόμα
2658 3015 2865 3077 λαϐεῖν,
2895 3013 3152 3076 λαθόντες
3190 3007 3336 3066 οὗτοι
3370 3016 3690 3085 δηλητήριον
3715 3017 3885 3086 τούτῳ
3925 3016 4043 3068 ἐκέ·

795 3114 938 3158 esset
964 3103 1278 3164 itausturus,
1305 3101 1540 3170 positum
1572 3110 1695 3152 ante
1728 3115 1910 3152 sacras
1941 3100 2226 3168 imagines,
2254 3100 2368 3152 sive
2401 3145 2442 3200 Ο
2481 3123 2536 3175 ρα

2307 3114 2368 3152 ve
2401 3145 2442 3200 C
2481 3123 2673 3175 ρασαν,
2710 3106 2802 3156 καὶ
2831 3106 3075 3174 Νικήταν
3113 3106 3202 3156 τὸν
3267 3104 3360 3156 ἐπὶ
3403 3107 3500 3173 τῆς
3553 3107 3834 3173 τραπέζης
3895 3125 4037 3175 παρ-

799 3193 1020 3246 fortuilo
1077 3193 1190 3244 sive
1264 3190 1446 3244 dedita
1500 3205 1663 3258 Opera
1736 3190 1962 3257 lapsus,
2017 3190 2196 3257 poculi
2254 3191 2372 3256 ejus
2405 3190 2442 3200 ’⁸
2491 3198 2540 3248 ές

2311 3205 2372 3242 us
2405 3190 2442 3200 ν
2491 3198 2712 3248 έπεισαν
2739 3199 2924 3265 ἐγχέαι
2952 3197 3111 3249 τοῦτο
3141 3196 3217 3265 τῷ
3250 3196 3476 3265 βασιλεῖ.
3515 3197 3738 3249 Μέλλων
3766 3197 3820 3247 δὲ
3845 3199 4044 3259 ἐκεῖν’..ς

801 3285 1059 3352 majorem
1115 3291 1321 3350 partem
1372 3281 1584 3335 effudit.
1666 3281 1952 3349 Reliquum
2007 3292 2226 3349 epottun
2303 3282 2372 3334 ob
2478 3288 2542 3340 αὖ

2304 3282 2372 3334 ob
2478 3288 2609 3340 αὐτὸ
2635 3287 2819 3340 λαϐεῖν
2838 3287 3088 3356 κείμενον
3111 3288 3420 3354 ἔμπροσθεν
3441 3290 3548 3339 τῶν
3573 3305 3629 3338 σε
3641 3285 3783 3338 πτῶν
3803 3288 4045 3349 εἰκόνων,

800 3375 1124 3444 paucitatem
1156 3374 1329 3425 visum
1363 3382 1447 3425 est
1473 3386 1658 3425 carere
1683 3371 2023 3437 ellicacitate,
2075 3381 2130 3425 et
2171 3373 2372 3425 nibilo-
2477 3380 2541 3430 εῐιι

2313 3390 2372 3424 υ·-
2477 3380 2586 3430 εῐτε
2623 3379 2760 3449 τύχῃ
2792 3380 2895 3430 τινὶ
2921 3379 3036 3429 εἴτε
3069 3380 3164 3430 καὶ
3189 3379 3446 3438 ἑκουσίως
3487 3378 3776 3447 ὀλισθήσεις
3799 3380 3856 3430 τδ
3891 3379 4048 3430 πλέον

801 3466 980 3519 minus
1029 3475 1203 3517 tamen
1251 3463 1645 3518 Constantinus
1689 3465 1836 3534 gravi
1891 3463 2082 3516 morbo
2112 3463 2373 3516 lateribus
2477 3469 2542 3532 ἐξ

2305 3479 2373 3516 ius
2477 3469 2672 3536 ἐξέχεε.
2706 3471 2776 3520 Τὸ
2804 3469 2858 3520 δὲ
2895 3469 3078 3520 λοιπὸν
3107 3468 3270 3521 ποθὲν
3328 3469 3431 3521 ὑπὸ
3487 3469 3578 3520 τοῦ
3643 3469 4046 3521 Κωνσταντίνου

804 3555 1022 3608 tcntatis
1053 3572 1082 3608 a
1117 3568 1327 3608 veneno
1349 3567 1487 3622 regre
1518 3559 1711 3605 evasit.
2476 3557 2545 3626 ἀρ

2476 3557 2644 3626 ἀργὸν
2672 3560 2842 3628 ἐφάνη
2877 3559 2972 3610 xal.
3015 3559 3318 3628 ἄπρακτον,
3355 3559 3440 3610 διὰ
3483 3560 3581 3626 τὴν
3623 3560 3905 3626 ὀλιγότητα
3955 3560 4049 3624 τὴν

801 3650 1008 3703 οἰκείαν
1039 3649 1309 3702 ἁποϐαλδν
1337 3649 1633 3717 ἐνέργειαν.
1668 3646 1811 3715 Πλὴν
1837 3646 1930 3698 καὶ
1953 3645 2122 3708 οὕτως
2157 3647 2610 3713 ὁΚωνσταντῖνος
2670 3653 2822 3720 μόλις
2907 3649 3292 3719 περιγενέσθαι
3348 3651 3586 3718 ἴσχυσεν,
3654 3650 4052 3719 ἐπισκήνξαντος

803 3744 865 3811 δὴ
895 3742 988 3794 τοῦ
1018 3741 1343 3810 δηλητηρίου
1369 3742 1428 3792 ἐν
1455 3742 1520 3808 τῇ
1567 3740 1776 3810 πλευρᾷ
1833 3739 1996 3792 αὐτοῦ
2046 3742 2142 3793 καὶ
2186 3743 2372 3804 κακῶς
2412 3744 2732 3815 διαθεμένου
2767 3747 2951 3799 αὐτόν.

873 3837 1028 3890 Anno
1065 3833 1276 3903 imperii
1326 3831 1665 3886 Constantini
1704 3833 1792 3896 15,
1826 3832 1999 3886 mensi
2045 3831 2376 3901 Septembri,
2560 3837 2614 3889 ιε¹

2311 3834 2376 3893 l'i.
2560 3837 2619 3889 ιε’
2678 3839 2732 3890 δὲ
2774 3838 2949 3908 χρόνῳ
3005 3837 3103 3904 τῆς
3135 3835 3300 3889 αὐτοῦ
3346 3834 3642 3904 βασιλείας,
3682 3833 3823 3886 κατὰ
3855 3832 3915 3885 τὸ
3958 3834 4052 3884 Σε-

806 3931 861 3984 in
884 3928 1103 3981 lictione
1131 3925 1185 3988 5,
1228 3941 1371 3976 anno
1403 3923 1588 3976 mundi
1630 3922 1788 3986 6468,
1844 3922 2120 3990 profectus
2156 3934 2240 3976 est
2273 3923 2378 3975 im-
2484 3947 2547 3982 om

2310 3939 2378 3975 ιι·
2484 3929 2786 3998 πτέμϐριον
2847 3931 2988 3998 μῆνα
3026 3930 3120 3997 τῆς
3147 3927 3196 3994 γ’
3228 3927 3577 3988 ἰνδικτιῶνος,
3605 3929 3662 3977 ὲν
3683 3926 4051 3992 ἕτεικοσμικῖι

806 4029 1024 4089 perator
1063 4018 1128 4070 ad
1177 4015 1461 4086 Olympum
1499 4023 1758 4076 montem,
1802 4014 1853 4066 in
1888 4013 2145 4082 speciem,
2190 4026 2250 4068 ut
2289 4031 2379 4083 pa-
2486 4039 2537 4084 ις

2309 4031 2379 4068 ta-
2486 4018 2680 4086 ,guﬁ'q',
2715 4019 2879 4083 ἔξεισι
2937 4020 3348 4079 Κωνσταντῐνος
3381 4021 3408 4070 ὁ
3441 4017 3692 4085 βασιλεὺς
3751 4018 3807 4067 ἐν
3834 4017 3913 4084 τῷ
3960 4015 4050 4066 τοῦ

807 4122 950 4165 trum
976 4111 1063 4179 qui
1107 4110 1178 4162 ibi
1204 4108 1457 4159 vivebant
1490 4105 2022 4174 comprecationibus
2054 4115 2294 4160 armatus
2324 4107 2378 4160 in
2501 4109 2548 4158 Ὀ

2324 4107 2378 4160 in
2501 4107 2777 4173 Ὀλύμπου
2805 4106 2941 4175 ὄρει,
2972 4106 3048 4174 τῷ
3084 4107 3182 4176 μὲν
3206 4107 3381 4158 δοκεῖν
3408 4109 3527 4166 ταῖς
3551 4106 3852 4168 τῶν-ἐκεῖσε
3889 4105 4053 4155 Πατέ-

810 4204 1017 4272 Syriam
1058 4209 1245 4254 contra
1282 4198 1582 4251 Saracenos
1609 4196 2065 4264 proﬁcisceretur,
2110 4212 2167 4250 re
2197 4207 2376 4252 autem
2493 4216 2551 4269 ριι

2309 4215 2376 4251 3m
2493 4216 2598 4269 ρων
2627 4200 2808 4268 εὐχαῖς
2851 4197 3259 4267 θωρακισθῆναι
3288 4198 3379 4250 καὶ
3423 4198 3538 4264 μετ’
3572 4197 3749 4247 αὐτῶν
3779 4196 3916 4246 κατα
3945 4195 4050 4246 Σα-

813 4294 949 4358 ipsa,
981 4299 1042 4344 ut
1080 4304 1207 4342 cum
1261 4287 1548 4338 Theodoro
1601 4284 1781 4354 Cyzici
1830 4284 2104 4353 episcopo,
2139 4287 2230 4354 qui
2267 4296 2378 4340 tum
2491 4307 2554 4358 ρα

2312 4303 2378 4340 Im
2491 4290 2741 4358 ρακηνῶν
2793 4291 2850 4339 ὲν
2899 4289 3068 4358 Συρία
3111 4287 3532 4357 ἐκστρατεῦσαι,
3570 4285 3760 4356 ἀληθεῖ
3808 4285 3864 4337 δὲ
3912 4285 4053 4351 λόγῳ

812 4384 881 4435 ibi
919 4380 1168 4448 degebat.
1202 4378 1268 4431 de
1292 4377 1580 4447 Polyeucto
1609 4376 1914 4444 dejiciendo
1945 4376 2170 4430 consilia
2195 4376 2379 4430 iniret.
2489 4380 2553 4431 ἐνι

2310 4386 2379 4430 et.
2489 4380 2753 4448 ἐνωθῆναι
2779 4379 3039 4448 Θεοδώρῳ
3088 4379 3165 4449 τῷ
3214 4379 3313 4448 τῆς
3359 4379 3599 4441 Κυζίκου
3652 4376 4051 4445 προεδρεύοντι,

813 4473 941 4525 lude
971 4472 1080 4525 sive
1119 4469 1367 4538 corporis
1401 4469 1561 4532 vitio,
1595 4468 1707 4520 sive
1731 4482 1946 4520 rursum
1986 4481 2014 4517 a
2051 4465 2161 4519 filio
2189 4467 2387 4535 petitus
2420 4469 2462 4524 υ
2492 4474 2554 4524 ὲκ

2315 4481 2387 4520 .us
2420 4469 2462 4524 υ
2492 4474 2667 4524 ἐκεῖσε
2706 4471 2826 4523 τότε
2863 4472 2962 4531 τὰς
2988 4468 3272 4536 διατριϐὰς
3307 4468 3636 4534 ποιουμένῳ,
3679 4468 3772 4517 καὶ
3805 4465 3921 4534 μετ’
3962 4467 4056 4515 αύ-

813 4573 1046 4618 veneno,
1081 4556 1362 4609 doloribus
1393 4561 1680 4622 correptus
1708 4555 1978 4615 discessit,
2010 4564 2063 4609 et
2093 4556 2195 4610 sub
2227 4556 2388 4610 linem
2491 4579 2550 4613 το

2315 4571 2388 4610 3m
2491 4561 2584 4613 τοῦ
2626 4561 2753 4628 περὶ
2790 4560 2889 4628 τῆς
2923 4559 3294 4628 καθαιρέσεως
3336 4556 3430 4608 τοῦ
3466 4556 3808 4608 Πολυεύκτου
3844 4555 4056 4623 βουλεύ-

813 4648 1062 4703 Octobris
1096 4647 1146 4699 in
1174 4645 1363 4699 lectica
1391 4645 1583 4716 Cpolin
1614 4655 1922 4715 reportatus
1940 4657 2041 4711 est,
2064 4662 2126 4702 ac
2145 4647 2390 4703 consiliis
2494 4669 2554 4704 σο

2314 4647 2390 4703 liis
2494 4650 2710 4704 σασθαι.
2761 4651 2972 4702 Ἐκεῖσε
3035 4649 3165 4716 γοῦν
3224 4649 3532 4716 γενόμενος,
3595 4646 3705 4698 εἴτε
3773 4648 4055 4714 σωματικῇ

814 4742 926 4794 suis
947 4741 1152 4793 exitum
1171 4738 1376 4791 nullum
1396 4738 1706 4793 consecutis
1727 4747 1997 4804 mortuus,
2021 4754 2160 4793 nona
2179 4738 2269 4793 die
2284 4739 2393 4793 No-
2494 4742 2555 4794 π)

2311 4739 2393 4792 io-
2494 4740 2843 4811 πλημμελείᾳ
2871 4741 2980 4792 εἴτε
3018 4739 3177 4791 πάλιν
3201 4738 3303 4790 ὑπὸ
3338 4738 3431 4789 τοῦ
3475 4737 3660 4800 παιδὸς
3685 4735 4052 4804 φαρμαχθε“ις,

817 4832 1074 4893 velabris,
1098 4829 1228 4882 vixit
1249 4845 1422 4883 annos
1440 4831 1826 4900 quinquaginta
1844 4840 2077 4900 quatuor
2107 4839 2162 4884 et
2180 4846 2393 4886 menses
2493 4834 2558 4886 ὀδπ

2318 4846 2393 4886 ses
2493 4833 2828 4903 ὀδυνώμενος
2852 4831 3188 4901 ἀνεχώρησε,
3233 4830 3561 4899 κλινοπετής
3601 4845 3658 4879 τε
3707 4827 3846 4878 κατὰ
3884 4827 3944 4877 τὸ
3974 4826 4059 4877 τέ-

818 4925 948 4979 duo.
983 4922 1286 4990 imperavit,
1329 4920 1496 4991 338
1517 4921 1735 4991 collegis
1765 4931 1938 4989 patre,
1965 4921 2270 4975 Alexandro
2296 4937 2391 4989 pa-
2493 4926 2559 4978 λο.

2317 4937 2391 4973 κι-
2493 4926 2584 4989 λος
2618 4925 2711 4977 τοῦ
2755 4923 3087 4993 Ὀκτωὸρίου
3122 4922 3218 4992 τὴν
3259 4921 3507 4990 βασιλίδα
3551 4919 3837 4981 κατέλαϐε,
3876 4917 3966 4967 καὶ
3995 4919 4058 4984 τῇ

819 5023 942 5066 true
975 5022 1028 5066 et
1054 5021 1224 5064 matre
1252 5028 1370 5076 sua,
1395 5027 1566 5065 annos
1598 5012 1880 5076 tredecim,
1910 5027 2098 5066 rursus
2128 5027 2250 5065 cum
2283 5011 2392 5065 lio-
2496 5015 2539 5070 θ’

2322 5028 2392 5065 νο·
2496 5015 2539 5070 θ’
2578 5015 2670 5069 τοῦ
2706 5015 3011 5085 Νοεμϐρίου
3056 5014 3223 5083 μηνὸς
3256 5013 3506 5080 τελευτᾷ,
3539 5010 3797 5077 ἄπρακτα
3854 5009 3920 5059 τὰ
3976 5007 4063 5075 βε-

824 5122 982 5160 mano
1013 5106 1214 5174 injuste
1238 5105 1526 5173 imperium
1549 5105 1750 5173 adepto
1779 5120 1952 5159 annos
1983 5105 2171 5175 viginti
2196 5120 2309 5169 sex,
2343 5113 2397 5156 et
2497 5110 2565 5163 6ο

2343 5113 2397 5156 οἱ
2497 5110 2831 5177 ϐουλευμένα
2857 5109 3051 5168 λιπὼν,
3085 5108 3256 5175 ζήσας
3299 5106 3511 5158 ἃπαντα
3545 5104 3635 5155 τὸν
3674 5105 3769 5171 τῆς
3795 5103 3936 5170 ζωῆς
3970 5104 4061 5153 αύ-

823 5199 914 5252 illo
936 5199 1187 5251 submoto
1208 5211 1382 5249 annos
1397 5195 1725 5264 quindecim.
1745 5196 2002 5265 Sepultus
2018 5207 2099 5250 est
2125 5197 2276 5264 juxta
2301 5212 2395 5264 pa-
2497 5204 2564 5255 τοξ

2319 5213 2395 5249 )a-
2497 5201 2590 5255 τοῦ
2626 5201 2816 5271 χρόνον
2849 5201 2941 5268 ἔτη
2972 5200 3041 5251 νδ⁹
3075 5199 3166 5250 καὶ
3206 5199 3377 5266 μῆνας
3405 5196 3469 5264 β’,
3503 5195 3938 5264 συμϐασιλεύσας
3965 5195 4060 5260 μὲν

825 5301 961 5343 trem
982 5305 1022 5342 s.
1052 5305 1157 5342 um.
1192 5290 1272 5343 Ad
1305 5300 1607 5343 extremum
1633 5305 1803 5359 usque
1820 5291 2068 5359 spiritum
2089 5294 2398 5344 succensuit
2498 5295 2566 5361 τῷ

2323 5294 2398 5344 uit
2498 5295 2576 5361 τῷ
2596 5293 2763 5361 πατρὶ
2799 5292 2893 5344 καὶ
2940 5289 3276 5358 Ἀλεξάνδρῳ
3305 5288 3379 5356 τῷ
3401 5287 3528 5356 θείῳ
3558 5286 3653 5337 καὶ
3681 5288 3743 5353 τῇ
3771 5283 3932 5336 αὐτοῦ
3963 5299 4063 5350 μη-

825 5380 1205 5450 Ρυι)·οιιειο,ει
1237 5379 1356 5448 ejus
1384 5379 1782 5449 depositionem
1812 5379 1996 5434 animo
2019 5378 2261 5448 agitavit.
2283 5379 2396 5432 Ali-
2499 5396 2565 5450 τρ

2321 5379 2396 5432 ,Ιί-
2499 5381 2589 5450 τρὶ
2621 5378 2715 5448 ἐτη
2743 5375 2829 5445 ιγ’,
2862 5373 3013 5438 αὖθις
3044 5376 3098 5428 δὲ
3147 5376 3225 5446 τῷ
3269 5375 3516 5444 Ρωμανῷ
3545 5374 3938 5444 τυραννήσαντι
3970 5371 4062 5438 ἔτη

825 5481 956 5539 quot
995 5480 1284 5537 antequam
1305 5482 1608 5525 moreretur
1639 5471 1852 5536 diebus,
1872 5480 1995 5541 post
2011 5486 2293 5539 vesperam
2318 5471 2399 5525 la-
2501 5488 2566 5534 κς

2324 5471 2399 5525 la-
2501 5467 2734 5536 κς’,καὶ
2777 5472 2918 5539 μετὰ
2957 5469 3056 5536 τὴν
3102 5468 3312 5520 ἐκείνου
3360 5467 3457 5535 τῆς
3497 5465 3769 5535 βασιλείας
3798 5464 4065 5515 ἔκπτωσιν

828 5564 979 5634 pides
993 5565 1056 5616 dc
1069 5561 1283 5616 sublimi
1298 5562 1578 5616 confertim
1601 5562 1653 5614 in
1675 5561 1843 5631 ipsius
1859 5564 2077 5616 domum
2094 5563 2397 5615 vehementi
2506 5581 2569 5633 μο

2326 5563 2397 5614 nti
2506 5566 2919 5633 μονοκρατήσας
2951 5563 3044 5632 ἔτη
3081 5564 3161 5616 ιε’.
3190 5563 3468 5615 Θάπτεται
3520 5560 3573 5611 δὲ
3633 5557 3807 5611 θανὼν
3861 5561 3954 5608 σὺν
3994 5555 4067 5622 τῷ

829 5675 842 5702 ι
865 5671 950 5706 um
982 5654 1187 5722 impetu
1223 5655 1453 5722 conjecti
1487 5656 1762 5724 ingentem
1784 5656 2072 5709 ediderunt
2107 5654 2398 5721 fragorem.
2504 5658 2570 5708 ob

2329 5669 2398 5706 m.
2504 5657 2692 5725 οἰκείῳ
2723 5657 2912 5724 πατρὶ,
2947 5656 3110 5724 μέχρι
3165 5653 3480 5714 τελευταίας
3523 5653 3798 5717 ἀναπνοῆς
3835 5646 4068 5713 ἐγκοτῶν

834 5750 980 5813 Quos
1008 5747 1399 5803 Constantinus
1433 5760 1628 5819 putans
1674 5766 1705 5804 a
1748 5749 2046 5808 cmnaculis
2093 5747 2401 5821 Magnaura:
2507 5751 2575 5820 τῷ

2331 5763 2401 5803 ra:
2507 5751 2582 5820 τῷ
2619 5749 2944 5819 Πολυεύκτῳ
2973 5751 3063 5802 καὶ
3106 5749 3202 5818 τὴν
3235 5747 3395 5801 αὐτοῦ
3434 5745 3752 5814 καθαίρεσιν
3808 5737 4068 5811 c3313-
