4410 6452
383 420 451 481 7':
1434 400 1971 489 msronunmi
2021 432 2320 492 COMPEN
2334 434 2543 495 DIUM.
3562 439 3636 504 τε

379 516 521 581 λείου
555 570 569 595 ,
628 530 721 583 καὶ
802 531 922 585 κατ’
968 534 1136 606 αὐτὴν
1187 537 1283 605 τὴν
1337 536 1552 606 ἡμέραν
1623 536 1717 589 τοῦ
1755 537 1964 604 ἀγῶνος
1996 549 2035 600 Α
2070 556 2120 593 n:

1893 556 1964 603 νος
1996 549 2035 600 Α
2070 542 2229 595 naehi
2256 542 2400 596 facti.
2431 542 2751 615 Quanquam
2796 563 2856 604 ea
2886 549 2989 605 fuit
3017 552 3071 605 in
3114 550 3264 623 ipsos
3292 550 3634 621 imperatoris

380 619 871 691 θριαμϐευθέντες,
932 626 1117 697 ἐξορίᾳ
1163 628 1641 698 παρεπέμφθησαν
1675 630 1768 683 κα)⁹
1824 632 1957 684 ἀπε-

378 713 628 783 κάρησαν
683 721 924 785 μοναχοί.
978 717 1185 787 Χρόνον
1230 718 1285 771 δέ
1313 734 1433 771 τινα
1478 718 1684 789 βραχὺν
1730 722 1788 773 ὲν
1816 724 1952 792 αὐτῇ

374 806 888 875 ταλαιπωρηθέντες
919 808 1299 880 ἀνεκλήθησαν
1345 810 1744 881 φιλανθρώπως
1772 813 1954 876 αὐτοῖς

376 898 728 967 χρησαμένου
780 900 875 953 τοῦ
928 900 1213 971 βασιλέως.
1264 902 1443 965 Μόνος
1492 904 1549 956 δὲ
1598 904 1877 968 Βασίλειος
1921 908 1949 958 ὁ

372 986 628 1050 Πετεινδς
679 988 896 1057 ἔκφρων
940 989 1232 1057 γενόμενος
1284 989 1636 1059 ἐτελεύτησεν
1670 993 1728 1043 ἐν
1784 991 1947 1061 Προι-

2066 629 2396 697 humanitas,
2454 642 2513 689 ut
2552 636 2805 708 exiguum
2855 641 3115 711 temporis
3168 640 3417 697 miserias
3460 643 3634 696 exsilii

2062 732 2318 791 expertos
2344 730 2702 786 revocaverit.
2726 729 2887 787 Solus
2906 731 3137 789 Basilius
3151 732 3398 790 Volueris
3422 733 3632 788 insania

2059 826 2340 885 correptus
2386 819 2440 872 in
2496 819 2847 878 Proconneso
2904 826 3090 894 periit,
3142 840 3439 896 poenasque
3484 824 3635 880 dedit

2062 906 2265 973 proditi
2296 906 2654 968 Constanlino
2689 929 2788 984 per
2831 913 3074 970 fraudem
3108 914 3367 986 Stephani
3397 917 3630 987 impera-

2057 997 2212 1050 toris.

369 1080 636 1150 κοννήσῳ,
673 1083 774 1150 τῆς
806 1082 960 1153 δίκης
992 1084 1155 1136 αὐτὸν
1193 1085 1558 1156 μετελθούσης
1590 1084 1706 1140 ἀνθ’
1747 1082 1821 1141 ὧν
1855 1086 2043 1153 δολίως
2072 1091 2152 1151 εἰς
2212 1096 2481 1165 Στέφανον
2537 1100 2835 1168 ἐνεδείξατο
2891 1105 2984 1158 τὸν
3050 1106 3295 1176 βασιλέα,
3363 1106 3627 1176 προδεδω-

370 1171 485 1234 κὼς
514 1171 704 1226 τοῦτον
736 1174 811 1243 τῷ
843 1177 1267 1250 Κωνσταντίνῳ.

441 1267 484 1317 Τ
492 1265 524 1318 ά
562 1266 618 1318 δὲ
662 1268 794 1335 περὶ
825 1268 917 1321 τὸν
956 1270 1213 1324 Πετεινὸν
1243 1275 1337 1326 καὶ
1368 1274 1493 1339 τοὺς
1532 1276 1724 1341 ἄλλους
1768 1278 1890 1331 ίδὼν
1918 1281 1946 1332 ὁ

371 1358 673 1428 μάγιστρος
753 1358 1037 1428 Ῥωμανὸς
1087 1364 1115 1415 ὁ
1163 1365 1510 1437 Σαρωνίτης,
1567 1371 1661 1422 ἐπὶ
1715 1370 1947 1438 θυγατρὶ

365 1450 619 1520 γαμϐρὸς
668 1449 742 1503 ὣν
790 1449 1073 1523 Ῥωμανοῢ
1104 1457 1383 1525 γέροντος,
1416 1462 1619 1531 καὶμὴ
1673 1462 1741 1515 τά
1787 1465 1948 1532 ὃμοια

368 1543 465 1593 καὶ
514 1542 675 1604 αὐτὸς
729 1545 891 1599 πάθοι
948 1544 1243 1613 φοϐηθεὶς,
1304 1549 1668 1620 φθονούμενος
1713 1552 1801 1606 διὰ
1848 1553 1946 1623 τὴν

364 1631 568 1683 ἑαυτοῦ
608 1633 973 1708 περιφάνειαν
1003 1639 1098 1690 καὶ
1136 1636 1599 1707 ύποπτευόμενος,
1624 1640 1723 1709 τὴν
1751 1642 1944 1696 ἑαυτοῦ

364 1720 555 1772 οὐσίαν
588 1725 700 1784 τοῖς
723 1723 936 1786 τέκνοις
970 1726 1045 1788 ὼς
1089 1727 1341 1781 ἐϐούλετο
1373 1731 1698 1800 διαμερίσας
1728 1734 1820 1785 καὶ
1848 1733 1945 1803 τὴν

363 1809 658 1864 ὑπόλοιπον
694 1814 889 1881 πένησι
922 1815 1230 1885 διανείμας,
1266 1820 1327 1870 τὸ
1370 1820 1479 1872 τῶν
1518 1824 1761 1891 μοναχῶν
1791 1841 1947 1893 περι-

2127 1282 2196 1336 At
2245 1281 2389 1338 enim
2453 1286 2710 1357 magister
2778 1287 3056 1346 Romanus
3108 1291 3396 1358 Sarouita,
3462 1311 3628 1364 gener

2054 1374 2199 1428 senis
2264 1375 2531 1439 Romani,
2597 1396 2717 1450 qua;
2762 1380 2980 1438 Volucri
3042 1393 3097 1439 et
3142 1384 3264 1440 aliis
3314 1386 3627 1443 evenissent

2053 1479 2306 1531 cernens,
2336 1468 2653 1539 veritusque
2688 1488 2756 1527 ne
2790 1472 2934 1528 idem
2977 1474 3079 1529 sibi
3107 1475 3449 1547 contingeret
3495 1477 3620 1546 quia

2052 1556 2120 1609 ob
2154 1557 2493 1624 splendorem
2545 1575 2700 1615 suum
2754 1563 2964 1619 invisus
3012 1576 3408 1636 suspectusque
3456 1564 3618 1628 esset,

2051 1662 2183 1715 opes
2214 1663 2339 1703 suas
2368 1663 2467 1703 suo
2493 1651 2755 1707 arbitratu
2781 1654 2922 1709 inter
2956 1656 3153 1711 liberos
3175 1672 3300 1712 suos
3323 1658 3619 1721 distribuit,

2053 1747 2108 1790 et
2161 1739 2367 1808 reliqua
2428 1743 2759 1811 pauperibus
2811 1746 3069 1816 elargitw‘.
3125 1749 3178 1802 in
3228 1751 3618 1804 monasterium

2053 1824 2310 1896 Elegmon
2352 1844 2409 1882 se
2443 1831 2691 1895 contulit,
2732 1832 2913 1901 ibique
2955 1835 3256 1889 monachus
3285 1836 3486 1890 multos
3522 1852 3621 1905 per

358 1900 622 1955 ϐάλλεται
672 1903 899 1973 ἔνδυμα.
954 1908 1064 1960 Καὶ
1114 1910 1171 1960 ἐν
1217 1911 1284 1980 τῇ
1332 1911 1439 1963 τῶν
1498 1913 1772 1982 Ἐλεγμῶν
1806 1920 1941 1985 μονῇ
1976 1915 2015 1968 Β
2046 1916 2096 1984 3

1877 1920 1941 1985 νῇ
1976 1915 2015 1968 Β
2046 1916 2205 1987 343
2235 1934 2408 1973 annos
2437 1920 2589 1984 vixit,
2631 1900 2919 1991 estqueab
2965 1924 3384 1993 imperatoribus
3426 1900 3616 1982 Subsc-

358 1992 676 2060 γενόμενος,
710 1995 805 2047 καὶ
845 1998 1036 2065 χρόνον
1074 1998 1268 2068 συχνὸν
1299 2002 1358 2055 ὲν
1404 2002 1543 2073 αὐτῇ
1573 2005 1940 2073 παραμείνας,

363 2084 472 2136 ὑπὸ
495 2083 605 2136 τῶν
636 2085 773 2153 μετὰ
797 2086 972 2140 ταῦτα
997 2087 1262 2157 βασιλέων
1288 2093 1521 2162 ἐτιμήθη
1555 2093 1937 2163 διαφερόντως.

433 2174 591 2227 Κατὰ
644 2175 869 2239 τούτους
932 2179 1059 2241 τοὺς
1112 2181 1335 2249 χρόνους
1387 2184 1529 2254 ἁνήρ
1574 2202 1659 2247 τις
1696 2187 1936 2258 ἀνεφάνη

355 2263 658 2333 Φιλώραιος
717 2266 1078 2335 καλούμενος,
1136 2270 1487 2343 ὑπασπιστὴς
1534 2272 1608 2326 ὢν
1654 2275 1936 2345 Ῥωμανοῠ

360 2355 669 2426 μαγίστρου
704 2356 798 2410 τοῦ
832 2360 1090 2428 Melanis,
1123 2361 1217 2414 τοῦ
1248 2364 1472 2430 ἐκγόνου
1522 2366 1803 2436 Ῥωμανού
1842 2367 1936 2420 τοῦ

359 2447 640 2517 γέροντος.
682 2445 850 2511 Οὗτος
896 2451 1103 2503 ἄνωθεν
1160 2452 1328 2533 ἵππου
1376 2454 1658 2509 ὡκυτάτου
1708 2460 1801 2511 ἐπὶ
1836 2459 1935 2529 τῆς

359 2539 674 2607 ἐφεστρίδος
707 2542 993 2609 ἱστάμενος
1042 2541 1248 2612 ὄρθιος,
1298 2546 1391 2597 καὶ
1446 2545 1595 2615 ξίφος
1632 2552 1751 2613 ταῖς
1778 2552 1934 2620 χερσὶ

357 2625 666 2694 βαστάζων,
698 2630 789 2681 τοῦ
820 2631 986 2683 ἵππου
1007 2634 1294 2703 τρέχοντος
1317 2636 1439 2687 ὅσον
1468 2637 1687 2688 ἐδύνατο
1719 2640 1931 2691 κυκλῶν

356 2719 518 2789 ἐπῄει
573 2721 663 2771 τὸν
712 2721 938 2790 εὔριπον
978 2726 1075 2793 τῆς
1125 2725 1508 2794 ἱπποδρομίας,
1540 2729 1788 2797 στρέφων
1820 2730 1931 2783 ἄνω

358 2811 457 2862 καὶ
486 2811 634 2864 κάτω
660 2813 719 2865 τὸ
752 2814 901 2881 ξίφος
933 2817 1185 2887 mittant?
1216 2818 1353 2880 ὅλως
1395 2820 1797 2875 ὑπολισθαίνων
1829 2824 1931 2892 τῆς

354 2903 620 2966 στάσεως.

436 2995 711 3048 Ἐπέδωκε
752 2997 796 3048 δ’
840 2998 897 3047 ἐν
946 3001 1067 3061 ταῖς
1102 3000 1337 3069 ἡμέραις
1370 3002 1591 3068 ταύταις
1637 3005 1729 3056 καὶ
1756 3006 1926 3060 πάλαι

350 3086 452 3156 τὴν
496 3088 784 3154 Ῥωμαίων
826 3090 979 3142 ἐπιόν
1012 3108 1070 3142 τε
1111 3094 1203 3144 καὶ
1248 3092 1641 3162 λυμαινόμενον
1672 3098 1764 3148 καὶ
1809 3098 1927 3151 δια-

350 3179 576 3248 φθεῖρον
613 3181 739 3241 τοὺς
792 3180 919 3248 βόας
966 3183 1025 3234 τὸ
1072 3183 1321 3253 λοιμικὸν
1383 3186 1577 3251 πάθος,
1626 3188 1653 3239 ὃ
1708 3191 1924 3258 κράϐρα

352 3272 811 3338 κατονομάζεται.
844 3274 979 3325 Φασὶ
1001 3274 1060 3326 δὲ
1096 3278 1195 3342 τὴν
1230 3276 1404 3346 ἀρχὴν
1427 3278 1583 3331 τοῦτο
1616 3279 1801 3331 λαϐεῖν
1832 3282 1924 3333 ἐπὶ
1954 3257 1995 3312 C

348 3363 464 3415 τῶν
499 3364 719 3433 ἡμερῶν
748 3364 844 3416 τοῦ
874 3366 1128 3435 γέροντος
1175 3368 1474 3437 Ῥωμανοῦ.
1517 3370 1780 3437 Ἔγγιστα
1816 3373 1923 3442 γάρ

346 3455 452 3523 τῆς
484 3455 578 3507 τοῦ
605 3454 785 3507 Βώνου
826 3457 1149 3527 κινστέρνης
1175 3459 1457 3531 ἀναψυχὴν
1504 3462 1680 3531 ἐαυτῷ
1706 3464 1801 3532 τῆς
1831 3464 1920 3516 θε-

350 3548 508 3617 ρινῆς
542 3545 752 3616 θέρμης
786 3547 1021 3601 παλάτια
1053 3548 1145 3601 τοῦ
1204 3549 1481 3620 Ῥωμανοῦ
1531 3554 1918 3622 ἀνεγείροντος,

348 3639 449 3691 καὶ
464 3638 571 3689 τῶν
596 3638 860 3708 θεμελίων
878 3639 1390 3712 καταϐαλλομένων,
1421 3644 1538 3712 βοός
1569 3664 1729 3715 φασιν
1764 3647 1919 3717 εὑρε-

348 3728 510 3796 θῆναι
538 3728 886 3798 μαρμαρίνου
904 3728 1145 3798 κεφαλὴν
1163 3731 1309 3800 ,ἢνοί
1324 3733 1574 3802 εὑρόντες
1592 3735 1919 3805 συντρίψαν-

342 3837 437 3884 τες
451 3824 531 3883 εἱς
550 3822 645 3889 τὴν
659 3821 753 3873 τοῦ
770 3822 984 3874 τιτάνου
1004 3823 1234 3891 κάμινον
1256 3825 1279 3875 ὲ
1288 3824 1525 3892 μϐάλλου
1535 3842 1639 3879 σιν.
1658 3827 1744 3891 Ἐξ
1770 3828 1917 3879 ἐκεί-

343 3927 439 3964 νου
455 3911 499 3962 δ’
514 3912 640 3980 ἄχρι
663 3910 770 3962 τῶν
792 3912 918 3980 τῇδε
946 3913 1153 3984 χρόνων
1170 3915 1271 3965 οὐκ
1294 3915 1600 3969 ἐπαύσαντο
1640 3916 1916 3984 πανταχοῦ

340 4003 443 4069 τῆς
472 4001 576 4071 γῆς
603 4003 807 4072 ὁπόσην
828 4005 861 4072 ἠ
884 4003 995 4055 τῶν
1030 4006 1319 4075 Ῥωμαίων
1340 4006 1582 4077 περιέχει
1604 4006 1909 4067 δυναστεία,

342 4094 413 4147 τὰ
444 4094 552 4146 τῶν
584 4094 717 4162 βοῶν
744 4094 1151 4166 διαφθείρεσθαι
1182 4098 1338 4166 γένη.

429 4185 487 4239 '0
543 4185 599 4239 δὲ
646 4183 935 4256 ίῬωμανὸς
987 4188 1427 4260 παρορμώμενος
1466 4189 1572 4242 ὑπὸ
1616 4191 1715 4259 τῆς
1744 4190 1911 4245 αὐτοῦ

339 4278 607 4347 γυναικὸς
690 4282 1042 4347 κατενεγκεῖν
1103 4281 1373 4351 ἐπειράθη
1448 4281 1556 4334 τῶν
1615 4282 1903 4351 βασιλείων

352 4370 571 4441 Ἑλένην
621 4387 678 4423 τε
714 4370 812 4441 τὴν
850 4373 1063 4442 μητέρα
1111 4375 1207 4426 καὶ
1256 4373 1357 4436 τὰς
1407 4374 1662 4442 ἀδελφάς,
1720 4377 1812 4428 καὶ
1850 4377 1908 4429 ἐν

344 4464 458 4522 τοῖς
503 4461 791 4525 παλατίοις
822 4461 939 4515 τῶν
998 4464 1269 4533 Ἀντιόχου
1320 4466 1652 4535 περιορίσαι.
1701 4466 1908 4521 Γνοῦσα

334 4552 395 4606 δὲ
431 4552 589 4606 τοῦτο
614 4555 647 4623 ἡ
683 4550 869 4623 Ἑλένη
920 4552 1006 4626 [Ρ.
1043 4553 1168 4627 645]
1206 4558 1297 4607 καὶ
1344 4556 1482 4626 πρὸς
1514 4556 1743 4626 θρξνους
1777 4575 1907 4626 τρα-

335 4644 498 4694 πείσα
526 4643 621 4695 καὶ
654 4644 794 4713 ἀρὰς
818 4645 1133 4715 ἐδυσώπητε
1158 4648 1255 4698 τὸν
1300 4647 1436 4710 υἱον,
1480 4646 1905 4716 διευλαϐηθέντα

334 4730 435 4792 τὰς
465 4730 525 4794 ἐξ
551 4732 722 4800 αὐτῆς
753 4733 1017 4802 κατάρας.
1059 4734 1200 4787 Ἀλλ’
1228 4733 1367 4804 αὕτη
1402 4736 1499 4805 μὲν
1530 4736 1684 4806 είάθη
1719 4737 1901 4806 μένειν

333 4820 476 4874 κατὰ
502 4821 823 4891 χώραν,τὰς
840 4822 885 4874 δ’
909 4823 1145 4893 ἀδελφάς
1172 4826 1500 4893 καταγαγὼν
1524 4827 1611 4879 διὰ
1654 4828 1897 4881 Ἰωάννου

333 4913 711 4982 καθηγεμόνος
739 4914 849 4967 τῶν
876 4916 1128 4968 Στουδίου
1152 4916 1416 4987 ἀπέκειρε
1450 4919 1706 4988 μοναχάς.
1741 4921 1803 4971 At
1843 4919 1898 4975 δὲ

329 5002 450 5071 ἅμα
480 5004 546 5073 τῇ
582 5004 933 5072 ὑποχωρήσει
975 5003 1167 5057 τούτου
1211 5006 1311 5074 τὴν
1362 5008 1662 5076 μοναχικὴν
1702 5007 1897 5060 ἀποδυ-

330 5094 566 5160 σάμεναι
605 5092 813 5161 ἐσθῆτα
855 5095 1243 5163 ἐκρεωφαγουν
1276 5096 1371 5163 (5).
1423 5097 1484 5148 Ἡ
1523 5095 1580 5148 δὲ
1619 5097 1803 5166 Ἑλένη
1830 5100 1899 5166 τῇ

2047 2008 2341 2078 quentibus
2381 2010 2435 2063 in
2457 2026 2654 2083 magno
2684 2013 2892 2069 honore
2920 2014 3156 2070 habitus.

2114 2184 2215 2240 Per
2248 2184 2390 2241 idem
2437 2194 2651 2257 tempus
2693 2189 2773 2243 vir
2811 2190 3031 2258 quidam
3063 2194 3272 2247 exstitit
3313 2195 3615 2251 Pbiloraeus

2040 2277 2279 2353 nomine,
2305 2276 2532 2347 stipator
2561 2279 2807 2346 magistri
2838 2278 3067 2336 Romani
3101 2282 3337 2349 Moselis,
3364 2286 3610 2356 prognati

2040 2382 2069 2420 a
2112 2350 2357 2422 Romano
2384 2382 2534 2424 sene.
2574 2370 2622 2423 ls
2648 2370 2731 2423 vir
2763 2371 2957 2440 injecta
2986 2380 3145 2428 veste
3164 2389 3304 2443 equo
3326 2377 3610 2431 celerrimo

2038 2460 2087 2513 ei
2119 2458 2401 2514 insistebat
2425 2471 2625 2522 rectus.
2648 2463 2880 2533 gladium
2912 2466 3164 2519 manibus
3185 2476 3423 2537 gestans,
3447 2484 3605 2537 quem

2036 2565 2175 2618 equo
2204 2551 2631 2607 concitatissime
2660 2565 2917 2610 currente
2945 2567 3151 2623 rotans,
3181 2560 3429 2629 euripum
3462 2560 3606 2618 Circi

2034 2642 2403 2708 percurrebat,
2441 2643 2677 2713 gladiqu
2707 2659 2925 2701 sursum
2956 2646 3323 2717 deorsumque
3357 2664 3605 2719 versans,

2033 2743 2179 2785 etne
2209 2733 2495 2787 minimum
2524 2735 2741 2804 quidem
2769 2737 2992 2808 vestigio
3018 2754 3117 2793 suo
3148 2740 3392 2798 elabens.

2103 2996 2256 3072 'l‘unc
2285 2999 2447 3053 etiam
2483 3001 2717 3056 intendit
2758 3017 2877 3057 sese
2911 3004 3131 3060 morbus
3179 3005 3459 3074 pestilens,
3499 3022 3600 3063 no-

2030 3086 2177 3142 mine
2200 3089 2413 3152 crabra,
2434 3090 2756 3159 jamdudum
2784 3094 2949 3147 boves
2984 3094 3352 3153 Romanorum
3384 3106 3602 3155 tentans

2031 3188 2193 3248 atque
2228 3182 2480 3250 perdens.
2522 3182 2727 3237 Ferunt
2771 3184 2820 3239 id
2865 3187 3098 3254 cepisse
3147 3187 3451 3252 imperante
3488 3188 3598 3246 Ro-

2032 3287 2194 3327 mano
2244 3288 2396 3327 sene.
2452 3273 2586 3328 Cum
2626 3276 2770 3330 enim
2820 3279 3066 3346 proxime
3119 3278 3253 3333 Boni
3303 3281 3597 3338 cisternam

2033 3362 2287 3430 palatium
2340 3363 2427 3417 ille
2457 3365 2741 3427 conderet,
2797 3366 2850 3418 in
2893 3382 3000 3435 quo
3047 3382 3106 3421 sc
3134 3369 3203 3424 ab
3243 3371 3439 3425 ardore
3466 3372 3597 3429 solis

2030 3453 2219 3508 aestivo
2277 3454 2651 3523 refrigeraret.
2715 3456 2842 3510 dum
2901 3457 3255 3515 fundamenta
3310 3463 3595 3531 parantur,

2029 3544 2283 3599 effossum
2316 3546 2497 3600 ferunt
2526 3547 2679 3601 bovis
2713 3550 2999 3603 marmorei
3041 3561 3223 3619 caput,
3253 3553 3396 3621 quod
3424 3554 3494 3609 ab
3528 3555 3595 3611 iis

2027 3637 2119 3705 qui
2152 3648 2466 3706 repererunt
2509 3639 2845 3694 confractum
2887 3650 2941 3695 ct
2988 3642 3042 3695 in
3094 3642 3369 3699 fornacem
3417 3647 3593 3702 calca-

2026 3728 2160 3783 riam
2197 3729 2453 3798 injectum
2495 3739 2600 3786 est.
2635 3732 2712 3785 Ex
2752 3747 2818 3785 eo
2862 3742 3108 3803 tempore
3145 3736 3198 3793 in
3242 3736 3387 3792 hunc
3422 3754 3591 3808 usque

2024 3821 2165 3874 diem
2213 3822 2383 3890 pestis
2415 3832 2659 3877 armenta
2706 3824 2868 3877 boum
2917 3840 3012 3890 per
3047 3828 3356 3883 universam
3394 3829 3590 3885 Roma-

2024 3928 2218 3967 norum
2243 3914 2504 3968 ditionem
2538 3915 2793 3971 infestare
2822 3934 3098 3988 nunquam
3124 3920 3306 3975 desiit.

2089 4213 2257 4270 Porro
2279 4214 2574 4285 imperator
2590 4217 2777 4273 uxoris
2795 4217 3053 4275 instinctu
3076 4220 3331 4277 llelenam
3358 4234 3582 4281 matrem

2016 4312 2071 4360 et
2100 4320 2316 4360 sorores
2345 4321 2471 4360 suas
2509 4307 2919 4365 aula-amovere
2950 4320 3004 4365 et
3030 4312 3082 4366 in
3105 4314 3363 4382 palatium
3394 4319 3584 4372 Antin-

2015 4393 2102 4447 chi
2134 4395 2374 4464 relegare
2392 4397 2599 4450 statuit.
2628 4394 2783 4462 Quod
2809 4400 2897 4454 ubi
2930 4401 3147 4457 rescivit
3169 4403 3329 4476 3“
3354 4406 3578 4470 Helena,

2012 4486 2079 4540 ad
2143 4486 2527 4556 quiritationes
2563 4499 2614 4545 el
2650 4494 3051 4549 exsecrationes
3102 4514 3360 4554 conversa
3412 4501 3577 4556 lilium

2011 4593 2198 4634 earum
2229 4590 2375 4635 metu
2415 4599 2443 4636 a
2494 4585 2771 4654 proposito
2811 4586 3094 4646 deterruit.
3126 4600 3316 4658 estque
3346 4594 3578 4661 permis—

2009 4682 2129 4722 sum
2156 4670 2207 4723 ei
2232 4680 2289 4722 ut
2325 4671 2377 4724 in
2409 4672 2610 4741 palatio
2635 4685 2899 4730 maneret.
2938 4676 3165 4733 Sorores
3201 4688 3378 4735 tamen
3410 4696 3573 4751 opera

2006 4758 2251 4823 Joannis,
2291 4762 2380 4830 qui
2430 4760 2676 4817 Studiani
2736 4767 3049 4821 monasterii
3098 4775 3214 4822 erat
3264 4770 3570 4839 praefectus.

2007 4850 2228 4905 abduxit
2263 4851 2560 4922 imperator
2586 4864 2641 4911 et
2684 4860 2980 4914 monaehas
3025 4860 3185 4926 fecit;
3224 4878 3345 4931 quae
3389 4867 3568 4920 statim

2007 4954 2074 4993 eo
2100 4940 2342 5010 digresso
2375 4954 2576 4998 vestem
2609 4948 2963 5002 monasticam
2993 4962 3261 5006 exuerunt
3288 4962 3342 5006 et
3377 4969 3568 5012 carnes

2007 5033 2425 5087 manducaruut.
2454 5035 2650 5089 Helena
2683 5036 2817 5092 filias
2835 5040 2955 5093 aula
2984 5050 3157 5095 motas
3177 5044 3457 5113 aegerrime
3478 5055 3567 5100 tu-

2004 5122 2083 5180 lit,
2117 5138 2293 5192 neque
2331 5124 2424 5178 diu
2457 5126 2774 5195 supervixit,
2819 5129 2912 5183 sed
2942 5130 3083 5184 diem
3120 5148 3273 5185 suum
3308 5134 3449 5188 obiit
3478 5134 3567 5190 die

326 5187 438 5239 τῶν
464 5186 781 5256 θυγατέρων
806 5191 1101 5258 καταγωγῇ
1128 5189 1568 5259 περιαλγήσασα,
1593 5192 1677 5243 καί
1706 5191 1897 5258 μικρὸν
1999 5212 2067 5267 gn

1821 5191 1897 5293 ξδν
1999 5212 2071 5267 2ο
2105 5186 2461 5283 Septembris,
2496 5186 2794 5273 indictione
2834 5222 2884 5275 5.
2922 5222 2989 5276 Et
3014 5223 3178 5293 regali
3209 5186 3562 5281 funereielata

328 5276 641 5343 ἓτιιζήσασα
699 5276 910 5345 χρόνον,
952 5280 1015 5347 τῇ
1071 5283 1119 5330 κ’
1167 5275 1260 5329 τοῦ
1295 5278 1667 5346 Σεπτεμϐρίου
1706 5278 1892 5347 μηνὸς,

324 5372 428 5439 τῆς
457 5368 497 5422 ε’
534 5370 881 5432 ἰνδικτιῶνος,
923 5367 1155 5433 ἀπεϐίω,
1192 5370 1287 5422 καὶ
1331 5369 1623 5439 βασιλικῶς
1667 5374 1891 5438 ἐκκομι-

328 5459 521 5513 σθεῖσα
546 5462 722 5529 ἐτάφη
753 5463 811 5512 ἐν
836 5464 902 5529 τῇ
943 5461 1177 5529 λάρνακι
1197 5460 1290 5514 τοῦ
1322 5461 1548 5531 πατρός.

404 5552 713 5621 Νικηφόρος
744 5553 800 5605 δὲ
842 5554 871 5603 ὁ
913 5554 1126 5603 «Damae.
1169 5553 1245 5609 ὡς
1286 5552 1595 5625 ἔμπροσθεν
1654 5556 1887 5624 εἴρηται,

2004 5304 2055 5357 in
2083 5321 2261 5359 arcam
2296 5309 2461 5375 patris
2498 5318 2581 5362 est
2606 5311 2900 5365 recondita.

2072 5557 2412 5628 Nicephorus
2474 5571 2652 5615 autem
2700 5560 2907 5619 Pllocas
2961 5564 3140 5627 Cri-ta,
3176 5570 3253 5623 uti
3304 5569 3558 5638 diximus,

1436 5729 1788 5785 XYLANDRI
1827 5731 1912 5785 ΕΤ
1953 5731 2157 5788 COARI
2217 5735 2441 5791 ΝΟΤᾸἿ.

398 5822 476 5881 (5)
521 5822 827 5879 Nefandum
867 5826 1147 5879 nuonachis
1181 5824 1381 5879 Graecis
1440 5825 1669 5891 facinus,
1723 5828 1887 5882 etiam
1927 5830 2160 5898 aegrotis.
2193 5829 2360 5885 ϐολῇ,
