4410 6452
830 395 900 461 79
2086 399 2402 456 GEtlIiC-ll
2442 398 2775 455 (IEDHE‘NI
4002 405 4069 464 δυ

827 522 1011 588 jussus
1034 514 1295 569 decedere
1326 515 1392 564 ita
1423 523 1502 564 est
1534 520 1584 565 ut
1623 526 1728 563 non
1765 511 1953 564 liceret
1980 510 2024 560 «ιὶ
2050 509 2238 578 (Zpolin
2273 508 2395 559 in.|e
2426 515 2465 567 Α
2502 524 2568 577 πρ

2336 508 2395 559 .le
2426 515 2465 567 Α
2502 507 2867 577 προσταχθεὶς
2901 508 2965 561 ἐκ
3010 508 3233 579 Κρήτης
3270 508 3583 563 ἐπανελθεῖν
3618 513 3678 563 ού
3723 514 4066 583 συνεχωρήθη

831 607 1009 663 redire
1043 624 1055 662 :
1091 604 1183 659 sed
1209 602 1522 657 mandatum
1555 612 1637 656 est
1667 612 1720 655 ut
1751 617 1871 655 cum
1904 602 2046 651 onmi
2074 600 2311 652 exercitu
2342 598 2393 649 iu

827 700 1102 755 Orientem
1137 695 1409 751 transiret.
1434 693 1567 747 Nam
1603 695 1671 748 ab
1698 702 1918 761 accepta
1953 692 2105 745 clade
2134 707 2190 745 se
2229 691 2397 742 recol-

827 794 997 861 ligens
1022 787 1353 843 Chabdauus
1391 785 1502 855 jam
1535 799 1654 839 sese
1702 783 1962 851 erigebat,
1997 790 2293 849 coactoque
2326 779 2391 831 ad

828 897 1061 951 pugnam
1096 880 1293 935 idoneo
1326 879 1591 937 exercitu,
1636 876 1920 929 videbatur
1944 874 2165 944 jamjam
2197 872 2249 925 in
2286 873 2392 924 Ro-

830 987 1018 1027 manos
1048 979 1316 1026 moturus.
1355 968 1489 1022 Eum
1521 966 1748 1029 Pbocas,
1782 968 1834 1020 in
1886 965 2095 1036 Syriam
2131 973 2186 1017 ut
2226 963 2393 1025 venit,

829 1065 1024 1134 proelio
1054 1052 1333 1132 superavit
1361 1074 1424 1113 ac
1455 1057 1615 1121 fudit,
1651 1066 1706 1110 et
1742 1057 1795 1110 in
1844 1055 2051 1125 Syriam
2085 1053 2396 1108 interiorem

828 1155 1116 1224 Compulit;
1146 1153 1332 1207 urbem
1377 1150 1689 1205 Berrbaaam
1718 1157 1939 1217 excepta
1970 1161 2093 1199 arce
2113 1144 2395 1207 evastavit,

828 1262 1156 1319 magnasque
1191 1245 1262 1300 ibi
1309 1258 1462 1312 opes,
1496 1241 1731 1312 praedam
1788 1238 2108 1307 locupletem
2155 1246 2209 1291 et
2257 1238 2398 1291 mul-

828 1350 910 1395 tos
945 1340 1186 1410 captivos
1243 1337 1498 1398 abduxit,
1557 1332 1797 1387 liberatis
1860 1331 2027 1382 etiam
2077 1338 2131 1383 et
2178 1330 2395 1383 domum

826 1430 1069 1485 dimissis
1121 1427 1443 1483 CitriSIiauis
1497 1425 1589 1494 qui
1654 1421 1725 1474 ibi
1773 1418 1968 1488 t'aptivi
2026 1420 2227 1473 detenti
2284 1419 2397 1472 Ῐιιεν

830 1534 972 1578 rant.

900 1794 1056 1846 Anno
1097 1788 1279 1842 mundi
1312 1787 1439 1839 6t7l
1470 1798 1711 1837 morantis
1748 1792 1825 1834 cst
1864 1776 2395 1841 Romanusimpera-

2499 600 2759 653 εἰσελθεῖν
2790 602 2869 662 είς
2896 601 2994 669 τὴν
3017 601 3429 669 βασιλεύουσαν,
3469 600 3584 653 ἀλλ’
3627 602 3685 653 ἐν
3715 606 3778 672 τῇ
3807 604 4066 674 Ἀνατολῇ

2500 691 2797 762 ἐκελεύσθη
2833 691 3242 761 παραγενέσθαι
3276 693 3416 761 μετὰ
3467 692 3670 754 παντὸς
3693 694 3787 745 τοῦ
3813 694 4068 764 στρατοῦ.

2514 780 2949 851 Ἀναλαμὸάνων
2976 778 3084 851 γάρ
3118 782 3309 833 ἐαυτὶν
3355 783 3419 834 ἐκ
3468 782 3567 851 τῆς
3600 783 3872 853 προτέρας
3902 786 4071 855 ἥττης

2498 873 2525 924 ὁ
2581 872 2801 926 Χαϐδᾶν
2846 873 3143 942 ἀναφέρειν
3203 872 3406 942 ἧρξατο
3463 873 3646 937 πάλιν,
3708 875 3803 927 καὶ
3844 877 4072 941 στρατὸν

2501 964 2799 1034 ἀξιόμαχον
2849 963 3147 1033 ἠθροικὼς,
3183 963 3549 1035 προσδόκιμος
3586 962 3659 1037 ἦν
3710 967 4070 1036 ἐπιθήσεσθαι

2498 1057 2611 1117 τοῖς
2661 1056 2949 1126 Ῥωμαίων
2994 1057 3223 1126 ἄρχουσί
3256 1075 3311 1110 τε
3345 1060 3438 1110 καὶ
3469 1060 3808 1127 πράγμασιν.
3845 1060 3984 1111 Ἀλλ’
4016 1060 4071 1112 ἐν

2501 1148 2673 1218 Συρίᾳ
2704 1149 2997 1218 γενόμενος
3019 1152 3045 1202 ὁ
3078 1151 3293 1213 Φωκᾶς,
3326 1149 3422 1201 καὶ
3454 1150 3680 1220 σταδαῖα
3709 1150 3855 1223 μάχῃ
3884 1150 4069 1203 τοῦτον

2498 1239 2864 1307 τρεψάμενος,
2896 1242 2989 1299 καὶ
3028 1241 3171 1293 κατὰ
3215 1240 3419 1310 κράτος
3450 1243 3711 1313 ἡττήσας,
3748 1244 3842 1295 καὶ
3892 1245 3971 1305 είς
4004 1244 4069 1296 τὰ

2501 1330 2755 1399 ἐνδότερα
2785 1332 2883 1399 τῆς
2930 1331 3126 1401 Συρίας
3154 1332 3452 1395 ἀπελάσας,
3484 1335 3584 1403 τὴν
3617 1333 3771 1385 πόλιν
3812 1333 4071 1404 Βέρῤοιαν

2496 1421 2835 1492 ἐξεπόρθησε
2861 1423 2985 1491 δίχα
3013 1423 3113 1492 τῆς
3142 1424 3623 1490 άκροπόλεως,καὶ
3654 1426 3821 1479 πολὺν
3843 1426 4071 1479 πλοῦτον

2505 1515 2655 1566 λείαν
2702 1516 2791 1566 καὶ
2841 1516 3223 1583 αἰχμαλώτους
3279 1515 3499 1579 ἔλαϐεν,
3554 1514 3927 1585 ἐλευθερώσας
3979 1516 4072 1568 καὶ

2500 1606 2624 1666 τοὺς
2661 1606 2837 1656 ἐκεῖσε
2872 1605 3127 1673 δεσμίους
3155 1608 3551 1676 κατεχομένους
3586 1609 3943 1677 Χριστιανοὺς
3980 1607 4071 1660 καὶ

2502 1696 2587 1744 ἐπ’
2610 1695 2758 1745 οἴκου
2806 1695 3119 1763 ἐκπέμψας.

2576 1791 2634 1837 ιε’
2663 1785 2718 1836 δὲ
2765 1788 3011 1856 Μαρτίου
3059 1786 3247 1857 μηνὸς,
3277 1791 3376 1858 τῆς
3407 1790 3460 1853 ς’
3494 1790 3841 1854 ἱνδικτιῶνος,
3876 1791 3932 1842 ἐν
3962 1790 4072 1841 ἔτει

831 1895 933 1947 tur,
970 1884 1035 1937 15
1056 1884 1143 1934 die
1175 1880 1343 1932 Martii
1376 1876 1534 1947 345
1565 1875 1787 1937 mensis,
1822 1872 2114 1925 indictione
2141 1868 2194 1927 0,
2224 1882 2397 1918 mutus
2436 1886 2473 1937 υ
2506 1894 2572 1938 ,τι

2339 1882 2397 1918 “5
2436 1886 2473 1937 υ
2506 1875 2693 1943 ,τυοα’,
2719 1878 3039 1947 ἐτελεύτησε
3072 1880 3348 1949 Ῥωμανὸς
3378 1884 3406 1933 ὁ
3430 1881 3703 1950 βασιλεὺς,
3732 1882 3869 1934 ἐτῶν
3900 1882 4073 1951 ὑπάρ-

831 1987 989 2030 i.atus
1017 1973 1421 2043 24.1ιιιροι·;ιγίι
1448 1985 1622 2023 annos
1652 1971 1684 2021 ὖ
1716 1986 1783 2020 ua
1807 1982 1927 2018 uses
1946 1965 1976 2016 4
2006 1964 2121 2016 dies
2140 1964 2191 2015 ὅ.
2218 1959 2401 2013 Mortis

828 2084 1047 2122 t'utlS'Jtll
1077 2067 1166 2121 alii
1206 2065 1368 2119 fuisse
1406 2061 1645 2122 tradunt,
1680 2060 1820 2126 quod
1857 2056 2129 2109 luxuriuSa
2164 2062 2218 2104 et
2241 2050 2393 2103 volu-

830 2160 1063 2226 ptatibus
1091 2157 1269 2211 dedita
1303 2155 1408 2207 vita
1429 2151 1810 2221 corpusculum
1839 2148 2133 2201 attrivisset
2155 2161 2165 2196 :
2187 2142 2273 2195 alii
2312 2157 2399 2193 ve-

829 2267 972 2305 neno
994 2248 1317 2303 exstinctum
1343 2253 1553 2315 putant.
1576 2242 1865 2309 imperium
1884 2239 2002 2305 ejus
2025 2244 2195 2288 morte
2216 2234 2279 2285 ad
2308 2231 2396 2282 lla-

828 2337 1501 2395 siliumctCunstantiuum
1526 2322 1693 2402 ipsius
1719 2331 1853 2382 lilios
1883 2337 1936 2381 et
1965 2341 2150 2381 eorum
2172 2333 2396 2376 Illall't‘lll

831 2432 1286 2500 Tlieopbanoncm
1321 2429 1510 2488 rediit;
1547 2440 1664 2490 qua:
1690 2423 1852 2475 biduo
1875 2429 2002 2473 ante
2034 2428 2265 2471 mortem
2285 2430 2398 2469 ma-

830 2527 919 2580 t-iti
952 2526 1113 2578 tiliam
1133 2536 1348 2591 quoque
1369 2516 1700 2588 γυναι-ἱμειιί
1716 2520 1882 2567 Anna:
1905 2525 2098 2564 nomen
2128 2508 2392 2561 fecerunt.

829 2620 1046 2668 Matura
1066 2612 1453 2666 fuitRomauus
1473 2617 2005 2676 tu:tgua.quanquaut
2022 2609 2175 2670 patre
2198 2597 2394 2661 minor,

834 2706 1049 2773 ingenio
1070 2701 1280 2773 placido
1303 2716 1363 2754 ac
1389 2708 1693 2755 Ittansueto,
1732 2706 1785 2748 ct
1810 2692 2151 2748 mediocriter
2187 2688 2398 2742 anima-

833 2810 951 2862 tus;
987 2806 1041 2850 et
1064 2793 1309 2865 quamvis
1332 2800 1449 2846 erat
1477 2789 1708 2859 juvenis,
1740 2787 1867 2841 satis
1895 2786 1968 2839 illi
1998 2792 2176 2836 tamen
2206 2780 2399 2835 fuisset

834 2888 1031 2958 ingenii
1065 2901 1127 2939 ac
1171 2883 1517 2954 perspicacize
1546 2881 1610 2933 ad
1647 2878 2032 2948 rempublicam
2083 2874 2397 2945 gubernan-

831 2983 974 3042 dam,
1003 2978 1046 3033 si
1078 2978 1124 3030 ei
1155 2976 1206 3030 id
1248 2990 1344 3044 per
1370 2972 1602 3026 famulos
1628 2970 1883 3031 licuisset,
1913 2967 2004 3035 qui
2037 2981 2160 3019 eum
2184 2961 2398 3032 juveni-

832 3074 970 3124 libus
999 3065 1388 3137 cupiditatibus
1438 3079 1499 3116 ac
1553 3060 1747 3115 studiis
1773 3058 2015 3112 deditum
2051 3070 2171 3108 esse
2217 3052 2401 3107 volue-

836 3177 980 3227 runt,
1020 3171 1076 3216 ut
1101 3160 1202 3230 ipsi
1245 3157 1632 3225 rempublicam
1667 3162 1959 3207 tractantes
1990 3149 2234 3219 ingentes
2274 3162 2397 3199 cor-

835 3256 1088 3310 raderent
1113 3267 1278 3321 opes;
1315 3260 1476 3319 atque
1510 3248 1608 3301 hac
1640 3245 1847 3299 ratione
1891 3256 2011 3295 cum
2056 3241 2304 3310 ignavum
2345 3248 2399 3290 et
2427 3214 2467 3272 (ἶ

834 3353 1065 3404 inertem
1104 3345 1449 3414 redegerunt.

904 3525 1104 3580 Eadem
1137 3522 1170 3578 6
1198 3521 1513 3584 indictione,
1540 3534 1728 3574 mense
1752 3518 1941 3587 Aprili,
1970 3519 2124 3585 jussu
2144 3516 2400 3585 Augusta:

834 3616 1171 3685 Niccpltorns
1224 3611 1433 3667 Phocas
1478 3611 1666 3680 (Spolia
1721 3609 1889 3668 venit,
1936 3607 2197 3675 Josepbo,
2249 3618 2306 3658 ut
2347 3616 2400 3658 et

834 3720 979 3774 ante,
1008 3722 1075 3760 ne
1123 3706 1226 3759 boe
1269 3705 1422 3759 ﬁeret
1467 3704 1735 3756 obstante.
1782 3700 1939 3753 Duxit
1979 3699 2310 3767 trimnplium
2345 3698 2399 3750 in

832 3802 1011 3861 tlirco,
1046 3797 1284 3855 inferens
1309 3796 1360 3850 in
1393 3811 1455 3850 eo
1487 3794 1843 3849 Cretensiaet
1873 3790 2250 3845 Berrbaaensia
2283 3805 2401 3858 spo-

834 3893 924 3944 lia.
987 3889 1181 3941 Attulit
1228 3896 1286 3941 et
1341 3895 1548 3955 partem
1612 3883 1899 3952 quamdam
1959 3881 2124 3935 vestis
2177 3880 2403 3934 Joannis

837 3982 1122 4051 Baptista),
1187 3994 1347 4049 quam
1416 3977 1687 4031 llerrbma:
1740 3974 2030 4044 repositam
2099 3975 2400 4027 invenerat.

838 4077 1107 4130 Metuebat
1142 4076 1285 4128 hunc
1318 4072 1542 4141 Bringas
1566 4081 1620 4124 et
1655 4080 1968 4139 StISpeCIum
1993 4067 2225 4121 habebat
2264 4084 2276 4118 :
2309 4066 2405 4119 sed

836 4164 1171 4235 Nicepltorus
1201 4177 1324 4217 eum
1356 4161 1548 4217 callide
1580 4158 1741 4213 elusit
1781 4158 1885 4213 hoc
1906 4166 2235 4211 commento.
2263 4155 2405 4209 Plio—

844 4275 956 4319 cas,
983 4256 1147 4327 346
1186 4263 1465 4323 assumpto
1509 4267 1617 4306 uno
1650 4266 1872 4305 suorum
1927 4251 2271 4318 stipatorum,
2302 4248 2404 4301 sub

835 4351 1022 4402 lioram
1065 4346 1275 4417 prandii
1324 4346 1391 4397 ad
1442 4344 1660 4397 domum
1695 4341 1917 4411 Joseplii
1974 4356 2093 4394 sese
2143 4338 2402 4394 confert:

838 4438 1068 4509 pulsatis
1086 4437 1319 4497 foribus,
1343 4435 1560 4503 janitori
1586 4433 1804 4486 mandat
1827 4440 1959 4497 utjse
1976 4430 2166 4483 adesse
2183 4428 2403 4482 domino

835 4532 1062 4586 indicet.
1084 4529 1361 4583 Admissus
1376 4526 1612 4595 .losepbo
1631 4525 1858 4579 seorsim
1875 4523 2108 4577 abducto
2128 4521 2401 4575 indusium

834 4641 898 4678 ex
944 4623 1065 4693 pilis
1097 4629 1410 4675 contextum
1444 4617 1708 4680 ostendit,
1737 4618 2159 4684 jurameutoque
2198 4613 2399 4668 confir-

834 4723 947 4769 mat
973 4728 1031 4766 se
1068 4712 1185 4765 vitae
1216 4710 1527 4763 monasticae
1557 4707 1811 4777 cupidum
1840 4706 2162 4775 jampridem
2188 4705 2354 4761 fuisse
2383 4724 2395 4760 :

832 4821 951 4860 eam
1013 4804 1175 4872 bujus
1222 4801 1400 4855 saeculi
1436 4800 1581 4853 curis
1619 4798 1915 4865 repudiatis
1963 4798 2243 4857 initurum.
2294 4798 2398 4851 nisi

831 4898 1025 4952 fuisset
1052 4896 1230 4948 studio
1258 4902 1314 4947 et
1345 4892 1449 4946 fide
1474 4892 1527 4945 in
1557 4890 1975 4944 Constantinum
2008 4900 2063 4944 et
2088 4888 2395 4945 Romanum

834 5008 929 5045 sua
963 4989 1276 5059 impeditus.
1312 4986 1419 5041 Sed
1447 5001 1505 5041 se
1546 4984 1708 5055 paulo
1736 4994 1858 5053 post
1882 4984 2210 5037 desiderium
2242 4996 2399 5037 suum

834 5086 1205 5151 impleturum.
1228 5077 1512 5132 Sulnnisse
1534 5075 1864 5131 contendere
1885 5075 1954 5128 ab
1977 5075 2095 5143 ipso
2111 5088 2181 5127 ne
2202 5073 2401 5127 frustra

832 5176 901 5228 de
926 5188 983 5227 se
1010 5174 1245 5224 alienum
1292 5169 1493 5238 aliquid
1527 5169 1851 5236 suspicetur.
1890 5166 2000 5220 Hoc
2039 5166 2151 5220 viso
2181 5165 2402 5236 Bringas

834 5267 1015 5317 statim
1044 5262 1235 5315 l’boca':
1264 5262 1330 5314 ad
1365 5260 1533 5330 pedes
1563 5258 1758 5312 accidit
1788 5268 1839 5312 et
1864 5258 2076 5311 veniam
2120 5256 2397 5326 flagitavit,

835 5355 1105 5425 pollicitus
1136 5352 1341 5407 nemini
1372 5368 1429 5407 se
1454 5350 1748 5420 quidquam
1792 5350 1857 5403 de
1886 5364 1952 5403 eo
1979 5348 2245 5402 deferenti
2278 5364 2399 5402 cre-

834 5449 1097 5502 diturum.
1125 5444 1403 5500 Metuebat
1424 5444 1584 5498 etiam
1617 5441 1952 5511 Stephanum
1978 5441 2207 5497 Romani
2237 5442 2405 5499 filium

2505 1987 2613 2038 χιον
2648 1969 2744 2030 κδ’,
2778 1969 3096 2039 βασιλεύσας
3143 1971 3237 2042 ἔτη
3287 1974 3352 2040 ιγ’
3395 1974 3492 2044 (6)“
3526 1974 3699 2044 μῆνας
3738 1974 3779 2026 δ’
3802 1974 3898 2027 κοιλ⁵
3935 1976 4076 2042 ἡμέ-

2508 2078 2604 2129 ρας
2634 2060 2695 2123 ε’,
2729 2061 2804 2122 ὡς
2842 2064 2941 2129 μέν
2968 2079 3135 2125 τινες,
3169 2063 3231 2116 τὸ
3250 2064 3449 2117 ἐαυτοῦ
3482 2066 3707 2133 σαρκίον
3732 2081 4073 2133 προκατανα-

2504 2152 2681 2212 λὼσας
2718 2155 2838 2214 ταῖς
2874 2155 3184 2222 αἰσχίσταις
3216 2156 3308 2207 καὶ
3339 2155 3642 2225 φιληδόνοις
3686 2157 3971 2226 πράξεσιν,
3999 2156 4073 2217 ὡς

2502 2244 2547 2294 δ’
2584 2246 2765 2313 ἕτερος
2803 2245 2917 2314 ἔχει
2945 2246 3125 2313 λόγος,
3159 2249 3470 2317 φαρμάκοις
3519 2249 3845 2320 ἀναιρεθείς.
3893 2248 4078 2300 Διαδέ-

2504 2353 2686 2403 χυνται
2725 2337 2781 2388 δὲ
2810 2338 2907 2406 τὴν
2939 2337 3102 2390 αὑτοῦ
3148 2339 3423 2407 βασιλείαν
3469 2340 3758 2403 Βασίλειος-
3792 2339 3887 2393 καὶ
3919 2341 4071 2391 Κωνο

2504 2430 2778 2490 σταντῖνος
2801 2429 2849 2480 οἱ
2884 2430 3071 2493 παῖδες
3112 2430 3276 2485 αὑτοῦ
3327 2434 3424 2484 σὺν
3455 2433 3719 2500 Θεοφανοῖ
3762 2434 3829 2501 τῇ
3881 2432 4070 2500 μητρὶ,

2502 2518 2787 2588 τεχθείσης
2814 2521 2963 2590 αύτῷ
3002 2524 3095 2576 καὶ
3128 2522 3400 2593 θυγατρὸς
3456 2526 3563 2593 πρὸ
3596 2525 3689 2578 δύο
3725 2526 3947 2595 ἡμερῶν
3981 2526 4075 2592 τῆς

2500 2610 2666 2664 αὐτοῦ
2723 2614 3014 2679 τελευτῆς,
3050 2616 3117 2683 ἣν
3155 2616 3352 2668 Ἄνναν
3402 2617 3714 2685 ὠνόμασαν.
3772 2616 3881 2668 Ἷιν
3939 2617 3992 2667 δὲ
4047 2618 4074 2667 ό

2511 2703 2790 2771 Ῥωμανὸς
2824 2704 2995 2774 μέγας
3026 2707 3124 2776 τὴν
3153 2706 3396 2776 ἡλικίαν,
3430 2710 3477 2761 εἰ
3504 2710 3598 2762 καὶ
3631 2709 3866 2762 ἐλάττων
3890 2704 3956 2778 ἦν
3982 2708 4075 2760 τοῦ

2506 2795 2728 2865 πατρὸς,
2774 2795 2833 2848 τὸ
2885 2792 3015 2866 ἦθος
3066 2799 3271 2867 ἥμερον
3322 2797 3462 2867 ἔχων
3515 2800 3610 2850 καὶ
3661 2802 3854 2870 πρᾶον,
3884 2800 3978 2851 καὶ
4018 2800 4076 2851 τὸ

2503 2890 2756 2957 φρόνημα
2795 2889 3032 2959 μέτριον,
3072 2891 3287 2961 Καίπερ
3317 2892 3373 2945 δέ
3409 2893 3525 2955 νέος
3553 2894 3649 2959 ὢν,
3694 2895 3942 2964 ἀγχίνους
3978 2890 4069 2965 ἦν,

2506 2981 2599 3031 καὶ⁵
2634 2981 2781 3046 ὀξὺς,
2832 2983 2924 3034 xai
2970 2984 3038 3036 τὰ
3098 2985 3350 3038 πολιτικὰ
3411 2986 3681 3058 κυϐερνᾷν
3712 2989 4061 3051 ἱκανώτατος,

2504 3074 2662 3143 εἴπερ
2687 3075 2795 3144 ἄρα
2826 3079 3187 3146 συνεχωρεῖτο
3211 3079 3361 3148 παρᾶ
3382 3080 3491 3131 τῶν
3523 3079 3891 3150 θεραπόντων.
3916 3081 4076 3133 Ἀλλά

2504 3164 2694 3217 τοῦτον
2730 3168 2778 3217 οἱ
2807 3168 3130 3219 οἰκειότατοι
3161 3172 3282 3232 ταῖς
3307 3171 3403 3239 τῆς
3438 3172 3688 3241 νεότητος
3718 3172 4076 3235 ἐκδεδωκότες

2503 3256 2737 3324 ὁρμαῖς,
2802 3259 2867 3309 ἵν’
2931 3261 3130 3311 ἐκεῖνοι
3179 3267 3243 3313 τὰ
3298 3262 3452 3315 κοινὰ
3516 3264 3791 3331 μετιόντες
3848 3263 4075 3315 πλοῦτον

2503 3347 2711 3413 ἄφατον
2737 3349 3281 3421 ἀποθησαυρίσωσιν,
3305 3353 3667 3424 άνενέργητον
3700 3355 3793 3409 καὶ
3815 3356 4073 3423 ἀνεπιτή-

2505 3438 2643 3489 δειον
2673 3441 3039 3509 ἀπεφήναντο.

2590 3529 2883 3602 Ἀπριλλίῳ
2928 3533 2985 3586 δὲ
3037 3537 3187 3604 μηνὶ,
3235 3536 3332 3605 τῆς
3380 3537 3552 3605 αὐτῆς
3612 3534 3664 3601 ς’
3722 3537 4073 3598 ίιδικτιῶνος.

2507 3622 2728 3676 εἴσεισιν
2764 3626 2790 3676 ὁ
2819 3626 3010 3686 litt-mai;
3047 3627 3363 3699 Νικηφόρος
3395 3632 3457 3697 τῇ
3497 3632 3592 3695 τῆς
3640 3630 3926 3697 δεσποίνης
3982 3648 4069 3682 κε-

2508 3713 2711 3777 λεύσει,
2750 3716 2845 3767 ’τοῦ
2894 3716 3093 3784 Ἰωσὴφ
3129 3720 3383 3790 καθάπερ
3420 3722 3513 3772 καὶ
3544 3721 3711 3773 πάλαι
3756 3722 4076 3785 κωλύοντοί,

2508 3808 2566 3857 ἐν
2601 3806 3171 3862 Κωνσταντινουπόλει
3196 3827 3209 3839 ’
3237 3813 3324 3863 καὶ
3366 3812 3472 3863 ἀπὸ
3513 3812 3618 3863 τῶν
3647 3815 3708 3863 ἐκ
3731 3813 3827 3880 τῆς
3856 3814 4075 3879 Κρήτης

2507 3894 2762 3965 λαφύρων
2795 3897 2888 3948 καὶ
2917 3897 3017 3965 τῆς
3064 3900 3324 3970 Βερροίας
3373 3900 3769 3970 ἐθριάμϐευσεν
3800 3904 3856 3952 ἐν
3882 3903 3957 3971 τῷ
3988 3907 4071 3955 ἱπ-

2508 3988 2784 4059 ποδρόμῳ,
2829 3992 3061 4059 κομίσας
3113 3998 3204 4045 καὶ
3260 3995 3425 4064 μέρος
3465 4013 3516 4046 τι
3566 3995 3659 4046 τοῦ
3718 3997 3932 4065 ίματὶου
3982 3997 4074 4049 τού

2509 4080 2815 4134 Βαπτιστοῦ
2885 4081 3158 4144 Ἰωάννου,
3212 4085 3351 4154 ὅπερ
3408 4083 3566 4155 εὗρεν
3598 4088 3655 4139 ἐν
3716 4092 3780 4156 τῇ
3845 4089 4073 4157 Βερροἔι

2508 4172 2949 4241 ἐναποκείμενον.
3002 4174 3082 4245 ῙΡ.
3127 4175 3252 4247 646]
3305 4176 3505 4229 Τοῦτον
3535 4177 3590 4229 δέ
3628 4178 3820 4231 ἐδεδίει
3881 4182 3972 4232 καὶ
4011 4181 4075 4231 δι’

2509 4264 2747 4331 ὑποψίας
2773 4261 2921 4333 εἶχεν
2946 4268 2972 4318 ό
3016 4266 3253 4336 Βρίγγας
3281 4284 3293 4296 ·
3323 4268 3438 4320 ἀλλ’
3469 4270 3713 4332 ὑπούλως
3750 4264 3901 4333 οὗτος
3944 4273 4075 4324 ύπο-

2509 4358 2834 4425 κρινάμενος
2866 4356 3207 4425 ἐξαπατῆσαι
3230 4357 3418 4411 τοῦτον
3447 4362 3631 4428 ἴσχυσε
3657 4364 3844 4431 τρόπῳ
3866 4364 4072 4431 τοιῷδε.

2511 4446 2648 4498 Ἕνα
2677 4447 2797 4498 τινὰ
2844 4446 2954 4499 ’τῶν
2988 4448 3351 4502 ὑπασπιστῶν
3382 4452 3619 4520 εἰληφὼς
3666 4458 3692 4505 ο
3722 4456 3913 4515 direxi;
3950 4460 4075 4523 περὶ

2438 4552 2482 4606 ί)
2510 4539 2659 4608 ὥραν
2686 4539 2907 4611 ἀρίστου
2940 4543 3019 4602 εἰς
3066 4542 3158 4593 τὸν
3190 4539 3336 4594 οἶκον
3370 4544 3553 4596 ἄπεισι
3597 4544 3691 4597 τοῦ
3724 4548 3941 4616 Ἰωσὴφ,
3984 4548 4075 4599 καὶ

2510 4632 2683 4700 κόψας
2735 4631 2832 4700 τὴν
2878 4631 3050 4700 θύραν
3090 4635 3239 4695 ὅστις
3288 4634 3371 4703 εἴη
3433 4638 3657 4704 μηνύειν
3692 4638 3942 4690 ἐκέλευσε
4001 4638 4077 4707 τῷ

2512 4719 2762 4789 θυρωρῷ.
2816 4721 3171 4789 Μηνύσαντος
3212 4724 3269 4775 δέ
3308 4723 3616 4787 κελευσθεὶς
3664 4726 3951 4787 ἐπείσεισι,
3984 4728 4075 4778 καὶ

2510 4812 2627 4864 κατ’
2674 4810 2810 4863 ἰδίαν
2856 4812 3189 4883 παραλαϐὼν
3236 4814 3328 4867 τὸν
3375 4814 3575 4883 Ἰωσὴφ
3627 4816 3896 4869 δείκνυσιν
3929 4816 4076 4887 αύτῷ

2505 4903 2746 4973 τρίχινον
2763 4903 2988 4973 ἱνδυμα,
3010 4906 3147 4976 ὅπερ
3176 4906 3387 4961 ἔνδοθεν
3407 4908 3516 4960 τῶν
3544 4910 3772 4979 ἱματίων
3786 4910 4072 4979 ἠμφίεστο,

2508 4996 2600 5048 καὶ
2632 4994 2751 5063 μεθ’
2781 4996 2958 5066 ὅρκων
2986 4995 3436 5069 ἐπληροφόρησεν
3467 5000 3541 5063 ὡς
3564 5001 3661 5070 τὴν
3687 5003 3794 5052 τῶν
3827 5004 4075 5072 μοναχῶν

2507 5085 2886 5155 ἀσπαζόμενος
2936 5088 3212 5141 πολιτείαν
3266 5091 3435 5144 πάλαι
3502 5093 3567 5145 ἂν
3624 5093 3979 5161 περιεϐάλετο
4020 5097 4076 5146 τὸ

2510 5178 2695 5244 σχῆμα
2736 5179 2830 5229 καὶ
2871 5179 2980 5231 τῶν
3010 5178 3279 5247 βιωτικῶν
3312 5183 3661 5254 ὑπεξήγαγεν
3688 5188 3878 5238 ἐαυτὲιν
3911 5207 4043 5255 (τερον

2508 5268 2688 5327 τίδων,
2722 5270 2771 5320 εἰ
2811 5270 2883 5338 μὴ
2938 5272 3171 5339 ἐπέσχεν
3200 5274 3363 5326 αὑτὸν
3393 5278 3424 5344 ἡ
3457 5277 3566 5328 τῶν
3596 5278 3860 5346 βασιλέων
3908 5297 4074 5347 προσ-

2511 5359 2710 5410 πάθεια
2758 5361 3167 5414 Κωνσταντίνου
3219 5366 3309 5415 καὶ
3358 5365 3656 5434 Ῥωμανοῦ,
3715 5373 3807 5420 καὶ
3862 5372 4074 5438 μέλλειν

2515 5451 2638 5501 ὅσον
2669 5449 2821 5502 οῦπω
2857 5452 2947 5502 τὸν
2976 5454 3174 5505 οἰκεῖον
3205 5456 3553 5526 ἐκπληρῶσαι
3599 5462 3797 5514 σκοπόν
3820 5478 3835 5493 ⁶
3876 5464 3967 5516 καὶ
4001 5464 4074 5534 μὴ

1954 5574 2305 5632 XYLANDRI
2360 5578 2443 5631 ΕΤ
2478 5580 2685 5635 GOARI
2728 5581 2949 5637 NOTAE.

908 5682 982 5747 (6)
1022 5680 1230 5733 Falsam
1276 5692 1396 5731 esse
1442 5677 1581 5730 banc
1639 5675 1974 5729 uumeralem
2030 5684 2237 5739 notam,
2300 5693 2406 5730 non

835 5750 1071 5802 Zonaras
1104 5748 1287 5812 modo,
1324 5748 1417 5800 sed
1452 5747 1620 5798 tuulto
1667 5747 1868 5798 certius
1895 5760 2243 5798 numerorum
2274 5748 2409 5799 ratio

836 5826 994 5873 uacet
1051 5818 1247 5872 Confer
1280 5818 1425 5873 enim
1464 5816 1608 5869 hunc
1639 5832 1840 5868 annum
1876 5830 1997 5869 cum
2029 5831 2170 5869 anno
2208 5817 2299 5885 qui
2336 5819 2402 5870 ad

2517 5678 3109 5759 mortem.Consta_ntiui
3154 5686 3320 5752 patris
3354 5688 3470 5755 ejus
3513 5699 3590 5731 με·
3636 5690 3940 5753 adamatus,
3990 5693 4072 5744 iu-

2511 5753 2700 5828 venies
2750 5753 3088 5807 intervallum
3136 5753 3401 5809 annorum
3461 5774 3567 5810 nou
3617 5777 3851 5828 amplius
3886 5778 4066 5818 trium.

2510 5816 2640 5870 Χῑι.
