4410 6452
439 396 505 464 Si
1506 405 2044 466 lllS'l‘ORlARUM
2077 403 2599 466 COMPENDIUM.
3609 399 3680 464 82

440 511 616 579 μάτην
647 509 1050 563 ὑποπτεύεσθαι
1077 510 1452 566 καθικέτευσε.
1479 512 1649 566 Τοῦτο
1671 513 2008 585 θεασάμενος
2040 543 2084 600 Δ
2113 511 2181 567 1ος

1944 530 2008 578 ὀς
2040 543 2084 600 Α
2113 511 2403 583 Iosephus,
2438 513 2713 568 vlventem
2747 510 3044 567 etiamnum
3095 523 3148 569 et
3177 512 3501 586 Methymna:
3524 527 3685 569 exsu-

436 603 463 653 ὁ
503 598 699 669 Ἰωσὴφ
758 600 946 653 πίπτει
998 600 1205 666 εύθέως
1239 605 1377 674 πρὸς
1421 603 1549 666 τοὺς
1603 604 1771 668 πόδας
1817 605 2005 666 αὐτοῦ,

438 694 730 762 μετάνοιαν
781 693 1051 764 ἐκζητῶν,
1094 695 1188 750 καὶ
1232 696 1306 758 ὡς
1337 697 1397 748 ού
1435 697 1714 751 πιστεύσει
1742 699 1848 752 τινὶ
1879 699 2014 768 πλη-

440 786 691 854 ροφορῶν
721 786 932 854 λέγοντί
965 804 1094 840 ποτε
1131 789 1252 841 κατ’
1296 787 1486 842 αὑτοῦ.
1524 790 1843 862 ’Υφεωρᾶτο
1878 792 1934 844 δὲ
1987 791 2014 842 ό

443 877 689 944 Βρίγγας
721 880 814 932 καὶ
850 879 1123 948 Στέφανον
1151 880 1242 932 τὸν
1267 879 1512 949 βασιλέα,
1536 885 1653 946 toi;
1685 883 1818 947 ζῶσι
1855 885 2015 954 μέχρι

433 967 558 1019 τότε
591 969 1100 1040 συναριθμούμενον
1125 969 1218 1024 καὶ
1244 970 1519 1041 ἐξόριστον
1544 973 1600 1026 ὲν
1627 973 1900 1043 Μηθύμνῃ
1937 975 2012 1044 (7)

432 1061 794 1130 τυγχάνοντα,
846 1064 940 1117 καὶ
971 1063 1060 1117 διά
1106 1064 1306 1127 παντὸς
1356 1065 1673 1135 ἐφρόντιζεν
1723 1065 1824 1118 ὑπὸ
1855 1067 2017 1137 ἀκρι-

2117 606 2346 671 tantem;
2371 617 2691 675 semperque
2710 603 2981 674 cogitabat
3015 605 3289 674 quomodo
3314 603 3536 660 arctiori
3561 619 3688 659 eum

2116 695 2359 751 custodia
2391 695 2812 766 constringeret.
2849 693 3048 748 Verum
3093 695 3404 765 Stephanus
3450 695 3506 751 in
3539 695 3694 751 festi-

2117 789 2284 844 vitate
2329 787 2509 859 magni
2560 787 2780 844 Sabbati
2831 786 3031 844 divinis
3073 787 3382 856 impertitus
3423 787 3692 860 mysteriis

2116 881 2302 937 subito
2340 879 2506 934 vitam
2563 893 2686 934 eum
2743 888 2916 935 morte
2963 879 3341 944 commutavit,
3368 880 3516 934 nulla
3541 888 3694 934 ante-

2119 987 2302 1045 gressa
2331 986 2516 1026 causa.
2547 971 2655 1026 Sed
2690 971 2946 1026 nimirum
2978 971 3316 1043 Theophano
3345 987 3494 1037 eum,
3518 986 3692 1041 quan-

2118 1078 2280 1134 quam
2313 1063 2502 1134 procul
2535 1072 2824 1130 remotum,
2857 1066 3094 1119 sustulit.

433 1151 701 1225 6εστέραν
740 1155 904 1209 αὐτὸν
950 1151 1090 1209 εἶναι
1127 1156 1393 1226 φυλακήν.
1438 1157 1578 1210 Ἀλλ’
1619 1158 1828 1220 ἐκεῖνος
1874 1156 2015 1211 κατά
2045 1156 2144 1225 τὴν
2183 1154 2378 1227 ἑορτὴν
2416 1155 2512 1210 τοῦ
2563 1156 2804 1227 μεγάλου
2855 1157 3135 1212 Σαϐϐάτου
3167 1158 3279 1213 τῶν
3321 1157 3483 1212 θείων
3560 1173 3692 1226 μετ-

433 1249 684 1318 εσχηκὼς
720 1249 1035 1319 μυστηρίων
1087 1250 1370 1317 αἰφνιδίως
1418 1251 1580 1312 εὐθὺς
1620 1250 1871 1322 τέθνηκε,
1917 1249 2190 1320 μηδεμιᾶς
2224 1250 2693 1320 προηγησαμένης
2755 1250 2955 1315 αἰτίας,
3002 1251 3137 1305 ἀλλὰ
3196 1251 3294 1320 τῆς
3356 1249 3692 1320 Θιοφανοῦς,

433 1342 481 1392 εἰ
509 1342 602 1393 καὶ
626 1339 910 1411 πόρρωθεν
929 1340 1260 1410 κατῴκιστο,
1294 1341 1785 1411 κατεργασαμένης
1820 1338 2002 1394 αὐτόν.

502 1453 709 1524 Πέτρος
745 1451 800 1506 δὲ
823 1454 850 1506 ό
883 1454 992 1508 τῶν
1023 1454 1350 1526 Βουλγάρων
1380 1455 1633 1525 βασιλεὺς
1659 1457 1757 1526 τὴν
1790 1457 2013 1528 εἰρήνην

433 1549 575 1616 τάχα
598 1544 997 1615 ἀνανεούμενος
1024 1546 1405 1618 ἀποθανούσης
1426 1547 1526 1618 τῆς
1551 1547 1716 1601 αὑτοῦ
1736 1546 2013 1614 γυναικὸς,

435 1639 673 1701 σπονδὰς
699 1635 836 1709 πρὸς
869 1637 995 1700 τοὺς
1026 1637 1266 1707 βασιλεῖς
1296 1638 1468 1704 ἔθετο,
1504 1639 1746 1710 ὁμήρους
1775 1639 1898 1702 δοὺς
1923 1638 2015 1692 καὶ

432 1731 561 1793 τοὺς
607 1730 841 1792 οἰκείους
863 1728 956 1782 δύο
1003 1729 1151 1792 υίοὺς
1177 1728 1412 1800 Βορίσην
1447 1731 1540 1783 καὶ
1580 1728 1886 1801 Ῥωμανόν⁶
1921 1730 2014 1782 καὶ

435 1820 576 1888 μετά
611 1815 807 1890 μικρὸν
834 1819 1067 1875 ἀπεδίω.
1105 1819 1170 1873 ΟΞ
1203 1820 1260 1873 δὲ
1292 1822 1400 1872 υἱοὶ
1429 1821 1593 1875 αὑτοῦ
1618 1823 1674 1873 ἐν
1704 1819 2013 1891 Βουλγαρία

433 1913 804 1984 ἐπέμφθησαν
842 1913 980 1984 μετά
1015 1911 1186 1966 ταῦτα
1232 1914 1315 1982 ἐφ’
1348 1905 1392 1981 ᾧ
1437 1915 1534 1984 τῆς
1567 1914 1829 1984 πατρῴας
1861 1915 2009 1967 ἀντι·

435 2004 660 2073 σχέσθαι
691 2003 989 2074 βασιλείας,
1044 2004 1284 2068 καὶτοὺς
1326 2005 1769 2076 κομητοπούλους
1797 2005 1874 2074 (8)
1905 2006 2004 2059 ἀπ-

432 2094 675 2163 είρξουσι
715 2097 816 2165 τῆς
851 2096 1040 2165 πρόσω
1065 2096 1254 2166 φορᾶς.
1281 2095 1445 2149 Δαδὶδ
1472 2095 1600 2166 γάρ,
1634 2097 1727 2148 καὶ
1749 2097 2008 2167 Μωῦσῆς,

434 2187 530 2238 καὶ
573 2185 810 2256 Ἀαρὼν,
858 2185 953 2239 καὶ
993 2186 1268 2257 Σαμουὴλ,
1299 2187 1416 2251 ἑνὸς
1460 2187 1612 2251 ὄντες
1664 2188 1853 2252 παῖδες
1905 2187 2012 2241 τῶν

437 2277 585 2344 μέγα
611 2278 950 2348 δυνηθέντων
986 2278 1042 2331 ὲν
1071 2278 1383 2350 Βουλγαρίᾳ
1406 2281 1686 2350 κομὴτων,
1708 2280 1844 2350 πρδς
1874 2279 2014 2334 ἀπο-

435 2369 664 2423 στασίαν
701 2371 922 2423 ἀπεῖδον
963 2372 1055 2423 καὶ
1101 2371 1168 2424 τὰ
1195 2371 1518 2442 Βουλγάρων
1573 2374 1838 2430 ἀνέσειον,
1898 2375 2010 2428 Καὶ

431 2464 608 2513 ταῦτα
645 2462 745 2532 μὲν
783 2463 1086 2533 συνηνέχθη
1122 2456 1244 2517 ὧδε.

516 2555 574 2608 'O
612 2557 668 2608 δὲ
715 2555 956 2627 Βρίγγας
993 2554 1049 2610 ὃν
1083 2556 1314 2628 εἴπομεν
1343 2558 1544 2627 τρόπον
1575 2560 1876 2630 ἀπατηθεὶς
1911 2563 2013 2616 ὑπὸ

432 2644 528 2697 τοῦ
571 2644 912 2717 Νικηφόρον,
949 2648 1042 2700 καὶ
1073 2646 1260 2699 τοῦτον
1315 2646 1480 2710 ἐάσας
1515 2647 1694 2702 οἶκαδε
1737 2648 2014 2715 ἀπελθεῖν,

436 2736 789 2806 μετεμέλετο,
851 2739 947 2790 καὶ
997 2739 1054 2790 έν
1114 2737 1275 2808 δεινῷ
1329 2739 1566 2791 ἐποιεῖτο
1623 2739 1814 2809 ὅτιπερ
1867 2740 2017 2805 ὲντδς

433 2825 657 2896 ἀρκύων
697 2827 836 2897 ἔχων
869 2827 930 2880 τὸ
965 2827 1192 2899 θήραμα
1239 2827 1396 2881 ἔλαθε
1438 2828 1596 2882 τοῦτο
1634 2829 2016 2900 φρενοϐλαὸῶς

436 2919 848 2988 προηκάμενος.
885 2918 1190 2990 Ἐμερίμνα
1206 2917 1337 2986 γοῦν
1361 2918 1478 2982 πῶς
1506 2920 1601 2974 καὶ
1639 2920 1764 2992 ποίᾳ
1803 2923 2014 2992 μηχανῇ

434 3007 537 3078 τῆς
571 3010 678 3062 ἀπὸ
716 3008 919 3062 τούτων
967 3008 1264 3080 ἀπολυθείη
1316 3009 1624 3078 φροντίδος.
1677 3011 1786 3064 Καὶ
1839 3012 2017 3076 ἔδοξεν

436 3100 585 3169 αὖτῷ
611 3101 1067 3154 λυσιτελέστατον
1096 3096 1237 3154 εἶναι
1269 3102 1403 3170 πρὸς
1429 3102 1684 3172 Ἰωάννην
1717 3103 2016 3174 μάγιστρον

2188 1450 2296 1509 Per
2345 1454 2487 1509 idem
2517 1463 2730 1523 tempus
2775 1453 2970 1510 Petrus
3011 1453 3365 1524 Bulgarorum
3415 1454 3689 1527 princeps,

2119 1557 2332 1602 mortua
2365 1561 2464 1603 sua
2511 1560 2702 1611 uxore,
2753 1547 3078 1600 renovanda:
3123 1545 3272 1616 pacis
3313 1561 3480 1601 causa
3517 1545 3695 1602 foedus

2118 1656 2239 1695 cum
2273 1638 2697 1710 imperatoribus
2727 1637 2841 1701 icit,
2869 1637 3199 1708 obsidesque
3237 1637 3329 1694 dat
3357 1637 3518 1711 347
3554 1639 3695 1694 ﬁlios

2118 1747 2246 1787 suos
2268 1731 2496 1787 Borisen
2540 1739 2596 1786 et
2625 1729 2968 1797 Romanum;
3001 1744 3064 1784 ac
3095 1730 3256 1800 paulo
3288 1738 3412 1800 post
3443 1730 3692 1784 moritur.

2120 1819 2237 1875 Filii
2268 1821 2388 1891 ejus
2435 1821 2491 1875 in
2535 1821 2843 1888 Bulgariam
2889 1821 3269 1884 remittuntur,
3302 1827 3365 1874 ut
3407 1828 3692 1889 paternum

2115 1909 2400 1979 imperium
2435 1919 2701 1979 occupent
2738 1920 2791 1964 ct
2826 1909 3292 1980 cometopulorum
3320 1909 3580 1979 impetum
3605 1924 3695 1964 re-

2114 2001 2372 2069 primant.
2399 2000 2535 2055 Nam
2565 2001 2817 2064 Davidus,
2846 1999 3039 2064 Moses,
3083 2001 3262 2054 Aaron
3297 2008 3353 2054 et
3381 1998 3691 2065 Samuelus,

2115 2089 2205 2144 filii
2237 2091 2522 2161 cujusdam
2553 2093 2607 2145 in
2642 2091 2890 2163 Bulgaria
2924 2091 3146 2161 largiter
3178 2092 3418 2162 potentis
3450 2092 3690 2158 comitis,

2116 2198 2204 2237 res
2256 2198 2425 2238 novas
2481 2183 2853 2238 moliebantur
2900 2193 2953 2239 et
3004 2181 3268 2256 Bulgaros
3320 2185 3688 2240 concitabant.

2115 2273 2291 2343 Atque
2325 2273 2396 2326 ita
2427 2281 2556 2326 tunc
2585 2286 2672 2327 res
2701 2279 2842 2326 acta.

2187 2541 2665 2612 lnterimBringas,
2687 2558 2714 2596 a
2744 2541 3070 2614 Nicephoro,
3094 2552 3153 2598 ut
3188 2544 3562 2615 exposuimus,
3595 2546 3690 2602 dc-

2118 2643 2330 2703 ceptus,
2363 2647 2598 2704 cumque
2631 2635 2853 2690 dommn
2890 2651 3043 2690 suam
3078 2636 3231 2692 abire
3259 2651 3475 2708 passus,
3519 2638 3695 2706 ptrni-

2121 2725 2288 2780 tentia
2313 2726 2458 2790 duci,
2509 2735 2565 2782 et
2618 2727 2802 2797 inique
2834 2728 2977 2784 ferre
3014 2729 3159 2800 quod
3196 2730 3423 2800 petitam
3453 2732 3694 2801 praedam

2120 2819 2285 2874 stulte
2316 2834 2380 2873 ex
2415 2818 2547 2888 ipsis
2586 2820 2830 2875 cassibus
2864 2820 3182 2885 dimisisset,
3223 2822 3559 2893 solliciteque
3589 2837 3698 2878 me-

2118 2908 2278 2964 ditari
2309 2925 2414 2980 qua
2436 2919 2553 2965 arte
2579 2925 2752 2980 quave
2807 2912 3059 2967 machina
3117 2921 3288 2980 metu,
3321 2928 3481 2983 quem
3511 2913 3580 2969 de
3628 2928 3695 2968 eo

2119 3013 2466 3074 conceperat,
2522 3020 2581 3062 se
2639 3005 2914 3062 liberaret.
2973 3007 3214 3062 Tandem
3274 3010 3508 3065 maxime
3554 3026 3585 3065 e
3637 3025 3696 3065 re

2119 3097 2238 3152 fore
2271 3098 2448 3152 visum
2475 3098 2792 3169 magistrum
2832 3098 3098 3155 Joannem
3133 3100 3483 3168 Tzimiscem,
3514 3102 3693 3156 virum

437 3191 651 3262 γράψαι
681 3191 773 3245 τὸν
804 3189 1140 3262 Τζιμισκῆν,
1179 3191 1351 3264 ἀνδρα
1373 3192 1634 3262 θυμοειδῆ
1660 3193 1755 3246 καὶ
1783 3194 2014 3265 δραστή-
2038 3190 2087 3249 C
2119 3203 2178 3242 an

1956 3196 2014 3264 ἡ-
2038 3190 2087 3249 C
2119 3188 2424 3244 animosum
2449 3204 2513 3244 ac
2551 3199 2834 3245 strenuum
2868 3199 2926 3246 et
2957 3193 3256 3248 secundum
3286 3192 3523 3248 Phocam
3553 3191 3695 3248 inter

441 3298 557 3350 ριον
587 3280 719 3336 ὅντα
773 3282 869 3334 καὶ
905 3282 1043 3351 μετά
1090 3281 1182 3336 τὸν
1229 3283 1424 3336 Φωκᾶν
1467 3284 1524 3336 ὲν
1569 3286 1678 3346 τοῖς
1730 3283 2014 3354 Ῥωμαίων

439 3371 845 3440 ἐπισημότατον
867 3374 1214 3442 στρατηγοῖς,
1245 3373 1549 3444 στρατηγὸν
1573 3373 1874 3442 τηνικαῦτα
1904 3377 2014 3430 τῶν

454 3460 820 3514 Ἀνατολικῶν
856 3461 1189 3532 ὑπάρχοντα,
1230 3461 1310 3515 ἔτι
1339 3463 1394 3515 δὲ
1427 3463 1564 3533 πρὸς
1595 3462 1684 3515 τὸν
1718 3465 2014 3536 μάγιστρον

451 3551 730 3622 Ῥωμανὸν
753 3551 845 3603 τὸν
871 3553 1214 3622 Κουρκούαν,
1246 3552 1332 3623 [Γ.
1355 3551 1488 3624 ϐ-Π]
1519 3553 1896 3622 φανερώτατον
1921 3557 2016 3609 καὶ

441 3645 712 3714 ἐπίσημον
731 3645 824 3698 καὶ
843 3645 1004 3698 αὑτὸν
1031 3645 1408 3716 στρατηλάτην
1430 3645 1558 3699 δντα
1576 3646 1675 3717 τῆς
1703 3646 2012 3717 Ἀνατολῆς,

439 3736 744 3804 γράμματα
776 3735 1010 3805 πέμψαι,
1054 3739 1149 3789 καὶ
1193 3736 1518 3806 φιλοτιμιῶν
1552 3735 1879 3808 ὑποσχέσεσι
1921 3739 2016 3791 καὶ

439 3825 657 3894 δωρεῶν
687 3827 782 3879 καὶ
810 3827 988 3896 τιμῶν
1028 3825 1294 3898 διεγεῖραι
1333 3827 1558 3891 τούτους
1585 3830 1723 3900 πρὸς
1760 3829 2017 3900 καθαίρε-

440 3933 525 3968 σιν
557 3914 651 3968 τοῦ
691 3917 873 3969 Φωκᾶ.
922 3917 1201 3984 Ἐγένοντο
1242 3918 1310 3971 τὰ
1341 3919 1669 3990 γράμματα,
1699 3921 1795 3976 καὶ
1824 3923 1852 3974 ό
1887 3920 2016 3985 νοῦς

437 4007 549 4059 τῶν
580 4008 984 4077 γεγραμμένων
1035 4009 1280 4080 ὑπῆρχεν
1303 4005 1485 4074 οὗτοςο
1539 4012 1600 4065 Ei
1627 4011 2013 4077 διαναστάντες

440 4099 836 4171 καθαιρήσουσι
881 4101 972 4154 τὸν
1001 4103 1195 4155 Φωκᾶν
1242 4102 1334 4156 καὶ
1363 4103 1595 4174 μοναχὸν
1632 4104 2015 4175 ἀποκείρουσιν

440 4191 474 4257 ἦ
527 4193 724 4260 τρόπον
762 4193 920 4246 ἄλλον
968 4195 1030 4247 ὲκ
1067 4194 1234 4264 μέσου
1282 4197 1591 4266 ποιήσουσι,
1636 4197 1733 4268 τὴν
1783 4199 1879 4268 μὲν
1921 4198 2014 4252 τοῦ

439 4282 761 4351 δομεστίκου
814 4285 922 4338 τῶν
981 4287 1183 4356 σχολῶν
1233 4289 1331 4358 τῆς
1384 4288 1678 4360 Ἀνατολῆς
1747 4291 2010 4362 μεγίστην

436 4374 615 4444 ἀρχὴν
647 4375 875 4446 λήψεται
922 4379 950 4430 ό
981 4377 1259 4448 Ἰωάννης,
1291 4378 1391 4449 τὴν
1434 4380 1492 4432 δὲ
1541 4382 1636 4433 τοῦ
1691 4381 2015 4450 δομεστίκου

439 4469 542 4535 τῆς
590 4466 806 4532 Δύσεως
864 4470 892 4522 ὁ
966 4468 1267 4540 Ῥωμανός.
1320 4471 1707 4540 Κομισθέντων
1760 4469 1855 4527 οὖν
1904 4473 2016 4527 τῶν

438 4559 788 4628 γραμμάτων
819 4562 932 4624 τοῖς
959 4561 1280 4632 δηλωθεῖσιν
1313 4561 1592 4632 ἀνδράσιν,
1629 4562 1858 4634 ἐπείπερ
1892 4579 2015 4634 σχε-

438 4651 606 4713 τικὼς
625 4654 828 4705 ἐκεῖνοι
852 4647 1000 4722 εἶχον
1017 4653 1151 4724 πρὸς
1171 4653 1261 4706 τὸν
1279 4652 1956 4721 Φωκᾶνρπαναγινὼσκου
1970 4654 2016 4707 σί

436 4755 496 4789 τε
532 4740 683 4810 αὐτῷ
705 4741 908 4804 εὐθέως
933 4743 1000 4796 τὰ
1021 4745 1350 4814 γράμματα,
1384 4743 1478 4796 καὶ
1506 4743 1857 4814 διαναστῆναι
1879 4743 2014 4813 πρὸς

2110 3279 2391 3336 Romanos
2416 3283 2582 3337 duces
2608 3283 2964 3354 praecipuum,
2981 3299 3045 3338 eo
3074 3292 3318 3353 tempore
3334 3282 3692 3340 Orientalium

2116 3372 2455 3443 praefectum,
2471 3373 2710 3443 itemque
2734 3376 3050 3445 magistrum
3072 3374 3382 3430 Romanum
3397 3374 3692 3438 Curcuam.

2117 3463 2382 3519 illu5trem
2405 3473 2462 3518 et
2479 3462 2654 3533 ipsum
2671 3463 2910 3519 Orientis
2928 3465 3143 3530 ducem,
3164 3481 3260 3536 per
3278 3465 3487 3522 litteras
3503 3466 3696 3522 adver-

2115 3570 2207 3610 sus
2239 3555 2604 3627 Nicephorum
2630 3557 2864 3612 Phocam
2899 3558 3137 3613 excitare
3169 3557 3473 3629 magniﬁcis
3517 3559 3692 3615 dono-

2115 3659 2236 3699 rum
2257 3653 2312 3700 et
2340 3645 2610 3700 honorum
2641 3647 3149 3716 pollicitationibus.
3170 3647 3454 3703 Sententia
3488 3649 3694 3703 littera-

2117 3753 2236 3792 rum
2263 3737 2380 3793 hac
2409 3747 2559 3793 erat:
2586 3737 2643 3792 Si
2675 3737 2914 3793 Phocam
2953 3739 3347 3808 opprimerent,
3375 3747 3431 3794 et
3459 3739 3545 3794 vel
3574 3753 3690 3795 mo-

2116 3828 2354 3884 nachum
2386 3829 2629 3883 facerent
2652 3829 2736 3882 vel
2765 3843 3094 3899 quocunque
3117 3831 3279 3885 modo
3317 3845 3350 3889 c
3378 3831 3559 3886 medio
3595 3832 3690 3888 tol-

2115 3917 2308 3984 lerent,
2348 3916 2612 3972 Joannem
2652 3917 2816 3989 348
2849 3917 2965 3973 fore
2994 3918 3354 3974 domesticum
3377 3921 3690 3976 scholarum

2115 4007 2373 4076 Orientis,
2398 4008 2712 4064 'Romanum
2745 4008 3077 4065 Occidentis.
3127 4010 3169 4065 li
3208 4026 3332 4066 cum
3362 4012 3575 4068 litteras
3596 4027 3690 4069 ac-

2112 4102 2416 4172 cepissent,
2467 4100 2663 4158 Phoca‘.
2693 4116 2807 4168 eas,
2864 4103 2953 4158 cui
2976 4101 3218 4160 honeste
3255 4104 3568 4175 cupiebant,
3601 4119 3691 4160 re-

2115 4193 2322 4257 citant;
2356 4193 2750 4263 hortanturque
2779 4203 2839 4248 ut
2887 4195 3130 4250 animum
3161 4195 3332 4268 erigat
3383 4211 3448 4252 ac
3475 4195 3690 4251 fortiter

2117 4302 2230 4342 rem
2257 4301 2507 4358 magnam
2548 4285 2935 4357 aggrediatur:
2975 4287 3420 4357 tergiversantem
3457 4285 3572 4342 suis
3627 4301 3688 4341 se

2117 4378 2390 4442 manibus,
2433 4377 2490 4431 ni
2544 4387 2782 4447 pareret,
2836 4377 3223 4433 interfecturos
3267 4379 3564 4434 minantur.
3613 4379 3685 4431 Ita

2117 4471 2334 4526 demum
2362 4470 2592 4536 Phocas,
2627 4469 2870 4540 periculo
2898 4471 3089 4525 mortis
3124 4470 3366 4536 territus,
3416 4470 3682 4537 asscntit;

2120 4570 2176 4615 et
2253 4561 2494 4615 secunda
2540 4561 2628 4615 die
2681 4560 2810 4615 Julii
2863 4562 3092 4625 mensis,
3149 4561 3339 4616 eadem
3388 4561 3688 4617 indictione

2119 4661 2293 4716 sexta,
2333 4651 2400 4705 ab
2450 4650 2808 4707 orientalibus
2835 4652 3164 4706 exercitibus
3195 4652 3446 4707 omnibus
3494 4668 3524 4706 a
3565 4651 3689 4705 Τεῖ-

2119 4742 2283 4796 misca
2322 4741 2610 4796 concitatis
2656 4741 2950 4812 imperator
2982 4739 3350 4798 Romanorum
3395 4742 3684 4797 salutatur.

435 4836 608 4904 ἀλκὴν
641 4838 731 4889 τὸν
757 4837 953 4891 Φωκᾶν
981 4840 1074 4893 καὶ
1100 4839 1346 4906 γενναῖόν
1373 4857 1426 4892 τι
1455 4839 1550 4892 καὶ
1580 4840 1829 4894 νεανικὸν
1860 4838 2217 4908 ἐννοήσασθαι
2274 4835 2642 4906 παρεκάλουν.
2709 4836 3001 4891 Ὀκνοῠντα
3061 4837 3118 4889 δὲ
3166 4838 3262 4892 καὶ
3327 4835 3689 4906 ἀναδυόμενον

438 4927 534 4977 καὶ
568 4927 898 4998 αὐτοχείρως
949 4930 1207 4999 ἠπείλουν
1256 4931 1716 5002 διαχειρίσασθαι.
1770 4932 1862 4985 Διό
1915 4933 2008 4984 καὶ
2066 4932 2203 5002 πρὸς
2252 4932 2343 4984 τὸν
2398 4931 2496 4983 τοῦ
2573 4931 2806 4986 θανάτου
2860 4931 3251 4994 ἀποδειλιάσας
3296 4929 3537 4984 κίνδυνον
3587 4929 3688 5001 τὴν

439 5021 738 5091 πρόκλησιν
789 5025 1102 5090 ὑπεδέξατο.
1157 5026 1265 5079 Καὶ
1324 5025 1555 5098 δευτέρα
1617 5025 1712 5080 τοῦ
1778 5027 1995 5080 Ἰουλίου
2042 5029 2230 5097 μηνὸς,
2280 5031 2379 5098 τῆς
2419 5026 2588 5096 αὐτῆς
2639 5023 2692 5090 ς’
2726 5025 3083 5088 ίνδικτιῶνος,

3168 5024 3273 5078 ὑπὸ
3327 5023 3436 5076 τῶν
3513 5024 3570 5075 ὲν
3619 5025 3687 5095 τῇ

452 5116 594 5186 Ἐῴᾳ
658 5117 1084 5186 στρατευμάτων
1155 5118 1410 5172 ἁπάντων
1473 5122 2004 5191 παρακεᾉνημένων
2045 5121 2148 5172 ὑπὸ
2170 5121 2264 5172 τοῦ
2298 5119 2572 5189 Τζιμισκῆ
2611 5116 2899 5187 Ῥωμαίων
2923 5115 3314 5188 ἀναγορεύεται
3342 5112 3615 5186 βασιλεύς.

1600 5282 1947 5339 XYLANDRI
1982 5285 2068 5340 ET
2109 5284 2326 5341 GOARI
2360 5284 2583 5342 NOTAE.

517 5397 594 5468 (Ἰ)
624 5395 796 5467 Supra
820 5398 1084 5469 Mitylenze
1114 5398 1284 5453 fertur
1309 5399 1474 5453 fuisse
1502 5401 1553 5454 in
1581 5401 1795 5467 exsilio,
1823 5404 1934 5456 sive
1967 5421 2010 5456 Is

442 5481 702 5543 error‘est
724 5469 947 5543 librarii,
975 5471 1090 5524 sive
1120 5471 1324 5543 interea
1358 5469 1604 5540 Mitylena
1642 5472 2010 5543 Methymnam

445 5539 737 5600 translatus
774 5539 1103 5608 Stephanus.
1146 5540 1383 5608 L'traqnc
1439 5547 1567 5595 urbs
1605 5552 1690 5596 cst
1743 5539 1805 5596 in
1841 5543 2014 5598 Lesbo

448 5609 642 5663 insula.
680 5609 808 5662 ΧΗ..

516 5680 593 5748 (8)
619 5679 964 5751 Cnntctupuli
991 5690 1116 5733 sunt
1160 5679 1286 5734 dicti
1321 5683 1472 5751 quasi
1514 5680 1643 5750 pulli
1679 5682 1750 5747 (id
1788 5693 1870 5736 cst
1901 5683 2014 5740 ﬁlii)

443 5751 676 5802 ςιιιιιὶιίς.
704 5748 1080 5802 ΧΗμ-υἰζειίυ
1103 5751 1300 5816 πῶλος,
1317 5748 1605 5806 {gntae—ulc
1630 5752 1844 5814 ποῦλος,
1862 5753 2013 5804 ςοΙΙρι·ί

441 5821 650 5887 adjecta
682 5820 850 5884 ῖίίειιηι
882 5819 1038 5873 simil
1073 5829 1124 5875 (ἐξ
1155 5821 1533 5877 diminutivum
1568 5823 1694 5889 quid
1727 5831 1896 5876 mittil.
1919 5821 2013 5876 διε

2112 5407 2542 5486 ςρ-χοντόπουλολθ
2597 5408 2765 5478 filium
2823 5408 3009 5486 nobilis
3037 5447 3051 5468 ,
3112 5404 3498 5486 βασιλόπουλον
3550 5407 3686 5486 regis

2111 5475 2300 5544 ﬁlium,
2347 5475 2694 5548 reguhtm,‘et
2751 5479 2962 5533 tandem
2995 5475 3452 5548 ίκομητοπούλους
3481 5475 3686 5548 comitis

2112 5543 2246 5614 ﬁlios
2279 5543 2434 5601 τορξὴ
2467 5559 2694 5612 auctor;
2724 5558 2779 5602 et
2817 5557 2874 5601 ut
2925 5543 3109 5602 subdit
3139 5543 3334 5608 ’παῖδες
3384 5543 3495 5598 τῶν
3538 5546 3685 5614 μέγα

2111 5613 2448 5688 δυνηθέντων
2478 5619 2545 5670 ίὲν
2587 5619 2895 5688 Βουλγαρίᾳ
2937 5619 3213 5688 κομήτων.
3249 5615 3393 5670 Infra
3439 5631 3492 5684 p.
3541 5613 3681 5688 6_9_.t:

2116 5687 2368 5755 Κόμητος
2409 5688 2562 5750 ὄντες
2613 5683 2812 5756 παῖδες
2837 5683 2930 5742 καὶ
2962 5683 3258 5742 δι’ὰσοῦτο
3303 5683 3682 5756 κομηίτοπῶλοι

2120 5757 2639 5828 κατονομαςὸμενοι.
2669 5755 2838 5813 Com.
