4410 6452
428 401 503 467 35
1107 371 1110 375 ’
1491 387 2032 451 HISTORIARUM
2058 383 2595 449 COMPENDIUM.
3640 392 3714 462 se

429 505 614 575 ἐξάγει
683 505 783 577 μὲν
826 503 926 573 τῆς
982 500 1243 571 Μεγάλης
1296 500 1594 570 ἐκκλησίας
1640 500 1870 570 ’Βάρδαν
1917 500 2008 551 τὸν
2043 508 2081 561 Α
2113 503 2170 551 ad

1966 516 2008 551 2v
2043 508 2081 561 Α
2113 502 2364 563 adornat,
2392 507 2443 551 et
2470 497 2827 569 imperatoria
2869 498 3032 554 etiam
3065 499 3247 556 celoce
3275 509 3554 571 assumpta
3581 516 3707 558 eum

431 597 650 669 πατέρα
676 596 773 650 τοῦ
803 595 994 661 ama,
1021 593 1239 664 φυγάδα
1262 592 1481 663 οἰκτρὸν
1516 592 1609 645 καὶ
1647 592 1772 645 ὅσον
1805 591 2018 644 οὐδέπω

429 691 519 744 τὸν
547 690 798 743 κίνδυνον
830 687 1209 757 ἐκδεχόμενον,
1251 684 1343 740 τὸν
1381 685 1437 738 δὲ
1480 678 1678 755 Ἰωσὴφ
1706 684 1795 738 τὸν
1843 700 2019 754 παρα-

430 782 797 854 κοιμὼμενον,
839 772 932 835 τὸν
978 778 1087 849 πρὸ
1116 777 1308 832 τούτου
1364 777 1578 848 μεγάλα
1626 774 1878 845 φυσῶντα
1921 775 2017 829 κα1¹

429 875 822 945 ἐπαιρόμενον,
855 875 935 934 εἰς
977 871 1151 941 αὐτὴν
1205 869 1519 937 ἀντεισάγει
1566 870 1751 939 ἱκέτην
1783 868 2016 921 ἐλεεινὸν

429 965 528 1019 καὶ
576 963 883 1036 ἀμφίϐολον
914 962 1109 1033 ἔχοντα
1132 961 1233 1031 τὴν
1283 958 1480 1013 ἐαυτοῦ
1530 976 1603 1012 ou»
1647 959 1826 1030 ηρίαν.
1859 958 1923 1011 Oi
1957 957 2013 1011 δὲ

426 1058 560 1127 περὶ
589 1058 683 1111 τὸν
714 1055 1219 1126 παρακοιμιίψενον
1255 1051 1537 1106 Βασίλειον
1565 1053 1814 1121 τριήρεις
1846 1066 2015 1103 κατα-

430 1151 803 1213 σκευάσαντες
854 1146 950 1202 καὶ
979 1144 1072 1199 τὸν
1120 1144 1404 1216 βασιλίκδν
1437 1140 1723 1211 εἰληφότες
1763 1140 2016 1213 δρόμωνα

432 1243 571 1311 μετὰ
598 1242 797 1303 παντὸς
819 1239 913 1294 τοῦ
947 1237 1136 1292 στόλου
1167 1237 1523 1309 περαιοῦνται
1541 1239 1597 1287 ἐν
1617 1234 2017 1304 Χρυσουπόλει,

430 1334 531 1387 καὶ
578 1332 669 1386 τὸν
728 1331 1050 1402 Νικηφόρον
1083 1330 1297 1383 ἐκεῖθεν
1349 1328 1748 1398 ἀναλαϐόμενοι
1798 1326 2021 1395 ἄγουσιν

2114 598 2236 645 tota
2262 589 2435 643 classe
2491 592 2857 662 (Lbrysopolin
2917 592 3217 661 trajiciunt,
3261 601 3315 647 et
3342 590 3715 662 Nicephorum

2122 683 2250 738 inde
2279 682 2346 736 ad
2377 682 2743 752 llcbdomum,
2776 695 2940 754 atque
2973 684 3102 739 hinc
3154 686 3302 739 omni
3361 685 3716 741 multitudine

2123 776 2328 829 urbana
2393 776 2701 831 deducente
2771 792 2894 832 cum
2958 776 3149 830 faustis
3205 777 3714 836 acclamationibus.

2119 864 2429 936 plausibus,
2491 866 2636 920 tubis
2674 881 2738 921 ac
2778 866 3041 938 cymbalis
3096 866 3313 935 publica
3376 882 3569 935 pompa
3618 881 3717 935 per

2120 958 2358 1012 Auream
2396 967 2607 1028 portam
2638 956 2793 1028 351
2822 959 2873 1011 in
2917 959 3108 1013 urbem
3135 959 3362 1013 ducunt.
3401 957 3467 1013 Ut
3496 958 3548 1011 in
3567 958 3713 1029 Mag-

2123 1065 2253 1103 num
2295 1041 2587 1118 Templum
2624 1061 2847 1104 ventum
2888 1060 2989 1115 est,
3041 1050 3367 1121 Polycuctus
3409 1051 3713 1119 patriarcha

2125 1142 2191 1196 ad
2222 1142 2329 1198 boc
2356 1150 2703 1213 comparatus
2730 1158 2856 1201 eum
2894 1143 2946 1196 in
2972 1153 3219 1213 snggesto
3256 1144 3606 1214 imperatoria
3631 1143 3715 1197 in-

2128 1237 2296 1306 signit
2332 1252 2556 1301 corona,
2589 1237 2677 1292 die
2703 1236 2995 1299 dominico,
3032 1236 3259 1307 Augusti
3295 1237 3509 1292 decimo
3536 1246 3714 1302 sexto,

2134 1328 2432 1403 tntliCtione
2458 1339 2632 1382 sexta.

428 1429 509 1490 el;
540 1426 602 1479 τὸ
631 1426 921 1496 Ἐϐδομον,
955 1424 1185 1480 αὐτόθεν
1214 1441 1271 1477 τε
1308 1424 1463 1476 αύτοί
1496 1440 1555 1476 τε
1590 1424 1685 1476 καὶ
1717 1423 1825 1486 πᾶς
1857 1425 1883 1475 ὀ
1936 1423 2107 1492 δῆμος
2176 1421 2273 1490 τῆς
2324 1422 2533 1483 πόλ;ως
2599 1423 2713 1491 μετ’
2775 1423 3085 1493 εὐφημιῶν,
3142 1423 3236 1477 καὶ
3310 1423 3542 1492 κρότων,
3618 1422 3714 1475 καὶ

433 1520 774 1587 σαλπίγγων,
816 1520 909 1573 καὶ
937 1518 1231 1587 κυμϐάλων
1260 1517 1528 1587 δημοσίας
1563 1516 1862 1586 γενομένης
1905 1515 2136 1586 προόδου
2160 1516 2246 1568 διὰ
2278 1516 2375 1585 τῆς
2414 1517 2638 1586 Χρυσῆς
2694 1516 2900 1586 πόρτης
2931 1517 3243 1584 είσάγουσιν
3273 1516 3373 1580 ἐίς
3445 1516 3543 1587 τὴν
3610 1516 3711 1585 βα-

433 1616 629 1685 σιλίδα.
664 1615 951 1684 Γενόμενοι
1002 1614 1059 1667 δέ
1125 1616 1183 1667 ἐν
1252 1616 1317 1684 τῇ
1370 1612 1597 1682 Μεγάλῃ
1670 1611 1933 1682 ἐκκλησία
2002 1611 2342 1664 Πολύευκτον
2410 1609 2832 1681 παρεσκεύασαν
2896 1611 2988 1665 τὸν
3056 1612 3421 1682 πατριεὰρχην,
3484 1610 3578 1664 καὶ
3632 1612 3712 1681 τῷ

436 1709 707 1781 βασιλικῷ
755 1707 920 1762 αὑτὸν
974 1706 1261 1760 ταινιῶσαι
1318 1704 1632 1774 διαδήματι.
1690 1703 1885 1771 Στέφει
1935 1698 2028 1755 οὖν
2067 1700 2258 1754 τοῦτον
2291 1701 2318 1753 6
2368 1700 2709 1764 Πολύευκτος
2746 1703 2803 1754 ἐν
2846 1701 2926 1773 τῷ
2984 1700 3197 1770 ἀμϐωνι
3234 1702 3331 1770 τῆς

3416 1699 3521 1774 τοῦ.
3553 1699 3695 1756 Θεοῦ

430 1801 691 1869 Μεγάλης
730 1797 1045 1868 ἐκκλησίας,
1079 1796 1266 1868 ἡμέρα
1320 1794 1376 1848 δὲ
1414 1789 1483 1865 ἦν
1513 1793 1766 1864 Κυριακὴ
1812 1799 1889 1857 ις’
1921 1791 2016 1845 τοῦ
2056 1791 2367 1860 Αὐγούστου
2403 1793 2569 1861 μηνὸς
2601 1792 2848 1860 ἄγοντος,
2876 1792 2976 1861 τῆς
3008 1796 3063 1856 ς’
3094 1791 3445 1853 ίνδικτιῶνος.

522 1890 873 1953 Ἀποστείλας
906 1889 965 1943 δέ
1012 1889 1105 1941 τὸν
1148 1887 1383 1958 μοναχὸν
1418 1888 1514 1940 καὶ
1569 1885 1864 1955 σύγκελλον
1907 1886 2023 1937 Ἀν-
2056 1891 2096 1944 Β
2198 1883 2263 1938 PC

1974 1902 2023 1936 v-
2056 1891 2096 1944 Β
2198 1883 2329 1938 Post
2354 1884 2475 1938 base
2502 1882 2844 1952 Nieepborus
2897 1882 3196 1952 imperator
3252 1882 3545 1937 Antonium
3582 1882 3713 1939 Stu-

426 1983 620 2037 τὼνιον
658 1983 748 2036 τὸν
770 1981 1061 2051 Στουδίτην
1101 1981 1202 2051 τὴν
1251 1978 1516 2049 Θεοφανὼ
1557 1979 1665 2032 τῶν
1725 1977 2014 2048 βασιλείων

428 2072 791 2136 καταϐιϐάζει
820 2072 915 2125 καλ
935 2073 1015 2133 είς
1045 2071 1106 2123 τὸ
1132 2071 1394 2124 παλάτιον
1408 2068 1506 2122 τοῦ
1540 2067 1772 2139 Πετρίου
1799 2068 2011 2137 ἐκπέμ-

428 2186 543 2221 πει.
580 2166 716 2221 Mat’
746 2166 927 2233 ὀλίγον
955 2164 1013 2216 δὲ
1066 2162 1345 2233 ἐξόριστον
1390 2160 1605 2231 τίθησιν
1636 2160 1733 2214 καὶ
1763 2160 1853 2213 τὸν
1912 2178 2015 2213 πα-

430 2253 852 2324 ρακοιμώμενον
900 2251 1099 2321 Ἰωσὴφ
1149 2253 1207 2304 ἐν
1234 2252 1613 2322 Παφλαγονίᾳ,
1642 2249 1726 2323 [Ρ.
1768 2250 1895 2323 649]
1922 2253 2016 2303 καὶ

427 2343 588 2411 αὖθις
626 2346 742 2417 μετ’
781 2346 841 2399 οὐ
872 2345 1042 2399 πολὺν
1073 2345 1266 2415 χρόνον
1302 2343 1657 2414 μεταϐιϐάζει
1693 2343 1748 2396 ἐν
1770 2360 1878 2395 τινι
1920 2360 2014 2412 μο-

426 2439 706 2510 ναστηρίῳ
757 2437 1039 2506 λεγομένῳ
1095 2435 1190 2489 τοῦ
1244 2438 1595 2506 Ἀσηκρῆτις,
1655 2436 1711 2487 ἐν
1746 2436 1856 2498 τοῖς
1907 2436 2017 2488 Πυ-

429 2530 568 2591 θίοις
594 2548 606 2560 ο
653 2528 711 2590 ὃς
740 2528 832 2580 ἐπὶ
866 2525 960 2579 δύο
994 2526 1149 2588 ὅλους
1208 2527 1387 2578 ἐκεῖσε
1439 2525 1787 2596 ἐνδιατρίῴας
1835 2528 2017 2578 ἐνιαυ-

432 2622 561 2682 τοὺς
588 2619 820 2673 ἀπεϐίω.
854 2619 1168 2688 Χειροτονεῖ
1201 2616 1256 2668 δὲ
1285 2617 1377 2669 καὶ
1435 2617 1645 2685 Βάρδαν
1688 2617 1780 2670 τὸν
1821 2616 2015 2669 ἐαυτοῦ

430 2711 646 2780 πατέρα
687 2708 957 2779 Καίσαρα.
994 2710 1071 2779 Τῇ
1106 2709 1162 2762 δὲ
1192 2706 1236 2760 κ’
1263 2708 1358 2760 τοῦ
1382 2707 1759 2778 Σεπτεμϐρίου
1828 2708 2015 2777 μηνὸς,

429 2804 489 2857 τὸ
536 2805 874 2872 προσωπεῖον
904 2804 996 2855 καὶ
1027 2804 1125 2871 τὴν
1178 2802 1382 2871 σκηνὴν
1430 2801 1789 2868 ἀποθέμενος,
1827 2800 2018 2866 ἄγεται

429 2898 662 2965 νόμιμον
694 2899 946 2966 γαμετὴν
982 2898 1079 2963 τὴν
1104 2895 1378 2962 Θεοφανώ.
1415 2895 1548 2947 Τότε
1592 2895 1648 2947 δὲ
1704 2896 1797 2947 καὶ
1842 2894 2018 2965 κρεῶν

429 2986 793 3054 ἀπεγεύσατο,
835 2988 1105 3056 πρότερον
1153 2986 1491 3055 ἀπεχόμενος
1548 2984 1907 3053 κρεωδαισίας
1961 2983 2020 3047 ἐξ

429 3082 555 3133 ὅτου
589 3080 798 3149 Βάρδας
828 3081 855 3131 6
887 3081 950 3131 ἐκ
970 3080 1067 3147 τῆς
1109 3079 1382 3148 προτέρας
1409 3077 1572 3131 αὑτοῦ
1603 3077 1857 3143 γυναικὸς
1887 3080 2021 3129 ἀπο-

438 3172 649 3241 τεχθεὶς
702 3170 851 3239 αύτῷ
904 3170 1038 3234 υἱὸς,
1096 3164 1470 3238 ἱππαζόμενος
1512 3170 1568 3221 ἐν
1622 3168 1694 3237 τῷ
1726 3170 1892 3237 πεδίῳ
1928 3169 2020 3221 καὶ

434 3266 510 3333 τῷ
568 3266 752 3333 οἰκείῳ
825 3264 1182 3333 προσπαίζων
1244 3262 1449 3333 ἀνεψιῷ
1503 3262 1581 3331 τῷ
1608 3264 1843 3332 Πλεύσῃ,
1881 3264 2016 3332 μετὰ

432 3357 660 3428 ῖόρατος
711 3354 932 3425 βληθεὶς
960 3353 1231 3415 ἀκουσίως
1282 3352 1533 3421 τέθνηκε.
1585 3352 1756 3404 Τοῦτο
1800 3353 1856 3405 δὲ
1905 3351 2015 3404 εἴτε

431 3449 898 3518 ἐγκρατευόμενος
922 3446 1095 3498 ἐποίει
1128 3446 1241 3498 εἴτε
1264 3447 1357 3497 καὶ
1382 3444 1567 3496 λαϐεῖν
1599 3446 1722 3506 τοὺς
1752 3444 2016 3513 κρατοῦν-

431 3559 533 3604 τας
609 3540 1060 3609 ὑποκρινόμενος,
1130 3537 1289 3607 μόνος
1350 3536 1417 3589 ἂν
1464 3536 1628 3605 εἰδείη
1700 3537 1839 3605 μετὰ
1884 3537 2015 3589 Θεὸν

432 3636 661 3695 ἐκεῖνος.
713 3632 818 3685 Τοῦ
857 3630 1490 3700 γάμουδὲτελεσθέντος
1549 3631 1605 3679 ἐν
1657 3631 1721 3698 τῇ
1773 3630 1914 3681 κατᾶ
1959 3630 2017 3681 τὸ

435 3726 697 3778 παλατιον
739 3726 834 3791 νέᾳ
888 3723 1184 3793 ἐκκλησίᾳ,
1236 3722 1468 3790 ἐπείπερ
1519 3721 1752 3790 ἤμελλεν
1816 3721 2015 3783 εἴσοδος

432 3822 492 3871 ἐν
521 3816 597 3885 τῷ
629 3814 1002 3886 Θυσιαστηρίῳ
1045 3812 1323 3882 γενέσθαι,
1369 3814 1467 3881 τῆς
1530 3812 1715 3881 χειρὸς
1771 3813 2016 3881 κατέχων

433 3908 599 3961 αὐτὸν
627 3909 656 3960 6
692 3905 1034 3969 Πολύευκτος
1065 3907 1161 3958 καὶ
1198 3907 1317 3967 ταῖς
1341 3906 1513 3973 ἱεραῖς
1547 3904 1769 3970 ἐγγίσας
1803 3906 2017 3971 κιγκλί-

436 4017 541 4064 σμν,
590 3998 781 4052 εἴσεισι
840 3998 942 4068 μὲν
1000 3996 1160 4061 αὐτὸς
1216 3998 1296 4060 είς
1341 3997 1411 4051 τά
1457 3998 1651 4063 ἄδυτα,
1718 3999 1926 4050 ἐκεῖνον
1970 3997 2016 4051 δ’

432 4090 979 4161 ἐξὼθησενδπισθεν,
1035 4090 1278 4143 ἐπειπὼν
1331 4092 1406 4160 μὴ
1471 4092 1743 4159 πρότερον
1802 4108 2017 4161 συγχω-

441 4187 779 4259 ρηθήσεσθαι
822 4186 988 4239 αὑτὸν
1046 4187 1127 4248 είς
1179 4185 1240 4239 τὸ
1284 4184 1672 4255 Θυσιαστήριον
1734 4184 2015 4243 εἰσελθεῖν,

436 4280 568 4348 πρὶν
596 4278 662 4332 ἄν
706 4277 932 4348 δέξηται
982 4279 1233 4347 ἐπιτίμια
1302 4276 1846 4348 δευτερογαμούντων
1878 4279 2013 4349 (10).

446 4370 718 4440 Ἐλύπησε
738 4369 794 4422 δὲ
826 4370 884 4421 ἐν
905 4368 1082 4439 τούτῳ
1120 4369 1211 4422 τὸν
1244 4368 1586 4439 Νικηφόρον,
1624 4369 1719 4422 καὶ
1749 4369 1809 4421 ού
1856 4368 2018 4421 διέλι-

438 4480 543 4514 πεν
580 4461 823 4529 ὲγκοτῶν
852 4462 1001 4531 αὐτῷ
1044 4462 1208 4531 μέχρι
1243 4461 1344 4531 τῆς
1398 4460 1680 4529 τελευτῆς.
1747 4460 2017 4514 Διεδέδοτο

2107 1976 2284 2031 "ditam
2303 1976 2629 2029 monachum
2659 1973 3022 2045 etsyncellum
3043 1974 3225 2037 mittit,
3252 1974 3342 2043 qui
3372 1974 3493 2028 aula
3526 1974 3711 2030 Theo-

2120 2069 2432 2136 phanonem
2481 2066 2677 2120 educat
2733 2073 2789 2120 et
2844 2064 2897 2119 in
2931 2064 3189 2134 palatium
3240 2065 3403 2119 Petrii
3446 2066 3709 2131 includat,

2120 2159 2285 2214 l'aulo
2311 2157 2761 2229 post‘Josepbum
2790 2158 2843 2210 in
2898 2157 3318 2227 Paphlagoniam
3363 2158 3587 2227 relegat,
3646 2170 3702 2215 et

2120 2252 2248 2305 inde
2282 2266 2525 2312 rursum,
2589 2266 2691 2303 non
2744 2252 2905 2318 longo
2940 2249 3262 2319 interposito
3336 2259 3599 2320 tempore,
3657 2252 3712 2304 in

2123 2344 2524 2398 monasterium
2560 2345 2614 2396 in
2649 2343 2855 2413 Pytliiis
2906 2342 3050 2410 quod
3098 2344 3143 2394 Α
3202 2345 3431 2397 secretis
3484 2344 3710 2407 dicitur,

2122 2437 2210 2490 ubi
2239 2438 2283 2491 is
2320 2452 2417 2504 per
2449 2438 2587 2490 dn‘os
2620 2451 2797 2489 annos
2850 2435 3072 2488 tolerata
3119 2436 3225 2489 vita
3268 2436 3420 2491 obiit.
3478 2438 3709 2492 Bardam

2117 2545 2334 2599 quoque
2361 2539 2568 2598 patrem
2599 2544 2758 2582 suum
2781 2527 3048 2582 Cmsarem
3084 2538 3251 2583 creat.
3278 2529 3546 2584 Vicesinta
3577 2531 3711 2601 Sep-

2122 2621 2347 2675 tembris
2382 2620 2649 2674 die‘larva
2679 2619 2923 2688 deposita
2956 2636 3181 2674 uxorem
3206 2621 3362 2675 duxit
3421 2621 3711 2691 Τιιουρῇίι-

2119 2726 2344 2763 nonem.
2404 2709 2559 2765 Tnnc
2588 2720 2642 2764 et
2672 2726 2864 2765 carnes
2884 2712 3143 2781 gustavit,
3173 2727 3200 2765 a
3221 2713 3421 2780 quibus
3448 2712 3711 2770 hactenus

2122 2803 2461 2857 abstinuerat
2491 2802 2557 2856 ab
2590 2818 2654 2857 eo
2685 2810 2950 2872 tempore,
2984 2819 3093 2872 quo
3149 2802 3350 2858 Bardas
3407 2820 3471 2859 ex
3528 2805 3709 2874 priore

2121 2894 2352 2963 conjuge
2388 2894 2529 2948 ﬁlius
2572 2894 2764 2963 ipsius,
2826 2895 2880 2948 in
2934 2908 3127 2964 campo
3168 2896 3420 2963 equitans
3476 2904 3527 2949 et
3583 2912 3706 2950 cum

2121 2986 2365 3054 patruele
2382 3002 2481 3041 suo
2504 2985 2694 3041 Plcusa
2711 2986 2925 3051 ludens,
2946 2985 3099 3039 basta
3123 3001 3154 3040 a
3176 2986 3392 3040 nolente
3415 2986 3556 3041 ictus
3577 3002 3709 3057 pcr-

2122 3077 2201 3132 iit.
2230 3078 2516 3133 Feceritne
2552 3078 2656 3132 hoc
2699 3077 3042 3132 abstinentia:
3061 3093 3333 3141 eausa,an
3354 3085 3414 3132 ut
3435 3079 3708 3149 sicimpe-

2126 3181 2339 3226 ratores
2363 3186 2458 3225 sua
2483 3170 2709 3225 concilia
2731 3173 2953 3237 celaret,
2975 3181 3174 3242 praeter
3195 3171 3372 3241 ipsum
3391 3173 3539 3229 solus
3557 3173 3711 3228 novit

2050 3236 2091 3292 ο
2128 3265 2290 3318 Deus.
2315 3265 2550 3318 Peractis
2568 3263 2730 3335 352
2747 3265 2949 3335 nuptiis
2968 3236 3020 3318 in
3051 3281 3194 3320 novo
3208 3236 3271 3321 ad
3293 3266 3549 3336 palatium
3570 3276 3708 3321 tem-

2122 3356 2231 3423 plo,
2253 3370 2377 3407 cum
2398 3354 2451 3407 in
2466 3355 2834 3408 sanctuarinm
2851 3363 2999 3409 esset
3027 3354 3364 3421 intrandum,
3395 3371 3556 3410 manu
3583 3372 3709 3411 eum

2122 3458 2313 3502 tenens
2342 3449 2685 3517 Polyeuetns,
2724 3460 2782 3503 ut
2819 3450 2886 3504 ad
2937 3465 3128 3505 sacros
3181 3450 3455 3505 cancellos
3482 3460 3709 3505 ventum

2120 3549 2226 3598 est.
2260 3540 2375 3608 ipse
2402 3539 2454 3591 in
2497 3540 2715 3610 adytum
2763 3540 2953 3595 introit
2994 3551 3050 3595 et
3089 3540 3475 3612 imperatorem
3524 3543 3707 3613 repel-

2122 3630 2203 3695 lit,
2237 3631 2421 3700 aitque
2443 3647 2553 3684 non
2609 3632 2986 3687 intromissum
3034 3634 3121 3696 iri,
3175 3635 3490 3705 priusquam
3518 3650 3708 3705 pennas

2119 3738 2219 3793 pro
2251 3724 2510 3777 secundis
2546 3724 2755 3794 nuptiis
2816 3725 3028 3779 luisset.
3099 3724 3387 3781 Molestqu
3443 3729 3547 3783 boc
3605 3727 3709 3783 fuit

2118 3813 2449 3885 Niceplioro,
2481 3824 2536 3869 et
2580 3816 2646 3868 ad
2683 3816 2844 3871 tinem
2879 3831 3053 3887 usque
3100 3817 3224 3873 vitae
3254 3817 3547 3889 Polyeucto
3574 3834 3707 3874 suc-

2119 3906 2352 3961 censuit.
2417 3907 2707 3961 Dicebatur
2744 3908 2907 3962 etiam
2953 3908 3156 3979 passim
3205 3924 3412 3974 rumor,
3471 3910 3564 3981 qui
3594 3925 3704 3967 non

2127 3996 2351 4068 exiguas
2392 3996 2445 4050 in
2488 3998 2719 4051 ecclesia
2759 3998 2947 4053 turbas
2995 3998 3165 4065 dedit,
3192 4015 3363 4054 unum
3402 4000 3704 4056 liberorum

2120 4088 2543 4159 TbeOpbanonis
2566 4088 2731 4144 fuisse
2783 4106 2813 4144 a
2842 4090 3150 4161 Niccpltoro
3192 4107 3223 4147 e
3254 4107 3408 4148 sacro
3440 4092 3707 4163 baptismo

2119 4192 2458 4253 susceptum.
2518 4184 2655 4237 Eum
2730 4192 2789 4237 ut
2844 4184 3147 4254 speciosam
3183 4183 3387 4239 ansam
3437 4186 3709 4255 arripiens

2122 4275 2469 4345 Polyeuctus,
2527 4276 2913 4345 imperatorem
2983 4285 3075 4331 aut
3132 4276 3421 4346 repudiare
3480 4290 3705 4332 uxorem

2117 4368 2265 4438 juxta
2288 4382 2454 4422 sacra:
2476 4368 2883 4422 constitutionis
2917 4368 3295 4438 praescriptum
3336 4368 3538 4424 debere
3564 4384 3666 4423 con
3684 4398 3705 4409 -

2121 4461 2396 4520 tendebat,
2430 4475 2521 4513 aut
2552 4459 2778 4515 ecclesia
2801 4459 3094 4515 abstinere.
3150 4462 3339 4531 Atque“
3376 4462 3479 4517 hoc
3519 4472 3707 4532 poste-

434 4553 494 4605 δὲ
548 4556 639 4605 καὶ
669 4552 827 4619 λόγος
882 4552 1223 4623 ἁπανταχοῦ,
1258 4551 1319 4614 ὃς
1357 4552 1418 4604 οὐ
1471 4550 1681 4622 μικρῶς
1734 4552 2017 4623 διετάραξε
2056 4586 2094 4639 υ
2126 4552 2168 4605 ri

1964 4554 2017 4619 Ξε
2056 4586 2094 4639 υ
2126 4552 2238 4605 rius
2272 4551 2397 4605 fecit
2428 4549 2766 4621 Nicephorius
2810 4552 2962 4606 uxori
2996 4552 3229 4609 deditus.
3296 4554 3360 4608 Et
3394 4557 3705 4612 convocatis

436 4648 537 4714 τὴν
572 4645 920 4713 Ἐκκλησίαν,
961 4646 1205 4716 ὃτιπερδ
1248 4645 1562 4713 Νικηφόρος
1600 4643 1707 4697 ἀπὸ
1746 4646 1838 4697 τοῦ
1861 4646 2018 4713 ἁγίου

440 4737 810 4806 βαπτίσματος
824 4737 1080 4806 ἀνάδοχος
1100 4736 1314 4805 ἐγένετο
1336 4736 1444 4788 τῶν
1466 4736 1563 4806 τῆς
1583 4736 1885 4804 Θεοφανοῦς
1902 4737 2020 4800 ἐνὸς

440 4828 664 4882 παίδων.
691 4827 906 4898 Ταύτης
928 4828 985 4883 δὲ
1010 4829 1109 4898 τῆς
1169 4828 1359 4897 φήμης
1406 4827 1483 4890 ὡς
1512 4828 1731 4894 εὐλόγου
1764 4829 2018 4898 ἀφορμῆς

446 4919 784 4990 δραξάμενος
798 4923 828 4973 6
856 4920 1188 4983 Πολύευκτος
1209 4920 1240 4989 ἢ
1260 4920 1596 4990 χωρισθῆναι
1619 4920 1781 4973 αὑτὸν
1808 4920 2023 4990 ἀπεμά-

442 5028 577 5078 χετο
609 5011 711 5079 τῆς
738 5010 995 5079 γυναικὸς
1037 5011 1176 5063 κατά
1207 5012 1299 5063 τὸν
1332 5010 1582 5081 κανόναῆ
1612 5011 1708 5080 τῆς
1730 5011 2023 5081 ἐκκλησίας

440 5101 838 5172 ἀναχωρεῖν.“0
863 5101 927 5172 δὴ
958 5102 1050 5154 καὶ
1086 5101 1375 5170 πεποίηκε,
1397 5101 1496 5171 τῆς
1516 5101 1821 5169 Θεοφανοῦς
1845 5102 2025 5172 ἐξεχόιι

447 5208 634 5259 μενος.
660 5192 1139 5261 Συγκαλεσάμενος
1173 5193 1229 5245 δὲ
1256 5193 1380 5257 τοὺς
1415 5192 1776 5263 ἐνδημοῦντας
1805 5193 2026 5246 ἐπισκό-

446 5301 583 5343 πους
616 5286 674 5338 ἐν
704 5287 769 5355 τῇ
806 5284 961 5339 πόλει
988 5286 1083 5339 καὶ
1123 5286 1252 5349 τοὺς
1290 5286 1392 5353 τῆς
1440 5284 1743 5356 συγκλήτου
1770 5286 2022 5354 λογάδας,

447 5373 639 5442 σκέψιν
671 5376 797 5447 περὶ
824 5375 1015 5429 τούτου
1044 5374 1330 5447 προέθετο.
1368 5376 1589 5439 Πάντες
1626 5376 1682 5429 δέ
1725 5372 1871 5429 οὗτοι
1929 5376 2021 5429 τοῦ

2126 4644 2214 4712 qui
2240 4643 2293 4697 in
2343 4645 2476 4697 urbe
2509 4653 2617 4698 tum
2648 4642 2921 4714 peregrini
2954 4652 3111 4698 erant
3142 4646 3415 4716 episcopis
3462 4662 3524 4701 ac
3559 4648 3708 4704 dele-

2128 4735 2229 4789 ctis
2256 4736 2621 4801 senatoribus,
2652 4751 2766 4790 rem
2799 4737 2879 4791 eis
2931 4736 3338 4792 deliberandam
3400 4742 3704 4810 pr0posuit.

2128 4824 2165 4880 li
2192 4842 2384 4882 omnes
2411 4829 2858 4883 constitutionem
2882 4844 3001 4883 eam
3020 4830 3345 4900 Copronymi
3368 4846 3507 4895 esse,
3535 4848 3705 4902 eaque

2128 4919 2508 4989 imperatorem
2567 4938 2672 4975 non
2731 4924 2923 4985 teneri,
2966 4923 3492 4993 pronuntiaternnt;
3551 4924 3711 4981 libel-

2131 5009 2752 5081 lumque‘absolt‘ttionis
2796 5015 3163 5083 subscriptum
3210 5031 3239 5069 a
3294 5030 3351 5069 sc
3394 5015 3491 5083 ipsi
3541 5014 3707 5070 dede-

2127 5114 2276 5157 runt.
2309 5104 2674 5161 Nihilominus
2699 5120 2901 5174 tamen,
2941 5111 3332 5180 tergiversante
3364 5109 3702 5177 patriarcha,

2130 5204 2182 5248 et
2236 5210 2323 5249 res
2352 5212 2533 5251 sacras
2572 5212 2694 5251 cum
2739 5198 3063 5268 imperatore
3122 5213 3444 5253 communes
3500 5198 3703 5253 habere

2132 5297 2454 5354 recusante,
2505 5289 2687 5343 Cwsar
2751 5291 2908 5345 ﬁdem
2981 5290 3110 5345 fecit
3159 5290 3528 5361 Nicephorum
3594 5307 3703 5344 non

2132 5380 2301 5435 fuisse
2346 5396 2739 5453 susceptorem.
2795 5383 2898 5438 Sed
2956 5392 3008 5437 et
3048 5383 3325 5455 Stylianus
3386 5384 3703 5453 pontiﬁcum

1574 5513 1931 5569 XYLANDRI
1964 5512 2049 5567 ET
2079 5513 2287 5571 GOARI
2319 5518 2545 5574 ΝΟΤἉΕ.

526 5630 633 5696 (l0)
676 5629 946 5702 Laudatur
966 5645 996 5683 a
1020 5629 1222 5685 Grmeis
1242 5630 1603 5702 monogamia,
1633 5631 1860 5702 bigamia
1892 5630 2020 5684 tole-

454 5711 606 5755 ratur
644 5710 700 5770 et
740 5700 1035 5761 multatur,
1071 5702 1345 5770 τριγαμία
1386 5700 1560 5755 invisa
1604 5700 1710 5763 est,
1754 5718 2021 5770 τετραγα-

506 5773 556 5822 i1
591 5769 864 5841 prohibita
889 5780 973 5824 est
987 5771 1225 5838 penitus.
1248 5769 1345 5825 Cui
1376 5786 1505 5825 vero
1530 5786 1705 5841 poena:
1736 5769 2023 5840 subjicitur

506 5789 556 5822 ια
591 5789 864 5839 ριόιιιυιιει
889 5789 973 5824 εει
987 5789 1225 5838 penitus.
1248 5789 1345 5825 blll
1376 5789 1505 5825 vero
1530 5789 1705 5841 paena:
1736 5789 2020 5840 SliDlellUl‘

451 5789 680 5908 grauia
705 5840 726 5892 ἓ
754 5840 991 5894 biennali
1027 5850 1492 5898 sacramentorum
1526 5842 1745 5898 orbitati
1772 5859 1783 5907 ;
1819 5844 1885 5898 de
1917 5859 2020 5910 qua

2136 5631 2475 5702 Nicephorus
2508 5637 2559 5688 in
2592 5634 2925 5698 Canonibus,
2956 5636 3205 5700 Basilius,
3229 5633 3614 5702 Eucltologium
3649 5641 3707 5689 et

2132 5706 2426 5775 canonisun
2459 5705 2653 5760 Grazci.
2699 5706 2982 5761 Rationem
3030 5710 3072 5760 si
3103 5720 3330 5775 quaeras,
3359 5704 3705 5761 incontinen-

2136 5773 2265 5827 tiam
2296 5776 2552 5831 cohibent
2579 5786 2633 5831 et
2660 5777 2912 5847 puniunt.
2945 5777 3111 5832 Cum.
