  <div class='ocr_page' id='page_1' title='image "/cluster/home/n/w/nwhite01/storage/ocr_20150623/122/nnc1.0046979611/054.png"; bbox 0 0 4410 6452; ppageno 0'>
   <div class='ocr_carea' id='block_1_1' title="bbox 417 399 3648 479">
    <p class='ocr_par' dir='ltr' id='par_1_1' title="bbox 417 399 3648 479">
     <span class='ocr_line' id='line_1_1' title="bbox 417 399 3648 479; baseline 0.005 -15"><span class='ocrx_word' id='word_1_1' title='bbox 417 399 484 464; x_wconf 84' lang='grc'><strong>89</strong></span> <span class='ocrx_word' id='word_1_2' title='bbox 1459 413 1993 473; x_wconf 77' lang='lat' dir='ltr'><strong>IIlSTURlARUM</strong></span> <span class='ocrx_word' id='word_1_3' title='bbox 2043 413 2564 473; x_wconf 71' lang='lat' dir='ltr'><strong>COMPENDIUM.</strong></span> <span class='ocrx_word' id='word_1_4' title='bbox 3575 417 3648 479; x_wconf 85' lang='lat'><strong>90</strong></span> 
     </span>
    </p>
   </div>
   <div class='ocr_carea' id='block_1_2' title="bbox 415 512 2156 595">
    <p class='ocr_par' dir='ltr' id='par_1_2' title="bbox 415 512 2156 592">
     <span class='ocr_line' id='line_1_2' title="bbox 415 512 2156 592; baseline 0.007 -26"><span class='ocrx_word' id='word_1_5' title='bbox 415 512 573 584; x_wconf 76' lang='grc' dir='ltr'>μέχρι</span> <span class='ocrx_word' id='word_1_6' title='bbox 607 513 714 567; x_wconf 82' lang='grc' dir='ltr'>τῶν</span> <span class='ocrx_word' id='word_1_7' title='bbox 735 518 940 585; x_wconf 78' lang='grc' dir='ltr'><strong>χρόνων</strong></span> <span class='ocrx_word' id='word_1_8' title='bbox 979 517 1071 572; x_wconf 82' lang='grc' dir='ltr'><strong>τοῦ</strong></span> <span class='ocrx_word' id='word_1_9' title='bbox 1110 521 1622 592; x_wconf 75' lang='grc' dir='ltr'>Πορφυρογεννὴτου</span> <span class='ocrx_word' id='word_1_10' title='bbox 1674 526 1968 578; x_wconf 77' lang='grc' dir='ltr'>Κωνσταν-</span> <span class='ocrx_word' id='word_1_11' title='bbox 1996 533 2046 586; x_wconf 78' lang='grc' dir='ltr'><strong>Α</strong></span> <span class='ocrx_word' id='word_1_12' title='bbox 2073 523 2156 578; x_wconf 83' lang='lat' dir='ltr'><strong>Bu.‘</strong></span> 
     </span>
    </p>
   </div>
   <div class='ocr_carea' id='block_1_3' title="bbox 1913 512 3654 595">
    <p class='ocr_par' dir='ltr' id='par_1_3' title="bbox 1913 523 3654 595">
     <span class='ocr_line' id='line_1_3' title="bbox 1913 523 3654 595; baseline 0.002 -18"><span class='ocrx_word' id='word_1_13' title='bbox 1913 542 1968 577; x_wconf 82' lang='grc' dir='ltr'>ν-</span> <span class='ocrx_word' id='word_1_14' title='bbox 1996 533 2046 586; x_wconf 76' lang='grc' dir='ltr'>Α</span> <span class='ocrx_word' id='word_1_15' title='bbox 2073 523 2314 595; x_wconf 80' lang='lat' dir='ltr'><strong>Bnlgaris</strong></span> <span class='ocrx_word' id='word_1_16' title='bbox 2346 523 2569 589; x_wconf 69' lang='lat' dir='ltr'><strong>findere,</strong></span> <span class='ocrx_word' id='word_1_17' title='bbox 2593 539 2778 594; x_wconf 82' lang='lat' dir='ltr'><strong>pacem</strong></span> <span class='ocrx_word' id='word_1_18' title='bbox 2811 540 2934 580; x_wconf 91' lang='lat' dir='ltr'><strong>cum</strong></span> <span class='ocrx_word' id='word_1_19' title='bbox 2964 523 3340 580; x_wconf 81' lang='lat' dir='ltr'><strong>Siciliensibus</strong></span> <span class='ocrx_word' id='word_1_20' title='bbox 3366 523 3654 581; x_wconf 80' lang='lat' dir='ltr'><strong>Saracenis</strong></span> 
     </span>
    </p>
   </div>
   <div class='ocr_carea' id='block_1_4' title="bbox 413 601 1975 682">
    <p class='ocr_par' dir='ltr' id='par_1_4' title="bbox 413 601 1975 682">
     <span class='ocr_line' id='line_1_4' title="bbox 413 601 1975 682; baseline 0.01 -29"><span class='ocrx_word' id='word_1_21' title='bbox 413 601 556 655; x_wconf 86' lang='grc' dir='ltr'>τίνου</span> <span class='ocrx_word' id='word_1_22' title='bbox 587 605 679 658; x_wconf 80' lang='grc' dir='ltr'><strong>καὶ</strong></span> <span class='ocrx_word' id='word_1_23' title='bbox 718 607 817 676; x_wconf 82' lang='grc' dir='ltr'>τῆς</span> <span class='ocrx_word' id='word_1_24' title='bbox 882 609 1047 663; x_wconf 82' lang='grc' dir='ltr'>αὐτοῦ</span> <span class='ocrx_word' id='word_1_25' title='bbox 1081 612 1289 682; x_wconf 78' lang='grc' dir='ltr'>μητρός</span> <span class='ocrx_word' id='word_1_26' title='bbox 1311 629 1323 644; x_wconf 75' lang='grc' dir='ltr'><strong>ο</strong></span> <span class='ocrx_word' id='word_1_27' title='bbox 1359 614 1447 666; x_wconf 86' lang='grc' dir='ltr'>ἐπ’</span> <span class='ocrx_word' id='word_1_28' title='bbox 1477 614 1699 667; x_wconf 75' lang='grc' dir='ltr'><strong>ἐκείνων</strong></span> <span class='ocrx_word' id='word_1_29' title='bbox 1729 615 1783 668; x_wconf 81' lang='grc' dir='ltr'><strong>δὲ</strong></span> <span class='ocrx_word' id='word_1_30' title='bbox 1814 615 1975 669; x_wconf 83' lang='grc' dir='ltr'>πάλιν</span> 
     </span>
    </p>
   </div>
   <div class='ocr_carea' id='block_1_5' title="bbox 416 693 1976 777">
    <p class='ocr_par' dir='ltr' id='par_1_5' title="bbox 416 693 1976 777">
     <span class='ocr_line' id='line_1_5' title="bbox 416 693 1976 777; baseline 0.01 -33"><span class='ocrx_word' id='word_1_31' title='bbox 416 693 721 763; x_wconf 74' lang='grc' dir='ltr'><strong>κινηθέντες</strong></span> <span class='ocrx_word' id='word_1_32' title='bbox 748 699 797 750; x_wconf 81' lang='lat' dir='ltr'><strong>ot</strong></span> <span class='ocrx_word' id='word_1_33' title='bbox 827 699 1133 771; x_wconf 77' lang='grc' dir='ltr'>Σαρακηνοὶ</span> <span class='ocrx_word' id='word_1_34' title='bbox 1150 703 1376 773; x_wconf 84' lang='grc' dir='ltr'>μηδενὸς</span> <span class='ocrx_word' id='word_1_35' title='bbox 1403 705 1699 768; x_wconf 83' lang='grc' dir='ltr'>κωλύοντος</span> <span class='ocrx_word' id='word_1_36' title='bbox 1724 706 1818 777; x_wconf 81' lang='grc' dir='ltr'><strong>τὴν</strong></span> <span class='ocrx_word' id='word_1_37' title='bbox 1841 707 1976 759; x_wconf 83' lang='grc' dir='ltr'>ἰτα-</span> 
     </span>
    </p>
   </div>
   <div class='ocr_carea' id='block_1_6' title="bbox 413 785 1975 868">
    <p class='ocr_par' dir='ltr' id='par_1_6' title="bbox 413 785 1975 868">
     <span class='ocr_line' id='line_1_6' title="bbox 413 785 1975 868; baseline 0.008 -31"><span class='ocrx_word' id='word_1_38' title='bbox 413 785 532 838; x_wconf 87' lang='grc' dir='ltr'>λίαν</span> <span class='ocrx_word' id='word_1_39' title='bbox 553 790 895 860; x_wconf 85' lang='grc' dir='ltr'>κατέτρεχον.</span> <span class='ocrx_word' id='word_1_40' title='bbox 943 795 1252 858; x_wconf 85' lang='grc' dir='ltr'>Συνιδόντες</span> <span class='ocrx_word' id='word_1_41' title='bbox 1289 793 1382 850; x_wconf 79' lang='grc' dir='ltr'><strong>οὖν</strong></span> <span class='ocrx_word' id='word_1_42' title='bbox 1417 799 1464 849; x_wconf 90' lang='grc' dir='ltr'><strong>οί</strong></span> <span class='ocrx_word' id='word_1_43' title='bbox 1523 798 1846 868; x_wconf 79' lang='grc' dir='ltr'>κρατοῦντες</span> <span class='ocrx_word' id='word_1_44' title='bbox 1899 798 1975 861; x_wconf 86' lang='grc' dir='ltr'>ὡς</span> 
     </span>
    </p>
   </div>
   <div class='ocr_carea' id='block_1_7' title="bbox 411 868 1974 956">
    <p class='ocr_par' dir='ltr' id='par_1_7' title="bbox 411 868 1974 956">
     <span class='ocr_line' id='line_1_7' title="bbox 411 868 1974 956; baseline 0.01 -34"><span class='ocrx_word' id='word_1_45' title='bbox 411 872 510 941; x_wconf 82' lang='grc' dir='ltr'><strong>οὐχ</strong></span> <span class='ocrx_word' id='word_1_46' title='bbox 543 868 644 926; x_wconf 78' lang='grc' dir='ltr'>οἷοί</span> <span class='ocrx_word' id='word_1_47' title='bbox 679 878 738 929; x_wconf 82' lang='grc' dir='ltr'><strong>τέ</strong></span> <span class='ocrx_word' id='word_1_48' title='bbox 767 879 875 931; x_wconf 87' lang='grc' dir='ltr'>είσι</span> <span class='ocrx_word' id='word_1_49' title='bbox 910 881 1046 950; x_wconf 75' lang='grc' dir='ltr'>πρός</span> <span class='ocrx_word' id='word_1_50' title='bbox 1078 899 1135 935; x_wconf 91' lang='grc' dir='ltr'><strong>τε</strong></span> <span class='ocrx_word' id='word_1_51' title='bbox 1163 884 1288 947; x_wconf 81' lang='grc' dir='ltr'>τοὺς</span> <span class='ocrx_word' id='word_1_52' title='bbox 1316 885 1482 954; x_wconf 80' lang='grc' dir='ltr'>ἐῴους</span> <span class='ocrx_word' id='word_1_53' title='bbox 1511 888 1861 956; x_wconf 73' lang='grc' dir='ltr'>Σαρακηνους</span> <span class='ocrx_word' id='word_1_54' title='bbox 1883 890 1974 940; x_wconf 76' lang='grc' dir='ltr'><strong>καὶ</strong></span> 
     </span>
    </p>
   </div>
   <div class='ocr_carea' id='block_1_8' title="bbox 409 965 1974 1046">
    <p class='ocr_par' dir='ltr' id='par_1_8' title="bbox 409 965 1974 1046">
     <span class='ocr_line' id='line_1_8' title="bbox 409 965 1974 1046; baseline 0.012 -32"><span class='ocrx_word' id='word_1_55' title='bbox 409 965 547 1033; x_wconf 81' lang='grc' dir='ltr'>πρὸς</span> <span class='ocrx_word' id='word_1_56' title='bbox 572 967 696 1029; x_wconf 84' lang='grc' dir='ltr'>τοὺς</span> <span class='ocrx_word' id='word_1_57' title='bbox 726 970 1009 1039; x_wconf 71' lang='grc' dir='ltr'><strong>ἑσπερίους</strong></span> <span class='ocrx_word' id='word_1_58' title='bbox 1029 974 1293 1042; x_wconf 81' lang='grc' dir='ltr'>ἀντέχειν,</span> <span class='ocrx_word' id='word_1_59' title='bbox 1327 976 1422 1046; x_wconf 72' lang='grc' dir='ltr'><strong>ήδη</strong></span> <span class='ocrx_word' id='word_1_60' title='bbox 1447 977 1540 1029; x_wconf 75' lang='grc' dir='ltr'>καὶ</span> <span class='ocrx_word' id='word_1_61' title='bbox 1594 979 1702 1030; x_wconf 85' lang='grc' dir='ltr'><strong>τῶν</strong></span> <span class='ocrx_word' id='word_1_62' title='bbox 1736 978 1974 1044; x_wconf 84' lang='grc' dir='ltr'>Βουλγά-</span> 
     </span>
    </p>
   </div>
   <div class='ocr_carea' id='block_1_9' title="bbox 411 1057 1972 1135">
    <p class='ocr_par' dir='ltr' id='par_1_9' title="bbox 411 1057 1972 1135">
     <span class='ocr_line' id='line_1_9' title="bbox 411 1057 1972 1135; baseline 0.01 -29"><span class='ocrx_word' id='word_1_63' title='bbox 411 1070 522 1122; x_wconf 84' lang='grc' dir='ltr'><strong>ρων</strong></span> <span class='ocrx_word' id='word_1_64' title='bbox 550 1057 648 1118; x_wconf 80' lang='grc' dir='ltr'>τὰς</span> <span class='ocrx_word' id='word_1_65' title='bbox 673 1061 902 1132; x_wconf 70' lang='grc' dir='ltr'>σπονδάς</span> <span class='ocrx_word' id='word_1_66' title='bbox 924 1061 1244 1127; x_wconf 77' lang='grc' dir='ltr'><strong>λελυκότων,</strong></span> <span class='ocrx_word' id='word_1_67' title='bbox 1285 1067 1610 1121; x_wconf 86' lang='grc' dir='ltr'>σπείσασθαι</span> <span class='ocrx_word' id='word_1_68' title='bbox 1641 1068 1972 1135; x_wconf 80' lang='grc' dir='ltr'>ἐγνώκεισαν</span> 
     </span>
    </p>
   </div>
   <div class='ocr_carea' id='block_1_10' title="bbox 411 1147 1970 1227">
    <p class='ocr_par' dir='ltr' id='par_1_10' title="bbox 411 1147 1970 1227">
     <span class='ocr_line' id='line_1_10' title="bbox 411 1147 1970 1227; baseline 0.009 -28"><span class='ocrx_word' id='word_1_69' title='bbox 411 1147 550 1214; x_wconf 75' lang='grc' dir='ltr'>μετὰ</span> <span class='ocrx_word' id='word_1_70' title='bbox 603 1149 712 1202; x_wconf 81' lang='grc' dir='ltr'><strong>τῶν</strong></span> <span class='ocrx_word' id='word_1_71' title='bbox 766 1151 822 1202; x_wconf 82' lang='grc' dir='ltr'><strong>ἐν</strong></span> <span class='ocrx_word' id='word_1_72' title='bbox 869 1153 1088 1224; x_wconf 72' lang='grc' dir='ltr'>Σικελία</span> <span class='ocrx_word' id='word_1_73' title='bbox 1132 1157 1488 1227; x_wconf 83' lang='grc' dir='ltr'>Σαρακηνῶν.</span> <span class='ocrx_word' id='word_1_74' title='bbox 1542 1159 1818 1226; x_wconf 78' lang='grc' dir='ltr'><strong>Ἐγένοντο</strong></span> <span class='ocrx_word' id='word_1_75' title='bbox 1878 1161 1970 1213; x_wconf 80' lang='grc' dir='ltr'><strong>οὖν</strong></span> 
     </span>
    </p>
   </div>
   <div class='ocr_carea' id='block_1_11' title="bbox 407 1235 1968 1322">
    <p class='ocr_par' dir='ltr' id='par_1_11' title="bbox 407 1235 1968 1322">
     <span class='ocr_line' id='line_1_11' title="bbox 407 1235 1968 1322; baseline 0.012 -32"><span class='ocrx_word' id='word_1_76' title='bbox 407 1238 674 1308; x_wconf 78' lang='grc' dir='ltr'>σύμφωνα</span> <span class='ocrx_word' id='word_1_77' title='bbox 694 1242 761 1294; x_wconf 80' lang='grc' dir='ltr'><strong>δι’</strong></span> <span class='ocrx_word' id='word_1_78' title='bbox 798 1235 1094 1300; x_wconf 79' lang='grc' dir='ltr'>Εὐσταθίου</span> <span class='ocrx_word' id='word_1_79' title='bbox 1121 1248 1214 1300; x_wconf 88' lang='grc' dir='ltr'><strong>τοῦ</strong></span> <span class='ocrx_word' id='word_1_80' title='bbox 1266 1252 1567 1320; x_wconf 71' lang='grc' dir='ltr'><strong>στρατηγοῦ</strong></span> <span class='ocrx_word' id='word_1_81' title='bbox 1632 1253 1968 1322; x_wconf 67' lang='grc' dir='ltr'>Καλαῆρίας,</span> 
     </span>
    </p>
   </div>
   <div class='ocr_carea' id='block_1_12' title="bbox 405 1330 1966 1412">
    <p class='ocr_par' dir='ltr' id='par_1_12' title="bbox 405 1330 1966 1412">
     <span class='ocr_line' id='line_1_12' title="bbox 405 1330 1966 1412; baseline 0.01 -32"><span class='ocrx_word' id='word_1_82' title='bbox 405 1330 521 1392; x_wconf 66' lang='grc' dir='ltr'>ἐνὸς</span> <span class='ocrx_word' id='word_1_83' title='bbox 553 1332 702 1394; x_wconf 77' lang='grc' dir='ltr'>ὄντος</span> <span class='ocrx_word' id='word_1_84' title='bbox 733 1334 840 1388; x_wconf 84' lang='grc' dir='ltr'><strong>τῶν</strong></span> <span class='ocrx_word' id='word_1_85' title='bbox 881 1336 1174 1405; x_wconf 80' lang='grc' dir='ltr'>βασιλικῶν</span> <span class='ocrx_word' id='word_1_86' title='bbox 1214 1339 1630 1412; x_wconf 79' lang='grc' dir='ltr'>θαλαμηπόλων,</span> <span class='ocrx_word' id='word_1_87' title='bbox 1667 1344 1752 1412; x_wconf 68' lang='grc' dir='ltr'><strong>ἐφ’</strong></span> <span class='ocrx_word' id='word_1_88' title='bbox 1804 1339 1848 1412; x_wconf 79' lang='grc' dir='ltr'>ᾧ</span> <span class='ocrx_word' id='word_1_89' title='bbox 1873 1345 1966 1396; x_wconf 83' lang='grc' dir='ltr'>δα-</span> 
     </span>
    </p>
   </div>
   <div class='ocr_carea' id='block_1_13' title="bbox 410 1421 1968 1504">
    <p class='ocr_par' dir='ltr' id='par_1_13' title="bbox 410 1421 1968 1504">
     <span class='ocr_line' id='line_1_13' title="bbox 410 1421 1968 1504; baseline 0.024 -38"><span class='ocrx_word' id='word_1_90' title='bbox 410 1421 545 1486; x_wconf 67' lang='grc' dir='ltr'>σμὸν</span> <span class='ocrx_word' id='word_1_91' title='bbox 577 1423 792 1492; x_wconf 89' lang='grc' dir='ltr'>ἐτήσιον</span> <span class='ocrx_word' id='word_1_92' title='bbox 817 1425 1055 1480; x_wconf 79' lang='grc' dir='ltr'>δίδοσθαι</span> <span class='ocrx_word' id='word_1_93' title='bbox 1089 1433 1201 1492; x_wconf 85' lang='grc' dir='ltr'>τοῖς</span> <span class='ocrx_word' id='word_1_94' title='bbox 1241 1433 1580 1502; x_wconf 79' lang='grc' dir='ltr'>Σαρακηνοῖς</span> <span class='ocrx_word' id='word_1_95' title='bbox 1626 1435 1849 1504; x_wconf 73' lang='grc' dir='ltr'>χρυσίον</span> <span class='ocrx_word' id='word_1_96' title='bbox 1883 1453 1968 1503; x_wconf 72' lang='grc' dir='ltr'>κί’</span> 
     </span>
    </p>
   </div>
   <div class='ocr_carea' id='block_1_14' title="bbox 410 1506 1966 1590">
    <p class='ocr_par' dir='ltr' id='par_1_14' title="bbox 410 1506 1966 1590">
     <span class='ocr_line' id='line_1_14' title="bbox 410 1506 1966 1590; baseline 0.012 -31"><span class='ocrx_word' id='word_1_97' title='bbox 410 1506 592 1573; x_wconf 72' lang='grc' dir='ltr'>ὶιάδας</span> <span class='ocrx_word' id='word_1_98' title='bbox 656 1513 758 1581; x_wconf 77' lang='grc' dir='ltr'><strong>κβ’.</strong></span> <span class='ocrx_word' id='word_1_99' title='bbox 806 1514 890 1586; x_wconf 84' lang='grc' dir='ltr'><strong>[Ρ.</strong></span> <span class='ocrx_word' id='word_1_100' title='bbox 923 1518 1067 1590; x_wconf 78' lang='grc'>651]</span> <span class='ocrx_word' id='word_1_101' title='bbox 1102 1521 1412 1590; x_wconf 72' lang='grc' dir='ltr'>Γενομένων</span> <span class='ocrx_word' id='word_1_102' title='bbox 1460 1523 1512 1575; x_wconf 79' lang='grc' dir='ltr'><strong>δὲ</strong></span> <span class='ocrx_word' id='word_1_103' title='bbox 1565 1524 1671 1576; x_wconf 84' lang='grc' dir='ltr'><strong>τῶν</strong></span> <span class='ocrx_word' id='word_1_104' title='bbox 1725 1527 1966 1578; x_wconf 77' lang='grc' dir='ltr'>σπονδῶν</span> 
     </span>
    </p>
   </div>
   <div class='ocr_carea' id='block_1_15' title="bbox 402 1601 1964 1687">
    <p class='ocr_par' dir='ltr' id='par_1_15' title="bbox 402 1601 1964 1687">
     <span class='ocr_line' id='line_1_15' title="bbox 402 1601 1964 1687; baseline 0.012 -34"><span class='ocrx_word' id='word_1_105' title='bbox 402 1601 656 1674; x_wconf 75' lang='grc' dir='ltr'>Ἰωάννην</span> <span class='ocrx_word' id='word_1_106' title='bbox 693 1609 976 1676; x_wconf 86' lang='grc' dir='ltr'>πατρίκιον</span> <span class='ocrx_word' id='word_1_107' title='bbox 1006 1613 1095 1663; x_wconf 73' lang='grc' dir='ltr'><strong>τὸν</strong></span> <span class='ocrx_word' id='word_1_108' title='bbox 1130 1614 1358 1680; x_wconf 78' lang='grc' dir='ltr'>ἐπίκλην</span> <span class='ocrx_word' id='word_1_109' title='bbox 1399 1615 1728 1678; x_wconf 72' lang='grc' dir='ltr'>Μουζάλωνα</span> <span class='ocrx_word' id='word_1_110' title='bbox 1772 1635 1964 1687; x_wconf 81' lang='grc' dir='ltr'>στρατ-</span> 
     </span>
    </p>
   </div>
   <div class='ocr_carea' id='block_1_16' title="bbox 405 1695 1964 1778">
    <p class='ocr_par' dir='ltr' id='par_1_16' title="bbox 405 1695 1964 1778">
     <span class='ocr_line' id='line_1_16' title="bbox 405 1695 1964 1778; baseline 0.011 -33"><span class='ocrx_word' id='word_1_111' title='bbox 405 1695 541 1762; x_wconf 78' lang='grc' dir='ltr'>ηγὸν</span> <span class='ocrx_word' id='word_1_112' title='bbox 593 1697 693 1764; x_wconf 86' lang='grc' dir='ltr'><strong>τῆς</strong></span> <span class='ocrx_word' id='word_1_113' title='bbox 765 1699 1078 1770; x_wconf 70' lang='grc' dir='ltr'>Καλαϐρίας</span> <span class='ocrx_word' id='word_1_114' title='bbox 1132 1705 1517 1772; x_wconf 77' lang='grc' dir='ltr'>προύϐάλοντο,</span> <span class='ocrx_word' id='word_1_115' title='bbox 1581 1707 1642 1769; x_wconf 83' lang='grc' dir='ltr'>ὃς</span> <span class='ocrx_word' id='word_1_116' title='bbox 1693 1712 1964 1778; x_wconf 76' lang='grc' dir='ltr'>φορτικῶς</span> 
     </span>
    </p>
   </div>
   <div class='ocr_carea' id='block_1_17' title="bbox 401 1788 1960 1869">
    <p class='ocr_par' dir='ltr' id='par_1_17' title="bbox 401 1788 1960 1869">
     <span class='ocr_line' id='line_1_17' title="bbox 401 1788 1960 1869; baseline 0.006 -33"><span class='ocrx_word' id='word_1_117' title='bbox 401 1788 693 1856; x_wconf 81' lang='grc' dir='ltr'>κατάρχων</span> <span class='ocrx_word' id='word_1_118' title='bbox 757 1791 866 1844; x_wconf 83' lang='grc' dir='ltr'>τῶν</span> <span class='ocrx_word' id='word_1_119' title='bbox 924 1795 1202 1862; x_wconf 84' lang='grc' dir='ltr'>ἐγχωρίων</span> <span class='ocrx_word' id='word_1_120' title='bbox 1258 1796 1346 1848; x_wconf 83' lang='grc' dir='ltr'>ὑπ’</span> <span class='ocrx_word' id='word_1_121' title='bbox 1412 1797 1592 1850; x_wconf 70' lang='grc' dir='ltr'>αὐτῶν</span> <span class='ocrx_word' id='word_1_122' title='bbox 1643 1799 1960 1869; x_wconf 71' lang='grc' dir='ltr'>ἀπεσφάγη,</span> 
     </span>
    </p>
   </div>
   <div class='ocr_carea' id='block_1_18' title="bbox 2083 615 3652 686">
    <p class='ocr_par' dir='ltr' id='par_1_18' title="bbox 2083 615 3652 686">
     <span class='ocr_line' id='line_1_18' title="bbox 2083 615 3652 686; baseline 0 -18"><span class='ocrx_word' id='word_1_123' title='bbox 2083 628 2408 682; x_wconf 88' lang='lat' dir='ltr'><strong>componere</strong></span> <span class='ocrx_word' id='word_1_124' title='bbox 2435 621 2759 667; x_wconf 85' lang='lat' dir='ltr'><strong>statuerunt.</strong></span> <span class='ocrx_word' id='word_1_125' title='bbox 2787 615 3120 684; x_wconf 84' lang='lat' dir='ltr'><strong>Pactumque</strong></span> <span class='ocrx_word' id='word_1_126' title='bbox 3148 624 3230 670; x_wconf 89' lang='lat' dir='ltr'><strong>est</strong></span> <span class='ocrx_word' id='word_1_127' title='bbox 3251 656 3266 680; x_wconf 97' lang='lat'><strong>,</strong></span> <span class='ocrx_word' id='word_1_128' title='bbox 3304 622 3502 686; x_wconf 76' lang='lat' dir='ltr'><strong>agente</strong></span> <span class='ocrx_word' id='word_1_129' title='bbox 3535 632 3652 669; x_wconf 91' lang='lat' dir='ltr'><strong>rem</strong></span> 
     </span>
    </p>
   </div>
   <div class='ocr_carea' id='block_1_19' title="bbox 2084 705 3654 776">
    <p class='ocr_par' dir='ltr' id='par_1_19' title="bbox 2084 705 3654 776">
     <span class='ocr_line' id='line_1_19' title="bbox 2084 705 3654 776; baseline 0 -16"><span class='ocrx_word' id='word_1_130' title='bbox 2084 706 2364 760; x_wconf 82' lang='lat' dir='ltr'><strong>Eustathio</strong></span> <span class='ocrx_word' id='word_1_131' title='bbox 2393 705 2653 759; x_wconf 74' lang='lat' dir='ltr'><strong>Calabrize</strong></span> <span class='ocrx_word' id='word_1_132' title='bbox 2705 705 2984 775; x_wconf 67' lang='lat' dir='ltr'><strong>praefecto,</strong></span> <span class='ocrx_word' id='word_1_133' title='bbox 3039 722 3148 760; x_wconf 91' lang='lat' dir='ltr'><strong>uno</strong></span> <span class='ocrx_word' id='word_1_134' title='bbox 3181 709 3248 760; x_wconf 87' lang='lat' dir='ltr'><strong>de</strong></span> <span class='ocrx_word' id='word_1_135' title='bbox 3310 706 3654 776; x_wconf 77' lang='lat' dir='ltr'><strong>imperatoris</strong></span> 
     </span>
    </p>
   </div>
   <div class='ocr_carea' id='block_1_20' title="bbox 2081 790 3652 859">
    <p class='ocr_par' dir='ltr' id='par_1_20' title="bbox 2081 790 3652 859">
     <span class='ocr_line' id='line_1_20' title="bbox 2081 790 3652 859; baseline -0.003 -6"><span class='ocrx_word' id='word_1_136' title='bbox 2081 797 2447 859; x_wconf 78' lang='lat' dir='ltr'><strong>cubiculariis,</strong></span> <span class='ocrx_word' id='word_1_137' title='bbox 2485 807 2544 859; x_wconf 88' lang='lat' dir='ltr'><strong>ut</strong></span> <span class='ocrx_word' id='word_1_138' title='bbox 2574 797 2862 852; x_wconf 86' lang='lat' dir='ltr'><strong>Saracenis</strong></span> <span class='ocrx_word' id='word_1_139' title='bbox 2921 798 3184 851; x_wconf 87' lang='lat' dir='ltr'><strong>darentur</strong></span> <span class='ocrx_word' id='word_1_140' title='bbox 3218 799 3398 852; x_wconf 91' lang='lat' dir='ltr'><strong>tributi</strong></span> <span class='ocrx_word' id='word_1_141' title='bbox 3428 790 3652 851; x_wconf 79' lang='lat' dir='ltr'><strong>nomine</strong></span> 
     </span>
    </p>
   </div>
   <div class='ocr_carea' id='block_1_21' title="bbox 2082 873 3652 958">
    <p class='ocr_par' dir='ltr' id='par_1_21' title="bbox 2082 873 3652 958">
     <span class='ocr_line' id='line_1_21' title="bbox 2082 873 3652 958; baseline 0 -16"><span class='ocrx_word' id='word_1_142' title='bbox 2082 890 2372 958; x_wconf 86' lang='lat' dir='ltr'><strong>quotannis</strong></span> <span class='ocrx_word' id='word_1_143' title='bbox 2406 904 2690 940; x_wconf 89' lang='lat' dir='ltr'><strong>aureorum</strong></span> <span class='ocrx_word' id='word_1_144' title='bbox 2723 889 2791 941; x_wconf 69' lang='lat'><strong>2&#39;2</strong></span> <span class='ocrx_word' id='word_1_145' title='bbox 2824 889 3007 942; x_wconf 86' lang='lat' dir='ltr'><strong>millia.</strong></span> <span class='ocrx_word' id='word_1_146' title='bbox 3030 888 3268 943; x_wconf 81' lang='lat' dir='ltr'><strong>Firmala</strong></span> <span class='ocrx_word' id='word_1_147' title='bbox 3303 903 3454 958; x_wconf 85' lang='lat' dir='ltr'><strong>pace,</strong></span> <span class='ocrx_word' id='word_1_148' title='bbox 3482 873 3652 942; x_wconf 58' lang='lat' dir='ltr'><strong>Joan-</strong></span> 
     </span>
    </p>
   </div>
   <div class='ocr_carea' id='block_1_22' title="bbox 2081 976 3650 1052">
    <p class='ocr_par' dir='ltr' id='par_1_22' title="bbox 2081 976 3650 1052">
     <span class='ocr_line' id='line_1_22' title="bbox 2081 976 3650 1052; baseline 0.001 -23"><span class='ocrx_word' id='word_1_149' title='bbox 2081 992 2204 1030; x_wconf 89' lang='lat' dir='ltr'><strong>nem</strong></span> <span class='ocrx_word' id='word_1_150' title='bbox 2260 976 2547 1045; x_wconf 83' lang='lat' dir='ltr'><strong>patriciuin</strong></span> <span class='ocrx_word' id='word_1_151' title='bbox 2594 987 2952 1052; x_wconf 79' lang='lat' dir='ltr'><strong>cognomento</strong></span> <span class='ocrx_word' id='word_1_152' title='bbox 3001 977 3335 1032; x_wconf 82' lang='lat' dir='ltr'><strong>Muzalonem</strong></span> <span class='ocrx_word' id='word_1_153' title='bbox 3388 977 3650 1032; x_wconf 62' lang='lat' dir='ltr'><strong>Calabriae</strong></span> 
     </span>
    </p>
   </div>
   <div class='ocr_carea' id='block_1_23' title="bbox 2080 1067 3651 1137">
    <p class='ocr_par' dir='ltr' id='par_1_23' title="bbox 2080 1067 3651 1137">
     <span class='ocr_line' id='line_1_23' title="bbox 2080 1067 3651 1137; baseline 0.001 -18"><span class='ocrx_word' id='word_1_154' title='bbox 2080 1067 2458 1136; x_wconf 78' lang='lat' dir='ltr'><strong>praefecerunt.</strong></span> <span class='ocrx_word' id='word_1_155' title='bbox 2489 1067 2539 1120; x_wconf 92' lang='lat' dir='ltr'><strong>ls</strong></span> <span class='ocrx_word' id='word_1_156' title='bbox 2564 1081 2688 1120; x_wconf 89' lang='lat' dir='ltr'><strong>cum</strong></span> <span class='ocrx_word' id='word_1_157' title='bbox 2716 1081 2775 1120; x_wconf 89' lang='lat' dir='ltr'><strong>se</strong></span> <span class='ocrx_word' id='word_1_158' title='bbox 2806 1067 3158 1135; x_wconf 83' lang='lat' dir='ltr'><strong>imperiosius</strong></span> <span class='ocrx_word' id='word_1_159' title='bbox 3193 1067 3248 1120; x_wconf 90' lang='lat' dir='ltr'><strong>in</strong></span> <span class='ocrx_word' id='word_1_160' title='bbox 3283 1067 3529 1122; x_wconf 90' lang='lat' dir='ltr'><strong>subditos</strong></span> <span class='ocrx_word' id='word_1_161' title='bbox 3558 1083 3651 1137; x_wconf 78' lang='lat' dir='ltr'><strong>ge—</strong></span> 
     </span>
    </p>
   </div>
   <div class='ocr_carea' id='block_1_24' title="bbox 2081 1157 3650 1227">
    <p class='ocr_par' dir='ltr' id='par_1_24' title="bbox 2081 1157 3650 1227">
     <span class='ocr_line' id='line_1_24' title="bbox 2081 1157 3650 1227; baseline 0.001 -17"><span class='ocrx_word' id='word_1_162' title='bbox 2081 1166 2247 1218; x_wconf 85' lang='lat' dir='ltr'><strong>reret,</strong></span> <span class='ocrx_word' id='word_1_163' title='bbox 2290 1166 2372 1211; x_wconf 90' lang='lat' dir='ltr'><strong>est</strong></span> <span class='ocrx_word' id='word_1_164' title='bbox 2406 1158 2472 1211; x_wconf 87' lang='lat' dir='ltr'><strong>ah</strong></span> <span class='ocrx_word' id='word_1_165' title='bbox 2506 1159 2568 1212; x_wconf 89' lang='lat' dir='ltr'><strong>iis</strong></span> <span class='ocrx_word' id='word_1_166' title='bbox 2629 1157 2968 1220; x_wconf 83' lang='lat' dir='ltr'><strong>interfectus,</strong></span> <span class='ocrx_word' id='word_1_167' title='bbox 2995 1169 3158 1227; x_wconf 87' lang='lat' dir='ltr'><strong>atque</strong></span> <span class='ocrx_word' id='word_1_168' title='bbox 3207 1159 3241 1212; x_wconf 93' lang='lat' dir='ltr'><strong>ii</strong></span> <span class='ocrx_word' id='word_1_169' title='bbox 3295 1174 3353 1213; x_wconf 81' lang='lat' dir='ltr'><strong>se</strong></span> <span class='ocrx_word' id='word_1_170' title='bbox 3381 1159 3650 1214; x_wconf 85' lang='lat' dir='ltr'><strong>dederunt</strong></span> 
     </span>
    </p>
   </div>
   <div class='ocr_carea' id='block_1_25' title="bbox 2079 1250 3650 1321">
    <p class='ocr_par' dir='ltr' id='par_1_25' title="bbox 2079 1250 3650 1321">
     <span class='ocr_line' id='line_1_25' title="bbox 2079 1250 3650 1321; baseline 0.003 -20"><span class='ocrx_word' id='word_1_171' title='bbox 2079 1250 2405 1319; x_wconf 86' lang='lat' dir='ltr'><strong>Dandulpho</strong></span> <span class='ocrx_word' id='word_1_172' title='bbox 2437 1251 2550 1316; x_wconf 74' lang='lat' dir='ltr'><strong>regi</strong></span> <span class='ocrx_word' id='word_1_173' title='bbox 2581 1250 2979 1321; x_wconf 75' lang='lat' dir='ltr'><strong>Longibardiae,</strong></span> <span class='ocrx_word' id='word_1_174' title='bbox 3042 1266 3164 1304; x_wconf 88' lang='lat' dir='ltr'><strong>cutn</strong></span> <span class='ocrx_word' id='word_1_175' title='bbox 3196 1251 3308 1319; x_wconf 85' lang='lat' dir='ltr'><strong>jam</strong></span> <span class='ocrx_word' id='word_1_176' title='bbox 3371 1251 3650 1306; x_wconf 74' lang='lat' dir='ltr'><strong>Romanus</strong></span> 
     </span>
    </p>
   </div>
   <div class='ocr_carea' id='block_1_26' title="bbox 2077 1340 3649 1412">
    <p class='ocr_par' dir='ltr' id='par_1_26' title="bbox 2077 1340 3649 1412">
     <span class='ocr_line' id='line_1_26' title="bbox 2077 1340 3649 1412; baseline 0.002 -18"><span class='ocrx_word' id='word_1_177' title='bbox 2077 1341 2259 1394; x_wconf 89' lang='lat' dir='ltr'><strong>senior</strong></span> <span class='ocrx_word' id='word_1_178' title='bbox 2314 1343 2599 1411; x_wconf 87' lang='lat' dir='ltr'><strong>imperium</strong></span> <span class='ocrx_word' id='word_1_179' title='bbox 2652 1342 2971 1412; x_wconf 80' lang='lat' dir='ltr'><strong>accepisset.</strong></span> <span class='ocrx_word' id='word_1_180' title='bbox 3034 1340 3131 1395; x_wconf 90' lang='lat' dir='ltr'><strong>llic</strong></span> <span class='ocrx_word' id='word_1_181' title='bbox 3184 1341 3461 1397; x_wconf 76' lang='lat' dir='ltr'><strong>Romanus</strong></span> <span class='ocrx_word' id='word_1_182' title='bbox 3515 1343 3649 1398; x_wconf 87' lang='lat' dir='ltr'><strong>utile</strong></span> 
     </span>
    </p>
   </div>
   <div class='ocr_carea' id='block_1_27' title="bbox 2077 1433 3648 1502">
    <p class='ocr_par' dir='ltr' id='par_1_27' title="bbox 2077 1433 3648 1502">
     <span class='ocr_line' id='line_1_27' title="bbox 2077 1433 3648 1502; baseline 0.003 -19"><span class='ocrx_word' id='word_1_183' title='bbox 2077 1433 2287 1486; x_wconf 81' lang='lat' dir='ltr'><strong>censuit</strong></span> <span class='ocrx_word' id='word_1_184' title='bbox 2325 1442 2380 1487; x_wconf 91' lang='lat' dir='ltr'><strong>nt</strong></span> <span class='ocrx_word' id='word_1_185' title='bbox 2405 1433 2565 1486; x_wconf 83' lang='lat' dir='ltr'><strong>missa</strong></span> <span class='ocrx_word' id='word_1_186' title='bbox 2601 1435 2771 1487; x_wconf 84' lang='lat' dir='ltr'><strong>classe</strong></span> <span class='ocrx_word' id='word_1_187' title='bbox 2799 1448 2923 1502; x_wconf 87' lang='lat' dir='ltr'><strong>pars</strong></span> <span class='ocrx_word' id='word_1_188' title='bbox 2948 1433 3161 1502; x_wconf 88' lang='lat' dir='ltr'><strong>imperii</strong></span> <span class='ocrx_word' id='word_1_189' title='bbox 3194 1433 3388 1488; x_wconf 88' lang='lat' dir='ltr'><strong>amissa</strong></span> <span class='ocrx_word' id='word_1_190' title='bbox 3425 1447 3648 1502; x_wconf 80' lang='lat' dir='ltr'><strong>recupe-</strong></span> 
     </span>
    </p>
   </div>
   <div class='ocr_carea' id='block_1_28' title="bbox 2079 1521 3648 1593">
    <p class='ocr_par' dir='ltr' id='par_1_28' title="bbox 2079 1521 3648 1593">
     <span class='ocr_line' id='line_1_28' title="bbox 2079 1521 3648 1593; baseline 0.002 -19"><span class='ocrx_word' id='word_1_191' title='bbox 2079 1533 2302 1576; x_wconf 86' lang='lat' dir='ltr'><strong>rarctur.</strong></span> <span class='ocrx_word' id='word_1_192' title='bbox 2350 1523 2632 1575; x_wconf 77' lang='lat' dir='ltr'><strong>Prannittit</strong></span> <span class='ocrx_word' id='word_1_193' title='bbox 2659 1532 2838 1576; x_wconf 90' lang='lat' dir='ltr'><strong>tamen</strong></span> <span class='ocrx_word' id='word_1_194' title='bbox 2871 1523 3125 1576; x_wconf 83' lang='lat' dir='ltr'><strong>Cosmam</strong></span> <span class='ocrx_word' id='word_1_195' title='bbox 3155 1523 3444 1593; x_wconf 86' lang='lat' dir='ltr'><strong>patricium</strong></span> <span class='ocrx_word' id='word_1_196' title='bbox 3473 1521 3648 1577; x_wconf 78' lang='lat' dir='ltr'><strong>Thes-</strong></span> 
     </span>
    </p>
   </div>
   <div class='ocr_carea' id='block_1_29' title="bbox 2076 1611 3649 1683">
    <p class='ocr_par' dir='ltr' id='par_1_29' title="bbox 2076 1611 3649 1683">
     <span class='ocr_line' id='line_1_29' title="bbox 2076 1611 3649 1683; baseline 0.001 -16"><span class='ocrx_word' id='word_1_197' title='bbox 2076 1613 2493 1671; x_wconf 84' lang='lat' dir='ltr'><strong>salonicensem,</strong></span> <span class='ocrx_word' id='word_1_198' title='bbox 2528 1623 2715 1666; x_wconf 90' lang='lat' dir='ltr'><strong>notum</strong></span> <span class='ocrx_word' id='word_1_199' title='bbox 2763 1611 3103 1682; x_wconf 86' lang='lat' dir='ltr'><strong>Dandulpho.</strong></span> <span class='ocrx_word' id='word_1_200' title='bbox 3159 1615 3206 1668; x_wconf 91' lang='lat' dir='ltr'><strong>ls</strong></span> <span class='ocrx_word' id='word_1_201' title='bbox 3240 1631 3365 1670; x_wconf 90' lang='lat' dir='ltr'><strong>cum</strong></span> <span class='ocrx_word' id='word_1_202' title='bbox 3401 1614 3649 1683; x_wconf 84' lang='lat' dir='ltr'><strong>trajecis—</strong></span> 
     </span>
    </p>
   </div>
   <div class='ocr_carea' id='block_1_30' title="bbox 2075 1703 3647 1771">
    <p class='ocr_par' dir='ltr' id='par_1_30' title="bbox 2075 1703 3647 1771">
     <span class='ocr_line' id='line_1_30' title="bbox 2075 1703 3647 1771; baseline 0.001 -16"><span class='ocrx_word' id='word_1_203' title='bbox 2075 1714 2156 1757; x_wconf 75' lang='lat' dir='ltr'><strong>set</strong></span> <span class='ocrx_word' id='word_1_204' title='bbox 2185 1703 2234 1755; x_wconf 91' lang='lat' dir='ltr'><strong>iu</strong></span> <span class='ocrx_word' id='word_1_205' title='bbox 2269 1703 2496 1763; x_wconf 85' lang='lat' dir='ltr'><strong>Italiam,</strong></span> <span class='ocrx_word' id='word_1_206' title='bbox 2530 1719 2652 1756; x_wconf 90' lang='lat' dir='ltr'><strong>cum</strong></span> <span class='ocrx_word' id='word_1_207' title='bbox 2691 1703 3016 1771; x_wconf 84' lang='lat' dir='ltr'><strong>Dandulpho</strong></span> <span class='ocrx_word' id='word_1_208' title='bbox 3045 1705 3347 1758; x_wconf 88' lang='lat' dir='ltr'><strong>collocutus</strong></span> <span class='ocrx_word' id='word_1_209' title='bbox 3402 1706 3647 1759; x_wconf 85' lang='lat' dir='ltr'><strong>hortatur</strong></span> 
     </span>
    </p>
   </div>
   <div class='ocr_carea' id='block_1_31' title="bbox 2077 1776 3649 1864">
    <p class='ocr_par' dir='ltr' id='par_1_31' title="bbox 2077 1776 3649 1864">
     <span class='ocr_line' id='line_1_31' title="bbox 2077 1776 3649 1864; baseline 0.001 -18"><span class='ocrx_word' id='word_1_210' title='bbox 2077 1801 2134 1846; x_wconf 92' lang='grc' dir='ltr'><strong>ιιι</strong></span> <span class='ocrx_word' id='word_1_211' title='bbox 2171 1809 2199 1846; x_wconf 87' lang='lat' dir='ltr'><strong>a</strong></span> <span class='ocrx_word' id='word_1_212' title='bbox 2231 1792 2592 1847; x_wconf 74' lang='lat' dir='ltr'><strong>Romanorum</strong></span> <span class='ocrx_word' id='word_1_213' title='bbox 2627 1795 2837 1848; x_wconf 87' lang='lat' dir='ltr'><strong>ditione</strong></span> <span class='ocrx_word' id='word_1_214' title='bbox 2871 1795 3140 1849; x_wconf 87' lang='lat' dir='ltr'><strong>abstineat</strong></span> <span class='ocrx_word' id='word_1_215' title='bbox 3193 1804 3248 1849; x_wconf 91' lang='lat' dir='ltr'><strong>et</strong></span> <span class='ocrx_word' id='word_1_216' title='bbox 3303 1810 3427 1850; x_wconf 91' lang='lat' dir='ltr'><strong>cum</strong></span> <span class='ocrx_word' id='word_1_217' title='bbox 3474 1776 3649 1864; x_wconf 81' lang='lat' dir='ltr'><strong>impe-</strong></span> 
     </span>
    </p>
   </div>
   <div class='ocr_carea' id='block_1_32' title="bbox 397 1877 2138 1960">
    <p class='ocr_par' dir='ltr' id='par_1_32' title="bbox 397 1877 2138 1960">
     <span class='ocr_line' id='line_1_32' title="bbox 397 1877 2138 1960; baseline 0.01 -32"><span class='ocrx_word' id='word_1_218' title='bbox 397 1882 906 1950; x_wconf 78' lang='grc' dir='ltr'>προσχωρησάντων</span> <span class='ocrx_word' id='word_1_219' title='bbox 936 1884 1011 1954; x_wconf 78' lang='grc' dir='ltr'><strong>τῷ</strong></span> <span class='ocrx_word' id='word_1_220' title='bbox 1047 1887 1175 1956; x_wconf 79' lang='grc' dir='ltr'>ῥηγὶ</span> <span class='ocrx_word' id='word_1_221' title='bbox 1203 1888 1595 1956; x_wconf 81' lang='grc' dir='ltr'>Λογγιὸαρδίας</span> <span class='ocrx_word' id='word_1_222' title='bbox 1624 1877 1960 1960; x_wconf 57' lang='grc' dir='ltr'>Δανδούλίῳῳ,</span> <span class='ocrx_word' id='word_1_223' title='bbox 1993 1877 2038 1935; x_wconf 78' lang='grc' dir='ltr'><strong>Β</strong></span> <span class='ocrx_word' id='word_1_224' title='bbox 2071 1897 2138 1937; x_wconf 70' lang='lat' dir='ltr'><strong>l‘ill</strong></span> 
     </span>
    </p>
   </div>
   <div class='ocr_carea' id='block_1_33' title="bbox 1906 1877 3647 1960">
    <p class='ocr_par' dir='ltr' id='par_1_33' title="bbox 1906 1877 3647 1960">
     <span class='ocr_line' id='line_1_33' title="bbox 1906 1877 3647 1960; baseline 0.003 -25"><span class='ocrx_word' id='word_1_225' title='bbox 1906 1908 1960 1960; x_wconf 65' lang='grc' dir='ltr'><strong>ῳ,</strong></span> <span class='ocrx_word' id='word_1_226' title='bbox 1993 1877 2038 1935; x_wconf 86' lang='grc' dir='ltr'><strong>Β</strong></span> <span class='ocrx_word' id='word_1_227' title='bbox 2071 1895 2250 1938; x_wconf 69' lang='grc' dir='ltr'>ιιιιυιο</span> <span class='ocrx_word' id='word_1_228' title='bbox 2281 1886 2456 1940; x_wconf 67' lang='lat' dir='ltr'><strong>fwdus</strong></span> <span class='ocrx_word' id='word_1_229' title='bbox 2490 1887 2654 1947; x_wconf 87' lang='lat' dir='ltr'><strong>ineat,</strong></span> <span class='ocrx_word' id='word_1_230' title='bbox 2704 1901 2939 1954; x_wconf 87' lang='lat' dir='ltr'><strong>eumque</strong></span> <span class='ocrx_word' id='word_1_231' title='bbox 2965 1903 3062 1956; x_wconf 90' lang='lat' dir='ltr'><strong>pro</strong></span> <span class='ocrx_word' id='word_1_232' title='bbox 3087 1887 3246 1940; x_wconf 87' lang='lat' dir='ltr'><strong>hoste</strong></span> <span class='ocrx_word' id='word_1_233' title='bbox 3271 1887 3505 1941; x_wconf 88' lang='lat' dir='ltr'><strong>amicum</strong></span> <span class='ocrx_word' id='word_1_234' title='bbox 3551 1903 3647 1956; x_wconf 88' lang='lat' dir='ltr'><strong>po-</strong></span> 
     </span>
    </p>
   </div>
   <div class='ocr_carea' id='block_1_34' title="bbox 410 1970 1963 2054">
    <p class='ocr_par' dir='ltr' id='par_1_34' title="bbox 410 1970 1963 2051">
     <span class='ocr_line' id='line_1_34' title="bbox 410 1970 1963 2051; baseline 0.006 -28"><span class='ocrx_word' id='word_1_235' title='bbox 410 1970 691 2037; x_wconf 79' lang='grc' dir='ltr'>Ῥωμανοῦ</span> <span class='ocrx_word' id='word_1_236' title='bbox 724 1973 817 2026; x_wconf 90' lang='grc' dir='ltr'><strong>τοῦ</strong></span> <span class='ocrx_word' id='word_1_237' title='bbox 846 1977 1098 2043; x_wconf 84' lang='grc' dir='ltr'>γέροντος</span> <span class='ocrx_word' id='word_1_238' title='bbox 1124 1978 1246 2046; x_wconf 79' lang='grc' dir='ltr'>ἄρτι</span> <span class='ocrx_word' id='word_1_239' title='bbox 1276 1981 1343 2031; x_wconf 78' lang='grc' dir='ltr'><strong>τά</strong></span> <span class='ocrx_word' id='word_1_240' title='bbox 1394 1981 1648 2049; x_wconf 80' lang='grc' dir='ltr'>σκῆπτρα</span> <span class='ocrx_word' id='word_1_241' title='bbox 1708 1984 1963 2051; x_wconf 69' lang='grc' dir='ltr'>κατέχον-</span> 
     </span>
    </p>
   </div>
   <div class='ocr_carea' id='block_1_35' title="bbox 395 2060 1965 2144">
    <p class='ocr_par' dir='ltr' id='par_1_35' title="bbox 395 2060 1965 2144">
     <span class='ocr_line' id='line_1_35' title="bbox 395 2060 1965 2144; baseline 0.009 -32"><span class='ocrx_word' id='word_1_242' title='bbox 395 2078 488 2124; x_wconf 86' lang='grc' dir='ltr'><strong>τος</strong></span> <span class='ocrx_word' id='word_1_243' title='bbox 530 2060 835 2128; x_wconf 80' lang='grc' dir='ltr'>Ῥωμαίων.</span> <span class='ocrx_word' id='word_1_244' title='bbox 877 2067 997 2134; x_wconf 74' lang='grc' dir='ltr'><strong>Ὑφ’</strong></span> <span class='ocrx_word' id='word_1_245' title='bbox 1042 2063 1101 2121; x_wconf 77' lang='grc' dir='ltr'><strong>οῦ</strong></span> <span class='ocrx_word' id='word_1_246' title='bbox 1149 2071 1426 2140; x_wconf 75' lang='grc' dir='ltr'>συμφέρον</span> <span class='ocrx_word' id='word_1_247' title='bbox 1470 2073 1728 2142; x_wconf 70' lang='grc' dir='ltr'>ἐνομίσθη</span> <span class='ocrx_word' id='word_1_248' title='bbox 1801 2092 1965 2144; x_wconf 64' lang='lat'><strong>3:92-</strong></span> 
     </span>
    </p>
   </div>
   <div class='ocr_carea' id='block_1_36' title="bbox 394 2153 1963 2235">
    <p class='ocr_par' dir='ltr' id='par_1_36' title="bbox 394 2153 1963 2235">
     <span class='ocr_line' id='line_1_36' title="bbox 394 2153 1963 2235; baseline 0.01 -32"><span class='ocrx_word' id='word_1_249' title='bbox 394 2153 600 2217; x_wconf 85' lang='grc' dir='ltr'>τιὼτας</span> <span class='ocrx_word' id='word_1_250' title='bbox 629 2155 940 2225; x_wconf 78' lang='grc' dir='ltr'>πεμφθῆναι</span> <span class='ocrx_word' id='word_1_251' title='bbox 975 2160 1116 2228; x_wconf 83' lang='grc' dir='ltr'>μετά</span> <span class='ocrx_word' id='word_1_252' title='bbox 1180 2161 1338 2227; x_wconf 83' lang='grc' dir='ltr'>νεῶν,</span> <span class='ocrx_word' id='word_1_253' title='bbox 1392 2162 1453 2215; x_wconf 85' lang='grc' dir='ltr'><strong>τὸ</strong></span> <span class='ocrx_word' id='word_1_254' title='bbox 1502 2166 1815 2233; x_wconf 68' lang='grc' dir='ltr'>ἀπορραγὲν</span> <span class='ocrx_word' id='word_1_255' title='bbox 1864 2167 1963 2235; x_wconf 83' lang='grc' dir='ltr'>τῆς</span> 
     </span>
    </p>
   </div>
   <div class='ocr_carea' id='block_1_37' title="bbox 393 2244 1962 2326">
    <p class='ocr_par' dir='ltr' id='par_1_37' title="bbox 393 2244 1962 2326">
     <span class='ocr_line' id='line_1_37' title="bbox 393 2244 1962 2326; baseline 0.01 -31"><span class='ocrx_word' id='word_1_256' title='bbox 393 2244 646 2312; x_wconf 79' lang='grc' dir='ltr'>ὁλότητος</span> <span class='ocrx_word' id='word_1_257' title='bbox 693 2249 854 2316; x_wconf 82' lang='grc' dir='ltr'>μέρος</span> <span class='ocrx_word' id='word_1_258' title='bbox 915 2251 1388 2308; x_wconf 81' lang='grc' dir='ltr'>ἐπανασώσασθαι.</span> <span class='ocrx_word' id='word_1_259' title='bbox 1446 2257 1849 2326; x_wconf 76' lang='grc' dir='ltr'>Προσεπέμφθη</span> <span class='ocrx_word' id='word_1_260' title='bbox 1906 2259 1962 2310; x_wconf 79' lang='grc' dir='ltr'><strong>δὲ</strong></span> 
     </span>
    </p>
   </div>
   <div class='ocr_carea' id='block_1_38' title="bbox 396 2337 1962 2416">
    <p class='ocr_par' dir='ltr' id='par_1_38' title="bbox 396 2337 1962 2416">
     <span class='ocr_line' id='line_1_38' title="bbox 396 2337 1962 2416; baseline 0.006 -28"><span class='ocrx_word' id='word_1_261' title='bbox 396 2337 623 2406; x_wconf 79' lang='grc' dir='ltr'>Κοσμᾶς</span> <span class='ocrx_word' id='word_1_262' title='bbox 653 2339 933 2407; x_wconf 71' lang='grc' dir='ltr'>πατρίκιος</span> <span class='ocrx_word' id='word_1_263' title='bbox 958 2341 1404 2408; x_wconf 73' lang='grc' dir='ltr'>Θεσσαλονικεὺς,</span> <span class='ocrx_word' id='word_1_264' title='bbox 1438 2345 1714 2415; x_wconf 78' lang='grc' dir='ltr'>γνώριμος</span> <span class='ocrx_word' id='word_1_265' title='bbox 1752 2346 1826 2398; x_wconf 80' lang='grc' dir='ltr'><strong>ὢν</strong></span> <span class='ocrx_word' id='word_1_266' title='bbox 1887 2347 1962 2416; x_wconf 75' lang='grc' dir='ltr'><strong>τῷ</strong></span> 
     </span>
    </p>
   </div>
   <div class='ocr_carea' id='block_1_39' title="bbox 392 2429 1963 2502">
    <p class='ocr_par' dir='ltr' id='par_1_39' title="bbox 392 2429 1963 2502">
     <span class='ocr_line' id='line_1_39' title="bbox 392 2429 1963 2502; baseline 0.008 -23"><span class='ocrx_word' id='word_1_267' title='bbox 392 2429 712 2496; x_wconf 70' lang='grc' dir='ltr'>Δανδούλφῳ</span> <span class='ocrx_word' id='word_1_268' title='bbox 736 2432 869 2500; x_wconf 68' lang='grc'>(12).</span> <span class='ocrx_word' id='word_1_269' title='bbox 903 2433 1008 2483; x_wconf 67' lang='grc' dir='ltr'><strong>Καὶ</strong></span> <span class='ocrx_word' id='word_1_270' title='bbox 1048 2435 1372 2502; x_wconf 54' lang='grc' dir='ltr'>περαιωθεὶς</span> <span class='ocrx_word' id='word_1_271' title='bbox 1404 2431 1557 2499; x_wconf 75' lang='grc' dir='ltr'>οὗτος</span> <span class='ocrx_word' id='word_1_272' title='bbox 1593 2437 1671 2498; x_wconf 76' lang='grc' dir='ltr'><strong>είς</strong></span> <span class='ocrx_word' id='word_1_273' title='bbox 1729 2439 1963 2492; x_wconf 75' lang='grc' dir='ltr'>Ἰταλίαν</span> 
     </span>
    </p>
   </div>
   <div class='ocr_carea' id='block_1_40' title="bbox 392 2520 1958 2600">
    <p class='ocr_par' dir='ltr' id='par_1_40' title="bbox 392 2520 1958 2600">
     <span class='ocr_line' id='line_1_40' title="bbox 392 2520 1958 2600; baseline 0.008 -29"><span class='ocrx_word' id='word_1_274' title='bbox 392 2521 490 2572; x_wconf 68' lang='grc' dir='ltr'><strong>καὶ</strong></span> <span class='ocrx_word' id='word_1_275' title='bbox 519 2520 594 2589; x_wconf 83' lang='grc' dir='ltr'>τῷ</span> <span class='ocrx_word' id='word_1_276' title='bbox 637 2523 955 2592; x_wconf 63' lang='grc' dir='ltr'>Δανδούλιριει</span> <span class='ocrx_word' id='word_1_277' title='bbox 1003 2526 1274 2594; x_wconf 71' lang='grc' dir='ltr'>συμμίξας</span> <span class='ocrx_word' id='word_1_278' title='bbox 1337 2528 1567 2599; x_wconf 65' lang='grc' dir='ltr'>παρῄνει</span> <span class='ocrx_word' id='word_1_279' title='bbox 1626 2532 1958 2600; x_wconf 70' lang='grc' dir='ltr'>ἀποσχέσθαι</span> 
     </span>
    </p>
   </div>
   <div class='ocr_carea' id='block_1_41' title="bbox 390 2607 1957 2688">
    <p class='ocr_par' dir='ltr' id='par_1_41' title="bbox 390 2607 1957 2688">
     <span class='ocr_line' id='line_1_41' title="bbox 390 2607 1957 2688; baseline 0.01 -32"><span class='ocrx_word' id='word_1_280' title='bbox 390 2609 488 2673; x_wconf 77' lang='grc' dir='ltr'><strong>τῆς</strong></span> <span class='ocrx_word' id='word_1_281' title='bbox 519 2607 702 2676; x_wconf 71' lang='grc' dir='ltr'>χώρας</span> <span class='ocrx_word' id='word_1_282' title='bbox 747 2609 1027 2680; x_wconf 76' lang='grc' dir='ltr'>Ῥωμαίων</span> <span class='ocrx_word' id='word_1_283' title='bbox 1089 2617 1180 2668; x_wconf 77' lang='grc' dir='ltr'><strong>καὶ</strong></span> <span class='ocrx_word' id='word_1_284' title='bbox 1237 2616 1312 2683; x_wconf 75' lang='grc' dir='ltr'><strong>τῷ</strong></span> <span class='ocrx_word' id='word_1_285' title='bbox 1376 2617 1586 2686; x_wconf 82' lang='grc' dir='ltr'>βασιλεῖ</span> <span class='ocrx_word' id='word_1_286' title='bbox 1654 2620 1957 2688; x_wconf 70' lang='grc' dir='ltr'>συμφιλιω-</span> 
     </span>
    </p>
   </div>
   <div class='ocr_carea' id='block_1_42' title="bbox 391 2695 1959 2780">
    <p class='ocr_par' dir='ltr' id='par_1_42' title="bbox 391 2695 1959 2780">
     <span class='ocr_line' id='line_1_42' title="bbox 391 2695 1959 2780; baseline 0.011 -33"><span class='ocrx_word' id='word_1_287' title='bbox 391 2695 549 2764; x_wconf 79' lang='grc' dir='ltr'>θῆναι</span> <span class='ocrx_word' id='word_1_288' title='bbox 603 2701 694 2751; x_wconf 70' lang='grc' dir='ltr'><strong>καὶ</strong></span> <span class='ocrx_word' id='word_1_289' title='bbox 775 2703 895 2754; x_wconf 75' lang='grc' dir='ltr'>ἀντὶ</span> <span class='ocrx_word' id='word_1_290' title='bbox 954 2705 1212 2774; x_wconf 75' lang='grc' dir='ltr'>πολεμίου</span> <span class='ocrx_word' id='word_1_291' title='bbox 1241 2707 1388 2774; x_wconf 78' lang='grc' dir='ltr'>φίλον</span> <span class='ocrx_word' id='word_1_292' title='bbox 1411 2708 1572 2761; x_wconf 86' lang='grc' dir='ltr'>αὐτὸν</span> <span class='ocrx_word' id='word_1_293' title='bbox 1615 2712 1826 2780; x_wconf 79' lang='grc' dir='ltr'>ποιῆσαι</span> <span class='ocrx_word' id='word_1_294' title='bbox 1864 2713 1959 2765; x_wconf 76' lang='grc' dir='ltr'>καὶ</span> 
     </span>
    </p>
   </div>
   <div class='ocr_carea' id='block_1_43' title="bbox 391 2789 1958 2873">
    <p class='ocr_par' dir='ltr' id='par_1_43' title="bbox 391 2789 1958 2873">
     <span class='ocr_line' id='line_1_43' title="bbox 391 2789 1958 2873; baseline 0.008 -29"><span class='ocrx_word' id='word_1_295' title='bbox 391 2789 700 2857; x_wconf 70' lang='grc' dir='ltr'>σύμμαχον.</span> <span class='ocrx_word' id='word_1_296' title='bbox 737 2795 1189 2865; x_wconf 76' lang='grc' dir='ltr'>Ἀπαναινομέιου</span> <span class='ocrx_word' id='word_1_297' title='bbox 1233 2799 1286 2850; x_wconf 74' lang='grc' dir='ltr'><strong>δὲ</strong></span> <span class='ocrx_word' id='word_1_298' title='bbox 1332 2800 1519 2852; x_wconf 80' lang='grc' dir='ltr'>τούτου</span> <span class='ocrx_word' id='word_1_299' title='bbox 1557 2802 1614 2854; x_wconf 84' lang='grc' dir='ltr'>τὸ</span> <span class='ocrx_word' id='word_1_300' title='bbox 1665 2804 1902 2873; x_wconf 83' lang='grc' dir='ltr'>πρῶτον,</span> <span class='ocrx_word' id='word_1_301' title='bbox 1929 2807 1958 2858; x_wconf 79' lang='grc' dir='ltr'><strong>ό</strong></span> 
     </span>
    </p>
   </div>
   <div class='ocr_carea' id='block_1_44' title="bbox 390 2880 1954 2965">
    <p class='ocr_par' dir='ltr' id='par_1_44' title="bbox 390 2880 1954 2965">
     <span class='ocr_line' id='line_1_44' title="bbox 390 2880 1954 2965; baseline 0.01 -34"><span class='ocrx_word' id='word_1_302' title='bbox 390 2880 617 2948; x_wconf 75' lang='grc' dir='ltr'>Κοσμτῖς</span> <span class='ocrx_word' id='word_1_303' title='bbox 652 2883 787 2953; x_wconf 76' lang='grc' dir='ltr'>ἀνὴρ</span> <span class='ocrx_word' id='word_1_304' title='bbox 822 2886 1080 2965; x_wconf 80' lang='grc' dir='ltr'>φρόνιμος</span> <span class='ocrx_word' id='word_1_305' title='bbox 1138 2889 1212 2942; x_wconf 81' lang='grc' dir='ltr'><strong>ὢν</strong></span> <span class='ocrx_word' id='word_1_306' title='bbox 1245 2891 1335 2941; x_wconf 71' lang='grc' dir='ltr'><strong>καὶ</strong></span> <span class='ocrx_word' id='word_1_307' title='bbox 1381 2892 1620 2954; x_wconf 76' lang='grc' dir='ltr'>συνετόςο</span> <span class='ocrx_word' id='word_1_308' title='bbox 1661 2907 1690 2944; x_wconf 83' lang='grc'><strong>”(</strong></span> <span class='ocrx_word' id='word_1_309' title='bbox 1799 2895 1954 2963; x_wconf 76' lang='grc' dir='ltr'>Ἐμοὶ</span> 
     </span>
    </p>
   </div>
   <div class='ocr_carea' id='block_1_45' title="bbox 393 2969 1956 3054">
    <p class='ocr_par' dir='ltr' id='par_1_45' title="bbox 393 2969 1956 3054">
     <span class='ocr_line' id='line_1_45' title="bbox 393 2969 1956 3054; baseline 0.009 -33"><span class='ocrx_word' id='word_1_310' title='bbox 393 2973 515 3039; x_wconf 77' lang='grc' dir='ltr'>μὲν,</span> <span class='ocrx_word' id='word_1_311' title='bbox 547 2969 666 3024; x_wconf 76' lang='grc' dir='ltr'>εἷπε</span> <span class='ocrx_word' id='word_1_312' title='bbox 698 2975 829 3042; x_wconf 81' lang='grc' dir='ltr'>πρὸς</span> <span class='ocrx_word' id='word_1_313' title='bbox 860 2976 948 3026; x_wconf 81' lang='grc' dir='ltr'>τὸν</span> <span class='ocrx_word' id='word_1_314' title='bbox 983 2978 1328 3046; x_wconf 55' lang='grc' dir='ltr'>Δανδούλφον,</span> <span class='ocrx_word' id='word_1_315' title='bbox 1360 2983 1520 3049; x_wconf 79' lang='grc' dir='ltr'>χρέος</span> <span class='ocrx_word' id='word_1_316' title='bbox 1544 2978 1610 3051; x_wconf 85' lang='grc' dir='ltr'>ἦν</span> <span class='ocrx_word' id='word_1_317' title='bbox 1660 2983 1728 3036; x_wconf 73' lang='grc' dir='ltr'><strong>τά</strong></span> <span class='ocrx_word' id='word_1_318' title='bbox 1784 2988 1956 3054; x_wconf 67' lang='lat' dir='ltr'><strong>auri;-</strong></span> 
     </span>
    </p>
   </div>
   <div class='ocr_carea' id='block_1_46' title="bbox 393 3064 1954 3142">
    <p class='ocr_par' dir='ltr' id='par_1_46' title="bbox 393 3064 1954 3142">
     <span class='ocr_line' id='line_1_46' title="bbox 393 3064 1954 3142; baseline 0.009 -31"><span class='ocrx_word' id='word_1_319' title='bbox 393 3078 485 3129; x_wconf 81' lang='grc' dir='ltr'><strong>ρια</strong></span> <span class='ocrx_word' id='word_1_320' title='bbox 515 3064 909 3129; x_wconf 62' lang='grc' dir='ltr'>συμϐουλεῦσαι</span> <span class='ocrx_word' id='word_1_321' title='bbox 939 3070 1011 3136; x_wconf 79' lang='grc' dir='ltr'><strong>τῷ</strong></span> <span class='ocrx_word' id='word_1_322' title='bbox 1037 3071 1193 3138; x_wconf 58' lang='grc' dir='ltr'>φίλῳ·</span> <span class='ocrx_word' id='word_1_323' title='bbox 1259 3071 1317 3121; x_wconf 81' lang='grc' dir='ltr'><strong>Εἰ</strong></span> <span class='ocrx_word' id='word_1_324' title='bbox 1358 3073 1402 3122; x_wconf 83' lang='grc' dir='ltr'>δ’</span> <span class='ocrx_word' id='word_1_325' title='bbox 1451 3074 1618 3135; x_wconf 73' lang='grc' dir='ltr'>ἀὐτὸς</span> <span class='ocrx_word' id='word_1_326' title='bbox 1671 3076 1954 3142; x_wconf 72' lang='grc' dir='ltr'>πεισθῆναί</span> 
     </span>
    </p>
   </div>
   <div class='ocr_carea' id='block_1_47' title="bbox 392 3154 1950 3228">
    <p class='ocr_par' dir='ltr' id='par_1_47' title="bbox 392 3154 1950 3228">
     <span class='ocr_line' id='line_1_47' title="bbox 392 3154 1950 3228; baseline 0.008 -27"><span class='ocrx_word' id='word_1_327' title='bbox 392 3168 482 3216; x_wconf 81' lang='grc' dir='ltr'><strong>μοι</strong></span> <span class='ocrx_word' id='word_1_328' title='bbox 542 3154 603 3203; x_wconf 78' lang='grc' dir='ltr'>οὐ</span> <span class='ocrx_word' id='word_1_329' title='bbox 649 3154 822 3216; x_wconf 82' lang='grc' dir='ltr'>θέλεις</span> <span class='ocrx_word' id='word_1_330' title='bbox 876 3160 942 3209; x_wconf 80' lang='grc' dir='ltr'><strong>τά</strong></span> <span class='ocrx_word' id='word_1_331' title='bbox 1023 3156 1272 3226; x_wconf 82' lang='grc' dir='ltr'>λυσιτελῆ</span> <span class='ocrx_word' id='word_1_332' title='bbox 1329 3161 1768 3228; x_wconf 72' lang='grc' dir='ltr'>συμϐουλεύοντι..</span> <span class='ocrx_word' id='word_1_333' title='bbox 1831 3163 1950 3214; x_wconf 82' lang='grc' dir='ltr'>τότε</span> 
     </span>
    </p>
   </div>
   <div class='ocr_carea' id='block_1_48' title="bbox 2071 1976 3643 2047">
    <p class='ocr_par' dir='ltr' id='par_1_48' title="bbox 2071 1976 3643 2047">
     <span class='ocr_line' id='line_1_48' title="bbox 2071 1976 3643 2047; baseline 0.003 -20"><span class='ocrx_word' id='word_1_334' title='bbox 2071 1977 2175 2027; x_wconf 89' lang='lat' dir='ltr'><strong>tius</strong></span> <span class='ocrx_word' id='word_1_335' title='bbox 2207 1976 2526 2042; x_wconf 84' lang='lat' dir='ltr'><strong>sociumque</strong></span> <span class='ocrx_word' id='word_1_336' title='bbox 2561 1976 2664 2029; x_wconf 88' lang='lat' dir='ltr'><strong>sibi</strong></span> <span class='ocrx_word' id='word_1_337' title='bbox 2707 1977 2979 2031; x_wconf 87' lang='lat' dir='ltr'><strong>conciliet.</strong></span> <span class='ocrx_word' id='word_1_338' title='bbox 3039 1976 3357 2046; x_wconf 89' lang='lat' dir='ltr'><strong>Dandnlpho</strong></span> <span class='ocrx_word' id='word_1_339' title='bbox 3411 1977 3643 2047; x_wconf 90' lang='lat' dir='ltr'><strong>primum</strong></span> 
     </span>
    </p>
   </div>
   <div class='ocr_carea' id='block_1_49' title="bbox 2069 2068 3640 2136">
    <p class='ocr_par' dir='ltr' id='par_1_49' title="bbox 2069 2068 3640 2136">
     <span class='ocr_line' id='line_1_49' title="bbox 2069 2068 3640 2136; baseline 0.003 -18"><span class='ocrx_word' id='word_1_340' title='bbox 2069 2076 2331 2120; x_wconf 76' lang='lat' dir='ltr'><strong>renuente</strong></span> <span class='ocrx_word' id='word_1_341' title='bbox 2391 2068 2636 2128; x_wconf 82' lang='lat' dir='ltr'><strong>Cosmas,</strong></span> <span class='ocrx_word' id='word_1_342' title='bbox 2678 2077 2733 2120; x_wconf 92' lang='lat' dir='ltr'><strong>ut</strong></span> <span class='ocrx_word' id='word_1_343' title='bbox 2763 2078 2880 2121; x_wconf 79' lang='lat' dir='ltr'><strong>erat</strong></span> <span class='ocrx_word' id='word_1_344' title='bbox 2927 2068 3088 2121; x_wconf 86' lang='lat' dir='ltr'><strong>homo</strong></span> <span class='ocrx_word' id='word_1_345' title='bbox 3134 2069 3396 2136; x_wconf 85' lang='lat' dir='ltr'><strong>prudens,</strong></span> <span class='ocrx_word' id='word_1_346' title='bbox 3444 2087 3462 2120; x_wconf 85' lang='grc' dir='ltr'><strong>ι</strong></span> <span class='ocrx_word' id='word_1_347' title='bbox 3512 2069 3640 2124; x_wconf 81' lang='lat' dir='ltr'><strong>Mihi</strong></span> 
     </span>
    </p>
   </div>
   <div class='ocr_carea' id='block_1_50' title="bbox 2064 2157 3643 2228">
    <p class='ocr_par' dir='ltr' id='par_1_50' title="bbox 2064 2157 3643 2228">
     <span class='ocr_line' id='line_1_50' title="bbox 2064 2157 3643 2228; baseline 0.003 -19"><span class='ocrx_word' id='word_1_348' title='bbox 2064 2157 2302 2224; x_wconf 87' lang='lat' dir='ltr'><strong>quidem,</strong></span> <span class='ocrx_word' id='word_1_349' title='bbox 2347 2159 2540 2226; x_wconf 83' lang='lat' dir='ltr'><strong>inquit.</strong></span> <span class='ocrx_word' id='word_1_350' title='bbox 2579 2173 2802 2212; x_wconf 85' lang='lat' dir='ltr'><strong>necesse</strong></span> <span class='ocrx_word' id='word_1_351' title='bbox 2853 2171 2970 2212; x_wconf 85' lang='lat' dir='ltr'><strong>erat</strong></span> <span class='ocrx_word' id='word_1_352' title='bbox 3021 2159 3227 2213; x_wconf 86' lang='lat' dir='ltr'><strong>homini</strong></span> <span class='ocrx_word' id='word_1_353' title='bbox 3288 2161 3466 2213; x_wconf 87' lang='lat' dir='ltr'><strong>amico</strong></span> <span class='ocrx_word' id='word_1_354' title='bbox 3512 2175 3643 2228; x_wconf 80' lang='lat' dir='ltr'><strong>sug-</strong></span> 
     </span>
    </p>
   </div>
   <div class='ocr_carea' id='block_1_51' title="bbox 2065 2245 3639 2319">
    <p class='ocr_par' dir='ltr' id='par_1_51' title="bbox 2065 2245 3639 2319">
     <span class='ocr_line' id='line_1_51' title="bbox 2065 2245 3639 2319; baseline 0.002 -18"><span class='ocrx_word' id='word_1_355' title='bbox 2065 2263 2250 2315; x_wconf 71' lang='lat' dir='ltr'><strong>gerere</strong></span> <span class='ocrx_word' id='word_1_356' title='bbox 2282 2249 2569 2302; x_wconf 76' lang='lat' dir='ltr'><strong>coiisilium</strong></span> <span class='ocrx_word' id='word_1_357' title='bbox 2604 2248 2861 2301; x_wconf 86' lang='lat' dir='ltr'><strong>salutare.</strong></span> <span class='ocrx_word' id='word_1_358' title='bbox 2890 2249 2985 2302; x_wconf 88' lang='lat' dir='ltr'><strong>Cui</strong></span> <span class='ocrx_word' id='word_1_359' title='bbox 3020 2249 3064 2302; x_wconf 90' lang='lat' dir='ltr'><strong>si</strong></span> <span class='ocrx_word' id='word_1_360' title='bbox 3094 2260 3147 2303; x_wconf 91' lang='lat' dir='ltr'><strong>tu</strong></span> <span class='ocrx_word' id='word_1_361' title='bbox 3182 2245 3372 2319; x_wconf 83' lang='lat' dir='ltr'><strong>parere</strong></span> <span class='ocrx_word' id='word_1_362' title='bbox 3412 2266 3519 2304; x_wconf 91' lang='lat' dir='ltr'><strong>non</strong></span> <span class='ocrx_word' id='word_1_363' title='bbox 3539 2251 3639 2314; x_wconf 88' lang='lat' dir='ltr'><strong>vis,</strong></span> 
     </span>
    </p>
   </div>
   <div class='ocr_carea' id='block_1_52' title="bbox 2063 2339 3642 2408">
    <p class='ocr_par' dir='ltr' id='par_1_52' title="bbox 2063 2339 3642 2408">
     <span class='ocr_line' id='line_1_52' title="bbox 2063 2339 3642 2408; baseline 0.001 -15"><span class='ocrx_word' id='word_1_364' title='bbox 2063 2340 2343 2408; x_wconf 80' lang='lat' dir='ltr'><strong>experiere</strong></span> <span class='ocrx_word' id='word_1_365' title='bbox 2393 2339 2584 2393; x_wconf 76' lang='lat' dir='ltr'><strong>falsum</strong></span> <span class='ocrx_word' id='word_1_366' title='bbox 2616 2339 2783 2394; x_wconf 91' lang='lat' dir='ltr'><strong>animi</strong></span> <span class='ocrx_word' id='word_1_367' title='bbox 2819 2349 2869 2394; x_wconf 90' lang='lat' dir='ltr'><strong>te</strong></span> <span class='ocrx_word' id='word_1_368' title='bbox 2897 2341 3186 2395; x_wconf 82' lang='lat' dir='ltr'><strong>admodum</strong></span> <span class='ocrx_word' id='word_1_369' title='bbox 3223 2342 3408 2404; x_wconf 80' lang='lat' dir='ltr'><strong>fuisse,</strong></span> <span class='ocrx_word' id='word_1_370' title='bbox 3443 2341 3534 2395; x_wconf 90' lang='lat' dir='ltr'><strong>ubi</strong></span> <span class='ocrx_word' id='word_1_371' title='bbox 3590 2350 3642 2396; x_wconf 91' lang='lat' dir='ltr'><strong>te</strong></span> 
     </span>
    </p>
   </div>
   <div class='ocr_carea' id='block_1_53' title="bbox 2063 2429 3638 2493">
    <p class='ocr_par' dir='ltr' id='par_1_53' title="bbox 2063 2429 3638 2493">
     <span class='ocr_line' id='line_1_53' title="bbox 2063 2429 3638 2493; baseline 0.001 -11"><span class='ocrx_word' id='word_1_372' title='bbox 2063 2439 2117 2482; x_wconf 92' lang='lat' dir='ltr'><strong>et</strong></span> <span class='ocrx_word' id='word_1_373' title='bbox 2147 2429 2420 2482; x_wconf 89' lang='lat' dir='ltr'><strong>nationem</strong></span> <span class='ocrx_word' id='word_1_374' title='bbox 2444 2438 2608 2482; x_wconf 90' lang='lat' dir='ltr'><strong>lotam</strong></span> <span class='ocrx_word' id='word_1_375' title='bbox 2636 2429 2688 2482; x_wconf 89' lang='lat' dir='ltr'><strong>in</strong></span> <span class='ocrx_word' id='word_1_376' title='bbox 2712 2445 2984 2483; x_wconf 83' lang='lat' dir='ltr'><strong>sumntum</strong></span> <span class='ocrx_word' id='word_1_377' title='bbox 3013 2429 3300 2484; x_wconf 80' lang='lat' dir='ltr'><strong>adduxeris</strong></span> <span class='ocrx_word' id='word_1_378' title='bbox 3323 2430 3638 2493; x_wconf 85' lang='lat' dir='ltr'><strong>discrimen,</strong></span> 
     </span>
    </p>
   </div>
   <div class='ocr_carea' id='block_1_54' title="bbox 2061 2519 3638 2589">
    <p class='ocr_par' dir='ltr' id='par_1_54' title="bbox 2061 2519 3638 2589">
     <span class='ocr_line' id='line_1_54' title="bbox 2061 2519 3638 2589; baseline 0.003 -17"><span class='ocrx_word' id='word_1_379' title='bbox 2061 2527 2116 2572; x_wconf 88' lang='lat' dir='ltr'><strong>et</strong></span> <span class='ocrx_word' id='word_1_380' title='bbox 2139 2519 2311 2587; x_wconf 85' lang='lat' dir='ltr'><strong>impar</strong></span> <span class='ocrx_word' id='word_1_381' title='bbox 2339 2529 2446 2572; x_wconf 83' lang='lat' dir='ltr'><strong>tant</strong></span> <span class='ocrx_word' id='word_1_382' title='bbox 2491 2520 2728 2588; x_wconf 90' lang='lat' dir='ltr'><strong>potentis</strong></span> <span class='ocrx_word' id='word_1_383' title='bbox 2761 2519 2975 2589; x_wconf 89' lang='lat' dir='ltr'><strong>imperii</strong></span> <span class='ocrx_word' id='word_1_384' title='bbox 3025 2521 3233 2576; x_wconf 90' lang='lat' dir='ltr'><strong>viribus</strong></span> <span class='ocrx_word' id='word_1_385' title='bbox 3270 2522 3638 2576; x_wconf 66' lang='lat' dir='ltr'><strong>subsistentiis</strong></span> 
     </span>
    </p>
   </div>
   <div class='ocr_carea' id='block_1_55' title="bbox 2059 2609 3640 2680">
    <p class='ocr_par' dir='ltr' id='par_1_55' title="bbox 2059 2609 3640 2680">
     <span class='ocr_line' id='line_1_55' title="bbox 2059 2609 3640 2680; baseline 0.004 -18"><span class='ocrx_word' id='word_1_386' title='bbox 2059 2609 2127 2664; x_wconf 90' lang='lat' dir='ltr'><strong>de</strong></span> <span class='ocrx_word' id='word_1_387' title='bbox 2186 2611 2350 2663; x_wconf 84' lang='lat' dir='ltr'><strong>rebus</strong></span> <span class='ocrx_word' id='word_1_388' title='bbox 2409 2611 2514 2664; x_wconf 90' lang='lat' dir='ltr'><strong>tuis</strong></span> <span class='ocrx_word' id='word_1_389' title='bbox 2567 2611 2968 2680; x_wconf 77' lang='lat' dir='ltr'><strong>desperaveris.</strong></span> <span class='ocrx_word' id='word_1_390' title='bbox 3011 2628 3029 2660; x_wconf 77' lang='grc' dir='ltr'><strong>ι</strong></span> <span class='ocrx_word' id='word_1_391' title='bbox 3073 2611 3445 2680; x_wconf 84' lang='lat' dir='ltr'><strong>Dandulphus,</strong></span> <span class='ocrx_word' id='word_1_392' title='bbox 3475 2610 3640 2680; x_wconf 80' lang='lat'><strong>356</strong></span> 
     </span>
    </p>
   </div>
   <div class='ocr_carea' id='block_1_56' title="bbox 2061 2699 3638 2771">
    <p class='ocr_par' dir='ltr' id='par_1_56' title="bbox 2061 2699 3638 2771">
     <span class='ocr_line' id='line_1_56' title="bbox 2061 2699 3638 2771; baseline -0.001 -17"><span class='ocrx_word' id='word_1_393' title='bbox 2061 2702 2362 2771; x_wconf 81' lang='lat' dir='ltr'><strong>iinelligens</strong></span> <span class='ocrx_word' id='word_1_394' title='bbox 2393 2702 2642 2755; x_wconf 88' lang='lat' dir='ltr'><strong>Cosmam</strong></span> <span class='ocrx_word' id='word_1_395' title='bbox 2680 2709 2823 2754; x_wconf 89' lang='lat' dir='ltr'><strong>recte</strong></span> <span class='ocrx_word' id='word_1_396' title='bbox 2853 2714 3095 2763; x_wconf 83' lang='lat' dir='ltr'><strong>monere,</strong></span> <span class='ocrx_word' id='word_1_397' title='bbox 3128 2699 3638 2769; x_wconf 88' lang='lat' dir='ltr'><strong>accipitconsilium</strong></span> 
     </span>
    </p>
   </div>
   <div class='ocr_carea' id='block_1_57' title="bbox 2059 2790 3637 2860">
    <p class='ocr_par' dir='ltr' id='par_1_57' title="bbox 2059 2790 3637 2860">
     <span class='ocr_line' id='line_1_57' title="bbox 2059 2790 3637 2860; baseline -0.002 -14"><span class='ocrx_word' id='word_1_398' title='bbox 2059 2803 2114 2846; x_wconf 91' lang='lat' dir='ltr'><strong>et</strong></span> <span class='ocrx_word' id='word_1_399' title='bbox 2147 2791 2324 2846; x_wconf 64' lang='lat' dir='ltr'><strong>[multis</strong></span> <span class='ocrx_word' id='word_1_400' title='bbox 2360 2792 2492 2846; x_wconf 92' lang='lat' dir='ltr'><strong>icit:</strong></span> <span class='ocrx_word' id='word_1_401' title='bbox 2523 2791 2774 2845; x_wconf 86' lang='lat' dir='ltr'><strong>hortatur</strong></span> <span class='ocrx_word' id='word_1_402' title='bbox 2797 2791 2958 2844; x_wconf 91' lang='lat' dir='ltr'><strong>etiam</strong></span> <span class='ocrx_word' id='word_1_403' title='bbox 2980 2790 3253 2858; x_wconf 88' lang='lat' dir='ltr'><strong>principes</strong></span> <span class='ocrx_word' id='word_1_404' title='bbox 3303 2790 3637 2860; x_wconf 87' lang='lat' dir='ltr'><strong>reliquarum</strong></span> 
     </span>
    </p>
   </div>
   <div class='ocr_carea' id='block_1_58' title="bbox 2059 2876 3638 2954">
    <p class='ocr_par' dir='ltr' id='par_1_58' title="bbox 2059 2876 3638 2954">
     <span class='ocr_line' id='line_1_58' title="bbox 2059 2876 3638 2954; baseline 0.001 -18"><span class='ocrx_word' id='word_1_405' title='bbox 2059 2901 2179 2954; x_wconf 62' lang='lat' dir='ltr'><strong>quae</strong></span> <span class='ocrx_word' id='word_1_406' title='bbox 2215 2884 2530 2938; x_wconf 83' lang='lat' dir='ltr'><strong>defecerant</strong></span> <span class='ocrx_word' id='word_1_407' title='bbox 2586 2883 3016 2953; x_wconf 86' lang='lat' dir='ltr'><strong>provinciarum,</strong></span> <span class='ocrx_word' id='word_1_408' title='bbox 3050 2890 3107 2937; x_wconf 90' lang='lat' dir='ltr'><strong>ut</strong></span> <span class='ocrx_word' id='word_1_409' title='bbox 3159 2884 3227 2937; x_wconf 87' lang='lat' dir='ltr'><strong>ad</strong></span> <span class='ocrx_word' id='word_1_410' title='bbox 3273 2883 3514 2952; x_wconf 85' lang='lat' dir='ltr'><strong>priorem</strong></span> <span class='ocrx_word' id='word_1_411' title='bbox 3543 2876 3638 2938; x_wconf 80' lang='lat' dir='ltr'><strong>re-</strong></span> 
     </span>
    </p>
   </div>
   <div class='ocr_carea' id='block_1_59' title="bbox 2059 2975 3636 3044">
    <p class='ocr_par' dir='ltr' id='par_1_59' title="bbox 2059 2975 3636 3044">
     <span class='ocr_line' id='line_1_59' title="bbox 2059 2975 3636 3044; baseline -0.001 -14"><span class='ocrx_word' id='word_1_412' title='bbox 2059 2977 2223 3030; x_wconf 83' lang='lat' dir='ltr'><strong>deant</strong></span> <span class='ocrx_word' id='word_1_413' title='bbox 2290 2985 2491 3028; x_wconf 86' lang='lat' dir='ltr'><strong>statum</strong></span> <span class='ocrx_word' id='word_1_414' title='bbox 2541 2990 2812 3042; x_wconf 88' lang='lat' dir='ltr'><strong>suumque</strong></span> <span class='ocrx_word' id='word_1_415' title='bbox 2875 2975 3260 3043; x_wconf 88' lang='lat' dir='ltr'><strong>imperatorem</strong></span> <span class='ocrx_word' id='word_1_416' title='bbox 3317 2975 3636 3044; x_wconf 77' lang='lat' dir='ltr'><strong>agnoscant.</strong></span> 
     </span>
    </p>
   </div>
   <div class='ocr_carea' id='block_1_60' title="bbox 2057 3063 3636 3135">
    <p class='ocr_par' dir='ltr' id='par_1_60' title="bbox 2057 3063 3636 3135">
     <span class='ocr_line' id='line_1_60' title="bbox 2057 3063 3636 3135; baseline -0.002 -13"><span class='ocrx_word' id='word_1_417' title='bbox 2057 3069 2152 3122; x_wconf 85' lang='lat' dir='ltr'><strong>llis</strong></span> <span class='ocrx_word' id='word_1_418' title='bbox 2186 3067 2321 3121; x_wconf 84' lang='lat' dir='ltr'><strong>actis</strong></span> <span class='ocrx_word' id='word_1_419' title='bbox 2355 3083 2544 3121; x_wconf 85' lang='lat' dir='ltr'><strong>rursus</strong></span> <span class='ocrx_word' id='word_1_420' title='bbox 2570 3067 2624 3120; x_wconf 88' lang='lat' dir='ltr'><strong>iu</strong></span> <span class='ocrx_word' id='word_1_421' title='bbox 2673 3066 2823 3120; x_wconf 85' lang='lat' dir='ltr'><strong>Italia</strong></span> <span class='ocrx_word' id='word_1_422' title='bbox 2875 3079 2936 3119; x_wconf 90' lang='lat' dir='ltr'><strong>ac</strong></span> <span class='ocrx_word' id='word_1_423' title='bbox 2991 3063 3351 3135; x_wconf 75' lang='lat' dir='ltr'><strong>Longihardia</strong></span> <span class='ocrx_word' id='word_1_424' title='bbox 3383 3064 3490 3123; x_wconf 85' lang='lat' dir='ltr'><strong>alta</strong></span> <span class='ocrx_word' id='word_1_425' title='bbox 3529 3079 3636 3134; x_wconf 79' lang='lat' dir='ltr'><strong>pax</strong></span> 
     </span>
    </p>
   </div>
   <div class='ocr_carea' id='block_1_61' title="bbox 2057 3170 2195 3214">
    <p class='ocr_par' dir='ltr' id='par_1_61' title="bbox 2057 3170 2195 3214">
     <span class='ocr_line' id='line_1_61' title="bbox 2057 3170 2195 3214; baseline 0 0"><span class='ocrx_word' id='word_1_426' title='bbox 2057 3170 2195 3214; x_wconf 83' lang='lat' dir='ltr'><strong>erat.</strong></span> 
     </span>
    </p>
   </div>
   <div class='ocr_carea' id='block_1_62' title="bbox 388 3244 3633 3320">
    <p class='ocr_par' dir='ltr' id='par_1_62' title="bbox 388 3244 3633 3320">
     <span class='ocr_line' id='line_1_62' title="bbox 388 3244 3633 3320; baseline 0.002 -22"><span class='ocrx_word' id='word_1_427' title='bbox 388 3244 572 3318; x_wconf 75' lang='grc' dir='ltr'>γνώσῃ</span> <span class='ocrx_word' id='word_1_428' title='bbox 603 3248 696 3316; x_wconf 78' lang='grc' dir='ltr'><strong>τῆς</strong></span> <span class='ocrx_word' id='word_1_429' title='bbox 728 3249 980 3317; x_wconf 78' lang='grc' dir='ltr'>ἀληθείας</span> <span class='ocrx_word' id='word_1_430' title='bbox 999 3251 1374 3320; x_wconf 77' lang='grc' dir='ltr'>διαμαρτήσας</span> <span class='ocrx_word' id='word_1_431' title='bbox 1419 3253 1559 3306; x_wconf 66' lang='grc' dir='ltr'>κατὰ</span> <span class='ocrx_word' id='word_1_432' title='bbox 1604 3254 1761 3318; x_wconf 83' lang='grc' dir='ltr'>πολὺ,</span> <span class='ocrx_word' id='word_1_433' title='bbox 1817 3257 1942 3307; x_wconf 83' lang='grc' dir='ltr'>ὅταν</span> <span class='ocrx_word' id='word_1_434' title='bbox 1982 3256 2205 3307; x_wconf 77' lang='grc' dir='ltr'>σεαυτόν</span> <span class='ocrx_word' id='word_1_435' title='bbox 2239 3272 2298 3307; x_wconf 90' lang='grc' dir='ltr'><strong>τε</strong></span> <span class='ocrx_word' id='word_1_436' title='bbox 2337 3253 2433 3307; x_wconf 59' lang='grc' dir='ltr'><strong>καί¹</strong></span> <span class='ocrx_word' id='word_1_437' title='bbox 2467 3253 2527 3306; x_wconf 85' lang='grc' dir='ltr'>τὸ</span> <span class='ocrx_word' id='word_1_438' title='bbox 2557 3251 2708 3315; x_wconf 78' lang='grc' dir='ltr'>ἔθνος</span> <span class='ocrx_word' id='word_1_439' title='bbox 2773 3251 2920 3305; x_wconf 73' lang='grc' dir='ltr'>ἅπαν</span> <span class='ocrx_word' id='word_1_440' title='bbox 2993 3251 3106 3312; x_wconf 87' lang='grc' dir='ltr'>τοῖς</span> <span class='ocrx_word' id='word_1_441' title='bbox 3153 3251 3434 3319; x_wconf 79' lang='grc' dir='ltr'>μεγίστοις</span> <span class='ocrx_word' id='word_1_442' title='bbox 3499 3250 3633 3305; x_wconf 83' lang='grc' dir='ltr'>ὑπο·</span> 
     </span>
    </p>
   </div>
   <div class='ocr_carea' id='block_1_63' title="bbox 388 3336 3640 3415">
    <p class='ocr_par' dir='ltr' id='par_1_63' title="bbox 388 3336 3640 3415">
     <span class='ocr_line' id='line_1_63' title="bbox 388 3336 3640 3415; baseline 0.002 -29"><span class='ocrx_word' id='word_1_443' title='bbox 388 3336 566 3388; x_wconf 73' lang='grc' dir='ltr'>ϐαλὼν</span> <span class='ocrx_word' id='word_1_444' title='bbox 598 3339 858 3400; x_wconf 81' lang='grc' dir='ltr'>κινδύνοις</span> <span class='ocrx_word' id='word_1_445' title='bbox 893 3341 1306 3411; x_wconf 75' lang='grc' dir='ltr'>ἀπαγορεύσεις,</span> <span class='ocrx_word' id='word_1_446' title='bbox 1379 3345 1451 3412; x_wconf 81' lang='grc' dir='ltr'>μὴ</span> <span class='ocrx_word' id='word_1_447' title='bbox 1487 3344 1800 3414; x_wconf 72' lang='grc' dir='ltr'>δυνάμενος,</span> <span class='ocrx_word' id='word_1_448' title='bbox 1846 3347 1982 3414; x_wconf 70' lang='grc' dir='ltr'>πρὸς</span> <span class='ocrx_word' id='word_1_449' title='bbox 2056 3344 2195 3397; x_wconf 70' lang='grc' dir='ltr'>οὕτω</span> <span class='ocrx_word' id='word_1_450' title='bbox 2257 3345 2499 3415; x_wconf 83' lang='grc' dir='ltr'>μεγάλην</span> <span class='ocrx_word' id='word_1_451' title='bbox 2556 3343 2649 3396; x_wconf 77' lang='grc' dir='ltr'>καὶ</span> <span class='ocrx_word' id='word_1_452' title='bbox 2700 3344 2927 3414; x_wconf 71' lang='grc' dir='ltr'>ἰσχυρὰν</span> <span class='ocrx_word' id='word_1_453' title='bbox 3000 3343 3415 3397; x_wconf 83' lang='grc' dir='ltr'>ἀντιτάττεσθαι</span> <span class='ocrx_word' id='word_1_454' title='bbox 3480 3341 3640 3394; x_wconf 85' lang='grc' dir='ltr'>δυνα-</span> 
     </span>
    </p>
   </div>
   <div class='ocr_carea' id='block_1_64' title="bbox 388 3427 3628 3507">
    <p class='ocr_par' dir='ltr' id='par_1_64' title="bbox 388 3427 3628 3507">
     <span class='ocr_line' id='line_1_64' title="bbox 388 3427 3628 3507; baseline -0 -20"><span class='ocrx_word' id='word_1_455' title='bbox 388 3434 590 3487; x_wconf 74' lang='grc' dir='ltr'>στείαν.</span> <span class='ocrx_word' id='word_1_456' title='bbox 619 3455 638 3485; x_wconf 70' lang='grc' dir='ltr'><strong>ι</strong></span> <span class='ocrx_word' id='word_1_457' title='bbox 657 3434 844 3495; x_wconf 72' lang='grc' dir='ltr'>Συνεὶς</span> <span class='ocrx_word' id='word_1_458' title='bbox 873 3431 964 3487; x_wconf 84' lang='grc' dir='ltr'>οὖν</span> <span class='ocrx_word' id='word_1_459' title='bbox 993 3435 1020 3486; x_wconf 83' lang='grc' dir='ltr'>ὁ</span> <span class='ocrx_word' id='word_1_460' title='bbox 1052 3435 1376 3502; x_wconf 74' lang='grc' dir='ltr'>Δανδοῦλφος</span> <span class='ocrx_word' id='word_1_461' title='bbox 1403 3439 1469 3490; x_wconf 76' lang='grc' dir='ltr'><strong>τά</strong></span> <span class='ocrx_word' id='word_1_462' title='bbox 1492 3438 1675 3491; x_wconf 82' lang='grc' dir='ltr'>δέοντα</span> <span class='ocrx_word' id='word_1_463' title='bbox 1707 3438 2092 3506; x_wconf 77' lang='grc' dir='ltr'>συμϐουλεύειν</span> <span class='ocrx_word' id='word_1_464' title='bbox 2122 3427 2212 3490; x_wconf 82' lang='grc' dir='ltr'><strong>τὸν</strong></span> <span class='ocrx_word' id='word_1_465' title='bbox 2243 3437 2549 3507; x_wconf 87' lang='grc' dir='ltr'>πατρίκιον,</span> <span class='ocrx_word' id='word_1_466' title='bbox 2577 3435 2791 3498; x_wconf 75' lang='grc' dir='ltr'>ἐδέξατο</span> <span class='ocrx_word' id='word_1_467' title='bbox 2826 3437 2923 3506; x_wconf 78' lang='grc' dir='ltr'><strong>τὴν</strong></span> <span class='ocrx_word' id='word_1_468' title='bbox 2960 3436 3283 3504; x_wconf 87' lang='grc' dir='ltr'>παραίνεσιν</span> <span class='ocrx_word' id='word_1_469' title='bbox 3315 3435 3409 3486; x_wconf 74' lang='grc' dir='ltr'><strong>καὶ</strong></span> <span class='ocrx_word' id='word_1_470' title='bbox 3443 3435 3628 3487; x_wconf 87' lang='grc' dir='ltr'>ἐσπεί-</span> 
     </span>
    </p>
   </div>
   <div class='ocr_carea' id='block_1_65' title="bbox 391 3526 3637 3599">
    <p class='ocr_par' dir='ltr' id='par_1_65' title="bbox 391 3526 3637 3599">
     <span class='ocr_line' id='line_1_65' title="bbox 391 3526 3637 3599; baseline 0.001 -23"><span class='ocrx_word' id='word_1_471' title='bbox 391 3542 535 3583; x_wconf 82' lang='grc' dir='ltr'>σατο.</span> <span class='ocrx_word' id='word_1_472' title='bbox 582 3527 905 3594; x_wconf 76' lang='grc' dir='ltr'>νουθετήσας</span> <span class='ocrx_word' id='word_1_473' title='bbox 929 3528 1019 3579; x_wconf 78' lang='grc' dir='ltr'><strong>καὶ</strong></span> <span class='ocrx_word' id='word_1_474' title='bbox 1048 3529 1171 3590; x_wconf 82' lang='grc' dir='ltr'>τοὺς</span> <span class='ocrx_word' id='word_1_475' title='bbox 1200 3528 1464 3598; x_wconf 82' lang='grc' dir='ltr'>ἄρχοντας</span> <span class='ocrx_word' id='word_1_476' title='bbox 1481 3531 1586 3583; x_wconf 78' lang='grc' dir='ltr'><strong>τῶν</strong></span> <span class='ocrx_word' id='word_1_477' title='bbox 1623 3533 1972 3586; x_wconf 79' lang='grc' dir='ltr'>ἀποστάντων</span> <span class='ocrx_word' id='word_1_478' title='bbox 2003 3533 2252 3599; x_wconf 85' lang='grc' dir='ltr'>θεμάτων</span> <span class='ocrx_word' id='word_1_479' title='bbox 2277 3533 2342 3599; x_wconf 80' lang='grc' dir='ltr'>τῇ</span> <span class='ocrx_word' id='word_1_480' title='bbox 2368 3527 2608 3599; x_wconf 80' lang='grc' dir='ltr'>προτέρᾳ</span> <span class='ocrx_word' id='word_1_481' title='bbox 2633 3529 3000 3598; x_wconf 79' lang='grc' dir='ltr'>προσδραμεῖν</span> <span class='ocrx_word' id='word_1_482' title='bbox 3063 3529 3204 3597; x_wconf 79' lang='grc' dir='ltr'>ἀρχῇ</span> <span class='ocrx_word' id='word_1_483' title='bbox 3236 3526 3328 3580; x_wconf 73' lang='grc' dir='ltr'><strong>καὶ</strong></span> <span class='ocrx_word' id='word_1_484' title='bbox 3356 3527 3447 3580; x_wconf 81' lang='grc' dir='ltr'><strong>τὸν</strong></span> <span class='ocrx_word' id='word_1_485' title='bbox 3485 3526 3637 3593; x_wconf 66' lang='grc' dir='ltr'>σφῶν</span> 
     </span>
    </p>
   </div>
   <div class='ocr_carea' id='block_1_66' title="bbox 395 3613 3634 3693">
    <p class='ocr_par' dir='ltr' id='par_1_66' title="bbox 395 3613 3634 3693">
     <span class='ocr_line' id='line_1_66' title="bbox 395 3613 3634 3693; baseline 0.001 -23"><span class='ocrx_word' id='word_1_486' title='bbox 395 3614 686 3683; x_wconf 65' lang='grc' dir='ltr'><strong>Ξπιγνῶναι</strong></span> <span class='ocrx_word' id='word_1_487' title='bbox 713 3619 956 3693; x_wconf 73' lang='grc' dir='ltr'>βασιλέα,</span> <span class='ocrx_word' id='word_1_488' title='bbox 988 3613 1062 3671; x_wconf 81' lang='grc' dir='ltr'>ὧν</span> <span class='ocrx_word' id='word_1_489' title='bbox 1089 3621 1420 3673; x_wconf 62' lang='grc' dir='ltr'>πεισθέντων</span> <span class='ocrx_word' id='word_1_490' title='bbox 1484 3623 1673 3691; x_wconf 70' lang='grc' dir='ltr'>εἰρήνη</span> <span class='ocrx_word' id='word_1_491' title='bbox 1708 3622 1904 3691; x_wconf 83' lang='grc' dir='ltr'>βαθεῖα</span> <span class='ocrx_word' id='word_1_492' title='bbox 1939 3624 2099 3676; x_wconf 86' lang='grc' dir='ltr'>πάλιν</span> <span class='ocrx_word' id='word_1_493' title='bbox 2135 3624 2357 3690; x_wconf 81' lang='grc' dir='ltr'>κατεῖχε</span> <span class='ocrx_word' id='word_1_494' title='bbox 2380 3623 2445 3674; x_wconf 73' lang='grc' dir='ltr'><strong>τά</strong></span> <span class='ocrx_word' id='word_1_495' title='bbox 2467 3625 2523 3674; x_wconf 84' lang='grc' dir='ltr'><strong>ἐν</strong></span> <span class='ocrx_word' id='word_1_496' title='bbox 2553 3621 2751 3690; x_wconf 75' lang='grc' dir='ltr'>Ἰταλίᾳ</span> <span class='ocrx_word' id='word_1_497' title='bbox 2776 3621 2869 3672; x_wconf 77' lang='grc' dir='ltr'>καὶ</span> <span class='ocrx_word' id='word_1_498' title='bbox 2901 3619 3269 3691; x_wconf 79' lang='grc' dir='ltr'>Λογγιὸαρδίᾳ</span> <span class='ocrx_word' id='word_1_499' title='bbox 3312 3619 3634 3691; x_wconf 85' lang='grc' dir='ltr'>πράγματα,</span> 
     </span>
    </p>
   </div>
   <div class='ocr_carea' id='block_1_67' title="bbox 473 3711 2214 3782">
    <p class='ocr_par' dir='ltr' id='par_1_67' title="bbox 473 3711 2214 3782">
     <span class='ocr_line' id='line_1_67' title="bbox 473 3711 2214 3782; baseline 0.002 -19"><span class='ocrx_word' id='word_1_500' title='bbox 473 3715 527 3763; x_wconf 87' lang='grc'><strong>’0</strong></span> <span class='ocrx_word' id='word_1_501' title='bbox 569 3712 624 3762; x_wconf 82' lang='grc' dir='ltr'><strong>δὲ</strong></span> <span class='ocrx_word' id='word_1_502' title='bbox 678 3711 782 3762; x_wconf 83' lang='grc' dir='ltr'><strong>τῶν</strong></span> <span class='ocrx_word' id='word_1_503' title='bbox 831 3712 1152 3782; x_wconf 75' lang='grc' dir='ltr'>Βουλγάριῡν</span> <span class='ocrx_word' id='word_1_504' title='bbox 1215 3713 1453 3782; x_wconf 63' lang='grc' dir='ltr'>ἀρχηγὸς</span> <span class='ocrx_word' id='word_1_505' title='bbox 1512 3713 1736 3782; x_wconf 84' lang='grc' dir='ltr'>Συμεὼν</span> <span class='ocrx_word' id='word_1_506' title='bbox 1791 3715 2028 3780; x_wconf 66' lang='grc' dir='ltr'>πολλὰς</span> <span class='ocrx_word' id='word_1_507' title='bbox 2134 3714 2214 3768; x_wconf 84' lang='lat' dir='ltr'><strong>Int</strong></span> 
     </span>
    </p>
   </div>
   <div class='ocr_carea' id='block_1_68' title="bbox 1897 3711 3638 3782">
    <p class='ocr_par' dir='ltr' id='par_1_68' title="bbox 1897 3711 3638 3782">
     <span class='ocr_line' id='line_1_68' title="bbox 1897 3711 3638 3782; baseline 0.002 -19"><span class='ocrx_word' id='word_1_508' title='bbox 1897 3717 2028 3780; x_wconf 72' lang='grc' dir='ltr'><strong>λὰρ</strong></span> <span class='ocrx_word' id='word_1_509' title='bbox 2134 3714 2355 3768; x_wconf 88' lang='lat' dir='ltr'><strong>Interim</strong></span> <span class='ocrx_word' id='word_1_510' title='bbox 2434 3713 2654 3767; x_wconf 88' lang='lat' dir='ltr'><strong>Simeon</strong></span> <span class='ocrx_word' id='word_1_511' title='bbox 2716 3713 3068 3782; x_wconf 79' lang='lat' dir='ltr'><strong>Bulgarorum</strong></span> <span class='ocrx_word' id='word_1_512' title='bbox 3137 3711 3394 3780; x_wconf 89' lang='lat' dir='ltr'><strong>princeps</strong></span> <span class='ocrx_word' id='word_1_513' title='bbox 3454 3712 3638 3766; x_wconf 89' lang='lat' dir='ltr'><strong>animo</strong></span> 
     </span>
    </p>
   </div>
   <div class='ocr_carea' id='block_1_69' title="bbox 385 3801 1917 3873">
    <p class='ocr_par' dir='ltr' id='par_1_69' title="bbox 385 3801 1917 3873">
     <span class='ocr_line' id='line_1_69' title="bbox 385 3801 1917 3873; baseline 0.003 -21"><span class='ocrx_word' id='word_1_514' title='bbox 385 3805 530 3854; x_wconf 75' lang='grc' dir='ltr'>κατα</span> <span class='ocrx_word' id='word_1_515' title='bbox 571 3801 855 3868; x_wconf 74' lang='grc' dir='ltr'>Ῥωμαίων</span> <span class='ocrx_word' id='word_1_516' title='bbox 921 3804 1122 3870; x_wconf 76' lang='grc' dir='ltr'>στήσας</span> <span class='ocrx_word' id='word_1_517' title='bbox 1173 3803 1405 3870; x_wconf 85' lang='grc' dir='ltr'>τρόπαια</span> <span class='ocrx_word' id='word_1_518' title='bbox 1442 3806 1538 3854; x_wconf 73' lang='grc' dir='ltr'><strong>καὶ</strong></span> <span class='ocrx_word' id='word_1_519' title='bbox 1611 3820 1917 3873; x_wconf 70' lang='grc' dir='ltr'>φρονηματι</span> 
     </span>
    </p>
   </div>
   <div class='ocr_carea' id='block_1_70' title="bbox 389 3894 1946 3965">
    <p class='ocr_par' dir='ltr' id='par_1_70' title="bbox 389 3894 1946 3965">
     <span class='ocr_line' id='line_1_70' title="bbox 389 3894 1946 3965; baseline 0.001 -19"><span class='ocrx_word' id='word_1_520' title='bbox 389 3895 536 3955; x_wconf 77' lang='grc' dir='ltr'>σθεὶς</span> <span class='ocrx_word' id='word_1_521' title='bbox 597 3895 692 3949; x_wconf 74' lang='grc' dir='ltr'><strong>ἐπὶ</strong></span> <span class='ocrx_word' id='word_1_522' title='bbox 750 3894 959 3956; x_wconf 76' lang='grc' dir='ltr'>τούτοις</span> <span class='ocrx_word' id='word_1_523' title='bbox 991 3895 1086 3947; x_wconf 79' lang='grc' dir='ltr'><strong>καὶ</strong></span> <span class='ocrx_word' id='word_1_524' title='bbox 1127 3896 1220 3963; x_wconf 79' lang='grc' dir='ltr'><strong>τὴν</strong></span> <span class='ocrx_word' id='word_1_525' title='bbox 1267 3896 1556 3962; x_wconf 76' lang='grc' dir='ltr'>Ῥωμαίων</span> <span class='ocrx_word' id='word_1_526' title='bbox 1596 3896 1946 3965; x_wconf 78' lang='grc' dir='ltr'>ὠνειροπόλει</span> 
     </span>
    </p>
   </div>
   <div class='ocr_carea' id='block_1_71' title="bbox 390 3984 1948 4055">
    <p class='ocr_par' dir='ltr' id='par_1_71' title="bbox 390 3984 1948 4055">
     <span class='ocr_line' id='line_1_71' title="bbox 390 3984 1948 4055; baseline 0.001 -20"><span class='ocrx_word' id='word_1_527' title='bbox 390 3985 684 4053; x_wconf 79' lang='grc' dir='ltr'>βασιλείαν.</span> <span class='ocrx_word' id='word_1_528' title='bbox 720 3984 910 4036; x_wconf 85' lang='grc' dir='ltr'>Τοίνυν</span> <span class='ocrx_word' id='word_1_529' title='bbox 951 3984 1084 4054; x_wconf 74' lang='grc' dir='ltr'>πρὸς</span> <span class='ocrx_word' id='word_1_530' title='bbox 1111 3986 1348 4038; x_wconf 78' lang='grc' dir='ltr'>Φατλοῦν</span> <span class='ocrx_word' id='word_1_531' title='bbox 1409 3986 1498 4037; x_wconf 77' lang='grc' dir='ltr'>τὸν</span> <span class='ocrx_word' id='word_1_532' title='bbox 1541 3987 1806 4055; x_wconf 79' lang='grc' dir='ltr'>δυνάστην</span> <span class='ocrx_word' id='word_1_533' title='bbox 1841 3987 1948 4038; x_wconf 85' lang='grc' dir='ltr'><strong>τῶν</strong></span> 
     </span>
    </p>
   </div>
   <div class='ocr_carea' id='block_1_72' title="bbox 392 4077 1950 4148">
    <p class='ocr_par' dir='ltr' id='par_1_72' title="bbox 392 4077 1950 4148">
     <span class='ocr_line' id='line_1_72' title="bbox 392 4077 1950 4148; baseline 0.001 -21"><span class='ocrx_word' id='word_1_534' title='bbox 392 4079 586 4142; x_wconf 73' lang='grc' dir='ltr'>Ἀφρω</span> <span class='ocrx_word' id='word_1_535' title='bbox 601 4103 614 4124; x_wconf 76' lang='grc' dir='ltr'><strong>ι</strong></span> <span class='ocrx_word' id='word_1_536' title='bbox 636 4077 922 4144; x_wconf 73' lang='grc' dir='ltr'>ἐκπέμψας</span> <span class='ocrx_word' id='word_1_537' title='bbox 943 4077 1308 4146; x_wconf 83' lang='grc' dir='ltr'>προετρέπετο</span> <span class='ocrx_word' id='word_1_538' title='bbox 1327 4079 1508 4130; x_wconf 72' lang='grc' dir='ltr'>στόλοι</span> <span class='ocrx_word' id='word_1_539' title='bbox 1530 4081 1669 4131; x_wconf 83' lang='grc' dir='ltr'>κοιτά</span> <span class='ocrx_word' id='word_1_540' title='bbox 1686 4077 1950 4148; x_wconf 76' lang='grc' dir='ltr'>τῆς-βασι·</span> 
     </span>
    </p>
   </div>
   <div class='ocr_carea' id='block_1_73' title="bbox 387 4169 1951 4240">
    <p class='ocr_par' dir='ltr' id='par_1_73' title="bbox 387 4169 1951 4240">
     <span class='ocr_line' id='line_1_73' title="bbox 387 4169 1951 4240; baseline 0.003 -22"><span class='ocrx_word' id='word_1_541' title='bbox 387 4170 527 4231; x_wconf 75' lang='grc' dir='ltr'>λέδος</span> <span class='ocrx_word' id='word_1_542' title='bbox 561 4171 874 4235; x_wconf 75' lang='grc' dir='ltr'>ἀναγαγεῖν,</span> <span class='ocrx_word' id='word_1_543' title='bbox 898 4170 1204 4236; x_wconf 78' lang='grc' dir='ltr'>ὑπισχνεῖτο</span> <span class='ocrx_word' id='word_1_544' title='bbox 1235 4169 1290 4221; x_wconf 79' lang='grc' dir='ltr'><strong>δὲ</strong></span> <span class='ocrx_word' id='word_1_545' title='bbox 1322 4172 1414 4221; x_wconf 76' lang='grc' dir='ltr'><strong>καὶ</strong></span> <span class='ocrx_word' id='word_1_546' title='bbox 1435 4171 1591 4233; x_wconf 80' lang='grc' dir='ltr'>αὐτὸς</span> <span class='ocrx_word' id='word_1_547' title='bbox 1616 4171 1703 4222; x_wconf 82' lang='grc' dir='ltr'>διά</span> <span class='ocrx_word' id='word_1_548' title='bbox 1733 4171 1951 4240; x_wconf 79' lang='grc' dir='ltr'>Θρᾴκης</span> 
     </span>
    </p>
   </div>
   <div class='ocr_carea' id='block_1_74' title="bbox 386 4263 1956 4332">
    <p class='ocr_par' dir='ltr' id='par_1_74' title="bbox 386 4263 1956 4332">
     <span class='ocr_line' id='line_1_74' title="bbox 386 4263 1956 4332; baseline 0.001 -18"><span class='ocrx_word' id='word_1_549' title='bbox 386 4263 560 4314; x_wconf 80' lang='grc' dir='ltr'>ἐλθεῖν</span> <span class='ocrx_word' id='word_1_550' title='bbox 588 4263 754 4314; x_wconf 68' lang='grc' dir='ltr'>πολὺν</span> <span class='ocrx_word' id='word_1_551' title='bbox 797 4263 891 4314; x_wconf 72' lang='grc' dir='ltr'><strong>καὶ</strong></span> <span class='ocrx_word' id='word_1_552' title='bbox 953 4263 1120 4330; x_wconf 68' lang='grc' dir='ltr'>βαρὺν</span> <span class='ocrx_word' id='word_1_553' title='bbox 1180 4263 1403 4330; x_wconf 81' lang='grc' dir='ltr'>στρατὸν</span> <span class='ocrx_word' id='word_1_554' title='bbox 1455 4264 1816 4332; x_wconf 82' lang='grc' dir='ltr'>ἐπαγόμενος,</span> <span class='ocrx_word' id='word_1_555' title='bbox 1866 4265 1956 4316; x_wconf 80' lang='grc' dir='ltr'><strong>καὶ</strong></span> 
     </span>
    </p>
   </div>
   <div class='ocr_carea' id='block_1_75' title="bbox 382 4344 1959 4424">
    <p class='ocr_par' dir='ltr' id='par_1_75' title="bbox 382 4344 1959 4424">
     <span class='ocr_line' id='line_1_75' title="bbox 382 4344 1959 4424; baseline 0.004 -20"><span class='ocrx_word' id='word_1_556' title='bbox 382 4356 696 4421; x_wconf 75' lang='grc' dir='ltr'>γενομένων</span> <span class='ocrx_word' id='word_1_557' title='bbox 763 4355 853 4421; x_wconf 65' lang='grc' dir='ltr'><strong>ὑφ’</strong></span> <span class='ocrx_word' id='word_1_558' title='bbox 899 4354 960 4406; x_wconf 84' lang='grc' dir='ltr'>ἓν</span> <span class='ocrx_word' id='word_1_559' title='bbox 1022 4356 1129 4407; x_wconf 81' lang='grc' dir='ltr'>τῶν</span> <span class='ocrx_word' id='word_1_560' title='bbox 1172 4344 1593 4424; x_wconf 81' lang='grc' dir='ltr'>στρατευμάτων</span> <span class='ocrx_word' id='word_1_561' title='bbox 1648 4356 1734 4408; x_wconf 84' lang='grc' dir='ltr'>διά</span> <span class='ocrx_word' id='word_1_562' title='bbox 1765 4374 1820 4410; x_wconf 85' lang='grc' dir='ltr'><strong>τε</strong></span> <span class='ocrx_word' id='word_1_563' title='bbox 1856 4358 1959 4424; x_wconf 72' lang='grc' dir='ltr'>γῆς</span> 
     </span>
    </p>
   </div>
   <div class='ocr_carea' id='block_1_76' title="bbox 379 4443 1950 4514">
    <p class='ocr_par' dir='ltr' id='par_1_76' title="bbox 379 4443 1950 4514">
     <span class='ocr_line' id='line_1_76' title="bbox 379 4443 1950 4514; baseline 0 -16"><span class='ocrx_word' id='word_1_564' title='bbox 379 4446 482 4499; x_wconf 76' lang='grc' dir='ltr'><strong>καὶ</strong></span> <span class='ocrx_word' id='word_1_565' title='bbox 519 4445 791 4514; x_wconf 74' lang='grc' dir='ltr'>θαλάσσης</span> <span class='ocrx_word' id='word_1_566' title='bbox 821 4444 1243 4514; x_wconf 82' lang='grc' dir='ltr'>ἐκπολιορκῆσαι</span> <span class='ocrx_word' id='word_1_567' title='bbox 1271 4443 1371 4513; x_wconf 81' lang='grc' dir='ltr'><strong>τὴν</strong></span> <span class='ocrx_word' id='word_1_568' title='bbox 1401 4443 1809 4512; x_wconf 81' lang='grc' dir='ltr'>βασιλεύουσαν,</span> <span class='ocrx_word' id='word_1_569' title='bbox 1855 4449 1950 4498; x_wconf 80' lang='grc' dir='ltr'><strong>καὶ</strong></span> 
     </span>
    </p>
   </div>
   <div class='ocr_carea' id='block_1_77' title="bbox 383 4534 1950 4604">
    <p class='ocr_par' dir='ltr' id='par_1_77' title="bbox 383 4534 1950 4604">
     <span class='ocr_line' id='line_1_77' title="bbox 383 4534 1950 4604; baseline 0.001 -18"><span class='ocrx_word' id='word_1_570' title='bbox 383 4537 477 4587; x_wconf 65' lang='grc' dir='ltr'><strong>τὸν</strong></span> <span class='ocrx_word' id='word_1_571' title='bbox 529 4535 731 4603; x_wconf 79' lang='grc' dir='ltr'>ταύτης</span> <span class='ocrx_word' id='word_1_572' title='bbox 786 4534 1014 4587; x_wconf 87' lang='grc' dir='ltr'>πλοῦτον</span> <span class='ocrx_word' id='word_1_573' title='bbox 1071 4534 1449 4604; x_wconf 85' lang='grc' dir='ltr'>διανείμασθαι</span> <span class='ocrx_word' id='word_1_574' title='bbox 1501 4536 1586 4587; x_wconf 85' lang='grc' dir='ltr'>ἐπ’</span> <span class='ocrx_word' id='word_1_575' title='bbox 1646 4536 1790 4604; x_wconf 80' lang='grc' dir='ltr'>ἴσης,</span> <span class='ocrx_word' id='word_1_576' title='bbox 1856 4537 1950 4588; x_wconf 79' lang='grc' dir='ltr'>καὶ</span> 
     </span>
    </p>
   </div>
   <div class='ocr_carea' id='block_1_78' title="bbox 380 4625 1944 4697">
    <p class='ocr_par' dir='ltr' id='par_1_78' title="bbox 380 4625 1944 4697">
     <span class='ocr_line' id='line_1_78' title="bbox 380 4625 1944 4697; baseline 0 -19"><span class='ocrx_word' id='word_1_577' title='bbox 380 4628 545 4678; x_wconf 66' lang='grc' dir='ltr'>αὐτὸν</span> <span class='ocrx_word' id='word_1_578' title='bbox 593 4627 691 4695; x_wconf 83' lang='grc' dir='ltr'>μὲν</span> <span class='ocrx_word' id='word_1_579' title='bbox 747 4628 832 4680; x_wconf 75' lang='grc' dir='ltr'>ἐπ’</span> <span class='ocrx_word' id='word_1_580' title='bbox 884 4627 1035 4678; x_wconf 75' lang='grc' dir='ltr'>οἴκου</span> <span class='ocrx_word' id='word_1_581' title='bbox 1089 4626 1476 4695; x_wconf 83' lang='grc' dir='ltr'>ὑπονοστῆσαι,</span> <span class='ocrx_word' id='word_1_582' title='bbox 1534 4625 1720 4678; x_wconf 86' lang='grc' dir='ltr'>τοῦτον</span> <span class='ocrx_word' id='word_1_583' title='bbox 1769 4626 1827 4678; x_wconf 76' lang='grc' dir='ltr'><strong>δὲ</strong></span> <span class='ocrx_word' id='word_1_584' title='bbox 1880 4629 1944 4697; x_wconf 79' lang='grc' dir='ltr'>τῇ</span> 
     </span>
    </p>
   </div>
   <div class='ocr_carea' id='block_1_79' title="bbox 383 4712 1948 4770">
    <p class='ocr_par' dir='ltr' id='par_1_79' title="bbox 383 4712 1948 4770">
     <span class='ocr_line' id='line_1_79' title="bbox 383 4712 1948 4770; baseline -0.001 0"><span class='ocrx_word' id='word_1_585' title='bbox 383 4716 950 4770; x_wconf 82' lang='grc' dir='ltr'>Κωνσταντινουπόλει</span> <span class='ocrx_word' id='word_1_586' title='bbox 1021 4716 1362 4770; x_wconf 78' lang='grc' dir='ltr'>καταλιπεῖν.</span> <span class='ocrx_word' id='word_1_587' title='bbox 1459 4716 1686 4769; x_wconf 86' lang='grc' dir='ltr'>Ἔλαθον</span> <span class='ocrx_word' id='word_1_588' title='bbox 1750 4712 1841 4770; x_wconf 88' lang='grc' dir='ltr'><strong>οῦν</strong></span> <span class='ocrx_word' id='word_1_589' title='bbox 1895 4717 1948 4769; x_wconf 83' lang='grc' dir='ltr'>οἱ</span> 
     </span>
    </p>
   </div>
   <div class='ocr_carea' id='block_1_80' title="bbox 382 4807 1946 4876">
    <p class='ocr_par' dir='ltr' id='par_1_80' title="bbox 382 4807 1946 4876">
     <span class='ocr_line' id='line_1_80' title="bbox 382 4807 1946 4876; baseline -0.009 -4"><span class='ocrx_word' id='word_1_590' title='bbox 382 4807 681 4876; x_wconf 60' lang='grc' dir='ltr'>Βούὶ-ἐάροι</span> <span class='ocrx_word' id='word_1_591' title='bbox 713 4807 845 4875; x_wconf 75' lang='grc' dir='ltr'>πρὸς</span> <span class='ocrx_word' id='word_1_592' title='bbox 877 4808 975 4876; x_wconf 80' lang='grc' dir='ltr'>τὴν</span> <span class='ocrx_word' id='word_1_593' title='bbox 1033 4807 1293 4876; x_wconf 63' lang='grc' dir='ltr'>Ἀφρικὴν</span> <span class='ocrx_word' id='word_1_594' title='bbox 1343 4808 1806 4872; x_wconf 77' lang='grc' dir='ltr'>ἀποπλεύσαντες,</span> <span class='ocrx_word' id='word_1_595' title='bbox 1853 4807 1946 4861; x_wconf 72' lang='grc' dir='ltr'>καὶ</span> 
     </span>
    </p>
   </div>
   <div class='ocr_carea' id='block_1_81' title="bbox 367 4899 1944 4970">
    <p class='ocr_par' dir='ltr' id='par_1_81' title="bbox 367 4899 1944 4970">
     <span class='ocr_line' id='line_1_81' title="bbox 367 4899 1944 4970; baseline 0.001 -21"><span class='ocrx_word' id='word_1_596' title='bbox 367 4899 628 4961; x_wconf 65' lang='grc' dir='ltr'>’δόξαντος</span> <span class='ocrx_word' id='word_1_597' title='bbox 653 4899 744 4951; x_wconf 81' lang='grc' dir='ltr'><strong>τοῦ</strong></span> <span class='ocrx_word' id='word_1_598' title='bbox 789 4899 1009 4967; x_wconf 77' lang='grc' dir='ltr'>Συμεὼν</span> <span class='ocrx_word' id='word_1_599' title='bbox 1040 4899 1288 4967; x_wconf 74' lang='grc' dir='ltr'>ὠφέλιμα</span> <span class='ocrx_word' id='word_1_600' title='bbox 1344 4903 1629 4963; x_wconf 87' lang='grc' dir='ltr'>παραινεῖν</span> <span class='ocrx_word' id='word_1_601' title='bbox 1688 4900 1944 4970; x_wconf 74' lang='grc' dir='ltr'>είλήφασί</span> 
     </span>
    </p>
   </div>
   <div class='ocr_carea' id='block_1_82' title="bbox 2056 3801 3639 3871">
    <p class='ocr_par' dir='ltr' id='par_1_82' title="bbox 2056 3801 3639 3871">
     <span class='ocr_line' id='line_1_82' title="bbox 2056 3801 3639 3871; baseline -0.001 -12"><span class='ocrx_word' id='word_1_602' title='bbox 2056 3809 2231 3859; x_wconf 81' lang='lat' dir='ltr'><strong>elatus</strong></span> <span class='ocrx_word' id='word_1_603' title='bbox 2261 3805 2330 3859; x_wconf 90' lang='lat' dir='ltr'><strong>ob</strong></span> <span class='ocrx_word' id='word_1_604' title='bbox 2361 3805 2558 3858; x_wconf 86' lang='lat' dir='ltr'><strong>multas</strong></span> <span class='ocrx_word' id='word_1_605' title='bbox 2587 3805 2654 3857; x_wconf 89' lang='lat' dir='ltr'><strong>de</strong></span> <span class='ocrx_word' id='word_1_606' title='bbox 2704 3804 2964 3858; x_wconf 79' lang='lat' dir='ltr'><strong>Romanis</strong></span> <span class='ocrx_word' id='word_1_607' title='bbox 3020 3811 3322 3871; x_wconf 87' lang='lat' dir='ltr'><strong>reportatas</strong></span> <span class='ocrx_word' id='word_1_608' title='bbox 3380 3801 3639 3858; x_wconf 83' lang='lat' dir='ltr'><strong>victorias</strong></span> 
     </span>
    </p>
   </div>
   <div class='ocr_carea' id='block_1_83' title="bbox 2046 3892 3636 3966">
    <p class='ocr_par' dir='ltr' id='par_1_83' title="bbox 2046 3892 3636 3966">
     <span class='ocr_line' id='line_1_83' title="bbox 2046 3892 3636 3966; baseline -0.003 -16"><span class='ocrx_word' id='word_1_609' title='bbox 2046 3897 2341 3965; x_wconf 83' lang='lat' dir='ltr'><strong>imperium</strong></span> <span class='ocrx_word' id='word_1_610' title='bbox 2371 3912 2585 3966; x_wconf 89' lang='lat' dir='ltr'><strong>quoque</strong></span> <span class='ocrx_word' id='word_1_611' title='bbox 2619 3896 2922 3950; x_wconf 85' lang='lat' dir='ltr'><strong>Romanum</strong></span> <span class='ocrx_word' id='word_1_612' title='bbox 2955 3893 3137 3949; x_wconf 89' lang='lat' dir='ltr'><strong>animo</strong></span> <span class='ocrx_word' id='word_1_613' title='bbox 3174 3895 3284 3964; x_wconf 84' lang='lat' dir='ltr'><strong>jam</strong></span> <span class='ocrx_word' id='word_1_614' title='bbox 3314 3892 3636 3963; x_wconf 87' lang='lat' dir='ltr'><strong>occupabat.</strong></span> 
     </span>
    </p>
   </div>
   <div class='ocr_carea' id='block_1_84' title="bbox 2058 3983 3638 4057">
    <p class='ocr_par' dir='ltr' id='par_1_84' title="bbox 2058 3983 3638 4057">
     <span class='ocr_line' id='line_1_84' title="bbox 2058 3983 3638 4057; baseline -0.003 -18"><span class='ocrx_word' id='word_1_615' title='bbox 2058 3986 2219 4041; x_wconf 78' lang='lat' dir='ltr'><strong>Mittit</strong></span> <span class='ocrx_word' id='word_1_616' title='bbox 2257 3988 2418 4057; x_wconf 81' lang='lat' dir='ltr'><strong>igitur</strong></span> <span class='ocrx_word' id='word_1_617' title='bbox 2449 3987 2652 4057; x_wconf 82' lang='lat' dir='ltr'><strong>legatos</strong></span> <span class='ocrx_word' id='word_1_618' title='bbox 2675 3985 2742 4040; x_wconf 87' lang='lat' dir='ltr'><strong>ad</strong></span> <span class='ocrx_word' id='word_1_619' title='bbox 2771 3985 3116 4040; x_wconf 88' lang='lat' dir='ltr'><strong>Pbatlnmutn</strong></span> <span class='ocrx_word' id='word_1_620' title='bbox 3165 3983 3421 4038; x_wconf 77' lang='lat' dir='ltr'><strong>Afrorum</strong></span> <span class='ocrx_word' id='word_1_621' title='bbox 3487 3983 3638 4050; x_wconf 87' lang='lat' dir='ltr'><strong>prin-</strong></span> 
     </span>
    </p>
   </div>
   <div class='ocr_carea' id='block_1_85' title="bbox 2057 4075 3634 4148">
    <p class='ocr_par' dir='ltr' id='par_1_85' title="bbox 2057 4075 3634 4148">
     <span class='ocr_line' id='line_1_85' title="bbox 2057 4075 3634 4148; baseline -0.001 -17"><span class='ocrx_word' id='word_1_622' title='bbox 2057 4080 2254 4148; x_wconf 84' lang='lat' dir='ltr'><strong>cipem,</strong></span> <span class='ocrx_word' id='word_1_623' title='bbox 2290 4079 2645 4146; x_wconf 88' lang='lat' dir='ltr'><strong>hortaturque</strong></span> <span class='ocrx_word' id='word_1_624' title='bbox 2679 4087 2739 4131; x_wconf 92' lang='lat' dir='ltr'><strong>ut</strong></span> <span class='ocrx_word' id='word_1_625' title='bbox 2792 4077 3023 4132; x_wconf 84' lang='lat' dir='ltr'><strong>classem</strong></span> <span class='ocrx_word' id='word_1_626' title='bbox 3057 4079 3123 4132; x_wconf 88' lang='lat' dir='ltr'><strong>ad</strong></span> <span class='ocrx_word' id='word_1_627' title='bbox 3149 4075 3341 4146; x_wconf 91' lang='lat' dir='ltr'><strong>Cpolin</strong></span> <span class='ocrx_word' id='word_1_628' title='bbox 3379 4077 3634 4131; x_wconf 89' lang='lat' dir='ltr'><strong>adducat.</strong></span> 
     </span>
    </p>
   </div>
   <div class='ocr_carea' id='block_1_86' title="bbox 2062 4169 3635 4240">
    <p class='ocr_par' dir='ltr' id='par_1_86' title="bbox 2062 4169 3635 4240">
     <span class='ocr_line' id='line_1_86' title="bbox 2062 4169 3635 4240; baseline -0.001 -15"><span class='ocrx_word' id='word_1_629' title='bbox 2062 4173 2131 4225; x_wconf 88' lang='lat' dir='ltr'><strong>Sc</strong></span> <span class='ocrx_word' id='word_1_630' title='bbox 2170 4171 2358 4225; x_wconf 86' lang='lat' dir='ltr'><strong>eodem</strong></span> <span class='ocrx_word' id='word_1_631' title='bbox 2421 4187 2516 4240; x_wconf 86' lang='lat' dir='ltr'><strong>per</strong></span> <span class='ocrx_word' id='word_1_632' title='bbox 2552 4169 2842 4225; x_wconf 88' lang='lat' dir='ltr'><strong>Thraciam</strong></span> <span class='ocrx_word' id='word_1_633' title='bbox 2879 4187 3000 4225; x_wconf 70' lang='lat' dir='ltr'><strong>cum</strong></span> <span class='ocrx_word' id='word_1_634' title='bbox 3058 4169 3235 4223; x_wconf 79' lang='lat' dir='ltr'><strong>valido</strong></span> <span class='ocrx_word' id='word_1_635' title='bbox 3280 4184 3344 4223; x_wconf 90' lang='lat' dir='ltr'><strong>ac</strong></span> <span class='ocrx_word' id='word_1_636' title='bbox 3411 4169 3635 4238; x_wconf 90' lang='lat' dir='ltr'><strong>copioso</strong></span> 
     </span>
    </p>
   </div>
   <div class='ocr_carea' id='block_1_87' title="bbox 2061 4261 3632 4330">
    <p class='ocr_par' dir='ltr' id='par_1_87' title="bbox 2061 4261 3632 4330">
     <span class='ocr_line' id='line_1_87' title="bbox 2061 4261 3632 4330; baseline -0.002 -13"><span class='ocrx_word' id='word_1_637' title='bbox 2061 4262 2304 4317; x_wconf 73' lang='lat' dir='ltr'><strong>exercitu</strong></span> <span class='ocrx_word' id='word_1_638' title='bbox 2335 4278 2685 4317; x_wconf 87' lang='lat' dir='ltr'><strong>accessurum</strong></span> <span class='ocrx_word' id='word_1_639' title='bbox 2728 4281 2738 4316; x_wconf 92' lang='lat'><strong>:</strong></span> <span class='ocrx_word' id='word_1_640' title='bbox 2770 4261 3080 4330; x_wconf 86' lang='lat' dir='ltr'><strong>conjunctis</strong></span> <span class='ocrx_word' id='word_1_641' title='bbox 3111 4261 3319 4316; x_wconf 85' lang='lat' dir='ltr'><strong>viribus</strong></span> <span class='ocrx_word' id='word_1_642' title='bbox 3350 4275 3408 4315; x_wconf 91' lang='lat' dir='ltr'><strong>se</strong></span> <span class='ocrx_word' id='word_1_643' title='bbox 3438 4261 3632 4316; x_wconf 90' lang='lat' dir='ltr'><strong>urbem</strong></span> 
     </span>
    </p>
   </div>
   <div class='ocr_carea' id='block_1_88' title="bbox 2061 4339 3638 4423">
    <p class='ocr_par' dir='ltr' id='par_1_88' title="bbox 2061 4339 3638 4423">
     <span class='ocr_line' id='line_1_88' title="bbox 2061 4339 3638 4423; baseline -0.001 -16"><span class='ocrx_word' id='word_1_644' title='bbox 2061 4365 2205 4408; x_wconf 89' lang='lat' dir='ltr'><strong>terra</strong></span> <span class='ocrx_word' id='word_1_645' title='bbox 2251 4354 2494 4421; x_wconf 89' lang='lat' dir='ltr'><strong>marique</strong></span> <span class='ocrx_word' id='word_1_646' title='bbox 2523 4339 2949 4423; x_wconf 59' lang='lat' dir='ltr'><strong>capugnaturos,</strong></span> <span class='ocrx_word' id='word_1_647' title='bbox 2979 4362 3033 4406; x_wconf 90' lang='lat' dir='ltr'><strong>et</strong></span> <span class='ocrx_word' id='word_1_648' title='bbox 3063 4351 3284 4406; x_wconf 88' lang='lat' dir='ltr'><strong>divitias</strong></span> <span class='ocrx_word' id='word_1_649' title='bbox 3329 4351 3447 4421; x_wconf 87' lang='lat' dir='ltr'><strong>ejus</strong></span> <span class='ocrx_word' id='word_1_650' title='bbox 3471 4352 3638 4421; x_wconf 70' lang='lat' dir='ltr'><strong>aequis</strong></span> 
     </span>
    </p>
   </div>
   <div class='ocr_carea' id='block_1_89' title="bbox 2058 4441 3636 4515">
    <p class='ocr_par' dir='ltr' id='par_1_89' title="bbox 2058 4441 3636 4515">
     <span class='ocr_line' id='line_1_89' title="bbox 2058 4441 3636 4515; baseline -0.003 -15"><span class='ocrx_word' id='word_1_651' title='bbox 2058 4446 2398 4515; x_wconf 86' lang='lat' dir='ltr'><strong>portionibus</strong></span> <span class='ocrx_word' id='word_1_652' title='bbox 2429 4448 2574 4499; x_wconf 88' lang='lat' dir='ltr'><strong>inter</strong></span> <span class='ocrx_word' id='word_1_653' title='bbox 2603 4460 2665 4498; x_wconf 90' lang='lat' dir='ltr'><strong>se</strong></span> <span class='ocrx_word' id='word_1_654' title='bbox 2697 4444 2993 4505; x_wconf 90' lang='lat' dir='ltr'><strong>divisuros.</strong></span> <span class='ocrx_word' id='word_1_655' title='bbox 3029 4451 3086 4497; x_wconf 89' lang='lat' dir='ltr'><strong>et</strong></span> <span class='ocrx_word' id='word_1_656' title='bbox 3107 4441 3397 4497; x_wconf 89' lang='lat' dir='ltr'><strong>Saracenis</strong></span> <span class='ocrx_word' id='word_1_657' title='bbox 3417 4442 3636 4497; x_wconf 87' lang='lat' dir='ltr'><strong>domum</strong></span> 
     </span>
    </p>
   </div>
   <div class='ocr_carea' id='block_1_90' title="bbox 2057 4530 3635 4604">
    <p class='ocr_par' dir='ltr' id='par_1_90' title="bbox 2057 4530 3635 4604">
     <span class='ocr_line' id='line_1_90' title="bbox 2057 4530 3635 4604; baseline -0.003 -16"><span class='ocrx_word' id='word_1_658' title='bbox 2057 4534 2292 4589; x_wconf 87' lang='lat' dir='ltr'><strong>reversis</strong></span> <span class='ocrx_word' id='word_1_659' title='bbox 2323 4549 2381 4588; x_wconf 92' lang='lat' dir='ltr'><strong>se</strong></span> <span class='ocrx_word' id='word_1_660' title='bbox 2405 4533 2597 4604; x_wconf 89' lang='lat' dir='ltr'><strong>Cpolin</strong></span> <span class='ocrx_word' id='word_1_661' title='bbox 2627 4540 2990 4588; x_wconf 90' lang='lat' dir='ltr'><strong>retenturum.</strong></span> <span class='ocrx_word' id='word_1_662' title='bbox 3035 4530 3252 4601; x_wconf 78' lang='lat' dir='ltr'><strong>Bulgari</strong></span> <span class='ocrx_word' id='word_1_663' title='bbox 3283 4530 3434 4585; x_wconf 90' lang='lat' dir='ltr'><strong>missi</strong></span> <span class='ocrx_word' id='word_1_664' title='bbox 3497 4531 3635 4585; x_wconf 88' lang='lat' dir='ltr'><strong>clam</strong></span> 
     </span>
    </p>
   </div>
   <div class='ocr_carea' id='block_1_91' title="bbox 2055 4620 3634 4691">
    <p class='ocr_par' dir='ltr' id='par_1_91' title="bbox 2055 4620 3634 4691">
     <span class='ocr_line' id='line_1_91' title="bbox 2055 4620 3634 4691; baseline -0.004 -14"><span class='ocrx_word' id='word_1_665' title='bbox 2055 4624 2107 4677; x_wconf 88' lang='lat' dir='ltr'><strong>in</strong></span> <span class='ocrx_word' id='word_1_666' title='bbox 2139 4623 2375 4679; x_wconf 81' lang='lat' dir='ltr'><strong>Africam</strong></span> <span class='ocrx_word' id='word_1_667' title='bbox 2405 4624 2662 4691; x_wconf 78' lang='lat' dir='ltr'><strong>navigant</strong></span> <span class='ocrx_word' id='word_1_668' title='bbox 2690 4640 2704 4678; x_wconf 88' lang='lat'><strong>:</strong></span> <span class='ocrx_word' id='word_1_669' title='bbox 2741 4631 2797 4677; x_wconf 91' lang='lat' dir='ltr'><strong>et</strong></span> <span class='ocrx_word' id='word_1_670' title='bbox 2819 4621 3095 4684; x_wconf 86' lang='lat' dir='ltr'><strong>Saraceni,</strong></span> <span class='ocrx_word' id='word_1_671' title='bbox 3146 4637 3270 4675; x_wconf 90' lang='lat' dir='ltr'><strong>cum</strong></span> <span class='ocrx_word' id='word_1_672' title='bbox 3331 4620 3634 4690; x_wconf 84' lang='lat' dir='ltr'><strong>judicarent</strong></span> 
     </span>
    </p>
   </div>
   <div class='ocr_carea' id='block_1_92' title="bbox 2055 4712 3634 4782">
    <p class='ocr_par' dir='ltr' id='par_1_92' title="bbox 2055 4712 3634 4782">
     <span class='ocr_line' id='line_1_92' title="bbox 2055 4712 3634 4782; baseline -0.001 -14"><span class='ocrx_word' id='word_1_673' title='bbox 2055 4715 2364 4769; x_wconf 84' lang='lat' dir='ltr'><strong>Simeonem</strong></span> <span class='ocrx_word' id='word_1_674' title='bbox 2452 4714 2659 4768; x_wconf 89' lang='lat' dir='ltr'><strong>utiliter</strong></span> <span class='ocrx_word' id='word_1_675' title='bbox 2728 4713 3034 4777; x_wconf 86' lang='lat' dir='ltr'><strong>consulere,</strong></span> <span class='ocrx_word' id='word_1_676' title='bbox 3091 4712 3355 4782; x_wconf 89' lang='lat' dir='ltr'><strong>quosdam</strong></span> <span class='ocrx_word' id='word_1_677' title='bbox 3411 4727 3634 4766; x_wconf 89' lang='lat' dir='ltr'><strong>suorum</strong></span> 
     </span>
    </p>
   </div>
   <div class='ocr_carea' id='block_1_93' title="bbox 2052 4802 3634 4877">
    <p class='ocr_par' dir='ltr' id='par_1_93' title="bbox 2052 4802 3634 4877">
     <span class='ocr_line' id='line_1_93' title="bbox 2052 4802 3634 4877; baseline -0.001 -17"><span class='ocrx_word' id='word_1_678' title='bbox 2052 4806 2342 4877; x_wconf 89' lang='lat' dir='ltr'><strong>primarios</strong></span> <span class='ocrx_word' id='word_1_679' title='bbox 2371 4804 2518 4859; x_wconf 85' lang='lat' dir='ltr'><strong>virus</strong></span> <span class='ocrx_word' id='word_1_680' title='bbox 2550 4805 2775 4858; x_wconf 87' lang='lat' dir='ltr'><strong>mittunt</strong></span> <span class='ocrx_word' id='word_1_681' title='bbox 2809 4821 2932 4860; x_wconf 90' lang='lat' dir='ltr'><strong>cum</strong></span> <span class='ocrx_word' id='word_1_682' title='bbox 2960 4804 3228 4874; x_wconf 75' lang='lat' dir='ltr'><strong>Bulgaris,</strong></span> <span class='ocrx_word' id='word_1_683' title='bbox 3287 4802 3382 4872; x_wconf 89' lang='lat' dir='ltr'><strong>qui</strong></span> <span class='ocrx_word' id='word_1_684' title='bbox 3414 4811 3634 4873; x_wconf 85' lang='lat' dir='ltr'><strong>pactum</strong></span> 
     </span>
    </p>
   </div>
   <div class='ocr_carea' id='block_1_94' title="bbox 2051 4894 3634 4966">
    <p class='ocr_par' dir='ltr' id='par_1_94' title="bbox 2051 4894 3634 4966">
     <span class='ocr_line' id='line_1_94' title="bbox 2051 4894 3634 4966; baseline -0.003 -14"><span class='ocrx_word' id='word_1_685' title='bbox 2051 4900 2396 4952; x_wconf 80' lang='lat' dir='ltr'><strong>conﬁrment.</strong></span> <span class='ocrx_word' id='word_1_686' title='bbox 2428 4897 2504 4950; x_wconf 86' lang='lat' dir='ltr'><strong>Ea</strong></span> <span class='ocrx_word' id='word_1_687' title='bbox 2552 4897 2747 4966; x_wconf 76' lang='lat' dir='ltr'><strong>legatio</strong></span> <span class='ocrx_word' id='word_1_688' title='bbox 2779 4897 2831 4950; x_wconf 91' lang='lat' dir='ltr'><strong>in</strong></span> <span class='ocrx_word' id='word_1_689' title='bbox 2866 4897 3042 4951; x_wconf 86' lang='lat' dir='ltr'><strong>reditu</strong></span> <span class='ocrx_word' id='word_1_690' title='bbox 3090 4912 3118 4948; x_wconf 90' lang='lat' dir='ltr'><strong>a</strong></span> <span class='ocrx_word' id='word_1_691' title='bbox 3167 4895 3416 4950; x_wconf 83' lang='lat' dir='ltr'><strong>Calabris</strong></span> <span class='ocrx_word' id='word_1_692' title='bbox 3460 4894 3634 4948; x_wconf 79' lang='lat' dir='ltr'><strong>inter-</strong></span> 
     </span>
    </p>
   </div>
   <div class='ocr_carea' id='block_1_95' title="bbox 378 4971 2119 5060">
    <p class='ocr_par' dir='ltr' id='par_1_95' title="bbox 378 4971 2119 5058">
     <span class='ocr_line' id='line_1_95' title="bbox 378 4971 2119 5058; baseline 0.002 -19"><span class='ocrx_word' id='word_1_693' title='bbox 378 4995 529 5049; x_wconf 77' lang='grc' dir='ltr'>τινας</span> <span class='ocrx_word' id='word_1_694' title='bbox 562 4990 910 5058; x_wconf 74' lang='grc' dir='ltr'>Σ-αρακηνους</span> <span class='ocrx_word' id='word_1_695' title='bbox 956 4989 1272 5058; x_wconf 80' lang='grc' dir='ltr'>ἐλλογίμους</span> <span class='ocrx_word' id='word_1_696' title='bbox 1305 4989 1443 5044; x_wconf 81' lang='grc' dir='ltr'>ὥστε</span> <span class='ocrx_word' id='word_1_697' title='bbox 1502 4993 1815 5058; x_wconf 79' lang='grc' dir='ltr'>ἐμπεδῶσαι</span> <span class='ocrx_word' id='word_1_698' title='bbox 1876 4992 1944 5044; x_wconf 73' lang='grc' dir='ltr'><strong>τά</strong></span> <span class='ocrx_word' id='word_1_699' title='bbox 1977 4971 2018 5024; x_wconf 77' lang='lat' dir='ltr'><strong>D</strong></span> <span class='ocrx_word' id='word_1_700' title='bbox 2049 5005 2119 5058; x_wconf 57' lang='lat' dir='ltr'><strong>ce}</strong></span> 
     </span>
    </p>
   </div>
   <div class='ocr_carea' id='block_1_96' title="bbox 1890 4971 3631 5060">
    <p class='ocr_par' dir='ltr' id='par_1_96' title="bbox 1890 4971 3631 5060">
     <span class='ocr_line' id='line_1_96' title="bbox 1890 4971 3631 5060; baseline -0.002 -17"><span class='ocrx_word' id='word_1_701' title='bbox 1890 4992 1944 5044; x_wconf 71' lang='grc' dir='ltr'><strong>τά</strong></span> <span class='ocrx_word' id='word_1_702' title='bbox 1977 4971 2018 5024; x_wconf 76' lang='lat' dir='ltr'><strong>D</strong></span> <span class='ocrx_word' id='word_1_703' title='bbox 2049 4999 2226 5058; x_wconf 85' lang='lat' dir='ltr'><strong>cepta,</strong></span> <span class='ocrx_word' id='word_1_704' title='bbox 2250 4999 2304 5043; x_wconf 91' lang='lat' dir='ltr'><strong>et</strong></span> <span class='ocrx_word' id='word_1_705' title='bbox 2337 4989 2546 5060; x_wconf 80' lang='lat' dir='ltr'><strong>Bulgari</strong></span> <span class='ocrx_word' id='word_1_706' title='bbox 2579 4989 2946 5057; x_wconf 83' lang='lat' dir='ltr'><strong>Saracenique</strong></span> <span class='ocrx_word' id='word_1_707' title='bbox 2987 4988 3023 5040; x_wconf 91' lang='lat' dir='ltr'><strong>ii</strong></span> <span class='ocrx_word' id='word_1_708' title='bbox 3071 4988 3140 5042; x_wconf 90' lang='lat' dir='ltr'><strong>ab</strong></span> <span class='ocrx_word' id='word_1_709' title='bbox 3193 4988 3278 5042; x_wconf 90' lang='lat' dir='ltr'><strong>his</strong></span> <span class='ocrx_word' id='word_1_710' title='bbox 3337 4986 3529 5056; x_wconf 89' lang='lat' dir='ltr'><strong>Cpolin</strong></span> <span class='ocrx_word' id='word_1_711' title='bbox 3564 4986 3631 5040; x_wconf 92' lang='lat' dir='ltr'><strong>ad</strong></span> 
     </span>
    </p>
   </div>
   <div class='ocr_carea' id='block_1_97' title="bbox 374 5078 1936 5151">
    <p class='ocr_par' dir='ltr' id='par_1_97' title="bbox 374 5078 1936 5151">
     <span class='ocr_line' id='line_1_97' title="bbox 374 5078 1936 5151; baseline 0.003 -22"><span class='ocrx_word' id='word_1_712' title='bbox 374 5081 697 5146; x_wconf 70' lang='grc' dir='ltr'>δεδογμένα.</span> <span class='ocrx_word' id='word_1_713' title='bbox 749 5079 834 5131; x_wconf 84' lang='grc' dir='ltr'>Ἑν</span> <span class='ocrx_word' id='word_1_714' title='bbox 873 5078 949 5146; x_wconf 81' lang='grc' dir='ltr'>τῷ</span> <span class='ocrx_word' id='word_1_715' title='bbox 1009 5080 1367 5149; x_wconf 80' lang='grc' dir='ltr'>ὑποστρέφειν</span> <span class='ocrx_word' id='word_1_716' title='bbox 1434 5082 1488 5133; x_wconf 85' lang='grc' dir='ltr'>δὲ</span> <span class='ocrx_word' id='word_1_717' title='bbox 1551 5085 1936 5151; x_wconf 78' lang='grc' dir='ltr'>περιπίπτουσι</span> 
     </span>
    </p>
   </div>
   <div class='ocr_carea' id='block_1_98' title="bbox 377 5170 1932 5241">
    <p class='ocr_par' dir='ltr' id='par_1_98' title="bbox 377 5170 1932 5241">
     <span class='ocr_line' id='line_1_98' title="bbox 377 5170 1932 5241; baseline 0.001 -20"><span class='ocrx_word' id='word_1_718' title='bbox 377 5176 492 5232; x_wconf 65' lang='grc' dir='ltr'>τοῖς</span> <span class='ocrx_word' id='word_1_719' title='bbox 530 5172 833 5239; x_wconf 80' lang='grc' dir='ltr'>Καλαὸροίς</span> <span class='ocrx_word' id='word_1_720' title='bbox 866 5173 957 5223; x_wconf 77' lang='grc' dir='ltr'><strong>καὶ</strong></span> <span class='ocrx_word' id='word_1_721' title='bbox 987 5170 1121 5240; x_wconf 76' lang='grc' dir='ltr'>πρὸς</span> <span class='ocrx_word' id='word_1_722' title='bbox 1150 5171 1209 5223; x_wconf 77' lang='grc' dir='ltr'><strong>τὸ</strong></span> <span class='ocrx_word' id='word_1_723' title='bbox 1247 5171 1534 5232; x_wconf 74' lang='grc' dir='ltr'>Βυζάντιον</span> <span class='ocrx_word' id='word_1_724' title='bbox 1580 5173 1932 5241; x_wconf 77' lang='grc' dir='ltr'>ἀναπέμπον-</span> 
     </span>
    </p>
   </div>
   <div class='ocr_carea' id='block_1_99' title="bbox 2046 5077 3631 5149">
    <p class='ocr_par' dir='ltr' id='par_1_99' title="bbox 2046 5077 3631 5149">
     <span class='ocr_line' id='line_1_99' title="bbox 2046 5077 3631 5149; baseline -0.001 -17"><span class='ocrx_word' id='word_1_725' title='bbox 2046 5081 2434 5149; x_wconf 74' lang='lat' dir='ltr'><strong>imperatorem</strong></span> <span class='ocrx_word' id='word_1_726' title='bbox 2502 5080 2805 5134; x_wconf 80' lang='lat' dir='ltr'><strong>Romanum</strong></span> <span class='ocrx_word' id='word_1_727' title='bbox 2868 5094 3054 5134; x_wconf 87' lang='lat' dir='ltr'><strong>senem</strong></span> <span class='ocrx_word' id='word_1_728' title='bbox 3117 5079 3288 5134; x_wconf 90' lang='lat' dir='ltr'><strong>missi.</strong></span> <span class='ocrx_word' id='word_1_729' title='bbox 3343 5077 3444 5143; x_wconf 82' lang='lat' dir='ltr'><strong>Qui</strong></span> <span class='ocrx_word' id='word_1_730' title='bbox 3506 5091 3631 5132; x_wconf 83' lang='lat' dir='ltr'><strong>cum</strong></span> 
     </span>
    </p>
   </div>
   <div class='ocr_carea' id='block_1_100' title="bbox 2063 5167 3633 5239">
    <p class='ocr_par' dir='ltr' id='par_1_100' title="bbox 2063 5167 3633 5239">
     <span class='ocr_line' id='line_1_100' title="bbox 2063 5167 3633 5239; baseline -0.003 -13"><span class='ocrx_word' id='word_1_731' title='bbox 2063 5171 2352 5226; x_wconf 90' lang='lat' dir='ltr'><strong>consilium</strong></span> <span class='ocrx_word' id='word_1_732' title='bbox 2383 5171 2515 5225; x_wconf 91' lang='lat' dir='ltr'><strong>illud</strong></span> <span class='ocrx_word' id='word_1_733' title='bbox 2556 5171 2791 5224; x_wconf 87' lang='lat' dir='ltr'><strong>hostium</strong></span> <span class='ocrx_word' id='word_1_734' title='bbox 2823 5171 2891 5226; x_wconf 83' lang='lat' dir='ltr'><strong>de</strong></span> <span class='ocrx_word' id='word_1_735' title='bbox 2933 5171 3188 5226; x_wconf 88' lang='lat' dir='ltr'><strong>societate</strong></span> <span class='ocrx_word' id='word_1_736' title='bbox 3214 5167 3459 5224; x_wconf 88' lang='lat' dir='ltr'><strong>coeunda</strong></span> <span class='ocrx_word' id='word_1_737' title='bbox 3509 5183 3633 5239; x_wconf 85' lang='lat' dir='ltr'><strong>per-</strong></span> 
     </span>
    </p>
   </div>
   <div class='ocr_carea' id='block_1_101' title="bbox 1508 5282 2513 5339">
    <p class='ocr_par' dir='ltr' id='par_1_101' title="bbox 1508 5282 2513 5339">
     <span class='ocr_line' id='line_1_101' title="bbox 1508 5282 2513 5339; baseline 0.003 -4"><span class='ocrx_word' id='word_1_738' title='bbox 1508 5282 1854 5336; x_wconf 75' lang='lat' dir='ltr'><strong>XYLANDRI</strong></span> <span class='ocrx_word' id='word_1_739' title='bbox 1900 5282 1984 5337; x_wconf 81' lang='grc' dir='ltr'><strong>ΕΤ</strong></span> <span class='ocrx_word' id='word_1_740' title='bbox 2025 5283 2236 5339; x_wconf 71' lang='lat' dir='ltr'><strong>GOARI</strong></span> <span class='ocrx_word' id='word_1_741' title='bbox 2281 5282 2513 5338; x_wconf 65' lang='lat' dir='ltr'><strong>NOTAE.</strong></span> 
     </span>
    </p>
   </div>
   <div class='ocr_carea' id='block_1_102' title="bbox 438 5375 1938 5445">
    <p class='ocr_par' dir='ltr' id='par_1_102' title="bbox 438 5375 1938 5445">
     <span class='ocr_line' id='line_1_102' title="bbox 438 5375 1938 5445; baseline 0 -18"><span class='ocrx_word' id='word_1_742' title='bbox 438 5377 565 5445; x_wconf 66' lang='grc'>’(12)</span> <span class='ocrx_word' id='word_1_743' title='bbox 593 5375 918 5443; x_wconf 79' lang='lat' dir='ltr'><strong>Temporum</strong></span> <span class='ocrx_word' id='word_1_744' title='bbox 946 5375 1258 5442; x_wconf 76' lang='lat' dir='ltr'><strong>supputatio</strong></span> <span class='ocrx_word' id='word_1_745' title='bbox 1282 5384 1337 5428; x_wconf 90' lang='lat' dir='ltr'><strong>et</strong></span> <span class='ocrx_word' id='word_1_746' title='bbox 1377 5376 1492 5429; x_wconf 67' lang='lat' dir='ltr'><strong>alia:</strong></span> <span class='ocrx_word' id='word_1_747' title='bbox 1530 5376 1774 5442; x_wconf 65' lang='lat' dir='ltr'><strong>quaedam</strong></span> <span class='ocrx_word' id='word_1_748' title='bbox 1806 5391 1938 5427; x_wconf 88' lang='lat' dir='ltr'><strong>con-</strong></span> 
     </span>
    </p>
   </div>
   <div class='ocr_carea' id='block_1_103' title="bbox 369 5445 1936 5514">
    <p class='ocr_par' dir='ltr' id='par_1_103' title="bbox 369 5445 1936 5514">
     <span class='ocr_line' id='line_1_103' title="bbox 369 5445 1936 5514; baseline -0.003 -13"><span class='ocrx_word' id='word_1_749' title='bbox 369 5449 599 5514; x_wconf 63' lang='lat' dir='ltr'><strong>jecturae</strong></span> <span class='ocrx_word' id='word_1_750' title='bbox 626 5461 709 5499; x_wconf 87' lang='lat' dir='ltr'><strong>me</strong></span> <span class='ocrx_word' id='word_1_751' title='bbox 742 5455 957 5498; x_wconf 77' lang='lat' dir='ltr'><strong>num-nt</strong></span> <span class='ocrx_word' id='word_1_752' title='bbox 989 5458 1046 5499; x_wconf 91' lang='lat' dir='ltr'><strong>ut</strong></span> <span class='ocrx_word' id='word_1_753' title='bbox 1077 5445 1219 5498; x_wconf 89' lang='lat' dir='ltr'><strong>hunc</strong></span> <span class='ocrx_word' id='word_1_754' title='bbox 1248 5448 1463 5498; x_wconf 85' lang='lat' dir='ltr'><strong>credam</strong></span> <span class='ocrx_word' id='word_1_755' title='bbox 1487 5460 1606 5498; x_wconf 86' lang='lat' dir='ltr'><strong>esse</strong></span> <span class='ocrx_word' id='word_1_756' title='bbox 1631 5461 1755 5498; x_wconf 87' lang='lat' dir='ltr'><strong>eum</strong></span> <span class='ocrx_word' id='word_1_757' title='bbox 1779 5462 1936 5514; x_wconf 87' lang='lat' dir='ltr'><strong>qucm</strong></span> 
     </span>
    </p>
   </div>
   <div class='ocr_carea' id='block_1_104' title="bbox 377 5514 1935 5583">
    <p class='ocr_par' dir='ltr' id='par_1_104' title="bbox 377 5514 1935 5583">
     <span class='ocr_line' id='line_1_104' title="bbox 377 5514 1935 5583; baseline -0.001 -14"><span class='ocrx_word' id='word_1_758' title='bbox 377 5517 623 5569; x_wconf 60' lang='lat' dir='ltr'><strong>historici</strong></span> <span class='ocrx_word' id='word_1_759' title='bbox 657 5515 827 5567; x_wconf 80' lang='lat' dir='ltr'><strong>nostri</strong></span> <span class='ocrx_word' id='word_1_760' title='bbox 860 5515 1201 5582; x_wconf 71' lang='lat' dir='ltr'><strong>ltudolphum</strong></span> <span class='ocrx_word' id='word_1_761' title='bbox 1244 5523 1458 5574; x_wconf 88' lang='lat' dir='ltr'><strong>vocant,</strong></span> <span class='ocrx_word' id='word_1_762' title='bbox 1495 5514 1816 5583; x_wconf 69' lang='lat' dir='ltr'><strong>Burgundiaa</strong></span> <span class='ocrx_word' id='word_1_763' title='bbox 1850 5530 1935 5567; x_wconf 90' lang='lat' dir='ltr'><strong>re-</strong></span> 
     </span>
    </p>
   </div>
   <div class='ocr_carea' id='block_1_105' title="bbox 373 5583 1936 5654">
    <p class='ocr_par' dir='ltr' id='par_1_105' title="bbox 373 5583 1936 5654">
     <span class='ocr_line' id='line_1_105' title="bbox 373 5583 1936 5654; baseline 0.001 -19"><span class='ocrx_word' id='word_1_764' title='bbox 373 5605 520 5652; x_wconf 57' lang='grc' dir='ltr'>μυιιι.</span> <span class='ocrx_word' id='word_1_765' title='bbox 562 5595 613 5638; x_wconf 84' lang='lat' dir='ltr'><strong>et</strong></span> <span class='ocrx_word' id='word_1_766' title='bbox 672 5583 834 5638; x_wconf 65' lang='lat' dir='ltr'><strong>italia:</strong></span> <span class='ocrx_word' id='word_1_767' title='bbox 880 5597 1062 5638; x_wconf 86' lang='lat' dir='ltr'><strong>contra</strong></span> <span class='ocrx_word' id='word_1_768' title='bbox 1111 5584 1512 5654; x_wconf 66' lang='lat' dir='ltr'><strong>Berengarium.</strong></span> <span class='ocrx_word' id='word_1_769' title='bbox 1564 5584 1685 5636; x_wconf 70' lang='lat' dir='ltr'><strong>llaec</strong></span> <span class='ocrx_word' id='word_1_770' title='bbox 1729 5594 1782 5636; x_wconf 89' lang='lat' dir='ltr'><strong>et</strong></span> <span class='ocrx_word' id='word_1_771' title='bbox 1832 5585 1936 5637; x_wconf 79' lang='lat' dir='ltr'><strong>alia</strong></span> 
     </span>
    </p>
   </div>
   <div class='ocr_carea' id='block_1_106' title="bbox 373 5654 1938 5721">
    <p class='ocr_par' dir='ltr' id='par_1_106' title="bbox 373 5654 1938 5721">
     <span class='ocr_line' id='line_1_106' title="bbox 373 5654 1938 5721; baseline -0.001 -13"><span class='ocrx_word' id='word_1_772' title='bbox 373 5656 544 5708; x_wconf 69' lang='lat' dir='ltr'><strong>multa</strong></span> <span class='ocrx_word' id='word_1_773' title='bbox 593 5655 731 5707; x_wconf 87' lang='lat' dir='ltr'><strong>haud</strong></span> <span class='ocrx_word' id='word_1_774' title='bbox 768 5663 968 5706; x_wconf 88' lang='lat' dir='ltr'><strong>temere</strong></span> <span class='ocrx_word' id='word_1_775' title='bbox 1011 5655 1152 5721; x_wconf 82' lang='lat' dir='ltr'><strong>apud</strong></span> <span class='ocrx_word' id='word_1_776' title='bbox 1192 5656 1324 5707; x_wconf 82' lang='lat' dir='ltr'><strong>alios</strong></span> <span class='ocrx_word' id='word_1_777' title='bbox 1372 5654 1664 5721; x_wconf 85' lang='lat' dir='ltr'><strong>scriptores</strong></span> <span class='ocrx_word' id='word_1_778' title='bbox 1714 5654 1938 5707; x_wconf 88' lang='lat' dir='ltr'><strong>invene-</strong></span> 
     </span>
    </p>
   </div>
   <div class='ocr_carea' id='block_1_107' title="bbox 375 5723 1937 5792">
    <p class='ocr_par' dir='ltr' id='par_1_107' title="bbox 375 5723 1937 5792">
     <span class='ocr_line' id='line_1_107' title="bbox 375 5723 1937 5792; baseline 0.002 -19"><span class='ocrx_word' id='word_1_779' title='bbox 375 5730 479 5777; x_wconf 64' lang='lat' dir='ltr'><strong>ris.</strong></span> <span class='ocrx_word' id='word_1_780' title='bbox 512 5724 632 5777; x_wconf 76' lang='grc' dir='ltr'><strong>Χιί..</strong></span> <span class='ocrx_word' id='word_1_781' title='bbox 664 5755 730 5764; x_wconf 90' lang='lat'><strong>-—-</strong></span> <span class='ocrx_word' id='word_1_782' title='bbox 765 5723 1085 5790; x_wconf 69' lang='grc' dir='ltr'>Πανδούλιριςι</span> <span class='ocrx_word' id='word_1_783' title='bbox 1120 5723 1294 5790; x_wconf 86' lang='lat' dir='ltr'><strong>potius</strong></span> <span class='ocrx_word' id='word_1_784' title='bbox 1332 5723 1604 5776; x_wconf 80' lang='lat' dir='ltr'><strong>crederem</strong></span> <span class='ocrx_word' id='word_1_785' title='bbox 1633 5725 1937 5792; x_wconf 69' lang='lat' dir='ltr'><strong>legendum,</strong></span> 
     </span>
    </p>
   </div>
   <div class='ocr_carea' id='block_1_108' title="bbox 373 5793 1937 5861">
    <p class='ocr_par' dir='ltr' id='par_1_108' title="bbox 373 5793 1937 5861">
     <span class='ocr_line' id='line_1_108' title="bbox 373 5793 1937 5861; baseline -0.001 -15"><span class='ocrx_word' id='word_1_786' title='bbox 373 5795 601 5847; x_wconf 76' lang='lat' dir='ltr'><strong>nomine</strong></span> <span class='ocrx_word' id='word_1_787' title='bbox 637 5794 845 5848; x_wconf 66' lang='lat' dir='ltr'><strong>Latinis</strong></span> <span class='ocrx_word' id='word_1_788' title='bbox 877 5793 1171 5848; x_wconf 74' lang='lat' dir='ltr'><strong>usitatiore.</strong></span> <span class='ocrx_word' id='word_1_789' title='bbox 1206 5796 1731 5861; x_wconf 69' lang='lat' dir='ltr'><strong>Contrinporaneum</strong></span> <span class='ocrx_word' id='word_1_790' title='bbox 1759 5805 1937 5847; x_wconf 66' lang='lat' dir='ltr'><strong>autem</strong></span> 
     </span>
    </p>
   </div>
   <div class='ocr_carea' id='block_1_109' title="bbox 2045 5373 3624 5443">
    <p class='ocr_par' dir='ltr' id='par_1_109' title="bbox 2045 5373 3624 5443">
     <span class='ocr_line' id='line_1_109' title="bbox 2045 5373 3624 5443; baseline -0.001 -17"><span class='ocrx_word' id='word_1_791' title='bbox 2045 5376 2400 5430; x_wconf 82' lang='lat' dir='ltr'><strong>Constantino</strong></span> <span class='ocrx_word' id='word_1_792' title='bbox 2422 5385 2634 5436; x_wconf 87' lang='lat' dir='ltr'><strong>octavo,</strong></span> <span class='ocrx_word' id='word_1_793' title='bbox 2659 5375 2965 5443; x_wconf 82' lang='lat' dir='ltr'><strong>Nicephoro</strong></span> <span class='ocrx_word' id='word_1_794' title='bbox 2984 5375 3105 5428; x_wconf 87' lang='lat' dir='ltr'><strong>huic</strong></span> <span class='ocrx_word' id='word_1_795' title='bbox 3131 5375 3323 5430; x_wconf 71' lang='lat' dir='ltr'><strong>Phocre</strong></span> <span class='ocrx_word' id='word_1_796' title='bbox 3345 5384 3400 5429; x_wconf 91' lang='lat' dir='ltr'><strong>et</strong></span> <span class='ocrx_word' id='word_1_797' title='bbox 3429 5373 3624 5443; x_wconf 57' lang='grc' dir='ltr'>ἰοειρηί</span> 
     </span>
    </p>
   </div>
   <div class='ocr_carea' id='block_1_110' title="bbox 2049 5440 3625 5513">
    <p class='ocr_par' dir='ltr' id='par_1_110' title="bbox 2049 5440 3625 5513">
     <span class='ocr_line' id='line_1_110' title="bbox 2049 5440 3625 5513; baseline -0.001 -16"><span class='ocrx_word' id='word_1_798' title='bbox 2049 5445 2265 5499; x_wconf 81' lang='lat' dir='ltr'><strong>Zimisci</strong></span> <span class='ocrx_word' id='word_1_799' title='bbox 2310 5445 2610 5498; x_wconf 82' lang='lat' dir='ltr'><strong>successori</strong></span> <span class='ocrx_word' id='word_1_800' title='bbox 2644 5440 3047 5512; x_wconf 81' lang='lat' dir='ltr'><strong>Pandulphum.</strong></span> <span class='ocrx_word' id='word_1_801' title='bbox 3077 5445 3396 5513; x_wconf 82' lang='lat' dir='ltr'><strong>Capuanum</strong></span> <span class='ocrx_word' id='word_1_802' title='bbox 3440 5451 3494 5496; x_wconf 88' lang='lat' dir='ltr'><strong>et</strong></span> <span class='ocrx_word' id='word_1_803' title='bbox 3525 5440 3625 5513; x_wconf 82' lang='lat' dir='ltr'><strong>Be—</strong></span> 
     </span>
    </p>
   </div>
   <div class='ocr_carea' id='block_1_111' title="bbox 2049 5512 3620 5582">
    <p class='ocr_par' dir='ltr' id='par_1_111' title="bbox 2049 5512 3620 5582">
     <span class='ocr_line' id='line_1_111' title="bbox 2049 5512 3620 5582; baseline -0.001 -16"><span class='ocrx_word' id='word_1_804' title='bbox 2049 5522 2410 5568; x_wconf 78' lang='lat' dir='ltr'><strong>neventanum</strong></span> <span class='ocrx_word' id='word_1_805' title='bbox 2437 5514 2761 5582; x_wconf 89' lang='lat' dir='ltr'><strong>principem,</strong></span> <span class='ocrx_word' id='word_1_806' title='bbox 2794 5515 2934 5582; x_wconf 80' lang='grc' dir='ltr'><strong>ρῆγο</strong></span> <span class='ocrx_word' id='word_1_807' title='bbox 2991 5515 3384 5581; x_wconf 78' lang='grc' dir='ltr'>Λογγιϐαρδίας</span> <span class='ocrx_word' id='word_1_808' title='bbox 3415 5514 3514 5566; x_wconf 84' lang='lat' dir='ltr'><strong>hac</strong></span> <span class='ocrx_word' id='word_1_809' title='bbox 3553 5512 3620 5565; x_wconf 85' lang='lat' dir='ltr'><strong>de</strong></span> 
     </span>
    </p>
   </div>
   <div class='ocr_carea' id='block_1_112' title="bbox 2047 5583 3618 5646">
    <p class='ocr_par' dir='ltr' id='par_1_112' title="bbox 2047 5583 3618 5646">
     <span class='ocr_line' id='line_1_112' title="bbox 2047 5583 3618 5646; baseline -0.004 -8"><span class='ocrx_word' id='word_1_810' title='bbox 2047 5600 2212 5638; x_wconf 87' lang='lat' dir='ltr'><strong>causa</strong></span> <span class='ocrx_word' id='word_1_811' title='bbox 2261 5593 2512 5636; x_wconf 89' lang='lat' dir='ltr'><strong>vocatum</strong></span> <span class='ocrx_word' id='word_1_812' title='bbox 2543 5583 2611 5637; x_wconf 79' lang='lat' dir='ltr'><strong>ab</strong></span> <span class='ocrx_word' id='word_1_813' title='bbox 2663 5594 2908 5646; x_wconf 86' lang='lat' dir='ltr'><strong>auctore,</strong></span> <span class='ocrx_word' id='word_1_814' title='bbox 2956 5583 3095 5636; x_wconf 80' lang='lat' dir='ltr'><strong>bella</strong></span> <span class='ocrx_word' id='word_1_815' title='bbox 3147 5585 3442 5637; x_wconf 85' lang='lat' dir='ltr'><strong>etiamnum</strong></span> <span class='ocrx_word' id='word_1_816' title='bbox 3494 5595 3618 5633; x_wconf 90' lang='lat' dir='ltr'><strong>cum</strong></span> 
     </span>
    </p>
   </div>
   <div class='ocr_carea' id='block_1_113' title="bbox 2047 5649 3619 5722">
    <p class='ocr_par' dir='ltr' id='par_1_113' title="bbox 2047 5649 3619 5722">
     <span class='ocr_line' id='line_1_113' title="bbox 2047 5649 3619 5722; baseline -0.026 9"><span class='ocrx_word' id='word_1_817' title='bbox 2047 5654 2249 5707; x_wconf 46' lang='lat' dir='ltr'><strong>“rw-eis</strong></span> <span class='ocrx_word' id='word_1_818' title='bbox 2277 5662 2557 5722; x_wconf 67' lang='grc' dir='ltr'><strong>ἕθτεηιθιῐι</strong></span> <span class='ocrx_word' id='word_1_819' title='bbox 2618 5661 2883 5706; x_wconf 78' lang='lat' dir='ltr'><strong>memorat</strong></span> <span class='ocrx_word' id='word_1_820' title='bbox 2933 5653 3199 5706; x_wconf 82' lang='lat' dir='ltr'><strong>Baroniu-s</strong></span> <span class='ocrx_word' id='word_1_821' title='bbox 3242 5653 3400 5705; x_wconf 73' lang='lat' dir='ltr'><strong>annis</strong></span> <span class='ocrx_word' id='word_1_822' title='bbox 3429 5649 3528 5702; x_wconf 76' lang='lat'><strong>957</strong></span> <span class='ocrx_word' id='word_1_823' title='bbox 3564 5659 3619 5701; x_wconf 74' lang='grc' dir='ltr'><strong>ει</strong></span> 
     </span>
    </p>
   </div>
   <div class='ocr_carea' id='block_1_114' title="bbox 2049 5722 3614 5792">
    <p class='ocr_par' dir='ltr' id='par_1_114' title="bbox 2049 5722 3614 5792">
     <span class='ocr_line' id='line_1_114' title="bbox 2049 5722 3614 5792; baseline -0.003 -15"><span class='ocrx_word' id='word_1_824' title='bbox 2049 5724 2150 5777; x_wconf 77' lang='lat'><strong>968</strong></span> <span class='ocrx_word' id='word_1_825' title='bbox 2168 5739 2241 5775; x_wconf 75' lang='lat' dir='ltr'><strong>ex</strong></span> <span class='ocrx_word' id='word_1_826' title='bbox 2275 5722 2549 5792; x_wconf 69' lang='lat' dir='ltr'><strong>Chronico</strong></span> <span class='ocrx_word' id='word_1_827' title='bbox 2589 5722 3069 5792; x_wconf 72' lang='lat' dir='ltr'><strong>Longobardorum</strong></span> <span class='ocrx_word' id='word_1_828' title='bbox 3106 5722 3614 5776; x_wconf 76' lang='lat' dir='ltr'><strong>Beneventanorum</strong></span> 
     </span>
    </p>
   </div>
   <div class='ocr_carea' id='block_1_115' title="bbox 2050 5790 2566 5863">
    <p class='ocr_par' dir='ltr' id='par_1_115' title="bbox 2050 5790 2566 5863">
     <span class='ocr_line' id='line_1_115' title="bbox 2050 5790 2566 5863; baseline 0.006 -21"><span class='ocrx_word' id='word_1_829' title='bbox 2050 5792 2370 5863; x_wconf 67' lang='lat' dir='ltr'><strong>principum</strong></span> <span class='ocrx_word' id='word_1_830' title='bbox 2399 5790 2566 5846; x_wconf 57' lang='lat' dir='ltr'><strong>Cosa.</strong></span> 
     </span>
    </p>
   </div>
  </div>
