4410 6452
725 353 789 416 91
1984 362 2307 427 GEORGII
2351 365 2681 430 CEDRENI
3914 369 3981 431 92

725 473 981 544 cepisset,
1003 490 1066 529 ac
1085 473 1426 546 intelligeret,
1446 478 1555 534 siid
1574 481 1913 539 succederet.
1937 498 2190 547 maguum
2218 500 2304 537 re-
2336 493 2382 549 Α
2409 505 2466 539 13

2245 500 2304 537 e—
2336 493 2382 549 Α
2409 505 2500 541 ται
2574 489 2710 556 μετά
2766 488 2872 539 τῶν
2942 490 3292 558 Σαρακηνῶν.
3338 489 3445 552 Οὓς
3477 489 3599 543 ίδὼν
3650 492 3678 542 ό
3735 489 3980 561 βασιλεὺς

732 570 836 623 bus
863 568 978 623 suis
1006 569 1292 623 imminere
1322 571 1647 639 perieulum,
1671 573 2006 627 existimavit
2028 576 2130 629 sibi
2150 576 2309 628 Sara-

728 681 897 722 cenos
924 664 1321 734 magniﬁcentia
1347 665 1693 720 etbeneﬂciis
1714 667 1781 719 ab
1802 684 1865 719 eo
1886 668 2307 739 instiluto357

729 773 851 814 esse
872 757 1259 812 detrahendos.
1288 757 1425 828 Ergo
1453 758 1593 811 datis
1629 757 1681 811 in
1717 760 2019 814 custodiam
2045 760 2306 830 Bulgaris,

731 849 1038 905 Saracenos
1086 848 1388 918 splendidis
1439 847 1599 900 donis
1651 848 1832 911 allicit,
1897 850 2185 918 missisque
2215 866 2311 919 per

726 957 823 998 eos
852 945 1016 996 etiam
1038 941 1277 1009 ipsorum
1310 928 1539 1008 principi
1591 939 1767 993 xeniis
1837 940 2034 993 illmsos
2064 940 2306 1004 dimittit,

724 1036 989 1105 iubetque
1022 1048 1117 1087 eos
1139 1030 1360 1087 domino
1400 1046 1501 1085 suo
1532 1032 1733 1091 dicere.
1781 1032 1882 1085 hoc
1918 1032 2081 1085 modo
2131 1032 2306 1102 impe-

728 1142 940 1184 ratores
976 1126 1250 1180 Romanos
1284 1125 1398 1180 suis
1423 1126 1673 1179 hostibus
1704 1124 1851 1193 paria
1884 1124 2128 1191 referre;
2158 1135 2212 1179 et
2242 1126 2311 1180 de

727 1236 909 1275 annua
943 1218 1205 1290 pensione
1231 1232 1291 1273 se
1318 1225 1565 1281 excusat,
1617 1216 1930 1271 dilationem
1991 1219 2109 1287 ejus
2163 1219 2306 1273 atlir-

727 1330 886 1369 mans
911 1329 1022 1367 non
1073 1314 1255 1368 studio
1284 1313 1377 1369 sed
1404 1312 1473 1366 ob
1533 1309 1800 1365 tumultus
1863 1320 1994 1365 tunc
2061 1311 2127 1365 iis
2178 1311 2311 1366 locis

728 1418 881 1463 ortos
912 1406 1129 1462 factam.
1168 1405 1388 1460 ﬂeversi
1423 1403 1487 1457 ad
1524 1419 1682 1457 suum
1714 1404 2017 1473 principem
2052 1404 2309 1459 Saraceni

728 1506 1008 1568 exponunt
1042 1506 1101 1551 ut
1140 1513 1167 1550 a
1240 1497 1482 1550 Romano
1541 1495 1743 1549 iuerint
1799 1494 2033 1559 tractati,
2084 1496 2311 1564 ejusque

729 1590 1021 1659 praedicata
1073 1589 1398 1642 liberalitate
1424 1589 1563 1642 dona
1597 1587 1664 1639 ab
1707 1602 1773 1639 eo
1836 1587 1998 1639 missa
2048 1585 2305 1641 oﬂ‘erunt.

731 1677 860 1743 Quae
891 1678 1074 1733 omnia
1103 1679 1174 1732 ita
1208 1678 1428 1732 fuerunt
1458 1678 1742 1731 Phatlumo
1795 1686 1964 1744 grata,
2023 1686 2082 1731 ut
2125 1678 2307 1732 tributi

730 1770 1015 1823 semissem
1050 1768 1311 1822 Romanis
1346 1767 1665 1832 dimitteret,
1707 1764 1812 1819 hoc
1845 1760 1946 1831 est,
1981 1768 2047 1821 de
2074 1768 2145 1821 2‘2
2185 1768 2309 1821 mil-

731 1861 873 1913 libus
904 1859 1158 1913 undecim
1188 1857 1554 1911 abscinderet.
1590 1855 1646 1911 Id
1678 1857 1866 1909 tributi
1900 1854 2193 1910 Saracenis
2240 1870 2305 1909 ex
2344 1837 2385 1891 Β

731 1966 797 2003 eo
830 1960 1073 2018 tempore
1101 1964 1273 2015 usque
1301 1949 1366 2001 ad
1400 1947 1685 2015 Nicepliori
1709 1948 2136 2015 designationem
2181 1962 2305 2016 per-

731 2046 969 2098 solutum
1012 2043 1131 2095 l'uit.
1165 2039 1389 2106 Quoties
1420 2040 1471 2090 in
1522 2039 1812 2111 provinciis
1870 2039 2102 2105 praefecti
2158 2038 2308 2092 liuere

730 2134 992 2189 moderati
1032 2143 1193 2201 atque
1244 2132 1397 2198 justi,
1434 2130 1630 2184 subditi
1691 2145 1910 2199 quoque
1957 2131 2305 2198 tranquillam

732 2234 963 2298 egerunt
987 2226 1175 2288 vitam,
1205 2234 1259 2278 et
1294 2224 1579 2279 Saracenis
1602 2223 1811 2291 placide
1843 2223 2304 2277 estsatisl‘actum.

732 2320 867 2373 Cum
892 2334 1017 2372 vero
1038 2318 1222 2385 injusti
1243 2302 1457 2371 eta'vari
1488 2315 1725 2385 prtel'ecti
1745 2324 1925 2369 essent
1958 2316 2252 2378 interdum,
2275 2315 2309 2368 ii

733 2420 788 2463 et
818 2409 1063 2463 subditos
1107 2410 1368 2462 vexabant
1391 2415 1443 2461 et
1467 2422 1652 2476 pacem
1673 2422 1794 2460 cum
1815 2406 2308 2459 Saracenisitiiumt

735 2502 1154 2555 labefactabant.
1202 2499 1445 2567 Namque
1492 2500 1655 2553 etiam
1698 2499 1799 2552 sub
1846 2498 2312 2567 Porpbyrogenito

733 2595 952 2649 Crenita
992 2594 1232 2649 Clialdia:
1276 2594 1325 2644 in
1380 2592 1627 2646 Calabria
1679 2590 1968 2660 praefectus
2014 2588 2314 2643 Saracenos

736 2688 1021 2741 Africanos
1065 2703 1127 2738 ac.
1185 2685 1520 2746 Sicilienses,
1554 2683 1753 2752 quibus
1821 2682 1890 2735 ob
1919 2682 2202 2751 penuriam
2262 2691 2316 2736 et

736 2781 939 2833 bellum
969 2794 995 2831 a
1020 2778 1423 2848 Cyrenensibus
1450 2775 1739 2829 Saracenis
1782 2774 1991 2827 illatum
2064 2784 2308 2828 extrema

737 2871 1118 2927 imminebant.
1167 2869 1393 2922 avaritia
1443 2867 1609 2937 358
1659 2868 1855 2921 ductus
1904 2866 2229 2927 sublevavit,
2264 2875 2318 2920 et

734 2964 983 3017 subditos
1011 2978 1116 3015 non
1150 2961 1344 3014 leviter
1378 2961 1610 3013 vexavit.
1641 2957 1772 3012 Nam
1838 2958 1929 3011 vili
1966 2958 2142 3026 pretio
2193 2972 2316 3010 coe-

736 3072 889 3108 tuens
923 3071 1040 3122 qmc
1073 3054 1135 3106 ad
1167 3053 1329 3107 vitam
1364 3050 1735 3105 sustinendam
1771 3058 1927 3105 erant
1988 3050 2313 3111 necessaria,

2416 578 2723 648 (Ῥωμανὸς
2756 580 2813 632 δὲ
2854 576 2922 652 ἦν
2973 582 3001 633 ὁ
3043 580 3272 652 γέρων),
3320 583 3416 635 καὶ
3454 582 3552 653 τὴν
3593 580 3984 652 κοινοπραγίαν

2414 673 2601 742 μαθὼν
2618 673 2881 743 ἀκριϐῶς,
2917 675 3010 728 καὶ
3042 673 3117 738 ὡς
3149 676 3197 728 εί
3240 674 3397 728 τοῦτο
3440 675 3666 743 γένηται
3718 676 3986 740 κατανοὴ-

2414 783 2533 829 σας,
2558 767 2618 819 οὐ
2657 768 2878 837 μικραῖς
2914 767 3191 838 φροντίσιν
3238 768 3615 832 ὑποπεσείται,
3676 766 3783 819 δεῖν
3829 765 3982 835 ᾠήθη

2416 863 2867 933 μεγαλοφροσύνῃ
2920 867 3014 917 καὶ
3090 864 3384 935 εὐεργεσίᾳ
3431 864 3559 925 τοὺς
3636 862 3986 932 Σαρακηνοὶθς

2412 955 2755 1025 ἀναχαιτίσαι
2816 956 2914 1027 τῆς
2957 956 3239 1028 παρούσης
3293 956 3490 1028 ὁρμῆς.
3540 954 3624 1026 [Ρ.
3673 952 3799 1025 652]
3847 953 3986 1013 Τοὺς

2416 1048 2514 1116 μὲν
2544 1046 2637 1102 οὖν
2668 1048 3014 1116 Βουλγάρους
3062 1046 3217 1100 ἔθετο
3252 1049 3310 1100 ὲν
3375 1048 3615 1115 φυλακῇ,
3677 1044 3871 1115 δώροις
3928 1042 3986 1094 δὲ

2411 1140 2537 1201 τοὺς
2605 1140 2957 1210 Σαρακηνοὺς
3001 1140 3184 1211 ἀδροϊς
3234 1140 3753 1210 φιλοτιμησάμενος,
3806 1138 3883 1189 ετι
3932 1134 3987 1187 δὲ

2414 1234 2507 1288 καὶ⁹
2539 1232 2689 1299 ξένια
2740 1235 2817 1303 τῷ
2866 1234 3046 1289 αὐτῶν
3097 1234 3384 1304 ἐκπέμψας
3417 1232 3653 1301 δεσπότῃ
3692 1228 3984 1296 πολύτιμα.

2414 1325 2647 1389 ἀπαθεῖς
2712 1329 2898 1379 κακῶν
2974 1325 3346 1391 ἐξαπέστειλε.
3409 1325 3638 1394 φράζειν
3701 1322 3869 1377 εἰπὼν
3910 1321 3989 1392 τῷ

2414 1418 2591 1488 κυρίῳ
2631 1418 2811 1472 αὐτῶν
2834 1418 2909 1482 ὡς
2944 1417 3117 1479 οὕτως
3149 1418 3399 1487 ἀμείϐειν
3424 1417 3627 1469 οἴδασιν
3671 1418 3718 1468 οί
3744 1414 3989 1484 βασιλεῖς

2428 1509 2719 1579 Ῥωμαίων
2748 1512 2874 1574 τοὺς
2911 1511 3121 1564 ἑαυτῶν
3152 1511 3468 1579 πολεμίους.
3518 1509 3905 1577 Ἀπελογίσατο
3934 1507 3989 1560 δὲ

2415 1602 2510 1653 καὶ
2550 1603 2681 1671 περὶ
2722 1603 2820 1669 τῆς
2870 1602 3087 1670 ὲτησίου
3148 1596 3541 1670 δασμοφορίας,
3588 1601 3663 1661 ὼς
3721 1600 3820 1651 οὐκ
3857 1600 3985 1651 ἀνα-

2417 1688 2547 1760 δολῇ
2576 1690 2734 1744 10610
2764 1692 2861 1744 καὶ
2904 1691 3196 1761 ὑπερθέσει
3243 1692 3562 1759 ὑστέρησεν,
3605 1690 3743 1745 ἀλλὰ
3782 1690 3870 1741 διὰ
3894 1689 3991 1758 τὴν

2415 1781 2821 1853 ἐπικρατοῦσαν
2850 1782 3151 1854 τηνικαῦτα
3180 1784 3320 1836 κατά
3372 1785 3464 1837 τὸν
3515 1785 3680 1836 τόπον
3721 1786 3989 1852 ταραχήν.

2427 1874 2955 1944 Ἐπαναδραμόντων
3014 1874 3109 1927 οὖν
3153 1875 3290 1944 πρὸς
3344 1875 3435 1928 τὸν
3483 1876 3683 1927 οἰκεῖον
3720 1874 3991 1943 δυνάστην

2412 1965 2520 2019 τῶν
2552 1966 2906 2035 Σαρακηνῶν,
2940 1968 3032 2019 καὶ
3063 1966 3174 2020 ἅτε
3218 1968 3440 2021 πάθοιεν
3491 1969 3626 2037 πρὸς
3694 1968 3787 2021 τοῦ
3839 1968 3991 2037 βασι-

2408 2057 2546 2120 λέως
2592 2057 3012 2125 διηγησαμένων
3060 2058 3156 2109 καλ¹
3200 2060 3298 2120 τὰς
3350 2060 3430 2120 είς
3476 2060 3675 2121 αὐτοὺς
3704 2058 3990 2128 ,φιλοφρο-

2412 2148 2573 2209 σύνας
2637 2148 3083 2218 ἐξυμνησάντων,
3124 2148 3542 2202 ἀποδεδωκὸτων
3600 2149 3655 2201 δὲ
3698 2152 3791 2202 καὶ
3850 2152 3991 2221 ἆπερ

2415 2243 2683 2310 ἐπήγοντο
2706 2241 2847 2311 πρὸς
2886 2244 3090 2295 ἐκεῖνον
3123 2242 3290 2312 δῶρα,
3332 2241 3519 2311 ἡσθεὶς
3543 2243 3571 2294 ὁ
3615 2243 3868 2311 Φατλοὺμ
3900 2244 3993 2296 ἐπὶ

2410 2336 2573 2387 πᾶσιν
2601 2329 2680 2395 οἷς
2716 2334 2932 2403 ἤκουσε,
2967 2334 3073 2387 τῶν
3107 2351 3163 2386 τε
3192 2335 3556 2403 ὀφειλομένων
3604 2334 3753 2406 αὐτῷ
3812 2336 3991 2403 φόρων

2411 2426 2476 2476 τὰ
2507 2426 2677 2492 ἡμίση
2715 2425 3007 2493 Ῥωμαίοις
3040 2426 3332 2496 ἐχαρίσατο
3375 2428 3469 2479 καὶ
3500 2426 3606 2479 ἀπὸ
3662 2426 3769 2477 τῶν
3820 2426 3991 2478 εἴκοσι

2414 2520 2506 2571 καὶ
2561 2517 2651 2569 δύο
2695 2518 2950 2584 χιλιάδων
3000 2520 3099 2581 τὰς
3146 2518 3338 2571 ἕνδεκα
3375 2519 3693 2587 ὲκκέκοφεν.
3738 2519 3993 2571 Ἐδίὸοντο

2413 2602 2503 2657 οὖν
2531 2605 2586 2666 ἐξ
2613 2606 2818 2657 ἐκείνου
2858 2607 3016 2675 μέχρι
3046 2606 3146 2675 τῆς
3176 2606 3267 2658 τοῦ
3297 2607 3612 2677 Νικηφόρον
3635 2609 3990 2678 ἀναρρήσεως

2414 2697 2524 2755 τοῖς
2558 2695 2891 2764 Σαρακηνοίς
2925 2696 3117 2750 ταῦτα.
3204 2696 3365 2750 Ἀλλά
3420 2697 3841 2767 σωφρονούντων
3896 2698 3992 2764 μὲν

2423 2786 2702 2852 ἀρχόντων
2738 2787 2831 2837 καὶ
2890 2785 3114 2838 δικαίων
3157 2788 3275 2848 ταῖς
3333 2785 3540 2856 χώραις
3596 2787 3991 2855 τυγχανόντων,

2417 2877 2566 2928 αὐτοί
2592 2895 2647 2928 τε
2681 2876 2731 2925 oi
2760 2878 3051 2947 ἀρχόμενοι
3079 2877 3281 2929 ἄλυπον
3309 2874 3443 2947 ἦγον
3494 2878 3602 2947 βίον
3666 2880 3759 2930 καὶ
3822 2877 3987 2946 ζωὴν,

2418 2970 2511 3020 καὶ
2543 2970 2569 3017 ό
2596 2968 2801 3037 δασμὸς
2850 2969 3129 3022 ἀπεδίδοτο
3162 2974 3274 3032 τοῖς
3310 2971 3649 3041 Σαρακηνοῖς
3701 2971 3991 3041 ἀπραγμό-

2422 3078 2546 3119 νως.
2594 3058 2862 3128 Ὀπηνίκα
2912 3060 2956 3111 δ’
2987 3063 3018 3131 ἡ
3053 3061 3193 3132 ἀρχὴ
3236 3062 3437 3125 ἀδίκοις
3496 3064 3587 3114 καὶ
3642 3062 3993 3125 πλεονέκταις

734 3166 929 3217 magno
968 3164 1028 3199 ea
1061 3147 1347 3199 Saracenis
1380 3145 1643 3207 vendidit,
1676 3145 1768 3213 qui
1798 3146 1939 3213 quod
1975 3159 2109 3196 auro
2141 3144 2314 3196 abtm-
2348 3190 2388 3243 ε

2254 3158 2314 3195 Π·
2348 3190 2388 3243 C
2426 3154 2815 3218 ἑνεπιστεύετο,
2849 3156 2942 3208 καὶ
2979 3156 3033 3206 το
3053 3157 3291 3223 ὑπήκοον
3310 3155 3623 3219 ἐκακοῦντο,
3654 3157 3747 3207 καὶ
3774 3158 3825 3207 αἱ
3862 3156 3995 3224 πρὸς

733 3244 934 3295 dabant
965 3251 1018 3293 et
1049 3242 1188 3293 fame
1222 3241 1470 3309 belloque
1492 3249 1900 3309 premerentur,
1936 3240 2169 3293 libenter
2198 3256 2314 3308 pre-

733 3337 867 3389 tium
896 3336 1125 3402 quodvis
1168 3333 1573 3399 persolvebant.
1601 3331 1803 3386 Verum
1836 3332 1965 3386 huic
2031 3333 2267 3387 Crenitae
2291 3350 2318 3385 ιι

733 3428 1096 3479 Constantino
1147 3425 1443 3494 imperium
1510 3425 1829 3495 abrogatum
1883 3436 1985 3488 est,
2036 3425 2321 3494 eidemque

733 3519 962 3589 pecunia
1005 3518 1257 3585 adempta
1297 3527 1400 3579 est,
1432 3525 1486 3570 et
1538 3532 1661 3570 cum
1724 3518 1990 3572 dedecore
2034 3519 2323 3571 consenuit

734 3621 896 3676 atque
914 3609 1056 3663 diem
1078 3624 1233 3661 suum
1255 3608 1406 3662 obiit.
1429 3607 1627 3662 Eodem
1646 3609 1784 3661 bello
1804 3608 2027 3661 Romani
2045 3609 2296 3677 Cartltagi
2312 3639 2325 3647 ›

736 3714 933 3753 κιαηειις
955 3698 1208 3766 perfugas
1235 3706 1619 3764 susceperunt,
1646 3713 1783 3765 quos
1803 3712 1975 3765 neque
2002 3711 2322 3764 repnposee-

735 3802 859 3844 runt
880 3792 1372 3859 Carthaginienses;
1404 3800 1459 3843 et
1496 3791 1755 3841 tributum
1792 3796 2049 3857 prteterea
2070 3802 2177 3839 non
2200 3802 2325 3839 exe—

736 3895 923 3952 gerunt
944 3884 1180 3946 Solitum,
1203 3881 1354 3934 veriti
1389 3895 1457 3932 ne
1484 3880 1704 3932 oll‘ensis
1745 3877 2001 3931 Romanis
2022 3887 2075 3929 et
2096 3877 2323 3929 alimen-

738 3986 913 4029 toruzn
942 3976 1305 4044 parandarum
1329 3974 1636 4027 facultatem
1662 3972 2025 4025 adimentibus
2061 3970 2203 4023 fame
2228 3986 2321 4047 pe-

737 4067 1078 4119 riclitandum
1108 4074 1269 4119 esset.
1302 4063 1428 4117 Post
1458 4065 1599 4118 bello
1625 4062 1873 4117 confecto
1896 4070 1945 4115 el
1980 4062 2235 4129 perfugas
2268 4070 2321 4115 et

738 4158 997 4211 tributum
1023 4158 1460 4226 requisiverunt;
1490 4164 1540 4208 et
1571 4156 1841 4223 repulsam
1875 4155 2017 4223 passi
2045 4169 2319 4221 pacemn-

737 4250 856 4302 fnsa
890 4250 1183 4302 identidem
1214 4248 1516 4301 Calabriam
1556 4246 1729 4301 classe
1773 4246 2190 4300 inl’eslaverunt.
2218 4246 2320 4315 lgi-

740 4349 826 4390 tur
846 4337 1240 4391 Constantinus
1274 4351 1406 4400 non,
1444 4345 1672 4391 utsocer
1708 4337 1878 4405 ipsius
1914 4337 2135 4398 iecerat,
2168 4336 2324 4389 Sara-

739 4446 906 4485 cenos
929 4431 1161 4483 delinire
1199 4440 1253 4483 et
1283 4445 1469 4498 pacem
1490 4446 1613 4483 cum
1666 4432 1751 4483 eis
1802 4446 2065 4483 renovare
2112 4430 2318 4493 volens,

739 4524 833 4577 sed
867 4523 1010 4576 bello
1040 4523 1224 4591 potius
1251 4523 1566 4587 decernere,
1604 4522 1908 4575 exercitum
1956 4522 2188 4574 validum
2226 4537 2314 4585 eoa

2426 3247 2549 3307 τοὺς
2592 3248 2941 3316 Σαρακηνοὺς
2972 3246 3196 3300 σπονδαὶ
3236 3248 3545 3302 διεσείοντο.
3603 3250 3713 3301 Καὶ
3767 3248 3873 3317 γὰρ
3933 3248 3995 3317 δὴ

2428 3340 2577 3404 παρά
2627 3338 2719 3391 106
2769 3336 3293 3409 Πορφυρογεννήτου
3327 3342 3355 3392 ὁ
3412 3326 3706 3408 ¹Κρηνέτης
3764 3337 3996 3400 Χαλδὲας

2609 3432 2927 3498 Kal-a5?!“
3004 3430 3294 3499 γενόμενος
3368 3430 3669 3499 στρατηγὸς
3745 3432 3870 3491 τοὺς
3937 3430 3993 3480 ἐν

2439 3523 2672 3590 Ἀφρικῇ
2718 3524 2813 3575 καὶ
2860 3522 3083 3590 Σικελία
3149 3519 3503 3592 Σαρακηνοὺς
3558 3524 3846 3593 μέλλοντας
3902 3524 3998 3593 ἄρα

2424 3613 2518 3680 δην
2538 3614 2641 3665 ὑπὸ
2673 3614 2763 3666 τοῦ
2796 3612 2954 3681 λιμοῦ
2988 3612 3198 3666 καὶτοῦ
3230 3614 3467 3683 πολέμου
3505 3615 3611 3666 τῶν
3663 3618 3718 3667 ἐν
3772 3616 3996 3686 Κυρήνῃ

2432 3704 2765 3772 Σαρακηνῶν
2796 3703 3153 3767 ἀπολωλέναι,
3211 3704 3277 3756 δι’
3313 3705 3523 3757 οἰκείαν
3570 3705 3876 3767 πλεονεξίαν
3911 3706 4001 3757 ἀν-

2424 3450 2521 3499 της

2428 3798 2695 3864 εκτήσατο
2743 3797 2991 3857 καὶτοὺς
3032 3796 3135 3847 ὑπὸ
3173 3797 3326 3864 χεῖρα
3357 3797 3414 3847 οὐ
3458 3796 3687 3865 μετρίως
3720 3797 3961 3848 ἐκάκωσε
3983 3814 3995 3827 ·

2427 3888 2603 3936 πᾶσα;
2632 3885 2739 3953 γὰρ
2768 3884 2863 3946 τὰς
2899 3884 3033 3954 πρὸς
3072 3884 3129 3937 τὸ
3165 3885 3260 3954 ζῇν
3304 3884 3557 3953 ἀφορμὰς
3629 3885 3844 3946 eam;
3891 3885 3997 3936 ἀπὸ

2426 3976 2533 4027 τῶν
2566 3976 2845 4046 ἐγχωρίων
2890 3975 3195 4042 ὠνούμενος
3250 3974 3443 4027 πολλοῦ
3504 3977 3612 4035 τοῖς
3666 3976 3999 4043 Σαρακηνοῖς

2426 4066 2789 4133 ἐπίπρασκεν,
2827 4064 3200 4133 ἀπραγμόνως
3230 4067 3524 4134 παρέχουσι
3567 4064 3663 4127 τὰς
3714 4067 3879 4131 τιμὰς
3924 4064 3998 4133 τῷ

2425 4156 2673 4223 εύπὸρως
2731 4156 2875 4223 ἔχειν
2922 4155 3144 4223 χρυσίου
3204 4154 3291 4207 διὰ
3332 4155 3429 4223 τὴν
3480 4156 3540 4205 ὲκ
3577 4153 3669 4206 τοῦ
3718 4153 3874 4224 λιμοῦ
3909 4156 4000 4207 καὶ

2427 4252 2533 4304 τῶν
2569 4252 2823 4318 πολέμων
2858 4251 3239 4320 στενοχωρίαν.
3287 4249 3430 4318 Πλὴν
3487 4252 3513 4302 ὁ
3569 4250 3665 4319 μὲν
3721 4250 4001 4318 Κρηνξτης

2430 4342 2533 4394 ὑπὸ
2559 4342 2652 4393 106
2680 4341 3088 4393 Κωνσταντίνου
3120 4341 3454 4409 παραλυθεὶς
3497 4341 3592 4407 τῆς
3622 4342 3793 4409 ἀρχῆς
3840 4341 3905 4391 τα
3943 4356 3999 4391 τε

2426 4437 2685 4505 χρήματα
2715 4436 2962 4505 ἀφῃρέθη
3008 4434 3425 4503 μετάίσχύνης
3476 4434 3569 4485 καὶ
3608 4434 3999 4501 καταγηρὰσας

2425 4530 2660 4585 ἀπέθανε
2693 4545 2705 4558 ο
2740 4528 2882 4581 κατὰ
2906 4528 2959 4580 δὲ
2991 4527 3081 4579 τὸν
3120 4526 3213 4579 106
3247 4526 3487 4591 πολέμου
3514 4525 3703 4591 καιρὸν
3760 4525 4000 4590 φυγάδας

738 4613 871 4681 (Egit,
901 4628 1135 4681 eumque
1175 4614 1313 4667 duce
1340 4614 1571 4682 patricio
1599 4613 1875 4666 Malaceno
1918 4613 1969 4664 in
2005 4613 2308 4667 Calabriam
2347 4613 2386 4667 ί)
2420 4623 2479 4672 Kl

2258 4629 2308 4665 m
2347 4613 2386 4667 ὓ
2420 4614 2819 4690 Καρχηδονίους
2858 4618 3340 4689 αὐτομολήσαντας
3373 4618 3418 4669 οἱ
3437 4617 3696 4686 Ῥωμαῖοι
3735 4616 3999 4681 ἐδέξαντο,

741 4704 910 4769 misit,
939 4713 995 4758 et
1027 4704 1363 4775 conjungere
1387 4720 1445 4757 se
1469 4720 1592 4758 cum
1628 4704 1883 4773 praal'eeto
1910 4706 2027 4770 ejus
2076 4706 2311 4774 regionis

741 4797 903 4865 jussit
929 4797 1237 4857 Paschalio,
1268 4797 1425 4863 cujus
1456 4796 1618 4864 paulo
1651 4804 1776 4850 ante
1802 4796 1940 4851 facta
1982 4799 2207 4859 mentio,
2248 4813 2313 4851 ac

737 4889 1015 4943 communi
1046 4903 1209 4959 opera
1241 4888 1443 4943 bellum
1474 4903 1503 4941 a
1536 4888 2051 4956 Carthaginensibus
2081 4898 2135 4942 et
2160 4888 2314 4943 Sicu-

740 4980 806 5033 lis
828 4979 1034 5033 illatum
1059 4979 1372 5035 defendere.
1400 4979 1647 5035 Praefecit
1679 4980 1843 5033 etiam
1873 4982 2314 5052 Macrojoannem

740 5072 905 5141 359
922 5072 1080 5127 classi
1107 5088 1270 5141 quam
1296 5072 1566 5127 mittebat.
1594 5072 1656 5126 lli
1679 5087 1802 5127 cum
1826 5074 1879 5126 in
1902 5073 2203 5128 Calabriam
2224 5090 2318 5129 ve-

742 5168 973 5230 nissent,
1007 5165 1431 5236 provincialibus
1460 5167 1745 5221 innumera
1768 5166 2071 5220 intulerunt
2114 5168 2319 5222 maleﬁ-

746 5258 852 5322 cia,
871 5258 1285 5327 expilantesgeos
1306 5265 1361 5310 et
1385 5273 1446 5310 ea
1470 5256 1733 5311 facientes
1759 5273 1879 5326 quae
1905 5258 1991 5310 vix
2017 5257 2115 5325 ipsi
2138 5257 2321 5311 hostes

745 5358 902 5403 erant
926 5348 1144 5403 facturi.
1176 5350 1308 5415 Quae
1336 5356 1398 5403 ut
1424 5348 1641 5403 rescivit
1666 5364 1877 5402 ameras
1925 5347 2322 5403 Saracenorum

747 5441 1082 5496 Abnlchares
1134 5442 1261 5509 (jam
1283 5443 1428 5495 enim
1468 5441 1786 5495 Phatlumus
1829 5456 1859 5494 e
1894 5441 2031 5494 vivis
2072 5456 2324 5495 excesse-

754 5535 877 5599 rat),
904 5533 1221 5585 cohortatus
1251 5547 1379 5585 suos
1424 5547 1490 5585 ne
1530 5532 1630 5585 sibi
1658 5548 1685 5584 a
1718 5532 1807 5584 tali
1845 5541 2149 5585 metuerent
2172 5533 2327 5584 hoste

755 5624 912 5691 cujus
970 5632 1133 5677 tanta:
1207 5624 1261 5676 in
1334 5638 1462 5676 suos
1528 5632 1715 5677 essent
1785 5623 2015 5690 injuriae,
2073 5622 2331 5677 Romanis

748 5714 1010 5774 occurrit,
1078 5714 1335 5783 gravique
1402 5716 1686 5769 commissa
1766 5730 1942 5783 pugna
2027 5715 2330 5783 pulcherri-

751 5823 891 5857 mam
946 5807 1183 5860 obtinuit
1235 5806 1538 5872 victoriam,
1604 5808 1735 5876 ipsis
1774 5821 1941 5876 prope
1975 5807 2145 5874 captis
2183 5807 2336 5859 duci-

753 5901 872 5951 iﬁlle.

2419 4713 2511 4775 οὓς
2546 4714 2798 4784 οὐδαμῶς
2844 4713 3085 4783 ἀπῄτουν
3129 4714 3175 4764 οί
3216 4711 3598 4780 Καρχηδόνιοι.
3637 4708 3855 4762 Μᾶλλον
3906 4708 4003 4776 μὲν

2417 4807 2511 4860 οὖν
2542 4809 2634 4858 καὶ
2676 4807 2769 4858 τὸν
2804 4808 3023 4875 ἐτήσιον
3051 4805 3254 4871 δασμὺν
3289 4800 3649 4871 συνεχώρουν,
3708 4800 4003 4859 δεδοικότες

2423 4898 2496 4967 μή
2528 4914 2645 4959 πως
2670 4896 2984 4949 κωλύσωσιν
3010 4895 3058 4946 οί
3111 4892 3371 4962 Ῥωμαῖοι
3401 4888 3877 4951 σκανδαλισθέντες
3908 4887 4003 4957 τὴν

2421 4989 2531 5041 τῶν
2560 4988 2881 5060 ἐπιτηδείων
2898 4986 3070 5057 ὠνὴν,
3104 4987 3199 5039 καὶ
3229 4984 3649 5038 κινδυνεύσωσιν
3698 4976 3841 5035 οὗτοι
3889 4982 4004 5032 δια-

2424 5078 2702 5150 φθαρῆναι
2755 5079 2918 5150 λιμῷ.
2960 5078 3230 5147 ’Υστερον
3277 5076 3332 5128 δὲ
3387 5076 3479 5128 106
3524 5074 3762 5142 πολέμου
3826 5072 4007 5124 διαλυ-

2425 5172 2612 5235 θέντος
2636 5170 2764 5234 τούς
2794 5188 2855 5223 τε
2887 5171 3223 5239 αὐτομόλους
3252 5170 3477 5239 ἐζήτουν
3511 5168 3603 5219 καὶ
3646 5167 3745 5235 τὴν
3812 5165 4007 5232 δασμο.

2428 5261 2643 5333 φορίαν.
2678 5261 2919 5328 Μηδενός
2950 5260 3007 5313 δὲ
3040 5260 3368 5329 παρέχοντος
3401 5259 3580 5320 αὐτοῖς
3619 5255 3865 5308 διέλυσαν
3893 5253 3991 5322 τὴν

2430 5354 2674 5421 εἰρήνην,
2706 5353 2801 5404 καὶ
2854 5352 3240 5421 περαιούμενοι
3272 5348 3395 5405 καθ’
3450 5350 3687 5416 ἑκάστην
3739 5348 3837 5414 τὴν
3886 5346 4003 5399 Κα-

2432 5443 2660 5513 λαὸρίαν
2686 5443 2891 5495 ἐδίδουν.
2927 5444 3332 5503 Κωνσταντῖνος
3356 5439 3535 5492 τοίνυν
3563 5439 3591 5490 ὁ
3644 5435 3895 5507 βασιλεὺς
3931 5433 4006 5505 μὴ

2435 5535 2689 5603 θελήσας,
2728 5534 2915 5603 ὥσπερ
2939 5535 2965 5586 ὁ
2992 5532 3249 5602 πενθερὸς
3278 5533 3463 5596 αὐτοῦ,
3504 5531 3781 5600 μειλιχίως
3844 5529 4005 5581 om),

2438 5627 2549 5678 θεῖν
2582 5628 2706 5687 τοὺς
2741 5627 3089 5695 Σαρακηνοὺς
3122 5627 3217 5677 καὶ
3261 5624 3359 5693 τὴν
3423 5624 3646 5693 εἰρήνην
3701 5620 4006 5673 ἀνανεώσα-

2445 5718 2588 5778 σθαι,
2643 5717 2777 5768 ἀλλὰ
2822 5717 3045 5785 πολέμῳ
3093 5715 3295 5785 μᾶλλον
3360 5717 3539 5782 κρῖναι
3585 5714 3650 5764 τὰ
3709 5716 4004 5781 πράγματα

2443 5807 2761 5875 διανοηθεὶς,
2798 5806 2882 5877 [Ρ.
2934 5805 3060 5877 655]
3091 5808 3317 5875 δύναμιν
3362 5807 3654 5874 ἀξιόμαχον
3688 5803 4008 5871 συναγείρας

2448 5907 2537 5953 καὶ
2569 5902 2804 5969 ἄρχοντα
2855 5902 3152 5969 ἐπιστήσας
3201 5902 3382 5963 αὐτοῖς
3423 5900 3510 5952 τὸν
3548 5899 3827 5966 πατρίκιον
3893 5895 4009 5947 Μα-
