4410 6452
448 384 519 448 93
1498 380 2036 440 lIlS'l‘URlAIiUM
2077 380 2600 442 COMPENDIUM.
3632 383 3701 455 94

444 522 675 593 λακηνὸν
729 522 808 583 εἰς
860 517 1174 587 Καλαϐρίαν
1230 517 1573 580 ἀπέστειλεν,
1640 515 1905 584 ἐνωθῆναι
1963 515 2225 578 κελεύσας
2286 517 2365 585 τῷ
2396 518 2686 588 στρατηγῷ
2748 518 2850 583 τῆς
2892 518 3075 591 χώρας
3127 519 3455 590 (Πασχάλιος
3500 518 3544 570 δ’
3605 510 3696 571 οὗ·

443 630 532 667 τος
560 608 646 681 ἦν,
680 613 708 663 6
732 610 836 679 πρὸ
865 608 1060 678 μικροῦ
1089 606 1500 677 μνημονευθεὶς)
1548 608 1640 659 καὶ
1683 609 1835 676 κοινῇ
1893 605 2011 675 μετ’
2052 606 2217 659 αὑτοῦ
2246 607 2605 671 ἀναδέξασθαι
2631 610 2723 662 τὸν
2792 612 2942 681 παρὰ
2998 611 3108 663 τών
3157 610 3543 683 Καρχηδονίων
3601 610 3702 664 καὶ

446 703 677 757 Σικελῶν
727 703 1098 769 ἐπισειόμενον
1166 700 1421 767 πόλεμον.
1480 698 1776 768 Ἑπέστησε
1830 697 1889 751 δὲ
1918 697 2009 750 καὶ
2053 697 2127 768 τῷ
2158 698 2464 767 πεμφθέντι
2528 701 2696 771 στόλῳ
2721 702 2811 755 τὸν
2852 702 3282 773 Μακροῖωάννην
3338 703 3473 772 (15).
3551 702 3697 756 0h:-

445 814 531 858 νες
582 795 721 847 κατὰ
754 794 936 864 χώραν
978 793 1258 861 γενόμενοι
1292 793 1459 863 μυρία
1492 791 1657 863 ἔδρων
1726 792 1805 855 εἰς
1850 792 1975 852 τοὺς
2014 792 2340 861 αὐτόχθονας
2371 795 2541 857 κακὰ,
2577 796 3026 862 πλεονεκτοῦντες
3057 801 3152 853 καὶ
3221 798 3356 852 ἄλλα
3421 798 3702 861 ποιοῦντες

442 890 476 943 ἃ
505 889 600 941 καὶ
632 888 783 939 αὐτοὶ
814 886 879 940 ἂν
928 886 1178 955 ὤκνησαν
1213 887 1262 938 οἱ
1308 885 1579 954 πολέμιοι.
1627 884 1810 938 Ἰαῦτα
1869 883 2173 951 πυθόμενος
2236 887 2264 935 6
2323 886 2431 938 τῶν
2496 888 2833 958 Σαρακηνῶν
2882 894 3104 962 ἀμηρᾶς
3166 891 3500 963 Ἀϐουλχαρέ
3539 893 3685 963 (ήδη

444 981 892 1051 γὰρόΦατλοὺμ
922 976 1220 1049 ἐτεθνήκει)
1282 980 1375 1031 καὶ
1412 980 1538 1041 τοὺς
1628 975 1824 1031 ἐαυτοῦ
1880 976 2332 1048 παραθαρρύνας,
2423 981 2519 1033 καὶ
2587 982 2661 1051 μὴ
2705 982 3004 1053 φοϐηθῆναι
3056 985 3396 1055 παραινέσας
3472 985 3701 1056 στρατὸν

442 1075 666 1129 τοιαῦτα
697 1077 775 1137 εἰς
809 1073 934 1128 τοὺς
969 1072 1203 1134 οἰκείους
1255 1071 1661 1141 ἐνδεικνύμενον
1704 1071 1772 1124 τὰ
1842 1070 2013 1133 κακὰ,
2045 1071 2278 1139 πόλεμον
2312 1071 2649 1139 ὑπαντιάσας
2684 1076 2965 1146 συνίστησι
3036 1077 3297 1147 κραταιὸν
3319 1119 3334 1143 ,
3406 1078 3500 1133 καὶ
3545 1079 3704 1149 νίκην

443 1176 614 1244 ἤρατο
669 1168 895 1238 ἀρίστην
943 1184 1000 1219 τε
1057 1167 1152 1220 καὶ
1180 1165 1504 1238 καλλίστηνο
1535 1165 1734 1236 μικροῦ
1798 1164 1905 1236 γὰρ
1950 1164 2016 1218 ἂν
2054 1164 2300 1219 ἑάλωσαν
2332 1169 2423 1219 καὶ
2456 1168 2505 1221 οἰ
2536 1170 2833 1241 στρατηγοί
2862 1170 3115 1239 ζωγρίαι.

513 1359 666 1414 Μετὰ
699 1358 755 1411 δέ
788 1357 947 1410 τοῦτο
977 1358 1435 1419 Κωνσταντῖνοςὸ
1471 1354 1723 1426 βασιλεὺς
1758 1349 2014 1427 Ἰωάννην
2044 1358 2093 1416 Α
2194 1358 2254 1411 Sc

1956 1358 2093 1427 ηνΛ
2194 1358 2506 1413 Secundum
2541 1361 2654 1415 haec
2695 1360 2991 1429 imperator
3044 1359 3309 1416 Joannem
3363 1377 3393 1416 a
3451 1365 3697 1427 secretis,

446 1456 779 1522 ἁσηκρῆτις,
798 1450 888 1504 τὶν
909 1450 1008 1519 τὴν
1028 1450 1348 1517 ἐπωνυμίαν
1371 1449 1623 1509 Πιλάτον,
1647 1466 1713 1501 πε
1725 1449 1776 1518 pl.
1801 1448 2021 1517 εἰρήνης

446 1546 725 1612 ἐκπέμπει
780 1542 1158 1610 διαλεξόμενον
1200 1543 1312 1603 τοῖς
1352 1541 1707 1609 Σαρακηνοῖς.
1758 1540 2021 1603 Εἰωθότες

439 1640 487 1691 δ’
514 1635 665 1693 οῦτοι
691 1638 765 1706 μὴ
790 1639 912 1699 ταῖς
941 1636 1121 1698 νίκαις
1145 1634 1491 1705 ἐπαίρεσθαι,
1515 1634 1649 1687 ἀλλὰ
1679 1634 1775 1704 τὴν
1797 1635 2023 1705 εἰρήνην

442 1732 535 1783 καὶ
576 1729 903 1799 κρατοῦντες
949 1727 1312 1791 ἀσπάζεσθαι,
1340 1726 1636 1795 προθύμως
1677 1727 2019 1795 ὑπήκουσαν,

451 1819 548 1871 καὶ
578 1819 667 1870 ἐπί
702 1833 823 1869 τινα
853 1817 1043 1886 χρόνον
1074 1817 1297 1886 εἰρήνην
1324 1816 1523 1869 ἔθεντο.
1561 1816 1767 1868 Τούτου
1798 1817 1851 1868 δὲ
1874 1817 2020 1886 διερ-

450 1908 713 1974 ῥυηκότος
744 1907 906 1959 πάλιν
937 1906 1303 1975 διαπερῶντες
1340 1907 1658 1973 ἐλεηλάτουν
1686 1908 1810 1969 τοὺς
1839 1908 2022 1961 Καλα-

446 1997 629 2065 εἰρούς.
650 1998 759 2050 Καὶ
789 1996 948 2049 πάλιν
975 2001 1001 2048 ὁ
1029 1998 1430 2053 Κωνσταντῖνος
1451 1997 1679 2064 δύναμιν
1704 1998 1819 2050 κατ’
1843 2000 2020 2052 αὐτῶν

449 2090 542 2138 καί
584 2089 848 2152 ναυτικὴν
876 2087 1152 2154 ἐκπέμπει
1185 2086 1278 2138 καὶ
1309 2090 1540 2157 πεζικήν
1561 2106 1575 2119 ο
1611 2084 1784 2158 ἦρχον
1817 2090 1872 2141 δὲ
1920 2090 2020 2157 τῆς

448 2178 549 2246 μὲν
585 2179 842 2245 ναυτικῆς
871 2178 1152 2245 δυνάμεως
1180 2181 1207 2230 ὁ
1241 2178 1338 2247 τὴν
1372 2181 1691 2248 ἐπωνυμίαν
1723 2181 2018 2249 Κραμϐἐας

446 2271 540 2321 καὶ
570 2273 596 2321 ὁ
628 2270 953 2339 Μωρολέών,
988 2272 1315 2338 ἐστρατήγει
1340 2270 1393 2321 δὲ
1425 2271 1533 2323 τών
1557 2270 1737 2333 πεζῶν
1767 2275 1793 2323 ὁ
1828 2273 2021 2341 πατρί-

447 2377 564 2419 κιος
599 2358 877 2428 Ῥωμανὸς
907 2363 933 2411 ὁ
960 2359 1247 2427 Ἀργυρός.
1274 2361 1557 2428 Γενόμενοι
1581 2360 1625 2411 δ’
1655 2365 1714 2412 ἐν
1740 2361 2019 2431 Ὑδροῦντι

449 2454 541 2504 καὶ
578 2454 676 2512 τὰς
713 2451 842 2511 ναῦς
880 2452 1287 2517 νεωλκήσαντες
1329 2453 1719 2521 ηὐτρεπίζοντο
1758 2456 1893 2520 πρὸς
1930 2457 2018 2508 τὰν

444 2547 523 2605 εἰς
560 2543 809 2595 Σικελίαν
855 2544 1151 2596 ἀπόπλουν.
1192 2547 1252 2596 Οἱ
1288 2545 1343 2595 δὲ
1398 2546 1706 2614 Σαρακηνοί
1750 2552 1813 2617 τῇ
1860 2551 2017 2618 φήμῃ

447 2636 472 2685 -ἷ
504 2634 899 2702 αταραχθέντες
926 2637 1234 2701 (επίσταται
1264 2636 1371 2705 γὰρ
1401 2635 1536 2704 αῦτη
1562 2638 1628 2687 τὰ
1661 2640 1829 2706 μικρὰ
1856 2656 2015 2706 μεγε-

449 2730 469 2777 l.
490 2728 629 2777 Jvaw
654 2727 749 2778 καὶ
777 2727 844 2777 τε
885 2726 1184 2794 πράγματα
1216 2730 1351 2795 πρὸς
1376 2728 1436 2779 τὸ
1465 2729 1835 2798 φοϐερώτερον
1863 2730 2019 2797 ἐξαγ-

447 2816 678 2886 γέλλειν)
712 2818 804 2868 καὶ
833 2819 905 2885 μή
937 2835 989 2868 τι
1015 2819 1225 2871 πάθωσι
1248 2820 1524 2881 δείσαντες
1549 2821 1633 2871 διὰ
1659 2822 1718 2872 τὸ
1740 2823 2019 2887 αἰφνδὶιυς

448 2912 631 2971 αὑτοῖς
664 2911 1068 2980 ἀπαρασκεύοις
1089 2912 1401 2981 γειτονῆσαι
1424 2914 1547 2974 τοὺς
1572 2914 1882 2982 πολεμίους,
1916 2918 2021 2969 Πα-

459 3000 582 3070 mu}:
612 3002 830 3071 δείματι
865 3003 1217 3071 συσχεθέντες
1245 3005 1337 3057 καὶ
1362 3005 1420 3056 τὸ
1452 3006 1660 3057 ἑαυτῶν
1697 3008 2019 3061 καταλιπόν-

450 3110 541 3153 τες
571 3093 932 3160 στρατόπεδον
960 3092 1160 3160 ἔφυγον
1183 3096 1247 3146 ἐκ
1276 3096 1369 3148 τοῦ
1399 3096 1615 3164 Ῥηγίου
1643 3099 1736 3149 καὶ
1763 3098 1897 3167 πρὸς
1924 3100 2020 3169 τὴν

450 3184 697 3235 Σικελίαν
730 3184 1223 3254 διεπεραιώθησαν.
1248 3186 1339 3237 Ἐν
1361 3188 1415 3239 δὲ
1447 3188 1523 3258 τῷ
1552 3191 1688 3259 πρὸς
1736 3192 2020 3262 Πάνορμον

450 3275 712 3326 ἀποπλεῖν
754 3274 1045 3343 βαρυτάτῳ
1075 3278 1302 3345 χειμῶνι
1336 3281 1746 3349 περιπεσόντες,
1784 3284 1875 3334 καὶ
1913 3284 2020 3335 τῶν

454 3367 677 3429 σκαρών
718 3369 820 3419 ὑπὸ
849 3368 942 3419 τοῦ
976 3367 1239 3431 κλύδωνος
1270 3372 1681 3439 συντριϐέντων,
1729 3375 1929 3441 μᾶλλον
1963 3374 2019 3427 δὲ

453 3456 481 3507 ύ
506 3457 556 3507 τὸ
586 3458 820 3526 Χριστοῦ
861 3459 954 3510 τοῦ
986 3458 1124 3511 Θεοῦ
1156 3460 1250 3513 τοῦ
1290 3462 1418 3531 παρ’
1454 3463 1635 3515 αὐτῶν
1670 3464 2023 3535 βλασφημού-

452 3549 637 3614 μένου,
670 3548 987 3603 διολώλασιν
1022 3552 1284 3615 ἅπαντες.
1328 3554 1651 3609 Σπένδονται
1694 3558 1873 3611 τοίνυν
1910 3562 2020 3622 τοῖς

463 3638 775 3703 Ῥωμαίοις,
811 3643 906 3694 καὶ
928 3642 1226 3711 διετηρήθη
1257 3644 1324 3695 τὰ
1353 3644 1450 3711 τῆς
1478 3646 1699 3715 εἰρήνης
1736 3648 1896 3717 μέχρι
1922 3650 2018 3717 τῆς

450 3732 801 3799 αιαῤῥήσεως
827 3733 921 3785 τοῦ
948 3735 1131 3786 Φωκᾶ.
1170 3736 1327 3805 ’Ἄρτι
1367 3736 1411 3787 δ’
1437 3730 1591 3799 οὗτος
1638 3740 2021 3809 ἀναγορευθεὶς

451 3818 551 3886 βας
578 3818 730 3881 λεὺς,
772 3820 917 3889 πέρα
969 3820 1158 3873 δεινῶν
1202 3825 1555 3893 ἡγησάμενος
1607 3825 2021 3895 δασμοφορῆσαι

450 3910 805 3978 Σαρακηνοῖς,
842 3912 931 3963 τὶν
975 3912 1250 3982 Μανουὴλ,
1286 3914 1361 3976 ὡς
1409 3913 1659 3985 εἴπομεν,
1701 3918 2021 3971 ἀποστέλλει

450 4000 592 4067 μετὰ
617 4001 896 4071 δυνάμεως
923 4004 1044 4057 κατ’
1069 4005 1265 4059 αὐτῶν.
1295 4001 1462 4069 Οὗτος
1489 4007 1544 4060 δέ
1574 4006 1701 4060 νέαν
1738 4008 1886 4075 ἄγων
1922 4011 2019 4079 τὴν

446 4090 669 4158 ἡλικίαν
700 4094 792 4145 καὶ
837 4094 1201 4164 στρατιώταις
1250 4099 1674 4168 κατατετάχθαι,
1707 4100 1767 4153 οὐ
1806 4103 1916 4171 μήν
1955 4120 2017 4169 γε

449 4181 547 4232 καὶ
579 4186 907 4251 στρατηγεῖν
932 4184 1080 4249 ἄξιος
1116 4185 1211 4251 ὣν,
1257 4187 1519 4257 ὑπάρχων
1561 4189 1617 4242 δὲ
1665 4189 1757 4242 καὶ
1808 4191 2021 4255 πολλοῖς

2126 1450 2450 1518 cognomine
2488 1449 2740 1513 Pilatum.
2784 1451 2851 1504 ad
2908 1453 3248 1507 tractandam
3296 1469 3421 1508 cum
3478 1453 3704 1509 Sarace-

2124 1540 2211 1593 nis
2256 1540 2683 1609 paciﬁcationem
2739 1542 2905 1595 misit.
2944 1543 3046 1607 Qui
3116 1558 3239 1597 eum
3285 1544 3703 1599 consuevissent

2126 1630 2371 1685 victoriis
2398 1647 2506 1686 non
2539 1632 2744 1697 ellerri,
2780 1634 2873 1688 sed
2897 1648 3086 1704 pacem
3119 1633 3281 1703 etiam
3305 1635 3469 1690 rebus
3499 1651 3700 1691 secun-

2122 1720 2206 1773 dis
2243 1730 2519 1789 expetere,
2556 1721 2744 1775 faciles
2773 1738 2895 1777 sese
2932 1722 2979 1776 ei
3000 1722 3374 1792 praebuerunt,
3401 1731 3456 1776 et
3484 1726 3549 1777 ad
3583 1740 3702 1777 cer-

2124 1819 2235 1865 tum
2268 1822 2480 1879 tempus
2507 1813 2755 1866 inducias
2786 1816 2925 1883 pacti
2964 1825 3111 1867 sunt.
3151 1813 3345 1884 Elapso
3366 1829 3429 1868 eo
3457 1824 3701 1886 tempore

2123 1918 2339 1956 rursum
2365 1904 2499 1956 mari
2552 1906 2872 1958 transmisso
2914 1905 3215 1959 Calabriam
3263 1915 3546 1961 vexarunt.
3600 1906 3693 1960 Ita-

2122 2010 2228 2063 que
2251 1996 2412 2048 etiam
2450 1996 2841 2050 Constantinus
2873 2007 3061 2050 contra
3100 2013 3193 2052 eos
3248 1998 3468 2053 navales
3533 2007 3703 2052 terre-

2125 2097 2373 2156 stresque
2393 2088 2799 2156 emisitcoliias.
2829 2088 3068 2142 Classem
3100 2089 3375 2143 ducebant
3401 2089 3699 2143 Cramheas

2121 2188 2177 2234 et
2202 2180 2497 2242 Moruleon,
2531 2181 2730 2235 alteras
2778 2181 3038 2249 patricius
3108 2182 3385 2235 llmnanus
3441 2182 3696 2252 Argyrus.

2120 2268 2348 2338 Jamque
2380 2270 2431 2322 hi
2471 2270 2737 2324 llidrunte
2766 2270 2997 2323 navibus
3036 2270 3317 2325 subductis
3343 2270 3409 2324 ad
3440 2271 3697 2340 navigan-

2120 2361 2250 2415 dum
2278 2363 2330 2415 in
2375 2361 2612 2415 Siciliam
2633 2378 2750 2416 sese
2784 2364 3067 2430 parabant.
3098 2379 3220 2417 cum
3244 2362 3500 2416 Saraceni
3526 2362 3689 2427 fama,

2120 2469 2241 2522 qnze
2278 2468 2439 2521 parva
2481 2454 2810 2522 amplificare
2845 2464 2899 2508 et
2937 2454 3237 2508 terribilius
3268 2468 3492 2529 narrare
3529 2453 3693 2514 solet,

2121 2546 2415 2615 p--rtnrbati
2447 2556 2499 2600 et
2526 2548 2667 2615 quod
2690 2548 2870 2600 hostes
2889 2547 2989 2601 sibi
3018 2546 3299 2616 imparatis
3337 2547 3517 2601 subito
3539 2546 3701 2617 360

2121 2641 2452 2708 ingrua‘rent,
2489 2641 2555 2693 de
2625 2642 2798 2694 salute
2855 2657 2952 2694 sua
2978 2640 3217 2702 solliciti,
3266 2639 3458 2710 panico
3493 2648 3701 2696 terrore

2129 2732 2383 2785 concitati
2463 2742 2639 2786 castra
2690 2749 2787 2785 sua
2817 2734 3195 2795 deseruerunt,
3222 2730 3703 2804 relictoqueRegio

2128 2822 2249 2891 fuga
2280 2823 2330 2874 in
2348 2820 2585 2876 Siciliam
2606 2822 3025 2875 contenderunt.
3049 2822 3415 2890 Cumquejam
3437 2822 3701 2874 Panormo

2128 2915 2468 2974 accederent.
2503 2914 2838 2967 atrocissima
2878 2914 3071 2966 oborta
3102 2921 3446 2981 tempestate,
3472 2911 3700 2980 ejusque

2127 3007 2177 3058 vi
2221 3007 2335 3071 (aut
2364 3004 2561 3058 Christi
2593 3004 2793 3063 verius.
2828 3003 2911 3057 cui
2947 3003 3019 3057 illi
3082 3003 3246 3072 impie
3281 3002 3698 3070 maledicebant)

2128 3097 2359 3151 navibus
2393 3095 2641 3150 contritis
2670 3094 2909 3148 universi
2942 3095 3239 3161 perierunt.
3279 3092 3411 3147 Inde
3476 3108 3696 3147 rursum

2128 3203 2231 3256 pax
2263 3187 2398 3241 facta
2421 3202 2543 3241 cum
2567 3186 2851 3249 Romanis,
2894 3202 3011 3252 qua:
3043 3186 3257 3239 duravit
3291 3200 3463 3254 usque
3507 3184 3573 3239 ad
3604 3184 3698 3239 Ni-

2128 3278 2349 3348 cephori
2384 3278 2696 3346 imperium.
2723 3278 2790 3341 Is,
2828 3277 2987 3331 simul
3016 3286 3176 3345 atque
3215 3276 3502 3345 imperium
3540 3290 3700 3331 occo-

2130 3372 2231 3441 pit,
2259 3386 2371 3423 rem
2405 3368 2834 3439 indignissimam
2873 3369 3191 3421 existimans
3223 3366 3514 3422 Saracenis
3536 3368 3703 3422 tribu-

2130 3472 2243 3516 tum
2271 3462 2530 3530 pendere,
2561 3472 2747 3514 contra
2782 3475 2873 3513 eos
2899 3459 3229 3523 Manuelum,
3291 3459 3481 3528 utjam
3535 3474 3699 3527 supra

2126 3555 2381 3618 diximus,
2406 3568 2527 3605 cum
2552 3552 2722 3621 copiis
2751 3552 2928 3604 misit:
2961 3549 3497 3619 Manuelus,juvenis
3521 3559 3575 3604 et
3599 3550 3700 3603 mi-

2114 3645 2240 3699 litis
2272 3660 2431 3713 quam
2458 3642 2613 3696 ducis
2639 3641 2814 3693 oliicio
2847 3640 3017 3694 multo
3059 3640 3256 3709 aptior,
3299 3639 3483 3693 multis
3536 3639 3698 3692 etiam

2130 3737 2251 3790 aliis
2280 3735 2547 3789 obnoxius
2582 3733 2748 3797 vitiis,
2785 3747 2962 3800 neque
2990 3731 3299 3785 sanioribus
3314 3730 3700 3799 obtemperans

2129 3828 2390 3883 consiliis.
2429 3836 2483 3880 et
2516 3841 2574 3880 se
2600 3825 2775 3894 ipsum
2822 3835 2877 3879 et
2906 3825 3203 3879 exercitum
3241 3831 3413 3877 totum
3442 3821 3697 3893 perdidit,

2131 3919 2339 3987 asperis
2370 3918 2693 3987 quibusdam
2731 3915 2929 3970 Sicilia:
2978 3923 3032 3970 et
3080 3915 3241 3968 inviis
3290 3915 3425 3969 locis
3457 3914 3701 3968 inclusus

2051 4045 2091 4101 ε
2129 4019 2290 4079 atque
2333 4010 2498 4063 exitio
2538 4010 2842 4063 demersus.
2880 4008 3084 4077 Captus
3115 4008 3218 4061 fuit
3246 4006 3462 4061 Nicetas
3526 4022 3702 4060 eunu-

2127 4102 2283 4165 chus,
2315 4101 2575 4169 patricius
2611 4116 2673 4152 ac
2694 4100 2883 4154 classis
2914 4100 3260 4171 drungarius,
3288 4109 3343 4153 et
3365 4100 3421 4152 in
3464 4097 3701 4152 Africam

2131 4193 2182 4245 in
2216 4193 2445 4246 vinculis
2472 4192 2755 4245 abductus.

451 4272 631 4334 ἄλλοις
662 4273 857 4326 πάθεσι
888 4278 1219 4346 κατάσχετος
1247 4279 1340 4330 καὶ
1369 4279 1535 4348 μηδὲν
1563 4279 1671 4331 τῶν
1699 4280 1767 4332 τὰ
1791 4283 2023 4352 κρείττω
2068 4282 2543 4352 συμϐουλευόντων
2598 4282 3083 4350 ἐπιστρεφόμενος,
3134 4279 3221 4350 [Ρ.
3292 4277 3418 4350 654]
3473 4278 3531 4331 ἔν
3578 4294 3689 4331 τισι

451 4366 635 4425 τόποις
668 4366 890 4433 τραχέσι
921 4384 978 4418 τε
1014 4370 1107 4419 καὶ
1159 4368 1446 4430 δυσϐάτοις
1472 4368 1572 4436 τῆς
1643 4370 1892 4434 Σικελίας
1926 4374 2064 4441 μετὰ
2098 4374 2300 4434 παντὸς
2317 4372 2696 4434 ἀποκλεισθεὶς
2721 4372 2814 4423 τοῦ
2853 4370 3082 4441 στρατοῦ
3114 4370 3459 4441 παραδίδοται
3519 4387 3704 4425 πανω-

450 4457 658 4525 λεθρὶα.
712 4455 883 4508 Ἑάλω
919 4457 974 4509 δὲ
1009 4457 1249 4527 ζωγρίας
1288 4459 1384 4511 καὶ
1432 4458 1675 4531 Νικήτας
1724 4462 2012 4532 πατρίκιος
2090 4463 2183 4516 καὶ
2246 4461 2340 4514 τοῦ
2404 4462 2591 4514 στόλου
2652 4460 3010 4530 δρουγγάριος
3066 4461 3093 4511 ὁ
3143 4459 3417 4539 εὐνοῦχος,
3472 4460 3569 4513 καὶ
3610 4461 3695 4527 εἰς

463 4554 727 4624 ’διφρικην
777 4549 992 4615 δέσμιος
1042 4552 1341 4620 πέμπεται.
1385 4552 1494 4606 Καὶ
1550 4554 1579 4605 ὁ
1627 4553 1725 4623 μὲν
1776 4554 2030 4625 Μανουὴλ
2081 4554 2335 4625 τοιαύτης
2370 4554 2527 4625 ἐτυχε
2596 4554 2694 4623 τῆς
2738 4551 3147 4622 καταστροφῆς,
3202 4553 3489 4622 παραίτιος
3542 4553 3698 4606 ἀπω-

450 4648 602 4711 λείας
635 4652 923 4718 γενόμενος
955 4649 1047 4699 καὶ
1071 4647 1231 4699 παντὶ
1263 4645 1341 4715 τῷ
1366 4645 1603 4717 στρατῷ.

537 4746 592 4797 Ὀ
615 4744 669 4794 δέ
702 4742 951 4811 βασιλεὺς
978 4742 1033 4792 ἐν
1059 4739 1235 4809 τούτῳ
1262 4739 1341 4808 τῷ
1366 4740 1545 4809 χρόνῳ
1577 4740 1857 4810 ἐκπέμπει
1884 4740 2027 4794 κατὰ

456 4834 705 4895 Κιλικίας
760 4834 1023 4901 ’ξωάννην
1067 4833 1364 4900 μάγιστρον
1411 4832 1506 4883 καὶ
1558 4830 1876 4900 δομέστικον
1921 4834 2029 4885 τῶν

452 4927 658 4996 σχολῶν
696 4928 793 4992 τῆς
840 4925 1127 4992 ’Δνατολῆς
1157 4924 1256 4994 ἥδη
1284 4923 1749 4995 προϐεϐλημένον,
1778 4926 1871 4977 τὸν
1900 4927 2028 4990 Τζι-

459 5022 682 5088 μισκῆν.
722 5018 1015 5086 Γενόμενος
1079 5016 1122 5068 δ’
1176 5010 1332 5081 οὗτος
1383 5017 1519 5086 πρὸς
1565 5019 1718 5070 πόλιν
1771 5019 2025 5081 Ἀδαναν,

456 5114 550 5163 καὶ
592 5110 795 5178 πλῆθος
839 5107 1165 5161 καταλαϐὼν
1209 5106 1511 5161 ἐπιλέκτων
1546 5108 1863 5180 Ἀγαρηνῶν
1904 5127 2028 5162 συν-

452 5202 787 5268 ειλεγμένων
828 5200 893 5251 ἐκ
951 5198 1133 5268 πάσης
1183 5200 1283 5268 τῆς
1331 5197 1603 5263 Κιλικίας,
1656 5201 2025 5269 συμπλέκεται

450 5290 633 5358 τούτῳ
658 5290 753 5342 καὶ
780 5288 1041 5360 τρέπεται
1070 5289 1213 5340 κατὰ
1260 5287 1483 5357 κράτος.
1518 5288 1581 5341 Οἰ
1611 5288 1709 5355 μὲν
1743 5285 1836 5342 οὖν
1876 5289 2023 5342 ἄλλοι

442 5381 567 5434 θεῶν
600 5380 921 5451 ’Δγαρηνῶν
947 5381 1102 5449 νόμῳ
1140 5378 1377 5449 πολέμου
1405 5379 1788 5449 κατεκόπησαν
1807 5396 1822 5411 ο
1862 5381 2027 5450 μέρος

443 5474 515 5527 δὲ
560 5473 655 5525 τοῦ
704 5471 937 5543 στρατοῦ
999 5471 1133 5524 ὡσεὶ
1183 5471 1609 5540 πεντακισχίλιοι
1648 5472 1741 5523 τὸν
1795 5472 2025 5541 ἀριθμὸν

446 5566 612 5623 ὅντες
644 5565 935 5632 φεύγουσιν
986 5564 1067 5624 εἰς
1111 5580 1233 5616 τινα
1263 5563 1425 5631 λόφον
1453 5562 1715 5616 δύσϐατον
1754 5564 1850 5615 καὶ
1890 5564 2023 5616 ἁπό-

2208 4740 2321 4795 Suh
2357 4739 2495 4792 idem
2529 4746 2741 4806 tempus
2767 4737 3065 4806 imperator
3102 4735 3155 4789 in
3194 4735 3438 4791 Ciliciam
3501 4737 3703 4794 emittit

2134 4833 2402 4887 Joannem
2432 4831 2777 4893 Tzimisccm,
2810 4831 3126 4900 magistrum
3163 4830 3519 4885 domesticum
3545 4829 3701 4884 scho-

2133 4926 2303 4980 larum
2338 4924 2579 4979 Oricntis
2633 4923 2737 4990 iam
2774 4931 3049 4977 creatum.
3116 4921 3165 4975 ls
3228 4936 3351 4974 cum
3396 4921 3463 4975 ad
3514 4920 3703 4975 Adana

2132 5017 2493 5086 pervenisset,
2526 5017 2578 5067 in
2604 5013 3007 5069 multitudinem
3040 5012 3234 5066 incidit
3283 5027 3348 5066 ex
3401 5011 3548 5065 omni
3609 5011 3703 5066 de-

2133 5110 2397 5164 lectorum
2435 5107 2621 5162 Cilicia
2652 5108 2806 5177 361
2852 5108 3245 5174 Agarenornm,
3284 5119 3512 5174 eamque
3573 5119 3702 5159 con-

2133 5214 2349 5271 gressus
2373 5197 2570 5253 fundit.
2595 5198 2852 5252 Hostibus
2880 5198 3094 5260 deletis,
3121 5198 3363 5266 quinque
3390 5205 3571 5251 tamen
3592 5197 3701 5252 cir-

2133 5293 2271 5345 citer
2303 5292 2674 5360 Agarenorum
2722 5288 2896 5343 millia
2926 5289 3081 5358 equis
3132 5286 3336 5341 relictis
3377 5287 3588 5357 pedites
3642 5287 3698 5341 in

2134 5382 2326 5436 collem
2384 5383 2674 5451 quemdam
2727 5390 3060 5450 praeruptum
3114 5385 3429 5445 evaserunt,
3475 5379 3700 5448 ejusque

2134 5483 2322 5527 natura
2364 5473 2485 5527 freti
2522 5473 2734 5527 fortiter
2765 5474 3021 5541 impetum
3063 5471 3299 5525 hostium
3317 5469 3697 5524 defenderunt.

2135 5564 2240 5618 Sed
2274 5563 2566 5619 Tzimisces
2602 5565 2938 5621 circumdato
2987 5563 3144 5627 colle,
3202 5562 3325 5632 quia
3367 5575 3535 5630 eques
3573 5574 3697 5615 eum

1610 5732 1959 5791 XYLANDRI
1997 5737 2083 5791 ET
2123 5738 2330 5792 GOARI
2360 5738 2578 5796 ΝΟΤίΕ.

535 5845 645 5911 (13)
673 5845 933 5903 Joannem
966 5862 994 5900 ε
1026 5847 1266 5917 corporis
1315 5849 1639 5916 proceritate
1673 5847 1749 5903 sic
1797 5850 2020 5906 dictum.
2060 5852 2225 5907 Cosa.
