4410 6452
765 386 837 447 Sil
2019 384 2337 446 GEOliGll
2374 382 2713 443 CEDRENI

3922 388 4016 448 100

763 504 900 563 (ιυιι,
938 492 1222 562 praesidem
1244 506 1367 545 cum
1402 493 1569 547 Mauri
1610 495 1810 549 montis
1853 496 2150 565 appellans,
2183 510 2339 547 man-
2371 498 2413 552 Α
2442 493 2502 544 τὸ

2299 511 2339 546 ι-
2371 498 2413 552 Α
2442 493 2533 544 τὸν
2583 493 2859 563 Βούρτζην
2912 495 3198 564 πατρίκιον
3244 494 3483 564 τιμήσας
3539 497 3594 548 ἐν
3649 495 3726 565 τῷ
3774 499 4040 568 φρουρίῳ.

763 591 891 642 dato
933 587 1304 655 indligenter
1339 588 1645 658 invigiEaret
1680 589 2162 658 Antiochenosque
2188 588 2335 641 omni

765 696 929 749 opera
953 677 1101 732 exitu
1130 688 1182 731 et
1207 680 1368 732 rebus
1397 680 1984 748 necessariis'parandis
2002 682 2335 751 prohiberet.

768 772 986 827 Petrum
1022 786 1240 838 quoque
1271 771 1589 838 spadonem,
1618 788 1782 825 unum
1810 772 1876 825 de
1937 774 2049 827 suis
2101 773 2338 836 famulis,

770 865 1042 919 hominem
1072 863 1709 932 strenuum.praéfcctum
1743 874 2046 918 castrorum
2077 868 2126 918 in
2150 865 2337 917 Cilicia

766 966 934 1019 creat,
975 958 1237 1026 jubetque
1266 956 1561 1011 exercitum
1603 956 1655 1007 in
1701 955 1929 1009 hiberna
1991 956 2337 1019 distribuere,

767 1065 1035 1115 suumque
1083 1050 1374 1102 atlventum
1429 1050 1749 1116 insequente
1808 1064 1952 1102 anno
2011 1049 2337 1118 prmstolari.

768 1140 968 1193 l-‘crnnt
1026 1145 1266 1208 potuisse
1325 1157 1447 1194 eum
1508 1142 1686 1211 primo
1751 1157 1973 1195 accessu
2053 1141 2339 1197 Antiochia

769 1234 950 1300 potiri,
986 1233 1078 1286 sed
1122 1234 1388 1299 noluisse,
1419 1249 1481 1287 ac
1502 1234 1678 1288 dedita
1710 1250 1870 1304 opera
1922 1234 2197 1289 distulisse
2225 1236 2341 1304 ejus

769 1324 1265 1390 recuperationem,
1325 1324 1468 1391 quod
1523 1324 1575 1376 in
1627 1338 1719 1377 ore
1766 1324 2005 1378 omnium
2056 1325 2338 1379 hominum

767 1425 910 1466 esset
934 1414 1021 1466 hic
1054 1428 1260 1473 rumor,
1288 1427 1502 1481 recepta
1541 1414 1823 1468 Antiochia
1872 1417 2053 1469 statim
2111 1430 2343 1484 tmperao

768 1517 938 1557 ιυτιιιη
1000 1506 1295 1558 obiturum.
1336 1504 1412 1557 Fo
1465 1505 1723 1559 nimirum
1771 1522 2023 1559 sermone
2096 1508 2339 1572 territus,

773 1612 949 1661 mque
1004 1599 1117 1664 ipse
1153 1597 1499 1648 Antiochiam
1552 1598 1800 1660 tentavit,
1833 1610 1886 1650 et
1918 1597 2076 1650 I’etro
2117 1612 2178 1650 ac
2216 1600 2344 1649 Ilur-

771 1697 866 1737 tm-
887 1686 1161 1738 tumulavit
1189 1701 1256 1737 ne
1282 1700 1399 1738 eam
1424 1695 1817 1754 oppugnarent.
1859 1686 2149 1739 Enimvero
2181 1687 2345 1739 rebus

770 1780 839 1829 ita
868 1785 925 1829 ut
946 1788 1302 1829 memoratum
1328 1784 1407 1829 est
1431 1777 1761 1841 constitutis,
1785 1776 2125 1843 Nicephorus
2150 1778 2201 1829 in
2248 1793 2340 1829 ur-

773 1868 890 1917 bem
918 1867 1095 1918 rediit.
1118 1866 1185 1918 At
1203 1864 1425 1918 Burtzas
1454 1866 1749 1919 Antiochia!
1770 1867 1931 1937 336
1948 1868 2174 1929 vit-inus,
2193 1875 2341 1936 post-

772 1958 953 2010 habito
988 1959 1340 2025 imperatoris
1359 1971 1650 2027 praecepto,
1677 1971 1863 2015 noctes
1885 1962 2108 2030 diesque
2140 1964 2206 2016 de
2247 1980 2340 2017 ur-

771 2049 838 2101 be
872 2064 932 2100 ea
956 2051 1268 2115 occupanda
1301 2050 1589 2119 cogitabat,
1608 2052 1747 2118 quod
1766 2052 1873 2104 hoc
1906 2063 2062 2121 pacto
2082 2064 2340 2107 :ctcrnam

768 2156 827 2193 se
856 2140 1080 2208 gloriam
1112 2150 1538 2193 consecuturum
1559 2143 1828 2209 sperabat.
1867 2144 2050 2211 Itaque
2080 2144 2305 2210 frequen
2326 2174 2341 2186 -

768 2242 852 2285 ter
878 2246 948 2283 eo
980 2232 1170 2295 itabat,
1202 2241 1255 2285 et
1280 2233 1653 2286 Antiochenos
1708 2236 1771 2287 ad
1802 2236 2228 2304 pacificationem
2259 2238 2340 2289 in-

769 2322 992 2382 vittbat,
1024 2329 1342 2389 arroganter
1385 2338 1502 2374 eam
1537 2334 1911 2392 aSpcrnantcs.
1956 2326 2175 2379 lntcritn
2216 2344 2340 2379 cum

771 2410 1046 2463 Saracena
1097 2412 1331 2479 quodam
1395 2413 1585 2483 (Aulax
1624 2414 1669 2465 is
1702 2416 2017 2485 vocabatur)
2050 2418 2344 2471 amicitiam

766 2502 1058 2566 contrahit,
1086 2503 1153 2554 ab
1185 2518 1358 2571 eoque
1401 2505 1720 2557 muneribus
1767 2515 1821 2559 et
1866 2508 2343 2574 pollicitationibus

768 2603 1029 2662 corrupto
1068 2609 1383 2647 mensuram
1420 2597 1586 2647 turris
1625 2599 1978 2651 occidentalis
2010 2601 2343 2666 uuius(Ca|a

768 2690 814 2736 vi
847 2701 1047 2739 nomen
1084 2686 1205 2754 fuit)
1247 2687 1477 2740 obtinet.
1515 2688 1645 2757 Ejus
1700 2690 1902 2744 auxilio
1951 2693 2122 2745 scalas
2177 2693 2343 2747 fabri-

767 2787 920 2827 catus
969 2792 1090 2843 qua:
1138 2778 1202 2831 ad
1245 2793 1461 2831 sunnna
1498 2781 1663 2835 turris
1708 2784 2104 2856 pertingercnt,
2130 2797 2343 2841 noctem

768 2868 1053 2921 obscuram
1115 2880 1277 2936 atque
1311 2871 1552 2938 pluviam
1596 2874 1959 2941 praestolatus,
1985 2891 2081 2944 per
2106 2892 2224 2931 eam
2252 2894 2347 2933 oc-

768 2961 913 3013 culte
944 2960 1117 3014 scalas
1145 2963 1279 3015 turri
1315 2964 1571 3032 applicat,
1604 2974 1800 3019 etcum
1835 2971 2093 3023 trecentis
2123 2970 2342 3024 suorum

771 3050 823 3104 in
866 3067 985 3105 eam
1026 3054 1297 3108 ascendit.
1326 3054 1498 3125 Hujus
1541 3072 1605 3110 ac
1656 3059 1919 3126 proxima:
1968 3062 2130 3115 etiam
2182 3065 2346 3117 turris

770 3145 1024 3198 custodes
1046 3146 1280 3201 trucidat
1310 3164 1322 3199 :
1345 3148 1526 3218 itaque
1552 3150 1762 3204 duabus
1782 3153 2023 3207 turribus
2045 3158 2342 3223 occupatis,

778 3237 944 3288 misso
970 3236 1164 3289 nuntio
1195 3238 1439 3301 Petrum,
1488 3255 1647 3307 quem
1696 3252 1994 3296 castrorum
2031 3245 2344 3312 przefectum

773 3325 1027 3390 diximus,
1056 3327 1309 3382 hortatur
1340 3340 1397 3383 ut
1442 3332 1694 3385 celeriter
1736 3347 1859 3385 cum
1903 3335 2048 3387 omni
2101 3337 2340 3389 exercitu

774 3419 1125 3485 superveniat
1153 3420 1267 3473 urbi
1300 3421 1408 3488 jam
1443 3430 1636 3489 capue.
1667 3421 1889 3487 Petrus,
1927 3424 2025 3476 etsi
2058 3424 2212 3477 initio
2235 3435 2347 3479 ter-

773 3506 1166 3573 giversabatur,
1200 3509 1630 3579 indignationem
1656 3512 2000 3580 imperatoris
2035 3517 2259 3579 veritus,
2284 3532 2347 3571 ac

778 3611 1029 3655 metuens
1054 3618 1123 3656 ne
1156 3601 1327 3672 ipsius
1367 3604 1623 3657 mandato
1651 3606 1853 3659 violato
1873 3606 1966 3661 sibi
1988 3607 2344 3663 infortunium

776 3703 1015 3761 pararet,
1042 3702 1219 3748 tamen
1241 3696 1476 3749 instante
1497 3695 1691 3749 Burtza
1715 3706 1769 3750 et
1790 3700 2342 3767 properarcjubente,

778 3795 833 3839 et
870 3802 928 3840 se
967 3787 1170 3841 diutius
1199 3789 1587 3859 oppugnationi
1622 3790 1855 3843 hostium
1892 3791 2183 3846 tolerandae
2236 3809 2344 3847 non

773 3894 893 3931 esse
920 3894 1102 3946 parem
1142 3880 1371 3933 docente
1405 3885 1418 3940 (
1444 3882 1644 3935 etenim
1672 3883 1928 3951 oppidani
1958 3885 2144 3939 audito
2172 3894 2347 3940 turres

774 3979 1066 4039 occupatas
1097 3986 1217 4024 esse
1247 3972 1489 4040 undique
1524 3971 1920 4039 conﬂuxerant,
1946 3984 1999 4028 et
2040 3991 2132 4030 eas
2178 3992 2347 4046 expu-

775 4078 940 4131 gnare
965 4063 1111 4116 omni
1144 4063 1326 4117 studio
1365 4064 1705 4117 conabantur
1737 4064 2037 4121 missilibus
2086 4068 2349 4136 conjectis

775 4170 838 4208 ac
867 4155 1045 4208 omnis
1071 4156 1288 4225 generis
1310 4153 1568 4211 adhibitis
1591 4157 1751 4228 367
1776 4158 2059 4224 machinis,
2084 4160 2191 4230 igni
2215 4176 2349 4230 quo-

774 4262 880 4315 que
932 4249 1250 4316 supposito;
1300 4264 1480 4318 neque
1531 4250 1756 4304 omnino
1812 4252 2104 4321 quidquam
2158 4267 2345 4309 eorum

776 4341 1103 4394 omittebant
1122 4356 1242 4409 qua:
1271 4354 1428 4411 agere
1460 4342 1819 4398 conveniebat
1838 4344 2035 4414 quibus
2062 4362 2183 4400 cum
2218 4363 2350 4401 uxo-

777 4428 927 4483 ribus
943 4438 999 4483 et
1022 4429 1207 4485 liberis
1229 4430 1491 4499 pereundi
1509 4447 1573 4486 ac
1598 4434 1907 4489 amittenda:
1925 4435 2077 4489 urbis
2108 4436 2347 4491 orienta-

2442 585 2727 647 κατέλιπε,
2754 586 3063 653 στρατηγὺν
3111 586 3385 654 ὀνομάσας
3419 586 3608 640 τοῦτον
3656 588 3751 640 τοῦ
3785 590 4018 658 Μαύρου

2440 675 2629 744 ὅρους,
2666 677 2981 744 ἐπισκήψας
3032 677 3363 747 προσμένειν
3408 678 3704 749 ἀγρύπνως
3756 682 3851 732 καὶ
3894 681 4019 743 τοὺς

2455 766 2750 833 Ἀντιοχεῖς
2805 765 2954 836 πάσῃ
3015 770 3231 838 μηχανῇ
3281 766 3511 820 κωλύειν
3566 768 3765 832 ἐξιέναι
3819 771 3915 825 καὶ
3952 774 4020 825 τὰ

2442 857 2579 923 πρὸς
2608 857 2755 926 ζωὴν
2778 858 3187 928 εἰσκομίζεσθαι
3209 859 3513 930 ἐπιτήδεια.
3539 862 3814 913 Κατέλιπε
3844 860 3898 914 δὲ
3926 879 4017 917 και

2442 949 2645 1019 Πέτρον
2667 949 2763 1003 ἕνα
2783 950 2892 1004 τῶν
2918 950 3111 1004 ἑαυτοῦ
3143 951 3436 1021 εὐνούχων,
3462 951 3646 1004 δοῦλον
3678 954 4015 1024 ὑπάρχοντα,

2441 1040 2763 1113 δραστήριον
2788 1043 3095 1114 ἄνθρωπον,
3118 1044 3176 1096 ὃν
3196 1044 3260 1114 δὴ
3284 1050 3380 1098 καὶ
3404 1048 3881 1117 στρατοπεδάρχην
3908 1048 4016 1117 (16)

2449 1135 2757 1205 πεποίηκεν
2790 1138 2845 1187 ἐν
2871 1136 3116 1207 Κιλικίᾳ,
3146 1138 3224 1201 είς
3261 1138 3706 1208 παραχειμασίαν
3737 1138 3827 1190 τὸν
3857 1155 4021 1207 στρα-

2442 1228 2533 1279 τὸν
2569 1228 2959 1298 διασκορπίσαι
3003 1230 3286 1293 κελεύσας,
3331 1231 3423 1283 καὶ
3466 1231 3563 1300 τὴν
3610 1230 3776 1284 αὑτοῦ
3831 1232 4017 1300 μένειν

2446 1322 2525 1382 εἰς
2565 1322 2787 1373 τούπιὸν
2829 1320 2947 1384 ἔτος
2992 1322 3219 1375 ἐλευσιν.
3252 1322 3504 1388 Ἐλέγετο
3530 1323 3575 1376 δ’
3615 1323 3696 1375 ὅτι
3724 1323 4021 1393 δυνάμενος

2443 1410 2502 1475 ἐξ
2529 1411 2716 1478 ἐφόδου
2757 1410 2898 1462 ἐλεῖν
2924 1410 3020 1480 τὴν
3054 1411 3387 1481 Ἀντιόχειαν
3410 1413 3438 1464 ό
3471 1412 3725 1481 βασιλεὺς
3755 1414 3855 1467 οὑκ
3889 1416 4019 1484 ἠθέ-

2442 1505 2625 1572 λἠσεν,
2660 1503 2773 1556 ἀλλ’
2801 1502 3115 1571 ἐξεπίτηδες
3145 1506 3407 1574 παρεῖλκε
3435 1506 3528 1558 καὶ
3554 1505 3894 1574 παρεϐίϐαζε
3921 1506 4021 1577 τὴν

2445 1596 2647 1663 ταύτης
2682 1595 3035 1663 κατάσχεσιν,
3071 1595 3259 1659 δεδιὼς
3300 1598 3390 1648 τὸν
3429 1597 3805 1667 φημιζόμενον
3835 1598 4019 1665 λόγον’

2448 1688 2539 1737 καὶ
2577 1687 2679 1755 γὰρ
2714 1686 2777 1754 δὴ
2812 1686 2904 1739 καὶ
2946 1690 3005 1739 ἐν
3036 1689 3147 1749 τοῖς
3195 1688 3459 1741 ἁπάντων
3505 1690 3733 1757 ἐφέρετο
3763 1691 4021 1759 στόμασιν

2445 1781 2519 1841 ὡς
2551 1780 2666 1846 ἅμα
2695 1781 2761 1847 τῇ
2793 1779 2991 1835 ἁλώσει
3017 1780 3116 1847 τῆς
3150 1780 3357 1843 πόλεως
3382 1780 3719 1849 Ἀντιοχείας
3750 1782 3843 1833 καὶ
3867 1784 3894 1833 ό
3928 1781 4022 1849 βα-

2448 1870 2627 1933 σιλεὺς
2681 1869 3020 1941 τεθνήξεται.
3061 1870 3280 1938 Ἀμέλει
3335 1871 3429 1922 καὶ
3488 1870 3564 1941 τῷ
3611 1872 3836 1941 τοιούτῳ
3879 1872 4023 1941 λόγῳ

2443 1965 2838 2033 δειλαιιόμενος
2867 1964 2980 2017 οὔτ’
3014 1964 3175 2027 αὑτὸς
3202 1964 3580 2034 προσεπέλασε
3609 1967 3674 2034 τῇ
3698 1964 4018 2036 Ἀντιοχείᾳ,

2446 2061 2539 2110 καὶ
2564 2056 2640 2127 τῷ
2676 2056 2862 2127 Πέτρῳ
2895 2057 2951 2109 δὲ
2983 2057 3078 2109 καὶ
3106 2056 3185 2125 τῷ
3215 2056 3459 2125 Βούρτζῃ
3491 2056 3827 2126 παρήγγειλε
3862 2057 4023 2127 μηδε-

2449 2151 2578 2219 μίαν
2615 2145 2922 2218 προσϐολὴν
2956 2146 3287 2217 ποιήσασθαι
3325 2147 3445 2199 κατ’
3485 2147 3677 2215 αὐτῆς.
3706 2148 3847 2199 Ἀλλ’
3881 2150 4016 2201 ἐκεῖ

2447 2259 2534 2304 νος
2562 2241 2661 2310 μὲν
2690 2241 2861 2294 ταῦτα
2884 2238 3388 2308 καταστησάμενος,
3413 2238 3488 2300 ὡς
3501 2240 3725 2306 εἴπομεν
3754 2238 3838 2311 [Ρ.
3865 2238 4016 2311 657],

2447 2330 2669 2379 εἴσεισιν
2716 2330 2796 2390 εἰς
2848 2328 2946 2398 τὴν
2997 2326 3428 2394 βασιλεύουσανο
3462 2327 3489 2378 ό
3533 2327 3810 2398 Βούρτζης
3855 2328 3912 2379 δὲ
3956 2334 4020 2398 τῇ

2460 2420 2757 2489 Ἀντιοχείᾳ
2789 2420 3046 2487 γειτονῶν
3069 2421 3164 2473 καὶ
3194 2420 3347 2481 κλέος
3375 2419 3551 2491 ἐαυτῷ
3577 2418 3840 2473 ἄσϐεστον
3867 2438 3993 2491 περι

2449 2511 2777 2577 ποιήσασθαι
2828 2512 3191 2580 ἱμειρόμενος,
3238 2513 3409 2581 μικρὰ
3462 2512 3754 2581 φροντίσας
3792 2512 3900 2564 τῶν
3927 2512 4020 2563 τοῦ

2450 2600 2716 2669 βασιλέως
2747 2602 3060 2671 ὑποθηκῶν,
3097 2600 3310 2671 νύκτωρ
3344 2603 3438 2655 καὶ
3474 2603 3590 2671 μεθ’
3617 2603 3831 2674 ἡμέραν
3862 2603 4023 2656 ἐσκέ-

2450 2710 2614 2746 πτετο
2648 2696 2699 2746 ετ
2731 2711 2847 2757 πως
2881 2694 3134 2763 δυνηθείη
3170 2696 3461 2764 κατασχεῖν
3486 2694 3584 2763 τὴν
3615 2694 3789 2747 πόλιν.
3830 2694 4024 2765 Ἀπῄει

2449 2781 2541 2837 οὖν
2574 2785 2812 2853 συνεχῶς
2841 2784 2935 2838 καὶ
2962 2785 3151 2852 λόγους
3205 2787 3343 2854 μετά
3374 2785 3482 2837 τῶν
3507 2786 3827 2853 Ἀντιοχέων
3857 2787 4023 2839 ἐκίνει

2451 2878 2840 2947 συμϐατικούς,
2892 2877 3394 2946 Ἀλαζονευομένων
3426 2877 3471 2930 δ’
3521 2877 3746 2930 ἐκείνων
3792 2880 3885 2930 καὶ
3927 2881 4024 2942 τὰς

2452 2969 2752 3038 συμϐάσεις
2793 2968 3194 3037 διωθουμένων,
3245 2968 3437 3021 ἔλαθεν
3485 2970 3690 3031 ἐκεῖνος
3748 2968 4023 3038 φιλιωθείς

2449 3076 2555 3112 τινι
2592 3057 2697 3110 τῶν
2720 3058 3051 3127 Σαρακηνῶν
3083 3057 3284 3127 (Αὑλαξ
3304 3052 3457 3120 οὗτος
3484 3055 3595 3129 ἧν),
3626 3058 3687 3111 ὃν
3715 3059 4021 3126 ὑποκλέψας

2451 3152 2642 3221 δώροις
2666 3154 2756 3203 καὶ
2782 3149 3141 3218 ὑποσχέσεσιν
3164 3148 3347 3218 ῖσχυσε
3377 3148 3561 3201 λαϐεῖν
3584 3148 3642 3200 τὸ
3679 3148 3874 3218 μέτρον
3905 3148 4019 3209 ἐνὸς

2449 3245 2556 3296 τῶν
2588 3244 2721 3311 πρὸς
2752 3242 2903 3293 δύσιν
2938 3242 3034 3310 τῆς
3072 3240 3403 3309 Ἀντιοχείας
3448 3237 3675 3307 πύργων
3714 3238 3868 3291 Κάλα
3900 3238 4023 3290 τοῦ·

2448 3351 2607 3402 νομα.
2629 3334 2739 3386 Καὶ
2772 3331 2909 3399 μετὰ
2940 3329 3128 3383 τούτου
3152 3329 3552 3399 τεκτηνάμενος
3578 3329 3855 3397 κλίμακας
3887 3328 4023 3396 πρὶς

2448 3427 2508 3478 τὸ
2526 3428 2692 3494 ἄκρον
2723 3424 3111 3490 ἐξικνουμένας
3132 3420 3227 3472 τοῦ
3259 3420 3495 3489 πύργου,
3528 3419 3698 3471 νύκτα
3720 3436 3777 3471 τε
3804 3418 4019 3486 ἀφεγγῆ

2449 3519 2787 3587 ἐπιτηρήσας
2810 3516 2903 3566 καὶ
2927 3512 3223 3583 ἔπομϐρον,
3256 3511 3411 3564 ἔλαθε
3433 3512 3530 3572 τὰς
3555 3510 3825 3579 κλίμακας
3855 3525 4022 3579 προσ-

2448 3611 2667 3680 ερείσας
2714 3608 2790 3677 τῷ
2835 3607 3048 3679 πύργῳ.
3091 3604 3203 3656 Καὶ
3256 3601 3462 3665 ἀναϐὰς
3509 3601 3649 3671 μετὰ
3696 3600 4022 3670 τριακοσίων

2446 3703 2556 3756 τῶν
2596 3701 2686 3753 ὑπ’
2713 3700 2891 3753 ἀὑτὸν
2941 3700 3066 3757 τοὺς
3106 3697 3202 3766 μὲν
3253 3694 3500 3761 φύλακας
3543 3692 3878 3759 ἀποσφάττει
3926 3687 4022 3743 τοῦ

2450 3796 2683 3865 πύργου,
2714 3794 2793 3845 ἔτι
2823 3792 2878 3845 δὲ
2904 3793 2997 3843 καὶ
3030 3789 3122 3843 τοῦ
3154 3786 3522 3856 γειτονοῦντος
3550 3781 3724 3854 αὐτῷ’
3760 3784 3853 3835 καὶ
3886 3782 4020 3851 μετὰ

2448 3888 2557 3941 τῶν
2583 3883 2921 3957 τριακοσίων
2946 3882 3071 3944 τοὺς
3099 3879 3192 3934 δύο
3220 3878 3444 3937 τούτους
3475 3874 3718 3944 πύργους
3748 3888 4013 3940 κατεσχη-

2449 3978 2559 4041 κὼς
2589 3978 2817 4045 ᾰγγελον
2841 3975 3041 4034 εὐθέως
3072 3972 3349 4041 ἐκπέμπει
3387 3968 3521 4038 πρὸς
3558 3968 3648 4019 τὸν
3681 3962 4021 4035 στρατοπεδ-

2449 4074 2642 4142 ἁρχην,
2681 4069 2896 4141 μηνύων
2922 4064 3240 4135 ἐπιταχῦναι
3273 4064 3365 4116 καὶ
3397 4061 3571 4115 ἐλθεῖν
3628 4056 3766 4128 μετὰ
3818 4055 4019 4115 παντὸς

2448 4164 2542 4217 τοῦ
2586 4160 2817 4229 στρατοῦ
2846 4160 2921 4221 ὡς
2949 4159 3047 4227 τῆς
3077 4158 3282 4217 πόλεως
3327 4154 3426 4223 ἤδη
3460 4147 3915 4220 κατασχεθείσης.
3964 4145 4021 4198 '0

2447 4256 2505 4310 δὲ
2532 4254 2736 4323 Πέτρος
2774 4251 2872 4315 τάς
2918 4248 3176 4318 ἀγγελίας
3240 4247 3532 4315 δεξάμενος
3578 4242 3743 4298 ὣκνει
3787 4238 3883 4292 καὶ⁵
3930 4239 4020 4290 ἀν-

2450 4340 2654 4407 εδύετο,
2682 4346 2784 4414 τὴν
2816 4347 2881 4398 ἐκ
2916 4340 3009 4395 τοῦ
3041 4340 3304 4411 βασιλέως
3333 4336 3587 4399 δεδοικὼς
3627 4332 4017 4402 ἀγανάκτησιν,

2454 4443 2529 4513 μή
2562 4459 2613 4493 τι
2649 4440 2742 4491 καὶ
2772 4437 2941 4492 κακὸν
2969 4433 3251 4501 ἀπολαύσῃ
3274 4431 3349 4494 ὡς
3379 4427 3702 4498 παραϐάτης
3729 4424 3837 4477 τῶν
3859 4420 4020 4474 αὑτοῦ

776 4520 906 4574 lium
924 4522 1165 4575 omnium
1190 4524 1648 4590 praestantissima».
1666 4527 1966 4593 periculum
1985 4527 2345 4598 incumberet)
2373 4519 2426 4581 Ι)
2455 4551 2517 4603 πε

2277 4519 2914 4603 εῐ)Ῑ)προσταγμά-εων.
2972 4523 3323 4594 Ἐγκειμένου
3380 4520 3439 4574 δὲ
3494 4518 3588 4571 τοῦ
3647 4513 3889 4586 Βούρτζη
3934 4514 4018 4566 καὶ

776 4610 991 4677 Petrus,
1013 4614 1211 4667 timens
1236 4628 1306 4666 ne
1334 4630 1486 4668 suam
1517 4614 1587 4669 ob
1614 4616 1967 4685 pertinaciam
1999 4626 2077 4673 tot
2099 4618 2345 4689 tantique

777 4704 878 4757 viri
912 4705 1173 4773 perirent,
1213 4714 1270 4759 et
1314 4716 1477 4761 tanta:
1518 4707 1673 4762 urbis
1716 4708 1984 4777 jacturatn
2038 4694 2345 4779 respublica

777 4792 1021 4848 Romana
1069 4793 1298 4855 faceret,
1330 4797 1412 4849 vel
1475 4797 1678 4852 invitus
1734 4812 1944 4853 summa
1998 4799 2344 4855 festinatione

780 4883 1096 4937 universum
1140 4886 1438 4939 exercitum
1483 4888 1720 4963 adducit.
1749 4888 1866 4944 Jam
1912 4905 2128 4945 omnem
2177 4907 2346 4961 prope

781 4988 934 5042 spem
963 4974 1156 5029 salutis
1179 4974 1377 5029 Burtza
1402 4992 1523 5029 cum
1560 4978 1674 5032 suis
1707 4972 2048 5043 dimiserant,
2077 4989 2187 5036 tres
2215 4997 2346 5037 con-

784 5064 1019 5121 tinenter
1052 5073 1243 5118 noctes
1299 5065 1526 5138 diesque
1579 5071 1871 5139 Oppugnati
1913 5088 1925 5125 :
1960 5073 2054 5127 sed
2112 5074 2347 5129 adventu

779 5154 925 5209 Petri
957 5156 1354 5225 oppidanorum
1397 5161 1754 5216 conciderunt
1815 5165 1978 5219 animi
2026 5182 2089 5221 ac
2141 5168 2350 5222 remisit

780 5248 1147 5313 vehementia,
1180 5258 1236 5304 et
1255 5250 1477 5307 Burtzas
1497 5253 1807 5310 facultatem
1832 5267 2023 5313 nactus
2042 5260 2107 5313 ad
2136 5269 2345 5328 portam

783 5334 1084 5407 descendit,
1107 5356 1171 5396 ac
1200 5345 1458 5412 repagula
1478 5361 1607 5400 ense
1630 5348 1886 5412 dissecto,
1912 5352 2118 5418 apertis
2140 5351 2348 5407 foribus

781 5432 1004 5498 Petrum
1028 5435 1282 5493 admittit.
1312 5437 1653 5508 Nicephorus
1672 5442 1832 5497 allato
1850 5444 1927 5497 rei
1948 5445 2111 5514 hujus
2129 5448 2343 5512 nuntio,

782 5539 905 5579 cum
932 5526 1166 5596 gaudere
1211 5530 1281 5583 ob
1315 5539 1520 5585 tantam
1556 5534 1745 5588 urbem
1806 5545 1860 5589 et
1908 5552 1994 5591 res
2054 5553 2180 5593 suas
2235 5540 2342 5594 Deo

2450 4624 2611 4680 ἀλλον
2640 4624 2726 4675 ἐπ’
2766 4621 2912 4689 ἄλλῳ
2937 4617 3248 4688 πέμποντος
3293 4612 3527 4682 ἄγγελον
3553 4609 3647 4663 καὶ
3684 4608 3782 4676 τὴν
3812 4607 4021 4659 ἔλευσιν

2455 4713 2894 4784 ἐπιταχύνοντος.
2930 4710 3024 4762 καὶ
3072 4702 3541 4777 πληροφοροῦντος
3597 4700 3673 4762 ὡς
3734 4696 3825 4751 ἐπὶ
3858 4695 4020 4748 πλέον

2451 4808 2698 4875 ἀντέχειν
2733 4803 2794 4857 οὑ
2826 4800 3053 4854 δύναται
3095 4798 3230 4869 πρὸς
3266 4795 3367 4865 τὴν
3401 4790 3719 4863 πολιορκίαν
3765 4788 3881 4859 (καὶ
3913 4787 4021 4855 γὰρ

2448 4900 2512 4971 δὴ
2566 4898 2829 4969 μαθόντες
2853 4897 2900 4948 οἱ
2938 4893 3243 4961 υἈντιοχεῖς
3280 4887 3377 4960 τὴν
3427 4886 3536 4939 τῶν
3586 4878 4020 4983 πύργων-κατα-

2458 5009 2641 5063 σχεσιν
2674 4989 2961 5061 συνέρρεον
2986 4981 3323 5052 πανταχόθεν
3354 4978 3449 5032 καὶ
3490 4973 4021 5063 ἐκπολιορκεῖνλτους

2456 5060 2698 5153 πύργους
2726 5060 3039 5151 ἠπείγοντο,
3073 5076 3200 5146 βέλη
3248 5074 3294 5135 δ’
3326 5072 3557 5140 ἀφέντες
3587 5060 4020 5165 πα-ντοδαπάνκαὶ

2460 5174 2708 5245 μηχανὰς
2737 5170 2989 5233 ποικίλας
3008 5167 3067 5220 τδ
3090 5166 3200 5234 πῦρ
3226 5164 3491 5232 ὑφῆπτον,
3517 5160 3611 5253 και
3646 5156 3779 5211 ἄλλα
3807 5154 4019 5253 ἐποίουν

2454 5242 2628 5322 όπόσα
2660 5264 2830 5317 ποιεῖν
2860 5261 2966 5313 ἔδει
2987 5259 3110 5321 τοὺς
3132 5253 3541 5313 κινδυνεύοντας
3566 5249 3662 5303 σὺν
3687 5242 3901 5314 γυναιξὶ
3928 5242 4019 5292 καὶ

2453 5361 2659 5420 τέκνοις
2687 5353 3048 5411 ἀπολωλέναι.
3092 5346 3384 5402 ἀποϐαλεῖν
3432 5343 3487 5396 δέ
3515 5342 3608 5395 καὶ
3649 5338 3802 5391 πόλιν
3831 5330 4018 5386 πασῶν

2452 5447 2855 5520 ὑπερκειμένην
2876 5444 2982 5496 τῶν
3005 5443 3107 5495 ἀνά
3124 5441 3221 5509 τὴν
3236 5440 3350 5493 Ἕω
3370 5434 3621 5504 πόλεων)·
3650 5428 3903 5497 πτοηθείς
3992 5423 4016 5472 ὁ

2460 5517 2938 5611 στρατοπεδάρχης
2971 5535 3046 5606 μὴ
3070 5535 3337 5589 τοσούτων
3367 5530 3722 5585 ἀπολωλότων
3751 5520 3841 5575 καὶ
3869 5517 4018 5588 τηλι·

1928 5691 2274 5749 XYLANDRI
2311 5697 2396 5751 ΕΤ
2421 5695 2627 5751 GOARI
2670 5695 2895 5752 ΝΟΤᾹΞ.

854 5800 965 5868 (16)
1004 5802 1309 5855 Castrorum
1343 5805 1660 5857 "tonsoribus
1689 5806 2009 5872 prmj‘cctmn,
2042 5819 2342 5860 mctatormn
2382 5812 2719 5877 prrrrimuun.
2753 5810 2917 5862 Camn.
