4410 6452
816 404 919 463 10:}

2067 401 2379 457 iiiitlitGll
2426 401 2762 458 (IEDiiENI

3956 388 4050 453 104

811 531 872 569 ac
904 512 1189 567 facundiam
1216 510 1392 562 V'ntuit
1419 510 1582 562 etiam
1612 512 1782 580 legem
1810 510 1973 567 ferre.
1997 526 2098 575 qua
2125 509 2386 561 militibus
2420 513 2460 571 Α
2493 526 2552 558 πε

2312 524 2386 561 -us
2420 513 2460 571 Α
2493 508 2721 575 περιττὰ
2757 506 3184 575 ἀνελαμὸάνετο.
3219 503 3326 556 Καὶ
3374 504 3508 561 ἄλλα
3542 501 3659 554 τινά
3709 499 4053 569 διατάγματα

813 608 864 658 in
908 605 1048 658 bello
1114 601 1562 655 occumbentibus
1618 611 1911 669 martyrum
1959 599 2385 652 dect-rnermrtur

814 698 1069 756 honores,
1106 703 1163 746 ut
1192 694 1282 760 qui
1313 692 1412 745 alia
1455 692 1599 745 nulia
1628 693 1677 743 iu
1707 705 1761 743 re
1793 707 1953 758 quam
1993 693 2044 743 in
2093 691 2233 742 bello
2269 690 2386 741 aui-

814 803 913 840 mae
933 787 1219 839 collocaret
1242 784 1469 837 salutem
1493 800 1505 845 ;
1532 782 1701 850 patria
1714 782 2006 847 rchamque
2028 792 2079 833 et
2098 783 2385 848 episcopos

811 890 1041 936 conatus
1068 891 1152 932 est
1183 881 1247 931 ad
1285 894 1402 932 eam
1428 879 1760 945 probandam
1794 876 2031 945 adigere.
2059 876 2161 927 Sed
2192 877 2381 926 θοι-οη]

812 973 1034 1041 quidam
1064 972 1279 1025 fortiter
1308 970 1628 1021 resistentes
1657 983 1780 1019 eum
1815 984 1841 1018 a
1892 968 2166 1036 proposito
2209 967 2385 1017 dimo-

810 1075 1029 1126 vcrunt,
1055 1065 1262 1132 prolato
1295 1062 1345 1113 in
1393 1061 1631 1113 medium
1667 1060 1844 1113 Basilii
1912 1060 2085 1128 Magni
2152 1074 2381 1123 canone,

812 1160 901 1225 qui
937 1173 1032 1225 per
1072 1153 1365 1207 triennium
1400 1153 1566 1205 sacris
1623 1153 1797 1204 arceri
1840 1152 1995 1217 jubet
2035 1166 2128 1201 eos
2158 1150 2246 1217 qui
2286 1151 2381 1203 ho~

814 1263 949 1302 stem
1022 1246 1164 1299 bello
1240 1245 1667 1297 interfecissent.
1741 1242 2014 1294 Nomisina
2092 1242 2253 1294 etiam
2302 1251 2385 1293 at-

814 1340 1079 1400 tenuavit,
1136 1346 1397 1391 tetartero
1429 1339 1745 1404 excogitato.
1803 1333 2048 1401 Cumque
2105 1352 2171 1387 eo
2229 1335 2387 1386 modo

810 1433 1011 1500 duplex
1038 1439 1183 1484 esset
1212 1445 1488 1490 nummus,
1517 1429 1807 1495 pensiones
1830 1428 2059 1495 publica:
2084 1446 2202 1496 grav
2220 1428 2384 1481 iorem

811 1524 1145 1593 exigebant,
1199 1521 1376 1574 minor
1435 1520 1487 1571 in
1544 1519 1854 1587 sumptibus
1911 1518 2173 1571 faciendis
2232 1519 2391 1570 dissi-

814 1616 1069 1682 pabatur.
1105 1614 1351 1679 Cumque
1393 1620 1540 1663 esset
1574 1610 1689 1678 lege
1730 1619 1783 1661 et
1811 1609 2205 1661 consuetudine
2237 1622 2387 1660 rece-

813 1715 962 1773 ptum
988 1713 1045 1756 ut
1080 1718 1272 1755 omnes
1294 1703 1501 1754 nummi
1531 1701 1766 1768 imagine
1789 1699 2136 1768 imperatoris
2156 1699 2388 1765 alicujus

812 1791 1007 1853 notati,
1044 1790 1206 1842 modo
1261 1791 1486 1859 ponderi
1518 1790 1667 1855 justo
1698 1788 1833 1841 nihil
1883 1790 2203 1851 decederet,
2239 1790 2384 1841 idem

2488 602 2708 653 διετίθει
2748 602 2928 651 πᾶσαν
2977 599 3119 651 ἰδέαν
3173 596 3419 663 ἀνάγκης
3476 594 3978 663 ὑπερεκπίπτοντα,
4023 592 4057 645 ἃ

2489 692 2629 743 κατὰ
2662 689 2825 759 μέρος
2852 690 3109 755 διεξιέναι
3139 687 3519 758 μεγαληγόρου
3540 688 3706 740 δεῖται
3741 688 3833 739 καὶ
3864 689 4056 751 φρενὸς

2488 784 2583 835 καὶ
2610 781 2873 851 γλώττης.
2928 782 3258 834 Ἐσπούδασε
3296 780 3352 832 δὲ
3406 780 3497 830 καὶ
3522 779 3683 847 νόμον
3715 781 3887 832 θεῖναι
3932 781 4055 837 τοὺς

2488 877 2545 927 έν
2574 874 2828 943 πολέμοις
2858 873 3302 942 ἀποθνήσκοντας
3338 870 3677 940 στρατιώτας
3706 874 4055 942 μαρτυρικὼν

2489 966 2769 1029 ἀξιοῦσθαι
2786 984 2841 1031 γε
2854 966 2980 1033 ρῶν,
2996 968 3052 1016 ἐν
3070 968 3215 1034 μόνῳ
3229 965 3305 1034 τῷ
3321 965 3539 1034 πολέμῳ
3554 966 3837 1031 τιθέμενος
3854 967 3942 1017 καὶ
3961 966 4055 1016 οὐκ

2490 1058 2547 1106 ὲν
2574 1056 2717 1124 ἄλλῳ
2743 1055 2850 1108 τινὶ
2879 1055 2976 1121 τὴν
3010 1055 3110 1123 τῆς
3133 1055 3307 1123 ψυχῆς
3336 1057 3627 1125 σωτηρίαν.
3656 1057 3972 1123 Κατήπειγε
4002 1056 4055 1107 δὲ

2488 1147 2582 1197 καὶ
2607 1147 2698 1197 τὸν
2730 1146 3074 1215 πατριάρχην
3106 1147 3198 1197 καί
3246 1149 3368 1208 τοὺς
3409 1145 3738 1207 ἐπισκόπους
3771 1145 4056 1198 συνθέσθαι

2488 1238 2565 1305 τῷ
2588 1238 2818 1306 δόγματι
2844 1256 2855 1269 ·
2879 1239 3014 1292 ἀλλά
3038 1255 3180 1300 τινες
3203 1239 3404 1301 τούτων
3429 1240 3690 1307 γενναίως
3712 1239 4056 1300 ἀντιστάντες

2488 1328 2756 1398 ἀπεῖρξαν
2810 1330 2973 1383 αὑτὸν
3012 1330 3106 1383 τοῦ
3156 1330 3393 1390 σκοποῦ,
3433 1331 3723 1398 προθέντες
3780 1331 3857 1391 εἰς
3898 1332 4057 1398 μέσον

2490 1423 2578 1472 τὸν
2630 1421 2722 1472 τοῦ
2767 1420 3002 1489 μεγάλου
3074 1422 3350 1477 Βασιλείου
3407 1422 3627 1485 κανόνα,
3685 1423 3775 1475 ἐπὶ
3820 1424 4057 1489 τριετὶαν

2492 1512 2889 1579 ἁκοινωνήτους
2920 1506 3059 1563 εἶναι
3106 1511 3337 1573 λέγοντα
3386 1514 3508 1575 τοὺς
3544 1513 3800 1580 πολέμιον
3859 1515 3915 1565 ἓν
3955 1534 4057 1567 τιιι

2492 1603 2714 1672 πολέμῳ
2744 1604 3105 1672 ἀνῃρηκότας.
3151 1602 3457 1655 Ἦλάττωσε
3485 1605 3540 1656 δὲ
3572 1606 3662 1656 καὶ
3710 1605 3769 1656 τὸ
3796 1606 4055 1675 νόμισμα,

2489 1695 2550 1745 το
2586 1695 2877 1762 λεγόμενον
2919 1694 3250 1764 τεταρτηρον
3291 1696 3401 1763 (l9)
3449 1695 3531 1765 [Ρ.
3585 1695 3712 1766 669]
3741 1698 4056 1765 ἐπινοήσας.

2491 1784 2690 1837 Διπλοῦ
2723 1786 2779 1837 δὲ
2807 1785 2901 1837 τοῦ
2942 1787 3279 1855 νομίσματος
3309 1787 3497 1839 ἔκτοτε
3543 1788 3853 1853 γεγονότος,
3884 1791 3917 1857 ἡ
3963 1791 4059 1858 μὲν

812 1883 1075 1941 valerent,
1106 1881 1221 1948 ipse
1266 1895 1359 1931 sua
1390 1880 1635 1947 insignes
1675 1880 1908 1949 imagine
1952 1881 2218 1948 prmferri,
2253 1882 2386 1932 alio-
2421 1854 2461 1909 Β
2494 1879 2553 1929 et:

2315 1883 2386 1932 io-
2421 1854 2461 1909 Β
2494 1878 2780 1944 είσπραξις
2802 1876 2908 1928 τῶν
2930 1877 3205 1946 δημοσίων
3233 1880 3415 1947 φόρων
3438 1879 3498 1930 τὸ
3523 1879 3819 1948 βαρύτερον
3843 1854 4056 1949 ἀπῄτει,

816 1988 935 2024 rum
964 1971 1233 2039 depressis
1266 1969 1477 2037 pretiis,
1505 1971 1696 2023 voluit.
1736 1970 1914 2039 anue
1945 1988 1999 2023 re
2032 1972 2172 2023 haud
2200 1971 2390 2024 leviter

815 2063 1048 2115 subditis
1074 2062 1127 2113 in
1170 2062 1668 2129 permutationibus
1720 2062 2161 2116 ineonunodavit.
2200 2062 2390 2115 Deter—

816 2156 1010 2207 rimum
1054 2154 1156 2206 hoc
1198 2155 1319 2215 fuit,
1346 2153 1513 2221 quod,
1548 2152 1826 2221 republica
1864 2152 1945 2205 bis
1983 2152 2146 2205 rebus
2183 2153 2388 2216 attrita,

818 2246 1038 2299 interim
1071 2262 1253 2299 rerum
1290 2246 1561 2299 venalium
1600 2246 1746 2298 nulla
1780 2244 1880 2298 fuit
1904 2245 2180 2298 allevatio.
2214 2245 2390 2311 Atque

815 2340 931 2391 haec
958 2340 1137 2392 omnia
1170 2354 1291 2391 cum
1322 2344 1505 2391 essent
1551 2336 1951 2400 molestissima,
1983 2336 2263 2406 aegerrime
2306 2335 2389 2388 ci-

819 2444 912 2482 ves
942 2432 1179 2481 tulerunt
1201 2428 1381 2497 palatii
1412 2427 1789 2480 munitionem.
1822 2425 1953 2478 Nam
1980 2426 2166 2479 multis
2189 2441 2306 2493 quae
2339 2426 2391 2478 in

817 2521 1003 2574 orbem
1047 2519 1191 2572 circa
1236 2517 1493 2585 palatium
1540 2527 1694 2571 erant
1744 2516 1983 2585 pulchris
2025 2516 2188 2585 370
2234 2525 2396 2585 atque

818 2616 1028 2684 magnis
1058 2612 1315 2680 operibus
1340 2611 1563 2679 deiectis
1592 2625 1773 2662 arcem
1806 2624 1868 2662 ac
1934 2608 2115 2661 sedem
2158 2607 2397 2677 tyranni-

822 2722 942 2759 eam
991 2714 1181 2760 contra
1233 2703 1461 2758 miseros
1489 2702 1636 2754 cives
1668 2700 1865 2768 palatio
1914 2699 2166 2761 astruxit,
2233 2698 2285 2751 in
2333 2712 2396 2751 ea

824 2798 1009 2862 cellas,
1045 2796 1317 2865 granaria,
1346 2793 1587 2847 clibanos
1614 2801 1667 2845 et
1701 2792 1889 2845 furnos
1922 2791 2162 2844 condens
2194 2799 2249 2844 et
2284 2804 2401 2842 om-

820 2889 982 2941 nibus
1035 2901 1217 2940 rerum
1265 2884 1560 2955 generibus
1613 2883 1865 2951 impleus.
1905 2880 2223 2934 Przedictum
2254 2880 2397 2933 enim

825 2980 1000 3033 fuerat
1042 2979 1093 3032 ei
1149 2978 1204 3031 in
1258 2976 1458 3045 palatio
1517 2975 1693 3043 ipsum
1752 2972 2095 3025 moriturum.
2137 2969 2400 3023 Nimirum

825 3080 1004 3123 autem
1069 3068 1353 3138 ignorabat
1416 3066 1690 3119 incassum
1753 3063 2099 3116 excubitores
2152 3061 2399 3129 vigilare,

826 3163 937 3216 Deo
966 3161 1153 3215 urbem
1197 3175 1305 3213 non
1345 3157 1710 3212 custodiente.
1753 3155 1969 3208 Etenim
2013 3168 2119 3221 quo
2161 3161 2403 3220 tempore

826 3270 1017 3309 murus
1047 3252 1232 3322 palatii
1267 3251 1628 3313 condebatur,
1657 3254 1819 3303 nocte
1848 3245 2077 3315 quadam
2122 3260 2217 3313 per
2258 3259 2403 3297 mare

831 3347 1130 3400 subvectus
1151 3342 1431 3412 aliquisita
1463 3340 1791 3394 vociferatus
1821 3346 1902 3390 est
1937 3354 1949 3390 :
1982 3356 1999 3389 ι
2024 3335 2068 3390 0
2092 3336 2405 3405 imperator,

830 3435 993 3506 erigis
1026 3450 1211 3488 muros
1243 3451 1255 3489 :
1290 3443 1344 3488 et
1370 3430 1583 3485 tametsi
1615 3430 1700 3483 vel
1732 3430 1797 3483 ad
1820 3429 2019 3483 coelum
2052 3442 2147 3481 eos
2185 3427 2405 3490 educas,

832 3527 979 3580 intus
1010 3541 1131 3579 cum
1167 3524 1239 3578 sit
1282 3523 1509 3583 malum,
1543 3522 1673 3575 urbs
1695 3530 1858 3589 captu
1886 3520 2056 3573 facilis
2092 3528 2195 3573 est.
2239 3537 2254 3567 ι
2302 3517 2405 3584 Qui

834 3616 949 3670 lucc
981 3616 1131 3673 dixit.
1163 3615 1255 3667 diu
1284 3614 1623 3678 multumque
1652 3619 1734 3665 est
1758 3609 2037 3679 quaesitus,
2081 3622 2187 3661 non
2225 3616 2404 3662 tamen

838 3707 1115 3759 inventus.
1152 3704 1305 3759 Muro
1332 3703 1476 3757 enim
1509 3701 1754 3755 absoluto
1786 3709 1915 3753 tunc
1948 3698 2129 3768 periit,
2177 3713 2237 3752 ea
2291 3698 2405 3767 ipsa

836 3796 945 3859 die,
997 3811 1118 3849 cum
1177 3795 1225 3848 ei
1263 3795 1440 3847 claves
1497 3792 1540 3844 is
1588 3792 1673 3845 cui
1724 3791 1775 3844 id
1816 3790 2015 3859 negotii
2055 3789 2405 3844 couuuissum

836 3896 955 3941 erat
980 3888 1033 3942 in
1058 3904 1253 3942 manus
1278 3886 1533 3941 traderet.

2498 1968 2555 2017 ἐν
2583 1966 2637 2017 δὲ
2672 1969 2790 2028 ταῖς
2822 1965 3021 2029 ἐξόδοις
3050 1967 3109 2018 τὸ
3147 1967 3343 2037 μικρὸν
3383 1969 3759 2038 ὲσκορπίζετο.
3786 1970 3971 2037 Νόμου
4006 1971 4061 2021 δὲ

2499 2060 2594 2110 καὶ
2628 2059 2780 2121 ἔθους
2809 2060 2975 2110 ὄντων
2998 2061 3196 2122 παντὸς
3233 2061 3555 2130 χαρακτῆρα
3589 2060 3868 2129 βασιλέως,
3908 2064 3954 2111 εἰ
3989 2061 4064 2128 μὴ

2497 2150 2574 2218 τῷ
2606 2150 2832 2218 σταθμῷ
2864 2150 3162 2215 ὲλαττοῖτο,
3199 2150 3431 2219 δύναμιν
3471 2151 3613 2219 ἔχειν
3655 2153 3915 2219 ἰσότιμον,
3952 2155 3977 2203 ὁ
4007 2153 4062 2201 δὲ

2500 2238 2591 2291 τὸν
2621 2239 2815 2291 ἑαυτοῦ
2851 2238 3249 2308 προκεκρίσθαι
3284 2241 3697 2310 ἐνομοθέτησεν,
3732 2242 4065 2303 ὑποϐιϐάσας

2503 2332 2629 2391 τοὺς
2669 2332 2777 2381 τῶν
2808 2330 3002 2382 ἄλλων.
3046 2330 3135 2393 Ἐξ
3157 2327 3224 2402 ἧς
3253 2331 3431 2393 αἰτίας
3458 2333 3519 2384 οὐ
3555 2333 3765 2401 μικρῶς
3792 2332 3973 2398 ἕθλιψε
4007 2335 4066 2385 τὸ

2504 2422 2743 2491 ὑπήκοον
2789 2424 2847 2474 ὲν
2889 2424 2999 2485 τοῖς
3046 2422 3357 2490 λεγομένοις
3405 2424 3702 2490 ἀλλαγίοις.
3756 2424 3863 2475 Καὶ
3902 2424 3961 2475 τὸ
4005 2425 4067 2491 δὴ

2504 2511 2795 2579 χείριστον,
2831 2514 2892 2564 ὲκ
2919 2513 3015 2578 τῆς
3048 2513 3301 2581 τοιαύτης
3333 2513 3507 2574 αἰτίας
3538 2513 3630 2563 τοῦ
3673 2513 4065 2580 πολιτεύματος

2505 2602 2830 2669 πιεζομένου
2850 2604 3105 2669 οὐδεμίαν
3132 2603 3377 2670 εὐθηνέαι
3399 2604 3647 2668 ἐδέξαντο
3679 2604 3745 2657 τὰ
3766 2604 4067 2670 ὠνούμενοι.

2505 2694 2673 2745 Πλέον
2701 2693 2755 2744 δὲ
2782 2694 2887 2744 τῶν
2919 2692 3093 2745 ἀλλων
3125 2694 3314 2759 ἠνίασε
3335 2694 3460 2755 τοὺς
3487 2696 3825 2763 ἀνθρώπους,
3862 2697 4063 2762 καίπερ

2508 2784 2626 2833 λίαν
2654 2782 2822 2833 ὄντων
2853 2782 3270 2849 χαλεπωτάτων,
3319 2785 3351 2853 ἡ
3385 2783 3477 2835 τοῦ
3511 2785 3723 2853 τείχους
3747 2787 3921 2843 κτίσις
3964 2788 4070 2837 τῶν

2506 2874 2804 2927 παλατίων.
2830 2874 3007 2926 [Ιολλά
3024 2877 3130 2942 γάρ
3155 2874 3291 2944 ἔργα
3319 2875 3500 2944 κύκλῳ
3524 2877 3648 2927 ὄντα
3667 2876 3759 2929 τοῦ
3784 2878 4065 2937 παλατίου.

2509 2969 2589 3028 είς
2612 2965 2806 3027 κάλλος
2845 2966 2937 3017 καὶ
2974 2966 3201 3034 μέγεοος
3237 2966 3653 3035 ἐξειργασμένα,
3698 2969 4071 3037 καταστρεψά,

2515 3076 2697 3127 μενος,
2729 3058 3024 3125 ἀκρόπολιν
3065 3060 3159 3109 καὶ
3197 3062 3509 3125 τυραννεῖον
3548 3060 3688 3111 κατὰ
3729 3061 3833 3111 τῶν
3874 3061 4071 3113 ἀθλίων

2512 3147 2746 3198 πολιτῶν
2798 3149 3200 3216 ἀπειργάσατο,
3243 3149 3529 3217 ἀποθήκας
3575 3151 3667 3202 καὶ
3720 3152 4070 3214 σιτοϐολώνας

2429 3206 2474 3269 C
2512 3236 2722 3289 ἔνδοθεν
2757 3240 2848 3288 καὶ
2897 3239 3081 3299 ἰπνοὺς
3115 3239 3211 3289 καὶ
3243 3238 3527 3300 κλιϐάνους
3569 3242 3941 3309 ἐργασάμενος
3980 3246 4070 3295 καὶ

2515 3328 2809 3395 πληρώσας
2843 3328 3019 3380 εἰδῶν.
3051 3329 3490 3396 [Ιροτεθέσπιστο
3520 3332 3628 3401 γὰρ
3676 3333 3823 3401 αὑτῴ
3868 3335 4074 3386 ἔνδοθεν

2514 3418 2605 3471 τοῦ
2634 3420 2900 3472 παλατίου
2941 3420 3230 3473 ἀποθανεῖν
3264 3421 3393 3489 (9.0),
3443 3425 3625 3489 ἡγνοει
3655 3423 3717 3485 δ’,
3765 3425 3838 3487 ὡς
3878 3426 4071 3490 ἔοικεν,

2514 3512 2588 3572 ὼς
2622 3512 2669 3563 εί
2699 3511 2773 3581 μὴ
2825 3512 3025 3579 Κύριος
3072 3512 3296 3579 φυλάξει
3348 3516 3520 3575 πόλιν,
3555 3516 3632 3576 είς
3685 3516 3859 3584 μάτην
3911 3517 4078 3584 ῂγρύ-

2514 3620 2718 3672 πνησεν
2746 3606 2773 3656 ὁ
2801 3603 3106 3670 φυλάσσων.
3131 3604 3257 3657 Ὅτε
3287 3606 3392 3674 γὰρ
3414 3606 3472 3656 τὸ
3499 3609 3672 3674 τεῖχος
3697 3606 3788 3658 τοῦ
3819 3608 4071 3660 παλατίον

2513 3694 2966 3758 κατεσκευάζετο,
3017 3696 3113 3763 μιᾷ
3144 3696 3250 3745 τῶν
3292 3697 3501 3747 νυκτῶν
3536 3697 3637 3747 ἀνὰ
3678 3698 3775 3766 τὴν
3809 3700 4079 3751 θάλασσαν

2516 3786 2802 3837 ὑποπλέων
2852 3803 2934 3847 τις
2983 3786 3299 3854 ἐξεὸὁησεν·
3342 3805 3358 3835 ι
3398 3783 3465 3839 Ὠ
3524 3789 3767 3855 βασιλεῦ,
3809 3790 3958 3856 ὑψοὶς
4014 3791 4080 3842 τὰ

2514 3877 2689 3945 τείχη,
2738 3878 2839 3928 κᾶν
2886 3878 3045 3946 μέχρι
3086 3877 3249 3928 πόλου
3297 3878 3538 3946 φθάσῃς,
3591 3878 3735 3931 ἔνδον
3781 3879 3838 3932 τὸ
3888 3880 4076 3943 κακὸν,

843 3980 1176 4046 εὐάλωτος-1]
1223 3979 1396 4038 πόλις.
1430 3995 1447 4026 ι
1498 3974 1677 4026 Πολλά
1715 3974 1770 4026 δὲ
1800 3970 2160 4041 ἀναξητηθεὶς
2200 3973 2227 4023 ὁ
2259 3974 2416 4024 τοῦτο
2455 3968 2625 4020 εἰπὼν
2668 3970 2766 4037 οὐχ
2820 3968 3039 4037 εὑρέθη.
3086 3968 3191 4020 Τοῦ
3244 3968 3455 4037 τείχους
3499 3970 3605 4039 γὰρ
3687 3972 4080 4032 τελειωθέντοςν

836 4078 956 4129 τότε
989 4076 1187 4144 συνέϐη
1220 4076 1313 4127 καὶ
1346 4071 1506 4124 αὑτὸν
1536 4072 1657 4125 κατ’
1691 4071 1858 4141 αὐτὴν
1890 4070 1987 4138 τὴν
2021 4068 2233 4139 ἡμέραν
2286 4066 2604 4131 ἀποθανεῖν,
2660 4066 2894 4133 ὁπηνίκα
2941 4064 3038 4125 τὰς
3110 4066 3256 4127 κλεῖς
3318 4068 3344 4117 ὀ
3389 4066 3486 4135 τὴν
3548 4068 3862 4136 ἐπιμέλειαν
3902 4071 4081 4121 έττιτε-

837 4167 1150 4238 τραμμένος
1180 4166 1358 4234 φέρων
1386 4162 1532 4231 αὑτῷ
1559 4161 1878 4231 ἐνεχείρισε.

910 4258 1155 4313 Accessit
1180 4257 1243 4310 ad
1276 4255 1392 4309 bzec
1416 4254 1583 4319 aliud,
1620 4253 1763 4322 quod
1789 4252 1911 4307 odia
1941 4253 1993 4306 in
2032 4253 2414 4320 imperatorem

844 4350 1202 4420 exasperavit.
1222 4348 1340 4417 Ipso
1359 4347 1636 4400 Paschalis
1660 4345 1797 4400 festo
1812 4345 1919 4409 die,
1939 4354 2059 4398 orto
2082 4344 2224 4397 inter
2241 4344 2414 4396 socios

843 4443 1061 4496 navales
1108 4449 1163 4493 et
1196 4438 1481 4492 Armenios
1530 4437 1787 4491 conflictu
1838 4436 2091 4503 utrinque
2127 4435 2278 4488 multi
2314 4450 2410 4503 pe-

846 4532 1075 4590 rierunt,
1116 4536 1169 4580 et
1210 4534 1439 4580 mortem
1474 4540 1613 4595 aagre
1661 4525 1837 4578 evasit
1867 4521 2099 4577 Sisiuius
2131 4524 2410 4591 patricius,
2448 4552 2489 4606 υ

847 4624 996 4677 urbis
1030 4619 1342 4691 praefectus.
1371 4618 1578 4673 Exinde
1602 4617 1742 4670 fama
1771 4616 2004 4670 obtinuit
2034 4616 2412 4685 imperatorem

847 4712 1057 4768 civibus
1084 4709 1376 4767 infensum.
1408 4707 1548 4777 quod
1570 4722 1663 4762 eos
1686 4707 1849 4775 hujus
1881 4706 2146 4759 tumultus
2169 4714 2417 4758 auctores

850 4810 1125 4862 censeret,
1176 4798 1430 4853 statuisse
1463 4798 1603 4852 ludis
1632 4797 1976 4866 equestribus
2024 4812 2118 4851 eos
2151 4796 2205 4850 in
2238 4811 2420 4850 casses

854 4900 1112 4946 attractos
1157 4889 1366 4945 ulcisci.
1420 4889 1587 4942 Paulo
1636 4898 1763 4957 post
1800 4889 1911 4941 ludi
1944 4897 2222 4957 equestres
2268 4886 2416 4940 facti.

854 4983 933 5038 lbi
964 4980 1317 5049 Nicephorus,
1350 4990 1409 5033 ut
1429 4979 1640 5033 civibus
1676 4977 1991 5033 ostenderet
2019 4976 2146 5046 quid
2177 4977 2252 5031 rei
2287 4992 2417 5031 con-

857 5075 1031 5128 flictus
1060 5086 1252 5141 pugnae
1278 5079 1439 5133 esset,
1467 5079 1560 5122 aut
1582 5068 1745 5123 etiam
1774 5078 1832 5120 ut
1853 5083 1945 5122 eos
1973 5078 2219 5131 terreret,
2252 5084 2417 5137 quos-

860 5166 981 5219 dam
1030 5161 1190 5217 nudis
1244 5161 1436 5231 gladiis
1477 5160 1783 5214 dimicando
1841 5160 2017 5229 proelii
2070 5160 2416 5215 simulacrum

2008 5321 2359 5375 XYLANDRI
2406 5322 2490 5376 ΕΤ

941 5437 1050 5506 (19)
1083 5435 1316 5489 Zonaras
1338 5436 1526 5491 scribit
1562 5439 1628 5491 de
1661 5435 1888 5508 hexagio
1920 5438 2001 5491 vel
2032 5438 2239 5508 sextula
2272 5436 2419 5503 (nam

865 5506 1080 5577 έξάγιον
1116 5508 1246 5573 lego)
1284 5522 1406 5559 ettm
1446 5509 1720 5577 redegisse
1760 5506 2117 5577 τεταρτηρόν.
2145 5507 2298 5570 Quod
2344 5509 2422 5561 sic

869 5575 1129 5643 intelligo.
1164 5576 1475 5641 posterioris
1509 5575 1713 5629 nummi
1738 5576 1803 5628 ad
1836 5579 2067 5644 priorem
2101 5576 2266 5629 fuisse
2299 5592 2416 5629 eam

871 5645 1271 5721 proportionem
1298 5659 1415 5712 qua:
1459 5658 1537 5721 est
1592 5646 1763 5721 bessis
1790 5649 1854 5699 ad
1900 5656 2197 5721 assem._ut
2253 5649 2423 5713 major

870 5714 1094 5766 minoris
1128 5724 1272 5766 esset
1302 5716 1622 5783 sesquiplus.
1663 5714 1791 5768 Nam
1837 5726 1946 5769 uta
1995 5717 2026 5768 6
2070 5718 2306 5781 ἐξά-γιον,
2353 5719 2422 5768 ita

871 5796 903 5838 ὃ
928 5785 958 5832 οἱ
991 5785 1312 5851 τεταρτηρὸν
1344 5784 1553 5836 videtur
1580 5786 1775 5837 dictus.
1810 5786 1875 5838 lit
1915 5787 1955 5837 si
1999 5798 2151 5838 \‘e‘tats
2186 5789 2215 5839 ϐ
2251 5790 2422 5851 (tum

2596 4244 2960 4313 Προσεγένετο
2991 4243 3045 4294 δὲ
3077 4246 3187 4305 τοῖς
3222 4244 3535 4313 εἰρημένοις
3584 4245 3677 4296 καὶ
3710 4245 3913 4314 ἕτερον,
3947 4248 4081 4315 ὅπερ

2522 4340 2614 4390 ἐπὶ
2638 4337 2797 4389 πλέον
2828 4336 2986 4405 ἐξῆρε
3013 4337 3071 4387 τὸ
3098 4337 3216 4389 κατ’
3243 4338 3407 4389 αὑτοῦ
3436 4341 3609 4405 μῖσος.
3630 4340 3907 4407 Συμϐολῇς
3940 4358 4084 4406 γενο-

2525 4435 2691 4500 μένης
2722 4432 2841 4481 κατ’
2875 4426 3042 4497 αὐτὴν
3067 4431 3162 4498 τὴν
3185 4428 3375 4499 ἑορτὴν
3404 4429 3496 4481 τοῦ
3530 4430 3683 4496 ἁγίου
3711 4431 3898 4497 Πάσχα
3922 4433 4081 4497 μέσον

2523 4518 2784 4589 πλωῖμων
2834 4520 2926 4569 καὶ
2951 4506 3274 4587 Ἀρμενίων,
3326 4518 3490 4575 πολὺς
3531 4518 3828 4585 ἀνθρώπων
3872 4521 4080 4584 ἐγένετο

2521 4612 2739 4679 φθόρος,
2774 4608 2973 4679 μικροῦ
3013 4610 3057 4658 δ’
3089 4608 3152 4659 ἂν
3184 4606 3393 4659 άπεϐίω
3417 4609 3510 4658 καὶ
3543 4609 3569 4657 ὁ
3610 4609 3906 4676 μάγιστρος
3940 4608 4082 4659 Sta!-

2522 4719 2630 4763 νιος
2666 4700 2760 4752 καὶ
2797 4699 3056 4767 ἔπαρχος.
3100 4697 3365 4749 Διεδέδοτο
3398 4697 3451 4749 δὲ
3495 4700 3649 4766 φήμη
3686 4700 3748 4749 ἐκ
3789 4698 3975 4750 τούτου
4011 4700 4082 4759 ὡς

2520 4793 2865 4862 χαλεπαίνων
2894 4794 3006 4854 τοῖς
3060 4792 3304 4853 πολίταις
3334 4792 3361 4841 ὁ
3394 4790 3725 4859 Νικηφόρος,
3773 4791 3845 4851 ὡς
3892 4792 4082 4849 αἰτίοις

2522 4887 2660 4957 τάχα
2711 4884 2807 4950 τῆς
2846 4884 3107 4946 ἀταξίας,
3162 4886 3218 4935 έν
3259 4882 3439 4953 ἡμέρᾳ
3493 4883 3852 4952 ἱπποδρομίας
3907 4882 4085 4950 μέλλει

2528 4974 2866 5043 σαγηνεύσας
2898 4975 2989 5025 τὸν
3025 4973 3195 5042 δῆμον
3236 4972 3672 5042 τιμωρήσασθαι.
3708 4974 3815 5024 Καὶ
3852 4972 3912 5041 δὴ
3954 4977 4087 5041 μετα

2531 5069 2724 5137 μικρὸν
2756 5068 3116 5135 ἱπποδρομίας
3146 5065 3493 5134 τελουμένης,
3518 5064 3833 5133 βουλόμενος
3858 5066 3885 5115 ὁ
3921 5064 4087 5129 Νικη-

2530 5159 2691 5230 φόρος
2720 5159 3052 5225 ἐνδείξασθαι
3078 5160 3184 5220 τοῖς
3213 5158 3455 5217 πολίταις
3486 5157 3576 5209 καὶ
3605 5159 3702 5226 τὴν
3726 5155 3817 5209 τοῦ
3855 5155 4087 5223 πολέμου

2530 5322 2736 5382 ςοΑιιι
2781 5320 3011 5376 ΝΟΤᾎΕ.

2531 5442 2724 5510 gratia)
2757 5438 2977 5494 obolos.
3031 5451 3205 5510 novus
3250 5434 3506 5510 iobolos
3555 5432 3918 5510 appendisset.
3966 5432 4089 5494 ’Ἔξ-

2530 5501 2645 5562 ἰγδον
2672 5526 2766 5577 pro
2800 5518 3016 5576 slnuptu
3054 5506 3259 5557 \itlclur
3295 5507 3374 5557 liis
3412 5506 3510 5577 hic
3528 5506 3785 5577 posuisse
3823 5501 3949 5553 λιι..

2602 5572 2712 5649 (‘20)
2765 5572 3037 5646 Librarius
3078 5593 3179 5626 non
3229 5578 3436 5642 inepte,
3475 5575 3579 5649 Ιςαί
3626 5576 3732 5639 μὴν
3765 5574 3869 5621 ἔδει
3897 5572 4093 5640 μᾶλλον

2529 5641 2703 5700 asa»;
2745 5641 2830 5699 διὰ
2892 5649 3043 5697 τοῦτο
3093 5641 3355 5713 διηνεκῶς
3420 5642 3511 5693 τοῦ
3572 5642 3834 5694 παλατὶου
3889 5641 4094 5709 διάγειν

2528 5721 2698 5771 ἐκτός.
2732 5720 2855 5771 KH.
