4410 6452
334 406 438 469 105
1414 394 1953 456 HISTORIARUM
1987 389 2510 451 COMPENDIUM.
3480 388 3579 451 106

333 513 609 584 συμϐολὴν
642 510 796 563 ὁποία
841 507 974 570 ἐστὶ,
1006 506 1141 576 τάχα
1173 504 1216 557 δ’
1266 505 1394 567 ῐῖως
1442 505 1535 557 καὶ
1582 505 1903 572 ἐκφοϐῆσαι,
1943 512 1979 565 Α
2011 505 2074 573 3'

1838 522 1903 563 ιι,
1943 512 1979 565 Α
2011 504 2168 573 371
2207 502 2463 556 exhibere
2506 499 2689 569 jussit,
2724 498 3169 555 oblectaudorum
3205 498 3413 556 scilicet
3455 517 3579 572 Spe-

334 610 465 675 ξίφη
494 602 678 672 γυμνὰ
712 599 976 661 λαϐόντας
1009 597 1159 658 τινὰς
1181 596 1516 667 προσέταξεν
1539 596 1613 657 ὡς
1653 598 1709 647 ἐν
1776 611 1909 662 προ-
2011 604 2075 648 ει,

1841 611 1909 645 ›ο-
2011 603 2276 648 ctatorum
2310 608 2494 647 causa.
2540 591 2737 645 Verum
2790 600 3127 660 spectatores
3152 593 3286 663 quid
3332 593 3435 648 hoc
3480 595 3582 648 sibi

335 698 577 764 σχήματι
629 689 907 759 πολεμίων
958 688 1295 753 παῖξαι,εἰς
1324 686 1567 737 ἑστίασιν
1609 685 1748 753 τάχα
1803 684 1909 735 τῶν
2008 703 2072 740 γε

1842 684 1909 732 ὧν
2008 688 2168 740 vellet
2224 687 2556 755 ignorantes,
2617 685 2840 753 jamque
2890 683 2941 737 id
2996 683 3077 753 agi
3130 694 3386 752 putantes
3436 688 3583 756 quod

336 787 566 839 θεατῶν.
598 782 803 837 Τοὺτου
843 782 901 834 δέ
935 778 1251 849 γενομένου,
1284 777 1376 829 τὸν
1412 776 1536 829 νοῦν
1568 776 1680 829 τῶν
1715 774 1910 844 βλεπο-
2009 795 2071 831 ru

1846 791 1910 825 το-
2009 793 2197 831 rumor
2225 778 2335 831 fore
2361 778 2729 842 conlirmarat,
2754 776 2821 829 ad
2849 774 3029 829 exitus
3052 775 3250 828 theatri
3280 786 3587 847 praruptos

339 881 519 945 μένων
552 877 924 946 ἀγνοήσαντες
956 873 1005 924 οί
1058 872 1284 941 θεωροὶ,
1318 871 1413 922 καὶ
1458 870 1555 936 τὴν
1602 865 1908 937 κρατοῦσαν
2009 884 2072 922 ac

1845 884 1908 919 αν
2009 884 2072 922 ac
2118 868 2357 921 lubricos
2399 881 2564 920 cursu
2629 880 2688 919 se
2740 864 3110 929 contulerunt,
3156 864 3339 934 ibique
3388 866 3475 919 alii
3518 867 3586 919 ah

337 973 531 1038 φήμην
570 970 721 1030 τέλος
772 968 873 1037 ἤδη
914 964 1213 1033 λαμϐάνειν
1268 962 1737 1021 ὑποτοπάσαντες,
1785 959 1907 1027 δρο-

339 1064 491 1127 μαίοι
532 1063 625 1112 ἐπὶ
660 1060 760 1121 τὰς
814 1055 1029 1119 ἐξόδους
1062 1052 1303 1123 ἐχώρουν
1355 1050 1698 1123 κρημνώδεις
1742 1048 1907 1111 οὔσας

335 1151 433 1202 καὶ
493 1150 804 1221 σφαλεράς,
870 1146 965 1200 καὶ
1018 1147 1110 1199 ὑπ’
1167 1144 1414 1215 ἀλλήλων
1466 1141 1908 1211 συμπατούμενοι

337 1244 707 1313 ἀπέθνησκον.
745 1241 855 1294 Καὶ
888 1240 1167 1293 ἀπώλοντο
1192 1240 1257 1291 ἂν
1286 1238 1522 1298 ἅπαντες
1546 1236 1637 1287 ὑπ’
1666 1234 1909 1304 ἀλλήλων

337 1334 839 1400 καταπατούμενοι,
878 1330 962 1403 [Ρ.
998 1328 1124 1400 660]
1162 1332 1210 1382 εἰ
1245 1329 1320 1399 μὴ
1360 1330 1388 1381 ό
1432 1326 1684 1396 βασιλεὺς
1720 1326 1910 1395 ώράθη

336 1430 431 1479 ἐπὶ
462 1427 557 1478 τοῦ
604 1426 780 1477 οώκου
829 1424 1137 1492 καθήμενος
1178 1422 1339 1488 ἀδεής
1372 1437 1431 1472 τε
1482 1421 1576 1473 καὶ
1606 1420 1910 1489 ἄτρεπτος·

2017 960 2135 1013 aliis
2160 957 2462 1014 conculcati
2494 956 2774 1026 perierunt
2802 956 3075 1024 permulti,
3109 970 3413 1026 omnesque
3451 958 3586 1012 adeo

2019 1052 2249 1105 invicem
2270 1050 2453 1103 obtriti
2474 1048 2789 1119 periissem,
2810 1047 2911 1101 nisi
2930 1058 3219 1117 conspecto
3238 1049 3585 1119 imperatore,

2018 1141 2109 1209 qui
2137 1141 2188 1192 iu
2220 1140 2357 1193 solio
2393 1139 2648 1191 immotus
2677 1151 2741 1189 ac
2766 1136 2949 1204 quiete
2972 1138 3263 1203 assidebat,
3288 1139 3591 1194 sensissent

2019 1231 2238 1286 nolente
2272 1246 2337 1285 eo
2372 1231 2519 1285 hunc
2568 1228 2831 1285 accidisse
2877 1228 3191 1295 tumultum,
3234 1245 3297 1285 ac
3346 1230 3587 1303 fugiendi

2022 1326 2183 1378 ﬁnem
2220 1323 2498 1379 fecissent.

1953 1416 2012 1468 ὃν
2046 1417 2169 1470 ἰδὼν
2200 1419 2227 1471 ό
2262 1418 2432 1487 δῆμος
2480 1417 2555 1487 μὴ
2603 1417 3071 1486 παρακινηθέντα,
3146 1420 3241 1471 καὶ
3320 1420 3589 1487 κατανοή-

339 1533 531 1578 σαντες
557 1516 632 1578 ὠς
653 1516 876 1575 ἄκοντος
905 1514 1068 1567 αὑτοῦ
1100 1513 1289 1580 γέγονε
1312 1512 1372 1564 τὸ
1407 1514 1716 1581 γενόμενον,
1748 1511 1985 1579 ἔστησαν
2014 1512 2111 1576 τῆς
2145 1510 2342 1578 φυγῆς.

412 1610 647 1679 Πρόοδον
672 1612 727 1662 δὲ
753 1608 1017 1679 δημοσίαν
1051 1609 1352 1678 ποιήσαντα
1392 1608 1482 1660 τὸν
1514 1606 1825 1675 Νικηφόρον
1852 1607 1906 1657 ἐν

334 1703 403 1771 τῇ
446 1703 602 1769 Πηγῇ
664 1701 803 1753 κατὰ
850 1698 948 1769 τὴν
1004 1699 1200 1768 ἑορτὴν
1253 1700 1351 1767 τῆς
1422 1695 1767 1766 ’Λναλήψεως
1813 1694 1907 1747 τοῦ

2083 1605 2221 1659 Cum
2249 1606 2317 1659 ad
2365 1603 2592 1661 Fontem
2642 1607 2841 1662 deinde
2885 1609 3177 1680 imperator
3211 1610 3426 1681 publice
3462 1624 3589 1679 pro-

2018 1697 2277 1752 cessisset
2335 1695 2484 1751 feriis
2547 1697 2955 1767 Assumptionis
3011 1700 3588 1767 Christi,redeunteln

335 1794 581 1861 Χριστοῦ
616 1791 712 1844 τοῦ
743 1790 880 1845 Θεοῦ
916 1790 1098 1859 ἡμῶν,
1135 1790 1227 1843 καὶ
1261 1789 1672 1858 ὑποστρέφοντα
1705 1789 1754 1840 οί
1783 1803 1911 1853 συγ·
1944 1821 1987 1875 Β
2018 1801 2076 1840 co

1851 1803 1911 1853 γ-
1944 1821 1987 1875 Β
2018 1787 2231 1857 cognati
2266 1802 2453 1841 eorum
2484 1787 2575 1856 qui
2603 1790 2654 1842 in
2685 1788 2845 1845 Circo
2875 1792 3153 1859 perierant
3188 1794 3241 1845 in
3282 1791 3401 1847 foro
3425 1792 3590 1845 Arto-

335 1886 516 1948 γενεῖς
545 1884 653 1936 τῶν
684 1887 742 1937 ἐν
768 1884 845 1951 τῷ
878 1883 1202 1951 ἱπποδρόμῳ
1230 1881 1591 1935 ἀπολωλότων
1624 1879 1910 1947 δεξάμενοι

336 1976 397 2027 ὲν
428 1979 494 2046 τῇ
536 1976 643 2029 τῶν
683 1975 1067 2045 Ἀρτοπρατῶν
1099 1975 1273 2043 ἀγορᾷ
1306 1973 1488 2041 ὓὸρεις
1531 1970 1763 2040 ὴτρίεσαν
1796 1970 1915 2023 κατ’

336 2066 506 2119 αὑτοῦ
543 2068 835 2136 ἀπρεπεῖς,
872 2067 1148 2137 ἀλάστορα
1178 2066 1270 2118 καὶ
1314 2063 1656 2131 παλαμναῖον
1699 2062 1907 2115 ἀποκα-

336 2156 559 2221 λοῦντες
614 2159 709 2211 καὶ
753 2158 1048 2227 ὁμοφύλοις
1082 2157 1284 2225 αἵμασι
1340 2156 1554 2223 μιαρὸν,
1610 2152 1706 2204 καὶ
1763 2152 1907 2205 κόνιιν

336 2250 433 2301 καὶ
460 2248 641 2311 λίθους
674 2250 925 2319 ἔπεμπον
951 2250 1033 2312 εἰς
1062 2247 1223 2300 αὑτὸν
1260 2248 1388 2317 ἄχρι
1422 2246 1518 2314 τῆς
1556 2244 1763 2314 ἀγορᾶς
1816 2240 1909 2293 τοῦ

336 2340 593 2407 Μεγάλου
624 2340 1053 2393 Κωνσταντίνου.
1102 2339 1210 2391 Καὶ
1249 2337 1513 2405 ἀπεπάγη
1555 2337 1653 2404 μὲν
1708 2335 1774 2387 ἂν
1831 2332 1910 2402 τῷ

335 2431 468 2497 δέει,
499 2432 547 2483 εί
578 2433 650 2501 μή
681 2448 827 2495 τινες
875 2432 1209 2500 ἐντιμότεροι
1246 2429 1356 2482 τῶν
1414 2426 1653 2481 πολιτῶν
1712 2425 1914 2496 προλα-

337 2522 529 2583 ϐόντες
560 2524 682 2583 τοὺς
717 2524 817 2590 μὲν
847 2520 1220 2584 ἀτακτοῦντας
1250 2519 1587 2582 ἀνέστειλαν,
1638 2517 1799 2571 αὑτὸν
1854 2516 1912 2568 δὲ

338 2611 719 2680 εὐφημοῦντες
751 2612 879 2683 ἄχρι
916 2613 1009 2665 τοῦ
1056 2612 1318 2667 παλατίου
1370 2610 1747 2680 προέπεμψαν.
1816 2608 1911 2660 Διὰ

336 2703 515 2755 ταῦτα
546 2704 726 2757 πάντα
779 2703 1130 2773 ἀπηχθῆσθαι
1177 2704 1328 2773 παρὰ
1360 2703 1467 2755 τῶν
1504 2699 1740 2754 πολιτῶν
1789 2701 1905 2751 ἐπι-

339 2796 608 2863 στάμενος
636 2796 729 2847 καὶ
763 2796 1009 2848 ἐπίθεσιν
1062 2794 1419 2864 ὑφορώμενος
1456 2793 1555 2861 τὴν
1612 2787 1906 2859 ἀκρόπολιν

336 2886 659 2955 ἐδςμὴσατο.
733 2886 871 2939 Ἀλλ’
898 2886 997 2938 οὑκ
1040 2886 1282 2955 ἠδυνήθη
1319 2883 1603 2951 διαφυγεῖν
1629 2880 1687 2933 τὸ
1709 2878 1905 2950 χρεὼν,

2018 1883 2211 1941 pratou
2274 1877 2418 1929 nacti
2465 1878 2720 1931 comitiis
2782 1880 3201 1946 prosciderunt.
3260 1880 3588 1950 ﬂagitiosum

2018 1966 2341 2021 homicidam
2402 1978 2459 2022 et
2494 1970 2833 2038 popularium
2868 1973 3129 2041 sanguine
3162 1973 3588 2029 contaminatttm

2015 2067 2296 2124 vocantes,
2320 2060 2708 2131 pulveremque
2729 2063 2991 2117 adversus
3012 2079 3136 2117 eum
3154 2074 3209 2119 et
3232 2080 3359 2119 saxa
3379 2067 3591 2136 jactan-

2014 2161 2117 2215 tes,
2149 2153 2321 2208 donec
2373 2153 2438 2207 ad
2488 2153 2667 2208 lorum
2718 2155 3061 2210 Constantini
3111 2156 3280 2225 Magni
3315 2160 3585 2225 pervenit.

2015 2243 2082 2296 Et
2114 2243 2310 2297 fuisset
2337 2259 2470 2298 sane
2500 2245 2842 2301 exanimatus
2884 2258 3054 2309 metu,
3098 2248 3201 2302 nisi
3248 2249 3446 2303 civium
3490 2249 3591 2305 ho-

2019 2334 2320 2388 noratiores
2368 2335 2586 2403 quidam
2645 2352 2768 2391 eum
2822 2338 3081 2405 repressis
3126 2340 3589 2395 tumultuantibus

2016 2425 2304 2494 stipassent
2360 2436 2415 2480 et
2464 2426 2654 2481 faustis
2683 2428 3167 2483 acclamationibus
3216 2432 3494 2499 prosecuti
3532 2434 3589 2485 in

2016 2517 2276 2585 palatium
2317 2519 2687 2575 deduxissent.
2724 2519 2807 2575 0b
2854 2521 2970 2576 luce
3018 2523 3199 2576 omnia
3240 2524 3475 2578 invisum
3532 2540 3590 2578 se

2016 2608 2225 2663 civibus
2258 2624 2490 2665 cernens
2520 2620 2574 2665 et
2610 2611 2834 2666 insidias
2862 2612 3059 2667 timens
3083 2628 3265 2669 arcem
3295 2618 3585 2670 exstruxit.

2016 2699 2200 2768 Neque
2230 2711 2407 2755 tamen
2437 2703 2603 2757 l‘atum
2636 2705 2879 2767 evitavit,
2906 2705 2999 2759 sed
3029 2721 3137 2774 quo
3164 2714 3409 2777 tempore
3425 2707 3587 2777 372

2017 2789 2197 2842 omnia
2233 2790 2337 2844 sibi
2370 2791 2422 2844 in
2461 2799 2578 2845 tuto
2610 2808 2733 2847 esse
2765 2795 2995 2862 putavit,
3029 2796 3191 2850 vitam
3213 2796 3411 2851 amisit.
3438 2797 3587 2863 Quo—

2020 2880 2178 2932 modo
2208 2895 2293 2934 res
2322 2882 2393 2934 sit
2424 2892 2565 2946 aeta,
2600 2898 2700 2937 suo
2732 2884 2944 2939 dicetur
2973 2886 3109 2941 loco.

339 2980 459 3032 ἀλλ’
498 2983 587 3033 ὅτε
621 2981 799 3045 καλῶς
827 2980 972 3052 ἔχειν
1006 2980 1157 3049 αὑτῷ
1201 2979 1269 3033 τὰ
1305 2979 1484 3055 πάντα
1533 2977 1712 3049 ᾠήθη,
1758 2973 2037 3044 ἀπέρρηξε
2071 2972 2169 3043 τὴν
2230 2974 2394 3047 ζωήν.
2446 2978 2556 3031 Καὶ
2586 2978 2751 3041 ὅπως,
2824 2981 2882 3033 ἐν
2934 2980 3012 3050 τῷ
3096 2982 3358 3051 πρέποντι
3413 2983 3589 3054 καιρῷ

339 3071 663 3143 ῥηθήσεται.

414 3168 673 3237 Τετάρτῳ
702 3165 758 3218 δὲ
796 3164 895 3233 τῆς
920 3163 1086 3218 αὑτοῦ
1122 3162 1399 3233 βασιλείας
1426 3164 1557 3227 ἐτει,
1604 3164 1733 3233 μηνὶ
1781 3162 1911 3214 Ἴου-
1941 3164 1985 3223 c
2092 3160 2153 3213 At

1847 3178 1911 3213 ,ο-
1941 3164 1985 3223 c
2092 3160 2250 3213 Auno
2280 3159 2491 3228 imperii
2524 3158 2606 3213 sui
2640 3159 2696 3221 4,
2728 3158 3029 3215 indictione
3067 3162 3154 3225 10,
3200 3177 3387 3219 mense
3426 3163 3588 3220 Junio

338 3259 461 3327 νίῳ,
494 3261 593 3327 τῆς
645 3255 674 3310 ι’
739 3256 1093 3319 ίνδικτιῶνος,
1144 3256 1242 3318 τὰς
1274 3258 1332 3309 ἐν
1385 3257 1453 3324 τῇ
1498 3255 1691 3327 Θρᾴκῃ
1729 3255 1911 3318 πόλεις

340 3350 489 3419 ἐξῄει
512 3347 964 3416 ἐπισκεψόμενος,
998 3346 1093 3398 καὶ
1122 3346 1411 3415 γενόμενος
1439 3346 1566 3415 ἄχρι
1597 3344 1698 3412 τῆς
1757 3345 1914 3413 λεγο-

344 3442 517 3508 μένης
560 3438 804 3508 μεγάλης
848 3436 1038 3501 σούδας
1088 3437 1293 3506 ἔγραψε
1326 3437 1519 3505 Πέτρῳ
1549 3435 1626 3506 τῷ
1673 3432 1913 3502 Βουλγα-

345 3529 469 3598 ρίας
500 3528 720 3597 ἄρχοντι
773 3527 846 3596 μὴ
898 3528 993 3596 ἐᾷν
1032 3528 1159 3589 τοὺς
1215 3525 1493 3594 Τούρκους
1524 3525 1790 3595 διαπερᾷν
1822 3524 1913 3576 τὸν

343 3620 559 3689 Ἵστρον
587 3617 680 3670 καὶ
711 3618 780 3669 τὰ
829 3615 1115 3686 Ῥωμαίων
1160 3615 1542 3685 λυμαίνεσθαι.
1600 3614 1805 3668 Τούτου
1850 3615 1910 3668 δὲ

346 3709 421 3777 μὴ
486 3709 848 3778 προσέχοντος
894 3708 1031 3759 ἀλλὰ
1084 3707 1363 3769 παντοίαις
1409 3707 1686 3777 ἀφορμαῖς
1736 3723 1912 3777 παρα-

342 3799 656 3867 κρούοντος,
688 3799 777 3851 τὸν
804 3798 896 3851 τοῦ
931 3800 994 3851 ἐκ
1023 3797 1310 3868 Χερσῶνος
1338 3799 1713 3868 πρωτεύοντος
1738 3798 1851 3850 υἱὸν
1886 3800 1913 3851 ὁ

345 3890 657 3957 Νικηφόρος
710 3888 800 3941 τὸν
864 3889 1184 3957 Καλοκυρὸν
1243 3889 1624 3957 πατρικιότητι
1677 3892 1913 3960 τιμήσας

341 3985 479 4051 πρὸς
506 3984 597 4036 τὸν
629 3983 864 4055 ἄρχοντα
933 3984 1167 4047 Ῥωσίας
1219 3985 1495 4055 ἐκπέμπει
1544 3984 1911 4053 Σφενδοσθλά⁴

340 4073 454 4135 δον,
490 4072 708 4141 δωρεῶν
739 4072 1066 4143 ὑποσχέσεσι
1109 4074 1201 4125 καὶ
1228 4073 1547 4142 φιλοτιμιῶν
1590 4075 1689 4126 οὐκ
1718 4074 1910 4141 ὀλίγων

340 4163 650 4215 ἀναπείθων
682 4162 1079 4232 ἐκστρατεῦσαι
1106 4163 1249 4217 κατὰ
1276 4164 1621 4233 Βουλγάρων.
1656 4164 1913 4217 Πεισθέν-

338 4270 428 4313 τες
460 4249 553 4305 οὖν
588 4255 637 4304 οί
687 4253 821 4315 Ῥὼς
849 4256 942 4306 καὶ
972 4254 1290 4317 ἐπελθόντες
1320 4259 1385 4325 τῇ
1431 4256 1737 4326 Βουλγαρίᾳ
1776 4257 1912 4308 κατὰ

337 4342 431 4394 τὸν
471 4343 776 4409 Αὔγουστον
806 4344 972 4414 μῆνα,
1031 4344 1131 4413 τῆς
1160 4344 1225 4398 ια’
1276 4347 1629 4410 ίνδικτιῶνος,
1672 4348 1911 4418 πέμπτῳ

338 4434 435 4500 τῆς
466 4434 743 4501 βασιλείας
796 4438 901 4487 ἔτει
949 4436 1043 4489 τοῦ
1093 4437 1431 4506 Νικηφόρον,
1491 4423 1689 4500 πολλάς
1727 4438 1910 4503 πόλεις

2020 3254 2157 3309 exiit
2178 3252 2425 3307 Thracia:
2456 3253 2621 3307 urbes
2652 3254 3098 3322 contemplatum.
3135 3255 3382 3326 Ctuuque
3418 3274 3589 3328 usque

2016 3345 2083 3398 ad
2116 3344 2362 3414 Magnam
2407 3344 2630 3398 Fossam
2656 3346 3014 3414 pervenisset,
3066 3346 3286 3401 Petrum
3329 3347 3589 3418 Bulgaria!

2018 3436 2317 3506 principem
2356 3436 2603 3490 hortatus
2634 3447 2719 3491 est
2745 3452 2842 3506 per
2874 3437 3083 3493 litteras
3114 3454 3183 3494 ne
3215 3441 3419 3496 sineret
3448 3444 3589 3496 Tur-

2014 3542 2108 3583 cos
2130 3529 2326 3582 Istrum
2362 3528 2608 3597 trajicere
2651 3538 2705 3583 et
2742 3528 3118 3585 Romanorum
3160 3533 3421 3589 ditionem
3451 3536 3588 3589 infc-

2013 3625 2176 3672 stare.
2210 3617 2440 3687 Bulgaro
2462 3634 2569 3673 non
2598 3618 3039 3688 obtemperante,
3077 3623 3172 3676 sed
3210 3624 3389 3678 omnis
3416 3640 3585 3695 gene-

2015 3709 2090 3763 ris
2149 3710 2408 3765 adhibitis
2467 3711 2818 3779 praztextibus
2883 3723 3204 3777 recusante,
3245 3713 3584 3786 Nicephorus

2014 3797 2333 3870 Calocyrum
2392 3801 2677 3855 Chersonii
2750 3803 3013 3872 principis
3086 3806 3296 3871 filium,
3357 3812 3582 3878 patricia

2013 3892 2276 3961 dignitate
2316 3902 2657 3958 exornatum,
2685 3895 2752 3948 ad
2800 3896 3330 3964 Sphendosthlabum
3380 3900 3582 3957 Rossn-

2012 3999 2131 4037 rum
2184 3985 2485 4054 principem
2532 3987 2716 4051 mittit,
2754 4002 2990 4057 eumque
3031 4003 3319 4044 munerum
3362 4008 3423 4047 ac
3468 3995 3583 4047 olli-

2011 4072 2216 4126 eiorum
2272 4074 2755 4142 pollicitationibus
2803 4076 2868 4129 ad
2938 4076 3282 4133 inferendum
3340 4081 3581 4153 Bulgaris

2015 4163 2213 4217 bellum
2250 4165 2523 4219 sollicitat.
2568 4165 2724 4221 Rossi
2753 4166 3022 4235 obsecuti,
3070 4169 3366 4227 indictione
3411 4176 3582 4228 unde-

2012 4258 2175 4321 eima,
2192 4260 2431 4330 Augusto
2446 4276 2650 4328 mense,
2671 4274 2816 4319 an’no
2834 4266 3044 4335 imperii
3065 4265 3350 4338 Nicephori
3368 4272 3578 4341 quinto,

2015 4351 2067 4403 in
2117 4350 2417 4422 Bulgariam
2457 4353 2815 4423 impressione
2868 4356 3005 4412 facta
3060 4360 3258 4417 multas
3312 4364 3477 4419 urbes
3512 4382 3575 4419 ac

2013 4443 2229 4498 castella
2284 4442 2635 4515 Bulgarorum
2686 4448 2803 4502 solo
2842 4463 3224 4519 aequaveruut,
3288 4456 3575 4526 praedaque

339 4526 433 4575 καί
461 4525 647 4594 χώρας
681 4526 951 4594 ὴδάφισαν
979 4528 1088 4579 τῶν
1123 4528 1465 4597 Βουλγάρων,
1502 4528 1597 4581 καὶ
1629 4528 1779 4582 λείαν
1824 4531 1904 4582 ὅτι
1935 4519 1985 4578 D
2014 4550 2080 4604 ρο

1829 4531 1904 4582 ὅτι
1935 4519 1985 4578 Ῑ)
2014 4536 2167 4604 potiti
2208 4538 2409 4607 ingenti
2442 4538 2661 4593 domum
2706 4541 3006 4596 redierunt.
3042 4542 3241 4599 Eodem
3276 4519 3455 4611 modo,
3488 4519 3570 4603 at-

337 4616 600 4683 ττλείστην
649 4618 1064 4685 περιϐαλόμενοι
1118 4620 1465 4687 ὑπέστρεψαν
1520 4623 1599 4684 εἰς
1653 4620 1723 4673 τὰ
1776 4620 1903 4674 ίδια.

348 4708 456 4757 Καὶ
485 4707 561 4775 τῷ
587 4708 727 4775 ἕκτῳ
760 4708 813 4759 δέ
844 4709 1008 4761 πάλιν
1061 4709 1159 4776 τῆς
1201 4709 1477 4777 βασιλείας
1515 4712 1680 4764 αὑτοῦ
1732 4713 1907 4782 χρόνῳ

335 4798 776 4866 ἐπεστράτευσαν
812 4800 952 4852 κατὰ
980 4800 1335 4870 Βουλγαρίας,
1389 4802 1571 4855 καὶτὰ
1602 4804 1763 4872 ὅμοια
1799 4804 1906 4856 τῶν

336 4889 623 4957 προτέρων
670 4890 700 4959 ἢ
737 4892 828 4942 καὶ
876 4892 1096 4960 χείρονα
1131 4891 1512 4960 διεπράξαντο.
1553 4895 1797 4965 Δευτέρῳ⁴
1846 4896 1903 4948 δὲ

333 4978 707 5048 Σεπτεμὸρίου
738 4982 923 5048 μηνὸς,
960 4980 1079 5052 ὥρᾳ⁸
1123 4982 1219 5050 τῆς
1253 4984 1438 5046 νυκτὸς
1472 4984 1537 5051 β’,
1578 4985 1905 5050 ίνδικτεῶνος

333 5076 425 5129 ια’,
458 5071 647 5136 γέγονε
694 5071 938 5141 βρασμὸς
998 5075 1090 5126 καὶ
1120 5075 1305 5136 κλόνος
1342 5076 1444 5143 γῆς
1498 5077 1758 5143 ἐξαίσιος,
1807 5082 1902 5131 καὶ

331 5159 500 5209 ἔπαθε
535 5159 719 5222 κακῶς
779 5160 1040 5231 Ὀνωριὰς
1072 5167 1166 5216 καὶ
1209 5165 1579 5232 Παφλαγονία.
1623 5168 1901 5237 Ἐγένοντο

327 5250 384 5299 δὲ
428 5248 518 5301 καὶ
560 5251 747 5319 ἄνεμοι
781 5252 922 5306 κατὰ
951 5252 1039 5304 τὸν
1069 5255 1242 5309 Μάῖον
1284 5257 1425 5326 μῆνα
1456 5257 1550 5325 τῆς
1576 5258 1745 5327 αὐτῆς
1776 5259 1899 5313 ἰνδι-

332 5362 351 5391 ›
368 5342 559 5403 τιῶνος
587 5345 807 5413 σκληροὶ
859 5344 951 5396 καὶ
977 5345 1373 5414 καυματώδεις,
1400 5349 1592 5412 οἵτινες
1612 5351 1735 5414 τοὺς
1764 5369 1899 5422 καρ-

332 5435 465 5494 ποὺς
504 5433 813 5504 διέφθειραν
833 5437 1022 5498 αὑταῖς
1054 5439 1318 5506 ἀμπέλοις
1344 5441 1438 5495 καὶ
1480 5442 1770 5513 δένδρεσιν,
1825 5446 1900 5509 ὠς

330 5522 577 5575 ἐντεῦθεν
618 5526 756 5577 κατὰ
807 5528 903 5595 τὴν
937 5527 1001 5596 ιβ’
1054 5528 1362 5583 ίνδικτιῶνα
1416 5532 1777 5603 σφοδρότατον
1806 5536 1897 5589 ἐπ-

332 5616 612 5685 ενεχθῆναι
639 5619 818 5685 λιμόν.
851 5619 955 5671 Καὶ
983 5620 1101 5673 δέον
1128 5622 1220 5673 τὸν
1248 5622 1469 5690 βασιλέα
1493 5626 1591 5693 τῆς
1639 5627 1745 5678 τῶν
1792 5628 1896 5681 ὑπ-

335 5710 512 5777 ηκόων
537 5712 815 5779 φροντίσαι
847 5714 1140 5782 σωτηρίας,
1170 5718 1195 5767 ὁ
1217 5715 1273 5768 δὲ
1302 5718 1391 5769 τὸν
1423 5718 1696 5787 βασιλικὸν
1753 5724 1896 5775 σῖτον

333 5802 599 5872 γλίσχρως
654 5804 886 5867 πωλῶν,
932 5808 1024 5857 καὶ
1085 5813 1751 5883 καταπραγματευόμενος
1797 5815 1894 5886 τὴν

658 5899 925 5962 ΡΑΤιιοι.
956 5907 1071 5965 Gn.
1106 5906 1362 5969 CXXII.

2010 4642 2115 4695 que
2144 4628 2304 4681 etiam
2329 4628 2605 4698 aliquanto
2634 4631 2845 4694 durius,
2882 4648 3026 4687 anno
3052 4637 3296 4704 proxime
3328 4638 3575 4696 iusecuto

2013 4718 2265 4788 Bulgaros
2314 4727 2703 4775 tractaverunt.
2747 4721 3049 4779 lndictione
3099 4726 3422 4793 undecima,
3480 4747 3578 4801 po-

2011 4809 2198 4865 stridie
2226 4809 2589 4866 Kalendarum
2618 4811 2975 4883 Septembris,
3007 4815 3139 4871 hora
3167 4819 3341 4874 noctis
3368 4821 3576 4877 duode-

2010 4902 2170 4967 cima,
2194 4902 2372 4970 fragor
2392 4914 2447 4957 et
2477 4914 2635 4961 terrze
2662 4916 2840 4960 motus
2872 4907 3176 4964 horrendus
3210 4911 3330 4973 fuit,
3363 4914 3578 4971 alilixit-

2008 5008 2115 5061 que
2161 4994 2525 5049 Honoriadem
2590 5007 2645 5052 et
2711 4996 3155 5067 Paphlagoniam.
3213 5001 3351 5057 Mam
3410 5006 3571 5060 etiam

2008 5099 2195 5139 mense
2226 5086 2467 5155 ejusdem
2500 5088 2627 5142 anni
2656 5089 2798 5141 venti
2832 5090 3108 5159 spirarunt
3134 5096 3307 5164 asperi
3334 5106 3389 5150 et
3412 5114 3574 5153 uren-

2008 5186 2109 5237 tes,
2150 5176 2241 5245 qui
2271 5175 2476 5232 l‘ructus
2498 5195 2604 5233 una
2626 5194 2748 5233 cum
2780 5181 2981 5235 vitibus
3011 5199 3072 5236 ac.
3099 5184 3259 5256 373
3286 5188 3573 5245 arboribus

2005 5265 2377 5335 perdiderunt.
2419 5266 2597 5336 Itaque
2628 5283 2772 5322 anno
2806 5273 3048 5339 proxime
3070 5272 3315 5329 iusecuto
3342 5279 3569 5346 penuria

2003 5358 2206 5412 exstitit
2243 5360 2579 5428 gravissima.
2614 5358 2690 5414 lbi
2724 5360 3035 5432 imperator,
3078 5380 3238 5434 quem
3282 5373 3573 5425 convenie-

2003 5452 2095 5506 bat
2138 5450 2331 5505 salutis
2371 5453 2708 5507 subditorum
2743 5470 2926 5509 curam
2970 5471 3180 5526 gerere,
3241 5462 3572 5519 frum'sntum

2002 5556 2158 5596 suum
2190 5556 2387 5608 magno
2416 5543 2656 5597 vendens
2702 5560 2765 5599 ac
2801 5560 2864 5599 ex
2895 5547 3204 5604 calamitate
3238 5566 3458 5606 suorum
3489 5554 3571 5607 lu-

2001 5648 2151 5687 crum
2188 5632 2413 5699 faciens,
2464 5635 2615 5703 quasi
2653 5651 2709 5689 re
2756 5638 3011 5705 prmelare
3060 5652 3207 5710 gesta
3253 5642 3478 5710 jactavit
3511 5662 3570 5702 se

2000 5725 2240 5780 modium
2266 5743 2432 5783 aureo
2462 5745 2685 5788 nummo
2729 5732 2889 5785 vendi
2927 5734 3143 5789 solitum
3188 5735 3401 5793 duobus
3429 5754 3568 5794 ven-

2000 5819 2223 5875 didisse.
2280 5820 2460 5893 Longe
2497 5825 2652 5879 aliter
2704 5826 2937 5881 Basilius
2984 5826 3203 5883 Macedo
3238 5830 3564 5901 imperator;

3115 5922 3149 5982 4
