4410 6452
798 318 891 378 Ξθτ
2047 307 2358 366 GEORGII
2409 308 2737 368 CEDRENI

3943 324 4040 392 Ῑθῖι

791 430 879 498 qui
915 441 1036 479 cum
1079 440 1266 494 magna
1318 422 1590 475 llominica
1639 423 1722 474 die
1767 422 1816 473 in
1865 421 2034 474 tndem
2074 421 2364 490 Apostolo-
2398 425 2440 478 Α
2477 437 2532 472 σν

2294 423 2364 474 [0-
2398 425 2440 478 Α
2477 437 2755 488 συμφοράν
2780 424 2882 475 τῶν
2911 424 3011 475 ὑπὲ
3045 428 3218 495 χεῖρα,
3251 427 3332 497 μ’.
3364 429 3488 500 CCI]
3519 433 3677 503 ηὔχει
3711 434 3783 497 ῶς
3814 455 3862 490 τι
3897 443 4035 505 μέμ

792 535 910 573 rum
935 516 1190 575 venisset,
1224 516 1478 582 civesque
1506 512 1766 582 quosdam
1796 511 2106 565 venerando
2138 523 2359 580 aspectu

790 612 994 665 videret
1028 606 1167 661 tristi
1200 605 1350 660 vultu
1383 614 1438 657 et
1463 616 1748 658 maerorem
1781 617 1888 671 prae
1918 616 1975 656 se
2005 601 2263 665 ferentes,
2295 603 2360 656 ad

793 719 848 757 se
875 709 1092 754 vocatos
1125 696 1476 767 interrogavit
1514 708 1612 749 cur
1642 708 1748 747 non
1800 693 1899 762 ipsi
1933 709 2151 764 quoque
2189 696 2364 763 Splen-

790 793 917 847 dido
952 792 1155 846 amictu
1191 789 1255 844 ad
1291 803 1408 842 eam
1437 785 1835 841 solemnitatem
1860 787 2246 852 accessissent,
2267 787 2362 841 sed

791 885 955 938 veluti
987 884 1041 936 in
1073 895 1262 951 magna
1291 879 1466 948 aliqua
1523 877 1761 932 civitatis
1810 878 2117 931 calamitate
2167 892 2364 932 moere-

794 987 954 1036 rent;
1001 985 1234 1040 cumque
1279 983 1422 1024 unus
1473 983 1661 1023 eorum
1721 968 2141 1036 respondisset:
2184 986 2200 1017 ι
2242 967 2363 1022 Tibi

791 1067 1029 1134 quidem,
1066 1063 1305 1128 domine,
1342 1071 1396 1116 et
1450 1063 1514 1115 iis
1544 1061 1634 1129 qui
1692 1061 1786 1113 tibi
1834 1068 2034 1123 astant,
2083 1060 2365 1130 splendide

793 1157 976 1209 vestiri
1007 1164 1058 1209 et
1083 1155 1253 1208 laetari
1286 1153 1540 1206 convenit
1569 1170 1580 1204 :
1612 1165 1720 1203 non
1753 1150 1878 1204 item
1897 1165 1990 1204 eos
2010 1151 2123 1204 hmc
2147 1151 2365 1213 decent,

791 1250 882 1316 qui
910 1253 962 1300 in
987 1245 1298 1299 discriminc
1319 1242 1509 1297 mortis
1542 1251 1667 1295 sunt
1687 1240 1987 1296 constituti.
2011 1242 2202 1296 Videre
2219 1243 2366 1297 enim

794 1339 1042 1408 ignorare
1091 1336 1159 1387 ob
1206 1343 1490 1388 ventorum
1536 1334 1883 1400 asperitatem
1922 1332 2059 1386 duos
2105 1332 2364 1387 frumenti

794 1427 1006 1482 modios
1041 1440 1209 1480 aureo
1233 1441 1455 1478 nummo
1483 1424 1665 1487 vendi,
1707 1444 1724 1474 ι
1759 1424 1856 1476 hac
1885 1438 2017 1477 voce
2043 1424 2227 1477 audita
2275 1438 2367 1493 ge-

793 1520 984 1572 mitum
1013 1535 1079 1572 ex
1113 1519 1221 1570 imo
1250 1517 1403 1570 duxit
1432 1526 1668 1584 pectore,
1703 1526 1756 1568 et
1787 1515 2066 1569 miseratio
2096 1517 2365 1584 lacrymas

791 1609 845 1662 ei
904 1607 1194 1676 expressit.
1243 1607 1665 1674 consolatusque
1722 1619 1838 1668 eos,
1895 1615 1953 1659 ut
1997 1606 2050 1658 in
2105 1606 2362 1674 palatium

793 1700 973 1764 rediit,
1027 1707 1351 1753 convocatos
1403 1698 1600 1766 quibus
1671 1698 1846 1751 civilia
1909 1707 1962 1752 et
2018 1699 2363 1768 imperatoria

798 1791 1018 1860 negotia
1049 1791 1548 1851 commendaverat,
1595 1791 1778 1842 multis
1805 1799 1887 1843 est
1916 1792 2209 1846 insectatus
2238 1807 2367 1846 con-

791 1882 947 1935 viciis
976 1883 1412 1949 detestatusque,
1459 1882 1599 1948 quod
1657 1883 1722 1934 de
1764 1883 1989 1934 caritate
2042 1898 2271 1937 annonae
2308 1898 2365 1937 se

793 1989 903 2028 non
950 1973 1208 2028 fecissent
1238 1973 1549 2026 certiorem.
1594 1971 1896 2040 Statimque
1933 1989 2128 2026 venum
2165 1989 2363 2044 propo-

791 2065 896 2118 sito
927 2063 1090 2134 374
1119 2079 1217 2116 suo
1252 2071 1306 2116 ct
1336 2063 1550 2129 publico
1595 2063 1890 2125 frumento,
1933 2063 2216 2119 duodecim
2251 2080 2364 2118 nio-

793 2155 910 2207 dios
961 2169 1125 2205 aureo
1157 2153 1314 2205 vendi
1349 2154 1526 2220 jussit.
1555 2152 1706 2217 Quod
1739 2154 1856 2223 ejus
1894 2153 2090 2208 factum
2127 2155 2364 2223 probans

796 2246 934 2298 Deus
964 2244 1295 2297 fertilitatem
1327 2254 1410 2297 est
1442 2244 1687 2315 largitus.
1735 2246 1910 2313 Atque
1963 2247 2078 2300 haec
2113 2247 2364 2302 laudandi

793 2335 982 2389 Basilii
1029 2335 1197 2403 gratia
1257 2333 1386 2387 dixi.
1427 2334 1493 2387 At
1534 2350 1661 2387 vero
1719 2334 2056 2402 Nicephorus
2100 2338 2366 2405 gaudebat

791 2428 972 2497 potius
995 2426 1153 2496 allii-gi
1176 2441 1404 2480 cernens
1431 2427 1677 2482 subditos
1707 2442 1865 2496 quam
1900 2438 1956 2481 ut
1989 2430 2052 2482 iis
2084 2445 2364 2484 succurre-

793 2529 896 2574 ret.
929 2517 1184 2586 Idemque
1213 2516 1443 2570 faciebat
1470 2515 1579 2571 Leo
1609 2518 1777 2572 frater
1821 2518 1988 2587 ipsius
2045 2535 2360 2590 cauponan-

801 2611 948 2664 tibus
968 2626 1241 2663 annonam
1293 2623 1346 2664 et
1367 2623 1576 2663 merces
1616 2610 1935 2664 mulieribus
1961 2627 2017 2664 se
2040 2612 2196 2676 dans,
2225 2615 2364 2666 mul-

795 2699 974 2769 tisque
1008 2711 1062 2755 et
1121 2701 1284 2754 variis
1326 2701 1483 2754 malis
1536 2700 1722 2753 orbem
1783 2711 2043 2755 terrarum
2110 2703 2361 2772 implens.

793 2791 976 2860 Turpe
1009 2792 1222 2845 illorum
1258 2803 1498 2860 quaestus
1535 2792 1773 2843 studium
1825 2791 1997 2846 facete
2035 2793 2181 2847 cives
2231 2795 2361 2848 sub-

792 2893 1178 2936 sannavcrunt.
1259 2881 1393 2935 Nam
1462 2896 1582 2934 cum
1659 2881 1948 2948 aliquando
2029 2883 2094 2936 ad
2160 2883 2362 2937 milites

792 2971 1125 3026 exercendus
1159 2972 1209 3024 in
1257 2985 1511 3039 campum
1546 2984 1864 3038 progressus
1900 2970 2195 3038 imperator
2225 2987 2363 3025 cano

2469 512 2846 580 κατωρθωκὼς
2886 516 2966 566 ὅτι
3001 516 3180 582 μοδίου
3233 519 3307 586 τῷ
3333 520 3626 588 νομίσματι
3660 530 4040 595 πιπρασκομέοι

2465 618 2555 652 νου
2578 603 2735 663 asta;
2759 604 2852 654 δύο
2884 606 3178 658 πωλεῖσθαι
3203 609 3390 662 τοῦτον
3419 612 3670 678 ἐπέταξε,
3705 613 3778 684 μὴ
3807 616 3895 665 τὸν
3923 617 4040 668 Μα-

2465 693 2652 744 κεδόνα
2691 695 3070 763 μιμησάμενος
3106 695 3327 765 βασιλέα
3355 702 3668 755 Βασίλειον·
3725 699 3879 768 οὗτος
3930 707 4038 776 γὰρ

2467 784 2608 835 κατὰ
2638 784 2735 850 τὴν
2795 786 2987 851 καινὴν
3028 787 3309 858 Κυριακὴν
3347 792 3719 862 ἀπερχόμενος
3748 798 3805 849 ὲν
3833 796 3911 865 τῷ
3927 796 4035 848 τῶν

2463 874 2730 940 Μεγάλων
2771 876 3107 930 ’Δποστόλων
3145 879 3280 942 ναῷ,
3312 883 3404 934 καὶ
3429 884 3763 953 θεασάμενος
3812 889 4035 951 πολίτας

2465 963 2615 1024 τινὰς
2641 968 2987 1034 ἱεροπρεπεῖς
3007 967 3106 1035 μὲν
3131 970 3225 1020 καὶ
3249 974 3505 1039 σεμνοὺς,
3528 973 3697 1036 ἄλλως
3719 974 3774 1026 δὲ
3793 977 4038 1047 σκυθρω-

2468 1053 2601 1118 ποὺς
2621 1056 2714 1108 καὶ
2733 1057 3134 1126 κατηφιῶντας.
3150 1062 3314 1128 ἐγγὺς
3333 1064 3525 1117 ἑαυτοῦ
3545 1068 4036 1136 παραστησάμενος

2464 1145 2552 1199 διὰ
2586 1147 2638 1198 τί
2681 1149 2754 1219 μὴ
2790 1152 2882 1202 καὶ
2916 1151 3068 1203 αὐτοὶ
3094 1151 3613 1223 λαμπροφοροῦντες
3662 1159 3720 1210 ἐν
3766 1161 3829 1227 τῇ
3868 1160 4032 1229 ἑορτῇ

2474 1240 2732 1310 πάρεισιν
2774 1243 3052 1312 ἀνηρώτα,
3085 1244 3199 1296 ἀλλ’
3232 1246 3303 1306 ὡς
3335 1247 3400 1298 ἂν
3433 1247 3490 1298 ἐν
3523 1250 3736 1320 μεγάλῃ
3785 1254 4036 1319 συμφορᾷ

2468 1332 2564 1402 τῆς
2611 1333 2816 1396 πόλεως
2846 1335 3012 1404 οὑσης
3071 1340 3451 1406 στυγνάζουσι.
3500 1340 3645 1408 Πρὸς
3694 1342 3751 1393 ὃν
3807 1343 4035 1411 ἀπεκρί-

2476 1426 2605 1478 νατό
2636 1443 2719 1488 τις
2746 1425 2852 1478 τῶν
2901 1426 3162 1481 πολιτῶνο
3210 1449 3226 1480 ι
3266 1431 3376 1495 Σοὶ,
3408 1424 3452 1481 ὧ
3485 1431 3740 1495 δέσποτα,
3789 1431 3884 1483 καὶ
3927 1434 4036 1494 τοῖς

2468 1516 2696 1567 ἑστῶσιν
2748 1517 2974 1584 ἔγγιστά
3025 1535 3117 1570 σου
3157 1519 3358 1587 πρέπει
3399 1521 3460 1574 τὸ
3502 1521 3910 1590 λαμπροφορεῖν
3943 1524 4035 1573 καὶ

2467 1605 2712 1672 χαίρειν·
2747 1601 2829 1667 οἷς
2859 1607 2914 1660 δὲ
2943 1607 3036 1659 τοῦ
3066 1609 3297 1662 Θανάτου
3329 1610 3591 1680 πρόσεστι
3624 1613 3934 1681 προσδοκία,
3971 1614 4036 1662 τὰ

2469 1697 2695 1750 τοιαῦτα
2733 1701 3091 1755 ¹άπεοίκασιν.
3143 1704 3211 1754 Ἦ
3264 1703 3474 1770 ἀγνοεῖς
3518 1703 3599 1756 ὅτι
3650 1705 3742 1756 δύο
3790 1705 4038 1772 μέδιμνοι

2471 1788 2617 1841 σίτου
2652 1789 2728 1857 τῷ
2762 1788 3058 1859 νομίσματι
3093 1793 3497 1860 πιπράσκονται
3530 1793 3619 1846 διὰ
3649 1793 3747 1862 τὴν
3779 1795 3884 1845 τῶν
3915 1795 4036 1846 ἀνέ-

2472 1897 2587 1949 μων
2619 1881 2962 1950 τραχύτητα;
3011 1900 3028 1933 ι
3068 1882 3210 1950 Πρὸς
3237 1882 3408 1936 ταῦτα
3448 1883 3632 1952 βύθιον
3677 1882 3982 1952 ἀνοιμώξας
4009 1886 4037 1934 ὁ

2469 1971 2721 2040 βασιλεὺς
2744 1973 3089 2042 συμπαθείας
3117 1975 3391 2040 ἀπέσταξε
3417 1974 3672 2043 δάκρυον,
3696 1978 3786 2027 καὶ
3816 1974 4035 2034 τούτους

2470 2062 2567 2130 μὲν
2606 2064 3033 2133 παρεμυθήσατο
3086 2065 3344 2133 δαψιλῶς,
3404 2065 3716 2118 ἐπανελθὼν
3760 2065 3804 2117 δ’
3856 2066 3933 2126 εἰς
3971 2066 4037 2116 τὰ

2469 2153 2712 2222 βασίλεια
2737 2154 2864 2216 τοὺς
2901 2154 3000 2218 τὰς
3033 2153 3318 2215 πολιτικὰς
3350 2154 3445 2207 καὶ
3486 2154 3769 2224 βασιλικὰς
3801 2173 4036 2222 συναγα-

2469 2245 2580 2313 γὼν
2635 2246 3069 2316 μετερχομένους
3106 2247 3393 2316 φροντίδας
3444 2245 3662 2317 μυρίαις
3700 2245 3891 2316 ὕϐρεσι
3945 2247 4037 2297 καὶ

2468 2337 2629 2403 ἀραῖς
2663 2335 3041 2388 καθυπέὸαλεν
3069 2335 3150 2388 ὅτι
3181 2337 3256 2404 μὴ
3291 2335 3438 2406 αὑτῷ
3468 2336 3596 2406 περὶ
3624 2336 3723 2404 τῆς
3775 2335 4036 2391 σιτοὲείας

2468 2427 2764 2495 ἐμήνυσαν,
2786 2429 2879 2479 καὶ
2909 2427 3070 2491 εὐθὺς
3089 2429 3178 2480 τὸν
3203 2427 3477 2497 βασιλικὸν
3504 2430 3596 2479 καὶ
3613 2428 3867 2495 δημόσιον
3894 2429 4038 2482 σῖτον

2467 2519 2802 2586 προθέμενος
2828 2517 3038 2570 δώδεκα
3091 2517 3186 2569 τοῦ
3221 2520 3555 2588 νομίσματος
3601 2517 3839 2569 δίδοσθαι
3892 2535 4034 2585 παρ-

2468 2608 2788 2659 εκελεύσατο
2811 2625 2825 2639 ο
2853 2602 2913 2660 οὗ
2946 2608 3044 2676 τὴν
3071 2607 3387 2677 προαίρεσιν
3425 2608 3827 2676 ἀποδεξάμενος
3857 2610 3884 2659 ὁ
3908 2607 4036 2668 Θεὸς

2468 2697 2720 2766 εὐθηνίαν
2753 2697 2948 2764 πολλὴν
2978 2700 3090 2758 τοῖς
3125 2697 3432 2767 ἀνθρώποις
3487 2697 3816 2766 παρέσχετο.
3879 2697 4037 2747 Ἀλλὰ

2467 2788 2638 2840 ταῦτα
2675 2789 2771 2856 μὲν
2800 2789 2877 2850 είς
2925 2788 3146 2840 ἔπαινον
3195 2790 3404 2842 ἐκείνου
3461 2787 3657 2858 ὲρῤέθη
3681 2805 3693 2816 ·
3729 2789 3756 2839 ὀ
3785 2787 3840 2839 δὲ
3867 2787 4036 2855 Νικη-

2469 2879 2632 2946 φόρος
2682 2878 2866 2946 ἔχαιρε
2927 2877 3436 2947 μᾶλ.λονῆἐ6οὴοει
3495 2879 3844 2943 θλιϐομένους
3897 2878 4036 2946 ὀριῖν

2468 2974 2588 3032 τοὺς
2625 2970 2919 3039 ὑπηκόους.
2958 2971 3062 3022 Καὶ
3094 2971 3190 3038 οὑχ
3221 2966 3371 3027 οὗτος
3400 2971 3578 3039 μόνον,
3611 2970 3744 3022 ἀλλὰ
3765 2971 3856 3022 καὶ
3886 2971 4036 3020 Λέων

799 3060 1035 3124 cuidam,
1060 3061 1148 3128 qui
1179 3063 1316 3112 inter
1336 3059 1535 3112 milites
1580 3073 1636 3111 sc
1662 3059 1857 3112 ascribi
1895 3060 2132 3127 petebat,
2162 3061 2366 3116 diceret
2389 3070 2434 3132 C
2467 3063 2493 3114 ὀ
2521 3063 2540 3114 ἐ

2294 3071 2366 3116 ret
2389 3070 2434 3132 C
2467 3063 2493 3114 ὀ
2521 3061 2746 3128 ἀδελφὸς
2780 3060 2964 3120 αὑτοῦ,
2988 3063 3106 3122 ταῖς
3142 3061 3470 3128 καπηλείαις
3500 3062 3895 3129 προσκείμενος
3931 3061 4035 3110 τιῖν

795 3150 987 3218 ecquid
1029 3151 1189 3204 homo
1214 3152 1378 3202 (‘anus
1413 3149 1463 3200 in
1488 3147 1729 3200 militiam
1776 3148 1930 3216 allegi
1979 3158 2206 3217 peteret,
2236 3160 2361 3219 apte

797 3240 844 3292 is
892 3240 1251 3308 responditse
1302 3239 1471 3292 multo
1525 3253 1667 3291 nunc
1700 3239 2012 3292 validiorem
2050 3256 2170 3294 esse
2203 3258 2361 3310 quam

792 3331 1111 3385 adolescens
1160 3330 1370 3384 fuisset.
1404 3330 1577 3399 thui
1612 3331 1711 3383 hoc
1752 3345 1939 3384 verum
1990 3339 2154 3396 esset,
2197 3333 2363 3388 inter-

793 3431 1017 3492 rOgante
1045 3422 1403 3491 imperatore:
1438 3442 1454 3473 ι
1491 3422 1586 3484 lio,
1608 3423 1961 3491 inquit,quod
1987 3424 2115 3476 olim
2141 3441 2245 3479 uno
2266 3441 2364 3479 au-

792 3525 886 3564 reo
938 3522 1118 3580 empto
1159 3511 1430 3564 frumento
1483 3512 1619 3566 duos
1673 3512 1964 3565 onerabam
2034 3513 2265 3568 asinos:
2313 3523 2363 3568 te

793 3609 978 3655 autem
1051 3603 1371 3672 imperante,
1434 3610 1695 3671 quantum
1753 3603 1965 3658 duobus
2003 3607 2182 3661 aureis
2230 3607 2364 3660 cmi-

794 3705 881 3746 tur
946 3693 1233 3771 frumenti,
1309 3693 1449 3748 haud
1521 3704 1739 3763 gravate
1797 3695 2039 3749 humeris
2122 3705 2297 3764 porto.
2340 3715 2357 3746 ι

795 3783 1093 3851 Imperator
1139 3782 1431 3836 dicterium
1471 3784 1711 3837 sentiens
1756 3783 1906 3848 abiit,
1967 3785 2100 3836 nihil
2150 3795 2363 3853 pertur-

796 3877 972 3930 batus.

2469 3153 2646 3217 εἰδῶν,
2696 3153 2904 3206 πολλῶν
2940 3153 3033 3205 καὶ
3070 3151 3329 3204 ποικίλων
3357 3152 3546 3204 δεινῶν
3584 3153 3679 3219 τὴν
3711 3153 4036 3218 οἰκουμένην

2470 3244 2784 3311 ἐνέπλησεν.
2830 3235 2926 3292 Ὦν
2972 3243 3071 3311 τὴν
3116 3243 3557 3311 αἰσχροκέρδειαν
3604 3241 3952 3308 εὑτραπέλως
3988 3242 4034 3291 οἱ

2472 3331 2679 3383 πολῖται
2712 3331 3135 3398 διεκωμῴδουν.
3191 3331 3525 3396 Ἐξελθόντος
3582 3329 3690 3397 γάρ
3760 3345 3888 3379 ποτε
3941 3328 4033 3378 τοῦ

2472 3420 2732 3488 βασιλέως
2761 3421 2816 3474 ἐν
2842 3420 2920 3489 τῷ
2951 3419 3118 3490 πεδίῳ
3157 3420 3297 3471 ὥστε
3345 3420 3618 3488 γυμνάσαι
3652 3420 3742 3471 τὸν
3785 3418 4036 3487 στρατὸν,

2470 3512 2592 3564 ἐπεί
2617 3529 2699 3574 τις
2721 3506 2850 3580 ἦλθε
2875 3510 3059 3572 πολιὸς
3094 3510 3190 3580 τὴν
3241 3510 3399 3578 τρίχα
3439 3510 3533 3562 καὶ
3602 3511 3859 3578 ἐπειρᾶτο
3914 3526 4038 3560 συκ-

2478 3601 2847 3670 αριθμηθῆναι
2881 3602 2990 3662 τοῖς
3025 3599 3411 3670 στρατιώταις,
3467 3600 3601 3668 φησι
3657 3600 3788 3667 πρὸς
3840 3599 4033 3649 αὑτὸν·

2477 3713 2494 3744 ι
2533 3695 2603 3746 Σὺ
2635 3693 2710 3755 δὲ,
2741 3686 2784 3744 ὦ
2814 3691 3087 3760 ἄνθρωπε,
3122 3691 3297 3757 γέρων
3324 3689 3397 3740 ὢν
3426 3689 3543 3750 πῶς
3570 3693 3676 3750 τοῖς
3703 3690 3851 3758 ἐμοῖς
3879 3705 4038 3756 στρα-

2470 3783 2689 3846 τιώταις
2749 3784 2946 3854 ἐπείγῃ
2996 3781 3509 3851 συναριθμηθῆναι;
3547 3800 3562 3831 ι
3613 3781 3670 3832 Ὀ
3697 3781 3740 3832 δ’
3769 3780 4035 3846 εὐστόχως

2471 3875 2775 3936 ὑπολαϐὼν,
2816 3893 2832 3926 ι
2872 3873 3011 3926 Πολὺ
3042 3872 3408 3941 δυνατώτερος
3445 3874 3560 3940 εἰμι
3597 3871 3713 3934 νῦν,
3744 3873 3868 3939 ἔφη,
3893 3872 3924 3938 ἢ
3949 3872 4032 3921 ὅτε

792 3971 1056 4040 ἤκμαζον.
1086 3990 1103 4020 ι
1135 3969 1304 4021 Αὑτοῦ
1326 3968 1411 4031 δὲ,
1440 3989 1456 4019 ι
1485 3971 1592 4022 Καὶ
1616 3970 1763 4034 πῶς;
1795 3987 1812 4019 ι
1845 3970 2127 4038 ἐρομένου,
2173 3989 2188 4018 ι
2225 3972 2480 4042 Ὂτιπερ,
2503 3971 2626 4040 ἔφη,
2662 3971 2750 4021 τὶν
2773 3969 2864 4022 τοῦ
2895 3967 3224 4036 νομίσματος
3260 3969 3401 4018 σῖτον
3428 3965 3686 4033 πρότερον
3707 3965 3852 4015 δυσ“.ν
3877 3966 4035 4033 ἡμιξ-

792 4079 900 4124 νοις
941 4059 1328 4130 ἐπιφορτίζων,
1378 4061 1469 4110 ἐπὶ
1500 4060 1595 4128 τῆς
1628 4061 1722 4126 σῆς
1757 4059 2028 4128 βασιλείας
2076 4061 2165 4112 δύο
2214 4065 2560 4131 νομισμάτων
2627 4065 2770 4113 σῖτον
2798 4059 3018 4130 άΰαρῶς
3080 4057 3316 4109 ἐπὶτῶν
3376 4057 3540 4126 ὤμων
3569 4057 3737 4126 φέρω.
3785 4074 3800 4105 ι
3844 4057 4031 4117 Συνεὲς

791 4152 884 4208 οὖν
909 4154 1006 4222 τὴν
1036 4153 1318 4221 εἰρωνείαν
1347 4152 1682 4222 ἀνεχώρησε,
1715 4153 1880 4222 μηδὲν
1914 4153 2222 4221 ταραχθείς.

862 4244 1133 4298 (Στεῑετυιιι
1168 4243 1663 4298 Saraceniamissis
1683 4244 1738 4297 in
1769 4244 1920 4314 Syria
1942 4242 2198 4298 etCilicia
2225 4245 2359 4299 urbi-

794 4338 916 4401 bus,
959 4336 1222 4389 Joannem
1248 4335 2125 4405 archiepiscopumHierosolymze
2174 4337 2356 4390 vivum

794 4425 1238 4486 coutimsserunt,
1281 4423 1423 4492 quod
1467 4423 1878 4490 suspicarentur
1923 4422 2042 4490 ejus
2102 4421 2363 4476 instinctu

793 4515 1159 4584 Nicephorum
1226 4515 1356 4582 ipsis
1418 4513 1616 4568 bellum
1669 4513 1963 4566 illaturum.
2001 4511 2366 4566 lneenderunt

2540 4245 2601 4295 Οἱ
2627 4241 2683 4293 δὲ
2705 4239 3013 4308 Σαρακηνοὶ
3046 4237 3182 4305 μετὰ
3214 4237 3270 4288 τὸ
3299 4237 3498 4289 ἁλῶναι
3533 4236 3630 4298 τὰς
3663 4236 3718 4287 ἐν
3748 4236 3913 4306 Συρία
3946 4228 4034 4286 καὶ

2472 4329 2692 4399 Κιλικίᾳ
2759 4328 2940 4388 πόλεις
2999 4328 3090 4378 τὸν
3141 4326 3404 4395 ἀρχιερέα
3481 4327 3587 4378 τῶν
3651 4325 4033 4394 Ἰεροσολύμων

2467 4423 2722 4489 Ἰωάννην
2743 4419 2919 4480 ζῶντα
2948 4417 3288 4470 κατέκαυσαν
3308 4419 3381 4478 ὡς
3406 4421 3523 4478 ταῖς
3549 4417 3848 4485 ὑποθήκαις
3871 4417 4030 4467 αὐτοῦ

2469 4515 2605 4582 τάχα
2660 4510 2941 4580 μέλλοντος
2979 4507 3072 4560 τοῦ
3103 4507 3417 4575 Νικηφόρου
3467 4506 3748 4573 ἀφίξεσθαι
3780 4507 3913 4575 πρὸς
3937 4509 4030 4557 αἰ-

793 4605 956 4659 etiam
987 4603 1407 4672 pulcherrimum
1462 4602 1719 4671 templum
1770 4601 2035 4655 Dominici
2081 4601 2349 4670 Sepulcri.
2391 4586 2435 4640 D
2461 4621 2534 4656 τοι

2284 4602 2349 4654 ri.
2391 4586 2435 4640 D
2461 4602 2604 4665 τούς·
2641 4602 2948 4669 ἐνέπρησαν
2981 4599 3036 4651 δὲ
3061 4599 3151 4652 καὶ
3175 4599 3266 4650 τὸν
3300 4597 3592 4668 περικαλλῆ
3633 4597 3760 4649 ναδν
3789 4598 3881 4650 τοῦ
3918 4600 4024 4648 Ku-

796 4695 996 4749 Eodcm
1036 4694 1194 4747 modo
1213 4692 1538 4747 Antiocheni
1567 4706 1782 4760 quoque
1812 4690 1972 4761 375
1995 4691 2359 4759 ChristOpho-

797 4807 917 4844 rum
959 4805 1116 4843 suum
1149 4787 1460 4856 pontificem
1510 4800 1782 4839 summum
1827 4782 2239 4837 interfecerunt.
2283 4783 2363 4838 Ad

799 4885 1185 4951 imperatorem
1249 4894 1409 4948 porro
1458 4895 1515 4932 se
1572 4876 1922 4931 contulerunt
1986 4873 2274 4944 Gregorius
2312 4882 2368 4927 et

796 4971 1115 5025 Pancratius
1138 4967 1332 5022 fratres
1367 4967 1628 5037 germani,
1669 4965 1825 5033 eique
1875 4978 2027 5018 suam
2076 4962 2361 5021 ditionem,

798 5062 1020 5114 nomine
1047 5060 1247 5122 Taron,
1277 5063 1690 5112 concesserunt.
1725 5055 1873 5120 Quos
1907 5054 1996 5107 ille
2027 5051 2251 5121 patricia
2276 5051 2360 5104 di-

799 5150 1002 5219 gnitate
1032 5157 1254 5202 ornatos
1311 5146 1528 5215 praediis
1573 5145 1776 5200 reditus
1800 5144 2008 5214 amplos
2035 5141 2363 5197 habentibus

800 5240 1042 5293 donavit.
1085 5237 1178 5291 Die
1236 5237 1441 5292 mensis
1491 5235 1801 5290 Decembris
1846 5235 1936 5296 ‘22,
1994 5234 2124 5287 hora
2184 5232 2362 5295 tertia,

802 5337 985 5382 tantus
1017 5327 1116 5381 fuit
1152 5327 1279 5383 solis
1302 5327 1546 5382 defectus
1593 5337 1648 5380 ut
1680 5336 1823 5380 astra
1850 5339 2063 5394 quoque
2094 5337 2360 5392 apparue-

803 5418 931 5470 rint.

872 5506 990 5560 Jam
1047 5506 1380 5576 Theophane
1419 5509 1657 5578 Augusta
1701 5509 2152 5564 consuetudinem
2216 5510 2366 5566 Nice-

806 5599 964 5666 phori
993 5613 1267 5661 aversans,
1294 5597 1638 5663 Tzimiscam,
1673 5598 1790 5666 ejus
1834 5599 2180 5653 familiarium
2215 5603 2280 5654 ad
2310 5618 2367 5656 se

808 5691 980 5745 vocati
1022 5688 1300 5760 cujusdam
1327 5691 1648 5755 ministerio,
1679 5691 1839 5745 domo
1872 5707 1967 5746 sua
2015 5692 2091 5761 (in
2128 5707 2233 5759 qua
2257 5703 2365 5747 tum

2465 4692 2652 4762 ριακοῦ
2693 4691 2895 4757 Τάφου.
2925 4691 2996 4741 Τὸ
3028 4690 3074 4741 δ’
3105 4689 3233 4740 αὑτὸ
3286 4687 3443 4740 τοῦτο
3487 4690 3819 4757 πεποιήκασι
3853 4689 3947 4740 καὶ
3979 4692 4024 4739 ci

2464 4784 2777 4850 Ἀντιοχεῖς,
2809 4781 3179 4849 Χριστοφόρον
3212 4779 3300 4830 τὸν
3331 4778 3510 4830 αὑτῶν
3543 4777 3816 4838 ἀνελόντες
3846 4779 4027 4847 ἀρχιε-

2471 4874 2585 4944 ρέα.
2631 4873 2714 4945 [Ρ.
2749 4871 2878 4942 669.]
2914 4872 3338 4942 Προσερῤὑησαν
3381 4871 3436 4922 δὲ
3471 4869 3548 4939 τῷ
3592 4869 3794 4938 βασιλεῖ
3826 4869 4027 4938 Γρηγκῖ-

2472 4981 2582 5034 ριος
2632 4965 2726 5016 καὶ
2781 4964 3127 5032 Παγκράτιος
3162 4963 3209 5013 οἱ
3254 4960 3608 5026 αὑτάδελφοι,
3669 4960 3766 5029 τῆς
3818 4961 4024 5012 ἑαυτῶν

2469 5058 2966 5126 παραχωρήσαντες
3001 5054 3148 5123 αὐτῷ
3191 5054 3370 5123 χώρας
3400 5051 3492 5104 τοῦ
3529 5050 3719 5122 Ταρών
3743 5068 3756 5081 ·
3791 5052 3880 5113 οὓς
3918 5069 4025 5104 πα-

2469 5149 2705 5218 τρικίους
2778 5146 3012 5216 τιμήσας
3082 5146 3172 5197 καὶ
3240 5146 3511 5214 κτήμασιν
3570 5143 4026 5212 ἐφιλοφρονήσατο

2472 5236 2904 5304 πολυπροσόδοις.
2952 5235 3198 5301 Ἐγένετο
3240 5233 3293 5284 δὲ
3341 5234 3434 5287 καὶ
3484 5233 3634 5300 ἡλίου
3685 5232 3921 5299 ἔκλειψις
3960 5235 4024 5300 τῇ

2473 5327 2551 5396 κβ¹
2599 5327 2691 5378 τοῦ
2728 5324 3058 5394 Δεκεμϐρίου
3103 5324 3298 5392 μηνὸς,
3341 5322 3469 5392 περὶ
3517 5323 3704 5394 τρίτην
3753 5322 3922 5393 ὥραν,
3954 5323 4027 5383 ώς

2474 5418 2568 5469 καὶ
2593 5419 2762 5486 ἄστρα
2795 5415 3045 5485 φανῆναι.

2555 5510 2619 5562 Ἠ
2651 5511 2705 5561 δὲ
2735 5508 2942 5578 βασιλὶς
2970 5507 3226 5576 Θεοφανὼ
3256 5505 3700 5576 ἀποστρεφομένη
3727 5507 3820 5576 τὴν
3847 5523 4033 5557 συνου-

2479 5603 2597 5652 σίαν
2624 5601 2714 5654 τοῦ
2751 5602 3086 5669 Νικηφόρον,
3114 5601 3233 5652 τινὰ
3279 5601 3386 5652 τῶν
3422 5599 3513 5652 τοῦ
3553 5599 3823 5668 Τςιμισκῆ
3867 5614 4031 5668 μετα-

2477 5694 2806 5763 πεμψαμένη
2841 5692 3166 5746 εἰσκαλεῖται
3199 5691 3382 5744 τοῦτον
3415 5694 3468 5744 ὲν
3498 5691 3573 5762 τῷ
3611 5692 3722 5762 ἰδίῳ
3753 5693 3883 5760 οἴκῳ
3911 5707 4030 5759 σχο-
