4410 6452
346 400 449 464 lGQ
1397 398 1930 460 illSTORIARUM
1970 399 2026 455 Cl
2046 399 2497 461 MPENDlUM.
3486 394 3587 455 liti

338 510 614 574 λαζοντα’
671 508 807 577 ἕετθη
865 507 968 576 γὰρ
999 509 1024 559 6
1066 508 1315 575 βαεύςὺς
1368 508 1454 560 διά
1510 524 1625 559 τινα
1686 507 1915 573 ὑποψίαν
1951 514 1987 565 Α
2022 523 2079 576 pr

1842 507 1915 557 'Jv
1951 514 1987 565 Α
2022 508 2263 576 privatus
2290 509 2537 578 degebat,
2571 506 3024 576 obsuspiciuucm
3075 505 3358 573 quamdam
3401 505 3583 561 dome—~

340 601 659 670 παραλύσας
696 600 882 651 τοῦτον
910 600 1008 666 τῆς
1037 599 1129 650 τοῦ
1170 600 1491 666 δομεστίκου
1527 599 1695 667 ἀρχῆς
1728 600 1819 649 καὶ
1859 601 1914 649 ἐν
2020 600 2081 651 sli

1859 601 1914 649 ἐν
2020 598 2338 653 sticiolliciu
2369 600 2612 668 dejectus
2639 598 2706 652 ab
2770 599 3112 667 imperatore.
3158 607 3211 652 et
3266 597 3411 651 domi
3458 612 3584 650 .sttae

340 690 420 758 τῷ
454 691 567 758 ἰδίῳ
616 690 749 758 οἴκῳ
780 688 1045 758 ἀπρόῖτον
1074 684 1212 740 εἶναι
1254 688 1536 751 κελεύσας.
1576 687 1914 756 Διεπραξατο
2019 706 2076 742 se.

1840 705 1914 738 ιτο
2019 706 2076 742 se
2102 692 2381 745 continere
2408 708 2582 761 neque
2613 706 2838 760 usquam
2865 690 3083 759 prodire
3124 690 3327 757 jussus)
3372 698 3581 748 evocat.

337 781 396 833 δὲ
424 781 457 849 ἡ
490 780 739 848 μοιχαλὶς
791 780 883 833 καὶ
929 778 1232 849 γράμματα
1283 779 1470 831 τοῦτον
1513 778 1768 843 δέξασθαι
1818 779 1914 847 τὴν
2018 785 2078 837 ad

1842 779 1914 847 ὴν
2018 785 2260 852 adeoque
2292 785 2499 837 litteras
2522 784 2683 838 etiam
2726 783 2971 838 adultera
3022 781 3090 834 ab
3120 782 3447 849 imperatore
3484 780 3583 833 ob-

340 870 569 923 κάθοδον
598 871 979 942 ἐπιτρέποντα.
1022 871 1129 924 Καὶ
1159 872 1185 922 6
1217 871 1486 941 πεμψθεὶς
1516 870 1725 922 ἐκεῖθεν
1754 870 1914 922 αὑτὸν
2020 878 2081 929 tit‘

1841 870 1914 920 τὸν
2020 878 2174 935 tinet.
2218 875 2414 943 quibus
2462 876 2513 927 in
2565 876 2754 929 urbem
2815 875 2859 928 is
2910 873 3087 927 redire
3134 872 3437 941 iuberetur.
3481 871 3582 935 Qui

338 959 746 1030 ἀναλαϐόμενος
780 962 857 1023 είς
890 960 1209 1030 Χαλκηδόνα
1238 962 1480 1028 ἀφίκετο.
1509 962 1617 1012 Καὶ
1642 959 1736 1011 τοῦ
1762 960 1914 1027 βασι·
2018 968 2079 1018 mi

1840 977 1914 1011 τι·
2018 967 2215 1019 missus
2242 966 2362 1028 fuit,
2400 966 2444 1019 is
2477 965 2797 1019 Tzimiscam
2835 964 2996 1020 duino
3029 979 3126 1019 sua
3184 962 3581 1017 Chaleedencnt

338 1052 480 1113 λέως
526 1051 965 1120 ὑπομνησθέντος
994 1053 1043 1103 εί
1086 1052 1166 1104 δεῖ
1212 1053 1400 1105 τοῦτον
1448 1052 1710 1105 εἰσελθεῖν
1758 1054 1813 1103 ἐν
1843 1056 1910 1121 τῇ
2017 1060 2079 1111 ad

1843 1056 1910 1121 τῇ
2017 1059 2253 1112 adducit.
2284 1059 2523 1125 (tumque
2554 1057 2842 1125 imperator
2874 1056 3216 1110 submunitus
3258 1064 3439 1108 utrum
3460 1069 3582 1107 eum

342 1143 594 1210 βασιλίδι,
632 1145 881 1197 κάκείνου
912 1144 1240 1214 προσμένειν
1275 1143 1470 1212 μικρὸν
1503 1143 1909 1212 ἐπιτρέψαντος,
2017 1165 2081 1201 γρ

1843 1163 1909 1205 7;.
2017 1150 2179 1203 vellet
2210 1151 2395 1217 Cpolin
2428 1149 2656 1219 ingredi.
2681 1162 2807 1201 eum
2840 1148 3230 1215 aliquantulum
3268 1154 3584 1215 exspectare

338 1233 527 1301 ἐκείνη
556 1234 747 1296 νυκτὸς
779 1240 847 1285 ια’
873 1234 965 1287 τοῦ
998 1234 1333 1303 Δεκεμϐρίου
1363 1233 1550 1303 μηνὸς,
1588 1233 1911 1296 ίνδικτιῶνος
2016 1241 2079 1305 in:

1844 1250 1911 1296 ὀς
2016 1234 2285 1305 iussisset,
2326 1239 2661 1310 'llteOphano
2706 1248 2884 1300 nocte,
2940 1239 2995 1291 ll
3064 1238 3394 1298 Decembris.
3446 1237 3585 1290 indiv

342 1332 435 1393 ιγ’,
474 1325 625 1388 ἔτους
654 1332 846 1395 ,ςύοη’,
882 1327 1255 1380 ἀποστείλασα
1286 1326 1410 1394 ἄγει
1441 1326 1629 1379 τοῦτον
1669 1326 1800 1392 πρὸς
1823 1326 1909 1377 τὸν
2016 1332 2083 1383 cti

1842 1326 1909 1376 τὸν
2016 1332 2195 1385 ctione
2226 1331 2306 1395 l5,
2334 1345 2477 1384 anno
2512 1330 2698 1385 mundi
2724 1328 2885 1391 (H78,
2915 1327 3098 1381 missis
3120 1327 3233 1380 suis
3261 1327 3583 1380 Tzitniscam

341 1419 589 1471 κάτωθεν
617 1418 711 1473 τοῦ
758 1419 1020 1472 παλατίου
1072 1419 1445 1489 χειροποίητον
1477 1417 1667 1486 λιμένα
1698 1418 1907 1480 νυκτδς,
2015 1438 2082 1475 nn

1840 1418 1907 1480 ὃς,
2015 1434 2177 1478 noctu
2210 1424 2278 1477 ad
2319 1433 2534 1491 portum
2579 1437 2745 1476 manu
2780 1420 3113 1478 confectum.
3163 1418 3251 1487 qui
3317 1429 3400 1470 est
3444 1416 3581 1469 infra

342 1512 437 1563 καὶ
466 1511 672 1581 κοφίνῳ
700 1513 1005 1579 ἀνιμήσατο
1062 1512 1203 1579 μετά
1243 1512 1459 1563 πάντων
1503 1511 1611 1562 τῶν
1655 1512 1779 1579 περὶ
1814 1512 1910 1563 αὑο
2014 1528 2079 1582 pa

1841 1512 1910 1562 ιύ-
2014 1515 2295 1582 palatium.
2334 1512 2571 1572 deducit.
2606 1520 2657 1565 et
2683 1512 2995 1578 impositum
3064 1508 3213 1563 corbi
3249 1521 3373 1559 cum
3420 1506 3582 1560 sociis

339 1601 467 1652 τόν
518 1596 660 1670 ἦσαν
704 1601 761 1653 δὲ
790 1603 818 1652 6
852 1601 1137 1670 πατρίκιος
1185 1600 1401 1669 Μιχαὴλ
1432 1602 1459 1652 6
1490 1595 1766 1669 Βούρτζης
1818 1601 1909 1654 καὶ
2014 1605 2067 1656 in

1841 1601 1909 1654 ια).
2014 1605 2067 1656 in
2134 1604 2388 1672 palatium
2453 1601 2688 1656 attrahit.
2745 1599 2910 1653 Erant
2984 1614 3106 1651 cum
3173 1612 3239 1650 eo
3290 1594 3582 1648 llichaelus

339 1691 494 1743 Λέων
528 1691 825 1762 ταξιάρχης
861 1694 888 1743 6
917 1692 1207 1753 Βαλάντιος
1242 1691 1335 1744 καὶ
1366 1690 1475 1742 τῶν
1505 1692 1598 1743 τοῦ
1634 1691 1906 1760 Τζιμισκῆ
2015 1696 2080 1750 ἰὴ

1844 1693 1906 1759 κῆ
2015 1696 2209 1750 Burtza
2235 1695 2513 1765 patricius.
2537 1694 2643 1747 Leo
2663 1692 2981 1745 Abalantius
3000 1689 3242 1744 cohortis
3259 1687 3473 1747 ductor,
3490 1686 3585 1736 Λι-

340 1786 761 1838 πιστικωτάτων
800 1788 827 1837 6
874 1786 1373 1855 Ἀτζηποθεόδωρος
1422 1786 1515 1837 καὶ
1561 1784 1739 1854 ἕτεροι
1793 1784 1904 1836 δύο.
1948 1842 1983 1856 ﬁ
2013 1804 2081 1856 1y]

1841 1784 1904 1836 io.
1948 1842 1983 1856 ﬁ
2013 1789 2447 1856 rypothcodorus
2496 1785 2778 1837 Tziiniscm
2799 1783 3098 1835 amicorum
3126 1778 3498 1838 fidelissimus.
3523 1792 3582 1827 ac.

338 1876 553 1938 Οἵτινες
581 1876 896 1933 ἀνελθόντες
924 1879 1017 1928 καὶ
1042 1875 1289 1945 ξιφήρεις
1319 1878 1395 1935 εἰς
1416 1877 1505 1927 τὸν
1526 1875 1619 1928 τοῦ
1648 1876 1908 1941 βασιλέως
1946 1842 1986 1896 Β
2015 1879 2079 1931 dtt

1838 1894 1908 1938 ως
1946 1842 1986 1896 Β
2015 1879 2123 1931 duo
2150 1878 2263 1930 alii.
2304 1876 2468 1945 376
2509 1876 2543 1927 ii
2580 1890 2703 1929 cum
2735 1875 2788 1926 in
2818 1870 3073 1943 palatium
3092 1868 3579 1925 essentsuhlevati.

338 1967 678 2030 εἰσελθόντες
734 1966 989 2028 κοιτῶνα,
1043 1967 1165 2019 ἐπεὶ
1218 1967 1292 2035 μὴ
1342 1961 1503 2037 εὗρον
1564 1968 1728 2020 αὑτὸν
1758 1970 1815 2019 ἐν
1843 1972 1906 2037 τῇ
2014 1970 2079 2040 gl:

1843 1972 1906 2037 τῇ
2014 1969 2205 2040 gladiis
2227 1968 2390 2020 cincti
2432 1964 2776 2036 imperatoris
2801 1964 3110 2017 cubiculum
3152 1962 3353 2015 intrant
3383 1976 3397 2018 :
3432 1973 3581 2014 cum-

339 2056 564 2126 συνήθει
596 2057 773 2128 κλίνῃ,
797 2057 1117 2125 φωραθῆναι
1149 2057 1549 2125 ὑπονοήσαντες
1584 2056 1778 2125 μικροῦ
1800 2058 1909 2109 δεῖν
2013 2078 2080 2129 qu

1840 2061 1909 2109 εἰν
2013 2077 2117 2129 que
2145 2076 2268 2113 eum
2293 2075 2398 2113 non
2436 2059 2745 2112 invenirent
2782 2058 2833 2109 in
2861 2063 3120 2108 consueto
3145 2053 3308 2115 lecto,
3339 2051 3581 2105 detectas

338 2150 567 2212 ἑαυτοὺς
600 2151 1067 2219 κατεκρήμνισαν,
1100 2151 1147 2201 εί
1182 2150 1256 2218 μή
1288 2167 1384 2201 που
1410 2150 1697 2219 ἀνδράριόν
1724 2168 1773 2201 τι
1804 2149 1908 2202 τῶν
2016 2152 2079 2203 in:

1842 2149 1908 2202 ῶν
2016 2149 2236 2204 insidias
2269 2165 2387 2204 esse
2422 2149 2765 2217 suspicantes
2795 2149 2905 2215 jam
2939 2145 3148 2212 seipsos
3195 2151 3352 2196 erant
3393 2140 3583 2210 praaci-

339 2244 407 2292 ὲκ
435 2241 533 2309 τῆς
560 2242 1000 2306 γυναικωνίτιδος
1029 2241 1322 2311 εὑρηκότες
1347 2240 1438 2293 ὑπ’
1464 2240 1628 2293 αὑτοῦ
1652 2240 1907 2311 ὁδηγοῦν-
2012 2244 2080 2312 pil

1839 2242 1907 2292 ὃν·
2012 2241 2255 2312 pitaturi,
2290 2240 2393 2293 nisi
2424 2238 2717 2294 homuncio
2752 2236 2968 2306 quidam
2989 2234 3268 2306 obtigisset
3299 2247 3364 2286 ex
3402 2245 3580 2301 gyna-

337 2349 450 2383 ται.
491 2332 600 2384 Καὶ
631 2331 1147 2401 καταλαμδάνουσιν
1198 2331 1362 2384 αὑτὸν
1397 2330 1485 2382 ἐπ’
1533 2331 1765 2398 ἐδάφους
1794 2331 1907 2382 κεί-
2011 2350 2073 2389 ce

1839 2331 1907 2382 εἰσ
2011 2349 2130 2398 eeo,
2163 2348 2272 2403 quo
2302 2333 2439 2387 duce
2464 2331 2518 2383 in
2550 2328 2957 2398 solojacentem
3014 2324 3383 2394 Nicephorum
3440 2320 3580 2374 Pho-

339 2438 505 2489 μενον
549 2423 643 2474 καὶ
678 2420 967 2492 στρωμνὴν
1004 2422 1195 2491 ἔχοντα
1248 2422 1404 2474 πῖλον
1452 2422 1772 2491 κοκκοὸαφῆ
1816 2424 1907 2474 καὶ
2011 2440 2073 2479 ca

1837 2424 1907 2474 εαὶ
2011 2440 2129 2479 eam
2154 2422 2461 2486 inveniunt,
2489 2436 2588 2489 pro
2615 2430 2765 2474 veste
2790 2416 3025 2486 stragula
3056 2415 3349 2469 habentem
3377 2412 3578 2482 pileum

334 2516 541 2582 ἄρκτου
564 2513 760 2583 δέρμα,
783 2515 917 2583 ὅπερ
942 2512 1121 2565 λαϐὼν
1149 2509 1216 2582 ἦν
1244 2513 1396 2583 παρὰ
1423 2513 1641 2582 Μιχαὴλ
1668 2513 1904 2583 μοναχοῦ
2010 2531 2074 2569 co

1843 2513 1904 2566 οὖ
2010 2530 2175 2570 cocco
2196 2512 2459 2567 infectum
2482 2520 2537 2566 et
2566 2509 2824 2566 exuvium
2853 2506 2987 2571 ursi,
3015 2504 3159 2575 quod
3188 2518 3257 2558 an
3312 2503 3581 2559 avunculo

331 2604 433 2656 τοῦ
467 2604 763 2666 Μαλεῖνου,
798 2606 895 2657 τοῦ
944 2605 1099 2656 θείου
1140 2604 1327 2657 αὑτοῦ.
1389 2605 1588 2657 Τοῦτον
1616 2606 1739 2673 ἄρτι
1771 2607 1907 2674 πρὸς
2010 2626 2072 2664 su

1839 2607 1907 2667 νὸς
2010 2625 2112 2664 suo
2138 2608 2407 2663 Michaelo
2434 2605 2705 2662 monacho
2753 2602 2987 2657 Maleino
3022 2609 3329 2671 acceperat.
3371 2599 3580 2662 Recens

336 2695 507 2749 ὕπνον
564 2697 861 2764 τραπέντα,
904 2698 999 2749 καὶ
1052 2696 1314 2766 μηδαμῶς
1364 2696 1759 2764 ὲπαισθὸμενον
1807 2698 1905 2766 τῆς
2012 2701 2077 2753 im

1839 2698 1905 2766 ἧς
2012 2701 2310 2770 imperator
2332 2698 2761 2755 obdormivcrat.
2806 2709 2986 2763 neque
3044 2706 3424 2762 percussorum
3484 2691 3580 2744 ad-

332 2787 577 2856 ἀφίξεως
606 2788 716 2840 τῶν
746 2788 1049 2857 μελλόντων
1074 2789 1240 2840 αὑτὸν
1262 2788 1529 2856 ἀναιρεῖν,
1549 2788 1577 2840 6
1600 2787 1907 2857 Τζιμισκῆς
2008 2813 2073 2853 γε

1841 2788 1907 2857 ἧς
2008 2808 2230 2853 ventum
2276 2798 2545 2850 senserat.
2620 2791 2920 2846 Tzimisccs
2965 2805 3090 2845 eum
3146 2790 3294 2845 calce
3345 2789 3508 2843 ictum
3549 2802 3580 2839 e

330 2878 413 2945 τῷ
439 2879 563 2931 ποδὶ
609 2879 772 2943 νύξας
802 2879 1117 2944 ἔξὺπνισεν.
1163 2878 1579 2941 Ἐξυτινισθέντα
1604 2879 1658 2931 δὲ
1684 2880 1775 2931 καὶ
1802 2880 1903 2945 τῆς
2008 2903 2070 2942 so

1843 2880 1903 2945 ἧς
2008 2902 2203 2942 somno
2231 2886 2469 2940 excitat:
2502 2882 2782 2954 cvigilanti
2820 2882 3136 2948 dextraeque
3171 2894 3364 2932 manus
3396 2878 3579 2933 cubito

332 2969 516 3033 δεξιᾶς
541 2969 722 3039 χειρὸς
753 2970 845 3022 τὸν
886 2969 1113 3036 ἀγκῶνα
1140 2970 1207 3039 τῇ
1240 2971 1311 3039 γῇ
1348 2970 1777 3036 προσερείσαντα
1808 2970 1903 3023 καὶ
2008 2987 2073 3031 ιρι

1837 2970 1903 3023 ίαὶ
2008 2987 2168 3031 terrae
2204 2976 2457 3030 innitenti
2494 2984 2549 3029 et
2609 2968 3064 3043 eaputattoller'tti
3116 2968 3224 3023 Leo
3264 2969 3578 3023 Abalanlitts

330 3062 436 3124 τὴν
481 3061 723 3129 κεφαλὴν
768 3060 1230 3127 ἀνακουφίσαντα,
1286 3058 1537 3128 ἐπιφέρει
1592 3060 1781 3127 γυμνῷ
1826 3058 1904 3127 τῷ
2006 3076 2071 3121 su

1836 3058 1904 3127 τῷ
2006 3066 2195 3121 stricto
2216 3080 2348 3120 ense
2370 3064 2565 3119 vulnus
2588 3064 2777 3131 ingens
2800 3062 2859 3146 in
2889 3061 3094 3115 nudum
3126 3069 3291 3131 caput
3341 3061 3577 3131 (decide-

332 3151 482 3217 ξίφει
514 3150 655 3201 κατὰ
675 3150 775 3217 τῆς
797 3150 1044 3218 κορυφῆς
1074 3146 1350 3209 ἁσκεποῦς
1377 3149 1545 3213 οὑσης
1566 3150 1903 3217 (ἐπεπτώκει
1930 3172 1972 3229 C
2008 3170 2073 3208 ra:

1834 3166 1972 3229 ιειο
2008 3164 2090 3209 rat
2121 3155 2269 3209 enim
2324 3152 2643 3223 operculum
2695 3149 2880 3219 capiti,
2946 3149 3072 3203 dum
3134 3160 3193 3201 se
3252 3146 3575 3213 sublevaret)

332 3242 446 3307 γὰρ
487 3241 835 3309 ἐγειρομένου
880 3239 941 3291 τὸ
977 3239 1075 3307 τῆς
1122 3239 1366 3307 κεφαλῆς
1413 3238 1577 3291 αὑτοῦ
1619 3239 1900 3309 κάλυμμα)
2008 3248 2073 3300 int

1835 3242 1900 3309 ια)
2008 3248 2224 3307 incutit,
2253 3246 2434 3299 medio
2460 3245 2647 3297 eranio
2680 3243 2936 3297 dissecto.
2971 3241 3176 3296 Deinde
3229 3254 3352 3293 eum
3377 3253 3408 3292 a
3440 3239 3576 3293 lecto

331 3330 488 3381 Λέων
520 3331 549 3380 6
583 3326 928 3388 Ἀϐαλάντιος
952 3325 1211 3392 γενναίαν
1239 3327 1475 3396 πληγὴν,
1510 3326 1605 3378 καὶ
1636 3327 1901 3381 διελαύνει
2009 3348 2072 3385 au

1835 3346 1901 3381 νει
2009 3330 2323 3385 auferentes
2361 3331 2427 3383 ad
2456 3329 2782 3384 Tzimiscam
2839 3329 3048 3383 ducunt
3082 3314 3138 3381 in
3179 3328 3308 3383 sella
3347 3327 3576 3396 impera-

334 3418 501 3486 μέσον
520 3418 580 3469 τὸ
604 3418 841 3487 κρανίον.
878 3413 1009 3469 Εἶτα
1032 3418 1129 3485 τῆς
1161 3416 1447 3486 στρωμνῆς
1474 3415 1639 3498 αὑτὸν
1670 3417 1901 3484 ἀναστή-
2010 3432 2075 3475 ιο]

1833 3420 1901 3484 τή-
2010 3422 2145 3476 toria
2167 3422 2473 3481 sedentem.
2514 3420 2813 3489 multisque
2844 3419 3188 3475 contumeliis
3230 3428 3287 3473 et
3320 3418 3574 3472 convitiis

334 3526 530 3569 σαντες
568 3510 759 3576 ἄγουσι
809 3507 945 3577 πρὸς
976 3508 1066 3559 τὸν
1102 3505 1410 3576 Τζιμισκῆν
1445 3506 1538 3558 ἐπὶ
1564 3508 1663 3575 τῆς
1694 3507 1900 3577 βασιλι-
2012 3528 2075 3568 εχ

1832 3512 1900 3558 ί-ι-
2012 3514 2309 3581 exagitant,
2342 3513 2478 3566 nihil
2535 3513 2684 3567 aliud
2720 3512 2990 3567 dicentem
3020 3526 3181 3581 quam
3212 3530 3225 3565 :
3264 3529 3284 3562 ι
3325 3511 3573 3573 Domine.

332 3601 440 3668 κῆς
478 3600 780 3653 καθίσαντα
810 3599 1016 3667 κλίνης,
1046 3598 1332 3651 καὶπολλὰ
1354 3599 1782 3668 παροινήσαντες
1808 3601 1901 3654 καὶ
2012 3606 2073 3659 mi

1834 3601 1901 3654 ἰαὶ
2012 3605 2294 3667 miserere,
2336 3604 2627 3674 Opitularc.
2664 3604 2913 3673 Deipara.
2954 3622 2972 3655 ι
3025 3602 3265 3657 Tandem
3326 3616 3449 3655 cum
3490 3616 3575 3653 res

331 3690 800 3752 κατονειδίσαντες
826 3692 919 3742 καὶ
943 3690 1401 3760 δυσφημὴσαντες
1435 3691 1515 3752 εἰς
1542 3691 1704 3742 αὑτὸν
1738 3692 1903 3759 μηδὲν
2002 3713 2066 3751 cx

1831 3692 1903 3744 Ξὲν
2002 3696 2412 3751 excubitoribus
2448 3696 2629 3765 palatii
2681 3695 3030 3759 innotuisset,
3063 3701 3119 3748 et
3171 3691 3463 3747 multitudo
3510 3693 3572 3745 ad

330 3784 463 3838 ἀλλο
488 3782 857 3854 λέγονταιάλλ⁸
880 3783 911 3851 ἦ
932 3818 949 3845 ,
977 3800 994 3832 ι
1027 3781 1220 3852 Κύριε,
1248 3780 1489 3850 ἐλέησον,
1518 3800 1537 3833 ι
1572 3785 1685 3847 καὶ,
1724 3803 1741 3833 ι
1772 3784 1905 3836 Θεο-
2000 3787 2067 3841 dc

1831 3802 1905 3836 εο-
2000 3787 2403 3841 defendendum
2438 3788 2821 3855 imperatorem
2844 3792 3175 3849 aceurreret,
3211 3782 3572 3853 Nicephorum

326 3876 483 3937 τόκε,
513 3876 722 3946 βοήθει,
751 3894 769 3926 ι
807 3875 1115 3928 τελευταῖον
1147 3875 1269 3926 ἐπεί
1299 3890 1405 3944 περ
1436 3876 1906 3945 κατεφωράθησαν
1999 3878 2067 3947 iui

1832 3894 1906 3930 αν
1999 3878 2269 3948 iugulant,
2302 3887 2573 3948 caputque
2598 3878 2716 3947 ejus
2748 3886 3016 3931 resectum
3056 3875 3437 3931 defensoribus
3478 3889 3573 3943 per

326 3969 485 4037 παρὰ
508 3968 621 4020 τῶν
654 3966 957 4038 προκοίτων
976 3964 1060 4036 [Ρ.
1082 3964 1207 4036 665]
1232 3965 1323 4017 τοῦ
1353 3966 1614 4019 παλατίου
1645 3968 1740 4019 καὶ
1774 3985 1902 4019 συν·
2003 3971 2067 4026 fet

1828 3986 1902 4019 ιν·
2003 3971 2299 4026 fenestram
2324 3972 2641 4026 ostendunt.
2680 3969 2792 4024 lloc
2825 3979 2983 4038 pacto
3006 3968 3072 4021 iis
3099 3966 3322 4031 sedatis,
3372 3963 3569 4019 Tzimi-

330 4061 519 4112 ίστατο
580 4059 665 4111 ἐπ’
712 4059 910 4119 αὑτοὺς
954 4057 1159 4124 πλῆθος
1198 4058 1579 4127 ἀμυνομένων,
1611 4061 1898 4129 ἀποσφάτ-
2003 4081 2071 4120 sc:

1513 4076 1579 4124 ιν,
1611 4061 1898 4129 ἀποσφάτ-
2003 4080 2109 4120 sca:
2131 4067 2299 4121 libere
2322 4080 2443 4134 qua:
2465 4064 2621 4118 vellet
2653 4064 2843 4133 agendi
2873 4061 3086 4115 occasio
3111 4061 3254 4114 data.

324 4168 481 4204 τουσι
502 4150 710 4216 τοῦτον,
741 4151 835 4203 καὶ
864 4151 964 4219 τὴν
986 4147 1225 4221 κεφαλὴν
1251 4150 1621 4218 ἀποτεμόντες
1648 4150 1735 4205 διά
1772 4170 1914 4217 τινος
1954 4155 2164 4227 Θυρίδος
2197 4159 2308 4219 τοῖς
2332 4157 2411 4217 εἰς
2433 4153 2685 4225 βοήθειαν
2733 4153 3083 4223 συντρέχουσι
3104 4150 3431 4205 δεικνύουσι.
3463 4148 3571 4203 Καὶ

323 4248 376 4297 οἱ
409 4245 509 4311 μὲν
537 4243 682 4296 οὑτω
704 4242 1197 4313 κατεστορέθησαν,
1240 4244 1352 4306 τοῖς
1375 4243 1431 4295 δὲ
1460 4245 1590 4314 περὶ
1615 4244 1704 4297 τὸν
1748 4246 2054 4318 Τξιμισκῆν
2078 4250 2267 4319 καιρὸς
2300 4249 2457 4317 ὲδὸοη
2480 4246 2651 4309 ἀδεῶς
2680 4246 2775 4298 καὶ
2798 4243 2915 4315 μετ’
2953 4228 3134 4306 ἀδείας
3168 4243 3346 4295 πάντα
3374 4242 3566 4294 ποιεῖν.

400 4342 632 4405 Λέγεται
679 4339 736 4392 δὲ
786 4339 868 4391 ὅτι
915 4339 1020 4409 πρὸ
1065 4339 1198 4391 δέκα
1234 4339 1459 4409 ήμερῶν
1503 4340 1597 4393 τοῦ
1662 4343 1893 4396 θανάτου
2071 4348 2141 4417 3η

1833 4361 1893 4396 ου
2071 4347 2233 4417 377
2261 4346 2463 4400 Ferunt
2488 4343 2678 4399 decem
2704 4342 2893 4396 diebus
2920 4350 3210 4409 antequam
3242 4339 3570 4392 interﬁcere-

324 4431 493 4484 αὑτοῦ
525 4430 798 4498 ἔγγραφον
823 4425 980 4501 εὗρεν
1013 4432 1041 4482 6
1072 4429 1346 4499 βασιλεὺς,
1372 4431 1702 4501 ἐρριμμένον
1728 4438 1787 4485 ἐν
1814 4436 1891 4505 τῷ
1929 4446 1978 4509 υ
2006 4448 2061 4492 tu

1825 4436 1891 4505 τῷ
1929 4446 1978 4509 υ
2006 4448 2115 4500 tur.
2159 4437 2525 4507 Nicephorum
2570 4435 2626 4487 in
2656 4448 2756 4487 suo
2783 4430 3036 4486 cubiculo
3090 4428 3365 4484 invenisse
3418 4426 3566 4482 libel-

328 4522 548 4574 κοιτῶνι
591 4520 754 4573 αὑτοῦ
799 4522 891 4574 καὶ
923 4520 1127 4591 μηνῦον
1157 4521 1560 4589 ἀσφαλίσασθαι
1603 4526 1799 4577 ἑαυτὸν
1825 4529 1899 4589 ὡς
2004 4528 2069 4580 lu:

1825 4529 1899 4589 ὡς
2004 4528 2313 4595 lum,cnjus
2342 4526 2610 4595 scriptura
2672 4524 2996 4579 monebatur
3045 4531 3104 4576 ut
3154 4519 3259 4576 sill
3311 4527 3562 4574 caveret:

327 4611 813 4679 ἐπιϐουλευόμενον
832 4609 936 4661 ὑπὸ
956 4608 1051 4661 τοῦ
1080 4609 1378 4679 Τζιμισκῆ.
1411 4612 1519 4663 Καί
1548 4629 1669 4664 τινα
1689 4614 1745 4665 δὲ
1770 4614 1897 4684 κλη·
2004 4632 2067 4669 na

1823 4628 1897 4684 ιη·
2004 4632 2124 4669 nam
2150 4631 2179 4668 a
2211 4615 2479 4670 Tzimisca
2507 4613 2608 4684 ipsi
2633 4613 2855 4667 insidias
2883 4612 3021 4665 fieri.
3043 4609 3344 4676 Qucmdam
3402 4608 3564 4663 etiam

328 4707 484 4775 ρικὸν
516 4720 650 4771 φασι
681 4703 822 4754 κατὰ
855 4700 952 4770 τὴν
982 4702 1221 4771 ἑσπέραν
1252 4703 1354 4769 τῆς
1389 4705 1715 4775 ἀναιρέσεως
1739 4706 1903 4758 δεδω·
2001 4710 2069 4761 εΙε

1824 4712 1903 4758 ξωο
2001 4708 2259 4761 clericum
2282 4708 2576 4777 perhibent
2607 4705 2841 4774 vesperi,
2868 4719 2975 4768 qua
3023 4709 3186 4757 nocte
3217 4701 3415 4756 deinde
3445 4716 3565 4770 per-

326 4800 482 4849 κέναι
514 4795 664 4865 αὐτῷ
689 4796 922 4865 γράμμα
954 4796 1206 4865 περιέχον
1233 4796 1369 4864 πρὸς
1396 4796 1523 4858 ἔπος
1546 4796 1713 4848 ταῦτα
1736 4813 1747 4825 ·
1784 4816 1800 4845 ι
1830 4794 1898 4849 Ὤ
2003 4800 2063 4851 iit

1830 4794 1898 4849 Ὤ
2003 4800 2084 4861 iit,
2152 4798 2358 4851 litteras
2388 4798 2437 4852 ei
2473 4799 2787 4853 exhibuisse
2813 4799 2866 4851 in
2904 4799 3102 4868 quibus
3143 4799 3259 4852 hmc
3315 4796 3562 4852 contine-

327 4894 395 4959 βα
411 4889 572 4953 ειλεῦ,
604 4889 897 4956 ἀσφαλισαι
933 4890 1156 4940 σεαυτόν
1180 4903 1193 4917 ·
1232 4887 1472 4949 κίνδυνος
1510 4890 1615 4958 γάρ
1650 4906 1732 4940 σοι
1758 4891 1897 4941 κατὰ
1999 4904 2068 4941 ret

1822 4891 1897 4941 ,τα
1999 4894 2236 4941 rentur:
2288 4905 2304 4936 ι
2351 4886 2498 4941 illuni
2547 4888 2819 4955 teipsum,
2876 4888 3221 4957 imperator:
3284 4901 3409 4941 nam
3464 4886 3563 4939 hac

325 4982 535 5050 ταύτην
588 4980 685 5049 τὴν
739 4978 909 5031 νύκτα
960 4978 1021 5029 οὑ
1076 4978 1271 5049 μικρὸς
1321 4978 1600 5045 ἀρτύεται.
1656 4998 1672 5026 ι
1724 4980 1797 5031 Τὸ
1839 4979 1895 5031 δὲ
2001 4993 2066 5029 uo

1839 4979 1895 5031 δὲ
2001 4987 2159 5031 nocte
2188 4978 2283 5031 tibi
2307 4978 2607 5047 periculum
2650 4978 2789 5031 haud
2813 4978 2927 5033 leve
2963 4978 3264 5047 impendet.
3300 4976 3442 5031 iEas
3471 4977 3561 5030 lit-

328 5075 682 5143 γραμμάτιον
711 5071 859 5125 ἄλλοι
884 5072 985 5139 μὲν
1012 5071 1259 5137 λέγουσιν
1277 5070 1352 5130 ὡς
1375 5069 1659 5122 ὑπολαϐὼν
1689 5073 1716 5122 6
1739 5071 1893 5140 βασι-
2001 5078 2069 5122 tet

1816 5088 1893 5122 σι·-
2001 5078 2143 5123 teras
2158 5068 2247 5123 alii
2269 5071 2485 5123 tradunt
2514 5070 2894 5139 imperatorem
2918 5085 3027 5123 non
3046 5070 3258 5140 legisse,
3280 5068 3557 5137 opinatum

328 5168 450 5226 λευς
486 5163 770 5232 δεητήριον
809 5160 945 5214 εἶναι
983 5161 1082 5214 οὑκ
1114 5161 1323 5229 ἀνέγνω
1357 5158 1534 5225 τοῦτο,
1566 5161 1712 5214 ἄλλοι
1740 5162 1781 5213 δ’
1811 5162 1893 5215 ὅτι
1999 5160 2065 5214 iis

1815 5162 1893 5215 ὅτι
1999 5160 2065 5214 iis
2097 5160 2415 5229 petitionem
2434 5161 2664 5228 aliquam
2683 5161 2974 5215 contineri.
3008 5161 3112 5214 Alii
3157 5159 3349 5229 legisse
3385 5159 3556 5216 aiunt.

327 5258 537 5321 ἀνέγνω
576 5255 695 5323 μὲν,
731 5254 845 5307 ἀλλ’
882 5254 1122 5323 ἠμέλησε
1146 5254 1243 5321 τῆς
1274 5254 1469 5306 ἑαυτοῦ
1499 5254 1767 5321 φυλακῆς,
1798 5257 1891 5306 τοῦ
1996 5266 2068 5304 set

1816 5257 1891 5306 τοῦ
1996 5252 2091 5304 scd
2112 5252 2559 5307 suicustodiendi
2613 5255 2877 5307 rationem
2931 5267 3037 5305 non
3102 5252 3325 5306 duxisse
3378 5252 3557 5307 ullam.

326 5347 931 5417 χρεὼνὲμποδίσαντος,
984 5348 1349 5410 ἀποθανόντος
1373 5348 1427 5400 δὲ
1458 5348 1648 5400 τούτου
1692 5348 1889 5417 εὑρέθη
1996 5342 2067 5397 fat

1824 5348 1889 5417 οη
1996 5342 2105 5398 fato
2132 5344 2450 5413 impeditum
2486 5361 2725 5415 ;easque
2760 5347 2963 5399 litteras
2998 5346 3115 5413 ipso
3137 5347 3318 5400 occiso
3373 5345 3560 5397 inven-

324 5444 448 5509 ἕχον
476 5441 542 5493 τα
574 5440 949 5509 γεγραμμένα.
968 5438 1147 5491 ’Δλλοι
1171 5438 1310 5492 δ’ὄτι
1335 5438 1598 5506 ἀναγνοὺς
1621 5436 1890 5506 ἐπέτρεψε
1999 5446 2065 5489 tas

1822 5438 1890 5505 ψε
1999 5446 2078 5489 tas
2109 5436 2299 5496 fuisse.
2333 5436 2447 5491 Non
2492 5437 2688 5491 desunt
2749 5440 2839 5506 qui
2885 5438 2949 5491 iis
2976 5438 3133 5491 lectis
3176 5439 3557 5507 imperatorem

323 5534 665 5602 τὴν-ζήτησιν
680 5538 771 5585 καὶ
793 5531 1038 5600 φυλακὴν
1060 5532 1136 5601 τῷ
1164 5530 1664 5601 πρωτοὸεστιαρίῳ,
1683 5530 1887 5598 ἔγραψε
1995 5545 2064 5583 εισι

1817 5530 1887 5598 ηψε
1995 5538 2240 5583 asserant
2274 5528 2679 5596 inquisitionem
2726 5540 2781 5583 et
2818 5530 3079 5583 custodite
3123 5543 3324 5583 munus
3371 5535 3558 5596 proto-

322 5626 379 5677 δὲ
422 5626 514 5678 καὶ
556 5621 632 5687 τῷ
674 5622 885 5691 ἀδελφῷ
923 5624 1111 5676 Λέοντι
1152 5626 1236 5676 ἐπ’
1295 5623 1444 5676 οἴκου
1479 5623 1716 5689 διάγοντι
1763 5621 1887 5676 λαὸν
1996 5635 2059 5673 vc

1817 5624 1887 5674 ιὸν
1996 5621 2252 5673 vestiario
2309 5620 2645 5687 mandasse;
2708 5620 2978 5688 simulque
3029 5621 3178 5674 fratri
3241 5634 3346 5673 suo
3385 5617 3558 5674 Leoni

328 5717 552 5769 ἔνοπλον
589 5717 865 5784 εἰληφέναι
901 5719 993 5768 καὶ
1030 5720 1283 5785 φοιτῆσαι
1310 5719 1409 5787 τὴν
1434 5717 1697 5784 ταχίστην
1750 5715 1883 5785 πρὸς
1992 5715 2069 5769 do

1817 5715 1883 5777 ιδς
1992 5714 2137 5769 domi
2160 5730 2271 5768 sua:
2307 5715 2520 5784 degenti
2554 5714 2835 5782 scripsisse
2856 5724 2913 5769 ut
2939 5730 3063 5769 cum
3084 5724 3287 5768 armata
3308 5729 3471 5770 manu
3493 5716 3558 5767 ad

328 5810 389 5859 τὸ
450 5808 723 5861 παλατιον.
782 5808 951 5860 Τοῦτο
1002 5809 1055 5860 δὲ
1106 5810 1455 5877 διακομισθὲν
1507 5811 1713 5869 εκείνος
1745 5807 1898 5871 δεξᾶι-
2007 5823 2069 5875 pa

1815 5807 1898 5871 ξᾱι-
2007 5806 2267 5875 palatium
2290 5806 2576 5861 celerrime
2606 5808 2787 5861 veniat
2818 5824 2830 5861 :
2861 5807 3096 5861 Leonem
3126 5808 3337 5861 litteras
3366 5819 3556 5869 accep—
