4410 6452
774 375 864 439 ill
2073 369 2382 427 tilittlltill
2421 366 2746 423 tililtllliNl

3924 360 4026 421 ΗΞ

777 500 858 542 tas
886 502 992 540 non
1027 487 1319 554 aput-nime,
1358 486 1499 552 quod
1535 495 1645 536 ttttn
1679 491 1812 534 lurli-
1845 481 1962 533 talis
2001 497 2120 533 t'lllll
2161 479 2341 545 aliqua
2371 481 2414 534 Λ
2453 493 2513 543 με

2294 491 2341 529 l0
2371 481 2414 534 Α
2453 493 2630 543 μενος,
2678 473 2770 524 καὶ
2803 473 2924 540 μηδ’
2955 471 3200 535 ἀνελίξεις
3242 472 3420 538 (ἔτυχε
3457 475 3560 538 γάρ
3613 472 3858 522 κυϐευων
3895 474 4030 538 μετά

777 587 1007 633 certaret
1036 587 1088 630 et
1123 577 1522 644 impensissime
1577 575 1680 628 isto
1718 573 1924 627 ludicro
1964 574 2346 634 delectaretur,

785 673 881 725 sed
912 687 1005 724 eas
1033 670 1085 722 in
1115 669 1195 723 sui
1218 667 1399 720 lectuli
1426 666 1631 736 sponda
1663 665 2000 734 (leposuisse.
2022 664 2172 718 Ludo
2200 665 2351 720 linito

783 763 959 816 statim
1025 762 1236 830 legisse,
1325 770 1378 814 et
1448 767 1697 827 percepta
1758 757 2026 811 sententia
2112 759 2352 827 coegisse

783 862 1039 920 quantum
1070 867 1157 904 res
1184 854 1347 904 l’crret
1380 865 1619 913 manum,
1656 865 1718 901 ac
1775 850 1838 902 ad
1899 849 2152 916 palatium
2224 864 2353 900 mn—

786 944 1042 997 tcndissc.
1076 943 1177 996 Sed
1199 959 1320 995 cum
1352 941 1416 994 ad
1456 941 1702 994 Fundam
1757 943 1898 994 Circi
1934 939 2196 1001 venisset,
2261 955 2355 991 au-

785 1037 930 1090 disse
961 1035 1220 1104 quosdam
1284 1035 1425 1087 inter
1458 1049 1515 1086 sc
1549 1033 1616 1086 de
1671 1033 1958 1086 interfecto
2028 1032 2357 1100 imperatore

789 1128 1093 1196 Nicephoro
1123 1127 1516 1194 colloquentes,
1563 1141 1662 1179 nec
1702 1142 1808 1178 non
1857 1136 1912 1178 ct
1957 1127 2009 1178 in
2056 1124 2254 1192 palatio
2303 1134 2358 1177 et

787 1217 1082 1287 angiportis
1140 1216 1404 1269 Joannem
1465 1217 1844 1284 imperatorem
1911 1213 2358 1283 proclamantium

789 1325 948 1362 voces
973 1309 1318 1378 percepisse:
1349 1309 1527 1376 itaque
1564 1322 1620 1360 re
1649 1307 1920 1376 insperata
1952 1315 2358 1361 consternatum

791 1399 921 1452 nihil
937 1400 1337 1468 magnanimum
1353 1398 1519 1467 378
1532 1400 1820 1468 c0gitassc,
1835 1399 1928 1453 sed
1952 1399 2092 1452 illico
2113 1413 2233 1451 cum
2253 1396 2364 1450 ﬁlio

792 1489 1098 1558 Nicephuro
1125 1491 1176 1541 in
1220 1489 1468 1557 Magnum
1509 1487 1789 1558 Templum
1834 1487 2162 1557 confugisse.
2190 1488 2366 1556 Atque

795 1584 906 1635 haec
935 1582 1197 1635 memoria
1253 1582 1462 1647 prodita
1493 1591 1662 1636 sunt:
1703 1596 1902 1633 verene
1938 1596 2006 1633 an
2058 1580 2214 1643 falso,
2256 1595 2366 1634 non

795 1672 1104 1741 pronuntio.
1159 1671 1216 1725 id
1239 1672 1457 1740 quidem
1493 1673 1682 1738 quuc.,
1719 1669 2078 1739 Nicephorum
2127 1672 2180 1723 in
2217 1669 2365 1738 pala—

795 1765 868 1818 tio
900 1764 1066 1818 fuisse
1094 1761 1452 1816 interfectum.

867 1939 1031 2008 379
1079 1939 1317 1993 Joannes
1357 1938 1652 1991 Taimiseas
1699 1940 1800 1989 hoc
1832 1937 2042 1989 sublato
2080 1937 2368 2004 imperium

798 2032 937 2094 iniit,
967 2030 1228 2084 adhibitis
1248 2030 1467 2100 collegis
1510 2027 1703 2080 Basilio
1752 2038 1805 2081 et
1868 2026 2225 2080 Constantino
2265 2012 2370 2080 llo-

799 2124 944 2177 mani
1020 2123 1416 2188 ﬁliis,quorum
1477 2121 1563 2173 hic
1599 2119 1869 2188 quintum,
1930 2118 2015 2171 ille
2081 2118 2369 2186 septimum

799 2215 973 2268 :etatis
989 2229 1191 2266 annum
1218 2213 1429 2281 agebat.
1455 2213 1615 2266 Initio
1638 2210 1819 2266 statim
1841 2210 2052 2277 imperii
2089 2209 2368 2273 Basilium,

799 2304 1196 2360 cubicularium
1220 2304 1492 2367 intimum,
1548 2319 1709 2372 quem
1751 2299 2089 2370 Nicephorus
2123 2303 2191 2355 ab
2219 2317 2284 2356 eo
2316 2303 2369 2355 itt

802 2397 1122 2466 occupando
1159 2395 1389 2463 imperio
1415 2411 1526 2448 non
1559 2395 1752 2448 leviter
1803 2378 2024 2463 adjutus
2074 2408 2218 2448 novo
2269 2409 2372 2448 no-

803 2491 949 2543 mine
980 2490 1104 2543 novi
1135 2488 1482 2557 magistratus
1512 2486 1766 2541 instituto
1814 2485 2097 2555 prmsidem
2149 2501 2370 2541 creave-

804 2590 906 2645 rat,
936 2588 1098 2634 noctu
1119 2579 1186 2633 ad
1207 2594 1265 2633 se
1299 2588 1544 2632 vocatum
1577 2593 1759 2631 rerum
1789 2577 2144 2646 gerendarum
2164 2576 2370 2630 socium

803 2671 1042 2734 asciscit,
1111 2669 1309 2737 quippe
1355 2679 1409 2722 et
1453 2670 1612 2735 longo
1677 2675 1920 2736 tempore
1993 2668 2046 2720 in
2098 2667 2371 2736 republica

804 2770 1102 2822 versatum,
1121 2760 1224 2813 sub
1250 2766 1402 2827 patre
1425 2757 1670 2811 llomano
1689 2756 1925 2820 seniore,
1947 2755 2374 2815 etConstantino

808 2849 1268 2921 Porphyrogcnito
1301 2847 1505 2901 sororis
1537 2861 1649 2901 sua:
1681 2846 1894 2908 marito,
1946 2855 2000 2899 et
2033 2845 2123 2915 qui
2184 2847 2370 2916 smpis-

807 2941 941 2993 sime
976 2953 1087 2993 rem
1107 2944 1297 2992 contra
1327 2938 1601 3006 Agarenos
1631 2945 1894 3006 gesserat,
1938 2945 1993 2988 ct
2054 2937 2215 2991 rebus
2287 2952 2374 2990 ar-

807 3033 931 3086 duis
962 3031 1095 3085 scite
1126 3043 1185 3083 se
1211 3027 1626 3082 accommodare
1655 3025 1907 3081 callebat.
1937 3027 1988 3080 Is
2013 3025 2265 3089 Basilius,
2317 3037 2377 3081 ut

811 3123 1045 3192 primum
1081 3119 1488 3174 tractandarum
1520 3132 1704 3171 rerum
1743 3131 1942 3171 munus
1981 3118 2213 3186 occepit,
2261 3133 2376 3172 om-

809 3230 909 3269 nes
934 3212 1242 3283 Nicephoro
1296 3209 1582 3265 studentes
1609 3224 1639 3264 e
1671 3208 1852 3262 medio
1885 3209 2190 3264 submovet.
2234 3209 2375 3264 Leo-

810 3321 936 3360 nem
959 3303 1324 3373 curopalatam
1350 3302 1403 3354 in
1436 3301 1692 3366 Lesbum,
1749 3297 2110 3368 Nicephorum
2163 3300 2376 3354 Bestam

810 3398 928 3466 eius
955 3396 1121 3450 ﬁlium
1150 3396 1410 3458 imbrum,
1441 3393 1671 3447 Bardam
1700 3392 1863 3448 Ducat
1887 3392 2372 3461 ﬁliumjuniorem,

810 3489 902 3558 qui
923 3496 1038 3541 tum
1074 3487 1315 3542 Chaldia:
1335 3495 1390 3541 et
1418 3485 1659 3540 Colonia:
1688 3494 1937 3555 praeerat,
1971 3485 2228 3554 abrogato
2256 3499 2375 3537 ma—

811 3582 1040 3652 gistratu
1065 3578 1338 3633 Amasiam
1365 3579 1592 3649 relegat,
1635 3578 1876 3647 aliosque
1942 3577 2025 3630 vel
2074 3575 2262 3630 civiles
2293 3575 2379 3628 vel

815 3676 1034 3730 bellicos
1063 3676 1412 3746 magistratus
1448 3683 1700 3744 gerentes
1747 3673 1802 3726 in
1869 3670 2114 3725 ordinem
2163 3668 2377 3739 redigit,

813 3766 868 3818 in
895 3779 1193 3833 eorumque
1243 3764 1361 3818 loca
1426 3763 1703 3817 substituit
1763 3762 2056 3815 familiares
2124 3774 2274 3822 suos,
2326 3769 2382 3813 et

814 3872 950 3927 quos
989 3872 1130 3912 novo
1156 3856 1466 3926 imperatori
1503 3855 1636 3909 fidos
1674 3864 1882 3909 nosset.
1935 3851 2166 3906 Reditus
2215 3852 2380 3905 etiam

815 3949 1071 4003 decretus
1148 3947 1215 4001 iis
1281 3962 1418 4016 quos
1491 3945 1827 4015 Nicephorus
1921 3945 2096 3999 solum
2171 3952 2381 3998 vertere

815 4040 1072 4105 iusserat,
1160 4038 1507 4107 pontiﬁcibus
1579 4037 1848 4106 praecipue
1902 4035 2216 4105 primariis;
2265 4036 2384 4104 qui-

819 4131 920 4184 bus
984 4129 1319 4183 ostendimus
1379 4129 1428 4182 id
1491 4127 1654 4197 380
1715 4127 1984 4189 evenisse,
2058 4127 2199 4194 quod
2254 4141 2385 4180 con-

821 4218 1088 4272 stitutioni
1113 4219 1180 4272 ab
1197 4233 1262 4272 eo
1296 4218 1587 4286 spolianda:
1617 4232 1680 4271 ac
1700 4218 2028 4272 contumelia
2088 4215 2384 4270 alliciendi:

824 4307 1076 4362 Ecclesiae
1101 4322 1264 4362 causa
1288 4307 1442 4361 facta:
1472 4307 1772 4360 noluissent
1795 4306 2152 4359 subscribere.

826 4404 980 4474 παρὰ
1025 4404 1118 4456 τοῦ
1151 4403 1466 4472 Νικηφόρον
1499 4401 1878 4470 φυγαδευθεῖσι
1919 4401 2143 4452 κάθοδον
2177 4403 2482 4468 ἐπιτρέπει,
2510 4401 2602 4452 καὶ
2639 4402 2745 4470 πρό
2772 4418 2833 4468 γε
2865 4401 3192 4460 τῶν,ἀλλων
3237 4406 3348 4464 τοῖς

2403 3161 2449 3221 C

2454 585 2613 618 τινων
2661 568 2752 616 καὶ
2799 563 3090 632 δαιμονίως
3219 565 3405 634 παιδιᾷ
3451 565 3752 634 χρώμενος)
3795 565 3948 616 ἔθετο
3977 567 4032 616 ἐν

2454 661 2518 726 τῇ
2566 656 2758 708 ἑαυτοῦ
2813 655 2966 726 κλίνῃ
3000 657 3102 707 ὑπὸ
3136 656 3232 726 τὴν
3267 656 3450 724 τύλην.
3495 657 3655 724 νΑρτι
3687 656 3742 708 δὲ
3775 655 3871 707 τοῦ
3902 673 4032 706 παι-

2456 750 2606 813 γνίου
2647 747 2984 807 διαλυθέντος
3035 745 3096 798 τὸ
3143 747 3491 816 γραμμάτιον
3527 746 3768 798 ἐπελθὼν
3817 747 4032 798 καὶτὸν

2457 840 2774 907 ἐγκείμενον
2807 838 2930 890 νοῦν
2955 837 3131 899 συνεὶς
3161 838 3268 889 τῶν
3317 840 3661 907 γραφέντων,
3707 838 3932 905 δύναμιν
3959 839 4032 897 ὡς

2457 930 2483 980 ὁ
2535 927 2720 996 καιρὸς
2750 927 2957 996 ἀπῄτει
3001 927 3379 997 συνηθροικὼς
3419 929 3586 998 ἀπῄει
3632 930 3764 998 πρὸς
3821 930 3886 981 τά
3938 929 4032 995 βα-

2461 1019 2652 1072 σίλεια.
2700 1019 2993 1087 Γενόμενος
3039 1017 3094 1070 δὲ
3147 1018 3287 1070 κατὰ
3331 1018 3429 1088 τὴν
3472 1021 3530 1072 ὲν
3562 1019 3636 1087 τῷ
3689 1021 4029 1088 ἱπποδρομίῳ

2460 1112 2747 1178 σφενδόνην
2775 1110 2978 1178 ἤκουσέ
3004 1127 3162 1163 τινων
3185 1111 3584 1180 διαλεγομένων
3608 1113 3744 1181 πρὸς
3769 1111 4031 1179 ἀλλήλους

2460 1201 2534 1262 ὡς
2587 1200 2694 1269 ἄρα
2753 1201 2835 1269 εἴη
2907 1201 3220 1271 Νικηφόρος
3290 1201 3632 1272 ἀνῃρημένος
3681 1205 3708 1253 ὁ
3750 1200 4030 1268 βασιλεὺς,

2463 1290 2660 1358 Ιἢκουσε
2691 1289 2746 1341 δὲ
2773 1287 2867 1340 καὶ
2888 1288 2993 1341 τῶν
3025 1291 3083 1341 ὲν
3105 1289 3182 1359 τῷ
3215 1291 3462 1360 παλατίῳ
3479 1290 3573 1343 καὶ⁵
3595 1295 3707 1352 τοῖς
3741 1294 4033 1352 στενωποῖς

2463 1379 2924 1447 ἀνευφημούντων
2961 1379 3052 1432 τὸν
3095 1379 3370 1452 Ἰωάννην.
3404 1382 3494 1452 Τῷ
3525 1381 3829 1450 ἀνελπίστῳ
3854 1382 3908 1433 δὲ
3935 1398 4030 1432 κα-

2463 1473 2784 1540 ταπλαγεὶς,
2834 1474 2928 1525 καὶ
2965 1473 3132 1542 μηδὲν
3188 1476 3444 1544 ἐννοήσας
3482 1477 3752 1542 γενναῖον,
3780 1470 4032 1547 ᾔτάχους

2467 1561 2578 1635 εἶχε
2612 1568 2706 1619 σὺν
2736 1565 2813 1634 τῷ
2855 1567 2955 1635 υἱῷ
2984 1568 3281 1638 Νικηφόρῳ
3308 1571 3374 1638 τῇ
3404 1569 3634 1640 Μεγάλῃ
3668 1571 4033 1639 προσέρχεται

2482 1655 2800 1725 Ἐκκλησία.
2844 1657 2954 1708 Καὶ
2987 1657 3054 1710 τὰ
3089 1659 3186 1726 μὲν
3217 1659 3486 1728 λεγόμενα
3523 1660 3730 1714 ταῦτα·
3759 1661 3886 1712 εἰδὲ
3909 1661 4035 1727 alr,-

2471 1745 2577 1808 θῶς
2607 1747 2639 1816 ἢ
2669 1746 2899 1814 ψευδῶς,
2947 1747 3046 1799 οὐκ
3095 1747 3204 1816 ἔχω
3248 1749 3450 1816 λέγειν.
3501 1747 3735 1820 Θνήσκει
3761 1751 3803 1803 δ’
3840 1752 3984 1820 ὅμως
4009 1753 4036 1801 ό

2394 1827 2438 1886 Β
2468 1838 2781 1908 Νικηφόρος
2811 1839 2956 1892 ἔνδον
2987 1840 3077 1891 τοῦ
3111 1842 3375 1894 παλατίου
3409 1843 3823 1912 κατεργασθείς.

2554 1931 2806 1998 Ἰωάννης
2857 1930 2911 1982 δὲ
2951 1932 2978 1982 ό
3008 1930 3312 2002 Τζιμισκῆς
3359 1933 3457 2002 τῆς
3523 1934 3808 2003 Ῥωμαίων
3860 1934 4036 2004 ἀρχῆς

2471 2021 2832 2082 ἀποθανόντος
2856 2021 2950 2073 τοῦ
2965 2023 3285 2092 Νικηφόρον
3313 2025 3597 2090 ἀνεδέξατο
3619 2027 3714 2089 τὰς
3730 2028 4036 2096 φροντίδας,

2474 2113 2966 2182 συμϐασιλεύοντας
3003 2114 3142 2183 ἔχων
3188 2115 3467 2169 Βασίλειον
3510 2119 3602 2171 καὶ
3634 2119 4038 2171 Κωνσταντῖνον

2471 2212 2596 2269 τοὺς
2628 2208 2774 2267 υἱοὺς
2835 2206 3143 2276 Ῥωμανοῦ,
3184 2201 3260 2261 ὧν
3293 2211 3319 2261 ὁ
3352 2209 3452 2278 μὲν
3496 2210 3778 2273 Βασίλειος
3816 2210 4039 2278 ἕϐδομον

2473 2295 2620 2348 εἷλκε
2669 2296 2764 2366 τῆς
2811 2298 3025 2366 ἡλικίας
3067 2298 3206 2363 ἔτος,
3259 2299 3452 2368 ἅτερος
3496 2300 3553 2352 δὲ
3581 2303 4038 2362 ὀΚωνσταντῖνος

2475 2391 2723 2459 πέμπτον
2756 2392 2888 2460 (21).
2920 2392 3094 2454 Εὐθὺς
3129 2387 3222 2444 οὖν
3250 2391 3532 2445 Βασίλειον
3561 2394 3652 2444 τὸν
3682 2395 4041 2461 παρακοιμώ-

2476 2498 2657 2549 μενον,
2698 2481 2756 2533 ὃν
2799 2482 3114 2551 Νικηφόρος
3144 2484 3170 2534 ό
3211 2482 3461 2550 βασιλεὺς
3505 2484 3566 2536 οὐ
3611 2485 3782 2554 μικρά
3832 2484 4041 2554 συμϐαο

2473 2572 2700 2639 λόμενον
2749 2572 2898 2640 αὐτῷ
2939 2571 3074 2639 πρὸς
3123 2571 3220 2641 τὴν
3251 2572 3350 2642 τῆς
3385 2574 3665 2642 βασιλείας
3721 2577 4043 2645 κατάσχεσιν

2475 2662 2738 2733 πρόεδρον
2768 2662 2882 2732 (‘22)
2928 2663 3214 2732 τετίμηκε,
3251 2666 3326 2733 μή
3362 2683 3447 2720 πω
3477 2667 3740 2736 πρότερον
3773 2667 3924 2730 ὄντος
3951 2668 4042 2720 τοῦ

2476 2753 2814 2823 ἀξιώματος,
2885 2754 3104 2822 πρώτου
3152 2755 3198 2807 δ’
3232 2757 3364 2808 αὐτὸ
3426 2757 3584 2810 τοῦτο
3645 2759 4040 2827 ἐφευρηκότος,

2476 2845 2666 2906 νυκτὸς
2701 2846 3197 2915 μεταπεμψάμενος
3229 2847 3486 2900 κοινωνὸν
3514 2848 3611 2918 τῆς
3641 2850 3814 2918 ἀρχῆς
3873 2867 4042 2918 προσ-

2478 2937 2732 3001 ελάϐετο,
2769 2939 2864 2992 ἇτε
2895 2940 2952 2990 ὲν
2983 2939 3196 3001 πολλοῖς
3220 2940 3431 3010 χρόνοις
3456 2941 3522 2994 τά
3550 2958 3607 2993 τε
3633 2942 3882 2993 πολιτικὰ
3914 2959 4040 3010 μετα

2479 3029 2701 3083 ελθόντα
2730 3031 2821 3083 ἐπὶ
2851 3031 2944 3084 τοῦ
2976 3033 3176 3085 οἰκείου
3241 3033 3444 3102 πατρὸς
3483 3033 3564 3105 [Ρ.
3593 3034 3720 3104 664]
3760 3034 4040 3104 Ῥωμανιιῦ

2477 3121 2572 3173 τοῦ
2594 3124 2846 3191 γέροντος
2886 3126 2979 3176 καὶ
3020 3125 3428 3178 Κωνσταντίνου
3476 3127 3568 3178 τοῦ
3606 3128 4045 3197 Πορφυρογεννηο

2479 3230 2572 3265 του
2607 3213 2698 3265 τοῦ
2736 3213 2987 3282 γαμϐροῦ
3034 3215 3222 3278 αὐτοῦ,
3258 3218 3350 3268 καὶ
3397 3217 3713 3278 πλειστάκις
3753 3219 3892 3270 κατὰ
3939 3219 4046 3268 τῶν

2490 3304 2807 3373 Ἀγαρηνῶν
2838 3307 3333 3374 ὲκστρατεύσαντα,
3365 3311 3460 3360 καὶ
3493 3309 3829 3378 δυσχερείαις
3867 3326 4044 3378 πραγο

2481 3396 2666 3461 μάτων
2696 3395 2873 3448 εἰδότα
2892 3397 3103 3464 εὐφυῶς
3123 3401 3618 3470 προσαρμόζεσθαι.
3645 3403 3738 3462 Ὃς
3767 3402 3926 3463 εὐθὺς
3949 3404 4045 3465 τὴν

2481 3487 2783 3556 ἐπιτροπὴν
2831 3486 3068 3557 εἰληφὼς
3105 3491 3213 3540 τῶν
3266 3492 3604 3560 πραγμάτων
3663 3492 3870 3552 πάντας
3919 3495 4042 3552 τοὺς

2483 3576 2697 3631 εῦνοιαν
2741 3577 2820 3647 τῷ
2868 3579 3168 3650 Νικηφόρῳ
3226 3581 3589 3646 φυλάττοντας
3633 3583 3696 3633 ἐκ
3747 3583 3910 3650 μέσου
3956 3601 4048 3632 πτ-

2484 3668 2714 3737 ποίηκε,
2769 3670 2977 3721 Λέοντα
3029 3671 3128 3738 μὲν
3176 3671 3268 3724 τὸν
3315 3672 3728 3741 κουροπαλάτην
3766 3673 3823 3724 ὲν
3855 3673 4047 3740 Λέσεῳ

2486 3760 2802 3830 περιορίσας
2837 3761 2930 3812 καὶ
2961 3761 3274 3830 Νικηφόρον
3324 3763 3530 3832 Βέστην
3574 3765 3664 3816 τὸν
3701 3765 3889 3816 τούτου
3934 3766 4046 3816 υἱον

2486 3849 2543 3900 ἐν
2576 3851 2640 3917 τῇ
2675 3849 2907 3919 Ἴμϐρῳ,
2950 3851 3160 3920 Βάρδαν
3189 3853 3244 3904 δὲ
3276 3852 3366 3905 τὸν
3410 3855 3672 3925 νεώτερον
3719 3855 3885 3908 δοῦκα
3928 3859 4045 3908 τότε

2485 3941 2722 4003 Χαλδίας
2754 3944 2848 3995 καὶ
2883 3944 3188 4008 Κολωνείας
3222 3947 3558 4015 τυγχάνοντα
3593 3949 3690 4018 τὴν
3746 3950 3919 4018 ἀρχὴν
3948 3951 4049 4014 ὀφ-

2486 4031 2738 4102 ε).όμενος
2767 4036 2824 4085 ἐν
2869 4035 3134 4105 Ἀμασείᾳ
3167 4038 3516 4107 παρέπεμψε.
3551 4041 3658 4091 Καὶ
3703 4041 3825 4102 τοὺς
3857 4040 4047 4100 ἄλλους

2486 4127 2540 4180 δὲ
2576 4127 2691 4178 ὅσοι
2742 4126 3023 4188 πολιτικὰς
3063 4127 3095 4197 ἢ
3139 4129 3531 4196 στρατιωτικὰς
3580 4131 3849 4200 μετῄεσαν
3877 4132 4049 4198 ἀρχας

2488 4214 2595 4266 τῶν
2644 4215 2826 4283 ἀρχῶν
2867 4215 3207 4282 παραλύσας,
3247 4217 3372 4278 τοὺς
3401 4218 3632 4280 οἰκείους
3664 4220 3926 4287 ἐπέστησε
3958 4239 4050 4272 και

2490 4307 2565 4375 τῷ
2596 4309 2699 4375 νέῳ
2733 4309 2942 4375 βασιλεί
2985 4309 3350 4375 φυλάττοντας
3395 4309 3626 4362 εὔνοιαν.
3673 4310 3796 4374 Τοῖς
3839 4314 3957 4364 τότε
3997 4315 4049 4365 δὲ

3429 4404 3763 4472 ἀρχιερεῦσι,
3822 4405 3898 4473 τῷ
3967 4410 4046 4474 μὴ

824 4496 999 4547 θέλειν
1051 4492 1366 4562 ὑπογράψαι
1413 4493 1490 4562 τῷ
1529 4494 1678 4562 τόμῳ
1713 4491 1772 4543 ὃν
1818 4494 1894 4553 εἱς
1933 4492 2246 4561 κατατομὴν
2295 4493 2386 4543 καὶ
2428 4491 2582 4559 ῦεριν
2616 4492 2812 4561 ἐφεῦρε
2843 4493 2939 4560 τῆς
2965 4493 3292 4561 Ἐκκλησίας
3325 4496 3529 4556 ἐκεῖνος
3557 4495 3932 4564 ἐξομσθεῖσιν,
3972 4498 4050 4555 ως

824 4587 927 4653 ἤδη
966 4583 1175 4651 φθάσας
1209 4583 1236 4633 ό
1264 4582 1415 4648 λόγος
1448 4582 1748 4650 ἱστόρησεν.

895 4690 1077 4744 Rebus
1139 4690 1241 4742 hoc
1297 4689 1458 4742 modo
1525 4688 1854 4749 constitutis,
1929 4704 1990 4739 ea
2047 4687 2161 4756 ipsa
2234 4681 2472 4741 noeteD
2570 4687 2636 4739 OE

2309 4698 2391 4741 (tle
2422 4681 2472 4739 Ι)
2570 4687 2722 4739 Οὖτω
2751 4687 2807 4739 δὲ
2845 4686 2950 4738 τῶν
2999 4684 3336 4754 πραγμάτων
3392 4683 3869 4752 οἱκονομηθέντων,
3913 4684 4050 4737 κατὰ

1972 4828 2317 4882 XYLANDIH
2347 4829 2432 4884 ΕΤ
2461 4832 2671 4885 GOARI
2708 4831 2934 4885 ΝΟΤιιΕ.

900 4945 1009 5014 (ει)
1045 4945 1098 4998 Id
1134 4961 1315 4998 verum
1344 4959 1463 4998 esse
1499 4945 1648 4997 nullo
1688 4947 1848 4998 modo
1879 4954 2078 5012 potest,
2103 4958 2226 4996 cum
2264 4960 2384 4999 om-

831 5032 956 5068 mno
985 5026 1208 5082 uterque
1239 5023 1395 5066 natus
1433 5015 1502 5066 sit
1542 5025 1696 5082 patre
1732 5014 1975 5066 Romano
2005 5014 2056 5076 5,
2099 5022 2386 5083 antequam

829 5097 1000 5138 mater
1031 5085 1364 5152 Theophani)
1398 5083 1586 5137 ΡΙιοοτο
1611 5083 1908 5152 Nicephoro
1951 5083 2258 5150 imperatori
2284 5101 2389 5137 nu-

831 5156 1000 5208 beret.
1035 5154 1106 5206 Ex
1144 5155 1212 5209 iis
1240 5169 1357 5221 quae
1398 5151 1714 5214 Panvinius,
1747 5151 1921 5206 homo
1965 5154 2123 5224 longe
2152 5154 2386 5224 diligen-

831 5225 1069 5279 tissimus
1115 5233 1168 5276 ct
1217 5224 1595 5291 peritissimus,
1643 5223 1938 5286 adnotavit,
1981 5223 2388 5289 deprehendere

830 5305 985 5362 potes
1015 5294 1266 5345 llasilium
1300 5293 1383 5355 14,
1402 5292 1817 5346 Constantinum
1850 5294 1917 5344 12
1939 5292 2156 5346 circner
2189 5309 2389 5345 annum

831 5367 937 5417 isto
971 5373 1210 5430 tempore
1242 5363 1435 5432 egisse,
1461 5379 1567 5430 quo
1595 5365 1660 5416 ad
1687 5363 1897 5430 imperii
1929 5363 2239 5415 societatem
2267 5371 2394 5416 sunt

834 5452 861 5484 :l
915 5434 1144 5485 Zimisea
1197 5433 1370 5494 asciti,
1412 5447 1442 5486 a
1489 5447 1592 5499 qua
1641 5433 1862 5486 vitricus
1904 5447 1998 5485 eos
2041 5432 2120 5483 vel
2175 5442 2395 5499 propter

833 5513 1043 5557 aetatem
1073 5513 1336 5565 arcuerat,
1365 5506 1443 5555 vel
1475 5504 1663 5555 saltent
1686 5502 1816 5554 nihil
1845 5512 2037 5569 pra-ter
2069 5517 2264 5553 nomen
2297 5502 2393 5554 ha-

834 5573 1082 5625 buerant.
1115 5571 1246 5624 Nam
1274 5572 1326 5624 in
1366 5573 1468 5626 litte
1497 5572 1674 5624 Basilii
1706 5570 1942 5625 Zonaras
1967 5572 2041 5622 ait
2071 5572 2232 5623 etiam
2271 5585 2393 5623 cum

834 5642 1005 5694 l’hoca
1047 5658 1140 5695 eos
1193 5642 1504 5708 imperasse.
1556 5641 1815 5695 Panvinio
1855 5641 2214 5708 astipulantur
2272 5657 2389 5708 qum.

836 5713 988 5764 initio
1017 5713 1207 5764 horum
1233 5713 1442 5780 imperii
1469 5715 1637 5764 multo
1659 5727 1820 5779 quam
1842 5713 1953 5763 hate
1970 5710 2175 5778 aptiora
2207 5710 2393 5778 legun-

832 5795 916 5836 tur
950 5782 1089 5850 apud
1118 5782 1367 5836 Nostrum
1398 5793 1450 5836 et
1491 5781 1750 5835 Zonaram
1783 5782 1979 5835 habent
2008 5789 2220 5834 testem.
2258 5782 2382 5833 .\\t..

2566 4947 2676 5015 (22)
2719 4947 2846 5017 Ejus
2879 4963 3076 5000 munus
3124 4947 3224 5000 luit
3269 4947 3324 5000 iit
3363 4947 3507 5017 cives
3538 4955 3590 4998 et
3641 4960 3751 5017 rem
3782 4946 4046 5014 publicam

2496 5016 2767 5085 praefecto
2796 5018 2945 5071 urbis
2996 5033 3104 5070 non
3161 5017 3451 5069 absimilc:
3491 5016 3531 5066 is
3591 5016 3732 5067 enim
3771 5032 3825 5068 tn
3884 5017 4049 5069 lexico

2497 5102 2766 5156 anonymo
2795 5086 2926 5140 bibl.
2957 5085 3366 5156 Regi:edicitur
3395 5085 3422 5134 ὁ
3454 5085 3560 5156 τῆς,
3610 5085 3881 5156 πολιτείας
3917 5088 4046 5152 αρχ-

2499 5155 2656 5224 ηγὸς,
2674 5158 2893 5224 ἡγεμὼν
2927 5159 3018 5208 καὶ
3054 5155 3286 5225 πρῶτος.
3323 5155 3430 5225 Nisi
3463 5155 3715 5225 malueris
3751 5169 3779 5205 a
3809 5157 4050 5225 consiliis

2498 5223 2827 5294 praecipuum
2873 5223 3174 5287 atlirtttare,
3223 5240 3344 5277 cum
3386 5224 3773 5276 Constantinus
3823 5223 4048 5276 Romani

2494 5296 2632 5349 titius
2666 5298 2845 5349 statim
2875 5297 2974 5348 sub
3004 5296 3190 5362 primis
3220 5294 3429 5362 imperii
3457 5294 3709 5361 auspiciis
3747 5304 3854 5346 tres
3889 5294 4045 5344 simul

2495 5367 2788 5436 προέδρους
2813 5367 3097 5425 creaverit,
3125 5365 3433 5436 scholarum
3463 5363 3839 5436 domesticum,
3868 5373 4048 5436 prtito-

2494 5431 2804 5489 vestiarium
2837 5446 2889 5487 et
2919 5435 3266 5501 drungarium
3290 5474 3302 5492 ,
3339 5448 3473 5500 quos
3517 5446 3622 5484 non
3655 5431 3844 5484 oliiciis
3880 5433 4048 5483 adau-

2496 5522 2640 5573 gere,
2694 5505 2787 5557 sed
2819 5506 2870 5555 in
2921 5507 3258 5571 negotiorum
3303 5503 4051 5573 administrationeni_magis

2496 5569 2755 5628 secretam
2789 5569 3052 5627 advocare
3104 5574 3297 5641 potuit,
3341 5582 3394 5625 ct
3438 5573 3544 5637 jam
3588 5569 3859 5624 communi
3913 5571 4050 5641 facta

2499 5645 2755 5712 dignitate
2789 5640 3116 5712 ριίυοῐιιιιιιιιι
3155 5643 3332 5712 orceis
3362 5641 3830 5712 πρωτοπροεδρον,
3871 5649 3928 5693 ιιι
3955 5640 4050 5692 ha-

2498 5708 2585 5767 bet
2613 5708 2966 5783 Europ—altiles—
3003 5723 3053 5766 et
3084 5712 3178 5765 Jus
3204 5710 3314 5764 Gil.
3351 5712 3702 5765 constituere.
3732 5708 3897 5764 Gom.
