4410 6452
383 418 491 487 113

1431 417 1962 479 IIISTORIABUM
2007 413 2530 475 COMPENDiUM.

3518 402 3620 469 114
3677 421 3680 424 ’

379 532 485 602 τὴν
519 529 686 595 αὐτὲν
714 527 886 582 νύκτα
937 528 1111 598 πάσης
1157 529 1391 598 ὑποψίας
1439 530 1728 591 ἀπολυθεὶς
1764 529 1947 582 ἄπεισι
1977 531 2022 591 Α
2052 541 2120 578 on

1877 545 1947 580 ισι
1977 531 2022 591 Α
2052 526 2198 578 omni
2235 525 2492 579 liber-atus
2519 519 2829 590 suspicione
2868 519 3153 584 Tzimisca,
3187 515 3347 588 paulo
3397 526 3522 587 post
3561 521 3618 573 in

382 624 503 692 μετ’
529 623 766 690 ὀλίγωνό
797 621 1048 692 βασιλεὺς
1072 622 1154 684 είς
1178 621 1274 692 τὴν
1301 620 1558 690 Μεγάλην
1603 619 1944 688 Ἐκκλησίαν,

381 715 541 784 χερσὶ
569 715 660 767 τοῦ
685 714 1022 784 πατριάρχου
1050 713 1233 766 λαϐεῖν
1266 712 1586 782 βουλόμενος
1613 712 1670 763 τὸ
1691 713 1943 782 διάδημα.

387 808 487 858 ’ον
514 804 734 858 ἐλθόντα
776 805 1037 858 εἰσελθεῖν
1084 805 1183 857 οὐκ
1222 803 1403 857 εῐασεν
1431 806 1459 857 6
1489 803 1843 867 Πολύευκτος,
1874 803 1948 870 μὴ

378 894 531 960 ἄξιον
561 890 697 946 εἶναι
744 895 922 965 φήσας
970 893 1221 963 ἐπιϐῆναι
1272 893 1416 946 θείου
1467 894 1596 946 ναοῦ
1643 890 1822 962 νεαρῷ
1857 892 1950 943 καὶ

380 985 662 1054 ἀτμίζοντι
694 985 773 1038 ἔτι
806 985 885 1054 τῷ
920 982 1230 1052 συγγενικῷ
1265 983 1459 1052 αἵματι
1483 979 1821 1050 σταζομένας
1851 979 1948 1042 τὰς

382 1079 572 1144 χεῖρας
613 1076 826 1145 ἔχοντα,
870 1075 1005 1128 ἀλλά
1048 1073 1277 1127 σπεῦσαι
1305 1073 1442 1143 ἔργα
1481 1073 1764 1143 μετανοίας
1787 1070 1950 1123 ἐνδεί-

382 1169 601 1233 ξασθαι,
626 1169 718 1220 καὶ
746 1166 919 1229 οὕτως
951 1167 1197 1236 ἐφίεσθαι
1230 1168 1420 1219 πατεῖν
1447 1165 1639 1232 ἔδαφος
1669 1165 1817 1217 οἴκου
1842 1165 1952 1216 Κυ-

388 1262 526 1328 ρίου.
556 1259 660 1311 Τοῦ
689 1259 744 1310 δὲ
795 1261 1040 1312 Ἰωάννου
1086 1260 1262 1327 ἠπίως
1300 1258 1592 1328 δεξαμένου
1633 1257 1728 1328 τὴν
1777 1255 1951 1309 ἐπιτί·

389 1365 558 1415 μησιν
585 1348 679 1400 καὶ
723 1347 898 1400 πάντα
942 1349 1144 1417 πρᾶξαι
1186 1348 1301 1418 μετ’
1333 1347 1642 1409 εὐπειθείας
1689 1347 1950 1412 ἐπαγγεισ

384 1440 645 1507 λαμένου,
702 1439 1168 1509 ἀπολογησαμένου
1215 1440 1260 1493 δ’
1305 1441 1385 1491 ὃτι
1424 1438 1518 1491 καὶ
1563 1438 1815 1507 αὐτόχειρ
1852 1437 1950 1488 οὐκ

382 1531 545 1592 αὐτὸς
570 1531 786 1595 ἐγένετο
812 1530 905 1582 τοῦ
931 1529 1267 1598 Νικηφόρου,
1296 1529 1410 1581 ἀλλ’
1437 1532 1466 1580 6
1491 1527 1782 1588 Βαλάντιος
1813 1528 1905 1579 καὶ
1926 1527 1952 1577 ὁ

398 1616 896 1684 ’Λτζυποθεόδωρος
945 1618 1216 1686 ἐπιτροπῇ
1267 1617 1364 1684 τῆς
1396 1617 1703 1682 δεσποίνης,
1748 1615 1951 1683 ταύτην

388 1708 487 1774 μὲν
513 1709 541 1759 6
570 1710 914 1778 πατριάρχης
943 1711 1276 1780 προσέταττε
1315 1708 1426 1761 τῶν
1452 1709 1767 1777 ἀνακτόρων
1819 1723 1949 1760 κατ·

385 1797 671 1866 ενεχθῆναι
705 1799 798 1850 καὶ
828 1798 885 1851 ἐν
911 1817 1017 1852 τινι
1064 1803 1212 1868 νήσῳ
1237 1798 1664 1870 περιορισθῆναι,
1696 1796 1954 1865 ἐξοστρα-

2061 617 2309 686 Magnum
2345 616 2624 684 Templum
2651 627 2709 667 se
2745 612 2976 677 confert,
3010 621 3070 666 nt
3098 626 3261 666 manu
3305 608 3625 680 patriarcha:
3688 650 3693 655 .

2060 707 2300 761 diadema
2331 708 2432 760 sibi
2488 707 2815 774 imponatur.
2876 701 3076 755 Verum
3132 717 3256 756 cum
3302 700 3626 768 Polyeuetus

2060 815 2166 853 non
2200 799 2457 861 admittit,
2489 813 2598 849 non
2645 797 2810 849 licere
2871 793 3122 862 inquiens
3182 792 3384 860 templo
3439 789 3625 844 subire

2061 907 2185 946 eum
2226 889 2382 957 cujus
2417 903 2607 941 manus
2667 888 2842 941 adhuc
2902 884 3108 940 recenti
3171 882 3385 953 cOgnati
3432 896 3625 936 cruore

2062 982 2327 1036 stillarent
2358 990 2518 1048 atque
2540 978 2842 1042 fumarent;
2868 991 3088 1046 operam
3135 975 3288 1029 daret
3319 973 3393 1027 nti
3449 972 3622 1039 νωιιὶ-

2063 1075 2241 1128 tentize
2271 1072 2442 1126 officia
2470 1077 2788 1140 prmstaret:
2824 1068 2897 1122 ita
2935 1069 3153 1122 demum
3188 1064 3512 1136 permissum
3562 1061 3626 1114 iri

2063 1172 2121 1217 ut
2156 1163 2330 1217 solum
2393 1163 2588 1216 domus
2628 1159 2719 1213 Dei
2773 1158 2962 1211 calcet.
3005 1158 3138 1211 Eam
3195 1153 3627 1226 obiurgationem

2061 1251 2388 1323 placidefert
2420 1249 2706 1312 Tzimisca,
2736 1245 3057 1316 promittens
3078 1259 3136 1298 se
3157 1244 3336 1296 omnia
3372 1241 3628 1296 obedien-

2064 1355 2144 1402 ter
2165 1345 2454 1405 facturum,
2485 1355 2776 1410 sequoque
2809 1353 3049 1410 purgans
3084 1347 3142 1390 ut
3188 1334 3279 1404 qui
3320 1348 3513 1387 manus
3535 1330 3630 1384 Ni-

2060 1442 2298 1511 cephnro
2334 1454 2441 1492 non
2497 1436 2789 1499 intulisset,
2849 1434 2919 1489 ab
2962 1431 3252 1487 Abalantio
3297 1440 3353 1484 et
3401 1429 3633 1498 Atzypo-

2063 1531 2498 1598 theodorojussu
2536 1529 2789 1596 Augustae
2825 1525 3114 1580 trucidato.
3193 1520 3500 1576 Patriarcha
3533 1519 3634 1588 igi-

2063 1636 2151 1678 tur
2183 1624 2322 1677 hanc
2357 1620 2558 1691 palatio
2589 1618 2729 1688 exigi
2767 1617 2924 1685 jubet
2949 1621 3004 1668 et
3052 1614 3107 1667 in
3137 1614 3367 1682 aliquam
3399 1609 3631 1663 insulam

2062 1713 2373 1784 deportari;
2430 1710 2659 1778 relegari
2728 1707 2895 1762 etiam
2923 1702 3213 1773 Nicephori
3259 1714 3632 1771 percussores,

2063 1815 2117 1859 et
2140 1803 2421 1859 conscindi
2458 1801 2699 1856 libellum
2730 1797 2892 1853 edicti
2949 1795 3094 1865 quod
3128 1793 3196 1848 ad
3229 1789 3638 1848 confundendas

386 1889 637 1956 κισθῆναι
690 1890 745 1942 δὲ
797 1892 1052 1954 καὶτοὺς
1102 1891 1198 1943 τοῦ
1248 1891 1563 1959 Νικηφόρου
1615 1889 1954 1958 αὐτόχειρας,
1991 1871 2033 1930 Β
2066 1912 2124 1950 re

1898 1904 1954 1950 ις,
1991 1871 2033 1930 Β
2066 1911 2153 1950 res
2175 1893 2579 1948 ecclesiasticas
2606 1888 2950 1958 Nicephorus
2979 1885 3244 1939 ediderat.
3293 1880 3486 1936 Statim
3541 1877 3639 1948 igi-

381 1979 749 2048 διαρῤαγῆναι
779 1983 834 2033 δὲ
867 1984 959 2035 καὶ
987 1982 1078 2033 τὸν
1117 1983 1280 2050 τόμον
1317 1982 1428 2051 (25)
1460 1981 1517 2033 δν
1557 1981 1651 2032 ἐπὶ
1697 1977 1955 2047 συγχύσει

383 2072 496 2122 τῶν
533 2071 1004 2142 ἐκκλησιαστικῶν
1046 2074 1390 2144 πραγμάτων
1429 2072 1456 2122 6
1495 2071 1808 2140 Νικηφόρος
1863 2068 1951 2135 ἐξ·

382 2163 560 2215 ἔθετο.
603 2164 815 2225 Εὐθέως
836 2161 928 2218 οὖν
952 2167 978 2218 6
1017 2167 1267 2234 Ἰωάννης
1299 2165 1540 2227 ἐκείνους
1572 2181 1630 2216 τε
1662 2163 1829 2226 ἐξῶσε
1853 2161 1954 2230 τῆς

389 2257 735 2319 πόλεως.καὶ
763 2256 860 2329 την
891 2259 1228 2326 Θεοφανιὶγέν
1260 2259 1644 2329 Προικοννήσῳ
1669 2255 1949 2321 ἐξώρισεν.

413 2343 548 2406 Ητις
575 2346 782 2398 ἐκεῖθεν
801 2345 925 2399 ῦστε
934 2365 1026 2418 ρον
1048 2347 1222 2417 λάθρα
1245 2346 1494 2414 φυγοῦσα
1521 2346 1614 2398 καὶ
1636 2347 1700 2413 τῇ
1725 2342 1951 2411 Μεγάλῃ

386 2437 778 2504 προσφυγοῦσα
798 2437 1131 2508 Ἐκκλησία,
1185 2439 1274 2490 διὰ
1316 2437 1410 2490 τοῦ
1458 2435 1954 2506 παρακοιμωμένου

385 2527 670 2580 Βασιλείου
709 2528 1032 2598 ἐκϐληθεῖσα
1064 2531 1120 2581 ἐν
1157 2531 1230 2598 τῷ
1281 2529 1475 2599 θέματι
1513 2530 1622 2581 τῶν
1667 2529 1955 2596 Ἀρμενια-

387 2622 500 2673 κῶν
525 2620 792 2691 ἐξωρίσθη
827 2623 906 2684 εἰς
936 2621 1032 2691 τὴν
1064 2622 1216 2689 παρὰ
1260 2620 1352 2672 τοῦ
1388 2619 1651 2686 βασιλέως
1690 2634 1954 2685 νεουργηο

382 2713 570 2766 θεῖσαν
619 2713 786 2781 μονὴν
822 2713 920 2782 τὴν
975 2712 1244 2780 Δάμιδος,
1306 2711 1640 2778 ἐνυϐρίσασα
1691 2712 1957 2776 πρότερον

382 2806 465 2864 είς
493 2804 584 2855 τὸν
618 2803 840 2872 βασιλέα
865 2804 1034 2856 πολλὰ
1060 2805 1152 2855 κα)⁸
1183 2805 1262 2866 εἰς
1286 2803 1375 2856 τὸν
1407 2801 1710 2862 Βασίλειον,
1747 2799 1960 2867 Σκύθην

384 2892 482 2942 καὶ
525 2890 801 2960 βάρϐαρον
831 2892 1220 2944 ἀποκαλέσασα
1258 2891 1351 2944 καὶ
1397 2893 1534 2944 κατὰ
1572 2891 1776 2961 κόρρης
1808 2887 1957 2955 αὐτῷ

384 2983 676 3045 κτνδύλους
703 2985 1056 3054 ἐπιτρίψασα.
1095 2985 1397 3056 Ἐξωρίσθη
1424 2985 1480 3036 δέ
1504 2986 1599 3037 σὺν
1632 2985 1766 3052 αὐτῇ
1807 2982 1898 3033 καὶ
1926 2983 1958 3050 ἡ

2065 1997 2152 2040 tur
2184 1985 2450 2040 Tzimisca
2503 1995 2857 2052 percussores
2917 1979 3050 2032 istos
3103 1984 3344 2030 extorres
3400 1972 3530 2043 agit,
3584 1978 3640 2024 et

2063 2077 2526 2146 Theophanoncm
2596 2074 2650 2127 in
2719 2072 3129 2134 Proconnesum
3180 2066 3402 2135 relegat.
3481 2062 3639 2117 Unde

2062 2177 2249 2239 postea
2279 2166 2489 2222 occulte
2522 2180 2645 2218 cum
2685 2162 3012 2232 profugisset
3048 2159 3101 2212 in
3160 2155 3410 2224 Magnum
3475 2152 3639 2206 Tem-

2066 2259 2234 2327 plum,
2261 2255 2550 2312 exturbata
2579 2268 2644 2308 eo
2672 2267 2700 2306 a
2730 2250 2927 2305 Basilio
2967 2245 3300 2302 cubiculario
3324 2243 3375 2296 in
3421 2241 3642 2313 provin-

2063 2350 2202 2402 ciam
2237 2345 2579 2400 Armenicam
2613 2352 2698 2397 est
2754 2340 2913 2410 381
2937 2337 3240 2405 deportata,
3308 2333 3365 2385 in
3401 2329 3640 2384 Damidis

2065 2436 2452 2491 monasterium
2481 2448 2673 2488 recens
2702 2432 2770 2484 ab
2803 2431 3133 2498 imperatore
3167 2423 3472 2482 conditum,
3513 2436 3638 2474 cum

2064 2527 2215 2596 prius
2248 2525 2301 2578 in
2341 2525 2726 2592 imperatorem
2769 2517 2935 2572 multa
2973 2514 3196 2585 jecisset
3236 2510 3474 2566 convitia
3496 2518 3552 2562 et
3577 2506 3633 2560 in

2069 2618 2342 2681 Basilium,
2377 2616 2461 2670 cui
2499 2614 2710 2683 Scythae
2736 2620 2792 2664 et
2823 2607 3037 2662 barbari
3071 2604 3291 2659 nomine
3321 2599 3641 2669 compellato

2070 2711 2233 2762 etiam
2279 2720 2486 2774 pugnos
2538 2703 2859 2771 ingesserat.
2894 2697 3066 2751 Mater
3098 2708 3314 2764 quoque
3355 2690 3643 2758 Theopha-

2073 2799 2232 2852 nonis
2263 2798 2314 2849 in
2342 2794 2668 2848 Mantineum
2691 2789 2866 2846 exsilii
2899 2802 3062 2843 causa
3094 2786 3256 2839 missa
3291 2800 3304 2848 ;
3365 2781 3641 2848 edictiquc

2070 2887 2288 2942 libellus
2341 2885 2584 2954 prolatus
2622 2890 2678 2936 et
2727 2881 3037 2948 discerptus
3122 2885 3226 2940 est,
3300 2872 3639 2943 pristinaquc

2068 2979 2328 3034 Ecclesia:
2356 2979 2579 3032 libertas
2595 2973 2826 3029 reddita.

382 3078 590 3148 ταύτης
639 3081 822 3150 μήτηρ
862 3084 918 3133 ἐν
947 3083 1273 3152 Μαντινείῳ.
1331 3081 1600 3151 Ἐνεχθεὶς
1648 3081 1702 3132 δὲ
1734 3083 1761 3132 ὁ
1793 3080 1956 3148 τόμος
1997 3076 2228 3147 ἐρράγη,
2268 3075 2363 3128 καὶ
2389 3076 2456 3144 τῇ
2495 3069 2793 3140 Ἐκκλησία
2812 3065 3075 3137 ἐχαρίσθη
3116 3065 3147 3134 ἡ
3186 3060 3428 3132 προτέρα
3493 3059 3643 3110 ἐλευ-

386 3170 566 3240 θερία.

464 3264 550 3333 [Ρ.
591 3263 716 3335 665]
759 3265 975 3316 Τούτων
1024 3266 1117 3318 οὖν
1156 3265 1512 3335 πραχθέντων
1540 3305 1553 3328 ,
1589 3263 1960 3332 ὑποσχομένου
1986 3265 2030 3325 C

391 3357 452 3408 δὲ
495 3357 588 3408 τοῦ
633 3358 879 3410 Ἰωάννου
920 3358 1014 3409 καὶ
1066 3359 1147 3419 είς
1197 3357 1462 3426 ἐξίλασμα
1502 3359 1601 3426 τῆς
1655 3356 1960 3425 ἀμαρτάδος

393 3448 593 3516 πένησι
643 3447 916 3516 διανεῖμαι
955 3448 1022 3516 ἢν
1079 3448 1367 3501 ἰδιωτεύων
1408 3445 1517 3517 εἶχε
1571 3447 1908 3517 περιουσίαν,
1939 3449 1966 3498 ὁ

394 3537 736 3599 Πολύευκτος
788 3538 1075 3606 ἐπιτρέπει
1122 3538 1219 3608 τὴν
1260 3540 1482 3603 εἴσοδον,
1544 3539 1816 3592 καὶκατὰ
1870 3538 1968 3608 τὴν

395 3625 590 3695 ἑορτὴν
610 3629 704 3694 τῆς
731 3627 966 3695 Χριστοῦ
993 3626 1088 3678 τοῦ
1110 3626 1244 3679 Θεοῦ
1272 3629 1428 3697 ήμῶν
1457 3629 1765 3696 Γεννήσεως
1795 3628 1968 3680 είσελ-

397 3718 562 3770 θόντα
593 3717 781 3770 τοῦτον
815 3719 892 3786 τῷ
943 3718 1040 3786 τῆς
1081 3717 1357 3787 βασιλείας
1410 3719 1596 3773 ἀναδεί
1651 3720 1965 3788 διαδήματι.

395 3809 572 3862 Πολὺν
603 3810 660 3861 δὲ
694 3808 853 3860 σάλον
883 3807 977 3860 καὶ
1014 3810 1260 3879 ταραχὴν
1291 3809 1522 3879 ἐχούσης
1561 3810 1660 3879 τῆς
1691 3809 1970 3879 βασιλείας

398 3902 457 3952 ἐν
487 3917 543 3952 τε
583 3902 647 3969 τῇ
681 3900 794 3968 Ἕῳ
825 3899 918 3951 καὶ
953 3901 1021 3969 τῇ
1070 3900 1311 3969 Ἐσπέρα
1342 3899 1425 3961 (αἴ
1451 3917 1509 3952 τε
1543 3899 1649 3968 γὰρ
1685 3898 1970 3966 ληφθεῖσαι

399 3992 542 4046 κατά
590 3991 685 4062 τὴν
717 3991 972 4044 Κιλικίαν
1014 3992 1109 4044 καὶ
1133 3991 1387 4061 Φοινίκην
1416 3993 1511 4044 καὶ
1540 3990 1742 4058 Κοίλην
1773 3989 1970 4058 Συρίαν

641 4082 745 4134 τῶν
789 4082 1122 4152 Ἀγαρηνῶν,
1156 4080 1230 4151 μὴ
1265 4080 1478 4151 σχόντος
1525 4079 1619 4132 τοῦ
1655 4080 1969 4148 Νικηφόρου

405 4174 596 4243 καιρὸν
631 4175 700 4227 τὰ
733 4176 854 4226 κατ’
889 4173 1057 4236 αὐτὲις
1109 4172 1388 4226 διαθέσθαι
1443 4170 1620 4233 καλῶς
1669 4171 1762 4222 καὶ
1793 4171 1970 4236 ἀσφα-

403 4265 672 4329 λίσασθαι,
709 4265 844 4335 πρὸς
895 4265 1234 4319 ἀποστασίαν
1293 4263 1619 4326 ἀπέϐλεπον,
1675 4265 1768 4314 καὶ
1802 4263 1833 4330 ἡ
1868 4260 1972 4320 τῶν

415 4358 552 4422 Ῥὼς
589 4359 800 4428 κίνησις
834 4358 896 4411 οὐ
944 4357 1123 4419 καλῶς
1177 4357 1438 4426 πρότερον
1495 4356 1588 4408 ἐπὶ
1635 4354 1972 4422 Βουλγάρους

408 4451 762 4520 μελετηθεῖσα
795 4453 1048 4518 μέγιστον
1095 4452 1310 4502 ἐπέσειε
1339 4451 1449 4511 τοῖς
1475 4448 1762 4517 πράγμασι
1796 4446 1970 4499 κίνδυ-

405 4560 515 4606 νον,
563 4542 656 4594 καὶ
695 4542 854 4611 λιμὸς
891 4542 983 4594 ἐπὶ
1011 4541 1169 4594 πέντε
1204 4541 1358 4604 ὅλους
1389 4542 1668 4603 ἐνιαυτοὺς
1696 4543 1796 4608 τὴν
1832 4538 1967 4592 Ῥω-

405 4084 587 4145 πόλεις

2152 3254 2244 3310 llis
2262 3253 2416 3317 actis,
2441 3250 2764 3319 Polyeuctus
2785 3243 2990 3316 peccati
3010 3242 3450 3311 expiandigratia
3487 3242 3646 3311 polli-

2072 3348 2238 3404 citum
2271 3361 2329 3399 se
2369 3341 2630 3412 quidquid
2657 3340 2901 3410 privatus
2925 3337 3264 3407 possederat,
3292 3335 3346 3387 in
3369 3348 3641 3403 pauperes

2069 3437 2445 3508 elargiturum,
2477 3434 2864 3503 imperatorem
2908 3429 2963 3484 in
2989 3427 3248 3496 templum
3286 3425 3545 3486 admittit,
3594 3434 3649 3478 et

2072 3530 2224 3584 feriis
2259 3527 2460 3582 Christi
2513 3524 2780 3578 natalitiis
2836 3522 3143 3591 ingressum
3193 3532 3281 3580 eo,
3343 3516 3649 3570 diademate

2073 3619 2424 3690 i..-peratorio
2455 3616 2697 3672 redimit.
2727 3615 2804 3667 Eo
2848 3622 3094 3681 tempore
3148 3616 3203 3663 et
3252 3608 3308 3661 in
3353 3605 3649 3661 Occidente

2071 3714 2205 3767 etin
2265 3711 2487 3766 Oriente
2536 3723 2621 3761 res
2680 3704 2891 3774 imperii
2962 3701 3256 3756 admodum
3313 3697 3649 3752 conturbata:

2073 3803 2428 3858 ﬂuctuabant.
2451 3800 2578 3853 Nam
2610 3809 2664 3852 et
2698 3797 2859 3850 urbes
2885 3793 3148 3865 Agarcnis
3173 3792 3225 3843 in
3251 3789 3464 3847 Cilicia.
3489 3787 3649 3842 Phoz—

2075 3896 2219 3950 nicia
2251 3905 2304 3949 et
2329 3890 2624 3961 Ccelcsyria
2654 3896 2873 3957 ereptae,
2916 3884 3059 3953 quod
3098 3881 3403 3951 Nicephoro
3461 3894 3647 3933 earum

2076 3984 2580 4041 constituendarum
2611 3988 2772 4048 atque
2814 3975 3233 4030 numiendarum
3256 3971 3471 4026 occasio
3517 3984 3655 4039 prae-

2078 4087 2231 4147 repta
2305 4075 2427 4138 fuit,
2483 4074 2549 4126 ad
2612 4069 2974 4124 defectionem
3016 4064 3374 4134 spectabant;
3427 4061 3651 4115 Rossica

2078 4167 2362 4221 adversum
2390 4161 2647 4231 Bulgaros
2679 4173 2788 4211 non
2825 4165 2970 4210 recte
3001 4153 3300 4223 excogitata
3334 4151 3486 4220 prius
3517 4165 3651 4204 cono

2078 4257 2266 4313 citatio
2295 4268 2549 4325 magnum
2572 4252 2626 4306 in
2663 4249 2965 4320 periculum
3003 4262 3114 4300 rem
3162 4243 3459 4298 Romanam
3517 4257 3646 4296 con-

2074 4349 2298 4420 jiciebat
2326 4364 2339 4412 ;
2371 4355 2427 4400 et
2458 4344 2687 4414 penuria
2709 4341 2948 4410 quinque
2978 4339 3216 4405 integros
3243 4350 3415 4390 annos
3455 4349 3652 4403 pressa:

2080 4444 2245 4498 urbes
2274 4442 2328 4494 in
2350 4437 2578 4495 summis
2604 4441 2760 4490 erant
2785 4429 3214 4487 diﬂicultatibus.
3245 4428 3320 4483 Ea
3357 4426 3650 4482 sollicitum

2083 4535 2346 4590 tenebant
2371 4529 2780 4600 imperatorem,
2813 4521 3347 4590 circumspicientem
3378 4517 3650 4586 quodnam

410 4633 583 4702 μαίων
627 4608 1017 4703 ἐπινεμόμενος
1075 4634 1278 4702 σφόδρα
1332 4635 1428 4696 τὰς
1480 4633 1657 4696 πόλεις
1719 4631 1970 4699 ἐπίεζε),
2003 4665 2048 4720 D
2079 4635 2151 4680 tat

1929 4633 1970 4699 ),
2003 4665 2048 4720 Β
2079 4627 2247 4680 tantis
2288 4622 2447 4678 malis
2482 4618 2782 4673 remedium
2818 4613 3123 4675 adhiberet,
3171 4617 3227 4663 et
3263 4608 3650 4677 rempublicam

408 4725 744 4777 διεσκοπεϊτο
810 4725 904 4778 καὶ
981 4721 1253 4795 ἐμερίεϊνα
1320 4724 1436 4787 πῶς
1487 4724 1553 4776 ἂν
1608 4723 1675 4775 τὰ
1746 4721 1970 4775 τοιαῦτα

409 4815 771 4886 θεραπευθείη
807 4816 952 4869 κακά
993 4817 1087 4869 καὶ
1131 4816 1193 4868 τδ
1222 4816 1278 4882 ἐξ
1327 4815 1502 4868 αὐτῶν
1531 4815 1967 4884 ἀποσκευασθείη

409 4905 766 4976 ἐλπιζόμενον
812 4907 949 4970 δέος.
986 4907 1135 4970 Τέως
1180 4907 1236 4960 δὲ
1287 4908 1382 4976 τῆς
1438 4905 1572 4976 πρὸς
1611 4905 1689 4974 τῷ
1747 4905 1967 4974 Ὀρόντῃ

423 4995 751 5065 Ἀντιοχείας
791 4995 1130 5066 χηρευούσης
1172 4994 1494 5066 ἀρχιερέως,
1547 4992 1820 5060 Θεόδωρόν
1848 5007 1968 5043 τινα

415 5087 819 5155 προχειρίζεται
855 5087 1111 5156 μοναχὸν,
1140 5089 1274 5140 πᾶσι
1311 5085 1564 5156 κομῶντα
1602 5086 1713 5147 τοῖς
1750 5082 1974 5151 ἀγαθοῖς

414 5180 509 5231 καὶ
570 5179 717 5248 αὐτῷ
777 5178 1222 5247 προθεσπίσαντα
1307 5185 1405 5247 τὴν
1475 5177 1775 5247 ἀνάρρησιν
1807 5216 1821 5240 ,
1883 5174 1976 5226 καὶ

417 5273 944 5346 παρεγγυησάμενον
989 5273 1062 5342 μὴ
1103 5271 1430 5324 ἐπισπεῦσαι
1453 5269 1527 5330 ὼς
1550 5268 1643 5320 τοῦ
1676 5267 1811 5320 Θεοῦ
1850 5265 1975 5335 μὲλ-

417 5369 598 5428 λοντος
626 5366 788 5418 αὐτὸν
828 5367 907 5426 είς
937 5365 994 5416 τὸ
1025 5364 1122 5432 τῆς
1163 5363 1435 5432 βασιλείας
1461 5360 1592 5429 ὕψος
1626 5359 1970 5422 ἀναὸιὸάσαι,

421 5460 451 5529 ἦ
481 5458 586 5527 μὴν
612 5455 900 5525 γινώσκειν
931 5454 1004 5517 ὼς
1022 5455 1069 5506 εί
1099 5452 1374 5522 ὀλιγώρως
1397 5449 1658 5512 διατεθεὶς
1682 5447 1977 5518 ἐπιταχύνῃ

2079 4729 2240 4784 quam
2273 4705 2997 4766 caincuticbantliberaret.
3043 4699 3178 4754 Cum
3227 4708 3406 4752 autem
3458 4697 3649 4750 Antio-

2079 4807 2198 4862 cbia
2259 4804 2324 4858 ad
2362 4802 2627 4856 Orontent-
2669 4797 2890 4852 ﬂuvium
2925 4795 3025 4850 sita
3075 4791 3385 4861 aliquandiu
3437 4803 3650 4842 summo

2078 4897 2335 4968 pontifice
2360 4893 2646 4956 caruisset,
2679 4891 2746 4944 ad
2775 4889 2825 4943 id
2864 4901 3062 4942 munus
3118 4881 3367 4954 provehit
3415 4880 3650 4948 impera-

2085 4997 2166 5041 tor
2191 4985 2535 5039 Theodorum
2570 4980 2856 5050 quemdam
2887 4977 3049 5046 382
3099 4971 3446 5032 monachum,
3475 4967 3651 5022 omni-

2083 5079 2185 5132 bus
2211 5076 2489 5130 ﬂorentcm
2517 5073 2714 5137 bonis;
2762 5070 2855 5138 qui
2884 5068 2932 5121 ei
2966 5067 3129 5122 etiam
3175 5061 3494 5133 praedixerat
3543 5059 3646 5111 im-

2082 5170 2232 5241 perio
2252 5168 2569 5238 potiturum,
2601 5164 2712 5218 Deo
2735 5163 2911 5232 ipsum
2949 5159 3016 5213 ad
3043 5160 3148 5210 hoc
3177 5155 3391 5210 culmen
3419 5151 3644 5212 elatura,

2085 5264 2436 5330 hortatusque
2459 5260 2634 5312 fuerat
2665 5271 2733 5310 ne
2767 5251 3162 5324 praecipitanter
3198 5252 3412 5316 ageret:
3445 5241 3642 5310 alioqui

2084 5359 2126 5413 si
2151 5356 2388 5410 monitus
2420 5367 2547 5407 suos
2572 5353 2873 5419 sperneret,
2913 5357 3023 5396 sua:
3048 5339 3218 5410 ipsius
3243 5337 3365 5391 vitae
3398 5350 3456 5387 se
3508 5331 3643 5385 insi-

2085 5449 2289 5504 diatum
2324 5444 2490 5499 fuisse
2509 5441 2928 5496 intellecturum.
2954 5427 3318 5487 Contenderat
3362 5424 3524 5478 etiam
3575 5421 3642 5476 ab

1539 5625 1888 5683 ΧΥΙΛΝυιιί
1921 5623 2004 5677 ΕΤ
2042 5621 2248 5678 ΟΟᾹΒΙ
2280 5616 2512 5673 NOT/E.

493 5749 604 5816 (‘23)
645 5751 832 5804 Exstat
866 5749 915 5800 in
940 5747 1083 5802 Juris
1119 5745 1514 5816 (inet-omniain
1549 5740 1896 5816 volumined.
1935 5755 1992 5803 ιι,
2038 5739 2091 5792 in
2145 5752 2272 5806 qtto,
2318 5749 2437 5803 quae
2489 5725 2774 5798 Nicephori
2826 5722 3072 5779 Novellus
3154 5714 3399 5782 revulsit,
3460 5708 3645 5766 Basilii

427 5809 872 5891 Potpbyrogeniti
900 5821 1135 5874 sanctior
1169 5817 1386 5872 Novella
1419 5813 1779 5885 subjungitur.
1809 5809 1974 5863 Goan.
