4410 6452
404 401 505 469 11Ἰ

1488 402 2018 461 llISTUlllAllUM
2049 400 2569 463 CUMPENDIUM.

3521 405 3626 469 118

386 518 553 585 ὀλίγῳ
592 515 689 580 τὰς
733 514 902 586 Ἥῴας
932 513 1186 584 δυνάμεις
1233 515 1366 585 πρὸς
1398 515 1494 582 τὴν
1533 516 1803 584 Ἑσπέραν
1837 515 1949 567 δια·
1982 521 2022 574 Α
2059 522 2127 564 tu:

1890 532 1949 567 α·
1982 521 2022 574 Α
2059 522 2143 564 lus
2182 513 2360 567 adhuc
2399 513 2638 584 legitimo
2689 515 2793 568 sibi
2834 516 3180 570 matrimonio
3221 515 3577 585 coniunxerat
3615 538 3628 583 ;

388 609 637 671 ϐιϐάσας,
684 607 919 676 ἄρχοντά
947 624 1003 658 τε
1049 606 1238 669 αὑταῖς
1287 608 1584 674 ἐπιστήσας
1613 608 1670 658 ὃν
1702 607 1952 675 ὠνόμασε

387 700 764 769 στρατηλάτην
821 697 1031 765 Βάρδαν
1079 696 1380 766 μάγιστρον
1437 696 1528 750 τὸν
1585 697 1842 767 Σκληρὸν,
1893 690 1953 750 οὗ

384 793 483 860 τὴν
559 790 796 859 ἀδελφὴν
851 789 1070 857 Μαρίαν
1127 792 1356 859 νόμιμον
1416 791 1653 859 ἠγάγετο
1708 789 1953 860 γαμετὴν

386 882 675 933 ἰδιωτεύων
728 882 757 933 ό
789 880 1064 951 βασιλεὺς,
1119 881 1341 950 ἔμελλεν
1388 880 1548 949 ἔαρος
1590 883 1951 952 ἐφισταμένου

382 972 479 1023 καὶ
538 972 700 1034 αὐτὸς
759 972 1080 1041 ἐξορμῆσαι.
1140 974 1200 1025 Ui
1268 972 1404 1035 Ῥὼς
1457 972 1513 1024 δὲ
1557 974 1650 1025 καὶ
1695 971 1952 1024 ότούτων

379 1063 621 1134 ἀρχηγὸς
649 1066 675 1117 ό
706 1063 1155 1132 Σφενδοσθλάϐος,
1188 1062 1285 1134 τὴν
1311 1062 1403 1116 τοῦ
1452 1062 1757 1134 Ῥωμαῖκοῦ
1791 1080 1954 1133 στρα-

378 1158 649 1225 τεύματος
682 1157 756 1218 ὡς
784 1155 1044 1207 ἐπύθοντο
1072 1155 1387 1222 περαίωσιν,
1423 1156 1952 1226 κοινοπραγήσαντες

378 1248 792 1318 δεδουλωμένοις
824 1249 922 1319 ἥδη
958 1252 1069 1311 τοῖς
1111 1248 1434 1319 Βουλγάροις
1459 1288 1473 1311 ,
1529 1249 1953 1317 προσειληφότες

377 1338 436 1387 δὲ
492 1339 586 1389 καὶ
639 1338 962 1409 συμμάχους
1016 1339 1141 1400 τούς
1198 1354 1258 1390 τε
1308 1338 1649 1400 Πατζινάκας
1689 1340 1782 1392 καὶ
1829 1339 1955 1401 τοὺς

377 1427 518 1495 πρὸς
565 1427 718 1479 δύσιν
764 1429 823 1479 ἐν
877 1428 1141 1498 Παννονίᾳ
1174 1428 1619 1497 κατῳκισμένους
1651 1430 1950 1499 Τούρκους,

379 1523 473 1571 καὶ
521 1520 609 1573 διά
640 1522 855 1575 πάντων
905 1522 1135 1591 στρατὸν
1180 1521 1511 1591 πολεμιστὴν
1547 1522 1863 1590 ὴθροικότες
1899 1525 1954 1585 ἐς

376 1611 815 1678 ὀκτακισχιλίους
837 1612 927 1663 ἐπὶ
948 1612 1245 1681 τριάκοντα
1272 1612 1494 1680 μυριάσι
1523 1614 1952 1681 κορυφούμενον,

376 1701 473 1750 καὶ
522 1701 613 1752 τὸν
672 1695 847 1769 Αἷμον
896 1701 1212 1765 διαϐάντες,
1262 1703 1441 1754 πᾶσαν
1492 1702 1828 1770 ἐπυρπόλουν
1857 1705 1954 1772 τὴν

374 1790 600 1859 Θράκην
626 1791 717 1843 καὶ
748 1790 1044 1859 ἐληΐζοντο,
1072 1791 1374 1860 πηξάμενοι
1410 1791 1759 1861 παρεμϐολὴν
1781 1793 1947 1861 ἀγχοῦ

2056 608 2352 677 statuitque
2384 608 2527 662 veris
2569 607 2726 661 initio
2756 608 2870 676 ipse
2896 624 3110 678 quoque
3171 608 3226 661 in
3272 607 3473 662 bellum
3506 624 3633 677 pro-

2057 698 2245 753 ﬁcisci.
2266 699 2371 752 Sed
2390 698 2546 753 Rossi
2566 713 2863 768 eorumque
2893 698 3085 754 ductor
3101 698 3633 769 Sphendosthlabus,

2054 791 2240 845 audito
2288 791 2559 845 Romanas
2590 791 2775 861 copias
2812 791 3114 861 traiecisse,
3163 792 3473 862 conjunctis
3501 806 3636 859 quos

2049 882 2230 952 jamin
2252 897 2347 936 sua
2375 883 2645 937 habebant
2671 892 2941 953 potestate
2968 882 3234 954 Bulgaris.
3265 883 3447 938 aseitis
3472 881 3635 936 etiam

2055 972 2119 1024 ad
2143 970 2616 1040 bellilconsortium
2633 972 2953 1039 Patzinacis,
2973 974 3126 1044 etqui
3142 974 3196 1027 in
3214 972 3492 1028 Pannonia
3516 990 3637 1028 vcr-

2055 1076 2147 1116 sus
2188 1076 2440 1116 occasum
2473 1062 2792 1119 habitabant
2836 1064 3051 1128 Turcis,
3094 1065 3338 1120 exercitu
3376 1064 3636 1119 bellicoso

2056 1161 2386 1223 congregato
2416 1154 2483 1208 ad
2513 1154 2617 1209 508
2647 1155 2886 1209 virorum
2935 1155 3123 1221 millia,
3166 1156 3390 1209 Aﬁmum
3426 1156 3631 1225 egreSsi

2060 1243 2375 1298 universam
2425 1243 2712 1299 Thraciam
2770 1244 3040 1298 incendiis
3084 1260 3147 1298 ac
3203 1245 3635 1313 praedationibus

2057 1342 2343 1387 vastarunt
2391 1352 2403 1399 ;
2458 1335 2757 1405 castrisque
2801 1348 2972 1403 prope
3029 1346 3217 1386 muros
3261 1332 3637 1400 ArcadiOpolis

2060 1423 2217 1479 factis
2247 1425 2417 1495 praelii
2447 1426 2785 1480 occasionem
2815 1424 3108 1495 praestolati
3138 1434 3284 1478 sunt.
3315 1424 3384 1477 At
3410 1422 3633 1485 Bardas,

2057 1516 2150 1585 qui
2186 1531 2244 1571 se
2278 1531 2506 1570 numero
2530 1516 2786 1570 hostibus
2830 1515 3002 1570 multo
3037 1514 3352 1569 inferiorem
3384 1514 3636 1575 sentiret,

2054 1606 2252 1676 quippe
2269 1606 2553 1661 duodecim
2569 1605 2792 1661 omnino
2809 1604 3033 1659 millium
3056 1605 3292 1659 exercitu
3315 1604 3634 1667 instructus,

2055 1698 2261 1750 artibus
2292 1696 2655 1765 imperatoriis
2695 1696 2887 1750 statuit
2924 1696 3182 1750 barbaros
3210 1693 3373 1765 385
3399 1694 3637 1748 circuat-

2058 1788 2246 1841 venire
2277 1797 2504 1855 astuque
2532 1797 2586 1843 et
2610 1787 2880 1842 machinis
2914 1795 3116 1842 tantam
3155 1785 3467 1855 opprimere
3496 1784 3639 1838 mul-

379 1858 484 1931 που
555 1880 663 1932 τῶν
715 1858 916 1950 τειχῶν
988 1858 1527 1951 Ἀρκαδιουπόλεως,
1560 1858 1800 1933 γκάκεῖσε
1830 1858 1948 1949 τὴν
1984 1858 2023 1911 Β
2052 1878 2120 1932 till

1892 1883 1948 1949 ὴν
1984 1858 2023 1911 Β
2052 1878 2352 1932 titudinem.
2386 1877 2570 1947 Neque
2625 1894 2750 1932 eum
2802 1880 2846 1933 is
2900 1886 3130 1933 conatus
3185 1877 3475 1932 frustratus
3512 1874 3633 1929 fuit.

380 1968 701 2037 συμπλοκὴν
750 1970 1095 2040 ἐκδεχόμενοι
1137 1971 1230 2024 τοῦ
1267 1971 1526 2038 πολέμου.
1584 1969 1672 2041 [Ρ.
1706 1969 1833 2041 66η
1885 1967 1945 2024 Ὀ

375 2060 433 2109 δὲ
493 2055 791 2129 μάγιστρος
844 2060 1055 2130 Βάρδας
1109 2065 1137 2114 ὁ
1190 2062 1429 2132 Σκληρὸς
1472 2062 1545 2125 ὡς
1588 2060 1784 2132 ᾔσθετο
1808 2063 1946 2115 κατά

380 2148 514 2200 πολὺ
546 2149 621 2216 τῷ
664 2149 855 2219 πλήθει
907 2152 1227 2222 λειπόμενος
1280 2142 1618 2223 (περιίστατο
1648 2152 1756 2223 γὰρ
1800 2152 1946 2221 αὐτῷ

377 2238 531 2288 πάσα
558 2238 590 2305 ἡ
622 2239 847 2306 στρατιὰ
877 2240 956 2301 είς
981 2239 1047 2307 ιβ’
1071 2239 1355 2309 χιλιάδας),
1386 2243 1778 2310 στρατηγικαῖς
1806 2240 1948 2307 ἔγνω

377 2327 620 2389 ἀπάταις
660 2329 785 2391 τοὺς
830 2329 1104 2393 ἐναντίους
1157 2331 1465 2399 περιελθεῖν
1518 2331 1611 2384 καὶ
1654 2332 1819 2401 τέχνῃ
1855 2332 1947 2383 καὶ

381 2422 598 2487 ;.ι.ηχανῇ
649 2422 717 2471 τὰ
761 2419 998 2471 τοσαῦτα
1048 2422 1494 2491 κατεργάσασθαι
1534 2421 1733 2491 πλήθη.
1784 2424 1848 2475 Ὀ
1885 2421 1947 2490 δὴ

380 2511 474 2560 καὶ
516 2511 725 2577 γέγονε.
768 2510 1100 2578 Συγκλείσας
1147 2511 1258 2582 γὰρ
1279 2513 1473 2567 ἐαυτὸν
1505 2513 1601 2567 σὺν
1628 2516 1693 2583 τῇ
1722 2515 1945 2582 στρατιᾷ

376 2600 512 2651 εἴσω
551 2602 765 2671 τειχῶν,
815 2602 983 2655 πολλά
1043 2603 1501 2673 προκαλουμένων
1534 2604 1643 2656 τῶν
1674 2604 1947 2672 πολεμίων

377 2693 615 2754 ἐξελθεῖν
667 2695 762 2746 καὶ
816 2694 946 2764 περὶ
1005 2696 1112 2747 τῶν
1172 2696 1307 2747 ὅλων
1359 2696 1805 2763 διαγωνίσασθαι,
1851 2695 1947 2763 οὐχ

378 2786 714 2852 ὑπήκουσεν,
743 2784 859 2837 ἀλλ’
891 2785 1176 2856 ἐκαρτέρει
1214 2787 1287 2849 ὡς
1323 2786 1462 2856 τάχα
1492 2786 1791 2850 δειλιάσας,
1827 2785 1948 2854 βλέ-

380 2894 501 2928 πων
531 2878 654 2940 τοὺς
689 2878 1017 2941 ἀντιπάλους
1070 2878 1138 2931 τὰ
1179 2879 1561 2947 παρατυχόντα
1599 2878 1862 2947 φέροντάς
1892 2894 1948 2927 τε

379 2970 476 3019 καὶ
513 2970 765 3035 ἄγοντας.
810 2968 980 3022 Τοῦτο
1006 2969 1063 3022 δέ
1097 2970 1157 3022 τὸ
1186 2970 1457 3038 βούλευμα
1497 2970 1736 3038 μεγάλην
1780 2985 1947 3022 κατα-

381 3061 647 3128 φρόνησιν
688 3063 971 3131 ἐνεποίησε
1000 3064 1111 3123 τοῖς
1167 3062 1460 3132 βαρϐάροις
1484 3080 1495 3092 ο
1529 3061 1802 3132 οἰηθέντες
1844 3061 1952 3130 γὰρ

378 3152 455 3211 ὡς
504 3152 622 3212 ταῖς
664 3151 943 3218 ἀληθείαις
987 3154 1159 3224 δειλία
1214 3152 1569 3221 συνεχόμενος
1624 3154 1651 3204 ὁ
1713 3149 1953 3219 Σκληρδς

384 3240 787 3305 συγκεκλεικὼς
836 3242 949 3311 ἔχει
1005 3242 1216 3311 τείχους
1286 3243 1433 3296 ἔνδον
1488 3243 1587 3304 τὰς
1639 3242 1950 3313 Ῥωμαῖκᾶς

386 3331 691 3396 φάλαγγας,
738 3330 1046 3397 ἐπεξελθεῖν
1084 3331 1158 3402 μὴ
1214 3331 1447 3400 τολμῶν,
1494 3333 1666 3395 ἀδεῶς
1692 3350 1751 3384 τε
1795 3334 1951 3385 ἐσκε-

382 3424 639 3473 ὸέννυντο
702 3420 796 3474 καὶ
847 3422 1065 3491 ἀμελῶς
1126 3423 1643 3491 ἐστρατοπεδεύοντο
1705 3424 1798 3476 καὶ
1852 3423 1951 3492 τῆς

388 3508 705 3579 πρεπούσης
732 3510 969 3579 ἠμέλουν
995 3511 1261 3579 φυλακῆς,
1308 3512 1491 3575 πότοις
1517 3515 1611 3565 καὶ
1637 3513 1826 3582 μέθαις
1861 3515 1954 3566 καὶ

386 3602 568 3662 αὐλοῖς
631 3602 725 3653 καὶ
778 3603 1078 3671 κυμϐάλοις
1130 3607 1224 3656 καὶ
1278 3605 1536 3673 ὀρχήσεσι
1595 3605 1954 3676 βαρϐαρικαῖς

385 3690 890 3760 διανυκτερεύοντες
938 3695 1032 3745 καὶ
1084 3694 1315 3763 μηδενὸς
1348 3694 1457 3747 τῶν
1500 3696 1727 3749 δεόντων
1759 3700 1953 3765 ἐπιμε-

387 3781 627 3850 λόμενοι.
691 3783 899 3854 Καιροῦ
962 3785 1139 3837 τοίνυν
1198 3785 1507 3855 ἐπιτηδείου
1569 3786 1865 3854 λαϐόμενος
1928 3789 1955 3839 ό

388 3871 622 3939 Βάρδας,
657 3874 752 3925 καὶ
791 3875 938 3939 ὅπως
974 3878 1226 3948 ἐπίθηται
1281 3882 1393 3945 τοῖς
1436 3882 1648 3953 ἐχθροῖς
1696 3879 1754 3935 εὖ
1813 3881 1957 3950 μάλα

385 3965 783 4036 διασκοπήσας,
815 3969 909 4021 καὶ
938 3970 1037 4039 τὴν
1058 3972 1272 4043 ἡμέραν
1304 3974 1398 4029 καὶ
1426 3974 1525 4044 τὴν
1559 3974 1708 4044 ὥραν
1742 3976 1951 4047 ὁρίσας,

386 4054 580 4124 λόχους
622 4056 715 4110 καὶ
763 4057 986 4129 ἐνέδρας
1018 4062 1210 4126 νυκτὸς
1237 4065 1328 4118 ἐπί
1364 4082 1526 4119 τινων
1552 4065 1955 4137 εύκαιροτάτων

388 4146 607 4214 χωρίων
638 4149 972 4218 στησάμενος
1017 4151 1269 4223 Ἰωάννην
1318 4155 1605 4227 πατρίκιον
1653 4158 1743 4210 τὸν
1797 4157 1953 4211 Ἀλα-

390 4235 567 4289 κασέα
600 4239 737 4305 μετά
766 4254 911 4302 τινος
955 4241 1142 4311 ὀλίγης
1174 4243 1452 4312 δυνάμεως
1484 4246 1782 4316 ἐκπέμπει,
1834 4264 1959 4318 προ-

388 4327 606 4397 τρέχειν
652 4329 917 4395 κελεύσας
948 4334 1043 4386 καὶ
1081 4334 1396 4389 διασκοπεῖν
1426 4338 1550 4400 τοὺς
1599 4338 1825 4408 ἐχθροὺς
1864 4341 1956 4391 καὶ

391 4417 545 4487 θαμά
591 4420 725 4487 πρὸς
778 4420 939 4473 αὑτὸν
976 4423 1202 4491 μηνύειν
1234 4426 1326 4477 καὶ
1358 4425 1464 4494 ὅπη
1493 4426 1745 4496 πάρεισιν
1775 4428 1956 4481 ἀναδι-

2055 1970 2269 2039 Quippe
2300 1985 2357 2025 se
2384 1984 2507 2023 cum
2536 1969 2650 2025 suis
2682 1971 2820 2024 intra
2853 1983 3039 2024 muros
3085 1968 3392 2030 continens,
3423 1966 3628 2020 Barba~

2053 2063 2236 2131 risque
2267 2062 2458 2118 crebro
2489 2064 2912 2132 provocantibus
2934 2063 2999 2117 ad
3024 2071 3301 2117 certamen
3336 2060 3403 2114 de
3420 2074 3631 2114 summa

2049 2166 2226 2206 rerum
2257 2152 2554 2206 ineundum
2582 2166 2689 2205 non
2710 2153 3110 2220 obtemperans,
3134 2156 3450 2218 metumque
3469 2148 3639 2202 simu—

2049 2243 2185 2304 lans,
2225 2243 2574 2311 quantumvis
2623 2257 2846 2296 suorum
2874 2257 2959 2297 res
2998 2242 3063 2296 ab
3098 2242 3254 2295 hoste
3286 2241 3369 2309 agi
3388 2239 3628 2307 ferrique

2047 2341 2316 2397 cerneret,
2352 2340 2531 2386 tamen
2574 2348 2732 2386 suum
2787 2332 3043 2387 tenebant
3099 2332 3456 2402 propositum.
3520 2328 3635 2384 Hoc

2047 2430 2204 2490 pacto
2234 2436 2483 2492 magnum
2519 2423 2599 2476 sui
2623 2430 2993 2491 contemptum
3024 2422 3164 2492 apud
3200 2420 3466 2476 Barbaros
3484 2419 3630 2475 exci-

2050 2512 2215 2565 tavit:
2251 2512 2285 2564 ii
2309 2512 2453 2565 enim
2484 2514 2581 2566 rati
2612 2512 2836 2566 omnino
2853 2511 3140 2565 formidine
3157 2512 3377 2566 ductum
3413 2509 3633 2563 bardam

2049 2619 2175 2658 suos
2194 2604 2463 2658 moenibus
2486 2605 2727 2659 inclusos
2744 2603 3191 2671 detinere,neque
3212 2601 3409 2655 audere
3426 2600 3630 2669 egredi,

2057 2693 2228 2746 libere
2263 2708 2424 2761 porro
2469 2693 2673 2764 vagari,
2726 2702 2902 2747 castra
2945 2693 3285 2763 negligenter
3327 2692 3537 2753 metari,
3580 2698 3635 2743 et

2055 2784 2315 2837 excubias
2362 2785 2570 2839 debitas
2623 2784 2968 2854 poslhahere,
3018 2792 3205 2837 noctes
3255 2781 3491 2851 potando
3535 2795 3633 2849 per

2054 2875 2372 2929 ebrietatem
2424 2876 2562 2929 inter
2607 2876 2815 2929 fistulas
2859 2864 2923 2929 et
2955 2874 3196 2944 cymbala
3229 2882 3284 2926 et
3318 2872 3634 2928 saltationes

2053 2967 2364 3021 barbaricas
2414 2967 2632 3032 ducere,
2681 2966 2917 3035 denique
2962 2964 3096 3017 nihil
3142 2976 3330 3016 eorum
3360 2978 3479 3031 quae
3510 2962 3630 3015 atti-

2058 3060 2225 3112 nebat
2268 3074 2482 3113 curare.
2523 3057 2666 3128 Ergo
2702 3058 2902 3113 Bardas
2943 3055 3285 3112 occasionem
3326 3062 3543 3117 nactus,
3581 3063 3635 3107 et

2059 3151 2331 3220 quomodo
2365 3152 2549 3205 hostes
2582 3151 2886 3205 adoriretur
2911 3156 3162 3202 accurate
3194 3146 3508 3208 meditatus,
3545 3144 3634 3199 die

2060 3244 2308 3311 horaque
2347 3242 2414 3296 ad
2454 3241 2559 3295 hoc
2584 3240 2906 3309 designatis,
2936 3239 3217 3307 dispositis
3247 3253 3344 3306 per
3370 3246 3635 3305 opportu-

2056 3333 2276 3387 nissima
2308 3334 2424 3387 loca
2460 3332 2691 3398 insidiis,
2722 3332 2989 3387 Joannem
3027 3331 3311 3399 patricium
3343 3329 3636 3383 Alacasen-

2057 3439 2170 3478 scm
2235 3439 2357 3477 cum
2420 3423 2635 3478 modica
2684 3440 2849 3476 manu
2897 3423 3119 3485 emittit,
3167 3422 3257 3490 qui
3300 3422 3634 3490 speculatum

2059 3514 2245 3567 hostes
2275 3523 2608 3577 excurreret,
2638 3514 2834 3583 ubique
2862 3515 2894 3566 ii
2928 3522 3116 3568 essent
3140 3512 3282 3567 illico
3309 3513 3406 3567 sibi
3440 3528 3638 3568 renun-

2060 3605 2234 3667 tiaret,
2275 3604 2520 3659 hostibus
2558 3605 3119 3674 appropinquantibus
3166 3622 3387 3670 manum
3439 3620 3634 3659 conse-

2059 3706 2221 3761 reret,
2240 3696 2529 3765 snbitoque
2558 3706 2706 3767 terga
2739 3698 2874 3752 dans
2895 3698 3131 3766 speciem
3164 3697 3301 3765 fuga:
3328 3698 3633 3759 exhiberet,

2059 3802 2167 3841 non
2195 3789 2414 3856 quidem
2455 3800 2512 3843 ut
2556 3790 2728 3843 effuse
2776 3790 2968 3843 laxatis
3002 3806 3266 3859 equorum
3296 3789 3529 3843 habenis
3559 3789 3638 3842 fu-

2058 3886 2270 3948 gerent,
2330 3879 2427 3935 sed
2475 3881 2732 3949 paulatim
2770 3888 2824 3934 et
2852 3880 3018 3951 386
3069 3881 3372 3950 composito
3423 3879 3635 3950 agmine

2059 3971 2403 4038 recederent,
2430 3988 2821 4042 nonnunquam
2854 3974 3016 4027 etiam
3054 3988 3209 4042 aequo
3242 3973 3359 4027 loco
3389 3971 3635 4027 conversi

2059 4078 2182 4117 cum
2225 4064 2381 4118 hoste
2431 4074 2755 4135 pugnarent,
2796 4065 2971 4119 donec
3009 4081 3131 4119 cum
3169 4069 3223 4119 in
3264 4065 3487 4119 insidias
3516 4081 3638 4134 per-

2038 4155 2336 4209 traherent
2368 4172 2383 4209 :
2430 4164 2543 4209 tum
2576 4171 2705 4211 vero
2738 4156 2907 4212 effuse
2940 4167 2993 4212 et
3032 4157 3182 4211 nullo
3221 4156 3413 4211 ordine
3455 4156 3634 4227 fugam

2060 4242 2322 4297 facerent.
2372 4246 2535 4299 Erant
2580 4247 2791 4302 barbari
2839 4249 2890 4301 in
2958 4259 3066 4303 tres
3120 4247 3277 4303 divisi
3322 4257 3523 4317 partes.
3576 4248 3634 4301 ln
3675 4241 3679 4244 ’

2058 4335 2228 4404 prima
2284 4346 2441 4391 erant
2492 4354 2614 4393 cum
2666 4339 2856 4393 Rossis
2898 4339 3134 4411 Bulgari,
3178 4342 3402 4395 seorsim
3450 4342 3631 4401 Tun-ei,

2060 4427 2288 4481 seorsim
2334 4429 2496 4483 etiam
2534 4428 2852 4485 Palzinarze.
2893 4432 3027 4486 Fors
3057 4432 3129 4485 ita
3160 4432 3282 4485 tulit
3316 4442 3372 4486 ut
3398 4430 3634 4485 Joannes

387 4507 636 4571 δάσκειν,
660 4510 971 4580 ἐπισκήψας
987 4511 1044 4564 δὲ
1068 4514 1164 4566 καὶ
1186 4515 1451 4585 συμμῖξαι
1468 4515 1676 4579 τούτοις
1705 4518 1956 4583 ἐγγίσασι
1988 4537 2034 4594 υ
2063 4534 2123 4586 pr

1890 4534 1956 4570 ισι
1988 4537 2034 4594 υ
2063 4520 2234 4586 primo
2282 4521 2523 4574 onmium
2574 4522 2625 4575 in
2682 4523 2997 4579 I’atzinacas
3035 4526 3313 4580 incideret.
3366 4525 3631 4593 Cumque,

392 4602 488 4652 καὶ
521 4599 635 4666 ἅμα
671 4603 735 4671 τῇ
766 4604 1051 4673 συμπλοκῇ
1093 4604 1275 4657 δοῦναι
1319 4608 1385 4661 τὰ
1415 4607 1559 4660 νῶτα
1604 4609 1697 4660 καὶ
1738 4608 1960 4678 δόκησιν

391 4691 701 4754 φευγόντων
754 4694 1183 4761 παρεσχηκέναι,
1238 4696 1310 4765 μὴ
1360 4696 1612 4768 ἀκρατῶς
1671 4698 1851 4767 μέντοι
1899 4716 1959 4766 γε

392 4780 659 4848 φεύγειν,
714 4781 820 4851 ὅλῳ
875 4783 1072 4853 ῥυτῆρι
1130 4786 1379 4849 ἐνδόντας
1436 4790 1547 4851 τοῖς
1597 4789 1782 4851 ἵπποις
1836 4791 1958 4850 τοὺς

393 4869 647 4937 χαλινοὺς
682 4911 697 4935 ν
751 4871 867 4924 ἀλλ’
917 4873 1105 4943 ἡρέμα
1159 4876 1252 4926 καὶ
1305 4877 1444 4945 μετά
1486 4877 1711 4942 τάξεως,
1763 4877 1869 4947 ὅπη
1905 4878 1960 4930 δὲ

392 4961 694 5029 παρείκοι,
753 4965 845 5016 καὶ
904 4964 1344 5034 ὑποστρέφοντας
1397 4969 1797 5039 συρρήγνυσθαι
1848 4973 1958 5033 τοῖς

394 5052 631 5120 ἐχθροῖς,
667 5054 761 5105 καὶ
804 5053 944 5106 οὕτω
978 5059 1151 5107 ποιεῖν
1185 5057 1375 5127 μέχρις
1417 5060 1481 5111 ἂν
1507 5060 1585 5123 είς
1610 5061 1733 5122 τοὺς
1773 5061 1960 5129 λόχους

390 5142 617 5205 τούτους
647 5144 738 5195 καὶ
772 5145 851 5206 είς
879 5144 978 5207 τάς
1013 5147 1232 5217 ἐνέδρας
1258 5149 1705 5215 ἐναποκλείσωσι,
1751 5153 1870 5204 τότε
1906 5154 1961 5205 δὲ

394 5230 658 5297 ἀκόσμως
701 5231 923 5300 φεύγειν
960 5234 1051 5285 καὶ
1091 5236 1493 5307 προτροπάδην.
1550 5240 1720 5309 Τριχῆ
1765 5241 1819 5293 δὲ
1854 5241 1960 5293 τῶν

394 5320 689 5390 βαρϐάρων
744 5321 1121 5391 διαιρεθέντων
1177 5326 1511 5397 (Βούλγαροι
1567 5332 1665 5396 μὲν
1722 5332 1828 5399 γὰρ
1871 5332 1960 5383 καὶ

404 5412 544 5474 ’ίνὼς
584 5412 682 5480 τὴν
731 5413 952 5483 πρώτην
983 5416 1324 5487 ἀνεπλήρουν
1358 5418 1551 5488 μερίδα
1575 5458 1589 5483 ,
1627 5420 1857 5489 Τοῦρκοι
1905 5422 1961 5474 δὲ

395 5502 518 5553 καθ’
542 5502 768 5564 ἑαυτοὺς
795 5499 936 5571 ἦσαν
980 5505 1126 5573 μόνοι
1170 5508 1261 5559 καὶ
1292 5508 1625 5571 Πατζινάκαι
1650 5510 1959 5580 ὡσαύτως),

396 5592 693 5661 ἐρχόμενος
738 5589 829 5646 οὖν
862 5596 890 5647 ὁ
939 5594 1185 5667 Ἰωάννης
1222 5599 1594 5667 συμπλέκεται
1617 5604 1727 5663 τοῖς
1763 5604 1959 5664 [latit-

397 5686 594 5746 νάκαις
620 5686 761 5737 κατὰ
782 5686 951 5757 τύχην
983 5691 1348 5759 συνηντῃκὼς,
1392 5693 1481 5744 καὶ
1516 5693 1702 5761 ὥσπερ
1724 5692 1789 5763 ἦν
1818 5696 1957 5761 αὐτην

396 5775 869 5846 παρηγγελμένον,
928 5783 1297 5846 προσποιεῖται
1350 5782 1543 5852 συχνὴν,
1591 5782 1841 5852 σχολαίαν
1868 5785 1958 5852 τὴν

2066 4612 2139 4663 ιιιὶ
2195 4612 2506 4664 mandatum
2556 4614 2601 4666 ei
2654 4614 2819 4668 fuis‘sc
2865 4616 3375 4677 demonstravimus,
3418 4616 3636 4687 oblique

2066 4702 2323 4755 rccvdrns
2354 4702 2530 4771 fugam
2577 4704 2879 4766 simularet,
2915 4705 3215 4760 Patzinacre
3254 4707 3478 4760 turbatis
3521 4707 3634 4760 suis

2062 4791 2343 4845 ordinibus
2378 4793 2673 4858 instabant,
2693 4812 2788 4865 Spe
2818 4797 3085 4865 fugientes
3117 4799 3294 4852 subito
3322 4815 3511 4853 mrtnes
3536 4800 3632 4854 de—

2066 4882 2226 4934 l--ndi.
2273 4884 2501 4945 Romani
2556 4888 2713 4939 modo
2747 4892 2961 4957 agmine
3004 4890 3305 4958 composito
3343 4889 3627 4960 fugientes,

2063 4975 2222 5026 modo
2263 4975 2509 5031 hostibus
2553 4993 2672 5032 sese
2710 4981 3056 5034 obvertentcs
3104 4998 3164 5033 ae
3198 4984 3524 5050 prtuliantes,
3565 4984 3629 5036 ad

2063 5058 2285 5115 insidias
2333 5077 2550 5119 cursum
2603 5068 2915 5134 tenebant;
2972 5069 3024 5123 in
3086 5088 3222 5139 quas
3281 5074 3484 5126 medias
3541 5073 3629 5127 ubi

2063 5163 2322 5204 venerunt
2336 5194 2348 5217 ,
2369 5152 2557 5207 laxatis
2581 5155 2809 5211 habenis
2825 5158 2997 5213 cll‘use
3020 5159 3360 5229 fugerunt,ac
3378 5163 3468 5216 Pat
3481 5164 3595 5216 zina
3608 5192 3628 5201 -

2064 5255 2138 5292 eae
2157 5240 2429 5310 dissipatis
2460 5243 2740 5299 ordinibus
2771 5249 3077 5316 promiscue
3108 5265 3202 5305 eos
3227 5261 3355 5305 sunt
3375 5252 3627 5307 insecuti.

2065 5330 2169 5384 Sed
2204 5332 2293 5386 ubi
2325 5332 2522 5388 llardas
2559 5338 2737 5392 Subito
2770 5354 2892 5393 cum
2928 5348 3039 5395 toto
3080 5343 3320 5396 exercitu
3359 5343 3626 5412 apparuit,

2066 5435 2121 5474 re
2154 5420 2443 5490 improvisa
2484 5430 2813 5480 consternati
2857 5430 3054 5483 omissa
3096 5431 3471 5499 persecutione
3520 5447 3625 5485 non

2063 5512 2280 5580 quidem
2313 5513 2449 5584 fuga:
2487 5517 2578 5570 sed
2625 5517 2923 5573 defensioni
2959 5536 3079 5574 sese
3128 5532 3403 5589 pararunt.
3448 5521 3624 5576 Vehe-

2063 5607 2228 5658 menti
2266 5616 2444 5660 autem
2474 5624 2598 5663 cum
2634 5611 2831 5679 impttu
2865 5613 3049 5667 Bartla'e
3090 5616 3329 5667 (‘\t.‘|‘t'illl
3363 5616 3621 5680 irruente,

2065 5702 2227 5760 atque
2270 5695 2435 5749 altera
2492 5716 2703 5767 qttuqttr
2744 5718 2771 5754 ξι
2812 5710 2961 5772 tergo
3006 5704 3265 5773 phalange
3316 5702 3627 5773 cmnposilis

2064 5785 2342 5839 nrdttttlttts
2378 5790 2697 5857 ingruente.
2734 5796 2913 5848 statim
2950 5796 3222 5849 fortissimi
3260 5796 3457 5865 quique
3498 5797 3624 5864 Scy‘
