4410 6452
816 354 917 415 119

2034 368 2351 426 GEORGII
2410 372 2737 429 CEURENI

3934 372 4034 434 120

812 477 1021 523 lilill'lﬂll
1061 474 1376 527 ceciderunt
1409 494 1421 539 ;
1458 489 1511 528 et
1552 492 1737 530 eorum
1771 480 2034 547 phalange
2074 481 2179 533 alte
2209 481 2372 534 dissi-
2404 495 2449 550 Α
2478 486 2553 535 ἀνι

2267 482 2372 534 ssi-
2404 495 2449 550 Α
2478 482 2819 551 ἀναχώρησιν
2853 483 3166 551 ποιούμενος
3197 500 3207 511 ·
3240 484 3511 533 ἐνέκειντο
3545 484 3588 533 δ’
3616 486 3663 535 οἱ
3708 487 4006 547 [Iurgium

813 572 953 627 pata,
1011 566 1267 618 cornibus
1318 565 1683 621 Romanorum
1739 570 2060 623 coeuntibus
2114 572 2165 623 in
2198 572 2374 625 medio

809 656 1131 722 deprehensi
1163 658 1460 714 Patzinaea:
1492 671 1651 729 atque
1691 664 1747 715 in
1786 666 1970 717 orbem
2021 664 2373 719 circumventi

809 762 914 797 non
955 748 1044 799 diu
1095 749 1201 801 vim
1233 750 1627 816 sustinuerunt,
1660 752 1751 807 sed
1791 754 2043 807 inclinata
2074 754 2184 807 acie
2208 770 2374 823 prope

2482 573 2578 635 τὰς
2615 572 2820 624 ἑαυτῶν
2860 573 3117 635 λύσαντες
3147 578 3343 642 τάξεις,
3388 580 3461 641 ὡς
3501 580 3637 647 τάχα
3666 580 3786 638 τοὺς
3811 577 4037 643 φεύγον-

2480 681 2577 726 τας
2602 665 2918 733 ἀφανίσαιεν
2948 666 3134 735 ἄρδην.
3176 671 3397 723 Ἐκεῖνοι
3426 672 3480 723 δὲ
3509 672 3603 725 νῦν
3629 672 3726 739 μὲν
3756 671 4039 738 φεύγοντες

2486 758 2624 823 μετὰ
2652 756 2880 821 τάξεως,
2916 757 3011 811 νῦν
3044 760 3087 811 δ’
3110 761 3540 830 ὑποστρέφοντες
3577 764 3673 816 καὶ
3712 763 4040 831 ἀμυνόμενοι

808 837 1046 890 universi
1082 850 1209 893 sunt
1241 841 1424 895 occisi.
2484 846 2549 897 eoi

2484 846 2631 898 ἔθεον
2690 848 2827 917 πρὸς
2880 851 3006 910 τοὺς
3053 852 3257 922 λόχους.
3338 855 3492 907 Ἐπεὶ
3531 855 3588 907 δέ
3619 856 3713 908 καὶ
3745 857 3800 915 ἐς
3847 853 4042 922 μέσους

804 932 1050 996 ἐγένοντο
1105 936 1349 997 τούτους,
1405 936 1526 989 τότε
1586 934 1651 1007 δὴ
1686 938 1903 999 ἀνέντες
1954 940 2077 1001 τοὺς
2120 939 2367 1007 χαλινοὺς
2406 942 2658 1009 ἀκρατῶς
2746 943 2995 1013 ἔφευγον,
3054 949 3144 999 καὶ
3206 951 3253 1001 oi
3315 950 3647 1015 Πατζινάκαι
3728 949 4043 1018 ἐκχυθέντες

803 1028 1053 1090 ἀτάκτως
1129 1028 1370 1083 ἐδίωκον.
1451 1031 1833 1099 Ἑπιφανέντος
1887 1033 1931 1085 δ’
1990 1034 2251 1100 ἐξαίφνης
2312 1034 2406 1086 τοῦ
2482 1036 2785 1107 μαγίστρου
2820 1039 2959 1109 μετὰ
2997 1042 3197 1105 παντὸς
3224 1042 3318 1096 τοῦ
3355 1045 3612 1115 στρατοῦ,
3670 1044 3749 1114 τῷ
3775 1044 4044 1113 ἀπροσδο-

805 1123 955 1187 κήτῳ
999 1118 1442 1187 καταπλαγέντες
1489 1123 1589 1190 τὴν
1639 1122 1737 1189 μέν
1774 1123 1957 1187 δίωξιν
1986 1124 2235 1191 ἐπέσχον,
2280 1125 2363 1195 [Ρ.
2406 1124 2531 1197 668]
2565 1127 2625 1179 οὐ
2661 1131 2767 1198 μήν
2802 1147 2865 1197 γε
2896 1132 2987 1183 καὶ
3055 1132 3111 1193 ἐς
3150 1132 3328 1203 φυγὴν
3371 1136 3608 1198 ἀπεῖδον,
3678 1136 3790 1187 ἀλλ’
3828 1134 4041 1204 έμενον,

804 1212 867 1278 ἦν
893 1228 973 1272 τις
1000 1212 1142 1265 ἐπίοι
1171 1212 1469 1283 δεξόμενοι.
1507 1215 1660 1268 Μετὰ
1701 1217 1937 1286 σφοδρᾶς
2002 1217 2057 1270 δὲ
2099 1218 2278 1287 ῥύμης
2339 1219 2445 1273 τῶν
2486 1222 2613 1290 περὶ
2659 1224 2751 1275 τὸν
2798 1226 3095 1295 μάγιστρον
3155 1230 3543 1296 συμπεσόντων
3580 1232 3780 1294 αὐτοῖς,
3826 1232 4044 1298 καὶτῆς

802 1303 994 1371 λοιπῆς
1026 1304 1304 1375 φάλαγγος
1336 1308 1557 1360 ὄπισθεν
1587 1309 1886 1377 ἐρχομένης
1923 1313 2041 1378 μετ’
2072 1311 2363 1379 εὐκοσμίας
2404 1315 2496 1365 καὶ
2534 1314 2761 1378 τάξεως,
2814 1318 3103 1371 πίπτουσιν
3157 1320 3317 1379 εὐθὺς
3374 1322 3422 1372 oi
3489 1320 3853 1390 ἀλκιμώτεροι
3935 1320 4044 1373 τῶν

802 1396 1041 1448 Σιυθῶν.
1077 1399 1187 1451 Καὶ
1221 1400 1358 1451 κατά
1396 1398 1556 1466 βάθος
1603 1400 1700 1467 τῆς
1730 1400 2010 1467 φάλαγγος
2052 1403 2365 1470 σχισθείσης
2403 1404 2459 1467 ἐς
2514 1407 2708 1474 μέσους
2748 1409 3082 1476 ἐμπίπτουσι
3126 1411 3251 1473 τοὺς
3296 1410 3485 1480 λόχους
3551 1414 3601 1465 οἱ
3680 1414 4037 1478 Πατζινάκαι,

800 1492 909 1544 τῶν
988 1493 1232 1559 κεράτων
1284 1493 1647 1545 συνελθόντων
1704 1494 1955 1562 ἀλλήλοις
2010 1498 2099 1545 καὶ
2168 1496 2441 1549 κύκλωσιν
2480 1500 2942 1558 ἀποτελεσάντων.
2984 1504 3100 1556 Ἐπ’
3131 1504 3310 1571 ὀλίγον
3347 1501 3439 1559 οὖν
3468 1506 3809 1576 ἀντισχόντες
3834 1507 4036 1560 ἐνέκλι-

802 1600 919 1640 ναν,
946 1583 1039 1633 καὶ
1077 1582 1275 1645 πάντες
1305 1584 1487 1652 σχεδὸν
1510 1585 1914 1652 κατεκόπησαν.

870 1676 1035 1745 387
1071 1676 1163 1730 llis
1198 1677 1298 1730 hoc
1329 1678 1491 1730 modo
1521 1677 1695 1740 victis,
1728 1676 1927 1732 Bardas
1956 1694 2078 1732 cum
2112 1696 2173 1732 ex
2208 1681 2374 1748 capti-

802 1771 883 1821 vis
931 1768 1283 1821 intellexisset
1330 1768 1566 1837 reliquos
1612 1766 1792 1821 adhne
1832 1770 2071 1838 integros
2111 1770 2371 1823 instructa

2554 1679 2709 1732 Οὕτω
2753 1680 2809 1731 δέ
2860 1681 3082 1740 τούτους
3115 1679 3452 1748 τρεψάμενος
3499 1681 3528 1731 6
3570 1679 3798 1747 Βάρδας.
3836 1678 3931 1731 καὶ
3954 1677 4041 1730 διὰ

2480 1770 2588 1823 τῶν
2617 1771 2977 1840 αἰχμαλώτων
3030 1770 3216 1839 μαθὼν
3258 1771 3333 1832 ὡς
3365 1772 3455 1823 καὶ
3499 1771 3547 1821 οί
3580 1769 3757 1821 λοιποὶ
3797 1769 4042 1837 ἀκμῆτες

800 1860 916 1913 acie
950 1874 1183 1928 pugnam
1212 1870 1551 1928 exspectare,
1582 1870 1727 1915 recta
1759 1862 1812 1915 in
1841 1876 1934 1915 eos
1968 1862 2135 1915 dueit.
2175 1863 2215 1915 li
2245 1878 2372 1917 vero
2404 1848 2443 1900 Β
2471 1863 2541 1914 ὅν⁴

2296 1878 2372 1917 :ro
2404 1848 2443 1900 Β
2471 1863 2622 1924 ὄντες
2683 1863 3047 1931 προσμένουσι
3124 1860 3543 1929 συντεταγμένοι
3625 1858 3717 1911 τδν
3784 1859 4037 1926 πόλεμον,

802 1951 1014 2005 tametsi
1074 1965 1263 2003 recens
1314 1961 1571 2017 acceptus
1629 1952 1696 2004 de
1759 1950 2165 2004 Patzinacarum
2215 1952 2365 2006 clade

803 2043 1025 2094 nuntius
1050 2041 1257 2093 animos
1287 2055 1475 2095 eorum
1513 2042 1785 2111 insperata
1830 2044 2135 2097 calamitate
2166 2044 2367 2099 fractos

800 2132 1091 2199 dejeeerat,
1111 2139 1289 2185 tamen
1312 2142 1498 2185 mutuo
1527 2148 1645 2187 sese
1674 2133 1963 2199 cohortati,
1987 2134 2172 2187 aseitis
2203 2135 2363 2188 etiam

802 2224 891 2289 qui
924 2239 989 2275 ex
1020 2223 1142 2292 fuga
1185 2222 1547 2287 confluebant,
1580 2224 1837 2278 Romanis
1870 2237 2183 2288 occurrunt,
2226 2245 2368 2296 prae-

804 2315 983 2367 missis
1033 2314 1306 2382 equitibus
1346 2332 1408 2370 ac
1461 2317 1920 2385 subsequentibus
1951 2333 2043 2372 eos
2079 2319 2364 2386 peditibus.

803 2406 984 2457 l'rimo
1022 2421 1317 2473 congressu
1365 2408 1573 2474 equites
1624 2421 1651 2459 a
1696 2409 1975 2473 Romanis,
2019 2425 2249 2476 quorum
2290 2411 2369 2463 vis

806 2495 1027 2547 subsisli
1058 2510 1164 2547 non
1196 2510 1353 2563 posse
1397 2497 1704 2562 videbatur,
1749 2499 1933 2566 rejecti
1969 2498 2133 2566 inque
2167 2498 2371 2566 pedita-

805 2599 916 2638 tum
935 2586 1196 2653 compulsi
1222 2595 1369 2639 sunt.
1402 2586 1475 2639 lbi
1507 2602 1564 2641 se
1593 2590 1987 2656 recollegerunt
2018 2600 2071 2642 et
2108 2588 2372 2643 Romano-

805 2691 922 2728 rum
945 2675 1203 2743 impetum
1240 2676 1639 2730 sustinuerunt.
1664 2678 1990 2746 Aliquandiu
2018 2680 2181 2733 dubio
2208 2678 2373 2732 Marte

806 2774 1094 2833 pugnatum
1125 2774 1228 2826 est,
1269 2764 1445 2818 donec
1472 2764 1670 2834 Scytha
1698 2765 1915 2834 quidam
1952 2768 2094 2819 mole
2128 2767 2373 2835 corporis

802 2862 857 2904 et
905 2852 1097 2905 robore
1134 2852 1300 2906 animi
1341 2854 1551 2919 elatus,
1602 2865 1727 2909 ante
1768 2856 1900 2909 alios
1936 2872 2272 2925 progressus,
2318 2856 2371 2908 iu

806 2955 978 3007 Ipsum
1039 2941 1209 2993 fertur
1266 2940 1514 3007 Bardam,
1566 2945 1658 3011 qui
1710 2960 1874 3012 eques
1932 2946 2147 2999 ordines
2194 2945 2375 2999 obibat

806 3040 967 3096 atque
1017 3030 1175 3085 dictis
1222 3032 1513 3087 animabat.
1559 3032 1731 3102 Hujus
1776 3036 1967 3089 cassidi
2012 3035 2219 3104 Scytha
2250 3051 2374 3088 eum

804 3120 1043 3188 gladium
1093 3121 1403 3187 inllixisset,
1447 3125 1555 3178 ictu
1602 3126 1884 3179 delabenle
1930 3137 2157 3180 conatus
2191 3128 2374 3180 irritus

804 3215 921 3266 fuit.
957 3214 1156 3269 Bardas
1188 3232 1317 3269 vero
1350 3233 1479 3271 ense
1511 3220 1715 3288 galeam
1752 3219 1963 3287 Scythze
2003 3220 2069 3272 fet
2090 3221 2147 3271 iit
2179 3238 2189 3271 :
2223 3230 2277 3273 et
2305 3221 2373 3274 ob

803 3303 909 3357 vim
941 3320 1135 3359 manus
1162 3321 1225 3360 ac
1248 3307 1373 3359 ferri
1393 3318 1735 3375 praestantem
1769 3310 2054 3363 tiucturam
2079 3310 2203 3363 ictui
2229 3320 2371 3364 tanta

802 3393 901 3445 fuit
931 3394 1219 3448 eﬂicaeitas
1250 3408 1308 3448 ut
1336 3396 1571 3449 medium
1609 3396 1861 3464 Scytham
1896 3396 2232 3452 dissecueiit.
2268 3399 2371 3452 Sed

798 3493 853 3536 et
879 3483 1263 3539 Constantinus
1289 3486 1571 3554 patricius,
1603 3486 1788 3539 Bardre
1830 3486 2015 3551 frater,
2055 3488 2217 3540 alium
2250 3486 2374 3557 Scy-

800 3574 969 3635 tham,
998 3575 1089 3639 qui
1122 3590 1225 3627 una
1255 3591 1378 3628 cum
1412 3575 1590 3643 priore
1620 3577 1904 3644 ingruebat
1942 3591 2004 3629 ac
2049 3591 2107 3628 se
2137 3576 2372 3631 ferocius

802 3664 1040 3732 gerebat,
1100 3674 1159 3717 ut
1204 3664 1352 3718 fratri
1397 3665 1775 3731 apitularetur,
1819 3676 1982 3733 caput
2029 3666 2189 3720 ferire
2242 3668 2369 3721 dmn

803 3755 939 3817 \ult,
973 3756 1281 3809 declinante
1319 3756 1428 3809 ictu
1462 3756 1710 3820 barbaro,
1754 3758 1914 3824 hujus
1951 3758 2069 3825 equi
2106 3761 2369 3812 cervicem

799 3847 976 3915 gladio
1010 3848 1179 3916 tangit
1208 3858 1474 3917 caputque
1502 3860 1775 3918 amputat;
1808 3852 2208 3919 collapsumque
2240 3856 2371 3923 Scy-

800 3938 969 4000 thatn,
990 3938 1155 4008 388
1187 3939 1255 3993 ab
1284 3955 1425 4008 equo
1454 3940 1809 4006 descendens,
1850 3958 2010 3994 manu
2048 3954 2229 3997 mento
2255 3946 2370 4011 ejus

799 4031 1406 4100 arrepto,jugulat.Hoc
1439 4032 1646 4086 facinus
1676 4032 1934 4087 Romanis
1964 4034 2172 4087 animos
2198 4035 2367 4097 auxit,

801 4121 1029 4188 Scythas
1074 4130 1255 4175 autem
1307 4133 1454 4177 metu
1508 4124 1789 4192 implevit;
1834 4126 2014 4195 itaque
2049 4126 2198 4179 obliti
2246 4141 2367 4179 mox

800 4210 1014 4263 virtutis
1078 4220 1223 4278 terga
1282 4212 1565 4276 dederunt,
1624 4223 1943 4281 turpemque.
1984 4216 2132 4267 nullo
2176 4217 2367 4269 ordine

802 4304 980 4369 fugam
1038 4302 1102 4355 fec
1123 4314 1305 4364 erunt,
1356 4320 1491 4372 quos
1554 4306 1781 4358 insecuti
1839 4308 2062 4359 Romani
2117 4322 2363 4375 eatnpmn

799 4391 1151 4444 cadaveribus
1204 4394 1579 4460 oppleverunt.
1625 4395 1812 4448 Plures
1863 4396 2162 4449 interfectis
2218 4396 2360 4463 eapti

2464 1950 2723 2019 τρέπεται
2778 1951 2880 2019 τὴν
2938 1951 3198 2021 ταχίστην
3264 1952 3401 2019 πρὸς
3454 1950 3725 2010 ἐκείνους.
3789 1950 3946 2016 Ἀρτι
3994 1948 4039 1999 δ’

2465 2042 2661 2093 ἐκεῖνοι
2717 2041 2776 2093 τὸ
2840 2041 2949 2092 τῶν
3004 2041 3361 2104 Πατζινακῶν
3420 2041 3717 2106 ἐγνωκότες
3775 2039 4031 2107 ἀτύχημα

2467 2129 2914 2197 κατεκλάσθησαν
2962 2129 3060 2192 τὰς
3114 2128 3292 2197 ψυχὰς
3326 2127 3402 2196 τῷ
3458 2128 3704 2195 ἀδοκήτῳ
3756 2127 3856 2193 τῆς
3895 2143 4030 2191 συμ-

2469 2223 2657 2292 φορᾶς.
2712 2222 2900 2289 Ὅμως
2952 2219 3428 2287 παρακαλέσαντες
3484 2218 3709 2278 ἑαυτοὺς
3753 2219 3846 2269 καὶ
3908 2218 4034 2278 τοὺς

2469 2315 2530 2364 ἐκ
2562 2312 2657 2381 τῆς
2692 2314 2866 2379 φυγῆς
2909 2311 3303 2373 σκεδασθέντας
3361 2308 3828 2377 ἀνακαλεσάμενοι
3864 2326 4032 2377 προσο

2470 2403 2720 2456 ϐάλλουσι
2768 2405 2879 2464 τοῖς
2939 2401 3250 2469 Ῥωμαίοις,
3305 2402 3354 2452 οἱ
3409 2402 3505 2467 μὲν
3548 2402 3730 2461 ἱππεῖς
3789 2399 4025 2469 προδρα-

2476 2493 2685 2563 μόντες,
2742 2495 2791 2545 οἱ
2833 2494 2888 2545 δέ
2922 2494 3076 2557 πεζοὶ
3126 2494 3355 2547 κατόπιν
3396 2493 3694 2561 ἐρχόμενοι.
3744 2493 3829 2553 Ὠς
3855 2492 3910 2544 δὲ
3948 2492 4039 2545 καὶ

2475 2582 2615 2636 κατά
2647 2584 2745 2651 τὴν
2782 2583 3005 2651 πρώτην
3041 2582 3349 2651 προσϐολὴν
3381 2584 3725 2649 ἀνεκόπησαν
3764 2586 3811 2634 οἱ
3858 2584 4037 2643 ίππεῖς

2476 2669 2571 2730 τὰς
2627 2669 2801 2738 ὁρμὰς
2849 2670 2952 2721 ὑπὸ
3008 2670 3294 2737 Ῥωμαίων
3324 2670 3711 2722 ἀνυποστάτων
3742 2672 4035 2737 φανέντων,

2473 2760 2817 2821 ἐκκλίναντες
2841 2762 2919 2822 είς
2954 2763 3079 2822 τοὺς
3109 2762 3306 2824 πεζοὺς
3356 2762 3752 2829 συνηλὰθησαν.
3828 2762 4035 2812 Ἐκείσε

2476 2851 2531 2901 δὲ
2568 2850 2727 2902 πάλιν
2758 2852 3040 2919 γενόμενοι
3092 2852 3459 2921 ἀνελάμϐανον
3491 2854 3733 2914 ἑαυτοὺς,
3769 2852 3864 2904 καὶ
3906 2854 4030 2911 τοὺς

2494 2942 2791 3009 Ῥωμαίους
2822 2942 3154 3010 προσέμενον
3204 2944 3623 3012 ἐπερχομένους.
3675 2944 3785 2995 Καὶ
3828 2942 3893 3009 ἦν
3942 2944 4037 3009 μὲν

2480 3032 2604 3100 ἄχρι
2634 3033 2773 3093 τινὸς
2806 3034 2838 3101 ἡ
2874 3032 3020 3100 μάχη
3048 3031 3391 3101 ἀγχώμαλος,
3446 3035 3547 3095 ἕως
3596 3028 3656 3087 οὗ
3701 3032 3909 3102 Σκύθης
3954 3050 4036 3095 τις

2486 3124 2702 3190 μεγέθει
2756 3124 3006 3191 σώματος
3042 3125 3133 3176 καὶ
3186 3124 3375 3193 ἀνδρία
3431 3126 3606 3191 ψυχῆς
3658 3125 4034 3193 ἐπαιρόμενος,

2477 3214 2584 3264 τῶν
2625 3214 2797 3266 ἄλλων
2844 3214 3256 3282 ὑπερπηδήσας,
3291 3214 3374 3264 ἐπ’
3402 3215 3561 3266 αὑτὸν
3603 3216 3692 3266 τὸν
3742 3213 4037 3282 μάγιστρον

2478 3304 2699 3370 φέρεται
2752 3299 3162 3369 παριππεύοντα
3190 3302 3283 3352 καὶ
3331 3302 3428 3362 τὰς
3477 3300 3653 3364 τάξεις
3687 3300 4036 3369 παραθαρρύ-

2477 3409 2653 3453 νοντα,
2698 3394 2791 3443 καὶ
2848 3390 2987 3456 ξίφει
3022 3390 3171 3442 παίει
3224 3390 3361 3442 κατά
3408 3389 3499 3441 τοῦ
3535 3391 3785 3460 κράνους.
3841 3390 3947 3442 Τοῦ
3983 3392 4035 3442 δὲ

2478 3482 2661 3549 ξίφους
2693 3481 3185 3551 παρολισθήσαντος
3225 3481 3503 3549 ἄπρακτος
3558 3480 3774 3547 ἐγένετο
3819 3482 3850 3546 ὴ
3886 3479 4031 3547 βολὴ.

2475 3572 2671 3623 Τοῦτον
2723 3571 2779 3623 δέ
2822 3575 2849 3624 6
2889 3572 3184 3640 μάγιστρος
3221 3570 3361 3638 ξίφει
3419 3571 3567 3622 παίει
3604 3571 3743 3622 κατά
3776 3569 3866 3622 τοῦ
3895 3572 4030 3639 κρά-

2474 3681 2591 3723 νους
2626 3678 2641 3693 ⁶
2680 3662 2835 3730 βάρει
2870 3662 2925 3714 δὲ
2975 3662 3070 3729 τῆς
3121 3663 3298 3730 χειρὸς
3352 3662 3445 3712 καὶ
3490 3660 3632 3729 βαφῇ
3684 3660 3775 3712 τοῦ
3815 3662 4031 3729 σιδήρου

2472 3756 2612 3806 οὕτω
2668 3755 2889 3822 γέγονεν
2938 3754 3157 3822 ἐνεργὸς
3203 3755 3235 3821 ἡ
3274 3753 3467 3818 πλῆξις
3502 3754 3575 3813 ὡς
3610 3752 3733 3820 δίχα
3774 3752 3893 3804 ὅλον
3923 3752 4034 3803 δια-

2470 3846 2742 3914 τμηθῆναι
2780 3844 2869 3896 τὸν
2898 3843 3130 3910 Σκύθην.
3185 3842 3296 3895 Καὶ
3326 3843 3729 3902 Κωνσταντίνος
3757 3839 3813 3893 δὲ
3840 3840 4024 3910 πατρί-

2472 3956 2585 3999 κιος
2638 3940 2665 3990 6
2698 3937 2789 3989 τοῦ
2830 3937 3129 4005 μαγίστρου
3159 3937 3407 4003 ἀδελφὸς,
3440 3936 3516 4003 τῷ
3552 3935 3764 4003 ἀδελφῷ
3800 3934 4028 4004 βοηθῶν,

2470 4032 2649 4099 ἕτερον
2678 4028 2890 4097 Σκύθην
2921 4028 3306 4092 συναιρόμενον
3340 4027 3416 4096 τῷ
3444 4026 3658 4095 ῥηθέντι
3703 4028 3794 4079 καὶ
3824 4028 4027 4095 ίταμιςλ-

2470 4139 2625 4190 τερον
2676 4120 2970 4189 φερόμενον
3028 4120 3216 4171 παῖσαι
3259 4119 3396 4171 κατὰ
3426 4118 3799 4187 τῆςκεςςαλῆς
3832 4120 4029 4170 ἐσπού-

2468 4215 2667 4265 δασεν·
2721 4212 2928 4264 ἐκείνου
2978 4210 3023 4261 δ’
3080 4212 3174 4263 ἐπὶ
3231 4210 3431 4280 θάτερα
3485 4210 3759 4274 κλίναντος
3816 4213 4025 4272 ἐαυτὸν,

2467 4302 2841 4369 διαμαρτήσας
2870 4303 2898 4353 6
2925 4303 3327 4363 Κωνσταντίνος
3355 4302 3653 4371 καταφέρει
3684 4306 3742 4354 τὸ
3772 4302 3921 4371 ξίφος
3952 4306 4029 4363 εἰς

2468 4392 2555 4441 τὸν
2606 4390 2803 4458 αὐχένα
2853 4390 2944 4442 τοῦ
2985 4392 3148 4442 ἵππου
3182 4391 3272 4441 καὶ
3304 4392 3597 4459 ἀποτέμνει
3637 4392 3727 4443 τοῦ
3761 4394 4026 4461 τραχήλου

801 4492 947 4542 sunt,
981 4492 1034 4534 et
1068 4485 1403 4550 superstites,
1433 4487 1615 4553 paucis
1643 4488 1895 4554 demptis,
1929 4504 2115 4540 omnes
2147 4489 2366 4539 fuerunt
2396 4508 2442 4563 υ
2470 4486 2542 4548 τὴ

2282 4497 2366 4539 ηιι
2396 4508 2442 4563 υ
2470 4486 2565 4548 την
2600 4481 2858 4549 κεφαλήν.
2918 4481 3177 4542 Ιίεσὸντος
3212 4481 3266 4531 δέ
3315 4482 3407 4533 τοῦ
3459 4482 3663 4533 Σκύθου
3694 4484 3900 4544 ἀποϐὰς
3930 4483 4023 4535 τού

800 4573 991 4625 saucii.
1042 4572 1301 4636 Quodnisi
1352 4593 1454 4630 nos
1502 4578 1756 4647 ingruens
1801 4577 2071 4630 Romanos
2106 4594 2133 4629 a
2175 4593 2358 4644 perse-

796 4662 1013 4727 quendo
1046 4663 1199 4717 hoste
1236 4676 1563 4729 revocasset,
1611 4682 1769 4720 nemo
1812 4682 1940 4719 sane
1974 4667 2250 4721 evasisset.
2284 4667 2357 4717 De

799 4762 877 4802 tot
909 4751 1144 4806 millibus
1179 4754 1527 4808 barbarorum
1562 4756 1814 4824 perpauci
1845 4754 2261 4823 superfuerunt:
2296 4756 2361 4808 de

801 4843 1058 4896 Romanis
1090 4845 1139 4897 in
1176 4846 1289 4900 acie
1324 4847 1637 4901 ceciderunt
1678 4847 1775 4900 viri
1812 4848 1903 4909 9.5,
1935 4848 2196 4899 vulnerati
2229 4856 2360 4899 sunt

799 4938 1055 4990 universi.

2472 4574 2633 4623 ἵππου
2672 4576 2758 4623 καὶ
2804 4576 2867 4641 τῇ
2905 4571 3043 4641 χειρὶ
3083 4572 3180 4639 τῆς
3216 4572 3483 4637 γενειάδος
3510 4573 3837 4640 δραξάμενος
3885 4576 4021 4625 ἀπο-

2469 4664 2689 4729 σφάττει
2738 4663 2945 4714 τοῦτον.
3013 4662 3181 4715 Τοῦτο
3225 4664 3283 4715 τὸ
3343 4664 3501 4734 ἔργον
3573 4646 3875 4733 Ῥωμαίους
3926 4666 4021 4731 μὲν

2468 4756 2747 4824 ἐπέρρωσε
2792 4757 2885 4807 καὶ
2920 4754 3397 4824 θαρραλεωτέρους
3430 4755 3673 4825 ἐποίησε,
3722 4756 3921 4817 δειλίας
3967 4756 4022 4807 δὲ

2472 4848 2564 4898 καὶ
2609 4846 2770 4911 φόϐου
2816 4848 2939 4906 τοὺς
2986 4845 3196 4907 Σκύθας
3227 4847 3486 4914 ἐνέπλησε
3510 4866 3523 4878 ·
3560 4851 3651 4900 καὶ
3674 4850 3811 4917 ταχὺ
3842 4849 4019 4900 ἐπιλε-

2469 4938 2723 5005 λησμένοι
2755 4937 2924 5004 ἀλκῆς
2952 4939 3017 4987 τὰ
3047 4937 3190 4988 νῶτα
3215 4937 3497 5002 δεδώκασι,
3532 4940 3621 4989 καὶ
3653 4939 3899 5006 ἀσὲμνως
3931 4942 4021 4991 καὶ

798 5032 934 5097 μετὰ
988 5032 1182 5101 πολλῆς
1238 5034 1467 5103 ἔφευγον
1516 5037 1806 5105 ἀκοσμίας.
1860 5037 2089 5088 Εἴποντο
2166 5038 2222 5088 δὲ
2261 5035 2541 5105 Ῥωμαῖοι,
2600 5034 2695 5084 καὶ
2743 5033 2888 5084 ἆπαν
2944 5033 3003 5083 τὸ
3066 5034 3244 5085 πεδίον
3308 5037 3510 5101 νεκρῶν
3584 5037 4016 5104 ἐμπεπλήκασιν.

800 5121 1050 5175 Ἠλωσαν
1107 5124 1164 5177 δὲ
1214 5125 1309 5178 καὶ
1393 5124 1623 5195 ζωγρίαι
1669 5127 1775 5178 τῶν
1825 5127 2095 5179 πεσόντων
2152 5126 2388 5188 πλείους.
2483 5126 2758 5190 Ἐγένοντο
2801 5124 2855 5174 δὲ
2913 5126 3004 5175 καὶ
3060 5123 3198 5193 πλὴν
3251 5124 3443 5191 ὀλίγων
3500 5129 3693 5187 πάντες
3750 5130 3797 5178 οί
3866 5145 4019 5195 περι-

796 5217 1097 5281 λειφθέντες
1150 5220 1505 5289 τραυματίαι.
1560 5220 1669 5272 Καὶ
1714 5220 1886 5282 οὐδεὶς
1936 5221 1999 5272 ἂν
2042 5221 2223 5291 διέδρα
2263 5221 2354 5272 τὸν
2392 5221 2655 5282 κίνδυνον,
2709 5218 2791 5291 [Ρ.
2823 5217 2945 5289 (569]
2991 5222 3037 5269 εἰ
3085 5219 3159 5288 μὴ
3211 5218 3309 5281 νύξ
3395 5221 3749 5287 ἐπιγενομένη
3822 5223 4017 5288 ἐπέσχε

791 5311 891 5379 τῆς
918 5311 1147 5375 διώξεως
1184 5315 1305 5375 τοὺς
1348 5315 1668 5384 Ῥωμαίους.
1716 5318 1825 5369 Καὶ
1854 5316 1961 5368 τῶν
1993 5316 2091 5385 μὲν
2139 5316 2428 5383 βαρϐάρων
2614 5316 2880 5366 τοσούτων
2914 5312 3209 5383 »μυριάδων
3276 5312 3441 5378 ὀλίγοι
3513 5314 3785 5375 παντελῶς
3849 5314 4015 5379 διε-τέ-

794 5422 964 5465 νοντο,
1029 5406 1281 5476 Ῥωμαῖοι
1318 5410 1373 5461 δὲ
1396 5410 1588 5463 ἔπεσον
1621 5414 1677 5463 ἐν
1701 5415 1763 5479 τῇ
1797 5412 1944 5483 μάχῃ
1968 5418 2065 5477 κε’,
2100 5416 2430 5479 τραυματίαι
2455 5414 2497 5462 δ’
2530 5412 2775 5477 ἐγένοντο
2801 5410 2933 5477 ὁμοῦ
2960 5428 3008 5460 τι
3038 5410 3367 5487 σύμπαντες.

864 5496 1111 5548 Nondum
1162 5497 1407 5553 confecto
1459 5502 1709 5571 Scythico
1762 5502 1923 5563 bello,
1971 5518 2091 5553 cum
2139 5502 2351 5568 quidem

794 5586 1031 5638 nondum
1064 5603 1308 5641 cruorem
1338 5591 1491 5644 istius
1521 5591 1687 5660 prtulii
1730 5593 1946 5645 abluere
1989 5591 2247 5645 Romanis
2287 5593 2353 5643 lt-

795 5678 1014 5737 Cnisset,
1048 5680 1237 5732 litteris
1276 5682 1609 5749 imperatoris
1649 5683 1844 5736 [indas
1878 5685 2050 5735 llurns
2091 5685 2153 5736 ad
2188 5685 2354 5752 impe-
2454 5692 2549 5751 τῆς

797 5780 1034 5824 catonem
1062 5784 1335 5831 evocatur.
1382 5774 1483 5832 QUl
1530 5789 1581 5830 ut
1622 5790 1683 5830 eo
1734 5778 1896 5838 venit,
1928 5776 2105 5829 statim
2134 5777 2347 5845 jubelur

2530 5502 2690 5552 om.)
2744 5501 2894 5561 τέλος
2940 5496 3051 5567 εἶχε
3100 5499 3175 5565 τῷ
3234 5499 3460 5567 Σκληρῷ
3504 5502 3563 5549 τα
3611 5499 3701 5551 τοῦ
3753 5501 4013 5553 Σκυθικοὶ

2456 5596 2711 5662 πολέμου,
2748 5593 2867 5645 ούδέ
2922 5591 3278 5660 προσεγέκετο
3333 5594 3441 5651 τοῖς
3498 5592 3788 5659 Ἰνοεμαὲπμς
3834 5596 4011 5645 τοιικ

2609 5688 2783 5753 μάχης,
2840 5682 3254 5736 ἀπι.ιπ>.ύνασθαι
3300 5683 3510 5750 ὶύθρεν,
3572 5685 3659 5735 καὶ
3715 5687 4011 5752 γράμματα

2455 5778 2635 5844 ἐφοίτα
2692 5776 2935 5843 βασιλικὰ
2988 5772 3320 5843 μιιὰκλητον
3376 5770 3620 5823 ποιοῦ-ηε
3664 5774 3739 5835 είς
3788 5773 4008 5841 factis:
