4410 6452
375 377 475 442 ιρι

1432 390 1963 484 IIISTORIARUM
2002 393 2521 459 (IOMPENDIUM.

3505 409 3603 474 122

370 501 464 548 τὸν
501 499 835 567 μάγιστρονο
887 500 944 552 ὃν
978 501 1308 571 ἀφικόμενον
1357 505 1414 564 ὲς
1472 505 1569 574 τήν
1618 505 1798 558 Ἀπίαν
1845 523 1934 557 κε·
1969 510 2012 563 Α
2042 524 2104 560 cu

1862 523 1934 557 ιε-
1969 510 2012 563 Α
2042 523 2162 560 cum
2188 511 2451 573 exercitu,
2473 521 2709 581 quantus
2730 513 3004 582 proposito
3030 516 3310 572 certamini
3333 519 3603 576 videretur

372 589 516 640 λεύει
580 591 996 661 περαιωθῆναι,
1083 594 1150 644 τὰ
1230 596 1366 663 πρὸς
1419 595 1509 648 τὸν
1580 598 1936 665 προκείμενον

371 680 646 750 ἀρκοῦντα
703 682 891 750 ἀγῶνα
947 685 1208 755 εἰληφότα
1258 688 1663 758 στρατεύματα.
1740 690 1936 757 Ἔτυχε

373 773 481 842 γάρ
510 772 719 843 Βάρδας
771 776 798 827 ὁ
849 777 1042 836 Φωκᾶς
1095 778 1336 849 ἀποδράς
1385 779 1445 844 ἐξ
1504 779 1821 848 Ἀμασείας,
1871 779 1937 849 ἢν

371 868 543 919 οἰκεῖν
573 869 952 936 κατεκέκριτο,
1011 871 1150 940 μετὰ
1197 871 1473 939 συγγενῶν
1512 871 1604 923 καὶ
1639 872 1806 938 φίλων
1845 872 1936 924 καὶ

372 959 657 1028 συνήθων,
728 960 848 1029 μεθ’
907 955 987 1014 ῶν
1047 962 1268 1031 ἀφανῶς
1334 963 1685 1033 συνωμόσατο
1732 964 1827 1033 τήν
1879 964 1934 1015 ὲν

374 1050 739 1120 Καππαδοκίᾳ
768 1053 1099 1107 καταλαϐεῖν
1131 1053 1489 1124 Καισάρειαν,
1520 1055 1740 1107 κάκεῖσε
1784 1056 1932 1108 έταιυ

357 1138 525 1205 γιικδν
569 1141 667 1192 οὐκ
719 1141 898 1210 ὀλίγον
926 1143 1207 1214 ἀθροίσας,
1233 1135 1308 1196 ῶν
1337 1139 1478 1214 ἦσαν
1507 1142 1722 1214 έξαρχοι
1760 1147 1806 1198 oi
1837 1144 1931 1197 τοῦ

370 1231 660 1298 πατρικίου
715 1231 1007 1285 Θεοδούλου
1069 1233 1256 1298 παῖδες
1324 1234 1421 1287 τοῦ
1477 1235 1932 1306 Παρσακουτηνοῦ

367 1321 646 1391 Θεόδωρος
681 1324 773 1376 καὶ
812 1324 1128 1394 Νικηφόρος
1165 1325 1265 1377 καί
1301 1342 1386 1388 τις
1443 1327 1732 1395 πατρίκιος
1775 1326 1933 1388 ἀλλος

369 1412 595 1482 Συμεὼν
637 1414 664 1466 δ
712 1415 1009 1484 Ἀμπελᾶς,
1040 1416 1277 1485 διάδημα
1329 1416 1574 1486 περιθεὶς
1620 1419 1794 1488 ἑαυτῷ
1840 1417 1934 1470 καὶ

365 1507 439 1558 τά
490 1507 653 1561 λοιπά
706 1509 807 1578 τῆς
874 1508 1152 1578 βασιλείας
1213 1510 1518 1580 ἀνειληφὼς
1577 1513 1931 1581 γνωρίσματα

366 1599 706 1651 ἀποστασίαν
735 1599 878 1651 κατὰ
912 1598 1007 1651 τοῦ
1048 1599 1309 1666 βασιλέως
1342 1603 1578 1671 κινῆσαι,
1611 1602 1703 1654 τοῦ
1729 1603 1932 1671 πατρὸς

365 1687 534 1739 αὐτοῦ
563 1689 790 1749 Λέοντος
823 1687 913 1741 τοῦ
954 1688 1368 1757 κουροπαλάτου
1417 1691 1542 1752 τοὺς
1577 1689 1675 1758 μὲν
1705 1691 1932 1742 ἀναπεί-

366 1796 559 1841 σαντος
587 1778 779 1848 δώροις
802 1781 882 1844 είς
913 1781 1092 1844 τοῦτο,
1130 1782 1257 1845 τοὺς
1286 1782 1343 1835 δὲ
1373 1783 1728 1851 ὑποσχέσεσιν
1761 1783 1926 1846 ἀξιω-

367 1871 556 1938 μάτων
590 1870 683 1923 καὶ
717 1873 984 1941 κτήσεων,
1041 1872 1287 1942 ὑπηρέτῃ
1329 1873 1466 1942 πρὸς
1519 1873 1675 1928 τοῦτο
1715 1891 1925 1943 χρησα-

367 1962 533 2028 μένου
564 1963 640 2032 τῷ
676 1962 774 2030 τῆς
825 1961 1048 2015 Ἀϐύδου
1084 1964 1388 2033 ἐπισκόπῳ.
1425 1963 1710 2017 Ἐϐούλετο
1745 1965 1800 2019 δὲ
1833 1967 1928 2019 καὶ

363 2057 528 2118 αὐτὸς
575 2057 638 2108 ἐκ
675 2059 772 2126 τῆς
810 2056 1018 2110 Λέσϐου
1055 2057 1318 2128 διαπερᾷν
1367 2057 1540 2129 λάθρα
1575 2060 1670 2111 σὺν
1707 2059 1784 2129 τῷ
1830 2061 1928 2130 υίῷ

365 2149 668 2219 Νικηφόρῳ
693 2151 772 2210 εἰς
799 2149 866 2201 τὰ
892 2150 983 2200 ἐπὶ
1013 2150 1234 2220 Θρᾴκην
1271 2150 1464 2220 χωρία.
1499 2151 1836 2214 Γνωσθέντος
1873 2152 1927 2205 δὲ

362 2239 558 2289 τούτου
588 2239 664 2306 τῷ
704 2237 935 2306 βασιλεῖ,
966 2240 1087 2291 ἐπεὶ
1118 2241 1210 2292 καὶ
1236 2243 1264 2291 ὁ
1297 2240 1596 2304 ἐπίσκοπος
1636 2243 1927 2310 συνειλημ-

363 2330 527 2397 μένος
544 2329 637 2381 καὶ
657 2330 779 2392 τοὺς
803 2331 1051 2399 ἐλέγχους
1067 2332 1164 2400 οὐχ
1186 2327 1294 2393 οἷὸς
1326 2350 1383 2384 τε
1415 2331 1492 2385 ὢν
1529 2333 1924 2404 διαδιδράσκειν

365 2423 540 2472 πάντα
571 2420 772 2484 ὲξοῖσεν
797 2423 875 2483 είς
893 2422 1217 2491 τούμφανὲς,
1239 2439 1312 2474 πα
1322 2423 1507 2492 ρεδόθη
1525 2426 1633 2486 τοῖς
1649 2425 1926 2488 δικασταῖς

358 2516 386 2561 δ
411 2511 842 2580 κουροπαλάτης,
867 2515 955 2564 καὶ
987 2513 1091 2565 ὑπὸ
1131 2515 1347 2567 πάντων
1386 2515 1587 2568 τούτων
1630 2519 1924 2586 προστιμᾶν

357 2617 452 2653 ται
483 2600 734 2652 τεθνάναι
775 2601 871 2653 σὺν
903 2601 981 2670 τῷ
1019 2601 1117 2669 υἱῷ
1149 2616 1162 2628 ·
1203 2604 1604 2673 ἐπιεικέστερον
1633 2605 1688 2658 δὲ
1725 2623 1928 2674 χρησα-

364 2691 530 2757 μένου
577 2691 671 2742 τοῦ
731 2690 1013 2760 βασιλέως,
1073 2694 1337 2761 ἀειφυγίᾳ
1390 2695 1482 2747 καὶ
1520 2696 1628 2748 τῶν
1666 2697 1928 2765 ὀμμάτων

361 2780 611 2850 πηρώσει
642 2782 734 2833 καὶ
764 2783 930 2851 ἄμφω
959 2785 1440 2848 καταδικάζονται,
1488 2786 1812 2855 λεληθότως,
1854 2789 1929 2851 ὡς

358 2876 602 2940 λέγεται,
635 2873 730 2927 τοῦ
767 2874 1032 2943 βασιλέως
1079 2877 1547 2945 παραγγείλαντος
1582 2881 1691 2941 τοῖς
1716 2880 1927 2949 δημίοις

362 2964 630 3033 μηδαμῶς
700 2964 798 3026 τὰς
855 2963 1006 3032 ὄψεις
1061 2965 1266 3018 τούτων
1331 2967 1678 3036 λωϐήσασθαι
1711 3011 1724 3035 ,
1792 2972 1927 3025 ἀλλὰ

357 3056 582 3123 δόκησιν
659 3056 759 3123 μὲν
823 3059 1124 3124 παρασχεῖν
1199 3057 1630 3124 ὲκτυςρλώσεως,
1688 3060 1830 3130 ἔργῳ
1883 3063 1927 3114 δ’

1954 1827 2002 1888 Β

2040 599 2450 665 sullerturus,in
2475 604 2653 658 Asiam
2679 605 2947 674 trajicere.
2984 607 3194 664 Etenim
3233 610 3434 667 Bardas
3465 611 3604 669 Plio-

2038 704 2128 742 cas
2163 705 2224 742 ex
2271 691 2486 745 Amasia
2517 693 2796 765 profugus,
2830 695 2884 749 in
2911 712 3072 766 quam
3115 700 3379 770 relegatus
3403 703 3599 766 fuerat,

2038 777 2176 832 facta
2203 780 2412 834 occulte
2443 783 2844 851 conspiratione
2873 801 2994 840 cum
3027 789 3294 857 cognatis,
3321 792 3507 846 amicis
3546 803 3602 846 et

2038 869 2391 928 familiaribus
2405 873 3204 945 suis,oecupaveratCtesaream
3222 880 3596 952 Cappadoeizr.

2037 961 2218 1030 ibique
2238 963 2412 1019 socios
2434 965 2574 1018 haud
2593 980 2792 1034 paucos
2815 968 3123 1039 collegerat,
3138 985 3370 1040 quorum
3397 973 3600 1042 princi-

2036 1064 2295 1122 ptserant
2309 1056 2399 1111 filii
2419 1055 2625 1126 patricii
2643 1057 2898 1112 'l‘beoduli
2921 1058 3269 1116 Parsacuteni
3289 1061 3602 1120 Theodorus

2036 1147 2459 1216 etNicephorus,
2488 1164 2549 1202 ae
2570 1147 2788 1218 quidam
2810 1150 3072 1218 patricius
3093 1152 3312 1207 Simeon
3326 1153 3598 1223 Ampclas.

2037 1235 2134 1290 His
2177 1234 2348 1291 fretus
2370 1236 2535 1306 389
2564 1237 2763 1292 Bardas
2793 1237 3002 1293 l’liocas
3025 1240 3218 1308 Opibus
3237 1280 3252 1303 ,
3284 1242 3590 1298 diademate

2034 1323 2362 1392 reliquisque
2419 1322 2625 1391 imperii
2668 1325 2971 1394 insignibus
2999 1328 3309 1395 assumptis,
3341 1328 3601 1384 adversus

2035 1413 2418 1484 imperatorem
2442 1414 2762 1468 seditionem
2795 1425 3057 1471 moverat.
3091 1417 3170 1470 Ad
3191 1432 3307 1471 eam
3340 1418 3600 1472 defectio-

2034 1521 2157 1560 nem
2190 1513 2344 1575 pater
2374 1506 2494 1574 ejus
2543 1505 2652 1560 Leo
2698 1508 3037 1576 europalates
3073 1509 3206 1562 alios
3255 1511 3596 1575 muneribus,

2033 1599 2167 1652 alios
2201 1596 2521 1666 dignitatum
2562 1605 2618 1651 et
2654 1611 2817 1665 opum
2868 1599 3348 1667 pollicitationibus
3379 1617 3599 1670 permo-

2032 1697 2208 1752 verat,
2257 1702 2388 1741 usus
2419 1688 2485 1742 ad
2519 1688 2621 1742 hoc
2669 1688 2972 1743 ministerio
3024 1691 3263 1759 episcopi
3314 1691 3596 1762 Abydeni;

2032 1787 2192 1846 atque
2227 1779 2341 1848 ipse
2381 1787 2643 1834 statuerat
2671 1781 2975 1835 clanculum
3015 1796 3080 1836 ex
3128 1781 3300 1837 Lesbo
3335 1783 3388 1836 in
3425 1783 3599 1837 'Ilira-

2030 1869 2168 1924 ciam
2209 1885 2315 1924 uua
2351 1885 2474 1924 cum
2520 1870 2628 1925 filio
2677 1887 2776 1925 suo
2829 1872 3132 1941 Nicephoro
3171 1875 3442 1943 trajicere.
3502 1873 3599 1930 llic

2032 1963 2374 2032 europalates
2422 1977 2480 2016 re
2523 1963 2832 2032 imperatori
2889 1964 3097 2018 detecta
3149 1965 3597 2034 (comprehensus

2031 2054 2174 2108 enim
2216 2053 2504 2122 episcopus
2544 2054 2836 2124 Abydenus
2887 2065 2941 2108 et
2969 2056 3250 2111 convictus
3286 2073 3398 2111 rem
3432 2066 3595 2112 totam

2030 2141 2380 2215 patefecerat)
2411 2146 2685 2215 judicibus
2709 2147 2957 2214 traditus,
2993 2148 3062 2202 ab
3097 2149 3270 2218 iisque
3302 2160 3475 2205 morte
3514 2161 3599 2204 est

2030 2253 2152 2292 cum
2186 2238 2294 2291 lilio
2333 2238 2640 2292 damnatus.
2692 2238 2797 2292 Sed
2827 2239 3123 2309 imperator
3154 2243 3226 2294 ita
3270 2243 3594 2296 sententiam

2031 2328 2298 2398 mitigavit
2355 2337 2415 2382 ut
2467 2336 2696 2398 uterque
2755 2329 2926 2384 oculis
2988 2330 3211 2387 orbatus
3272 2342 3595 2401 perpetuum

2030 2419 2321 2473 exsularet.
2379 2419 2684 2490 Ferturque
2721 2419 2858 2473 clam
2913 2421 3261 2476 carnificibus
3310 2422 3596 2477 mandasse

2031 2526 2100 2563 ne
2144 2511 2315 2564 oeulis
2365 2526 2459 2565 eos
2494 2512 2791 2581 privarent,
2829 2513 2924 2566 sed
2975 2513 3226 2569 simulato
3248 2529 3342 2570 eos
3379 2530 3436 2570 se
3461 2515 3594 2570 effo-

2030 2601 2174 2654 disse
2214 2601 2392 2656 visum
2445 2603 2774 2657 incolumem
2812 2603 2940 2672 ipsis
2987 2604 3372 2674 relinquerent,
3417 2621 3593 2675 neque

2031 2694 2287 2746 mandato
2315 2694 2367 2747 id
2402 2708 2461 2748 se
2488 2693 2855 2763 imperatoris,
2901 2694 2993 2749 sed
3043 2697 3380 2752 humanitate
3418 2709 3592 2754 motos

2032 2783 2225 2838 fecisse
2261 2800 2367 2852 pra:
2402 2799 2461 2839 se
2507 2784 2731 2840 ferrent.
2786 2787 2836 2841 Is
2880 2796 2988 2841 tum
3042 2787 3140 2842 fuit
3191 2790 3369 2842 exitus
3410 2803 3589 2842 rerum

2031 2876 2374 2944 europalatm.
2415 2876 2691 2931 Czeterum
2722 2877 2902 2933 Durus
2947 2889 3004 2934 ut
3031 2879 3084 2932 in
3116 2881 3294 2934 Asiam
3325 2879 3388 2934 ad
3423 2881 3590 2950 Dory-

2031 2968 2185 3021 laenm
2214 2968 2482 3036 pervenit,
2517 2969 2696 3038 primo
2723 2969 2956 3024 Pliocam
2991 2979 3044 3024 ct
3086 2970 3203 3039 ejus
3233 2971 3588 3040 conspiratio-

2029 3059 2114 3111 nis
2138 3059 2421 3126 populares
2448 3061 2896 3128 promissionibus
2926 3061 3220 3130 splendidis
3251 3077 3280 3115 a
3313 3063 3590 3130 preposito

360 3149 518 3199 ἐᾶσαι
545 3146 764 3209 τούτους
813 3148 872 3199 τὸ
915 3149 1113 3199 οἰκεῖον
1169 3147 1539 3218 ἀποφέρεσθαι
1583 3151 1731 3218 φῶς,
1791 3153 1924 3204 ἀπο·
1958 3165 2002 3222 ο
2032 3149 2098 3201 de

1849 3169 1924 3204 :o-
1958 3165 2002 3222 ρ
2032 3149 2300 3203 deducere
2333 3152 2579 3204 tentavit.
2617 3151 2963 3206 Mandaverat
2987 3151 3132 3206 enim
3167 3153 3270 3221 ipsi
3299 3152 3590 3222 imperat-ir

360 3237 568 3304 κρύψαι
623 3237 680 3288 δὲ
716 3239 810 3290 καὶ
851 3237 939 3288 ὄτι
988 3238 1464 3307 προστεταγμένον
1495 3234 1562 3306 ἦν
1589 3238 1749 3293 τοῦτο
1777 3241 1926 3310 παρά

363 3326 459 3378 τοῦ
512 3327 798 3394 βασιλέως,
837 3328 1048 3388 ἑαυτοῖς
1095 3327 1150 3378 δὲ
1197 3329 1257 3379 τὸ
1302 3329 1462 3398 ἔργον
1511 3329 1806 3382 ἀναθέσθαι
1852 3330 1926 3392 ὡς

360 3424 500 3489 τάχα
546 3419 1184 3488 φιλανθρωπευσαμένοις
1256 3421 1349 3471 καὶ
1410 3421 1795 3489 χαρισαμένοις
1866 3421 1926 3473 τὸ

363 3512 582 3578 βλέπειν
621 3512 823 3571 αὐτοῖς.
882 3511 992 3562 Καὶ
1019 3509 1086 3560 τὰ
1126 3509 1225 3578 μὲν
1263 3510 1356 3562 τοῦ
1404 3511 1812 3578 κουροπαλάτου
1846 3514 1925 3574 εἰς

361 3601 521 3654 τοῦτο
576 3600 870 3653 ἐτελεύταο
939 3599 1131 3662 διαϐὰς
1184 3600 1238 3652 δὲ
1303 3603 1330 3652 ὁ
1397 3602 1640 3670 Σκληρὺς
1693 3604 1772 3664 εἰς
1825 3603 1925 3672 τὴν

371 3695 563 3745 Ἀσίαν
612 3695 716 3744 κάν
761 3692 838 3760 τῷ
893 3692 1168 3761 Δορυλαίῳ
1211 3692 1498 3761 γενόμενο;
1553 3693 1768 3759 πρῶτον
1828 3695 1926 3762 μὲν

365 3785 702 3852 ἀπεπειρᾶτο
728 3783 821 3835 τοῦ
847 3784 1010 3835 Φωκᾶ
1049 3783 1140 3834 καὶ
1166 3783 1273 3834 τῶν
1306 3783 1480 3851 τούτῳ
1505 3787 1923 3852 συναιρομένων,

361 3880 414 3928 εί
461 3893 576 3937 πως
608 3874 861 3944 δυνηθείη
910 3873 1070 3934 αὐτὸς
1125 3873 1342 3940 ἀγαθῶν
1401 3875 1752 3943 ὑποσχέσεσιν
1793 3877 1922 3928 ἀπο-

365 3967 559 4035 στῆναι
610 3968 793 4018 πεῖσαι
831 3965 940 4017 τῶν
971 3964 1408 4034 βεϐουλευμένων
1447 3967 1562 4036 (καὶ
1594 3968 1701 4035 γὰρ
1730 3968 1792 4034 δή
1833 3970 1924 4019 καὶ

362 4057 742 4128 παραγγελίαν
775 4053 919 4126 εἶχεν
952 4058 1014 4109 ἐκ
1049 4057 1310 4125 βασιλέως
1348 4057 1422 4116 ὡς
1452 4059 1679 4110 ἁνυστὸν
1722 4059 1921 4125 ἀγωνί-

364 4149 567 4202 σασθαι
630 4148 898 4218 ἐμφυλίου
974 4148 1206 4215 αἵματος
1277 4149 1519 4217 καθαρὰς
1599 4150 1922 4218 διατηρῆσαι

359 4243 461 4300 τὰς
514 4239 766 4308 χεῖρα;)·
821 4237 896 4300 ὡς
961 4239 1007 4290 δ’
1078 4240 1360 4305 ἀνηνύτοις
1424 4242 1561 4306 ἔγνω
1634 4242 1924 4311 ἐπιχειρῶν

359 4330 744 4400 (ἐθρασύνοντο
789 4329 896 4398 γὰρ
938 4330 1135 4397 μᾶλλον
1186 4331 1217 4397 ῆ
1262 4331 1582 4398 ἐχαυνοῦντο
1624 4337 1744 4393 ταῖς
1790 4351 1919 4399 πρε-

360 4426 576 4486 σϐείαις
607 4425 654 4475 οί
687 4422 1034 4490 ἀποστάται),
1071 4423 1232 4492 ἔργου
1263 4425 1358 4492 igitr.
1407 4425 1670 4476 3::23012
1719 4429 1920 4495 ἐκρινῇ

359 4519 450 4585 ΙΡ.
492 4514 618 4584 670]
644 4513 740 4566 καὶ
777 4517 869 4566 τὸν
901 4514 1132 4583 στρατὸν
1173 4515 1395 4583 ἀγείρας
1448 4516 1607 4582 antu
1660 4517 1790 4584 πρὸς
1828 4518 1924 4587 τὴν

359 4609 726 4674 Καισάρειαν.
774 4606 953 4674 Ὅπερ
1009 4606 1059 4656 οί
1129 4605 1228 4658 σὺν
1275 4605 1351 4674 τῷ
1407 4608 1564 4675 Φωκᾷ
1604 4608 1921 4672 ἐγνωκότες,

355 4700 458 4751 καὶ
497 4698 556 4748 τὸ
595 4696 682 4748 ἐπ’
719 4695 938 4765 ἀδήλοις
994 4695 1202 4747 ἐλπίσιν
1243 4697 1482 4764 ὀχεῖσθαι
1524 4699 1777 4760 ἐάσαντες
1833 4704 1923 4752 καὶ

351 4790 428 4848 τὴ
480 4790 539 4839 ἐν
586 4787 740 4855 χερσὶ
783 4786 1240 4854 προτιμήσαντες,
1289 4787 1385 4849 τὰς
1433 4789 1494 4837 ἐκ
1535 4789 1622 4839 του
1661 4790 1920 4855 βασιλέως

348 4879 643 4948 διδομένας
681 4877 859 4938 αὐτοῖς
897 4877 1103 4946 δωρεὰς
1141 4878 1422 4945 δεξάμενοι
1455 4882 1641 4941 νυκτὸς
1676 4883 1916 4948 ἑπιγενο·

353 4973 532 5040 μένης
576 4967 928 5038 αὐτομολοῦσι
968 4969 1102 5037 πρὸς
1146 4969 1236 5020 τὸν
1274 4970 1529 5038 Σκληρὸν,
1574 4973 1785 5037 πρῶτος
1823 4975 1920 5041 μὲν

345 5069 377 5116 ὁ
415 5061 674 5129 Διογένης
719 5059 1094 5129 Ἀδράὶεστος,
1147 5057 1260 5112 εἶτα
1301 5062 1393 5113 καὶ
1442 5063 1468 5113 ὁ
1512 5063 1787 5132 Ἀμππελᾶς
1829 5067 1919 5118 καὶ

346 5154 406 5206 οἱ
445 5151 540 5203 τοῦ
569 5149 860 5203 Θεοδούλου
890 5153 1098 5212 παῖδες,
1139 5153 1186 5202 οἱ
1223 5152 1313 5202 καὶ
1335 5152 1393 5203 τὸ
1420 5154 1525 5203 πᾶν
1553 5156 1648 5222 τῆς
1681 5159 1919 5206 ἀποστα-

350 5248 484 5306 σίας
551 5242 1142 5312 προκαταρτὺσαντες,
1209 5246 1300 5295 καὶ
1366 5243 1562 5311 ἐφεξῆς
1622 5245 1683 5296 τὸ
1737 5245 1920 5296 λοιπὸν

344 5339 509 5391 ἁπαν
564 5333 788 5402 πλῆθος,
833 5334 907 5397 ὡς
957 5334 1114 5403 μόνον
1159 5335 1350 5403 ἀθρὸον
1406 5335 1542 5403 μετὰ
1581 5336 1686 5386 τῶν
1726 5336 1919 5388 ἑαυτοῦ

345 5425 710 5493 θεραπόντων
760 5423 1170 5494 περιλειφθῆναι
1224 5426 1312 5478 τὸν
1360 5427 1573 5477 Φωκᾶν.
1634 5427 1818 5495 Πάσης
1864 5427 1920 5478 δὲ

344 5515 615 5588 βοηθείας
671 5514 875 5583 ἕρημος
945 5508 1098 5578 οὗτος
1158 5515 1506 5581 ἀπολειφθεὶς
1539 5556 1552 5579 ,

342 5606 676 5679 βαπτισθεὶς
717 5605 812 5658 καὶ
846 5606 988 5677 λύπῃ
1041 5609 1179 5660 κατὰ
1240 5607 1344 5660 τῶν
1399 5610 1909 5678 παρακινησάντων,

1633 5518 1722 5568 καὶ
1795 5517 1918 5585 ἀνίᾳ

423 5793 435 5820 ³
474 5785 614 5843 Psal.
646 5804 830 5854 xxxiv,
860 5790 912 5843 ὅ.

2031 3247 2086 3290 ut
2137 3239 2310 3306 quoad
2365 3240 2485 3308 ejus
2518 3241 2743 3295 omnino
2791 3240 2904 3294 fieri
2949 3249 3152 3311 posset,
3192 3257 3383 3294 manus
3418 3240 3592 3294 civilis

2028 3329 2306 3398 sanguinis
2335 3345 2497 3396 puras
2526 3339 2788 3384 servaret.
2833 3330 3121 3400 Postquam
3158 3346 3285 3383 vero
3317 3331 3366 3384 id
3397 3333 3494 3384 abs
3533 3345 3590 3384 re

2028 3435 2084 3474 sc
2111 3420 2294 3474 conari
2324 3419 2485 3489 390
2517 3420 2653 3473 vidit
2678 3422 2898 3491 (quippe
2925 3421 3162 3476 seditiosi
3185 3421 3368 3490 legatis
3394 3421 3592 3475 auditis

2028 3513 2203 3581 potius
2241 3511 2611 3566 ell'erabantur
2648 3527 2808 3580 quam
2870 3521 2929 3565 ut
2980 3512 3271 3580 quidquam
3329 3511 3590 3565 concede-

2029 3603 2210 3672 rent),
2259 3618 2371 3656 rem
2411 3617 2597 3672 gerere
2654 3602 2908 3667 intendit,
2961 3601 3295 3670 collectoque
3348 3601 3588 3654 exercitu

2028 3694 2325 3748 Caesaream
2353 3694 2527 3763 petiit.
2591 3694 2661 3745 At
2695 3693 2828 3748 socii
2861 3693 3054 3747 Phocae
3081 3707 3146 3746 eo
3193 3693 3429 3761 cognito,
3467 3707 3592 3761 spes

2028 3787 2259 3839 incertas
2293 3786 2636 3853 repudiantes
2669 3783 2839 3853 iisque
2870 3783 2923 3836 in
2968 3793 3221 3852 promptu
3266 3785 3368 3838 sita
3398 3783 3590 3854 praefe-

2030 3886 2230 3938 rentes,
2281 3876 2519 3945 acceptis
2566 3890 2687 3944 qua:
2739 3875 2806 3928 ab
2853 3875 3180 3942 imperatore
3224 3874 3590 3930 offerebantur

2027 3967 2364 4028 muneribus,
2419 3975 2578 4019 nocte
2614 3965 2753 4018 facta
2803 3965 2867 4018 ad
2911 3964 3139 4019 Bardam
3167 3966 3589 4036 transfugerunt,

2027 4059 2233 4129 primus
2283 4058 2525 4111 onmium
2585 4058 2851 4127 Diogenes
2898 4058 3234 4120 Adralestus,
3286 4058 3484 4112 deinde
3537 4069 3593 4112 et

2027 4152 2276 4220 Ampelas
2332 4163 2387 4204 et
2445 4150 2707 4204 Thcoduli
2771 4150 2913 4215 ﬁlii,
2972 4151 3066 4218 qui
3122 4157 3371 4204 auctores
3425 4149 3592 4204 totius

2026 4243 2343 4298 defectionis
2383 4243 2634 4306 fuerant;
2679 4251 2792 4294 tum
2831 4241 3037 4308 reliqua
3075 4239 3252 4293 omnis
3279 4239 3588 4303 multitudo,

2028 4337 2098 4389 ita
2158 4346 2216 4389 ut
2268 4336 2416 4388 solus
2467 4349 2589 4387 cum
2643 4332 2755 4386 suis
2803 4331 3018 4385 famulis
3064 4329 3272 4384 l’lioeas
3312 4329 3587 4383 manserit.

2026 4427 2201 4494 Atque
2257 4425 2344 4478 liic
2426 4423 2569 4476 omni
2641 4422 2932 4475 destitutus
2989 4420 3228 4483 auxilio,
3288 4419 3590 4494 aegritudini

2027 4515 2190 4568 animi
2229 4524 2388 4582 atque
2440 4511 2795 4582 indignatitmi
2855 4511 3116 4564 adversus
3163 4524 3256 4563 eos
3314 4509 3404 4577 qui
3463 4525 3589 4564 cum

2027 4608 2177 4675 prius
2215 4607 2276 4658 avl
2315 4605 2661 4659 rebellionem
2702 4602 2990 4655 incitarant
3038 4609 3204 4668 atque
3248 4609 3359 4652 tum
3405 4600 3588 4668 prodi-

2026 4700 2215 4750 derant
2265 4695 2551 4748 immersus
2584 4735 2595 4748 .
2659 4704 2818 4744 nocte
2865 4693 2976 4760 jam
3039 4691 3322 4761 ingruente
3382 4691 3591 4760 sepitus

2025 4799 2126 4842 est.
2195 4786 2296 4840 Per
2335 4800 2587 4839 somnum
2631 4784 2953 4852 imaginatus
2990 4791 3072 4836 est
3100 4782 3346 4850 quiritari
3382 4796 3438 4836 se
3469 4784 3587 4835 ani—

2025 4894 2219 4946 moque
2246 4879 2388 4947 angi,
2421 4888 2474 4928 ct
2516 4877 2583 4929 de
2626 4877 2690 4928 iis
2716 4876 2803 4942 qui
2852 4873 3043 4941 injuria
3069 4873 3240 4942 ipsum
3271 4872 3586 4935 affecerant,

2027 4972 2101 5024 sic
2136 4971 2243 5024 Deo
2268 4969 2522 5035 conqueri
2552 4985 2564 5019 :
2596 4985 2612 5016 ι
2647 4965 2866 5018 Domine
2889 5004 2901 5027 ,
2947 4964 3206 5016 ulciscere
3233 4977 3346 5026 eos,
3387 4964 3475 5032 qui
3501 4979 3586 5018 me

2024 5065 2344 5116 infestarunt
2373 5063 2410 5112 ἓ.
2460 5083 2474 5110 ι
2544 5058 2786 5124 Cuinque
2844 5056 3108 5122 reliquum
3155 5056 3340 5124 psalmi
3389 5057 3586 5110 addere

2023 5153 2205 5212 vellet,
2257 5165 2441 5202 vocem
2476 5147 2662 5199 audire
2709 5161 2827 5211 quae
2878 5142 3126 5211 progredi
3162 5150 3387 5205 vetaret,
3441 5144 3583 5209 quod

2023 5244 2228 5297 diceret
2259 5239 2518 5306 reliquam
2548 5236 2806 5289 carminis
2838 5245 3042 5302 partem
3072 5235 3177 5303 jam
3203 5248 3322 5287 esse
3349 5248 3376 5286 a
3413 5233 3580 5286 Bartla

2023 5339 2386 5399 antecaptam.
2441 5328 2688 5381 Surrexit
2729 5340 2854 5395 ergo
2890 5325 3293 5388 tremebundus,
3327 5324 3581 5392 omnique

2020 5439 2078 5477 se
2113 5440 2207 5492 spe
2241 5420 2501 5475 excidisse
2530 5418 2720 5471 videns
2749 5454 2764 5479 ,
2818 5426 2875 5468 ut
2918 5426 3034 5468 erat
3085 5415 3381 5468 instructus
3408 5456 3422 5477 ,
3456 5429 3578 5467 cum

2019 5515 2131 5567 suis
2197 5528 2362 5580 equos
2416 5508 2755 5571 conscendit,
2806 5506 3036 5573 fugaque.
3088 5505 3366 5559 castellum
3404 5503 3574 5575 Tyro-

2017 5623 2195 5676 poeum
2247 5603 2416 5672 petiit.
2461 5600 2658 5654 liardas
2706 5597 2792 5651 ubi
2830 5598 2892 5650 (Ie
2930 5599 3050 5665 fuga
3096 5596 3212 5665 ejus
3246 5597 3445 5651 certior
3493 5605 3578 5653 est
