4410 6452
823 388 922 452 1‘23

2031 386 2343 445 GEOliUll
2386 384 2712 443 CEDRENI

3947 380 4044 446 124

818 508 1011 564 Lit-tus,
1066 501 1346 572 expeditos
1393 498 1604 569 equites
1650 499 1847 560 mittit,
1906 499 1994 566 qui
2043 497 2292 549 celeriter
2329 495 2375 550 ei
2411 505 2453 556 Α
2482 490 2559 545 εἶτ

2329 495 2375 550 ei
2411 490 2599 556 Αεῖτκ
2651 492 3107 561 προδεδωκότων,
3175 490 3478 561 κατηνέχθη
3544 490 3678 559 πρὸς
3738 492 3902 543 ὕπνον
3948 494 4045 560 ἤδη

818 604 1107 648 iii-currant
1155 603 1209 645 et
1271 598 1562 660 antequam
1603 589 1884 644 castellum
1940 590 2104 640 intret
2134 601 2379 654 compre-

826 685 1082 736 hendant.
1145 679 1182 733 li
1224 680 1405 735 citatis
1456 679 1612 749 391
1660 677 1814 745 equis
1863 679 2001 730 vecti
2061 675 2293 729 l’hocam
2328 677 2381 728 in

824 790 1013 839 t'atttpo
1063 781 1425 839 assequuntur
1487 769 1707 838 jamiam
1778 771 1886 821 imo
1940 770 2107 821 monti
2172 769 2221 820 in
2276 783 2384 835 quo

823 864 1103 917 ia~tellum
1143 871 1261 916 erat
1308 862 1469 914 situm
1524 861 1869 914 subeuntem.
1924 858 2050 911 Erat
2106 859 2244 910 inter
2290 872 2385 910 eos

823 956 1046 1008 audacia
1086 963 1140 1008 et
1192 953 1369 1006 indole
1414 953 1667 1020 princeps
1725 950 2114 1005 Constantinus
2147 948 2381 1003 Charon.

827 1048 872 1094 ts-
912 1045 1133 1112 reliquis
1178 1060 1207 1096 a
1258 1054 1406 1112 tergo
1461 1042 1663 1097 relictis
1710 1042 1941 1095 Pltocatn
1995 1044 2160 1096 citato
2220 1058 2383 1097 cursu

828 1140 1098 1188 insecutus
1149 1145 1249 1199 est,
1306 1149 1497 1202 agmen
1554 1150 1772 1188 suorum
1831 1134 2174 1188 claudentem
2215 1142 2269 1187 et
2317 1134 2386 1187 ad

826 1239 1047 1278 strenue
1082 1224 1477 1279 defendendam
1524 1225 1626 1278 vim
1658 1233 1922 1292 paratum.
1975 1223 2127 1278 Ilunc
2169 1223 2388 1279 Charon

824 1317 1036 1370 eminus
1075 1326 1426 1385 conspectum
1458 1331 1579 1370 cum
1610 1324 1945 1385 agnosceret,
1976 1316 2148 1384 turpia
2177 1315 2231 1368 in
2261 1329 2385 1367 eum

821 1407 951 1474 jccil
986 1406 1219 1460 convitia
1252 1447 1265 1471 ,
1303 1408 1624 1475 degenerem
1667 1414 1723 1459 et
1778 1405 2029 1460 timidum
2083 1404 2386 1473 appellans,

826 1498 1129 1564 iniu-nsque
1179 1495 1456 1564 paulisper
1485 1496 1708 1564 operiri,
1761 1495 1887 1549 dum
1931 1494 2211 1563 prazmium
2235 1495 2390 1550 defc-

826 1589 1022 1639 rtionis
1070 1588 1362 1654 acciperet.
1420 1587 1627 1640 Pliocas
1667 1588 2023 1643 contumelias
2077 1587 2385 1651 inaudiens,

829 1693 1002 1744 neque
1058 1678 1310 1747 ignorans
1366 1679 1487 1746 quis
1532 1692 1623 1731 eas
1669 1678 1920 1745 jactaret,
1970 1679 2199 1733 inhibito
2251 1693 2390 1747 equo

827 1783 883 1818 se
913 1768 1169 1821 (Iharonti
1216 1766 1480 1829 obvertit,‘
1513 1778 1565 1821 et
1603 1787 1620 1817 ι
1648 1768 1813 1832 Heus,
1854 1768 2049 1836 inquit,
2104 1769 2390 1837 oportebat

832 1868 881 1910 te
927 1859 1329 1911 instabilitatcm
1383 1859 1630 1912 humana:
1687 1859 1919 1913 fortunae
1957 1858 2391 1913 considerantem

832 1964 935 2000 non
972 1949 1320 2016 exprobrare,
1368 1965 1542 2018 neque
1578 1950 1837 2004 insultare
1886 1949 2093 2003 homini
2133 1950 2252 2018 ejus
2293 1948 2393 2001 im-

834 2038 1100 2105 probitate
1152 2040 1205 2091 iu
1244 2040 1383 2092 hanc
1419 2040 1669 2107 conjecto
1709 2040 2128 2103 necessitatem,
2161 2040 2254 2093 sed
2285 2040 2393 2093 mi-

834 2131 998 2180 serari
1052 2130 1231 2197 potius
1282 2146 1453 2183 meam
1480 2130 1862 2195 calamitatem,
1910 2132 2021 2183 nati
2051 2140 2201 2199 patre
2230 2144 2389 2184 curo-

835 2220 1027 2285 palata,
1087 2236 1188 2273 avo
1239 2222 1471 2282 Ciesare,
1520 2229 1714 2289 patruo
1756 2221 2123 2289 imperatore;
2167 2220 2394 2290 ejusque

832 2312 990 2371 adeo,
1034 2313 1125 2380 qni
1173 2328 1295 2366 cum
1345 2322 1399 2366 et
1461 2313 1568 2365 dux
1636 2312 1827 2366 fuisset
1879 2322 1934 2365 et
1983 2313 2124 2366 inter
2152 2327 2395 2366 summos

836 2414 1170 2466 numeratus,
1218 2419 1362 2456 nunc
1400 2403 1660 2456 extremis
1698 2403 2093 2456 calamitatibus
2123 2412 2283 2471 atque
2320 2404 2397 2457 in-

835 2494 1083 2545 fortuniis
1128 2509 1361 2561 premor.
1397 2513 1415 2544 ι
1483 2494 1560 2546 Ad
1604 2496 1717 2548 hinc
1759 2494 1994 2557 Charon,
2034 2512 2051 2543 ι
2088 2492 2273 2558 Recte,
2310 2494 2393 2545 in-

836 2585 970 2650 quit,
1024 2584 1208 2652 pueris
1257 2586 1392 2645 hcce,
1436 2585 1686 2649 sceleste,
1727 2586 2058 2648 dicerentur,
2094 2586 2184 2654 qui
2217 2586 2395 2639 verbis

837 2675 943 2725 Indi
976 2682 1175 2742 queant
1208 2694 1218 2727 :
1258 2690 1343 2728 me
1388 2676 1472 2728 his
1512 2677 1667 2746 nugis
1700 2690 1810 2729 non
1840 2675 2097 2744 decipies.
2137 2694 2155 2726 ι
2195 2675 2396 2730 Simul-

835 2781 940 2832 que
988 2779 1128 2831 cquo
1185 2765 1485 2819 calcaribus
1542 2766 1819 2818 stimulato
1881 2765 2115 2818 ferocius
2172 2767 2393 2820 invadit.

838 2856 970 2909 Τιιιιι
1014 2857 1222 2910 Phoeas
1252 2858 1482 2920 clavam,
1522 2872 1684 2926 quam
1725 2857 1826 2911 sub
1856 2858 2237 2926 paludamento
2267 2874 2397 2927 pen-

835 2949 1051 3001 dentem
1080 2946 1304 3011 ferebat,
1339 2948 1550 3017 arripit,
1589 2948 1924 3018 obviumque
1958 2963 2016 3003 se
2050 2948 2251 3015 ferens,
2287 2948 2395 3003 ietn

838 3038 889 3089 in
925 3045 1084 3105 capttt
1115 3038 1372 3105 impacto,
1401 3037 1559 3106 392
1597 3037 1703 3091 leto
1728 3037 1817 3091 dat
1850 3038 2201 3104 Charontem,
2248 3037 2395 3107 galea

3130 580 3347 645 Ἔδοξεν
3376 576 3466 632 οὖν
3510 580 3798 632 ὑπνώττων
3842 580 4048 645 ἀγανα-

2489 677 2635 727 κτεῖν
2675 676 2769 726 καὶ
2815 674 2996 727 ἀλύειν
3046 676 3140 726 καὶ
3170 672 3435 741 περὶτῶν
3472 672 3847 741 ἀδικησάντων
3877 672 4048 723 διαλέ-

2486 764 2676 833 γεσθαι
2746 765 2822 833 τῷ
2880 764 3019 832 Θεῷ,
3083 784 3099 815 ι
3133 767 3381 828 Δίκασον,
3444 763 3636 831 Κύριε,
3684 763 3877 828 λέγων,
3925 764 4048 824 τοὺς

2487 856 2804 917 ἀδικοῦντάς
2846 874 2933 925 με.
2967 874 2986 907 ι
3023 857 3108 907 Ἑν
3135 848 3178 921 ᾧ
3206 854 3260 907 δὲ
3301 853 3490 923 ἔμελλε
3516 854 3580 905 τὰ
3607 853 3846 920 ἑπόμενα
3876 854 4049 902 εἰπεῖν

2488 948 2580 1001 τοῦ
2606 947 2844 1015 ψαλμοῦ,
2888 949 3091 1017 ἤκουσε
3125 947 3305 1013 φωνῆς
3336 944 3597 1013 λεγούσης
3629 944 3701 1013 μὴ
3743 942 4051 1011 περαιτέρω

2491 1040 2760 1107 προϐῆναι
2790 1054 2806 1071 ο
2841 1038 3042 1105 ἔφθασε
3075 1039 3183 1106 γέρ
3229 1039 3257 1089 ὁ
3290 1036 3529 1106 Σκληρὸς
3576 1036 3961 1105 προειληφέναι
3996 1034 4052 1085 τὸ

2489 1132 2769 1183 ἐπίλοιπον
2798 1131 2895 1198 τῆς
2929 1130 3091 1199 ᾠδῆς.
3135 1129 3435 1191 Διαναστὰς
3479 1125 3572 1181 οὖν
3621 1128 3944 1197 σύντρομος,
3979 1126 4053 1187 ὡς

2490 1221 2629 1288 ἔγνω
2670 1221 2847 1289 πάσης
2894 1219 3107 1281 ἐλπίδος
3168 1218 3485 1287 ὠλισθηκὼς
3516 1259 3530 1282 ,
3591 1219 3666 1280 ὡς
3716 1215 3859 1287 εἶχεν
3902 1218 4054 1279 ἐξιπ-

2490 1312 2801 1381 πασάμενος
2849 1310 2985 1379 μετὰ
3021 1310 3130 1363 τῶν
3155 1310 3280 1380 περὶ
3328 1311 3490 1363 αὑτὸν
3525 1310 3656 1379 πρὸς
3708 1312 3766 1363 τὸ
3801 1309 4055 1380 φρούριον

2491 1402 2689 1468 ἔφευγε
2719 1401 2810 1453 τὸν
2841 1399 3159 1469 Τυροποιόν.
3202 1401 3541 1459 ΓνωσΘέντος
3573 1402 3628 1453 δὲ
3688 1401 3780 1453 τοῦ
3813 1401 4054 1470 δρασμοῦ

2489 1492 2565 1561 τῷ
2597 1491 2880 1562 μαγίστρῳ
2923 1490 3103 1561 Βάρδᾳ
3147 1491 3226 1560 τῷ
3271 1488 3518 1561 Σκληριῖκ
3564 1492 3748 1553 ἱππεῖς
3794 1492 4055 1543 ἀπεστέλ-

2489 1582 2639 1636 λοντο
2654 1580 2876 1646 εὕζωνοι
2898 1583 3270 1653 καταταχῆσαι
3290 1584 3384 1635 καὶ
3411 1583 3737 1636 καταλαϐεῖν
3758 1583 3918 1635 αὐτὸν
3951 1583 4054 1651 πρὸ

2490 1674 2582 1727 τοῦ
2635 1675 2715 1736 εἰς
2767 1676 2827 1727 τὸ
2883 1674 3141 1743 φρούριον
3190 1673 3451 1726 εἰσελθεῖν
3490 1689 3505 1703 ’
3563 1674 3759 1735 οἵτινες
3820 1673 4055 1741 συντόνῳ

2492 1765 2826 1836 χρησάμενοι
2844 1767 2909 1834 τῇ
2940 1764 3115 1830 διώξει
3138 1763 3712 1831 καταταλαμδάνουσιν
3731 1763 3889 1815 αὐτὸν
3918 1765 4056 1815 κατά

2490 584 2681 643 νυκτὸς
2735 584 3057 650 ἐπιστάσης.

2424 1834 2465 1889 Β
2586 1855 2767 1907 πεδίον
2803 1854 2899 1906 καὶ
2929 1854 3190 1923 μέλλοντα
3217 1854 3340 1906 ὅσον
3383 1853 3592 1905 οὐδέπω
3617 1856 3730 1915 ταῖς
3762 1852 3855 1905 τοῦ
3883 1870 4051 1922 φρου-

2497 1946 2613 2016 ρίου
2643 1945 3025 2015 προσεγγίζειν
3064 1944 3381 2014 ὑπωρείαις.
3417 1938 3509 2006 Εἷς
3550 1943 3607 1997 δὲ
3646 1943 3850 1996 τούτων
3884 1942 4053 2011 τόλμῃ

2495 2038 2785 2106 προφέρων
2823 2037 2917 2090 καὶ
2946 2036 3308 2106 γενναιότητι,
3352 2034 3589 2104 τοῦνομα
3628 2036 4053 2096 Κωνσταντῖνος,

2495 2129 2693 2199 Χάρων
2718 2128 2818 2197 τὴν
2842 2128 3234 2198 προσηγορίαν,
3257 2127 3383 2189 τοὺς
3404 2127 3599 2189 ἄλλους
3632 2128 3859 2179 κατόπιν
3888 2126 4057 2177 λιπὼν

2499 2218 2635 2288 μετὰ
2702 2219 2980 2282 συντονίας
3026 2221 3297 2288 ἐπήρχετο
3333 2218 3408 2287 τῷ
3446 2218 3631 2286 Φωκᾷ,
3668 2216 3888 2268 ὖπισΟεν
3922 2217 4047 2283 ούρ-

2496 2310 2715 2377 αγοῦντι
2738 2310 2843 2363 τῶν
2869 2310 3082 2372 ἑαυτοῦ,
3102 2311 3194 2362 καὶ
3210 2311 3274 2379 ἦν
3301 2326 3383 2371 τις
3414 2309 3546 2378 ἐπίῃ
3571 2308 3823 2372 δέξασθαι
3856 2308 4055 2376 προθύ-

2501 2417 2615 2466 μως
2661 2400 3183 2469 παρεσκευασμένῳ.
3239 2397 3439 2450 Τοῦτον
3470 2398 3756 2465 πόρρωοεν
3803 2398 3923 2448 ἰδὼν
3966 2399 4055 2450 καὶ

2496 2489 2765 2558 γνωρίσας
2796 2493 2824 2541 ὁ
2860 2491 3055 2560 Χάρων
3091 2489 3310 2559 ὕϐρεσιν
3350 2490 3605 2555 ἀσέμνοις
3643 2487 3733 2538 καὶ
3758 2488 4056 2555 άπρεπέσιν

2496 2580 2740 2644 ἔϐαλλεν,
2767 2581 2969 2649 ἀγεννῆ
3007 2580 3098 2632 καὶ
3120 2580 3378 2649 ἄνανδρον
3415 2578 3726 2639 ἀποκαλῶν,
3766 2579 3857 2630 καὶ
3893 2596 4058 2646 προσσ

2502 2674 2681 2740 μένειν
2707 2672 2940 2724 κελεύων
2971 2671 3167 2739 μικρὸν
3197 2670 3336 2722 ὥστε
3360 2672 3426 2722 τὰ
3457 2670 3591 2738 γέρα
3611 2670 3705 2737 τῆς
3730 2671 4058 2732 ἁποστασίας

2499 2765 2699 2817 λαῦεῖν.
2745 2765 2800 2816 Ὀ
2830 2765 2886 2816 δὲ
2916 2763 3023 2816 τῶν
3054 2762 3261 2831 ὕϐρεων
3290 2760 3595 2823 ἐπακούων,
3630 2762 3722 2813 καὶ
3742 2762 3887 2822 ὅστις
3921 2764 3947 2812 ὁ
3978 2761 4060 2811 λέ-

2498 2875 2608 2923 γων
2667 2856 2740 2926 μὴ
2788 2856 3084 2925 ἀγνοήσας,
3134 2854 3372 2923 ἐπισχὼν
3418 2852 3509 2905 τὸν
3550 2854 3766 2920 χαλινὶν
3800 2854 3891 2905 καὶ
3929 2853 4060 2920 πρὶς

2498 2950 2701 3002 ἐκεῖνον
2742 2948 3121 3017 ἐπιστραφεὶς,
3168 2964 3185 2997 ι
3237 2943 3381 2997 Ἔδει
3415 2962 3494 3006 σε,
3540 2939 3584 2996 ὦ
3621 2944 3896 3014 ἄνθρωπε.
3933 2945 4057 3011 ἔφη,

2497 3042 2555 3091 τὺ
2583 3039 2929 3109 ἀστάθμητον
2955 3039 3312 3106 λογισάμενον
3350 3038 3445 3105 τῆς
3475 3038 3583 3088 τῶν
3638 3036 3938 3106 ἀνθρώπων
3970 3038 4061 3087 τύ.

839 3129 973 3181 nihil
1017 3129 1278 3182 adversus
1310 3129 1415 3182 vim
1454 3130 1623 3198 plaga:
1667 3128 1920 3195 valente;
1973 3140 2028 3183 et
2060 3145 2198 3198 equo
2234 3130 2398 3182 frenis
2424 3152 2465 3208 ε
2499 3146 2580 3198 χὴ(

2320 3130 2398 3182 nis
2424 3152 2465 3208 ε
2499 3146 2597 3198 χης
2635 3128 2708 3198 μὴ
2740 3128 3179 3197 προσονειδίζειν,
3219 3128 3342 3197 μηδ’
3396 3127 3746 3195 έπεμὸαίνειν
3793 3127 4061 3194 ἀνθρώπῳ

838 3235 1027 3270 averso
1068 3219 1372 3273 institutum
1424 3217 1527 3272 iter
1573 3219 1933 3287 prosequitur.
1989 3218 2125 3272 Cum
2159 3234 2286 3271 vero
2317 3219 2397 3271 in-

839 3310 1180 3377 sequentium
1212 3307 1401 3376 reliqui
1434 3324 1499 3362 eo
1534 3309 1929 3377 pervenissent,
1968 3312 2227 3364 cadavere
2257 3311 2398 3364 Cha-

843 3400 1011 3451 rontis
1035 3406 1348 3466 conspecto,
1378 3414 1435 3450 re
1466 3397 1763 3466 improvisa
1784 3400 2117 3452 consternati
2144 3400 2400 3453 substite-

844 3496 989 3549 runt,
1055 3488 1270 3541 nemine
1314 3503 1501 3541 eorum
1566 3486 1700 3540 ultra
1753 3488 1996 3557 progredi
2036 3490 2290 3541 audente.
2328 3490 2399 3541 lta

845 3578 1049 3630 l‘hocas
1083 3579 1430 3631 securitatem
1483 3587 1676 3631 nactus
1716 3578 1768 3630 in
1809 3578 2087 3631 castellum
2134 3581 2398 3647 pervenit.

846 3670 959 3721 Mox
1003 3670 1191 3723 eodem
1253 3668 1453 3722 Bardas
1514 3670 1762 3732 accessit,
1825 3671 2276 3739 continenterqne
2335 3672 2400 3726 ad

844 3760 1074 3813 l’hocam
1118 3760 1297 3813 missis
1322 3760 1695 3823 internuntiis,
1732 3760 2054 3829 interposito
2091 3765 2403 3827 jnramento

843 3849 1179 3904 i-ontirmavit
1227 3865 1286 3903 se
1344 3850 1512 3919 ipsius
1564 3867 1683 3905 eam
1750 3867 1933 3905 curam
1998 3867 2186 3921 gerere
2241 3868 2400 3921 quam

844 3938 1017 3991 atiinis
1054 3940 1253 3995 habere
1295 3956 1391 4007 par
1435 3950 1580 3995 esset
1614 3941 1758 4009 (nam
1790 3939 1993 4009 Sophia
2019 3939 2211 3995 lecae
2252 3957 2403 3995 soror

843 4030 1199 4085 Constantino
1261 4029 1385 4084 Duri
1445 4030 1597 4084 fratri
1657 4031 1955 4101 nupserat),
2010 4032 2289 4101 suasitque
2346 4042 2405 4087 ut

846 4119 1153 4188 imperatori
1205 4136 1263 4175 se
1308 4121 1551 4184 dederet,
1592 4121 1977 4190 impetraturus
2016 4122 2083 4176 ab
2125 4137 2189 4176 eo
2228 4124 2404 4177 rebel-

845 4210 1005 4263 lionis
1034 4210 1267 4265 veniam.
1333 4210 1518 4281 Itaque
1559 4212 1663 4265 fide
1698 4226 1727 4265 ιι
1775 4212 1956 4279 jurato
1988 4211 2133 4267 Duro
2183 4223 2403 4283 accepta

845 4298 1075 4364 Pliocas,
1132 4301 1266 4355 nihil
1322 4302 1375 4355 in
1433 4318 1491 4357 se
1530 4310 1681 4357 atrox
1719 4311 1985 4357 statutum
2038 4303 2124 4366 iri,
2163 4305 2299 4359 huic
2346 4321 2404 4360 se

844 4406 1075 4461 suosque
1103 4392 1275 4446 dedit.
1329 4392 1737 4462 Contentusque
1771 4394 1873 4446 hac
1911 4410 2070 4463 poena
2102 4394 2202 4449 fuit
2233 4398 2402 4465 impe-

2500 3221 2617 3281 ταῖς
2644 3219 2702 3281 ἐξ
2736 3218 2905 3287 αὐτῆς
2935 3218 3219 3287 ἑπηρείαις
3252 3218 3665 3286 ἠναγκασμένη),
3715 3218 3830 3269 ἀλλ’
3860 3220 4059 3269 οἰκτεί-

2503 3324 2616 3377 ρειν
2656 3307 2855 3375 μᾶλλον
2894 3308 2988 3359 καὶ
3021 3307 3190 3357 ὲλεεῖν
3215 3306 3304 3357 τίιν
3329 3304 3694 3373 δυστυχοῦντά
3728 3323 3817 3373 με,
3850 3307 4060 3374 πατέρα

2506 3402 2605 3468 μὲν
2635 3399 2903 3468 ἐσχηκότα
2963 3398 3399 3467 κουροπαλάτην,
3439 3397 3659 3449 πάππον
3691 3397 3746 3449 δὲ
3788 3398 4062 3465 Καίσαρτ,

2503 3490 2643 3540 Οεῑον
2686 3488 2933 3556 βασιλέα,
2984 3486 3150 3539 δοῦκα
3204 3486 3316 3557 (24)
3360 3488 3413 3539 δὲ
3462 3490 3554 3539 καί
3588 3488 3751 3539 αὑτὸν
3806 3489 4065 3553 γεγονότα

2502 3582 2596 3633 καὶ
2623 3582 2736 3642 τοῖς
2776 3581 3031 3647 ἀνωτέρω
3059 3578 3546 3649 συναριθμηθέντα,
3592 3581 3706 3630 νυνὶ
3736 3579 3790 3631 δὲ
3820 3579 4061 3647 ἐσχάτοις

2504 3674 2693 3734 κακοῖς
2731 3671 3169 3739 ὑποϐεϐλημένον
3199 3672 3289 3722 καὶ
3329 3670 3413 3738 [ιι.
3451 3669 3575 3739 671]
3626 3670 3999 3737 ἀκληρήμασι.
4042 3689 4057 3718 ι

2505 3760 2612 3813 Τοῦ
2646 3762 2722 3825 δὲ,
2750 3779 2768 3811 ι
2808 3762 2965 3815 Καλὰ
3010 3762 3204 3824 ταῦτα,
3268 3755 3312 3813 ὦ
3365 3760 3508 3829 κακὴ
3544 3760 3773 3827 κεφαλὴ,
3816 3761 4064 3826 λέγ;σῢαι

2506 3853 2638 3921 πρὸς
2668 3852 2864 3914 παῖδας
2902 3854 3027 3914 τοὺς
3055 3853 3381 3920 δυναμένους
3414 3852 3781 3921 ἀπατηθῆναι,
3800 3852 4062 3913 εἰπόντος.

2503 3946 2601 4012 ἐμὲ
2632 3943 2686 3997 δὲ
2718 3944 2778 3995 ού
2810 3944 3119 4013 φενακέσεις
3153 3946 3261 4005 τοῖς
3292 3942 3549 4005 τοιούτοις
3582 3960 3674 3996 σου
3703 3944 4018 4013 λογυδρίοις,
4042 3963 4059 3995 ι

2504 4036 2598 4088 καὶ
2630 4036 2721 4089 τὸν
2774 4036 2939 4088 ἵππον
2999 4036 3367 4105 μυωπίζοντος
3404 4036 3496 4087 καὶ
3533 4034 3864 4106 θρασύτερον
3896 4054 4062 4105 προσ·

2506 4129 2697 4192 ιὸντος,
2722 4128 3068 4197 σπασάμενος
3088 4129 3319 4189 ὀΦωκὶς
3354 4128 3450 4195 τὴν
3471 4129 3527 4179 ὲν
3566 4131 3629 4195 τῇ
3662 4129 3933 4197 έφεστρίδι
3957 4130 4066 4195 (25)

2506 4216 2951 4286 παρῃωρημένην
2983 4216 3217 4285 κορύνην
3251 4217 3344 4267 καὶ
3391 4218 3730 4277 ὑπαντιάσας
3753 4217 3901 4268 παίει
3940 4216 4063 4266 τοί-

2504 4325 2594 4361 τον
2624 4310 2765 4362 κατὰ
2800 4308 2893 4361 τοῦ
2924 4310 3177 4378 κράνους,
3235 4310 3329 4362 καὶ
3362 4310 3520 4361 αὑτὸν
3562 4308 3660 4376 μὲν
3717 4309 4065 4360 ἀποδείκνυσι

2506 4399 2699 4467 νεκρὸν
2752 4403 3083 4469 παραυτίκα,
3132 4400 3419 4469 ἐμποδίσαι
3475 4400 3548 4468 μὴ
3609 4399 3924 4467 δυνηθείσης
3973 4401 4066 4466 τῆς

846 4491 992 4535 rator
1026 4492 1084 4536 ut
1114 4497 1236 4536 eum
1273 4483 1529 4537 clericum
1560 4484 1760 4537 factum
1798 4485 1852 4537 in
1881 4484 2072 4539 Chium
2106 4486 2400 4555 relegaret;
2437 4501 2479 4557 ε)
2510 4491 2587 4560 κύι

2324 4496 2400 4547 et;
2437 4501 2479 4557 υ
2510 4490 2739 4560 κόρυθος
2774 4493 2839 4559 τῇ
2875 4490 2963 4559 βίᾳ
2986 4491 3081 4558 τῆς
3122 4490 3353 4557 πληγῆς,
3396 4491 3600 4550 ἐκεῖνος
3626 4490 3681 4541 δὲ
3721 4490 4065 4558 ἀποστρέψας

844 4582 899 4627 et
922 4572 1120 4627 Durum
1148 4589 1270 4627 cum
1313 4576 1577 4643 expeditis
1620 4575 1936 4631 cohortibus
1962 4576 2124 4644 jussit
2168 4578 2221 4631 in
2246 4578 2401 4633 Occi-

843 4664 1060 4719 dentem
1092 4666 1309 4719 reverti.

2508 4580 2599 4633 τὸν
2623 4581 2837 4649 χαλινὸν
2866 4581 3039 4649 εἴχετο
3061 4581 3156 4650 τῆς
3185 4581 3323 4634 ὁδοῦ.
3346 4582 3408 4632 Οἱ
3443 4580 3497 4632 δὲ
3525 4580 3808 4641 διώκοντες
3840 4580 4067 4631 κατόπιν

2512 4675 2815 4743 ἐρχόμενοι,
2853 4675 2947 4727 καὶ
2978 4673 3152 4726 ἔνοαὸ
3186 4674 3385 4741 Χάρων
3418 4672 3690 4741 τεθνηκὼς
3721 4671 3894 4724 ἔκειτο
3922 4670 4068 4738 γενό-

1922 4778 2267 4835 XYLANllﬁl
2337 4784 2421 4838 ET
2477 4786 2684 4843 COAI'J
2758 4786 2984 4843 ΝΟΤᾸΕ.

918 4871 1029 4941 (24)
1068 4871 1274 4927 Nobilis
1298 4882 1380 4927 est
1412 4875 1465 4927 in
1497 4875 1738 4929 historiis
1770 4875 1854 4928 his
1885 4875 2154 4929 Ducarnm
2185 4875 2401 4931 familia.

846 4942 953 4998 Sed
982 4942 1070 4996 hic
1093 4942 1247 4997 officii
1280 4959 1476 4997 nomen
1510 4960 1632 4998 esse
1662 4960 1769 4998 non
1810 4944 2019 4997 dubito.
2048 4944 2231 5013 Neque
2259 4948 2403 4999 enim

845 5015 1081 5067 arbitror
1113 5014 1325 5065 easdem
1350 5013 1512 5068 fuisse
1548 5014 1812 5067 Duearum
1836 5023 1888 5068 et
1922 5014 2230 5068 Phocarum
2252 5014 2406 5069 fami-

848 5085 964 5138 lias.
991 5083 1057 5135 Et
1074 5098 1197 5137 cum
1219 5083 1363 5146 alibi,
1380 5094 1489 5137 tum
1511 5084 1562 5137 in
1580 5083 1841 5152 principio
1860 5083 2041 5137 Basilii
2062 5083 2290 5138 Romani
2308 5086 2400 5140 filii

849 5152 1091 5206 invenies
1113 5154 1253 5206 hanc
1274 5167 1460 5207 vocem
1484 5170 1578 5219 pro
1605 5155 1743 5207 duce
1768 5154 2017 5221 positam.
2054 5152 2401 5223 Rursumque

848 5223 1158 5292 prgefectum
1177 5223 1575 5277 Thessalonica:
1590 5223 2047 5292 Theophylaetum
2068 5224 2401 5277 Botaniatem

846 5291 1012 5343 ὀοῦκα
1036 5303 1215 5361 vocat,
1260 5293 1393 5345 alias
1433 5293 1664 5360 ἄρχοντα
1717 5303 1771 5346 et
1803 5291 2107 5361 στρατηγόν
2158 5294 2399 5361 appella~

852 5370 984 5415 tum.
1028 5359 1116 5415 Sic
1146 5371 1196 5414 et
1245 5359 1543 5416 Antiochia:
1590 5371 1644 5414 et
1691 5359 1879 5416 lberizc
1922 5361 2119 5422 δούκας
2168 5359 2401 5415 ἤι’(ἷοη-

848 5430 1069 5500 stantini
1104 5432 1282 5485 fratris
1311 5432 1743 5500 imperio.‘0ai’o;
1772 5440 1949 5485 autem
1983 5440 2037 5485 et
2071 5432 2161 5485 hic
2189 5440 2243 5484 et
2275 5432 2398 5486 alibi

847 5499 1115 5568 significat
1145 5501 1309 5569 patris
1338 5499 1555 5555 fratrem
1591 5519 1605 5555 :
1643 5516 1766 5554 nam
1792 5502 1903 5555 Leo
1941 5502 2282 5568 curopalates
2314 5503 2404 5569 (de

850 5584 951 5638 qua
985 5585 1113 5623 voce
1137 5571 1261 5623 alibi
1295 5570 1520 5636 dictum)
1558 5570 1718 5624 frater
1757 5571 1857 5623 fttit
1889 5569 2175 5638 Niccphuri
2210 5573 2403 5625 Phot'aa

853 5636 1189 5702 imperatoris
1242 5639 1385 5691 filius
1410 5639 1593 5695 [tardae
1621 5640 1833 5700 Phoczn.
1856 5636 2200 5708 quem—pater
2233 5641 2373 5709 impe

852 5716 995 5759 rator
1022 5709 1191 5763 factus
1217 5709 1488 5762 Cursarem
1518 5719 1745 5764 crearat.
1784 5710 1907 5763 Χιι..

934 5780 1041 5843 (ibi
1087 5778 1367 5849 Ἐιέεστρις
1408 5779 1491 5832 hic
1532 5781 1769 5849 ponitur,
1810 5780 1952 5848 quod
1997 5791 2049 5834 ct
2098 5794 2256 5847 supta
2303 5796 2397 5848 pro

2506 4882 2739 4951 stragula
2800 4891 2977 4943 veste,
3031 4897 3134 4949 qua
3192 4894 3363 4951 equus
3411 4879 3776 4951 integeretur,
3832 4878 4066 4951 positum

2504 4948 2740 5005 videtur.
2804 4951 2912 5019 Ego
2968 4948 3073 5004 non
3132 4950 3350 5003 multam
3400 4948 4065 5019 proprietatemistarum

2506 5037 2698 5075 vocum
2751 5018 2891 5089 apud
2940 5022 3083 5073 hunc
3132 5020 3450 5089 scriptorem
3490 5018 3844 5089 deprehendi,
3884 5018 4067 5089 itaque

2508 5093 2641 5145 verti
2695 5087 2918 5143 liberius
2953 5090 3093 5144 talia.
3133 5088 3297 5141 Porro
3331 5089 3532 5141 circum
3573 5088 3686 5140 haec
3717 5087 3829 5139 loca
3864 5087 4067 5153 aliquo-

2509 5162 2609 5215 ties
2638 5176 2733 5228 per
2767 5159 3113 5213 Occidentem
3161 5158 3344 5224 Cpolis
3399 5168 3453 5210 et
3507 5173 3626 5222 quae
3674 5157 3722 5209 ei
3757 5156 3807 5208 in
3855 5156 4063 5228 Europa

2508 5225 2684 5283 adhuc
2742 5230 3018 5285 suberant.
3058 5244 3151 5297 per
3202 5228 3477 5282 Orientem
3516 5228 3739 5297 Asiana;
3776 5225 4069 5297 provincitc

2510 5310 2637 5353 sunt
2672 5295 3165 5366 intelligend:e,‘nc
3218 5298 3338 5365 quis
3387 5297 3670 5366 imperitus
3726 5295 3927 5347 Italiam
3985 5295 4069 5347 hic

2511 5369 2763 5421 somniet.
2822 5365 2975 5431 Quod
3028 5378 3207 5421 autem
3255 5366 3533 5420 Theodora
3574 5365 3817 5417 Zimiscae
3860 5377 4013 5421 uxor,
4042 5378 4068 5414 τι

2511 5439 2757 5492 Cedreno
2791 5437 2895 5490 filia
2928 5436 3266 5491 Constantini
3318 5433 3511 5489 Leonis
3548 5434 3641 5487 lilii
3690 5444 3743 5488 et
3787 5449 3938 5485 soror
3967 5432 4071 5485 Ro—

2514 5508 2655 5560 mani
2720 5507 2861 5561 tertii
2911 5523 2939 5560 a
2971 5507 3167 5560 Nostro
3211 5506 3425 5567 dicitur,
3480 5505 3619 5557 idem
3662 5512 3741 5556 est
3778 5502 3889 5555 fere
3929 5500 4069 5567 apud

2514 5579 2795 5649 Zonaram.
2834 5576 3303 5649 Panvinius,alios
3331 5577 3503 5649 (puto)
3539 5582 3789 5649 auctores
3830 5583 4068 5649 secutus.

2519 5648 2679 5699 tiliam
2721 5647 2943 5699 Romani
2980 5648 3011 5700 '5
3058 5662 3122 5698 ex
3163 5640 3567 5711 Theophanonc
3607 5641 3886 5694 Atristasia
3917 5640 4066 5700 facit,

2516 5732 2753 5771 sererent
2791 5718 2993 5770 St‘ilit'cl
3028 5715 3206 5769 Basilii
3244 5725 3290 5769 et
3322 5710 3664 5767 Constantini
3809 5710 3931 5764 Χιι.
