4410 6452
778 402 874 463 137

2051 398 2369 458 GEORGII
2411 394 2741 457 (IElH’tENl

3908 380 4007 445 128

776 515 985 583 Scytha:
1017 516 1103 583 qui
1137 513 1273 566 intra
1304 511 1500 564 inmitia
1536 521 1708 573 erant,
1742 509 2036 563 sentientes
2067 510 2341 563 ltomauos
2369 511 2411 569 Α
2444 510 2517 563 είς

2270 526 2341 561 ιοε
2369 511 2411 569 Α
2444 510 2522 563 είς
2545 506 2601 558 τὸ
2633 507 2739 574 πρὸ
2770 506 2864 572 τῆς
2900 503 3099 561 πόλεως
3142 500 3317 551 πεδίον
3353 495 3783 565 παραγενόμενοι
3833 493 4011 559 αίφνι-

776 621 839 657 vx
883 605 1173 673 improviso
1210 602 1437 656 irruisse
1483 612 1539 656 et
1586 618 1708 655 cum
1736 602 1848 655 suis
1875 617 2094 654 manum
2147 609 2339 653 contu-

1019 691 1198 744 subito
1253 700 1311 744 ut
1359 693 1552 759 cuique
1592 706 1750 744 casus
1804 705 2077 743 armorum
2139 688 2339 757 aliquid

778 782 1036 833 oti'ercbat
1069 780 1340 843 instructi,
1372 781 1502 833 urbe
1538 795 1596 834 se
1634 780 1702 833 ad
1738 778 2019 833 ferendum
2054 780 2165 831 suis
2189 778 2342 831 auxi-

782 871 907 920 limn
950 869 1267 933 effundunt;
1327 869 1523 936 quibus
1579 870 1938 939 incomposito
1998 868 2343 921 venientibus

780 960 989 1027 agmine
1017 968 1365 1012 occurrentes
1387 958 1616 1012 Romani
1647 976 1892 1029 magnam
1924 961 2093 1013 edunt
2116 959 2341 1022 eadem,

779 1058 835 1101 et
894 1050 1103 1102 barbari
1131 1065 1197 1101 ne
1231 1049 1624 1118 aliquantulum
1648 1052 1867 1118 quidem
1897 1050 2057 1119 395
2092 1050 2343 1103 resistere

782 1138 1023 1190 valentes
1076 1138 1205 1190 dant
1258 1148 1423 1208 terga.
1498 1138 1603 1193 Sed
1669 1140 1794 1207 quia
1850 1130 2101 1193 Romani
2134 1140 2346 1208 equites

782 1228 965 1280 citatis
1008 1228 1161 1295 equis
1193 1229 1332 1282 viam
1368 1230 1418 1281 in
1454 1230 1642 1283 urbem
1696 1229 1988 1284 ducentem
2019 1238 2351 1298 occuparant

784 1326 945 1385 atque
978 1318 1309 1383 insederant,
1365 1320 1486 1390 fuga
1535 1336 1633 1389 per
1660 1336 1882 1389 campos
1915 1321 2156 1388 palantes
2188 1331 2349 1388 atque

784 1407 1107 1472 deprehensi
1138 1410 1479 1462 occiduntur.
1527 1410 1715 1479 Itaque
1758 1420 1810 1465 et
1851 1411 2207 1465 cadaveribus
2242 1422 2351 1466 tota

786 1502 1036 1568 planities
1070 1512 1340 1555 constrata
1388 1512 1468 1555 est
1516 1514 1569 1555 et
1604 1504 1869 1555 innumeri
1901 1505 2063 1572 capti.
2119 1504 2353 1559 Proinde

790 1592 1126 1659 Sphageilus,
1184 1594 1338 1660 cujus
1384 1603 1504 1661 post
1557 1594 2090 1660 Sphcndosthlabum
2141 1611 2353 1649 summa

789 1691 905 1734 erat
939 1683 1082 1735 inter
1107 1682 1334 1753 Scythas
1365 1685 1679 1747 auctoritas,
1718 1685 2088 1739 Persthlabani
2140 1687 2353 1740 exerci-

791 1785 877 1824 tus
903 1774 1209 1840 pra'feclus,
1259 1775 1369 1842 jam
1404 1776 1470 1827 de
1507 1775 1620 1843 ipsa
1656 1776 1788 1828 urbe
1836 1776 2116 1828 retinenda
2157 1776 2356 1829 anxius

781 696 906 747 lisse
941 736 953 754 ,

2442 598 2566 658 δίως
2594 596 2759 664 μηδὲν
2795 591 3132 662 προσδοκῶσι
3170 592 3277 651 τοῖς
3322 588 3601 655 πολεμίοις
3651 587 4008 652 ἐμπίπτουσι,

2445 686 2923 754 καταλαμϐάνουσι
2954 683 3009 734 δέ
3044 681 3147 744 ἕξω
3171 678 3362 745 τειχῶν
3385 679 3481 745 τὴν
3504 674 3745 727 ἐνόπλιον
3770 671 4015 725 παιδείαν

2444 780 2890 848 γυμναζομένους
2945 775 3139 843 ἄνδρας
3179 774 3259 833 είς
3284 766 3716 836 ὀκτακισχιλίους
3747 762 3843 816 καὶ
3884 779 4015 814 πενο

2447 871 2728 931 τακοσίους
2786 868 3246 937 ἀριθμουμένους,
3298 863 3495 923 οἵτινες
3550 858 3641 909 ἐπὶ
3672 855 3860 925 χρόνον
3892 851 4015 904 τινὰ

2447 962 2812 1029 ἀντισχόντες,
2874 956 2992 1011 εἷτα
3032 954 3499 1022 καταπονηθέντες
3543 950 3803 1018 ἐςευγοψ
3840 946 3933 998 καὶ
3967 948 4016 997 oi

2453 1052 2551 1121 μὲν
2587 1049 2797 1111 ἀκλεῶς
2828 1047 3191 1118 ἀνῃρέθησαν,
3233 1046 3281 1096 οἱ
3303 1045 3357 1095 δὲ
3392 1046 3469 1105 εἰς
3504 1043 3603 1110 τὴν
3636 1042 3788 1094 πόλιν
3822 1037 4015 1093 διασώ-

2450 1144 2654 1207 ζονται.
2687 1144 2773 1195 Ἐν
2810 1134 2852 1206 ᾧ
2878 1141 2933 1192 δὲ
2961 1140 3131 1191 ταῦτα
3157 1136 3475 1206 ἐπράττετο,
3506 1137 3550 1187 οἱ
3580 1134 3724 1186 ένδον
3741 1133 3889 1194 ὄντες
3920 1131 4019 1199 τῆς

2452 1233 2660 1295 πόλεως
2698 1230 2922 1293 Σκύθαι,
2953 1230 3049 1296 τὴν
3073 1229 3377 1296 ἀπρόοπτον
3412 1227 3691 1278 ἐπέλευσιν
3711 1223 4019 1290 αἰσθόμενοι

2454 1325 2561 1376 τῶν
2603 1322 2889 1391 Ῥωμαίων
2945 1322 3037 1373 καὶ
3068 1320 3164 1388 τὴν
3209 1320 3340 1386 πρὸς
3390 1319 3514 1378 τοὺς
3564 1317 3853 1385 σφετέρους
3886 1330 4020 1379 συμ-

2456 1414 2683 1481 πλοκὴν,
2716 1413 2943 1473 ἕκαστος
3001 1411 3073 1473 ὡς
3120 1414 3145 1463 ὁ
3187 1409 3375 1478 καιρὸς
3418 1406 3585 1459 ἐδίδου
3629 1405 3689 1457 τὸ
3720 1401 4019 1473 προστυχὸν

2457 1503 2825 1572 λαμϐάνοντες
2858 1503 3020 1553 ὅπλον
3054 1500 3282 1569 ἐξῄεσαν
3333 1500 3411 1559 εἰς
3446 1496 3717 1566 βοήθειαν.
3755 1494 3862 1553 Ui);
3903 1510 4023 1544 συν-

2458 1593 2722 1652 αντῶντες
2756 1591 2804 1641 οἱ
2861 1589 3144 1657 Ῥωμαῖοι,
3183 1587 3517 1642 ἀσύντακτον
3571 1585 3665 1637 καὶ
3692 1580 4023 1649 διεσπασμέ-

2459 1701 2554 1751 νην
2575 1684 2673 1752 τὴν
2700 1682 2919 1749 πορείαν
2955 1680 3266 1742 ποιοῦντας,
3307 1679 3567 1730 ἔκτεινον.
3596 1676 3685 1727 Διὸ
3721 1674 3842 1741 μηδ’
3882 1675 4026 1724 ἀντι-

2461 1775 2609 1839 σχεῖν
2637 1773 2730 1823 και
2773 1773 2864 1823 ἐπὶ
2898 1771 3090 1839 μικρὸν
3143 1770 3331 1838 χρόνον
3376 1766 3692 1834 δυνηθέντες
3756 1764 4025 1815 κλίνουσιν

794 1872 977 1928 portas
1033 1863 1235 1916 claudit
1285 1879 1347 1916 ac
1380 1864 1627 1917 vectibus
1674 1865 1903 1934 objectis
1961 1867 2156 1927 munit,
2190 1874 2243 1918 et
2289 1866 2355 1919 de
2385 1862 2432 1921 Β
2460 1865 2535 1924 εἷς

2289 1866 2355 1919 de
2385 1862 2432 1921 B
2460 1865 2538 1924 εἰς
2569 1862 2762 1929 φυγήν.
2825 1859 3249 1929 Προδραμόντων
3294 1859 3349 1910 δὲ
3373 1857 3478 1909 τῶν
3522 1856 3729 1907 ίππέων
3761 1854 3856 1920 τῆς
3898 1852 4028 1904 Ῥω-

792 1966 947 2004 n.uro
985 1954 1164 2005 omnis
1204 1953 1418 2021 generis
1449 1953 1746 2007 missilibus
1777 1970 1840 2007 ac
1881 1954 2023 2007 saxis
2063 1954 2358 2007 subeuntes

795 2039 1067 2093 Romanos
1121 2050 1290 2093 arcet.
1374 2041 1487 2093 Nox
1545 2042 1735 2097 oborta
1782 2043 2119 2096 obsidionem
2180 2044 2356 2096 solvit.

797 2128 1058 2180 Postridie
1108 2130 1279 2196 prima
1321 2128 1438 2183 luce
1470 2145 1673 2199 praeses
1710 2130 1939 2185 Basilius
1978 2146 2099 2184 cum
2139 2134 2361 2200 reliquis

793 2217 968 2283 copiis
1017 2217 1209 2281 adfuit,
1266 2218 1422 2286 cuius
1482 2220 1748 2273 adventus
1799 2236 2054 2291 magnum
2104 2223 2358 2291 gaudium

799 2310 1106 2377 imperatori
1157 2311 1368 2375 attulit;
1400 2319 1455 2363 et
1480 2312 1672 2365 collem
1705 2313 1990 2380 quemdam
2022 2314 2360 2375 conscendit,

800 2410 857 2452 ut
896 2401 1110 2470 Scythis
1148 2411 1294 2455 esset
1345 2404 1694 2469 conspicuus.
1750 2403 1969 2455 Interim
2005 2403 2170 2470 copiae
2225 2403 2365 2456 inter

798 2508 855 2543 se
890 2493 1193 2557 conjunctae
1258 2493 1442 2546 urbem
1475 2494 1721 2562 cingunt.
1776 2493 1954 2547 Multis
1993 2495 2205 2547 hortato
2246 2496 2363 2548 bar-

802 2586 960 2635 haros
1010 2585 1340 2652 imperatore
1370 2595 1429 2638 ut
1473 2586 1541 2638 ab
1572 2586 1789 2655 incepto
1832 2586 2160 2640 desisterent
2190 2603 2367 2655 neque

802 2676 901 2728 sibi
952 2677 1081 2742 ipsis
1116 2677 1264 2729 exitii
1308 2692 1468 2730 causa
1499 2687 1705 2739 essent,
1743 2692 1866 2731 cum
1905 2678 2037 2730 nihil
2079 2678 2367 2744 proficere-

802 2779 909 2827 tur,
942 2753 1166 2820 Romani
1212 2769 1354 2835 justa
1411 2770 1621 2822 incensi
1667 2768 1743 2821 ira
1778 2770 2239 2837 oppugnationem
2275 2784 2367 2839 ag-

801 2860 968 2925 gressi
998 2859 1205 2927 sagittis
1235 2874 1511 2912 murorum
1539 2860 1857 2913 defensores
1900 2859 2145 2929 abigunt,
2200 2862 2370 2913 scalas

804 2949 974 3001 muris
1005 2958 1318 3017 opponunt:
1356 2958 1411 3003 et
1439 2948 1657 3017 quidam
1684 2950 1961 3003 animosus
1992 2950 2146 3003 miles
2183 2951 2369 3004 dextra

804 3039 1039 3107 gladium
1086 3049 1300 3104 tenens,
1342 3041 1584 3109 lmvaque
1615 3049 1827 3093 scutum
1856 3040 1920 3093 ad
1956 3040 2148 3108 capitis
2178 3040 2369 3093 defen-

804 3132 1012 3185 sionem
1069 3132 1270 3185 clatum
1320 3142 1538 3199 gestans
1572 3174 1586 3197 ,
1648 3131 1859 3200 primus
1916 3146 2011 3199 per
2060 3132 2257 3184 scalam
2316 3132 2370 3185 in

804 3235 1018 3276 marum
1069 3223 1268 3288 evadit,
1322 3232 1477 3277 scuto
1528 3222 1667 3276 ictus
1718 3221 1980 3275 amolicns
2029 3231 2083 3275 et
2114 3238 2242 3276 ense
2273 3223 2369 3276 ob-

805 3322 1015 3366 stantes
1042 3328 1254 3374 arcens,
1276 3313 1458 3381 itaqne
1490 3328 1587 3381 per
1616 3311 2015 3381 propugnacula
2047 3313 2367 3375 ascendens,

807 3405 1082 3473 dissipatis
1122 3405 1213 3473 qui
1250 3404 1321 3458 ibi
1373 3414 1530 3458 crant
1559 3403 1834 3468 hostibus,
1880 3408 1993 3456 suis
2019 3411 2195 3457 tutum
2229 3405 2373 3457 muri

806 3495 1211 3548 conscendendi
1242 3495 1417 3548 locum
1454 3492 1617 3571 396
1649 3493 1872 3563 przebet.
1926 3492 2082 3546 llunc
2115 3494 2207 3546 alii
2253 3503 2375 3563 post

808 3588 943 3640 alios
996 3588 1325 3652 imitantur,
1395 3602 1628 3656 cumque
1690 3588 1796 3642 hoc
1862 3586 2020 3639 modo
2070 3588 2376 3657 complures

810 3694 1023 3731 murum
1050 3678 1163 3747 jam
1202 3686 1471 3741 tenerent,
1516 3692 1692 3731 cuneo
1724 3677 1866 3733 facto
1894 3678 2120 3747 Scythas
2148 3680 2371 3748 pellunt,

810 3772 956 3838 iique
997 3785 1056 3823 se
1109 3770 1176 3824 de
1221 3770 1393 3823 muris
1417 3780 1584 3840 agunt
1612 3771 1935 3840 przecipites.
1980 3772 2110 3825 Aliis
2162 3787 2377 3840 quoque

807 3861 1040 3915 diversis
1088 3860 1219 3914 lo‘cis
1261 3860 1417 3914 multi
1465 3862 1677 3929 priores
1720 3861 1914 3915 imitati
1964 3878 2059 3931 per
2110 3865 2283 3917 scalas
2324 3864 2374 3916 in

810 3968 1026 4005 murum
1062 3952 1380 4005 succedunt.
1407 3952 1475 4006 Et
1510 3953 1721 4021 Scythis
1745 3954 2137 4023 trepidantibus
2161 3957 2375 4023 quidam

811 4046 1037 4099 Romani
1072 4046 1228 4099 hoste
1275 4060 1383 4099 non
1418 4045 1881 4100 animadvertente
1911 4047 1977 4100 ad
2019 4059 2201 4116 portas
2233 4049 2378 4103 nullo

813 4139 1027 4208 negotio
1056 4140 1405 4207 perveniunt,
1446 4139 1618 4209 iisque
1648 4141 1851 4209 apertis
1881 4149 2048 4194 totum
2082 4142 2380 4196 immittunt

811 4228 1129 4283 exercitum.
1208 4230 1321 4285 Hoc
1371 4232 1531 4285 modo
1584 4233 1717 4285 urbe
1770 4240 1969 4301 capta,
2026 4231 2239 4303 Scytha:
2286 4250 2381 4302 per

812 4320 1093 4390 angiporta
1167 4320 1511 4392 dill‘ttgientes
1583 4322 1909 4392 deprehensi
1971 4322 2377 4389 interimuntur,

813 4413 1068 4467 mulieres
1090 4424 1143 4468 et
1176 4415 1333 4483 pueri
1368 4415 1563 4483 captivi
1595 4418 1888 4469 ducuntur.
1921 4416 2142 4486 Capitur
2170 4424 2223 4471 et
2257 4432 2379 4469 cum

2465 1954 2639 2020 μαίων
2668 1952 2945 2017 φάλαγγος
2969 1953 3060 2002 καὶ
3089 1950 3184 2017 τὴν
3211 1952 3267 2011 ἐς
3295 1951 3391 2017 τὴν
3424 1948 3576 2000 πόλιν
3608 1946 3875 2015 φέρουσαν
3910 1944 4029 1994 ἐπι-

2462 2045 2832 2111 τειχισάντων,
2862 2042 2966 2095 ἀνά
3002 2042 3062 2094 τὸ
3111 2042 3290 2093 πεδίον
3326 2039 3710 2107 ἐσκεδασμένοι
3741 2037 4030 2103 φεύγοντες

2464 2138 2555 2187 καὶ
2618 2133 3160 2203 καταλαμϐανόμενοι
3202 2132 3519 2202 ἀνῃροῦντο,
3571 2130 3646 2191 ὡς
3693 2130 3908 2180 ἅπαντα
3960 2124 4026 2173 τά

2464 2226 2637 2294 ὁμαλὰ
2673 2226 3027 2295 πληρωθῆναι
3056 2223 3264 2293 νεκρῶν
3284 2264 3297 2287 ,
3332 2222 3571 2291 ζωγρίας
3597 2220 3651 2273 δὲ
3680 2219 3882 2273 ἁλῶναι
3911 2219 4031 2284 ἀρι-

2466 2316 2603 2382 θμοῦ
2649 2318 2953 2385 κρείττους.
2989 2313 3299 2382 Σῳάγελλος
3337 2313 3393 2365 δὲ
3424 2315 3450 2364 ό
3482 2313 3660 2380 πάσης
3683 2310 3781 2376 τῆς
3811 2311 3867 2359 ἐν
3892 2311 4032 2375 Περ-

2469 2406 2676 2476 σθλάϐα
2707 2408 2967 2475 στρατιᾶς
2994 2405 3354 2473 ἐξηγούμενος
3383 2404 3656 2470 (ἐτάττετο
3694 2400 3751 2451 δὲ
3784 2398 4032 2466 δεύτερος

2473 2500 2605 2567 μετὰ
2637 2500 2725 2548 τον
2744 2496 3175 2565 Σερενδοσθλάϐον
3195 2498 3250 2547 ἐν
3269 2494 3549 2562 Σκύθαις),
3573 2493 3669 2544 καὶ
3694 2493 3817 2557 περὶ
3841 2490 4031 2555 αὐτῆς,

2469 2588 2540 2650 ὡς
2564 2588 2731 2649 εἰκὸς,
2770 2588 2953 2647 δείσας
2980 2588 3077 2655 τῆς
3104 2586 3330 2648 πόλεως,
3357 2584 3455 2646 τὰς
3501 2582 3674 2644 πύλας
3711 2581 4036 2641 ἀποκλείσας

2471 2679 2565 2729 καὶ
2613 2677 2827 2747 μοχλοῖς
2886 2675 3389 2744 ἐξασφαλισάμενος
3452 2674 3660 2726 ἄνεισιν
3721 2674 3799 2731 είς
3834 2670 3891 2721 τὸ
3930 2671 4037 2720 τεῖ-

2471 2786 2583 2836 χος,
2613 2767 2697 2837 [Ρ.
2737 2766 2868 2838 675]
2900 2769 2992 2818 καὶ
3057 2765 3333 2827 παντοίοις
3382 2764 3559 2833 βέλεσι
3592 2764 3683 2815 καὶ
3708 2762 3870 2822 λίθοις
3914 2760 4037 2822 τοὺς

2473 2861 2725 2923 ἐπιόντας
2776 2858 3081 2927 Ῥωμαίους
3112 2858 3365 2927 ἠμύνετο.
3406 2856 3521 2921 Νὺξ
3552 2857 3648 2923 μὲν
3670 2853 3758 2907 οῦν
3793 2856 4038 2917 ἐπιγενο-

2476 2954 2609 3021 μένη
2636 2952 2843 3004 διέλυσε
2876 2951 2975 3021 τὴν
3033 2950 3373 3017 πολιορκίαν,
3402 2948 3569 3000 ἕωθεν
3600 2948 3655 2999 δὲ
3703 2947 3729 2998 ὀ
3783 2944 4038 3015 πρόεδρος

2476 3044 2749 3105 Βασίλειος
2799 3044 3040 3110 ἀνεφάνη
3088 3041 3227 3110 μετὰ
3272 3041 3364 3092 τοῦ
3417 3038 3643 3091 κατόπιν
3672 3038 3869 3098 παντδς
3904 3036 4042 3104 πλὴ-

2475 3138 2598 3200 θους
2624 3154 2636 3166 ⁸
2665 3139 2759 3190 καὶ
2792 3138 2818 3188 ὀ
2841 3136 3091 3204 βασιλεὺς
3127 3139 3191 3205 τῇ
3234 3135 3422 3186 τούτου
3472 3133 3681 3183 ἐλεύσει
3745 3128 4042 3197 περιχαρὴς

2476 3232 2765 3296 γενόμενος
2815 3230 3020 3281 ἄνεισιν
3055 3228 3147 3281 ἐπί
3184 3244 3327 3288 τινος
3364 3225 3659 3292 γεωλόφου,
3694 3222 3769 3284 ὼς
3813 3222 3897 3289 εἴη
3936 3224 4045 3282 τοῖς

2475 3320 2711 3383 Σκύθαις
2745 3320 3085 3389 καταφανὴς,
3119 3319 3185 3371 τὰ
3215 3318 3271 3370 δὲ
3317 3317 3498 3385 πλήθη
3553 3319 3609 3379 ἐς
3658 3315 3820 3369 ταυτδ
3864 3314 4043 3364 συνελ-

2476 3413 2634 3463 θόντα
2666 3410 2929 3463 ἐκύκλουν
2958 3411 3055 3480 τὴν
3079 3410 3251 3461 πόλιν.
3272 3410 3358 3471 Ὠς
3387 3409 3441 3460 δέ
3472 3407 3637 3460 πολλὰ
3670 3407 3758 3458 τοῦ
3785 3404 4045 3473 βασιλέως

2476 3498 2925 3571 παρακαλοῦντος
2955 3498 3195 3551 ἐνδοῦναι
3240 3498 3341 3564 τῆς
3368 3497 3665 3558 ὲνστάσεως
3716 3496 3806 3545 καὶ
3848 3492 3922 3560 μὴ
3948 3492 4044 3559 ἄρ-

2475 3596 2571 3661 δην
2600 3590 2959 3654 ἀπολωλέναι,
2984 3590 3084 3642 ούκ
3111 3588 3389 3641 ἐπείθοντο
3414 3591 3659 3641 κατιέναι
3687 3586 3779 3639 τοῦ
3814 3587 4045 3653 τείχους,

2478 3682 2649 3752 θυμοῦ
2683 3681 2893 3733 δικαίου
2952 3679 3281 3747 πλησθέντες
3324 3680 3373 3731 οἱ
3432 3679 3688 3746 Ῥωμαῖοι
3720 3678 3925 3745 εἴχοντο
3952 3678 4048 3741 τῆς

2480 3773 2815 3841 πολιορκίας,
2842 3770 3017 3834 τόξοις
3038 3787 3097 3821 τε
3131 3771 3256 3832 τοὺς
3276 3769 3478 3821 ἄνωθεν
3508 3768 3779 3835 εἴργοντες
3816 3767 3905 3818 καὶ
3939 3768 4049 3817 κλί-

2483 3884 2661 3937 μακας
2689 3868 2799 3928 τοῖς
2821 3864 3028 3932 τείχεσι
3062 3863 3525 3932 προσερείδοντες.
3549 3860 3653 3913 Καί
3681 3877 3761 3921 τις
3791 3859 4049 3926 στρατιώ-

2479 3976 2575 4028 της
2600 3958 2877 4024 γεννάδας,
2926 3955 3073 4023 ξίφος
3123 3957 3188 4023 τῇ
3222 3954 3371 4023 δεξιᾷ
3401 3952 3646 4021 κατέχων
3686 3952 3779 4003 καὶ
3824 3953 3889 4020 τῇ
3928 3950 4050 4018 λαιᾷ

2480 4048 2684 4104 ἄνωθεν
2739 4047 2836 4115 τῆς
2893 4045 3134 4114 κεφαλῆς
3187 4046 3284 4113 τὴν
3322 4044 3525 4097 ἀσπίδα
3576 4042 4049 4111 προϐεϐλημένος,

2484 4138 2697 4208 πρῶτος
2729 4138 2816 4190 διὰ
2850 4137 2978 4203 μιᾶς
3008 4135 3111 4187 τῶν
3143 4134 3428 4201 κλιμάκων
3465 4130 3927 4203 ἀναῤῥιχώμενοςο
3958 4132 4050 4182 καὶ

2481 4234 2544 4299 τῇ
2583 4230 2677 4298 μέν
2714 4229 2899 4280 ἀσπίδι
2924 4227 3019 4288 τὰς
3055 4225 3215 4296 βολὰς
3251 4224 3706 4294 ἀποκρουόμενος,
3735 4222 3810 4290 τῷ
3834 4222 3889 4274 δὲ
3911 4220 4051 4287 ξίφει

2483 4325 2603 4385 τοὺς
2645 4323 2897 4383 ἐπιόντας
2956 4322 3050 4373 καὶ
3104 4318 3409 4380 κωλύοντας
3468 4316 3826 4386 ἀμυνόμενος.
3877 4314 4051 4367 ἄνεισι

2482 4415 2571 4469 διὰ
2616 4414 2724 4467 τῶν
2773 4412 3077 4477 ἐπάλξεων,
3141 4411 3237 4463 καὶ
3289 4411 3413 4472 τοὺς
3452 4411 3629 4461 ἐκεῖσε
3674 4407 3787 4475 (26)
3846 4410 4051 4469 πάντας

815 4506 1042 4577 conjuge
1087 4517 1140 4561 et
1184 4508 1369 4562 liberis
1418 4508 1631 4563 Borises
1669 4508 2017 4578 Bulgarorum
2056 4525 2145 4563 rex
2172 4549 2186 4574 ,
2233 4509 2379 4577 regni
2416 4512 2460 4571 ο
2486 4505 2556 4558 διε

2305 4509 2379 4577 ςηί
2416 4512 2460 4571 D
2486 4504 2843 4565 διασκεδάσας
2875 4502 3059 4555 άδειαν
3092 4500 3279 4553 ἀνόδου
3311 4501 3420 4559 τοῖς
3452 4498 3677 4549 κατόπιν
3712 4497 4046 4565 παρέσχετο-

817 4598 1045 4667 insignia
1093 4599 1273 4653 adhuc
1322 4609 1559 4669 gestans,
1599 4609 1654 4654 et
1691 4600 1755 4653 ad
1792 4600 2172 4667 imperatorem
2208 4600 2380 4653 addu-

816 4687 976 4742 citur.
1011 4689 1110 4744 Cui
1156 4705 1213 4743 se
1254 4690 1548 4758 imperator
1592 4691 1885 4744 admodum
1916 4690 2166 4745 exhibuit
2196 4690 2381 4743 huma-

817 4794 994 4843 nunt,
1045 4795 1224 4848 regem
1274 4781 1628 4851 Bulgarorum
1689 4782 1969 4850 appellans
2002 4822 2016 4845 ,
2076 4796 2378 4849 omnesque

818 4870 1057 4937 captivos
1097 4870 1355 4940 Bulgaros
1397 4872 1564 4926 libere
1597 4887 1704 4940 quo
1751 4872 1980 4939 quisque
2034 4871 2181 4924 abire
2220 4871 2379 4924 vellet

2488 4597 2547 4648 ὃν
2592 4594 2975 4664 μιμησάμενος
3034 4593 3191 4654 ἄλλος
3254 4592 3347 4643 καὶ
3385 4586 3450 4642 αὖ
3509 4588 3662 4651 ἄλλος
3710 4589 3805 4640 καὶ
3871 4588 4052 4639 πολλοὶ

2489 4689 2665 4755 ἕτεροι
2696 4685 2945 4754 ἀνῆλθον.
2973 4686 3082 4738 Καὶ
3118 4679 3495 4751 συνασπισμοῦ
3519 4680 3809 4749 γενομένου
3839 4681 3885 4731 οί
3914 4680 4050 4731 Σκύ-

2490 4778 2578 4831 θαι
2608 4778 3025 4847 κατισχυόμενοι
3048 4776 3275 4837 ὲαυτοὺς
3297 4775 3404 4827 ἀπὸ
3436 4774 3543 4826 τῶν
3570 4773 3761 4840 τειχῶν
3785 4772 4052 4839 κατεκρή-

2492 4870 2697 4940 μνιζον.
2723 4868 2912 4920 Πολλοὶ
2940 4868 2995 4920 δὲ
3029 4868 3121 4921 καὶ
3158 4867 3416 4936 Ῥωμαῖοι
3438 4864 3577 4917 κατά
3600 4864 3757 4932 ζῆλον
3780 4863 3885 4914 τῶν
3916 4879 4049 4930 προσ

1974 5001 2330 5057 XYLANDRI
2376 5003 2462 5057 ET
2484 5003 2695 5057 COARI
2726 5002 2959 5057 NOTAE.

888 5089 997 5162 (‘26)
1036 5090 1412 5162 Librarins'ﬁin
1456 5094 1696 5160 margine
1750 5096 1861 5147 haec
1886 5096 2179 5162 ascripsit:
2236 5095 2381 5147 Θαυ-

824 5160 988 5235 μ-άζιιζ
1003 5163 1158 5235 εἰπερ
1183 5163 1282 5235 οὐκ
1310 5161 1377 5232 ἦν
1400 5162 1518 5235 τότε
1558 5167 1669 5235 τοῖς
1714 5165 1779 5233 βα
1792 5166 2010 5235 ρόάροις
2032 5160 2159 5231 δόρυ
2196 5166 2383 5217 στιϐα-

824 5231 934 5297 ρδν,
965 5230 1043 5302 διξ
1065 5226 1137 5284 οἷδ’
1157 5231 1249 5302 τὸν
1278 5226 1540 5302 ,τοιοῦτον
1602 5234 1667 5285 ἂν
1714 5226 2001 5286 ἐκώλυσαν
2046 5226 2143 5302 τῆς
2182 5235 2383 5287 ἀναϐα-

820 5301 1168 5373 σεωςκριιοιί
1201 5300 1417 5355 videtur
1446 5318 1510 5354 eo
1560 5304 1852 5371 pertinere,
1889 5304 2011 5373 quia
2046 5300 2179 5356 sane‘
2199 5304 2381 5357 diluta:

821 5378 950 5420 sunt
978 5370 1066 5441 ha:
1112 5373 1479 5441 narrationes;
1529 5370 1751 5425 ettanta
1798 5370 2034 5427 facinora
2070 5374 2379 5441 diligentius

821 5439 1377 5510 percircutnstantias
1416 5440 1767 5495 describenda
1812 5453 1958 5505 sunt,
2008 5459 2075 5496 ne
2127 5439 2379 5510 figmenta

823 5507 1314 5580 potiusvideantur
1346 5519 1402 5563 et
1444 5510 1681 5577 ineptiae.
1711 5513 1845 5565 Nam
1887 5513 2017 5580 quin
2048 5507 2189 5579 saepe
2222 5513 2379 5565 unius

824 5576 1057 5631 hominis
1111 5577 1283 5631 virtus
1331 5590 1516 5631 contra
1539 5576 1549 5577 ί
1576 5581 1773 5635 multos
1814 5576 1997 5635 hostes
2029 5576 2290 5633 sub—sistat
2318 5598 2380 5633 ac,

822 5648 1021 5707 vincat,
1075 5662 1181 5699 non
1231 5657 1313 5700 est
1359 5648 1579 5701 dubium
1625 5650 1873 5702 liiStorica
1907 5652 2028 5704 fide.
2068 5650 2171 5702 Sed
2214 5667 2378 5702 unum

826 5716 1056 5785 aliquem
1091 5731 1157 5769 eo
1197 5718 1357 5769 modo
1386 5732 1492 5785 quo
1522 5718 1605 5772 hic
1630 5720 1884 5772 scribitur
1914 5722 1966 5773 in
2000 5736 2210 5770 murum
2254 5736 2372 5771 cva-

830 5782 979 5849 dere,
1014 5785 1194 5839 multis
1240 5782 1471 5856 desuper
1509 5790 1726 5843 armatis
1761 5790 2007 5843 hostibus
2048 5790 2376 5849 \itiClilibU>,

2489 5096 2706 5149 videtur
2752 5094 2861 5146 τῶν
2900 5093 3197 5146 ἀδυνάτων.
3235 5091 3537 5145 Verisimile
3585 5101 3666 5144 est
3697 5092 3837 5159 quod
3874 5090 4048 5142 Zona-

2489 5181 2602 5221 ram
2637 5166 2866 5217 innuerc
2894 5172 3135 5231 apparet.
3174 5178 3297 5216 eum
3324 5162 3443 5214 loco
3466 5163 3646 5229 aliquo
3676 5162 4049 5214 defensUribus

2489 5250 2657 5289 vacuo
2714 5249 2930 5287 murum
2985 5233 3259 5294 tenuisse,
3326 5234 3556 5299 itemque
3619 5231 3781 5287 alios:
3825 5231 3947 5283 inde
3996 5231 4048 5282 in

2489 5313 2919 5374 propugnatores
2954 5302 3095 5374 facto
3127 5303 3352 5371 impetu,
3380 5301 3442 5354 iis
3482 5300 3791 5374 profligatis,
3828 5300 4046 5374 reliquis

2486 5370 2811 5428 ascendendi
2872 5373 3181 5425 facultatem
3208 5370 3461 5438 parasse.
3513 5371 3629 5423 Non
3668 5370 3835 5423 multo
3878 5371 4046 5422 artiﬁ-

2490 5444 2687 5497 ciosior
2716 5453 2798 5495 est
2828 5442 2964 5494 infra
3000 5442 3049 5493 in
3086 5441 3278 5494 Basilio
3300 5442 3364 5493 de
3400 5439 3571 5493 Ihatza
3618 5451 3887 5494 excecato
3928 5454 4045 5491 uar-

2494 5514 2647 5573 ratio,
2690 5512 2779 5565 ubi
2818 5512 2951 5565 tanti
2998 5511 3249 5563 facinoris
3296 5520 3482 5563 auctor
3517 5510 3684 5561 hostis
3714 5510 3882 5576 potuit
3910 5510 4049 5561 ntul-

2494 5583 2779 5637 titudinem
2824 5581 3067 5634 hostilem
3100 5590 3358 5632 armatam
3412 5590 3463 5632 et
3516 5580 3835 5631 frciiicutem
3862 5594 4051 5631 manu:

2491 5661 2635 5703 motu
2669 5654 2855 5705 sedare
2887 5660 2938 5701 et
2970 5650 3215 5701 oratione
3245 5650 3576 5717 den‘titigarc,
3607 5664 3723 5715 quae
3777 5662 3841 5700 ne
3882 5649 4043 5717 magi-

2492 5731 2719 5775 stratum
2764 5721 2979 5789 quidem
3015 5720 3177 5772 semel
3220 5716 3483 5773 concitata
3516 5718 3701 5772 audire
3733 5718 3886 5773 solet.
3918 5716 4045 5769 XtL.
