4410 6452
393 401 493 461 129
1405 397 1939 458 111ςΤ(’)1ὶῘΛῘΠΗκΙ
1975 398 2502 457 (ΣΟΜΡΕΝΙΜΗΜ.
3537 401 3635 463 130

391 513 560 576 τὲρων
589 511 681 560 καὶ
707 511 761 560 ὲν
787 511 1060 579 διτυόροις
1088 510 1272 562 τόποις
1297 509 1383 560 διὰ
1423 509 1708 576 κλιμάκων
1735 509 1957 559 άνὲὕαι-
1991 518 2033 571 Α
2068 523 2132 573 pe

1895 527 1957 558 ιι·
1991 518 2033 571 Α
2068 507 2412 573 permittens,
2464 523 2569 558 non
2607 509 2668 558 ad
2709 507 3035 574 subigendos
3087 509 3180 562 sed
3227 508 3292 560 a-l
3333 508 3636 561 liberandos

389 619 474 650 νον
512 603 587 658 εἰς
622 601 680 650 τὸ
710 603 902 665 τεῖχος.
941 601 1046 650 Καὶ
1109 599 1216 650 τῶν
1270 596 1490 647 Σκυθῶν
1539 597 1955 664 θορυϐουμένων
2071 597 2125 648 Bt

1899 615 1955 646 ον
2071 597 2325 666 Bulgaros
2365 597 2561 648 bellum
2603 615 2659 651 se
2690 601 2924 651 movisse
2959 599 3168 662 dicens,
3205 601 3461 668 solosque
3503 597 3636 650 Ros-

390 693 577 742 παθόν
630 708 772 752 τινες
827 692 1063 758 ἀμογητὶ
1120 690 1250 758 προς
1299 690 1397 750 τὰς
1422 690 1592 751 πύλας
1635 689 1827 745 ἐλθεῖν,
1865 688 1958 738 καὶ
2067 705 2127 742 so

1299 690 1397 750 tit;
1422 690 1592 751 πύλας
1635 689 1827 745 ἐλθεῖν,
1865 688 1958 738 καὶ
2067 705 2158 742 sos
2184 704 2240 740 sc
2279 689 2514 741 hostium
2551 690 2748 743 habere
2774 706 3022 743 numero.

385 787 586 843 ταύτας
633 783 1070 842 ἀναπετάσαντες
1124 781 1344 846 εἰσῆγον
1381 781 1438 830 τὸ
1479 783 1812 850 στράτευμα.
1849 781 1956 832 Καὶ
1993 780 2183 831 τοῦτον
2211 779 2302 832 τὸν
2328 782 2527 848 τρόπον
2549 780 2646 848 τῆς
2663 783 2865 844 πόλεως
2926 784 3158 851 ἀλούσης
3185 785 3233 835 οἱ
3267 787 3364 851 μὲν
3435 782 3637 835 Σκύθαι

384 873 485 927 ἀνά
509 874 629 932 τοὺς
657 873 962 933 στενωποὺς
983 871 1276 939 φεύγοντες
1329 873 1421 924 καὶ
1483 871 2025 939 καταλαμϐανόμενοι
2067 869 2387 940 ἀνῃροῦντο,
2421 873 2679 937 γυναῖκες
2716 873 2770 924 δὲ
2803 877 2896 926 καὶ
2932 873 3121 926 παιδία
3171 872 3632 942 ᾑχμαλωτίζοντν.

401 957 571 1012 Ἑάλω
601 963 656 1014 δὲ
688 964 779 1014 καὶ
814 963 1042 1030 Βορίσης
1074 963 1099 1012 ό
1132 960 1380 1030 βασιλεὺς
1413 961 1520 1012 τῶν
1553 961 1877 1028 Βουλγάρων
1909 961 2025 1030 ἅμα
2066 961 2286 1027 γυναικὶ
2323 962 2416 1013 καὶ
2463 963 2695 1024 τέκνοις,
2733 965 2811 1015 ἔτι
2841 965 2906 1016 τὰ
2961 967 3264 1036 παράσημα
3325 965 3503 1035 φέρων
3538 966 3636 1031 τῆς

388 1052 679 1119 βασιλείας.
749 1058 840 1107 καὶ
877 1058 954 1118 εἰς
1008 1054 1229 1123 βασιλέα
1301 1054 1520 1123 ἀπήχθη
1605 1054 1790 1122 Τούτῳ
1849 1053 1905 1103 δὲ
1953 1057 1980 1104 ό
2025 1053 2277 1121 βασιλεὺς
2338 1054 2734 1125 φιλανθρώπως
2777 1057 3063 1126 ἐχρήσατο,
3118 1060 3279 1111 αὐτόν
3316 1076 3376 1111 τε
3415 1059 3636 1128 βασιλέα

386 1148 709 1218 Βουλγάρων
752 1149 1068 1210 ἀποκαλῶν,
1103 1152 1196 1202 καὶ
1257 1153 1460 1210 πάντας
1530 1150 1654 1210 τοὺς
1697 1148 2084 1215 ἀ“”ισκομένους
2118 1148 2460 1217 Βουλγάρους
2508 1149 2730 1210 ἀνέτους
2788 1150 2969 1216 ἀφιεὶς
3024 1154 3116 1204 καὶ
3185 1153 3499 1222 ἐλευθέρους
3528 1156 3634 1220 ὅπη

381 1244 478 1299 καὶ
528 1242 797 1312 βούλοιντο
839 1242 1078 1305 ἀπιέναι,
1122 1244 1221 1294 οὐκ
1276 1242 1367 1293 ἐπὶ
1395 1241 1608 1307 δουλεία
1664 1242 1888 1307 φάσκων
1925 1238 2268 1308 Βουλγάρων,
2334 1240 2448 1293 ἀλλ’
2481 1240 2566 1292 ἐπ’
2612 1239 2897 1312 ἐλευθερία
2929 1242 3128 1313 μᾶλλον
3155 1243 3463 1310 ἀφίξεσθαι,
3501 1246 3635 1308 Ῥιὶνς

381 1327 436 1388 δὲ
469 1335 659 1404 μόνους
679 1333 966 1402 γινώσκειν
1021 1334 1247 1402 ἐχθροὺς
1308 1335 1400 1385 καὶ
1453 1333 1664 1393 τούτοις
1703 1331 1939 1400 χρῆσθαι
1973 1330 2048 1394 ὡς
2081 1331 2383 1397 πολεμίοις.

452 1434 513 1484 Οἱ
535 1432 591 1483 δὲ
623 1431 733 1482 τῶν
762 1430 983 1482 Σκυθῶν
1005 1429 1370 1500 γενναιότεροι
1395 1429 1658 1497 ὀχύρωμά
1684 1445 1735 1479 τι
1779 1445 1961 1480 κατει-

382 1525 612 1594 ληφότες
656 1523 806 1584 ἐντος
846 1523 952 1574 τῶν
980 1524 1076 1589 τῆς
1110 1521 1315 1583 πόλεως
1355 1521 1663 1588 βασιλείων,
1695 1521 1957 1573 ὀκτακισ-

383 1619 540 1685 χίλιοι
589 1617 679 1667 τὸν
708 1615 960 1684 ἀριθμὸν,
994 1615 1084 1666 ὲπί
1115 1631 1235 1666 τινα
1269 1614 1462 1684 χρόνον
1526 1612 1840 1673 ἐλάνθανον,
1864 1611 1957 1663 καὶ

384 1707 612 1768 πολλοὺς
646 1706 756 1756 τῶν
787 1705 907 1757 καθ’
941 1705 1179 1772 ἱστορίαν
1211 1705 1389 1755 ὲκεῖσε
1421 1703 1725 1772 γενομένων
1753 1701 1785 1770 ἢ
1822 1699 1955 1752 σκύ-

381 1797 487 1847 λων
542 1794 797 1864 ἁρπαγὴν
841 1793 1182 1862 άσυμφανῶς
1237 1791 1565 1862 κρατοῦντες
1608 1792 1950 1845 ἀπέκτεινον.

381 1975 503 2026 λετο
536 1974 854 2043 ἀξιόμαχος.
905 1970 1184 2036 Ὀκνηρῶς
1218 1972 1274 2023 δὲ
1318 1967 1464 2040 εἶχον
1493 1974 1543 2023 οἱ
1589 1971 1956 2040 πεμπόμενοι,

382 2069 476 2118 καὶ
527 2066 626 2134 τῆς
686 2063 1004 2132 πολιορκίας
1060 2062 1298 2118 ἔδειλιων
1371 2062 1797 2130 ἀποπειρᾶσθαι,
1858 2063 1958 2113 οὐκ

379 2157 570 2226 ἐπειδὴ
625 2156 754 2218 τοὺς
797 2156 938 2218 Ῥὼς
988 2156 1300 2225 ἐφοϐοῦντο,
1347 2155 1460 2207 ἀλλ’
1514 2155 1700 2223 ἐπειδὴ
1737 2157 1764 2205 ὁ
1796 2153 1959 2214 τόπος

378 2249 580 2316 ὀχυρὸς
606 2243 674 2318 ἦν
705 2247 799 2300 καὶ
844 2248 1141 2309 ἀνάλωτος.
1179 2245 1264 2316 [Ρ.
1297 2245 1419 2316 674]
1482 2246 1590 2297 Καὶ
1632 2245 1786 2296 τοῦτο
1837 2244 1892 2296 δὲ
1931 2244 1958 2294 ό

383 2340 642 2408 βασιλεὺς
677 2339 919 2408 εὐχερῶς
974 2337 1274 2400 διελύσατο,
1328 2337 1396 2388 τὰ
1444 2337 1583 2388 ὅπλα
1641 2335 1816 2386 λαϐὼν
1866 2336 1959 2386 καὶ

383 2431 547 2492 πεζὸς
573 2429 882 2500 ἔμπροσθεν
904 2429 1014 2481 τῶν
1043 2429 1220 2482 ἄλλων
1255 2430 1760 2498 προπορευόμενος·
1801 2425 1959 2478 τοῦτο

379 2520 490 2589 γὰρ
521 2521 720 2582 ἰδόντες
746 2521 796 2572 οἱ
847 2521 1180 2588 στρατιῶται
1212 2518 1396 2586 ἀθρόοι
1432 2519 1500 2570 τά
1529 2517 1666 2569 ὅπλα
1689 2515 1956 2578 λαϐόντες

378 2611 554 2677 ἔθεον,
578 2611 807 2674 ἕκαστος
847 2615 938 2664 τὸν
971 2612 1198 2681 βασιλέα
1243 2609 1534 2679 προλαϐεῖν
1586 2608 1953 2677 ἐπειγόμενοι,

379 2701 476 2754 καὶ
501 2703 637 2771 μετά
677 2702 805 2771 βοῆς
835 2705 930 2756 καὶ
958 2701 1274 2770 ἀλαλαγμοῦ
1307 2700 1385 2770 τῷ
1420 2689 1661 2770 ᾧρουρεῳ
1686 2699 1956 2769 προσϐάλ-

380 2792 584 2844 λουσιν.
620 2792 905 2860 Ἐκθύμως
935 2793 990 2844 δὲ
1005 2793 1114 2844 τῶν
1158 2791 1296 2854 Ῥὼς
1322 2789 1702 2856 ὑπομενόντων
1729 2790 1827 2856 τ’ὴν
1858 2805 1954 2839 πο-

382 2882 652 2951 λιορκίαν,
690 2885 802 2952 πῦρ
830 2886 908 2945 εἰς
933 2883 1101 2936 πολλά
1129 2884 1268 2951 μέρη
1302 2882 1635 2949 ὑφάψαντες.
1663 2879 1806 2931 οὓτω
1829 2882 1954 2941 τοὺς

381 2973 810 3042 ἀνθισταμένους
856 2974 1336 3043 κατηγωνίσαντο·
1400 2973 1472 3040 μὴ
1518 2973 1803 3034 στέγοντες
1845 2970 1954 3038 γάρ

379 3065 479 3134 τὴν
501 3065 593 3116 τοῦ
627 3065 798 3131 πυρὸς
840 3064 1068 3134 δύναμιν
1104 3063 1220 3114 καὶ⁰
1241 3061 1337 3130 τὴν
1409 3061 1724 3128 Ῥωμαϊκὴν
1770 3063 1949 3130 χεῖρα,

380 3155 611 3219 ἕκαστος
661 3157 852 3207 ἑαυτὸν
927 3153 1317 3224 κρημνίζοντες
1373 3151 1796 3220 ἀπεδίδρασκον·
1861 3153 1952 3203 καὶ

2137 1427 2361 1479 interim
2413 1426 2736 1495 Scytharum
2786 1427 3142 1483 animosiores
3176 1428 3242 1482 ad
3294 1439 3418 1484 octo
3470 1430 3636 1484 millia

2066 1517 2243 1569 locum
2279 1519 2331 1570 in
2365 1519 2508 1587 regia
2554 1519 2822 1572 munitum
2854 1530 3142 1589 occupant,
3177 1521 3358 1590 ibique
3389 1521 3637 1592 aliquan-

2063 1607 2152 1661 diu
2218 1610 2406 1674 latcnt,
2459 1626 2522 1663 ac
2590 1611 2790 1665 multos
2843 1611 2932 1680 qui
2962 1612 3064 1664 loci
3113 1614 3510 1682 contemplandi
3543 1627 3637 1669 aut

2061 1701 2358 1768 Spoliorum
2415 1717 2577 1756 causa
2630 1717 2696 1755 co
2729 1703 3068 1767 accederent,
3123 1705 3335 1759 occulte
3377 1704 3626 1774 arreptos

2061 1791 2417 1844 interficiunt.
2455 1791 2751 1861 Imperator
2785 1809 2840 1846 rc
2872 1795 3082 1864 cognita
3115 1796 3417 1849 exercitum
3441 1796 3634 1850 adver-

2066 1973 2534 2041 Oppugnationcm
2570 1982 2779 2026 tentare
2812 1989 2918 2026 non
2946 1975 3192 2038 auderet,
3247 1991 3358 2030 non
3391 1976 3631 2030 hostium

2063 2063 2115 2117 id
2144 2073 2316 2129 metu,
2346 2065 2439 2118 sed
2477 2066 2619 2132 quod
2655 2067 2804 2120 locus
2841 2067 2885 2117 is
2915 2067 3158 2134 munitus
3194 2076 3355 2136 atque
3406 2068 3634 2137 inexpu-

2063 2155 2295 2226 gnabilis
2322 2156 2624 2218 videbatur,
2658 2156 2952 2225 imperator
2996 2157 3153 2211 facile
3204 2157 3504 2211 remedium
3545 2159 3634 2211 ad-

2064 2243 2258 2305 hibuit,
2311 2244 2424 2311 ipse
2472 2246 2703 2313 sumptis
2735 2247 2897 2298 armis
2949 2247 3157 2315 primus
3187 2247 3432 2300 omnium
3464 2250 3632 2316 pedes

2062 2334 2127 2387 ad
2160 2333 2309 2387 illum
2360 2335 2536 2388 locum
2574 2337 2932 2390 contendens.
2963 2337 3015 2390 Id
3053 2338 3200 2398 enim
3228 2354 3348 2392 eum
3386 2339 3632 2393 viderent

2061 2428 2284 2492 milites,
2321 2429 2608 2483 confertim
2643 2446 2792 2483 arma
2831 2431 3068 2499 rapiunt.
3102 2441 3156 2485 ct
3187 2432 3366 2500 quivis
3397 2435 3630 2502 impera-

2061 2530 2234 2574 torem
2264 2531 2588 2589 prtevcrlcrc
2611 2520 2894 2589 cupientes
2920 2523 3132 2576 sublato
3163 2525 3400 2578 clamore
3428 2525 3631 2580 Rossos

2059 2627 2375 2681 oppugnare
2395 2612 2802 2681 aggrediuntur.
2825 2611 3059 2667 Fortiter
3085 2615 3148 2668 iis
3167 2618 3628 2686 oppugnationem

2059 2705 2444 2770 tolerantibus,
2481 2704 2665 2758 multis
2690 2705 2821 2758 locis
2849 2705 3026 2776 ignem
3059 2711 3420 2772 succendunt,
3450 2711 3631 2779 itaque

2057 2813 2150 2851 eos
2181 2807 2515 2866 expugnant.
2548 2797 2681 2850 Nam
2713 2799 2822 2850 vim
2848 2798 2985 2866 ignis
3017 2815 3125 2852 non
3173 2801 3410 2856 ferentes
3449 2803 3626 2864 Rossi,

2060 2903 2237 2956 neque
2263 2887 2630 2940 Romanorum
2665 2889 2840 2942 robori
2875 2905 3051 2956 pares,
3073 2906 3171 2959 per
3191 2893 3485 2961 prmcipitia
3509 2909 3628 2947 sese

2059 2976 2380 3043 dejicienles
2428 2975 2660 3044 quisque
2711 2976 3043 3047 aufugiunt:
3086 2981 3240 3033 multi
3289 2997 3478 3035 eorum
3521 2984 3625 3052 igni

2055 3065 2352 3134 absumpti,
2415 3067 2568 3119 multi
2616 3069 2879 3135 praecipiti
2925 3084 3053 3122 casu
3099 3071 3372 3134 exstincti,
3431 3075 3623 3140 reliqui

2056 3153 2202 3208 ferro
2232 3157 2395 3209 occisi
2426 3166 2520 3210 aut
2547 3159 2710 3226 capti.
2756 3158 2866 3212 lloc
2893 3161 3055 3214 modo
3082 3161 3221 3214 intra
3257 3162 3480 3216 biduum
3517 3173 3625 3216 tota

379 3247 568 3299 πολλοὶ
597 3249 693 3316 μὲν
733 3249 1011 3315 ἀνήλωντο
1042 3245 1117 3314 τῷ
1157 3244 1312 3314 πυρὶ,
1351 3242 1532 3295 πολλοὶ
1561 3242 1618 3293 δὲ
1653 3243 1951 3311 κρημνιζό-
1981 3237 2022 3293 C
2057 3263 2120 3299 ur

1883 3244 1951 3304 ζό-
1981 3237 2022 3293 C
2057 3247 2187 3300 urbs
2213 3257 2389 3316 capta.
2417 3247 2627 3301 Reiecit
2650 3265 2766 3302 eam
2797 3251 3110 3319 imperator,
3142 3263 3243 3307 eta
3277 3270 3375 3308 suo
3407 3257 3624 3308 nomine

382 3354 538 3406 μενοι
599 3337 911 3395 ἀπώλοντο.
972 3337 1097 3398 τοὺς
1163 3335 1220 3387 δὲ
1286 3334 1508 3396 λοιποὺς
1567 3335 1809 3402 μάχαιρα
1866 3334 1959 3385 καὶ

379 3427 727 3495 αἰχμαλωσία
755 3427 1074 3491 διεδέξαντο.
1103 3426 1211 3478 Καὶ
1241 3427 1272 3494 ἠ
1296 3426 1393 3494 μὲν
1424 3423 1575 3485 πόλις
1600 3423 1786 3476 τοῦτον
1816 3424 1956 3476 ἑάλω

376 3519 470 3570 τὸν
495 3520 715 3587 τρόπον,
751 3520 808 3572 ὲν
845 3519 995 3572 δυσὶν
1025 3517 1171 3578 ὅλαις
1206 3516 1438 3585 ἡμέραις
1471 3513 1545 3582 μὴ
1579 3513 1907 3582 ἀντισχοῦσα
1937 3532 1950 3545 ο

379 3611 586 3679 ταύτην
615 3612 658 3662 δ’
707 3611 941 3664 ἀλοῦσαν
982 3607 1434 3676 ἀνακτησάμενος
1473 3607 1502 3656 ό
1538 3603 1812 3672 βασιλεὺς,
1857 3608 1950 3656 καὶ

381 3705 626 3772 φρουράν
669 3703 943 3768 ἀξιόλογον
997 3701 1320 3769 ἐπιστήσας,
1360 3697 1456 3750 κα)⁸
1497 3696 1565 3748 τά
1597 3696 1733 3764 πρὸς
1770 3696 1830 3746 τὸ
1856 3697 1952 3764 ζῇν

2053 3337 2435 3405 Joannopolim
2462 3339 2866 3405 dcoominavit;
2905 3342 3266 3412 impositoque
3293 3345 3627 3414 valido.an-

2055 3429 2193 3483 sidio
2214 3472 2227 3491 ,
2263 3431 2426 3484 rebus
2460 3432 2527 3485 ad
2553 3433 2716 3484 vitam
2750 3435 3072 3489 necessariis
3101 3436 3316 3491 abunde
3346 3437 3621 3492 instruxit.

2055 3522 2184 3577 Inde
2221 3523 2362 3577 festo
2396 3525 2690 3579 Dominicre
2740 3527 3176 3584 Resurrcctionis
3207 3532 3292 3585 die
3342 3541 3484 3596 acto,
3524 3547 3621 3600 po-

2056 3613 2242 3667 stridie
2290 3616 2356 3667 ad
2414 3615 2778 3679 Dorostolum,
2815 3619 2900 3670 cui
2934 3628 2987 3672 et
3022 3619 3224 3674 Dristra
3260 3637 3481 3683 nomen,
3526 3621 3626 3675 iter

2063 3702 2386 3768 ingreditur.
3185 3749 3188 3752 ι
3595 3718 3597 3720 ’

379 3799 662 3866 ἐπιτήδεια.
679 3797 918 3866 δαψιλῶς
955 3792 1551 3866 παρασκευασάμενο;,“
1584 3791 1678 3841 καὶ
1709 3789 1806 3858 τὴν
1843 3793 1938 3859 τῆς
1978 3793 2138 3857 ἁγίας
2182 3796 2536 3859 Ἀναστασίας
2574 3799 2686 3867 (‘27)
2708 3798 2930 3860 τελέσας
2963 3800 3178 3869 ἑορτὴν,
3208 3802 3301 3853 καὶ
3376 3803 3435 3866 ἐξ
3493 3803 3622 3856 ἑαυ-

376 3891 471 3943 τοῦ
518 3888 920 3944 Ἰωαννούπολιν
955 3886 1328 3957 μετονομάσας
1355 3882 1453 3952 τὴν
1477 3881 1652 3946 πόλιν,
1681 3882 1744 3950 τῇ
1777 3881 2038 3952 ἐπαύριον
2079 3885 2178 3954 τῆς
2209 3889 2300 3939 ἐπὶ
2336 3889 2396 3941 τὸ
2424 3890 2762 3959 Δορόστολον,
2822 3891 2850 3942 ὃ
2911 3892 3003 3943 καὶ
3056 3891 3293 3961 Δρίστρα
3354 3895 3621 3946 καλεῖται.

379 3988 553 4052 εἴχετο
577 3981 820 4049 πορείας.

459 4082 514 4133 Ὀ
546 4080 602 4131 δὲ
627 4074 1060 4145 Σφενδοσθλάόος
1111 4073 1211 4142 τὴν
1257 4071 1356 4140 τῆς
1391 4071 1745 4142 Περσθλάϐας
1781 4073 1949 4124 πυθό-

381 4191 539 4244 μενος
585 4171 784 4225 ἅλωσιν
831 4170 910 4229 εἰς
960 4168 1205 4236 ταραχὴν
1250 4165 1525 4226 ἐνέπεσεν,
1568 4164 1642 4226 ὡς
1685 4166 1851 4226 εἰκὸς,
1885 4166 1944 4216 ού

380 4268 484 4334 μὴν
516 4279 573 4328 γε
604 4262 696 4314 καὶ
720 4259 814 4311 τοῦ
849 4259 1191 4326 φρονήματος
1227 4255 1565 4324 καθυφῆκεν,
1599 4255 1732 4307 ἀλλά
1761 4272 1948 4324 παρα-

377 4356 651 4425 θαρρύνας
689 4350 813 4410 τοὺς
844 4351 974 4418 περὶ
1021 4347 1204 4411 αὑτὸν,
1248 4345 1343 4397 καὶ
1369 4344 1461 4396 νῦν
1490 4346 1686 4412 μᾶλλον
1710 4346 1947 4413 ἀγαθοὺς

374 4445 571 4512 ἄνδρας
607 4441 945 4508 ἀναφανῆναι
991 4436 1402 4507 παρακαλέσας,
1433 4431 1605 4488 τᾶλλά
1635 4452 1693 4487 τε
1719 4435 1793 4498 ὡς
1819 4436 1945 4506 ἐνῆν

376 4532 878 4600 καταστησάμενος,
933 4531 1028 4581 καὶ⁸
1076 4529 1282 4589 πάντας
1341 4525 1433 4587 οὓς
1465 4525 1610 4596 εἶχεν
1649 4528 1704 4578 ὲν
1736 4527 1942 4595 ὑποψίᾳ

2127 4074 2194 4124 At
2223 4088 2350 4126 vero
2384 4073 2909 4143 Sphentlosthlabus,
2946 4076 3155 4131 tametsi
3187 4077 3368 4131 audita
3399 4077 3621 4133 Persth-

2054 4162 2187 4216 laba:
2223 4165 2618 4234 expugnatione
2651 4166 3000 4234 perturbatus
3037 4167 3179 4220 haud
3223 4167 3416 4235 injuria
3453 4178 3618 4229 esset,

2055 4252 2283 4307 infracto
2309 4263 2488 4308 tamen
2515 4255 2696 4309 animo
2731 4271 2859 4310 suos
2886 4256 3203 4310 cohortatus
3237 4267 3296 4311 ut
3325 4273 3486 4326 porro
3507 4258 3616 4326 jam

2055 4353 2206 4397 tanto
2231 4360 2287 4398 se
2315 4345 2509 4399 fortius
2541 4357 2749 4417 gerant,
2783 4348 3098 4400 constitutis
3139 4349 3299 4401 etiam
3331 4358 3392 4402 ut
3423 4364 3508 4404 res
3543 4349 3621 4402 fc-

2039 4436 2246 4488 -rebant
2270 4437 2510 4504 reliquis,
2542 4447 2596 4490 et
2625 4453 2761 4504 quos
2793 4447 3073 4506 suspectos
3097 4439 3330 4492 habebat
3359 4437 3617 4509 Bulgaros

2057 4528 2312 4582 omnibus
2355 4531 2545 4594 (erant
2581 4540 2757 4581 autem
2790 4529 3017 4582 trecenti
3047 4528 3211 4599 398
3235 4530 3485 4587 circiter)
3531 4533 3614 4583 in-

373 4624 482 4675 τῶν
510 4621 833 4688 Βουλγάρων
895 4621 1038 4684 ἀμφὶ
1082 4619 1207 4680 τοὺς
1270 4617 1614 4686 τριακοσίους
1652 4617 1810 4679 ὄντας
1853 4618 1944 4670 τὸν
1975 4621 2022 4680 D
2051 4627 2114 4672 toi

1875 4618 1944 4670 ςὸν
1975 4621 2022 4680 ι)
2051 4619 2310 4680 terlectis,
2336 4620 2624 4672 adversum
2656 4619 2929 4674 Romanos
2963 4622 3345 4688 proliciscitur.
3379 4620 3616 4689 Impera-

372 4713 609 4784 ἀριθμὸν
630 4711 853 4770 ἀνελὼν,
880 4711 1045 4773 ἔξεισι
1085 4710 1225 4761 κατὰ
1261 4708 1566 4778 Ῥωμαίων.
1614 4709 1672 4760 '0
1699 4708 1754 4760 δὲ
1785 4708 1938 4776 βασι-

371 4807 498 4868 λεὺς
530 4807 625 4867 τάς
652 4808 708 4856 ἐν
731 4807 794 4873 τῇ
829 4802 1050 4872 παρόδῳ
1083 4799 1266 4862 πόλεις
1302 4800 1438 4853 ἑλὼν
1481 4801 1574 4852 καὶ
1603 4801 1940 4869 στρατηγοὺς

371 4900 564 4960 αύταῖς
591 4898 910 4966 ἐπιστήσας,
937 4893 1107 4948 πολλά
1135 4910 1193 4945 τε
1235 4894 1466 4961 φρούρια
1508 4892 1605 4944 καὶ
1635 4893 1940 4962 πολίσματα

371 4987 718 5057 ἐκπορίήςας
745 4989 836 5038 καὶ
869 4986 980 5047 τοίς
1020 4981 1379 5053 στρατιώταις
1402 4983 1481 5043 εἰς
1501 4981 1756 5049 ἁρπαγὴν
1778 4983 1941 5034 δεδω-

373 5078 508 5139 κὼς,
532 5079 707 5145 εἴχετο
732 5078 830 5145 τῆς
856 5074 996 5129 ὀδοῦ.
1038 5075 1156 5126 Τῶν
1188 5074 1243 5126 δὲ
1269 5072 1484 5125 σκοπῶν
1517 5073 1672 5141 ἥκειν
1702 5073 1942 5140 φρασάν-

373 5188 482 5223 των
507 5170 716 5232 Σκύθας
738 5169 910 5234 τινάς,
948 5169 1073 5221 λαὸν
1105 5166 1383 5218 ὲπίλεκτον
1409 5163 1701 5232 ἐκπέμπει.
1736 5163 1940 5214 θεόδω-

2055 4718 2134 4762 tor
2198 4709 2503 4762 institutum
2555 4711 2656 4762 iter
2685 4725 3015 4780 persequens
3060 4712 3224 4764 urbes
3275 4712 3327 4762 in
3371 4725 3436 4763 eo
3483 4711 3615 4763 sitas

2050 4799 2246 4852 itinere
2273 4800 2438 4866 capit,
2475 4800 2651 4866 iisque
2681 4801 2964 4867 praefectos
2995 4800 3296 4864 constituit,
3345 4809 3400 4851 et
3429 4799 3611 4852 multis

2046 4888 2280 4941 castellis
2336 4897 2497 4956 atque
2530 4890 2745 4957 oppidis
2792 4889 3049 4942 evastatis
3092 4903 3154 4940 ac
3210 4889 3389 4956 prasda
3451 4887 3607 4939 militi

2044 4994 2302 5033 concessa
2371 4981 2564 5048 pergit.
2626 4981 2723 5034 L‘bi
2784 4981 3154 5049 exploratores
3217 4981 3608 5031 nuntiaverunt

2041 5072 2266 5141 Scythas
2301 5072 2615 5129 adventare.
2655 5073 2922 5125 delectum
2955 5070 3253 5124 exercitum
3305 5068 3602 5138 pra-mittit,

2047 5165 2182 5216 duce
2221 5161 2507 5216 Theodom
2533 5180 2561 5216 a
2601 5165 2877 5226 alistlicia;
2904 5163 3165 5232 jubetque
3198 5161 3432 5214 hostium
3466 5159 3602 5212 mul—

1459 5318 1806 5374 XYLANDRI
1874 5319 1962 5374 ET
2012 5317 2224 5374 GOARI
2285 5319 2510 5375 ΝΟΤΑΣ.

449 5442 555 5510 (27)
590 5435 720 5504 Quae
749 5454 850 5491 vox
897 5452 1006 5491 non
1041 5438 1380 5510 integraest
1421 5434 1619 5510 scripta
1648 5453 1662 5499 ;
1695 5440 1936 5510 nota_ta-

372 5503 497 5566 men
534 5509 573 5562 S
603 5503 839 5562 ostendit
892 5523 1000 5560 non
1029 5503 1384 5567 ἀναστάσιας,
1425 5519 1534 5556 non
1569 5503 1931 5565 ἀναστασίαν,

372 5582 468 5636 sed
525 5579 869 5640 ἀναστάσεως
922 5577 1023 5644 legi
1079 5577 1297 5629 debere.
1368 5577 1552 5643 Itaque
1616 5572 1801 5642 accepi
1863 5573 1932 5644 de

371 5650 572 5704 €hristi
616 5664 644 5701 a
681 5647 909 5701 mortuis
949 5643 1366 5707 resurrectione,
1422 5660 1488 5699 eo
1530 5644 1741 5697 facilius
1786 5643 1929 5711 quod

376 5721 538 5789 ρ..;ιΙο
567 5729 686 5784 post
716 5715 987 5789 festusD.
1033 5715 1264 5789 Georgio
1298 5713 1413 5768 dies
1436 5722 1923 5789 fomitieinoratur,

377 5781 469 5858 qui
507 5781 616 5843 fere
655 5804 763 5842 non
806 5787 1034 5840 multum
1065 5781 1254 5839 abesse
1283 5793 1406 5854 post
1435 5785 1640 5840 Pascha
1664 5784 1819 5839 solet.
1853 5781 1928 5836 De

2038 5569 2234 5624 famam
2286 5573 2494 5637 accepit
2543 5588 2552 5619 :

2039 5641 2316 5710 usurpatio
2354 5659 2367 5691 :
2403 5635 2489 5693 hic
2527 5655 2622 5707 pro
2663 5635 2858 5691 (Iliristi
2909 5640 3307 5710 resnrrectione
3335 5635 3592 5710 sumitur.

2035 5702 2189 5835 Eide'
2219 5720 2494 5765 auctorem
2529 5702 2614 5762 ἰιι
2664 5709 3038 5763 Valentiniano
3100 5708 3313 5776 iuniore
3364 5721 3417 5774 p.
3468 5702 3591 5756 515.

2084 5798 2202 5835 om.

2084 5798 2202 5836 OAR.

2041 5432 2290 5485 Anastasi
2323 5439 2377 5484 et
2421 5433 2700 5483 Anastasia
2728 5430 2920 5483 Noster
2953 5444 3109 5497 supra
3144 5429 3364 5482 alicubi.
3396 5427 3598 5480 XVI..—

2053 5502 2406 5563 Ἀναστασὶας
2440 5502 2694 5567 templum
2733 5502 3070 5560 ἀναστάσεως
3099 5513 3310 5567 quoque
3340 5497 3600 5550 miraculo

2614 5571 2738 5622 hinc
2777 5573 3075 5637 promiscua
3117 5573 3260 5622 vocis
3318 5567 3598 5637 utriusque
