4410 6452
807 394 895 456 m
2090 381 2404 443 nronmt
2448 386 2779 444 (ἷΕΠῐὶΕΝῐ

804 507 1090 563 titudinmn
1120 505 1401 571 exquirere
1439 514 1493 552 et.
1528 502 1627 554 sibi
1660 501 1921 564 iudicare,
1972 513 2024 552 et
2083 520 2123 549 si
2170 502 2241 551 ita
2277 500 2354 550 \i-
2392 506 2429 554 Λ
2466 503 2555 565 ρον

798 603 987 653 .Zt-atur
1015 597 1378 657 commodum,
1401 596 1501 648 levi
1530 594 1712 663 pra'lio
1745 608 1935 646 eorum
1967 592 2107 645 vires
2132 601 2359 644 tentare.

803 694 921 760 ipse
944 705 1064 742 eum
1097 689 1362 742 instructo
1383 686 1635 739 universo
1657 684 1902 739 exercitu
1927 699 2067 753 pone
2094 682 2360 751 sequitur.

800 779 1121 833 Theodorus
1157 792 1279 831 cum
1314 781 1425 829 suis
1460 774 1549 828 ubi
1581 773 1646 827 ad
1682 775 1866 828 hostes
1894 773 2159 843 pervenit,
2186 774 2279 825 dat
2312 774 2362 825 in

798 888 892 925 eos
949 873 1233 941 impetmn.
1287 868 1444 921 llossi
1500 866 1723 919 insidias
1765 867 1987 919 subesse
2036 864 2192 919 veriti
2240 880 2364 933 pro-

798 980 986 1032 gressu
1022 964 1327 1021 abstinent;
1361 958 1657 1027 multisque
1709 975 1929 1011 suorum
1966 959 2104 1021 ictis,
2137 957 2363 1024 quibus-

800 1058 921 1109 dam
957 1056 1116 1107 etiam
1143 1052 1387 1121 deiectis.
1410 1051 1532 1120 fuga
1567 1050 1619 1102 in
1656 1049 1864 1102 vicinos
1899 1061 2112 1100 montes
2136 1048 2363 1101 densos-

798 1162 901 1213 que
936 1156 989 1197 ct
1010 1146 1216 1211 amplos
1242 1144 1412 1197 saltus
1438 1158 1494 1195 se
1524 1142 1863 1210 dispergunt.
1897 1157 1957 1193 ac
1986 1158 2080 1208 pcr
2113 1149 2363 1193 montana

800 1237 863 1287 ad
895 1236 1150 1287 Dristram
1187 1235 1514 1303 perfugiunt.
1547 1232 1697 1284 liossi
1732 1231 1882 1284 fuere
1905 1247 2131 1283 numero
2156 1242 2363 1300 septem

801 1326 990 1385 millia,
1028 1325 1256 1377 Romani
1318 1338 1444 1375 vero
1502 1321 1591 1388 qui
1654 1336 1749 1373 eos
1803 1320 2060 1373 fuderunt
2114 1322 2359 1373 trecenti.

796 1418 1008 1487 Scytha:
1036 1426 1213 1469 autem
1240 1413 1718 1483 Sphendosthlabo
1744 1412 2019 1478 conjuncti
2045 1420 2294 1464 auctores
2317 1412 2362 1463 ei

796 1512 1015 1563 luerunt
1048 1522 1104 1560 nt
1136 1524 1257 1559 (llttl
1293 1507 1547 1559 omnibus
1575 1504 1743 1571 copiis
1778 1503 2227 1571 (munerabantur
2265 1518 2364 1554 au-

796 1614 901 1654 tem
967 1612 1206 1653 trecenta
1270 1599 1490 1667 triginta
1542 1597 1780 1648 virorum
1838 1593 2023 1661 millia)
2078 1593 2361 1646 duodecim

793 1700 915 1743 ante.
949 1690 1294 1742 Dorostulum
1332 1687 1659 1740 milliarilxus
1693 1694 1867 1737 castra
1899 1694 2142 1751 poneret,
2182 1684 2363 1752 ibique

795 1783 1139 1850 imperatoris
1188 1782 1479 1832 adventum
1533 1776 1803 1845 intrepide
1848 1784 2253 1843 exspectaram.
2297 1777 2363 1829 At

798 1874 1066 1925 Romanos
1102 1872 1410 1924 recentibus
1452 1868 1694 1921 victoriis
1737 1867 1923 1927 elatos.
1956 1877 2009 1920 et
2037 1866 2255 1935 jamjam
2297 1869 2363 1920 de

796 1980 1007 2018 summa
1057 1980 1239 2017 rerum
1300 1961 1484 2030 prrelio
1536 1962 1873 2014 decertatum
1935 1960 1995 2011 iri
2054 1968 2357 2027 sperantes,

795 2057 1030 2111 scientes
1073 2056 1292 2119 insuper
1327 2054 1495 2105 Deum
1536 2065 1595 2103 se
1648 2052 1851 2103 habere
1901 2049 2227 2117 adjutorem,
2271 2049 2358 2113 qui

798 2162 902 2200 non
932 2146 1097 2214 399
1130 2144 1489 2198 intercutibus
1524 2142 1619 2197 sed
1669 2140 1847 2209 passis
1881 2141 2133 2207 injuriam
2182 2142 2362 2208 opitu-

798 2238 890 2291 lari
931 2238 1150 2299 sideret,
1215 2252 1325 2290 non
1378 2250 1472 2289 eos
1529 2234 1690 2287 modo
1744 2234 1837 2300 qui
1892 2232 2210 2287 fortitudine
2245 2231 2361 2285 aliis

796 2329 1072 2381 anteibant
1098 2369 1110 2387 ,
1143 2327 1237 2381 sed
1258 2328 1367 2395 iam
1396 2335 1449 2379 et
1482 2324 1780 2378 timidiores
1811 2322 2062 2375 alacritas
2103 2333 2159 2376 et
2192 2323 2362 2376 auda-

796 2420 879 2472 cia
908 2420 1230 2472 incessebat.
1292 2418 1614 2484 ardentique
1644 2429 1839 2485 pugna:
1894 2413 2165 2469 desiderio
2194 2415 2362 2483 agita-

794 2511 1011 2560 bantur.
1036 2506 1132 2560 lilii
1158 2508 1209 2559 in
1241 2516 1598 2573 Conspectum
1625 2518 1814 2560 mutuo
1838 2520 2036 2559 venere
2063 2505 2359 2567 exercitus,

799 2611 1030 2668 utroque
1064 2599 1389 2668 imperatore
1424 2613 1553 2651 suos
1590 2598 1750 2652 dictis
1776 2597 1951 2665 qualia
1984 2596 2238 2665 prmscnti
2284 2594 2359 2648 rei

800 2690 1217 2743 accommodata
1248 2698 1404 2742 erant
1440 2689 1713 2741 animante
1744 2696 1905 2757 atque
1953 2686 2261 2754 instigante,
2304 2696 2363 2738 ut.

795 2783 1079 2833 t'lasswum
1109 2780 1331 2837 cecinit,
1373 2794 1562 2850 magna
1594 2794 1718 2832 cum
1742 2779 1793 2833 vi
1824 2778 2050 2847 parique
2083 2777 2361 2831 alacritate

795 2887 1123 2924 rom-ursum
1148 2880 1250 2924 est.
1271 2871 1453 2924 Primo
1483 2870 1737 2925 conﬂictu
1774 2869 2026 2935 Romani,
2047 2869 2358 2923 vehementi

796 2968 938 3018 tat-to
972 2966 1198 3032 iluprltt,
1233 2964 1414 3017 multis
1454 2963 1679 3032 deiectis
1701 2962 1938 3015 hostium
1970 2962 2190 3015 ordines
2214 2961 2359 3014 labe-

796 3060 1017 3109 factant.
1061 3054 1243 3123 Neque
1268 3067 1447 3109 tamen
1476 3056 1679 3109 cedunt
1725 3055 1928 3115 hostes,
1956 3067 2132 3122 neque
2159 3052 2358 3107 Roma-

3960 386 4055 450 133

2588 515 2639 547 τε
2692 497 2781 548 τὶν
2820 499 2877 547 ἐκ
2938 495 3199 557 .\l::"i-:'1;
3238 496 3416 547 αὖτῶν
3449 493 3525 563 τῷ
3563 494 3756 564 πλήθει
3802 496 4042 565 ἀρχηγὸν

2468 591 2766 656 ἐπιστήσας
2796 589 3152 658 προηγεῖσθαι
3182 587 3459 656 ἐπέσκηψε
3478 588 3570 639 τοῦ
3598 586 3850 656 στρατοῦ,
3879 605 4046 639 κατα-

2472 684 2694 733 σκοπεῖν
2724 698 2779 733 τε
2811 681 2870 732 τὸ
2913 681 3107 749 πλῆθος
3140 679 3249 731 τῶν
3302 678 3562 732 ἐναντίων
3600 679 3697 731 καὶ
3730 679 3877 746 αὐτῷ
3906 680 4015 731 διδό

2469 792 2555 824 ναι
2591 774 2811 837 γνῶσιν,
2843 774 2887 823 εί
2921 772 3227 840 προχωροίη
3259 771 3334 831 δέ,
3366 772 3461 823 καὶ
3489 770 3774 841 διάπειραν
3816 771 3913 839 τῆς
3943 773 4039 822 αὖ·

2469 866 2575 915 τῶν
2632 864 2812 933 ἰσχύος
2845 862 3336 931 ἀκροϐολισάμενον
3392 861 3717 931 εἰληφέναι·
3772 862 3932 923 αὐτὸς
3990 862 4043 913 δὲ

2468 958 2697 1010 κατόπιν
2752 957 2937 1009 εἵπετο
3010 956 3439 1022 συντεταγμένος
3497 955 3634 1021 μετά
3694 954 3873 1022 πάσης
3948 957 4044 1021 τῆς

2469 1049 2749 1116 στρατιᾶς.
2816 1049 2878 1098 ΟΞ
2933 1047 3027 1098 σὺν
3077 1046 3155 1114 τῷ
3202 1044 3461 1114 Θεοδώρῳ
3513 1044 3643 1111 γοῦν
3703 1045 3935 1114 ἐπείπερ
3964 1048 4045 1107 εἰς

2468 1141 2655 1209 χεῖρας
2711 1136 2876 1208 ἦλθον
2931 1141 3038 1199 τοῖς
3089 1138 3406 1205 πολεμίοις,
3461 1138 3793 1206 ἐμπίπτουσι
3838 1138 4044 1200 τούτοις

2471 1234 2735 1300 ῥαγδαῖοι.
2775 1233 2839 1283 Οἱ
2873 1232 2927 1283 δὲ
2981 1231 3113 1292 Ῥὼς
3144 1229 3366 1297 ἐνέδραν
3426 1229 3817 1300 εὐλαϐηθέντες
3858 1232 4043 1299 πρόσω

2472 1325 2568 1391 μὲν
2598 1324 2781 1375 οὐκέτι
2816 1322 3075 1392 ἐχώρουν,
3101 1321 3311 1374 πολλῶν
3337 1322 3391 1372 δὲ
3423 1322 3737 1390 πληγέντων
3769 1322 3861 1374 καί
3886 1340 3997 1374 τινι·
4018 1340 4045 1374 ν

2466 1418 2518 1470 δὲ
2552 1418 2826 1468 πεσόντων
2860 1417 3206 1477 ἐκκλίναντες
3230 1416 3287 1475 ἐς
3317 1417 3382 1465 τὰ
3408 1414 3634 1482 πλησίον
3655 1414 4039 1468 σκεδάννυνται

2466 1510 2566 1579 ὅρη
2590 1509 2685 1561 καὶ
2720 1511 2814 1569 τὰς
2872 1509 3051 1559 ἐκεῖσε
3092 1507 3265 1569 νάπας
3316 1504 3537 1573 βαθείας
3577 1505 3668 1557 καὶ
3703 1506 4041 1574 ἀμφιλαφεῖς

2467 1600 2854 1670 τυγχανούσας.
2891 1600 2981 1651 καὶ
3016 1598 3103 1649 διὰ
3141 1599 3238 1665 τῆς
3268 1597 3480 1665 ὀρεινῆς
3514 1596 3605 1647 ἐπὶ
3646 1596 3744 1666 τὴν
3778 1599 4042 1663 Δρίστραν

2468 1692 2934 1756 ἐπανασώζόνται.
2963 1688 3146 1743 Ἦσαν
3173 1690 3229 1741 δὲ
3262 1691 3320 1742 το
3355 1690 3555 1758 πλῆθος
3589 1683 3734 1741 οὗτοι
3766 1692 4037 1742 ἐπτακισ·

2469 1786 2649 1854 χίλιοι,
2684 1786 2733 1836 οἱ
2766 1785 2822 1836 δέ
2882 1784 3092 1845 τούτοις
3142 1782 3555 1851 συμπλακέντες
3586 1784 3681 1834 καὶ
3712 1782 4039 1850 τρεψάμενοι

2487 1864 2746 1942 Ῥωμαῖοι
2801 1874 2893 1925 τὸν
2929 1872 3161 1941 ἀριθμὸν
3208 1872 3531 1941 τριακόσιοι.
3569 1872 3895 1935 Ἐνωθέντες
3927 1872 4038 1923 δὀἱ

2477 1965 2677 2018 Σκύθαι
2720 1963 2795 2032 τῷ
2851 1963 3289 2031 Σφενδοσθλάϐῳ,
3326 1963 3419 2015 καὶ
3451 1964 3637 2015 τοῦτον
3668 1963 3877 2015 ἐκεῖθεν
3910 1964 4041 2015 άνα-

2477 2058 2765 2124 στήσαντες
2819 2054 2958 2124 μετὰ
3022 2054 3219 2119 παντὸς
3254 2054 3349 2105 τοῦ
3394 2053 3651 2123 στρατοῦ,
3688 2055 3793 2124 πρὸ
3836 2053 4040 2108 δώδεκα

2474 2147 2567 2199 τοῦ
2595 2146 2921 2215 Δοροστόλου
2955 2146 3145 2215 μιλίων
3167 2146 3497 2208 αὐλίζονται,
3523 2147 3576 2208 ἐς
3612 2147 3928 2216 τριακοσίας
3948 2151 4039 2201 καὶ

2473 2239 2767 2306 τριάκοντα
2801 2236 3044 2305 χιλιάδας
3098 2235 3491 2305 ἀριθμούμενοι
3527 2237 3609 2307 [Ρ.
3645 2236 3775 2307 675]
3813 2239 3902 2290 καὶ
3950 2240 4039 2291 τὸν

2476 2327 2701 2396 βασιλέα
2736 2326 2960 2379 ἐπιόντα
3008 2325 3263 2394 ἐκθύμως
3297 2328 3389 2378 καὶ
3422 2326 3721 2395 ρωμαλέως
3752 2327 4039 2398 ἐκδεχόμε-

2474 2437 2573 2472 νοι.
2632 2420 2694 2472 Οἱ
2743 2418 2800 2471 δὲ
2848 2417 3108 2485 Ῥωμαῖοι
3150 2419 3267 2481 ταῖς
3312 2417 3372 2481 ἐξ
3411 2418 3652 2486 ὑπογύου
3690 2419 3864 2481 νίκαις
3900 2436 4037 2487 γαν-

2476 2508 2728 2577 ρούμενοι
2762 2506 2859 2558 καὶ
2886 2505 2983 2575 τὴν
3014 2506 3083 2557 τὰ
3112 2505 3289 2558 πάντα
3317 2508 3498 2574 κρῖναι
3530 2506 3830 2575 μέλλουσαν
3862 2509 4040 2578 μάχην

2475 2597 2914 2665 προσδεχόμενοι,
2955 2595 3154 2658 εἰδότες
3188 2595 3333 2647 δ’ὃτι
3376 2597 3468 2647 καὶ
3514 2596 3648 2649 Θεδν
3696 2597 4037 2669 συλλήπτορα

2474 2690 2708 2755 ἕξουσιν.
2758 2690 2818 2741 ού
2865 2692 2976 2743 τοῖς
3005 2688 3205 2741 ἀδίκων
3242 2687 3443 2757 χειρῶν
3486 2687 3714 2756 ἄρχουσι
3762 2690 4037 2756 φιλοῦντα,

2474 2781 2611 2836 ἀλλά
2650 2781 2761 2835 τοῖς
2822 2780 3193 2847 ἀδικουμένοις
3242 2779 3331 2830 διὰ
3376 2779 3576 2842 παντὸς
3620 2781 3939 2849 ἐπαρήγειν,
3977 2778 4038 2833 οὗ

2476 2876 2635 2943 μόνον
2661 2875 2711 2925 οἱ
2739 2873 3113 2941 εὐψυχότεροι,
3139 2872 3241 2941 ήδη
3269 2872 3326 2923 δὲ
3368 2873 3461 2924 καὶ
3487 2873 3536 2924 οί
3563 2873 3910 2942 καταπλῆγες
3946 2874 4039 2927 καὶ

2477 2967 2709 3037 μαλακοὶ
2729 2967 2825 3027 τὰς
2843 2964 3021 3033 ψυχὰς
3052 2963 3324 3031 πρόθυμοι
3354 2965 3449 3015 καὶ
3483 2963 3776 3033 θαρραλέοι
3798 2964 4039 3030 ἐγίνοντο

2472 3058 2563 3109 καὶ
2590 3057 2726 3124 πρὸς
2758 3056 2857 3122 τὴν
2897 3052 3219 3123 συμπλοκὴν
3253 3053 3373 3105 λίαν
3409 3051 3730 3118 ἐσὶράδαζον.
3768 3053 3860 3116 Εἰς
3916 3054 4038 3120 ὄψιν

792 3147 879 3201 nis
940 3162 1035 3200 eus
1065 3147 1427 3216 persequendi
1467 3147 1627 3201 datur
1670 3146 1898 3199 facultas
1922 3187 1934 3208 ,
1981 3144 2196 3215 Scythis
2242 3160 2361 3199 sese
2393 3178 2434 3234 ο
2470 3151 2527 3202 δὲ

2295 3160 2361 3199 ise
2393 3178 2434 3234 ο
2470 3151 2527 3202 δὲ
2559 3150 2668 3201 τῶν
2692 3148 3121 3219 στρατευμάτων
3151 3145 3406 3214 ἀλλήλοις
3439 3145 3771 3213 γενομένων,
3806 3146 3902 3196 καὶ
3950 3144 4036 3195 λό-

794 3240 1244 3292 coutirwantibus
1279 3254 1601 3306 rursumque
1658 3238 1870 3291 sublato
1895 3237 2131 3290 clamore
2159 3238 2212 3290 in
2255 3236 2365 3290 Ro-

797 3346 984 3381 manos
1036 3330 1392 3383 irruentibus.
1438 3329 1718 3399 Pugnatur
1766 3329 2163 3397 aliquantisper
2209 3343 2366 3397 aequo

796 3435 990 3475 marte.
1015 3423 1130 3477 Jam
1164 3432 1345 3476 autem
1379 3422 1446 3475 ad
1487 3435 1772 3488 vesperam
1804 3420 2101 3473 inclinante
2124 3420 2212 3473 die
2257 3420 2364 3474 Ro-

798 3516 940 3566 mani
984 3530 1105 3568 sese
1151 3516 1502 3568 cohortantes
1551 3521 1605 3566 et
1648 3512 1814 3566 veluti
1860 3520 2123 3567 acuentes
2164 3514 2366 3568 mutuis

795 3605 1276 3659 exhortationibus
1309 3604 1589 3657 sinistrum
1634 3601 1955 3673 Scytharum
2014 3619 2186 3659 cornu
2242 3620 2365 3674 prc-

797 3706 971 3755 munt,
1005 3704 1060 3748 et
1092 3692 1415 3746 intolerabili
1465 3692 1515 3744 vi
1543 3691 1856 3761 ingruentes
1885 3693 2084 3747 multos
2123 3704 2364 3763 proster-

796 3795 953 3838 nunt.
990 3784 1237 3850 Cumque
1267 3782 1332 3836 ad
1367 3781 1619 3836 aﬂlictam
1655 3792 1862 3851 partem
1891 3782 2103 3853 Scytha:
2129 3787 2364 3845 coirent,

795 3891 1017 3930 suorum
1062 3874 1325 3943 quosdam
1362 3873 1643 3927 Romanus
1689 3874 1987 3943 imperator
2017 3876 2133 3929 suis
2165 3877 2365 3932 auxilio

798 3966 985 4027 mittit,
1016 3966 1242 4032 ipseque
1270 3964 1624 4032 subsequitur
1653 3964 1858 4033 apertis
1879 3981 2003 4019 cum
2040 3966 2254 4035 imperii
2288 3969 2364 4021 si-

796 4057 937 4124 gnis.
970 4072 1110 4125 equo
1136 4055 1440 4109 calcaribus
1475 4056 1720 4118 incitato,
1761 4066 1818 4110 et
1839 4055 2049 4111 hastam
2092 4058 2363 4113 infensam

798 4147 998 4207 ferens,
1032 4159 1271 4211 suosque
1300 4144 1483 4205 verbis
1528 4143 1864 4198 exstimulat.
1915 4146 2198 4200 Acerrime
2239 4158 2368 4202 tunc

798 4245 1120 4305 pugnatum.
1152 4245 1208 4289 et
1244 4236 1406 4289 variis
1437 4234 1647 4288 vicibus
1686 4234 1869 4302 prmlio
1903 4243 2109 4289 mutato
2140 4236 2367 4305 (duode-

804 4328 915 4379 cies
938 4325 1103 4395 400
1132 4328 1277 4378 enim
1307 4327 1488 4378 terunt
1516 4324 1799 4378 inclinatas
1842 4326 2006 4393 acies)
2034 4328 2119 4379 vix
2152 4330 2367 4383 tandem

802 4414 978 4477 Rossi,
1009 4418 1296 4484 desperata
1330 4416 1526 4478 salute,
1552 4413 1859 4468 inordinata
1888 4415 2011 4486 fuga
2030 4417 2083 4470 in
2111 4432 2364 4488 campum

2469 3255 2584 3305 γοις
2616 3238 3051 3306 παρακλητικοῖς
3076 3236 3169 3289 τοῦ
3210 3252 3269 3287 τε
3307 3234 3571 3304 βασιλέως
3614 3235 3707 3287 καὶ
3744 3236 3839 3286 τοῦ
3871 3235 4037 3302 Σφεν-

2464 3328 2758 3382 δοσθλάϐου
2812 3327 2940 3390 τοὺς
2989 3326 3226 3387 οἰκείους
3272 3325 3695 3395 ἐπιρρωσάντων
3725 3326 3816 3378 καὶ
3860 3326 3929 3377 τὰ
3962 3324 4039 3393 τῷ

2466 3420 2645 3489 καιρῷ
2676 3420 2962 3488 πρόσφορα
2990 3416 3585 3488 παρακελευσαμένων,
3612 3416 3689 3480 ὡς
3724 3418 3778 3469 αἱ
3811 3414 4038 3480 σάλπιγο

2465 3527 2559 3577 γες
2601 3510 2662 3561 τὸ
2712 3509 2959 3561 ἐνυάλιον
3004 3509 3237 3578 ἤχησαν,
3287 3510 3656 3578 συρρήγνυται
3696 3509 3943 3580 ἀλλήλοις
3973 3511 4039 3563 τὰ

2466 3601 2647 3671 πλήθη
2683 3602 2782 3670 τὴν
2819 3600 2992 3669 αὐτὴν
3025 3600 3217 3667 ἔχοντα
3264 3598 3593 3669 προθυμίαν.
3623 3601 3730 3653 Καὶ
3765 3602 3903 3653 κατὰ
3944 3603 4039 3671 μὲν

2465 3694 2565 3763 τὴν
2624 3693 2849 3762 πρώτην
2902 3690 3207 3762 προσϐολὴν
3248 3692 3298 3741 οί
3354 3689 3613 3761 Ῥωμαῖοι
3675 3695 3813 3762 μετὰ
3858 3693 4036 3763 ῥύμης

2466 3783 2845 3852 ἐπενεχθέντες
2887 3782 3120 3851 σφοδρᾶς
3143 3782 3235 3834 καὶ
3258 3781 3486 3845 πολλοὺς
3516 3783 3913 3847 καταλαϐόντες
3943 3785 4038 3847 τὰς

2469 3874 2815 3946 βαρϐαρικὰς
2876 3874 3059 3938 τάξεις
3113 3874 3469 3927 κατέσεισαν
3545 3875 3605 3928 ού
3658 3877 3765 3945 μήν
3820 3893 3885 3945 γε
3947 3877 4040 3928 καὶ

2470 3967 2735 4036 ὑπαγωγὴ
2757 3966 2863 4018 τῶν
2888 3966 3144 4019 ἐναντίων
3178 3966 3393 4033 ἐγένετο
3442 3965 3567 4019 οὗτε
3600 3966 3709 4018 τῶν
3755 3966 4037 4036 Ῥωμαίων

2465 4059 2716 4129 λαμπρὸς
2736 4056 2996 4126 διωγμὸς,
3032 4055 3148 4109 ἀλλ’
3181 4057 3591 4127 ἐπιρρώσαντος
3624 4056 3783 4109 πάλιν
3812 4057 4036 4117 ἑαυτοὺς

2466 4153 2515 4205 οἱ
2549 4150 2751 4203 Σκύθαι
2782 4148 2936 4210 αὖθις
2982 4148 3216 4216 ἐπῆλθον
3247 4150 3363 4217 μετ’
3392 4148 3712 4217 ἀλαλαγμοῦ
3758 4152 3867 4211 τοῖς
3907 4151 4039 4200 Ῥω-

2470 4240 2673 4309 μαίοις.
2732 4238 2843 4291 Καὶ
2885 4238 3046 4307 μέχρι
3080 4238 3178 4306 μέν
3216 4253 3359 4299 τινος
3397 4239 3654 4308 ίσοπαλὴς
3698 4235 3766 4308 ἦν
3808 4241 3835 4291 ὁ
3866 4238 4035 4305 ἁγὼν,

2467 4333 2566 4402 ἤδη
2597 4332 2652 4383 δὲ
2690 4330 2819 4399 περὶ
2851 4329 3031 4399 δείλην
3061 4329 3221 4397 ὀψίαν
3241 4330 3342 4399 τῆς
3381 4331 3595 4401 ἡμέρας
3618 4331 3786 4397 οὔσης
3815 4332 3863 4384 οἱ
3909 4332 4038 4382 Ῥω·

2472 4424 2622 4492 μαῖοι
2661 4419 3145 4491 παρακαλέσαντες
3206 4420 3469 4490 ἀλλήλους
3526 4422 3620 4475 καὶ
3660 4422 3865 4490 τρόπον
3916 4423 4036 4473 τινα

797 4523 855 4561 se
884 4507 1211 4571 ellunduut;
1243 4521 1445 4575 eosque
1490 4505 1720 4559 insecuti
1750 4504 1978 4559 Romani
2012 4509 2210 4564 multos
2240 4526 2361 4580 per-
2397 4512 2441 4567 D
2473 4530 2534 4565 στ

2294 4526 2361 4565 :r-
2397 4512 2441 4567 D
2473 4512 2853 4582 στομώσαντες
2888 4511 3009 4571 ταῖς
3034 4511 3423 4575 παραινέσεσιν
3450 4511 3751 4581 ἐπέϐρισαν
3795 4510 3873 4581 τῷ
3903 4512 4035 4563 εύω-

797 4602 990 4653 imunt.
1026 4599 1101 4653 De
1128 4599 1315 4653 Rossis
1347 4598 1592 4652 cecidere
1632 4597 1809 4663 multi,
1856 4598 1998 4667 capti
2054 4602 2217 4655 etiam
2248 4604 2369 4671 plu-
2474 4604 2534 4657 νύ

2293 4604 2369 4657 Ιυ·
2474 4604 2629 4675 νύμῳ
2658 4602 2849 4672 κέρατι
2895 4601 3001 4653 τῶν
3055 4600 3297 4665 Σκυθῶν,
3328 4604 3421 4655 καὶ
3455 4603 3683 4666 πολλοὺς
3714 4602 3793 4672 τῷ
3838 4604 4034 4654 ἀνυπο-

787 4707 920 4744 res:
954 4690 1143 4759 reliqui
1174 4690 1515 4743 Dorostolum
1546 4687 1667 4758 fuga
1707 4697 2017 4742 evaserunt.
2480 4711 2528 4748 σαι

2480 4696 2659 4762 στάτῳ
2706 4692 3005 4746 κατέϐαλον
3051 4695 3151 4761 τῆς
3179 4694 3374 4763 ὁρμῆς.
3417 4694 3828 4764 Συνισταμένων
3852 4694 3907 4747 δὲ
3929 4692 4034 4745 τῶν

801 4772 937 4843 Ῥὼς
960 4783 1050 4833 ἐπὶ
1076 4781 1135 4833 τὸ
1175 4780 1503 4849 πεπονηκὸς,
1548 4781 1656 4832 τῶν
1687 4781 1816 4850 περὶ
1858 4780 2016 4834 αὑτὸν
2038 4784 2066 4835 ὁ
2097 4785 2347 4853 βασιλεὺς
2387 4792 2465 4852 εἰς
2492 4789 2816 4857 ἐπικουρίαν
2843 4788 3119 4857 ἐκπέμπει
3148 4788 3320 4852 τινάς,
3346 4789 3575 4840 κατόπιν
3632 4787 3686 4838 δὲ
3717 4790 3815 4840 καὶ
3875 4788 4033 4853 uiti;

792 4882 972 4932 εἶπετο
1004 4878 1543 4945 ἀνακεκαλυμμένοις
1577 4878 1686 4938 τοῖς
1736 4878 2088 4945 παρασήμοις
2123 4880 2220 4948 τῆς
2250 4880 2549 4949 βασιλείας,
2578 4886 2638 4934 τὸ
2695 4881 2821 4951 δόρυ
2856 4879 3345 4950 διηγκωνισμένος,
3407 4880 3501 4930 τόν
3572 4895 3628 4929 τε
3678 4878 3841 4931 ἵππον
3911 4899 4033 4932 κεν-

790 4973 988 5044 τρίζων
1016 4972 1162 5039 θαμὰ
1192 4972 1284 5023 καὶ
1320 4973 1386 5038 τῇ
1417 4969 1513 5039 βοῇ
1539 4969 1822 5037 διεγείρων
1838 4972 1963 5030 τοὺς
1995 4974 2354 5040 στρατιώτας.
2406 4978 2638 5044 Ἀγῶνος
2666 4977 2721 5029 δὲ
2752 4975 3022 5045 καρτεροῦ
3051 4976 3342 5037 συστάντος
3366 4975 3458 5026 καὶ
3524 4975 3720 5036 πολλὰς
3779 4976 4031 5041 μετακλί,

795 5082 905 5125 σεις
973 5063 1270 5131 δεξαμένης
1310 5062 1409 5130 τῆς
1450 5062 1629 5131 μάχης
1688 5062 2031 5129 (δυοκαίδεκα
2060 5063 2167 5132 γάρ
2226 5082 2357 5135 φησι
2395 5068 2599 5138 τροπὰς
2636 5066 2887 5131 δέξασθαι
2913 5068 3002 5119 τὸν
3028 5066 3256 5135 ἀγῶνα),
3301 5065 3451 5135 μόλις
3480 5066 3527 5116 οἱ
3576 5066 3712 5128 Ῥὼς
3738 5068 4029 5135 ἀπειρηκό-

793 5176 881 5223 τες
910 5161 1044 5227 πρὸς
1078 5160 1199 5220 τοὺς
1218 5158 1489 5221 κινδύνους
1522 5157 1749 5227 ἀκόσμῳ
1765 5159 1907 5225 φυγῇ
1936 5158 2068 5229 πρὸς
2089 5159 2147 5210 τὸ
2177 5161 2358 5214 πεδίον
2397 5162 2738 5215 ἐσκίδναντο’
2770 5158 2851 5225 οἷς
2881 5163 2929 5214 οί
2967 5162 3227 5231 Ῥωμαῖοι
3255 5162 3507 5229 ἑπόμενοι
3565 5163 3688 5223 τοὺς
3752 5165 4034 5232 καταλαμ-

796 5251 1120 5319 ϐανομένους
1210 5250 1517 5318 ἀνήλισκον.
1595 5250 1828 5300 Ἐπεσον
1880 5248 1972 5300 οὖν
2023 5248 2202 5301 πολλοὶ
2234 5290 2249 5314 ,
2303 5252 2396 5306 καὶ
2475 5255 2693 5317 πλείους
2745 5255 3008 5309 ἑάλωσαν.
3042 5255 3193 5305 Ὅσοι
3246 5254 3299 5305 δὲ
3340 5252 3616 5322 διαδρᾶναι
3664 5254 3752 5306 τὴν
3795 5256 4032 5322 κίνδινον

797 5345 1043 5413 ἴσχυσαν,
1081 5345 1155 5403 εἰς
1181 5343 1239 5393 τὸ
1277 5340 1600 5410 Δορὸστολον
1632 5339 2005 5402 διασώζονται.

873 5437 1168 5503 Imperator
1201 5434 1270 5487 ob
1300 5434 1646 5502 impetratam
1678 5432 1961 5487 victoriam
1989 5434 2259 5489 sacriﬁcio
2274 5452 2363 5489 ve-
2558 5436 2614 5488 '0

2288 5452 2363 5489 νυ-
2558 5436 2614 5488 Ὀ
2656 5435 2712 5487 δέ
2738 5434 2990 5504 βασιλεὺς
3018 5435 3085 5486 τὰ
3126 5434 3369 5486 ἐπινικία
3419 5434 3585 5495 θύσας
3634 5436 3711 5501 τῷ
3739 5435 4029 5504 καλλινίκῳ

797 5537 1021 5582 iteratus
1071 5526 1363 5596 gloriosum
1419 5534 1709 5594 martyrem
1751 5526 2038 5595 Georgium
2077 5527 2223 5595 (nam
2278 5528 2366 5580 die

798 5621 960 5689 hujus
992 5618 1266 5672 memorize
1300 5624 1620 5672 consecrato
1675 5632 1796 5671 eum
1845 5619 2002 5672 hoste
2051 5619 2363 5673 eontlicmm

803 5710 923 5777 iuit)
967 5707 1228 5778 postridie
1257 5705 1322 5759 ad
1360 5705 1699 5760 Dorostolum
1756 5709 1923 5772 ducit,
1957 5708 2140 5776 ibique
2170 5709 2364 5762 castris

801 5800 1151 5856 communitis
1181 5798 1409 5854 classem
1442 5797 1736 5853 Romanam
1758 5799 2000 5867 operitur
2033 5816 2044 5855 :
2078 5814 2202 5852 nam
2238 5808 2363 5852 ante

2473 5528 2709 5596 μάρτυρι
2764 5520 3021 5597 Γεωργίῳ
3057 5522 3143 5595 κῆν
3190 5528 3297 5594 γάρ
3354 5526 3490 5576 κατὰ
3550 5524 3646 5593 τὴν
3685 5525 3895 5591 ἡμέραν
3934 5529 4030 5591 τῇς

2468 5616 2631 5670 αὐτοῦ
2675 5617 2896 5685 μνήμης
2927 5615 3200 5686 συρράξας
3237 5618 3344 5676 τοῖς
3375 5614 3672 5680 πολεμίοις)
3710 5616 3770 5682 τῇ
3807 5614 4031 5683 emoti-:13

2470 5710 2564 5759 καὶ
2602 5707 2762 5769 αὐτὸς
2796 5708 2893 5773 τῆς
2926 5707 3060 5775 πρὸς
3104 5706 3162 5756 τὸ
3186 5704 3505 5773 Δορόστολον
3531 5704 3724 5774 ἥψατο,
3765 5706 3938 5756 ἐκεῖσέ
3974 5721 4026 5755 τε

2469 5798 2754 5866 γενόμενος
2788 5797 3201 5866 στρατοπεδείαν
3228 5798 3461 5866 ἐπήξατο
3486 5795 3705 5866 ὀχυράν.
3739 5796 3813 5848 Οὐ
3848 5795 4030 5866 μέντοι
