4410 6452
365 406 463 476 Γῒῧ

1456 404 1982 465 lliSTOlilMlUM
2022 405 2551 465 COMPENDIUM.

3504 412 3601 475 134

359 543 415 580 γε
451 523 541 575 καὶ
571 519 879 589 πολιορκίας
918 519 1114 586 ἥψατο,
1156 518 1342 581 δεδιὼς
1380 520 1452 589 μή
1484 537 1596 578 πως
1627 520 1931 585 ἀσυλάκτου
1971 528 2003 577 Α
2039 519 2100 570 Ιιιτ

1857 538 1931 571 του
1971 528 2003 577 Α
2039 519 2203 586 hujus
2252 522 2540 573 adventum
2574 522 3029 590 oppugnationem
3089 520 3303 592 aggredi
3360 522 3598 586 nolebat.

361 615 457 667 τοῦ
500 613 743 683 ποταμοῦ
779 612 1135 679 τυγχάνοντος
1164 609 1463 679 ἀποδρᾶσαι
1502 611 1634 677 μετὰ
1663 612 1765 660 τῶν
1790 611 1929 676 νηῶν

356 704 630 773 δυνηθεῖεν
679 704 727 753 οἱ
768 701 941 764 Ῥώς·
980 701 1335 769 αὐλισάμενος
1381 701 1436 753 δὲ
1498 701 1795 769 προσέμενε
1844 703 1931 751 τὴν

368 795 675 865 Ῥωμαϊκὸν
703 794 905 848 στόλον.
951 793 1041 847 Ἑν
1072 792 1149 861 τῷ
1191 792 1391 863 μεταξὺ
1425 793 1478 844 δὲ
1506 794 1532 844 ό
1568 793 1928 859 Σςενδοσθλάο

359 888 450 948 Co;
483 886 574 947 οὒς
596 890 809 954 κατεῖχε
848 883 1085 953 ζωγρίας
1108 883 1469 951 Βουλγάρουςο
1504 883 1643 951 ἀμφὶ
1662 884 1755 944 τὰς
1786 882 1831 933 κ’
1854 901 1932 951 χι·

357 978 550 1039 λεὰδας
609 975 1082 1045 ἀριθμουμένους,
1146 974 1523 1043 σιδηροπέδαις
1594 978 1686 1027 καὶ
1753 976 1931 1036 ἄλλοις

356 1067 576 1133 δεσμοῖς
610 1065 966 1133 ἠσφαλίσατο,
992 1064 1355 1117 ἐπανάστασιν
1378 1065 1655 1132 φοϐηθεὶς,
1678 1065 1770 1114 καὶ
1799 1066 1931 1131 πρὸς

359 1157 628 1225 ὑποδοχὴν
676 1155 1035 1224 ηὑτρεπίζετο
1071 1153 1169 1221 τῆς
1216 1154 1550 1223 πολιορκίας.
1588 1154 1724 1222 Ἤδη
1756 1155 1809 1206 δὲ
1842 1156 1932 1205 καὶ

355 1249 449 1300 τοῦ
503 1249 689 1300 στόλου
745 1247 1141 1309 καταλαϐόντος
1190 1248 1460 1317 ἐπεχείρει
1492 1250 1558 1317 τῇ
1611 1251 1930 1319 τειχομαχία

355 1344 383 1390 ὁ
413 1338 685 1405 βασιλεὺς,
726 1337 812 1409 [Ρ.
874 1336 1000 1408 676]
1035 1338 1127 1390 καὶ
1185 1339 1444 1399 πολλάκις
1492 1340 1932 1409 ἐπεκδραμόντας

353 1431 481 1491 τοὺς
512 1430 721 1489 Σκύθας
770 1428 1053 1495 ἐτρέψατο.
1086 1430 1203 1497 Μιᾷ
1248 1429 1303 1480 δὲ
1328 1430 1435 1479 τῶν
1470 1432 1693 1497 ἡμερῶν
1743 1432 1932 1483 σκεδαο

361 1521 530 1571 σθεῖσι
555 1522 666 1580 τοῖς
713 1520 1004 1589 Ῥωμαίοις
1041 1520 1121 1581 είς
1150 1520 1369 1588 ἄριστον
1410 1522 1534 1585 περὶ
1564 1521 1741 1589 δείλην
1771 1522 1932 1587 ὀψίαν

356 1614 407 1663 οἱ
465 1611 747 1679 βάρϐαροι,
781 1615 859 1673 εἰς
907 1612 1002 1663 δύο
1027 1611 1385 1679 διαιρεθέντες
1417 1614 1577 1679 μέρη,
1632 1613 1814 1674 ἱππεῖς
1842 1614 1933 1664 καὶ

361 1704 515 1765 πεζοὶ
638 1704 871 1756 πυλίδων
896 1702 988 1755 δύο
1015 1705 1111 1771 τῆς
1140 1704 1367 1769 πόλεως,
1426 1704 1525 1770 τῆς
1550 1722 1604 1755 τε
1638 1705 1777 1756 κατά
1800 1705 1929 1756 ἁνα-

355 1794 536 1857 τολάς,
552 1797 618 1862 ἦν
638 1796 892 1864 φρουρεῖν
910 1794 1163 1847 ἐτέτακτο
1183 1797 1380 1864 Πέτρος
1404 1798 1428 1847 ό
1453 1796 1928 1867 στρατοπεδάρχης

2037 626 2105 663 ne
2142 627 2300 662 amne
2348 612 2609 665 custodire
2647 628 2816 664 vacuo
2867 614 3092 665 navibus
3138 614 3376 684 eﬂugerc
3416 614 3604 669 Rossis

2034 700 2245 753 liceret.
2303 700 2524 754 interim
2575 702 3084 770 Sphendosthlabus
3152 703 3414 775 Bulgaros
3465 721 3602 776 quos

2030 793 2271 860 captivos
2310 792 2555 854 habebat,
2594 794 2659 846 ad
2690 793 2757 846 ΞΟ
2796 794 2959 846 millia
2990 804 3300 850 numeratos
3329 800 3603 865 compedi-

2033 883 2131 935 bus
2162 897 2223 936 ac
2254 882 2488 935 vinculis
2525 884 2845 953 constringit
2868 926 2880 947 ,
2917 894 3167 938 metuens
3192 900 3259 939 ne
3295 886 3327 939 ii
3378 888 3601 942 seditio-

2031 989 2154 1027 nem
2204 974 2560 1034 concitarent,
2594 983 2645 1025 et
2681 990 2737 1026 se
2780 976 2845 1027 ad
2896 976 3231 1030 tolerandam
3264 977 3600 1032 obsidionem

2031 1076 2203 1134 parat.
2240 1066 2542 1134 Imperator
2566 1064 2655 1117 ubi
2686 1066 2875 1119 classis
2912 1069 3138 1135 appulit,
3170 1084 3488 1138 oppugnare
3510 1084 3601 1121 ur-

2034 1157 2153 1209 hem
2191 1157 2398 1225 incipit,
2439 1169 2492 1210 et
2557 1174 2701 1226 saepe
2757 1170 3103 1226 erumpentes
3163 1162 3295 1213 urbe
3346 1161 3604 1213 barbaras

2033 1247 2298 1316 protligat.
2356 1248 2598 1311 Quadam
2633 1249 2719 1302 die
2767 1250 2868 1302 sub
2904 1264 3187 1317 vesperam
3220 1248 3478 1303 Romanis
3535 1250 3602 1303 ad

2033 1337 2559 1405 cmnanidissipatis,
2620 1339 2831 1392 barbari
2865 1339 3118 1407 bipartito
3146 1338 3359 1408 agmine
3394 1339 3605 1405 equites

2035 1437 2089 1480 et
2130 1428 2338 1494 pedites
2367 1434 2500 1495 (tum
2532 1432 2763 1498 primum
2800 1432 2833 1483 ii
2865 1431 3075 1499 equites
3102 1431 3201 1483 visi
3232 1439 3380 1493 sunt,
3416 1431 3602 1484 hacte—

2037 1534 2137 1571 nus
2172 1519 2381 1586 pedites
2410 1530 2620 1573 tantum
2672 1522 3065 1589 pugnaverant)
3115 1522 3325 1575 duabus
3364 1538 3427 1576 se
3456 1523 3605 1576 urbis

2037 1608 2205 1675 portis
2236 1607 2546 1669 effundunt,
2608 1623 2839 1675 quarum
2896 1623 3001 1660 una
3063 1623 3250 1660 versus
3300 1608 3593 1665 orientem.

2034 1714 2195 1766 quam
2232 1699 2507 1752 custodire
2542 1699 2729 1766 jussus
2751 1707 2867 1752 erat
2911 1696 3109 1752 Petrus
3140 1707 3595 1765 castrorum-prte-

2034 1788 2208 1843 fectus
2234 1804 2355 1842 eum
2371 1788 2672 1843 Thracibus
2702 1799 2755 1842 et
2793 1789 3211 1851 Macedonibus;
3240 1788 3397 1859 401
3434 1789 3601 1841 altera

360 1887 503 1953 μετὰ
536 1886 766 1955 Θρᾳκῶν
812 1886 905 1939 καὶ
953 1887 1294 1947 Μακεδόνων,
1329 1887 1422 1939 καὶ
1454 1887 1554 1954 τῆς
1595 1889 1729 1957 πρὸς
1753 1890 1924 1953 δύσιν,
1960 1858 1998 1913 Β
2027 1894 2101 1933 00t

1960 1858 1998 1913 Β
2027 1880 2397 1941 occidentalis,
2432 1882 2496 1933 ad
2525 1896 2683 1948 quam
2702 1882 2758 1933 in
2788 1880 3041 1934 excubiis
3060 1881 3264 1934 locatus
3290 1892 3406 1934 erat
3430 1881 3601 1934 Barda

352 1978 487 2028 ὅπου
534 1976 794 2045 Βάρδαςό
826 1978 1067 2045 Σκληρὸς
1107 1976 1243 2045 μετὰ
1275 1977 1380 2028 τῶν
1426 1977 1605 2045 Ἐῲων
1652 1979 1931 2047 δυνάμεων

352 2067 453 2133 τὴν
482 2065 729 2135 φυλακὴν
764 2067 1156 2135 ἐπετέτραπτο,
1202 2067 1421 2136 ἐξῆλθον
1457 2068 1928 2136 παραταξάμενοι,

352 2159 475 2210 τότε
510 2159 724 2227 πρῶτον
748 2156 1009 2224 φανέντες
1040 2155 1268 2223 ἔφιπποι
1293 2174 1304 2185 ·
1338 2157 1432 2217 τὰς
1467 2159 1571 2225 γάρ
1608 2175 1930 2226 προηγησα-

357 2247 525 2313 μένας
557 2247 733 2314 μάχας
764 2244 917 2307 πεζοὶ
958 2244 1363 2314 διηγωνίσαντο.
1399 2245 1505 2305 Οὓς
1553 2246 1838 2313 εὐρώστως
1882 2249 1930 2298 οἱ

367 2337 624 2403 Ῥωμαῖοι
663 2335 945 2402 δεξάμενοι
998 2335 1251 2402 ἐκθύμως
1286 2335 1550 2402 ἐμάχοντο
1577 2350 1588 2362 '
1641 2337 1734 2387 καὶ
1768 2337 1932 2405 μέχρι

356 2428 552 2480 πολλοῦ
587 2427 931 2486 ίσοτάλαντος
959 2420 1027 2493 ἦν
1064 2426 1090 2477 ὀ
1121 2424 1285 2491 ἀγών.
1322 2426 1484 2487 Τέλος
1512 2427 1566 2479 δὲ
1591 2430 1653 2496 τῇ
1690 2433 1931 2499 σφετέρᾳ

355 2519 525 2584 ἀρετῇ
570 2516 827 2583 Ῥωμαῖοι
860 2514 1117 2583 τρέπουσι
1147 2516 1272 2575 τοὺς
1313 2513 1618 2583 βαρϐάρους
1664 2518 1755 2569 καὶ
1797 2517 1929 2584 πρὸς

354 2609 531 2673 τεῖχος
566 2605 928 2673 συγκλείουσι,
966 2603 1174 2656 πολλῶν
1205 2606 1306 2656 κάν
1334 2604 1411 2673 τῷ
1452 2606 1621 2672 ἀγῶνι
1662 2606 1796 2676 τῷδε
1831 2625 1928 2659 πε-

357 2698 579 2755 σόντων,
642 2698 733 2746 καὶ
784 2697 982 2763 μᾶλλον
1022 2695 1251 2756 ἱππέων,
1285 2696 1511 2763 μηδενὶς
1544 2692 1597 2749 δέ
1646 2700 1752 2750 τῶν
1796 2701 1931 2751 Ῥω-

358 2788 535 2855 μαίων
564 2786 1079 2854 τραυματισθέντος,
1109 2786 1223 2838 ἀλλ’
1252 2786 1284 2855 ἢ
1328 2786 1503 2853 μόνων
1528 2788 1706 2839 ἵππων
1733 2790 1928 2841 πεσόν-

353 2876 672 2943 τωντριῶν.
704 2875 862 2927 Οὕτω
913 2874 969 2925 δὲ
1022 2874 1379 2941 θραυσθέντες
1433 2879 1480 2926 οἱ
1535 2876 1798 2945 βάρϐαροι
1836 2881 1929 2931 καὶ

354 2969 488 3020 εἵσω
518 2967 728 3034 τείχους
769 2965 1149 3028 συνελαθέντες
1181 2967 1373 3029 νυκτὸς
1404 2970 1796 3039 ἐπιγενομένης
1853 2972 1926 3023 δι-

354 3058 711 3126 ενυκτέρευον
742 3058 1285 3127 ἄγρυπνοι,ίκα“ιτοὺς
1314 3062 1371 3111 ἐν
1399 3063 1463 3129 τῇ
1500 3061 1648 3132 μάχῃ
1668 3064 1928 3126 πεσόντας

356 3151 776 3218 ἀπωλοφύροντο
840 3149 1053 3217 ἀγρίοις
1114 3151 1207 3201 καὶ
1276 3150 1603 3219 φρικώδεσιν
1650 3153 1924 3222 ὀδυρμοῖς,

354 3243 431 3302 ὡς
459 3241 633 3291 δοκεῖν
672 3240 795 3300 τοὺς
831 3239 1124 3302 ἀκούοντας
1178 3238 1382 3307 θηρίων
1407 3236 1547 3294 εἶναι
1579 3242 1926 3313 βρυχηθμοὺς

354 3328 449 3377 καὶ
471 3326 710 3393 ὠρυγὰς,
739 3327 849 3377 ἀλλ’
871 3327 930 3378 οὑ
964 3327 1195 3396 θρήνους
1218 3326 1519 3394 ἀνθρώπων
1544 3333 1637 3384 καὶ
1658 3333 1923 3401 οἰμωγάς.

366 3416 608 3483 Ἡμέρας
634 3416 691 3467 δὲ
730 3416 854 3485 ἄρτι
896 3415 1231 3488 διαγελὼσης
1284 3422 1493 3483 πάντας
1542 3424 1668 3483 τοὺς
1714 3422 1771 3473 έν
1818 3441 1926 3475 τισι

354 3507 635 3576 φρουρίοις
659 3508 736 3570 είς
768 3507 1012 3575 φυλακὴν
1032 3507 1455 3579 ἐσκεδασμένους
1486 3514 1843 3567 ἀνεκαλοῦντο
1869 3517 1927 3576 ἐς

352 3596 413 3646 τὸ
435 3596 777 3664 Δορόστολον,
817 3600 909 3648 καὶ
937 3598 1146 3666 ταχέως
1165 3594 1297 3671 ἧκον
1338 3602 1786 3670 μετακληθέντες.
1817 3604 1925 3657 Καὶ

353 3687 380 3737 ό
419 3686 672 3754 βασιλεὺς
697 3688 753 3739 δὲ
778 3688 1082 3757 ἀνειληφὼς
1110 3690 1237 3761 ὃλην
1267 3692 1365 3761 τὴν
1404 3694 1631 3763 δύναμιν
1662 3690 1821 3764 ἦλθεν
1848 3698 1925 3756 είς

353 3778 413 3827 τὸ
444 3779 549 3845 πρὸ
578 3781 674 3845 τῆς
698 3779 903 3839 πόλεως
931 3781 1130 3844 πεδίον,
1162 3784 1253 3833 καὶ
1287 3784 1422 3851 πρὸς
1444 3786 1676 3852 πόλεμον
1702 3786 1923 3853 ἠρέθιζε

353 3868 476 3928 τοὺς
509 3867 830 3938 βαρϐάρους.
877 3870 931 3921 Ἐ
944 3874 1028 3921 πεὶ
1065 3871 1121 3922 δὲ
1148 3872 1221 3940 μὴ
1250 3872 1496 3942 ἐξῄεσαν,
1522 3876 1599 3935 εἰς
1624 3876 1681 3927 τὸ
1710 3877 1926 3944 στρατό-

356 3960 515 4009 πεδον
541 3959 881 4028 ὑποστρέψας
917 3961 1144 4030 ἡσυχίαν
1172 3958 1294 4031 ἦγε.
1324 3965 1432 4018 Καὶ
1458 3965 1756 4033 προσῆλθον
1775 3968 1921 4036 αύτῷ

356 4049 617 4114 πρέσϐεις
649 4051 713 4102 ἐκ
747 4053 1158 4115 Κωνσταντείας
1191 4056 1284 4107 καὶ
1314 4054 1420 4106 τῶν
1450 4055 1622 4108 ἄλλων
1650 4059 1920 4126 φρουρίων

354 4139 461 4189 τῶν
497 4139 670 4205 πέραν
703 4140 1004 4208 ἱδρυμένων
1023 4143 1114 4195 τοῦ
1143 4145 1378 4212 Ἴστρου,
1410 4146 1715 4213 ἀμνηστίαν
1738 4148 1919 4200 κακῶν

356 4228 661 4293 αἰτούμενοι
693 4230 785 4279 καὶ
814 4229 1038 4291 ἑαυτοὺς
1097 4231 1492 4299 ἐγχειρίζοντες
1524 4235 1623 4286 σὺν
1656 4237 1766 4298 τοῖς
1793 4237 1919 4305 όχυο

357 4315 603 4381 ρὼμασιν
627 4330 639 4343 ’
674 4314 765 4377 οὒς
797 4317 1083 4385 προσηνῶς
1125 4318 1417 4387 δεξάμενος
1471 4321 1754 4375 ἀπέστειλε
1796 4325 1920 4387 τοὺς

357 4407 839 4474 παραληψομένους
861 4408 928 4461 τά
953 4408 1183 4478 φρούρια
1200 4412 1290 4462 καὶ
1318 4411 1573 4481 στρατιάν
1592 4414 1919 4483 ἀποχρῶσαν

2033 1968 2258 2023 Sclerus
2280 1986 2402 2022 cmn
2432 1970 2797 2023 Orientalibus
2817 1971 3009 2039 copiis.
3046 1971 3257 2023 Acriter
3279 1971 3599 2024 dimicatum

2030 2068 2134 2123 est,
2167 2059 2423 2113 Romanis
2444 2060 2660 2114 fortiter
2685 2077 2781 2115 eos
2801 2062 3248 2115 subsistentibus.
3280 2062 3347 2115 Et
3382 2063 3598 2116 tametsi

2030 2149 2341 2218 aliquandiu
2394 2151 2557 2204 dubia
2620 2153 2771 2205 stetit
2812 2154 3056 2216 victoria,
3105 2162 3284 2208 tamen
3326 2153 3392 2207 ad
3420 2163 3602 2209 extre-

2032 2256 2184 2292 mum
2217 2242 2447 2294 Romani
2478 2259 2571 2295 sua
2592 2243 2789 2297 virtute
2848 2246 3110 2299 barbaros
3146 2246 3401 2311 fundunt,
3461 2247 3603 2300 mul-

2035 2329 2217 2396 tisque
2268 2329 2463 2383 occisis
2510 2332 2741 2384 maxime
2780 2334 2842 2386 de
2872 2334 3136 2401 equitatu,
3186 2334 3237 2387 in
3300 2334 3487 2389 urbem
3519 2350 3603 2389 re-

2031 2418 2207 2485 liquos
2227 2422 2587 2487 COIItpCllUt:t.
2620 2421 2983 2474 Romanorum
3013 2424 3289 2477 sauciatus
3306 2434 3390 2478 est
3412 2440 3595 2486 nemo.

2032 2524 2206 2577 neque
2232 2510 2333 2563 nisi
2372 2521 2483 2564 tres
2504 2513 2627 2579 equi
2659 2512 2951 2580 quidquam
3017 2515 3200 2581 periit.
3259 2514 3373 2569 Hoc
3440 2526 3599 2585 pacto

2031 2596 2185 2651 fracti
2236 2599 2443 2652 barbari
2468 2612 2521 2653 et
2569 2602 2710 2654 intra
2750 2617 2934 2656 muros
2973 2604 3142 2657 coacti
3185 2616 3399 2659 noctem
3443 2607 3599 2661 istam

2037 2688 2339 2744 insomnem
2364 2701 2684 2761 exegerunt,
2708 2702 2761 2747 et
2778 2708 2872 2748 eos
2892 2695 3051 2762 quiin
3072 2711 3251 2767 pugna
3266 2697 3597 2761 ceciderant,

2034 2779 2161 2833 feris
2209 2790 2372 2845 atque
2428 2782 2761 2835 terribilibus
2810 2786 3101 2850 eiulatibus
3155 2787 3598 2855 deploraverunt.

2031 2882 2088 2924 ut
2156 2873 2464 2941 quicunque
2516 2875 2787 2937 audirent,
2839 2892 2947 2929 non
3000 2878 3279 2931 hominum
3340 2880 3598 2942 lamenta.

2031 2962 2123 3012 sed
2148 2960 2384 3012 ferarum
2413 2963 2621 3029 rugitus
2646 2974 2699 3016 et
2733 2963 2971 3032 mugitus
2988 2976 3204 3031 putaret
3220 2980 3277 3019 se
3294 2968 3598 3037 percipere.

2033 3046 2146 3100 Sub
2180 3064 2430 3101 auroram
2450 3066 2640 3104 munes
2669 3053 2760 3120 qui
2794 3051 2922 3105 hinc
2945 3052 3069 3106 inde
3100 3069 3198 3122 per
3226 3058 3439 3109 castella
3459 3073 3599 3125 prae-

2031 3136 2153 3192 sidii
2186 3154 2347 3194 causa
2380 3149 2552 3203 crant,
2595 3143 2659 3196 ad
2696 3158 2753 3196 se
2791 3144 3131 3198 Dorostolum
3167 3156 3416 3211 eroeant,
3452 3148 3597 3217 iique

2032 3239 2227 3299 pratsto
2254 3233 2492 3287 fuerunt.
2545 3234 2843 3303 Imperator
2864 3250 3076 3305 quoque
3105 3245 3276 3290 totum
3302 3238 3601 3293 exercitum

2031 3325 2084 3377 in
2118 3340 2367 3393 campum
2389 3324 2478 3392 qui
2515 3333 2596 3377 est
2625 3335 2749 3379 ante
2787 3326 2974 3379 urbem
3007 3327 3228 3393 eduxit;
3264 3338 3319 3382 et
3341 3330 3596 3384 barbaros

2031 3432 2153 3469 cum
2185 3416 2380 3469 frustra
2404 3416 2469 3468 ad
2510 3430 2741 3484 pugnant
2777 3426 3157 3483 provocasset,
3190 3418 3244 3471 in
3269 3428 3447 3473 castra
3509 3437 3593 3474 re-

2029 3508 2282 3569 duxit,ac
2312 3507 2537 3575 quievit.
2576 3507 2649 3559 Ea
2674 3507 2762 3561 die
2788 3508 2852 3561 ad
2883 3508 3060 3577 ipsum
3105 3511 3329 3563 veniunt
3368 3511 3524 3581 legati
3566 3529 3596 3565 a

2030 3598 2367 3661 Constantia,
2393 3605 2445 3650 et
2476 3597 2596 3650 aliis
2648 3607 2797 3650 trans
2828 3596 3023 3651 lstrum
3064 3599 3184 3653 sitis
3215 3601 3475 3665 castellis,
3500 3618 3593 3656 ve-

2030 3688 2174 3741 niam
2210 3696 2458 3756 petentes
2504 3697 2557 3740 et
2593 3702 2649 3741 se
2684 3703 2747 3741 ac
2778 3689 3108 3743 munitiones
3147 3690 3425 3746 dedentes.
3460 3692 3595 3757 Qui-

2030 3779 2130 3831 bus
2158 3778 2390 3847 benigne
2418 3778 2655 3846 acceptis
2708 3778 2875 3832 mittit
2925 3780 3016 3847 qui
3054 3780 3273 3834 castella
3310 3780 3592 3850 recipiant.

2028 3868 2297 3936 simulque
2341 3867 2611 3937 praesidia,
2673 3868 2869 3937 quibus
2930 3884 2993 3922 ea
3035 3870 3299 3923 asservari
3352 3872 3592 3940 quirent.

2031 3956 2266 4026 Vespere
2291 3959 2402 4027 jam
2434 3958 2577 4013 facto
2608 3957 2761 4013 Rossi
2786 3957 2946 4029 m2
2991 3961 3247 4015 omnibus
3282 3962 3431 4017 urbis
3462 3978 3591 4031 por—

2027 4050 2095 4103 tis
2126 4050 2369 4119 apertis,’
2410 4067 2639 4106 numero
2669 4054 2959 4106 admodum
2984 4053 3149 4119 aucti,
3202 4054 3259 4107 in
3322 4053 3594 4109 Romanos

2022 4141 2092 4195 ob
2114 4150 2323 4195 noctem
2351 4141 2488 4195 nihil
2519 4143 2622 4196 tale
2644 4143 2987 4212 suspicantes
3026 4143 3259 4197 irruunt.
3290 4144 3589 4215 thuidem

2024 4229 2200 4299 primo
2226 4229 2482 4285 conflictu
2514 4232 2749 4287 victores
2787 4233 3131 4299 videbantur,
3187 4235 3448 4304 paulatim
3503 4245 3587 4290 ta-

2025 4336 2147 4374 men
2185 4321 2413 4375 Romani
2440 4322 2751 4392 superiores
2784 4332 2909 4379 sunt
2938 4324 3088 4380 facti.
3118 4324 3253 4381 Nam
3288 4328 3378 4382 ubi
3409 4328 3584 4398 Spha-

2022 4413 2195 4481 gellus
2220 4412 2516 4468 fortissime
2547 4430 2794 4485 pugnans
2835 4417 3051 4481 cecidit,
3094 4433 3159 4472 eo
3188 4420 3390 4474 amisso
3420 4420 3586 4473 animi

355 4500 434 4559 εἰς
459 4497 556 4565 τὴν
602 4497 783 4549 αὐτῶν
812 4498 1077 4568 φυλακήν.
1112 4500 1249 4567 Ἤδη
1290 4500 1346 4553 δὲ
1406 4502 1641 4571 ἑσπέρας
1688 4507 1916 4558 καταλα-
1949 4518 1994 4575 [ι
2022 4501 2096 4556 bal

1839 4508 1916 4558 λα·
1949 4518 1994 4575 [ι
2022 4501 2374 4558 barbarorum
2417 4505 2671 4576 languere
2696 4516 2978 4576 cmperunt
3020 4519 3073 4563 et
3103 4510 3312 4565 remisit
3333 4511 3580 4580 impetus.

353 4588 550 4654 ϐούσης
580 4592 677 4650 τὰς
710 4592 887 4652 πάσας
910 4590 1085 4652 πύλας
1113 4592 1212 4654 τῆς
1240 4592 1446 4655 πόλεως
1478 4595 1917 4661 ἀναπετάσαντες

352 4679 401 4729 οἱ
446 4676 602 4743 Ῥὼς,
629 4678 807 4747 πολλῷ
836 4678 943 4730 τῶν
985 4680 1265 4747 προτέρων
1312 4681 1553 4745 πλείονες
1596 4683 1766 4751 ὄντες,
1794 4687 1915 4739 ἐπι-

356 4769 610 4820 πίπτουσι
637 4770 747 4831 τοῖς
782 4769 1070 4837 Ῥωμαίοις
1119 4770 1452 4835 ἀνελπίστως
1482 4774 1568 4827 διά
1618 4775 1712 4844 τὴν
1752 4776 1917 4829 νύκτα

352 4859 601 4923 διάγουσι
620 4876 633 4889 ’
666 4861 758 4913 καὶ
790 4862 931 4913 κατά
964 4860 1063 4930 μὲν
1079 4862 1176 4931 τὴν
1194 4863 1415 4932 πρώτην
1442 4881 1503 4917 συ
1513 4866 1715 4937 μϐολὴν
1736 4868 1917 4935 ἔδοξαν

352 4954 711 5019 προτερῆσαι,
757 4953 895 5021 μετά
951 4953 1142 5024 μικρὸν
1195 4955 1251 5007 δὲ
1292 4956 1593 5027 ὑπερέσχον
1637 4960 1909 5031 Ῥωμαῖοι.

362 5040 450 5102 Ὠς
490 5042 597 5110 γὰρ
622 5043 817 5112 συνέϐη
841 5048 1025 5097 πεσεῖν
1058 5047 1146 5100 τὸν
1178 5048 1477 5115 Σφάγελλον
1498 5052 1748 5121 ήρωῖκῶς
1776 5054 1917 5121 ἀγω-

348 5130 651 5198 νιζόμενον,
711 5134 1078 5203 συνεχύθησαν
1128 5140 1190 5206 τῇ
1225 5138 1318 5190 τοῦ
1364 5141 1618 5203 πεσόντος
1658 5144 1911 5213 στερήσει

349 5223 443 5273 καὶ
481 5218 577 5281 τὰς
608 5220 778 5290 ὁρμὰς
824 5221 1231 5291 ἐχαυνώθησαν.
1264 5226 1447 5294 Ὅμως
1476 5226 1743 5281 ἀνένδοτοι
1782 5229 1912 5299 παρ’

347 5308 475 5377 ὃλην
511 5309 607 5378 τὴν
643 5311 811 5364 νύκτα
849 5312 1121 5381 διέμειναν
1155 5316 1248 5367 καὶ
1296 5317 1391 5387 τὴν
1416 5317 1674 5371 ἐπιοῦσαν
1700 5319 1912 5390 ἡμέραν

352 5400 511 5467 μέχρι
546 5398 817 5469 σταθηρᾶς
847 5402 1209 5472 μεσημϐρίας,
1244 5407 1373 5459 Τότε
1412 5407 1473 5477 δὴ
1518 5408 1610 5460 τοῦ
1650 5410 1913 5479 βασιλέως

347 5489 577 5558 δύναμιν
616 5496 961 5560 πεπομφότος
994 5497 1077 5563 ἐφ’
1101 5490 1145 5563 ᾧ
1177 5500 1286 5561 τοῖς
1339 5500 1631 5570 βαρϐάροις
1661 5504 1910 5557 ἀποκλεῖ-

350 5597 438 5632 σαι
469 5580 565 5649 τὴν
595 5583 674 5645 εἰς
702 5583 798 5652 τὴν
822 5585 971 5636 πόλιν
1004 5586 1226 5651 εἴσοδον,
1258 5591 1471 5655 γνόντες
1500 5593 1547 5643 οἱ
1589 5591 1723 5656 Ῥὼς
1762 5594 1907 5648 ἐκλι-

348 5690 443 5724 ναν
465 5674 541 5735 είς
570 5676 767 5743 φυγὴν,
792 5676 884 5727 καὶ
916 5677 1013 5739 τὰς
1050 5681 1185 5750 πρὸς
1206 5681 1303 5750 τὴν
1328 5682 1480 5735 πόλιν
1511 5683 1747 5748 εἰσόδους
1787 5687 1905 5739 ἐπι-

349 5769 751 5835 τετειχισμένας
808 5771 1055 5841 εὑρόντες
1102 5774 1327 5843 ἔφευγον
1354 5778 1439 5831 διά
1465 5778 1556 5831 τοῦ
1587 5780 1767 5833 πεδίου
1803 5782 1898 5835 καὶ

2022 4590 2124 4645 Per
2152 4602 2317 4647 totam
2352 4603 2534 4649 tamen
2587 4606 2804 4650 noctem
2862 4598 3187 4664 subsistunt,
3238 4610 3401 4669 atque
3448 4602 3585 4655 adeo

2022 4683 2087 4737 ad
2110 4683 2389 4737 meridiem
2424 4700 2594 4753 usque
2624 4704 2637 4739 :
2669 4696 2780 4739 tum
2827 4686 3043 4741 demum
3077 4689 3581 4745 animadvertentes

2020 4774 2087 4829 ab
2117 4774 2437 4843 imperatore
2468 4776 2687 4830 missam
2723 4792 2844 4831 esse
2893 4779 3164 4834 exercitus
3217 4788 3423 4850 partem
3460 4796 3581 4849 qua:

2018 4866 2221 4922 Rossos
2271 4867 2417 4921 aditu
2451 4868 2505 4920 in
2548 4868 2735 4923 urbem
2773 4870 3118 4937 excluderet,
3171 4879 3308 4941 fugas
3338 4887 3396 4926 se
3426 4873 3577 4934 dant,

2018 4971 2249 5026 cumque
2278 4958 2391 5011 vias
2432 4958 2485 5010 in
2524 4959 2710 5011 urbem
2747 4958 3009 5012 ducentes
3048 4961 3357 5014 invenirent
3386 4962 3575 5015 obses-

2015 5063 2126 5112 sas,
2159 5064 2256 5118 per
2277 5064 2524 5117 campum
2584 5048 2703 5117 fuga
2739 5048 2994 5116 dispersi,
3025 5049 3094 5103 ab
3157 5050 3577 5118 insequentibus

2012 5138 2165 5191 multi
2188 5138 2534 5192 occiduntur.
2572 5138 2647 5191 Ea
2691 5152 2812 5207 qua
2872 5138 3160 5193 subsecuta
3212 5140 3450 5207 proxime
3494 5156 3577 5197 est

2016 5243 2140 5291 nox,
2174 5227 2678 5298 Sphendosthlabus
2710 5228 2860 5283 urbis
2893 5244 3078 5284 muros
3126 5228 3271 5283 fossa
3309 5229 3572 5299 profunda

2015 5317 2408 5384 circumdabat,
2435 5334 2503 5372 ne
2535 5318 2689 5372 facile
2711 5317 2940 5371 Romani
2965 5334 3085 5373 cum
3119 5318 3323 5387 impetu
3353 5332 3576 5388 possent

2010 5424 2106 5464 eos
2135 5421 2503 5481 oppugnatum
2544 5411 2836 5475 accedere;
2892 5420 3053 5479 atque
3100 5410 3204 5464 hoc
3250 5411 3409 5465 modo
3439 5412 3585 5464 urbe.

2012 5505 2345 5557 communita
2377 5503 2929 5558 statuitobsidiouem‘
2976 5502 3270 5557 fortissime
3310 5501 3569 5571 perferre.

2012 5593 2147 5659 Quia
2187 5605 2368 5649 autem
2393 5595 2635 5664 plerique
2673 5596 2903 5649 militum
2935 5596 3056 5664 ejus
3091 5596 3162 5651 ob
3193 5596 3412 5650 vulnera
3432 5596 3575 5649 male

2006 5686 2294 5746 habebant,
2330 5694 2384 5739 et
2409 5686 2519 5755 jam
2543 5685 2878 5754 consumptis
2910 5686 3182 5741 alimentis
3204 5684 3430 5754 penuria
3459 5685 3559 5737 im-

2007 5775 2273 5846 minebat,
2306 5792 2430 5833 eum
2466 5777 2745 5850 importari
2774 5777 2993 5833 aliunde
3029 5777 3314 5847 quidquam
3340 5774 3568 5833 Romani
