4410 6452
836 397 939 459 135

2068 393 2393 454 GEORGII
2434 388 2766 454 CEDRENI

3988 397 4081 458 i36

831 526 938 560 nun
965 510 1229 562 sinerent.
1257 508 1537 555 uim-nata
1578 514 1733 555 nocte
1761 502 2043 555 tenebrosia
2105 519 2165 552 ac
2218 505 2396 565 illuni,
2432 515 2473 563 Α
2510 522 2572 555 κς-

2339 508 2396 565 ιι,
2432 515 2473 563 Α
2510 499 3048 569 καταλαμϐανόμενοι
3094 500 3407 569 ἑτῃροῦντο.
3455 500 3510 552 Ὀ
3550 502 3604 554 δὲ
3650 504 4080 577 Σφενδουθλάϐος

835 605 884 651 in
917 615 1077 667 quam
1116 598 1314 649 imbres
1335 594 1533 663 magni.
1567 594 1769 661 gzraudn
1797 592 2055 643 terribilis
2079 591 2405 661 fulguraque

831 706 885 745 et
919 695 1153 744 tonitrua
1187 689 1455 739 horrenda
1488 687 1815 740 im-ideranl.
1843 700 1966 737 cum
1994 684 2208 736 duobus
2263 686 2399 736 virm

834 798 951 834 rum
991 780 1232 832 millibus
1276 778 1467 829 lintres
1538 776 1858 827 conscendit
1893 786 1948 828 et
1996 775 2062 828 ad
2116 775 2406 842 quaerenda

832 873 1004 924 vit'llll
1032 871 1341 925 necessaria
1389 868 1621 935 navigat.
1677 866 1812 918 Cum
1856 867 2202 936 collegissent
2249 874 2409 934 prout

830 967 1060 1035 quisque
1075 965 1234 1037 403
1252 961 1737 1029 nanciscijpoterat,
1762 961 2113 1025 frumentum,
2132 959 2337 1011 milium
2357 967 2411 1012 et

834 1056 971 1107 alias
1004 1059 1069 1107 ad
1104 1056 1269 1106 vitam
1300 1050 1714 1105 sustentandam
1756 1050 2018 1103 facientes
2043 1065 2148 1112 res,
2195 1063 2409 1101 rursum

832 1149 1061 1202 adverso
1095 1145 1315 1199 ﬂumine
1347 1143 1693 1198 Dorostolum
1726 1144 2020 1195 vehuntur.
2068 1141 2244 1208 Atque
2274 1140 2411 1193 inter

835 1240 1224 1299 revehendum,
1253 1251 1376 1291 cum
1413 1237 1465 1289 in
1503 1236 1616 1304 ripa
1655 1233 1890 1287 ﬂuminis
1916 1231 2162 1285 viderent
2194 1232 2412 1285 calones

835 1330 977 1381 hami
1010 1343 1233 1397 paucos,
1307 1342 1541 1395 quorum
1598 1326 1687 1379 alii
1744 1339 1915 1393 equos
1980 1325 2261 1393 potabant,
2317 1323 2407 1376 alii

834 1420 1055 1472 herbam
1086 1427 1179 1472 aut
1203 1419 1343 1489 ligna
1390 1418 1738 1487 colligebant,
1769 1416 1999 1469 navibus
2023 1415 2226 1485 egressi
2246 1424 2298 1466 et
2319 1430 2412 1481 per

834 1511 1025 1562 silvam
1086 1510 1289 1578 absque
1324 1507 1555 1576 strepitu
1604 1508 1951 1570 incedentes,
1981 1523 2076 1561 eos
2124 1506 2257 1560 nilnl
2309 1506 2410 1559 tale

834 1600 1135 1668 cogitantes
1163 1599 1341 1652 subito
1376 1598 1727 1660 adoriuntur,
1770 1599 2063 1665 multisque
2087 1596 2409 1655 interfectis,

836 1690 1077 1756 reliquos
1152 1688 1372 1757 palatini
1455 1689 1509 1741 in
1549 1690 1794 1758 proxima
1846 1703 2068 1741 nemora
2104 1703 2161 1740 se
2216 1686 2412 1739 abdere.

833 1783 1053 1846 cogunt.
1106 1776 1239 1845 lpsi,
1265 1777 1379 1831 suis
1415 1777 1667 1831 lintribus
1699 1791 1914 1829 rursum
1946 1774 2284 1837 conscensis,
2324 1789 2411 1826 se-

833 1866 1013 1919 cundo
1041 1875 1203 1918 vento
1230 1866 1567 1919 Dorostolum
1596 1866 1843 1919 redeunt.
1866 1865 2188 1934 Imperator,
2215 1875 2273 1917 ut
2301 1866 2405 1918 hoc
2444 1849 2483 1904 Β

838 1957 1103 2025 percepit,
1168 1958 1555 2013 molestissime
1592 1958 1734 2019 tulit,
1786 1966 1842 2011 et
1874 1956 2167 2026 prarfectos
2222 1956 2411 2009 classis

834 2047 1154 2116 gravissime
1178 2049 1436 2117 culpavit.
1466 2048 1610 2117 quod
1639 2050 1894 2101 barbaros
1925 2048 2209 2102 Dorostolo
2240 2047 2403 2100 avehi

834 2154 942 2190 non
969 2140 1288 2204 sensissent,
1312 2140 1547 2192 minatus
1572 2139 1733 2192 etiam
1754 2147 2012 2203 mortem,
2039 2138 2083 2190 si
2116 2138 2244 2206 quid
2270 2152 2409 2206 pra:-

838 2237 983 2280 tcrea
1023 2229 1135 2282 tale
1172 2230 1305 2298 ipsis
1355 2245 1464 2283 non
1519 2230 1936 2284 observantibus
1975 2229 2148 2283 ﬁeret.
2180 2227 2299 2293 Quo
2329 2228 2411 2282 fa-

835 2330 987 2373 ctum
1018 2332 1079 2374 ut
1107 2321 1142 2375 ii
1177 2331 1457 2392 utramque
1491 2322 1728 2376 ﬂuminis
1780 2322 1947 2390 ripam
2003 2321 2413 2392 diligentissime

838 2414 1069 2480 posthac
1108 2416 1470 2469 custodirent.
1524 2415 1818 2468 Enimvero
1852 2415 2150 2483 imperator
2170 2430 2293 2467 cum
2344 2413 2414 2466 65

836 2505 1130 2558 continuos
1162 2507 1276 2559 dies
1324 2507 1512 2559 urbem
1567 2514 1954 2575 oppugnasset,
2014 2519 2132 2558 eam
2186 2503 2411 2573 posthac

836 2595 1123 2649 obsidione
1150 2606 1205 2650 ct
1244 2596 1383 2650 fame
1424 2596 1613 2651 statuit
1649 2605 1877 2649 tentare.
1926 2596 2053 2649 ldeo
2084 2596 2197 2649 vias
2219 2609 2409 2649 omnes

838 2687 1001 2741 fossis
1033 2689 1171 2741 actis
1195 2698 1250 2741 et
1277 2688 1544 2756 prmsidiis
1598 2687 1794 2741 additis
1824 2688 2022 2748 munit.
2054 2703 2123 2741 ne
2153 2686 2274 2754 quis
2316 2685 2415 2738 ali-

838 2786 1145 2830 mentorum
1178 2779 1536 2846 petendorum
1580 2792 1744 2833 causa
1802 2777 1950 2831 exire
2006 2778 2141 2831 urbe
2189 2788 2414 2845 posset;

837 2868 1065 2938 ipseque
1096 2870 1148 2922 in
1184 2870 1473 2926 obsidione
1510 2871 1723 2923 interim
1751 2869 1861 2923 otio
1885 2868 2100 2921 fruitur.

2511 593 2702 653 νυκτὸς
2758 591 3147 660 ἐπιγενομένης
3190 590 3415 658 διώρυγι
3439 592 3629 663 βαθείᾳ
3661 595 3721 646 τὸ
3750 598 3847 663 τῆς
3877 599 4081 650 πόλεως

2511 684 2852 749 ἐστεφάνωσε
2882 682 3076 748 τεῖχος,
3116 681 3201 751 ΙΡ.
3245 681 3371 749 677'l
3399 682 3483 733 ἵνα
3517 686 3591 751 μὴ
3637 684 3877 754 εὐχερῶς
3911 689 4083 756 ἔχοιεν

2511 776 2559 824 οἱ
2606 773 2869 842 Ῥωμαῖοι
2908 772 3027 841 μεθ’
3053 772 3234 841 ὁρμῆς
3251 773 3327 842 τῷ
3349 774 3443 841 τῆς
3485 774 3693 838 πόλεως
3714 776 3881 846 τείχει
3913 795 4083 847 προσ-

2514 863 2789 927 πελάζειν.
2830 867 2936 917 Κα“ι
2965 864 3106 917 οὕτω
3152 864 3249 931 τὴν
3300 866 3453 917 πόλιν
3486 865 3923 935 ἀσφαλισάμενος
3945 868 4082 935 ἔγνω

2512 958 2619 1009 δεῖν
2641 957 2981 1025 εὐψυχότατοι
3006 957 3103 1025 τὴν
3132 955 3450 1026 πολιορκίαν
3483 960 3898 1028 προσδέχεσθαι.
3933 962 4083 1015 Ἐπεὶ

2512 1048 2650 1100 δὲτὸ
2677 1048 2839 1099 πλέον
2872 1047 2970 1117 τῆς
3020 1049 3277 1119 στρατιᾶς
3302 1048 3571 1116 διέκειγτο
3605 1050 3790 1112 κακῶς
3832 1052 3939 1104 ἀπὸ
3978 1053 4083 1104 τῶν

2514 1138 2862 1207 τραυμάτων,
2920 1140 3362 1208 συνεπελάμϐανε
3416 1139 3471 1192 δὲ
3516 1143 3610 1193 καὶ
3650 1143 3801 1209 λιμὸς
3832 1144 3930 1212 ἤδη
3981 1148 4085 1196 τῶν

2514 1230 2826 1297 ἀναγκαίων
2880 1229 3297 1300 δαπανηθέντων
3335 1232 3539 1293 αὐτοῖς,
3562 1246 3667 1284 ’και
3721 1235 3842 1304 μηδ’
3876 1235 4073 1301 ἔξωθεν

2514 1322 2581 1373 τά
2610 1322 2746 1391 πρὸς
2799 1322 2989 1392 χρείαν
3020 1323 3426 1392 συνεχωροῦντο
3468 1326 3649 1386 αὐτοῖς
3685 1326 4085 1395 εἰσκομίζεσθαι

2515 1413 2667 1482 ποιρά
2693 1412 2802 1465 τῶν
2846 1413 3152 1484 Ῥωμαίων,
3208 1412 3379 1466 νύκτα
3430 1416 3653 1483 βαθεῖαν
3696 1416 3789 1468 καὶ
3830 1418 4085 1484 ἀσέληνον

2514 1505 2854 1574 ἐπιτηρήσας
2907 1508 2933 1557 ὁ
2990 1505 3460 1573 Σφενδοσθλάϐος,
3524 1506 3647 1559 καθ’
3708 1508 3772 1576 ἣν
3825 1507 3979 1567 ὑετὸς
4026 1524 4083 1557 τε

2516 1594 2771 1663 ῥαγδαῖος
2797 1595 2855 1659 ἐξ
2889 1595 3121 1664 οὐρανοῦ
3165 1596 3468 1666 κατηνέχθη
3512 1597 3604 1648 καὶ
3643 1599 3850 1666 χάλαζα
3882 1599 4084 1667 φοῧερά

2514 1686 2797 1754 ὲπερῤάγη
2827 1686 2919 1737 καὶ
2948 1685 3169 1755 βρονταὶ
3194 1689 3288 1740 καὶ
3313 1689 3589 1751 ἀστραπαὶ
3621 1690 4081 1758 φρικωδέσταται.

2520 1776 2827 1844 μονοξύλοις
2855 1775 2967 1843 (28)
2997 1775 3167 1844 ἐμϐὰς
3194 1778 3332 1845 μετά
3365 1778 3638 1847 δισχιλίων
3658 1778 3863 1846 ἀνδρῶν
3892 1779 4087 1843 ἔξεισιν

2516 1869 2593 1928 εἰς
2649 1866 3435 1935 ἐπισιτισμόν.Συλλεξάμενοι
3487 1870 3542 1922 δὲ
3603 1870 3724 1921 ὅθεν
3784 1872 4088 1940 εὺπξρηκεν

2517 1957 2746 2019 ἕκαστος
2772 1960 2918 2009 σῖτον
2945 1958 3040 2010 καὶ
3077 1959 3311 2027 κέγχρον
3340 1958 3431 2011 καὶ
3481 1960 3593 2030 εἴδη
3621 1960 3755 2013 ἄλλα
3797 1966 4087 2014 συνεκτικὰ

2518 2048 2616 2116 τῆς
2648 2048 2813 2114 ζωῆς,
2873 2048 3141 2116 ἀνήγοντο
3191 2048 3278 2101 διὰ
3310 2048 3405 2101 τοῦ
3446 2051 3693 2119 ποταμοῦ
3727 2054 3836 2111 τοῖς
3869 2053 4088 2120 μονοξύο

2519 2139 2629 2202 λοις
2652 2141 2732 2200 εἰς
2762 2140 2824 2191 τὸ
2872 2140 3217 2208 Δορόστολον.
3261 2142 3347 2191 Ἐν
3379 2142 3435 2193 δὲ
3466 2142 3545 2209 τῷ
3581 2144 3842 2196 ἀναπλεῖν
3893 2144 4088 2198 θεασά⁴

2523 2248 2674 2300 μενοι
2711 2232 2853 2284 κατά
2878 2231 2936 2284 τὸ
2970 2231 3147 2301 χεῖλος
3193 2232 3285 2284 τοῦ
3340 2233 3587 2301 ποταμοῦ
3628 2235 3962 2303 θεράποντας
3992 2237 4088 2288 οὐκ

2519 2322 2731 2390 ὀλίγους
2752 2323 2861 2375 τῶν
2887 2324 3254 2390 στρατιωτῶν,
3275 2324 3399 2387 τοὺς
3417 2325 3516 2392 μὲν
3533 2326 3732 2389 ἵππους
3749 2328 4086 2390 ποτίζοντας,

2518 2414 2643 2473 τοὺς
2668 2412 2726 2463 δὲ
2778 2412 3251 2481 χορτολογοῦντας,
3294 2414 3487 2479 ἄλλους
3536 2416 3592 2468 δὲ
3628 2418 3723 2469 καὶ
3747 2416 4085 2481 ξυλεύοντας,

2518 2501 2822 2564 ἀποϐάντες
2872 2504 2979 2554 τῶν
3011 2504 3213 2556 πλοίων
3246 2504 3332 2555 διὰ
3374 2505 3474 2573 τῆς
3505 2505 3634 2574 ὕλης
3665 2508 3904 2576 ἀψοφητὶ
3943 2508 4088 2578 βαδί-

2524 2592 2708 2654 ζοντες
2738 2593 3018 2661 ἀδοκήτως
3074 2596 3137 2646 ἐκ
3175 2594 3269 2646 τοῦ
3315 2595 3556 2660 ἀφανοῦς
3606 2597 3969 2665 ἐμπίπτουσιν
3991 2600 4088 2651 αὐ-

2525 2684 2657 2743 τοῖς,
2683 2684 2775 2733 καὶ
2814 2683 3042 2745 πολλοὺς
3101 2685 3199 2751 μὲν
3246 2685 3450 2736 τούτων
3483 2686 3830 2747 ἀπέκτειναν,
3874 2689 3999 2748 τοὺς
4034 2689 4089 2738 δὲ

2526 2773 2745 2834 λοιποὺς
2778 2771 2870 2823 ἐπὶ
2898 2771 2996 2832 τὰς
3050 2770 3280 2840 πλησίον
3310 2772 3517 2841 λόχμας
3555 2774 3914 2843 σκεδασθῆναι
3958 2777 4090 2843 ἠνά-

2530 2880 2761 2929 γκασαν.
2796 2857 2956 2923 Αὖθις
2982 2859 3026 2913 δ’
3049 2862 3128 2923 εἰς
3150 2862 3247 2924 τὰς
3272 2863 3484 2929 σκάφας
3511 2865 3777 2931 ἐμϐάντες
3805 2870 3898 2920 καὶ
3923 2870 4089 2938 οὐρίῳ

839 2962 1126 3029 φερόμενοι
1156 2963 1426 3032 πνεύματι
1457 2962 1591 3032 πρὸς
1623 2962 1685 3013 τὸ
1712 2961 2033 3029 Δορόστολον
2060 2961 2333 3029 φέρονται.
2377 2954 2544 3008 Τοῦτο
2573 2956 2625 3006 δὲ
2664 2955 2902 3022 γνωσθὲν
2958 2956 3036 3015 είς
3075 2956 3315 3023 μεγάλην
3349 2956 3504 3007 ἀνίαν
3530 2957 3785 3025 ἐμϐάλλει
3824 2962 3912 3010 τὸν
3935 2963 4089 3030 βασι-

838 3055 953 3118 λέα,
998 3056 1090 3107 καὶ
1128 3056 1252 3117 τοὺς
1310 3055 1587 3125 ἀρχηγοὺς
1618 3054 1712 3106 τοῦ
1742 3052 1929 3104 στόλου
1955 3054 2010 3103 ἐν
2045 3052 2196 3120 αἰτία
2239 3046 2652 3119 μεγάλῃ-ἔσχεν,
2689 3049 2768 3097 ὃτι
2806 3046 2880 3113 μὴ
2906 3045 3203 3113 ἐπῄσθοντο
3228 3045 3320 3097 τοῦ
3346 3047 3406 3105 ἐκ
3433 3049 3757 3116 Δοροστόλου
3808 3050 3915 3101 τῶν
3958 3050 4092 3117 βαρ-

838 3150 1021 3216 ϐάρων
1051 3150 1293 3203 ἀπόπλου
1316 3167 1332 3181 ·
1364 3150 1701 3219 ἐπηπείλησε
1727 3149 1783 3202 δὲ
1808 3150 1900 3202 καὶ
1921 3149 2148 3202 θάνατον
2187 3149 2391 3210 αὐτοῖς,
2420 3148 2465 3197 εί
2491 3146 2572 3196 ἔτι
2595 3144 2739 3207 ἅπαξ
2769 3142 2904 3211 λάθῃ
2954 3140 3194 3194 τοιοῦτόν
3237 3160 3290 3194 τι
3331 3142 3603 3208 γενέσθαι.
3645 3143 3751 3194 Καὶ
3792 3145 3838 3194 οἱ
3871 3145 3968 3211 μὲν
3995 3146 4092 3205 τὰς

841 3242 970 3309 παρ’
993 3243 1225 3313 ἑκάτερα
1244 3242 1408 3313 ὄχθας
1440 3242 1533 3296 τοῦ
1567 3242 1812 3311 ποταμοῦ
1865 3244 2092 3311 ἐτήρουν
2128 3240 2424 3307 ἐπιμελῶς,
2456 3241 2483 3291 ὁ
2512 3238 2566 3289 δὲ
2626 3236 2873 3304 βασιλεὺς
2900 3234 2981 3301 ἐφ’
3017 3237 3143 3297 ὅλας
3176 3235 3337 3287 πέντε
3369 3236 3461 3287 καὶ
3493 3234 3757 3304 ἑξήκοντα
3783 3238 3993 3309 ἡμέρας
4024 3245 4089 3310 τῇ

843 3335 1131 3404 πολιορκίᾳ
1153 3336 1517 3405 χρησάμενος,
1542 3332 1636 3387 καὶ
1669 3333 1790 3385 καθ’
1829 3334 2065 3401 ἑκάστην
2094 3330 2348 3397 πολεμῶν
2370 3330 2462 3383 καὶ
2496 3328 2569 3396 μὴ
2597 3328 2784 3387 ἀνιεὶς,
2816 3326 2933 3376 δέον
2974 3327 3187 3393 ἐνόμισε
3228 3325 3316 3377 διὰ
3374 3326 3729 3395 προσεδρείας
3780 3331 3872 3382 καὶ
3933 3333 4091 3402 λιμοῦ

841 3428 1242 3501 ἀποπειρᾶσθαι
1277 3427 1374 3497 τῆς
1406 3426 1633 3486 πόλεως.
1668 3426 1759 3477 Διὸ
1808 3426 1901 3479 καὶ
1933 3424 2199 3477 πάντοθεν
2224 3423 2451 3493 τάρφοις
2479 3422 2575 3481 τὰς
2608 3419 2758 3478 ὁδους
2798 3417 3127 3477 ἀποκλείσας
3153 3417 3245 3468 καὶ
3284 3416 3529 3481 φύλακας
3563 3420 3857 3489 ἐπιστήσας
3880 3422 4090 3488 αὑταῖς,

840 3525 916 3587 ὡς
952 3523 1025 3591 μή
1058 3539 1140 3582 τις
1169 3520 1299 3583 ἐξίοι
1328 3520 1395 3572 τὰ
1434 3519 1716 3587 ἐπιτήδεια
1755 3520 2017 3586 κομίσων,
2056 3516 2291 3585 ἐκάθητο
2329 3513 2572 3582 ἠρεμῶν.
2619 3511 2725 3562 Καὶ
2780 3508 2847 3561 τὰ
2906 3510 3004 3578 μὲν
3084 3510 3141 3560 ὲν
3169 3509 3477 3577 Δοροστόλῳ
3510 3509 3738 3578 ἐφέρετο
3767 3513 3915 3579 τῇδε,

923 3615 1059 3668 ltum
1086 3614 1201 3666 inec
1230 3612 1295 3665 ad
1328 3610 1671 3664 Dorostolum
1720 3618 2003 3679 geruntur,
2053 3608 2161 3661 Leo
2193 3622 2424 3676 curopo-
2452 3613 2497 3673 ο
2599 3605 2664 3656 Λέ

2350 3622 2424 3660 ιο-
2452 3613 2497 3673 C
2599 3605 2746 3656 Λέων
2780 3602 2834 3654 δὲ
2864 3603 2890 3654 ὁ
2925 3601 3339 3671 κουροπαλάτης
3370 3600 3465 3651 καὶ
3494 3601 3805 3671 Νικηφόρος
3842 3605 3869 3655 ὁ
3904 3604 4091 3656 τούτου

846 3709 980 3761 lates
1012 3716 1065 3759 et
1104 3703 1445 3775 Niccpliorus
1483 3703 1604 3771 ejus
1636 3701 1971 3770 tilius,quos
1994 3712 2117 3753 ante
2139 3700 2423 3753 docuimus

847 3798 1220 3853 incolumibus
1278 3796 1449 3851 oculis
1493 3794 1765 3856 dimissos,
1804 3794 2016 3847 tametsi
2049 3791 2213 3863 [‘04
2256 3790 2422 3845 cllodi

845 3904 941 3942 eos
970 3888 1240 3941 sententia
1259 3886 1533 3955 jussisset,
1554 3898 1746 3939 rursus
1772 3885 2109 3955 tyrannidem
2142 3882 2422 3936 invadunt.

852 3974 1099 4043 Cumque
1130 3974 1332 4026 multos
1370 3973 1520 4025 urbis
1548 3982 1602 4025 et
1634 3971 1794 4041 regiae
1839 3971 2091 4024 custodes
2148 3969 2423 4037 corrupis-

851 4074 1177 4133 sent,atque
1211 4079 1274 4117 ex
1303 4063 1470 4116 animi
1505 4064 1773 4117 sententia
1826 4063 2139 4116 viderentur
2173 4062 2273 4116 sibi
2312 4075 2422 4113 rem

850 4156 1175 4216 confecisse,
1219 4155 1492 4209 conducta
1543 4154 1665 4207 navi
1716 4170 1779 4207 ex
1834 4155 2009 4208 insula
2054 4156 2107 4207 in
2133 4169 2292 4223 quam
2340 4168 2425 4206 re-

852 4246 1011 4316 legati
1045 4243 1279 4307 fuerant,
1312 4246 1379 4297 ad
1422 4243 1792 4298 continentem
1817 4242 1985 4296 urbie
2030 4242 2246 4312 regione
2283 4241 2426 4295 loca-

854 4348 961 4389 tam
990 4335 1357 4393 dcvebuntur.
1386 4335 1539 4404 juxta
1568 4333 1889 4391 suburbium
1925 4334 2009 4387 cui
2060 4332 2426 4402 Pelamydium

857 4442 1079 4490 nomen,
1124 4435 1286 4495 atque
1307 4427 1433 4479 inde
1465 4426 1567 4479 sub
1592 4424 1829 4493 primum
1879 4424 2001 4493 galli
2040 4432 2258 4477 cantum
2283 4422 2427 4489 Cpo-

858 4521 948 4572 lim
1009 4520 1300 4574 accedunt.
1363 4518 1469 4572 Sed
1521 4517 1659 4575 Leo.
1704 4517 1781 4570 rei
1829 4517 2035 4570 navalis
2085 4516 2427 4586 drungarius,

854 4611 944 4664 cui
979 4624 1085 4663 una
1117 4624 1242 4663 cum
1286 4608 1484 4662 Basilio
1519 4619 1733 4661 rectore
1770 4606 1954 4676 palatii
1986 4606 2235 4661 custbdia
2282 4622 2431 4660 com-

856 4703 1111 4756 mendata
1175 4700 1372 4764 fuerat,
1422 4715 1483 4755 ea
1519 4700 1585 4754 de
1613 4714 1670 4754 re
1724 4714 1753 4751 a
1806 4697 2025 4752 conscio
2080 4698 2428 4752 consiliorum

861 4792 1086 4846 istorum
1128 4792 1359 4861 quodam
1407 4790 1580 4843 factus
1630 4791 1854 4853 certior,
1895 4804 2114 4843 manum
2169 4788 2332 4841 mittit
2364 4786 2429 4839 ad

861 4884 1235 4953 curopalatam
1261 4893 1313 4935 et
1352 4881 1518 4935 lilium
1543 4881 1664 4950 ejus
1696 4880 2242 4950 comprehcndendos
2279 4878 2430 4931 sul‘li—

860 4977 1134 5038 cicntem;
1213 4976 1327 5044 qui,
1402 4975 1504 5028 hoc
1583 4972 1988 5036 animadverso,

866 5063 1155 5134 Templum
1224 5066 1543 5135 confugiunt
1593 5083 1604 5117 :
1664 5064 1788 5117 inde
1836 5064 2008 5117 avulsi
2090 5064 2141 5115 in
2218 5062 2428 5114 Protam

868 5154 1101 5208 insulam
1171 5154 1511 5224 relegantur,
1569 5164 1729 5223 atque
1762 5154 1831 5207 ibi
1865 5154 2002 5207 oculi
2055 5154 2132 5207 eis
2164 5152 2430 5206 eﬂ‘odiun-

868 5254 973 5299 tur.

2527 3699 2674 3757 παῖς,
2701 3696 2915 3761 δοκήσει
2950 3694 3069 3759 μὲν,
3094 3692 3167 3753 ὡς
3190 3692 3416 3758 εἴπομεν
3451 3692 3776 3760 ἔμπροσθεν,
3811 3696 4092 3763 πηρωθέν-

2526 3802 2637 3846 τες,
2670 3783 2748 3833 ἔτι
2776 3783 2819 3833 δ’
2844 3782 3047 3841 ἀσινεῖς
3076 3778 3174 3840 τὰς
3202 3780 3418 3847 ὁράσεις
3443 3778 3676 3846 ἔχοντες,
3706 3783 3784 3842 εἰς
3808 3784 4093 3848 τυραννῐδα

2526 3876 2617 3929 καὶ
2653 3870 2807 3934 αὖθις
2839 3870 3333 3940 παρεσκευάζοντο,
3375 3872 3603 3935 πολλοὺς
3630 3873 3735 3926 τῶν
3763 3875 3821 3925 ὲν
3850 3878 3914 3944 τῇ
3944 3876 4093 3927 πόλει

2525 3968 2617 4020 καὶ
2645 3966 2753 4017 τῶν
2798 3966 2854 4014 ἐν
2878 3966 2987 4023 τοῖς
3025 3962 3314 4031 βασιλείοις
3366 3964 3618 4031 φρουρῶν
3648 3964 4093 4033 ὑποςθείραντες.

2528 4058 2635 4111 Καὶ
2664 4059 2785 4110 ἐπεὶ
2814 4060 2879 4110 τά
2904 4056 3042 4108 κατά
3074 4054 3296 4122 γνώμην
3333 4056 3517 4115 αὐτοῖς
3545 4055 3881 4125 ἀπηρτίσθη,
3916 4055 4097 4106 πλοῖον

2532 4149 2939 4219 μισθωσάμενοι
2981 4148 3071 4198 καὶ
3096 4148 3153 4197 ὲν
3183 4144 3330 4213 αὐτῷ
3377 4145 3641 4213 ἐμϐάντες
3671 4146 3966 4214 ἀπαίρουσι
4001 4147 4096 4210 τῆς

2531 4242 2696 4308 νήσου
2747 4240 2812 4307 ἣν
2861 4240 3028 4289 οἰκεῖν
3081 4236 3503 4306 κατεκρίθησαν,
3542 4236 3635 4287 καὶ
3660 4237 3794 4304 πρὸς
3818 4238 3916 4304 τὴν
3949 4238 4095 4288 ἀντί-

2532 4333 2774 4403 πορθμον
2804 4330 2905 4397 τῆς
2939 4330 3148 4389 πόλεως
3178 4328 3405 4397 ἤπειρον
3432 4326 3668 4392 γίνονται
3710 4327 3847 4379 κατά
3880 4330 3938 4380 τὸ
3962 4344 4095 4397 προς

2531 4425 2741 4477 άστειον
2761 4422 2787 4473 ὃ
2815 4418 3240 4487 κατονομάζουσι
3267 4418 3633 4487 Πηλαμύδιον,
3662 4418 3870 4470 ἐκεῖθεν
3894 4419 3949 4470 δὲ
3974 4436 4035 4470 πε
4047 4421 4100 4485 ρὶ

2531 4516 2753 4585 πρώτας
2782 4512 3156 4580 ἀλεκτρυόνων
3189 4509 3330 4577 ᾠδὰς
3376 4509 3468 4560 ἐπὶ
3508 4508 3567 4559 τὸ
3596 4508 3888 4570 Βυζάντιον
3914 4509 4099 4576 ἔρχον-

2530 4623 2643 4660 ται.
2680 4605 2827 4665 Ἐνὸς
2854 4604 2910 4656 δὲ
2932 4602 3037 4654 τῶν
3062 4599 3388 4668 συνιστόρων
3416 4598 3571 4665 δῆλον
3598 4598 3823 4665 θεμένου
3856 4598 3914 4648 τὺ
3942 4599 4099 4664 ἔργον

2534 4698 2725 4751 Λέοντι
2749 4695 2827 4765 τῷ
2850 4692 3196 4765 δρουγγαρίῳ
3225 4692 3317 4743 τοῦ
3345 4690 3551 4753 στόλον,
3583 4691 3682 4759 τὴν
3711 4690 3957 4759 φυλακὴν
3981 4693 4097 4741 ἐπι-

2534 4788 2894 4857 τετραμμένῳ
2947 4785 3055 4835 τῶν
3084 4782 3372 4852 βασιλείων
3426 4783 3522 4833 σὺν
3562 4781 3827 4850 Βασιλείῳ
3988 4780 4103 4848 ῥαί-

2536 4894 2728 4947 κτωρι,
2773 4874 2860 4945 [Ρ.
2901 4873 3027 4944 678]
3060 4875 3088 4924 ὁ
3119 4873 3175 4925 δὲ
3214 4872 3443 4939 δύναμιν
3472 4872 3767 4939 ἀξιόχρεων
3799 4872 3889 4922 ἐπὶ
3932 4887 4099 4920 κατα-

2078 4972 2130 5024 in
2191 4970 2439 5039 Magnum
2467 4952 2521 5011 D
2549 4970 2729 5038 σχέσει
2766 4966 2859 5019 τοῦ
2889 4966 3293 5036 κουροπαλάτου
3340 4965 3433 5016 καὶ
3465 4964 3556 5015 τοῦ
3592 4964 3777 5025 παιδὸς
3813 4962 3976 5014 αὑτοῦ
4014 4965 4102 5015 ὲκ-

2544 5062 2770 5128 πέμπει.
2829 5060 3011 5125 ’Ὁπερ
3052 5049 3195 5108 οὗτοι
3242 5057 3498 5124 μαθόντες
3566 5056 3644 5117 εἰς
3693 5054 3790 5123 τὴν
3848 5054 4102 5123 Μεγάλην

2543 5150 2979 5218 καταφεύγουσιν
3008 5147 3331 5216 Ἐκκλησίαν
3357 5164 3368 5174 ·
3399 5145 3608 5197 ἐκεῖθεν
3641 5144 3696 5195 δὲ
3727 5143 4105 5195 ἀποσπασθέν-

2540 5258 2627 5300 τες
2656 5242 2733 5301 si;
2772 5238 2867 5307 τὴν
2898 5238 3125 5309 Πρώτην
3167 5239 3327 5305 νῆσον
3370 5235 3847 5306 ὲξαπεστάλησαν,
3884 5236 4101 5286 κάκεῖσε

2541 5333 2662 5393 τοὺς
2692 5330 3001 5399 ὀφθαλμοὺς
3034 5330 3437 5399 ὲξωρύχθησαν.

1990 5509 2336 5565 ΧΫΙιΑΝοῐὶὶ
2408 5508 2492 5564 ΕΤ
2563 5509 2773 5565 (ἶΟΛΙὶΙ
2815 5511 3042 5565 ΝΟΤιΕ.

955 5650 1063 5720 (ἳθ)
1097 5649 1374 5713 Μονόξυλα
1401 5651 1587 5705 lintres
1632 5660 1782 5709 sunt,
1819 5666 1926 5703 uno
1962 5651 2257 5718 pinguioris
2291 5651 2442 5704 arbo-

877 5721 950 5773 ris
985 5730 1177 5775 trunco
1208 5722 1477 5782 excavati,
1541 5722 1611 5773 ita
1674 5722 1820 5773 leves
1865 5730 1921 5773 ut
1971 5724 2135 5774 etiam
2196 5721 2439 5773 humeris

877 5792 1289 5849 transferantur.
1334 5791 1468 5859 Περὶ
1498 5792 1603 5843 τῶν
1644 5792 1749 5844 ἀπὸ
1790 5792 1887 5859 τῆς
1942 5790 2172 5853 Ῥωσίας
2206 5791 2434 5861 ἐρχομέ-

2552 5672 2656 5707 νων
2704 5652 2837 5713 Ῥῶς
2872 5652 3007 5721 μετά
3057 5650 3164 5702 τῶν
3206 5649 3509 5721 μονοξυλων
3548 5648 3604 5721 ἐ]
3636 5646 3751 5697 ΚΠ.
3801 5644 4109 5699 Constanti-

2550 5740 2653 5778 nus
2680 5725 2746 5779 de
2780 5716 2939 5777 Adin.
2982 5723 3111 5790 imp.
3141 5736 3187 5774 c.
3226 5721 3257 5771 9
3299 5720 3515 5773 ditIuse.
3554 5716 3716 5772 Gesn.
