4410 6452
404 375 502 438 157
1454 392 1993 462 ΠΙΞΤΟΙῙΙᾹΗΗΜ
2036 405 2145 465 (20}

1893 402 1993 462 ΗΜ
2036 405 2553 472 COMPENDIUM.
3536 421 3634 488 158

395 488 632 545 ἑκόντων
658 493 840 548 λαϐὼν
868 496 976 550 τῶν
1005 499 1264 553 ἐντοπίων
1295 503 1523 558 πλοῦτον
1553 511 1831 576 συνέλεξεν
1867 515 1964 567 οὐκ
1999 518 2196 586 ὀλίγον.
2233 522 2380 592 Αὕτη
2421 527 2451 592 ἡ
2483 527 2605 598 νίκη
2641 531 2868 594 πολλοὺς
2909 535 3017 586 τῶν
3045 535 3120 586 τῶ
3153 535 3362 604 βασιλεῖ
3383 551 3635 604 προσκει.

399 599 431 604 ,Α
447 582 514 604 ε..ε
535 603 554 604 η
569 602 575 604 .
623 603 627 604 ,
736 587 750 604 ο
1012 593 1024 604 ι
1108 593 1119 604 ι
1271 594 1285 604 ι
1304 595 1328 604 ρ
1541 599 1552 604 -
1669 603 1676 604 ,
3093 589 3102 604 ι

399 582 576 648 μένων
619 587 902 642 κατέσεισε
942 593 1033 644 καὶ
1062 593 1430 664 αὐτομολῆσαι
1459 599 1596 670 πρὸς
1633 603 1724 654 τὸν
1763 605 2003 674 Σκληρὸν
2048 611 2355 678 ἠνάγκασεν
2381 633 2396 647 ο
2436 617 2464 668 ὃ
2511 635 2570 670 τε
2629 621 2736 690 γὰρ
2791 622 3067 692 Βούρτζης
3093 582 3316 693 ,πρῶτος
3355 582 3647 694 αὔξη)μοῖκεῖ

390 676 473 788 ft?
506 678 731 788 Σκληρῷ
773 682 863 788 καὶ
897 683 925 735 ὁ
963 687 1248 754 πατρίκιος
1285 689 1618 760 Ἀνδρόνικος
1642 694 1736 747 καὶ
1765 695 1888 760 δοὺξ
1911 699 1938 748 ὁ
1978 676 2144 764 Λυδὸς
2164 676 2268 755 σὺν
2301 709 2413 765 τοῖς
2461 676 2651 763 υἱέσι..
2672 676 2776 766 Ιέαὶ
2821 676 3449 787 Ἀτταλέἒςάολδέσμ-ὰ-
3479 676 3640 788 περι-

393 773 578 836 θέντες
603 775 682 844 τῷ
707 778 966 850 ναυάρχῳ
1001 782 1095 833 τοῦ
1129 782 1392 851 βασιλέως
1416 787 1493 856 τῷ
1525 791 1801 862 Κουρτὶκῃ
1860 792 2078 862 Μιχαὴλ
2108 803 2482 870 προσχωροῦσι
2517 806 2653 874 μετὰ
2698 811 2896 872 παντὸς
2925 811 3017 863 τοῦ
3061 813 3268 876 στόλου,
3315 815 3640 882 στρατηγεῖν

394 867 549 954 παρὰ
578 867 672 921 τοῦ
706 871 948 941 Σκληροῦ
984 875 1287 942 πεμφθέντι
1325 879 1434 931 τῶν
1465 881 1897 952 Κιϐυρραιωτῶν
1921 883 2054 954 (Η).

466 953 565 1012 Ὧν
595 962 966 1028 ἀγγελθέντων
992 967 1069 1034 τῷ
1118 967 1324 1037 βασιλεῖ
1355 972 1449 1024 καὶ
1488 973 1565 1040 τῷ
1604 988 1960 1046 παρακοιμω-
1989 983 2036 1037 Α

396 1051 562 1121 μένῳ,
606 1052 797 1121 βουλῆς
827 1057 1183 1128 προτεθείσης
1234 1061 1381 1126 ἔδοξε
1444 1065 1551 1116 τῶν
1603 1065 1680 1134 τῷ
1753 1067 1964 1137 βασιλεῖ

392 1142 758 1212 ᾠκειωμένων
795 1149 914 1200 τινὰ
951 1149 1294 1219 ἰσοτύραννον
1345 1154 1608 1224 εἰληφότα
1654 1159 1828 1228 ἀρχὴν
1869 1161 1963 1213 καὶ

390 1235 707 1299 ἀνεύθυνον,
742 1239 836 1290 καὶ
868 1239 1116 1303 ἐξουσίαν
1156 1242 1344 1311 ἔχοντα
1368 1251 1556 1315 τιμαῖς
1603 1265 1660 1300 τε
1691 1252 1962 1321 προϐιϐά-

390 1327 505 1390 ζειν
540 1331 634 1381 καὶ
665 1329 856 1399 δώροις
911 1335 1361 1401 καταπλουτίζειν
1401 1341 1525 1402 τοὺς
1576 1345 1960 1413 προσχωρούν-

387 1433 510 1485 τας,
539 1421 786 1489 χωρῆσαι
819 1425 957 1476 κατὰ
988 1424 1082 1476 τοῦ
1110 1429 1391 1494 τυράννου.
1433 1431 1666 1499 Ἤρεσεν
1689 1435 1719 1500 ἡ
1743 1431 1958 1503 γνώμη,

387 1507 484 1559 καὶ
523 1510 800 1576 πέμπεται
837 1512 988 1565 Λέων
1049 1517 1076 1568 ὁ
1117 1517 1207 1569 τοῦ
1253 1517 1518 1585 βασιλέως
1557 1524 1958 1592 πρωτοὸεστιά-

389 1614 526 1664 ριος,
569 1599 867 1669 σύμϐουλον
904 1605 1142 1674 εἰληφὼς
1173 1609 1270 1660 καὶ
1315 1609 1568 1679 Ἰωάννην
1597 1612 1719 1665 τινὰ
1761 1617 1957 1685 πατρί-

385 1705 525 1752 κιον,
562 1690 730 1758 ἄνδρα
771 1694 1042 1764 ἐπίσημον
1072 1697 1163 1748 καὶ
1206 1700 1296 1750 ἐπὶ
1334 1701 1508 1766 λόγων
1541 1702 1653 1768 ἔξει
1693 1703 1948 1776 βεϐοημέ-

387 1796 499 1843 νον⁹
563 1781 810 1847 ἐξουσίαν
862 1787 926 1838 ἐκ
984 1785 1250 1852 βασιλέως
1303 1789 1597 1859 δεξάμενος
1633 1795 1740 1863 (49.)
1778 1797 1958 1849 πάντα

386 1872 724 1937 ἀδιστάκτως
767 1879 939 1929 ποιεῖν
969 1878 1068 1930 ὅσα
1101 1879 1278 1944 ἔξεστι
1318 1881 1545 1951 βασιλεῖ.
1586 1886 1846 1948 Ἐξελοὼν
1863 1883 1956 1940 οὖν

384 1963 481 2014 καὶ
503 1965 643 2016 κατὰ
680 1965 740 2016 τὸ
775 1966 876 2033 τῆς
913 1969 1152 2038 Φρυγίας
1209 1974 1498 2042 γενόμενος
1533 1977 1830 2032 Κοτυὰειον
1863 1981 1955 2031 καὶ

383 2046 462 2121 τῷ
497 2057 948 2129 στρατοπεδάρχῃ
1001 2061 1223 2126 ἐνωοεὶς
1264 2064 1456 2135 Πέτρῳ
1486 2067 1662 2119 ἐκεῖσε
1696 2069 1794 2136 τὴν
1855 2089 1954 2123 πα-

392 2144 664 2213 ρεμϐολὴν
738 2148 1017 2217 ἐπήξατο,
1081 2157 1566 2226 κατεσκηνωμένου
1617 2157 1710 2210 τοῦ
1773 2159 1951 2230 Βάρδα

381 2234 747 2302 τυγχάνοντος
779 2239 835 2289 ἐν
866 2239 942 2306 τῷ
973 2243 1265 2313 Διποτάμῳ
1297 2243 1406 2314 (45)
1435 2263 1449 2277 ο
1482 2247 1682 2315 χωρίον
1714 2248 1768 2300 δὲ
1793 2249 1950 2318 βασι-

2141 981 2233 1036 llis
2261 986 2568 1055 imperatori
2621 1000 2675 1046 et
2742 993 3071 1048 cubiculario
3113 995 3394 1054 nuntiatis.
3454 995 3638 1049 habito

2065 1082 2288 1134 consilio
2314 1083 2587 1138 decretum
2621 1095 2702 1140 est
2744 1098 2801 1141 ut
2835 1089 3051 1157 quidam
3101 1089 3445 1159 imperatoris
3478 1089 3635 1143 fami-

2065 1173 2300 1235 liarium,
2356 1179 2730 1247 :equatavejus
2788 1195 2912 1233 cum
2975 1181 3300 1248 imperatore
3345 1191 3633 1250 potestate,

2062 1280 2183 1318 cum
2225 1265 2383 1333 pleno
2411 1268 2659 1335 imperio,
2691 1279 2744 1322 et
2769 1271 2854 1323 cui
2890 1271 3213 1339 permissum
3247 1281 3390 1324 esset
3414 1272 3636 1325 honori-

2062 1355 2164 1408 bus
2200 1371 2261 1409 ac
2307 1359 2624 1412 muneribus
2653 1360 2718 1413 ad
2771 1377 2827 1414 se
2873 1378 3010 1430 quos
3058 1373 3242 1432 posset
3291 1362 3524 1424 allicere,
3582 1363 3635 1416 in

2062 1455 2344 1516 tyrannum
2392 1448 2718 1504 mitteretur.
2786 1451 3013 1504 Mittitur
3065 1469 3192 1522 ergo
3241 1453 3470 1507 dictator
3528 1453 3637 1506 Leo

2059 1537 2524 1603 protovestiarius.
2559 1540 2737 1594 addito
2766 1541 2815 1594 ei
2845 1542 3150 1596 consiliario
3170 1542 3374 1597 Joanne
3401 1543 3633 1612 quodam

2060 1627 2307 1695 patricio,
2341 1630 2456 1683 viro
2491 1630 2684 1700 insigni
2716 1641 2769 1686 et
2795 1633 3116 1701 eloquentiae
3141 1636 3356 1691 nobilis.
3409 1637 3529 1689 data
3564 1638 3632 1689 ab

2061 1719 2385 1787 imperatore
2436 1732 2707 1790 potestate
2763 1723 2947 1777 omnia
2974 1725 3144 1778 libere
3178 1727 3366 1796 agendi
3417 1743 3534 1793 qum
3568 1743 3634 1780 ex

2062 1826 2159 1863 usu
2188 1811 2527 1880 imperatoris
2549 1823 2747 1867 essent.
2775 1813 2884 1867 Leo
2907 1817 3048 1882 apud
3071 1816 3366 1885 Cotymium
3392 1815 3637 1885 Phrygia!

2057 1918 2178 1956 cum
2224 1903 2380 1956 Petro
2411 1918 2466 1957 se
2502 1905 2804 1971 conjunxit,
2837 1905 3016 1974 ibique
3042 1916 3215 1961 castra
3246 1908 3404 1962 locat.
3435 1907 3635 1961 Bardas

2057 2009 2120 2046 eo
2145 2002 2385 2063 tempore
2413 1994 2675 2064 Dipotami
2706 1999 3158 2052 commorabatur.
3184 2000 3238 2052 Id
3279 2009 3363 2054 est
3393 2011 3632 2054 castrum

2055 2085 2485 2154 imperatorium.
2559 2088 2863 2143 Mesenacta
2930 2091 2997 2144 ab
3047 2091 3238 2145 incolis
3284 2091 3632 2160 appellatum.

2055 2173 2275 2229 Occulle
2305 2186 2484 2229 autem
2529 2177 2636 2230 Leo
2669 2187 2897 2233 conatus
2930 2195 3217 2233 munerum
3257 2189 3312 2234 et
3362 2180 3632 2234 honorum

2051 2266 2532 2334 pollicitationilms
2580 2270 2885 2336 perduelles
2916 2285 2944 2324 a
2977 2269 3144 2323 Barda
3175 2271 3414 2325 avellere
3441 2281 3495 2324 et
3519 2269 3625 2325 sibi

383 2327 532 2376 λικὺν
557 2326 619 2378 τὺ
651 2329 981 2399 Διπόταμον,
1010 2331 1037 2384 ὃ
1061 2334 1389 2388 Μεσὰνακτα
1420 2341 1882 2408 κατονομάςουσιν
1899 2345 1947 2395 οἱ
1981 2338 2022 2392 Β
2054 2326 2124 2410 ξω

1899 2345 1947 2395 οἶ
1981 2338 2022 2392 Β
2054 2357 2474 2426 imperatorique
2526 2374 2621 2411 eos
2662 2359 2975 2421 conciliare.
3005 2359 3171 2412 falsus
3201 2368 3284 2412 est
3313 2359 3477 2412 animi
3514 2374 3632 2414 ma-

379 2417 655 2487 ὲγχώριοι.
694 2419 778 2490 [Ρ.
812 2421 938 2492 689]
981 2424 1169 2492 Λάορα
1204 2425 1297 2479 οὖν
1355 2427 1684 2498 ὑτ-οσχὲσεσι
1737 2433 1954 2502 δωρεῶν

380 2509 476 2561 καὶ
512 2511 689 2576 τιμῶν
738 2512 1137 2584 προϐιϐασμοῖς
1187 2521 1445 2589 ἐπειρᾶτο
1494 2523 1772 2592 διασύρειν
1828 2527 1954 2589 τοὺς

380 2602 695 2665 ἀποστάτας
727 2605 820 2656 καὶ
849 2606 983 2674 πρὸς
1011 2609 1202 2661 ἑαυτὸν
1249 2613 1584 2666 ἐπισπᾶσθαι
1634 2615 1728 2667 καὶ
1767 2617 1954 2681 εὔνους

379 2694 588 2747 τιῧέναι
619 2695 698 2766 τῷ
733 2697 962 2766 βασιλεῖ,
1001 2701 1257 2757 ἐλάνθανε
1289 2704 1346 2757 δὲ
1381 2707 1582 2774 μᾶλλον
1615 2710 1952 2780 ἐπιῤῥωννὺς

379 2786 440 2837 τὸ
491 2788 802 2852 ἀντίπαλον,
845 2790 1129 2855 ἀσθενείας
1193 2797 1416 2865 σημεῖον
1465 2797 1810 2870 λογιζόμενον
1855 2803 1953 2872 τὴν

385 2879 753 2950 παράκλησιν.
818 2883 981 2935 Ὅθεν
1043 2887 1136 2937 καὶ
1194 2889 1484 2956 ἀπογνοὺς,
1528 2891 1666 2962 ἄρας
1721 2893 1784 2946 ὲκ
1849 2895 1954 2945 Κο-

379 2973 600 3025 τυαείου
636 2975 728 3026 καὶ
757 2975 846 3026 τὸν
888 2977 1131 3046 Σκληρδν
1177 2983 1370 3045 νυκτὸς
1408 2985 1723 3053 παρελάσας
1754 2986 1950 3057 ἐχώρει

379 3065 516 3133 πρὸς
570 3066 667 3136 τὴν
698 3069 990 3138 ἀνατολήν.
1030 3071 1202 3124 Τοῦτο
1232 3073 1294 3124 τὸ
1324 3074 1485 3144 ἔργον
1526 3075 1644 3128 λίαν
1672 3079 1798 3140 τοὺς
1823 3082 1951 3148 περὶ

374 3155 468 3206 τὸν
497 3155 734 3228 Σκληρδν
764 3159 1117 3228 ἐδειμάτωσε,
1138 3163 1376 3226 δεδιότας
1407 3167 1468 3218 οὑ
1495 3169 1619 3237 περὶ
1649 3171 1950 3238 χρημάτων

376 3246 470 3296 καὶ
512 3247 806 3315 κτημάτων
853 3249 1039 3316 μόνον,
1081 3252 1216 3303 ἀλλὰ
1253 3255 1346 3305 καὶ
1377 3257 1505 3326 περὶ
1554 3257 1660 3309 τῶν
1690 3261 1952 3326 τιμιωτά-

373 3351 484 3389 των
515 3339 712 3394 αὐτῶν.
748 3341 937 3394 Πολλοὶ
999 3343 1097 3412 μέν
1127 3341 1221 3396 οὖν
1276 3343 1627 3414 ἐξομνύμενοι
1663 3350 1760 3418 τὴν
1810 3352 1950 3402 ἀποο

377 3430 606 3482 στασίαν
626 3430 702 3499 τῷ
742 3434 1224 3506 πρωτοσεστιαρὲῳ
1279 3439 1630 3509 προσέρρεον,
1663 3441 1738 3502 ὡς
1771 3443 1948 3494 κινδυο

375 3519 553 3572 νεύειν
587 3524 860 3593 κονιορτοῦ
891 3526 1042 3595 δίκην
1089 3527 1406 3596 διαλυθῆναι
1456 3529 1517 3581 τὸ
1563 3531 1944 3587 ἀποστατικόν.

2057 2450 2242 2518 gisque
2283 2449 2465 2502 hostes
2505 2450 2867 2512 conﬁrmavit,
2893 2451 2978 2518 qui
3025 2451 3118 2503 bas
3149 2452 3267 2518 ejus
3299 2451 3636 2505 sollicitatio.

2055 2556 2153 2595 nes
2182 2550 2558 2611 argumentum
2603 2542 2933 2596 inﬁrmitatis
2978 2558 3097 2597 esse
3151 2543 3491 2611 judicabant.
3524 2544 3632 2598 Ita-

2052 2646 2157 2700 que
2222 2631 2332 2684 Leo
2388 2631 2490 2684 ista
2553 2632 2761 2685 ratione
2794 2648 2851 2684 se
2885 2633 3174 2701 quicquam
3209 2644 3628 2709 consecuturum

2053 2723 2367 2792 desperans.
2392 2723 2581 2777 castris
2601 2723 2758 2777 motis
2775 2733 2938 2777 noctu
2969 2725 3169 2777 Durum
3199 2727 3387 2780 transit
3417 2736 3471 2780 et
3505 2742 3631 2781 ver-

2055 2827 2146 2865 sus
2191 2812 2451 2864 orientem
2477 2813 2774 2866 contendit.
2819 2811 2870 2865 Id
2905 2812 3102 2866 factum
3132 2817 3183 2866 in
3217 2826 3418 2868 metum
3459 2815 3621 2886 425

2053 2902 2326 2972 ingentem
2390 2901 2621 2970 conjecit
2671 2917 2765 2957 eos
2805 2905 2893 2972 qui
2931 2920 3052 2958 cum
3111 2906 3446 2969 Duroerant,
3486 2906 3631 2976 quod

2046 2996 2157 3063 jam
2215 3009 2323 3047 non
2383 2994 2448 3049 de
2495 2996 2725 3062 pecunia
2780 3005 2834 3049 et
2896 2996 3053 3049 bonis
3101 2998 3214 3049 suis
3270 3007 3504 3060 tantum,
3534 2999 3630 3052 sed

2053 3082 2213 3137 etiam
2240 3083 2306 3136 de
2338 3083 2673 3137 charissimis
2708 3086 2954 3140 venirent
2983 3086 3035 3138 iu
3061 3085 3380 3140 discrimen.
3445 3088 3628 3156 Itaque

2051 3174 2204 3227 multi
2242 3175 2449 3242 ejurata
2482 3175 2854 3244 perduellione
2912 3179 2975 3231 ad
3031 3179 3510 3247 protovestiarium
3569 3196 3628 3236 se

2051 3266 2441 3329 contulerunt;
2491 3268 2710 3334 jamque
2752 3267 2806 3320 in
2833 3283 2897 3321 co
2954 3271 3197 3336 periculo
3251 3270 3454 3324 Bardas
3514 3280 3632 3324 erat

2049 3372 2118 3410 ne
2150 3356 2318 3425 ipsius
2349 3358 2518 3425 copia:
2585 3358 2822 3426 pulveris
2877 3359 3049 3412 instar
3109 3360 3524 3428 dissiparentur.
3567 3362 3627 3414 ιιι

2049 3465 2178 3520 ergo
2232 3466 2300 3504 ne
2364 3451 2537 3510 ﬁeret,
2597 3451 2915 3504 Michaelqu
2978 3452 3225 3506 Burtzam
3290 3455 3628 3521 magistrum.

2047 3552 2206 3605 quem
2233 3552 2405 3604 nuper
2437 3538 2481 3588 ei
2515 3538 2807 3590 accessisse
2852 3537 3152 3594 docuimus.
3219 3548 3271 3592 et
3321 3537 3625 3592 Romanum

381 3613 562 3680 Ὅπερ
620 3614 703 3665 ἵνα
757 3616 830 3683 μὴ
855 3616 1084 3686 γένηται
1110 3618 1366 3687 φοϐηθεὶς
1405 3621 1432 3672 ὁ
1463 3621 1704 3692 Σκληρδς
1726 3623 1814 3675 τὸν
1846 3625 1948 3694 μά-
1977 3664 2018 3719 c
2053 3644 2114 3696 pa

1888 3625 1948 3678 ἀ-
1977 3664 2018 3719 c
2053 3628 2332 3696 patricium
2386 3625 2694 3679 'l‘aronitam
2724 3643 2846 3680 cum
2904 3627 3154 3696 expedito
3202 3630 3442 3682 exercitu
3500 3631 3628 3682 mit-

376 3719 598 3773 γιστρον
625 3707 840 3776 Μιχαὴλ
871 3708 961 3759 τὸν
1009 3709 1306 3779 Βούρτζην,
1368 3710 1510 3778 ἄρτι,
1576 3713 1652 3776 ὠς
1701 3715 1946 3784 εἴπομεν,

377 3796 876 3861 προσκεχωρηκότα
909 3797 1077 3867 αὐτῷ,
1115 3801 1207 3851 καὶ
1246 3800 1528 3870 Ῥωμανὸν
1552 3803 1840 3872 πατρίκιον
1856 3799 1948 3857 τδν

377 3882 693 3954 Ταρωνίτην
731 3886 847 3954 μετ’
879 3888 1115 3950 εὐζώνου
1149 3893 1425 3962 ἐκπέμπει
1461 3897 1738 3959 στρατιᾶς,
1772 3900 1948 3966 ἐμπο-

374 3973 482 4024 δὼν
531 3975 779 4029 ἵστασθαι
809 3979 884 4047 τῷ
921 3982 1402 4054 πρωτοϐεστιαρίῳ
1437 3985 1722 4049 κελεύσας,
1773 3989 1948 4040 ἐπιτι-

377 4062 436 4113 Θε
448 4063 640 4131 μένους
673 4067 731 4130 ἐξ
761 4069 975 4134 ἐφόδου,
1014 4072 1108 4123 καὶ
1157 4073 1256 4135 τὰς
1287 4074 1560 4144 ἐκδρομὰς
1591 4076 1820 4128 κωλύειν
1871 4075 1948 4139 ὡς

372 4152 623 4223 δύναμις,
647 4159 963 4228 συμπλοκῆς
998 4162 1054 4214 δὲ
1082 4163 1379 4234 καθολικῆς
1407 4167 1548 4219 κατὰ
1581 4167 1640 4218 τὸ
1669 4167 1946 4238 ἐγχωροῦν

375 4245 673 4312 φείδεσθαι.
707 4248 1108 4314 Πλησιάσαντες
1134 4253 1189 4304 δὲ
1221 4254 1297 4322 τῷ
1357 4253 1621 4324 βασιλικῷ
1681 4257 1944 4326 στρατεύ-

383 4353 515 4403 ματι
539 4339 586 4388 οἱ
612 4340 740 4407 περὶ
772 4341 863 4393 τὸν
885 4341 1160 4412 Βούρτζην
1192 4346 1619 4414 ἡναγκάσθησαν
1649 4351 1741 4400 καὶ
1793 4349 1947 4402 ἄκον-

377 4443 468 4486 τες
494 4429 798 4498 πολεμῆσαι
827 4435 977 4501 παρὰ
1010 4436 1109 4502 τὴν
1137 4435 1231 4486 τοῦ
1271 4435 1517 4507 Σκληροῦ
1547 4440 1944 4509 παραγγελίαν,

375 4518 485 4567 ἀπὸ
515 4520 766 4588 τοιαύτης
799 4524 1000 4584 αίτίας.
1031 4525 1336 4596 Σαρακηνοὶ
1370 4528 1431 4579 ἐκ
1462 4528 1562 4597 τῆς
1586 4530 1720 4599 πρὸς
1772 4530 1943 4600 Ἐᾡαν

379 4608 643 4677 Βερροὶας
695 4612 760 4662 τὰ
827 4613 1018 4682 ἐτήσια
1085 4616 1210 4685 τέλη
1272 4617 1562 4687 Ῥωμαίοις
1627 4621 1944 4689 κομίζοντες

375 4699 704 4766 ἠγγέλλοντο
738 4703 875 4771 πρὸς
914 4704 1009 4774 τὴν
1033 4704 1280 4773 βασιλίδα
1304 4709 1544 4771 ἀπιέναι.
1590 4712 1684 4763 καὶ
1711 4713 1785 4773 ὡς
1810 4713 1943 4782 μὲλ-

378 4789 532 4842 λουσι
565 4795 704 4845 κατά
725 4811 842 4846 τινα
874 4796 1043 4866 ῥητὴν
1081 4797 1293 4867 ἡμέραν
1337 4800 1424 4852 διὰ
1455 4802 1636 4871 μέσων
1669 4804 1802 4856 ίὲναι
1834 4804 1943 4857 τῶν

381 4886 824 4954 στρατευμάτων.
858 4889 966 4940 Καὶ
995 4889 1181 4958 ἐπειδὴ
1206 4891 1440 4961 παρῆνὴ
1471 4895 1636 4962 κυρία
1665 4895 1757 4946 ναὶ
1790 4897 1946 4962 ἔμελ-

2057 3719 2139 3778 tit,
2202 3719 2291 3787 qui
2341 3717 2538 3772 Leonis
2589 3720 2965 3789 progressibus
3021 3721 3320 3784 obstarent,
3390 3737 3625 3789 eumque

2058 3809 2249 3862 subitis
2314 3808 2720 3862 incursionibus
2779 3819 3038 3863 vexarent
3084 3818 3138 3863 et
3190 3810 3628 3878 palutlationibus

2056 3916 2156 3969 pro
2187 3900 2325 3952 virili
2360 3907 2631 3962 arcerent,
2671 3899 2896 3952 omnino
2946 3907 3124 3952 autem
3184 3909 3448 3967 quantum
3508 3901 3628 3968 ejus

2059 3991 2174 4044 ﬁeri
2200 3999 2402 4058 posset,
2427 3991 2626 4057 justam
2653 4005 2885 4057 pugnam
2914 3990 3170 4043 vitarent.
3197 3989 3424 4042 Burtzas
3446 3999 3501 4043 et
3530 3990 3620 4057 qui

2031 4095 2176 4134 =cum
2209 4095 2273 4132 eo
2296 4089 2472 4143 erant,
2497 4094 2618 4132 cum
2639 4078 2749 4146 jam
2781 4080 3309 4148 appropinquassent
3335 4079 3614 4147 imperatoo

2055 4171 2134 4223 rio
2161 4169 2444 4233 exercitui,
2471 4169 2641 4223 coacti
2664 4178 2792 4223 sunt
2822 4171 2904 4223 vel
2927 4170 3075 4223 inviti
3108 4181 3296 4224 contra
3328 4170 3453 4224 Duri
3475 4187 3628 4224 man-

2055 4262 2238 4316 datum
2268 4261 2506 4331 praelium
2538 4261 2694 4315 inire.
2735 4260 3097 4315 Nuntiabatur
3125 4264 3269 4315 enim
3327 4262 3626 4318 Saracenos

2053 4367 2295 4406 annuum
2349 4353 2418 4406 ab
2470 4351 2717 4405 orientali
2777 4351 2997 4405 Benwa
3052 4352 3312 4406 tributum
3363 4352 3626 4407 Romanis

2055 4444 2344 4498 aﬂerentes
2370 4441 2561 4511 Cpolin
2602 4443 2698 4503 ire,
2729 4457 2792 4495 ac
2821 4453 2969 4496 certo
2998 4442 3084 4496 die
3109 4458 3205 4510 per
3229 4443 3436 4510 medios
3467 4457 3624 4496 εχει-ο

2055 4536 2200 4589 citus
2239 4533 2307 4587 iis
2333 4533 2724 4586 transeundum
2758 4531 2892 4585 fore.
2924 4531 2993 4586 Ut
3014 4548 3075 4586 ea
3113 4533 3227 4586 dies
3248 4532 3494 4601 appetiit,
3526 4531 3626 4584 Sa-

2055 4626 2268 4680 racenis
2291 4640 2388 4694 per
2414 4624 2696 4677 castellum
2725 4626 2809 4677 cui
2828 4621 3079 4694 Oxylitho
3118 4641 3316 4678 nomen
3363 4626 3628 4679 transitu-

2055 4716 2133 4769 ris
2162 4716 2421 4782 utrinque
2461 4712 2740 4765 instructa}
2767 4722 2895 4766 sunt
2929 4714 3095 4778 acies,
3121 4722 3175 4767 et
3201 4729 3394 4784 magno
3419 4714 3626 4782 impetu

2053 4806 2357 4860 animorum
2397 4805 2460 4858 ad
2490 4821 2723 4874 pugnam
2752 4806 2981 4870 eductm,
3017 4807 3223 4875 prmmii
3257 4808 3380 4860 loco
3423 4805 3621 4860 victori

2055 4897 2358 4968 proposito,
2393 4896 2535 4964 quod
2590 4895 2845 4950 Saraceni
2892 4895 3159 4956 ferebant,
3213 4911 3371 4950 auro.
3415 4895 3620 4948 Conﬂi-

378 4977 472 5027 λον
503 4978 642 5030 κατὰ
681 4979 742 5031 τὸ
770 4979 1060 5049 λεγόμενον
1100 4981 1371 5046 Ὀξύλιοον
1402 4983 1660 5054 φρούριον
1696 4987 1746 5038 οξ
1777 4990 1945 5058 Σαρα-
1980 5001 2024 5055 ι)
2055 4996 2119 5042 Cll

1884 5006 1945 5040 ια-
1980 5001 2024 5055 1)
2055 4996 2339 5057 clumque,L
2367 4995 2420 5040 et
2449 4987 2643 5056 pulsus
2691 4985 2935 5052 Burtzas,
2966 4987 3151 5040 multis
3203 4987 3270 5041 ab
3310 4986 3431 5056 ejus
3472 4994 3625 5056 parte

1507 5166 1868 5223 XYLANDRI
1901 5167 1987 5221 ET
2022 5167 2233 5224 GOARI
2266 5167 2496 5223 NOTAE-

458 5278 580 5354 (-i0)_
597 5279 678 5354 Ab
704 5278 896 5354 Attalia
932 5280 1258 5354 Pamphylire
1304 5283 1457 5346 urbe,
1496 5282 1637 5336 sicut
1663 5292 1720 5336 et
1749 5281 1942 5354 Cibyra

389 5349 803 5420 minjorisﬁsize.
828 5351 1000 5403 navali
1045 5349 1319 5420 prtecl:ira.
1355 5354 1522 5407 Goan.

459 5418 567 5486 (41)
597 5417 688 5490 llic
712 5419 859 5473 locus
890 5431 973 5473 est
996 5417 1255 5476 confusus
1283 5432 1332 5476 et
1364 5437 1608 5483 mancus,
1637 5431 1695 5476 ut
1727 5423 1942 5490 quidem

387 5489 588 5560 judico.
643 5487 754 5560 Hoc
801 5506 865 5542 ex
909 5493 1262 5558 sequentibus
1308 5493 1509 5553 didici,
1563 5492 1708 5546 hunc
1744 5487 1940 5560 ipsum

387 5558 656 5614 Curtieeiu
696 5559 818 5610 Duri
862 5561 1084 5629 classem
1120 5563 1359 5622 duxisse.
1393 5563 1699 5629 victumque
1735 5558 1802 5615 ab
1840 5565 1938 5614 im-

390 5629 668 5700 peratoria.
703 5629 838 5682 duce
865 5628 1150 5685 Theodoro
1188 5635 1361 5684 navali
1390 5632 1576 5700 proelio
1610 5628 1795 5686 fuisse.
1837 5633 1942 5686 Sed

387 5697 653 5770 Cibyram:
683 5713 748 5770 an
789 5715 883 5766 pro
918 5700 1057 5756 Dure
1097 5703 1364 5756 steterint.
1391 5697 1458 5753 an
1485 5717 1610 5754 vero
1637 5702 1798 5768 (quod
1836 5717 1938 5770 pu-

393 5779 518 5835 tavi!
578 5769 645 5820 ab
699 5769 1034 5836 imperatoris
1088 5772 1296 5832 classe.
1340 5787 1462 5826 cum
1501 5787 1560 5825 ea
1620 5774 1681 5826 ad
1738 5769 1936 5824 Durum

2049 5285 2406 5356 transivisset,
2429 5281 2652 5351 jusserit
2680 5297 2777 5337 eos
2805 5283 2981 5340 Durus
3007 5288 3330 5356 Oppugnari,
3356 5304 3464 5342 non
3497 5306 3619 5348 sum

2047 5364 2248 5408 certus.
2285 5355 2412 5406 XvL.

2121 5426 2230 5499 (4‘2)
2260 5423 2467 5499 Scribit
2497 5423 2766 5496 interpres
2794 5423 3105 5499 δεξάμενος
3145 5428 3357 5499 retineo
3388 5427 3615 5499 EsEdpgf

2045 5493 2156 5548 νονο
2191 5495 2270 5547 Ad
2298 5493 2568 5566 ΔΙοειιιηεθῐῐι
2600 5493 2744 5550 enim
2779 5505 2969 5548 auctor
2999 5497 3114 5566 ipse
3147 5497 3330 5550 retulit
3363 5500 3422 5549 τὸ
3455 5493 3612 5566 δεξάζ

2048 5582 2231 5634 μενον,
2255 5563 2407 5634 sicut
2435 5566 2592 5618 οιντὸ
2623 5566 2971 5634 βεόοημένον.
3012 5565 3184 5618 non.

2116 5631 2226 5704 (45)
2255 5631 2594 5699 Dipotamum
2624 5631 2860 5704 videtur,
2888 5635 3112 5695 dictum.
3143 5636 3283 5704 quod
3322 5636 3463 5691 inter
3504 5648 3614 5696 duo

2051 5702 2292 5762 ﬂumina,
2323 5713 2416 5754 aut
2436 5705 2615 5777 potius
2637 5706 2700 5757 ad
2731 5703 3067 5760 conﬂuentes
3095 5702 3324 5759 duorum
3344 5708 3609 5777 amnium,

2049 5784 2210 5828 suum
2247 5781 2406 5824 caret.
2443 5773 2570 5826 Χιί.
