4410 6452
359 381 418 441 51
1353 371 1889 434 IllSTORlARUM
1930 370 2449 434 COMPENDHIM.

3490 375 3590 440 162

314 500 418 563 τὴν
473 496 699 565 ἧπειρον
742 492 949 545 ἐτίθετο
1010 490 1345 561 ἐπιμέλειαν.
1385 488 1493 540 Καὶ
1542 486 1606 556 δὴ
1655 485 1908 555 Μανουὴλ
1942 494 1980 546 Λ
2013 500 2055 537 Cl

1844 485 1908 555 ὴλ
1942 494 1980 546 Λ
2013 488 2424 541 custodiendam
2472 488 2723 542 Mea-am.
2750 488 2917 543 Paulo
2956 500 3075 559 post
3098 489 3164 544 ad
3212 504 3331 544 eam
3395 491 3584 544 urbem

317 584 614 653 πατρίκιον
649 582 738 634 τον
807 581 1120 648 Ἐρωτικον,
1158 582 1222 631 ἐκ
1256 577 1443 643 γένους
1475 591 1535 626 τε
1595 575 1761 642 ἄνδρα
1816 576 1911 626 καὶ

319 678 411 728 ἐπ’
444 676 613 744 ἀρετῇ
650 674 936 742 διαϐόητον
963 675 1054 723 καὶ
1085 671 1301 740 ἀνδρία.
1331 669 1590 737 φρουρεῖν
1627 667 1908 735 ἐκπέμπει

317 770 422 836 τὴν
470 767 726 819 Νίκαιαν.
760 766 912 820 Μετὰ
947 764 1139 833 μικρὸν
1182 763 1237 814 δὲ
1297 759 1706 829 καταλαμϐάνει
1742 758 1833 812 καὶ
1883 759 1911 809 6

318 858 587 927 Σκληρδς,
608 858 783 909 καὶτὰ
807 856 966 925 πέριξ
987 856 1085 923 τῆς
1104 852 1336 913 Νικαίας
1358 851 1714 919 πυρπολήσας
1732 849 1907 918 χωρία

315 949 631 999 τελευταῖον
666 949 760 999 καὶ
797 947 888 999 ἐπ’
919 946 1091 1013 αὐτὴν
1122 945 1222 1015 τὴν
1276 944 1511 995 Νίκαιαν
1541 941 1781 1010 ἔρχεται,
1816 939 1911 990 καὶ

319 1039 604 1089 ἐλεπόλεσι
644 1041 737 1090 καὶ
771 1041 1043 1107 μηχαναῖς
1086 1035 1428 1105 ἐκπορθῆσαι
1467 1034 1748 1100 ἠπείγετο.
1779 1032 1909 1083 Γεν-

318 1133 486 1192 ναίως
513 1132 569 1182 δὲ
604 1130 697 1182 τοῦ
732 1132 990 1199 Μανουὴλ
1016 1128 1417 1197 ὑποδεξαμένου
1448 1127 1545 1196 τὴν
1571 1126 1907 1194 πολιορκίαν,

319 1223 417 1273 καὶ
448 1223 545 1284 τάς
570 1225 992 1290 προσαγομένας
1026 1222 1101 1289 τῷ
1136 1221 1306 1289 τείχει
1356 1220 1629 1289 κλίμακας
1682 1223 1775 1270 καὶ
1808 1238 1913 1289 μη..

316 1315 491 1381 χανάς
523 1314 803 1383 σκευαστῴ
832 1314 961 1383 πυρὶ
996 1313 1463 1383 πυρπολήσαντος,
1494 1312 1594 1380 τὴν
1616 1313 1679 1363 ἐκ
1698 1312 1912 1381 πολιορ-

531 1405 733 1457 suum
796 1406 1072 1471 ἀπογνοὺς
1155 1406 1182 1456 6
1247 1403 1490 1472 Σκληρὸς

320 1496 635 1562 ἀναγκαίων
669 1496 895 1566 ἦλπιξεν
927 1496 1159 1565 αίρῆσαι
1196 1496 1291 1563 τὴν
1333 1495 1504 1546 πόλιν.
1532 1495 1738 1561 Χρόνου
1771 1494 1825 1547 δὲ
1845 1498 1910 1565 τῇ

322 1587 613 1657 πολιορκίᾳ
641 1588 921 1655 τριϐέντας
957 1586 1151 1639 πολλοῦ
1185 1588 1278 1638 καὶ
1320 1586 1428 1636 τῶν
1475 1584 1620 1637 ἔνδον
1659 1585 1915 1653 πιεζομέ-

327 1694 435 1728 νων
473 1680 536 1744 τῇ
578 1677 838 1744 σιτοδεία,
875 1676 960 1747 [Ρ.
1004 1676 1131 1747 691]
1186 1677 1260 1747 μὴ
1320 1676 1457 1743 ἔχων
1492 1676 1518 1727 δ
1548 1693 1598 1726 τι
1653 1676 1748 1727 καὶ
1784 1675 1915 1743 δρά-

320 1783 467 1817 σειεν
495 1770 522 1819 ὁ
551 1768 807 1836 Μανουὴλ
866 1768 989 1836 μηδ’
1015 1768 1136 1821 ὅθεν
1190 1767 1563 1833 είσκομίσεται
1594 1767 1662 1817 τὰ
1690 1767 1824 1834 πρὸς
1851 1768 1912 1820 τὸ

319 1859 423 1926 ζῇν
455 1860 753 1925 ἀναγκαῖα,
796 1860 1077 1928 ἐπιμελῶς
1110 1858 1201 1910 τοῦ
1252 1858 1498 1926 Σκληροῦ
1544 1857 1643 1919 τὰς
1674 1859 1911 1920 εἰσόδους

317 1950 638 2018 τηροῦντος,
690 1954 875 2022 ἀπάτῃ
932 1953 1024 2003 τὸν
1080 1953 1322 2021 Σκληρὸν
1386 1954 1526 2018 ἔγνω
1586 1949 1906 2017 περιελθεῖν.

334 2042 559 2108 Ἀμέλει
586 2043 676 2096 καὶ
710 2046 832 2106 τοὺς
860 2045 956 2112 τῆς
995 2046 1226 2106 Νικαίας
1267 2042 1628 2102 σιτοΰολῷνας
1679 2042 1907 2110 ψάμμου

317 2130 623 2199 λεληθότως
658 2134 1061 2202 πεπληρωκὼς,
1095 2134 1186 2185 καὶ
1222 2133 1354 2200 σίτῳ
1402 2132 1607 2185 ἄνωθεν
1650 2131 1748 2199 τὴν
1791 2132 1908 2181 ἐπι-

320 1406 447 1466 κίας
531 1405 733 1457 ἅλωσιν
796 1406 1072 1471 ἀπογνοὺς
1155 1406 1182 1456 6
1247 1403 1490 1472 Σκληρὸς
1564 1402 1741 1473 ἐνδείᾳ
1804 1404 1912 1455 τῶν

318 2225 551 2288 φανειαν
583 2224 916 2292 ἐπιχρὼσας,
952 2224 1025 2285 ὡς
1067 2223 1396 2275 κλέπτεσθαι
1445 2222 1541 2284 τὰς
1596 2224 1745 2289 δψεις
1800 2221 1907 2273 τῶν

317 2312 631 2379 θεωμένων,
666 2315 812 2376 τινάς
842 2315 949 2365 τῶν
983 2314 1269 2381 ἡλωκότων
1310 2313 1414 2364 ἀπὸ
1445 2312 1543 2380 τῆς
1585 2313 1692 2363 τῶν
1750 2314 1907 2363 ἐναν-

315 2406 448 2455 τίων
486 2406 677 2473 μοίρας
711 2406 1227 2473 προσκαλεσάμενος
1283 2406 1491 2457 ἐδείκνυ
1548 2406 1617 2455 τά
1662 2406 1904 2471 ταμιεῖα,

316 2498 415 2546 καὶ
452 2498 588 2563 πρὶς
623 2498 713 2547 τὸν
746 2498 987 2565 Σκληρον
1015 2496 1335 2565 ἐπαφίησιν,
1360 2497 1533 2546 εἰπεῖν
1569 2495 1903 2562 ἐπισκήᾲας,

318 2586 536 2651 ὅτιπερ,
562 2587 673 2650 Τὴν
701 2589 763 2638 ἐκ
782 2587 875 2638 τοῦ
899 2588 1055 2655 λιμοῦ
1091 2585 1404 2655 πολιορκίαν
1430 2587 1490 2637 οὐ
1515 2586 1724 2637 δέδοικα
1757 2586 1909 2643 (ἀπο-

315 2678 541 2745 χρώσας
573 2679 680 2747 γάρ
711 2677 817 2746 ἔχω
848 2679 1053 2746 τροφάς
1086 2677 1179 2728 καὶ
1207 2680 1296 2729 ἐπὶ
1345 2678 1494 2729 δυσὶν
1533 2678 1675 2739 ὅλοις
1716 2678 1799 2727 ἐτε
1814 2677 1903 2740 σι),

318 2768 609 2837 πολιορκῖᾳ
640 2769 694 2819 δὲ
728 2770 902 2831 ἄλλως
938 2772 969 2838 ἡ
1004 2769 1155 2831 πόλις
1193 2768 1462 2830 ἀνάλωτος
1483 2782 1495 2795 ·
1532 2767 1600 2818 τά
1630 2768 1695 2817 σὰ
1720 2768 1765 2817 δ’
1796 2766 1904 2830 ἐγὼ

319 2864 539 2930 φρονῶν
571 2864 787 2932 ἕτοιμος
824 2868 935 2932 εἰμι
978 2865 1316 2931 ὑπεκστῆναί
1349 2881 1429 2915 σοι
1464 2864 1559 2929 τῆς
1595 2863 1818 2921 πόλεως,
1857 2863 1904 2912 εξ

317 2956 444 3021 ἐμοί
478 2973 533 3007 τε
560 2957 655 3008 καὶ
687 2960 797 3019 τοῖς
823 2957 938 3025 μετ’
964 2956 1100 3026 ἐμοῦ
1158 2957 1237 3008 δι³
1264 2958 1441 3025 ὅρκων
1479 2956 1625 3025 δοίης
1673 2957 1900 3008 ἀπιέναι

2012 577 2219 629 accedit
2257 576 2449 640 Durus,
2473 586 2526 630 et
2558 577 2810 632 incendio
2844 589 3087 633 evastata
3144 579 3338 633 vicinia
3372 579 3587 631 tandem

2014 667 2183 735 ipsam
2217 683 2432 736 quoque
2465 670 2734 723 machinis
2762 670 3021 723 adhibitis
3048 678 3343 740 oppugnat.
3377 669 3587 723 Etcum

2013 758 2225 810 fortiter
2251 758 2568 813 defenderet
2600 760 2902 823 Manuelus,
2942 763 3224 830 scalasque
3275 771 3327 814 et
3382 762 3589 814 machi-

2014 866 2110 903 nas
2138 851 2385 905 admotas
2425 851 2531 920 igni
2564 854 2861 907 artiﬁcioso
2901 864 3191 912 crcniaret,
3221 854 3270 905 vi
3307 870 3364 905 se
3396 854 3583 906 urbem

2012 958 2325 1013 expugnare
2348 958 2509 1012 posse
2559 945 2851 1012 desperans
2902 946 3126 1007 Bardas,
3190 946 3261 999 ob
3307 946 3585 1013 penuriam

2011 1045 2193 1088 autem
2224 1034 2468 1088 deditum
2494 1034 2555 1087 iri
2575 1036 2792 1089 tandem
2836 1039 3103 1107 cogitans,
3135 1038 3586 1090 «liuobsidionem

2014 1127 2201 1181 traxit.
2235 1126 2535 1195 Oppidanis
2556 1128 2939 1181 alimentorum
2970 1130 3185 1182 defectu
3218 1129 3440 1198 pressis,
3474 1129 3585 1181 Ma-

2012 1219 2210 1271 nuelus
2245 1235 2352 1288 quo
2378 1234 2436 1272 se
2466 1230 2701 1274 verteret
2759 1220 2999 1277 nescius.
3042 1236 3165 1273 cum
3209 1222 3354 1276 Duro
3412 1223 3590 1275 aditus

2014 1312 2164 1364 urbis
2195 1324 2445 1365 accurate
2481 1314 2823 1367 custodiente
2861 1314 3042 1365 invehi
3070 1314 3203 1366 nihil
3234 1324 3435 1382 posset,
3465 1316 3591 1369 dolo

2014 1404 2411 1458 circumvenire
2453 1420 2577 1458 eum
2637 1406 2845 1460 statuit.
2901 1406 3160 1460 Granaria
3214 1407 3409 1460 Nicaea:
3453 1407 3590 1459 clam

2014 1512 2178 1549 arena
2209 1506 2460 1565 congesta
2485 1497 2691 1565 implet,
2736 1499 2787 1549 in
2819 1500 3105 1565 snpertieie
3136 1499 3414 1553 frumento
3438 1516 3539 1551 ron
3564 1531 3587 1541 -

2015 1596 2201 1651 strata,
2244 1598 2301 1641 ut
2354 1603 2519 1641 arena
2574 1587 2747 1640 visum
2802 1587 3031 1641 falleret.
3098 1588 3235 1642 Tum
3300 1590 3586 1657 quemdam

2014 1678 2080 1731 de
2100 1680 2345 1732 hostibus
2370 1689 2584 1746 captum
2612 1694 2677 1731 eo
2703 1680 3012 1739 adducit,et
3044 1679 3128 1732 illa
3159 1679 3513 1741 demonstrat,
3540 1691 3591 1732 et

2015 1771 2079 1823 ad
2108 1769 2309 1823 Durum
2342 1770 2562 1834 emittit,
2587 1785 2709 1823 cum
2755 1770 2839 1823 his
2870 1770 3161 1832 mandatis,
3203 1786 3261 1824 se
3310 1771 3470 1840 plane
3526 1772 3594 1825 ab

2016 1859 2296 1912 obsidione
2322 1862 2559 1927 penuriae
2591 1874 2753 1911 causa
2782 1859 2916 1911 nihil
2942 1859 3044 1912 sibi
3082 1867 3347 1920 metuere,
3386 1860 3591 1911 instru-

2017 1961 2163 2005 ctum
2200 1954 2362 2005 etiam
2391 1952 2593 2004 biennii
2618 1951 2809 2019 integri
2842 1952 3115 2004 alimentis
3143 1970 3154 2004 :
3207 1961 3319 2004 tum
3402 1952 3589 2005 urbem

2015 2042 2187 2110 ipsam
2256 2042 2306 2095 vi
2366 2057 2707 2110 nequaquam
2767 2043 3065 2109 expugnari
3147 2056 3330 2110 posse.
3384 2040 3589 2093 Tamen

2015 2131 2155 2199 quod
2182 2130 2282 2198 ipsi
2326 2129 2461 2182 bene
2504 2130 2684 2192 vellet,
2718 2129 2848 2182 urbe
2878 2130 3143 2183 excedere
3170 2138 3417 2198 paratum
3447 2144 3590 2191 esse,

2014 2222 2055 2275 si
2095 2222 2191 2275 hoc
2216 2222 2461 2274 obtineat
2490 2232 2547 2274 nt
2584 2222 2899 2289 juramento
2960 2220 3252 2275 conﬁrmet
3297 2223 3477 2275 Durus
3534 2238 3593 2275 se

2015 2312 2113 2378 ipsi
2143 2320 2196 2363 et
2226 2311 2339 2363 suis
2377 2311 2605 2365 liberam
2638 2326 2746 2379 quo
2772 2311 2968 2363 vellent
3000 2311 3235 2364 abeundi
3270 2313 3401 2365 dare
3435 2323 3592 2380 pote-

2014 2410 2230 2453 statem.
2289 2400 2545 2454 Libenter
2576 2418 2693 2454 eam
2729 2403 3101 2455 conditionem
3132 2404 3384 2471 amplexo
3429 2406 3595 2470 lluro,

2013 2502 2064 2545 et
2088 2493 2246 2547 ﬁdem
2281 2495 2549 2556 ﬁrmante,
2578 2495 2859 2548 Manuelus
2878 2512 3001 2549 cum
3033 2495 3399 2550 Nicaeensibus
3416 2510 3468 2550 et
3495 2515 3596 2551 suo

2012 2587 2248 2640 exercitu
2265 2588 2625 2655 omnibusque
2641 2586 2807 2657 429
2832 2588 3237 2655 impedimentis
3251 2589 3440 2657 Cpolin
3460 2590 3592 2643 ahit.

2014 2679 2125 2733 Hoc
2156 2689 2313 2747 pacto
2342 2678 2516 2731 Νίσαια
2548 2681 2753 2747 potitus
2800 2682 2997 2739 Durus.
3027 2683 3242 2734 tametsi
3288 2682 3596 2734 vaframcn-

2014 2778 2124 2821 tmn
2146 2768 2273 2821 illud
2306 2771 2370 2821 de
2405 2768 2677 2821 frumento
2708 2770 3120 2837 deprehendens
3152 2771 3375 2825 moleste
3406 2772 3592 2834 ferrei,

2012 2861 2249 2912 validum
2269 2860 2624 2913 nihilominus
2649 2861 2762 2913 urbi
2790 2862 2835 2914 ei
2868 2863 3176 2930 praesidium
3197 2863 3596 2932 imponit,duce

2011 2953 2243 3021 quodam
2277 2951 2521 3021 l’egasio,
2552 2962 2602 3004 et
2625 2953 2739 3019 ipse
2767 2953 2971 3022 reliqua
2990 2962 3334 3023 persequitur
3355 2955 3593 3023 negotia.

318 3054 434 3116 ὅπη
465 3050 528 3115 δὴ
563 3052 655 3101 καὶ
680 3050 1001 3119 αἱρούμεθα.
1033 3050 1385 3118 ’Λσμένωςδὲ
1408 3049 1501 3101 τοῦ
1571 3050 1751 3117 Βάρδα
1824 3048 2116 3116 δεξαμένου
2194 3047 2284 3098 τὸν
2340 3046 2494 3112 λόγον
2561 3046 2653 3096 καὶ
2703 3047 2915 3107 πίστεις
2970 3046 3405 3116 παρεσχηκότος,
3461 3048 3590 3109 τοὺς

319 3142 552 3203 Νικαεῖς
598 3145 623 3195 6
678 3143 935 3210 Μανουὴλ
990 3140 1226 3212 εἰληφὼς
1280 3143 1376 3193 καὶ
1417 3144 1509 3193 τὸν
1556 3143 1695 3210 ἀμφ’
1757 3143 1916 3193 aii-cini
1958 3140 2183 3210 στρατὸν
2220 3133 2680 3208 μετάπάντωνῶν
2704 3136 2870 3208 εἶχον,
2910 3143 3133 3191 εἴσεισιν
3154 3144 3235 3201 εἰς
3286 3141 3381 3209 τὴν
3436 3140 3592 3209 βασι-

320 3234 378 3285 λε
388 3234 480 3284 ὑου
491 3251 606 3287 σαν.
639 3236 749 3303 Τὴν
811 3236 1045 3287 Νίκαιαν

1120 3234 1175 3285 δὲ
1226 3233 1580 3303 παρειληφὼς
1653 3235 1681 3285 6
1738 3233 1979 3303 Σκληρὸς
2018 3233 2205 3284 καὶτὸ
2241 3236 2367 3302 περὶ
2400 3232 2492 3283 τὸν
2547 3236 2691 3284 σῖτον
2746 3234 2921 3302 εὑρὼν
2968 3232 3344 3302 ῥᾳδιούργημα
3394 3235 3589 3303 ἠνιάθη

324 3328 427 3395 μὲν
484 3328 569 3394 ἐφ’
630 3321 710 3389 οἷς
759 3326 1081 3395 ἐξηπάτητο,
1136 3327 1380 3395 φρουρὰν
1426 3327 1469 3377 δ’
1514 3327 1663 3393 ὅμως
1715 3328 1873 3394 ἀφεὶς
1945 3326 2240 3395 ἀξιόμαχον
2286 3327 2343 3376 ἐν
2413 3328 2572 3396 αὐτῇ,
2639 3328 2731 3378 καὶ
2784 3327 3089 3397 στρατηγὸν
3149 3327 3424 3394 ιιηγάσιόν
3474 3346 3591 3386 τ.να

322 3423 382 3473 ἐν
442 3420 623 3478 αὐτοῖς
683 3418 1004 3487 ἐπιστήσας,
1052 3417 1214 3476 αὐτὸς
1273 3418 1380 3469 τῶν
1436 3416 1633 3483 ἐφεξῆς
1701 3418 1875 3485 εἴχετο
1911 3418 2105 3486 ἔργων.

410 3513 468 3563 'U
493 3512 549 3562 δέ
586 3510 1084 3579 παρακοιμώμενος
1111 3512 1220 3571 τοῖς
1247 3510 1387 3571 ὅλοις
1429 3508 1731 3577 ἀπορηθεὶς
1779 3511 1901 3579 (ἤδη
1932 3523 1973 3577 c
2078 3512 2151 3564 En

1849 3511 1901 3578 ἰη
1932 3523 1973 3577 c
2078 3512 2371 3566 Enimvero
2416 3527 2620 3580 pra-ses
2653 3510 2882 3565 Basilius
2912 3513 3073 3566 rebus
3106 3522 3313 3567 tantum
3347 3529 3453 3567 non
3496 3515 3590 3568 de-

322 3603 435 3672 γάρ
465 3606 492 3653 6
519 3602 760 3671 Σκληρδς
796 3601 1095 3669 ἐπλησίαζε
1129 3602 1195 3670 τῇ
1222 3599 1477 3669 βασιλίδι)
1522 3600 1649 3669 μίαν
1675 3602 1904 3666 ἐγνώκει

326 3695 586 3765 βοήθειαν
613 3694 966 3763 ἀποχρῶσαν,
998 3693 1208 3764 Βάρδαν
1239 3693 1330 3745 τὸν
1374 3692 1566 3744 Φωκᾶν
1618 3693 1903 3760 μεταπέμ-

326 3787 533 3854 ψασθαι
592 3786 689 3855 τῆς
749 3786 1061 3854 ὑπερορίας.
1132 3783 1291 3853 μόνον
1338 3782 1635 3850 ἀξιόμαχον
1704 3782 1909 3847 οἰηθεὶς

325 3879 521 3931 τοῦτον
548 3876 843 3928 ἀντίπαλον
868 3875 1087 3928 ἔσεσθαι
1120 3876 1195 3945 τῷ
1226 3874 1475 3944 Σκληρῴ.
1508 3874 1753 3938 Λόγουδὲ
1782 3874 1911 3923 θάτ-

324 3986 420 4022 τον
461 3967 959 4036 μεταπεμψάμενος
1004 3968 1100 4023 καὶ
1127 3968 1309 4035 ὅρκοις
1334 3964 1799 4033 ἀσφαλισάμενος,
1819 3963 1912 4014 καὶ⁸

328 4058 566 4110 πλοῦτον
605 4056 972 4127 παρεσχηκὼς
995 4057 1199 4126 δαψιλῆ
1226 4058 1321 4110 καὶ
1354 4055 1433 4124 τῷ
1466 4054 1575 4107 τῶν
1602 4054 1910 4123 μαγίστρων

324 4150 605 4219 ἀξιώματι
655 4150 914 4219 τιμήσας,
977 4148 1297 4217 δομέστικον
1346 4145 1751 4217 προχειρίζεται
1804 4144 1910 4196 τῶν

328 4242 539 4310 σχολῶν
572 4240 665 4291 καὶ
700 4243 840 4292 κατὰ
890 4238 982 4291 τοῦ
1036 4236 1282 4307 Σκληροῢ
1336 4238 1579 4305 ἀφίησιν.
1623 4234 1681 4287 '0
1710 4236 1773 4309 δὲ
1819 4236 1908 4287 τὸν

327 4334 472 4401 ὑπὲρ
506 4331 617 4384 τῶν
670 4331 806 4383 ὅλων
856 4331 1253 4399 ἀναδεξαμενος
1299 4329 1489 4396 ἀγῶνα
1539 4328 1756 4397 πρῶτον
1816 4328 1913 4395 μὲν

327 4422 691 4490 ἐπεχείρησεν
721 4421 828 4474 ἀπὸ
866 4421 1087 4491 Θρᾴκης
1130 4419 1500 4489 περαιωθῆναι
1532 4420 1610 4480 είς
1650 4418 1877 4470 ’Ἄϐυδον
1898 4434 1912 4449 ο

327 4514 696 4582 φυλάττοντος
725 4513 781 4565 δὲ
812 4512 878 4565 τά
907 4515 965 4565 ἐν
1012 4512 1387 4582 Ἑλλησπόντῳ
1417 4510 1591 4580 χωρία
1630 4508 1913 4577 Ῥωμανοῦ

325 4609 424 4660 τοῦ
465 4608 583 4661 υἱοῦ
656 4608 751 4660 τοῦ
806 4606 1075 4676 Σκληροῦ,
1115 4605 1511 4673 ἀποκρουσθεὶς
1563 4603 1773 4656 ἐκεῖθεν
1811 4606 1911 4654 ἐπ-

329 4703 543 4755 άνεισιν
574 4702 653 4764 εἰς
692 4701 789 4769 τὴν
812 4700 1078 4769 βασιλίδα,
1135 4699 1344 4751 ἐκεῖθέν
1387 4714 1446 4750 τε
1482 4696 1667 4750 πλοίου
1721 4698 1915 4757 ἐπιόὰς

330 4797 428 4847 καὶ
461 4796 586 4855 τοὺς
636 4787 914 4854 ἐναντίους
970 4790 1149 4843 λαθὼν
1208 4790 1343 4859 πρὸς
1388 4790 1485 4859 την
1548 4788 1914 4857 ἀντίπορθμον

2010 3603 2244 3671 speratis
2283 3604 2430 3669 (cum
2476 3603 2587 3671 jam
2619 3603 2684 3656 ad
2720 3603 2889 3672 ipsam
2929 3604 3117 3657 urbem
3170 3605 3454 3659 accederet
3485 3605 3591 3659 Du-

2010 3692 2123 3761 rus)
2158 3708 2324 3745 untnn
2361 3693 2463 3746 hoc
2510 3692 2765 3762 cogitavit
2816 3692 3126 3761 praesidium
3177 3708 3501 3761 superesse.
3544 3695 3589 3747 si

2012 3783 2181 3837 Barda
2212 3782 2421 3836 Phocas
2455 3784 2523 3835 ab
2554 3783 2748 3835 exsilio
2802 3793 3174 3847 revocaretur,
3206 3799 3368 3854 quem
3416 3785 3589 3839 solum

2013 3875 2270 3929 censebat
2306 3875 2448 3928 Duro
2481 3884 2626 3927 recte
2656 3874 2857 3942 opponi
2892 3889 3073 3943 posse.
3107 3874 3242 3928 Eum
3270 3891 3399 3946 ergo
3445 3877 3592 3931 dicto

2014 3968 2175 4021 citius
2207 3975 2418 4030 evocat,
2473 3966 2833 4036 jurejurando
2866 3966 2915 4019 ei
2948 3981 3149 4021 cavens
3179 3976 3342 4037 atque
3375 3970 3595 4036 amplis-

2016 4056 2181 4109 simas
2207 4055 2499 4109 conferens
2528 4070 2691 4123 opes;
2726 4066 3089 4125 ornatumque
3129 4056 3372 4127 magistri
3411 4057 3591 4127 digni-

2018 4155 2125 4201 tate
2152 4148 2511 4201 domesticum
2559 4146 2873 4200 scholarum
2913 4146 3042 4201 facit
3071 4158 3124 4201 et
3157 4160 3349 4202 contra
3384 4149 3590 4203 Durum

2017 4236 2233 4289 emittit.
2271 4235 2479 4288 l’hocas
2512 4250 2723 4288 summa
2759 4236 2858 4289 sibi
2893 4251 3073 4289 rerum
3102 4237 3309 4290 credita
3348 4238 3521 4306 primo
3561 4254 3592 4292 e

2017 4311 2248 4380 Thracia
2310 4328 2375 4379 ad
2414 4326 2659 4396 Abydum
2698 4327 2948 4396 trajicere
2979 4336 3207 4381 conatus
3240 4338 3344 4383 est.
3385 4327 3488 4383 Sed
3530 4345 3592 4384 ea

2017 4435 2111 4488 spe
2142 4421 2403 4489 dejectus,
2435 4418 2577 4487 quod
2622 4419 2901 4473 llomanus
2944 4420 3069 4473 Duri
3097 4420 3236 4474 ﬁlius
3271 4422 3591 4491 Hellespon-

2019 4521 2130 4565 tum
2166 4520 2405 4573 teneret,
2439 4510 2634 4580 Cpolin
2668 4512 2847 4567 rediit.
2882 4510 3011 4564 Inde
3044 4511 3260 4581 navigio
3290 4525 3594 4566 conscenso

2020 4601 2268 4655 hostibus
2293 4617 2401 4653 non
2436 4602 2999 4657 animadvertentilius
3029 4604 3096 4655 ad
3127 4602 3429 4669 oppositam
3460 4617 3595 4656 con—

2019 4692 2280 4744 tinentem
2343 4692 2575 4755 traiecit,
2630 4692 3022 4759 nocturnisque
3070 4692 3358 4745 itineribus
3411 4692 3593 4745 Czesa-

2019 4798 2165 4836 ream
2198 4784 2460 4851 pervenit.
2517 4783 2590 4837 lbi
2625 4798 2683 4836 se
2717 4799 2839 4837 cum
2868 4784 3127 4855 magistro
3168 4782 3450 4838 Eustathio
3480 4781 3592 4837 Ma-

328 4888 545 4953 γίνεται
571 4889 693 4955 γῆν,
729 4886 823 4937 καὶ
873 4882 1260 4953 νυκτοπορίαις
1291 4882 1639 4952 χρησάμενος
1686 4881 1905 4934 ἄπεισιν
1938 4857 1990 4916 D
2018 4875 2065 4928 le

1860 4897 1905 4931 ιν
1938 4857 1990 4916 D
2018 4875 2163 4928 lcino
2199 4883 2254 4928 et
2290 4875 2553 4929 Michaelo
2579 4876 2773 4930 Burtza
2818 4880 2965 4943 (nam
2996 4886 3052 4930 et
3076 4876 3122 4931 is
3153 4887 3360 4929 mutata
3397 4876 3594 4930 volun.

329 4980 412 5040 είς
445 4978 801 5046 Καισάρειαν,
850 4976 1029 5029 ἐκείσέ
1077 4993 1135 5028 τε
1186 4975 1463 5040 Εὑσταθίῳ
1502 4974 1785 5043 μαγίστρῳ
1830 4972 1907 5041 τῷ

327 5071 589 5138 Μαλεῖνῳ
611 5070 702 5121 καὶ
727 5069 944 5138 Μιχαὴλ
964 5067 1249 5136 μαγίστρῳ
1268 5064 1346 5133 τῷ
1366 5066 1467 5116 Βού
1478 5064 1609 5135 ρτζῃ
1636 5063 1912 5132 συμμίξας

331 5164 563 5233 (ἔφθασε
586 5165 694 5231 γὰρ
719 5164 813 5214 καὶ
841 5162 1002 5222 αὐτὸς
1033 5162 1098 5211 ἐκ
1124 5157 1412 5228 μετανοίας
1430 5158 1506 5210 κά
1535 5155 1626 5207 τοῦ
1652 5154 1913 5223 βασιλέως

330 5258 497 5309 πάλιν
525 5257 758 5316 ἑλέσθαι)
799 5256 912 5323 μετ’
962 5251 1140 5304 αὐτῶν
1172 5250 1305 5317 πρὸς
1345 5249 1575 5317 πόλεμον
1599 5245 1910 5314 ἐξηρτύετο.

333 5351 448 5402 Καὶ
480 5349 543 5417 δὴ
598 5348 726 5399 λαὸν
773 5346 845 5408 ὼς
890 5345 916 5395 ὁ
944 5344 1131 5413 καιρὸς
1157 5342 1328 5394 ἐδίδου
1358 5340 1636 5408 ἀθροίσας,
1672 5338 1764 5387 καὶ
1790 5337 1917 5395 τοὺς

333 5448 401 5496 ὲκ
432 5441 531 5509 τῆς
562 5442 739 5508 φυγῆς
764 5438 1197 5505 ἐσκεδασμένους
1226 5435 1435 5498 ἁλίσας,
1468 5432 1602 5501 πρὸς
1630 5428 1689 5480 τὸ
1739 5425 1919 5491 Ἀμω-

336 5551 451 5603 ριον
503 5532 732 5597 γίνεται.
796 5529 905 5581 Καὶ
937 5530 963 5579 6
1012 5527 1253 5596 Σκληρὸς
1288 5523 1342 5576 δὲ
1382 5522 1478 5592 τὴν
1512 5519 1703 5571 τούτου
1740 5516 1916 5580 ἔξοδον

334 5621 613 5687 ἀκηκοὼς,
650 5622 744 5673 καὶ
779 5618 872 5671 νῦν
901 5619 1113 5689 πρῶτον
1134 5616 1336 5686 οἰηθεὶς
1358 5613 1447 5665 τὸν
1487 5612 1671 5677 ἀγῶνα
1700 5607 1917 5659 ἕσεσίαι

332 5716 485 5783 αὑτῴ
551 5717 690 5783 πρὸς
750 5712 917 5782 ἄνδρα
967 5710 1301 5777 πολεμιστὴν
1352 5707 1445 5758 καὶ
1489 5704 1674 5772 φέρειν
1744 5698 1918 5749 είδῦτα

337 5808 605 5871 γενναίως
636 5806 729 5857 κατ⁹
765 5802 1033 5865 τακτικῶς
1075 5804 1172 5863 τὰς
1209 5798 1497 5865 πολεμίους
1534 5790 1788 5862 στροςὰς,
1822 5789 1913 5839 καὶ

2021 4974 2131 5019 tate
2161 4966 2227 5019 ad
2279 4966 2621 5035 imperatoris
2663 4976 2843 5036 partes
2895 4966 3151 5034 redierat)
3212 4965 3498 5034 conjunxit
3541 4976 3596 5020 et

2020 5056 2162 5111 bello
2194 5057 2430 5127 gerendo
2462 5056 2692 5125 paravit.
2728 5055 2867 5125 Ergo
2919 5054 3123 5108 coactis
3155 5061 3214 5107 ut
3241 5062 3452 5121 poterat
3489 5052 3593 5104 mi-

2019 5151 2224 5213 litibus,
2276 5150 2620 5217 collectisque
2675 5149 2743 5203 iis
2792 5163 2930 5218 quas
2974 5148 3095 5216 fuga
3135 5146 3485 5215 disperserat.
3528 5146 3593 5198 ad

2022 5244 2300 5295 Amorimn
2336 5244 2564 5295 accedit.
2598 5243 2774 5295 Durus
2805 5242 2895 5294 ubi
2931 5240 3168 5293 Phocam
3195 5239 3261 5292 ad
3296 5237 3461 5308 430
3480 5237 3595 5290 bel-

2020 5334 2131 5387 ltnn
2164 5334 2363 5387 exiisse
2395 5334 2666 5403 cognovit,
2713 5347 2860 5385 nunc
2889 5332 3107 5385 demum
3153 5339 3303 5383 ratus
3337 5328 3439 5382 sibi
3480 5343 3595 5380 rem

2022 5426 2135 5479 lore
2170 5441 2293 5478 cum
2327 5425 2442 5477 viro
2471 5426 2726 5477 bellicoso
2762 5434 2817 5478 et
2848 5424 3057 5477 fortiter
3103 5432 3267 5489 atque
3291 5420 3596 5489 composite

2021 5516 2163 5570 ferre
2196 5519 2340 5569 vices
2376 5516 2497 5569 belli
2531 5531 2720 5583 gnaro,
2782 5532 2905 5570 eum
2956 5516 3220 5568 hat-tenus
3253 5512 3356 5567 sibi
3395 5511 3593 5578 objecti

2023 5620 2205 5661 essent
2239 5606 2635 5659 homunciones
2670 5605 2909 5667 castrati,
2948 5604 3002 5656 in
3032 5602 3285 5656 thalamis
3317 5600 3514 5654 versati
3539 5607 3596 5652 et

2024 5698 2078 5749 in
2136 5698 2322 5750 umbra
2384 5696 2579 5765 degere
2640 5695 2804 5755 soliti,
2864 5710 2892 5746 a
2947 5690 3128 5747 Nicaea
3178 5689 3477 5746 exercitum
3525 5688 3593 5740 ad

2023 5788 2301 5839 Amorium
2350 5784 2519 5837 ducrt.
2564 5784 2638 5837 lbi
2686 5783 2892 5837 collatis
2948 5782 3115 5853 signis
3162 5788 3497 5850 pugnatum;
3537 5786 3595 5831 et
