  <div class='ocr_page' id='page_1' title='image "/cluster/home/n/w/nwhite01/storage/ocr_20150623/122/nnc1.0046979611/094.png"; bbox 0 0 4410 6452; ppageno 0'>
   <div class='ocr_carea' id='block_1_1' title="bbox 392 426 492 491">
    <p class='ocr_par' dir='ltr' id='par_1_1' title="bbox 392 426 492 491">
     <span class='ocr_line' id='line_1_1' title="bbox 392 426 492 491; baseline 0 -1"><span class='ocrx_word' id='word_1_1' title='bbox 392 426 492 491; x_wconf 76' lang='lat'><strong>169</strong></span> 
     </span>
    </p>
   </div>
   <div class='ocr_carea' id='block_1_2' title="bbox 389 598 1947 703">
    <p class='ocr_par' dir='ltr' id='par_1_2' title="bbox 389 598 1947 703">
     <span class='ocr_line' id='line_1_2' title="bbox 389 598 1947 703; baseline -0.026 -12"><span class='ocrx_word' id='word_1_2' title='bbox 389 598 685 703; x_wconf 55' lang='grc' dir='ltr'><strong>ιιάγιστέον</strong></span> <span class='ocrx_word' id='word_1_3' title='bbox 722 627 926 680; x_wconf 84' lang='grc' dir='ltr'><strong>Λέοντα</strong></span> <span class='ocrx_word' id='word_1_4' title='bbox 975 623 1065 674; x_wconf 68' lang='grc' dir='ltr'><strong>τὸν</strong></span> <span class='ocrx_word' id='word_1_5' title='bbox 1115 612 1447 681; x_wconf 65' lang='grc' dir='ltr'><strong>Μελισσηνον</strong></span> <span class='ocrx_word' id='word_1_6' title='bbox 1501 606 1726 659; x_wconf 68' lang='grc' dir='ltr'><strong>κατιὶπιν</strong></span> <span class='ocrx_word' id='word_1_7' title='bbox 1778 602 1947 661; x_wconf 68' lang='grc' dir='ltr'><strong>εἴασε,</strong></span> 
     </span>
    </p>
   </div>
   <div class='ocr_carea' id='block_1_3' title="bbox 383 690 1951 790">
    <p class='ocr_par' dir='ltr' id='par_1_3' title="bbox 383 690 1951 790">
     <span class='ocr_line' id='line_1_3' title="bbox 383 690 1951 790; baseline -0.026 -11"><span class='ocrx_word' id='word_1_8' title='bbox 383 690 487 787; x_wconf 64' lang='grc' dir='ltr'><strong>τὰς¹</strong></span> <span class='ocrx_word' id='word_1_9' title='bbox 530 690 831 790; x_wconf 75' lang='grc' dir='ltr'><strong>δυσχωρίας</strong></span> <span class='ocrx_word' id='word_1_10' title='bbox 879 712 1163 783; x_wconf 73' lang='grc' dir='ltr'><strong>φυλάττειν</strong></span> <span class='ocrx_word' id='word_1_11' title='bbox 1223 698 1561 771; x_wconf 67' lang='grc' dir='ltr'><strong>προστάξας*</strong></span> <span class='ocrx_word' id='word_1_12' title='bbox 1605 692 1763 754; x_wconf 70' lang='grc' dir='ltr'><strong>αὐτὸς</strong></span> <span class='ocrx_word' id='word_1_13' title='bbox 1796 690 1851 743; x_wconf 74' lang='grc' dir='ltr'><strong>δὲ</strong></span> <span class='ocrx_word' id='word_1_14' title='bbox 1884 690 1951 741; x_wconf 68' lang='grc' dir='ltr'><strong>τὰ</strong></span> 
     </span>
    </p>
   </div>
   <div class='ocr_carea' id='block_1_4' title="bbox 389 784 1947 882">
    <p class='ocr_par' dir='ltr' id='par_1_4' title="bbox 389 784 1947 882">
     <span class='ocr_line' id='line_1_4' title="bbox 389 784 1947 882; baseline -0.025 -12"><span class='ocrx_word' id='word_1_15' title='bbox 389 784 594 882; x_wconf 74' lang='grc' dir='ltr'><strong>μεταξὺ</strong></span> <span class='ocrx_word' id='word_1_16' title='bbox 623 784 972 880; x_wconf 49' lang='grc' dir='ltr'><strong>ἶριαδίτζης,</strong></span> <span class='ocrx_word' id='word_1_17' title='bbox 992 802 1113 869; x_wconf 72' lang='grc' dir='ltr'><strong>ἥτις</strong></span> <span class='ocrx_word' id='word_1_18' title='bbox 1139 788 1553 861; x_wconf 81' lang='grc' dir='ltr'><strong>πάλαιΣαρδικὴ</strong></span> <span class='ocrx_word' id='word_1_19' title='bbox 1577 784 1947 852; x_wconf 60' lang='grc' dir='ltr'><strong>ἐπωνόμασται,</strong></span> 
     </span>
    </p>
   </div>
   <div class='ocr_carea' id='block_1_5' title="bbox 390 875 1951 959">
    <p class='ocr_par' dir='ltr' id='par_1_5' title="bbox 390 875 1951 959">
     <span class='ocr_line' id='line_1_5' title="bbox 390 875 1951 959; baseline -0.024 2"><span class='ocrx_word' id='word_1_20' title='bbox 390 875 558 959; x_wconf 56' lang='grc' dir='ltr'><strong>στενά</strong></span> <span class='ocrx_word' id='word_1_21' title='bbox 601 875 821 955; x_wconf 74' lang='grc' dir='ltr'><strong>διελθὼν</strong></span> <span class='ocrx_word' id='word_1_22' title='bbox 882 894 976 948; x_wconf 70' lang='grc' dir='ltr'><strong>καὶ</strong></span> <span class='ocrx_word' id='word_1_23' title='bbox 1014 892 1111 954; x_wconf 74' lang='grc' dir='ltr'><strong>τὰς</strong></span> <span class='ocrx_word' id='word_1_24' title='bbox 1157 887 1385 955; x_wconf 80' lang='grc' dir='ltr'><strong>λόχμας,</strong></span> <span class='ocrx_word' id='word_1_25' title='bbox 1421 881 1513 934; x_wconf 72' lang='grc' dir='ltr'><strong>καὶ</strong></span> <span class='ocrx_word' id='word_1_26' title='bbox 1567 879 1621 932; x_wconf 77' lang='grc' dir='ltr'><strong>ἓν</strong></span> <span class='ocrx_word' id='word_1_27' title='bbox 1669 895 1771 930; x_wconf 88' lang='grc' dir='ltr'><strong>τινι</strong></span> <span class='ocrx_word' id='word_1_28' title='bbox 1800 875 1951 941; x_wconf 87' lang='grc' dir='ltr'><strong>τόπῳ</strong></span> 
     </span>
    </p>
   </div>
   <div class='ocr_carea' id='block_1_6' title="bbox 388 961 1952 1057">
    <p class='ocr_par' dir='ltr' id='par_1_6' title="bbox 388 961 1952 1057">
     <span class='ocr_line' id='line_1_6' title="bbox 388 961 1952 1057; baseline -0.022 -9"><span class='ocrx_word' id='word_1_29' title='bbox 388 991 676 1057; x_wconf 78' lang='grc' dir='ltr'><strong>Στοπωνέῳ</strong></span> <span class='ocrx_word' id='word_1_30' title='bbox 702 985 980 1053; x_wconf 75' lang='grc' dir='ltr'><strong>λεγομένῳ</strong></span> <span class='ocrx_word' id='word_1_31' title='bbox 1001 980 1310 1049; x_wconf 78' lang='grc' dir='ltr'><strong>γενόμενος,</strong></span> <span class='ocrx_word' id='word_1_32' title='bbox 1332 972 1483 1024; x_wconf 78' lang='grc' dir='ltr'><strong>ἔθετο</strong></span> <span class='ocrx_word' id='word_1_33' title='bbox 1509 967 1744 1039; x_wconf 83' lang='grc' dir='ltr'><strong>χάρακα,</strong></span> <span class='ocrx_word' id='word_1_34' title='bbox 1774 961 1952 1057; x_wconf 67' lang='grc' dir='ltr'><strong>ἐκεῖσέ</strong></span> 
     </span>
    </p>
   </div>
   <div class='ocr_carea' id='block_1_7' title="bbox 385 1054 1953 1139">
    <p class='ocr_par' dir='ltr' id='par_1_7' title="bbox 385 1054 1953 1139">
     <span class='ocr_line' id='line_1_7' title="bbox 385 1054 1953 1139; baseline -0.022 1"><span class='ocrx_word' id='word_1_35' title='bbox 385 1106 444 1139; x_wconf 84' lang='grc' dir='ltr'><strong>τε</strong></span> <span class='ocrx_word' id='word_1_36' title='bbox 483 1086 732 1137; x_wconf 81' lang='grc' dir='ltr'><strong>διενοεῖτο</strong></span> <span class='ocrx_word' id='word_1_37' title='bbox 771 1078 887 1139; x_wconf 86' lang='grc' dir='ltr'><strong>πῶς</strong></span> <span class='ocrx_word' id='word_1_38' title='bbox 938 1074 1002 1128; x_wconf 85' lang='grc' dir='ltr'><strong>ἂν</strong></span> <span class='ocrx_word' id='word_1_39' title='bbox 1040 1068 1364 1138; x_wconf 73' lang='grc' dir='ltr'><strong>ἐπιχειρήσῃ</strong></span> <span class='ocrx_word' id='word_1_40' title='bbox 1416 1066 1481 1135; x_wconf 80' lang='grc' dir='ltr'><strong>τῇ</strong></span> <span class='ocrx_word' id='word_1_41' title='bbox 1534 1056 1820 1127; x_wconf 69' lang='grc' dir='ltr'><strong>πολιορκία</strong></span> <span class='ocrx_word' id='word_1_42' title='bbox 1852 1054 1953 1122; x_wconf 81' lang='grc' dir='ltr'><strong>τῆς</strong></span> 
     </span>
    </p>
   </div>
   <div class='ocr_carea' id='block_1_8' title="bbox 386 1144 1953 1244">
    <p class='ocr_par' dir='ltr' id='par_1_8' title="bbox 386 1144 1953 1244">
     <span class='ocr_line' id='line_1_8' title="bbox 386 1144 1953 1244; baseline -0.022 -13"><span class='ocrx_word' id='word_1_43' title='bbox 386 1175 675 1244; x_wconf 79' lang='grc' dir='ltr'><strong>Σαρδικῆς.</strong></span> <span class='ocrx_word' id='word_1_44' title='bbox 720 1168 976 1222; x_wconf 84' lang='grc' dir='ltr'><strong>Ἦκούετο</strong></span> <span class='ocrx_word' id='word_1_45' title='bbox 1018 1162 1075 1214; x_wconf 79' lang='grc' dir='ltr'><strong>δὲ</strong></span> <span class='ocrx_word' id='word_1_46' title='bbox 1108 1160 1248 1214; x_wconf 80' lang='grc' dir='ltr'><strong>καὶὸ</strong></span> <span class='ocrx_word' id='word_1_47' title='bbox 1289 1153 1542 1244; x_wconf 64' lang='grc' dir='ltr'><strong>Σαμουὴλ</strong></span> <span class='ocrx_word' id='word_1_48' title='bbox 1584 1151 1683 1212; x_wconf 83' lang='grc' dir='ltr'><strong>τὰς</strong></span> <span class='ocrx_word' id='word_1_49' title='bbox 1712 1144 1953 1244; x_wconf 67' lang='grc' dir='ltr'><strong>κορυφάς</strong></span> 
     </span>
    </p>
   </div>
   <div class='ocr_carea' id='block_1_9' title="bbox 385 1236 1952 1325">
    <p class='ocr_par' dir='ltr' id='par_1_9' title="bbox 385 1236 1952 1325">
     <span class='ocr_line' id='line_1_9' title="bbox 385 1236 1952 1325; baseline -0.02 -8"><span class='ocrx_word' id='word_1_50' title='bbox 385 1236 498 1317; x_wconf 76' lang='grc' dir='ltr'><strong>τῶν</strong></span> <span class='ocrx_word' id='word_1_51' title='bbox 550 1236 825 1315; x_wconf 77' lang='grc' dir='ltr'><strong>κύκλωθεν</strong></span> <span class='ocrx_word' id='word_1_52' title='bbox 874 1253 1046 1325; x_wconf 86' lang='grc' dir='ltr'><strong>ὸρέων</strong></span> <span class='ocrx_word' id='word_1_53' title='bbox 1105 1250 1348 1319; x_wconf 81' lang='grc' dir='ltr'><strong>κατέχων</strong></span> <span class='ocrx_word' id='word_1_54' title='bbox 1379 1242 1535 1314; x_wconf 80' lang='grc' dir='ltr'><strong>(πρὸς</strong></span> <span class='ocrx_word' id='word_1_55' title='bbox 1570 1238 1807 1309; x_wconf 75' lang='grc' dir='ltr'><strong>φανερὰν</strong></span> <span class='ocrx_word' id='word_1_56' title='bbox 1844 1236 1952 1305; x_wconf 70' lang='grc' dir='ltr'><strong>γὰρ</strong></span> 
     </span>
    </p>
   </div>
   <div class='ocr_carea' id='block_1_10' title="bbox 391 1328 1951 1420">
    <p class='ocr_par' dir='ltr' id='par_1_10' title="bbox 391 1328 1951 1420">
     <span class='ocr_line' id='line_1_10' title="bbox 391 1328 1951 1420; baseline -0.015 -17"><span class='ocrx_word' id='word_1_57' title='bbox 391 1352 706 1420; x_wconf 80' lang='grc' dir='ltr'><strong>συμπλοκὴν</strong></span> <span class='ocrx_word' id='word_1_58' title='bbox 749 1346 839 1400; x_wconf 73' lang='grc' dir='ltr'><strong>καὶ</strong></span> <span class='ocrx_word' id='word_1_59' title='bbox 898 1343 1208 1414; x_wconf 86' lang='grc' dir='ltr'><strong>ἀγχέμαχον</strong></span> <span class='ocrx_word' id='word_1_60' title='bbox 1250 1332 1471 1403; x_wconf 85' lang='grc' dir='ltr'><strong>ἐδειλία)</strong></span> <span class='ocrx_word' id='word_1_61' title='bbox 1538 1332 1630 1385; x_wconf 70' lang='grc' dir='ltr'><strong>καὶ</strong></span> <span class='ocrx_word' id='word_1_62' title='bbox 1686 1328 1951 1382; x_wconf 76' lang='grc' dir='ltr'><strong>πάντοθεν</strong></span> 
     </span>
    </p>
   </div>
   <div class='ocr_carea' id='block_1_11' title="bbox 388 1423 1951 1513">
    <p class='ocr_par' dir='ltr' id='par_1_11' title="bbox 388 1423 1951 1513">
     <span class='ocr_line' id='line_1_11' title="bbox 388 1423 1951 1513; baseline -0.015 -18"><span class='ocrx_word' id='word_1_63' title='bbox 388 1443 705 1513; x_wconf 80' lang='grc' dir='ltr'><strong>ἐνεδρεύων,</strong></span> <span class='ocrx_word' id='word_1_64' title='bbox 737 1439 788 1493; x_wconf 79' lang='grc' dir='ltr'><strong>εί</strong></span> <span class='ocrx_word' id='word_1_65' title='bbox 814 1455 927 1501; x_wconf 87' lang='grc' dir='ltr'><strong>πως</strong></span> <span class='ocrx_word' id='word_1_66' title='bbox 970 1434 1223 1505; x_wconf 78' lang='grc' dir='ltr'><strong>δυνηθείη</strong></span> <span class='ocrx_word' id='word_1_67' title='bbox 1258 1428 1457 1499; x_wconf 77' lang='grc' dir='ltr'><strong>βλάψαι</strong></span> <span class='ocrx_word' id='word_1_68' title='bbox 1489 1427 1614 1488; x_wconf 69' lang='grc' dir='ltr'><strong>τοὺς</strong></span> <span class='ocrx_word' id='word_1_69' title='bbox 1656 1423 1951 1513; x_wconf 63' lang='grc' dir='ltr'><strong>ἐναντίουςΪ</strong></span> 
     </span>
    </p>
   </div>
   <div class='ocr_carea' id='block_1_12' title="bbox 400 1510 1954 1599">
    <p class='ocr_par' dir='ltr' id='par_1_12' title="bbox 400 1510 1954 1599">
     <span class='ocr_line' id='line_1_12' title="bbox 400 1510 1954 1599; baseline -0.015 -14"><span class='ocrx_word' id='word_1_70' title='bbox 400 1536 485 1585; x_wconf 83' lang='grc' dir='ltr'><strong>Ἐν</strong></span> <span class='ocrx_word' id='word_1_71' title='bbox 600 1533 655 1586; x_wconf 75' lang='grc' dir='ltr'><strong>δὲ</strong></span> <span class='ocrx_word' id='word_1_72' title='bbox 685 1531 854 1584; x_wconf 68' lang='grc' dir='ltr'><strong>ταῦτα</strong></span> <span class='ocrx_word' id='word_1_73' title='bbox 880 1528 1087 1597; x_wconf 79' lang='grc' dir='ltr'><strong>ἐγίνετο</strong></span> <span class='ocrx_word' id='word_1_74' title='bbox 1113 1525 1207 1577; x_wconf 81' lang='grc' dir='ltr'><strong>καὶ</strong></span> <span class='ocrx_word' id='word_1_75' title='bbox 1235 1520 1471 1582; x_wconf 76' lang='grc' dir='ltr'><strong>τοιοῦτος</strong></span> <span class='ocrx_word' id='word_1_76' title='bbox 1498 1515 1565 1589; x_wconf 73' lang='grc' dir='ltr'><strong>ἦν</strong></span> <span class='ocrx_word' id='word_1_77' title='bbox 1588 1516 1664 1585; x_wconf 80' lang='grc' dir='ltr'><strong>τῷ</strong></span> <span class='ocrx_word' id='word_1_78' title='bbox 1695 1513 1903 1585; x_wconf 88' lang='grc' dir='ltr'><strong>βασιλεῖ</strong></span> <span class='ocrx_word' id='word_1_79' title='bbox 1926 1510 1954 1563; x_wconf 78' lang='grc' dir='ltr'><strong><em>ὁ</em></strong></span> 
     </span>
    </p>
   </div>
   <div class='ocr_carea' id='block_1_13' title="bbox 387 1604 1953 1690">
    <p class='ocr_par' dir='ltr' id='par_1_13' title="bbox 387 1604 1953 1690">
     <span class='ocr_line' id='line_1_13' title="bbox 387 1604 1953 1690; baseline -0.015 -13"><span class='ocrx_word' id='word_1_80' title='bbox 387 1624 610 1687; x_wconf 76' lang='grc' dir='ltr'><strong>σκοπὸς,</strong></span> <span class='ocrx_word' id='word_1_81' title='bbox 654 1623 923 1690; x_wconf 78' lang='grc' dir='ltr'><strong>Στέφανος</strong></span> <span class='ocrx_word' id='word_1_82' title='bbox 968 1621 997 1671; x_wconf 87' lang='grc' dir='ltr'><strong>ό</strong></span> <span class='ocrx_word' id='word_1_83' title='bbox 1048 1616 1363 1685; x_wconf 88' lang='grc' dir='ltr'><strong>δομέστικος</strong></span> <span class='ocrx_word' id='word_1_84' title='bbox 1430 1611 1540 1663; x_wconf 84' lang='grc' dir='ltr'><strong>τῶν</strong></span> <span class='ocrx_word' id='word_1_85' title='bbox 1595 1605 1799 1675; x_wconf 78' lang='grc' dir='ltr'><strong>σχολῶν</strong></span> <span class='ocrx_word' id='word_1_86' title='bbox 1856 1604 1953 1672; x_wconf 70' lang='grc' dir='ltr'><strong>τῆς</strong></span> 
     </span>
    </p>
   </div>
   <div class='ocr_carea' id='block_1_14' title="bbox 386 1697 1953 1779">
    <p class='ocr_par' dir='ltr' id='par_1_14' title="bbox 386 1697 1953 1779">
     <span class='ocr_line' id='line_1_14' title="bbox 386 1697 1953 1779; baseline -0.014 -11"><span class='ocrx_word' id='word_1_87' title='bbox 386 1714 628 1777; x_wconf 80' lang='grc' dir='ltr'><strong>Δύσεως,</strong></span> <span class='ocrx_word' id='word_1_88' title='bbox 670 1714 728 1765; x_wconf 81' lang='grc' dir='ltr'><strong>ὃν</strong></span> <span class='ocrx_word' id='word_1_89' title='bbox 751 1712 837 1763; x_wconf 74' lang='grc' dir='ltr'><strong>διὰ</strong></span> <span class='ocrx_word' id='word_1_90' title='bbox 875 1709 935 1762; x_wconf 82' lang='grc' dir='ltr'><strong>τὸ</strong></span> <span class='ocrx_word' id='word_1_91' title='bbox 966 1708 1138 1779; x_wconf 77' lang='grc' dir='ltr'><strong>βραχὺ</strong></span> <span class='ocrx_word' id='word_1_92' title='bbox 1172 1706 1272 1773; x_wconf 83' lang='grc' dir='ltr'><strong>τῆς</strong></span> <span class='ocrx_word' id='word_1_93' title='bbox 1326 1701 1542 1772; x_wconf 74' lang='grc' dir='ltr'><strong>ἡλικίας</strong></span> <span class='ocrx_word' id='word_1_94' title='bbox 1582 1697 1953 1764; x_wconf 79' lang='grc' dir='ltr'><strong>Κοντοστέφα-</strong></span> 
     </span>
    </p>
   </div>
   <div class='ocr_carea' id='block_1_15' title="bbox 384 1786 1945 1872">
    <p class='ocr_par' dir='ltr' id='par_1_15' title="bbox 384 1786 1945 1872">
     <span class='ocr_line' id='line_1_15' title="bbox 384 1786 1945 1872; baseline -0.013 -15"><span class='ocrx_word' id='word_1_95' title='bbox 384 1822 474 1857; x_wconf 83' lang='grc' dir='ltr'><strong>νον</strong></span> <span class='ocrx_word' id='word_1_96' title='bbox 511 1804 621 1872; x_wconf 66' lang='grc'><strong>(44)</strong></span> <span class='ocrx_word' id='word_1_97' title='bbox 664 1800 1039 1867; x_wconf 83' lang='grc' dir='ltr'><strong>ἐπωνόμαζον,</strong></span> <span class='ocrx_word' id='word_1_98' title='bbox 1090 1794 1492 1865; x_wconf 82' lang='grc' dir='ltr'><strong>ἀπεχθέστατος</strong></span> <span class='ocrx_word' id='word_1_99' title='bbox 1530 1790 1603 1843; x_wconf 78' lang='grc' dir='ltr'><strong>ὢν</strong></span> <span class='ocrx_word' id='word_1_100' title='bbox 1638 1788 1825 1843; x_wconf 87' lang='grc' dir='ltr'><strong>Λέοντι</strong></span> <span class='ocrx_word' id='word_1_101' title='bbox 1869 1786 1945 1855; x_wconf 83' lang='grc' dir='ltr'><strong>τῷ</strong></span> 
     </span>
    </p>
   </div>
   <div class='ocr_carea' id='block_1_16' title="bbox 384 1875 1948 1962">
    <p class='ocr_par' dir='ltr' id='par_1_16' title="bbox 384 1875 1948 1962">
     <span class='ocr_line' id='line_1_16' title="bbox 384 1875 1948 1962; baseline -0.013 -15"><span class='ocrx_word' id='word_1_102' title='bbox 384 1892 709 1962; x_wconf 82' lang='grc' dir='ltr'><strong>Μελισσηνῷ</strong></span> <span class='ocrx_word' id='word_1_103' title='bbox 740 1891 988 1960; x_wconf 84' lang='grc' dir='ltr'><strong>πρόσεισι</strong></span> <span class='ocrx_word' id='word_1_104' title='bbox 1041 1887 1233 1949; x_wconf 74' lang='grc' dir='ltr'><strong>νυκτὸς</strong></span> <span class='ocrx_word' id='word_1_105' title='bbox 1266 1885 1364 1956; x_wconf 77' lang='grc' dir='ltr'><strong>ἢδη</strong></span> <span class='ocrx_word' id='word_1_106' title='bbox 1396 1881 1818 1946; x_wconf 76' lang='grc' dir='ltr'><strong>καταλαϐούσης</strong></span> <span class='ocrx_word' id='word_1_107' title='bbox 1873 1875 1948 1945; x_wconf 81' lang='grc' dir='ltr'><strong>τῷ</strong></span> 
     </span>
    </p>
   </div>
   <div class='ocr_carea' id='block_1_17' title="bbox 388 1966 1953 2051">
    <p class='ocr_par' dir='ltr' id='par_1_17' title="bbox 388 1966 1953 2051">
     <span class='ocr_line' id='line_1_17' title="bbox 388 1966 1953 2051; baseline -0.011 -15"><span class='ocrx_word' id='word_1_108' title='bbox 388 1983 614 2051; x_wconf 83' lang='grc' dir='ltr'><strong>βασιλεῖ,</strong></span> <span class='ocrx_word' id='word_1_109' title='bbox 646 1985 738 2035; x_wconf 73' lang='grc' dir='ltr'><strong>καὶ</strong></span> <span class='ocrx_word' id='word_1_110' title='bbox 769 1979 1153 2046; x_wconf 77' lang='grc' dir='ltr'><strong>ἀναζευγνύειν</strong></span> <span class='ocrx_word' id='word_1_111' title='bbox 1180 1977 1254 2037; x_wconf 85' lang='grc' dir='ltr'><strong>ὡς</strong></span> <span class='ocrx_word' id='word_1_112' title='bbox 1272 1976 1498 2042; x_wconf 87' lang='grc' dir='ltr'><strong>τάχιστα</strong></span> <span class='ocrx_word' id='word_1_113' title='bbox 1533 1969 1853 2038; x_wconf 87' lang='grc' dir='ltr'><strong>παρεκάλει,</strong></span> <span class='ocrx_word' id='word_1_114' title='bbox 1887 1966 1953 2019; x_wconf 73' lang='grc' dir='ltr'><strong>τά</strong></span> 
     </span>
    </p>
   </div>
   <div class='ocr_carea' id='block_1_18' title="bbox 385 2058 1955 2139">
    <p class='ocr_par' dir='ltr' id='par_1_18' title="bbox 385 2058 1955 2139">
     <span class='ocr_line' id='line_1_18' title="bbox 385 2058 1955 2139; baseline -0.011 -13"><span class='ocrx_word' id='word_1_115' title='bbox 385 2075 520 2126; x_wconf 79' lang='grc' dir='ltr'><strong>ἀλλα</strong></span> <span class='ocrx_word' id='word_1_116' title='bbox 566 2072 913 2139; x_wconf 75' lang='grc' dir='ltr'><strong>λογιζόμενον</strong></span> <span class='ocrx_word' id='word_1_117' title='bbox 954 2068 1201 2135; x_wconf 82' lang='grc' dir='ltr'><strong>δεύτερα,</strong></span> <span class='ocrx_word' id='word_1_118' title='bbox 1238 2064 1335 2116; x_wconf 73' lang='grc' dir='ltr'><strong>καὶ</strong></span> <span class='ocrx_word' id='word_1_119' title='bbox 1380 2061 1478 2131; x_wconf 82' lang='grc' dir='ltr'><strong>τὴν</strong></span> <span class='ocrx_word' id='word_1_120' title='bbox 1522 2058 1767 2130; x_wconf 75' lang='grc' dir='ltr'><strong>βασιλίδα</strong></span> <span class='ocrx_word' id='word_1_121' title='bbox 1796 2074 1955 2110; x_wconf 84' lang='grc' dir='ltr'><strong>κατα-</strong></span> 
     </span>
    </p>
   </div>
   <div class='ocr_carea' id='block_1_19' title="bbox 378 2150 1956 2225">
    <p class='ocr_par' dir='ltr' id='par_1_19' title="bbox 378 2150 1956 2225">
     <span class='ocr_line' id='line_1_19' title="bbox 378 2150 1956 2225; baseline -0.011 -7"><span class='ocrx_word' id='word_1_122' title='bbox 378 2166 590 2225; x_wconf 61' lang='grc' dir='ltr'><strong>λαϐεῖν,</strong></span> <span class='ocrx_word' id='word_1_123' title='bbox 614 2164 689 2225; x_wconf 85' lang='grc' dir='ltr'><strong>ὡς</strong></span> <span class='ocrx_word' id='word_1_124' title='bbox 708 2161 801 2213; x_wconf 73' lang='grc' dir='ltr'><strong>τοῦ</strong></span> <span class='ocrx_word' id='word_1_125' title='bbox 831 2157 1175 2225; x_wconf 72' lang='grc' dir='ltr'><strong>Μελισσηνοῦ</strong></span> <span class='ocrx_word' id='word_1_126' title='bbox 1205 2154 1684 2223; x_wconf 72' lang='grc' dir='ltr'><strong>ἐποφθαλμιῶντος</strong></span> <span class='ocrx_word' id='word_1_127' title='bbox 1707 2153 1770 2220; x_wconf 79' lang='grc' dir='ltr'><strong>τῇ</strong></span> <span class='ocrx_word' id='word_1_128' title='bbox 1802 2150 1956 2220; x_wconf 83' lang='grc' dir='ltr'><strong>βασι-</strong></span> 
     </span>
    </p>
   </div>
   <div class='ocr_carea' id='block_1_20' title="bbox 384 2241 1954 2323">
    <p class='ocr_par' dir='ltr' id='par_1_20' title="bbox 384 2241 1954 2323">
     <span class='ocr_line' id='line_1_20' title="bbox 384 2241 1954 2323; baseline -0.01 -16"><span class='ocrx_word' id='word_1_129' title='bbox 384 2258 504 2323; x_wconf 69' lang='grc' dir='ltr'><strong>λεία</strong></span> <span class='ocrx_word' id='word_1_130' title='bbox 531 2256 751 2307; x_wconf 75' lang='grc' dir='ltr'><strong>κάκεῖσε</strong></span> <span class='ocrx_word' id='word_1_131' title='bbox 778 2251 1029 2311; x_wconf 77' lang='grc' dir='ltr'><strong>ἀπιόντος</strong></span> <span class='ocrx_word' id='word_1_132' title='bbox 1064 2250 1187 2317; x_wconf 80' lang='grc' dir='ltr'><strong>ἄρτι</strong></span> <span class='ocrx_word' id='word_1_133' title='bbox 1216 2248 1311 2299; x_wconf 72' lang='grc' dir='ltr'><strong>σὺν</strong></span> <span class='ocrx_word' id='word_1_134' title='bbox 1337 2246 1489 2313; x_wconf 88' lang='grc' dir='ltr'><strong>τάχει</strong></span> <span class='ocrx_word' id='word_1_135' title='bbox 1508 2243 1708 2311; x_wconf 83' lang='grc' dir='ltr'><strong>πολλῷ.</strong></span> <span class='ocrx_word' id='word_1_136' title='bbox 1729 2241 1954 2310; x_wconf 86' lang='grc' dir='ltr'><strong>Ἐθρόη-</strong></span> 
     </span>
    </p>
   </div>
   <div class='ocr_carea' id='block_1_21' title="bbox 386 2327 1959 2410">
    <p class='ocr_par' dir='ltr' id='par_1_21' title="bbox 386 2327 1959 2410">
     <span class='ocr_line' id='line_1_21' title="bbox 386 2327 1959 2410; baseline -0.013 -12"><span class='ocrx_word' id='word_1_137' title='bbox 386 2348 524 2398; x_wconf 87' lang='grc' dir='ltr'><strong>σενό</strong></span> <span class='ocrx_word' id='word_1_138' title='bbox 549 2346 705 2410; x_wconf 84' lang='grc' dir='ltr'><strong>λόγος</strong></span> <span class='ocrx_word' id='word_1_139' title='bbox 750 2342 841 2394; x_wconf 66' lang='grc' dir='ltr'><strong>τὸν</strong></span> <span class='ocrx_word' id='word_1_140' title='bbox 871 2338 1114 2409; x_wconf 84' lang='grc' dir='ltr'><strong>βασιλέα,</strong></span> <span class='ocrx_word' id='word_1_141' title='bbox 1150 2338 1239 2389; x_wconf 72' lang='grc' dir='ltr'><strong>καὶ</strong></span> <span class='ocrx_word' id='word_1_142' title='bbox 1271 2332 1546 2401; x_wconf 79' lang='grc' dir='ltr'><strong>ἀναζυγὴν</strong></span> <span class='ocrx_word' id='word_1_143' title='bbox 1582 2330 1785 2390; x_wconf 78' lang='grc' dir='ltr'><strong>εὐθέως</strong></span> <span class='ocrx_word' id='word_1_144' title='bbox 1829 2327 1959 2397; x_wconf 76' lang='grc' dir='ltr'><strong>ἐκήο</strong></span> 
     </span>
    </p>
   </div>
   <div class='ocr_carea' id='block_1_22' title="bbox 386 2416 1958 2503">
    <p class='ocr_par' dir='ltr' id='par_1_22' title="bbox 386 2416 1958 2503">
     <span class='ocr_line' id='line_1_22' title="bbox 386 2416 1958 2503; baseline -0.014 -16"><span class='ocrx_word' id='word_1_145' title='bbox 386 2437 567 2503; x_wconf 69' lang='grc' dir='ltr'><strong>ρυξεν.</strong></span> <span class='ocrx_word' id='word_1_146' title='bbox 616 2434 671 2483; x_wconf 78' lang='lat' dir='ltr'><strong>&#39;(l</strong></span> <span class='ocrx_word' id='word_1_147' title='bbox 702 2432 756 2484; x_wconf 80' lang='grc' dir='ltr'><strong>δέ</strong></span> <span class='ocrx_word' id='word_1_148' title='bbox 796 2428 1047 2497; x_wconf 78' lang='grc' dir='ltr'><strong>Σαμουὴλ</strong></span> <span class='ocrx_word' id='word_1_149' title='bbox 1092 2425 1189 2491; x_wconf 81' lang='grc' dir='ltr'><strong>τὴν</strong></span> <span class='ocrx_word' id='word_1_150' title='bbox 1242 2422 1573 2474; x_wconf 79' lang='grc' dir='ltr'><strong>ἀσύντακτον</strong></span> <span class='ocrx_word' id='word_1_151' title='bbox 1617 2416 1958 2485; x_wconf 78' lang='grc' dir='ltr'><strong>ἀναχώρησιν</strong></span> 
     </span>
    </p>
   </div>
   <div class='ocr_carea' id='block_1_23' title="bbox 384 2505 1957 2590">
    <p class='ocr_par' dir='ltr' id='par_1_23' title="bbox 384 2505 1957 2590">
     <span class='ocr_line' id='line_1_23' title="bbox 384 2505 1957 2590; baseline -0.013 -14"><span class='ocrx_word' id='word_1_152' title='bbox 384 2523 658 2590; x_wconf 46' lang='lat' dir='ltr'><strong>cog-imm;</strong></span> <span class='ocrx_word' id='word_1_153' title='bbox 679 2520 846 2582; x_wconf 66' lang='grc' dir='ltr'><strong>εἰκὸς,</strong></span> <span class='ocrx_word' id='word_1_154' title='bbox 862 2512 998 2569; x_wconf 82' lang='grc' dir='ltr'><strong>εἶναι</strong></span> <span class='ocrx_word' id='word_1_155' title='bbox 1017 2512 1378 2573; x_wconf 82' lang='grc' dir='ltr'><strong>ὑποτοπάσας,</strong></span> <span class='ocrx_word' id='word_1_156' title='bbox 1400 2506 1732 2562; x_wconf 76' lang='grc' dir='ltr'><strong>ἐπεισπεσὼν</strong></span> <span class='ocrx_word' id='word_1_157' title='bbox 1749 2505 1957 2575; x_wconf 85' lang='grc' dir='ltr'><strong>ἀθρόως</strong></span> 
     </span>
    </p>
   </div>
   <div class='ocr_carea' id='block_1_24' title="bbox 388 2600 1959 2681">
    <p class='ocr_par' dir='ltr' id='par_1_24' title="bbox 388 2600 1959 2681">
     <span class='ocr_line' id='line_1_24' title="bbox 388 2600 1959 2681; baseline -0.012 -17"><span class='ocrx_word' id='word_1_158' title='bbox 388 2617 505 2681; x_wconf 81' lang='grc' dir='ltr'><strong>μετ’</strong></span> <span class='ocrx_word' id='word_1_159' title='bbox 529 2610 845 2681; x_wconf 80' lang='grc' dir='ltr'><strong>ἀλαλαγμοῦ</strong></span> <span class='ocrx_word' id='word_1_160' title='bbox 885 2610 978 2663; x_wconf 70' lang='grc' dir='ltr'><strong>καὶ</strong></span> <span class='ocrx_word' id='word_1_161' title='bbox 1020 2606 1148 2676; x_wconf 78' lang='grc' dir='ltr'><strong>βοῆς</strong></span> <span class='ocrx_word' id='word_1_162' title='bbox 1204 2604 1327 2664; x_wconf 87' lang='grc' dir='ltr'><strong>τούς</strong></span> <span class='ocrx_word' id='word_1_163' title='bbox 1378 2619 1435 2653; x_wconf 84' lang='grc' dir='ltr'><strong>τε</strong></span> <span class='ocrx_word' id='word_1_164' title='bbox 1478 2600 1780 2669; x_wconf 83' lang='grc' dir='ltr'><strong>Ῥωμαίους</strong></span> <span class='ocrx_word' id='word_1_165' title='bbox 1836 2613 1959 2648; x_wconf 85' lang='grc' dir='ltr'><strong>κατ-</strong></span> 
     </span>
    </p>
   </div>
   <div class='ocr_carea' id='block_1_25' title="bbox 385 2686 1956 2775">
    <p class='ocr_par' dir='ltr' id='par_1_25' title="bbox 385 2686 1956 2775">
     <span class='ocr_line' id='line_1_25' title="bbox 385 2686 1956 2775; baseline -0.012 -19"><span class='ocrx_word' id='word_1_166' title='bbox 385 2705 585 2775; x_wconf 75' lang='grc' dir='ltr'><strong>έπληξε</strong></span> <span class='ocrx_word' id='word_1_167' title='bbox 626 2704 721 2756; x_wconf 72' lang='grc' dir='ltr'><strong>καὶ</strong></span> <span class='ocrx_word' id='word_1_168' title='bbox 756 2701 946 2770; x_wconf 76' lang='grc' dir='ltr'><strong>φυγεῖν</strong></span> <span class='ocrx_word' id='word_1_169' title='bbox 986 2698 1284 2765; x_wconf 73' lang='grc' dir='ltr'><strong>ἠνάγκασε,</strong></span> <span class='ocrx_word' id='word_1_170' title='bbox 1340 2691 1429 2743; x_wconf 70' lang='grc' dir='ltr'><strong>καὶ</strong></span> <span class='ocrx_word' id='word_1_171' title='bbox 1488 2688 1549 2739; x_wconf 81' lang='grc' dir='ltr'><strong>τὸ</strong></span> <span class='ocrx_word' id='word_1_172' title='bbox 1600 2686 1956 2756; x_wconf 74' lang='grc' dir='ltr'><strong>στρατόπεδον</strong></span> 
     </span>
    </p>
   </div>
   <div class='ocr_carea' id='block_1_26' title="bbox 385 2776 1955 2862">
    <p class='ocr_par' dir='ltr' id='par_1_26' title="bbox 385 2776 1955 2862">
     <span class='ocr_line' id='line_1_26' title="bbox 385 2776 1955 2862; baseline -0.012 -14"><span class='ocrx_word' id='word_1_173' title='bbox 385 2796 642 2862; x_wconf 81' lang='grc' dir='ltr'><strong>κατέσχε,</strong></span> <span class='ocrx_word' id='word_1_174' title='bbox 668 2793 758 2845; x_wconf 76' lang='grc' dir='ltr'><strong>καὶ</strong></span> <span class='ocrx_word' id='word_1_175' title='bbox 786 2789 885 2859; x_wconf 78' lang='grc' dir='ltr'><strong>τῆς</strong></span> <span class='ocrx_word' id='word_1_176' title='bbox 928 2788 1239 2852; x_wconf 79' lang='grc' dir='ltr'><strong>ἀποσκευῆς</strong></span> <span class='ocrx_word' id='word_1_177' title='bbox 1272 2780 1489 2851; x_wconf 83' lang='grc' dir='ltr'><strong>ἀπάσης</strong></span> <span class='ocrx_word' id='word_1_178' title='bbox 1522 2778 1737 2844; x_wconf 78' lang='grc' dir='ltr'><strong>ἐγένετο</strong></span> <span class='ocrx_word' id='word_1_179' title='bbox 1767 2776 1955 2846; x_wconf 85' lang='grc' dir='ltr'><strong>κύριος</strong></span> 
     </span>
    </p>
   </div>
   <div class='ocr_carea' id='block_1_27' title="bbox 392 2864 1955 2950">
    <p class='ocr_par' dir='ltr' id='par_1_27' title="bbox 392 2864 1955 2950">
     <span class='ocr_line' id='line_1_27' title="bbox 392 2864 1955 2950; baseline -0.013 -12"><span class='ocrx_word' id='word_1_180' title='bbox 392 2885 485 2937; x_wconf 72' lang='grc' dir='ltr'><strong>καὶ</strong></span> <span class='ocrx_word' id='word_1_181' title='bbox 514 2883 680 2950; x_wconf 79' lang='grc' dir='ltr'><strong>αὐτῆς</strong></span> <span class='ocrx_word' id='word_1_182' title='bbox 710 2881 809 2950; x_wconf 80' lang='grc' dir='ltr'><strong>τῆς</strong></span> <span class='ocrx_word' id='word_1_183' title='bbox 836 2876 1116 2947; x_wconf 79' lang='grc' dir='ltr'><strong>βασιλικῆς</strong></span> <span class='ocrx_word' id='word_1_184' title='bbox 1164 2871 1366 2940; x_wconf 76' lang='grc' dir='ltr'><strong>σκηνῆς</strong></span> <span class='ocrx_word' id='word_1_185' title='bbox 1398 2868 1489 2921; x_wconf 75' lang='grc' dir='ltr'><strong>καὶ</strong></span> <span class='ocrx_word' id='word_1_186' title='bbox 1523 2865 1629 2918; x_wconf 90' lang='grc' dir='ltr'><strong>τῶν</strong></span> <span class='ocrx_word' id='word_1_187' title='bbox 1663 2864 1955 2933; x_wconf 82' lang='grc' dir='ltr'><strong>βασιλικῶν</strong></span> 
     </span>
    </p>
   </div>
   <div class='ocr_carea' id='block_1_28' title="bbox 388 2955 1955 3043">
    <p class='ocr_par' dir='ltr' id='par_1_28' title="bbox 388 2955 1955 3043">
     <span class='ocr_line' id='line_1_28' title="bbox 388 2955 1955 3043; baseline -0.011 -15"><span class='ocrx_word' id='word_1_188' title='bbox 388 2976 756 3043; x_wconf 79' lang='grc' dir='ltr'><strong>παρασήμων.</strong></span> <span class='ocrx_word' id='word_1_189' title='bbox 802 2968 972 3031; x_wconf 82' lang='grc' dir='ltr'><strong>Μόλις</strong></span> <span class='ocrx_word' id='word_1_190' title='bbox 995 2966 1051 3019; x_wconf 80' lang='grc' dir='ltr'><strong>δὲ</strong></span> <span class='ocrx_word' id='word_1_191' title='bbox 1083 2967 1110 3016; x_wconf 88' lang='grc' dir='ltr'><strong>ό</strong></span> <span class='ocrx_word' id='word_1_192' title='bbox 1141 2961 1391 3032; x_wconf 83' lang='grc' dir='ltr'><strong>βασιλεὺς</strong></span> <span class='ocrx_word' id='word_1_193' title='bbox 1445 2956 1513 3010; x_wconf 74' lang='grc' dir='ltr'><strong>τὰ</strong></span> <span class='ocrx_word' id='word_1_194' title='bbox 1553 2956 1712 3009; x_wconf 74' lang='grc' dir='ltr'><strong>στενά</strong></span> <span class='ocrx_word' id='word_1_195' title='bbox 1735 2955 1955 3010; x_wconf 84' lang='grc' dir='ltr'><strong>διελθὼν</strong></span> 
     </span>
    </p>
   </div>
   <div class='ocr_carea' id='block_1_29' title="bbox 388 3044 1954 3129">
    <p class='ocr_par' dir='ltr' id='par_1_29' title="bbox 388 3044 1954 3129">
     <span class='ocr_line' id='line_1_29' title="bbox 388 3044 1954 3129; baseline -0.012 -11"><span class='ocrx_word' id='word_1_196' title='bbox 388 3070 468 3129; x_wconf 84' lang='grc' dir='ltr'><strong>εἰς</strong></span> <span class='ocrx_word' id='word_1_197' title='bbox 515 3060 941 3116; x_wconf 79' lang='grc' dir='ltr'><strong>Φιλιππούπολιν</strong></span> <span class='ocrx_word' id='word_1_198' title='bbox 980 3054 1307 3117; x_wconf 79' lang='grc' dir='ltr'><strong>διασώζεται</strong></span> <span class='ocrx_word' id='word_1_199' title='bbox 1330 3068 1343 3081; x_wconf 88' lang='grc'><strong>·</strong></span> <span class='ocrx_word' id='word_1_200' title='bbox 1372 3050 1457 3121; x_wconf 67' lang='grc' dir='ltr'><strong>[Ρ.</strong></span> <span class='ocrx_word' id='word_1_201' title='bbox 1492 3047 1621 3118; x_wconf 76' lang='grc'><strong>696]</strong></span> <span class='ocrx_word' id='word_1_202' title='bbox 1651 3051 1706 3100; x_wconf 85' lang='grc' dir='ltr'><strong>ὲν</strong></span> <span class='ocrx_word' id='word_1_203' title='bbox 1800 3048 1954 3115; x_wconf 85' lang='grc' dir='ltr'><strong>γενό-</strong></span> 
     </span>
    </p>
   </div>
   <div class='ocr_carea' id='block_1_30' title="bbox 1440 385 2528 460">
    <p class='ocr_par' dir='ltr' id='par_1_30' title="bbox 1440 385 2528 460">
     <span class='ocr_line' id='line_1_30' title="bbox 1440 385 2528 460; baseline -0.012 0"><span class='ocrx_word' id='word_1_204' title='bbox 1440 392 1974 460; x_wconf 76' lang='lat' dir='ltr'><strong>IIISTORIARUM</strong></span> <span class='ocrx_word' id='word_1_205' title='bbox 2006 385 2528 450; x_wconf 70' lang='lat' dir='ltr'><strong>COMPENDIUM.</strong></span> 
     </span>
    </p>
   </div>
   <div class='ocr_carea' id='block_1_31' title="bbox 532 496 2273 611">
    <p class='ocr_par' dir='ltr' id='par_1_31' title="bbox 532 505 2273 611">
     <span class='ocr_line' id='line_1_31' title="bbox 532 505 2273 611; baseline -0.024 -16"><span class='ocrx_word' id='word_1_206' title='bbox 532 539 679 611; x_wconf 81' lang='grc' dir='ltr'><strong>παρά</strong></span> <span class='ocrx_word' id='word_1_207' title='bbox 730 538 792 604; x_wconf 79' lang='grc' dir='ltr'><strong>τῆ</strong></span> <span class='ocrx_word' id='word_1_208' title='bbox 842 531 1067 599; x_wconf 61' lang='grc' dir='ltr'><strong>Ῥοδόπη</strong></span> <span class='ocrx_word' id='word_1_209' title='bbox 1121 525 1215 579; x_wconf 69' lang='grc' dir='ltr'><strong>καὶ</strong></span> <span class='ocrx_word' id='word_1_210' title='bbox 1252 521 1325 590; x_wconf 70' lang='grc' dir='ltr'><strong>τῷ</strong></span> <span class='ocrx_word' id='word_1_211' title='bbox 1363 516 1589 586; x_wconf 74' lang='grc' dir='ltr'><strong>ποταμῷ</strong></span> <span class='ocrx_word' id='word_1_212' title='bbox 1623 512 1827 579; x_wconf 73' lang='grc' dir='ltr'><strong>’Έερ‹;·,</strong></span> <span class='ocrx_word' id='word_1_213' title='bbox 1863 510 1949 561; x_wconf 63' lang='grc' dir='ltr'><strong>τὸν</strong></span> <span class='ocrx_word' id='word_1_214' title='bbox 1980 510 2021 564; x_wconf 74' lang='grc' dir='ltr'><strong>Λ</strong></span> <span class='ocrx_word' id='word_1_215' title='bbox 2057 505 2273 575; x_wconf 56' lang='lat' dir='ltr'><strong>ingressi</strong></span> 
     </span>
    </p>
   </div>
   <div class='ocr_carea' id='block_1_32' title="bbox 1877 496 3618 611">
    <p class='ocr_par' dir='ltr' id='par_1_32' title="bbox 1877 496 3618 575">
     <span class='ocr_line' id='line_1_32' title="bbox 1877 496 3618 575; baseline -0.002 -15"><span class='ocrx_word' id='word_1_216' title='bbox 1877 510 1949 561; x_wconf 63' lang='grc' dir='ltr'><strong>τὸν</strong></span> <span class='ocrx_word' id='word_1_217' title='bbox 1980 510 2021 564; x_wconf 75' lang='grc' dir='ltr'><strong>Λ</strong></span> <span class='ocrx_word' id='word_1_218' title='bbox 2057 505 2354 575; x_wconf 65' lang='lat' dir='ltr'><strong>ingressus,</strong></span> <span class='ocrx_word' id='word_1_219' title='bbox 2386 501 2700 571; x_wconf 84' lang='lat' dir='ltr'><strong>magistrum</strong></span> <span class='ocrx_word' id='word_1_220' title='bbox 2738 497 2968 553; x_wconf 85' lang='lat' dir='ltr'><strong>Leonem</strong></span> <span class='ocrx_word' id='word_1_221' title='bbox 3016 496 3360 554; x_wconf 81' lang='lat' dir='ltr'><strong>Melissenum</strong></span> <span class='ocrx_word' id='word_1_222' title='bbox 3409 512 3437 552; x_wconf 90' lang='lat' dir='ltr'><strong>a</strong></span> <span class='ocrx_word' id='word_1_223' title='bbox 3470 508 3618 570; x_wconf 69' lang='lat' dir='ltr'><strong>tergo</strong></span> 
     </span>
    </p>
   </div>
   <div class='ocr_carea' id='block_1_33' title="bbox 3516 379 3618 444">
    <p class='ocr_par' dir='ltr' id='par_1_33' title="bbox 3516 379 3618 444">
     <span class='ocr_line' id='line_1_33' title="bbox 3516 379 3618 444; baseline 0 0"><span class='ocrx_word' id='word_1_224' title='bbox 3516 379 3618 444; x_wconf 85' lang='lat'><strong>170</strong></span> 
     </span>
    </p>
   </div>
   <div class='ocr_carea' id='block_1_34' title="bbox 2052 591 3621 664">
    <p class='ocr_par' dir='ltr' id='par_1_34' title="bbox 2052 591 3621 664">
     <span class='ocr_line' id='line_1_34' title="bbox 2052 591 3621 664; baseline -0.003 -14"><span class='ocrx_word' id='word_1_225' title='bbox 2052 595 2329 663; x_wconf 89' lang='lat' dir='ltr'><strong>relinquit,</strong></span> <span class='ocrx_word' id='word_1_226' title='bbox 2362 594 2449 662; x_wconf 89' lang='lat' dir='ltr'><strong>qni</strong></span> <span class='ocrx_word' id='word_1_227' title='bbox 2493 591 2766 664; x_wconf 79' lang='lat' dir='ltr'><strong>angustias</strong></span> <span class='ocrx_word' id='word_1_228' title='bbox 2816 592 3148 647; x_wconf 89' lang='lat' dir='ltr'><strong>custodiret:</strong></span> <span class='ocrx_word' id='word_1_229' title='bbox 3202 592 3316 663; x_wconf 89' lang='lat' dir='ltr'><strong>ipse</strong></span> <span class='ocrx_word' id='word_1_230' title='bbox 3374 591 3621 646; x_wconf 80' lang='lat' dir='ltr'><strong>faucibus</strong></span> 
     </span>
    </p>
   </div>
   <div class='ocr_carea' id='block_1_35' title="bbox 2052 681 3621 753">
    <p class='ocr_par' dir='ltr' id='par_1_35' title="bbox 2052 681 3621 753">
     <span class='ocr_line' id='line_1_35' title="bbox 2052 681 3621 753; baseline -0.004 -12"><span class='ocrx_word' id='word_1_231' title='bbox 2052 697 2107 741; x_wconf 92' lang='lat' dir='ltr'><strong>et</strong></span> <span class='ocrx_word' id='word_1_232' title='bbox 2129 686 2407 753; x_wconf 67' lang='lat' dir='ltr'><strong>silvisque:</strong></span> <span class='ocrx_word' id='word_1_233' title='bbox 2434 694 2558 739; x_wconf 90' lang='lat' dir='ltr'><strong>sunt</strong></span> <span class='ocrx_word' id='word_1_234' title='bbox 2593 683 2657 737; x_wconf 90' lang='lat' dir='ltr'><strong>ad</strong></span> <span class='ocrx_word' id='word_1_235' title='bbox 2688 682 3011 735; x_wconf 82' lang='lat' dir='ltr'><strong>Triaditzam</strong></span> <span class='ocrx_word' id='word_1_236' title='bbox 3044 682 3193 752; x_wconf 92' lang='lat' dir='ltr'><strong>(olim</strong></span> <span class='ocrx_word' id='word_1_237' title='bbox 3250 682 3365 737; x_wconf 59' lang='lat' dir='ltr'><strong>hac</strong></span> <span class='ocrx_word' id='word_1_238' title='bbox 3398 681 3621 737; x_wconf 87' lang='lat' dir='ltr'><strong>Sardica</strong></span> 
     </span>
    </p>
   </div>
   <div class='ocr_carea' id='block_1_36' title="bbox 2054 773 3621 847">
    <p class='ocr_par' dir='ltr' id='par_1_36' title="bbox 2054 773 3621 847">
     <span class='ocr_line' id='line_1_36' title="bbox 2054 773 3621 847; baseline -0.004 -14"><span class='ocrx_word' id='word_1_239' title='bbox 2054 778 2350 845; x_wconf 81' lang='lat' dir='ltr'><strong>dicebatur)</strong></span> <span class='ocrx_word' id='word_1_240' title='bbox 2376 776 2691 847; x_wconf 83' lang='lat' dir='ltr'><strong>peragratis,</strong></span> <span class='ocrx_word' id='word_1_241' title='bbox 2719 776 2913 829; x_wconf 81' lang='lat' dir='ltr'><strong>inloco</strong></span> <span class='ocrx_word' id='word_1_242' title='bbox 2946 774 3032 829; x_wconf 92' lang='lat' dir='ltr'><strong>cui</strong></span> <span class='ocrx_word' id='word_1_243' title='bbox 3084 773 3345 843; x_wconf 88' lang='lat' dir='ltr'><strong>Stoponio</strong></span> <span class='ocrx_word' id='word_1_244' title='bbox 3397 790 3621 835; x_wconf 86' lang='lat' dir='ltr'><strong>nomen.</strong></span> 
     </span>
    </p>
   </div>
   <div class='ocr_carea' id='block_1_37' title="bbox 2055 865 3619 941">
    <p class='ocr_par' dir='ltr' id='par_1_37' title="bbox 2055 865 3619 941">
     <span class='ocr_line' id='line_1_37' title="bbox 2055 865 3619 941; baseline -0.004 -15"><span class='ocrx_word' id='word_1_245' title='bbox 2055 880 2226 926; x_wconf 80' lang='lat' dir='ltr'><strong>castra</strong></span> <span class='ocrx_word' id='word_1_246' title='bbox 2248 872 2416 941; x_wconf 84' lang='lat' dir='ltr'><strong>ponit,</strong></span> <span class='ocrx_word' id='word_1_247' title='bbox 2459 870 2640 937; x_wconf 87' lang='lat' dir='ltr'><strong>ibique</strong></span> <span class='ocrx_word' id='word_1_248' title='bbox 2669 870 2734 923; x_wconf 91' lang='lat' dir='ltr'><strong>de</strong></span> <span class='ocrx_word' id='word_1_249' title='bbox 2767 866 3127 938; x_wconf 79' lang='lat' dir='ltr'><strong>Oppugnanda</strong></span> <span class='ocrx_word' id='word_1_250' title='bbox 3171 865 3389 921; x_wconf 84' lang='lat' dir='ltr'><strong>Sardica</strong></span> <span class='ocrx_word' id='word_1_251' title='bbox 3420 867 3619 938; x_wconf 79' lang='lat' dir='ltr'><strong>cogita-</strong></span> 
     </span>
    </p>
   </div>
   <div class='ocr_carea' id='block_1_38' title="bbox 2056 958 3619 1030">
    <p class='ocr_par' dir='ltr' id='par_1_38' title="bbox 2056 958 3619 1030">
     <span class='ocr_line' id='line_1_38' title="bbox 2056 958 3619 1030; baseline -0.004 -12"><span class='ocrx_word' id='word_1_252' title='bbox 2056 966 2230 1018; x_wconf 91' lang='lat' dir='ltr'><strong>tiones</strong></span> <span class='ocrx_word' id='word_1_253' title='bbox 2256 962 2505 1017; x_wconf 81' lang='lat' dir='ltr'><strong>instituit.</strong></span> <span class='ocrx_word' id='word_1_254' title='bbox 2544 961 2878 1014; x_wconf 85' lang='lat' dir='ltr'><strong>Audiebatur</strong></span> <span class='ocrx_word' id='word_1_255' title='bbox 2902 960 3067 1014; x_wconf 90' lang='lat' dir='ltr'><strong>etiam</strong></span> <span class='ocrx_word' id='word_1_256' title='bbox 3092 958 3253 1030; x_wconf 54' lang='lat'><strong>537</strong></span> <span class='ocrx_word' id='word_1_257' title='bbox 3308 960 3619 1013; x_wconf 83' lang='lat' dir='ltr'><strong>Samnelum</strong></span> 
     </span>
    </p>
   </div>
   <div class='ocr_carea' id='block_1_39' title="bbox 2055 1051 3622 1121">
    <p class='ocr_par' dir='ltr' id='par_1_39' title="bbox 2055 1051 3622 1121">
     <span class='ocr_line' id='line_1_39' title="bbox 2055 1051 3622 1121; baseline -0.001 -14"><span class='ocrx_word' id='word_1_258' title='bbox 2055 1063 2265 1108; x_wconf 83' lang='lat' dir='ltr'><strong>montes</strong></span> <span class='ocrx_word' id='word_1_259' title='bbox 2294 1053 2385 1121; x_wconf 90' lang='lat' dir='ltr'><strong>qui</strong></span> <span class='ocrx_word' id='word_1_260' title='bbox 2422 1051 2809 1120; x_wconf 87' lang='lat' dir='ltr'><strong>circumjacent</strong></span> <span class='ocrx_word' id='word_1_261' title='bbox 2842 1060 3046 1115; x_wconf 88' lang='lat' dir='ltr'><strong>tenere,</strong></span> <span class='ocrx_word' id='word_1_262' title='bbox 3081 1051 3149 1105; x_wconf 92' lang='lat' dir='ltr'><strong>ab</strong></span> <span class='ocrx_word' id='word_1_263' title='bbox 3200 1059 3389 1119; x_wconf 86' lang='lat' dir='ltr'><strong>aperto</strong></span> <span class='ocrx_word' id='word_1_264' title='bbox 3437 1052 3622 1119; x_wconf 69' lang='lat' dir='ltr'><strong>prazlio</strong></span> 
     </span>
    </p>
   </div>
   <div class='ocr_carea' id='block_1_40' title="bbox 2054 1142 3623 1212">
    <p class='ocr_par' dir='ltr' id='par_1_40' title="bbox 2054 1142 3623 1212">
     <span class='ocr_line' id='line_1_40' title="bbox 2054 1142 3623 1212; baseline -0.003 -12"><span class='ocrx_word' id='word_1_265' title='bbox 2054 1158 2201 1200; x_wconf 89' lang='lat' dir='ltr'><strong>metu</strong></span> <span class='ocrx_word' id='word_1_266' title='bbox 2247 1144 2656 1206; x_wconf 84' lang='lat' dir='ltr'><strong>abhorrentem,</strong></span> <span class='ocrx_word' id='word_1_267' title='bbox 2692 1154 2746 1197; x_wconf 91' lang='lat' dir='ltr'><strong>et</strong></span> <span class='ocrx_word' id='word_1_268' title='bbox 2772 1144 3005 1212; x_wconf 78' lang='lat' dir='ltr'><strong>undique</strong></span> <span class='ocrx_word' id='word_1_269' title='bbox 3038 1143 3258 1197; x_wconf 85' lang='lat' dir='ltr'><strong>insidias</strong></span> <span class='ocrx_word' id='word_1_270' title='bbox 3321 1142 3495 1197; x_wconf 88' lang='lat' dir='ltr'><strong>hostis</strong></span> <span class='ocrx_word' id='word_1_271' title='bbox 3534 1142 3623 1195; x_wconf 80' lang='lat' dir='ltr'><strong>Lc-</strong></span> 
     </span>
    </p>
   </div>
   <div class='ocr_carea' id='block_1_41' title="bbox 2056 1234 3621 1292">
    <p class='ocr_par' dir='ltr' id='par_1_41' title="bbox 2056 1234 3621 1292">
     <span class='ocr_line' id='line_1_41' title="bbox 2056 1234 3621 1292; baseline -0.003 0"><span class='ocrx_word' id='word_1_272' title='bbox 2056 1235 2219 1292; x_wconf 89' lang='lat' dir='ltr'><strong>dendi</strong></span> <span class='ocrx_word' id='word_1_273' title='bbox 2249 1250 2410 1290; x_wconf 89' lang='lat' dir='ltr'><strong>causa</strong></span> <span class='ocrx_word' id='word_1_274' title='bbox 2439 1236 2775 1290; x_wconf 85' lang='lat' dir='ltr'><strong>tendentem.</strong></span> <span class='ocrx_word' id='word_1_275' title='bbox 2805 1234 2940 1287; x_wconf 87' lang='lat' dir='ltr'><strong>Dum</strong></span> <span class='ocrx_word' id='word_1_276' title='bbox 2980 1234 3065 1287; x_wconf 93' lang='lat' dir='ltr'><strong>his</strong></span> <span class='ocrx_word' id='word_1_277' title='bbox 3096 1234 3340 1289; x_wconf 89' lang='lat' dir='ltr'><strong>intentus</strong></span> <span class='ocrx_word' id='word_1_278' title='bbox 3388 1242 3471 1289; x_wconf 91' lang='lat' dir='ltr'><strong>est</strong></span> <span class='ocrx_word' id='word_1_279' title='bbox 3515 1234 3621 1288; x_wconf 89' lang='lat' dir='ltr'><strong>im-</strong></span> 
     </span>
    </p>
   </div>
   <div class='ocr_carea' id='block_1_42' title="bbox 2055 1324 3625 1395">
    <p class='ocr_par' dir='ltr' id='par_1_42' title="bbox 2055 1324 3625 1395">
     <span class='ocr_line' id='line_1_42' title="bbox 2055 1324 3625 1395; baseline 0.001 -16"><span class='ocrx_word' id='word_1_280' title='bbox 2055 1338 2295 1395; x_wconf 84' lang='lat' dir='ltr'><strong>perator,</strong></span> <span class='ocrx_word' id='word_1_281' title='bbox 2318 1324 2629 1395; x_wconf 78' lang='lat' dir='ltr'><strong>Stephanus</strong></span> <span class='ocrx_word' id='word_1_282' title='bbox 2659 1326 2969 1380; x_wconf 80' lang='lat' dir='ltr'><strong>scholarum</strong></span> <span class='ocrx_word' id='word_1_283' title='bbox 3001 1324 3415 1379; x_wconf 82' lang='lat' dir='ltr'><strong>occidentalium</strong></span> <span class='ocrx_word' id='word_1_284' title='bbox 3436 1326 3625 1381; x_wconf 81' lang='lat' dir='ltr'><strong>dome-</strong></span> 
     </span>
    </p>
   </div>
   <div class='ocr_carea' id='block_1_43' title="bbox 2057 1412 3625 1484">
    <p class='ocr_par' dir='ltr' id='par_1_43' title="bbox 2057 1412 3625 1484">
     <span class='ocr_line' id='line_1_43' title="bbox 2057 1412 3625 1484; baseline 0 -15"><span class='ocrx_word' id='word_1_285' title='bbox 2057 1414 2247 1479; x_wconf 89' lang='lat' dir='ltr'><strong>sticus,</strong></span> <span class='ocrx_word' id='word_1_286' title='bbox 2276 1430 2435 1484; x_wconf 86' lang='lat' dir='ltr'><strong>quem</strong></span> <span class='ocrx_word' id='word_1_287' title='bbox 2466 1416 2535 1468; x_wconf 91' lang='lat' dir='ltr'><strong>ob</strong></span> <span class='ocrx_word' id='word_1_288' title='bbox 2555 1423 2773 1469; x_wconf 68' lang='lat' dir='ltr'><strong>statura:</strong></span> <span class='ocrx_word' id='word_1_289' title='bbox 2813 1414 3177 1469; x_wconf 83' lang='lat' dir='ltr'><strong>humilitatem</strong></span> <span class='ocrx_word' id='word_1_290' title='bbox 3226 1412 3625 1484; x_wconf 87' lang='lat' dir='ltr'><strong>Contostepha-</strong></span> 
     </span>
    </p>
   </div>
   <div class='ocr_carea' id='block_1_44' title="bbox 2058 1505 3622 1576">
    <p class='ocr_par' dir='ltr' id='par_1_44' title="bbox 2058 1505 3622 1576">
     <span class='ocr_line' id='line_1_44' title="bbox 2058 1505 3622 1576; baseline 0.001 -17"><span class='ocrx_word' id='word_1_291' title='bbox 2058 1522 2186 1560; x_wconf 88' lang='lat' dir='ltr'><strong>num</strong></span> <span class='ocrx_word' id='word_1_292' title='bbox 2227 1506 2591 1576; x_wconf 77' lang='lat' dir='ltr'><strong>appellabant,</strong></span> <span class='ocrx_word' id='word_1_293' title='bbox 2641 1505 2807 1560; x_wconf 88' lang='lat' dir='ltr'><strong>Leoni</strong></span> <span class='ocrx_word' id='word_1_294' title='bbox 2864 1505 3150 1561; x_wconf 77' lang='lat' dir='ltr'><strong>Melisseno</strong></span> <span class='ocrx_word' id='word_1_295' title='bbox 3196 1506 3622 1571; x_wconf 86' lang='lat' dir='ltr'><strong>inimicissimus,</strong></span> 
     </span>
    </p>
   </div>
   <div class='ocr_carea' id='block_1_45' title="bbox 2060 1599 3625 1669">
    <p class='ocr_par' dir='ltr' id='par_1_45' title="bbox 2060 1599 3625 1669">
     <span class='ocr_line' id='line_1_45' title="bbox 2060 1599 3625 1669; baseline 0.001 -17"><span class='ocrx_word' id='word_1_296' title='bbox 2060 1608 2218 1653; x_wconf 88' lang='lat' dir='ltr'><strong>nocte</strong></span> <span class='ocrx_word' id='word_1_297' title='bbox 2250 1613 2305 1652; x_wconf 83' lang='lat' dir='ltr'><strong>se</strong></span> <span class='ocrx_word' id='word_1_298' title='bbox 2336 1599 2445 1667; x_wconf 90' lang='lat' dir='ltr'><strong>jam</strong></span> <span class='ocrx_word' id='word_1_299' title='bbox 2479 1600 2795 1654; x_wconf 86' lang='lat' dir='ltr'><strong>intendente</strong></span> <span class='ocrx_word' id='word_1_300' title='bbox 2824 1600 3209 1669; x_wconf 78' lang='lat' dir='ltr'><strong>imperatorem</strong></span> <span class='ocrx_word' id='word_1_301' title='bbox 3272 1599 3404 1666; x_wconf 90' lang='lat' dir='ltr'><strong>adit,</strong></span> <span class='ocrx_word' id='word_1_302' title='bbox 3436 1601 3625 1654; x_wconf 83' lang='lat' dir='ltr'><strong>horta-</strong></span> 
     </span>
    </p>
   </div>
   <div class='ocr_carea' id='block_1_46' title="bbox 2058 1690 3625 1759">
    <p class='ocr_par' dir='ltr' id='par_1_46' title="bbox 2058 1690 3625 1759">
     <span class='ocr_line' id='line_1_46' title="bbox 2058 1690 3625 1759; baseline 0.002 -16"><span class='ocrx_word' id='word_1_303' title='bbox 2058 1701 2253 1759; x_wconf 89' lang='lat' dir='ltr'><strong>turque</strong></span> <span class='ocrx_word' id='word_1_304' title='bbox 2288 1699 2362 1755; x_wconf 89' lang='lat' dir='ltr'><strong>ut,</strong></span> <span class='ocrx_word' id='word_1_305' title='bbox 2390 1691 2639 1744; x_wconf 88' lang='lat' dir='ltr'><strong>omnibus</strong></span> <span class='ocrx_word' id='word_1_306' title='bbox 2668 1691 2831 1745; x_wconf 90' lang='lat' dir='ltr'><strong>rebus</strong></span> <span class='ocrx_word' id='word_1_307' title='bbox 2854 1690 3199 1759; x_wconf 87' lang='lat' dir='ltr'><strong>posthabitis,</strong></span> <span class='ocrx_word' id='word_1_308' title='bbox 3228 1692 3389 1745; x_wconf 87' lang='lat' dir='ltr'><strong>motis</strong></span> <span class='ocrx_word' id='word_1_309' title='bbox 3432 1691 3625 1747; x_wconf 88' lang='lat' dir='ltr'><strong>castris</strong></span> 
     </span>
    </p>
   </div>
   <div class='ocr_carea' id='block_1_47' title="bbox 2057 1781 3624 1853">
    <p class='ocr_par' dir='ltr' id='par_1_47' title="bbox 2057 1781 3624 1853">
     <span class='ocr_line' id='line_1_47' title="bbox 2057 1781 3624 1853; baseline 0 -17"><span class='ocrx_word' id='word_1_310' title='bbox 2057 1781 2247 1851; x_wconf 84' lang='lat' dir='ltr'><strong>Cpolin</strong></span> <span class='ocrx_word' id='word_1_311' title='bbox 2291 1793 2527 1836; x_wconf 87' lang='lat' dir='ltr'><strong>recurrat</strong></span> <span class='ocrx_word' id='word_1_312' title='bbox 2556 1802 2566 1835; x_wconf 92' lang='lat'><strong>:</strong></span> <span class='ocrx_word' id='word_1_313' title='bbox 2596 1782 2940 1836; x_wconf 83' lang='lat' dir='ltr'><strong>Melissenum</strong></span> <span class='ocrx_word' id='word_1_314' title='bbox 2968 1786 3109 1837; x_wconf 84' lang='lat' dir='ltr'><strong>enim</strong></span> <span class='ocrx_word' id='word_1_315' title='bbox 3133 1784 3347 1837; x_wconf 86' lang='lat' dir='ltr'><strong>inhiare</strong></span> <span class='ocrx_word' id='word_1_316' title='bbox 3373 1784 3624 1853; x_wconf 87' lang='lat' dir='ltr'><strong>imperio.</strong></span> 
     </span>
    </p>
   </div>
   <div class='ocr_carea' id='block_1_48' title="bbox 2060 1872 3625 1943">
    <p class='ocr_par' dir='ltr' id='par_1_48' title="bbox 2060 1872 3625 1943">
     <span class='ocr_line' id='line_1_48' title="bbox 2060 1872 3625 1943; baseline 0.001 -17"><span class='ocrx_word' id='word_1_317' title='bbox 2060 1884 2111 1927; x_wconf 88' lang='lat' dir='ltr'><strong>et</strong></span> <span class='ocrx_word' id='word_1_318' title='bbox 2138 1874 2204 1926; x_wconf 91' lang='lat' dir='ltr'><strong>ad</strong></span> <span class='ocrx_word' id='word_1_319' title='bbox 2238 1874 2421 1927; x_wconf 89' lang='lat' dir='ltr'><strong>urbem</strong></span> <span class='ocrx_word' id='word_1_320' title='bbox 2451 1889 2657 1929; x_wconf 88' lang='lat' dir='ltr'><strong>summa</strong></span> <span class='ocrx_word' id='word_1_321' title='bbox 2689 1874 2961 1928; x_wconf 86' lang='lat' dir='ltr'><strong>celeritate</strong></span> <span class='ocrx_word' id='word_1_322' title='bbox 3000 1873 3288 1943; x_wconf 87' lang='lat' dir='ltr'><strong>proficisci.</strong></span> <span class='ocrx_word' id='word_1_323' title='bbox 3346 1872 3458 1929; x_wconf 85' lang='lat' dir='ltr'><strong>Hoc</strong></span> <span class='ocrx_word' id='word_1_324' title='bbox 3508 1889 3625 1928; x_wconf 89' lang='lat' dir='ltr'><strong>ser-</strong></span> 
     </span>
    </p>
   </div>
   <div class='ocr_carea' id='block_1_49' title="bbox 2058 1964 3625 2033">
    <p class='ocr_par' dir='ltr' id='par_1_49' title="bbox 2058 1964 3625 2033">
     <span class='ocr_line' id='line_1_49' title="bbox 2058 1964 3625 2033; baseline 0 -16"><span class='ocrx_word' id='word_1_325' title='bbox 2058 1964 2589 2018; x_wconf 88' lang='lat' dir='ltr'><strong>moneconturbatus</strong></span> <span class='ocrx_word' id='word_1_326' title='bbox 2615 1965 2904 2033; x_wconf 79' lang='lat' dir='ltr'><strong>imperator</strong></span> <span class='ocrx_word' id='word_1_327' title='bbox 2956 1965 3138 2019; x_wconf 76' lang='lat' dir='ltr'><strong>statim</strong></span> <span class='ocrx_word' id='word_1_328' title='bbox 3191 1974 3369 2018; x_wconf 87' lang='lat' dir='ltr'><strong>castra</strong></span> <span class='ocrx_word' id='word_1_329' title='bbox 3419 1964 3625 2018; x_wconf 81' lang='lat' dir='ltr'><strong>moveri</strong></span> 
     </span>
    </p>
   </div>
   <div class='ocr_carea' id='block_1_50' title="bbox 2055 2054 3625 2124">
    <p class='ocr_par' dir='ltr' id='par_1_50' title="bbox 2055 2054 3625 2124">
     <span class='ocr_line' id='line_1_50' title="bbox 2055 2054 3625 2124; baseline 0.001 -19"><span class='ocrx_word' id='word_1_330' title='bbox 2055 2054 2228 2121; x_wconf 87' lang='lat' dir='ltr'><strong>jubet.</strong></span> <span class='ocrx_word' id='word_1_331' title='bbox 2257 2056 2324 2107; x_wconf 77' lang='lat' dir='ltr'><strong>At</strong></span> <span class='ocrx_word' id='word_1_332' title='bbox 2352 2054 2636 2109; x_wconf 89' lang='lat' dir='ltr'><strong>Samuelus</strong></span> <span class='ocrx_word' id='word_1_333' title='bbox 2665 2055 3085 2124; x_wconf 87' lang='lat' dir='ltr'><strong>incompositum</strong></span> <span class='ocrx_word' id='word_1_334' title='bbox 3135 2054 3373 2108; x_wconf 87' lang='lat' dir='ltr'><strong>hostium</strong></span> <span class='ocrx_word' id='word_1_335' title='bbox 3422 2054 3625 2109; x_wconf 86' lang='lat' dir='ltr'><strong>disces-</strong></span> 
     </span>
    </p>
   </div>
   <div class='ocr_carea' id='block_1_51' title="bbox 2058 2146 3625 2217">
    <p class='ocr_par' dir='ltr' id='par_1_51' title="bbox 2058 2146 3625 2217">
     <span class='ocr_line' id='line_1_51' title="bbox 2058 2146 3625 2217; baseline 0.001 -19"><span class='ocrx_word' id='word_1_336' title='bbox 2058 2159 2176 2198; x_wconf 87' lang='lat' dir='ltr'><strong>sum</strong></span> <span class='ocrx_word' id='word_1_337' title='bbox 2212 2146 2486 2217; x_wconf 86' lang='lat' dir='ltr'><strong>profuga,</strong></span> <span class='ocrx_word' id='word_1_338' title='bbox 2517 2155 2574 2200; x_wconf 91' lang='lat' dir='ltr'><strong>ut</strong></span> <span class='ocrx_word' id='word_1_339' title='bbox 2610 2162 2707 2216; x_wconf 93' lang='lat' dir='ltr'><strong>par</strong></span> <span class='ocrx_word' id='word_1_340' title='bbox 2758 2156 2891 2212; x_wconf 87' lang='lat' dir='ltr'><strong>erat,</strong></span> <span class='ocrx_word' id='word_1_341' title='bbox 2949 2146 3156 2200; x_wconf 85' lang='lat' dir='ltr'><strong>habens</strong></span> <span class='ocrx_word' id='word_1_342' title='bbox 3202 2146 3383 2200; x_wconf 89' lang='lat' dir='ltr'><strong>subito</strong></span> <span class='ocrx_word' id='word_1_343' title='bbox 3432 2146 3486 2199; x_wconf 90' lang='lat' dir='ltr'><strong>in</strong></span> <span class='ocrx_word' id='word_1_344' title='bbox 3532 2159 3625 2199; x_wconf 89' lang='lat' dir='ltr'><strong>eos</strong></span> 
     </span>
    </p>
   </div>
   <div class='ocr_carea' id='block_1_52' title="bbox 2059 2237 3627 2307">
    <p class='ocr_par' dir='ltr' id='par_1_52' title="bbox 2059 2237 3627 2307">
     <span class='ocr_line' id='line_1_52' title="bbox 2059 2237 3627 2307; baseline 0.001 -18"><span class='ocrx_word' id='word_1_345' title='bbox 2059 2250 2181 2289; x_wconf 89' lang='lat' dir='ltr'><strong>cum</strong></span> <span class='ocrx_word' id='word_1_346' title='bbox 2212 2237 2447 2290; x_wconf 88' lang='lat' dir='ltr'><strong>clamore</strong></span> <span class='ocrx_word' id='word_1_347' title='bbox 2477 2254 2539 2291; x_wconf 90' lang='lat' dir='ltr'><strong>ac</strong></span> <span class='ocrx_word' id='word_1_348' title='bbox 2560 2238 2789 2307; x_wconf 87' lang='lat' dir='ltr'><strong>strepitu</strong></span> <span class='ocrx_word' id='word_1_349' title='bbox 2820 2239 2996 2301; x_wconf 87' lang='lat' dir='ltr'><strong>irruit,</strong></span> <span class='ocrx_word' id='word_1_350' title='bbox 3051 2239 3377 2306; x_wconf 89' lang='lat' dir='ltr'><strong>territosque</strong></span> <span class='ocrx_word' id='word_1_351' title='bbox 3438 2237 3489 2289; x_wconf 90' lang='lat' dir='ltr'><strong>in</strong></span> <span class='ocrx_word' id='word_1_352' title='bbox 3540 2237 3627 2290; x_wconf 88' lang='lat' dir='ltr'><strong>fu-</strong></span> 
     </span>
    </p>
   </div>
   <div class='ocr_carea' id='block_1_53' title="bbox 2062 2327 3629 2398">
    <p class='ocr_par' dir='ltr' id='par_1_53' title="bbox 2062 2327 3629 2398">
     <span class='ocr_line' id='line_1_53' title="bbox 2062 2327 3629 2398; baseline 0.002 -19"><span class='ocrx_word' id='word_1_353' title='bbox 2062 2342 2180 2397; x_wconf 80' lang='lat' dir='ltr'><strong>gam</strong></span> <span class='ocrx_word' id='word_1_354' title='bbox 2206 2327 2448 2396; x_wconf 88' lang='lat' dir='ltr'><strong>conjicit,</strong></span> <span class='ocrx_word' id='word_1_355' title='bbox 2472 2328 2668 2382; x_wconf 84' lang='lat' dir='ltr'><strong>castris</strong></span> <span class='ocrx_word' id='word_1_356' title='bbox 2702 2343 2888 2382; x_wconf 90' lang='lat' dir='ltr'><strong>eorum</strong></span> <span class='ocrx_word' id='word_1_357' title='bbox 2913 2330 3117 2398; x_wconf 89' lang='lat' dir='ltr'><strong>potitur</strong></span> <span class='ocrx_word' id='word_1_358' title='bbox 3138 2336 3193 2383; x_wconf 90' lang='lat' dir='ltr'><strong>et</strong></span> <span class='ocrx_word' id='word_1_359' title='bbox 3228 2329 3629 2397; x_wconf 78' lang='lat' dir='ltr'><strong>impedimentis</strong></span> 
     </span>
    </p>
   </div>
   <div class='ocr_carea' id='block_1_54' title="bbox 2060 2419 3629 2489">
    <p class='ocr_par' dir='ltr' id='par_1_54' title="bbox 2060 2419 3629 2489">
     <span class='ocr_line' id='line_1_54' title="bbox 2060 2419 3629 2489; baseline 0.001 -18"><span class='ocrx_word' id='word_1_360' title='bbox 2060 2419 2310 2471; x_wconf 88' lang='lat' dir='ltr'><strong>omnibus</strong></span> <span class='ocrx_word' id='word_1_361' title='bbox 2350 2420 2583 2487; x_wconf 82' lang='lat' dir='ltr'><strong>ipsisque</strong></span> <span class='ocrx_word' id='word_1_362' title='bbox 2612 2420 2747 2473; x_wconf 89' lang='lat' dir='ltr'><strong>adeo</strong></span> <span class='ocrx_word' id='word_1_363' title='bbox 2779 2420 3139 2489; x_wconf 88' lang='lat' dir='ltr'><strong>imperatoriis</strong></span> <span class='ocrx_word' id='word_1_364' title='bbox 3161 2421 3480 2489; x_wconf 78' lang='lat' dir='ltr'><strong>insignibus.</strong></span> <span class='ocrx_word' id='word_1_365' title='bbox 3523 2421 3629 2473; x_wconf 84' lang='lat' dir='ltr'><strong>Im-</strong></span> 
     </span>
    </p>
   </div>
   <div class='ocr_carea' id='block_1_55' title="bbox 2062 2509 3629 2580">
    <p class='ocr_par' dir='ltr' id='par_1_55' title="bbox 2062 2509 3629 2580">
     <span class='ocr_line' id='line_1_55' title="bbox 2062 2509 3629 2580; baseline 0.005 -24"><span class='ocrx_word' id='word_1_366' title='bbox 2062 2517 2275 2574; x_wconf 85' lang='lat' dir='ltr'><strong>perator</strong></span> <span class='ocrx_word' id='word_1_367' title='bbox 2297 2523 2417 2560; x_wconf 90' lang='lat' dir='ltr'><strong>cum</strong></span> <span class='ocrx_word' id='word_1_368' title='bbox 2440 2526 2579 2577; x_wconf 79' lang='lat' dir='ltr'><strong>aegre</strong></span> <span class='ocrx_word' id='word_1_369' title='bbox 2619 2525 2715 2577; x_wconf 89' lang='lat' dir='ltr'><strong>per</strong></span> <span class='ocrx_word' id='word_1_370' title='bbox 2745 2509 2928 2563; x_wconf 82' lang='lat' dir='ltr'><strong>fauces</strong></span> <span class='ocrx_word' id='word_1_371' title='bbox 2977 2509 3375 2580; x_wconf 88' lang='lat' dir='ltr'><strong>Philippopolin</strong></span> <span class='ocrx_word' id='word_1_372' title='bbox 3437 2525 3629 2579; x_wconf 68' lang='lat' dir='ltr'><strong>perve-</strong></span> 
     </span>
    </p>
   </div>
   <div class='ocr_carea' id='block_1_56' title="bbox 2060 2597 3629 2669">
    <p class='ocr_par' dir='ltr' id='par_1_56' title="bbox 2060 2597 3629 2669">
     <span class='ocr_line' id='line_1_56' title="bbox 2060 2597 3629 2669; baseline 0.004 -20"><span class='ocrx_word' id='word_1_373' title='bbox 2060 2597 2252 2659; x_wconf 85' lang='lat' dir='ltr'><strong>nisset,</strong></span> <span class='ocrx_word' id='word_1_374' title='bbox 2297 2598 2672 2669; x_wconf 76' lang='lat' dir='ltr'><strong>inreniretque</strong></span> <span class='ocrx_word' id='word_1_375' title='bbox 2720 2599 3069 2655; x_wconf 82' lang='lat' dir='ltr'><strong>Melissenum</strong></span> <span class='ocrx_word' id='word_1_376' title='bbox 3134 2603 3187 2655; x_wconf 92' lang='lat' dir='ltr'><strong>in</strong></span> <span class='ocrx_word' id='word_1_377' title='bbox 3240 2618 3337 2656; x_wconf 84' lang='lat' dir='ltr'><strong>sua</strong></span> <span class='ocrx_word' id='word_1_378' title='bbox 3394 2604 3629 2656; x_wconf 88' lang='lat' dir='ltr'><strong>statione</strong></span> 
     </span>
    </p>
   </div>
   <div class='ocr_carea' id='block_1_57' title="bbox 2061 2690 3628 2758">
    <p class='ocr_par' dir='ltr' id='par_1_57' title="bbox 2061 2690 3628 2758">
     <span class='ocr_line' id='line_1_57' title="bbox 2061 2690 3628 2758; baseline 0.004 -19"><span class='ocrx_word' id='word_1_379' title='bbox 2061 2698 2381 2751; x_wconf 89' lang='lat' dir='ltr'><strong>morantem,</strong></span> <span class='ocrx_word' id='word_1_380' title='bbox 2414 2690 2702 2758; x_wconf 79' lang='lat' dir='ltr'><strong>diligenter</strong></span> <span class='ocrx_word' id='word_1_381' title='bbox 2729 2691 2828 2745; x_wconf 91' lang='lat' dir='ltr'><strong>sibi</strong></span> <span class='ocrx_word' id='word_1_382' title='bbox 2856 2692 3237 2746; x_wconf 87' lang='lat' dir='ltr'><strong>demandatam</strong></span> <span class='ocrx_word' id='word_1_383' title='bbox 3269 2691 3422 2747; x_wconf 89' lang='lat' dir='ltr'><strong>obire</strong></span> <span class='ocrx_word' id='word_1_384' title='bbox 3448 2702 3628 2747; x_wconf 87' lang='lat' dir='ltr'><strong>custo-</strong></span> 
     </span>
    </p>
   </div>
   <div class='ocr_carea' id='block_1_58' title="bbox 2059 2778 3629 2853">
    <p class='ocr_par' dir='ltr' id='par_1_58' title="bbox 2059 2778 3629 2853">
     <span class='ocr_line' id='line_1_58' title="bbox 2059 2778 3629 2853; baseline 0.003 -22"><span class='ocrx_word' id='word_1_385' title='bbox 2059 2778 2225 2845; x_wconf 86' lang='lat' dir='ltr'><strong>diam,</strong></span> <span class='ocrx_word' id='word_1_386' title='bbox 2259 2782 2552 2849; x_wconf 76' lang='lat' dir='ltr'><strong>exprobrat</strong></span> <span class='ocrx_word' id='word_1_387' title='bbox 2582 2781 2926 2835; x_wconf 85' lang='lat' dir='ltr'><strong>mendacium</strong></span> <span class='ocrx_word' id='word_1_388' title='bbox 2964 2782 3431 2853; x_wconf 87' lang='lat' dir='ltr'><strong>Contostephano,</strong></span> <span class='ocrx_word' id='word_1_389' title='bbox 3486 2782 3629 2851; x_wconf 90' lang='lat' dir='ltr'><strong>quod</strong></span> 
     </span>
    </p>
   </div>
   <div class='ocr_carea' id='block_1_59' title="bbox 2061 2871 3628 2942">
    <p class='ocr_par' dir='ltr' id='par_1_59' title="bbox 2061 2871 3628 2942">
     <span class='ocr_line' id='line_1_59' title="bbox 2061 2871 3628 2942; baseline 0.003 -20"><span class='ocrx_word' id='word_1_390' title='bbox 2061 2871 2192 2923; x_wconf 87' lang='lat' dir='ltr'><strong>tanti</strong></span> <span class='ocrx_word' id='word_1_391' title='bbox 2242 2872 2366 2924; x_wconf 86' lang='lat' dir='ltr'><strong>mali</strong></span> <span class='ocrx_word' id='word_1_392' title='bbox 2411 2888 2573 2927; x_wconf 84' lang='lat' dir='ltr'><strong>causa</strong></span> <span class='ocrx_word' id='word_1_393' title='bbox 2633 2872 2843 2927; x_wconf 84' lang='lat' dir='ltr'><strong>luisset.</strong></span> <span class='ocrx_word' id='word_1_394' title='bbox 2893 2874 3137 2942; x_wconf 86' lang='lat' dir='ltr'><strong>Eumque</strong></span> <span class='ocrx_word' id='word_1_395' title='bbox 3212 2889 3322 2929; x_wconf 90' lang='lat' dir='ltr'><strong>non</strong></span> <span class='ocrx_word' id='word_1_396' title='bbox 3364 2873 3628 2927; x_wconf 86' lang='lat' dir='ltr'><strong>ferentem</strong></span> 
     </span>
    </p>
   </div>
   <div class='ocr_carea' id='block_1_60' title="bbox 2060 2947 3625 3033">
    <p class='ocr_par' dir='ltr' id='par_1_60' title="bbox 2060 2947 3625 3033">
     <span class='ocr_line' id='line_1_60' title="bbox 2060 2947 3625 3033; baseline 0.001 -19"><span class='ocrx_word' id='word_1_397' title='bbox 2060 2947 2271 3030; x_wconf 81' lang='lat' dir='ltr'><strong>placide</strong></span> <span class='ocrx_word' id='word_1_398' title='bbox 2304 2963 2759 3033; x_wconf 86' lang='lat' dir='ltr'><strong>objurgationem,</strong></span> <span class='ocrx_word' id='word_1_399' title='bbox 2801 2964 2895 3018; x_wconf 90' lang='lat' dir='ltr'><strong>sed</strong></span> <span class='ocrx_word' id='word_1_400' title='bbox 2934 2963 3187 3019; x_wconf 79' lang='lat' dir='ltr'><strong>ferociter</strong></span> <span class='ocrx_word' id='word_1_401' title='bbox 3216 2973 3625 3033; x_wconf 87' lang='lat' dir='ltr'><strong>responsantem</strong></span> 
     </span>
    </p>
   </div>
   <div class='ocr_carea' id='block_1_61' title="bbox 2061 3054 3626 3127">
    <p class='ocr_par' dir='ltr' id='par_1_61' title="bbox 2061 3054 3626 3127">
     <span class='ocr_line' id='line_1_61' title="bbox 2061 3054 3626 3127; baseline 0.001 -23"><span class='ocrx_word' id='word_1_402' title='bbox 2061 3061 2115 3105; x_wconf 92' lang='lat' dir='ltr'><strong>ct</strong></span> <span class='ocrx_word' id='word_1_403' title='bbox 2144 3054 2560 3106; x_wconf 90' lang='lat' dir='ltr'><strong>contendentem</strong></span> <span class='ocrx_word' id='word_1_404' title='bbox 2591 3069 2650 3107; x_wconf 91' lang='lat' dir='ltr'><strong>se</strong></span> <span class='ocrx_word' id='word_1_405' title='bbox 2678 3067 2821 3109; x_wconf 87' lang='lat' dir='ltr'><strong>recte</strong></span> <span class='ocrx_word' id='word_1_406' title='bbox 2844 3054 3010 3127; x_wconf 64' lang='lat'><strong>438</strong></span> <span class='ocrx_word' id='word_1_407' title='bbox 3053 3054 3415 3119; x_wconf 91' lang='lat' dir='ltr'><strong>consuluisse,</strong></span> <span class='ocrx_word' id='word_1_408' title='bbox 3449 3054 3626 3123; x_wconf 89' lang='lat' dir='ltr'><strong>impu-</strong></span> 
     </span>
    </p>
   </div>
   <div class='ocr_carea' id='block_1_62' title="bbox 390 3137 2131 3223">
    <p class='ocr_par' dir='ltr' id='par_1_62' title="bbox 390 3137 2125 3223">
     <span class='ocr_line' id='line_1_62' title="bbox 390 3137 2125 3223; baseline -0.013 -16"><span class='ocrx_word' id='word_1_409' title='bbox 390 3170 571 3223; x_wconf 82' lang='grc' dir='ltr'><strong>μενος,</strong></span> <span class='ocrx_word' id='word_1_410' title='bbox 604 3154 695 3204; x_wconf 71' lang='grc' dir='ltr'><strong>καὶ</strong></span> <span class='ocrx_word' id='word_1_411' title='bbox 724 3150 814 3202; x_wconf 82' lang='grc' dir='ltr'><strong>τὸν</strong></span> <span class='ocrx_word' id='word_1_412' title='bbox 846 3143 1186 3214; x_wconf 78' lang='grc' dir='ltr'><strong>Μελισσηνδν</strong></span> <span class='ocrx_word' id='word_1_413' title='bbox 1213 3138 1613 3209; x_wconf 80' lang='grc' dir='ltr'><strong>ἀμετακίνητον</strong></span> <span class='ocrx_word' id='word_1_414' title='bbox 1658 3137 1831 3206; x_wconf 73' lang='grc' dir='ltr'><strong>εὑρὼν</strong></span> <span class='ocrx_word' id='word_1_415' title='bbox 1860 3137 1955 3190; x_wconf 72' lang='grc' dir='ltr'><strong>καὶ</strong></span> <span class='ocrx_word' id='word_1_416' title='bbox 1981 3161 2026 3220; x_wconf 67' lang='grc' dir='ltr'>ο</span> <span class='ocrx_word' id='word_1_417' title='bbox 2062 3143 2125 3196; x_wconf 72' lang='grc' dir='ltr'><strong>ἀρ</strong></span> 
     </span>
    </p>
   </div>
   <div class='ocr_carea' id='block_1_63' title="bbox 1884 3137 3625 3223">
    <p class='ocr_par' dir='ltr' id='par_1_63' title="bbox 1884 3137 3625 3220">
     <span class='ocr_line' id='line_1_63' title="bbox 1884 3137 3625 3220; baseline 0.001 -24"><span class='ocrx_word' id='word_1_418' title='bbox 1884 3137 1955 3190; x_wconf 69' lang='grc' dir='ltr'><strong>ἰαὶ</strong></span> <span class='ocrx_word' id='word_1_419' title='bbox 1981 3161 2026 3220; x_wconf 71' lang='grc' dir='ltr'>ο</span> <span class='ocrx_word' id='word_1_420' title='bbox 2062 3143 2209 3196; x_wconf 85' lang='lat' dir='ltr'><strong>denti</strong></span> <span class='ocrx_word' id='word_1_421' title='bbox 2240 3143 2478 3197; x_wconf 88' lang='lat' dir='ltr'><strong>hominis</strong></span> <span class='ocrx_word' id='word_1_422' title='bbox 2520 3145 2819 3212; x_wconf 87' lang='lat' dir='ltr'><strong>petulantia</strong></span> <span class='ocrx_word' id='word_1_423' title='bbox 2869 3146 3115 3199; x_wconf 88' lang='lat' dir='ltr'><strong>irritatus</strong></span> <span class='ocrx_word' id='word_1_424' title='bbox 3172 3146 3308 3201; x_wconf 90' lang='lat' dir='ltr'><strong>solio</strong></span> <span class='ocrx_word' id='word_1_425' title='bbox 3367 3145 3625 3199; x_wconf 88' lang='lat' dir='ltr'><strong>desiliens</strong></span> 
     </span>
    </p>
   </div>
   <div class='ocr_carea' id='block_1_64' title="bbox 388 3228 2129 3313">
    <p class='ocr_par' dir='ltr' id='par_1_64' title="bbox 388 3228 2129 3313">
     <span class='ocr_line' id='line_1_64' title="bbox 388 3228 2129 3313; baseline -0.009 -18"><span class='ocrx_word' id='word_1_426' title='bbox 388 3248 485 3312; x_wconf 79' lang='grc' dir='ltr'><strong>τὴν</strong></span> <span class='ocrx_word' id='word_1_427' title='bbox 531 3242 983 3313; x_wconf 80' lang='grc' dir='ltr'><strong>ἐμπιστευθεῖσαν</strong></span> <span class='ocrx_word' id='word_1_428' title='bbox 1037 3232 1185 3303; x_wconf 71' lang='grc' dir='ltr'><strong>αὐτῷ</strong></span> <span class='ocrx_word' id='word_1_429' title='bbox 1230 3230 1477 3300; x_wconf 73' lang='grc' dir='ltr'><strong>φυλακὴν</strong></span> <span class='ocrx_word' id='word_1_430' title='bbox 1531 3228 1803 3298; x_wconf 78' lang='grc' dir='ltr'><strong>ἐπιμελῶς</strong></span> <span class='ocrx_word' id='word_1_431' title='bbox 1858 3246 1952 3300; x_wconf 87' lang='grc' dir='ltr'><strong>τη-</strong></span> <span class='ocrx_word' id='word_1_432' title='bbox 2064 3238 2129 3290; x_wconf 79' lang='lat' dir='ltr'><strong>cr‘</strong></span> 
     </span>
    </p>
   </div>
   <div class='ocr_carea' id='block_1_65' title="bbox 1814 3228 3555 3313">
    <p class='ocr_par' dir='ltr' id='par_1_65' title="bbox 1858 3235 3555 3308">
     <span class='ocr_line' id='line_1_65' title="bbox 1858 3235 3555 3308; baseline 0.001 -18"><span class='ocrx_word' id='word_1_433' title='bbox 1858 3246 1952 3300; x_wconf 80' lang='grc' dir='ltr'><strong>τη·</strong></span> <span class='ocrx_word' id='word_1_434' title='bbox 2064 3235 2304 3290; x_wconf 90' lang='lat' dir='ltr'><strong>crinibus</strong></span> <span class='ocrx_word' id='word_1_435' title='bbox 2332 3252 2394 3291; x_wconf 88' lang='lat' dir='ltr'><strong>ae</strong></span> <span class='ocrx_word' id='word_1_436' title='bbox 2423 3236 2588 3290; x_wconf 88' lang='lat' dir='ltr'><strong>barba</strong></span> <span class='ocrx_word' id='word_1_437' title='bbox 2611 3237 2802 3307; x_wconf 88' lang='lat' dir='ltr'><strong>arripit</strong></span> <span class='ocrx_word' id='word_1_438' title='bbox 2825 3246 2879 3291; x_wconf 91' lang='lat' dir='ltr'><strong>et</strong></span> <span class='ocrx_word' id='word_1_439' title='bbox 2911 3238 3180 3293; x_wconf 89' lang='lat' dir='ltr'><strong>interram</strong></span> <span class='ocrx_word' id='word_1_440' title='bbox 3236 3237 3555 3308; x_wconf 87' lang='lat' dir='ltr'><strong>prosternit.</strong></span> 
     </span>
    </p>
   </div>
   <div class='ocr_carea' id='block_1_66' title="bbox 389 3324 3627 3411">
    <p class='ocr_par' dir='ltr' id='par_1_66' title="bbox 389 3324 3627 3411">
     <span class='ocr_line' id='line_1_66' title="bbox 389 3324 3627 3411; baseline -0.002 -21"><span class='ocrx_word' id='word_1_441' title='bbox 389 3340 606 3411; x_wconf 64' lang='grc' dir='ltr'><strong>ρἰύντα,</strong></span> <span class='ocrx_word' id='word_1_442' title='bbox 629 3337 703 3405; x_wconf 85' lang='grc' dir='ltr'><strong>τῷ</strong></span> <span class='ocrx_word' id='word_1_443' title='bbox 721 3330 1141 3401; x_wconf 72' lang='grc' dir='ltr'><strong>Κοντοστεφάνῳ</strong></span> <span class='ocrx_word' id='word_1_444' title='bbox 1172 3328 1488 3397; x_wconf 85' lang='grc' dir='ltr'><strong>ἐλοιδορεῖτο</strong></span> <span class='ocrx_word' id='word_1_445' title='bbox 1517 3325 1589 3386; x_wconf 85' lang='grc' dir='ltr'><strong>ὡς</strong></span> <span class='ocrx_word' id='word_1_446' title='bbox 1628 3324 1954 3397; x_wconf 67' lang='grc' dir='ltr'><strong>ψευσαμένῳ</strong></span> <span class='ocrx_word' id='word_1_447' title='bbox 1994 3331 2086 3381; x_wconf 74' lang='grc' dir='ltr'><strong>καὶ</strong></span> <span class='ocrx_word' id='word_1_448' title='bbox 2118 3332 2391 3401; x_wconf 82' lang='grc' dir='ltr'><strong>παραιτίῳ</strong></span> <span class='ocrx_word' id='word_1_449' title='bbox 2426 3332 2669 3401; x_wconf 86' lang='grc' dir='ltr'><strong>γεγονότι</strong></span> <span class='ocrx_word' id='word_1_450' title='bbox 2708 3334 2963 3387; x_wconf 86' lang='grc' dir='ltr'><strong>τοσούτου</strong></span> <span class='ocrx_word' id='word_1_451' title='bbox 2992 3334 3183 3388; x_wconf 78' lang='grc' dir='ltr'><strong>κακοῦ.</strong></span> <span class='ocrx_word' id='word_1_452' title='bbox 3215 3327 3384 3397; x_wconf 74' lang='grc' dir='ltr'><strong>Οὗτος</strong></span> <span class='ocrx_word' id='word_1_453' title='bbox 3438 3333 3494 3385; x_wconf 75' lang='grc' dir='ltr'><strong>δὲ</strong></span> <span class='ocrx_word' id='word_1_454' title='bbox 3552 3335 3627 3405; x_wconf 76' lang='grc' dir='ltr'><strong>μὴ</strong></span> 
     </span>
    </p>
   </div>
   <div class='ocr_carea' id='block_1_67' title="bbox 388 3413 3627 3497">
    <p class='ocr_par' dir='ltr' id='par_1_67' title="bbox 388 3413 3627 3497">
     <span class='ocr_line' id='line_1_67' title="bbox 388 3413 3627 3497; baseline 0 -18"><span class='ocrx_word' id='word_1_455' title='bbox 388 3428 625 3495; x_wconf 76' lang='grc' dir='ltr'><strong>ἐνεγκὼν</strong></span> <span class='ocrx_word' id='word_1_456' title='bbox 656 3426 840 3493; x_wconf 81' lang='grc' dir='ltr'><strong>πράως</strong></span> <span class='ocrx_word' id='word_1_457' title='bbox 863 3423 961 3494; x_wconf 82' lang='grc' dir='ltr'><strong>τὴν</strong></span> <span class='ocrx_word' id='word_1_458' title='bbox 982 3420 1314 3487; x_wconf 82' lang='grc' dir='ltr'><strong>ἐπιτίμησιν,</strong></span> <span class='ocrx_word' id='word_1_459' title='bbox 1348 3416 1461 3468; x_wconf 86' lang='grc' dir='ltr'><strong>ἀλλ’</strong></span> <span class='ocrx_word' id='word_1_460' title='bbox 1482 3414 1560 3466; x_wconf 81' lang='grc' dir='ltr'><strong>ἔτι</strong></span> <span class='ocrx_word' id='word_1_461' title='bbox 1626 3413 1826 3482; x_wconf 78' lang='grc' dir='ltr'><strong>μᾶλλον</strong></span> <span class='ocrx_word' id='word_1_462' title='bbox 1891 3419 2291 3488; x_wconf 81' lang='grc' dir='ltr'><strong>τραχυνόμενος</strong></span> <span class='ocrx_word' id='word_1_463' title='bbox 2334 3424 2426 3473; x_wconf 70' lang='grc' dir='ltr'><strong>καὶ</strong></span> <span class='ocrx_word' id='word_1_464' title='bbox 2474 3424 2657 3475; x_wconf 87' lang='grc' dir='ltr'><strong>δίκαια</strong></span> <span class='ocrx_word' id='word_1_465' title='bbox 2724 3425 3120 3493; x_wconf 76' lang='grc' dir='ltr'><strong>συμϐουλεῦσαι</strong></span> <span class='ocrx_word' id='word_1_466' title='bbox 3195 3422 3627 3497; x_wconf 75' lang='grc' dir='ltr'><strong>ἰσχυριζόμενος,</strong></span> 
     </span>
    </p>
   </div>
   <div class='ocr_carea' id='block_1_68' title="bbox 387 3511 3627 3593">
    <p class='ocr_par' dir='ltr' id='par_1_68' title="bbox 387 3511 3627 3593">
     <span class='ocr_line' id='line_1_68' title="bbox 387 3511 3627 3593; baseline 0.005 -36"><span class='ocrx_word' id='word_1_467' title='bbox 387 3516 1109 3593; x_wconf 48' lang='grc' dir='ltr'><strong>ἠνάγκασετδνβασιλέαδιά</strong></span> <span class='ocrx_word' id='word_1_468' title='bbox 1128 3514 1223 3583; x_wconf 82' lang='grc' dir='ltr'><strong>τὴν</strong></span> <span class='ocrx_word' id='word_1_469' title='bbox 1288 3512 1641 3579; x_wconf 84' lang='grc' dir='ltr'><strong>ἀναίσχυντον</strong></span> <span class='ocrx_word' id='word_1_470' title='bbox 1706 3511 2004 3580; x_wconf 88' lang='grc' dir='ltr'><strong>ἰταμότητα</strong></span> <span class='ocrx_word' id='word_1_471' title='bbox 2076 3515 2417 3588; x_wconf 81' lang='grc' dir='ltr'><strong>ἀναπηδῆσαί</strong></span> <span class='ocrx_word' id='word_1_472' title='bbox 2446 3536 2501 3571; x_wconf 90' lang='grc' dir='ltr'><strong>τε</strong></span> <span class='ocrx_word' id='word_1_473' title='bbox 2530 3518 2620 3571; x_wconf 75' lang='grc' dir='ltr'><strong>τοῦ</strong></span> <span class='ocrx_word' id='word_1_474' title='bbox 2656 3520 2867 3589; x_wconf 85' lang='grc' dir='ltr'><strong>θρόνου,</strong></span> <span class='ocrx_word' id='word_1_475' title='bbox 2923 3522 3154 3575; x_wconf 78' lang='grc' dir='ltr'><strong>καὶτῶν</strong></span> <span class='ocrx_word' id='word_1_476' title='bbox 3206 3524 3409 3593; x_wconf 82' lang='grc' dir='ltr'><strong>τριχῶν</strong></span> <span class='ocrx_word' id='word_1_477' title='bbox 3458 3521 3627 3576; x_wconf 76' lang='grc' dir='ltr'><strong>αὑτοῦ</strong></span> 
     </span>
    </p>
   </div>
   <div class='ocr_carea' id='block_1_69' title="bbox 390 3604 1879 3686">
    <p class='ocr_par' dir='ltr' id='par_1_69' title="bbox 390 3604 1879 3686">
     <span class='ocr_line' id='line_1_69' title="bbox 390 3604 1879 3686; baseline -0.011 -11"><span class='ocrx_word' id='word_1_478' title='bbox 390 3625 482 3675; x_wconf 64' lang='grc' dir='ltr'><strong>καὶ</strong></span> <span class='ocrx_word' id='word_1_479' title='bbox 505 3621 603 3686; x_wconf 73' lang='grc' dir='ltr'><strong>τῆς</strong></span> <span class='ocrx_word' id='word_1_480' title='bbox 630 3613 901 3681; x_wconf 80' lang='grc' dir='ltr'><strong>γενειάδος</strong></span> <span class='ocrx_word' id='word_1_481' title='bbox 929 3610 1227 3678; x_wconf 78' lang='grc' dir='ltr'><strong>λαόόμενον</strong></span> <span class='ocrx_word' id='word_1_482' title='bbox 1265 3605 1614 3658; x_wconf 72' lang='grc' dir='ltr'><strong>κατασπάσαι</strong></span> <span class='ocrx_word' id='word_1_483' title='bbox 1648 3606 1726 3665; x_wconf 81' lang='grc' dir='ltr'><strong>εἰς</strong></span> <span class='ocrx_word' id='word_1_484' title='bbox 1758 3604 1879 3673; x_wconf 72' lang='grc' dir='ltr'><strong>γῆν.</strong></span> 
     </span>
    </p>
   </div>
   <div class='ocr_carea' id='block_1_70' title="bbox 472 3692 1953 3765">
    <p class='ocr_par' dir='ltr' id='par_1_70' title="bbox 472 3692 1953 3765">
     <span class='ocr_line' id='line_1_70' title="bbox 472 3692 1953 3765; baseline -0.009 -7"><span class='ocrx_word' id='word_1_485' title='bbox 472 3702 821 3762; x_wconf 79' lang='grc' dir='ltr'><strong>Ἰνδικτιῶνος</strong></span> <span class='ocrx_word' id='word_1_486' title='bbox 844 3699 901 3751; x_wconf 85' lang='grc' dir='ltr'><strong>δέ</strong></span> <span class='ocrx_word' id='word_1_487' title='bbox 931 3704 1014 3765; x_wconf 83' lang='grc' dir='ltr'><strong>ιε’,</strong></span> <span class='ocrx_word' id='word_1_488' title='bbox 1042 3696 1193 3758; x_wconf 78' lang='grc' dir='ltr'><strong>ἔτους</strong></span> <span class='ocrx_word' id='word_1_489' title='bbox 1224 3694 1415 3761; x_wconf 55' lang='grc' dir='ltr'><strong>ενι-β’,</strong></span> <span class='ocrx_word' id='word_1_490' title='bbox 1457 3692 1770 3761; x_wconf 80' lang='grc' dir='ltr'><strong>Ὀκτωϐρίῳ</strong></span> <span class='ocrx_word' id='word_1_491' title='bbox 1822 3694 1953 3760; x_wconf 74' lang='grc' dir='ltr'><strong>μηνὶ</strong></span> 
     </span>
    </p>
   </div>
   <div class='ocr_carea' id='block_1_71' title="bbox 390 3782 1957 3862">
    <p class='ocr_par' dir='ltr' id='par_1_71' title="bbox 390 3782 1957 3862">
     <span class='ocr_line' id='line_1_71' title="bbox 390 3782 1957 3862; baseline -0.008 -14"><span class='ocrx_word' id='word_1_492' title='bbox 390 3798 604 3862; x_wconf 81' lang='grc' dir='ltr'><strong>ἐγένετο</strong></span> <span class='ocrx_word' id='word_1_493' title='bbox 632 3791 817 3851; x_wconf 83' lang='grc' dir='ltr'><strong>κλόνος</strong></span> <span class='ocrx_word' id='word_1_494' title='bbox 854 3789 1046 3857; x_wconf 87' lang='grc' dir='ltr'><strong>μέγας,</strong></span> <span class='ocrx_word' id='word_1_495' title='bbox 1082 3786 1176 3838; x_wconf 75' lang='grc' dir='ltr'><strong>καὶ</strong></span> <span class='ocrx_word' id='word_1_496' title='bbox 1219 3785 1519 3835; x_wconf 81' lang='grc' dir='ltr'><strong>κατέπεσον</strong></span> <span class='ocrx_word' id='word_1_497' title='bbox 1558 3782 1723 3834; x_wconf 70' lang='grc' dir='ltr'><strong>οἰκίαι</strong></span> <span class='ocrx_word' id='word_1_498' title='bbox 1764 3782 1957 3835; x_wconf 68' lang='grc' dir='ltr'><strong>πολλαὶ</strong></span> 
     </span>
    </p>
   </div>
   <div class='ocr_carea' id='block_1_72' title="bbox 391 3874 1957 3952">
    <p class='ocr_par' dir='ltr' id='par_1_72' title="bbox 391 3874 1957 3952">
     <span class='ocr_line' id='line_1_72' title="bbox 391 3874 1957 3952; baseline -0.008 -11"><span class='ocrx_word' id='word_1_499' title='bbox 391 3890 489 3941; x_wconf 74' lang='grc' dir='ltr'><strong>καὶ</strong></span> <span class='ocrx_word' id='word_1_500' title='bbox 515 3888 635 3939; x_wconf 71' lang='grc' dir='ltr'><strong>ναοὶ</strong></span> <span class='ocrx_word' id='word_1_501' title='bbox 665 3887 758 3937; x_wconf 80' lang='grc' dir='ltr'><strong>καὶ</strong></span> <span class='ocrx_word' id='word_1_502' title='bbox 799 3884 965 3952; x_wconf 83' lang='grc' dir='ltr'><strong>μέρος</strong></span> <span class='ocrx_word' id='word_1_503' title='bbox 1013 3879 1113 3949; x_wconf 79' lang='grc' dir='ltr'><strong>τῆς</strong></span> <span class='ocrx_word' id='word_1_504' title='bbox 1163 3879 1396 3948; x_wconf 77' lang='grc' dir='ltr'><strong>σφαίρας</strong></span> <span class='ocrx_word' id='word_1_505' title='bbox 1422 3877 1533 3947; x_wconf 74' lang='grc'><strong>(45)</strong></span> <span class='ocrx_word' id='word_1_506' title='bbox 1562 3875 1659 3943; x_wconf 78' lang='grc' dir='ltr'><strong>τῆς</strong></span> <span class='ocrx_word' id='word_1_507' title='bbox 1700 3874 1793 3927; x_wconf 79' lang='grc' dir='ltr'><strong>τοῦ</strong></span> <span class='ocrx_word' id='word_1_508' title='bbox 1824 3874 1957 3928; x_wconf 78' lang='grc' dir='ltr'><strong>Θεοῦ</strong></span> 
     </span>
    </p>
   </div>
   <div class='ocr_carea' id='block_1_73' title="bbox 390 3966 1958 4047">
    <p class='ocr_par' dir='ltr' id='par_1_73' title="bbox 390 3966 1958 4047">
     <span class='ocr_line' id='line_1_73' title="bbox 390 3966 1958 4047; baseline -0.008 -14"><span class='ocrx_word' id='word_1_509' title='bbox 390 3979 647 4047; x_wconf 74' lang='grc' dir='ltr'><strong>Μεγάλης</strong></span> <span class='ocrx_word' id='word_1_510' title='bbox 686 3973 1012 4043; x_wconf 76' lang='grc' dir='ltr'><strong>Ἐκκλησίας</strong></span> <span class='ocrx_word' id='word_1_511' title='bbox 1053 3987 1065 4001; x_wconf 89' lang='grc'><strong>·</strong></span> <span class='ocrx_word' id='word_1_512' title='bbox 1113 3973 1247 4039; x_wconf 78' lang='grc' dir='ltr'><strong>ὅπερ</strong></span> <span class='ocrx_word' id='word_1_513' title='bbox 1277 3970 1437 4021; x_wconf 88' lang='grc' dir='ltr'><strong>πάλιν</strong></span> <span class='ocrx_word' id='word_1_514' title='bbox 1468 3970 1494 4020; x_wconf 86' lang='grc' dir='ltr'>ὁ</span> <span class='ocrx_word' id='word_1_515' title='bbox 1526 3966 1773 4037; x_wconf 75' lang='grc' dir='ltr'><strong>βασιλεὺς</strong></span> <span class='ocrx_word' id='word_1_516' title='bbox 1807 3967 1958 4036; x_wconf 77' lang='grc' dir='ltr'><strong>φιλο-</strong></span> 
     </span>
    </p>
   </div>
   <div class='ocr_carea' id='block_1_74' title="bbox 391 4059 1962 4139">
    <p class='ocr_par' dir='ltr' id='par_1_74' title="bbox 391 4059 1962 4139">
     <span class='ocr_line' id='line_1_74' title="bbox 391 4059 1962 4139; baseline -0.011 -14"><span class='ocrx_word' id='word_1_517' title='bbox 391 4074 562 4139; x_wconf 82' lang='grc' dir='ltr'><strong>τίμως</strong></span> <span class='ocrx_word' id='word_1_518' title='bbox 594 4065 1048 4138; x_wconf 75' lang='grc' dir='ltr'><strong>ἐπηνωρθώσατο,</strong></span> <span class='ocrx_word' id='word_1_519' title='bbox 1080 4060 1399 4129; x_wconf 79' lang='grc' dir='ltr'><strong>δαπανήσας</strong></span> <span class='ocrx_word' id='word_1_520' title='bbox 1432 4062 1509 4121; x_wconf 77' lang='grc' dir='ltr'><strong>εἰς</strong></span> <span class='ocrx_word' id='word_1_521' title='bbox 1542 4059 1707 4128; x_wconf 88' lang='grc' dir='ltr'><strong>μόνας</strong></span> <span class='ocrx_word' id='word_1_522' title='bbox 1738 4059 1833 4120; x_wconf 78' lang='grc' dir='ltr'><strong>τάς</strong></span> <span class='ocrx_word' id='word_1_523' title='bbox 1855 4075 1962 4127; x_wconf 83' lang='grc' dir='ltr'><strong>μη-</strong></span> 
     </span>
    </p>
   </div>
   <div class='ocr_carea' id='block_1_75' title="bbox 390 4146 1959 4232">
    <p class='ocr_par' dir='ltr' id='par_1_75' title="bbox 390 4146 1959 4232">
     <span class='ocr_line' id='line_1_75' title="bbox 390 4146 1959 4232; baseline -0.01 -17"><span class='ocrx_word' id='word_1_524' title='bbox 390 4161 558 4232; x_wconf 73' lang='grc' dir='ltr'><strong>χανάς</strong></span> <span class='ocrx_word' id='word_1_525' title='bbox 601 4161 698 4227; x_wconf 77' lang='grc' dir='ltr'><strong>τῆς</strong></span> <span class='ocrx_word' id='word_1_526' title='bbox 743 4156 954 4218; x_wconf 86' lang='grc' dir='ltr'><strong>ἀνόδου,</strong></span> <span class='ocrx_word' id='word_1_527' title='bbox 986 4153 1054 4207; x_wconf 82' lang='grc' dir='ltr'><strong>δι’</strong></span> <span class='ocrx_word' id='word_1_528' title='bbox 1086 4148 1159 4205; x_wconf 82' lang='grc' dir='ltr'><strong>ῶν</strong></span> <span class='ocrx_word' id='word_1_529' title='bbox 1189 4153 1236 4204; x_wconf 80' lang='grc' dir='ltr'><strong>οἱ</strong></span> <span class='ocrx_word' id='word_1_530' title='bbox 1261 4153 1499 4220; x_wconf 87' lang='grc' dir='ltr'><strong>τεχνῖται</strong></span> <span class='ocrx_word' id='word_1_531' title='bbox 1554 4150 1828 4217; x_wconf 84' lang='grc' dir='ltr'><strong>ἱστάμενοι</strong></span> <span class='ocrx_word' id='word_1_532' title='bbox 1864 4146 1959 4199; x_wconf 80' lang='grc' dir='ltr'><strong>καὶ</strong></span> 
     </span>
    </p>
   </div>
   <div class='ocr_carea' id='block_1_76' title="bbox 388 4238 1960 4317">
    <p class='ocr_par' dir='ltr' id='par_1_76' title="bbox 388 4238 1960 4317">
     <span class='ocr_line' id='line_1_76' title="bbox 388 4238 1960 4317; baseline -0.002 -22"><span class='ocrx_word' id='word_1_533' title='bbox 388 4255 486 4313; x_wconf 62' lang='grc' dir='ltr'><strong>τὰς</strong></span> <span class='ocrx_word' id='word_1_534' title='bbox 521 4253 648 4313; x_wconf 54' lang='lat' dir='ltr'><strong>ala;</strong></span> <span class='ocrx_word' id='word_1_535' title='bbox 686 4248 1028 4317; x_wconf 82' lang='grc' dir='ltr'><strong>ἀναγομένας</strong></span> <span class='ocrx_word' id='word_1_536' title='bbox 1078 4245 1357 4313; x_wconf 88' lang='grc' dir='ltr'><strong>δεχόμενοι</strong></span> <span class='ocrx_word' id='word_1_537' title='bbox 1422 4241 1736 4310; x_wconf 72' lang='grc' dir='ltr'><strong>ᾠκοδόμουν</strong></span> <span class='ocrx_word' id='word_1_538' title='bbox 1774 4238 1833 4290; x_wconf 85' lang='grc' dir='ltr'><strong>τὸ</strong></span> <span class='ocrx_word' id='word_1_539' title='bbox 1862 4255 1960 4292; x_wconf 87' lang='grc' dir='ltr'><strong>πε-</strong></span> 
     </span>
    </p>
   </div>
   <div class='ocr_carea' id='block_1_77' title="bbox 389 4332 1395 4409">
    <p class='ocr_par' dir='ltr' id='par_1_77' title="bbox 389 4332 1395 4409">
     <span class='ocr_line' id='line_1_77' title="bbox 389 4332 1395 4409; baseline -0.009 -15"><span class='ocrx_word' id='word_1_540' title='bbox 389 4343 621 4402; x_wconf 67' lang='grc' dir='ltr'><strong>πτωκδς,</strong></span> <span class='ocrx_word' id='word_1_541' title='bbox 651 4341 868 4409; x_wconf 72' lang='grc' dir='ltr'><strong>χρυσίου</strong></span> <span class='ocrx_word' id='word_1_542' title='bbox 904 4336 1223 4404; x_wconf 81' lang='grc' dir='ltr'><strong>κεντηνάρια</strong></span> <span class='ocrx_word' id='word_1_543' title='bbox 1246 4332 1395 4385; x_wconf 82' lang='grc' dir='ltr'><strong>δέκα.</strong></span> 
     </span>
    </p>
   </div>
   <div class='ocr_carea' id='block_1_78' title="bbox 460 4421 1953 4494">
    <p class='ocr_par' dir='ltr' id='par_1_78' title="bbox 460 4421 1953 4494">
     <span class='ocr_line' id='line_1_78' title="bbox 460 4421 1953 4494; baseline -0.004 -13"><span class='ocrx_word' id='word_1_544' title='bbox 460 4435 523 4482; x_wconf 84' lang='lat' dir='ltr'><strong>Ol</strong></span> <span class='ocrx_word' id='word_1_545' title='bbox 558 4432 610 4481; x_wconf 75' lang='grc' dir='ltr'><strong>δὲ</strong></span> <span class='ocrx_word' id='word_1_546' title='bbox 664 4428 770 4479; x_wconf 83' lang='grc' dir='ltr'><strong>τῶν</strong></span> <span class='ocrx_word' id='word_1_547' title='bbox 808 4425 1094 4494; x_wconf 77' lang='grc' dir='ltr'><strong>Ῥωμαίων</strong></span> <span class='ocrx_word' id='word_1_548' title='bbox 1149 4424 1471 4494; x_wconf 81' lang='grc' dir='ltr'><strong>μεγιστᾶνες</strong></span> <span class='ocrx_word' id='word_1_549' title='bbox 1524 4422 1825 4491; x_wconf 82' lang='grc' dir='ltr'><strong>μηνιῶντες</strong></span> <span class='ocrx_word' id='word_1_550' title='bbox 1876 4421 1953 4491; x_wconf 84' lang='grc' dir='ltr'><strong>τῷ</strong></span> 
     </span>
    </p>
   </div>
   <div class='ocr_carea' id='block_1_79' title="bbox 392 4512 1953 4592">
    <p class='ocr_par' dir='ltr' id='par_1_79' title="bbox 392 4512 1953 4592">
     <span class='ocr_line' id='line_1_79' title="bbox 392 4512 1953 4592; baseline -0.007 -18"><span class='ocrx_word' id='word_1_551' title='bbox 392 4521 619 4592; x_wconf 77' lang='grc' dir='ltr'><strong>βασιλεῖ,</strong></span> <span class='ocrx_word' id='word_1_552' title='bbox 655 4523 682 4572; x_wconf 81' lang='grc' dir='ltr'><strong>ό</strong></span> <span class='ocrx_word' id='word_1_553' title='bbox 725 4518 821 4587; x_wconf 84' lang='grc' dir='ltr'><strong>μὲν</strong></span> <span class='ocrx_word' id='word_1_554' title='bbox 865 4518 1055 4577; x_wconf 72' lang='grc' dir='ltr'><strong>Φωκεῖς</strong></span> <span class='ocrx_word' id='word_1_555' title='bbox 1090 4515 1299 4585; x_wconf 83' lang='grc' dir='ltr'><strong>Βάρδας</strong></span> <span class='ocrx_word' id='word_1_556' title='bbox 1346 4512 1439 4565; x_wconf 82' lang='grc' dir='ltr'><strong>καί</strong></span> <span class='ocrx_word' id='word_1_557' title='bbox 1471 4529 1611 4575; x_wconf 83' lang='grc' dir='ltr'><strong>τινες</strong></span> <span class='ocrx_word' id='word_1_558' title='bbox 1660 4513 1756 4563; x_wconf 71' lang='grc' dir='ltr'><strong>σὺν</strong></span> <span class='ocrx_word' id='word_1_559' title='bbox 1806 4513 1953 4581; x_wconf 80' lang='grc' dir='ltr'><strong>αὐτῷ</strong></span> 
     </span>
    </p>
   </div>
   <div class='ocr_carea' id='block_1_80' title="bbox 391 4612 725 4680">
    <p class='ocr_par' dir='ltr' id='par_1_80' title="bbox 391 4612 725 4680">
     <span class='ocr_line' id='line_1_80' title="bbox 391 4612 725 4680; baseline -0.018 -13"><span class='ocrx_word' id='word_1_560' title='bbox 391 4617 581 4680; x_wconf 73' lang='grc' dir='ltr'><strong>ὅτιπερ</strong></span> <span class='ocrx_word' id='word_1_561' title='bbox 646 4612 725 4671; x_wconf 82' lang='grc' dir='ltr'><strong>εἰς</strong></span> 
     </span>
    </p>
   </div>
   <div class='ocr_carea' id='block_1_81' title="bbox 389 4694 1945 4769">
    <p class='ocr_par' dir='ltr' id='par_1_81' title="bbox 389 4694 1945 4769">
     <span class='ocr_line' id='line_1_81' title="bbox 389 4694 1945 4769; baseline -0.006 -12"><span class='ocrx_word' id='word_1_562' title='bbox 389 4704 605 4765; x_wconf 67' lang='grc' dir='ltr'><strong>αὐτοὺς,</strong></span> <span class='ocrx_word' id='word_1_563' title='bbox 664 4701 784 4769; x_wconf 81' lang='grc' dir='ltr'><strong>μηδ’</strong></span> <span class='ocrx_word' id='word_1_564' title='bbox 830 4701 886 4749; x_wconf 84' lang='grc' dir='ltr'><strong>ἐν</strong></span> <span class='ocrx_word' id='word_1_565' title='bbox 936 4698 1117 4766; x_wconf 79' lang='grc' dir='ltr'><strong>Καρὸς</strong></span> <span class='ocrx_word' id='word_1_566' title='bbox 1178 4696 1532 4762; x_wconf 86' lang='grc' dir='ltr'><strong>λογισάμενος</strong></span> <span class='ocrx_word' id='word_1_567' title='bbox 1590 4695 1754 4763; x_wconf 74' lang='grc' dir='ltr'><strong>μοίρᾳ</strong></span> <span class='ocrx_word' id='word_1_568' title='bbox 1810 4694 1945 4763; x_wconf 68' lang='grc'><strong>(46),</strong></span> 
     </span>
    </p>
   </div>
   <div class='ocr_carea' id='block_1_82' title="bbox 389 4785 1950 4854">
    <p class='ocr_par' dir='ltr' id='par_1_82' title="bbox 389 4785 1950 4854">
     <span class='ocr_line' id='line_1_82' title="bbox 389 4785 1950 4854; baseline -0.003 -11"><span class='ocrx_word' id='word_1_569' title='bbox 389 4796 536 4848; x_wconf 70' lang='grc' dir='ltr'><strong>ἄλλοι</strong></span> <span class='ocrx_word' id='word_1_570' title='bbox 560 4794 614 4844; x_wconf 75' lang='grc' dir='ltr'><strong>δὲ</strong></span> <span class='ocrx_word' id='word_1_571' title='bbox 640 4792 732 4843; x_wconf 80' lang='grc' dir='ltr'><strong>καὶ</strong></span> <span class='ocrx_word' id='word_1_572' title='bbox 765 4789 911 4844; x_wconf 78' lang='grc' dir='ltr'><strong>ἄλλοι</strong></span> <span class='ocrx_word' id='word_1_573' title='bbox 944 4789 1009 4840; x_wconf 82' lang='grc' dir='ltr'><strong>δι’</strong></span> <span class='ocrx_word' id='word_1_574' title='bbox 1040 4788 1228 4849; x_wconf 80' lang='grc' dir='ltr'><strong>ἄλλους</strong></span> <span class='ocrx_word' id='word_1_575' title='bbox 1263 4785 1748 4854; x_wconf 79' lang='grc' dir='ltr'><strong>προπηλακισμούς</strong></span> <span class='ocrx_word' id='word_1_576' title='bbox 1774 4802 1831 4837; x_wconf 90' lang='grc' dir='ltr'><strong>τε</strong></span> <span class='ocrx_word' id='word_1_577' title='bbox 1858 4787 1950 4840; x_wconf 74' lang='grc' dir='ltr'><strong>καὶ</strong></span> 
     </span>
    </p>
   </div>
   <div class='ocr_carea' id='block_1_83' title="bbox 390 4875 1949 4952">
    <p class='ocr_par' dir='ltr' id='par_1_83' title="bbox 390 4875 1949 4952">
     <span class='ocr_line' id='line_1_83' title="bbox 390 4875 1949 4952; baseline -0.004 -18"><span class='ocrx_word' id='word_1_578' title='bbox 390 4883 695 4952; x_wconf 78' lang='grc' dir='ltr'><strong>παροινίας,</strong></span> <span class='ocrx_word' id='word_1_579' title='bbox 744 4881 772 4932; x_wconf 87' lang='grc' dir='ltr'>ὁ</span> <span class='ocrx_word' id='word_1_580' title='bbox 816 4881 872 4933; x_wconf 83' lang='grc' dir='ltr'><strong>δὲ</strong></span> <span class='ocrx_word' id='word_1_581' title='bbox 920 4880 1217 4949; x_wconf 84' lang='grc' dir='ltr'><strong>μάγιστρος</strong></span> <span class='ocrx_word' id='word_1_582' title='bbox 1278 4875 1569 4939; x_wconf 72' lang='grc' dir='ltr'><strong>Ιίύστάθιος</strong></span> <span class='ocrx_word' id='word_1_583' title='bbox 1610 4878 1637 4926; x_wconf 83' lang='grc' dir='ltr'>ὁ</span> <span class='ocrx_word' id='word_1_584' title='bbox 1686 4875 1949 4938; x_wconf 80' lang='grc' dir='ltr'><strong>Μαλεῗνος</strong></span> 
     </span>
    </p>
   </div>
   <div class='ocr_carea' id='block_1_84' title="bbox 388 4967 1947 5040">
    <p class='ocr_par' dir='ltr' id='par_1_84' title="bbox 388 4967 1947 5040">
     <span class='ocr_line' id='line_1_84' title="bbox 388 4967 1947 5040; baseline -0.004 -16"><span class='ocrx_word' id='word_1_585' title='bbox 388 4974 477 5025; x_wconf 67' lang='grc' dir='ltr'><strong>διὰ</strong></span> <span class='ocrx_word' id='word_1_586' title='bbox 510 4972 569 5023; x_wconf 72' lang='grc' dir='ltr'><strong>τὸ</strong></span> <span class='ocrx_word' id='word_1_587' title='bbox 604 4972 813 5040; x_wconf 88' lang='grc' dir='ltr'><strong>ἀτίμως</strong></span> <span class='ocrx_word' id='word_1_588' title='bbox 846 4969 953 5023; x_wconf 83' lang='grc' dir='ltr'><strong>ἀπὸ</strong></span> <span class='ocrx_word' id='word_1_589' title='bbox 977 4969 1072 5038; x_wconf 79' lang='grc' dir='ltr'><strong>τῆς</strong></span> <span class='ocrx_word' id='word_1_590' title='bbox 1110 4968 1402 5038; x_wconf 82' lang='grc' dir='ltr'><strong>εἰρημένης</strong></span> <span class='ocrx_word' id='word_1_591' title='bbox 1434 4967 1787 5036; x_wconf 81' lang='grc' dir='ltr'><strong>ἐκστρατείας</strong></span> <span class='ocrx_word' id='word_1_592' title='bbox 1816 4968 1947 5018; x_wconf 84' lang='grc' dir='ltr'><strong>ἀπο-</strong></span> 
     </span>
    </p>
   </div>
   <div class='ocr_carea' id='block_1_85' title="bbox 391 5057 1947 5131">
    <p class='ocr_par' dir='ltr' id='par_1_85' title="bbox 391 5057 1947 5131">
     <span class='ocr_line' id='line_1_85' title="bbox 391 5057 1947 5131; baseline -0.004 -16"><span class='ocrx_word' id='word_1_593' title='bbox 391 5063 725 5131; x_wconf 67' lang='grc' dir='ltr'><strong>πεμφθῆναι,</strong></span> <span class='ocrx_word' id='word_1_594' title='bbox 753 5060 1220 5131; x_wconf 86' lang='grc' dir='ltr'><strong>συναθροισθέντες</strong></span> <span class='ocrx_word' id='word_1_595' title='bbox 1263 5063 1319 5112; x_wconf 89' lang='grc' dir='ltr'><strong>ἐν</strong></span> <span class='ocrx_word' id='word_1_596' title='bbox 1369 5059 1444 5128; x_wconf 78' lang='grc' dir='ltr'><strong>τῷ</strong></span> <span class='ocrx_word' id='word_1_597' title='bbox 1477 5057 1764 5126; x_wconf 85' lang='grc' dir='ltr'><strong>Χαρσιανῷ</strong></span> <span class='ocrx_word' id='word_1_598' title='bbox 1812 5058 1947 5109; x_wconf 80' lang='grc' dir='ltr'><strong>κατά</strong></span> 
     </span>
    </p>
   </div>
   <div class='ocr_carea' id='block_1_86' title="bbox 388 5148 1946 5222">
    <p class='ocr_par' dir='ltr' id='par_1_86' title="bbox 388 5148 1946 5222">
     <span class='ocr_line' id='line_1_86' title="bbox 388 5148 1946 5222; baseline -0.003 -16"><span class='ocrx_word' id='word_1_599' title='bbox 388 5154 480 5206; x_wconf 70' lang='grc' dir='ltr'><strong>τὸν</strong></span> <span class='ocrx_word' id='word_1_600' title='bbox 503 5149 645 5206; x_wconf 78' lang='grc' dir='ltr'><strong>οἷκον</strong></span> <span class='ocrx_word' id='word_1_601' title='bbox 676 5152 767 5206; x_wconf 78' lang='grc' dir='ltr'><strong>τοῦ</strong></span> <span class='ocrx_word' id='word_1_602' title='bbox 802 5151 1056 5222; x_wconf 78' lang='grc' dir='ltr'><strong>ῥηθέντος</strong></span> <span class='ocrx_word' id='word_1_603' title='bbox 1086 5148 1374 5211; x_wconf 85' lang='grc' dir='ltr'><strong>Μαλεῖνου,</strong></span> <span class='ocrx_word' id='word_1_604' title='bbox 1420 5155 1480 5200; x_wconf 88' lang='grc' dir='ltr'><strong>ιε’</strong></span> <span class='ocrx_word' id='word_1_605' title='bbox 1518 5148 1609 5201; x_wconf 83' lang='grc' dir='ltr'><strong>τοῦ</strong></span> <span class='ocrx_word' id='word_1_606' title='bbox 1640 5148 1946 5215; x_wconf 70' lang='grc' dir='ltr'><strong>Αὐγούστου</strong></span> 
     </span>
    </p>
   </div>
   <div class='ocr_carea' id='block_1_87' title="bbox 394 5239 1945 5315">
    <p class='ocr_par' dir='ltr' id='par_1_87' title="bbox 394 5239 1945 5315">
     <span class='ocr_line' id='line_1_87' title="bbox 394 5239 1945 5315; baseline -0.004 -20"><span class='ocrx_word' id='word_1_607' title='bbox 394 5244 582 5315; x_wconf 68' lang='grc' dir='ltr'><strong>μηνὲς,</strong></span> <span class='ocrx_word' id='word_1_608' title='bbox 619 5245 713 5313; x_wconf 77' lang='grc' dir='ltr'><strong>τῆς</strong></span> <span class='ocrx_word' id='word_1_609' title='bbox 745 5243 803 5297; x_wconf 88' lang='grc' dir='ltr'><strong>ιε’</strong></span> <span class='ocrx_word' id='word_1_610' title='bbox 834 5240 1179 5306; x_wconf 77' lang='grc' dir='ltr'><strong>ἱνδικτιῶνος,</strong></span> <span class='ocrx_word' id='word_1_611' title='bbox 1221 5239 1429 5307; x_wconf 82' lang='grc' dir='ltr'><strong>Βάρδαν</strong></span> <span class='ocrx_word' id='word_1_612' title='bbox 1464 5239 1553 5291; x_wconf 84' lang='grc' dir='ltr'><strong>τὸν</strong></span> <span class='ocrx_word' id='word_1_613' title='bbox 1579 5240 1769 5291; x_wconf 80' lang='grc' dir='ltr'><strong>Φωκᾶν</strong></span> <span class='ocrx_word' id='word_1_614' title='bbox 1807 5240 1945 5291; x_wconf 83' lang='grc' dir='ltr'><strong>ἀνεῖ-</strong></span> 
     </span>
    </p>
   </div>
   <div class='ocr_carea' id='block_1_88' title="bbox 2134 3696 3623 3765">
    <p class='ocr_par' dir='ltr' id='par_1_88' title="bbox 2134 3696 3623 3765">
     <span class='ocr_line' id='line_1_88' title="bbox 2134 3696 3623 3765; baseline 0.001 -16"><span class='ocrx_word' id='word_1_615' title='bbox 2134 3696 2430 3752; x_wconf 89' lang='lat' dir='ltr'><strong>lndictione</strong></span> <span class='ocrx_word' id='word_1_616' title='bbox 2460 3698 2542 3762; x_wconf 77' lang='lat' dir='ltr'><strong>I5,</strong></span> <span class='ocrx_word' id='word_1_617' title='bbox 2580 3715 2723 3754; x_wconf 86' lang='lat' dir='ltr'><strong>anno</strong></span> <span class='ocrx_word' id='word_1_618' title='bbox 2750 3698 2936 3754; x_wconf 88' lang='lat' dir='ltr'><strong>mundi</strong></span> <span class='ocrx_word' id='word_1_619' title='bbox 2962 3700 3126 3765; x_wconf 65' lang='lat'><strong>.6494,</strong></span> <span class='ocrx_word' id='word_1_620' title='bbox 3160 3714 3345 3753; x_wconf 92' lang='lat' dir='ltr'><strong>mense</strong></span> <span class='ocrx_word' id='word_1_621' title='bbox 3384 3698 3623 3753; x_wconf 50' lang='lat' dir='ltr'><strong>Octobri.</strong></span> 
     </span>
    </p>
   </div>
   <div class='ocr_carea' id='block_1_89' title="bbox 2065 3788 3625 3857">
    <p class='ocr_par' dir='ltr' id='par_1_89' title="bbox 2065 3788 3625 3857">
     <span class='ocr_line' id='line_1_89' title="bbox 2065 3788 3625 3857; baseline 0 -15"><span class='ocrx_word' id='word_1_622' title='bbox 2065 3798 2207 3843; x_wconf 89' lang='lat' dir='ltr'><strong>terra</strong></span> <span class='ocrx_word' id='word_1_623' title='bbox 2248 3788 2600 3843; x_wconf 80' lang='lat' dir='ltr'><strong>vehementer</strong></span> <span class='ocrx_word' id='word_1_624' title='bbox 2658 3806 2925 3843; x_wconf 91' lang='lat' dir='ltr'><strong>concussa</strong></span> <span class='ocrx_word' id='word_1_625' title='bbox 2990 3790 3171 3843; x_wconf 72' lang='lat' dir='ltr'><strong>multae</strong></span> <span class='ocrx_word' id='word_1_626' title='bbox 3222 3789 3415 3842; x_wconf 87' lang='lat' dir='ltr'><strong>domus</strong></span> <span class='ocrx_word' id='word_1_627' title='bbox 3464 3798 3625 3857; x_wconf 85' lang='lat' dir='ltr'><strong>atque</strong></span> 
     </span>
    </p>
   </div>
   <div class='ocr_carea' id='block_1_90' title="bbox 2065 3879 3622 3949">
    <p class='ocr_par' dir='ltr' id='par_1_90' title="bbox 2065 3879 3622 3949">
     <span class='ocr_line' id='line_1_90' title="bbox 2065 3879 3622 3949; baseline 0 -17"><span class='ocrx_word' id='word_1_628' title='bbox 2065 3880 2266 3947; x_wconf 89' lang='lat' dir='ltr'><strong>templa</strong></span> <span class='ocrx_word' id='word_1_629' title='bbox 2286 3892 2610 3935; x_wconf 87' lang='lat' dir='ltr'><strong>corruerunt</strong></span> <span class='ocrx_word' id='word_1_630' title='bbox 2630 3892 2683 3933; x_wconf 88' lang='lat' dir='ltr'><strong>et</strong></span> <span class='ocrx_word' id='word_1_631' title='bbox 2710 3896 2836 3949; x_wconf 88' lang='lat' dir='ltr'><strong>pars</strong></span> <span class='ocrx_word' id='word_1_632' title='bbox 2862 3880 3090 3949; x_wconf 76' lang='lat' dir='ltr'><strong>Sphaerze</strong></span> <span class='ocrx_word' id='word_1_633' title='bbox 3118 3880 3319 3949; x_wconf 82' lang='lat' dir='ltr'><strong>Magnae</strong></span> <span class='ocrx_word' id='word_1_634' title='bbox 3340 3879 3434 3933; x_wconf 89' lang='lat' dir='ltr'><strong>Dei</strong></span> <span class='ocrx_word' id='word_1_635' title='bbox 3470 3880 3622 3933; x_wconf 72' lang='lat' dir='ltr'><strong>aedis.</strong></span> 
     </span>
    </p>
   </div>
   <div class='ocr_carea' id='block_1_91' title="bbox 2064 3972 3625 4045">
    <p class='ocr_par' dir='ltr' id='par_1_91' title="bbox 2064 3972 3625 4045">
     <span class='ocr_line' id='line_1_91' title="bbox 2064 3972 3625 4045; baseline -0.003 -18"><span class='ocrx_word' id='word_1_636' title='bbox 2064 3972 2235 4039; x_wconf 87' lang='lat' dir='ltr'><strong>Quam</strong></span> <span class='ocrx_word' id='word_1_637' title='bbox 2254 3975 2549 4044; x_wconf 87' lang='lat' dir='ltr'><strong>imperator</strong></span> <span class='ocrx_word' id='word_1_638' title='bbox 2588 3975 2871 4045; x_wconf 87' lang='lat' dir='ltr'><strong>magnifice</strong></span> <span class='ocrx_word' id='word_1_639' title='bbox 2905 3975 3113 4037; x_wconf 79' lang='lat' dir='ltr'><strong>refecit,</strong></span> <span class='ocrx_word' id='word_1_640' title='bbox 3148 3974 3411 4042; x_wconf 82' lang='lat' dir='ltr'><strong>impensis</strong></span> <span class='ocrx_word' id='word_1_641' title='bbox 3439 3972 3493 4025; x_wconf 91' lang='lat' dir='ltr'><strong>in</strong></span> <span class='ocrx_word' id='word_1_642' title='bbox 3535 3988 3625 4027; x_wconf 85' lang='lat' dir='ltr'><strong>Sn-</strong></span> 
     </span>
    </p>
   </div>
   <div class='ocr_carea' id='block_1_92' title="bbox 2064 4064 3623 4134">
    <p class='ocr_par' dir='ltr' id='par_1_92' title="bbox 2064 4064 3623 4134">
     <span class='ocr_line' id='line_1_92' title="bbox 2064 4064 3623 4134; baseline 0 -17"><span class='ocrx_word' id='word_1_643' title='bbox 2064 4065 2141 4119; x_wconf 91' lang='lat' dir='ltr'><strong>las</strong></span> <span class='ocrx_word' id='word_1_644' title='bbox 2182 4066 2462 4119; x_wconf 88' lang='lat' dir='ltr'><strong>machinas</strong></span> <span class='ocrx_word' id='word_1_645' title='bbox 2509 4066 2705 4134; x_wconf 89' lang='lat' dir='ltr'><strong>quibus</strong></span> <span class='ocrx_word' id='word_1_646' title='bbox 2756 4064 2892 4119; x_wconf 90' lang='lat' dir='ltr'><strong>fabri</strong></span> <span class='ocrx_word' id='word_1_647' title='bbox 2957 4064 3272 4119; x_wconf 87' lang='lat' dir='ltr'><strong>insistentes</strong></span> <span class='ocrx_word' id='word_1_648' title='bbox 3340 4064 3623 4117; x_wconf 89' lang='lat' dir='ltr'><strong>materiam</strong></span> 
     </span>
    </p>
   </div>
   <div class='ocr_carea' id='block_1_93' title="bbox 2061 4153 3622 4225">
    <p class='ocr_par' dir='ltr' id='par_1_93' title="bbox 2061 4153 3622 4225">
     <span class='ocr_line' id='line_1_93' title="bbox 2061 4153 3622 4225; baseline -0.003 -16"><span class='ocrx_word' id='word_1_649' title='bbox 2061 4171 2273 4210; x_wconf 89' lang='lat' dir='ltr'><strong>sursum</strong></span> <span class='ocrx_word' id='word_1_650' title='bbox 2300 4165 2582 4210; x_wconf 87' lang='lat' dir='ltr'><strong>attractam</strong></span> <span class='ocrx_word' id='word_1_651' title='bbox 2614 4156 2955 4225; x_wconf 82' lang='lat' dir='ltr'><strong>excipiebant</strong></span> <span class='ocrx_word' id='word_1_652' title='bbox 3003 4166 3056 4209; x_wconf 90' lang='lat' dir='ltr'><strong>et</strong></span> <span class='ocrx_word' id='word_1_653' title='bbox 3090 4155 3237 4224; x_wconf 89' lang='lat' dir='ltr'><strong>operi</strong></span> <span class='ocrx_word' id='word_1_654' title='bbox 3269 4153 3622 4217; x_wconf 79' lang='lat' dir='ltr'><strong>adhibebant,</strong></span> 
     </span>
    </p>
   </div>
   <div class='ocr_carea' id='block_1_94' title="bbox 2059 4245 2765 4299">
    <p class='ocr_par' dir='ltr' id='par_1_94' title="bbox 2059 4245 2765 4299">
     <span class='ocr_line' id='line_1_94' title="bbox 2059 4245 2765 4299; baseline 0.004 -3"><span class='ocrx_word' id='word_1_655' title='bbox 2059 4245 2388 4297; x_wconf 85' lang='lat' dir='ltr'><strong>centenariis</strong></span> <span class='ocrx_word' id='word_1_656' title='bbox 2420 4246 2535 4297; x_wconf 87' lang='lat' dir='ltr'><strong>auri</strong></span> <span class='ocrx_word' id='word_1_657' title='bbox 2558 4247 2765 4299; x_wconf 85' lang='lat' dir='ltr'><strong>decem.</strong></span> 
     </span>
    </p>
   </div>
   <div class='ocr_carea' id='block_1_95' title="bbox 2129 4421 3620 4493">
    <p class='ocr_par' dir='ltr' id='par_1_95' title="bbox 2129 4421 3620 4493">
     <span class='ocr_line' id='line_1_95' title="bbox 2129 4421 3620 4493; baseline 0 -19"><span class='ocrx_word' id='word_1_658' title='bbox 2129 4421 2348 4475; x_wconf 91' lang='lat' dir='ltr'><strong>Interim</strong></span> <span class='ocrx_word' id='word_1_659' title='bbox 2413 4422 2642 4477; x_wconf 79' lang='lat' dir='ltr'><strong>Romani</strong></span> <span class='ocrx_word' id='word_1_660' title='bbox 2731 4423 2942 4493; x_wconf 89' lang='lat' dir='ltr'><strong>imperii</strong></span> <span class='ocrx_word' id='word_1_661' title='bbox 3010 4437 3261 4492; x_wconf 86' lang='lat' dir='ltr'><strong>proceres</strong></span> <span class='ocrx_word' id='word_1_662' title='bbox 3310 4421 3620 4492; x_wconf 89' lang='lat' dir='ltr'><strong>imperatori</strong></span> 
     </span>
    </p>
   </div>
   <div class='ocr_carea' id='block_1_96' title="bbox 2059 4513 3618 4583">
    <p class='ocr_par' dir='ltr' id='par_1_96' title="bbox 2059 4513 3618 4583">
     <span class='ocr_line' id='line_1_96' title="bbox 2059 4513 3618 4583; baseline 0 -18"><span class='ocrx_word' id='word_1_663' title='bbox 2059 4525 2460 4578; x_wconf 87' lang='lat' dir='ltr'><strong>succensentes,</strong></span> <span class='ocrx_word' id='word_1_664' title='bbox 2488 4514 2694 4569; x_wconf 87' lang='lat' dir='ltr'><strong>Phocas</strong></span> <span class='ocrx_word' id='word_1_665' title='bbox 2746 4514 2946 4568; x_wconf 87' lang='lat' dir='ltr'><strong>Bardas</strong></span> <span class='ocrx_word' id='word_1_666' title='bbox 2982 4524 3034 4568; x_wconf 90' lang='lat' dir='ltr'><strong>et</strong></span> <span class='ocrx_word' id='word_1_667' title='bbox 3067 4514 3283 4583; x_wconf 87' lang='lat' dir='ltr'><strong>quidam</strong></span> <span class='ocrx_word' id='word_1_668' title='bbox 3324 4529 3445 4568; x_wconf 87' lang='lat' dir='ltr'><strong>cum</strong></span> <span class='ocrx_word' id='word_1_669' title='bbox 3482 4513 3618 4583; x_wconf 82' lang='lat' dir='ltr'><strong>ipso,</strong></span> 
     </span>
    </p>
   </div>
   <div class='ocr_carea' id='block_1_97' title="bbox 805 4603 2546 4680">
    <p class='ocr_par' dir='ltr' id='par_1_97' title="bbox 805 4603 2544 4680">
     <span class='ocr_line' id='line_1_97' title="bbox 805 4603 2544 4680; baseline -0.001 -20"><span class='ocrx_word' id='word_1_670' title='bbox 805 4606 1141 4676; x_wconf 80' lang='grc' dir='ltr'><strong>Βουλγαρίαν</strong></span> <span class='ocrx_word' id='word_1_671' title='bbox 1214 4604 1618 4675; x_wconf 78' lang='grc' dir='ltr'><strong>ἐκστρατεύσας</strong></span> <span class='ocrx_word' id='word_1_672' title='bbox 1673 4603 1952 4672; x_wconf 83' lang='grc' dir='ltr'><strong>ὑπερεῖδεν</strong></span> <span class='ocrx_word' id='word_1_673' title='bbox 1987 4627 2027 4680; x_wconf 84' lang='lat' dir='ltr'><strong>D</strong></span> <span class='ocrx_word' id='word_1_674' title='bbox 2057 4606 2199 4673; x_wconf 86' lang='lat' dir='ltr'><strong>quod</strong></span> <span class='ocrx_word' id='word_1_675' title='bbox 2247 4604 2544 4674; x_wconf 83' lang='lat' dir='ltr'><strong>Bulgaricat</strong></span> 
     </span>
    </p>
   </div>
   <div class='ocr_carea' id='block_1_98' title="bbox 1879 4603 3620 4680">
    <p class='ocr_par' dir='ltr' id='par_1_98' title="bbox 1879 4603 3620 4680">
     <span class='ocr_line' id='line_1_98' title="bbox 1879 4603 3620 4680; baseline 0.002 -25"><span class='ocrx_word' id='word_1_676' title='bbox 1879 4603 1952 4656; x_wconf 80' lang='grc' dir='ltr'><strong>Ξεν</strong></span> <span class='ocrx_word' id='word_1_677' title='bbox 1987 4627 2027 4680; x_wconf 84' lang='lat' dir='ltr'><strong>D</strong></span> <span class='ocrx_word' id='word_1_678' title='bbox 2057 4606 2199 4673; x_wconf 86' lang='lat' dir='ltr'><strong>quod</strong></span> <span class='ocrx_word' id='word_1_679' title='bbox 2247 4604 2580 4674; x_wconf 87' lang='lat' dir='ltr'><strong>Bulgaricam</strong></span> <span class='ocrx_word' id='word_1_680' title='bbox 2670 4608 2957 4661; x_wconf 90' lang='lat' dir='ltr'><strong>instituens</strong></span> <span class='ocrx_word' id='word_1_681' title='bbox 3012 4607 3414 4674; x_wconf 78' lang='lat' dir='ltr'><strong>expeditionem</strong></span> <span class='ocrx_word' id='word_1_682' title='bbox 3473 4606 3620 4674; x_wconf 71' lang='lat' dir='ltr'><strong>ipsHs</strong></span> 
     </span>
    </p>
   </div>
   <div class='ocr_carea' id='block_1_99' title="bbox 2058 4697 3617 4766">
    <p class='ocr_par' dir='ltr' id='par_1_99' title="bbox 2058 4697 3617 4766">
     <span class='ocr_line' id='line_1_99' title="bbox 2058 4697 3617 4766; baseline 0.001 -17"><span class='ocrx_word' id='word_1_683' title='bbox 2058 4698 2637 4766; x_wconf 78' lang='lat' dir='ltr'><strong>sprevissetmdloque</strong></span> <span class='ocrx_word' id='word_1_684' title='bbox 2694 4714 2921 4751; x_wconf 91' lang='lat' dir='ltr'><strong>numero</strong></span> <span class='ocrx_word' id='word_1_685' title='bbox 2978 4698 3275 4758; x_wconf 85' lang='lat' dir='ltr'><strong>habuisset.</strong></span> <span class='ocrx_word' id='word_1_686' title='bbox 3326 4697 3415 4751; x_wconf 90' lang='lat' dir='ltr'><strong>alii</strong></span> <span class='ocrx_word' id='word_1_687' title='bbox 3479 4698 3617 4750; x_wconf 87' lang='lat' dir='ltr'><strong>alias</strong></span> 
     </span>
    </p>
   </div>
   <div class='ocr_carea' id='block_1_100' title="bbox 2056 4788 3611 4859">
    <p class='ocr_par' dir='ltr' id='par_1_100' title="bbox 2056 4788 3611 4859">
     <span class='ocr_line' id='line_1_100' title="bbox 2056 4788 3611 4859; baseline -0.003 -17"><span class='ocrx_word' id='word_1_688' title='bbox 2056 4790 2125 4842; x_wconf 93' lang='lat' dir='ltr'><strong>ob</strong></span> <span class='ocrx_word' id='word_1_689' title='bbox 2173 4789 2546 4852; x_wconf 85' lang='lat' dir='ltr'><strong>contumelias,</strong></span> <span class='ocrx_word' id='word_1_690' title='bbox 2640 4788 2952 4843; x_wconf 83' lang='lat' dir='ltr'><strong>Eustathius</strong></span> <span class='ocrx_word' id='word_1_691' title='bbox 3007 4790 3260 4859; x_wconf 81' lang='lat' dir='ltr'><strong>magister</strong></span> <span class='ocrx_word' id='word_1_692' title='bbox 3330 4789 3611 4853; x_wconf 65' lang='lat' dir='ltr'><strong>MaleinUs,</strong></span> 
     </span>
    </p>
   </div>
   <div class='ocr_carea' id='block_1_101' title="bbox 2056 4876 3612 4947">
    <p class='ocr_par' dir='ltr' id='par_1_101' title="bbox 2056 4876 3612 4947">
     <span class='ocr_line' id='line_1_101' title="bbox 2056 4876 3612 4947; baseline 0.003 -20"><span class='ocrx_word' id='word_1_693' title='bbox 2056 4876 2195 4944; x_wconf 92' lang='lat' dir='ltr'><strong>quod</strong></span> <span class='ocrx_word' id='word_1_694' title='bbox 2230 4876 2582 4945; x_wconf 83' lang='lat' dir='ltr'><strong>ignominioso</strong></span> <span class='ocrx_word' id='word_1_695' title='bbox 2608 4893 2635 4929; x_wconf 93' lang='lat' dir='ltr'><strong>a</strong></span> <span class='ocrx_word' id='word_1_696' title='bbox 2667 4878 2808 4931; x_wconf 81' lang='lat' dir='ltr'><strong>dicta</strong></span> <span class='ocrx_word' id='word_1_697' title='bbox 2848 4878 3188 4947; x_wconf 78' lang='lat' dir='ltr'><strong>expeditione</strong></span> <span class='ocrx_word' id='word_1_698' title='bbox 3216 4878 3393 4932; x_wconf 90' lang='lat' dir='ltr'><strong>fuerat</strong></span> <span class='ocrx_word' id='word_1_699' title='bbox 3423 4879 3612 4932; x_wconf 79' lang='lat' dir='ltr'><strong>dimis-</strong></span> 
     </span>
    </p>
   </div>
   <div class='ocr_carea' id='block_1_102' title="bbox 2056 4969 3613 5031">
    <p class='ocr_par' dir='ltr' id='par_1_102' title="bbox 2056 4969 3613 5031">
     <span class='ocr_line' id='line_1_102' title="bbox 2056 4969 3613 5031; baseline 0.002 -12"><span class='ocrx_word' id='word_1_700' title='bbox 2056 4982 2166 5031; x_wconf 89' lang='lat' dir='ltr'><strong>sus,</strong></span> <span class='ocrx_word' id='word_1_701' title='bbox 2198 4969 2477 5021; x_wconf 78' lang='lat' dir='ltr'><strong>(Zharsiani</strong></span> <span class='ocrx_word' id='word_1_702' title='bbox 2512 4969 2561 5020; x_wconf 91' lang='lat' dir='ltr'><strong>in</strong></span> <span class='ocrx_word' id='word_1_703' title='bbox 2582 4971 2741 5021; x_wconf 89' lang='lat' dir='ltr'><strong>domo</strong></span> <span class='ocrx_word' id='word_1_704' title='bbox 2795 4969 3005 5023; x_wconf 85' lang='lat' dir='ltr'><strong>Maleini</strong></span> <span class='ocrx_word' id='word_1_705' title='bbox 3048 4980 3307 5024; x_wconf 90' lang='lat' dir='ltr'><strong>coeuntes</strong></span> <span class='ocrx_word' id='word_1_706' title='bbox 3352 4971 3440 5025; x_wconf 90' lang='lat' dir='ltr'><strong>die</strong></span> <span class='ocrx_word' id='word_1_707' title='bbox 3498 4974 3613 5025; x_wconf 83' lang='lat' dir='ltr'><strong>Au-</strong></span> 
     </span>
    </p>
   </div>
   <div class='ocr_carea' id='block_1_103' title="bbox 2056 5058 3610 5129">
    <p class='ocr_par' dir='ltr' id='par_1_103' title="bbox 2056 5058 3610 5129">
     <span class='ocr_line' id='line_1_103' title="bbox 2056 5058 3610 5129; baseline 0.003 -20"><span class='ocrx_word' id='word_1_708' title='bbox 2056 5058 2195 5127; x_wconf 81' lang='lat' dir='ltr'><strong>gusti</strong></span> <span class='ocrx_word' id='word_1_709' title='bbox 2230 5059 2315 5122; x_wconf 81' lang='lat' dir='ltr'><strong>I5,</strong></span> <span class='ocrx_word' id='word_1_710' title='bbox 2359 5059 2651 5113; x_wconf 87' lang='lat' dir='ltr'><strong>indictione</strong></span> <span class='ocrx_word' id='word_1_711' title='bbox 2682 5060 2767 5122; x_wconf 81' lang='lat' dir='ltr'><strong>I5,</strong></span> <span class='ocrx_word' id='word_1_712' title='bbox 2818 5060 3045 5114; x_wconf 88' lang='lat' dir='ltr'><strong>Bardam</strong></span> <span class='ocrx_word' id='word_1_713' title='bbox 3106 5060 3339 5116; x_wconf 84' lang='lat' dir='ltr'><strong>Phocam</strong></span> <span class='ocrx_word' id='word_1_714' title='bbox 3384 5061 3610 5129; x_wconf 87' lang='lat' dir='ltr'><strong>impera-</strong></span> 
     </span>
    </p>
   </div>
   <div class='ocr_carea' id='block_1_104' title="bbox 2058 5148 3607 5218">
    <p class='ocr_par' dir='ltr' id='par_1_104' title="bbox 2058 5148 3607 5218">
     <span class='ocr_line' id='line_1_104' title="bbox 2058 5148 3607 5218; baseline 0.001 -17"><span class='ocrx_word' id='word_1_715' title='bbox 2058 5159 2227 5202; x_wconf 86' lang='lat' dir='ltr'><strong>torem</strong></span> <span class='ocrx_word' id='word_1_716' title='bbox 2251 5149 2536 5218; x_wconf 88' lang='lat' dir='ltr'><strong>designant</strong></span> <span class='ocrx_word' id='word_1_717' title='bbox 2564 5148 2977 5218; x_wconf 89' lang='lat' dir='ltr'><strong>diademateque</strong></span> <span class='ocrx_word' id='word_1_718' title='bbox 3010 5160 3062 5203; x_wconf 92' lang='lat' dir='ltr'><strong>et</strong></span> <span class='ocrx_word' id='word_1_719' title='bbox 3087 5150 3205 5203; x_wconf 85' lang='lat' dir='ltr'><strong>aliis</strong></span> <span class='ocrx_word' id='word_1_720' title='bbox 3227 5149 3445 5218; x_wconf 88' lang='lat' dir='ltr'><strong>imperii</strong></span> <span class='ocrx_word' id='word_1_721' title='bbox 3474 5151 3607 5203; x_wconf 89' lang='lat' dir='ltr'><strong>insi-</strong></span> 
     </span>
    </p>
   </div>
   <div class='ocr_carea' id='block_1_105' title="bbox 2054 5238 3603 5311">
    <p class='ocr_par' dir='ltr' id='par_1_105' title="bbox 2054 5238 3603 5311">
     <span class='ocr_line' id='line_1_105' title="bbox 2054 5238 3603 5311; baseline 0.001 -20"><span class='ocrx_word' id='word_1_722' title='bbox 2054 5239 2247 5309; x_wconf 85' lang='lat' dir='ltr'><strong>gnibus</strong></span> <span class='ocrx_word' id='word_1_723' title='bbox 2268 5248 2551 5291; x_wconf 76' lang='lat' dir='ltr'><strong>exornant.</strong></span> <span class='ocrx_word' id='word_1_724' title='bbox 2571 5238 2741 5291; x_wconf 85' lang='lat' dir='ltr'><strong>Simul</strong></span> <span class='ocrx_word' id='word_1_725' title='bbox 2778 5240 3134 5293; x_wconf 84' lang='lat' dir='ltr'><strong>nuntiabatur</strong></span> <span class='ocrx_word' id='word_1_726' title='bbox 3168 5238 3368 5292; x_wconf 90' lang='lat' dir='ltr'><strong>Durum</strong></span> <span class='ocrx_word' id='word_1_727' title='bbox 3392 5255 3421 5293; x_wconf 91' lang='lat' dir='ltr'><strong>e</strong></span> <span class='ocrx_word' id='word_1_728' title='bbox 3451 5238 3603 5311; x_wconf 77' lang='lat' dir='ltr'><strong>Syria</strong></span> 
     </span>
    </p>
   </div>
   <div class='ocr_carea' id='block_1_106' title="bbox 1497 5396 2451 5455">
    <p class='ocr_par' dir='ltr' id='par_1_106' title="bbox 1497 5396 2451 5455">
     <span class='ocr_line' id='line_1_106' title="bbox 1497 5396 2451 5455; baseline 0.005 -5"><span class='ocrx_word' id='word_1_729' title='bbox 1497 5396 1846 5452; x_wconf 73' lang='lat' dir='ltr'><strong>XYLANDBI</strong></span> <span class='ocrx_word' id='word_1_730' title='bbox 1888 5397 1975 5453; x_wconf 83' lang='lat' dir='ltr'><strong>ET</strong></span> <span class='ocrx_word' id='word_1_731' title='bbox 2008 5398 2215 5453; x_wconf 74' lang='lat' dir='ltr'><strong>GOARI</strong></span> <span class='ocrx_word' id='word_1_732' title='bbox 2247 5400 2451 5455; x_wconf 70' lang='grc' dir='ltr'><strong>ΝΟΤᾹΞ</strong></span> 
     </span>
    </p>
   </div>
   <div class='ocr_carea' id='block_1_107' title="bbox 458 5490 2199 5566">
    <p class='ocr_par' dir='ltr' id='par_1_107' title="bbox 458 5490 2199 5566">
     <span class='ocr_line' id='line_1_107' title="bbox 458 5490 2199 5566; baseline 0 -22"><span class='ocrx_word' id='word_1_733' title='bbox 458 5493 573 5566; x_wconf 70' lang='grc' dir='ltr'><strong>(Η)</strong></span> <span class='ocrx_word' id='word_1_734' title='bbox 602 5494 796 5555; x_wconf 86' lang='grc' dir='ltr'><strong>Κοντός</strong></span> <span class='ocrx_word' id='word_1_735' title='bbox 820 5493 963 5566; x_wconf 66' lang='lat' dir='ltr'><strong>enim</strong></span> <span class='ocrx_word' id='word_1_736' title='bbox 994 5492 1191 5547; x_wconf 74' lang='lat' dir='ltr'><strong>Graecis</strong></span> <span class='ocrx_word' id='word_1_737' title='bbox 1226 5506 1465 5560; x_wconf 79' lang='lat' dir='ltr'><strong>parvum,</strong></span> <span class='ocrx_word' id='word_1_738' title='bbox 1500 5490 1778 5553; x_wconf 78' lang='lat' dir='ltr'><strong>modicum,</strong></span> <span class='ocrx_word' id='word_1_739' title='bbox 1813 5492 1935 5542; x_wconf 70' lang='grc' dir='ltr'><strong>ιιι-ε·</strong></span> <span class='ocrx_word' id='word_1_740' title='bbox 2044 5492 2199 5545; x_wconf 73' lang='lat' dir='ltr'><strong>Tit-)6</strong></span> 
     </span>
    </p>
   </div>
   <div class='ocr_carea' id='block_1_108' title="bbox 1851 5490 3592 5566">
    <p class='ocr_par' dir='ltr' id='par_1_108' title="bbox 1851 5492 3592 5566">
     <span class='ocr_line' id='line_1_108' title="bbox 1851 5492 3592 5566; baseline 0.006 -25"><span class='ocrx_word' id='word_1_741' title='bbox 1851 5506 1935 5542; x_wconf 73' lang='grc' dir='ltr'><strong>Γε-</strong></span> <span class='ocrx_word' id='word_1_742' title='bbox 2044 5492 2154 5543; x_wconf 73' lang='lat' dir='ltr'><strong>Tito</strong></span> <span class='ocrx_word' id='word_1_743' title='bbox 2179 5493 2246 5566; x_wconf 78' lang='grc' dir='ltr'><strong>δέ</strong></span> <span class='ocrx_word' id='word_1_744' title='bbox 2270 5512 2360 5566; x_wconf 77' lang='grc' dir='ltr'><strong>μιν</strong></span> <span class='ocrx_word' id='word_1_745' title='bbox 2387 5498 2442 5566; x_wconf 85' lang='grc' dir='ltr'><strong>ἐν</strong></span> <span class='ocrx_word' id='word_1_746' title='bbox 2481 5495 2646 5566; x_wconf 74' lang='grc' dir='ltr'><strong>καρὸς</strong></span> <span class='ocrx_word' id='word_1_747' title='bbox 2675 5495 2821 5566; x_wconf 75' lang='grc' dir='ltr'><strong>αἴσῃ.</strong></span> <span class='ocrx_word' id='word_1_748' title='bbox 2857 5494 3209 5566; x_wconf 15' lang='grc' dir='ltr'><strong>υὺίίᾳυίόιιηι</strong></span> <span class='ocrx_word' id='word_1_749' title='bbox 3249 5498 3477 5565; x_wconf 75' lang='grc' dir='ltr'><strong>ἐγκαρός</strong></span> <span class='ocrx_word' id='word_1_750' title='bbox 3515 5500 3592 5552; x_wconf 85' lang='lat' dir='ltr'><strong>Ie-</strong></span> 
     </span>
    </p>
   </div>
   <div class='ocr_carea' id='block_1_109' title="bbox 387 5562 3593 5631">
    <p class='ocr_par' dir='ltr' id='par_1_109' title="bbox 387 5562 3593 5631">
     <span class='ocr_line' id='line_1_109' title="bbox 387 5562 3593 5631; baseline 0.002 -13"><span class='ocrx_word' id='word_1_751' title='bbox 387 5581 498 5619; x_wconf 75' lang='lat' dir='ltr'><strong>rem</strong></span> <span class='ocrx_word' id='word_1_752' title='bbox 533 5565 811 5631; x_wconf 62' lang='lat' dir='ltr'><strong>significat.</strong></span> <span class='ocrx_word' id='word_1_753' title='bbox 840 5562 1004 5617; x_wconf 64' lang='lat' dir='ltr'><strong>Gona.</strong></span> <span class='ocrx_word' id='word_1_754' title='bbox 2044 5571 2175 5627; x_wconf 72' lang='lat' dir='ltr'><strong>gunt</strong></span> <span class='ocrx_word' id='word_1_755' title='bbox 2228 5564 2378 5629; x_wconf 63' lang='lat' dir='ltr'><strong>5;év.</strong></span> <span class='ocrx_word' id='word_1_756' title='bbox 2410 5565 2515 5617; x_wconf 81' lang='lat' dir='ltr'><strong>Sed</strong></span> <span class='ocrx_word' id='word_1_757' title='bbox 2556 5562 2749 5617; x_wconf 37' lang='lat' dir='ltr'><strong>‘varias</strong></span> <span class='ocrx_word' id='word_1_758' title='bbox 2776 5562 2906 5630; x_wconf 72' lang='lat' dir='ltr'><strong>ejus</strong></span> <span class='ocrx_word' id='word_1_759' title='bbox 2955 5565 3170 5618; x_wconf 85' lang='lat' dir='ltr'><strong>dicterii</strong></span> <span class='ocrx_word' id='word_1_760' title='bbox 3224 5562 3593 5631; x_wconf 68' lang='lat' dir='ltr'><strong>expositiones</strong></span> 
     </span>
    </p>
   </div>
   <div class='ocr_carea' id='block_1_110' title="bbox 466 5632 3593 5703">
    <p class='ocr_par' dir='ltr' id='par_1_110' title="bbox 466 5632 3593 5703">
     <span class='ocr_line' id='line_1_110' title="bbox 466 5632 3593 5703; baseline 0.003 -19"><span class='ocrx_word' id='word_1_761' title='bbox 466 5632 580 5703; x_wconf 58' lang='grc' dir='ltr'><strong>(ἰὴ)</strong></span> <span class='ocrx_word' id='word_1_762' title='bbox 607 5633 787 5685; x_wconf 75' lang='lat' dir='ltr'><strong>Trulfi.</strong></span> <span class='ocrx_word' id='word_1_763' title='bbox 820 5633 984 5686; x_wconf 61' lang='lat' dir='ltr'><strong>Goan.</strong></span> <span class='ocrx_word' id='word_1_764' title='bbox 1643 5701 1653 5703; x_wconf 96' lang='lat'><em>_</em></span> <span class='ocrx_word' id='word_1_765' title='bbox 1682 5701 1688 5703; x_wconf 19' lang='grc' dir='ltr'>ν</span> <span class='ocrx_word' id='word_1_766' title='bbox 1855 5700 1903 5703; x_wconf 16' lang='lat'><strong>_»</strong></span> <span class='ocrx_word' id='word_1_767' title='bbox 2044 5632 2148 5703; x_wconf 75' lang='lat' dir='ltr'><strong>huc</strong></span> <span class='ocrx_word' id='word_1_768' title='bbox 2177 5633 2365 5703; x_wconf 77' lang='lat' dir='ltr'><strong>afferre</strong></span> <span class='ocrx_word' id='word_1_769' title='bbox 2420 5648 2526 5687; x_wconf 90' lang='lat' dir='ltr'><strong>non</strong></span> <span class='ocrx_word' id='word_1_770' title='bbox 2554 5634 2700 5694; x_wconf 89' lang='lat' dir='ltr'><strong>libet.</strong></span> <span class='ocrx_word' id='word_1_771' title='bbox 2750 5648 2871 5703; x_wconf 81' lang='lat' dir='ltr'><strong>cum</strong></span> <span class='ocrx_word' id='word_1_772' title='bbox 2899 5634 3106 5701; x_wconf 89' lang='lat' dir='ltr'><strong>possint</strong></span> <span class='ocrx_word' id='word_1_773' title='bbox 3127 5650 3191 5688; x_wconf 82' lang='lat' dir='ltr'><strong>ex</strong></span> <span class='ocrx_word' id='word_1_774' title='bbox 3222 5636 3508 5689; x_wconf 82' lang='lat' dir='ltr'><strong>scholiasta</strong></span> <span class='ocrx_word' id='word_1_775' title='bbox 3538 5648 3593 5694; x_wconf 89' lang='lat' dir='ltr'><strong>et</strong></span> 
     </span>
    </p>
   </div>
   <div class='ocr_carea' id='block_1_111' title="bbox 464 5700 2942 5772">
    <p class='ocr_par' dir='ltr' id='par_1_111' title="bbox 464 5700 2942 5772">
     <span class='ocr_line' id='line_1_111' title="bbox 464 5700 2942 5772; baseline 0 -18"><span class='ocrx_word' id='word_1_776' title='bbox 464 5700 582 5771; x_wconf 67' lang='grc' dir='ltr'><strong>(ιϐ)</strong></span> <span class='ocrx_word' id='word_1_777' title='bbox 634 5706 684 5754; x_wconf 85' lang='lat' dir='ltr'><strong>In</strong></span> <span class='ocrx_word' id='word_1_778' title='bbox 721 5708 958 5767; x_wconf 74' lang='lat' dir='ltr'><strong>margine</strong></span> <span class='ocrx_word' id='word_1_779' title='bbox 1006 5711 1088 5754; x_wconf 89' lang='lat' dir='ltr'><strong>est</strong></span> <span class='ocrx_word' id='word_1_780' title='bbox 1139 5715 1257 5754; x_wconf 82' lang='lat' dir='ltr'><strong>esse</strong></span> <span class='ocrx_word' id='word_1_781' title='bbox 1311 5706 1411 5757; x_wconf 89' lang='lat' dir='ltr'><strong>hoc</strong></span> <span class='ocrx_word' id='word_1_782' title='bbox 1448 5700 1941 5772; x_wconf 55' lang='lat' dir='ltr'><strong>proverbium.Sic</strong></span> <span class='ocrx_word' id='word_1_783' title='bbox 2045 5701 2322 5756; x_wconf 79' lang='lat' dir='ltr'><strong>Eustathio</strong></span> <span class='ocrx_word' id='word_1_784' title='bbox 2351 5718 2412 5756; x_wconf 87' lang='lat' dir='ltr'><strong>ac</strong></span> <span class='ocrx_word' id='word_1_785' title='bbox 2439 5703 2556 5758; x_wconf 83' lang='lat' dir='ltr'><strong>aliis</strong></span> <span class='ocrx_word' id='word_1_786' title='bbox 2590 5703 2777 5772; x_wconf 87' lang='lat' dir='ltr'><strong>repeti.</strong></span> <span class='ocrx_word' id='word_1_787' title='bbox 2810 5700 2942 5755; x_wconf 67' lang='lat' dir='ltr'><strong>Xrt.</strong></span> 
     </span>
    </p>
   </div>
   <div class='ocr_carea' id='block_1_112' title="bbox 389 5770 1937 5840">
    <p class='ocr_par' dir='ltr' id='par_1_112' title="bbox 389 5770 1937 5840">
     <span class='ocr_line' id='line_1_112' title="bbox 389 5770 1937 5840; baseline -0.003 -13"><span class='ocrx_word' id='word_1_788' title='bbox 389 5770 572 5827; x_wconf 73' lang='lat' dir='ltr'><strong>autem</strong></span> <span class='ocrx_word' id='word_1_789' title='bbox 616 5772 681 5826; x_wconf 82' lang='lat' dir='ltr'><strong>de</strong></span> <span class='ocrx_word' id='word_1_790' title='bbox 729 5776 1125 5840; x_wconf 73' lang='lat' dir='ltr'><strong>Agamemnone</strong></span> <span class='ocrx_word' id='word_1_791' title='bbox 1171 5775 1309 5839; x_wconf 90' lang='lat' dir='ltr'><strong>apud</strong></span> <span class='ocrx_word' id='word_1_792' title='bbox 1352 5770 1638 5829; x_wconf 84' lang='lat' dir='ltr'><strong>Homerum</strong></span> <span class='ocrx_word' id='word_1_793' title='bbox 1680 5770 1937 5836; x_wconf 79' lang='lat' dir='ltr'><strong>Achilles,</strong></span> 
     </span>
    </p>
   </div>
   <div class='ocr_carea' id='block_1_113' title="bbox 627 5868 3203 5942">
    <p class='ocr_par' dir='ltr' id='par_1_113' title="bbox 627 5868 3203 5942">
     <span class='ocr_line' id='line_1_113' title="bbox 627 5868 3203 5942; baseline 0.004 -11"><span class='ocrx_word' id='word_1_794' title='bbox 627 5868 893 5931; x_wconf 74' lang='grc' dir='ltr'><strong>ΡΔΤΒΟΙ..</strong></span> <span class='ocrx_word' id='word_1_795' title='bbox 938 5868 1047 5929; x_wconf 84' lang='lat' dir='ltr'><strong>Gn.</strong></span> <span class='ocrx_word' id='word_1_796' title='bbox 1095 5870 1342 5932; x_wconf 74' lang='lat' dir='ltr'><strong>CXXII.</strong></span> <span class='ocrx_word' id='word_1_797' title='bbox 3168 5878 3203 5942; x_wconf 88' lang='lat'><strong><em>6</em></strong></span> 
     </span>
    </p>
   </div>
  </div>
