4410 6442
383 407 488 476 173

1434 403 1516 463 111
1525 398 1849 462 STORIAB
1860 399 1973 459 UM
2000 396 2505 458 COMPENDIUM

3524 398 3629 466 ιιι

380 523 530 574 ταῖον
557 520 586 575 ὁ
612 520 877 589 Σκληρός,
925 518 1019 570 καὶ
1065 516 1367 569 ἐκτελέσειν
1414 517 1683 584 ὑπέσχετο
1706 515 1765 568 :0
1794 529 1955 567 κεκε-
1986 514 2034 574 Α
2061 511 2120 566 Cl

1883 529 1955 566 ιε·
1986 514 2034 574 Α
2061 511 2310 575 Chosroi,
2336 526 2569 582 moxque
2600 512 2773 581 aperti
2802 526 3069 578 carceres,
3129 510 3315 567 educti
3374 514 3624 577 Romani.

378 612 698 681 λευσμένον.
735 609 1130 680 Στρατεύμστα
1182 610 1365 679 μέντοι
1400 608 1582 661 λαϐεῖν
1630 606 1876 677 Ἀράϐων
1917 606 1949 675 ἢ

379 704 716 773 Σαρακηνῶν
755 703 787 771 ἢ
823 704 1027 768 ἐτέρων
1056 701 1226 754 ἐθνῶν
1255 701 1361 753 τῶν
1386 701 1464 768 τῷ
1487 700 1703 770 Χοσρόῃ
1727 700 1954 752 ὑποκει-

382 796 559 865 μένων
597 795 707 848 οὐδ’
736 796 871 856 ὅλως
909 796 1185 865 ἠνέσχετο,
1210 793 1308 856 τὰς
1353 794 1408 846 δὲ
1454 792 1697 861 φυλακάς
1757 792 1866 845 τῶν
1898 792 1956 843 ἐν

379 888 551 957 Συρία
584 886 790 940 πόλεων
817 885 1153 956 ἀναζητῆσαι
1178 885 1397 953 ἠξίωσε,
1424 884 1516 937 καὶ
1544 885 1668 947 τοὺς
1693 886 1748 936 ἐν
1770 885 1958 946 αύταῖς

381 978 786 1048 κρατουμένους
825 979 1132 1048 Ῥωμαίους
1179 977 1465 1043 ἐξαγαγεῖν
1489 978 1583 1030 καὶ
1606 977 1955 1039 καθοπλίσαι,

384 1072 526 1137 μετά
558 1069 765 1122 τούτων
798 1070 895 1123 καὶ
946 1068 1045 1121 οὐκ
1094 1068 1269 1131 ἄλλως
1332 1068 1505 1135 λέγων
1544 1065 1683 1121 εἶναι
1735 1067 1960 1120 δυνατὸν

382 1162 531 1229 αὐτῷ
564 1162 654 1214 τὸν
688 1163 824 1233 :90;
872 1162 998 1224 τοὺς
1038 1162 1253 1231 Πέρσας
1302 1160 1657 1224 ἀναδέξασθαι
1703 1159 1959 1228 πόλεμον.

397 1253 646 1317 Ἐδέξατο
684 1257 712 1306 ὁ
743 1254 990 1324 Χοσρόης
1016 1253 1106 1307 τὸν
1136 1253 1316 1320 λόγον,
1343 1253 1438 1307 καὶ
1465 1254 1521 1306 αί
1555 1252 1792 1320 φυλακαὶ
1821 1252 1958 1320 ταχὺ

383 1344 744 1413 ἁνεῴγνυντο,
772 1346 865 1398 καὶ
882 1347 928 1398 οί
948 1347 1003 1397 ἐν
1043 1346 1237 1408 αὐταῖς
1261 1343 1651 1414 ἠλευθεροῦντο
1674 1345 1959 1412 Ῥωμαῖοι,

385 1438 483 1489 καὶ
515 1436 981 1509 συνηθροίσθησαν
1013 1437 1121 1491 ἀπὸ
1152 1437 1361 1490 τούτων
1388 1436 1579 1506 ἄνδρες
1606 1435 1739 1505 ὁμοῦ
1755 1435 1963 1507 τρισχί-

386 1529 521 1581 λιοι·
551 1529 644 1593 οὒς
694 1531 774 1592 εἰς
820 1530 1076 1600 βαλανεῖα
1103 1531 1292 1592 ἐκδοὺς
1343 1528 1437 1581 καὶ
1486 1528 1576 1581 τὸν
1607 1530 1669 1580 ἐκ
1698 1528 1797 1595 τῆς
1830 1525 1963 1579 καθ-

390 1619 616 1685 είρξεως
659 1621 831 1689 ῥύπον
869 1621 1247 1694 ἁποκαθάρας,
1275 1620 1464 1691 ἐσθῆσί
1492 1636 1551 1673 τε
1616 1620 1710 1674 καὶ
1744 1618 1964 1691 περιϐο-

390 1709 510 1774 λαῖς
551 1715 765 1775 καιναῖς
796 1715 1104 1783 ἀμφιάσας,
1143 1714 1237 1765 καὶ
1278 1713 1494 1782 ἑκάστῳ
1530 1713 1629 1782 τὴν
1657 1712 1965 1781 προσήκουσ-

394 1819 493 1855 σαν
536 1804 629 1856 καὶ
682 1805 961 1874 ἀρκοῦσαν
1004 1807 1128 1869 δοὺς
1180 1804 1534 1875 παντευχίαν,
1592 1804 1819 1872 ὁδηγοὺς
1863 1804 1965 1874 τῆς

2063 612 2225 672 atque
2252 604 2353 657 hoc
2375 604 2535 658 modo
2589 603 2653 658 ad
2705 604 2805 657 tria
2868 604 3105 658 virorum
3149 604 3316 659 millia
3378 604 3625 659 collecta.

2063 691 2212 758 Quos
2240 691 2416 746 Durus
2448 693 2502 745 in
2539 693 2730 749 balnea
2762 694 2932 756 misit,
2965 695 3323 763 sordibusque
3375 706 3432 751 et
3464 712 3631 765 squa-

2067 786 2179 839 lore
2210 783 2262 837 in
2287 784 2517 838 vinculis
2546 795 2823 839 contracto
2851 784 3010 857 441
3059 786 3256 840 ablutis
3281 788 3435 842 novis
3465 788 3632 842 vesti-

2065 878 2168 932 bus
2202 876 2400 939 induit,
2427 886 2773 946 armatosque
2793 888 2849 932 ut
2877 879 3146 948 cujusque
3171 879 3405 933 rationes
3440 892 3633 949 postu-

2069 968 2270 1029 labant,
2298 967 2615 1022 ductoribus
2652 967 2862 1022 itineris
2878 969 3120 1031 adscitis,
3156 970 3303 1023 hunc
3335 970 3629 1024 exercitum

2068 1062 2123 1115 in
2150 1061 2347 1114 Persas
2378 1062 2543 1116 ducit.
2590 1060 2689 1117 Ubi
2743 1061 2981 1116 adversis
3035 1061 3203 1132 signis
3258 1078 3436 1133 pugna
3502 1064 3633 1118 inita

2067 1162 2170 1215 cst,
2209 1151 2438 1205 Romani
2470 1168 2649 1207 acrem
2706 1152 2971 1221 impetum
3021 1152 3075 1205 in
3112 1154 3298 1208 Persas
3336 1154 3488 1208 dant.
3533 1153 3636 1217 Qui

2069 1255 2124 1300 et
2152 1246 2333 1317 ignoto
2360 1256 2646 1299 armatum
2673 1259 2871 1316 genere
2899 1254 2954 1299 et
2984 1245 3195 1297 insueta
3227 1261 3356 1299 voce
3403 1260 3465 1299 ac
3523 1260 3637 1299 non

2071 1346 2195 1390 ante
2222 1354 2238 1379 ι
2258 1336 2335 1389 isa
2354 1334 2607 1389 ordinum
2645 1351 2705 1389 ac
2731 1351 2924 1406 pugnae
2950 1335 3181 1398 ratione.
3215 1336 3486 1405 pra-cipue
3508 1352 3637 1392 vero

2074 1425 2332 1480 violentia
2388 1425 2638 1479 incursus
2695 1425 2986 1495 perterriti,
3069 1424 3175 1479 fusi
3239 1433 3295 1478 et
3343 1426 3408 1479 ad
3468 1441 3639 1479 unum

2071 1534 2261 1573 omnes
2307 1518 2431 1573 cwsi
2490 1526 2639 1581 sunt,
2705 1533 2773 1571 ne
2821 1519 3014 1571 nuntio
3055 1517 3300 1586 quidem.
3359 1526 3416 1571 ut
3444 1528 3527 1572 est
3583 1519 3639 1572 in

2072 1608 2383 1680 proverbio,
2409 1608 2577 1664 cladis
2633 1609 2844 1663 relicto.
2897 1607 3018 1678 lpsc
3076 1608 3238 1663 ctiam
3299 1606 3524 1678 lnargus
3586 1607 3640 1660 in

2074 1699 2249 1769 prima
2279 1701 2394 1754 acie
2439 1700 2652 1754 cecidit.
2693 1698 2920 1753 Romani
2979 1700 3253 1769 ingentem
3303 1701 3539 1769 praedam
3585 1710 3643 1755 et

2077 1790 2339 1860 plurimos
2391 1806 2563 1861 equos
2608 1790 2788 1859 adcpti
2843 1805 3183 1860 nequaquam
3242 1790 3308 1844 ad
3361 1790 3641 1845 Cbosroen

391 1894 512 1947 ὸδοῦ
559 1897 737 1950 λαϐὼν
789 1899 955 1964 ἔξεισι
1019 1898 1135 1968 μετ’
1180 1898 1361 1951 αὐτῶν
1391 1898 1532 1950 κατὰ
1570 1898 1679 1951 τῶν
1719 1897 1965 1966 Περσῶν.
2004 1882 2045 1936 Β
2077 1898 2132 1937 τε

1900 1897 1965 1949 ιν,
2004 1882 2463 1937 Brevertcndum
2530 1882 2630 1937 sibi
2688 1883 2982 1947 duxerunt,
3047 1882 3143 1937 sed
3210 1882 3354 1935 viam
3404 1897 3527 1951 qua:
3587 1882 3641 1936 in

394 1986 701 2057 Γενομένης
722 1989 779 2043 δὲ
800 1991 1308 2061 ἀντιπαρατάξεως,
1340 1990 1435 2043 καὶ
1466 1990 1604 2059 μετά
1634 1988 1811 2060 ῥύμης
1838 2004 1967 2057 σφο-

392 2075 526 2143 δρᾶς
554 2076 662 2128 τῶν
700 2077 828 2147 περὶ
860 2078 952 2131 τὸν
998 2078 1240 2148 Σκληρδν
1293 2079 1629 2145 ἐπιθεμένων
1684 2080 1796 2139 τοῖς
1829 2079 1967 2148 Πέρ-

395 2182 539 2229 σαις,
558 2170 755 2220 ἐκεῖνοι
785 2169 862 2239 τῷ
894 2168 1029 2238 ξένῳ
1064 2170 1163 2237 τῆς
1194 2169 1570 2232 καθοπλίσεως
1600 2170 1692 2221 καὶ
1715 2169 1791 2239 τῷ
1811 2168 1969 2237 ἀήθει

392 2258 492 2325 τῆς
520 2260 700 2327 φωνῆς
732 2261 826 2312 καὶ
872 2261 949 2330 τῷ
987 2261 1250 2331 ἀγνώστῳ
1286 2261 1388 2329 τῆς
1414 2259 1791 2330 παρατάξεως,
1824 2259 1884 2312 τὸ
1915 2259 1971 2312 δέ

396 2349 557 2401 πλέον
588 2351 682 2403 καὶ
713 2355 776 2421 τῇ
804 2353 1036 2422 ραγδαία
1066 2355 1207 2424 φορᾷ
1239 2353 1330 2405 καὶ
1359 2352 1507 2422 ῥύμῃ
1534 2351 1643 2404 τῶν
1680 2350 1970 2418 Ῥωμαίων

395 2440 839 2509 καταπλαγέντες
860 2443 1156 2513 τρέπονται
1187 2446 1326 2497 κατά
1353 2445 1549 2513 κράτος
1582 2443 1674 2495 καὶ
1708 2442 1967 2493 πίπτουσι

397 2533 649 2594 ττινστδίι
693 2534 765 2595 ὡς
802 2534 925 2602 μηδ’
960 2534 1191 2602 ἄγγελον
1242 2536 1422 2603 (τοῦτο
1451 2534 1513 2601 δὴ
1559 2533 1619 2586 τὸ
1668 2532 1968 2602 τοῦλόγου)

399 2622 818 2693 περιλειφθῆναι
868 2626 965 2693 τῆς
1017 2627 1321 2694 συμφορᾶς,
1391 2624 1477 2696 [Ρ.
1532 2622 1656 2694 698]
1713 2624 1970 2683 πεσόντος

400 2715 495 2764 καὶ
526 2714 689 2766 αὐτοῦ
731 2714 971 2783 Ἰνάργου
1002 2716 1145 2769 κατὰ
1195 2718 1292 2784 τὴν
1346 2714 1669 2785 προσϐολην.
1722 2713 1887 2766 Λείαν
1924 2713 1969 2765 δ’

399 2806 480 2855 ὅτι
514 2806 711 2875 πολλὴν
731 2807 1153 2877 περιϐαλόμενοι
1185 2808 1279 2861 καὶ
1306 2809 1503 2869 ἵππους
1536 2807 1763 2875 συχνοὺς
1787 2804 1968 2857 οὐκέθ’

405 2897 745 2966 ὑποστρέψαι
785 2900 921 2969 πρὸς
964 2902 1237 2977 ’,Χοσρόην
1278 2900 1542 2966 ἔγνωσαν,
1572 2898 1707 2952 ἀλλὰ
1746 2900 1842 2968 τῆς
1878 2898 1969 2951 ἐπὶ

413 2988 723 3058 Ῥωμαίους
758 2990 999 3060 ἀγούσης
1040 2991 1309 3061 ἁψάμενοι
1354 2990 1449 3043 καὶ
1503 2991 1737 3058 συντόνῳ
1812 2990 2148 3059 χρησάμενοι
2202 2994 2267 3059 τῇ
2323 2990 2602 3057 ὁδοιπορίᾳ
2672 2989 2859 3043 ἔλαθον
2935 2989 3249 3060 διαδράντες

2072 1974 2373 2030 Romanam
2412 1975 2561 2029 ducit
2593 1974 2855 2029 ditionem
2912 1974 3139 2045 ingressi
3184 1975 3394 2044 magnis
3426 1975 3641 2029 itineri-

2072 2067 2173 2121 bus
2203 2068 2338 2121 clam
2382 2066 2670 2121 Saracenis
2689 2067 3017 2135 elTugerunt,
3046 2066 3214 2132 inque
3233 2080 3354 2119 eam
3377 2081 3643 2136 pervene—

2072 2168 2219 2213 runt.
2244 2159 2396 2213 Alius
2422 2159 2594 2213 fertur
2620 2174 2825 2221 sermo,
2853 2158 3132 2214 Romanos
3158 2158 3317 2215 victis
3361 2159 3547 2227 Persis
3575 2161 3641 2215 ad

2072 2249 2353 2304 Cltosrocn
2405 2251 2631 2305 rediisse
2686 2260 2742 2305 et
2789 2251 3101 2304 humaniter
3151 2249 3319 2305 fuisse
3362 2260 3641 2321 exceptus.

2076 2342 2211 2396 Eum
2232 2342 2395 2410 paulo
2443 2351 2567 2411 post
2597 2342 2703 2394 vita
2764 2341 3117 2396 excedentem
3163 2341 3387 2397 Chosroi
3432 2343 3542 2397 ﬁlio
3589 2354 3646 2399 ct

2079 2434 2384 2487 successori
2420 2438 2535 2502 Lsuo
2613 2434 2899 2487 mandasse
2952 2443 3011 2488 ut
3079 2432 3353 2489 Rornanos
3400 2434 3645 2489 adhibito

2080 2526 2334 2595 praesidio
2363 2525 2419 2578 in
2454 2526 2683 2594 patriam
2725 2526 2977 2580 deducat.
3036 2525 3161 2580 Sive
3209 2527 3313 2579 hoc
3377 2526 3492 2580 sive
3552 2526 3644 2581 illo

2079 2618 2261 2682 modo,
2300 2619 2351 2670 in
2389 2616 2662 2695 Romanos
2690 2618 2905 2686 quidem
2973 2617 3108 2671 fines
3154 2618 3401 2687 pervenit
3442 2618 3640 2681 Durus,

2077 2726 2309 2780 cumque
2367 2711 2596 2765 Bardam
2631 2712 2865 2765 l’ltocam
2907 2726 3026 2766 esse
3081 2710 3460 2780 imperatorem
3501 2711 3647 2765 ιιι-εί-

2079 2813 2303 2872 gnatum
2334 2804 2623 2869 inveniret,
2650 2804 2765 2873 ipse
2791 2818 3010 2873 quoque
3034 2818 3062 2857 a
3091 2803 3205 2858 suis
3258 2814 3343 2859 est
3378 2804 3646 2857 salutatus

2075 2899 2392 2967 imperator.

3326 2991 3419 3043 καὶ
3456 2988 3536 3053 είς
3580 2990 3649 3042 τά

404 3084 643 3156 σιρέτερα
678 3085 782 3155 ἢθη
813 3084 1193 3148 διασωθέντες.
1228 3085 1453 3155 ’Έτερος
1489 3084 1548 3136 δὲ
1575 3084 1729 3151 λόγος
1759 3082 1872 3153 ἔχει
1906 3082 1980 3146 ὡς
2022 3082 2161 3153 μετὰ
2190 3084 2289 3154 τὴν
2320 3086 2463 3136 κατὰ
2494 3083 2717 3152 Περσῶν
2782 3084 2938 3154 νίκην
2981 3083 3376 3145 ἐπανελθόντας
3434 3085 3649 3151 ἐδέξατο

404 3178 741 3247 φιλοφρόνως
782 3175 977 3241 αὐτοὺς
1005 3180 1031 3231 ό
1055 3176 1323 3246 Χοσρόης,
1389 3176 1481 3229 καὶ
1546 3177 1666 3228 ἐπεὶ
1712 3176 1831 3244 μετ’
1853 3175 2033 3241 ὀλίγον
2070 3174 2132 3227 τὸ
2160 3173 2261 3243 τῆς
2290 3175 2433 3243 ζωῆς
2475 3175 2636 3228 αὐτὸν
2684 3174 2886 3243 ἔφθασε
2920 3175 3093 3242 τέλος,
3128 3175 3408 3244 ἐπέσκηψε
3441 3178 3520 3248 τῷ
3547 3180 3651 3249 υίῷ

406 3273 502 3325 καὶ
547 3274 824 3344 ὁμωνύμῳ
874 3275 970 3329 καὶ
1026 3274 1142 3344 μετ’
1184 3275 1344 3327 αὑτὸν
1398 3272 1611 3339 βασιλεῖ
1650 3271 1969 3340 συμμαχίαν
2007 3271 2187 3325 δοῦναι
2222 3274 2335 3331 τοῖς
2374 3270 2670 3341 Ῥωμαίοις
2704 3274 2798 3327 καὶ
2826 3275 3010 3329 οἴκαδε
3031 3277 3267 3348 πέμψαι.
3301 3278 3409 3331 Καὶ
3463 3280 3491 3332 ὁ
3552 3279 3651 3347 μὲν

406 3364 648 3434 Σκληρδς
690 3366 771 3417 ἐνὶ
813 3365 921 3418 τῶν
962 3365 1267 3434 εἰρημένων
1304 3363 1523 3433 τρόπων
1552 3362 1649 3432 τὴν
1690 3362 1979 3431 Ῥωμαίων
2018 3361 2426 3431 καταλαμϐάνει
2494 3365 2619 3432 γῆν,
2678 3363 2853 3432 εὑρὼν
2904 3366 3117 3437 Βάρδαν
3185 3371 3276 3424 τὸν
3328 3373 3523 3426 Φωκᾶν
3575 3374 3652 3442 ὡς

407 3456 630 3525 βασιλέα
658 3458 1163 3526 ἀνευφημούμενον,
1212 3459 1305 3509 καὶ
1361 3455 1523 3519 αὐτὸς
1565 3456 1766 3525 ὁμοίως
1818 3454 1970 3526 παρὰ
2007 3454 2113 3507 τῶν
2149 3456 2416 3508 συνόντων
2449 3455 2953 3526 ἀνευφημούμενος.

483 3553 642 3607 Οὕτω
670 3554 727 3606 δὲ
759 3553 826 3607 τά
878 3553 1179 3623 πράγματα
1225 3550 1478 3622 εὑρηκὼς
1514 3552 1832 3621 διακείμενα
1865 3551 1983 3605 διά-
2013 3558 2055 3615 C
2161 3551 2224 3605 Ct

1909 3551 1983 3605 ,ά-
2013 3558 2055 3615 c
2161 3551 2295 3607 Cum
2328 3562 2510 3606 autem
2542 3552 2596 3606 in
2631 3552 2777 3607 hunc
2804 3570 2984 3610 rerum
3014 3568 3212 3613 statum
3266 3562 3566 3630 incidisset,
3596 3566 3650 3621 in

410 3663 575 3714 φόρος
601 3640 671 3716 ἦν
700 3645 792 3698 καὶ
824 3643 1068 3706 ποικίλος
1091 3646 1208 3706 ταῖς
1231 3645 1504 3712 γνώμαις⁹
1531 3643 1722 3696 ἑαυτὸν
1757 3643 1853 3711 μὲν
1874 3644 1980 3713 γὰρ

409 3736 801 3790 ἀσθενέστατον
825 3736 1036 3807 ἔκρινεν
1063 3737 1141 3800 είς
1176 3736 1236 3789 τὸ
1286 3737 1406 3789 καθ’
1435 3736 1627 3788 ἑαυτὸν
1664 3735 1823 3804 μόνον
1856 3751 1979 3787 συνο

407 3829 555 3897 ἐχειν
591 3830 687 3881 καὶ
709 3829 1020 3898 διακρατεῖν
1046 3830 1147 3898 τὴν
1171 3829 1507 3882 ἀποστασίαν
1530 3843 1543 3855 ·
1577 3828 1977 3897 προσχωρῆσαι

407 3920 464 3973 δὲ
489 3919 563 3989 τῷ
584 3921 746 3989 Φωκᾷ
783 3921 815 3989 ἦ
851 3920 926 3990 τῷ
963 3921 1172 3991 βασιλεί
1215 3921 1336 3975 λίαν
1385 3921 1611 3989 ἀγεννὲς
1670 3921 1822 3992 ᾠήθη
1886 3921 1980 3975 καὶ

404 4010 693 4081 ἄνανδρον.
728 4011 903 4065 Πολλὰ
931 4012 1061 4080 γοῦν
1087 4012 1482 4082 γνωματεύσας
1510 4012 1647 4084 μετὰ
1664 4014 1773 4066 τῶν
1797 4013 1981 4065 συνόν-

408 4122 539 4166 των,
571 4103 722 4164 τέλος
751 4104 810 4155 τὸ
842 4104 940 4172 μὲν
978 4104 1136 4172 μόνος
1157 4104 1587 4173 ἀνευφημεῖσθαι
1621 4102 1695 4166 ὡς
1728 4103 1980 4173 βασιλεὺς

412 4214 487 4247 πα
497 4195 721 4262 ράϐολον
748 4196 839 4247 καὶ
871 4195 1180 4256 ἀλυσιτελὲς
1204 4195 1290 4248 διὰ
1317 4195 1376 4248 τὸ
1398 4194 1659 4249 ἀδύνατον
1684 4195 1977 4263 ἐλογίζετο,

413 4288 492 4339 ἐνὶ
520 4286 573 4338 δὲ
603 4287 998 4356 προσφοιτῆσαι
1032 4287 1139 4339 τῶν
1178 4287 1451 4341 δυναστῶν
1505 4290 1600 4341 καὶ
1644 4288 1737 4341 τοῦ
1787 4288 1978 4358 ἐτέρου

413 4380 819 4449 καταφρονῆσαι
870 4380 1238 4445 κατεγίνωσκε
1294 4379 1381 4431 διὰ
1434 4378 1496 4432 τὺ
1549 4380 1641 4432 τοῦ
1696 4380 1977 4449 μέλλοντος

414 4470 625 4537 ἄδηλον.
654 4471 833 4536 Ἐγνω
863 4469 955 4522 οὖν
984 4470 1124 4523 κατὰ
1150 4469 1208 4521 τὸ
1241 4469 1464 4522 δυνατὸν
1489 4472 1581 4523 καὶ
1609 4470 1775 4539 ἄμφω
1812 4487 1978 4541 προσ-

416 4558 715 4628 κτήσασθαι
759 4559 855 4621 τὰς
882 4560 1075 4629 ἀρχὰς,
1108 4558 1174 4611 ἵν’
1208 4560 1264 4625 ἐξ
1295 4560 1593 4628 ἀποτυχίας
1642 4561 1739 4630 τὴν
1786 4561 1978 4629 ἑτέραν

415 4649 515 4720 ἔχῃ
568 4649 757 4719 βοηθὸν
813 4650 905 4703 καὶ
951 4649 1313 4719 συλλήπτορα.
1370 4650 1680 4719 Γράμματα
1737 4652 1835 4719 μὲν
1885 4649 1977 4703 οὖν

416 4740 577 4801 αὐτὸς
626 4742 898 4809 ἐκπέμπει
951 4740 1087 4808 πρὸς
1147 4740 1238 4791 τὸν
1296 4741 1520 4803 Φωκᾶν,
1585 4741 1976 4809 κοινοπραγίαν

417 4832 643 4895 ἐξαιτῶν
677 4834 771 4885 καὶ
820 4832 919 4901 τῆς
953 4830 1229 4900 βασιλείας
1263 4831 1545 4899 διανομὴν,
1585 4832 1631 4883 ει
1676 4832 1977 4900 καταγωνί-

422 4923 613 4976 σασθαι
643 4922 922 4993 δυνηθεῖεν
956 4924 1045 4976 τὸν
1088 4922 1331 4992 βασιλέα.
1384 4924 1573 4993 Λάθρα
1602 4923 1657 4975 δὲ
1695 4924 1976 4994 Ῥωμανὸν
2011 4902 2051 4957 D

417 5018 508 5068 τὸν
538 5015 650 5068 υἱὸν
677 5016 951 5085 ἐκπέμπει
982 5016 1117 5087 πρὸς
1162 5016 1251 5069 τὸν
1284 5016 1511 5087 βασιλέα
1544 5017 1618 5079 ὡς
1650 5018 1789 5087 τάχα
1820 5019 1976 5070 αύτοο

422 5110 747 5179 μολήσαντα,
780 5110 899 5163 λίαν
945 5110 1216 5181 ἐντρεχῶς
1248 5110 1598 5181 λογισάμενός
1624 5128 1684 5164 τε
1736 5114 1829 5165 καὶ
1859 5111 1979 5181 κρίο

417 5219 534 5265 νας,
562 5203 627 5255 ἶν’
661 5202 708 5253 εί
744 5202 843 5271 μὲν
867 5203 900 5255 ό
936 5203 1127 5264 Φωκᾶς
1163 5202 1425 5273 ὑπερέχῃ,
1468 5201 1629 5266 αὐτὸς
1678 5203 1763 5270 εἴη
1799 5201 1979 5273 σωτὴρ

416 5292 509 5345 τοῦ
532 5293 735 5357 παιδὸς,
788 5296 835 5346 εί
890 5292 937 5347 δ’
980 5295 1413 5365 ἐπικρατέστερα
1454 5294 1521 5349 τὰ
1569 5294 1661 5349 τοῦ
1718 5294 1980 5366 βασιλέως

419 5385 669 5456 ὑπάρξει,
724 5386 887 5450 αὐτὸς
933 5388 999 5441 δι’
1030 5389 1234 5441 ἐκείνου
1272 5389 1630 5460 παραιτηθεὶς
1668 5390 1761 5444 τοῦ
1800 5390 1979 5444 κινδύ-

418 5492 510 5529 νου
542 5476 783 5546 ρυσθείη.
820 5478 931 5529 Καὶ
978 5481 1007 5531 ό
1063 5478 1478 5548 μὲνοῬωμανὸς
1531 5480 1749 5550 δόκησιν
1802 5481 1980 5549 φυγῆς

419 5568 713 5639 παρασχὼν
745 5570 933 5624 ἄπεισι
987 5572 1119 5641 πρὸς
1151 5571 1242 5625 τὸν
1270 5572 1497 5642 βασιλέα
1518 5589 1529 5600 ·
1560 5572 1618 5626 ὃν
1648 5566 1802 5636 οὗτος
1834 5573 1983 5641 φιλο-

417 5662 629 5729 φρόνως
660 5664 799 5732 ἄγαν
844 5664 1135 5735 δεξάμενος
1185 5666 1279 5719 καὶ
1331 5665 1643 5736 περιχαρῶς
1679 5666 1979 5735 μάγιστρόν

419 5769 481 5805 τε
513 5754 714 5820 εὐθέως
746 5758 975 5828 ἐτίμησε
1002 5761 1098 5812 καὶ
1134 5760 1422 5830 συμϐούλῳ
1441 5760 1527 5813 διὰ
1561 5760 1760 5823 παντὸς
1787 5762 1845 5813 ἐν
1868 5762 1977 5823 τοῖς

419 5847 675 5919 πολέμοις
728 5852 945 5920 ἐχρῆτο,
988 5852 1090 5905 Καὶ
1124 5854 1231 5921 γὰρ
1278 5852 1342 5921 δὴ
1379 5856 1514 5921 μετὰ
1536 5854 1633 5925 τὴν
1669 5856 1745 5916 εἰς
1774 5854 1973 5924 Συρίαν

2084 3644 2261 3699 νοτίοις
2294 3644 2586 3699 admodum
2618 3645 2802 3716 partes
2830 3649 3072 3703 animum
3117 3652 3539 3723 cogitationibus
3569 3658 3654 3713 di-

2083 3733 2294 3787 straxit.
2322 3732 2456 3787 Nam
2485 3749 2543 3789 se
2577 3736 2800 3804 quidem
2820 3737 2999 3792 solum
3027 3740 3093 3794 ad
3116 3741 3471 3799 obtinendum
3487 3746 3650 3819 442

2086 3824 2371 3894 imperium
2402 3827 2619 3881 videbat
2654 3844 2993 3900 nequaquam
3025 3832 3158 3886 satis
3194 3834 3397 3891 habere
3428 3838 3649 3905 virium,

2083 3926 2143 3971 et
2170 3916 2256 3970 vel
2278 3916 2474 3973 Phoca:
2499 3920 2581 3974 vel
2616 3921 2931 3990 imperatori
2953 3939 3013 3978 se
3039 3924 3337 3997 adjungere
3366 3929 3649 4000 indignum

2081 4007 2360 4076 judicabat
2401 4009 2807 4081 eﬂ‘eminatique
2844 4014 3081 4069 hominis
3140 4016 3371 4073 facinus.
3429 4018 3507 4075 Re
3556 4022 3648 4077 diu

2086 4100 2425 4170 multumque
2454 4104 2750 4158 deliberata
2785 4120 2908 4159 cum
2949 4107 3065 4161 suis
3112 4109 3378 4174 decrevit,
3416 4112 3459 4165 si
3503 4114 3651 4169 solus

2083 4190 2368 4260 imperium
2404 4194 2505 4247 sibi
2533 4194 2855 4261 vindicaret,
2884 4212 3007 4252 eum
3025 4210 3305 4265 conatum,
3330 4202 3456 4271 quia
3478 4207 3649 4260 teneri

2081 4285 2418 4353 propasitum
2443 4287 2593 4340 nullo
2634 4287 2795 4341 modo
2825 4299 3026 4357 posset,
3087 4291 3248 4345 nimis
3298 4295 3649 4350 temerarium

2082 4371 2435 4442 inutilemque
2470 4375 2585 4429 fore
2618 4394 2633 4429 :
2669 4387 2781 4430 tum
2818 4394 2997 4431 rerum
3027 4380 3193 4434 dubio
3227 4382 3374 4435 exitu
3406 4383 3557 4440 alteri
3591 4400 3651 4439 se

2080 4475 2268 4517 eorum
2300 4480 2473 4533 penes
2508 4481 2645 4535 quos
2669 4483 2881 4522 summa
2926 4480 3044 4524 erat
3076 4473 3431 4544 conjungere,
3478 4476 3649 4531 altero

2080 4562 2280 4622 spreto,
2309 4570 2428 4610 esse
2455 4558 2844 4626 periculosum.
2873 4561 3057 4630 Itaque
3081 4564 3205 4628 sibi,
3234 4574 3498 4634 quantum
3524 4568 3645 4637 ejus

2079 4646 2198 4700 fieri
2228 4658 2433 4716 posset,
2473 4659 2764 4719 utrumque
2791 4654 3219 4720 conciliandum,
3271 4668 3331 4710 ut
3375 4660 3645 4715 alterutro

2077 4753 2334 4793 successu
2375 4752 2591 4795 carentc
2618 4743 2763 4811 apud
2808 4744 3038 4799 alterum
3085 4746 3261 4801 locum
3311 4749 3537 4805 haberet
3586 4765 3641 4808 et

2078 4833 2359 4887 auxilium.
2410 4832 2546 4902 Ergo
2598 4835 2791 4890 litteris
2834 4839 2898 4892 ad
2930 4838 3164 4892 Phocam
3196 4841 3378 4896 missis
3409 4845 3643 4898 societa-

2082 4932 2190 4978 tem
2228 4940 2351 4979 cum
2409 4940 2473 4979 eo
2515 4926 2859 4995 imperatoris
2911 4929 3253 4997 opprimendi
3318 4933 3641 5004 imperiique

2080 5015 2427 5083 partitionem
2464 5032 2650 5071 secure
2684 5018 2823 5072 inire
2877 5020 3162 5090 significat.
3204 5020 3423 5077 Occulte
3457 5036 3640 5079 autem

2083 5107 2386 5164 Romanum
2416 5110 2603 5174 ﬁlium,
2644 5112 2893 5167 simulato
2951 5128 3074 5167 eum
3132 5114 3508 5185 transfugisse,
3572 5118 3637 5171 ad

2083 5202 2468 5272 imperatorem
2494 5204 2676 5267 mittit,
2708 5205 3053 5261 callidissime
3104 5207 3207 5263 hoc
3232 5210 3543 5271 meditatus.
3581 5223 3638 5264 ut

2085 5294 2199 5349 sive
2225 5294 2432 5350 Pbocas
2465 5296 2699 5360 vicisset,
2728 5296 2835 5351 [ilio
2868 5297 2983 5367 ipse
3028 5299 3243 5353 veniam
3300 5300 3635 5369 impetraret,

2085 5385 2200 5442 sive
2219 5387 2559 5458 imperatoris
2583 5404 2669 5443 res
2694 5389 3123 5459 praevaluissent,
3149 5390 3239 5444 filii
3263 5392 3639 5460 deprecatione

2088 5477 2390 5546 periculum
2435 5481 2685 5533 evitaret.
2719 5479 2993 5533 Romanus
3018 5493 3148 5547 ergo
3177 5480 3428 5532 simulato
3460 5478 3641 5546 perfu-

2087 5570 2175 5640 gio
2198 5570 2264 5625 ad
2288 5570 2669 5640 imperatorem
2698 5571 2831 5635 abit,
2859 5571 2927 5625 ab
2955 5585 3127 5641 eoque
3170 5571 3557 5638 benignissime
3584 5580 3641 5624 et

2088 5677 2210 5717 cum
2264 5662 2457 5733 gaudio
2484 5674 2758 5733 acceptus,
2810 5665 2990 5718 statim
3024 5662 3315 5733 magisterii
3352 5662 3417 5715 ad
3466 5662 3640 5731 digni-

2092 5764 2258 5809 tatem
2290 5764 2532 5822 evectus,
2572 5756 2711 5826 apud
2751 5770 2875 5809 eum
2909 5755 2963 5808 in
3012 5769 3222 5809 summo
3254 5753 3508 5822 deinceps
3539 5754 3638 5806 ho-

2088 5866 2217 5905 nore
2244 5850 2343 5906 fuit
2376 5853 2696 5922 habitusque
2731 5852 2783 5907 in
2828 5852 2982 5908 bellis
3015 5850 3372 5904 consiliarius.
3428 5846 3639 5902 Etenim
