4410 6442
449 394 548 461 1·ῗῖ

1525 401 2065 464 lllSTOHlARUM
2104 404 2628 470 COMPENDIUM.

3591 415 3693 481 178

445 516 631 563 οανειν
675 510 774 579 τῆς
824 512 1000 582 μάχης
1046 513 1074 564 6
1127 513 1322 576 Φωκᾶς
1370 513 1463 567 τοῦ
1514 514 1614 586 ζῇν
1679 518 1918 584 ἀγεννῶς
1956 517 2088 579 τὸΑ
2118 531 2186 573 rat

1956 517 2016 570 τὸ
2041 520 2088 579 Α
2118 530 2350 575 ratorem
2380 525 2595 578 eminus
2625 524 2752 577 hinc
2777 524 2901 578 inde
2926 525 3335 596 ohequitantem
3364 529 3690 600 ordinesque

443 603 708 670 γενναίως
743 603 1036 656 ἀποθανεῖν
1059 604 1296 670 εὐγενῶς
1319 607 1637 677 προκρίνας,
1668 611 1758 661 τὸν
1791 609 2016 678 βασιλέα

444 693 779 763 θεασάμενος
801 695 1083 765 πόρρωθεν
1118 697 1246 766 τῇδε
1288 700 1510 751 κάκεῖσε
1539 699 2016 770 καθιππαζὸμενον

446 787 540 838 καὶ
572 788 668 848 τὰς
699 787 806 836 τῶν
844 788 1060 840 οἰκείων
1109 787 1515 858 διακοσμοῦντα
1554 792 1738 856 τάξεις
1771 796 1865 846 καὶ
1912 811 2016 845 πα-

445 877 874 947 ραθαρρύνοντα,
905 880 998 930 καὶ
1035 879 1170 950 πρὸς
1205 881 1397 934 ἑαυτὸν
1433 883 1792 953 λογισάμενος
1830 885 1906 947 ὡς
1968 888 2015 938 εί

440 968 631 1020 τούτου
663 971 926 1038 ἐπιτυχὴς
968 971 1215 1039 γένηται,
1245 975 1372 1042 ῥᾷον
1405 973 1470 1026 ἂν
1517 977 1611 1028 καὶ
1638 977 1764 1038 τοὺς
1791 976 2015 1040 λοιποὺς

443 1067 884 1127 καταγωνιεῖται,
916 1063 1006 1118 τὸν
1043 1065 1208 1119 ἵππον
1248 1069 1537 1134 μυωπίσας
1570 1071 1839 1138 ραγδαίως
1871 1073 2017 1126 ἵκετο

444 1152 565 1203 κατ’
596 1153 785 1218 αὑτοῦ,
818 1154 916 1216 τὰς
949 1156 1197 1219 ἐναντίας
1231 1157 1516 1227 φάλαγγας
1565 1162 1875 1215 διακόπτων
1922 1165 2017 1216 καὶ

441 1244 814 1306 ἀνυπόστατος
842 1247 956 1307 τοῖς
977 1247 1110 1299 πᾶσι
1137 1247 1484 1316 φαινόμενος.
1512 1251 1651 1320 Ἤδη
1705 1251 1760 1303 δὲ
1812 1252 1889 1322 τῷ
1921 1252 2018 1322 βα-

442 1329 580 1378 σιλεί
640 1331 1015 1398 προσεγγίζων
1067 1333 1229 1396 εὐθὺς
1269 1336 1600 1406 ὑποστρέφει
1645 1341 1738 1392 καὶ
1779 1343 1858 1404 εἷς
1893 1359 2014 1394 τινα

439 1417 603 1493 λόφον
630 1421 824 1486 ἄνεισι,
868 1424 962 1475 καὶ
1001 1424 1093 1478 τοῦ
1136 1425 1305 1479 ἵππου
1330 1428 1538 1491 ἀποϐὰς
1575 1435 1668 1484 καὶ
1714 1433 1853 1503 πρὸς
1914 1433 2017 1502 γῆν

442 1511 688 1575 ἐκτείνας
741 1515 933 1567 ἑαυτὸν
988 1517 1219 1571 ἀπέλιπε
1252 1522 1350 1590 τὴν
1382 1520 1547 1592 ζωὴν,
1572 1526 1682 1578 εἴτε
1715 1526 1868 1594 παρά
1924 1544 2015 1579 του

438 1605 547 1656 τῶν
600 1609 946 1676 στρατιωτῶν
1000 1613 1058 1662 ὲν
1123 1613 1200 1681 τῷ
1253 1615 1504 1678 ἀτάκτως
1551 1617 1815 1687 φέρεσθαι
1889 1637 2011 1671 καιο

442 1698 564 1764 ρίαν
617 1700 828 1762 τυπεὶς,
861 1702 970 1753 εἴτε
1017 1705 1109 1756 καὶ
1159 1705 1336 1770 ἄλλως
1364 1708 1473 1760 ἀπὸ
1510 1710 1832 1779 σωματικῆς
1878 1712 2016 1764 ἀταο

441 1784 558 1847 ξίας
595 1788 1023 1857 κατεργασθείς·
1057 1793 1272 1866 πληγὴν
1300 1797 1612 1865 μέντοιού6’
1645 1800 1780 1862 ὅλως
1813 1802 2011 1870 εὑρέθη

438 1875 497 1924 ὲν
531 1875 606 1943 τῷ
631 1875 849 1943 σώματι
883 1879 1045 1948 ἔχων,
1075 1883 1169 1936 καὶ
1191 1885 1277 1938 διὰ
1310 1887 1467 1941 τοῦτο
1493 1890 1519 1940 ὁ
1538 1889 1710 1957 λέγων
1737 1865 1894 1958 λόγος
1917 1865 2012 1959 δηλ
2046 1865 2088 1920 Β

438 1963 679 2036 λητηρίῳ
711 1969 872 2022 αὑτὸν
897 1973 1247 2044 ἀναιρεθῆναι
1279 1983 1489 2048 κρατεῖ.
1523 1981 1750 2050 Φέρεται
1781 1983 1890 2053 γὰρ
1927 1985 2010 2037 ὅτι

435 2057 661 2123 Συμεὼν
688 2061 715 2111 6
752 2064 1150 2130 πιστικώτατος
1177 2069 1284 2121 τῶν
1310 2070 1657 2141 θεραπόντων
1683 2075 1868 2138 αὑτοῦ,
1899 2076 2002 2128 δὼ-

442 2165 555 2215 ροις
596 2151 700 2203 ὑπὸ
748 2151 1015 2221 βασιλέως
1061 2159 1440 2226 ἀναπεισθεὶς,
1493 2165 1770 2234 φαρμάκῳ
1824 2167 2012 2221 τοῦτον

437 2239 782 2298 ἀπέκτεινεν.
815 2246 1010 2300 Εἰώθει
1053 2252 1160 2319 γὰρ
1211 2253 1239 2304 6
1299 2254 1490 2315 Φωκᾶς
1551 2257 1608 2306 ὲν
1666 2257 1744 2326 τῷ
1791 2258 2012 2329 πολέμῳ

437 2330 629 2396 ὓδατος
686 2335 895 2407 ψυχροῦ
941 2341 1048 2409 πρὸ
1098 2342 1198 2409 τῆς
1254 2344 1575 2414 συμπλοκῆς
1617 2347 2009 2415 ἀπογεύεσθαιο

434 2419 465 2471 ὃ
526 2423 626 2474 κάν
681 2425 852 2496 ταύτῃ
901 2430 966 2497 τῇ
1031 2429 1271 2501 συμϐολῇ
1314 2435 1545 2502 ποιήσας
1587 2436 1743 2489 ἔλαθε
1799 2455 2014 2503 συγκα-

435 2512 652 2565 ταπιὼν
670 2515 748 2582 τῷ
771 2515 923 2570 ὕδατι
958 2520 1051 2571 καὶ
1081 2521 1144 2573 τὸ
1172 2522 1518 2594 δηλητήριον.
1565 2528 1685 2579 Ἐπί
1744 2530 1913 2582 πολὺν
1958 2531 2013 2584 δὲ

440 2603 629 2672 χρόνον
659 2608 717 2658 ἐν
761 2609 839 2674 τῷ
870 2609 1014 2679 λόφῳ
1043 2615 1299 2682 κειμένου
1330 2617 1422 2668 τοῦ
1443 2619 1604 2672 Φωκᾶ
1629 2620 1795 2689 ᾧοντο
1817 2623 2014 2688 πάντες

436 2696 526 2747 δια
553 2715 672 2750 τινα
697 2705 1016 2770 σωματικὴν
1051 2705 1324 2774 μαλακίαν
1350 2709 1655 2764 ἀναπαύσει
1685 2717 1855 2786 μικρᾷ
1887 2717 2013 2769 ἑαυ-

434 2788 528 2839 τὸν
550 2790 910 2845 ὲκδεδωκέναι
946 2811 959 2825 ο
990 2795 1064 2857 ὡς
1104 2797 1160 2850 δὲ
1189 2798 1430 2868 ὲχρόνιζε
1456 2802 1704 2871 κείμενος
1730 2807 1821 2858 καὶ
1839 2825 2011 2876 προσ-

435 2877 608 2930 ελθών
643 2897 727 2943 τις
773 2886 964 2953 νεκρὸν
997 2887 1158 2939 αὐτὸν
1196 2885 1323 2960 εὗρε
1378 2893 1470 2944 καὶ
1508 2894 1757 2960 ἄναυδοι,
1787 2899 1881 2950 καὶ
1937 2899 2014 2952 διο

436 2969 684 3041 εγνὼσθη
701 2976 812 3036 τοῖς
833 2977 995 3028 πᾶσιν
1008 2979 1034 3030 ὀ
1051 2977 1238 3032 τούτου
1254 2980 1503 3046 θάνατος,
1522 2987 1570 3037 οἱ
1597 2990 1694 3052 μὲν
1711 2989 2014 3043 ἀποστάται

434 3060 596 3124 εὐθὺς
617 3067 694 3126 si;
717 3069 895 3136 φυγὴν
925 3068 1213 3139 ὥρμησαν,
1239 3073 1306 3126 τὰ
1331 3075 1386 3126 δὲ
1425 3076 1518 3128 τοῦ
1555 3075 1816 3147 βασιλέως
1849 3084 2014 3154 ἐπερ-

437 3151 623 3221 ρώσθη
661 3159 1062 3228 στρατεύματα,
1087 3166 1178 3215 καὶ
1206 3165 1433 3220 ἐδίωκον
1454 3167 1887 3241 ἀμεταστρεπτὶ,
1922 3177 2017 3228 καὶ

436 3244 772 3338 ζωγροῦνται
806 3256 903 3320 μὲν
939 3257 1092 3309 Λέων
1112 3259 1203 3310 καὶ
1222 3259 1566 3329 Θεόγνωστος
1595 3267 2010 3338 οίΜελισσηνοὶ,

437 3335 721 3400 Θεοδόσιος
746 3341 772 3392 ὁ
803 3343 1166 3413 Μεσανύκτης
1203 3348 1296 3400 καὶ
1327 3351 1474 3404 ἄλλοι
1501 3353 1708 3406 πολλοί.
1747 3356 1854 3419 Οὓς
1879 3335 2014 3427 ’μεθδ

437 3427 632 3482 ἑαυτοῦ
655 3431 681 3480 ό
715 3430 968 3500 βασιλεὺς
985 3440 1062 3500 είς
1086 3442 1182 3507 τὴν
1205 3442 1358 3495 πόλιν
1378 3445 1686 3512 εἰσαγαγὼν
1721 3448 1808 3501 διὰ
1843 3451 2011 3520 μέσης

435 3517 798 3588 ἐθριάμϐευσε
826 3529 927 3593 τῆς
973 3529 1178 3600 ἀγορᾶς
1225 3531 1366 3596 ὄνοις
1411 3536 1796 3606 ὲιρεζομένους,
1846 3517 2012 3610 μόνου

437 3611 767 3704 φεισάμενος
831 3617 1057 3682 Λέοντος
1099 3622 1192 3674 τοῦ
1249 3625 1610 3695 Μελισσηνοῦ.
1642 3630 1874 3697 Λέγεται
1905 3635 2011 3704 γὰρ

435 3693 590 3764 οὗτος
620 3704 708 3755 ἐπὶ
743 3706 841 3774 τῆς
881 3712 1240 3778 παρατάξεως
1270 3716 1347 3785 τῷ
1385 3719 1576 3789 οἰκείῳ
1614 3721 1830 3792 ἀδελφῷ
1882 3725 2013 3778 Θεο-

436 3791 684 3863 γνώστῳ,
702 3798 1109 3867 ἐπιχλευάζοντι
1131 3808 1256 3868 τοὺς
1283 3808 1519 3876 βασιλεῖς
1537 3814 1628 3864 καὶ
1646 3812 1829 3884 ὓὸρεις
1844 3817 2013 3887 ἀπρεο

436 3887 562 3946 πεῖς
597 3888 652 3949 ὲς
684 3889 878 3953 αὐτοὺς
906 3895 1353 3966 ἀπορριπτοῦντι,
1388 3903 1708 3974 ἐπιτιμῆσαι
1761 3924 1820 3958 τε
1876 3911 2011 3978 μετά

437 3977 690 4047 δακρύων
731 3982 922 4050 πολλὰ,
963 3989 1057 4041 καὶ
1108 3992 1494 4060 παρακαλέσαι
1547 3996 1858 4053 παύσασθαι
1913 4002 2012 4067 τῆς

436 4070 839 4141 ἀθυροστομίας
865 4079 960 4130 καὶ
985 4082 1057 4150 μὴ
1084 4081 1314 4146 ἀναιδῶς
1345 4086 1648 4154 ἐνυϐρίζειν
1679 4091 1758 4154 εἰς
1786 4094 1911 4156 τοὺς
1934 4097 2012 4147 οἰ-

436 4159 619 4221 κείους
641 4163 904 4229 δεσπότας
925 4184 938 4197 ·
974 4171 1093 4222 ἐπεὶ
1114 4172 1169 4224 δὲ
1194 4173 1268 4244 μὴ
1295 4174 1501 4240 ἔπειθε,
1538 4180 1633 4232 καὶ
1687 4181 1780 4234 τὸν
1834 4200 2012 4255 σειρο-

440 4251 651 4320 μάστην
685 4253 796 4322 (48)
824 4257 1065 4322 ἐκτείνας
1091 4260 1270 4316 δοῦναι
1301 4264 1474 4336 τούτῳ
1501 4267 1721 4334 πολλὰς,
1745 4271 1886 4325 ὥστε
1918 4251 2013 4327 καὶ

434 4344 785 4411 τὸνβασιλέα
834 4346 1037 4418 θεωρὸν
1089 4352 1218 4405 ὄντα
1265 4355 1372 4409 τῶν
1419 4362 1721 4426 γινομένων
1768 4366 2012 4418 ἀνειπεῖν

436 4435 571 4502 πρὸς
595 4438 718 4498 τοὺς
756 4441 1045 4510 παρόντας·
1087 4462 1105 4495 ι
1151 4446 1340 4508 Ἴδετε,
1362 4443 1407 4501 ὧ
1437 4445 1604 4515 οὗτοι,
1645 4455 1738 4521 ἀφ’
1769 4457 1886 4519 ἑνὸς
1917 4460 2008 4525 ξύ-

436 4525 527 4577 λου
551 4527 643 4579 καὶ
668 4531 898 4600 σταυρὸν
930 4534 1024 4586 καὶ
1050 4537 1216 4590 πτύον
1243 4539 1372 4609 (49).
1405 4561 1421 4592 ι
1445 4543 1542 4596 Διά
1569 4545 1772 4615 ταύτην
1798 4548 1891 4601 οὖν
1907 4552 2006 4622 τὴν

435 4617 614 4670 αἰτίαν
627 4619 842 4686 λέγεται
860 4623 938 4692 τῷ
959 4626 1147 4680 Λέοντι
1164 4633 1581 4704 συγχωρηθῆναι
1599 4636 1689 4690 τὸν
1711 4617 1998 4712 θρίαμϐον.

2121 626 2344 665 ειιοιηιιιι
2403 615 2763 669 instruentem
2801 614 2963 686 445
2998 625 3054 670 et
3078 619 3291 672 animos
3321 618 3482 674 dictis
3532 622 3692 676 robo-

2117 716 2352 769 rantem,
2385 721 2568 759 secum
2594 710 2859 775 cogitans.
2896 709 3164 779 siquidem
3192 712 3338 768 hunc
3378 713 3691 780 dejecisset,

2118 810 2176 850 se
2225 796 2448 865 reliquis
2484 797 2641 850 facile
2676 800 2956 854 victoriam
3001 809 3339 870 erepturum,
3388 804 3691 860 calcaribus

2118 887 2308 941 adacto
2335 904 2476 958 equo
2511 906 2606 958 per
2638 891 2894 946 adversos
2928 893 3153 948 ordines
3202 903 3353 949 tanto
3387 895 3593 966 impetu
3638 898 3690 952 in

2120 977 2502 1045 imperatorem
2557 980 2732 1033 fertur
2785 992 2844 1035 ut
2872 997 2994 1037 emn
3044 983 3268 1040 subsisti
3323 1001 3484 1051 posse
3530 1003 3692 1042 nemo

2119 1077 2351 1138 putaret.
2389 1069 2524 1123 Cum
2551 1080 2730 1126 autem
2762 1088 2871 1124 non
2913 1076 3100 1140 procul
3124 1076 3234 1143 jam
3265 1079 3333 1130 ab
3364 1077 3694 1147 imperatore

2118 1158 2358 1220 abesset,
2409 1159 2588 1213 subito
2619 1177 2919 1216 conversus
2976 1163 3029 1216 in
3082 1167 3366 1232 quemdam
3424 1169 3693 1223 tumulum

2118 1249 2316 1311 evadit,
2361 1249 2545 1319 ibique
2587 1252 2652 1306 ab
2677 1269 2817 1321 equo
2865 1255 3171 1317 descendit.
3209 1266 3264 1310 et
3299 1258 3444 1311 humi
3493 1275 3695 1329 expor-

2118 1351 2297 1394 rectus
2323 1343 2581 1410 exspirat.
2615 1343 2687 1396 De
2715 1355 2890 1400 morte
2920 1346 3044 1414 ejus
3079 1347 3225 1401 varia
3260 1347 3530 1404 feruntur.
3562 1350 3695 1417 Qui-

2115 1434 2262 1492 dam.
2307 1436 2432 1488 dum
2494 1450 2591 1503 per
2639 1436 2826 1490 hostes
2885 1439 3253 1508 incomposito
3295 1442 3499 1508 impetu
3561 1444 3693 1503 ruit,

2116 1524 2277 1579 letale
2314 1526 2508 1578 vulnus
2539 1526 2824 1595 accepisse
2855 1538 3068 1596 putant,
3100 1530 3189 1584 alii
3218 1530 3424 1599 absque
3482 1531 3584 1585 hoc
3623 1533 3694 1586 ob

2117 1634 2314 1688 corpus
2341 1621 2702 1690 negligentius
2733 1632 2982 1676 curatum
3017 1625 3264 1693 periisse.
3291 1627 3454 1682 Certe
3479 1628 3692 1682 nullum

2117 1706 2286 1776 plaga:
2313 1708 2526 1777 signum
2574 1709 2628 1762 in
2658 1711 2921 1766 cadavere
2951 1715 3070 1780 ejus
3101 1717 3342 1781 exstitit;
3389 1732 3499 1786 quo
3547 1717 3607 1772 fit
3637 1727 3695 1774 ut

2117 1815 2328 1853 veneno
2357 1800 2683 1855 exstinctum
2734 1803 2900 1858 fuisse
2952 1804 3096 1859 fama
3148 1807 3466 1862 obtinuerit.
3523 1809 3692 1862 Aiunt

2116 1891 2260 1944 enim
2295 1890 2641 1956 Simeonem,
2675 1894 2761 1947 cui
2793 1897 3037 1948 omnium
3081 1897 3410 1952 famulorum
3455 1900 3691 1953 maxime

2114 1981 2335 2045 ﬁdebat,
2353 1983 2420 2036 ab
2439 1982 2769 2052 imperatore
2793 1987 3114 2041 muneribus
3140 1998 3457 2058 corruptum
3491 2005 3688 2059 aquam

2114 2083 2310 2143 poturo
2338 2090 2458 2128 cum
2495 2076 2744 2144 praelium
2782 2077 2943 2132 iniret
2970 2079 3269 2146 (omnibus
3303 2082 3447 2134 enim
3491 2083 3691 2150 przeliis

2113 2166 2462 2219 consuevisse
2509 2164 2747 2219 Phocam
2791 2177 2918 2222 ante
2969 2169 3283 2223 conflictum
3325 2170 3573 2240 frigidam
3607 2172 3689 2224 bi-

2115 2256 2265 2324 bere)
2300 2271 2571 2310 venenum
2611 2258 2770 2312 letale
2810 2259 3088 2328 injecisse,
3133 2263 3294 2330 idque
3337 2264 3405 2317 ab
3435 2279 3501 2317 eo
3533 2263 3693 2317 simul

2115 2361 2239 2400 cum
2271 2361 2412 2415 aqua
2469 2347 2748 2402 haustum.
2800 2349 2936 2403 Cum
2993 2351 3310 2420 aliquandiu
3366 2353 3418 2404 in
3482 2353 3694 2407 tumulo

2117 2436 2222 2490 isto
2267 2437 2530 2505 jacuisset
2579 2439 2810 2502 Phocas,
2849 2441 3087 2494 universi
3136 2442 3408 2511 putabant
3462 2459 3584 2498 eum
3625 2445 3695 2499 ob

2115 2530 2361 2598 corporis
2399 2531 2635 2598 aliquem
2663 2532 2978 2601 languorem
3013 2535 3181 2602 quieti
3210 2550 3266 2589 se
3295 2535 3695 2605 aliquantulum

2115 2621 2350 2675 dedisse.
2388 2620 2495 2675 Sed
2527 2638 2650 2676 cum
2679 2623 2886 2678 diutius
2927 2627 3134 2694 jaceret
3173 2636 3229 2681 et
3257 2643 3541 2698 aggressus
3567 2629 3692 2697 qui—

2115 2713 2238 2766 dam
2279 2721 2558 2766 mortuum
2595 2729 2721 2768 eum
2778 2715 3235 2784 deprehendisset
3290 2734 3353 2774 ac
3403 2719 3471 2774 de
3520 2728 3694 2774 morte

2117 2803 2238 2873 ejus
2287 2819 2474 2858 rumor
2525 2805 2908 2870 increbuisset,
2942 2808 3125 2862 statim
3158 2809 3279 2878 ejus
3308 2810 3509 2864 milites
3554 2810 3696 2881 fuga:

2119 2911 2176 2950 se
2208 2897 2510 2964 dederunt;
2564 2907 2619 2952 et
2678 2899 3027 2968 imperatoris
3061 2904 3230 2970 copiae
3269 2902 3467 2955 animis
3520 2912 3694 2956 auctae

2118 2997 2266 3046 sunt,
2320 2986 2466 3042 Inter
2517 2991 2760 3058 captivos
2822 2991 2976 3045 fuere
3027 2992 3136 3046 Leo
3194 2993 3696 3064 Theognostusquo

2119 3077 2413 3142 Melisseni,
2452 3078 2796 3134 Theodosius
2848 3081 3206 3152 Mesanyetcs,
3260 3093 3312 3136 et
3364 3083 3456 3136 alii
3511 3084 3692 3149 multi,

2120 3186 2255 3237 quos
2289 3170 2513 3224 Basilius
2551 3173 2843 3241 imperator
2874 3190 3058 3229 secum
3092 3177 3144 3228 in
3173 3175 3336 3252 446
3365 3178 3554 3233 urbem
3596 3180 3693 3233 ad-

2120 3271 2304 3316 vectos
2327 3277 2422 3330 per
2454 3265 2695 3319 medium
2717 3265 2894 3320 forum
2917 3269 2972 3320 in
2999 3268 3279 3338 triumpho
3300 3270 3482 3332 duxit,
3514 3272 3692 3327 asinis

2117 3351 2420 3419 impositos.
2457 3352 2644 3407 Solum
2663 3355 2717 3408 in
2747 3355 2847 3409 hac
2875 3371 2933 3410 re
2964 3357 3224 3412 eximium
3244 3359 3434 3416 habuit
3451 3359 3688 3416 Leonem

2115 3444 2486 3502 Melissenum.
2523 3446 2570 3500 Is
2600 3449 2744 3501 enim
2777 3450 2966 3514 fertur,
2987 3465 3109 3503 cum
3143 3451 3253 3518 jam
3273 3452 3424 3506 acies
3448 3453 3686 3508 instrue-

2117 3547 2324 3599 rentnr,
2367 3539 2768 3610 Tltcogttostum
2810 3542 3032 3596 fratretn
3064 3560 3222 3598 suum
3252 3547 3683 3600 subsannantem

2115 3638 2170 3681 ct
2235 3631 2492 3698 turpibus
2561 3633 2864 3688 maledictis
2921 3635 3279 3691 insectantem
3329 3638 3686 3707 imperatores

2115 3721 2413 3790 laet'ymans
2435 3725 2672 3792 graviter
2706 3725 3043 3796 objurgasse,
3083 3737 3138 3782 et
3193 3729 3392 3799 lingua:
3428 3729 3530 3784 ista
3581 3745 3680 3799 pe-

2115 3812 2340 3865 tulantia
2383 3813 2658 3867 abstinere
2694 3815 2945 3882 jussisse,
2982 3831 3161 3887 neque
3222 3819 3295 3872 ita
3327 3819 3685 3888 impudenter

2115 3909 2350 3963 dominis
2383 3909 2496 3962 suis
2534 3911 2862 3976 conviciari;
2906 3927 3141 3980 cumque
3174 3912 3220 3967 is
3253 3928 3362 3967 non
3387 3914 3679 3982 obtempe-

2114 4013 2282 4063 raret,
2332 4001 2650 4055 seiromasta
2687 4002 2956 4056 intentato
3009 4002 3218 4071 aliquot
3253 4003 3304 4056 ei
3339 4003 3526 4074 plagas
3581 4003 3684 4058 im-

2115 4095 2393 4162 posuisse;
2431 4101 2592 4160 atque
2625 4094 2800 4162 ipsum
2851 4094 3233 4162 imperatorem
3266 4095 3382 4149 haec
3431 4103 3684 4163 spectan-

2117 4193 2223 4236 tem
2272 4182 2634 4250 prtesentibus
2693 4182 2940 4236 dixisse:
2979 4202 2998 4233 ι
3034 4183 3313 4238 Videtisne
3363 4199 3428 4238 ex
3490 4186 3682 4239 eodem

2116 4276 2258 4346 ligno
2302 4289 2518 4330 crucem
2571 4282 2629 4328 et
2683 4275 3089 4330 ventilabrum?
3123 4295 3142 4329 ι
3209 4276 3274 4331 Et
3321 4277 3462 4333 hanc
3514 4277 3686 4334 fuisse

2115 4385 2331 4425 causam
2401 4383 2498 4424 cur
2562 4368 2802 4425 Leonem
2869 4370 2925 4424 in
2985 4370 3260 4442 triumpho
3343 4387 3456 4428 non
3510 4372 3684 4429 duce-

2116 4473 2219 4518 ret.

1553 4795 1905 4854 XYLANDRI
1943 4798 2029 4853 ET
2062 4799 2270 4856 GOARI
2337 4799 2567 4854 ΝΟΤᾸΞ.

510 4903 620 4983 (ιε)
651 4903 816 4985 Σειρὰ
845 4914 929 4959 est
968 4909 1146 4985 restis.
1181 4908 1286 4964 Sed
1331 4911 1456 4980 quid
1492 4912 1996 4985 ,sit__ostpo;ta'atq;
2031 4919 2073 4972 D
2102 4917 2225 4984 quia
2258 4925 2310 4968 et
2345 4917 2458 4968 haec
2481 4930 2544 4967 ex
2582 4914 2772 4967 eodem
2799 4929 3013 4985 quoque
3036 4914 3178 4984 ligno
3204 4914 3322 4970 ﬁeri
3346 4930 3506 4984 posse.
3537 4918 3682 4972 nulla

437 4973 640 5049 nescio.
683 4973 829 5049 Peue
873 4977 1134 5049 sculicam
1168 4973 1562 5037 converteram.
1593 4973 1823 5038 XvL.'-'—
1859 4973 1997 5049 Quid

436 5043 935 5124 f‘it.<{3tpopé.9‘tﬁ§,
971 5046 1537 5124 docent__Hesycliius:
1569 5051 1726 5124 εἶδος
1775 5043 1997 5124 λόγξσις,

438 5109 1148 5193 διιίιιαςήζεξδρςάκονῖίου,
1177 5111 1402 5193 Ϊῑοιὶοε
1433 5140 1444 5174 :
1478 5109 1743 5180 ἀκόντιον.
1782 5109 1985 5193 Ιιέιίῖιῖίέ

440 5195 592 5262 ηιιηιἱ
632 5181 702 5234 ‘25
749 5181 984 5262 Phinees
1029 5187 1333 5262 lsraelitamg
1367 5202 1716 5260 scortmnque
1767 5181 1994 5262 turpiter

437 5250 716 5328 copulatas
761 5255 1092 5332 σειρρμὰστῃ
1122 5259 1592 5332 ροηίςςιὶδειις-ρτο
1630 5250 1748 5331 ’ψιο
1801 5250 1988 5332 Aquila

440 5322 591 5403 ponit
621 5321 827 5382 κοντόν,
852 5321 1421 5403 Βνηιηιᾱςίιιιε-δόρυ,
1441 5321 1669 5399 vulgata
1683 5321 1984 5403 pugionem.

439 5387 671 5468 Lexicon
708 5387 1037 5468 anonyjnum
1065 5397 1190 5451 alibi
1230 5387 1339 5468 jam
1378 5387 1600 5456 citatuin
1649 5387 1788 5466 είδοξ
1826 5405 1986 5456 ἀκον-

436 5461 574 5519 τίου,
606 5459 823 5530 λόγχης.
857 5459 1029 5519 Com.

512 5529 623 5609 (ιιι)
670 5529 822 5612 ρυοιι
866 5534 933 5586 de
977 5551 1155 5612 cruce,
1176 5551 1230 5593 et
1263 5542 1564 5595 ventilabro
1609 5541 1809 5597 dicitur
1844 5544 1996 5612 quasi

439 5597 826 5680 εὰυεὶογίιιιιιο
867 5605 1114 5680 suspicor
1145 5611 1345 5664 habere
1389 5627 1632 5674 sensum,
1677 5614 1822 5680 quod
1864 5597 1994 5668 crux

433 5670 578 5751 apud
605 5670 734 5751 istos
765 5685 944 5751 rerum
964 5670 1361 5751 pretiosissima
1391 5670 1632 5751 adeoque
1653 5670 1994 5738 sanctissima

440 5752 526 5790 res
566 5740 880 5822 haberetur.
921 5740 1276 5822 veintilabrum
1313 5740 1635 5822 vulgaris'et
1673 5753 1814 5806 vilis.
1858 5753 1994 5808 lluic

437 5824 565 5879 ergo
592 5811 935 5882 maledicum,
961 5813 1036 5874 illi
1060 5819 1366 5879 modestum
1396 5811 1744 5895 comparabat
1776 5823 1990 5891 fratres,

2113 4998 2193 5040 est
2224 4986 2426 5052 religio,
2465 4996 2518 5036 et
2563 4994 2686 5039 nota
2722 4985 2860 5038 vatis
2904 4984 3083 5038 divina
3126 4989 3419 5039 sententia.
3459 4987 3589 5040 Χιί..
3617 5019 3686 5029 -

2111 5056 2341 5109 Sensum
2395 5056 2649 5121 quidem,
2705 5071 2809 5106 non
2865 5056 3029 5107 verba
3085 5057 3360 5121 parmmite
3413 5056 3686 5124 Xylander

2105 5135 2384 5178 assecutus
2417 5134 2519 5196 est.
2544 5125 2680 5188 Quid
2717 5124 2862 5177 enim
2889 5125 2940 5176 in
2971 5126 3258 5196 ventilabro
3284 5126 3406 5186 vile,
3435 5137 3529 5181 aut
3551 5129 3678 5196 quid

2101 5212 2129 5246 ιι
2160 5211 2320 5247 cruce
2363 5194 2442 5247 sic
2475 5195 2733 5248 alienum.
2767 5203 2828 5245 ut
2860 5210 2981 5246 cmn
3038 5195 3104 5247 de
3138 5196 3311 5262 pretio
3365 5196 3423 5250 lit
3483 5194 3680 5256 serino.

2099 5274 2400 5317 extremum
2444 5265 2750 5332 oppositum
2804 5265 3028 5316 teneat?
3058 5275 3112 5316 at.
3164 5266 3377 5319 tenebit
3419 5277 3588 5329 certe,
3633 5270 3681 5322 si

2095 5351 2352 5400 germano
2385 5336 2434 5386 in
2477 5335 2782 5398 signiﬁcatu
2811 5333 3107 5404 prorlignco
3130 5335 3334 5404 batillo,
3367 5351 3476 5404 quo
3511 5348 3676 5401 terra,

2096 5405 2311 5463 rudera.
2343 5405 2525 5456 sordes
2545 5406 2816 5469 exportari
2845 5403 2928 5455 vel
2959 5403 3157 5456 nuweri
3187 5403 3678 5465 solent.sumatur.

2105 5475 2336 5526 Sensum
2373 5474 2515 5525 hunc
2539 5472 2648 5539 jam
2683 5474 2750 5526 ab
2777 5476 3000 5540 antiquo
3023 5473 3279 5527 habuisse
3305 5485 3539 5528 testatur
3572 5477 3683 5530 Eu-

2101 5545 2406 5612 chologium
2458 5544 2510 5594 in
2554 5542 2937 5597 defunctorum
2986 5542 3192 5604 ollieio.
3255 5561 3362 5609 σι·ιο
3413 5546 3678 5600 sacerdos

2104 5623 2302 5668 terram
2335 5613 2641 5686 iniecturus
2661 5612 3105 5686 eadareri__mdov
3133 5626 3410 5668 assumere
3438 5625 3494 5668 et
3521 5617 3679 5686 πτύῳ

2099 5699 2218 5736 eam
2286 5697 2583 5754 aspergere;
2630 5683 2847 5749 legitur.
2886 5683 3201 5754 _lltudp:ov_
3238 5693 3292 5736 et
3368 5683 3683 5754 corruptius

2101 5752 2585 5830 rrruépt__|i_toderni
2639 5752 3014 5830 pronuntiant.
3058 5755 3128 5805 Ita
3182 5751 3422 5830 beaiccn
3476 5751 3683 5830 anony-

2097 5821 2406 5880 unuuibibl.
2440 5823 2572 5894 Reg.
2637 5821 2824 5890 πτύον,
2863 5823 3142 5892 πτυάριον.
3177 5822 3343 5878 (ἱεΑῐι.
