4410 6442
774 370 882 447 "179

777 585 1046 648 secunda;
1077 600 1221 638 anno
1262 584 1330 639 ab
1358 585 1566 656 origine
1598 601 1779 640 rerum
1815 588 1973 651 (3497,
2008 588 2235 657 ejusque
2268 605 2353 641 re-

778 676 1010 729 bellione
1060 691 1394 745 compressa,
1451 678 1630 731 Durus
1674 678 1983 733 libertatem
2030 692 2355 734 consecutus

777 785 835 821 se
874 769 1050 833 ipsum
1087 769 1392 839 recollegit,
1435 779 1491 821 et
1529 770 1821 838 pristinum
1870 781 2123 824 conatum
2167 787 2351 840 perse-

776 860 865 926 qui
887 860 1076 927 cmpit.
1108 860 1264 924 Quod
1298 863 1387 915 ubi
1417 863 1638 915 rescivit
1671 863 1986 931 imperator,
2021 878 2116 931 per
2149 863 2354 916 litteras

782 967 905 1004 eum
948 954 1199 1007 hortatur
1234 964 1291 1007 ut
1334 956 1548 1007 tandem
1582 955 1871 1009 Christiani
1913 957 2195 1025 sanguinis
2230 955 2353 1009 fun-

778 1044 941 1098 dendi
974 1046 1131 1097 ﬁnem
1181 1045 1341 1099 faciat
1392 1047 1553 1099 homo
1583 1047 1717 1100 etin
1761 1046 1967 1114 judicio
2022 1049 2143 1100 vitm
2189 1058 2354 1116 gestae

778 1136 1042 1189 rationem
1076 1138 1384 1190 redditurus
1412 1156 1423 1197 ;
1474 1139 1557 1203 vel
1593 1154 1714 1192 sero
1741 1139 2001 1207 intelligat
2028 1138 2158 1208 quid
2186 1156 2353 1208 expe-

778 1229 907 1289 diat,
936 1240 988 1283 et
1015 1232 1391 1299 magistratum
1434 1233 1533 1286 sibi
1569 1232 1830 1286 divinitus
1872 1234 2153 1302 prrelatum
2183 1249 2353 1303 agno-

778 1332 913 1375 scat.
962 1321 1057 1376 llis
1089 1323 1283 1377 litteris
1327 1323 1503 1377 Durus
1537 1324 1830 1391 etnollitus,
1860 1341 1982 1378 cum
2015 1326 2065 1379 ei
2104 1326 2204 1379 ﬁde
2255 1342 2355 1394 pu-

780 1414 921 1467 blica
948 1415 1016 1470 de
1045 1416 1367 1486 impunitate
1406 1425 1627 1469 cautum
1674 1428 1821 1471 esset
1852 1433 1915 1470 ac
1953 1418 2266 1482 securitate,
2300 1423 2354 1471 et

779 1508 1106 1575 curopalatae
1137 1508 1371 1577 dignitas
1399 1508 1451 1561 in
1489 1507 1664 1576 ipsum
1696 1509 1908 1570 collata,
1946 1523 2067 1561 cum
2118 1508 2352 1576 impera-

781 1607 896 1649 tore
933 1598 987 1649 in
1031 1600 1260 1665 gratiam
1290 1599 1469 1651 rediit.
1504 1599 1625 1652 Non
1688 1609 1865 1653 tamen
1898 1600 2174 1669 'dignatus
2230 1616 2351 1654 eum

780 1689 926 1742 Deus
968 1698 1051 1743 est
1084 1699 1137 1741 ut
1179 1690 1353 1744 oculis
1406 1691 1521 1745 suis
1564 1692 1946 1760 imperatorem
2004 1692 2350 1747 intueretur:

779 1797 907 1835 nam
940 1782 993 1835 in
1022 1782 1181 1853 447
1218 1783 1410 1837 itinere
1464 1783 1610 1837 visus
1649 1800 1872 1837 sensum
1907 1784 2106 1845 amisit,
2152 1799 2354 1839 czccus-

2078 385 2395 447 GEORGII
2428 386 2761 447 CEDllENl

848 490 1136 546 Enimvero
1162 490 1339 547 Phoca
1370 492 1539 563 Aprili
1564 508 1751 547 mense
1786 505 2022 557 mortuo,
2057 495 2352 550 indictione
2380 496 2431 555 Α

3930 382 4029 448 1ἳο

2528 499 2613 569 [Ρ.
2638 499 2764 569 701]
2802 500 2960 569 ¹¹Λρτι
3011 499 3067 552 δὲ
3109 498 3201 552 τοῦ
3252 497 3416 550 Φωκᾶ
3480 496 3843 560 ἀποθανόντος
3890 499 4031 550 κατὰ

2456 590 2547 641 τὸν
2583 590 2891 660 ’Λπρίλλιον
2921 591 3069 660 μῆνα
3092 589 3193 659 τῆς
3242 588 3502 659 δευτέρας
3571 588 3900 650 ἱνδικτιῶνος
3936 588 4030 640 τοῦ

2458 684 2638 748 ,ςυιςν
2670 683 2842 747 ἔτους,
2874 684 2967 736 x11
2996 682 3096 747 τῆς
3129 682 3247 734 κατ’
3280 680 3443 733 αὐτὸν
3492 679 3828 741 ἀποστασίας
3856 680 4034 732 διαλυ-

2457 774 2661 841 θείσης,
2696 774 2877 837 ἀδείας
2911 774 3205 841 λαϐόμενος
3234 774 3261 824 ὁ
3294 770 3537 839 Σκληρδς
3595 769 3758 823 πάλιν
3790 770 4030 837 ἀνελάμ-

2456 864 2615 918 ϐανεν
2652 866 2837 917 ἑαυτὸν
2866 867 2958 917 καὶ
2984 868 3083 934 τὴν
3110 863 3380 933 προτέραν
3428 862 3744 929 ἐσωμάσκει
3781 862 4022 913 ἀποστα-

2458 958 2598 1011 σίαν.
2626 959 2803 1026 Ὅπερ
2827 956 3126 1025 πυθόμενος
3152 957 3178 1006 ὁ
3212 953 3463 1022 βασιλεὺς
3488 950 3777 1020 γράμμασι
3804 948 4032 1017 παρῄνει

2457 1049 2616 1117 κόρον
2641 1049 2823 1103 λαϐεῖν
2855 1049 2951 1116 τῆς
2990 1047 3098 1099 τῶν
3144 1043 3486 1113 Χριστιανῶν
3520 1042 3729 1113 χύσεως
3761 1043 4030 1108 αἱμάτων,

2454 1141 2740 1212 ἄνθρωπον
2769 1140 2862 1193 καὶ
2879 1139 3043 1192 αὑτὸν
3063 1139 3191 1191 ὄντα
3216 1137 3310 1188 καὶ
3339 1136 3567 1188 Οάνατον
3597 1133 4031 1203 προσδεχόμενον

2458 1236 2555 1287 καὶ
2592 1234 2795 1303 κρίσιν,
2831 1231 2926 1285 καὶ
2961 1230 3059 1300 6ψέ
3104 1245 3235 1282 ποτε
3271 1225 3603 1297 μεταμαθεῖν
3635 1225 3693 1275 τὸ
3731 1222 4030 1291 συμφέρον,

2461 1328 2553 1381 καὶ
2582 1326 2675 1378 τὸν
2701 1329 2763 1378 ἐκ
2795 1324 2929 1379 Θεοῦ
2955 1321 3239 1391 δεδομένον
3279 1322 3513 1389 ἄρχοντα
3550 1314 3868 1382 ἐπιγνῶναι.
3897 1314 4031 1364 Ὶόὑ-

2473 1437 2587 1481 τοις
2625 1418 2681 1471 δὲ
2712 1420 2823 1478 τοῖς
2869 1417 3158 1486 γράμμασι
3210 1412 3503 1482 μαλαχθεὶς
3542 1412 3770 1472 ἐκεῖνος,
3800 1409 3892 1459 καὶ
3940 1405 4032 1457 πί-

2458 1529 2603 1573 στεις
2632 1509 2811 1563 λαϐὼν
2840 1509 2915 1571 ὡς
2943 1508 3094 1561 οὐδὲν
3124 1506 3488 1573 ὑποστήσεται
3525 1501 3783 1571 φλαῦρον,
3812 1497 4034 1551 κατατί-

2456 1602 2607 1652 θεται
2639 1598 2707 1651 τά
2734 1598 2875 1651 ὅπλα
2910 1597 3002 1649 καὶ
3037 1596 3113 1665 τῷ
3144 1594 3353 1663 βασιλεῖ
3392 1591 3705 1650 σπένδεται,
3759 1604 4031 1655 κουροπα-

2456 1685 2622 1753 λάτης
2641 1670 2911 1754 τιμηθείς.
2945 1684 3016 1735 Οὔ
3053 1682 3235 1750 μέντοι
3264 1697 3325 1747 γε
3354 1681 3447 1732 καὶ
3472 1677 3768 1746 ὀφθαλμοῖς
3799 1676 3889 1727 τὸν
3940 1674 4033 1742 βα-

2460 1776 2609 1828 σιλέα
2632 1776 2931 1829 θεάσασθαι
2963 1775 3170 1844 ἠξιώθη
3209 1789 3221 1801 ·
3255 1772 3397 1825 κατά
3441 1772 3549 1840 γὰρ
3576 1770 3674 1839 τὴν
3702 1770 3822 1821 ὁδὸν
3858 1769 4025 1836 ἁορα-

777 1890 885 1941 que
922 1875 989 1929 ad
1024 1874 1278 1929 Basilium
1318 1884 1402 1929 cst
1452 1877 1815 1930 introductus.
1874 1878 1936 1930 Et
1980 1878 2023 1931 is
2058 1888 2352 1946 conspecto
2383 1836 2431 1894 Β
2466 1868 2516 1921 σε

2291 1836 2352 1931 to
2383 1836 2431 1894 Β
2466 1868 2557 1939 σία
2581 1868 2806 1937 πληγεὶς
2843 1868 2943 1936 τὴν
2988 1836 3256 1936 δήρατικὴν
3329 1836 3606 1916 ἀπέϐαλεν
3630 1836 3898 1927 ἀἴσθησιν
3939 1857 4032 1907 καὶ

778 1963 922 2018 Duro
944 1966 1145 2021 dixisse
1192 1967 1366 2020 fertur
1394 1968 1700 2021 astantibus
1732 1986 1743 2020 :
1785 1984 1802 2017 ι
1842 1966 2013 2031 Quem
2043 1969 2111 2021 ita
2144 1976 2351 2021 metuc-

776 2053 900 2107 bam
943 2064 1001 2107 ut
1034 2057 1543 2119 contremiscerem,
1572 2057 1617 2108 is
1649 2056 1873 2109 aliorum
1898 2056 2149 2109 manibus
2178 2056 2351 2110 dedu-

778 2152 899 2198 ctus
940 2146 1111 2198 venit.
1145 2165 1162 2195 ›

851 2324 1109 2379 Civilium
1148 2326 1414 2380 bellorum
1448 2328 1587 2380 mole
1615 2344 1674 2380 ac
1708 2328 1852 2380 curis
1884 2328 2142 2380 liberatus
2175 2328 2349 2395 impe-

781 2427 931 2471 rator
967 2419 1033 2471 de
1076 2418 1387 2470 ulciscendo
1438 2419 1690 2471 Samuefo
1735 2419 1967 2485 aiiisque
1997 2418 2195 2488 regulis
2222 2434 2352 2472 con-

776 2509 897 2563 silia
918 2509 1071 2573 iniit;
1106 2509 1197 2577 qui
1229 2509 1344 2577 ipso
1376 2509 1761 2563 rebcllienibus
1784 2519 2049 2579 occupato
2080 2510 2350 2564 licentiam

779 2602 924 2655 nacti
962 2601 1105 2655 haud
1130 2602 1318 2670 exigua
1352 2602 1552 2655 damna
1592 2602 1838 2655 Romano
1882 2602 2112 2668 imperio
2151 2602 2351 2655 intule-

779 2704 923 2747 rant.
975 2693 1095 2748 Exit
1146 2710 1275 2763 ergo
1330 2695 1380 2746 in
1447 2694 1730 2747 Thraciam
1783 2705 1837 2747 et
1874 2694 2266 2757 Macedoniam,
2300 2704 2355 2748 et

781 2784 1225 2838 Thessalonicam
1284 2784 1593 2846 descendit,
1662 2785 1859 2851 gratias
1920 2794 2097 2838 actum
2157 2800 2353 2853 magno

785 2874 1006 2943 martyri
1061 2872 1354 2927 Demetrio.
1386 2872 1522 2925 Tum
1558 2874 1871 2941 magistrum
1906 2873 2223 2943 Gregorium
2254 2874 2355 2926 Ta-

780 2968 1012 3020 ronitam
1045 2967 1112 3020 ibi
1141 2983 1261 3021 cum
1298 2966 1475 3019 valido
1500 2967 1746 3032 prtesidio
1786 2967 2039 3034 relinquit
2070 2968 2135 3020 ad
2183 2968 2353 3037 repri-

782 3060 1009 3113 mendas
1045 3059 1283 3111 Samut-li
1315 3058 1700 3127 grassationcs.
1736 3058 1852 3127 Ipse
1883 3059 2071 3128 Cpolin
2100 3075 2353 3113 reversus

785 3154 909 3206 inde
964 3153 1017 3206 in
1074 3151 1303 3205 lberiam
1361 3152 1724 3221 proﬁciscitur
1756 3170 1765 3201 :
1794 3166 1916 3205 nam
1965 3152 2082 3219 ejus
2120 3152 2352 3220 regionis

783 3246 1125 3313 curopalates
1158 3243 1390 3296 Davidus
1427 3244 1671 3296 moriens
1710 3244 2090 3311 imperatorem
2133 3258 2352 3296 suarum

784 3339 1193 3409 posscssionum
1237 3337 1491 3391 heredem
1538 3337 1851 3405 scripserat.
1902 3336 1977 3389 [io
2024 3336 2183 3403 igitur
2229 3351 2354 3405 pro-

786 3431 983 3493 fectus,
1010 3431 1303 3485 constituta
1340 3429 1661 3492 hereditate,
1691 3438 1741 3482 et
1768 3428 1998 3497 Georgio
2029 3428 2215 3480 Davidi
2250 3427 2362 3481 fra-

790 3536 871 3576 tre
902 3540 966 3577 eo
998 3524 1232 3577 adducto
1262 3532 1319 3575 ut
1347 3524 1393 3575 is
1423 3536 1482 3575 se
1530 3521 1788 3575 interiore
1822 3519 1997 3573 Iberia
2038 3529 2355 3573 contcntmn

788 3616 903 3669 fore
944 3630 1125 3684 neque
1161 3614 1333 3667 aliena
1375 3613 1689 3667 invasurum
1726 3613 2084 3681 promitteret,
2118 3613 2226 3665 icto
2258 3611 2359 3665 fa:-

787 3710 917 3761 dere
948 3722 1071 3761 cum
1100 3723 1165 3761 eu
1201 3716 1255 3759 et
1285 3717 1509 3775 accepto
1568 3706 1685 3773 ejus
1729 3704 1836 3757 ﬁlio
1858 3704 2065 3763 obside.
2115 3707 2167 3760 in
2198 3703 2359 3757 Plite-

787 3799 983 3853 niciam
1044 3800 1260 3868 pergit,
1305 3813 1487 3852 secum
1540 3797 1747 3851 ducens
1796 3796 1960 3849 etiam
2004 3811 2114 3849 sure
2172 3796 2360 3849 Iberia:

788 3908 991 3958 genere
1021 3891 1391 3945 nobilissimos
1418 3908 1431 3955 ;
1474 3904 1705 3958 quorum
1734 3887 1975 3957 primarii
2008 3897 2164 3940 erant
2187 3886 2359 3941 Pacu-

787 3987 995 4049 rianus,
1026 3985 1337 4039 Plicbdatus
1365 3992 1416 4036 ct
1448 3983 1675 4036 Pherses
1703 3982 1896 4035 fratres
1928 3981 2189 4051 germani,
2222 3995 2358 4048 quos

789 4081 952 4133 etiam
994 4076 1220 4147 patricio
1270 4077 1478 4129 honore
1530 4073 1831 4129 decoravit.
1874 4071 2163 4139 Postquam
2195 4070 2361 4142 m

792 4170 843 4222 in
880 4167 1213 4221 thniciam
1240 4175 1459 4220 ventum
1487 4173 1591 4227 est,
1625 4162 1881 4233 Tripolis,
1920 4162 2187 4227 Damasci,
2233 4162 2357 4231 Tyri

791 4261 1075 4330 Derytique
1118 4274 1329 4313 ameras
1375 4258 1520 4329 (nam
1572 4256 1627 4309 hi
1692 4255 1852 4324 paulo
1901 4254 2169 4322 auteipso
2214 4252 2359 4307 civili

791 4362 979 4407 contra
1012 4350 1248 4405 Phoeam
1303 4349 1444 4403 bello
1478 4349 1721 4411 detento,
1762 4345 1896 4397 inito
1936 4344 2137 4398 findere
2171 4353 2361 4398 contra

788 4444 1143 4498 Antiocheam
1178 4458 1326 4495 arma
1355 4441 1611 4501 tulerant,
1640 4446 1696 4491 et
1728 4437 2045 4490 Damianum
2074 4436 2359 4505 patricium

2458 1963 2656 2031 τυφλὸς
2683 1960 2907 2031 εἰσήχθη
2942 1961 3077 2031 πρὸς
3107 1958 3353 2029 βασιλέα.
3395 1958 3491 2009 Ὀν
3522 1951 4035 2031 χειραγωγούμενον

2460 2055 2668 2115 ἐκεῖνος
2737 2052 3072 2122 Θεασάμενός
3136 2068 3271 2119 φησι
3329 2048 3463 2118 πρὸς
3522 2046 3648 2107 τοὺς
3717 2044 4031 2113 παρόντας·

2468 2164 2485 2195 ι
2521 2146 2616 2197 Ὃν
2646 2144 2958 2214 ἐφοϐούμην
2997 2144 3088 2196 καὶ
3120 2141 3371 2211 ἔτρεμον,
3400 2136 3911 2210 χειραγωγούμενος
3943 2132 4020 2200 ἱρ-

2460 2258 2634 2310 χεται.
2679 2260 2697 2293 ι

2545 2335 2857 2399 Ἀπολυθεὶς
2885 2337 2943 2388 δὲ
2966 2337 3076 2389 τῶν
3112 2334 3388 2405 ἐμφυλίων
3438 2332 3694 2401 πολέμων
3728 2328 3822 2381 καὶ
3865 2344 4030 2395 φρονο

2460 2428 2619 2480 τίδων
2644 2430 2671 2481 ὁ
2707 2428 2981 2497 βασιλεὺς,
3020 2430 3135 2491 πῶς
3189 2431 3254 2481 ἂν
3300 2428 3551 2496 διάθηται
3614 2424 3681 2478 τὰ
3744 2421 3884 2476 κατὰ
3915 2420 4030 2488 ίτὸν

2461 2522 2712 2591 Σαμουὴλ
2736 2521 2956 2573 ἐσκόπει
2988 2524 3081 2575 καὶ
3111 2523 3236 2582 τοὺς
3265 2521 3482 2581 λοιποὺς
3499 2518 3802 2586 τοπάρχας,
3833 2516 4031 2577 οἵτινες

2461 2616 2577 2675 ταῖς
2610 2614 2969 2675 ἀποστασίαις
2994 2614 3455 2683 ἐνασχολουμένου
3489 2612 3598 2681 (50)
3653 2612 3839 2664 ἄδειαν
3880 2610 4027 2677 εἰλη-

2464 2703 2624 2769 φότες
2667 2703 2727 2754 οὐ
2789 2703 2958 2772 μικρᾶ
3003 2706 3101 2764 τὰς
3162 2703 3271 2755 τῶν
3344 2702 3624 2771 Ῥωμαίων
3681 2701 4031 2769 ἐπικρατείας

2462 2794 2763 2861 ἐλύπησαν.
2799 2794 3040 2860 Ἔξεισιν
3061 2790 3153 2847 οὖν
3185 2796 3263 2857 είς
3292 2796 3423 2846 τάπὶ
3468 2794 3689 2864 Θρᾴκης
3723 2796 3817 2846 καὶ
3839 2794 4031 2845 Max:-

2459 2886 2636 2948 δονίας
2652 2887 2850 2957 χωρία,
2881 2888 2977 2939 καὶ
3012 2886 3256 2939 κάτεισιν
3315 2888 3391 2948 είς
3417 2886 3835 2953 Θεσσαλονίκην,
3895 2886 4027 2935 ἀπο-

2460 2979 2645 3031 δώσων
2677 2980 2745 3031 τά
2774 2980 3167 3049 εὐχαριστήρια
3219 2978 3297 3047 τῷ
3348 2977 3793 3047 μεγαλομάρτυρι
3842 2978 4029 3043 Δημη-

2462 3069 2594 3138 τρίῳ
2635 3086 2646 3097 ο
2674 3071 2853 3122 ἐκείσέ
2902 3087 2963 3121 τε
2993 3071 3291 3140 Γρηγόριον
3331 3071 3626 3139 μάγιστρον
3654 3070 3744 3121 τὸν
3779 3067 4025 3137 Ταρωιί-

2462 3178 2561 3231 την
2599 3162 2790 3231 ἄρχειν
2826 3161 3020 3228 λιπὼν,
3050 3162 3171 3225 δοὺς
3224 3162 3373 3231 αὑτῷ
3402 3164 3493 3215 καὶ
3526 3161 3755 3228 στρατὸν
3804 3160 4031 3227 ἀξιόμα-

2460 3254 2653 3322 χονέφ¹
2685 3248 2729 3321 ᾧ
2751 3255 2956 3321 εἴργειν
2986 3253 3079 3307 καὶ
3111 3255 3434 3307 ἀνακόπτειν
3474 3254 3571 3314 τὰς
3598 3252 3895 3319 ἐπιδρομὰς
3940 3249 4033 3302 τοῦ

2462 3346 2744 3415 Σαμουὴλ,
2777 3347 2941 3409 αὐτὸς
2973 3346 3321 3413 ὑποστρέψας
3355 3346 3456 3397 κάν
3504 3348 3567 3414 τῇ
3596 3343 3824 3412 βασιλίδι
3882 3342 4032 3407 γενότ

2464 3455 2625 3507 μενος
2656 3438 2866 3491 ἄνεισιν
2888 3439 2967 3499 εἰς
3008 3437 3249 3506 Ἰϐηρίαν
3290 3454 3305 3467 ·
3339 3436 3438 3503 ἤδη
3470 3436 3575 3503 γὰρ
3602 3436 3695 3487 καὶ
3722 3437 4036 3503 ὁκουροπα-

2460 3530 2626 3599 λάτης
2655 3530 2935 3599 ἐτεθνήκει
2969 3528 3153 3591 Δαϐὶδ,
3186 3527 3520 3597 κληρονόμον
3553 3527 3662 3578 τῶν
3692 3526 3839 3593 αὑτῴ
3870 3542 4035 3593 προσ·

2461 3622 2703 3689 ηκόντων
2728 3620 2945 3688 γράψας
2966 3620 3056 3672 τὸν
3089 3619 3330 3690 βασιλέα.
3378 3620 3586 3671 Ἐκεῖσε
3623 3618 3680 3671 δὲ
3720 3618 4029 3686 γενόμενος,

2462 3714 2554 3767 καὶ
2581 3716 2678 3785 τὴν
2701 3714 2948 3767 δοθεῖσαν
2978 3714 3126 3784 αὐτῷ
3146 3713 3507 3784 κληρονομίαν
3529 3712 4029 3780 καταστησάμενος,

2461 3807 2554 3859 καὶ
2582 3807 2671 3858 τὸν
2718 3806 2811 3858 τοῦ
2847 3805 3257 3876 κουροπαλάτου
3284 3803 3447 3857 Δαϐὶδ
3478 3803 3588 3872 (5|)
3621 3800 3893 3870 Γεωργιον
3942 3803 4032 3852 τὸν

2460 3897 2558 3965 τῆς
2588 3896 2849 3966 ἐνδοτέρω
2906 3896 3145 3965 Ἰϐηρίας
3166 3896 3405 3965 ἄρχοντα
3454 3896 3565 3954 τοῖς
3595 3892 3816 3953 οίκείοις
3848 3891 4033 3960 ἀρκεῖο

2465 3988 2587 4042 σθαι
2624 3989 2817 4051 πείσας
2841 3990 2935 4040 καὶ
2963 3990 3035 4059 μὴ
3061 3988 3363 4043 ἐπιϐαίνειν
3391 3990 3502 4047 τοῖς
3535 3986 3853 4053 ἀλλοτρίοις,
3885 4000 4034 4034 σπει-

2464 4081 2698 4150 σάμενός
2744 4098 2802 4133 τε
2858 4080 3007 4150 αὑτῷ
3038 4082 3131 4133 καὶ
3169 4083 3377 4149 ὅμηρον
3425 4076 3662 4148 εἰληφὼς
3691 4077 3780 4128 τὸν
3841 4076 4031 4128 τούτου

2464 4173 2601 4237 υἱὸν,
2633 4173 2851 4226 ἄπεισιν
2916 4174 2996 4235 εἰς
3033 4172 3305 4241 Φοινίκην,
3341 4172 3480 4241 ἔχων
3530 4169 3647 4238 μεθ’
3690 4166 3883 4219 ἑαυτοῦ
3939 4169 4031 4219 καὶ

2461 4266 2587 4325 τοὺς
2619 4265 2676 4315 ἐν
2702 4265 2767 4333 τῇ
2800 4264 2918 4316 κατ’
2949 4264 3113 4317 αὑτὸν
3150 4264 3359 4334 Ἰϐηρίᾳ
3378 4261 3520 4314 κατὰ
3549 4262 3701 4326 γένος
3732 4259 4033 4331 πρωτεύον-

2462 4370 2580 4418 τας,
2612 4346 2687 4406 ὧν
2726 4351 2864 4425 ἦσαν
2889 4357 3177 4425 κορυφαῖοι
3219 4357 3247 4408 ὀ
3286 4353 3661 4420 Πακουριάνος
3707 4353 3799 4404 καὶ
3830 4350 4031 4403 Φεϐδά-

2463 4460 2553 4507 1to;
2586 4444 2680 4497 καὶ
2720 4446 2932 4514 Φὲρσης
2962 4446 3011 4499 οἱ
3066 4446 3413 4512 αὐτάδελφοι,
3444 4444 3536 4505 οὓς
3564 4444 3659 4495 καὶ¹
3701 4445 3777 4502 είς
3809 4442 3898 4493 τὸν
3926 4440 4031 4493 τῶν

789 4538 909 4605 cjus
938 4536 1087 4590 urbis
1112 4535 1429 4605 praefectum
1467 4547 1647 4602 pugna
1683 4544 2035 4598 congressum
2076 4529 2361 4583 interfece-
2388 4531 2441 4589 D
2469 4550 2530 4587 πο

2291 4544 2361 4583 38-
2388 4531 2441 4589 Ι)
2469 4533 2774 4602 πατρικίων
2805 4532 3094 4587 ἀνεϐίϐασε
3118 4532 3309 4586 θῶκον.
3342 4570 3356 4585 .
3407 4532 3495 4583 Ἐν
3548 4529 3767 4599 Φοινίκῃ
3792 4527 3847 4579 δὲ
3880 4528 4032 4593 γενό-

793 4639 933 4686 rant.
962 4628 1191 4696 urbique
1232 4626 1374 4679 haud
1404 4625 1657 4693 exiguum
1687 4622 1989 4691 periculum
2020 4621 2357 4689 objecerant)

788 4720 965 4789 coegit
984 4717 1241 4770 Romanis
1255 4730 1465 4783 parere.
1492 4713 1555 4766 Et
1575 4722 1836 4781 quantum
1859 4710 1977 4778 ejus
2009 4710 2122 4763 ﬁeri
2150 4720 2363 4779 poterat

788 4810 952 4862 rebus
988 4808 1106 4861 istis
1136 4808 1188 4860 in
1224 4816 1397 4859 tutum
1430 4804 1682 4869 redactis,
1721 4803 1960 4871 acceptis
2009 4802 2169 4855 etiam
2215 4802 2357 4856 obsi-

788 4898 967 4959 dibus,
997 4897 1135 4950 redit
1158 4896 1495 4965 Byzantium.

2468 4641 2646 4693 μενος,
2672 4624 2767 4676 καὶ
2795 4624 2886 4677 τὸν
2908 4624 3223 4693 Τριπόλεως
3250 4623 3471 4692 ἀμηρᾶν
3502 4624 3595 4673 καὶ
3630 4620 3717 4671 τὸν
3741 4615 4031 4686 Δαμασκοῦ

2465 4716 2558 4767 καὶ
2592 4717 2772 4787 Τύρου
2800 4718 2895 4769 καὶ
2931 4716 3176 4785 Βηρύτου
3209 4706 3377 4783 (οὗτοι
3410 4714 3518 4782 γὰρ
3550 4711 3655 4781 πρὸ
3689 4711 3869 4777 ὀλίγον
3901 4712 4030 4776 ὁμο-

2464 4807 2755 4875 νοήσαντες
2780 4809 2872 4860 καὶ
2899 4808 3036 4861 ὅπλα
3067 4807 3207 4860 κατά
3254 4806 3352 4873 τῆς
3415 4804 3739 4872 Ἀντιοχείας
3775 4803 4030 4868 κινήαιν·

2462 4914 2573 4962 τες,
2610 4897 2701 4951 τοῦ
2734 4898 2996 4967 βασιλέως
3028 4898 3104 4968 τῷ
3146 4897 3280 4967 πρὸς
3300 4898 3391 4949 τὸν
3428 4896 3621 4947 Φωκᾰν
3675 4893 3892 4961 πολέμῳ
3914 4906 4032 4959 σχο.

789 4990 1356 5058 λάζοντος,Δαμιανόν
1394 5004 1452 5040 τε
1515 4988 1603 5039 τὸν
1655 4987 1941 5056 πατρίκιον
2000 4987 2057 5049 ὃς
2130 4982 2299 5055 ἦρχεν
2350 4991 2673 5062 Ἀντιοχείας
2743 4994 2964 5063 πολέμῳ
3020 4992 3363 5063 συμϐαλόντα
3405 4989 3614 5047 τούτοις
3669 4987 3875 5039 ἀνεῖλον
3941 4985 4031 5036 καὶ

789 5084 1031 5135 κίνδυῑόν
1069 5083 1130 5134 οὐ
1174 5082 1370 5151 μικρὸν
1418 5083 1485 5150 τῇ
1510 5080 1663 5133 πόλει
1693 5080 1960 5150 ἐπὲσειον)
1992 5078 2077 5153 [Ρ.
2126 5079 2252 5151 702]
2283 5082 2358 5145 ὡς
2395 5084 2521 5155 ἐνῆν
2550 5088 2991 5158 ἀσφαλισάμενος
3023 5088 3206 5158 μένειν
3268 5088 3333 5156 τῇ
3375 5082 3631 5137 δουλώσει

788 5177 884 5230 καὶ
914 5179 1095 5246 ὅμηρα
1116 5176 1296 5232 λαϐὼν
1322 5176 1748 5241 ἐπαναζευγνύει
1789 5176 1926 5245 πρὸς
1949 5175 2008 5227 τὸ
2040 5174 2349 5239 Βυζάντιον.

860 5270 917 5323 ln
960 5268 1133 5323 reditu
1162 5285 1284 5323 eum
1322 5284 1417 5338 per
1456 5267 1855 5335 Cappadoeiam
1912 5268 2014 5321 iter
2071 5267 2359 5322 facientem

3720 5080 4029 5151 Ῥωμαίων.

2542 5273 2755 5326 Διιόντα
2790 5273 2846 5324 δὲ
2870 5271 3056 5325 τοῦτον
3086 5273 3147 5324 ἐκ
3168 5270 3559 5332 Καππαδοκίας
3596 5268 3885 5331 Εὐσταθιος
3926 5270 4029 5337 μαι

1908 5404 2263 5462 XYLANDRI
2298 5406 2385 5463 ET
2438 5406 2649 5463 GOARI
2689 5406 2918 5463 NOTAE.

860 5535 872 5585 t
883 5526 973 5592 50)
1008 5526 1136 5579 Hanc
1166 5541 1266 5579 vox
1296 5526 1696 5591 quantumlibet
1728 5524 2055 5579 reclamante
2085 5524 2359 5596 Xylaudro

791 5597 1094 5663 retinenda,
1126 5605 1180 5649 et
1205 5597 1382 5649 versio
1422 5597 1526 5650 hoc
1554 5604 1710 5665 pacto
1740 5596 2063 5664 corrigenda
2104 5612 2116 5646 :
2152 5598 2241 5665 qui
2274 5613 2356 5649 re-

792 5666 1098 5754 b‘ellionibus
1129 5667 1326 5720 assueti
1356 5675 1405 5719 et
1432 5668 1726 5728 exercitati,
1767 5666 1894 5717 data
1928 5668 2215 5729 occasione,
2249 5677 2354 5721 etc.

789 5745 976 5880 (³θᾶῗὺ
1019 5806 1264 5877 ’Δδελφόν
1317 5808 1506 5864 deest:
1549 5808 1642 5863 sed
1685 5819 1736 5863 et
1787 5825 1977 5865 sensus
2023 5808 2123 5863 hoc
2165 5825 2355 5879 sugge-

2468 5528 2621 5582 rebat
2648 5538 2702 5583 et
2732 5527 2894 5581 habet
2922 5524 3176 5579 Zonaras.
3209 5523 3321 5578 Hoc
3342 5539 3406 5577 ex
3432 5524 3547 5578 loco
3576 5536 3797 5592 apparet
3820 5523 4030 5589 regulos

2469 5599 2619 5657 istos.
2662 5614 2756 5652 seu
2801 5598 3079 5667 regionum
3111 5593 3374 5649 Romanis
3406 5594 3705 5667 vicinarum
3755 5595 4025 5667 dominos,

2467 5669 2648 5723 vocari
2688 5662 3050 5737 curepalatas,
3082 5674 3137 5720 et
3182 5679 3343 5735 supra
3362 5679 3589 5737 quoque
3634 5663 3775 5723 facta
3811 5675 3894 5721 est
3930 5662 4027 5720 ali-

2467 5741 2588 5795 cubi
2622 5733 3168 5807 lberite’curopalatae
3208 5733 3430 5791 mentio.
3472 5733 3603 5789 ΧΠ..
