4410 6442
404 387 496 452 181

1484 395 2025 458 IIlSTOlllAllUM
2056 398 2579 460 COMI’ENDIUMa

3545 401 3648 467 182

394 519 616 572 γιστρος
645 503 672 554 6
701 502 969 567 Μαλεῖνος
1012 504 1068 558 ἓν
1099 506 1210 569 τοῖς
1239 505 1460 573 οἰκείοις
1494 508 1791 577 ὑπεδέξατο
1823 528 1961 563 παν·
1991 511 2040 574 Α
2060 527 2135 589 _m:

1904 528 1961 563 ν·
1991 511 2324 589 Amagister
2358 512 2674 569 Eustathius
2706 512 2969 571 hlaleinus
3025 516 3501 588 hospitiocxcepit
3522 535 3644 577 cum

396 593 608 660 crpat‘t,
641 594 821 646 πᾶσαν
848 594 994 664 αὖτῷ
1018 612 1075 648 τε
1100 598 1191 649 καὶ
1221 597 1297 663 τῷ
1324 600 1693 671 στρατεύματι
1721 602 1967 669 ἀφθόνως

395 682 766 753 παρεσχηκὼς
820 686 1085 755 χορηγίαν
1120 703 1131 714 ”
1182 687 1240 739 ὃν
1277 688 1351 753 ὡς
1393 691 1533 758 τάχα
1568 691 1967 757 ἀποδεξάμενος

397 776 489 827 καὶ
518 776 807 839 ἐπαινέσας
835 777 926 829 καὶ
964 777 1079 846 μετ’
1114 779 1275 832 αὐτοῦ
1304 782 1738 852 προσλαϐόμενος
1772 785 1850 847 εἰς
1871 784 1969 853 τὴν

399 867 646 937 βασιλίδα
674 868 858 921 ἔκτοτε
888 869 1225 940 ὑποστρέψαι
1280 876 1340 925 οὐ
1412 876 1809 946 συνεχώρησεν,
1836 879 1969 930 ἀλλά

399 959 647 1029 χορηγῶν
684 960 829 1028 αὐτῷ
862 959 1097 1028 δαψιλῶς
1126 962 1193 1015 τά
1218 964 1351 1032 πρὸς
1376 965 1474 1033 τὴν
1510 966 1700 1034 χρείαν
1732 969 1824 1020 καὶ
1855 968 1967 1020 ῶσ-

399 1066 505 1118 περ
528 1065 578 1099 τι
614 1048 801 1118 θηρίον
819 1050 1031 1118 τρέφων
1060 1051 1116 1102 ἕν
1142 1067 1247 1104 τινι
1277 1055 1427 1123 σηκῷ
1455 1059 1724 1126 κατεῖχεν,
1753 1058 1856 1119 ἓως
1880 1059 1969 1111 αὺ-

398 1140 488 1191 τὶν
513 1141 605 1193 καὶ
646 1141 705 1193 τὸ
734 1142 905 1212 πέρας
939 1142 1028 1194 τοῦ
1060 1142 1174 1211 βίου
1195 1146 1480 1200 κατέλαϐε.
1524 1149 1726 1202 Τούτου
1750 1150 1804 1202 δὲ
1841 1151 1974 1203 άπο-

401 1232 648 1295 θανόντος
669 1236 699 1303 ἡ
733 1235 922 1301 κτῆσις
939 1235 1104 1288 αὑτοῦ
1126 1240 1275 1291 πᾶσα
1302 1238 1703 1307 δεδημοσέευτο.
1730 1242 1974 1311 Ἔγραψε

405 1322 460 1375 δὲ
493 1324 580 1374 καὶ
616 1325 777 1392 νόμον
805 1328 831 1377 6
862 1325 1115 1395 βασιλεὺς
1151 1327 1403 1398 είργοντα
1436 1333 1560 1393 τοὺς
1617 1332 1872 1393 δυνατοὺς
1918 1338 1976 1389 ἐν

400 1413 559 1482 όμάδι
618 1416 832 1486 χωρίων
887 1416 1212 1481 αὐξάνεσθαι
1249 1420 1383 1489 (52).
1420 1420 1590 1475 Τοῦτο
1633 1422 1688 1475 δὲ
1738 1423 1829 1475 καὶ
1869 1424 1973 1493 πρὸ

2078 606 2332 661 universo
2364 608 2627 672 exercitu,
2664 607 2957 676 omniaque
2995 609 3211 665 abunde
3253 608 3641 679 suppeditavit.

2085 692 2241 758 Quod
2271 692 2502 746 officium
2526 709 2581 748 se
2606 694 2832 763 probare
2858 696 3120 750 simulans
3146 698 3439 768 imperator
3460 712 3645 752 secum

2074 801 2197 839 eum
2229 784 2420 854 Cpolin
2460 786 2708 852 abduxit,
2747 804 2928 858 neque
2983 790 3108 843 inde
3151 790 3370 844 domum
3406 805 3645 858 unquam

2076 878 2271 931 reverti
2304 893 2497 947 passus
2521 889 2624 942 eSt,
2656 880 2749 933 sed
2794 883 2846 935 in
2885 882 3017 937 urbe
3053 883 3233 936 omnia
3274 882 3648 951 cepiosissimo

2075 971 2452 1040 suppeditans,
2484 972 2652 1025 veluti
2705 972 2872 1027 feram
2900 976 2951 1030 in
2999 990 3163 1029 cavea
3201 975 3373 1036 alens,
3396 975 3462 1028 ad
3503 990 3649 1028 mor-

2079 1070 2185 1114 tem
2216 1063 2333 1130 ejus
2370 1078 2540 1132 usque
2573 1062 2831 1117 detinuit.
2862 1064 3057 1120 lllortui
3096 1066 3276 1120 omnia
3302 1066 3441 1121 bona
3474 1066 3651 1134 publi-

2077 1162 2193 1207 cata
2229 1162 2375 1206 sunt.
2406 1153 2547 1223 Lege
2573 1158 2734 1209 etiam
2780 1158 2958 1209 sanxit
2990 1174 3057 1211 ne
3082 1159 3421 1227 potentiores
3464 1158 3651 1211 multi-

2079 1244 2346 1313 plicandis
2399 1246 2615 1313 praediis
2656 1257 3049 1317 augescerent,
3090 1264 3402 1318 quanquam
3456 1248 3650 1303 eadem

2080 1334 2240 1387 etiam
2293 1334 2362 1389 ab
2411 1350 2512 1387 avo
2566 1334 2687 1403 ejus
2733 1337 3095 1392 Constantino
3139 1339 3412 1408 hujusque
3462 1352 3653 1393 socero

2078 1423 2325 1479 Romano
2358 1427 2461 1477 lata
2494 1424 2617 1478 fuit.

399 1511 565 1564 αὑτοῦ
597 1514 1004 1577 Κωνσταντῖνος
1033 1515 1060 1566 6
1109 1516 1635 1587 πορφυρογῶινητος,
1674 1521 1699 1571 6
1768 1520 2141 1590 πατροπάτωρ
2170 1520 2262 1572 τοῦ
2296 1520 2581 1589 βασιλέως,
2618 1522 2713 1573 καὶ
2764 1522 3043 1593 Ῥωμανδς
3137 1524 3165 1576 6
3231 1522 3441 1576 ἐκείνου
3524 1540 3654 1575 πεν-

399 1603 554 1674 θερὸς
580 1606 926 1675 ἐποιήσαντο.

470 1700 739 1752 Νικολάου
766 1700 820 1753 δὲ
855 1699 947 1753 τοῦ
980 1701 1341 1771 Χρυσοϐἑργη
1377 1702 1468 1755 ἐπὶ
1495 1704 1718 1773 χρόνους
1773 1704 1837 1773 ιβ’
1874 1706 1969 1758 καὶ
2002 1717 2043 1772 Β
2142 1706 2207 1759 Ni

1912 1706 1969 1757 αὶ
2002 1717 2043 1772 Β
2142 1705 2367 1760 Nicolao
2418 1705 2815 1777 Chrysobergio
2874 1718 2997 1776 post
3063 1708 3501 1763 administratum
3556 1726 3652 1778 per

402 1790 580 1859 μῆνας
607 1796 655 1859 η’
687 1791 783 1860 τὴν
801 1792 1130 1859 Ἐκκλησίαν
1154 1793 1430 1856 ίθύναντος
1453 1795 1545 1847 καὶ
1570 1794 1972 1857 καταλύσαντος

400 1881 498 1950 τὴν
548 1880 715 1952 ζωὴν.
742 1886 1132 1951 χειροτονεῖται
1164 1884 1396 1946 Σισίνιος
1462 1885 1785 1955 μάγιστρος,
1834 1885 1973 1955 ἀνὴρ

400 1974 685 2042 ἐλλόγιμος
720 1976 811 2026 καὶ
847 1974 1096 2044 ἰατρικῆς
1123 1974 1318 2044 τέχνης
1370 1976 1519 2044 ἥκων
1558 1978 1636 2039 εἰς
1686 1976 1748 2028 τὸ
1806 1976 1975 2045 ἀκρό-

402 2082 585 2129 τατον,
618 2066 673 2116 ὲν
694 2065 802 2117 ἔτει
834 2071 1005 2136 ,ςῳγκ
1043 2065 1370 2125 ἱνδικτιῶνος
1421 2064 1469 2133 η’
1497 2082 1510 2093 ·
1541 2067 1689 2130 ὅστις
1734 2067 1825 2118 καὶ
1850 2065 1975 2128 τοὺς

408 2158 851 2229 διακρινομένους
904 2158 1081 2225 ἦνωσε
1144 2156 1233 2208 διά
1282 2157 1382 2225 τὴν
1439 2158 1826 2228 τετραγαμίαν.
1866 2156 1976 2209 Καὶ

403 2245 559 2313 οὗτος
594 2250 685 2302 ἐπὶ
716 2252 861 2319 τρεῖς
928 2250 1121 2317 μόνους
1179 2249 1457 2311 ἐνιαυτοὺς
1512 2250 1609 2319 τὴν
1647 2248 1976 2319 Ἐκκλησίαν

408 2344 675 2411 ποιμάνας
717 2342 907 2410 ἐξέστη
929 2341 1027 2410 τῆς
1062 2340 1226 2410 ζωῆς,
1257 2342 1351 2393 καὶ
1383 2340 1695 2410 προεϐλήθη
1748 2341 1976 2409 Σέργιος

406 2436 706 2507 ἡγούμενος
734 2434 808 2486 ῶν
829 2434 926 2502 τῆς
961 2434 1127 2502 μονῆς
1157 2431 1250 2484 τοῦ
1288 2432 1546 2503 Μανουὴλ
1577 2433 1674 2485 καὶ
1720 2432 1780 2485 τὸ
1823 2431 1978 2500 γένος

407 2528 699 2596 ἀναφέρων
722 2526 856 2595 πρὸς
882 2523 1084 2576 Φῶτιον
1114 2524 1204 2575 τὸν
1256 2526 1602 2594 πατριάρχην

482 2619 589 2672 Τοῦ
612 2618 670 2672 δὲ
692 2618 943 2689 Σαμουὴλ
970 2616 1467 2687 ἐκστρατεύσαντος
1493 2619 1633 2670 κατά
1654 2617 1977 2671 Θεσσαλονί-

410 2729 539 2780 κης,
570 2710 665 2763 καὶ
690 2711 751 2761 τὸ
788 2710 884 2777 μὲν
918 2709 1045 2762 ἄλλο
1072 2707 1273 2776 πλῆθος
1312 2708 1391 2769 είς
1421 2707 1609 2777 λόχους
1636 2710 1728 2761 καὶ
1758 2707 1980 2774 ἐνέδρας

409 2799 850 2870 διαμερίσαντος,
878 2797 1089 2864 ὀλίγους
1116 2797 1171 2849 δέ
1202 2814 1353 2858 τινας
1385 2798 1466 2859 εἰς
1526 2798 1799 2867 ἐκδρομὴν
1852 2798 1981 2866 ἄχρι

410 2891 810 2957 Θεσσαλονίκης
842 2889 1012 2956 αὐτῆς
1044 2888 1413 2956 πεπομφότος,
1465 2890 1719 2957 ἐπιγνοὺς
1753 2888 1852 2957 τὴν
1886 2889 1982 2956 ἔφη

409 2986 528 3037 οδον
560 2984 586 3034 6
619 2981 743 3047 δοῦξ
774 2979 1071 3049 Γρηγόριος
1100 2978 1188 3031 τὸν
1231 2980 1330 3047 μὲν
1363 2980 1561 3030 οἰκεῖον
1586 2980 1698 3030 υἱον
1738 2976 1981 3047 Ἀσώτην

2079 1812 2253 1850 annos
2319 1796 2605 1850 duodecim
2657 1813 2779 1852 cum
2839 1797 2998 1853 besse
3056 1800 3488 1867 patriarchatum
3545 1800 3655 1855 vita

2079 1885 2270 1938 functo
2303 1884 2656 1938 substituitur
2692 1886 2967 1940 Sisinnius
3002 1887 3278 1958 magister,
3314 1888 3396 1941 vir
3428 1888 3655 1958 insignis

2077 1974 2241 2046 449
2275 1982 2329 2028 et
2379 1975 2607 2028 medicae
2664 1976 2797 2028 artis
2844 1977 3225 2044 peritissimus.
3282 1995 3426 2033 anno
3466 1981 3652 2035 tnuudi

2079 2085 2241 2140 supra
2271 2070 2448 2123 sexies
2482 2069 2826 2123 millesimum
2879 2071 3003 2131 505,
3034 2072 3334 2127 indictione
3362 2083 3571 2128 octava.
3604 2074 3655 2128 Is

2079 2159 2364 2215 discidium
2411 2168 2634 2227 propter
2678 2168 2899 2227 quartas
2944 2162 3160 2230 nuptias
3214 2162 3421 2217 dudum
3474 2174 3656 2218 ortum

2079 2251 2318 2315 sustulit,
2348 2249 2636 2304 concordia
2664 2248 2823 2303 facta.
2844 2249 3085 2320 Cumque
3114 2263 3222 2306 tres
3245 2260 3453 2308 tantum
3480 2269 3657 2309 annos

2082 2339 2333 2394 Ecclesize
2368 2340 2692 2409 praefuisset,
2726 2340 2887 2394 vitam
2924 2356 3045 2394 cum
3074 2352 3245 2397 morle
3275 2345 3652 2399 commutavit.

2084 2430 2139 2484 Ei
2172 2430 2434 2485 suffectus
2464 2439 2547 2484 est
2582 2430 2805 2500 Sergius
2840 2429 3125 2485 Mattuelici
3160 2434 3475 2489 monasterii
3522 2450 3659 2504 pra:-

2082 2522 2186 2585 sul,
2212 2538 2381 2592 genus
2413 2536 2442 2575 a
2474 2520 2670 2575 Photio
2700 2520 3008 2590 patriarcha
3038 2522 3269 2578 ducens.

2154 2614 2267 2669 lloc
2299 2615 2532 2668 maxime
2567 2622 2810 2682 tempore
2842 2611 3127 2668 Samuelus
3154 2620 3301 2669 moto
3335 2616 3388 2668 in
3421 2616 3661 2670 Thessa-

2083 2706 2314 2761 lonicam
2368 2705 2527 2769 bello,
2593 2704 2764 2773 c0piis
2813 2703 2927 2757 suis
2978 2704 3031 2757 in
3079 2704 3301 2761 insidias
3328 2706 3655 2770 distributis,

2083 2811 2284 2866 paucos
2315 2796 2575 2864 quosdam
2608 2794 2982 2847 excursionem
3008 2809 3177 2863 usque
3209 2795 3275 2848 ad
3314 2811 3433 2849 eam
3470 2797 3658 2850 urbem

2085 2889 2263 2942 facere
2304 2889 2475 2957 jubet.
2515 2886 2667 2951 Quod
2704 2896 2762 2941 ut
2792 2889 2967 2943 sensit
3008 2888 3297 2958 przefectus
3345 2889 3657 2960 Gregorius,

2086 2982 2290 3033 Asoten
2333 2981 2504 3033 filium
2538 2994 2695 3033 suum
2738 2980 2924 3045 mittit,
2953 2980 3045 3050 qui
3071 2981 3382 3049 exploraret
3417 2981 3659 3035 hostium

412 3072 657 3141 ἐπεμψεν
692 3071 817 3121 ἰδεῖν
845 3070 937 3121 καὶ
963 3067 1381 3135 κατασκοπῆσαι
1414 3067 1471 3118 τὸ
1490 3066 1692 3135 πλῆθος
1712 3068 1804 3118 καὶ
1832 3066 1982 3135 αὐτῷ
2012 3077 2053 3134 C
2089 3086 2153 3124 mj

1919 3066 1982 3135 τῷ
2012 3077 2053 3134 c
2089 3071 2492 3125 multitudinem
2522 3079 2577 3124 et
2605 3071 2706 3125 sibi
2742 3071 3026 3127 indicaret.
3061 3072 3112 3125 Is
3142 3072 3193 3124 in
3230 3072 3538 3126 emissarios
3565 3086 3660 3129 eos

412 3163 613 3233 γνῶσιν
629 3161 831 3222 δοῦναι,
853 3159 1013 3218 αὐτὸς
1039 3157 1094 3210 δὲ
1115 3157 1337 3209 ὄπισθεν
1359 3156 1562 3210 εἵπετο.
1592 3155 1648 3207 Ὀ
1669 3154 1725 3208 δὲ
1752 3155 1983 3219 ἐξελθὼν

413 3256 507 3309 καὶ
532 3258 643 3316 τοῖς
672 3252 997 3324 προδρόμοις
1022 3249 1361 3317 συμπλακεὶς
1382 3253 1475 3302 καὶ
1504 3249 1842 3319 τρεψάμενος
1864 3249 1983 3301 ἔλα·

413 3349 505 3401 θεν
530 3349 608 3408 εἰς
641 3346 839 3415 μέσους
873 3345 1001 3404 τοὺς
1035 3343 1224 3412 λόχους
1269 3341 1646 3411 περιληφθείς.
1682 3342 1850 3393 Τοῦτο
1908 3340 1984 3401 ὡς

411 3442 441 3495 6
475 3441 771 3512 Γρηγόριος
794 3438 1019 3507 ἔμαθεν,
1051 3436 1266 3507 ἐϐοήθει
1289 3435 1375 3488 δια
1418 3435 1630 3505 ταχέων
1691 3434 1779 3486 τὸν
1822 3434 1986 3486 παῖδα

412 3534 514 3602 τῆς
550 3529 927 3599 αἰχμαλωσίας
953 3528 1276 3597 γλιχόμενος
1332 3525 1772 3596 ὲκλυτρώσασθαι
1808 3542 1820 3555 ⁸
1852 3526 1988 3579 ἀλλὰ

417 3626 511 3678 καὶ
568 3623 730 3684 αὐτὸς
758 3619 1060 3680 κυκλωθεὶς
1098 3618 1202 3670 ὑπὸ
1236 3617 1343 3669 τῶν
1387 3617 1708 3686 Βουλγάρων
1742 3617 1833 3669 καὶ
1865 3633 1988 3678 γεν-

414 3720 580 3780 ναίως
621 3717 716 3769 καὶ
772 3713 1025 3784 ἡρωϊκῶς
1047 3713 1456 3781 ἀγωνισάμενος
1505 3712 1718 3764 ἔπεσεν.
1770 3711 1991 3777 Ἀγγελ-

416 3810 603 3878 θείσης
644 3808 701 3861 δὲ
735 3807 813 3877 τῷ
854 3806 1062 3875 βασιλεῖ
1114 3807 1213 3875 τῆς
1284 3804 1375 3856 τοῦ
1428 3804 1617 3866 δουκὸς
1665 3805 1993 3873 ἀναιρέσεως

418 3904 695 3971 πέμπεται
729 3900 910 3967 πάσης
942 3898 1156 3961 Δύσεως
1187 3898 1368 3967 ἄρχων
1405 3899 1433 3949 6
1466 3897 1761 3964 μάγιστρος
1806 3896 1993 3963 Νικη-

418 3998 583 4065 φόρος
618 3995 647 4046 6
681 3992 921 4063 Οὐρανός
949 4007 961 4020 ο
994 3989 1195 4058 ἔφθασε
1259 3990 1367 4059 γάρ
1423 3990 1518 4041 καὶ
1560 3979 1716 4050 οὗτος
1774 3988 1870 4051 τὴν
1928 3989 1992 4039 ὲκ

419 4085 739 4147 Βαϐυλῶνος
768 4083 945 4153 φυγὴν
977 4080 1325 4152 ὠνησάμενος
1361 4078 1454 4132 καὶ
1479 4079 1578 4147 τὴν
1618 4077 1859 4147 βασιλίδα
1886 4095 1987 4131 κα-

417 4178 695 4233 ταλαϐών.
751 4178 941 4237 Ὅστις
991 4178 1047 4227 ἐν
1100 4172 1468 4243 Θεσσαλονίκῃ
1529 4172 1840 4241 γενόμενος,
1874 4172 1993 4224 ἐπεὶ

419 4272 563 4340 ἔγνω
590 4270 681 4323 τὸν
708 4267 959 4338 Σαμουὴλ
984 4269 1047 4337 τῇ
1078 4264 1171 4318 τοῦ
1202 4265 1393 4328 δουκὸς
1424 4264 1725 4336 Γρηγορίου
1760 4264 1851 4316 τοῦ
1881 4264 1994 4315 Τα-

425 4364 647 4433 ρωνίτου
677 4364 859 4430 σφαγῇ
893 4361 985 4413 καὶ
1013 4362 1078 4429 τῇ
1107 4358 1412 4412 ἁλώσειτοῦ
1438 4358 1553 4410 υίοῦ
1585 4356 1749 4411 αὐτοῦ
1779 4356 1995 4427 επαιρό-

428 4472 611 4524 μενον,
654 4453 750 4507 καὶ
806 4452 895 4505 διὰ
954 4449 1114 4505 τοῦτο
1159 4451 1228 4503 τά
1276 4468 1335 4503 τε
1388 4449 1689 4502 Θετταλικά
1732 4449 1993 4503 διαϐάντα

421 4546 618 4614 Τέμπη
650 4542 744 4597 καὶ
802 4541 893 4594 τὸν
936 4541 1163 4611 Πηνειὸν
1212 4539 1657 4607 περαιωσάμενον
1727 4538 1991 4606 ποταμὸν,

422 4636 719 4689 Θετταλίαν
746 4652 803 4687 τε
834 4635 931 4685 καὶ
959 4632 1218 4686 Βοιωτίαν
1246 4633 1341 4686 καὶ
1385 4629 1635 4701 Ἀττικὴν
1676 4629 1992 4683 εἰσϐαλόντα

420 4746 486 4781 τε
511 4729 606 4781 καὶ
636 4730 693 4781 ὲν
720 4728 1111 4796 Πελοποννήσῳ
1143 4725 1232 4779 διὰ
1273 4725 1366 4779 τοῦ
1416 4726 1471 4777 ἐν
1503 4722 1750 4794 Κορίνθῳ
1774 4721 1988 4787 ἰσθμοῦ,

422 4822 522 4874 καὶ
545 4822 719 4875 πάντα
766 4819 940 4874 ταῦτα
966 4818 1194 4889 δῃοῦντα
1228 4821 1320 4871 καὶ
1351 4816 1687 4888 ληϊζόμενον,
1749 4816 1831 4886 [Ρ.
1863 4812 1989 4883 705]

2090 3161 2370 3223 incidens,
2418 3160 2568 3214 fusos
2613 3160 2895 3215 insecutus
2926 3202 2939 3220 ,
2986 3160 3305 3230 imprudens
3351 3161 3403 3214 iu
3454 3161 3660 3216 medias

2091 3254 2281 3307 incidit
2316 3253 2561 3307 insidias.
2613 3252 2907 3323 Gregorius
2952 3268 3009 3306 re
3058 3253 3270 3322 cognita
3305 3252 3447 3307 illico
3478 3252 3544 3306 ad
3578 3252 3661 3307 fe-

2089 3344 2318 3398 rendum
2345 3344 2603 3397 auxilium
2639 3343 2879 3407 festinat,
2915 3353 2973 3397 ut
3002 3343 3168 3397 filium
3211 3344 3450 3397 hostium
3487 3342 3662 3397 mani-

2089 3435 2193 3489 bus
2228 3434 2481 3503 eriperet.
2510 3433 2613 3488 Sed
2650 3443 2705 3488 ct
2743 3434 2857 3503 ipse
2899 3450 2927 3487 a
2972 3432 3218 3505 Bulgaris
3250 3435 3662 3488 circumventus

2094 3525 2305 3580 fortiter
2328 3541 2573 3595 pugnans
2603 3525 2943 3580 interficitur.
2973 3525 3084 3579 llac
3120 3526 3273 3579 ducis
3304 3525 3455 3579 clade
3503 3526 3664 3578 intel-

2093 3619 2231 3672 lecta
2266 3618 2501 3671 mittitur
2545 3618 2709 3671 totius
2740 3616 3049 3671 Occidentis
3087 3616 3378 3686 prmfectus
3408 3617 3665 3683 magister

2093 3708 2431 3778 Nicephorus
2460 3709 2675 3763 Uranus
2711 3727 2723 3761 :
2758 3726 2879 3761 uatn
2912 3718 2966 3762 et
3002 3709 3088 3762 hic
3124 3708 3301 3777 pretio
3343 3708 3470 3761 dato
3496 3707 3666 3777 Baby-

2096 3803 2218 3856 lone
2248 3801 2437 3869 Cpolin
2462 3802 2793 3870 profugerat.
2826 3800 2873 3853 ls
2905 3808 2963 3852 ut
2997 3799 3440 3853 Thessalonicam
3472 3814 3666 3867 perve-

2094 3894 2196 3957 nit,
2215 3894 2412 3948 certior
2437 3893 2495 3947 ﬁt
2519 3892 2833 3945 Samuelum
2856 3893 3038 3945 animo
3059 3890 3281 3955 elatum,
3304 3889 3445 3959 quod
3472 3890 3666 3944 ducem

2096 3984 2413 4053 Gregorium
2451 3982 2762 4034 Taronitam
2824 3980 3188 4035 interfecisset
3231 3980 3506 4049 filiumque
3548 3982 3665 4050 ejus

2097 4077 2353 4146 cepisset,
2393 4073 2708 4129 Thessalica
2750 4075 2862 4144 jam
2915 4073 3119 4143 Tempe
3172 4087 3570 4143 tranSgressum
3615 4080 3669 4127 et

2096 4167 2333 4221 Peneum
2376 4181 2589 4220 amnem
2645 4163 3028 4227 transmisisse,
3087 4173 3142 4219 et
3199 4165 3253 4218 in
3308 4164 3667 4230 Thessaliam,

2096 4259 2357 4315 Bmotiam
2385 4267 2546 4328 atque
2580 4258 2829 4320 Atticam,
2859 4255 3022 4327 450
3052 4264 3106 4310 et
3132 4271 3229 4326 per
3260 4256 3526 4311 Isthmum
3560 4255 3666 4311 Co-

2100 4351 2424 4405 rinthiacum
2457 4350 2617 4403 etiam
2642 4350 2695 4402 in
2724 4347 3155 4417 Peloponnesum
3190 4347 3446 4417 grassari.
3479 4347 3668 4415 Itaque

2024 4428 2067 4483 D
2099 4452 2153 4497 et
2192 4443 2306 4512 ipse
2348 4442 2461 4497 suis
2507 4456 2629 4496 cum
2677 4440 2851 4510 cepiis
2890 4440 2954 4492 ad
3014 4438 3226 4493 radices
3269 4439 3480 4509 Olympi
3526 4438 3667 4492 facto

2096 4536 2290 4588 itinere
2336 4534 2603 4587 Larissam
2650 4530 2829 4596 venit;
2879 4531 3061 4599 ibique
3094 4528 3499 4598 impedimentis
3536 4528 3666 4582 reli-

2095 4627 2196 4680 ctis
2226 4624 2559 4680 Thessaliam
2621 4624 2828 4693 magnis
2870 4623 3155 4677 itineribus
3199 4628 3471 4691 peragrat,
3515 4636 3665 4673 cam-

2095 4719 2286 4789 pisque
2316 4717 2605 4771 Pharsalia:
2637 4724 2690 4768 et
2737 4715 2985 4784 Apidano
3029 4729 3188 4767 amne
3228 4714 3561 4767 transmissis
3609 4713 3664 4766 in

2096 4812 2209 4880 ripa
2243 4808 2522 4879 Spercheii
2554 4807 2730 4861 amnis
2769 4816 2945 4861 castra
2976 4806 3149 4879 ponit,
3186 4806 3239 4859 in
3267 4806 3518 4875 opposita
3548 4806 3665 4869 ripa

1544 4950 1887 5009 XYLANDRI
1928 4949 2016 5004 ET
2054 4946 2263 5004 GOARI
2319 4942 2549 4999 ΝΟΤΑΞ.

509 5053 617 5122 (59.)
655 5052 813 5108 Hunc
860 5062 992 5125 puto
1021 5051 1400 5125 potiusquam
1425 5049 1561 5125 ‘scio
1605 5062 1825 5103 sensum
1868 5059 1986 5125 esse

423 5120 581 5196 legis,
621 5140 726 5193 qua
760 5120 1334 5196 reprimereturnimia
1359 5120 1985 5196 privatorumnpotentia,

423 5188 651 5267 publica
688 5188 902 5267 quoque
939 5192 1098 5267 bona;
1141 5193 1212 5267 in_
1239 5188 1405 5267 suam
1436 5205 1563 5267 rem_
1585 5188 1983 5267 redigendum.

426 5254 589 5333 Quod
619 5254 750 5334 puto
773 5254 955 5334 fuisse
977 5263 1047 5334 tv
1078 5262 1237 5334 ὁμάδι
1270 5254 1856 5334 χωρίων-αὐξάνεσθαι..
1886 5254 1987 5334 alia

427 5326 665 5392 {ubinde
696 5332 816 5386 aliis
844 5332 1043 5400 prtedia
1070 5326 1321 5399 adjicere.
1350 5331 1503 5396 Quod
1530 5337 1585 5384 et
1616 5330 1760 5400 hunc
1792 5326 1988 5400 galei-

427 5421 565 5459 num
589 5404 780 5457 fecisse
817 5394 1081 5464 videmus,
1114 5394 1166 5455 et
1201 5401 1254 5454 in
1296 5394 1491 5454 Basilio
1535 5398 1761 5467 praeside
1792 5394 1991 5467 'l’zimi-

426 5490 559 5530 scas
582 5474 724 5527 malo
747 5486 845 5526 suo
866 5480 1164 5526 notaverat.
1184 5469 1239 5523 Si
1265 5470 1387 5539 quis
1405 5466 1541 5539 quid
1557 5470 1759 5523 rectius
1777 5466 1990 5527 afferet.

426 5560 547 5600 non
587 5542 811 5597 herbam
839 5543 887 5595 ei
939 5541 1034 5595 sed
1068 5556 1323 5609 coronam
1355 5540 1717 5609 praebebimus
1740 5578 1753 5600 ,
1787 5552 1895 5591 non
1940 5543 1999 5587 ut

429 5614 626 5667 victori
649 5612 742 5667 sed
770 5621 829 5665 ut
855 5612 993 5665 bene
1023 5611 1235 5664 merito.
1266 5608 1396 5664 xu.
1421 5639 1489 5649 -—
1528 5610 1671 5663 Bene
1704 5610 1997 5661 meriturus

427 5686 505 5739 de
538 5681 825 5747 Xylandro,
853 5682 1078 5751 gratiam
1120 5680 1387 5750 siquidem
1428 5680 1714 5751 pollicetur
1748 5679 1801 5731 in
1829 5678 1998 5730 adno-

429 5752 752 5813 tationibus.
776 5750 877 5807 hac
899 5751 1013 5820 lege
1038 5750 1157 5806 dico
1178 5750 1846 5819 saluisseimpcratorem,
1865 5761 1995 5810 non,

432 5837 496 5879 ut
532 5821 713 5878 scribit
746 5823 879 5892 ipse,
915 5822 1232 5889 privatarum
1268 5823 1498 5890 potentia
1537 5820 1742 5889 publica
1783 5832 1998 5887 qquuc

2096 5042 2227 5096 bona
2257 5042 2309 5092 in
2334 5055 2486 5092 suam
2513 5054 2623 5091 rem
2657 5038 2931 5103 redigeret,
2964 5036 3089 5087 dum
3127 5035 3238 5087 alia
3275 5031 3495 5087 subinde
3536 5032 3661 5086 aliis

2094 5111 2292 5180 prwdia
2341 5102 2987 5180 adjiceret:_verunrne
3041 5104 3239 5180 publici
3295 5102 3659 5180 magistratus,

2094 5172 2221 5237 dum
2246 5172 2498 5249 gererent
2522 5175 2776 5235 officium,
2810 5173 3143 5243 privatorum
3174 5175 3310 5249 bona
3336 5173 3499 5249 etiam
3533 5172 3659 5249 dato

2096 5240 2275 5322 pretio
2324 5247 2458 5322 sibi__
2487 5240 2862 5314 compararent
2915 5252 3077 5307 atque
3133 5242 3331 5322 esinde
3380 5242 3500 5322 aliis
3537 5240 3659 5322 alia

2098 5308 2295 5392 praedia
2339 5318 2496 5392 facile
2520 5308 2923 5392 coacervarent
2962 5323 3014 5366 et
3058 5313 3472 5392 coniungerent.
3514 5308 3657 5392 .Bla-

2101 5378 2271 5446 stares
2297 5404 2345 5443 c.
2374 5390 2430 5448 ι.
2458 5386 2545 5439 τοῦ
2570 5389 2613 5438 Α
2641 5384 2904 5453 στοιχείου
2926 5398 2988 5436 ex
3018 5380 3252 5451 politicis
3280 5378 3657 5453 legibusjtane

2105 5462 2272 5515 refert
2306 5446 2430 5529 περὶ
2470 5458 2674 5529 ἀγορᾶς
2697 5446 2789 5529 καί
2836 5446 3126 5529 πράσεως·
3246 5446 3462 5529 κρατῶν
3490 5446 3656 5529 ὀρφί-

2109 5549 2223 5584 κιον
2257 5532 2315 5582 ὲν
2345 5520 2664 5597 ἐπαρχίαοὺ
2692 5520 2911 5577 δύναται
2929 5523 3147 5597 κινητὸν
3174 5520 3655 5597 ἢαάκίνητοναγο·

2108 5600 2294 5671 ρὰζειν
2333 5604 2388 5650 ὲν
2411 5587 2568 5671 ,αὐτῇ
2590 5598 2840 5671 Δπρᾶγμα
2870 5593 3002 5671 ’ἰῇ-δι’
3043 5587 3239 5671 ἓσυτοῐξ
3269 5590 3299 5657 ἢ
3340 5587 3406 5667 δι’
3441 5587 3652 5670 ἐτέρου,

2106 5660 2155 5725 ὲι
2188 5660 2260 5741 μὴ
2287 5669 2435 5741 παρὰ
2464 5660 2564 5721 τοῐῖ
2584 5660 2866 5741 δημοσίουἶ
2886 5660 2995 5741 Kal:
3024 5661 3133 5730 γὰρ
3159 5660 3249 5741 καί
3274 5660 3366 5741 του
3396 5660 3655 5741 πραγμα-

2105 5725 2198 5805 τος
2232 5725 2488 5794 ἐκπίπτει
2532 5725 2726 5792 καἰ”τὸ
2762 5735 2911 5789 δοθὲν
2944 5725 3159 5803 τίμημα
3189 5730 3290 5782 οὑκ
3331 5725 3649 5801 ἀνελαμϐά-

2104 5830 2201 5866 νει.
2237 5810 2401 5867 (ἴση.
