4410 6442
769 403 869 466 183

2061 405 2382 467 GEORGII
2424 407 2756 470 CEDRENI

3918 407 4017 471 lb‘i

769 518 1028 572 Samuelu
1063 535 1159 574 sua
1194 529 1371 572 castra
1406 519 1659 574 habcnte.
1698 521 1950 591 Ingentes
1992 520 2192 576 imbres
2225 533 2338 576 tum
2370 529 2417 584 Α
2444 525 2510 596 ἄρ

2276 537 2338 575 Im
2370 529 2417 584 Α
2444 525 2583 596 ἄρας
2611 527 2703 577 καὶ
2735 524 2898 588 αύτὸς
2927 524 3065 594 μετᾶ
3092 525 3200 577 τῶν
3237 525 3364 594 περὶ
3399 523 3561 577 αὑτὸν
3599 525 4017 595 στρατευμάτων

765 611 1118 675 deciderant,
1169 620 1224 665 et
1269 610 1468 666 ﬂuvius
1509 613 1664 666 alveo
1713 622 1964 685 turgente
2011 615 2342 686 stagnabat:

764 695 947 769 itaque
979 717 1044 754 eo
1074 702 1294 770 quidem
1327 711 1569 772 tempore
1614 705 1860 772 praelium
1903 705 2112 759 nullum
2157 722 2346 776 spera-

769 795 941 845 l-atur.
1011 792 1116 847 Sed
1169 794 1384 849 Urauus
1447 811 1667 849 sursum
1722 797 2086 869 deorsumque
2145 807 2350 853 tentato

764 883 984 938 ﬂumine
1017 888 1211 940 vadum
1246 888 1451 942 invenit
1474 891 1685 958 ;'caquc
1713 890 2019 960 intelligens
2050 906 2108 946 sc
2141 891 2348 946 exerci-

767 984 878 1028 tum
901 977 952 1029 in
970 978 1268 1047 oppositam
1290 980 1458 1048 ripam
1486 983 1766 1036 traducere
1799 998 1980 1051 posse,
2018 995 2180 1037 noctu
2215 1000 2338 1038 cum

764 1070 880 1123 suis
911 1087 1124 1124 amnem
1172 1074 1384 1137 transit,
1434 1074 1794 1146 liulgarosque
1841 1092 2032 1130 secure
2067 1076 2342 1130 dormien-

767 1173 848 1214 tes
902 1163 1166 1229 aduritur,
1213 1167 1638 1236 innumerosque
1684 1169 1963 1233 intcrlicit,
2023 1169 2242 1222 nemine
2286 1183 2343 1222 se

762 1254 1060 1309 defendere
1091 1274 1243 1310 auso.
1282 1259 1400 1328 Ipse
1423 1276 1638 1328 quoque
1669 1258 2025 1314 Samuelusct
2050 1260 2190 1314 ﬁlius
2225 1261 2343 1330 ejus

763 1345 1044 1402 Romanus
1079 1350 1348 1419 profunda
1405 1362 1734 1422 acceperunt
1784 1355 2032 1418 vulnera;
2082 1353 2340 1407 fuissent-

762 1455 868 1504 qne
906 1440 1070 1508 rapti,
1100 1442 1200 1494 nisi
1240 1443 1381 1496 inter
1405 1444 1669 1498 cadavera
1701 1445 2046 1498 delituissent
2093 1455 2144 1498 et
2183 1459 2342 1500 nocte

764 1529 1069 1596 insequenti
1100 1531 1310 1585 occulte
1355 1532 1407 1585 in
1441 1543 1650 1588 montes
1681 1533 1944 1588 Etolieos
1983 1535 2341 1605 aufugissent,

762 1636 862 1687 per
893 1639 1124 1689 quorum
1161 1626 1358 1679 deinde
1402 1628 1686 1681 cacumina
1729 1628 1797 1681 ad
1829 1628 2056 1682 Pindum
2099 1638 2337 1682 montem

763 1723 924 1780 atque
950 1713 1074 1768 hinc
1107 1716 1159 1769 in
1194 1716 1495 1788 Bulgariam
1532 1727 1841 1773 evaserunt.
1874 1720 2090 1775 Uranus
2120 1719 2337 1773 interim

769 1803 1043 1859 llomanos
1070 1811 1314 1877 captivos
1349 1811 1558 1872 liberat,
1596 1813 1806 1866 occisos
1834 1810 2092 1881 Bulgaros
2123 1811 2336 1881 spoliat,

2456 617 2552 672 καὶ
2583 618 2682 681 τὰς
2713 618 2989 687 ὑπωρείας
3016 617 3237 671 διελθὼν
3263 616 3355 669 τοῦ
3400 617 3673 682 Ὀλύμπου
3699 618 3790 669 καὶ
3820 619 3874 668 ἐν
3905 619 4016 668 Λα-

2456 711 2618 781 ρίσσῃ
2645 708 2952 779 γενόμενος,
2989 709 3215 760 κάκεῖσε
3249 706 3424 761 λιπὼν
3453 707 3553 775 τὴν
3582 709 3894 776 ἀποσκευὴν
3924 706 4017 758 καὶ

2453 799 2689 864 εὔζωνον
2721 799 2901 853 λαϐὼν
2940 798 3030 850 τὸν
3058 797 3310 868 στρατὸν,
3341 797 3440 868 τὴν
3485 797 3782 849 Θετταλίαν
3812 797 4018 849 ὁδοιπο-

2454 893 2545 963 ρίᾳ
2571 893 2803 962 συντόνῳ
2859 891 3081 944 διελθὼν
3103 891 3196 942 καὶ
3233 889 3294 942 τδ
3322 890 3423 960 τῆς
3476 889 3790 961 Φαρσαλίας
3835 888 4016 940 πεδίον

2450 987 2543 1039 καὶ
2569 986 2659 1038 τὸν
2698 983 2980 1038 ’Λπιδανδν
3029 982 3220 1045 διαϐὰς
3269 980 3532 1051 ποταμὸν,
3561 983 3704 1033 κατὰ
3741 980 3799 1032 τὸ
3844 980 4017 1048 χεῖλος

2447 1077 2542 1130 τοῦ
2576 1075 2871 1147 Σπερχειοῦ
2891 1074 3136 1145 ποταμοῦ
3179 1075 3417 1144 πήγνυσι
3444 1075 3542 1142 τὴν
3575 1072 4012 1141 στρατοπεδείαν,

2447 1172 2525 1233 είς
2557 1170 2657 1238 τὴν
2689 1169 2924 1239 περαίαν
2954 1169 3046 1221 καὶ
3092 1167 3256 1220 αὑτοῦ
3304 1167 3396 1220 τοῦ
3441 1166 3694 1236 Σαμουὴλ.
3728 1165 4016 1234 αὑλιζομέο

2445 1277 2536 1312 νου
2565 1277 2580 1289 ·
2606 1259 2825 1330 ὄμϐρων
2857 1259 2965 1330 γὰρ
2994 1258 3241 1312 ἀπλέτων
3261 1257 3530 1311 ὑσθέντων
3569 1256 3628 1320 ἐξ
3646 1255 3898 1326 ούρανοῦ,
3921 1255 4015 1308 καὶ

2443 1352 2538 1405 τοῦ
2611 1351 2858 1421 ποταμοῦ
2921 1349 3380 1420 πλημμυροῦντος
3449 1347 3540 1400 καὶ
3607 1347 4014 1414 πελαγίζοντος,

2445 1442 2766 1508 ἀπέγνωστο
2795 1444 2854 1493 τὸ
2902 1441 2994 1495 νῦν
3024 1440 3145 1510 ἕχον
3177 1443 3209 1510 ἡ
3253 1440 3564 1509 συμπλοκή.
3607 1438 3747 1490 Ἀλλ’
3781 1439 3809 1489 6
3855 1437 4015 1506 μάγι-

2447 1549 2606 1602 στρος
2625 1534 2734 1586 ἄνω
2760 1533 2855 1585 καὶ
2892 1532 3044 1584 κάτω
3068 1532 3159 1584 τὸν
3189 1531 3432 1600 ποταμὸν
3460 1532 3891 1600 περισκοπήσας,
3924 1529 4015 1580 καί

2443 1641 2564 1676 τινα
2596 1623 2756 1677 τόπον
2781 1621 2954 1694 εὑρὼν
2977 1623 3041 1675 δι’
3083 1616 3143 1676 οὗ
3167 1621 3320 1692 ᾠήθη
3344 1620 3570 1674 δυνατὸν
3596 1620 3813 1672 ἔσεσθαι
3842 1617 4016 1685 τούτῳ

2444 1716 2837 1785 περαιωθῆναι,
2869 1716 3096 1785 ἀγείρας
3127 1715 3319 1776 νυκτὸς
3368 1715 3459 1765 τὸν
3496 1713 3727 1783 στρατὸν
3757 1709 4015 1781 περαιοῦ-

2441 1825 2531 1861 ται
2571 1808 2662 1859 τὸν
2699 1809 2942 1875 ποταμὸν
2979 1809 3068 1859 καὶ
3097 1809 3207 1868 τοῖς
3256 1805 3386 1872 περὶ
3413 1805 3504 1858 τὸν
3533 1803 3786 1871 Σαμουὴλ
3815 1801 4016 1870 ἀμερί-

768 1906 946 1952 castra
979 1917 1170 1954 eorum
1208 1901 1411 1972 diripit,
1459 1903 1772 1974 ingentique
1809 1913 1959 1972 palla
1999 1905 2175 1974 prazda
2215 1919 2342 1958 suos
2378 1893 2419 1946 Β
2449 1919 2509 1969 με.

2274 1919 2342 1957 los
2378 1893 2419 1946 Β
2449 1918 2596 1969 μνως
2646 1899 2996 1951 καθεύδουσιν
3043 1895 3390 1949 ἐπιτίθεται·
3449 1896 3541 1948 καὶ
3578 1894 3872 1963 σιράζονται
3918 1891 4015 1960 μὲν

770 1989 1208 2048 Thessalonicam
1241 1997 1470 2050 reducit.

2449 1991 2684 2062 ἀριθμοῦ
2753 1991 3056 2062 κρείττους.
3103 1990 3328 2060 μηδενὸς
3388 1989 3525 2059 πρὸς
3578 1988 3749 2057 ἀλκὴν
3805 1985 4016 2040 ἀπιδεῖν

766 2083 1158 2152 τολμήσαντος,
1188 2088 1400 2157 ἐπλήγη
1435 2089 1489 2141 δὲ
1523 2091 1616 2142 καὶ
1643 2089 1804 2152 αὐτὸς
1838 2089 1864 2141 6
1893 2086 2146 2158 Σαμουὴλ
2187 2088 2322 2139 καὶὸ
2359 2084 2549 2138 τούτου
2588 2085 2700 2146 υἱδς
2727 2086 2754 2136 ὁ
2795 2084 3074 2153 ἰδωμανδς
3129 2081 3374 2152 βαθείαις
3409 2082 3664 2151 πληγαῖς.
3740 2079 3847 2131 Καὶ
3910 2077 4001 2128 ἐα-

765 2176 943 2230 λωσαν
975 2179 1062 2242 ἂν,
1100 2183 1146 2234 εξ
1185 2180 1260 2253 μὴ
1290 2186 1402 2246 τοῖς
1441 2187 1655 2256 νεκροῖς
1702 2183 2074 2256 συμμίξαντες
2141 2183 2367 2244 ἑαυτοὺς
2442 2182 2655 2234 ἔκειντο
2709 2181 2783 2242 ὡς
2840 2180 3153 2242 τεθνεῶτες,

763 2273 954 2326 ἔλαθον
973 2275 1289 2345 διαδράντες
1342 2281 1421 2342 εἰς
1473 2279 1543 2331 τὰ
1588 2280 1686 2348 ὅρη
1719 2281 1826 2333 τῶν
1865 2279 2123 2334 Αἰτωλῶν
2160 2321 2175 2345 ,
2243 2277 2503 2333 κάκεῖθεν
2572 2278 2659 2332 διὰ
2705 2279 2812 2331 τῶν
2859 2276 3115 2348 κορυφῶν
3175 2277 3288 2329 τῶν

761 2367 1006 2430 atoma;
1049 2369 1139 2421 τὸν
1194 2371 1384 2422 Πίνδον
1430 2371 1764 2442 διεσώθησαν
1792 2373 1848 2425 ἐν
1900 2372 2225 2442 Βουλγαρίᾳ.
2272 2372 2328 2425 Ὀ
2365 2372 2422 2424 δὲ
2463 2372 2762 2442 μαγιστρος
2819 2371 2944 2432 τοὺς
2983 2369 3364 2440 αἰχμαλώτους

3219 2182 3313 2232 καὶ
3371 2177 3566 2240 νυκτὸς
3618 2175 4015 2242 ἐπιγενομένης

3379 2274 3635 2327 τοιούτων
3690 2273 3860 2342 ὀρέων
3937 2273 3984 2319 δι
3999 2309 4014 2317 -

3442 2365 3747 2435 Ῥωμαίους
3807 2361 4018 2415 ἐλευθε-

766 2463 964 2530 ρώσας,
992 2462 1293 2524 σκυλεύσας
1331 2463 1385 2514 δὲ
1406 2464 1500 2515 καὶ
1525 2464 1651 2527 τοὺς
1682 2465 1947 2527 πεσόντας
2005 2463 2370 2534 Βουλγάρους,
2449 2463 2760 2533 διαρπάσας
2791 2463 2846 2516 δὲ
2873 2467 2964 2516 καὶ
2993 2461 3052 2514 τὺ
3093 2461 3199 2514 τῶν
3231 2459 3501 2529 πολεμίων
3533 2456 3895 2528 στρατόπεδον
3928 2455 4017 2510 καὶ

766 2559 996 2612 πλοῦτον
1035 2561 1119 2612 ὅτι
1150 2560 1402 2612 πλεῖστον
1461 2561 1912 2632 περιϐαλόμενος,
1950 2569 2046 2617 σὺν
2075 2566 2140 2634 τῇ
2175 2564 2402 2634 στρατιᾷ
2435 2561 2797 2626 ἐπανέζευξεν
2830 2563 2908 2625 εἰς
2931 2559 3354 2628 Θεσσαλονίκην.

833 2655 992 2727 45],
1051 2656 1338 2709 Samuelus
1390 2656 1607 2711 domum
1663 2672 1913 2712 reversus
1968 2658 2130 2714 ﬁliatn
2188 2673 2343 2713 suam

768 2747 950 2801 Asotze
982 2746 1256 2802 'l'aronita:
1287 2747 1396 2802 ﬁlio
1429 2749 1682 2803 libertate
1729 2751 1936 2804 reddita
1970 2753 2024 2805 in
2063 2753 2344 2807 matrimo-

767 2841 916 2893 nium
963 2840 1384 2893 collocatznam
1443 2840 1562 2908 ejus
1623 2855 1808 2894 amore
1868 2841 2044 2909 puella
2093 2852 2340 2912 correpta

768 2940 997 2986 mortem
1030 2948 1088 2986 se
1119 2932 1221 2985 sibi
1250 2932 1616 2986 conscituram
1646 2932 1972 2992 minabatur.
2007 2934 2110 2987 nisi
2139 2950 2204 2988 eo
2230 2949 2345 2988 ma-

768 3027 873 3078 ritu
911 3025 1198 3093 potiretur.
1236 3024 1450 3095 Nuptiis
1487 3024 1748 3080 confectis
1789 3040 2046 3095 generum
2079 3042 2202 3080 cum
2235 3027 2340 3080 ﬁlia

769 3116 1123 3186 Dyrrachium
1161 3117 1327 3170 mittit
1355 3127 1410 3172 et
1441 3117 1676 3188 regionis
1707 3119 1824 3186 eius
1869 3119 2128 3173 custodia:
2171 3118 2346 3188 praaﬁ-

768 3211 860 3262 iit.
891 3209 1090 3263 Verum
1123 3210 1316 3264 Asotes
1361 3223 1428 3262 eo
1473 3207 1768 3278 profectus,
1814 3225 1984 3264 uxore
2032 3226 2249 3279 quoque
2286 3211 2338 3262 in

770 3320 923 3355 suam
977 3302 1304 3356 sententiam
1350 3301 1632 3362 traducta,
1671 3318 1792 3355 cum
1845 3317 1907 3355 ea
1965 3302 2016 3354 in
2069 3301 2340 3356 Romanas

771 3395 1042 3457 triremes,
1075 3411 1193 3463 quae
1238 3394 1428 3446 ﬁnium
1475 3394 1797 3446 tuendorum
1832 3408 1994 3447 causa
2026 3394 2177 3448 littus
2211 3395 2339 3446 illud

774 3487 1042 3554 tegebant,
1076 3484 1348 3554 confugit;
1401 3484 1572 3553 iisque
1613 3485 1677 3536 ad
1713 3485 2090 3553 imperatorem
2139 3485 2345 3554 perfcr—
2372 3465 2414 3523 δ

776 3591 880 3640 ter,
906 3579 971 3632 ab
999 3593 1171 3646 eoque
1207 3578 1446 3647 magistri
1485 3578 1621 3647 ipse,
1646 3593 1782 3631 uxor
1812 3587 1975 3632 zostac
2000 3579 2206 3632 honore
2233 3578 2343 3631 alii-

773 3671 933 3722 citur.
968 3669 1108 3723 ldent
1146 3669 1353 3722 litteras
1397 3669 1705 3737 imperatori
1757 3669 1937 3722 attulit
1973 3684 2002 3722 a
2040 3669 2340 3737 Chryselio,

771 3777 882 3815 ttno
905 3775 1089 3814 corum
1109 3775 1342 3829 quorum
1366 3776 1575 3814 summa
1604 3767 1720 3814 erat
1755 3759 2031 3829 Dyrrachii
2065 3762 2305 3830 potentia
2328 3778 2341 3814 :

775 3855 817 3906 is
854 3869 950 3921 pro
983 3852 1235 3905 mercede
1277 3851 1567 3919 stipulatus
1613 3851 1714 3904 sibi
1744 3862 1796 3905 et
1837 3853 2050 3906 duobus
2085 3853 2198 3906 suis
2222 3853 2345 3907 ﬁliis

773 3947 1029 4015 patricios
1058 3945 1313 4009 honores,
1340 3945 1688 4014 promittebat
1721 3944 2033 4013 imperatori
2069 3959 2128 3999 se
2158 3946 2344 4000 urbem

773 4056 890 4091 rant
946 4038 1289 4091 traditurum.
1343 4037 1586 4105 Cumque
1637 4052 1732 4106 per
1786 4036 1993 4092 litteras
2052 4037 2344 4106 imperator

773 4130 1150 4184 conﬁrmasset
1210 4144 1269 4183 se
1323 4129 1588 4198 promissa
1650 4128 1874 4182 omnino
1932 4127 2341 4197 prmstiturum,

776 4224 1130 4295 Dyrrachium
1162 4223 1453 4277 Eustatltio
1498 4223 1726 4290 patricio
1757 4220 2143 4290 Daphnomelze
2184 4219 2348 4272 tradi-

775 4328 888 4370 tum
915 4325 1020 4375 est,
1039 4325 1092 4369 et
1117 4315 1380 4384 Chryselii
1409 4314 1499 4367 ﬁlii
1527 4314 1844 4383 patriciatus
1870 4313 2077 4367 honore
2107 4313 2346 4367 decorati

776 4417 924 4471 sunt,
959 4408 1048 4462 iilo
1079 4416 1253 4460 morte
1277 4415 1572 4474 przevento.

857 4581 959 4636 sub
1007 4581 1149 4635 idem
1206 4587 1417 4649 tempus
1474 4579 1675 4634 Paulus
1723 4581 1978 4650 magister
2030 4580 2228 4643 Bobus,
2265 4583 2347 4636 vir

777 4670 1178 4725 Thessalonica:
1215 4671 1524 4740 primarius,
1575 4681 1632 4725 et
1683 4669 2014 4726 Malaceiuus
2069 4681 2348 4743 protospa-

778 4764 1004 4825 that-ius,
1034 4763 1338 4834 prudentia:
1359 4778 1421 4817 ac
1449 4762 1715 4818 facundia:
1744 4761 1991 4827 celebris,
2016 4764 2177 4818 delati
2204 4765 2345 4835 quod

777 4857 972 4910 animis
993 4857 1059 4911 ad
1095 4855 1353 4926 Bulgaros
1388 4855 1737 4920 inclinarent,
1777 4856 1866 4910 hic
1899 4856 2232 4927 Byzantium,
2261 4859 2348 4914 illc

778 4947 830 5001 in
878 4947 1244 5002 Tltraeensem
1289 4947 1576 5001 Pediadem
1626 4947 1870 5001 translati
1905 4956 2046 5002 sunt.
2101 4947 2245 5002 idem
2280 4963 2347 5002 ne

777 5039 878 5094 sibi
918 5041 1164 5094 eveniret
1207 5039 1361 5094 veriti
1404 5039 1620 5109 quidam
1674 5039 1911 5094 illustres
1973 5039 2343 5110 Adrianopoli,

2524 2659 2584 2710 Ὀ
2614 2655 2867 2726 Σαμουὴλ
2901 2655 2956 2708 δέ
2996 2655 3131 2725 πρὸς
3173 2656 3243 2707 τὰ
3299 2652 3476 2705 οἰκεῖα
3533 2652 3831 2712 ἀνασωυεις
3867 2665 4014 2716 γαμ-

2445 2751 2575 2821 ϐρὸν
2610 2750 2804 2816 ἄγεται
2839 2749 2928 2800 ἐπί
2956 2750 3019 2816 τῇ
3047 2744 3212 2798 αὑτοῦ
3247 2743 3476 2813 θυγατρὶ
3518 2741 3763 2810 Ἀσώ-την
3790 2740 3880 2792 τὸν
3918 2739 4012 2792 τοῦ

2446 2841 2758 2911 Ταρωνίτου
2813 2838 2946 2902 υἱὸν,
2990 2837 3096 2889 τῶν
3152 2834 3367 2904 δεσμῶν
3425 2831 3834 2901 ἐλευθερώσαςο
3881 2831 4016 2898 πρὸς

2443 2932 2630 2984 τοῦτον
2684 2931 2790 3000 γὰρ
2848 2932 2880 2999 ἡ
2935 2932 3061 2992 παῖς
3118 2925 3395 2997 ἐρωτικῶς
3446 2925 3754 2978 διατεθεῖσα
3808 2919 4015 2986 ἐξάξειν

2444 3024 2640 3094 ἑαυτὴν
2683 3023 2918 3094 ἠπείλει,
2953 3023 3001 3074 εί
3062 3021 3136 3090 μὴ
3185 3019 3429 3088 νομίμως
3485 3015 3634 3085 αὑτῷ
3693 3013 4012 3081 συναφθείη.

2459 3115 2785 3176 Ἐκτελέσας
2824 3113 2881 3164 δὲ
2935 3112 3060 3174 τοὺς
3115 3110 3329 3179 γάμους
3361 3107 3634 3176 ἐκπέμπει
3685 3105 3802 3176 μετ’
3846 3103 4014 3169 αὐτῆς

2447 3209 2632 3262 τοῦτον
2669 3211 2748 3268 εἰς
2792 3207 2852 3258 τὸ
2906 3205 3232 3274 Δυρράχιον,
3301 3202 3391 3254 ἐπὶ
3449 3199 3662 3269 φυλακῇ
3710 3198 3848 3266 τάχα
3915 3195 4013 3262 τῆς

2447 3301 2662 3371 χώραςξο
2683 3303 2709 3352 ὁ
2732 3299 2787 3352 δέ
2818 3299 2996 3350 ἐκεῖσε
3022 3295 3308 3363 γενόμενος
3343 3292 3436 3346 καὶ
3455 3294 3520 3362 τῇ
3546 3288 3765 3357 συζύγῳ
3783 3285 4017 3340 κοινολο·

2449 3389 2753 3457 γησὰμενος
2785 3387 2878 3438 καὶ
2912 3385 3106 3447 πείσας
3138 3383 3328 3450 φεύγει
3358 3383 3473 3449 μετ’
3503 3379 3669 3447 αὑτῆς
3697 3379 3773 3439 εἰς
3813 3379 3912 3436 τὰς
3954 3376 4011 3424 ἐν

2447 3481 2525 3550 τῷ
2554 3482 2703 3549 τόπῳ
2742 3477 2990 3545 φυλακῆς
3017 3477 3176 3544 χάριν
3225 3470 3650 3542 παραπλεούσας
3695 3465 4013 3534 Ῥωμαϊκὰς

2448 3572 2720 3643 τριήρεις,
2757 3570 2849 3622 καὶ
2882 3569 2948 3621 δι’
2983 3567 3161 3620 αὑτῶν
3184 3569 3260 3629 εἰς
3284 3565 3371 3618 τὸν
3413 3562 3633 3634 βασιλέα
3656 3560 4014 3624 ἀνασώζεται,

2448 3663 2696 3734 τιμηθεὶς
2730 3661 3029 3730 μὰγιστρος
3071 3659 3165 3710 καὶ
3213 3658 3244 3724 ἡ
3297 3654 3486 3708 τούτου
3523 3654 3755 3719 σύζυγος
3810 3651 4014 3720 ζωστὴ.

2449 3755 2734 3824 Διεκόμισε
2760 3753 2816 3805 δὲ
2848 3747 3001 3815 οὗτος
3045 3754 3137 3805 καὶ
3173 3749 3479 3820 γράμματα
3529 3747 3792 3801 δυνάστου
3849 3745 4014 3805 τινὸς,

2449 3847 2565 3907 ἐνὸς
2627 3846 2736 3898 τῶν
2785 3846 2842 3897 ἐν
2895 3843 2970 3914 τῷ
3036 3843 3340 3914 Δυρραχίῳ,
3394 3840 3701 3910 Χρυσηλίου
3760 3837 4015 3906 τοῦνομα,

2449 3936 2881 4007 ὑπισχνουμένου
2913 3935 3246 4005 παραδοῦναι
3267 3933 3365 4004 τὴν
3386 3932 3482 3986 τοῦ
3521 3932 3826 4005 Δυρραχίου
3867 3931 4017 3982 πόλιν

2451 4027 2527 4096 τῷ
2572 4025 2798 4094 βασιλεῖ,
2836 4026 2885 4076 εί
2915 4025 3174 4094 τιμηθείη
3207 4025 3367 4087 αὑτός
3420 4041 3476 4076 τε
3508 4023 3601 4076 καῖ¹
3658 4023 3706 4074 οἱ
3765 4021 3857 4073 δύο
3913 4021 4018 4072 υίοὶ

2448 4119 2609 4172 αὑτοῦ
2642 4119 2936 4188 πατρίκιοι.
2975 4116 3274 4187 Γράμμασι
3305 4116 3362 4168 δὲ
3389 4114 3480 4167 τοῦ
3518 4115 3784 4184 βασιλέως
3832 4114 4012 4164 ἐπιτε·

2449 4212 2559 4273 λεῖς
2580 4210 2676 4272 τὰς
2702 4210 3023 4279 ὑποσχέσεις
3057 4209 3278 4278 ποιῆσαι
3308 4206 3725 4277 βεϐαιώσαντος,
3753 4201 4016 4274 προεδόθη

2449 4301 2508 4354 τὸ
2535 4301 2836 4372 Δυρράχιον
2886 4299 3167 4369 Εύσταθίῳ
3213 4299 3486 4369 πατρικίῳ
3516 4297 3608 4369 ζτῷ
3665 4296 4015 4365 Δαφνομὴλη,

2450 4395 2544 4445 καὶ
2569 4394 2618 4445 οἱ
2647 4393 2740 4446 τοῦ
2764 4391 3072 4462 Χρυσηλίου
3099 4393 3207 4444 υἱοὶ
3233 4392 3520 4461 τετίμηντο
3549 4391 3850 4460 πατρίκιοι,
3880 4386 4019 4442 ἐκεί-

2450 4503 2540 4539 νου
2577 4485 2881 4554 φθὰσαντος
2911 4484 3285 4555 καταστρέψαι
3307 4485 3405 4553 τὴν
3435 4485 3582 4552 ζωήν
3611 4483 3747 4553 (55).

2520 4579 2704 4649 Τούτῳ
2725 4579 2803 4649 τῷ
2824 4580 3000 4650 χρόνῳ
3033 4578 3243 4640 Παῦλος
3270 4578 3569 4647 μάγιστρος
3597 4578 3625 4629 6
3654 4576 3836 4638 Βωόξις
3876 4576 4013 4645 (Si),

2450 4673 2587 4743 ἀνὴρ
2617 4672 2725 4726 τῶν
2753 4675 2808 4725 ἐν
2850 4672 3215 4742 θεσσαλονίκῃ
3260 4671 3328 4724 τε
3371 4670 3584 4740 πρῶτα,
3623 4669 3712 4742 [Ρ.
3760 4668 3883 4741 704]
3927 4670 4021 4723 καὶ

2452 4765 2778 4835 Μαλακηνὸς
2833 4765 3325 4834 πρωτοσπαθὰριος
3367 4763 3459 4816 ἐπὶ
3492 4763 3704 4816 συνέσει
3731 4764 3825 4815 καὶ
3875 4763 4018 4831 λόγῳ

2455 4860 2776 4928 ἐμπρέπων,
2809 4857 3184 4926 διαϐληθέντες
3222 4857 3295 4920 ὡς
3321 4856 3388 4909 τὰ
3416 4856 3735 4927 Βουλγάρων
3758 4854 4018 4925 φρονοῦν-

2455 4969 2547 5014 τες
2566 4949 2997 5022 μετῳκίσθησαν,
3015 4951 3044 5001 ὁ
3065 4951 3162 5014 μὲν
3187 4949 3394 5012 Παῦλος
3413 4951 3491 5012 είς
3515 4949 3613 5018 τὴν
3642 4950 3699 5000 ἐν
3722 4947 4014 5018 Θρᾳκησίῳ

2459 5045 2677 5098 πεδιάδα
2713 5044 2847 5114 (55),
2883 5045 2910 5096 6
2952 5042 3008 5096 δὲ
3039 5042 3364 5112 Μαλακηνὸς
3395 5043 3472 5104 είς
3503 5040 3817 5105 Βυζάντιον.
3852 5039 4020 5094 Τοῦτο

1896 5177 2243 5235 XYLANDRI
2270 5179 2357 5234 ET
2385 5181 2596 5237 GOARI
2667 5181 2902 5238 NOTAE.

852 5292 965 5358 (35)
1001 5289 1120 5346 Non
1155 5292 1345 5362 dubito
1367 5292 1494 5362 quin
1532 5293 1623 5348 hic
1650 5293 1800 5350 locus
1830 5295 1902 5348 sit
1928 5309 2173 5351 mancus.
2208 5295 2346 5352 Sen-

778 5362 1115 5430 tentiamque
1153 5361 1320 5418 fuisse
1359 5361 1615 5431 coniicio,
1658 5380 1768 5420 non
1817 5365 2148 5420 successisse
2187 5367 2345 5422 istam

779 5431 1056 5500 Dyrrachii
1099 5433 1476 5508 proditionem
1526 5434 1596 5488 ob
1644 5450 2045 5508 praeproperam
2085 5437 2346 5508 Chryselii

779 5501 1204 5580 mortem._Sed
1254 5501 1421 5558 fuisse
1469 5518 1535 5580 eo
1586 5501 1816 5573 potitum
1859 5501 2140 5580 B_asili_um,
2168 5501 2346 5580 it‘acile

775 5571 1106 5636 judicaveris
1139 5587 1204 5627 ex
1236 5571 1610 5641 sequentibus,
1643 5585 1703 5629 ut
1732 5591 1859 5630 cum
1891 5575 2119 5630 Basilius
2150 5579 2347 5633 dicitur

781 5641 1104 5714 defendendi
1151 5657 1184 5696 a
1237 5641 1444 5714 Joanne
1492 5642 1773 5714 Dyrrachii
1829 5661 1989 5700 causa
2045 5647 2347 5703 instituisse

783 5709 1194 5785 profectionem,
1213 5720 1266 5767 et
1292 5713 1360 5768 de
1377 5709 1604 5785 Joannis
1628 5715 1700 5769 ibi
1723 5716 1845 5771 caesi
1868 5726 2041 5770 morte
2067 5733 2095 5770 a
2118 5720 2345 5785 patricio

784 5779 1036 5848 l‘egonita
1072 5781 1249 5837 factus
1275 5783 1494 5845 certior.
1529 5785 1785 5840 ele.XvL.
1811 5817 1877 5828 —
1907 5787 2052 5840 Nihil
2079 5779 2166 5842 hic
2200 5805 2350 5842 man-

800 5865 927 5904 cum
971 5861 1062 5906 aut
1099 5853 1348 5909 mutilum
1395 5852 1665 5927 Xylandro
1719 5873 1936 5913 sensum
1991 5860 2348 5930 pcrcipienti:

2455 5297 2514 5351 Si
2542 5299 2692 5352 modo
2720 5299 2955 5369 patriciis
2972 5298 3254 5353 honoribus
3275 5307 3575 5369 augeretur,
3599 5313 3757 5367 quam
3786 5300 4019 5369 eamdem

2453 5385 2657 5438 quoque
2717 5368 3047 5439 dignitatem,
3095 5386 3154 5423 eo
3205 5368 3718 5439 vivis’ereptolrduo
3770 5368 3881 5439 ejus
3922 5369 4020 5436 ﬁlii

2454 5437 2905 5509 consequerentur.
2933 5439 3175 5509 Hacque
3208 5439 3522 5494 conditione
3559 5437 3869 5507 Chryselius
3921 5439 4020 5492 im-

2454 5507 2690 5578 paraturi
2730 5507 3394 5579 Dyrrachiumprodebat.
3423 5509 3592 5579 Com.

2551 5579 2640 5642 54)
2675 5579 2765 5634 Sic
2797 5581 3006 5634 balbum
3035 5590 3090 5634 et
3113 5578 3314 5634 intutum
3342 5589 3539 5633 vocant
3564 5578 3755 5634 (ἐπινεῖ.
3780 5578 3946 5633 Gem.

2551 5579 2640 5642 54)
2675 5579 2765 5634 Sic
2797 5581 3006 5634 balbum
3035 5590 3090 5634 et
3119 5591 3314 5634 malum
3342 5589 3539 5633 vocant
3564 5579 3755 5634 Gneci.
3780 5579 3946 5633 Gem.

2528 5579 2639 5718 i555)
2677 5649 2872 5705 Pedias
2905 5650 3182 5719 planitiem
3243 5650 3527 5718 signiﬁcat.
3584 5648 3689 5704 Sed
3739 5651 4019 5718 proprium

2459 5719 2769 5790 suspicatus
2796 5736 2939 5774 sum.
2969 5721 3361 5790 Ίλλουστρίους
3380 5720 3511 5774 dicit
3541 5720 3631 5790 qui
3658 5720 3757 5774 viri
3783 5720 4019 5773 illustres

2461 5789 2716 5860 inclinato
2760 5789 2990 5859 imperio
3040 5789 3286 5847 solebant
3333 5789 3462 5854 dici,
3496 5789 3637 5846 sicut
3675 5790 4016 5860 spectabiles,

2460 5859 2764 5926 clarissimi,
2809 5870 2911 5919 etc.
2947 5860 3053 5918 Res
3099 5869 3360 5926 estnota,
3393 5870 3444 5918 et
3498 5862 3827 5918 notationem
3873 5861 4017 5914 vocis
