4410 6442
731 411 829 475 187

728 614 799 668 ab
834 614 1158 680 imperatore
1192 605 1353 679 454
1381 608 1636 675 impetrat
1661 613 1720 657 ut
1762 602 2159 656 Thessalonica:
2190 602 2291 656 sibi

729 702 918 756 li'ceret
956 699 1183 768 degere;
1227 694 1408 762 ibique
1462 708 1684 746 uxorem
1734 692 1885 745 ducit
1924 692 2087 744 filiam
2131 691 2291 759 primi

726 790 1175 862 peribatariorum
1234 786 1365 839 mdis
1421 785 1671 853 martyris
1727 783 2006 837 Demetrii.
2045 782 2291 851 Cumque

728 884 811 936 bis
833 897 895 935 ea
927 880 1180 933 maritum
1216 885 1422 945 patrem
1457 873 1693 935 fecisset,
1736 873 1850 942 ipse
1900 872 2156 941 profugit.
2186 871 2293 925 De-

726 973 1031 1043 prehensus
1065 985 1255 1024 socero
1293 967 1666 1020 intercedente
1705 966 1914 1018 veniam
1960 963 2289 1032 impetravit.

725 1064 794 1117 Et
824 1078 947 1117 cum
979 1063 1156 1116 denuo
1187 1058 1532 1128 profugisset,
1570 1072 1781 1109 rursum
1807 1066 1886 1108 est
1915 1056 2102 1108 eodem
2134 1054 2296 1108 modo

724 1157 1007 1210 dimissus.
1039 1154 1173 1206 Aliis
1215 1162 1396 1205 autent
1448 1151 1661 1203 duobus
1727 1147 1910 1200 liberis
1973 1147 2291 1216 procreatis,

729 1249 951 1303 tertium
972 1254 1031 1300 ut
1058 1244 1315 1315 profugit,
1344 1252 1534 1312 captus
1558 1243 1718 1310 inque
1745 1241 1925 1310 palum
1947 1240 2169 1295 suilixus
2192 1249 2291 1294 est.

801 1427 1020 1482 Interim
1058 1424 1348 1480 Numeritre
1382 1433 1437 1477 et
1460 1422 1728 1490 Ataphitm
1760 1422 1963 1475 Arabes
2003 1437 2125 1475 cum
2170 1422 2295 1477 Cm-

727 1519 977 1588 lesyriam
1004 1520 1283 1586 ipsamque
1310 1515 1472 1568 etiam
1506 1514 1743 1567 Africam
1771 1514 2004 1582 graviter
2038 1522 2299 1568 vexarent

732 1609 1157 1670 incursionibus,
1186 1606 1501 1675 magistrum
1535 1604 1894 1671 Nicephorum
1924 1604 2165 1659 Uranum
2202 1606 2301 1657 im-

729 1707 947 1766 perator
976 1705 1260 1765 praetorem
1290 1693 1596 1747 Antiochiae
1627 1693 1816 1755 mittit,
1848 1693 2140 1747 succedere
2171 1694 2216 1747 ei
2247 1694 2298 1745 in

729 1796 1018 1857 prteturam
1042 1785 1459 1840 Thessaloniccs
1483 1785 1639 1852 jnsso
1666 1785 1894 1851 patricio
1916 1784 2115 1837 Uavido
2145 1784 2298 1836 Aria-

1977 403 2299 463 GEORGII
2322 403 2657 463 ‘CEDRENI

798 525 901 591 Qui
933 520 1222 593 praefuerat
1245 519 1292 573 ei
1312 517 1535 573 castello
1552 515 1848 579 l)raxanns,
1872 512 1953 568 vir
1980 514 2291 578 bellicosus,
2326 521 2371 577 Α

3870 398 3966 459 Ῑςὶ

2483 514 2540 565 Ὀ
2589 514 2645 566 δὲ
2696 513 2789 567 τοῦ
2838 515 3095 586 φρουρίου
3139 519 3426 582 κατάρχων
3478 511 3772 580 Δραξανος.
3826 510 3965 577 ἀνὴρ

2396 605 2748 676 πολεμιστὴς,
2782 606 3024 677 ᾐτήσατο
3056 605 3195 659 κατὰ
3230 605 3329 674 τὴν
3376 602 3776 671 Θεσσαλονίκην
3805 601 3963 666 οἰκῆι

2398 717 2508 752 σαι.
2553 699 2968 759 Ἐπινεῦσαντος
3004 698 3061 750 δὲ
3108 697 3201 750 τοῦ
3252 695 3515 766 βασιλέως
3557 694 3841 762 ἡρμόσατο
3865 706 3965 754 γυ·

2394 791 2557 841 ναῖκα
2607 788 2705 857 τὴν
2748 788 3021 856 θυγατέρα
3095 786 3187 839 τοῦ
3258 777 3473 855 πρώτου
3503 783 3609 835 τῶν
3660 780 3964 849 περιϐατα-

2397 878 2530 949 ρίων
2565 877 2672 947 (56)
2702 879 2791 932 τοῦ
2835 878 2961 930 ναοῦ
3012 876 3104 928 τοῦ
3155 876 3453 944 ἀθλοφόροι)
3499 871 3836 943 Δημητρίου,
3875 871 3967 921 καὶ

2400 972 2596 1033 παῖδας
2627 970 2683 1036 ἐξ
2712 971 2883 1039 αὐτῆς
2907 972 3030 1039 ἔσχε
3068 970 3179 1023 δύο.
3229 965 3357 1021 Εἶτα
3392 968 3631 1035 ἀποδρὰς
3674 965 3839 1028 ἑάλω,
3872 962 3968 1014 καὶ

2399 1062 2636 1127 ἐντεύξει
2668 1064 2760 1120 τοῦ
2812 1062 3072 1134 κηδεστοῦ
3120 1060 3496 1131 συνεχωρήθη.
3549 1060 3658 1113 Καὶ
3711 1057 3966 1123 δεύτερον

2398 1154 2636 1223 ἀποδρὰς
2682 1154 2881 1221 ὁμοῖως
2923 1154 3139 1222 ἀφείθη.
3204 1153 3314 1204 Καὶ
3357 1152 3517 1218 ἕτερα
3571 1150 3627 1201 δὲ
3674 1150 3840 1200 τέκνα
3876 1146 3967 1197 δύο

2400 1247 2629 1316 ποιήσας
2658 1246 2715 1298 τὸ
2737 1244 2919 1314 τρίτον
2944 1246 3177 1314 ἀπέδρα,
3226 1244 3323 1295 καὶ
3371 1240 3697 1310 συλληφθεὶς
3738 1241 3968 1292 ἀνεσκο-

2399 1336 2649 1406 λοπίσθη.

2466 1429 2585 1481 Τῶν
2611 1429 2668 1481 δὲ
2694 1426 3050 1497 Νουμεριτῶν
3079 1426 3176 1480 καὶ
3225 1424 3530 1492 Ἀταφιτῶν
3573 1423 3820 1494 Ἀράϐων
3853 1423 3966 1477 δει-

2404 1518 2509 1580 νῶς
2553 1519 2655 1587 τήν
2676 1536 2733 1571 τε
2775 1519 2976 1585 Κοίλην
3018 1517 3218 1587 Συρίαν
3252 1517 3347 1570 καὶ
3379 1515 3550 1583 αὐτὴν
3610 1514 3971 1583 κατατρεχόν-

2400 1629 2505 1665 των
2531 1613 2629 1683 τὴν
2672 1612 3023 1680 Ἀντιόχειαν,
3064 1610 3151 1662 τὸν
3196 1611 3495 1679 μάγιστρον
3530 1602 3849 1674 Νικηφ’όρον
3879 1604 3971 1657 τὸν

2401 1704 2641 1773 Οὐρανὸν
2675 1706 2701 1755 ὁ
2756 1703 3011 1771 βασιλεὺς
3064 1703 3300 1771 ἄρχοντα
3368 1700 3699 1767 ’Λντιοχείας
3728 1699 3841 1767 (57)
3878 1699 3970 1749 ὲκ-

2403 1794 2631 1863 πέμπει,
2651 1795 2892 1863 διάδοχον
2921 1791 3086 1845 αὐτοῦ
3109 1794 3204 1859 τῆς
3229 1789 3629 1857 Θεσσαλονίκης
3659 1786 3972 1855 πεποιηκὼς

730 1879 867 1932 nita.
911 1879 975 1930 Et
1012 1876 1399 1944 Philippopolis
1426 1883 1709 1942 prmturam
1738 1874 1807 1926 ob
1833 1889 2047 1943 gravem
2079 1883 2292 1928 aetatem
2331 1863 2371 1917 Β
2400 1884 2471 1937 τδ,

2228 1891 2292 1928 ειη
2331 1863 2371 1917 Β
2400 1884 2489 1937 τὸν
2530 1887 2820 1955 πατρίκιον
2850 1887 3011 1936 Δαϐἰδ
3045 1885 3134 1935 τὸν
3179 1883 3509 1952 Ἀριανίτην.
3559 1881 3649 1934 Ἑν
3677 1881 3732 1933 δὲ
3779 1880 3969 1931 Φιλιπ-

731 1971 1045 2039 resignante
1086 1967 1375 2021 Theodoro
1419 1981 1577 2030 cano,
1605 1981 1721 2017 eam
1758 1964 2064 2034 Nicephoro
2114 1975 2295 2034 proto-

732 2060 1006 2128 spathario
1062 2059 1271 2126 Xiphiae
1330 2057 1566 2111 mandat.
1616 2056 1828 2110 Uranus
1859 2066 1917 2109 ut
1945 2057 2295 2109 Antiochiam

732 2150 902 2213 venit,
926 2149 1138 2203 duobus
1160 2156 1255 2200 ant
1276 2147 1446 2199 tribus
1471 2144 1667 2213 prmliis
1694 2144 2022 2198 Cistrinitam
2058 2146 2294 2200 Arabum

732 2242 924 2295 ducem
986 2240 1249 2303 contudit,
1290 2238 1555 2307 facileque
1612 2238 1879 2305 persuasit
1926 2248 1986 2290 ut
2040 2238 2083 2292 is
2137 2256 2299 2307 porro

733 2333 1057 2401 quiesceret,
1100 2334 1390 2399 omniaque
1418 2330 1650 2384 reddidit
1680 2329 2038 2398 pacatissima.

2404 1976 2659 2028 πουπόλει
2687 1976 2778 2027 τὸν
2798 1974 3291 2044 πρωτοσπαθάριον
3320 1972 3633 2041 Νικηφόρον
3660 1971 3752 2022 τὸν
3777 1970 3972 2035 Ξιφίαν

2406 2064 2733 2130 στρατηγεῖν
2787 2062 2967 2125 ἔταξε,
3030 2060 3123 2112 τοῦ
3187 2060 3600 2128 Θεοδωροκὰνου
3668 2059 3753 2110 διὰ
3796 2059 3971 2127 γῆρας

2405 2150 2911 2219 παραιτησαμένου.
2953 2150 3011 2201 ’0
3041 2148 3096 2200 δὲ
3146 2148 3444 2217 μάγιστρος
3478 2147 3833 2216 Νικηφόροςὸ
3868 2148 3973 2199 Οὑ-

2409 2247 2568 2318 ρανδς
2610 2249 2666 2299 ἐν
2719 2246 3018 2316 Ἀντιοχείᾳ
3045 2246 3336 2314 γενόμενος
3383 2245 3477 2296 καὶ
3512 2243 3631 2295 δυσὶ
3686 2246 3776 2295 καῖ
3826 2243 3973 2311 τρισὶ

2413 2338 2615 2407 μάχαις
2676 2338 3014 2406 συμπλακεὶς
3070 2335 3408 2403 Κιστρινήτῃ
3451 2333 3527 2401 τῷ
3570 2334 3676 2385 τῶν
3729 2334 3972 2402 Ἀράϐων

734 2421 1025 2489 στρατηγῷ
1069 2421 1162 2471 καὶ
1197 2420 1535 2487 τρεψάμενος
1589 2418 1805 2470 ἔπεισεν
1855 2417 2081 2486 ἡσυχίαν
2114 2417 2287 2485 ἄγειν,
2328 2424 2422 2475 καὶ
2480 2425 2549 2477 τὰ
2598 2427 2898 2495 πράγματα
2944 2427 3022 2487 είς
3098 2422 3317 2493 βαθεῖαν
3343 2423 3565 2492 εἰρήνην
3642 2424 3735 2474 καὶ
3808 2423 3972 2490 γαλη-

732 2512 935 2564 νιῶσαν
978 2512 1307 2579 μετήγαγεν.

805 2600 960 2653 Anno
996 2600 1325 2669 insequenti,
1363 2600 1653 2654 indictione
1672 2599 1879 2653 decima
1913 2600 2121 2667 quinta,
2147 2600 2302 2672 Bidy-

733 2707 857 2744 nam
886 2692 1073 2745 urbem
1123 2692 1354 2755 obsidet,
1407 2701 1461 2746 et
1497 2702 1620 2746 octo
1649 2706 1865 2745 menses
1897 2693 2298 2761 oppugnatione

732 2789 923 2843 tracta,
956 2798 1075 2835 eam
1106 2782 1155 2835 vi
1182 2782 1345 2851 capit.
1390 2781 1524 2835 Dum
1552 2784 1668 2837 haec
1696 2783 1807 2852 agit
1838 2783 2159 2850 imperator,
2198 2784 2300 2837 Sa-

733 2868 945 2921 innelus
981 2868 1267 2936 expeditos
1318 2870 1524 2923 ducens
1563 2870 2069 2937 Adrianopnlitanos
2124 2871 2299 2925 obiter

732 2956 995 3017 adoritur,
1027 2957 1188 3028 455
1228 2958 1314 3011 die
1340 2958 1695 3027 assumptioni
1734 2958 1973 3027 Deiparte
2009 2960 2165 3023 festo,
2190 2977 2298 3029 quo

731 3043 946 3113 publica
967 3054 1078 3098 tum
1101 3048 1167 3097 de
1197 3062 1347 3099 more
1368 3047 1722 3114 peragebatur
1742 3048 2075 3103 solemnitas.
2104 3049 2295 3105 Subito

731 3136 895 3205 igitur
922 3136 1137 3190 irruens
1164 3153 1353 3207 magna
1392 3150 1541 3207 parta
1567 3139 1746 3208 praeda
1776 3141 2024 3195 discedit.
2054 3143 2298 3211 Impera-

2488 2604 2546 2657 Ὀ
2577 2604 2631 2657 δὲ
2670 2605 2924 2673 βασιλεὺς
2956 2605 3097 2659 κατὰ
3128 2605 3189 2657 τὸ
3220 2603 3372 2657 ἐπιὸν
3398 2603 3514 2664 ἔτος
3551 2604 3876 2666 ίιδικτιῶνος
3912 2594 3968 2657 ιε’

2402 2695 2756 2767 ἑκστρατεύει
2784 2699 2922 2750 κατὰ
2941 2696 3187 2766 Βιδύνης,
3212 2697 3309 2751 καὶ
3335 2698 3418 2764 ἐφ’
3444 2696 3596 2756 ὅλους
3627 2694 3767 2748 ὀκτὼ
3799 2698 3972 2764 μῆνας

2400 2793 2853 2863 ὲμφιλοχωρήσας
2907 2796 2971 2861 τῇ
3003 2792 3325 2861 προσεδρείᾳ
3383 2793 3529 2859 αίρεί
3579 2792 3719 2843 κατὰ
3770 2791 3967 2858 κράτος

2399 2879 2498 2954 τὴν
2526 2883 2697 2936 πόλιν.
2734 2883 2823 2935 Ἐν
2851 2878 2893 2950 ᾧ
2923 2883 2979 2935 δὲ
2998 2885 3061 2953 τῇ
3092 2883 3375 2953 πολιορκία
3402 2876 3556 2945 οὗτος
3577 2882 3966 2951 προσήδρευεν,

2406 2976 2434 3027 ὁ
2463 2974 2717 3042 Σαμουὴλ
2755 2974 2972 3045 εὐζώνῳ
3001 2974 3346 3044 χρησάμενος
3364 2974 3638 3043 δδοιπορία
3670 2972 3969 3025 ἐπιτίθεται

2403 3066 2461 3131 ἐξ
2492 3067 2680 3134 ἐφόδου
2708 3069 2772 3136 τῇ
2808 3066 3243 3135 Ἀδριανουπόλει
3279 3066 3401 3118 κατ’
3434 3064 3602 3134 αὐτὴν
3628 3066 3727 3133 τὴν
3755 3064 3967 3133 ἡμέραν

2405 3156 2505 3226 τῆς
2524 3158 2831 3227 κοιμήσεως
2851 3157 2950 3226 τῆς
2972 3159 3071 3210 ὐπε
3082 3158 3279 3225 ράγνου
3302 3157 3564 3210 Θεοτόκου
3588 3155 3720 3225 (58),
3747 3156 3840 3208 καὶ
3869 3157 3971 3224 τήν

733 3238 819 3281 tor
856 3227 1055 3297 Bidyna
1086 3230 1507 3300 diligentissime
1540 3233 1867 3285 communita
1905 3235 1958 3287 in
1994 3236 2182 3288 urbem
2219 3237 2301 3289 in-
2328 3254 2371 3309 α
2402 3264 2460 3299 τε

2227 3238 2301 3289 ίη-
2328 3254 2371 3309 C
2402 3264 2460 3299 τε
2487 3249 2813 3317 πανήγυριν,
2842 3248 2963 3317 ἥτις
2986 3248 3164 3300 εἰώθει
3188 3247 3419 3315 ἐτησίως
3444 3247 3714 3299 τελεῖσθαι
3743 3246 3968 3317 δημοτε-

733 3319 960 3374 eolumis
1008 3322 1239 3375 reditum
1279 3322 1531 3385 instituit,
1575 3324 1748 3378 obiter
1793 3327 1971 3378 omnia
2024 3327 2298 3397 liulgarica

731 3413 953 3467 Castella
983 3423 1200 3468 vastans
1222 3423 1384 3484 atque
1410 3417 1685 3486 subigens.
1722 3417 1828 3471 Sed
1859 3434 1980 3470 cum
2022 3419 2088 3471 ad
2114 3420 2300 3471 urbem

735 3502 962 3574 Scopias
991 3506 1292 3570 accederet,
1320 3508 1679 3577 deprehendit
1703 3519 1855 3563 trans
1880 3511 2073 3563 Axium
2101 3510 2301 3564 ﬂumen

735 3594 906 3662 (nunc
932 3594 1219 3651 Bardarius
1238 3598 1649 3666 appellabatur)
1678 3598 1988 3653 Samuelum
2023 3600 2301 3669 negligen-

738 3697 823 3740 ter
849 3696 1026 3741 caslra
1059 3688 1282 3742 habere.
1309 3687 1406 3742 Hic
1433 3689 1575 3741 enim
1618 3689 1786 3743 fretus
1815 3689 1989 3743 amnis
2031 3690 2302 3751 abundans

737 3778 830 3839 tia,
856 3788 909 3832 et
940 3795 1062 3833 eum
1088 3782 1157 3834 ob
1185 3795 1442 3849 aquarum
1462 3779 1780 3833 insolentem
1808 3779 2057 3834 allluxum
2085 3782 2301 3837 transiri

735 3885 843 3922 non
890 3885 1048 3937 posse
1100 3881 1270 3935 ratus,
1298 3887 1542 3926 securus
1580 3881 1715 3925 erat.
1758 3876 1829 3925 At
1881 3873 2173 3941 imperator
2207 3889 2303 3943 per

736 3960 931 4013 vadum
960 3976 987 4013 a
1016 3962 1249 4031 quodam
1279 3978 1500 4017 suorum
1529 3963 1807 4016 inventum
1833 3962 2015 4032 copias
2046 3964 2299 4019 traducit.

736 4051 921 4119 itaque
983 4068 1042 4106 re
1106 4053 1376 4119 insperata
1446 4062 1824 4108 consternatus
1881 4054 2165 4108 Samuclus
2229 4056 2301 4118 ita

736 4140 909 4196 effuse
950 4142 1083 4213 fugit
1118 4159 1239 4197 cum
1272 4145 1408 4207 suis,
1439 4154 1499 4198 ut
1539 4160 1701 4199 neruo
1738 4160 1924 4198 eorum
1956 4146 2093 4217 hosti
2119 4156 2304 4215 pectus

737 4252 972 4306 unquam
1026 4238 1356 4293 ostenderet.
1402 4238 1575 4309 ipsius
1627 4239 2033 4294 tabernaculum
2085 4250 2304 4310 totaque

738 4338 913 4383 castra
945 4340 1121 4398 capta.
1144 4330 1249 4386 Sed
1287 4342 1343 4385 et
1370 4334 1561 4386 urbem
1592 4332 1817 4401 Scopias
1846 4334 2155 4402 imperatori
2190 4343 2301 4387 tra-

739 4420 876 4473 didit
908 4421 954 4474 ei
986 4436 1016 4474 a
1056 4420 1308 4475 Samuelo
1344 4422 1628 4491 praefectus
1654 4420 1951 4486 Romanus,
1998 4423 2141 4489 Petri
2176 4423 2303 4478 Bul-

738 4528 993 4582 garorum
1039 4514 1181 4584 regis
1234 4515 1398 4579 filius,
1438 4514 1635 4569 Borisze
1678 4514 1864 4580 frater,
1892 4512 2108 4569 Simeon
2136 4516 2299 4570 etiam

2404 3338 2521 3408 λὴς,
2539 3339 2684 3408 αἱρεῖ
2704 3339 2961 3410 ἐξαίφνης
2984 3339 3281 3401 ἐπιπεσὼν,
3300 3342 3394 3392 καὶ
3416 3340 3562 3393 λείαν
3586 3340 3786 3408 πολλὴν
3805 3341 3971 3411 ὑπερ-

2402 3427 2769 3494 ποιησάμενος
2800 3428 3142 3498 ὑπέστρεψεν
3174 3430 3253 3491 εἰς
3272 3428 3338 3481 τὰ
3370 3430 3497 3485 ἴδια.
3547 3429 3603 3481 Ὀ
3626 3431 3683 3483 δὲ
3716 3430 3970 3498 βασιλεὺς

2400 3516 2499 3583 τὴν
2538 3516 2763 3586 Βιδύνην
2794 3518 2938 3583 μάλα
2971 3518 3151 3580 καλῶς
3201 3520 3617 3590 ὀχυρωσάμενος
3666 3520 3969 3587 ἐπανῆλθεν

2402 3606 2595 3674 ἀσινὴς
2635 3608 2715 3669 είς
2743 3608 2840 3675 τὴν
2870 3608 3135 3676 βασιλίδα,
3165 3609 3221 3660 ἐν
3257 3608 3334 3680 τῷ
3360 3609 3551 3663 διιέναι
3583 3609 3760 3664 πάντα
3802 3611 3869 3663 τὰ
3911 3612 3969 3663 ἐν

2404 3698 2529 3749 ποσὶ
2557 3698 2901 3769 Βουλγαρικὰ
2933 3702 3170 3769 φρούρια
3212 3701 3353 3772 δῃῶν
3396 3702 3489 3754 καὶ
3521 3705 3969 3771 καταστρεφόμε-

2401 3805 2508 3849 νος.
2543 3787 2620 3857 Τῇ
2655 3789 2802 3840 πόλει
2832 3788 2886 3841 δὲ
2928 3789 3033 3840 τῶν
3068 3790 3314 3843 Σκοπίων
3363 3791 3589 3856 ἐγγίσας
3626 3785 3753 3859 εῦρε
3787 3793 3963 3861 πέραν

2416 3879 2593 3942 Ἀξιοῦ
2625 3879 2717 3932 τοῦ
2748 3880 3017 3949 ποταμοῦ,
3051 3880 3109 3932 ὃν
3142 3881 3236 3934 νῦν
3283 3882 3585 3953 Βαρδάριον
3621 3882 3965 3952 ὀνομάζουσι,

2403 3973 2889 4042 κατεσκηνωμὲνον
2929 3973 3249 4042 ἀμερίμνως
3292 3975 3384 4026 τὸν
3424 3974 3711 4041 Σαμουὴλ·
3750 3975 3968 4044 θαρρῶν

2404 4064 2511 4133 γὰρ
2540 4066 2604 4133 τῇ
2631 4063 2938 4135 πλημμύρᾳ
2966 4062 3059 4115 τοῦ
3085 4064 3349 4132 ποταμοῦ,
3392 4066 3487 4116 καὶ
3521 4065 3595 4127 ὡς
3628 4066 3686 4117 οὐ
3716 4065 3969 4126 διαϐατὸς

2403 4155 2463 4207 τὸ
2492 4154 2584 4207 νῦν
2619 4154 2740 4225 ἔχον
2791 4154 2995 4218 ἔσεται,
3048 4154 3295 4222 ηὐλίζετο
3326 4154 3566 4223 ἀμελῶς.
3600 4157 3685 4223 [Ρ.
3715 4154 3839 4226 706]
3874 4154 3967 4206 Τι-

2403 4247 2493 4309 νὸς
2518 4246 2575 4298 δὲ
2604 4247 2713 4299 τῶν
2746 4246 3092 4317 στρατιωτῶν
3149 4247 3312 4317 πόρον
3341 4248 3588 4318 εὑρόντος
3620 4248 3714 4300 καὶ
3756 4248 3823 4301 δι’
3866 4248 3964 4300 αὖ·

2403 4338 2496 4392 τοῦ
2530 4340 2621 4391 τὸν
2676 4338 2899 4401 βασιλέα
2949 4338 3380 4403 διαϐιϐάσαντος,
3427 4342 3455 4392 ό
3488 4340 3584 4409 μὲν
3615 4339 3867 4407 Σαμουὴλ.
3890 4340 3968 4409 τῷ

2405 4428 2652 4499 αἰφνιδίῳ
2686 4430 3054 4496 καταπλαγεὶς
3081 4429 3281 4497 ἔφυγεν
3308 4431 3735 4498 ἀμεταστρεπτὶ,
3762 4429 3969 4500 ἐλήφθη

2404 4522 2448 4574 δ’
2487 4523 2519 4591 ή
2578 4522 2765 4574 τούτου
2806 4521 2976 4590 σκηνὴ
3024 4522 3117 4574 καὶ
3173 4522 3232 4573 τὸ
3278 4520 3396 4572 ὅλον
3429 4521 3806 4587 στρατόπεδον.
3850 4520 3967 4573 Ἐν-

738 4603 822 4656 avi
883 4603 1099 4657 nomine
1156 4604 1476 4673 appellatus.
1535 4603 1705 4669 Quem
1759 4606 1876 4673 ejus
1931 4605 2094 4659 ofﬁcii
2144 4621 2305 4661 causa
2337 4618 2479 4681 οεχη

2227 4621 2305 4661 Isa
2337 4618 2380 4674 ι)
2411 4613 2648 4682 εχείρισε
2677 4613 2732 4664 δὲ
2764 4612 2858 4664 καὶ⁵
2887 4613 2984 4679 τὴν
3009 4611 3163 4662 πόλιν
3187 4610 3294 4663 τῶν
3318 4609 3565 4663 Σκοπίων
3595 4611 3671 4679 τῷ
3701 4610 3909 4679 βασιλεῖ
3942 4613 3968 4663 ὁ

736 4694 1035 4760 imperator
1059 4695 1343 4762 patricium
1367 4695 1828 4765 praepositumque
1861 4696 2127 4768 designat,
2154 4698 2299 4767 Aby-

736 4785 912 4854 doque
946 4787 1188 4854 praeficit.

2406 4706 2606 4772 ταύτης
2644 4704 2830 4772 ἄρχειν
2856 4702 3006 4772 παρὰ
3040 4701 3133 4754 τοῦ
3175 4702 3424 4769 Σαμουὴλ
3477 4702 3807 4768 τεταγμένος
3847 4702 3970 4753 Ῥω·

2413 4794 2600 4861 μανὸς,
2630 4795 2658 4845 ὁ
2687 4794 2892 4861 Πέτρου
2933 4792 3030 4860 μὲν
3069 4791 3163 4843 τοῦ
3208 4791 3469 4859 βασιλέως
3512 4790 3619 4841 τῶν
3645 4788 3971 4859 Βουλγὰρων

737 4884 874 4945 υίὸς,
903 4883 995 4935 τοῦ
1023 4883 1079 4937 δὲ
1120 4885 1345 4954 Βορίσου
1380 4886 1624 4954 ἁδελφὸς,
1659 4884 1883 4956 Συμεὼν
1913 4887 1990 4956 τῷ
2018 4887 2111 4941 τοῦ
2155 4888 2377 4942 πάππου
2399 4889 2623 4959 ὀνόματι
2652 4887 3075 4958 μετονομασθείς
3097 4903 3109 4916 ⁸
3178 4888 3237 4940 ὃν
3299 4888 3327 4938 ὁ
3407 4886 3656 4955 βασιλεὺς
3714 4887 3968 4951 ἀποδεξά-

740 4992 897 5045 μενος
928 4975 1025 5045 τῆς
1049 4979 1421 5047 προαιρέσεως
1450 4981 1734 5050 πατρίκιόν
1761 4997 1817 5033 τε
1850 4982 1984 5050 τιμᾷ
2012 4982 2101 5033 καὶ
2133 4985 2513 5052 πραιπόσιτον,
2552 4985 2643 5037 καί
2671 4985 2995 5054 στρατηγεῖν
3019 4982 3293 5049 ἐκπέμπει
3337 4982 3580 5035 Ἀϐύδου.

718 5146 719 5149 η
807 5066 933 5124 Inde
960 5070 1253 5141 imperator
1273 5072 1338 5125 ad
1365 5070 1649 5128 Pernicum
1680 5075 1846 5140 ducit,
1875 5076 2017 5145 quod
2050 5077 2302 5131 tuebatur

2491 5077 2728 5130 Ἐκεῖθεν
2754 5080 2781 5130 ὁ
2810 5077 3057 5147 βασιλεὺς
3083 5076 3273 5139 διαϐὰς
3302 5074 3517 5145 ἔρχεται
3550 5075 3682 5146 πρὸς
3711 5076 3799 5129 τὸν
3823 5076 3966 5146 Πέρ-

1827 5213 2179 5270 XYLANDBI
2237 5215 2583 5287 nrcoam
2643 5216 2872 5273 nom.

812 5328 923 5396 (56)
961 5328 1072 5401 lloe
1094 5329 1221 5397 quid
1249 5329 1337 5388 sit.
1370 5328 1621 5401 nondum,
1642 5329 1823 5384 didici.
1849 5330 1987 5394 Quid
2020 5334 2061 5385 si
2092 5333 2292 5401 aliquid

739 5398 1280 5467 prtebendiariorum.
1320 5416 1455 5468 quos
1501 5400 1659 5453 hodie
1697 5411 1913 5462 vocant,
1953 5402 2125 5455 simile
2160 5398 2297 5457 fuit?

739 5471 925 5537 Neque
953 5470 1140 5523 nescio
1180 5470 1214 5524 b
1245 5485 1338 5537 pro
1370 5487 1396 5523 υ
1457 5470 1587 5538 poni
1633 5470 1827 5532 solere,
1867 5480 1926 5523 ut
1964 5473 2295 5539 privatarum

739 5541 917 5608 possis
942 5540 1138 5607 legere,
1159 5541 1299 5608 quod
1327 5540 1645 5593 tantundem
1669 5540 1798 5593 mihi
1824 5549 1906 5595 est
1928 5552 2138 5596 notum.
2164 5543 2294 5596 XvL.

741 5607 811 5679 f—
837 5607 903 5662 Ut
933 5609 1183 5662 comitem
1222 5610 1547 5677 privatarum
1580 5624 1760 5663 rerum
1788 5619 1843 5666 ct
1865 5612 2150 5679 peculiaris
2185 5613 2297 5666 fisci

745 5677 1042 5745 imperator
1072 5680 1325 5739 habebat.
1369 5680 1558 5748 privati
1586 5679 1759 5733 aerarii
1799 5677 2113 5749 praefectum
2146 5683 2298 5735 dein-

746 5762 877 5815 ceps
910 5749 1132 5811 dictum,
1162 5749 1233 5803 ita
1264 5760 1319 5804 et
1354 5750 1594 5805 ecclesia!
1615 5764 1741 5805 suos
1767 5760 2065 5815 curatores,
2104 5751 2299 5805 defen-

750 5832 921 5885 sores,
966 5833 1296 5885 (economos,
1338 5829 1411 5887 et,
1434 5828 1491 5873 ut
1524 5830 1709 5877 auctor
1741 5821 1994 5891 loquitur,
2032 5822 2295 5892 πριὸαταο

2406 5339 2571 5408 ρίους.
2601 5336 2962 5408 gazOphvlacii
2990 5335 3264 5405 prmsidcs.
3298 5334 3465 5408 Gem.

2476 5408 2586 5473 (57)
2605 5404 2779 5461 'Prius
2808 5406 2973 5458 δοῦκα
3000 5414 3306 5459 vocaverat.
3338 5404 3505 5457 ϐολῇ.

2476 5478 2587 5546 (58)
2626 5477 2895 5542 Κοίμησις
2926 5476 3022 5541 τῆς
3045 5476 3303 5526 Θεοτόκου
3342 5475 3554 5546 videtur
3581 5487 3701 5546 esse
3737 5474 3964 5546 Assumf

2405 5543 2539 5617 ptio,
2569 5543 2671 5599 nisi
2704 5547 2761 5617 si
2789 5547 2921 5617 quid
2949 5546 3089 5617 aliud
3121 5554 3214 5617 est
3243 5562 3254 5596 :
3288 5560 3395 5597 non
3414 5544 3569 5617 enim
3591 5543 3791 5617 habeo
3820 5544 3962 5617 quod

2406 5612 2687 5671 afﬁrmem.
2722 5616 2855 5669 Vide
2911 5613 3045 5668 infra
3079 5615 3130 5665 in
3180 5614 3372 5670 lbatzre
3414 5612 3659 5677 historia,
3708 5612 3852 5680 quod
3899 5612 3965 5663 ad

2406 5687 2549 5740 hunc
2606 5688 2782 5739 locum
2837 5683 3241 5754 intelligendum
3292 5682 3470 5754 faciat.
3497 5680 3604 5754 “Es
3653 5698 3764 5735 war
3813 5693 3967 5735 utras

2406 5772 2593 5812 unsern
2623 5751 3031 5825 kirchweyhineti
3060 5754 3137 5807 nit
3173 5753 3466 5809 une/inlicit.
3495 5751 3621 5807 Xt'L.
