4410 6442
414 400 517 464 180
1474 397 2012 458 HISTORIARUM
2046 400 2155 460 C0]

1916 398 2012 458 Ulli
2046 400 2575 464 COMPENDIUM.
3559 411 3657 474 190

411 530 581 577 νικον,
610 502 671 564 οῦ
702 509 875 578 φύλαξ
898 505 965 581 ἦν
992 508 1021 562 6
1053 512 1337 580 Κρακρὶς,
1372 509 1511 580 ἀνὴρ
1536 511 1759 580 ἄριστος
1788 514 1856 565 τά
1883 530 1971 565 που
2006 519 2051 574 Α
2078 512 2150 567 Cr

1925 530 1971 565 ο·
2006 519 2051 574 Α
2078 512 2327 575 Cracras,
2370 514 2453 567 vir
2500 514 2640 570 bello
2672 516 2932 586 optimus.
2978 518 3055 573 lbi
3099 535 3223 576 cum
3274 520 3418 576 haud
3472 540 3662 593 parum

409 604 630 675 λεμικά.
676 604 764 655 Ἐν
791 596 835 669 ᾧ
859 601 1051 670 χρόνον
1082 603 1181 654 οὐκ
1209 602 1389 669 ὀλίγον
1421 602 1707 673 διατρίψας
1737 603 1828 655 καὶ
1852 603 1981 656 λαδν
2098 615 2150 660 te

1924 604 1981 656 δν
2098 606 2361 675 temporis
2403 606 2641 661 trivisset
2680 622 2734 663 et
2765 611 2818 664 in
2854 614 3259 681 oppugnatione
3294 616 3493 670 multos
3529 620 3665 671 a-mi.

413 698 471 748 ὲν
512 698 576 763 τῇ
634 694 924 764 πολιορκίᾳ
964 693 1063 746 οὐκ
1108 693 1286 760 ὀλίγον
1348 693 1663 757 ἀποϐαλὼν,
1720 695 1795 756 ὡς
1846 695 1987 762 ἔγνω
2091 697 2154 751 δίε

1932 713 1987 747 ιω
2091 697 2275 760 sisset,
2317 713 2438 751 cum
2473 708 2528 752 et
2557 702 2833 755 castellum
2876 704 3299 773 inexpugnabile
3337 711 3586 773 sentiret,
3617 720 3673 764 et

413 790 662 856 κρεῖττον
697 787 941 856 ὑπάρχον
984 786 1296 854 πολιορκίας
1335 786 1393 838 τὸ
1428 785 1628 856 ἔρυμα,
1664 788 1758 838 καὶ
1814 787 1923 840 οἰδ*
1958 788 1986 838 6
2098 788 2154 843 Ct

1958 788 1986 838 6
2098 788 2347 843 Craeratn
2375 790 2539 861 456
2570 806 2745 859 neque
2775 793 3103 849 blandiendo
3124 812 3300 865 neque
3327 800 3671 868 pollicitatio-

415 879 680 946 Κρακρᾶς
741 876 1004 938 θωπείαις
1036 876 1067 943 ἢ
1097 876 1283 938 ἄλλαις
1339 876 1699 945 ὑποσχέσεσιν
1747 877 1987 945 ἐμαλάσο
2094 881 2147 934 ni

1927 893 1987 927 σο
2094 881 2255 934 nibus
2282 881 2531 950 subigere
2564 892 2761 950 posset,
2797 884 2860 936 ad
2895 886 3295 958 Philippopolin
3333 893 3545 956 transit,
3584 895 3668 946 in-

418 985 543 1019 σετο
571 968 662 1018 κα)⁸
709 966 1084 1034 ἐπαγγελίαις,
1131 965 1330 1035 μετέϐη
1373 968 1507 1036 πρὸς
1536 968 1989 1023 Φιλιππούπολιν.
2092 971 2158 1026 de

1184 965 1330 1035 ετέϐη
1373 968 1507 1036 πρὸς
1536 968 1989 1023 Φιλιππούπολιν.
2092 971 2269 1041 deque
2306 971 2361 1023 in
2393 972 2582 1025 urbem
2614 973 2925 1030 revertitur.

431 1059 670 1110 Ἐκεῖθέν
706 1074 766 1110 τε
788 1058 1005 1127 ἀπάρας
1024 1057 1240 1110 ἄπεισιν
1267 1059 1346 1119 είς
1378 1059 1950 1112 Κωνσταντινούπολιν
1969 1101 1981 1113 .

491 1150 601 1202 Καὶ
631 1152 697 1218 τῇ
732 1150 869 1218 αὐτῇ
904 1149 1225 1217 ἐπινεμήσει
1268 1149 1445 1219 δόγμα
1488 1150 1724 1214 ἐξέθετο,
1762 1152 1861 1213 τὰς
1887 1152 1993 1207 τῶν

422 1242 776 1295 ἀπολωλότων
801 1241 1073 1293 ταπεινῶν
1098 1243 1403 1304 συντελείας
1428 1243 1692 1295 τελεῖσθαι
1712 1243 1863 1312 παρὰ
1884 1242 1994 1296 τῶν

420 1337 683 1389 δυνατῶν.
718 1334 1131 1402 Κατωνομάσθη
1184 1334 1238 1386 δὲ
1272 1336 1304 1403 ἠ
1352 1334 1572 1399 τοιαύτη
1610 1333 1859 1398 σύνταξις
1895 1334 1997 1387 άλο

422 1429 719 1494 λη).ἑγγυον
744 1426 882 1494 (59).
916 1424 1021 1477 Τοῦ
1046 1424 1383 1494 πατριάρχου
1406 1425 1462 1477 δὲ
1492 1426 1719 1494 Σεργίου
1744 1425 1837 1477 καὶ
1866 1424 1998 1476 πολ-

420 1519 531 1571 λῶν
589 1517 893 1588 ἀρχιερέων
951 1518 1047 1569 καὶ
1098 1516 1353 1585 ἀσκητῶν
1411 1516 1619 1584 ἀνδρῶν
1659 1517 1758 1569 οὐκ
1800 1515 1999 1580 ὀλίγων
2105 1520 2161 1565 ιιι

1930 1524 1999 1567 ων
2105 1520 2166 1565 ιιι
2195 1513 2489 1566 absurdum
2532 1514 2637 1568 hoc
2677 1530 2817 1570 onus
2869 1517 3101 1573 subditis
3131 1520 3394 1587 demeret,
3431 1538 3540 1577 non
3574 1523 3671 1579 ob-

422 1611 723 1677 δεηθέντων
768 1610 1068 1676 ἐκκοπῆναι
1112 1608 1173 1658 τὸ
1226 1605 1538 1677 παράλογον
1562 1605 1723 1676 ἄχθος
1757 1606 1934 1671 τουτὶ,
1973 1606 2000 1657 6
2101 1608 2163 1656 tet

706 1627 723 1660 ν
768 1610 1068 1676 ἐκκοπῆναι
1112 1608 1173 1658 τὸ
1226 1605 1538 1677 παράλογον
1562 1605 1723 1676 ἄχθος
1757 1606 1934 1671 τουτὶ,
1973 1606 2000 1657 6
2101 1602 2447 1672 temperavit.

427 1700 681 1769 βασιλεὺς
712 1699 808 1765 οὐχ
840 1699 1171 1765 ὑπήκουσεν.

508 1788 698 1858 Ὀγὸὁῃ
720 1788 777 1840 δὲ
798 1788 1108 1851 ίνδικτιῶνι,
1129 1788 1183 1839 ἐν
1204 1785 1313 1838 ἔτει
1338 1792 1527 1854 ,ςφιη¹,
1546 1786 1573 1838 6
1596 1785 1696 1853 τῆς
1726 1783 1998 1851 Αἰγύπτου

425 1880 716 1948 κατάρχων
760 1878 993 1941 Ἀζίζιος
1044 1877 1132 1929 διά
1181 1877 1382 1947 μικράς
1432 1876 1611 1932 αἰτίας
1641 1875 1735 1927 καὶ
1768 1875 1994 1944 μηδενὸς

421 1972 582 2037 λόγου
620 1968 1051 2039 προσκρούματα
1083 1968 1207 2030 ἄξια
1235 1970 1333 2030 τὰς
1381 1967 1517 2037 πρὸς
1565 1967 1864 2036 Ῥωμαίους
1898 1965 1993 2017 λύ-

2165 1149 2367 1206 Eadem
2399 1152 2693 1207 indictione
2720 1155 2891 1225 legem
2926 1156 3047 1210 tulit
3080 1168 3138 1211 ut
3166 1161 3481 1227 pensionem
3510 1177 3670 1231 quam

2098 1257 2368 1312 pauperes
2406 1242 2602 1311 perditi
2632 1244 2921 1310 debebant,
2956 1245 3154 1300 divites
3181 1249 3573 1315 persolverent.
3616 1251 3671 1304 ld

2102 1334 2397 1387 vocabatur
2425 1334 2820 1403 Allelengyum.
2854 1336 2919 1389 Et
2955 1338 3275 1405 patriarchae
3312 1338 3501 1409 Sergio
3529 1341 3672 1394 mul-

2106 1422 2282 1492 tisque
2312 1424 2434 1477 aliis
2476 1425 2825 1494 pontiﬁcibus
2853 1442 2913 1481 ac
2950 1430 3231 1484 monachis
3257 1432 3675 1500 deprecantibus

2172 1779 2472 1837 lndictione
2529 1793 2740 1848 octava,
2797 1799 2941 1839 anno
2987 1787 3174 1842 mundi
3230 1788 3403 1853 6518,
3459 1790 3671 1863 ᾸΞεγβιί

2100 1875 2353 1945 princeps
2397 1876 2612 1929 Azizius
2650 1876 2720 1930 ob
2765 1876 2937 1931 levem
2991 1893 3210 1933 causam
3251 1889 3305 1935 et
3340 1879 3577 1937 oflensas
3605 1898 3676 1937 ne

2099 1965 2272 2019 relatu
2306 1964 2522 2033 quidem
2556 1966 2750 2035 dignas
2784 1965 2991 2020 fcedere
3018 1970 3158 2033 quod
3188 1971 3236 2023 ei
3265 1986 3386 2025 cum
3414 1970 3676 2027 Romanis

426 2079 523 2124 σας
552 2061 808 2124 σπονδάς,
847 2063 939 2114 τόν
972 2077 1029 2111 τε
1084 2062 1141 2111 ἐν
1202 2059 1593 2127 Ἱεροσολύμοις
1626 2060 1683 2111 ἐν
1730 2058 1807 2127 τῷ
1842 2059 1996 2126 τάφῳ
2101 2071 2167 2109 cr:

1931 2075 1996 2126 ρῳ
2101 2066 2215 2109 crat
2248 2067 2429 2125 rupto,
2468 2065 2522 2110 et
2549 2058 2810 2126 templum
2853 2058 3239 2130 Hierosolymis
3269 2062 3335 2116 ad
3366 2064 3672 2132 sepulcrum

422 2154 517 2206 τοῦ
578 2153 830 2222 Σωτῆρος
881 2150 1116 2222 Χριστοῦ
1174 2150 1611 2219 ἀνεγηγερμένον
1688 2149 1999 2210 πολυτελῶς
2100 2148 2163 2203 Cl

1932 2149 1999 2210 ὦς
2100 2148 2297 2203 Christi
2324 2149 2802 2218 sumptuosissime
2825 2150 3102 2204 conditum
3131 2153 3344 2216 evertit,
3372 2163 3428 2207 et
3458 2154 3673 2225 religio-

426 2245 567 2296 θεῖον
597 2244 721 2296 ναὸν
770 2242 1195 2311 κατεστρέψατο,
1233 2241 1328 2293 καὶ
1374 2242 1442 2294 τά
1488 2241 1663 2308 εὐαγῆ
1694 2240 2000 2308 ἐλυμήνατο
2100 2255 2157 2293 sa

1942 2258 2000 2293 το
2100 2255 2157 2293 sa
2186 2239 2419 2308 perdidit
2449 2237 2800 2302 monasteria,
2836 2245 2890 2292 et
2915 2239 3004 2306 qui
3050 2240 3103 2292 in
3143 2240 3208 2295 iis
3241 2241 3343 2310 pia:
3369 2242 3493 2296 vitae
3522 2258 3678 2296 exer-

428 2337 789 2405 μοναστήρια,
816 2335 907 2387 καὶ
932 2335 1057 2396 τοὺς
1090 2334 1147 2385 ἐν
1171 2331 1383 2395 τούτοις
1428 2332 1800 2401 ἀσκουμένους
1828 2334 1998 2385 ἁπαν-
2101 2330 2169 2385 cit

1934 2350 1998 2384 ιν-
2101 2329 2453 2385 citationibus
2504 2337 2660 2382 erant
2716 2327 2905 2392 dediti,
2963 2345 3058 2385 eos
3112 2346 3209 2400 per
3263 2316 3455 2387 omnes
3503 2343 3675 2390 terras

423 2425 592 2494 ταχοῦ
633 2427 736 2494 γῆς
776 2424 1132 2492 ἐφυγάδευσε.
2100 2436 2162 2476 ex

776 2424 1132 2492 ἐφυγάδευσε.
2100 2433 2348 2476 extorres
2379 2420 2508 2490 egit.

497 2519 586 2587 Τῴ
612 2520 656 2571 δ’
692 2520 899 2571 ἐπιόντι
934 2520 1043 2572 ἔτει
1077 2500 1286 2585 »γέγονε
1335 2518 1542 2588 χειμὼν
1574 2518 1997 2587 ἐπαχθέστατος,
2170 2513 2238 2566 At

1934 2534 1997 2582 3;,
2170 2513 2328 2566 Auno
2354 2512 2657 2581 insequenti
2690 2514 2864 2568 hiems
2892 2514 2993 2567 fuit
3028 2515 3365 2585 gravissima,
3408 2533 3528 2587 qua:
3558 2534 3675 2574 om-

424 2610 500 2670 ὡς
534 2608 1122 2677 άποκρυσταλλωθῆναι
1171 2609 1350 2660 πάντα
1398 2608 1643 2677 ποταμὸν
1666 2610 1760 2662 καὶ
1803 2608 2001 2676 λίμνην
2101 2619 2165 2656 ne

1934 2623 2001 2675 ην
2101 2619 2198 2656 nes
2219 2602 2408 2657 ﬂuvios
2429 2605 2653 2673 paludes
2670 2605 2955 2675 ipsumque
2980 2621 3125 2661 mare
3148 2608 3203 2661 in
3225 2608 3450 2677 glaciem
3481 2610 3672 2678 coegit.

428 2702 525 2754 καὶ
557 2699 723 2766 αὐτὴν
748 2699 844 2768 τὴν
870 2697 1165 2750 Θάλασσαν.
1201 2698 1310 2751 Καὶ
1370 2697 1685 2766 Ἰανουαρίῳ
1723 2698 1852 2766 μηνὶ
1904 2696 2000 2765 τῆς
2104 2693 2169 2746 Mt

1936 2696 2000 2765 ἧς
2104 2693 2288 2747 Mense
2316 2692 2580 2750 Januario
2619 2696 2864 2764 ejusdem
2890 2696 3219 2751 indictionis
3258 2700 3500 2768 apprime
3544 2700 3675 2754 hor-

428 2791 598 2857 αὐτῆς
625 2790 1000 2857 ἐπινεμήσεως
1037 2788 1229 2855 γέγονε
1265 2788 1487 2857 σεισμὸς
1533 2789 1991 2859 φρικωδέστατος,
2102 2800 2169 2839 rei

1935 2801 1991 2851 ης,
2102 2786 2304 2840 rendus
2362 2786 2463 2840 fuit
2512 2796 2671 2841 terra:
2724 2798 2924 2853 motus,
2974 2792 3066 2859 qui
3127 2791 3341 2844 duravit
3392 2806 3564 2859 usque
3609 2792 3676 2845 ad

431 2884 522 2934 καὶ
559 2881 884 2947 διεκράτησε
926 2879 1257 2948 κλονουμένη
1297 2881 1330 2947 ἡ
1372 2880 1442 2947 γῆ
1495 2881 1655 2948 μέχρι
1690 2880 1786 2947 τῆς
1816 2877 1858 2931 θ’
1896 2876 1993 2928 τοῦ
2106 2893 2172 2930 n0

1952 2876 1993 2927 μῦ
2106 2893 2310 2930 nonum
2367 2875 2541 2930 Martii
2592 2879 2756 2933 diem.
2800 2880 2931 2949 Ejus
2968 2882 3113 2934 enim
3154 2881 3257 2935 diei
3310 2881 3439 2934 hora
3472 2880 3693 2934 decima

428 2974 673 3043 Μαρτίου
705 2972 899 3041 μηνόςο
928 2974 986 3024 ἐν
1019 2971 1193 3041 ταύτῃ
1230 2971 1286 3023 δὲ
1321 2972 1449 3039 περὶ
1476 2971 1706 3038 δεκάτην
1727 2969 1876 3039 ὥραν
1899 2970 1998 3037 τῆς
2103 2969 2169 3022 fr:

1934 2970 1998 3037 ἦς
2103 2969 2287 3039 fragor
2338 2968 2441 3022 fuit
2492 2979 2548 3023 et
2596 2972 2880 3025 concussio
2925 2973 3181 3026 terribilis
3203 2974 3337 3027 etin
3373 2972 3505 3026 urbe
3542 2974 3675 3025 etin

431 3065 646 3134 ἡμέρας
675 3064 864 3130 γέγονε
900 3061 1143 3132 βρασμδς
1178 3064 1273 3114 καὶ⁷
1302 3062 1490 3124 κλόνος
1530 3061 1753 3132 φρικτὸς
1776 3060 1916 3113 κατά
1942 3075 2001 3110 τε
2102 3075 2172 3130 ρτι

1942 3075 2001 3110 τε
2102 3060 2394 3130 provinciis
2429 3076 2443 3123 ;
2486 3075 2549 3114 ac
2599 3072 2924 3116 corruerunt
2961 3062 3184 3131 sphzera:
3224 3063 3411 3132 templi
3450 3062 3678 3118 Sancto-

431 3158 529 3225 τὴν
560 3156 807 3226 βασιλίδα
844 3157 936 3207 καὶ
959 3156 1017 3206 ἐν
1048 3158 1159 3216 τοῖς
1189 3156 1412 3224 θέμασι,
1445 3154 1541 3208 καὶ
1561 3152 1911 3207 πεπτώκασιν
1948 3158 2006 3210 αἱ
2036 3181 2079 3238 c
2112 3167 2172 3206 ru

1948 3158 2006 3210 al.
2036 3181 2079 3238 ο
2112 3167 2231 3206 rum
2255 3151 2324 3206 40
2351 3162 2405 3205 et
2432 3152 2615 3219 templi
2634 3150 2885 3206 Omnium
2913 3154 3419 3221 Sanctornm.Quas
3445 3158 3678 3225 impera-

2032 1844 2074 1899 Β

433 3250 661 3316 σφαῖραι
688 3245 784 3299 τοῦ
802 3245 929 3298 ναοῦ
956 3245 1064 3297 τῶν
1092 3244 1289 3311 Ἀγίων
1322 3244 1743 3314 Τεσσαράκοντα
1769 3242 1862 3295 κα)⁸
1892 3241 2002 3295 τῶν

443 3339 646 3407 Ἀγίων
674 3336 932 3390 Πάντων·
966 3335 1031 3398 ἃς
1083 3336 1111 3387 6
1146 3334 1400 3403 βασιλεὺς
1426 3334 1589 3397 εὐθὺς
1638 3335 2001 3404 ἀνεκτήσατο.

430 3428 617 3485 Ταῦτα
646 3429 705 3482 δέ
730 3429 1037 3497 προεμήνυε
1072 3426 1172 3496 τὴν
1222 3426 1361 3495 μετά
1400 3424 1575 3479 ταῦτα
1621 3426 1918 3495 γενομένην
1948 3426 2006 3477 ἐν

446 3524 649 3593 Ἰταλίᾳ
679 3522 885 3575 στάσιν.
920 3520 1193 3588 Δυνάστης
1226 3518 1334 3587 γάρ
1378 3535 1462 3580 τις
1491 3517 1600 3570 τῶν
1638 3517 1873 3569 ἐποίκων
1905 3515 2007 3585 τῆς

437 3618 683 3684 Βάρεως,
714 3610 950 3679 τοῦνομα
983 3608 1194 3676 Μέλης,
1224 3606 1543 3678 παραθήξας
1571 3606 1662 3659 τὸν
1714 3607 1772 3659 ἐν
1808 3606 2006 3673 Λογγι-

436 3706 634 3775 ὀαρδίᾳ
653 3704 779 3756 λαὸν
806 3703 947 3755 ὅπλα
967 3701 1106 3754 κατά
1140 3699 1420 3769 Ῥωμαίων
1454 3699 1622 3769 αἴρει.
1658 3700 1769 3753 Καὶ
1796 3699 1824 3752 ὁ
1848 3699 2006 3769 βασις

439 3798 567 3858 λευς
616 3795 896 3849 Βασίλειον
941 3792 1215 3862 ἐκπέμπει
1277 3792 1368 3844 τὸν
1403 3791 1667 3862 Ἀργυρδν
1710 3792 2009 3861 στρατηγὸν

435 3889 562 3940 ὂντα
586 3889 683 3956 τῆς
711 3886 915 3955 Σάμου,
947 3884 1041 3936 καὶ
1072 3884 1163 3936 τὸν
1192 3883 1483 3951 λεγόμενον
1515 3882 1881 3936 Κοντολέοντα
1904 3884 2005 3953 τῆς

440 3979 786 4047 Κεφαληνίας
816 3975 1244 4044 στρατηγοῦντα,
1272 3974 1365 4026 ἐπὶ
1393 3973 1470 4041 τῷ
1498 3974 1835 4042 καταστῆσαι
1871 3974 2006 4026 Ῥω-

2112 3252 2201 3297 tor
2253 3242 2438 3296 statim
2488 3243 2832 3299 instauravit.
2872 3244 2995 3300 [lare
3034 3246 3257 3301 fuerunt
3297 3248 3464 3303 ltaliei
3506 3257 3683 3303 motus

2114 3332 2315 3401 praevia
2362 3333 2581 3387 indicia.
2622 3335 2853 3398 Quidam
2882 3336 3029 3390 enim
3072 3337 3154 3390 vir
3188 3348 3403 3408 potens,
3436 3354 3578 3393 unus
3616 3339 3683 3393 de

2114 3422 2275 3495 457
2316 3424 2381 3477 iis
2409 3425 2499 3493 qui
2531 3424 2689 3479 Barin
2724 3427 3059 3495 incolebant,
3092 3430 3311 3483 nomine
3342 3429 3526 3493 Meles,
3549 3445 3685 3485 con-

2114 3518 2294 3573 citatis
2352 3517 2710 3589 Longibardis
2755 3536 2904 3574 arma
2958 3531 3144 3575 contra
3187 3522 3461 3577 Romanos
3491 3523 3681 3577 movit.

2113 3608 2357 3678 Cumque
2388 3609 2685 3677 imperator
2701 3611 2961 3665 adversus
2988 3611 3134 3667 hunc
3163 3612 3395 3667 misisset
3428 3611 3682 3667 Basiliqu

2113 3702 2376 3773 Argyr-um
2422 3700 2567 3753 Sami
2611 3708 2665 3754 et
2698 3699 3090 3755 Contoleonem
3140 3701 3504 3772 Cephalleniae
3545 3719 3686 3773 prae-

2116 3792 2311 3856 fectos,
2342 3791 2504 3846 Meles
2532 3790 2725 3845 illustri
2755 3806 2847 3844 eos
2880 3792 3062 3860 praelia
3095 3792 3243 3857 vicit,
3282 3792 3465 3847 multis
3508 3795 3683 3855 caesis,

2118 3882 2259 3937 haud
2307 3882 2492 3951 paucis
2548 3880 2742 3951 captis,
2785 3880 3009 3950 reliquis
3055 3882 3195 3953 turpi
3229 3882 3352 3955 fuga
3396 3883 3559 3937 vitam
3597 3892 3685 3938 tu-

2119 3974 2264 4027 tatis.

443 4071 618 4143 μαίοις
652 4069 720 4121 τά
751 4067 1051 4136 πράγματα
1070 4081 1084 4097 ο
1116 4064 1199 4137 [Ρ.
1230 4063 1356 4135 707]
1386 4058 2072 4137 οἶςὰντιπαραταεάμενος
2103 4068 2131 4120 6
2158 4065 2343 4136 Μέλης
2412 4065 2602 4134 τρέπει
2667 4064 2957 4134 λαμπρῶς,
3025 4065 3237 4118 πολλῶν
3297 4067 3681 4121 πεπτωκότων,

438 4163 538 4217 οὐκ
567 4160 761 4225 ὀλίγων
788 4158 845 4210 δὲ
873 4158 967 4211 καὶ
999 4155 1409 4229 ζωγρηθέντων,
1444 4156 1553 4209 τῶν
1579 4158 1634 4211 δέ
1662 4158 1863 4213 λοιπῶν
1903 4159 2004 4229 τὴν
2038 4160 2127 4213 διά
2166 4158 2344 4228 φυγῆς
2384 4157 2669 4226 ἀσχήμονα
2702 4156 3115 4228 προκρινάντων
3142 4158 3307 4227 ζωήν.

520 4253 580 4305 '0
605 4251 661 4303 δὲ
690 4249 941 4319 βασιλεὺς
975 4249 1037 4302 ού
1068 4250 1275 4302 διέλιπε
1309 4250 1431 4302 καθ’
1480 4251 1710 4304 ἕκαστον
1764 4253 2008 4306 ἐνιαυτὸν

442 4344 626 4400 εἰσιὼν
662 4347 717 4395 ἐν
741 4343 1049 4413 Βουλγαρίᾳ
1090 4344 1185 4395 καὶ
1218 4342 1288 4395 τά
1334 4344 1393 4396 ἐν
1425 4344 1553 4395 ποσὶ
1581 4345 1780 4414 κείρων
1817 4363 1876 4399 τε
1911 4346 2008 4399 καὶ

441 4436 603 4509 δῃῶν.
651 4434 707 4486 '0
734 4432 986 4502 Σαμουὴλ
1014 4432 1071 4484 δὲ
1106 4432 1180 4501 μὴ
1232 4432 1532 4501 δυνάμενος
1580 4432 1688 4485 τῶν
1720 4432 2006 4501 ὑπαίθρων

443 4525 841 4581 ἀντιποιεῖσθαι
880 4524 1014 4593 μηδὲ
1042 4523 1176 4594 πρὸς
1205 4524 1421 4593 ἐμφανῆ
1467 4523 1647 4592 μάχην
1682 4524 2003 4592 ἀντιστῆναι

444 4620 522 4688 τῷ
553 4618 779 4688 βασιλεῖ,
818 4615 954 4671 ἀλλά
1012 4614 1275 4667 πάντοθεν
1308 4614 1639 4684 θραυόμενος
1683 4617 1775 4669 καὶ
1801 4616 1899 4687 τὴν
1928 4618 2008 4669 οἱ·

445 4713 600 4764 κείαν
634 4709 815 4778 ἀκμὴν
846 4706 1187 4767 άποὸάλλων,
1216 4704 1356 4773 ἔγνω
1390 4707 1617 4776 τάφροις
1647 4708 1743 4759 καὶ
1764 4706 2011 4775 θριγγοῖς

444 4801 773 4869 ἐπιτειχίσαι
797 4799 971 4867 τούτῳ
1013 4799 1110 4867 τὴν
1154 4800 1233 4860 εἰς
1263 4800 1363 4868 τὴν
1398 4800 1740 4870 Βουλγαρίαν
1784 4800 2007 4855 εἴσοδον.

448 4890 614 4952 Εἰδὼς
648 4886 741 4941 οῦν
760 4889 835 4949 ὡς
864 4888 981 4950 ἔθος
1005 4888 1090 4939 άεὶ
1108 4887 1184 4957 τῷ
1216 4889 1427 4957 βασιλεῖ
1456 4890 1546 4943 διά
1586 4890 1680 4944 τοῦ
1713 4892 2007 4960 λεγομένου

446 4980 637 5047 Κίμϐα
669 4978 879 5044 Λόγγου
906 4976 1119 5029 καὶτοῦ
1164 4978 1412 5031 Κλειδίου
1465 4980 1735 5034 ποιεῖσθαι
1782 4982 1881 5043 τάς
1927 4981 2008 5035 διο

447 5070 711 5132 ελεύσεις,
729 5069 934 5137 ταύτην
958 5067 1099 5135 ἔγνω
1118 5069 1214 5137 τὴν
1242 5069 1545 5140 δυσχωρίαν
1568 5072 1892 5143 ἐπιτειχίσαι
1915 5073 2010 5126 καὶ

447 5163 525 5231 τῷ
567 5162 775 5231 βασιλεί
814 5160 1137 5213 ἀποκλεῖσαι
1189 5161 1289 5228 τὴν
1329 5161 1554 5216 εἴσοδον.
1612 5164 1868 5233 Φραγμὸν
1918 5162 2011 5216 οῦν

450 5253 827 5324 δομησάμενος
856 5251 936 5313 εἰς
984 5248 1141 5319 εῦρος
1184 5251 1338 5317 πολὺ,
1381 5254 1474 5305 καὶ
1507 5252 1751 5321 φύλακας
1783 5255 1841 5307 ἐν
1866 5254 2013 5325 αύτῷ

2189 4253 2355 4305 Porro
2389 4251 2620 4305 Basilius
2652 4251 2947 4320 imperator
2976 4251 3271 4320 quotannis
3298 4250 3351 4304 in
3382 4248 3685 4321 Bulgariam

2114 4342 2515 4412 expeditionem
2543 4341 2776 4397 faciebat
2795 4354 2850 4396 et
2878 4342 3036 4396 obvia
3057 4356 3285 4411 qumque
3326 4341 3687 4409 populabatur

2114 4448 2179 4487 ac
2222 4432 2486 4487 vastabat.
2537 4431 2660 4487 Ideo
2706 4432 2992 4487 Samuelus
3036 4442 3215 4487 castra
3258 4433 3360 4488 sub
3391 4432 3481 4487 dio
3509 4432 3687 4487 locare

2115 4530 2209 4577 aut
2236 4531 2423 4591 aperto
2452 4521 2641 4591 prtelio
2672 4536 3001 4576 concurrere
3043 4536 3156 4575 non
3193 4521 3423 4585 audens,
3446 4521 3685 4589 undique

2118 4613 2316 4668 attritis
2351 4613 2557 4667 viribus
2594 4613 2900 4682 amissoque
2928 4613 3113 4682 vigore
3144 4628 3264 4675 suo,
3306 4613 3494 4667 statuit
3525 4612 3685 4667 fossis

2119 4722 2182 4760 ac
2209 4705 2378 4775 septis
2423 4704 2582 4759 factis
2617 4719 2743 4759 eum
2774 4704 3021 4774 ingressu
3070 4701 3333 4772 Bulgariae
3369 4702 3680 4757 excludere.

2119 4798 2187 4853 Et
2221 4796 2346 4865 quia
2381 4806 2541 4851 norat
2570 4795 2744 4850 solere
2782 4810 2908 4849 eum
2939 4810 3036 4864 per
3075 4793 3320 4848 Cimbam
3349 4792 3589 4863 Longum
3630 4802 3685 4845 et

2117 4887 2381 4945 Cleidium
2408 4889 2633 4953 intrare,
2685 4886 3095 4956 angustiasillas
3115 4895 3266 4954 septo
3288 4884 3394 4938 late
3419 4884 3684 4953 producto

2117 4980 2291 5036 munit
2313 4988 2475 5048 atque
2506 4978 2795 5047 intercipit,
2828 4978 3081 5047 iustoque
3110 4977 3289 5030 ﬁrmat
3326 4975 3596 5045 prmsidio,
3628 4983 3685 5027 ct

2116 5073 2193 5127 sic
2216 5072 2598 5141 imperatorem
2627 5070 2887 5139 Operitur.
2916 5068 3204 5136 Postquam
3236 5082 3301 5121 eo
3331 5066 3478 5120 venit
3506 5066 3681 5139 impc-

2118 5172 2264 5217 rator
2288 5172 2344 5217 et
2374 5164 2576 5216 intrare
2646 5172 2729 5217 est
2763 5169 3013 5225 conatus,
3045 5160 3258 5215 fortiter
3296 5174 3419 5213 eum
3458 5173 3683 5213 arcuere

2118 5253 2490 5317 eustodes,eos
2506 5253 2596 5321 qui
2620 5254 2669 5307 vi
2692 5261 2979 5321 penetrare
3004 5253 3305 5307 niterentur
3322 5251 3390 5306 de
3403 5250 3683 5321 superiore

1533 5366 1885 5423 XYLANDRI
1913 5368 1999 5424 ET
2022 5369 2231 5426 GOARI
2273 5368 2501 5424 NOTAE.

524 5458 634 5531 (59)
668 5459 729 5531 [ιι
758 5461 1000 5531 margine
1042 5455 1359 5531 librariusib
1386 5457 1499 5531 τῆς-
1521 5459 1841 5531 θαυμαστῆς
1883 5461 2007 5513 ἐπι.

453 5530 628 5589 wing!
666 5528 797 5594 Qua:
831 5528 897 5582 si'
922 5539 1072 5584 recte
1122 5528 1325 5582 habent
1360 5528 1503 5596 quod
1549 5530 1615 5583 ad
1664 5528 2006 5596 scripturam,

453 5599 635 5651 u'irari
682 5598 890 5652 videtur
939 5598 1239 5653 exactionis
1270 5606 1381 5651 tam
1428 5599 1677 5653 subtilem
1717 5601 2005 5661 rationem,

455 5684 558 5733 qua
587 5668 746 5721 etiam
780 5684 876 5737 pro
908 5669 974 5723 iis
998 5668 1283 5722 satisﬁeret
1302 5667 1392 5736 qui
1427 5679 1742 5736 paupertate
1771 5681 2009 5723 extrema

454 5746 513 5788 ct
538 5738 696 5791 rebus
723 5738 948 5806 perditis
976 5738 1368 5806 impedirentur
1401 5745 1493 5789 aut
1518 5740 1679 5791 etiam
1712 5740 1780 5793 ita
1814 5741 2007 5793 mortui

459 5806 669 5860 solvere
694 5808 996 5876 nequirent.
1020 5809 1124 5865 Sed
1150 5807 1405 5861 Basilium
1440 5808 1541 5863 hoc
1572 5825 1678 5863 non
1711 5810 2002 5875 invenisse,

2116 5475 2178 5513 ex
2212 5460 2505 5513 Justiniani
2530 5460 2770 5530 historia
2808 5461 2993 5527 liquet.
3031 5458 3109 5514 Ne
3139 5476 3205 5516 eo
3243 5460 3463 5530 quidem
3496 5460 3682 5530 flecto-

2118 5545 2233 5583 rem
2264 5529 2615 5591 defraudabo,
2652 5531 2797 5598 quod
2841 5530 3102 5584 adscribit
3153 5529 3299 5594 mox,
3352 5531 3439 5583 ubi
3477 5529 3681 5597 deprc-

2117 5610 2326 5654 catores
2354 5600 2625 5669 pontilicis
2662 5600 2931 5667 repulsam
2965 5601 3107 5667 passi
3153 5602 3443 5654 dicuntur:
3490 5598 3623 5650 Ἀλλ“
3649 5600 3677 5651 ὁ

2116 5670 2247 5737 ἐμὸς
2294 5669 2553 5739 βασιλεὺς,
2583 5669 2847 5730 Ὶσαάκιος
2894 5671 2921 5721 6
2951 5670 3181 5736 ἅγγελος
3228 5669 3451 5739 μηδενὸς
3494 5685 3673 5739 παρα-

2118 5740 2443 5810 καλέσαντος
2477 5738 2645 5810 πολλά
2669 5739 3155 5810 ᾃτῶνῌπαραλόγων
3182 5738 3362 5810 βαρῶν
3394 5738 3490 5807 τῆς
3535 5738 3668 5791 Ῥω·

2116 5810 2287 5878 μαίων
2317 5809 2415 5878 γῆς
2448 5808 2765 5873 ὲξετίναξεν.
2802 5808 2929 5863 Χιτι..
