4410 6442
761 356 857 420 13-1

1990 355 2311 416 GEORGII
2339 352 2671 412 ωτιυιιΕΜ

3906 351 4005 413 192

757 477 876 530 loco
921 472 1181 529 ferientes
1234 480 1397 543 atque
1455 472 1823 526 vulnerantes.
1877 468 1955 523 Ibi
1995 468 2062 523 de
2102 468 2331 523 transitu
2358 466 2409 526 Α
2435 467 2498 531 ἀξ

2263 466 2785 537 ἱιυΑάξιοπρεπεῖς
2838 466 3177 529 ἐπιστήσας,
3250 464 3553 536 προσέμενε
3615 466 3705 517 τὸν
3762 463 4004 533 βασιλέα.

759 566 1140 634 desperantem
1168 566 1280 633 jam
1316 565 1696 632 imperatorem
1736 561 2077 631 Nicephorus
2107 560 2335 629 Xiphias

766 656 1153 726 Philippopolis
1190 664 1302 708 tum
1324 654 1609 725 praefectus
1651 661 1837 707 monet
1888 663 1943 707 ut
1971 654 2088 707 loco
2128 667 2192 706 eo
2218 666 2335 705 ma-

766 760 910 810 neat,
958 756 1281 818 septnmque
1317 746 1446 799 illud
1494 760 1809 815 Oppugnare
1843 747 2185 800 continenter
2215 758 2339 813 per-

765 851 852 911 gat
886 860 897 893 :
947 858 1003 895 se
1042 843 1150 895 alio
1189 842 1483 901 abiturum,
1531 854 1861 908 operamque
1893 838 2057 910 458
2081 838 2336 891 daturum

765 938 825 982 ut
852 929 1086 982 salutare
1112 928 1311 996 aliquid
1328 926 1595 981 conﬁciat.
1629 926 1741 980 lloc
1760 928 1921 981 modo
1943 943 1998 980 re
2017 927 2337 995 composita,

765 1035 890 1072 cum
923 1022 1036 1073 suis
1083 1029 1321 1072 montem
1364 1018 1427 1071 ad
1466 1019 1746 1072 meridiem
1802 1019 2048 1072 claustris
2090 1018 2153 1071 iis
2194 1020 2342 1087 obje-

768 1121 916 1165 ctum
948 1111 1328 1174 celsissimum,
1378 1110 1464 1163 cui
1519 1109 1829 1163 Balathisla:
1882 1126 2101 1175 nomen,
2137 1111 2342 1180 magnis

769 1201 1061 1255 itineribus
1090 1201 1285 1256 circuit
1314 1219 1326 1265 ;
1373 1210 1424 1255 ct
1458 1201 1525 1253 29
1559 1202 1645 1254 die
1673 1201 1821 1265 Julii,
1852 1202 2142 1256 indictione
2170 1203 2252 1265 19.,
2276 1202 2343 1257 de

767 1294 1047 1361 superiore
1075 1294 1192 1348 loco
1218 1294 1393 1347 subito
1417 1293 1623 1362 ingenti
1655 1308 1779 1346 cum
1826 1294 2052 1362 strepitu
2088 1292 2344 1361 Bulgaros

768 1397 798 1434 a
828 1390 979 1450 tergo
1012 1383 1271 1436 aduritur.
1297 1381 1395 1445 Qui
1423 1398 1544 1435 cum
1577 1397 1633 1434 re
1666 1382 1932 1448 insperata
1959 1380 2230 1447 perterriti
2264 1380 2347 1432 fu-

767 1482 989 1541 gerent,
1045 1474 1336 1541 imperator
1399 1473 1774 1527 defensoribus
1845 1487 2073 1524 vacuum
2131 1481 2346 1540 septum

770 1565 934 1617 diruit
976 1579 1036 1616 ac
1082 1562 1348 1633 fugientes
1396 1564 1719 1630 insequitur.
1771 1560 1917 1614 Multi
1962 1571 2073 1616 tum
2128 1561 2345 1632 Bulgari

770 1655 958 1718 occisi,
1017 1656 1189 1708 multo
1241 1655 1422 1722 plures
1474 1654 1636 1723 capti.
1688 1654 1805 1721 Ipse
1872 1652 2155 1706 Samuelus
2207 1668 2348 1723 aegre

769 1746 941 1797 evasit
978 1743 1069 1797 ﬁlii
1121 1760 1306 1813 opera,
1348 1744 1618 1797 irruentes
1663 1742 1874 1795 fortiter
1920 1742 2213 1808 repellente
2251 1759 2347 1812 pa-

778 1847 1024 1904 tremque
1054 1851 1191 1904 equo
1218 1836 1529 1904 impositum
1564 1835 1617 1887 in
1646 1835 1923 1887 castellum
1958 1834 2225 1902 Prilapmn
2252 1835 2346 1889 ab-
2382 1804 2422 1861 Β

775 1928 1028 1981 ducente.
1068 1927 1307 1994 Captivis
1352 1925 1616 1994 Bulgaris,
1648 1927 1738 1992 qui
1771 1925 1935 1977 fuisse
1976 1926 2041 1978 ad
2078 1926 2141 1978 15
2184 1926 2349 1979 millia

776 2017 1047 2081 feruntur,
1083 2017 1269 2071 oculos
1311 2016 2123 2085 imperatorcruit,singulisque
2158 2024 2351 2069 centu-

775 2109 872 2162 riis
901 2109 1189 2161 unorulum
1216 2108 1455 2176 praeficit.
1481 2117 1642 2175 atque
1699 2107 1783 2159 his
1810 2107 2127 2161 ductoribus
2161 2122 2253 2161 eos
2286 2108 2352 2162 ad

776 2196 1085 2249 Samuelum
1123 2196 1305 2249 mittit.
1338 2194 1483 2259 Quos
1512 2196 1797 2249 Samuelus
1823 2196 1923 2249 isto
1942 2212 2168 2250 numero
2193 2206 2354 2265 atque

775 2288 962 2341 οιιιῐιιο
1021 2287 1205 2340 venire
1251 2287 1439 2339 videns
1491 2285 1654 2338 animi
1699 2285 1763 2339 ad
1821 2286 2180 2339 calamitatem
2232 2302 2351 2341 eam

779 2377 993 2429 fortiter
1024 2377 1301 2430 ferendam
1333 2392 1440 2429 non
1475 2376 1663 2429 habuit
1697 2376 1846 2441 satis,
1879 2378 1971 2431 sed
2003 2378 2190 2432 oborta
2228 2394 2355 2433 ver-

777 2471 943 2540 tigine
974 2472 1317 2525 exanimatus
1370 2470 1424 2524 in
1469 2481 1664 2525 terram
1712 2472 1935 2526 corruit.
1986 2471 2137 2541 Aqua
2173 2484 2355 2529 autem

780 2570 834 2613 ct
871 2563 1161 2630 unguentis
1183 2578 1211 2614 a
1247 2562 1601 2629 praesentibus
1622 2570 1898 2630 utcunque
1919 2574 2209 2630 recreatus,
2231 2581 2355 2619 cum

739 2690 745 2695 -
782 2668 904 2705 sese
944 2653 1336 2719 aliquantulum
1370 2652 1695 2722 collegisset,
1728 2652 1933 2723 frigida:
1976 2653 2227 2708 haustum
2266 2672 2361 2724 pe-

784 2744 871 2797 tiit
905 2762 918 2810 ;
964 2759 1197 2812 cumque
1228 2743 1476 2806 bibisset,
1524 2745 1836 2813 cardiagmo
1872 2756 2156 2814 correptus
2194 2748 2359 2801 biduo

784 2844 907 2904 post
960 2836 1111 2888 obiit.
1185 2835 1461 2889 Successit
1516 2836 1562 2889 ei
1613 2836 1753 2889 ﬁlius
1802 2836 2106 2901 Gabrielus,
2152 2839 2246 2902 qui
2306 2848 2361 2892 et

787 2926 1063 2981 Romanus
1113 2928 1416 2991 dicebatur,
1465 2938 1615 2997 patre
1649 2928 1915 2981 robustior
1947 2929 2056 2991 ille,
2094 2930 2187 2983 sed
2234 2946 2363 2998 pru-

787 3020 1150 3087 dentialonge
1196 3020 1438 3081 inferior,
1482 3031 1641 3072 natus
1674 3019 1883 3088 captiva
1928 3020 2090 3090 459
2130 3022 2359 3089 quadam

786 3111 1069 3164 Larissam.
1104 3110 1231 3163 lniit
1256 3109 1463 3163 decima
1491 3110 1675 3178 quinta
1691 3108 2043 3179 Septembris,
2071 3112 2361 3167 indictione

785 3205 995 3259 decima
1031 3206 1207 3258 tertia.
1246 3206 1489 3273 Cumque
1525 3205 1764 3257 nondum
1796 3206 2061 3275 integunt)
2095 3208 2356 3275 imperas-

788 3304 872 3348 set
893 3312 1117 3356 annum,
1142 3304 1396 3349 venatum
1417 3296 1604 3348 exiens
1636 3295 1994 3349 interﬁt-itura
2014 3294 2241 3358 Joanne,
2266 3299 2356 3365 qui

789 3397 844 3439 ct
880 3388 1300 3450 Bladislltlabus,
1345 3389 1453 3441 ﬁlio
1486 3388 1735 3453 Aaronis,
1763 3404 1921 3456 quem
1961 3389 2074 3457 ipse
2106 3389 2223 3442 neci
2259 3390 2361 3442 ali-

787 3478 1005 3545 quando
1032 3480 1393 3535 subtraxerat.

2453 558 2814 627 Ἀφικομένου
2859 557 2917 611 δὲ
2970 560 3063 610 καὶ
3113 554 3303 608 τούτου
3347 555 3442 609 καὶ
3485 556 4002 624 ἀποπειρασαμένου

2440 648 2539 719 τῆς
2566 649 2793 714 εἰσόδου,
2822 647 3050 717 ἐπείπερ
3101 647 3346 715 ἀντεῖχον
3376 644 3637 712 γενναίως
3694 645 3743 696 οῖ
3805 645 4010 712 φυλάσ-

2448 758 2631 804 σοντες
2666 742 2761 795 καὶ
2790 741 2914 803 τοὺς
2944 740 3297 810 βιαζομένους
3330 738 3387 804 ἐξ
3414 736 3743 806 ὑπερδεξίων
3772 736 4008 805 ἀνῄρουν

2446 832 2727 902 βάλλοντες
2757 834 2849 885 καὶ
2875 831 3285 902 τιτρώσκοντες,
3316 830 3407 881 καὶ
3439 829 3537 897 ήδη
3590 827 3907 891 ἀπέγνωστο
3935 827 4011 896 τῷ

2446 924 2659 995 βασιλεῖ
2689 927 2721 995 ὴ
2752 924 3020 985 διάϐασις,
3049 924 3361 993 Νικηφόρος
3404 923 3431 973 6
3459 920 3655 987 Ξιφίας
3688 922 3785 987 τῆς
3819 918 4011 970 Φιλιπ-

2445 1018 2758 1080 πουπόλεως
2782 1018 2901 1070 τότε
2925 1015 3245 1086 στρατηγῶν
3268 1014 3342 1081 τῷ
3362 1012 3571 1083 βασιλεῖ
3588 1012 4009 1082 συνταξάμενος.

2446 1110 2540 1161 καὶ
2567 1110 2727 1161 αὐτὸν
2770 1109 2867 1177 μὲν
2916 1107 3244 1177 προσμένειν
3294 1107 3387 1158 καὶ
3423 1105 3665 1173 συνεχεῖς
3709 1102 4014 1173 προσϐολάς

2446 1201 2523 1272 τῷ
2554 1200 2746 1271 δέματι
2774 1200 3043 1253 ποιεῖσθαι
3068 1198 3483 1268 παρεγγυήσας,
3521 1198 3680 1259 αὐτὸς
3710 1196 3765 1249 δὲ
3793 1197 4014 1248 ἀπιέναι

2448 1294 2649 1363 φήσας,
2683 1293 2735 1345 εἴ
2760 1310 2874 1354 πως
2906 1292 3159 1362 δυνηθείη
3211 1291 3490 1352 λυσιτελές
3532 1308 3583 1342 τι
3619 1289 4016 1359 διαπράξασθαι

2447 1387 2544 1440 καὶ
2575 1388 2859 1455 σωτήριον,
2888 1386 2975 1438 τὸν
2999 1387 3128 1454 περὶ
3159 1384 3319 1437 αὑτὸν
3348 1382 3585 1452 εἰληφὼς
3607 1382 3735 1435 λαὸν
3756 1382 4019 1451 ὑποστρέ-

2448 1494 2557 1545 φει,
2596 1478 2691 1529 καὶ
2726 1475 3077 1545 περιοδεύσας
3104 1476 3165 1526 τὸ
3196 1475 3333 1544 πρὸς
3384 1472 3733 1544 μεσημϐρίαν
3764 1473 4018 1541 κείμενον

2451 1569 2540 1622 τοῦ
2573 1568 2819 1621 Κλειδίου
2853 1567 3184 1637 ὑψηλότατον
3221 1567 3345 1635 ὅρος
3371 1607 3384 1628 ,
3429 1566 3456 1618 ὃ
3510 1565 3842 1618 Βαλαθίσταν
3888 1580 4021 1615 κατ-

2451 1655 2797 1724 ονομάζουσι,
2827 1656 2924 1707 καὶ
2942 1654 3341 1724 τραχυπορίαις
3366 1654 3458 1705 καὶ
3478 1653 3717 1715 ἀνοδίαις
3735 1653 4018 1722 χρησάμε-

2454 1762 2563 1809 νος,
2597 1746 2679 1798 κθ¹
2711 1744 2803 1797 τοῦ
2845 1745 3063 1797 Ἰουλίου
3103 1746 3291 1813 μηνὸς,
3334 1746 3659 1814 ὲπινεμήσει
3695 1742 3784 1812 ιβ’,
3816 1742 4022 1796 ἄνωθεν

2451 1835 2713 1904 ἐξαίφνης
2745 1835 2861 1903 μετ’
2893 1835 3210 1903 ἀλαλαγμοῦ
3260 1835 3353 1888 καλ⁵
3392 1834 3591 1887 δούπου
3654 1834 3797 1887 κατά
3853 1833 4020 1885 νώτου

2452 1925 2662 1992 γίνεται
2699 1926 2809 1977 τῶν
2873 1927 3234 1995 Βουλγάρων’
3288 1928 3336 1977 oi
3392 1926 3446 1979 δὲ
3507 1924 3585 1995 τῷ
3634 1925 4022 1994 ἀπροσδοκήτῳ

2455 2017 2897 2082 καταπλαγέντες
2931 2018 3224 2086 τρέπονται
3256 2018 3389 2085 πρὸς
3440 2018 3638 2086 φυγήν.
3676 2017 3783 2068 Καὶ
3809 2019 3835 2068 ὁ
3866 2018 4022 2085 βασι-

2453 2108 2577 2171 λεὺς
2608 2109 2845 2177 μονωθὲν
2877 2109 3177 2179 διαρρήξας
3204 2109 3263 2160 τὸ
3304 2113 3479 2179 τεῖχος
3509 2110 3755 2162 ἐδίωκεν.
3786 2109 4023 2161 Ἐπεσον

2454 2199 2547 2250 οὖν
2574 2200 2779 2263 πολλοὶ,
2820 2200 2914 2253 καὶ
2947 2198 3126 2266 πολλῷ
3162 2199 3380 2261 πλείους
3423 2200 3687 2262 ἑάλωσαν,
3743 2200 3891 2268 μόλις
3929 2196 4021 2251 τοῦ

2454 2292 2710 2361 Σαμουὴλ
2740 2292 3026 2359 διαφυγεῖν
3067 2291 3387 2359 δυνηθέντος
3427 2291 3519 2343 τὸν
3562 2291 3805 2343 κίνδυνον
3839 2307 4025 2358 συνερ-

2456 2383 2553 2453 γία
2585 2383 2679 2435 τοῦ
2710 2383 2838 2435 ἰδίου
2863 2384 2981 2435 υἱοῦ
3006 2384 3269 2450 γενναίως
3316 2383 3440 2445 τοὺς
3477 2384 3731 2445 ἐπιόντας
3763 2382 4022 2447 ὑποδεξα-

2464 2477 2648 2545 μένου,
2682 2476 2777 2529 καὶ
2812 2476 2965 2544 ἵππῳ
3022 2475 3210 2527 τοῦτον
3269 2474 3690 2537 ὲπιὸιὸάσαντος
3716 2475 3808 2527 καὶ
3854 2475 3933 2535 είς
3968 2475 4026 2525 τὸ

2458 2568 2747 2636 λεγόμενον
2784 2569 3062 2639 Πρίλαπον
3109 2569 3169 2620 τὸ
3206 2569 3467 2637 φρούριον
3498 2568 3901 2633 ἀπαγαγόντος.
3965 2566 4025 2618 '0

2459 2657 2514 2708 δὲ
2548 2658 2801 2726 βασιλεὺς
2848 2659 2974 2720 τοὺς
3019 2657 3331 2718 ἑαλωκότας
3362 2657 3470 2708 τῶν
3528 2656 3852 2724 Βουλγάρων
3883 2657 4027 2725 ἀμφὶ

2459 2750 2555 2811 τὰς
2595 2750 2674 2812 ιε’,
2704 2750 2779 2811 ὣς
2816 2768 3001 2817 φασιν,
3043 2748 3201 2810 ὄντας
3250 2748 3498 2818 χιλιάδας
3529 2747 3909 2815 ἀπετύφλωσε,
3934 2748 4028 2800 καὶ

2464 2841 2698 2908 ἑκάστην
2729 2841 3059 2893 ἑκατοντάδα
3110 2840 3529 2910 πεπηρωμένων
3591 2839 3681 2906 ὑφ’
3739 2840 3857 2903 ἑνὸς
3906 2857 4029 2909 μον·

2464 2932 2742 3000 οφθάλμου
2768 2931 3081 2999 ὀδηγεῖσθαι
3107 2930 3373 2993 κελεύσας
3406 2933 3485 2993 εἰς
3503 2930 3596 2981 τὸν
3618 2930 3872 3000 Σαμουὴλ
3895 2931 4030 2982 ἀπο-

2466 3021 2696 3089 πέμπει.
2727 3020 2833 3083 Οὓς
2857 3023 3060 3082 ἐκεῖνος
3086 3021 3516 3089 ἀφικνουμένους
3544 3021 3662 3072 κατ’
3685 3019 3915 3086 ἀριθμὸν
3937 3020 4030 3072 καὶ

2467 3114 2617 3179 τάξιν
2650 3112 2939 3182 θεώμενος,
2972 3114 3064 3165 καὶ
3097 3113 3159 3165 τὸ
3192 3112 3361 3175 πάθος
3388 3113 3487 3164 οὐκ
3509 3110 3745 3179 ἐνεγκὼν
3772 3110 4031 3173 νεανικῶς

2466 3210 2559 3260 καὶ
2583 3205 2855 3273 εὐψύχως,
2886 3204 3217 3273 λειποθυμίᾳ
3258 3204 3353 3255 καὶ
3403 3204 3577 3272 σκότῳ
3634 3203 3885 3273 βάλλεται
3931 3204 4029 3258 καὶ

2468 3298 2548 3357 εἰς
2578 3298 2681 3365 γῆν
2711 3297 2899 3347 πίπτει
2925 3312 2936 3324 ·
2966 3294 3118 3347 ὕδατι
3147 3294 3202 3345 δὲ
3232 3294 3325 3347 καὶ
3352 3294 3543 3363 μύροις
3564 3294 3611 3345 οἱ
3643 3289 4027 3363 παρὢπςῖτὴύ

2472 3388 2642 3458 πνοὴν
2692 3388 2854 3441 αὑτοῦ
2932 3386 3406 3455 ἀνακαλεσάμενοι
3464 3378 4039 3454 ἀνενεγκεῖνξῗ-ιαιιρὺῖ

2473 3482 2860 3549 πεποιήκασιν.
2901 3476 3238 3545 ’Λνενεγκὼν
3273 3477 3329 3528 δὲ
3366 3477 3511 3544 ὕδωρ
3544 3478 3689 3528 πιεῖν
3733 3474 4037 3542 ἐπεζήτησε

788 3573 1016 3641 ψυχρόν.
1047 3574 1238 3626 Λαϐὼν
1260 3575 1315 3625 δὲ
1341 3573 1434 3626 καὶ
1465 3574 1606 3624 πιὼν
1643 3573 1849 3642 ἐλήφθη
1877 3573 2225 3643 καρδιαγμῷ,
2298 3574 2391 3626 καὶ
2432 3575 2571 3645 μετά
2623 3575 2717 3626 δύο
2754 3574 2967 3643 ἡμέρας
3025 3572 3271 3641 θνήσκει.
3327 3570 3755 3641 Παμλαμὸάνει
3812 3569 3869 3620 δὲ
3942 3568 4039 3635 τὴν

790 3664 1112 3732 Πουλγάρων
1152 3664 1326 3733 ἀρχὴν
1361 3666 1387 3716 ὁ
1420 3666 1530 3726 υίὸς
1564 3664 1728 3717 αὑτοῦ
1773 3663 2062 3731 Γαδριὴλό
2090 3664 2185 3715 καὶ
2231 3664 2546 3734 Ῥωμανὸς,
2577 3664 2735 3734 ῥώμῃ
2791 3664 2888 3732 μὲν
2939 3662 3034 3715 καὶ
3111 3663 3254 3731 ἰσχύϊ
3288 3661 3380 3712 τοῦ
3450 3661 3657 3728 πατρὸς
3734 3657 4039 3727 ὑπερέχωνν

792 3758 1050 3827 φρονήσει
1076 3757 1132 3808 δὲ
1166 3757 1260 3809 καὶ
1296 3757 1503 3826 διανοίᾳ
1534 3757 1712 3825 πολλῷ
1760 3758 2104 3826 λειπόμενος.
2135 3759 2345 3826 τεχθεὶς
2384 3760 2463 3829 τῷ
2498 3760 2749 3828 Σαμουὴλ
2813 3759 2920 3811 ἀπό
2990 3774 3132 3818 τινο,
3198 3754 3596 3823 αἱχμαλώτιδος
3680 3753 4038 3821 Λαρισσαίας,

795 3851 879 3921 [Ρ.
947 3848 1073 3919 708]
1112 3845 1284 3918 Ἦρξε
1344 3849 1401 3902 δὲ
1460 3849 1599 3901 κατά
1642 3849 1740 3919 τὴν
1804 3848 1863 3901 ιε’
1900 3850 1992 3901 τοῦ
2052 3849 2428 3920 Σεπτεμϐρίου
2470 3854 2658 3920 μηνὸς,
2688 3851 3013 3919 ὲπινεμήσει
3048 3854 3136 3915 ιγ’.
3173 3847 3284 3899 Καὶ
3325 3846 3449 3916 μηδ’
3486 3845 3605 3898 ὅλον
3637 3844 4043 3913 ἀποπληρώσας

794 3944 1036 3995 ἐνιαυτὸν
1085 3944 1399 4011 σφάττεται,
1450 3943 1529 4004 εἰς
1577 3942 1900 4009 κυνηγέσιον
1929 3942 2178 4006 ἐξελθὼν,
2206 3943 2357 4012 παρὰ
2406 3944 2653 3998 Ἰωάννου
2682 3944 2775 3996 τοῦ
2811 3943 2902 3995 καὶ
2937 3939 3341 3993 Βλαδισθλάϐου
3365 3938 3457 3990 τοῦ
3500 3937 3616 3989 υίοῦ

795 4037 955 4097 αὐτὸς
978 4035 1232 4104 θνήσκειν
1263 4033 1525 4102 μέλλοντα
1543 4033 1635 4084 τοῦ
1655 4032 1883 4085 θανάτου
1911 4032 2358 4100 ἀπελυτρώσατο.

866 4129 1169 4194 Antequam
1226 4126 1325 4179 hoc
1376 4126 1546 4187 ﬁeret,
1608 4124 2011 4193 Theopbylacto
2059 4124 2370 4180 Botaneiata

799 4219 1197 4273 Thessalonica:
1224 4228 1345 4287 post
1374 4218 1634 4271 Davidum
1659 4217 1958 4270 Arianitam
1992 4216 2246 4283 przefecto
2276 4216 2373 4270 Sa-

799 4304 1012 4357 muclns
1038 4302 1413 4365 NCSl‘ll‘llll‘Jl],
1463 4320 1627 4356 unum
1662 4304 1726 4357 de
1755 4303 2145 4371 potentissimis
2176 4304 2372 4373 Bulga-

803 4397 897 4453 ris.
961 4410 1153 4464 magno
1212 4409 1335 4448 cum
1397 4394 1639 4448 exercitu
1693 4394 1757 4448 ad
1806 4410 1924 4446 eam
1972 4395 2157 4447 urbem
2203 4395 2372 4449 misit.

800 4486 973 4551 Quem
1004 4485 1463 4554 TheOphylactus.
1500 4486 1608 4538 ﬁlio
1639 4500 1737 4539 suo
1770 4484 2030 4538 Michaelo
2057 4485 2372 4549 comitatus,

801 4594 981 4648 pugna
1032 4592 1350 4647 congressus
1386 4576 1523 4629 fudit
1562 4591 1861 4645 magnaque
1915 4576 2094 4645 praeda
2128 4585 2275 4644 parta
2319 4586 2374 4629 et

3693 3938 3789 3988 ’Λα
3800 3934 3926 4003 ρὼν,
3984 3935 4043 3986 ὃν

2548 4123 2659 4192 Πρὸ
2701 4120 2792 4174 τοῦ
2848 4120 2903 4172 δὲ
2947 4119 3119 4171 ταῦτα
3175 4114 3450 4183 γενέσθαι,
3507 4113 3891 4181 Θεοφυλάκτου
3950 4111 4043 4164 τοῦ

2477 4214 2827 4269 Βοτανειάτου
2858 4212 3044 4279 ἄρχειν
3069 4206 3471 4275 Θεσσαλονίκης
3502 4206 3637 4273 μετά
3676 4204 3767 4257 τὸν
3805 4203 4043 4273 Ἀριανί-

2475 4324 2573 4375 την
2600 4302 2930 4372 πεμφθέντος
2964 4298 3125 4350 Δαδιδ
3154 4300 3181 4349 6
3215 4296 3605 4364 D’sctOpfqug,
3646 4289 3727 4355 εἷς
3757 4294 3862 4345 τῶν
3900 4293 4045 4353 παρά

2476 4396 2806 4463 Βουλγάροις
2837 4391 2981 4460 μέγα
3018 4387 3332 4456 δυναμένων
3381 4386 3662 4451 ὑπάρχων,
3700 4384 3836 4451 μετὰ
3886 4383 4043 4436 δυνά-

2484 4503 2626 4556 μεως
2656 4485 2822 4553 ἁδρᾶς
2868 4480 3008 4534 κατά
3049 4476 3449 4544 Θεσσαλονίκης
3501 4474 3846 4541 ἐκπέμπεται
3896 4473 4041 4541 παρά

2479 4577 2572 4629 τοῦ
2614 4572 2866 4643 Σαμουὴλ
2891 4587 2903 4599 ·
2931 4566 3011 4633 οἷς
3042 4570 3378 4635 συναντήσας
3402 4568 3428 4619 ὁ
3455 4565 3829 4633 Θεοφύλακτος
3854 4565 3949 4615 σὺν
3970 4564 4046 4632 τῷ

802 4670 990 4723 multis
1017 4669 1203 4736 captis,
1238 4683 1363 4721 cum
1391 4668 1471 4721 his
1492 4668 1557 4720 ad
1585 4667 1965 4735 imperatorem
1998 4674 2125 4720 tunc
2163 4677 2373 4736 septum
2410 4636 2450 4689 θ
2483 4667 2543 4718 υἷε

2299 4682 2373 4720 1m
2410 4636 2450 4689 υ
2483 4666 2583 4734 υἱῷ
2615 4662 2833 4732 Μιχαὴλ
2863 4662 2953 4712 καὶ
2976 4660 3316 4727 συμπλακεὶς
3341 4656 3533 4726 τρέπει
3566 4672 3624 4706 τε
3660 4654 3798 4706 κατὰ
3822 4656 4040 4723 κράτος,

803 4760 859 4815 in
884 4760 1147 4829 angustiis
1172 4760 1312 4827 apud
1336 4760 1603 4812 Cblidium
1635 4768 2037 4828 oppugnantem
2069 4761 2234 4813 venit.
2266 4759 2377 4813 lm-

807 4861 1024 4920 perator
1074 4851 1337 4921 angustiis
1384 4867 1488 4920 quo
1525 4852 1762 4905 diximus
1797 4854 1957 4905 modo
1986 4852 2273 4919 superatis,
2309 4851 2377 4906 ad

812 4942 1197 5011 Strumpilzam
1249 4943 1454 4996 accedit
1493 4960 1506 5005 ;
1555 4951 1609 4995 ct
1645 4942 1868 4995 castello
1915 4942 2000 4994 cui
2050 4941 2375 4995 Matzncium

810 5050 1011 5089 nomen
1066 5034 1306 5102 potitus,
1383 5034 1727 5102 Strumpitzzc
1792 5035 1899 5101 jam
1958 5035 2374 5102 propinquans,

813 5126 1273 5196 TlteOphylactum
1327 5124 1693 5179 Botoneiatam
1750 5120 2148 5179 Thessalonica:
2188 5126 2378 5177 ducem

814 5219 979 5271 colles
1005 5220 1070 5271 ad
1104 5217 1489 5287 Strumpitzam
1516 5220 1649 5271 sitos
1676 5232 1935 5286 superare
1974 5218 2199 5285 iubetet
2231 5224 2380 5282 septa

816 5311 973 5363 obvia
1004 5310 1312 5375 incendere,
1346 5311 1555 5379 sibique
1586 5310 1688 5364 hoc
1712 5311 1871 5364 modo
1902 5310 2004 5363 iter
2033 5308 2383 5363 Thessaloni-

817 5418 939 5457 cam
997 5403 1204 5457 ducens
1253 5403 1526 5472 expedire.
1576 5401 2011 5458 Pruﬁciscentcm
2067 5400 2383 5471 praesidiarii

2480 4759 2575 4811 καὶ
2601 4756 2749 4807 λείαν
2765 4754 2968 4822 πολλὴν
2999 4754 3093 4803 καὶ
3115 4748 3497 4818 αἰχμαλώτους
3549 4749 3777 4813 συχνοὺς
3808 4746 4047 4815 προσλα-

2480 4849 2705 4917 ϐόμενος
2758 4844 3065 4913 διακομίζει
3099 4842 3175 4910 τῷ
3226 4839 3437 4910 βασιλεῖ
3477 4838 3858 4907 πολιορκοῦντι
3884 4838 3946 4889 τὸ
3987 4841 4044 4890 ὲν

2479 4945 2545 5011 τῇ
2579 4939 2868 5009 κλεισουρα
2896 4936 2989 4990 τοῦ
3046 4934 3290 4987 Κλειδίου
3334 4934 3473 5001 δέμα
3513 4932 3651 4999 (60).
3682 4931 3754 4982 Τὸ
3798 4930 3936 4998 δέμα
3967 4930 4044 4991 δὲ,

2483 5035 2557 5097 ὡς
2588 5033 2819 5101 εἴρηται,
2856 5029 3044 5090 διαϐάς
3083 5031 3109 5080 ὀ
3152 5026 3402 5095 βασιλεὺς
3442 5025 3582 5076 κατὰ
3637 5022 4046 5091 Στρούμπιτζαν

2490 5125 2716 5190 γίνεται.
2753 5122 2863 5173 Καὶ
2914 5118 3296 5188 παρεστήσατο
3331 5117 3427 5183 μὲν
3469 5113 3729 5183 φρούριον
3760 5113 3820 5164 τὸ
3849 5111 4043 5163 καλού-

2494 5232 2650 5285 μενον
2681 5212 3042 5274 Ματζούκιον,
3073 5213 3137 5279 τῇ
3170 5207 3548 5276 Στρουμπίτζῃ
3582 5207 3638 5258 δὲ
3666 5206 4042 5275 προσεγγίζον,

2493 5308 2630 5376 μετά
2656 5307 2932 5375 δυνάμεως
2980 5305 3030 5357 δ’
3064 5303 3339 5371 ἐκπέμπει
3386 5299 3475 5351 τὸν
3506 5300 3874 5367 Βατανειάτην
3921 5299 4048 5349 Θεο-

2490 5402 2760 5471 φύλακτον
2786 5400 2875 5451 τὸν
2906 5396 3070 5455 δοῦκα
3095 5392 3513 5459 Θεσσαλονίκης,
3540 5389 3843 5460 ὑπερϐῆναι
3868 5392 4015 5441 κεκῑζ

1954 5579 2300 5637 ΧῖιΑΝΟΒΙ
2347 5577 2435 5633 ΕΤ
2463 5576 2670 5633 GOARI
2704 5572 2931 5629 ΝΟΤᾹΞ.

902 5700 1011 5768 (60)
1037 5701 1181 5770 Δέμα
1207 5700 1369 5756 turris
1391 5703 1447 5754 ὲν
1477 5699 1786 5769 κλεισοὺρᾳ,
1823 5697 1879 5751 in
1903 5698 2050 5752 clusa
2077 5697 2187 5752 sive
2226 5711 2374 5748 muro
2416 5693 2555 5748 inter
2584 5693 2643 5746 du

2302 5711 2374 5748 ll’O
2416 5693 2555 5748 inter
2584 5693 2719 5746 duos
2762 5700 2973 5745 montes
3006 5700 3226 5755 asperos
3270 5691 3477 5745 erecto,
3514 5680 3581 5734 ad
3646 5690 3806 5744 quam
3863 5669 4043 5725 aditus

831 5769 918 5821 hic
955 5769 1150 5837 passim
1174 5772 1370 5827 dicitur
1405 5772 1653 5826 κλειδίον.
1684 5770 1851 5825 Goan.
