4410 6442
436 398 539 462 133

1160 504 1182 521 ν

1526 386 1885 448 lliSTORlA
1900 390 2061 449 ΕΙ]λί
2097 391 2619 455 (JOMPENDIUM.

3585 399 3687 464 194

426 530 523 574 σας
552 511 677 573 τοὺς
729 511 785 562 ἐν
833 503 1220 574 Στρουμπίτζῃ
1264 502 1505 573 ﬂow/'11:,
1544 500 1637 553 καί
1681 500 1745 552 τά
1779 501 1834 551 ἐν
1882 503 2001 563 ταῖς
2030 503 2167 562 Atii

1941 503 2001 563 εἰς
2030 503 2080 562 Λ
2102 503 2238 557 nihil
2270 504 2551 561 obstantes
2579 507 2656 561 ire
2689 520 2795 577 quo
2821 506 3035 561 volebat
3061 508 3205 577 passi
3241 518 3389 565 sunt.
3419 507 3525 565 Sed
3560 527 3682 566 eum

424 602 544 653 κατ’
572 600 769 661 αὐτοὺς
805 598 942 659 ὁδοῖς
969 595 1320 663 πυρπολῆσαι
1352 592 1581 660 δέματα,
1612 594 1702 643 καί
1738 591 2002 661 εὐπόρει»-

424 711 513 745 τον
544 691 690 759 αὐτῷ
723 690 894 742 θεῖναι
940 690 1038 756 τὴν
1100 688 1236 755 πρὸς
1297 684 1704 753 Θεσσαλονίκην
1760 684 2003 751 ἄγουσαν

424 785 563 838 ὁδόν.
621 783 677 837 Ὀ
707 784 762 836 δὲ
795 781 1046 834 ἀπελθὼν
1072 777 1428 847 συνεχωρήοη
1455 777 1551 845 μὲν
1587 777 1642 827 ἐν
1666 775 1742 845 τῷ
1776 776 2002 829 εἰσιέναι

426 876 578 946 παρὰ
626 875 735 927 τῶν
792 872 1319 942 τοποφυλακούντων
1376 870 1704 937 Βουλγάρων
1763 869 2005 938 ἀνεμπο-

423 968 620 1029 δίστως
653 964 901 1027 διελθεῖν,
952 963 1161 1034 μέλλων
1191 962 1246 1015 δὲ
1282 962 1416 1032 πρὸς
1450 964 1539 1013 τὶν
1574 958 1805 1030 βασιλέα
1839 960 2001 1013 πάλιν

424 1058 794 1128 ὑποστρέφειν
840 1056 980 1125 μετὰ
1010 1055 1069 1107 τὸ
1098 1056 1166 1107 τὰ
1211 1055 1665 1126 προστεταγμένα
1709 1051 2002 1122 πληρῶσαι

425 1150 749 1220 περιπίπτει
792 1148 971 1217 λόχοις
1009 1148 1096 1200 ἐπ’
1125 1146 1273 1216 αὐτῷ
1305 1146 1478 1215 τούτῳ
1521 1146 2002 1216 προσκαθημένοις

426 1245 521 1293 καὶ
553 1241 931 1309 ἐνεδρεύουσιν
974 1238 1030 1291 ἔν
1066 1257 1172 1291 τινι
1222 1239 1489 1306 ἑπιμήκει
1536 1238 1876 1307 στενοχωρίᾳ
1902 1255 1915 1269 ·
1943 1237 1999 1290 ὲν

424 1324 456 1401 ᾖ
494 1330 751 1383 εἰσελθὼν
772 1333 862 1383 καὶ
894 1328 1161 1383 πάντοθεν
1185 1328 1647 1398 περιστοιχισθεῖς
1680 1330 1773 1380 καὶ
1795 1328 2000 1381 ἄνωθεν

422 1424 531 1476 ὑπὸ
558 1422 722 1475 λίθων
741 1422 831 1476 καὶ
862 1422 1030 1486 τόξων
1058 1420 1410 1490 βαλλόμενος,
1438 1421 1666 1489 μηδενὸς
1689 1420 1999 1490 ἀμύνασθαι

420 1515 721 1582 δυναμένου
750 1514 837 1567 διὰ
866 1518 963 1584 τὴν
984 1513 1260 1566 πύκνωσιν
1289 1514 1381 1566 καὶ
1412 1514 1474 1565 τὸ
1510 1513 1606 1580 τῆς
1632 1513 2000 1583 στενοχωρίας

421 1605 819 1670 ἁδιεξὸδευτον,
864 1604 1025 1668 αὑτός
1074 1621 1132 1657 τε
1166 1604 1378 1666 πίπτει,
1423 1603 1555 1672 μηδὲ
1600 1606 1719 1666 ταῖς
1772 1603 2002 1667 οἰκείαις

419 1697 577 1764 χερσὶ
605 1696 853 1762 δυνηθεὶς
884 1695 1217 1767 χρήσασθαι,
1250 1696 1344 1747 καὶ
1378 1694 1512 1746 πολὺ
1538 1694 1704 1762 μέρος
1729 1694 1824 1745 σὺν
1850 1694 1999 1764 αὐτῷ

419 1790 672 1841 ἀπώλετο
702 1790 794 1841 τοῦ
832 1788 1084 1855 στρατοῦ.
1126 1788 1304 1857 "Amp
1343 1786 1655 1855 μηνυθέντα
1678 1786 1753 1854 τῷ
1787 1786 1999 1855 βασιλεῖ

422 1883 624 1951 πολλῆς
654 1881 821 1933 αὑτὸν
854 1880 1153 1947 ἐνέπλησεν
1190 1880 1448 1949 ἀθυμίας.
1481 1878 1642 1931 Ὅθεν
1674 1881 1766 1931 καὶ
1787 1896 1999 1947 προσω-

420 1975 571 2044 τέρω
620 1976 819 2042 χωρεῖν
857 1974 956 2024 οὐκ
1010 1972 1245 2039 ἔκρινεν,
1285 1969 1398 2021 ἀλλ’
1451 1971 1797 2037 ὑποστρέψας
1839 1965 2000 2038 ἦλθεν

420 2068 501 2127 εὶς
537 2066 603 2118 τὰ
659 2065 920 2134 Ζαγόρια,
982 2064 1110 2117 ἔνθα
1149 2063 1210 2115 τὸ
1242 2062 1363 2115 λίαν
1406 2062 1754 2131 ὀχυρώτατον
1791 2062 2000 2132 ἵδρυται

422 2159 683 2228 φρούριον
714 2160 742 2209 ὁ
773 2157 1092 2219 Μελένικος,
1128 2155 1220 2209 ἐπί
1278 2173 1421 2217 τινος
1468 2157 1671 2224 πέτρας
1717 2155 1999 2225 ἱδρυμένον

421 2253 686 2318 κρημνοῖς
720 2251 811 2301 καὶ
852 2248 1089 2316 φάραγξι
1121 2248 1452 2317 βαθυτάταις
1487 2247 2001 2315 πάντοθενὲστεφα-

421 2345 671 2411 νωμένης
698 2359 711 2372 ·
744 2346 800 2395 ἐν
890 2342 939 2393 οἱ
964 2342 1060 2409 τῆς
1090 2339 1402 2409 περιχώρου
1447 2340 1709 2393 πάντοθεν
1758 2357 2001 2407 κατατρυ-

420 2434 608 2501 γόντες
636 2435 939 2504 Βούλγαροι
991 2435 1147 2501 ὀλίγα
1176 2435 1285 2487 τῶν
1325 2434 1616 2501 Ῥωμαίων
1654 2431 1995 2502 ἐφρόντιζον.

420 2525 566 2593 Πρὸς
596 2526 689 2587 οὓς
719 2528 746 2577 ὁ
775 2526 1027 2593 βασιλεὺς
1059 2525 1283 2595 Σέργιόν
1310 2542 1431 2577 τινα
1461 2526 1741 2593 ὲκτνιμίαν,
1774 2526 1865 2577 ἕνα
1894 2524 2000 2577 τῶν

419 2616 771 2667 οἰκειοτάτων
824 2613 974 2683 αὐτῴ
1018 2612 1443 2682 θαλαμηπόλων,
1492 2613 1786 2679 ἐκπέμπει,
1831 2612 2000 2680 ἄνδρα

423 2706 669 2777 φρενήρη
705 2724 763 2759 τε
793 2711 892 2759 καὶ
937 2706 1110 2759 δεινὸν
1164 2707 1358 2769 εἰπεῖν,
1409 2703 1858 2774 ἀποπειρώμενος
1903 2704 1999 2771 τῆς

419 2797 645 2868 γνώμης
685 2799 887 2852 αὐτῶν.
926 2791 1093 2862 Οὗτος
1124 2799 1168 2850 δ’
1214 2798 1394 2849 ἐκεῖσε
1425 2797 1712 2864 γενόμενος
1748 2794 1843 2847 καὶ
1869 2793 1998 2845 πολ-

418 2888 539 2949 λαῖς
572 2888 918 2958 χρησάμενος
948 2884 1357 2953 πιθανολογίαις
1412 2883 1763 2952 μεταδιδάξαι
1813 2884 1997 2953 ἴσχυσε

417 2980 547 3043 τοὺς
577 2979 898 3049 ἀνθρώπους
927 2980 987 3033 τὸ
1024 2980 1163 3042 δέον,
1188 2978 1283 3029 καὶ
1322 2977 1391 3029 τὰ
1418 2977 1559 3029 ὅπλα
1590 2975 1997 3044 καταθεμένους

419 3070 761 3139 παραδοῦναι
791 3070 869 3141 τῷ
902 3069 1112 3139 βασιλεῖ
1135 3069 1362 3130 ἑαυτοὺς
1388 3070 1479 3119 καὶ
1502 3068 1562 3119 τὸ
1584 3066 1862 3135 φρούριον.
1892 3065 1997 3127 Οὓς

2107 595 2379 650 mandatis
2409 600 2642 665 peractis
2684 599 2751 653 ad
2794 600 3174 668 imperatorem
3209 603 3389 656 redire
3422 603 3601 669 vellet,
3632 606 3686 657 in

2108 688 2333 743 insidias
2361 689 2425 743 ad
2456 691 2557 744 hoc
2593 692 2767 760 ipsum
2800 693 3091 746 collocatas
3118 692 3169 745 in
3196 695 3458 762 porrectis
3486 696 3538 750 in
3569 696 3691 750 lon-

2106 794 2228 847 gum
2259 780 2505 849 angustis
2532 781 2740 845 incidit,
2763 782 2926 853 5,60
2964 784 3477 852 circumventusque
3507 796 3561 840 et
3590 787 3690 841 de-

2105 886 2270 941 super
2296 872 2443 926 saxis
2492 874 2721 943 telisque
2770 879 2992 944 petitus,
3061 876 3207 930 omni
3248 892 3306 931 se
3360 878 3686 934 defendendi

2104 973 2372 1033 prmrepta
2403 964 2659 1019 facultate
2684 966 2754 1020 ob
2794 982 3139 1036 compressos
3170 967 3223 1021 in
3255 978 3432 1023 artum
3464 972 3685 1026 ordines

2106 1063 2159 1106 et
2197 1054 2296 1109 loci
2329 1056 2632 1126 angustiam
2665 1057 2813 1110 omni
2847 1059 2990 1112 exitu
3022 1060 3283 1127 carentis,
3330 1076 3453 1115 cum
3492 1078 3685 1133 magna

2104 1145 2191 1199 sui
2228 1147 2501 1201 exercitus
2535 1158 2688 1217 parte
2734 1149 2896 1219 perit.
2937 1149 3235 1219 Imperator
3267 1168 3328 1206 ea
3362 1154 3513 1207 clade
3544 1170 3690 1208 nun-

2105 1237 2230 1291 tiata
2263 1239 2554 1293 maximum
2588 1242 2835 1311 percepit
2865 1242 3133 1307 dolorem,
3180 1255 3232 1299 et
3262 1250 3509 1316 progredi
3545 1252 3689 1305 ulte-

2104 1327 2216 1382 rius
2248 1343 2352 1381 non
2388 1344 2551 1383 ausus
2582 1341 2725 1385 retro
2760 1332 2893 1386 abiit
2918 1334 2985 1387 ad
3017 1333 3259 1405 Zagoria.
3281 1337 3371 1391 ubi
3403 1341 3683 1394 castellum

2103 1428 2219 1473 erat
2248 1420 2541 1476 Melenicus
2568 1422 2723 1492 longe
2748 1424 3189 1491 munitissimum,
3208 1441 3339 1481 saxo
3368 1429 3685 1498 impositum

2104 1520 2158 1564 et
2207 1514 2519 1582 prmcipitiis
2568 1515 2905 1584 vallibusque
2943 1517 3383 1585 profundissimis
3422 1522 3685 1577 cinctum.

2104 1601 2180 1655 Eo
2206 1618 2270 1656 ex
2303 1603 2497 1657 vicinia
2526 1606 2727 1674 passim
2757 1606 3117 1676 confugerant
3143 1608 3378 1681 Bulgari,
3413 1612 3688 1669 Romanor

2102 1710 2220 1747 runt
2259 1695 2547 1748 admodum
2581 1698 2781 1750 securi.
2814 1698 2893 1752 Ad
2923 1714 3017 1753 eos
3048 1700 3340 1768 imperator
3366 1705 3529 1762 mittit
3558 1704 3686 1759 Ser-

2102 1783 2243 1851 gium
2280 1787 2596 1852 spadonem,
2633 1804 2798 1841 unum
2831 1806 2893 1842 ex
2927 1790 3129 1844 intimis
3168 1791 3281 1845 suis
3318 1794 3552 1846 cubiculi
3580 1795 3654 1848 mi

2104 1874 2288 1927 uistris
2325 1916 2339 1939 ,
2388 1876 2663 1931 hominem
2724 1881 3003 1933 curdatum
3061 1897 3122 1936 ac
3180 1882 3472 1937 facundum
3509 1924 3525 1949 ,
3589 1888 3679 1955 qui

2104 1960 2343 2031 ipsorum
2385 1966 2599 2020 animos
2648 1968 3069 2037 periclitaretur.
3102 1971 3153 2024 ls
3200 1972 3364 2025 multa
3406 1976 3682 2029 suadendo

2102 2064 2262 2123 atque
2288 2057 2641 2125 probabiliter
2669 2060 3099 2116 disserendons
3116 2078 3181 2117 eo
3211 2064 3528 2130 adduxit,ut
3565 2082 3677 2120 rem

2104 2157 2249 2200 recta
2294 2149 2378 2201 via
2428 2160 2747 2217 reputantes
2789 2154 2978 2220 positis
3018 2155 3186 2207 armis
3222 2170 3279 2208 se
3312 2164 3365 2208 et
3400 2158 3680 2211 castellum

2102 2240 2414 2309 imperatori
2449 2243 2732 2298 dederent.
2777 2244 2924 2309 Quos
2957 2248 3251 2316 imperator
3287 2249 3678 2306 humanissime

2103 2334 2363 2401 excepit;
2400 2343 2452 2387 et
2502 2338 2728 2391 castello
2784 2340 3034 2407 praesidio
3078 2341 3365 2395 suﬁicienti
3424 2343 3679 2412 imposito

2104 2424 2477 2496 Mosynopolin
2504 2430 2683 2484 rediit.
2715 2431 2791 2484 ibi
2830 2432 2876 2483 ei
2909 2433 3140 2485 moranti
3170 2434 3396 2487 nuntius
3430 2436 3496 2489 de
3526 2437 3678 2491 obitu

2104 2516 2341 2572 Samueli
2398 2520 2643 2583 affertur.
2713 2523 2973 2592 vigesima
3028 2534 3216 2593 quarta
3261 2524 3512 2580 Octobris
3567 2529 3674 2582 die.

2102 2609 2311 2662 Exinde
2372 2614 2554 2665 statim
2629 2613 2958 2684 Mosynopoli
3022 2616 3463 2673 Thessalonicam
3519 2620 3674 2685 abit,

2102 2712 2265 2771 atque
2295 2703 2422 2759 hinc
2446 2706 2513 2759 ad
2544 2705 2893 2777 Pelagoniam
2925 2724 3099 2778 usque
3128 2711 3493 2779 proﬁciscitur
3530 2713 3679 2766 nullo

2102 2808 2225 2847 cum
2258 2795 2548 2860 maleﬁcio,
2584 2798 2689 2852 nisi
2728 2800 2870 2867 quod
2914 2801 3113 2870 regiam
3162 2802 3396 2856 Gabrieli
3439 2802 3676 2857 Butelia-

2104 2900 2225 2936 nam
2254 2885 2411 2955 461
2444 2887 2706 2942 incendit.
2744 2889 2918 2944 Missis
2951 2892 3115 2944 etiam
3164 2893 3424 2947 militibus
3459 2895 3678 2949 castella

2100 2974 2377 3045 Prilapum
2403 2988 2457 3032 et
2484 2978 2761 3049 Stypeium
2797 2982 2958 3051 capit.
2995 2983 3124 3036 Inde
3159 2984 3223 3058 ad
3259 2985 3477 3039 fluvium
3511 2984 3679 3039 Tzero

2100 3081 2225 3119 nam
2250 3070 2420 3133 venit,
2453 3085 2689 3139 eumque
2734 3073 2943 3127 ratibus
2984 3082 3038 3125 et
3084 3074 3293 3127 utribus
3344 3074 3539 3129 inﬂatis
3571 3085 3678 3128 tra-

417 3160 823 3230 ἀποδεξάμενος
846 3163 875 3213 6
897 3160 1149 3229 βασιλεὺς
1173 3159 1267 3211 κα)⁵
1295 3158 1833 3227 φιλοφρονησάμενος
1857 3154 2002 3257 αξιο-
2027 3199 2070 3257 C

1937 3172 2002 3207 .o-
2027 3199 2070 3257 C
2100 3156 2236 3224 jicit,
2274 3172 2336 3209 ac
2368 3158 2588 3213 Budena
2614 3161 2798 3224 redit;
2849 3172 2904 3215 et
2956 3162 3080 3217 inde
3139 3180 3281 3218 nona
3320 3164 3562 3220 Januarii
3611 3166 3678 3220 de

415 3255 664 3324 πρεπῶς,
693 3254 788 3306 καὶ
826 3254 1071 3324 φρουρὰν
1135 3252 1214 3321 τῷ
1280 3250 1529 3319 φρουρίῳ
1568 3249 1668 3319 τὴν
1725 3247 2001 3319 ἀρκοῦσαν

2104 3247 2545 3305 Thessalonicam
2567 3254 2738 3308 venit.

414 3347 815 3414 ἐγκατατάξας,
846 3347 1046 3417 μετέόη
1082 3347 1215 3415 πρὸς
1256 3342 1665 3397 Μοσυνούπολιν
1690 3359 1702 3371 ο
1731 3345 1789 3394 ἐν
1874 3342 2114 3410 διάγοντι
2145 3343 2320 3412 τούτῳ
2352 3343 2445 3396 καὶ
2472 3346 2500 3398 6
2568 3346 2661 3398 τοῦ
2744 3348 2997 3416 Σαμουὴλ
3068 3349 3387 3417 ἀγγέλλεται
3451 3349 3680 3412 Θάνατος

420 3443 565 3498 κατὰ
605 3441 702 3511 τὴν
744 3440 823 3493 κδ’
863 3440 956 3492 τοῦ
1026 3436 1359 3507 Ὀκτωὸρίου
1396 3435 1584 3505 μηνός.
1627 3433 1714 3505 [Ρ.
1756 3432 1883 3505 ’ῖο9]
1919 3435 2027 3487 Καὶ
2062 3434 2226 3497 εὐθὺς
2259 3438 2287 3489 6
2324 3436 2577 3503 βασιλεὺς
2599 3438 2815 3507 ἀπάρας
2859 3441 2923 3491 ὲκ
2993 3440 3453 3502 Μοσυνουπόλεως
3502 3440 3681 3491 κάτειέ

420 3554 506 3588 σιν
540 3538 618 3598 εἰς
671 3533 1093 3603 Θεσσαλονίκην,
1152 3530 1407 3584 κάκεῖθεν
1458 3529 1677 3583 ἄπεισιν
1743 3529 1823 3588 εἰς
1867 3527 2229 3595 Πελαγονὲαν,
2311 3530 2476 3598 μηδὲν
2521 3532 2915 3601 λυμαινόμενος
2966 3533 3075 3584 τῶν
3123 3534 3178 3584 ἐν
3230 3532 3407 3591 ποσὶν,
3496 3530 3610 3581 ἀλλ’
3642 3529 3676 3596 ἢ

424 3631 563 3696 μόνα
595 3629 961 3699 πυρπολήσας
998 3626 1065 3679 τὰ
1103 3627 1157 3676 ὲν
1190 3623 1457 3693 Βουτελίῳ
1501 3622 1745 3691 βασίλεια
1770 3617 1863 3671 τοῦ
1900 3619 2163 3691 Γαὸριήλ.
2206 3622 2436 3692 Πέμψας
2474 3623 2528 3675 δὲ
2572 3626 2665 3675 καὶ
2714 3625 2971 3693 στρατιὰν
3044 3622 3319 3694 χειροῦται
3381 3622 3443 3674 τὸ
3517 3621 3682 3689 φρού-

423 3740 541 3793 ριον
574 3720 853 3791 Πριλάπου
885 3714 1095 3769 καὶτοῦ
1129 3712 1415 3767 Στυπείον.
1452 3711 1693 3764 Ἐκεῖθεν
1764 3710 2176 3779 καταλαμϐάνει
2241 3713 2333 3765 τὸν
2401 3714 2645 3782 Τζερνᾶν
2700 3714 2988 3781 λεγόμενον
3029 3714 3294 3782 ποταμὸν,
3343 3712 3403 3765 ὃν
3443 3712 3680 3781 σχεδίαις

422 3816 521 3869 καὶ
575 3813 828 3871 Θυλάκοις
873 3807 1278 3875 πεφυσημένοις
1334 3803 1672 3873 διαπεράσας
1720 3802 1998 3855 ἐπάνεισιν
2038 3803 2117 3865 είς
2141 3803 2210 3855 τὰ
2248 3805 2478 3858 noema.
2511 3807 2765 3859 κάκεῖθεν
2799 3814 2864 3877 τῇ
2918 3807 2960 3859 θ’
2989 3806 3083 3859 τοῦ

420 3911 512 3973 νὸς
537 3904 699 3978 ἦλθεν
728 3906 805 3966 εἰς
834 3900 1254 3968 Θεσσαλονίκην.

501 4000 701 4067 "Rapo;
730 3996 772 4047 δ’
814 3992 1135 4053 ἐπιστάντος
1179 3988 1487 4059 ὑπέστρεψε
1537 3987 1696 4039 πάλιν
1727 3989 1804 4049 είς
1834 3987 1999 4040 Βουλ-

423 4092 649 4160 γαρίαν,
698 4086 895 4155 καὶτῷ
946 4082 1189 4153 φρουρίῳ
1220 4081 1328 4134 τῶν
1381 4079 1627 4148 Βοδηνῶν
1676 4078 1998 4148 προσίσχει·

422 4184 669 4253 ἔφθασαν
700 4182 804 4248 γὰρ
836 4172 999 4240 οὗτοι,
1035 4175 1132 4245 τὴν
1176 4174 1312 4242 πρὸς
1364 4172 1583 4241 βασιλέα
1615 4172 1795 4222 πίστιν
1825 4172 2003 4239 ἀπαρ-

422 4278 741 4346 νησαμενοι,
776 4268 907 4340 ἆραι
957 4268 1097 4321 κατὰ
1163 4265 1451 4333 Ῥωμαίων
1506 4262 1666 4316 ὅπλα.
1703 4262 1996 4332 Καρτερὰν

422 4365 519 4421 οἷν
544 4364 943 4432 ἐνστησάμενος
982 4356 1298 4427 πολιορκίαν
1343 4354 1622 4422 ἠνάγκασε
1656 4351 1867 4413 πίστεις
1905 4351 1999 4404 λα·-

423 4460 622 4520 εόντλς
654 4454 879 4513 ἑαυτοὺς
904 4448 1208 4519 ἐγχειρίσαι
1239 4447 1367 4507 τοὺς
1401 4444 1547 4496 ἔνδον
1567 4458 1581 4474 ο
1622 4440 1715 4505 οὓς
1744 4441 1905 4493 πάλιν
1942 4444 2000 4493 ὲν

3171 3805 3503 3875 Ἰανουαρίου
3577 3825 3651 3877 μη
3664 3839 3681 3848 -

2182 3990 2343 4044 Initio
2366 3990 2509 4044 veris
2550 4005 2765 4042 rursum
2822 3989 2874 4041 in
2907 3987 3209 4057 Bulgariam
3234 3988 3294 4051 it,
3350 4002 3415 4041 ac
3447 3987 3681 4043 Budena‘;

2110 4080 2389 4133 castellum
2416 4080 2560 4151 (nam
2592 4078 2901 4148 praesidium
2937 4078 3041 4131 ﬁde
3076 4078 3272 4131 violata
3310 4093 3458 4131 arma
3488 4087 3677 4132 contra

2113 4171 2386 4224 llomanos
2432 4177 2670 4239 ceperat)
2710 4184 2899 4238 magna
2938 4168 2987 4221 vi
3019 4168 3295 4233 obsidens,
3326 4168 3429 4222 ﬁde
3467 4168 3680 4238 publica

2109 4272 2329 4331 accepta
2363 4276 2419 4315 se
2451 4262 2649 4315 dedere
2702 4260 3066 4331 praesidiarios
3092 4260 3256 4330 cogit,
3295 4275 3495 4329 eosque
3525 4258 3681 4313 Bole-

2108 4370 2224 4407 rutn
2250 4354 2521 4420 deportat.
2558 4350 2693 4405 Tum
2737 4352 2790 4404 in
2839 4352 3209 4421 angustiarum
3246 4351 3425 4404 medio
3450 4351 3559 4405 duo
3589 4366 3682 4403 ca-

2109 4445 2259 4499 stella
2307 4443 2559 4504 aediﬁcat,
2598 4457 2764 4496 unum
2816 4441 3046 4503 Cardiae,
3078 4442 3310 4495 alterum
3352 4442 3521 4496 sancti
3555 4442 3681 4496 Elite

424 4549 503 4618 τῷ
529 4545 742 4618 Βπρλερῷ
784 4541 1122 4613 μετοικίσας,
1156 4536 1250 4590 καὶ
1304 4536 1467 4604 ἕτερα
1504 4532 1741 4604 φρούρια
1792 4532 2002 4599 ἀνεγεί-
2027 4527 2078 4586 D
2105 4552 2165 4590 nc

1940 4532 2002 4583 εί-
2027 4527 2078 4586 D
2105 4537 2346 4600 nomine,
2377 4544 2433 4587 et
2462 4532 2910 4586 Thessalonicam
2966 4532 3127 4586 redit.
3164 4531 3261 4586 Hic
3299 4532 3516 4602 degenti
3574 4532 3681 4587 Ga-

432 4658 532 4711 ρας
578 4638 671 4689 δύο
696 4638 751 4687 ἐν
808 4633 885 4701 τῷ
965 4632 1114 4700 μέσῳ
1159 4629 1255 4698 τῆς
1314 4625 1640 4695 δυσχωρίας,
1700 4619 1773 4677 ὢν
1806 4623 1865 4675 τὸ
1904 4623 2001 4692 μὲν

430 4732 679 4801 Καρὸἷαν
737 4727 990 4793 ὠνόμασε
1032 4723 1094 4775 τὸ
1133 4722 1177 4775 δ’
1213 4721 1400 4791 ἕτερον
1451 4719 1606 4785 ἆγιον
1659 4717 1864 4779 Ἠλίαν,
1902 4717 2002 4767 ὑπ-

430 4820 691 4889 έστρεψεν
744 4819 822 4879 είς
876 4813 1300 4882 Θεσσαλονίκην.
1346 4810 1434 4863 Ἐν
1548 4808 1877 4877 Ῥωμανὸςὸ
1907 4806 2001 4858 καὶ

432 4913 673 4983 magno
704 4911 791 4963 διά
833 4924 976 4969 τινος
1022 4903 1290 4973 Ῥωμαίου
1345 4902 1714 4970 Χειροτμήτου
1747 4898 2001 4951 δούλωσιν

434 5011 531 5062 καὶ
570 5004 845 5073 ὑποταγὴν
902 5000 1262 5069 ὑπισχνεῖται,
1324 4997 1383 5048 Ὀ
1437 4995 1492 5048 δὲ
1534 4994 1878 5056 ὑποπτεύσας
1934 4988 2001 5044 τὰ

435 5103 762 5171 γράμματα,
802 5096 892 5148 τὸν
926 5092 1212 5163 πατρίκιον
1240 5088 1554 5159 Νικηφόρον
1578 5086 1669 5138 τὴν
1699 5086 1889 5154 Ξιφίαν
1910 5085 2004 5137 καὶ

436 5190 845 5247 Κωνσταντῖνον
875 5185 967 5238 τὸν
993 5184 1267 5251 Διογένην,
1314 5181 1453 5250 μετὰ
1499 5178 1587 5231 τὸν
1642 5176 2002 5245 Βοτανειάτην

438 5283 744 5354 στρατηγὸν
776 5276 1037 5347 γεγονότα
1073 5270 1496 5338 Θεσσαλονίκης,
1535 5267 1672 5354 μετά
1724 5267 2002 5334 δυνάμεως

434 5352 710 5441 ἐκπμπει
742 5374 797 5423 ὲν
828 5372 891 5438 τῇ
928 5367 1081 5437 χώρα
1133 5362 1239 5415 τῶν
1289 5361 1604 5428 Μογλένων.
1642 5352 1741 5409 Ὧν
1771 5358 1869 5426 τὴν
1898 5358 2004 5409 πᾶ·-

437 5485 537 5520 σαν
569 5464 913 5534 ληῐσαμένων
945 5460 1160 5526 ἐκείνην
1189 5456 1290 5525 γῆν
1334 5453 1431 5505 καὶ
1462 5454 1556 5521 τὴν
1586 5450 1739 5502 πόλιν
1791 5450 2005 5519 πολιορ-

436 5560 678 5612 κούντων
706 5554 905 5623 ἔφθασε
931 5552 1023 5603 καὶ
1054 5551 1081 5601 6
1106 5547 1377 5619 βασιλεὺς,
1401 5545 1494 5596 καὶ
1517 5544 1606 5595 τὸν
1628 5542 2005 5613 παραρρέοντα

436 5655 501 5719 τῆ
531 5651 679 5701 πόλει
720 5644 1113 5717 μετοχετεύσας
1146 5640 1410 5708 ποταμὸν.
1435 5637 1528 5688 καὶ
1556 5636 1622 5687 τὰ
1650 5634 1871 5701 θεμέλια
1898 5634 2003 5685 τῶν

433 5742 633 5810 τειχῶν
663 5738 934 5809 ὑπορύξας
959 5739 1051 5789 καὶ
1079 5734 1209 5800 ξύλα
1234 5734 1323 5783 καί
1355 5728 1659 5797 εὔπρηστον
1689 5727 1852 5792 ἄλλην
1876 5725 2005 5793 ὖλην

439 5833 727 5887 ὑποϐαλὼν
760 5833 871 5892 τοῖς
898 5829 1169 5899 ὀρύγμασι
1204 5824 1295 5878 καὶ
1324 5820 1427 5892 πῦρ
1447 5820 1717 5889 ἐμϐαλὼν,
1753 5820 1845 5888 τῆς
1877 5816 2005 5888 ὕλης

2108 4628 2329 4689 brielus,
2351 4625 2441 4693 qui
2465 4634 2519 4677 et
2547 4623 2826 4677 Romanus
2854 4622 3248 4692 appellabatur,
3275 4637 3372 4692 per
3393 4624 3681 4691 quemdam

2110 4717 2415 4770 Romanum
2468 4712 3029 4780 Cheirotmetumtﬁd
3085 4713 3325 4766 nominis
3383 4713 3452 4766 ab
3509 4715 3682 4767 incisa

2109 4823 2272 4862 manu
2292 4807 2393 4875 est)
2422 4804 2691 4875 promittit
2722 4818 2777 4858 se
2808 4803 2910 4872 ipsi
2940 4819 3157 4857 servum
3182 4815 3344 4872 atque
3378 4803 3683 4871 subjectqu

2110 4900 2247 4953 fore.
2280 4896 2387 4951 Sed
2418 4897 2714 4963 imperator
2739 4893 2959 4947 fallaces
2988 4892 3196 4946 litteras
3222 4908 3342 4947 esse
3373 4894 3680 4963 suspicans,

2108 4989 2363 5059 Xiphiam
2388 4997 2441 5041 et
2464 4984 2884 5040 Constantinum
2905 4984 3217 5053 Diogenem,
3238 4983 3329 5052 qui
3353 4982 3683 5038 Botaueiatte

2111 5081 2166 5134 in
2198 5088 2435 5151 praetura
2460 5075 2935 5130 Thessalonicensi
2965 5073 3251 5137 successit,
3272 5090 3395 5128 cum
3438 5074 3682 5129 exercitu

2113 5176 2167 5229 in
2204 5174 2477 5244 regionem
2506 5169 2878 5241 Moglenorum
2922 5167 3118 5233 mittit;
3160 5166 3251 5235 qui
3286 5182 3408 5220 cum
3436 5182 3555 5221 eam
3587 5169 3683 5221 de-

2110 5262 2349 5336 populati
2372 5261 2560 5315 urbem
2579 5256 3238 5324 obsiderent,'supervenit
3256 5255 3391 5324 ipse,
3412 5266 3465 5309 et
3484 5256 3679 5318 amnis,

2111 5341 2201 5426 qui
2218 5355 2405 5408 urbem
2420 5352 2674 5412 alluebat,
2694 5348 2847 5401 alveo
2869 5347 3116 5408 adverso,
3137 5343 3387 5399 suffossis
3406 5360 3680 5398 murorum

2111 5444 2505 5507 fundamentis,
2546 5452 2601 5495 et
2636 5440 2924 5509 interjecto
2980 5438 3227 5491 cavernis
3279 5438 3425 5507 ligno
3470 5437 3683 5514 aliaque

2114 5539 2255 5610 ignis
2291 5551 2488 5605 capace
2520 5533 2766 5596 materia,
2813 5530 3065 5585 incendio
3097 5545 3283 5582 muros
3311 5531 3521 5585 evertit.
3564 5531 3683 5594 Quo

2112 5634 2231 5687 viso
2262 5629 2514 5700 oppidani
2547 5625 2929 5680 miserabiliter
2949 5623 3219 5693 supplices
3247 5623 3367 5677 facti
3399 5637 3457 5675 se
3480 5632 3534 5675 et
3564 5638 3684 5675 mu-

2114 5721 2375 5774 nitionem
2416 5716 2581 5786 462
2616 5715 2964 5769 dediderunt.
2997 5710 3205 5779 Captus
3241 5718 3326 5763 est
3360 5708 3432 5761 ibi
3492 5705 3680 5761 Domi-

2116 5810 2625 5873 tianustiaueanus,
2660 5808 2824 5861 homo
2878 5812 3071 5873 potens
3121 5813 3171 5855 et
3224 5800 3460 5854 Gabrieli
3502 5800 3681 5853 conisi-
