4410 6442
775 445 882 511 195

2012 428 2335 492 GEORGII
2375 425 2705 488 CEDRENI

3905 417 4016 482 196

767 558 978 620 liarius,
1011 565 1065 610 et
1095 554 1462 626 Mogleuorum
1493 551 1748 621 princeps
1779 549 1976 602 Elitzes
1999 546 2198 613 aliique
2229 557 2353 612 pro-
2384 556 2428 611 Α
2459 560 2508 593 κε

2284 557 2353 596 'o-
2384 556 2428 611 Α
2459 537 2965 609 καταπρησθείσης,
2995 535 3330 606 κατέστρεψε
3365 531 3424 587 τδ
3457 535 3655 603 τεῖχος.
3684 534 3861 604 Ὅπερ
3892 533 4025 586 ἰδόν-

773 665 960 704 cerum
993 648 1146 701 multi
1173 659 1227 701 ct
1260 661 1452 702 manus
1500 644 1645 697 haud
1677 657 1840 711 parva
1881 637 2134 692 militum.
2172 634 2347 687 Armis

775 740 1014 795 ferendis
1047 740 1271 794 idoneos
1313 737 1696 806 Aspracauiam
1730 734 1979 801 deportat
2013 730 2304 797 imperator
2332 743 2343 776 :

775 832 1062 884 colluviem
1116 830 1375 897 reliquam
1410 828 1568 897 diripi
1619 826 1797 895 jubet,
1829 833 1883 876 et
1917 823 2232 883 castellum,
2263 819 2349 874 cui

773 920 933 974 Notia
966 936 1185 983 nomen,
1223 918 1460 973 incendi.
1494 915 1756 986 Moglenis
1778 913 2040 966 vicinum.

2455 649 2545 694 τες
2576 634 2623 684 οἱ
2662 631 2809 682 ἔνδον
2874 629 3007 695 πρὶς
3067 629 3274 682 ἱκεσίαν
3334 630 3450 697 μετ’
3499 626 3822 696 ὀλοφυρμῶν
3865 626 4025 694 ἐτρά-

2457 740 2642 788 ποντο,
2693 724 2785 774 καὶ
2844 721 3068 784 ἑαυτοὺς
3125 719 3441 790 παρεδίδουν
3479 721 3573 772 σὺν
3633 719 3712 788 τῷ
3760 717 4024 787 φρουρίῳ.

2471 811 2710 881 Ἐλήιρθη
2775 814 2871 882 μὲν
2925 808 3018 864 οὖν
3056 811 3380 881 Δομετιανὸς
3431 812 3459 863 6
3527 810 3836 874 Καυκάνος,
3889 809 4026 877 ἀνὴρ

2459 905 2724 973 δυνάστης
2760 903 2957 973 καὶτῷ
2999 903 3238 974 Γαϐριὴλ
3285 903 3688 972 συμπάρεδρος,
3725 903 3819 954 καὶ
3873 898 4026 951 Ἥλί-

773 1014 907 1081 τζης
939 1015 965 1064 6
993 1013 1175 1081 ἄρχων
1206 1010 1513 1077 Μογλένων,
1543 1009 1636 1060 καὶ
1661 1008 1834 1076 ἕτεροι
1865 1007 2122 1059 δυνάσται
2154 999 2362 1061 πολλοὶ,
2403 997 2495 1049 καὶ
2518 996 2642 1059 λαὸς
2674 995 3004 1065 πολεμιστὴς
3039 997 3139 1049 ούκ
3213 996 3411 1064 ὀλίγος.
3452 997 3587 1057 Τοὺς
3623 995 3720 1063 μὲν
3737 988 3828 1046 οὖν
3891 992 4030 1044 ὅπλα

775 1104 1106 1172 δυναμένους
1138 1104 1304 1154 κινεῖν
1365 1103 1445 1162 είς
1496 1100 1903 1168 Ἀσπρακανίαν
1963 1096 2235 1164 ἐκπέμπει
2303 1092 2332 1142 ὁ
2391 1088 2665 1158 βασιλεὺς,
2699 1088 2791 1140 τὸν
2823 1089 2878 1140 δὲ
2899 1087 3085 1141 λοιπὸν
3126 1087 3440 1156 συρφετώδη
3482 1085 3611 1140 λαὸν
3657 1083 4029 1154 διαρπαγῆναι

778 1197 1130 1268 προσέταξεν,
1153 1192 1535 1263 ἐμπρησθῆναι
1560 1193 1616 1244 δὲ
1646 1194 1736 1244 καὶ
1767 1191 1825 1242 τό
1852 1189 2129 1258 φρούριον.
2172 1182 2349 1237 Ἑάλω
2390 1182 2484 1234 καὶ
2511 1181 2698 1250 ἕτερον
2720 1179 2980 1250 φρούριον
3019 1178 3244 1232 Ἐνώτια
3312 1178 3672 1249 κεκλημένον,
3751 1174 4032 1243 ’,οειτονοῦν

778 1297 890 1351 τοῖς
917 1289 1231 1355 Μογλένοις.

850 1383 1047 1447 Quinta
1082 1379 1169 1433 die
1193 1377 1598 1431 Cheirotmetus
1620 1375 1901 1429 Romanus
1931 1374 2098 1436 venit,
2119 1368 2350 1425 famulos

781 1487 966 1526 secum
1002 1470 1279 1523 adducens
1311 1466 1537 1519 Joannis
1571 1465 1942 1527 Bladisthlabi,
1977 1461 2207 1516 Aaronis
2239 1459 2353 1522 ﬁlii,

780 1575 835 1618 et
864 1564 1091 1624 litteras,
1118 1559 1318 1626 quibus
1350 1556 1437 1610 hic
1461 1555 1799 1625 signiﬁcabat
1825 1570 1882 1608 se
1904 1553 2154 1609 Gabrielo
2188 1552 2352 1606 vitam

781 1654 1070 1721 eripuisse,
1101 1663 1356 1715 nuncque
1385 1647 1451 1702 ad
1485 1663 1542 1700 se
1573 1647 1796 1700 rediisse
1825 1645 2164 1714 Bulgaricum
2195 1643 2360 1711 impe-

784 1746 964 1806 rium;
1001 1740 1460 1810 promitteliatque
1497 1752 1555 1790 se
1603 1752 1819 1790 servum
1848 1744 1902 1788 et
1943 1735 2215 1788 subditum
2251 1733 2356 1786 im-

2540 1360 2755 1431 Ἡμέρα
2785 1359 2840 1412 δὲ
2871 1358 3094 1429 πέμπτῃ
3113 1354 3247 1430 ἧκεν
3273 1361 3299 1412 6
3329 1359 3700 1430 Χειρότμητος
3740 1359 4027 1430 Ῥωμαῖος.

2458 1456 2598 1525 ἔχων
2625 1457 2719 1507 καὶ
2747 1453 3084 1524 θεράποντας
3125 1453 3372 1506 Ἰωάννου
3406 1451 3500 1506 τοῦ
3563 1454 3654 1505 καὶ
3702 1453 4032 1506 Βλαδισθλά-

2460 1548 2580 1611 6ου,
2609 1545 2724 1600 υίοῦ
2765 1545 2996 1614 Ἀαρὼν,
3047 1544 3389 1612 ἐπαγόμενος
3435 1545 3529 1597 καί
3576 1543 3886 1614 γράμματα
3931 1546 4031 1613 δη-

2459 1635 2653 1688 λοῦντα
2680 1633 3004 1703 φονευθῆναι
3053 1634 3145 1685 ὑπ’
3204 1633 3370 1686 αὑτοῦ
3422 1634 3514 1686 τὸν
3571 1633 3813 1703 Γαϐριὴλ
3855 1635 3913 1686 ὲν
3956 1631 4036 1702 τῷ

2462 1726 2747 1797 Πετρισκῷ
2785 1725 2879 1779 καὶ
2911 1726 3009 1794 τὴν
3040 1726 3224 1778 πᾶσαν
3251 1724 3495 1789 ἐξουσίαν
3535 1727 3613 1788 είς
3652 1725 3844 1778 ἑαυτὸν
3907 1741 4032 1794 μετ-

786 1831 1025 1904 peratori
1073 1830 1209 1883 fore.
1241 1829 1305 1882 Iis
1352 1827 1602 1897 perlectis
1629 1827 1919 1894 imperator
1949 1840 2100 1878 suam
2138 1833 2360 1879 senten-
2393 1828 2434 1883 Β
2465 1837 2524 1873 εν

2297 1839 2360 1876 n-
2393 1828 2434 1883 Β
2465 1820 2774 1888 ενεχθῆναι,
2807 1817 3214 1887 ὑπισχνούμενά
3245 1833 3305 1868 τε
3334 1818 3433 1888 τὴν
3468 1816 3781 1887 πρέπουσαν
3827 1816 4033 1870 ὑποτα-

791 1928 922 1980 tiam
969 1937 1130 1975 aurea
1179 1920 1322 1974 bulla
1350 1919 1725 1989 consignatam
1771 1917 1964 1971 Joanni
2005 1916 2189 1971 mittit.
2221 1917 2365 1969 Pau-

779 2015 977 2084 cisque
1003 2021 1126 2082 post
1155 2011 1350 2065 diebus
1391 2010 1670 2064 Romanus
1709 2009 1868 2074 redit,
1903 2009 2108 2061 litteras
2140 2005 2366 2060 Joannis

789 2113 846 2157 et
874 2102 1182 2173 principum
1209 2099 1470 2168 Bulgaria:
1493 2097 1956 2164 atl‘erens,quibus
1980 2096 2014 2148 ii
2040 2112 2097 2148 se
2121 2095 2365 2148 subditos

791 2192 1106 2262 imperatori
1139 2190 1471 2243 fatebantur.
1503 2187 1841 2256 Adjungitsc
1864 2187 2026 2240 etiam
2056 2185 2364 2255 imperatori

794 2285 1103 2346 Caucanus,
1140 2281 1429 2336 Domitiani
1474 2280 1613 2346 apud
1659 2279 1931 2348 Moglenos
1968 2281 2106 2348 capti
2161 2280 2361 2344 frater,

793 2387 987 2444 estque
1015 2377 1084 2429 ab
1108 2389 1172 2428 eo
1204 2372 1504 2427 honoriﬁce
1534 2370 2048 2424 habitus-Geterum
2075 2372 2368 2439 imperator

794 2469 996 2521 certior
1048 2467 1225 2520 factus
1253 2464 1515 2519 Joannem
1552 2463 1676 2515 dolo
1710 2478 1771 2515 ac
1793 2463 2055 2515 fallaciter
2085 2463 2184 2516 ista
2233 2464 2372 2516 scri-

794 2562 975 2630 psisse
1028 2574 1091 2612 ac
1122 2557 1392 2611 contraria
1438 2556 1555 2609 suis
1587 2555 1868 2624 promissis
1911 2555 2109 2616 moliri,
2161 2556 2211 2607 in
2250 2555 2372 2609 Bul-

797 2650 998 2719 gariam
1036 2649 1362 2711 revertitur;
1400 2655 1453 2700 et
1495 2645 1726 2699 Ostruho
1773 2642 2045 2711 Soscoque
2094 2645 2371 2711 adiacente

799 2743 1019 2811 regione
1061 2756 1124 2794 ac
1156 2739 1445 2808 campestri
1499 2737 1785 2807 Pelagonia
1827 2736 2190 2805 depopulatis,
2216 2747 2375 2804 quot-

799 2843 931 2900 quot
965 2831 1232 2898 Bulgaros
1262 2830 1514 2897 cepisset,
1551 2829 1628 2882 eis
1663 2828 1849 2881 oculos
1881 2826 2085 2881 eﬂodit.
2117 2827 2181 2881 Et
2209 2843 2378 2895 usque

801 2922 868 2976 ad
899 2921 1088 2973 urbem
1122 2920 1433 2981 Achridem,
1460 2918 1660 2987 regiam
1694 2917 1977 2986 Bulgariae,
2007 2917 2234 2970 accedit.
2263 2916 2378 2981 Qua

799 3011 965 3082 463
1005 3011 1226 3080 potitus,
1264 3011 1426 3062 rebus
1451 3009 1706 3062 omnibus
1730 3019 1875 3062 recte
1905 3008 2235 3070 constitutis,
2259 3024 2380 3077 per-

801 3118 929 3172 gere
957 3116 1009 3155 et
1046 3103 1110 3154 ad
1145 3101 1491 3170 Dyrrachium
1533 3098 1803 3168 proﬁcisci
1847 3098 2096 3161 intendit,
2149 3098 2290 3167 quod
2326 3107 2382 3153 et

2465 1911 2564 1980 γὴν
2600 1909 2695 1962 καὶ
2749 1909 3010 1960 δούλωσιν
3063 1906 3400 1972 ἐνδείξασθαι
3446 1908 3582 1976 πρὸς
3631 1909 3721 1960 τὸν
3790 1906 4032 1976 βασιλέα.

2467 2005 2646 2071 Ὅπερ
2700 2001 2964 2068 ἀναγνοὺς
3025 2002 3052 2052 6
3106 1999 3381 2068 βασιλεὺς,
3447 2000 3541 2052 καὶ
3617 1999 4036 2070 χρυσοϐούλλοις

2465 2095 2787 2164 γράμμασιν
2823 2093 2889 2146 τὰ
2939 2091 3200 2144 δοκοῦντα
3254 2091 3687 2161 πιστωσάμενος,
3747 2093 4034 2145 ἀπέστειλα

2467 2186 2601 2254 πρὸς
2631 2186 2721 2236 τὸν
2765 2185 3036 2253 Ἰωάννην.
3074 2183 3184 2236 Καὶ
3223 2185 3340 2252 μετ’
3389 2184 3576 2249 ὀλίγας
3625 2184 3786 2237 πάλιν
3823 2185 4035 2253 ἡμέρας

2469 2274 2742 2341 ἐπανῆκεν
2768 2275 2795 2325 6
2822 2271 3162 2340 τετμημένος
3188 2274 3287 2339 τὴν
3312 2273 3467 2341 χεῖρα
3498 2273 3786 2342 Ῥωμαῖος,
3819 2278 4036 2345 γραφὰς

2471 2366 2711 2434 κομίζων
2757 2365 3004 2418 Ἰωάννου
3036 2382 3094 2416 τε
3123 2367 3218 2416 καὶ
3244 2365 3351 2417 τῶν
3383 2366 3658 2434 ἀρχόντων
3697 2367 4038 2437 Βουλγαρίας

2472 2457 2744 2525 ὑπηκόους
2799 2455 3204 2522 ὁμολογούντων
3260 2457 3354 2508 καὶ
3400 2455 3620 2519 δούλους
3663 2457 3914 2524 γενέσθαι
3945 2460 4038 2512 τοῦ

2477 2549 2757 2619 βασιλέως.
2795 2549 2879 2620 [Ρ.
2928 2548 3055 2620 710]
3090 2550 3408 2620 Προσερῥύη
3463 2551 3518 2603 δὲ
3553 2550 3628 2620 τῷ
3679 2551 3891 2621 βασιλεῖ
3943 2555 4040 2606 καὶ

2477 2641 2764 2702 Καυκάνος
2793 2642 2819 2692 6
2861 2641 3088 2710 ἁδελφὸς
3126 2641 3455 2710 Δομετιανοῦ
3509 2642 3602 2695 τοῦ
3639 2643 3697 2695 ἐν
3746 2643 4042 2712 Μογλένοις

2476 2731 2695 2794 ἁλόντος
2719 2747 2732 2762 ⁸
2765 2732 2822 2785 ὃν
2851 2732 3342 2802 φιλοτιμησάμενος
3369 2734 3455 2786 διά
3489 2735 3652 2804 τιμῆς
3683 2731 3840 2805 ἦγεν.
3890 2737 4040 2789 Ἐπεὶ

2475 2823 2530 2874 δὲ
2556 2823 2696 2890 ἔγνω
2725 2825 2816 2875 τὸν
2867 2825 3122 2894 Ἰωάννην
3173 2826 3309 2895 δόλῳ
3339 2827 3432 2878 καὶ
3486 2828 3734 2898 περινοίᾳ
3758 2828 4042 2896 γράψαντα

2477 2913 2546 2983 τᾲ
2570 2915 2849 2983 γραφέντα
2883 2916 2976 2967 καὶ
3006 2917 3267 2969 τάναντία
3296 2912 3369 2972 ὧν
3395 2918 3705 2988 ὑπισχνεῖτο
3729 2919 4046 2988 διανοούμε-

2480 3021 2588 3066 νον,
2622 3005 2993 3075 ἐπανέστρεψε
3025 3005 3188 3059 πάλιν
3224 3009 3360 3076 πρὸς
3393 3008 3751 3077 Βουλγαρίαν,
3789 3010 3886 3061 καὶ
3922 3009 4046 3078 λεη-

2483 3095 2718 3163 λατήσας
2757 3097 2854 3164 τὴν
2885 3098 3193 3167 περίχωρον
3250 3099 3541 3168 Ὀστροϐοὖ
3580 3101 3792 3152 καὶτοῦ
3824 3099 4045 3154 Σωσκοῦ

801 3193 921 3261 ejus
946 3191 1046 3245 loci
1080 3206 1166 3244 res
1194 3190 1362 3258 ipsius
1385 3190 1727 3259 praesentiam
1761 3190 2130 3258 requirebant.
2163 3190 2376 3243 Etenim
2403 3173 2447 3232 (ἶ
2482 3204 2542 3240 κο

2305 3190 2376 3243 im
2403 3173 2447 3232 (ἶ
2482 3190 2574 3240 καὶ
2597 3187 2692 3256 τὴν
2727 3188 2948 3242 πεδιάδα
2981 3189 3311 3257 Ιιελαγονίας
3343 3191 3467 3253 τοὺς
3495 3191 3887 3260 ἁλισκομένους
3913 3193 4044 3244 πάν-

803 3281 1045 3350 quandiu
1093 3278 1361 3348 Tryinalia
1395 3285 1447 3329 et
1493 3278 1790 3331 viciniores
1852 3277 2056 3332 Serviat:
2092 3288 2271 3346 partes
2316 3278 2370 3331 in

807 3379 1078 3440 potestate
1110 3368 1400 3422 Blailimeri
1440 3368 1629 3436 (gener
1659 3367 1704 3422 is
1735 3367 1836 3421 fuit
1865 3367 2123 3436 Samueli)
2153 3382 2372 3422 manse-

805 3472 954 3525 runt,
1011 3460 1250 3514 hominis
1281 3458 1412 3527 justi
1442 3474 1506 3511 ac
1559 3458 1704 3525 pacis
1738 3466 1795 3512 et
1840 3458 2058 3512 virtutis
2122 3458 2370 3524 studiosi,

806 3561 1056 3620 pacatum
1094 3549 1270 3603 fuerat
1307 3547 1680 3618 Dyrrachium.
1719 3550 1786 3602 At
1828 3559 2108 3618 postquam
2136 3547 2376 3603 Joannes

809 3641 1122 3696 Sarnuelum
1163 3640 1461 3704 interfecit,
1491 3639 1890 3708 deceptmnque
1918 3639 2065 3693 falsis
2100 3639 2377 3706 iuramen-

809 3735 880 3788 tis
903 3733 1266 3786 Bladimerum
1302 3739 1356 3785 et
1399 3747 1562 3801 opera
1597 3731 1782 3785 Daridi
1811 3731 2159 3802 Bulgarorum
2199 3731 2375 3787 archi-

809 3823 1053 3893 episcopi
1106 3837 1163 3877 sc
1202 3823 1490 3876 dedentem
1521 3822 1682 3890 paulo
1713 3830 1835 3890 post
1876 3823 2079 3891 pertide
2131 3825 2375 3888 necavit,

804 3929 1142 3985 .magnopere
1193 3914 1563 3983 Dyrrachiaua
1614 3929 1702 3968 res
1743 3930 2006 3969 concussa
2047 3928 2207 3984 atque
2251 3931 2379 3984 per-

813 4008 1029 4060 turbata
1081 4014 1184 4067 est,
1240 4005 1384 4072 quod
1427 4005 1665 4058 Joannes
1696 4006 1883 4059 urbem
1923 4022 2041 4060 eam
2083 4006 2378 4061 identidem

811 4117 908 4169 per
927 4100 1186 4153 duetores
1215 4111 1366 4162 suos,
1394 4095 1686 4163 aliquando
1725 4097 1885 4150 etiam
1931 4112 2172 4166 prazsens
2203 4113 2378 4166 oppu-

812 4197 1020 4261 gnaret.
1054 4187 1159 4241 Sed
1194 4185 1536 4256 imperatoris
1579 4184 1886 4240 institutum
1921 4200 2008 4240 res
2038 4187 2178 4239 haud
2215 4200 2379 4255 parva

815 4285 1083 4352 impediit.
1126 4283 1338 4336 Etenim
1375 4281 1440 4333 ad
1476 4280 1763 4333 Achridem
1793 4279 2142 4349 proficiscens
2173 4291 2294 4348 post
2321 4294 2380 4334 se

814 4372 1033 4439 reliquit
1061 4385 1184 4423 cum
1219 4384 1381 4422 manu
1423 4368 1657 4420 militum
1691 4366 1979 4437 Georgium
2013 4367 2378 4421 Gonitziatem

2482 3294 2579 3336 τας
2606 3276 2910 3345 άπετύιρλου
2931 3279 3291 3348 Βουλγάρους.
3321 3281 3572 3334 ’Λπεισιν
3588 3277 3677 3334 οὖν
3695 3283 3821 3352 ἄχρι
3841 3283 3935 3351 τῆς
3954 3283 4047 3334 πό-

2483 3369 2618 3433 λεως
2651 3371 2912 3441 ’Λχρίδος,
2930 3363 3041 3442 ὲνῇ
3071 3371 3137 3423 τὰ
3165 3370 3409 3440 βασίλεια
3429 3373 3533 3425 τῶν
3555 3373 3818 3441 βασιλέων
3837 3374 4051 3443 ἵδρυντο

2485 3461 2822 3532 Βουλγαρίας
2848 3478 2860 3494 ·
2905 3463 2996 3513 καὶ
3030 3461 3126 3531 τὴν
3154 3462 3307 3515 πόλιν
3359 3463 3690 3534 παραλαϐὼν
3745 3467 3840 3516 καὶ
3871 3467 4050 3518 πάντα

2487 3556 2664 3617 καλῶς
2695 3556 2898 3618 διαθεὶς
2927 3557 3118 3624 ἔμελλε
3175 3558 3270 3610 καὶ
3319 3559 3650 3627 προσωτέρω
3685 3558 3920 3627 βαδίζειν
3956 3560 4047 3610 καὶ

2483 3649 2580 3714 τῆς
2639 3647 2772 3716 πρὸς
2833 3649 2892 3700 τὸ
2952 3649 3252 3718 Δυρράχιον
3291 3647 3567 3716 ἅψασθαι·
3603 3650 3772 3702 ἐδεῖτο
3809 3652 3914 3720 γὰρ
3949 3651 4048 3717 τῆς

2487 3739 2778 3807 ἐπιδημίας
2812 3739 2977 3791 αὑτοῦ
3025 3740 3093 3791 τὰ
3135 3741 3334 3791 ἐκεῖσε.
3376 3739 3524 3802 Ἐως
3558 3739 3656 3809 μὲν
3685 3741 3793 3810 γάρ
3820 3741 4046 3810 Τρυμα-

2489 3834 2608 3896 λιᾶς
2639 3835 2732 3885 καὶ
2765 3832 2874 3884 τῶν
2909 3833 3192 3902 ἀγχοτάτω
3223 3832 3452 3902 Σερόίας
3484 3834 3661 3903 μερῶν
3695 3829 3832 3905 ἦρχε
3860 3835 4048 3889 Βλαδι-

2492 3925 2664 3994 μηρὸς
2702 3928 2728 3977 6
2765 3927 2857 3977 ἐπὶ
2893 3924 3124 3994 θυγατρὶ
3170 3925 3264 3979 τοῦ
3307 3926 3557 3996 Σαμουὴλ
3590 3928 3873 3997 κηδεστὴς,
3905 3931 4046 4000 ἀνὴρ

2490 4018 2741 4086 ἐπιεικὴς
2800 4018 2892 4069 καὶ
2941 4017 3214 4085 εἰρηνικὸς
3266 4018 3359 4069 καὶ
3415 4017 3618 4086 ἀρετῆς
3672 4020 4050 4088 ἀντεχόμενος,

2487 4110 2722 4180 ἠρεμίαν
2760 4105 2871 4178 εἶχε
2905 4109 2971 4161 τά
3001 4110 3056 4161 ἐν
3088 4109 3374 4180 Δυρραχίῳ
3399 4126 3411 4140 ο
3447 4109 3630 4178 ἐπειδὴ
3661 4110 3716 4164 δὲ
3748 4111 3776 4162 6
3808 4111 4048 4182 Γαϐριὴλ.

2493 4202 2644 4272 παρὰ
2688 4201 2780 4253 τοῦ
2838 4202 3083 4255 Ἰωάννου
3106 4202 3373 4265 ἀπώλετο,
3424 4204 3518 4254 καὶ
3548 4197 3701 4264 οὗτος
3733 4219 4055 4271 παρασπον-

2487 4293 2667 4362 δηθεὶς
2697 4293 2788 4344 καὶ
2812 4295 2922 4353 τοῖς
2956 4293 3137 4359 ὅρκοις
3166 4292 3461 4356 πιστεύσας
3484 4294 3635 4364 παρὰ
3660 4292 3753 4345 τοῦ
3806 4293 4052 4348 Ἰωάννου

2490 4385 2724 4438 δοθεῖσιν
2758 4385 2907 4456 αὐτῷ
2947 4385 3035 4438 διά
3068 4383 3237 4437 Δαδὶδ
3280 4385 3374 4438 τοῦ
3411 4386 3843 4458 άρχιεπισκόπου
3889 4387 4050 4440 Βουλ-

814 4475 872 4517 ct
901 4463 1145 4518 Orestam
1180 4462 1676 4532 protospatharium
1722 4462 2015 4531 captivum,
2056 4463 2256 4529 jubcus
2287 4476 2380 4516 eos
2412 4503 2465 4562 Β
2491 4494 2555 4545 γα

2311 4476 2380 4515 rOS
2412 4503 2465 4562 Β
2491 4479 2688 4547 γαρίας
2721 4476 2912 4562 ἑαυτὴν
2941 4477 3238 4544 ἐνεχείρισε
3273 4477 3362 4527 καὶ
3397 4477 3535 4544 μετὰ
3568 4479 3762 4545 μικρὸν
3803 4479 4052 4545 ἀπεσφάο

818 4555 873 4607 iu
922 4554 1240 4621 campestria
1298 4553 1602 4622 Pelagonize
1639 4553 1894 4623 grassari.
1949 4552 2051 4607 Eos
2099 4555 2386 4608 universos

818 4646 1030 4716 Bulgari
1078 4645 1215 4699 duce
1269 4646 1468 4705 lbatza,
1500 4645 1618 4700 viro
1668 4643 2007 4698 nobilissimo
2040 4652 2095 4698 et
2135 4655 2388 4712 spectatae

825 4736 1066 4800 virtutis,
1098 4736 1152 4789 in
1184 4736 1408 4790 insidias
1439 4746 1698 4791 attractos
1726 4737 2082 4790 trucidarunt.
2117 4738 2245 4804 Ejus
2280 4739 2391 4792 cla-

822 4827 908 4882 dis
927 4827 1111 4881 dolore
1148 4828 1393 4881 concitus
1420 4828 1713 4896 imperator
1744 4829 1796 4880 in
1835 4826 2175 4896 Pelagoniam
2204 4845 2386 4883 rever-

823 4919 977 4983 titur,
1005 4919 1354 4988 lbatzamque
1375 4929 1693 4988 persecutus
1727 4918 2169 4974 Thessalonicam
2213 4923 2386 4986 venit,

822 5010 1058 5079 indeque
1079 5009 1470 5080 Mosynopoliu,
1493 5011 1653 5064 misso
1679 5025 1800 5064 cum
1824 5010 2062 5063 exercitu
2087 5011 2151 5062 ad
2177 5010 2390 5064 Strum-

823 5102 983 5171 pitzae
1030 5104 1491 5172 oppugnationem
1541 5103 1742 5157 Davido
1788 5103 2053 5157 Arianita.
2106 5103 2154 5158 ls
2210 5105 2390 5159 subito

825 5191 1041 5246 irruens
1068 5193 1352 5247 castellum
1388 5195 1696 5248 Thermitza
1730 5195 1895 5263 cepit.
1945 5194 2087 5247 Misit
2135 5204 2186 5248 et
2224 5195 2387 5248 alium

825 5283 1126 5336 exercitum
1157 5285 1208 5337 in
1235 5284 1518 5339 'I‘riaditza:
1546 5284 1709 5357 464
1734 5285 1973 5350 castella,
2003 5286 2138 5340 duce
2170 5287 2387 5356 Xiphia.

825 5374 930 5438 Qui
979 5359 1242 5429 omnibus
1275 5392 1396 5444 qua:
1441 5379 1540 5431 sita
1592 5386 1748 5431 erant
1781 5376 1834 5430 in
1866 5377 2090 5446 planitie
2127 5378 2387 5443 subactis,

825 5465 1114 5519 castellum
1151 5467 1237 5522 cui
1268 5467 1434 5522 Boion
1464 5484 1663 5523 nomen
1687 5469 2035 5537 expugnavit.

2491 4581 2584 4634 γη,
2612 4566 2778 4618 πολὺν
2807 4560 2918 4634 εἶχε
2952 4565 3188 4633 τάραχον
3223 4565 3317 4616 καὶ
3346 4564 3533 4616 κλόνον
3582 4567 3649 4618 τά
3676 4567 3851 4619 ἐκεῖσε
3880 4569 4057 4636 πράγ-

2497 4673 2661 4726 ματα,
2692 4657 3015 4725 ἐγκειμένου
3039 4655 3164 4708 καθ’
3197 4657 3435 4725 ἑκάστην
3470 4657 3563 4709 καὶ
3602 4657 3687 4710 διὰ
3733 4662 4056 4729 στρατηγῶν

2494 4747 2752 4809 πολλάκις
2787 4746 2879 4799 τοῦ
2933 4747 3180 4799 Ἰωάννου
3228 4747 3323 4799 καὶ
3367 4747 3434 4798 δι’
3483 4748 3676 4800 ἑαυτοῦ
3718 4751 3876 4803 πάλιν
3919 4754 4054 4804 ἑλεῖν

2491 4840 2590 4908 τὴν
2630 4838 2802 4892 πόλιν.
2829 4838 2938 4892 Καὶ
2968 4838 3056 4890 διὰ
3101 4837 3258 4891 τοῦτο
3301 4838 3550 4890 ἐϐούλετο
3581 4842 3681 4907 μὲν
3727 4843 3753 4893 6
3801 4841 4053 4907 βασιλεὺς

2496 4930 2752 4984 ἀπελθεῖν
2791 4931 2886 4984 καὶ
2937 4929 3223 5000 βοηθῆσαι,
3269 4930 3515 5000 ἐκωλύθη
3553 4931 3607 4983 δὲ
3636 4931 3702 4984 δι’
3745 4933 3924 4986 αἰτίαν
3958 4937 4055 4987 ούκ

2499 5022 2715 5088 ἄλογον.
2757 5021 3156 5091 Ἀπερχόμενος
3210 5019 3317 5088 γάρ
3350 5022 3486 5090 πρὸς
3542 5022 3762 5092 ’Δχρίδα
3791 5025 4051 5077 κατέλιπε

2496 5113 2724 5167 κατόπιν
2759 5111 2894 5182 μετά
2917 5111 3154 5182 πλήθους
3183 5113 3531 5183 στρατιωτῶν
3555 5113 3828 5183 Γεὼργιον
3861 5132 4056 5186 στρατ-

2493 5205 2629 5276 ηγὸν
2682 5205 2774 5256 τὸν
2824 5203 3175 5273 Γονιτζιάτην
3207 5204 3301 5256 καὶ
3361 5201 3625 5273 Ὀρέστην
3658 5207 4058 5275 πρωτοσπαθά-

2501 5307 2613 5360 ριον
2642 5291 2732 5343 τὸν
2779 5291 3142 5360 αἰχμάλωτον,
3181 5293 3536 5362 κατατρέχειν
3569 5293 3829 5358 κελεύσας
3857 5297 3924 5348 τά
3959 5313 4058 5348 1::-

2497 5381 2583 5435 δία
2611 5381 2942 5448 Πελαγονίας
2963 5398 2974 5410 ·
2996 5380 3089 5442 οὒς
3112 5381 3500 5450 ὲλλοχήσαντες
3530 5382 3826 5454 Βούλγαροι
3848 5385 4061 5457 ἔχοντες

2497 5473 2802 5543 στρατηγὸν
2842 5472 2934 5525 τὺν
2984 5472 3252 5540 Ἰδάτζην,
3308 5472 3694 5544 φανερώτατον
3743 5477 3912 5546 ἄνδρα
3969 5477 4064 5530 καὶ

825 5562 1311 5632 δεδοκιμασμένον,
1366 5565 1650 5634 ἀναιροῦσι
1711 5566 1939 5628 πάντας.
1992 5561 2092 5618 Ὧν
2145 5569 2208 5638 τῇ
2244 5568 2388 5642 λύπῃ
2428 5569 2718 5640 συγχυθεὶς
2761 5569 2789 5621 6
2823 5567 3494 5638 βασιλεὺςὲπανέστρεψεν
3565 5573 3648 5634 είς
3702 5572 4058 5644 Πελαγονίαν,

833 5656 929 5708 καὶ
951 5655 1043 5706 τὸν
1083 5653 1331 5725 Ἰὸάτζην
1404 5657 1764 5728 καταδραμὼν
1811 5658 1904 5710 καὶ
1949 5657 2146 5725 διώξας
2229 5661 2473 5728 ἀπῆλθεν
2509 5663 2568 5714 ὲν
2603 5660 2996 5730 Θεσσαλονίκῃ.
3041 5659 3308 5713 Κάκεῖθεν
3346 5659 3500 5730 διέϐη
3523 5661 3603 5724 εἰς
3632 5663 4061 5723 Μοσυνούπολιν,

835 5744 974 5796 κατά
1001 5746 1412 5816 Στρουμπίτζης
1451 5751 1578 5804 λαὸν
1608 5750 1912 5820 πεπομφὼς
1930 5754 2176 5824 ἡγεμόνα
2208 5754 2399 5824 ἔχοντα
2438 5755 2528 5808 τὸν
2585 5755 2874 5824 πατρίκιον
2918 5753 3080 5806 Δαειδ
3127 5753 3217 5806 τὸν
3258 5754 3596 5825 Ἀριανίτηνο
3658 5757 3716 5821 ες
3787 5757 4065 5824 αίφνιδίως

831 5836 1113 5902 ὶπιφανεὶς
1141 5834 1250 5890 εἷλε
1274 5838 1334 5892 τδ
1359 5838 1614 5909 φρούριον
1647 5841 1674 5893 δ
1699 5839 1977 5912 Θερμίτζα
2013 5845 2464 5914 κατονομάζεται.
2505 5847 2611 5901 Καὶ
2681 5845 2865 5917 ἕτερον
2911 5843 3071 5898 πάλιν
3102 5844 3226 5899 λαὸν
3261 5848 3399 5901 κατὰ
3465 5849 3572 5902 τῶν
3638 5850 3694 5902 ὲν
3771 5848 4060 5918 Τριαδῗτῖη
