4410 6442
367 396 460 459 197
1460 382 1998 445 IllS’l‘OlllARi-Jll
2029 380 2555 444 CUMPENDIUM.

3513 378 3617 440 193

358 509 652 579 (ροονρίων,
709 504 932 575 ἔξαρχον
984 506 1171 570 ἔχοντα
1220 500 1307 553 τον
1346 498 1565 566 Eis-31v,
1623 496 1920 564 ἐκπέμπει.
1964 497 2071 547 Καὶ
2121 487 2273 555 οὗτος
2328 496 2382 546 δὲ
2428 495 2496 546 τὰ
2577 491 2636 545 ἐν
2685 494 2796 556 τοῖς
2855 492 3143 565 ὑπαίθροις
3205 493 3382 548 πάντα
3450 508 3619 547 κατα-

360 602 729 673 στρεψίιμενος
763 594 872 650 εἷλε
911 595 1194 665 πολιορκία
1237 595 1296 645 τὸ
1349 593 1529 659 ἔρυμα
1557 590 1584 641 ὃ
1617 588 1789 641 Βοιὼν
1819 590 2087 643 καλεῖται.

440 696 498 745 σω
534 694 588 744 δέ
628 691 878 760 βασιλεὺς
922 688 1169 741 ἀπελθὼν
1222 688 1279 738 ἐν
1334 684 1927 746 Κωνσταντινουπέὶει,
1964 690 2008 740 Α

357 790 501 841 κατὰ.
530 787 619 837 τὸν
661 783 985 851 Ἰανουάριον
1021 783 1167 850 μῆνα
1195 777 1289 831 τοῦ
1325 775 1504 843 ,ςφκᾶ
1541 774 1714 839 ἔτους,
1747 773 1933 826 στόλον

356 885 439 941 εἰς
476 879 761 947 Χαζαρίαν
797 874 907 944 (61)
956 874 1251 939 ἐκπέμπει,
1306 868 1530 939 ἔξαρχον
1601 866 1793 934 ἔχοντα
1841 863 1931 913 τὸν

356 972 600 1038 Μογγὸν,
651 968 767 1019 υίδν
830 963 1168 1033 Ἀνδρονίκου
1207 960 1396 1022 δουκὸς
1444 958 1539 1011 τοῦ
1598 952 1801 1008 Λυδοῦ’
1843 952 1933 1005 καὶ

357 1067 426 1131 τῆ
463 1059 721 1128 συνεργία
754 1059 1000 1126 Σφέγγου
1028 1053 1121 1105 τοῦ
1157 1050 1385 1117 ἀδελςοῦ
1413 1044 1779 1114 Βλαδιμηροῦ.
1832 1043 1929 1095 τοῦ

358 1150 591 1219 ἀδελφοῦ
648 1151 757 1219 (69.)
798 1145 893 1200 τοῦ
951 1144 1233 1216 βασιλέως,
1298 1138 1533 1201 ὑπέταξε
1581 1138 1675 1205 τὴν
1726 1134 1935 1205 χώραν,

358 1242 458 1296 τοῦ
512 1244 768 1312 ἄρχοντος
820 1238 988 1305 αὑτῆς
1040 1235 1310 1305 Γεωργίου
1357 1230 1449 1283 τοῦ
1483 1228 1718 1293 Τζούλου
1779 1229 1835 1277 έν
1864 1227 1930 1294 τῇ

361 1338 555 1409 πρώτῃ
600 1332 874 1403 προσϐολῇ
929 1328 1349 1398 συλληφθέντος.
1387 1324 1469 1396 [Ρ.
1505 1322 1636 1393 ⁸111]
1683 1319 1815 1372 Τότε
1843 1317 1937 1370 καὶ

360 1428 708 1497 Σεναχηρεὶμ
738 1427 883 1494 ὁτῆς
924 1425 1035 1479 ἄνω
1082 1419 1293 1489 Μηδίας
1328 1419 1533 1487 ἄρχων,
1577 1416 1643 1483 ἢν
1691 1412 1935 1480 Ἀσπρα-

360 1521 557 1573 κανίαν
609 1518 933 1590 ὀνομάζουσι
986 1516 1247 1584 σήμερον,
1286 1511 1363 1580 τῷ
1417 1507 1629 1578 βασιλεῖ
1667 1504 1937 1570 παγγενεὶ

362 1611 739 1681 προσέδραμε,
809 1608 910 1676 τὴν
959 1605 1291 1658 ὑπείκουσαν
1332 1595 1482 1665 αὑτῷ
1532 1590 1939 1663 παραδεδωκὼς

358 1705 586 1758 ἃπασαν
630 1700 834 1769 χώραν,
870 1697 1157 1768 πατρίκιος
1204 1690 1453 1762 τιμηθεὶς
1486 1688 1580 1740 καὶ
1626 1683 1933 1755 στρατηγὸς

361 1790 779 1851 Καππαδοκίας,
837 1789 931 1840 καὶ
973 1787 1199 1855 κτήσεις
1268 1778 1573 1835 ἀντιλαϐὼν
1626 1777 1787 1830 τάσδε
1836 1774 1937 1835 τὰς

360 1883 570 1943 πόλεις,
602 1882 699 1949 τὴν
726 1879 1076 1938 Σεϐάστειαν,
1114 1875 1211 1943 τὴν
1262 1873 1563 1939 Λάρισσαν,
1620 1870 1719 1939 τὴν
1768 1868 1940 1919 Ἀδα-

364 1993 490 2046 ραν,
519 1973 611 2027 καὶ
660 1973 827 2032 ἄλλας
877 1971 1102 2038 κτήσεις
1152 1966 1375 2026 πολλάς.
1424 1959 1940 2030 Στενοχωρούμενος

2113 678 2411 748 Imperator
2439 680 2633 748 Cpolin
2667 695 2921 734 reversus
2942 678 3199 734 Januario
3229 694 3440 743 mense,
3473 688 3619 733 anno

2041 768 2230 824 inundi
2285 769 2445 831 6524,
2493 771 2720 824 classem
2769 772 2820 823 in
2871 768 3212 823 Chalzariam
3244 768 3431 831 mittit,
3479 770 3619 823 duce

2039 861 2237 931 Mongo
2289 861 2589 915 Andronici
2645 863 2783 916 duce.
2821 860 2960 931 'Lydi
3024 858 3155 912 ﬁlio.
3217 858 3266 911 Is
3328 859 3618 926 adjuvante

2043 956 2304 1026 Sphengo
2344 954 2514 1009 fratrc'
2545 955 2854 1017 Bladimeri,
2887 955 3007 1024 ejus
3046 952 3138 1022 qui
3175 951 3351 1004 Basilii
3386 951 3620 1018 impera-

2041 1048 2174 1100 toris
2225 1062 2474 1101 sororem
2533 1046 2583 1099 in
2631 1046 2978 1099 matrimonio
3028 1045 3295 1107 habebat,
3344 1044 3618 1113 regionem

2047 1150 2165 1188 eam
2197 1138 2429 1206 subegit,
2467 1136 2716 1205 principe
2746 1137 2864 1206 ejus
2900 1134 3131 1205 Georgio
3164 1136 3325 1189 Szulo
3356 1136 3408 1188 in
3448 1134 3623 1203 primo

2044 1225 2299 1281 conflictu
2352 1240 2528 1296 capto.
2570 1229 2725 1282 Tunc
2758 1229 2921 1281 etiam
2970 1227 3409 1291 Senacherimus,
3456 1242 3618 1294 suile-

2045 1321 2208 1373 rioris
2240 1319 2428 1374 Mediae
2477 1319 2769 1390 princeps,
2806 1337 2967 1390 quam
3020 1319 3181 1374 hodie
3231 1320 3617 1389 Aspracaniam

2044 1412 2363 1477 nominant,
2425 1427 2549 1466 cum
2608 1414 2861 1465 universa
2906 1427 3004 1465 sua
3054 1412 3258 1465 familia
3306 1410 3617 1481 imperatori

2048 1502 2303 1566 accessit,
2348 1502 2545 1555 tradita
2580 1502 2627 1556 ei
2680 1517 2777 1555 sua
2807 1502 3035 1565 ditione,
3072 1505 3215 1570 quod
3250 1503 3442 1556 vicinis
3480 1503 3622 1571 Aga-

2044 1594 2190 1647 renis
2217 1594 2395 1662 ipsum
2429 1595 2810 1663 prementibus
2838 1594 2906 1649 ad
2951 1595 3317 1648 resistendum
3348 1611 3456 1647 non
3489 1595 3621 1648 satis

2046 1686 2272 1739 haberet
2294 1685 2489 1738 virium
2517 1703 2530 1749 ;
2558 1695 2748 1753 estque
2796 1686 2973 1738 factus
3015 1686 3276 1752 patricius
3326 1696 3379 1739 et
3408 1686 3620 1754 Cappa-

2045 1778 2215 1831 docia:
2245 1777 2375 1840 dux,
2412 1761 2722 1846 recepitque
2750 1793 2860 1831 sna:
2888 1776 3109 1830 ditionis
3144 1777 3261 1831 loco
3282 1778 3620 1842 Sebasteam,

2045 1868 2335 1933 Larissam,
2361 1868 2560 1921 Maram
2577 1869 2737 1922 urbes
2770 1868 2981 1935 aliaque
3002 1868 3166 1920 multa
3189 1867 3623 1937 przedia.Aspra-

2046 1959 2215 2013 canize
2248 1967 2429 2012 autem
2464 1960 2759 2027 imperator
2786 1957 3028 2027 praefecit
3049 1958 3306 2013 Basiliam
3334 1961 3620 2029 patricium

360 2025 653 2135 γάριοὺτος
706 2025 822 2115 ὑπὸ.
857 2025 980 2114 τῶν.
1002 2059 1308 2129 προσοίκων
1360 2052 1677 2122 Ἀγαρηνῶν
1719 2052 1815 2103 καὶ
1862 2048 1936 2119 μὴ
1976 2025 2018 2079 Β
2049 2052 2101 2103 Α

1881 2048 1936 2119 ιὴ
1976 2025 2018 2079 Β
2049 2052 2313 2120 Argyrum
2342 2066 2356 2113 ;
2381 2051 2465 2102 cui
2486 2025 2556 2103 ob
2576 2065 2689 2103 rem
2714 2025 2851 2102 male
2880 2058 3082 2119 gestam
3107 2025 3421 2118 abrogatum
3446 2051 3622 2119 impe-

358 2150 475 2218 οἷος
510 2156 585 2207 ὢν
613 2154 858 2222 ἀντέχειν
896 2150 1243 2219 προσέδραμε
1272 2144 1352 2213 τῷ
1385 2142 1614 2213 βασιλεῖ,
1658 2141 1933 2209 παραδοὺς

359 2248 463 2316 τὴν
504 2245 695 2299 ἑαυτοῦ
743 2244 949 2311 χώραν.
992 2232 1101 2300 7Il;
1147 2238 1335 2307 ἄρχειν
1386 2231 1717 2292 ἀποσταλεὶς
1770 2230 1932 2281 Βασίο

358 2344 505 2402 λειος
548 2337 837 2407 πατρίκιος
870 2335 898 2385 ὁ
939 2332 1202 2402 Ἀργυρὸς
1232 2330 1328 2382 καὶ
1368 2330 1482 2386 τοῖς
1524 2325 1667 2383 ὅλοις
1700 2324 1934 2384 πταίσας

2048 2141 2211 2202 rium,
2251 2148 2305 2193 et
2348 2155 2634 2193 successor
2680 2142 2876 2193 missus
2928 2139 3271 2209 Nicephorus
3313 2141 3624 2195 Comnenus

2048 2229 2541 2298 protospatharius,
2584 2230 2676 2297 qui
2715 2229 3053 2297 provinciam
3095 2245 3200 2298 qua
3233 2228 3412 2284 verbis
3436 2244 3541 2299 qua
3574 2231 3624 2284 vi

2052 2333 2183 2372 usus
2212 2319 2528 2388 imperatori
2567 2320 2820 2388 subjecit.

360 2429 830 2501 παραλὺεταιτῆς
859 2426 1063 2494 ἀρχῆς⁰
1121 2423 1216 2474 καὶ
1252 2420 1496 2488 διάδοχος
1529 2414 1695 2470 αὑτοῦ
1758 2416 2040 2485 πέμπεται
2103 2414 2418 2482 Νικηφόρος
2496 2415 2988 2484 πρωτοσπαθάριος
3074 2418 3100 2468 ὁ
3175 2416 3478 2485 Κομνηνδς,
3567 2414 3624 2479 ὃς

359 2524 507 2576 κατᾶ
536 2522 718 2589 χώραν
758 2520 1051 2584 γενόμενος
1082 2512 1261 2565 καὶτὰ
1322 2512 1420 2576 μὲν
1454 2510 1635 2561 πειθοί
1661 2507 1729 2558 τὰ
1760 2508 1815 2559 δὲ
1842 2507 1933 2576 βία
1962 2504 2245 2575 χρώμενος
2278 2505 2518 2573 ὑπήκοον
2556 2506 2632 2574 τῷ
2681 2506 2891 2574 βασιλεί
2923 2508 3023 2575 τὴν
3042 2503 3229 2576 χώραν
3257 2508 3502 2575 ἐποίησε.

436 2612 527 2680 Τῷ
550 2610 605 2661 δὲ
628 2606 945 2676 ,ς-φκδήἔτει,
976 2603 1303 2664 ινδικτιῶνος
1326 2600 1407 2664 ιδ’,
1432 2600 1646 2667 ἀπάρας
1663 2597 1761 2665 τῆς
1786 2596 1937 2665 βασι-

360 2704 505 2764 λίδος
526 2704 553 2752 ὁ
576 2700 823 2769 βασιλεὺς
841 2698 1057 2750 ἄπεισιν
1083 2697 1160 2757 εἰς
1185 2692 1527 2763 Τριαδίτζαν.
1556 2690 1667 2743 Καὶ
1688 2689 1748 2741 τὸ
1766 2688 1938 2758 φρού-

367 2812 481 2863 ριον
525 2792 784 2862 Πέρνικον
812 2786 1174 2855 περικαθίσας
1216 2784 1542 2853 ἐπολιόρκει,
1575 2781 1682 2834 τῶν
1716 2780 1860 2832 ἔνδον
1883 2795 1942 2829 τε

363 2883 654 2957 καρτερῶς
704 2881 800 2933 καὶ
846 2876 1101 2946 ἐκθύμως
1138 2874 1572 2942 ἀγωνιζομένων,
1608 2872 1699 2924 καὶ
1733 2866 1946 2957 πολλῶν

374 2974 667 3044 Ῥωμαίων
699 2971 1023 3023 πιπτόντων.
1074 2966 1185 3035 Ἐφ’
1213 2965 1340 3028 ὅλας
1391 2964 1719 3031 ὀγδοήκοντα
1768 2959 1862 3011 καὶ
1896 2950 1946 3025 η’

366 3065 587 3134 ἡμέρας
616 3060 1067 3130 προσλιπαρήσας
1087 3060 1151 3127 τῇ
1178 3054 1485 3125 πολιορκίᾳ,
1516 3053 1591 3113 ὡς
1645 3049 1785 3117 ἔγνω
1812 3048 1941 3099 ἁδυ-

366 3159 547 3215 νατοις
575 3150 889 3222 ἐπιχειρῶν,
929 3150 1213 3219 ἄπρακτος
1249 3144 1574 3214 ὑπεχώρησε
1607 3141 1700 3193 καὶ
1727 3142 1802 3200 εἰς
1828 3138 1941 3190 Μο-

368 3245 687 3302 ωνοὺπολιν
739 3234 1165 3310 ἀπῆλθεν.Ἑνῇ
1219 3238 1310 3289 τὸν
1365 3235 1492 3287 λαὸν
1543 3228 1937 3292 διαναπαύσας,

365 3340 527 3409 ἔαρος
552 3336 870 3394 ἐπιστάντος
927 3331 1066 3399 ἄρας
1093 3332 1158 3381 ἐκ
1204 3324 1658 3383 Μοσυνουπόλεως
1714 3322 1938 3373 εἴσεισιν

2116 2593 2317 2647 Eodem
2342 2610 2505 2657 anno,
2528 2596 2823 2649 indictione
2857 2596 2944 2663 M,
2964 2597 3257 2665 imperator
3282 2596 3415 2649 urbe
3436 2610 3620 2663 egres-

2045 2701 2138 2739 sus
2158 2686 2209 2737 in
2233 2684 2558 2739 Triaditzam
2577 2687 2738 2757 465
2766 2689 2934 2750 venit,
2954 2698 3008 2741 et
3030 2687 3312 2741 castellum
3340 2686 3623 2741 Pernicum

2048 2775 2335 2827 obsidione
2370 2775 2610 2829 cinctum
2642 2786 2944 2844 Oppugnat.
2988 2777 3111 2831 Dies
3142 2790 3321 2831 autem
3348 2788 3469 2831 octo
3499 2792 3623 2831 cum

2051 2866 2125 2918 ihi
2161 2878 2581 2933 perseverasset,
2612 2869 2966 2936 praesidiariis
3009 2868 3299 2923 fortissime
3328 2869 3626 2923 defenden-

2053 2957 2197 3009 tibus
2236 2958 2527 3025 multisquc
2582 2959 2841 3012 Romanis
2885 2961 3227 3025 cadentibus,
3276 2961 3518 3015 sentiens
3564 2978 3633 3016 se-

2050 3045 2193 3113 quod
2238 3056 2467 3099 conatus
2502 3057 2618 3100 erat
2647 3051 2904 3116 consequi
2940 3064 3046 3101 non
3101 3065 3281 3118 posse,
3323 3066 3380 3104 re
3422 3049 3623 3104 infecta

2049 3133 2281 3189 discedit
2338 3138 2739 3206 Mosynopolin.
2797 3139 2871 3192 lbi
2916 3141 3098 3208 quiete
3158 3140 3375 3195 refectis
3431 3144 3620 3211 cupiis,

2047 3236 2341 3296 appetente
2368 3244 2495 3283 vere
2552 3230 2606 3283 in
2656 3230 2962 3301 Bulgariam
3009 3232 3197 3296 intrat,
3240 3243 3295 3287 et
3342 3234 3623 3288 castellum

2047 3318 2291 3388 Longum
2357 3320 2781 3374 circumsessum
2829 3334 3138 3392 expugnat;
3194 3339 3257 3377 ac
3333 3326 3516 3378 missis
3568 3327 3623 3379 in

363 3402 448 3490 είς
477 3422 838 3491 Βουλγαρίαν,
867 3422 961 3473 καὶ
998 3417 1356 3487 περικαθίσας
1376 3414 1634 3483 φρούριον
1669 3412 1728 3462 τὸ
1782 3410 1941 3476 λεγὸ-
1970 3413 2015 3472 C
2047 3426 2104 3464 ca

1884 3410 1941 3461 ὁ·
1970 3413 2015 3472 C
2047 3413 2373 3479 campestria
2402 3413 2706 3482 Pelagomre
2736 3402 2941 3467 Davido
2975 3415 3217 3468 Arianita
3256 3432 3318 3470 ac
3349 3415 3623 3471 Constan-

371 3532 536 3587 μενον
568 3514 776 3579 Αογγδν
804 3506 915 3563 εἷλε
946 3508 1253 3579 πολιορκίᾳ.
1302 3504 1467 3555 Δαόὶδ
1510 3503 1568 3555 δὲ
1616 3502 1707 3554 τὸν
1759 3500 1939 3569 Ἀρια-

366 3608 524 3673 νιτην
553 3604 649 3655 καὶ
689 3603 1095 3654 Κωνσταντῖνον
1122 3597 1211 3647 τὸν
1239 3594 1494 3663 Διογένην
1524 3593 1604 3653 είς
1642 3590 1737 3653 τὰς
1801 3590 1941 3642 κατὰ

366 3694 700 3759 Πελαγονίαν
725 3691 977 3753 πεδιάδας
1028 3687 1312 3756 ἐκπέμψας
1370 3685 1524 3747 ζώων
1576 3681 1787 3735 πολλῶν
1846 3682 1941 3735 καὶ

368 3785 738 3856 αἰχμαλώτων
770 3782 985 3849 ἐγένετο
1003 3781 1209 3847 κύριος.
1241 3776 1314 3827 Τὸ
1344 3775 1400 3827 δὲ
1440 3773 1643 3841 ληφθὲν
1682 3774 1942 3843 φρούριον

367 3878 664 3949 ἐμπρήσας
696 3876 723 3927 ὁ
750 3872 1022 3943 βασιλεὺς,
1059 3872 1156 3924 καὶ
1182 3872 1341 3940 τριχῆ
1370 3868 1495 3928 τοὺς
1530 3868 1758 3927 ἁλόντας
1791 3882 1945 3937 μερι-

370 3974 629 4040 σάμενος,
656 3965 749 4019 καὶ
769 3966 899 4035 μίαν
931 3965 1027 4033 μὲν
1062 3962 1255 4031 μερίδα
1281 3962 1393 4021 τοῖς
1425 3956 1771 4027 συμμαχοῦσι
1803 3974 1946 4027 παρ-

367 4062 619 4132 εσχηκὼς
681 4057 839 4122 Ῥὼς,
900 4056 1092 4124 ἑτέραν
1142 4053 1197 4105 δὲ
1267 4050 1580 4119 Ῥωμαίοις.
1639 4049 1732 4102 καὶ
1780 4047 1944 4116 ἄλλην

366 4154 551 4223 ἑαυτῷ
581 4148 1040 4221 παρακατασχὼν,
1076 4146 1273 4215 ἐχώρει
1302 4142 1653 4212 προσωτέρω.
1684 4140 1791 4192 Καὶ
1848 4140 1944 4207 μέ-

367 4264 463 4317 ·(ρι
497 4242 806 4312 Καστορίας
846 4239 1015 4291 ἐλθὼν
1044 4238 1260 4303 καὶτῆς
1291 4235 1494 4293 πόλεως
1526 4229 1940 4299 ἀποπειραθεὶς,

368 4342 445 4401 ὡς
479 4335 677 4406 ᾔσθετο
706 4329 1117 4398 ἀνεπιχείρητον
1146 4326 1314 4393 αὐτὴν
1330 4320 1516 4389 οὖσαν,
1566 4321 1908 4391 ὑπέστρεψεν
1928 4336 1941 4349 ·

366 4426 589 4490 ἐδέξατο
621 4423 729 4490 γὰρ
758 4421 850 4472 καὶ
880 4418 1114 4487 γράμμα
1142 4412 1235 4467 τοῦ
1267 4412 1705 4482 στρατηγοῦντος
1753 4412 1812 4463 ὲν
1871 4410 1946 4480 τῷ

366 4512 683 4585 Δοροστόλῳ
714 4508 1047 4574 Τζιτζικίου,
1069 4506 1160 4559 τοῦ
1189 4504 1303 4557 υἱοῦ
1336 4504 1429 4556 τοῦ
1457 4503 1747 4572 πατρικίου
1808 4503 1947 4554 Θευ-

364 4609 505 4674 δατη
565 4604 660 4658 τοῦ
716 4601 956 4670 Ἰὁηρος,
987 4600 1117 4661 ὠςὸ
1168 4596 1435 4665 Κρακρᾶς
1488 4594 1616 4646 λαὸν
1645 4594 1725 4645 ὅτι
1786 4594 1944 4644 πλεῖς

369 4712 499 4749 στον
530 4692 788 4762 ἀθροίσας
821 4692 913 4741 καὶ
946 4688 1022 4757 τῷ
1059 4686 1277 4756 Ἰωάννῃ
1336 4685 1575 4747 ἐνωθεὶς,
1635 4682 1943 4754 προσλαὸό-

2041 3503 2160 3556 tino
2196 3502 2431 3573 Diogene
2468 3506 2697 3559 multum
2724 3508 2941 3575 pecoris
2969 3516 3129 3575 atque
3175 3507 3455 3561 hominum
3498 3509 3625 3563 inde

2041 3594 2229 3662 abigit.
2268 3595 2495 3649 lncenso
2525 3597 2748 3650 castello
2772 3599 3017 3666 captivos
3062 3599 3114 3650 in
3149 3608 3261 3653 tres
3297 3608 3479 3667 partes
3509 3600 3622 3653 dis-

2041 3684 2267 3745 tribuit,
2312 3702 2540 3754 quarum
2590 3704 2751 3741 unam
2794 3688 2981 3742 Rossis
3024 3690 3355 3755 auxiliariis,
3396 3691 3625 3745 alteram

2046 3773 2329 3835 Romanis,
2359 3778 2572 3831 tertiam
2604 3779 2703 3832 sibi
2733 3780 2993 3849 assignat.
3032 3782 3360 3850 Progressus
3401 3781 3527 3834 inde
3557 3783 3624 3834 ad

2046 3866 2351 3921 Castoriam
2401 3884 2593 3937 usque,
2658 3886 2781 3923 cum
2827 3887 2947 3925 eam
2999 3873 3191 3925 urbem
3251 3880 3513 3925 tentasset
3562 3888 3627 3926 ac

2046 3960 2519 4028 inexpugnabilem
2557 3962 2804 4028 sentiret,
2844 3973 2990 4017 retro
3039 3964 3288 4017 abduxit.
3322 3966 3625 4031 Accepcrat

2045 4052 2189 4105 enim
2220 4053 2429 4107 litteras
2464 4070 2492 4106 a
2522 4054 2781 4109 Tzitzicio
2815 4056 3080 4111 Dorostoli
3131 4056 3405 4125 prchccto,
3442 4054 3626 4110 Theu-

2046 4145 2183 4197 datm
2212 4146 2344 4198 lberi
2371 4146 2582 4213 patricii
2622 4147 2750 4212 lilio,
2770 4148 2969 4216 quibus
2999 4147 3345 4201 indicabatur
3367 4146 3624 4201 Cracram

2045 4238 2496 4289 numerosissima
2534 4239 2776 4292 exercitu
2830 4249 3113 4293 contracto
3159 4255 3216 4293 se
3260 4255 3382 4293 cum
3414 4239 3630 4295 Joanne

2050 4325 2415 4392 coniunxisse,
2451 4342 2653 4395 eosque
2702 4327 2923 4381 adscitis
2960 4329 3013 4382 in
3072 4329 3391 4383 societatem
3444 4330 3627 4384 Patzi-

2048 4417 2200 4470 nacis
2224 4416 2276 4469 in
2308 4418 2677 4471 Romanorum
2708 4419 2973 4473 ditionem
3006 4420 3333 4489 irrupturos.
3356 4421 3452 4477 llis
3477 4422 3626 4477 litte—

2048 4508 2121 4561 ris
2164 4510 2515 4577 perturbatus
2552 4510 2695 4565 illico
2724 4512 2995 4566 convertit
3033 4512 3155 4576 iter,
3190 4512 3354 4581 inque
3392 4512 3625 4567 transitu

2047 4598 2352 4668 Bosograda
2380 4602 2663 4655 castellum
2691 4604 2833 4671 capit
2867 4612 3027 4671 atque
3058 4603 3324 4665 incendit,
3350 4602 3624 4658 Berrmam

2049 4688 2254 4753 reiicit;
2288 4692 2601 4760 eversisque
2643 4694 2845 4747 circum
2893 4692 3186 4747 Ostrobum
3237 4701 3289 4747 et
3343 4693 3624 4747 Moliscum

373 4743 619 4855 asserat.
643 4784 734 4836 καὶ
765 4743 1129 4842 ίῙατζινέκας,
1195 4743 1480 4846 μέλλουσιν
1520 4743 1768 4845 εἰσϐολὴν
1803 4774 1942 4828 κατὰ
1979 4743 2019 4797 D
2051 4780 2114 4833 sit

1885 4774 1942 4827 ιὰ
1979 4743 2019 4797 D
2051 4780 2169 4834 sitis
2193 4781 2430 4835 castellis
2482 4782 2761 4847 subsiSIit,
2807 4792 3033 4851 accepto
3079 4784 3271 4837 nuntio
3321 4782 3533 4838 Cracraa
3570 4795 3626 4838 et

380 4875 676 4942 Ῥωμαίων
700 4871 1047 4940 ποιήσασθαι.
1067 4868 1254 4939 Τούτῳ
1282 4867 1361 4938 τῷ
1382 4867 1673 4938 γράμματι
1705 4866 1940 4936 θορυϐη-

371 4969 491 5030 θεὶς
507 4966 734 5036 ἐπανῄει
774 4965 862 5017 διὰ
909 4964 1138 5033 ταχέων.
1178 4961 1266 5014 Ἐν
1292 4961 1370 5031 τῷ
1400 4961 1654 5031 παριέναι
1685 4960 1741 5013 δὲ
1767 4960 1826 5011 τό
1882 4977 1940 5012 τε

372 5058 634 5127 φρούριον
658 5050 767 5108 εἷλε
794 5060 858 5107 τὰ
883 5053 1191 5122 Βοσόγραδα
1222 5052 1315 5104 καὶ
1370 5052 1659 5121 ἐνέπρησε,
1713 5052 1805 5103 καὶ
1848 5050 1943 5122 τὴν

372 5146 968 5218 Βέῤῥοιανὲπικτίσας,
1027 5142 1238 5213 δῃώσας
1279 5139 1334 5193 δὲ
1392 5141 1486 5192 καὶ
1533 5141 1943 5210 κατερειπώσας

372 5238 440 5291 τὰ
463 5238 627 5307 πέριξ
654 5235 947 5304 Ὀστροόοὖ
973 5235 1069 5287 καὶ
1131 5233 1427 5298 Μολισκοῦ,
1482 5231 1611 5301 ἔστη
1665 5232 1761 5285 τοῦ
1814 5249 1943 5303 προ-

374 5332 601 5399 σωτέρω
628 5329 795 5381 ἰέναι·
835 5327 1121 5397 ἀπηγγέλη
1168 5327 1277 5394 γὰρ
1310 5323 1455 5395 αὑτῷ
1489 5325 1561 5387 ὡς
1618 5327 1650 5395 ἡ
1714 5326 1946 5395 μελετω-

377 5422 517 5492 μένη
554 5420 906 5489 τῷ.Κρακρᾷ
932 5417 1026 5471 καὶ
1083 5416 1160 5486 τῷ
1205 5415 1423 5485 Ἰωάννῃ
1458 5414 1595 5467 κατά
1656 5415 1940 5485 Ῥωμαίων

2050 4868 2274 4923 Joannis
2312 4871 2748 4940 impressionem,
2799 4871 2963 4943 466
3010 4889 3169 4942 quam
3218 4872 3388 4925 moliti
3443 4882 3622 4938 erant,

2054 4960 2373 5029 impeditam
2410 4979 2553 5027 esse,
2604 4964 2905 5019 Patzinacis
2938 4980 3031 5019 eos
3079 4964 3280 5019 auxilio
3328 4964 3619 5021 frustratis.

2052 5054 2114 5105 In
2144 5054 2324 5107 reditu
2364 5055 2644 5109 castellum
2676 5065 2948 5125 expugnat
2991 5055 3282 5119 Setaenam,
3317 5057 3404 5109 ubi
3442 5071 3620 5111 arcem

2055 5142 2344 5201 Samuelus
2372 5146 2605 5202 habebat
2636 5163 2699 5201 ac
2734 5148 3027 5217 plurimum
3071 5148 3329 5202 frumenti
3365 5162 3624 5218 reposue-

2049 5248 2133 5293 rat
2188 5254 2201 5290 :
2254 5240 2588 5295 frumentum
2642 5240 2845 5295 milites
2891 5241 3130 5310 diripere
3186 5239 3375 5309 iubet,
3426 5251 3619 5295 caetera

2050 5331 2232 5383 omnia
2274 5338 2503 5387 cremat.
2540 5330 2852 5386 Secundum
2883 5332 2998 5386 haec
3034 5332 3297 5386 adversus
3351 5330 3618 5385 Joannem

2039 5434 2149 5473 non
2174 5421 2363 5489 procul
2388 5437 2416 5473 a
2440 5435 2497 5473 se
2524 5421 2772 5476 dissitum
2795 5422 2993 5478 emittit
3021 5422 3279 5477 cohortes
3308 5421 3617 5476 scholarum

1519 5552 1874 5609 XYLANDRI
1910 5556 1997 5613 ET
2026 5558 2241 5614 GOARI
2262 5559 2495 5617 ΝΟΤιιΕ.

449 5653 561 5718 (GU
598 5651 799 5707 Versus
829 5651 1029 5707 Alanos
1052 5663 1104 5707 et
1127 5648 1334 5704 Tanain
1363 5649 1542 5702 sitam.
1575 5648 1742 5703 Com.

448 5724 565 5792 (62)
598 5723 970 5791 νοιοάδελφοῦ
1020 5724 1153 5776 mire
1193 5720 1450 5792 obscurat
1490 5719 1689 5792 locum.
1728 5719 1837 5791 Ego
1879 5723 1944 5777 ad

378 5788 667 5848 historiam
720 5788 1014 5862 respiciens
1060 5792 1233 5846 lucem
1281 5788 1526 5844 adhibui.
1575 5788 1837 5859 Loqu‘itur
1879 5794 1946 5847 de

2052 5655 2354 5710 Bladimero
2389 5658 2611 5712 Itossico
2639 5659 2903 5729 principe.
2924 5657 3037 5727 qui,
3069 5668 3127 5712 ut
3152 5655 3429 5711 Cedren-us
3455 5667 3617 5778 supra

2053 5728 2313 5778 ostendit.
2352 5726 2531 5778 Basilii
2580 5728 2925 5778 imperatoris
2982 5742 3221 5778 sororem
3270 5738 3492 5778 uxorem
3564 5740 3617 5777 a-

2053 5728 2313 5849 pstcml‘it,
2352 5726 2531 5783 Basilii
2580 5726 2955 5799 iniperatbris’
2982 5742 3221 5784 sororem
3270 5738 3492 5780 uxorem
3526 5726 3619 5778 ha-

2074 5806 2187 5849 )ιιιι.
2222 5838 2235 5847 .
2272 5813 2350 5849 \‘L.
