4410 6442
734 385 837 447 20.}

735 600 1036 654 omnesque
1064 583 1325 654 Bulgaria:
1350 599 1604 654 proceres
1629 583 1941 651 imperatori
1968 583 2299 635 deditionem

738 677 1011 740 I'ecissent,
1045 675 1194 727 solus
1222 676 1310 728 hic
1341 676 1550 728 lbatzes
1574 672 1809 743 fugiens,
1831 684 2092 743 occupato
2119 684 2302 726 monte

738 782 985 820 accessus
1015 767 1250 820 habente
1282 766 1647 829 diﬂicillimos,
1680 780 1858 820 arcem
1880 775 2064 818 autem
2101 765 2301 834 regiam

738 856 1137 926 perelegantem
1189 857 1481 924 hortosque
1521 865 1576 908 et
1607 856 1712 908 alia
1743 856 2136 910 oblectamenta
2165 873 2303 925 prte-

738 949 880 1002 rlara
920 947 1268 1014 (Brochotum
1300 947 1541 1016 quidam,
1593 947 1683 1001 alii
1730 949 2016 1002 Pronistan
2060 948 2300 1013 vocant),

738 1041 884 1092 sztlns
917 1040 1008 1092 Dei
1040 1039 1301 1092 voluntati
1335 1055 1456 1094 sese
1487 1042 1816 1110 opponebat,
1853 1041 2145 1109 copiasque
2175 1023 2308 1106 pau-

740 1130 884 1182 latim
920 1129 1180 1198 colligens
1229 1129 1584 1184 rebellionem
1641 1131 1982 1194 moliebatur,
2017 1131 2305 1199 imperium

741 1219 1078 1288 Bulgaricum
1131 1221 1430 1276 somnians.
1491 1222 1638 1275 llattd
1693 1222 1940 1290 exiguam
1985 1222 2037 1276 id
2107 1221 2306 1276 factum

739 1307 1050 1376 imperatori
1084 1307 1267 1362 attulit
1324 1309 1622 1362 molestiam
1665 1327 1680 1366 :
1732 1311 1963 1380 ideoque
2015 1325 2162 1365 reeto
2223 1313 2310 1364 iti-

739 1412 867 1449 nere
925 1397 1128 1452 omisso
1178 1396 1243 1450 ad
1276 1396 1558 1452 meridiem
1611 1398 1923 1459 declinavit,
1958 1398 2310 1467 Diabolinque

739 1508 797 1544 se
829 1491 1078 1552 contulit,
1131 1501 1190 1543 ut
1236 1498 1327 1544 aut
1368 1491 1633 1546 desistere
1669 1493 1738 1546 ab
1779 1493 1944 1546 armis
1997 1491 2308 1545 seditiosum

743 1585 902 1633 istum
936 1590 1155 1649 cogeret
1177 1589 1270 1634 aut
1301 1581 1444 1636 bello
1476 1583 1830 1652 opprimeret.
1862 1583 1937 1636 lbi
1963 1597 2090 1652 ergo
2113 1583 2313 1652 degens

742 1671 1050 1738 ahquandiu
1105 1671 1324 1725 lbatzcn
1385 1688 1484 1742 per
1543 1673 1753 1726 litteras
1810 1672 2058 1728 hortatus
2113 1684 2195 1728 est
2246 1688 2314 1727 ne

746 1763 988 1831 Bulgaria
1021 1763 1244 1816 subacta
1274 1765 1421 1818 solus
1445 1763 1560 1832 ipse
1583 1764 1843 1820 rebellare
1875 1765 2057 1826 vellet,
2083 1780 2217 1819 neve
2251 1781 2312 1818 ea

744 1856 845 1906 sihi
883 1855 1125 1922 polliceri
1158 1872 1293 1910 vana
1321 1871 1417 1927 spe
1439 1873 1559 1926 qum
1589 1859 1814 1927 adipisci
1850 1858 2098 1927 nequiret
2125 1875 2137 1910 :
2170 1859 2315 1929 cogi-

747 1959 884 2001 taret
941 1949 1086 2002 hunc
1141 1949 1243 2002 sibi
1283 1958 1540 2002 conatum
1591 1950 1730 2002 male
1758 1964 2061 2002 cessurum.
2094 1947 2173 2002 Ad
2223 1964 2315 2002 eas

749 2044 954 2095 litteras
1009 2041 1220 2095 lhatzes
1284 2040 1356 2094 ita
1418 2040 1694 2110 rescripsit
1752 2049 1812 2093 ut
1873 2041 2050 2094 omnis
2103 2042 2315 2110 generis

750 2149 878 2188 usus
943 2133 1295 2201 praetextibus
1346 2147 1459 2186 rem
1519 2133 1869 2195 extraheret,
1921 2133 2316 2200 imperatorque

747 2230 814 2280 :ih
848 2243 912 2280 eo
962 2227 1190 2279 laetatus
1236 2224 1628 2293 quinquginta
1677 2223 1918 2292 quinque
1974 2223 2090 2277 dies
2129 2234 2315 2277 contra

746 2315 903 2384 47],
929 2313 1092 2367 animi
1125 2313 1450 2366 sententiam
1493 2311 1696 2365 Diaboli
1729 2311 1980 2365 haereret.
2021 2313 2087 2364 At
2119 2313 2309 2365 ;\C|ll‘l-

751 2407 832 2456 dis
859 2403 1147 2472 ιιι-τείρριιιε
1177 2400 1578 2470 Daphnomelus
1609 2400 1810 2453 certior
1841 2400 2014 2454 factus
2038 2401 2322 2469 imperato.

753 2511 865 2548 rem
901 2496 967 2548 de
997 2492 1356 2562 opprimendo
1388 2491 1565 2545 lbatza
1596 2504 1714 2543 esse
1742 2491 2050 2552 sollicitum,
2077 2491 2322 2545 instituto

756 2602 850 2639 ~th
907 2599 1029 2639 cmn
1067 2583 1278 2638 duobus
1327 2597 1556 2652 quorum
1620 2582 1666 2635 ei
1707 2591 1986 2650 perspecta
2035 2589 2152 2633 erat
2192 2582 2323 2636 fides

757 2678 971 2730 tumulis
1000 2675 1424 2737 communicato,
1455 2674 1914 2743 opportunitatem
1944 2684 2170 2727 venatus
2209 2689 2322 2727 rem

759 2773 828 2823 ita
861 2770 1187 2839 aggreditur.
1215 2765 1471 2819 Solemne
1498 2764 1692 2818 festum
1731 2765 2128 2833 Assumptionis
2151 2764 2327 2818 Maria:

760 2863 966 2915 thatzes
1005 2859 1220 2929 publice
1260 2855 1590 2912 celebrabat.
1623 2854 2061 2924 vocabanturque
2089 2856 2156 2909 ad
2192 2870 2324 2910 con-

757 2955 959 3008 vivium
997 2955 1066 3007 de
1095 2967 1245 3006 more
1273 2967 1382 3005 non
1420 2950 1583 3004 vieini
1611 2949 1792 3013 modo,
1837 2948 1929 3002 sed
1957 2957 2009 3003 ct
2035 2949 2324 3017 peregrini.

764 3049 837 3101 Ad
871 3062 988 3101 eam
1035 3045 1378 3100 festivitatem
1432 3040 1744 3096 Eustathius
1771 3041 1906 3094 ultro
1943 3039 2325 3109 proﬁciscitur.

2007 381 2324 438 ιιιζυιιυιι
2358 378 2688 437 (LiiilllENl

807 497 1018 549 illorum
1047 495 1432 555 Blaiiisthlaho,
1463 509 1586 547 cum
1625 510 1757 547 uxor
1785 494 1852 544 ab
1881 507 1940 546 ea
1977 493 2182 553 t‘eiiela,
2215 491 2304 543 lilii
2337 495 2382 550 Α

3873 387 3976 451 εὶοὶ

2481 491 2633 542 Μετὰ
2670 488 2775 559 γάρ
2801 489 2891 541 τὸν
2921 491 3013 543 τοῦ
3048 489 3443 547 Βλαδισθλάϐου
3472 494 3564 547 τοῦ
3589 498 3680 549 κα¹ι
3734 497 3978 551 Ἰωάννου

2405 583 2632 634 θάνατον
2663 581 2868 649 καὶτῆς
2889 584 3141 649 γυναικὸς
3168 585 3332 638 αὐτοῦ
3355 586 3573 656 Μαρίας
3600 589 3694 640 καὶ
3718 590 3826 643 τῶν
3853 607 3977 642 ταυ-

2402 691 2500 742 της
2535 675 2739 726 παίδων
2772 673 3161 746 προσχωρησιν
3194 677 3288 729 καὶ
3304 677 3403 746 τὴν
3429 679 3536 732 τῶν
3591 679 3766 732 ἄλλων
3820 683 3970 735 δυνα-

2406 765 2542 816 στῶν
2576 766 2794 832 ἁπάσης
2821 765 3151 835 Βουλγαρίας
3175 768 3422 836 ὑπακοὴν
3447 771 3474 820 ὁ
3532 770 3778 839 Ἰϐάτζης
3829 768 3981 834 οὗτος

2407 855 2591 923 φυγὼν
2622 857 2716 908 καὶ
2751 856 2808 909 έν
2841 873 2944 909 τινι
2993 857 3244 924 δυσϐάτῳ
3296 859 3598 927 γενόμενος
3657 862 3770 931 δρει
3827 863 3982 932 (Βρο-

2419 947 2588 1014 χωτος
2639 947 2830 1014 κλῆσις
2857 945 3024 1015 αὐτῷ)
3057 945 3305 1015 βασίλειά
3355 966 3413 1002 τε
3447 948 3624 1018 ἔχοντι
3689 951 3981 1021 περικαλλῆ

2417 1035 2742 1106 (ιιρονίσταν
2798 1037 2972 1091 ταῦτα
3013 1038 3261 1110 καλοῦσι)
3311 1041 3403 1093 καὶ
3451 1041 3815 1110 παραδείσους
3852 1041 3975 1113 ,καὶ

2425 1126 2751 1188 ἀπολαύσεις
2784 1129 2883 1182 οὐκ
2926 1131 3213 1199 ἀπρεπεῖς,
3284 1132 3499 1197 ὑπεῖξαι
3550 1135 3659 1195 τοῖς
3687 1132 3986 1202 θελήμασιν

2409 1219 2506 1271 οὐκ
2535 1217 2782 1270 ἐϐούλετο
2821 1219 2912 1271 τοῦ
2961 1221 3118 1286 Θεοῦ,
3161 1220 3298 1274 ἀλλὰ
3360 1223 3590 1292 δύναμιν
3622 1224 3683 1275 ἐκ
3711 1223 3804 1275 τοῦ
3845 1226 3983 1274 κατὰ

2417 1309 2613 1378 μικρὸν
2682 1308 3013 1379 συνεγείρων
3107 1311 3400 1364 ἁνεστάτου
3467 1314 3535 1366 τὰ
3605 1314 3981 1383 παρακείμενα

2413 1401 2504 1452 καὶ
2535 1399 2869 1452 ἀποστασίαν
2899 1400 3129 1468 ἐμελέτα
3172 1404 3264 1455 καὶ
3291 1404 3386 1472 τὴν
3413 1403 3785 1473 Βουλγαρικὴν
3827 1404 3980 1455 ὠνει-

2416 1489 2630 1559 ροπόλει
2683 1491 2876 1559 ἀρχήν.
2932 1490 3103 1544 Τοῦτο
3149 1495 3210 1545 οὐ
3265 1494 3476 1562 μικρῶς
3545 1490 3732 1546 ἐλύπει
3771 1495 3858 1545 τὸν
3891 1494 3987 1562 βα-

2417 1578 2586 1643 σιλέα,
2622 1583 2714 1634 καὶ
2743 1581 2829 1633 διὰ
2861 1581 3015 1634 τοῦτο
3043 1580 3136 1634 τοῦ
3185 1585 3304 1636 κατ’
3334 1585 3549 1637 εὐθεῖαν
3590 1584 3859 1652 ἀφέμενος
3892 1602 3988 1636 πο-

2417 1667 2670 1738 ρεύεσθαι
2726 1669 2984 1724 ἀπέκλινε
3031 1672 3164 1741 πρὸς
3235 1674 3620 1744 μεσημϐρίαν,
3694 1675 3784 1726 καὶ
3847 1675 3987 1724 κατὰ

2417 1759 2514 1829 τὴν
2573 1761 2873 1829 εἰρημένην
2939 1764 3154 1830 ἐγένετο
3204 1764 3474 1825 Διάϐολιν,
3521 1766 3596 1827 ὡς
3659 1767 3690 1834 ἦ
3753 1783 3987 1817 κατανα-

2419 1852 2639 1917 γκάσων
2667 1855 2882 1916 πάντως
2903 1855 2995 1906 τὸν
3021 1855 3334 1924 ἀποστάτην
3382 1859 3698 1910 καταθεῖναι
3725 1859 3793 1909 τὰ.
3844 1859 3983 1910 ὅπλα

2416 1944 2448 2012 ἢ
2481 1943 2699 2012 πολέμῳ
2736 1944 2920 1997 τοῦτον
2951 1948 3444 2015 κατεργασόμενος.
3486 1949 3590 2000 Καὶ
3613 1952 3640 2001 ὁ
3684 1950 3782 2018 μέν
3837 1950 3989 2017 βασι-

2417 2035 2541 2096 λεὺς
2588 2038 2645 2087 ἐν
2681 2037 2759 2105 τῷ
2814 2036 3034 2106 ῥηθέντι
3078 2039 3226 2104 τόπῳ
3286 2040 3602 2108 φιλοχωρῶν
3666 2043 3988 2110 γράμμασιν

2419 2125 2690 2178 ἐνουθέτει
2730 2126 2821 2179 τὸν
2863 2127 3128 2197 Ἰϐἀτζην,
3160 2130 3232 2198 μὴ
3261 2133 3358 2198 τῆς
3422 2131 3754 2200 Βουλγαρίας
3806 2135 3986 2199 πάσης

2420 2219 2784 2286 ύποταγείσης
2815 2219 2973 2286 μόνον
2989 2221 3258 2290 ἀνταίρειν
3289 2224 3656 2291 χεῖραςαύτον
3681 2224 3814 2291 μηδέ
3862 2240 3990 2289 φαν-

2419 2309 2676 2372 τάζεσθαι
2709 2311 2775 2362 τά
2817 2310 3104 2368 ἀτέλεστα.
3135 2311 3472 2377 γινώσκοντα
3509 2312 3582 2374 ὡς
3625 2315 3724 2366 οὐκ
3754 2316 3832 2376 εἰς
3868 2315 3990 2381 ὄνη-

2423 2421 2506 2455 σιν
2537 2402 2683 2470 αὐτῷ
2712 2403 2773 2454 τὸ
2793 2404 3096 2474 ἐγχείρημα
3143 2405 3474 2473 τελευτήσει.
3517 2405 3575 2458 'O
3604 2406 3659 2459 δέ
3699 2407 3767 2459 τά
3816 2410 3993 2475 γράμ-

2428 2513 2570 2562 ματα
2595 2495 2878 2563 δεχόμενος
2929 2497 3023 2547 καὶ
3063 2497 3270 2564 ἑτέροις
3303 2497 3682 2566 ἀμειϐόμενος,
3722 2499 3816 2549 καὶ
3858 2516 3994 2548 παν-

2426 2584 2571 2646 τοίας
2620 2583 2894 2654 προτιθεὶς
2950 2584 3223 2654 ἀφορμάς,
3273 2589 3536 2655 παρεῖλκε
3581 2591 3675 2641 καὶ
3720 2587 3991 2649 ἀνεδύετο,

2423 2676 2497 2738 ὡς
2527 2678 2936 2745 ἀναγκασθῆναι
2962 2679 3054 2730 τὸν
3087 2679 3307 2748 βασιλέα
3330 2681 3423 2732 ἐπὶ
3448 2681 3606 2731 πέντε
3654 2682 3747 2732 καὶ
3799 2683 3996 2748 πεντή-

2428 2787 2590 2823 κοντα
2644 2770 2853 2838 ἡμέρας
2901 2771 3238 2840 ἐνδιατρῖψαι
3278 2773 3353 2841 τῷ
3381 2773 3550 2841 τόπῳ,
3609 2775 3729 2834 ταῖς
3761 2773 3991 2840 ὑποσχέ-

2432 2878 2547 2914 σεσι
2579 2862 2983 2928 δελεαζόμενον.
3014 2860 3289 2928 Ἐγνώσθη
3319 2863 3386 2915 τὰ
3429 2861 3522 2914 τοῦ
3550 2863 3871 2932 πράγματος
3919 2865 3996 2929 τῷ

2429 2952 2528 3019 τῆς
2559 2952 2801 3020 ’Λχρίδος
2836 2953 3056 3020 ἄρχοντι
3104 2951 3385 3018 Εύσταθίῳ
3411 2952 3488 3019 τῷ
3532 2953 3878 3022 Δαφνομήλῃ,
3911 2954 3992 3004 ὅτι

2439 3040 2588 3108 μέλει
2613 3041 2689 3104 τῷ
2721 3040 2974 3109 βασιλεῖἠ
2999 3037 3090 3091 τοῦ
3125 3040 3332 3109 Ἰϐάτζη
3361 3040 3699 3110 καθαίρεσις.
3728 3044 3835 3094 Καὶ
3861 3043 3996 3109 δῆτα

758 3141 1003 3208 Cumque
1053 3137 1333 3191 incidisset
1383 3135 1434 3187 in
1492 3135 1744 3188 custodes
1789 3133 2019 3193 viarum.
2077 3134 2396 3208 nuntiarec
2436 3143 2499 3178 κα

2256 3146 2396 3208 περ
2436 3126 2626 3192 καιρὸν
2673 3125 2980 3193 ἐπιτήδειον
3040 3124 3314 3195 εὑρηκὼς,
3377 3127 3471 3180 καὶ
3529 3128 3645 3180 δυσὶ
3702 3128 3997 3198 θεράπουσι

761 3233 954 3286 Hiatzze
984 3232 1137 3299 jubet
1189 3227 1509 3282 nominatim
1544 3242 1600 3280 se
1647 3227 1834 3278 aliCShc
1871 3236 1924 3279 et
1960 3242 2160 3294 cupere
2198 3241 2321 3279 cum

764 3327 880 3394 ipso
908 3323 1146 3376 animum
1170 3319 1494 3381 exhilarare.
1518 3316 1740 3370 Miratus
1769 3326 1851 3370 est
1875 3315 2084 3370 lbatzes
2107 3317 2323 3368 hostem

763 3433 860 3470 sua
895 3424 1085 3484 sponte
1113 3413 1299 3466 venire
1327 3425 1389 3464 ac
1423 3424 1480 3462 se
1516 3409 1753 3461 hostium
1785 3407 2037 3460 manibus
2083 3406 2325 3468 credere,

765 3507 950 3561 venire
996 3514 1172 3559 tamen
1219 3500 1402 3571 jussit,
1451 3499 1855 3566 admissumque
1906 3497 2058 3550 hctus
2117 3497 2328 3564 excepit

766 3610 924 3667 atque
950 3595 1228 3663 amplexus
1253 3601 1355 3646 est.
1385 3590 1564 3644 Finito
1595 3589 1796 3658 hymno
1827 3585 2114 3645 matutino.
2149 3585 2328 3638 omni-

768 3696 977 3759 busque
1004 3687 1120 3740 aliis
1149 3687 1198 3738 in
1225 3700 1319 3737 sua
1350 3682 1572 3750 dilapsis
1610 3680 1930 3741 diversoria,
1978 3678 2192 3730 lbatzen
2223 3677 2332 3730 Eu-

770 3781 1002 3836 stathius
1035 3775 1267 3841 accedit,
1294 3784 1348 3829 et
1371 3773 1513 3843 quod
1541 3773 1767 3825 haberet
1795 3786 1914 3839 qua:
1942 3770 2166 3824 seorsim
2209 3784 2332 3822 cum

769 3881 885 3947 ipso
919 3875 1320 3943 colloqueretur
1345 3869 1589 3939 apprime
1621 3867 1921 3922 necessaria
1949 3883 2013 3921 ac
2035 3867 2134 3936 ipsi
2161 3865 2330 3931 utilia,

771 3971 907 4040 petit
967 3977 1026 4020 ut
1077 3962 1275 4032 reliqui
1329 3961 1542 4014 interim
1594 3959 1870 4014 secedant.
1906 3957 2111 4012 lhatzes
2149 3958 2333 4012 dolum

772 4077 875 4114 non
912 4058 1172 4118 sentiens,
1215 4053 1425 4120 sibique
1478 4052 1702 4104 omnino
1754 4049 2089 4119 persuadens
2139 4049 2305 4102 Eusta

774 4153 944 4205 thium
972 4164 1095 4202 cum
1140 4149 1259 4216 ipso
1285 4145 1421 4200 velle
1472 4144 1782 4197 societatem
1823 4142 2134 4197 rebellionis
2169 4142 2334 4202 coire,

773 4243 995 4299 dimotis
1027 4238 1417 4309 aliquantisper
1448 4237 1662 4290 famulis
1690 4252 1851 4290 manu
1878 4250 2003 4290 eum
2028 4235 2334 4303 apprehen-

775 4353 893 4391 sum
924 4336 975 4388 in
1009 4331 1308 4403 pomarium
1339 4329 1608 4398 quoddam
1667 4329 1886 4382 abducit
1911 4342 2137 4397 opacum
2178 4327 2340 4380 arbo-

779 4429 1037 4494 ribusque
1063 4424 1136 4475 ita
1169 4421 1339 4476 dense
1362 4420 1633 4474 consitum
1665 4426 1722 4471 ut
1745 4433 1815 4472 nc
1839 4432 1940 4470 vox
1967 4417 2184 4486 quidem
2214 4415 2341 4469 inde

2428 3217 2535 3267 τῶν
2586 3215 2996 3267 πιστικωτάτων
3069 3214 3589 3284 κοινολογησάμενος
3619 3220 3710 3270 καὶ
3754 3219 3814 3268 τὸ
3874 3217 3998 3284 βού-

2427 3304 2604 3373 λευμα
2633 3304 2975 3372 φανερώσας,
3035 3305 3275 3373 ἐγχειρεῖ
3317 3308 3383 3372 τῇ
3435 3305 3648 3374 πράξει.
3691 3307 3999 3375 Δημοτελὴς

2429 3396 2592 3464 ἦγετο
2618 3395 2777 3464 έορτὴ
2828 3393 2901 3462 τῷ
2936 3394 3168 3464 Ἰϐάτζῃ,
3220 3396 3252 3463 ἠ
3303 3395 3560 3464 κοίμησις
3592 3396 3690 3464 τῆς
3739 3396 4000 3462 παναγίου

2433 3485 2524 3535 καὶ
2549 3484 2912 3552 Θεομήτορος.
2973 3483 3129 3534 Κατὰ
3163 3483 3368 3550 ταύτην
3425 3485 3528 3552 τὴν
3573 3484 3785 3550 ἡμέραν
3823 3481 4002 3533 εἰώθει

2433 3573 2720 3640 συγκαλεῖν
2753 3574 2830 3634 εἰς
2862 3571 3092 3640 εὐωχίαν
3132 3571 3192 3622 οὐ
3219 3572 3344 3634 τοὺς
3401 3572 3784 3640 ἁγρογείτονας
3843 3571 4004 3640 μόνον

2435 3673 2525 3717 καὶ
2577 3663 2995 3733 ἀγχιτέρμονας,
3066 3662 3200 3714 ἀλλὰ
3266 3663 3492 3714 καὶτῶν
3537 3662 3613 3722 ὼς
3671 3663 4006 3731 πορρωτάτω

2438 3757 2680 3819 πολλούς.
2702 3757 2920 3808 Ἀπεισι
2937 3756 3065 3824 γοῦν
3085 3758 3112 3807 ό
3135 3754 3427 3816 Εὑστάθιος
3447 3754 3773 3820 αὐτόκλητος
3793 3756 3871 3814 εἰς
3898 3753 3999 3822 τὴν

2436 3849 2648 3919 ἑορτὴν,
2693 3848 2784 3900 καὶ
2818 3849 2926 3907 τοῖς
2958 3845 3314 3913 φυλάττουσιν
3354 3844 3592 3914 ἐντυχὼν
3645 3845 3740 3908 τάς
3791 3845 3994 3906 διόδους

2436 3940 2794 4006 ἀπαγγέλλειν
2827 3937 3076 3991 ἐκέλευεν
3101 3938 3246 3997 ὅστις
3272 3939 3380 4007 εἴη,
3408 3937 3503 3988 καὶ
3537 3937 3619 3988 ὅτι
3654 3936 3879 4004 πάρεστι
3919 3936 3996 4002 τῷ

2437 4035 2652 4103 ἄρχοντι
2716 4030 3337 4100 συνευερρανθησόμενος.
3423 4027 3892 4094 ’Δπαγγειλάντων
3943 4027 3998 4078 δὲ

2437 4127 2658 4185 τούτων,
2721 4125 2778 4174 ἐν
2829 4123 3066 4190 θαύματι
3104 4125 3130 4174 ὁ
3189 4120 3436 4190 Ἰϐάτζης
3466 4121 3631 4172 ἐτίθει
3675 4120 3724 4172 εἰ
3802 4120 4001 4188 δυσμε-

2442 4218 2537 4285 νὴς
2560 4216 2839 4285 ἄνθρωπος
2868 4212 3188 4282 αὐθαίρετος
3221 4213 3344 4280 ἥκει
3395 4211 3490 4262 καὶ
3554 4213 3740 4279 χερσὶν
3787 4210 4006 4261 ἐκδίδω-

2445 4326 2526 4360 σιν
2563 4308 2750 4358 ἑαυτὸν
2787 4305 3091 4375 πολεμίαις.
3121 4304 3307 4372 Ὅμως
3333 4303 3620 4370 ἀφικέσθαι
3651 4302 3880 4363 κελεύει,
3915 4301 4006 4352 καὶ

2446 4398 2664 4451 ἐλθόντα
2685 4397 2897 4460 ἐδέξατὸ
2929 4414 2988 4450 τε
3018 4397 3327 4466 περιχαρῶς
3379 4395 3472 4447 καὶ
3519 4394 3817 4460 ἠσπάσατο.
3850 4393 4004 4460 Ἀρτι

774 4476 1209 4591 ἐξέλξέῆυάὴί
1272 4518 1471 4580 posset.
1528 4509 1602 4563 lbi
1647 4511 1820 4563 solum
1869 4476 2101 4562 lbatentn
2151 4515 2342 4560 nactus
2376 4476 2416 4530 υ
2447 4490 2503 4542 δὲ

2266 4517 2342 4560 ms
2376 4476 2416 4530 D
2447 4490 2503 4542 δὲ
2540 4487 2880 4549 τελεσθέντος
2908 4486 2998 4538 τοῦ
3027 4484 3246 4538 ἑωθινοῦ
3277 4484 3466 4553 ὕμνου,
3497 4484 3589 4534 καὶ
3647 4483 3860 4533 πάντων
3904 4481 4007 4532 τῶν

2601 4581 2614 4591 .
2754 4579 2764 4591 .
2933 4581 2942 4590 .
3044 4577 3055 4591 .
3137 4577 3202 4591 ..η
3423 4575 3445 4591 .
3521 4573 3575 4591 nr
3762 4590 3788 4591 η
3839 4589 3934 4591 ___

787 4596 1126 4665 Eustathiu’s,
1180 4602 1344 4656 homo
1369 4615 1529 4654 manu
1556 4606 1858 4667 promptus,
1890 4597 1942 4648 in
1971 4608 2170 4650 terram
2199 4596 2341 4648 illico

779 4697 1091 4768 prosternit.
1125 4679 1372 4760 gentique
1401 4691 1603 4759 pectori
1632 4689 1752 4755 ejus
1793 4687 2005 4739 innixus
2033 4701 2218 4738 vocem
2255 4685 2340 4752 ja-

784 4793 956 4846 centis
991 4785 1326 4846 intercludit,
1359 4785 1603 4851 duosque
1633 4796 1760 4834 suos
1804 4780 2032 4831 famulos
2060 4777 2344 4831 Celerrime

786 4881 1075 4937 subvenire
1109 4879 1282 4947 jubet,
1314 4876 1430 4946 qui,
1463 4885 1521 4928 ut
1575 4885 1689 4926 erat
1715 4872 2097 4938 compositum.
2143 4881 2258 4922 stati
2289 4884 2347 4921 es

785 4983 840 5028 et
869 4973 1086 5027 eventui
1120 4967 1332 5030 intenti,
1382 4965 1702 5029 simulatque
1757 4963 1860 5013 dou
1887 4962 1956 5011 int
1989 4974 2083 5010 vox
2126 4959 2348 5010 auribus

789 5077 1028 5131 ipsorum
1055 5059 1214 5111 allata
1238 5067 1335 5117 est,
1366 5062 1678 5111 accurrunt,
1720 5051 1906 5102 lb;.tz.e
1950 5064 2010 5100 os
2036 5059 2177 5101 veste
2215 5049 2344 5114 inje-

787 5161 874 5207 ctu
906 5151 1180 5210 obturant,
1212 5161 1280 5199 ne
1319 5145 1385 5198 ad
1417 5145 1533 5212 ejus
1565 5143 1853 5195 clamorem
1881 5139 2186 5192 conﬂuente
2211 5136 2349 5188 mul-

791 5241 1024 5297 titudine
1046 5248 1271 5294 conatus
1307 5236 1461 5290 ﬁeret
1500 5234 1716 5297 irritus,
1753 5240 1805 5284 et
1843 5230 2028 5283 oculos
2068 5229 2118 5282 ei
2147 5228 2354 5282 exscul-

793 5344 929 5405 pum
958 5351 972 5386 :
1003 5340 1259 5384 necatum
1306 5329 1359 5381 in
1394 5326 1570 5380 aulam
1623 5323 1913 5391 projiciunt
1942 5330 2089 5372 extra
2140 5318 2352 5387 paradi-

793 5439 936 5485 sum.
971 5423 1072 5493 ipsi
1104 5423 1156 5475 in
1209 5421 1436 5474 sublime
1486 5418 1677 5470 domus
1725 5413 2064 5468 cmnaculum
2097 5414 2352 5470 evadunt,

796 5517 1109 5584 strictisque
1164 5511 1353 5583 gladiis
1417 5517 1733 5578 exspectant
1780 5506 2016 5559 hostium
2074 5503 2352 5569 impetum.

794 5607 1024 5678 Cognito
1071 5604 1310 5660 facinore
1369 5604 1556 5671 ingens
1595 5598 1852 5652 conﬂuxit
1907 5594 2211 5648 multitudo.
2252 5592 2355 5644 Alii

795 5701 1016 5753 strictos
1039 5695 1294 5750 manibus
1319 5695 1520 5764 gladios
1551 5701 1818 5750 tenentes.
1847 5690 1933 5742 alii
1969 5689 2172 5748 hastas,
2201 5699 2360 5738 arcus

797 5789 911 5856 alii,
944 5787 1191 5842 nonnulli
1241 5786 1464 5856 lapides,
1494 5785 1712 5852 quidam
1762 5783 1924 5852 ligna,
1989 5779 2148 5849 aliqui
2214 5779 2359 5832 faces

2451 4579 2877 4648 συνειλεγμένων
2899 4581 2976 4638 εἰς
3003 4577 3098 4639 τάς
3136 4577 3270 4638 ιδίας
3320 4573 3717 4627 σκεδασθέντων
3758 4589 4007 4637 καταγω-

2446 4674 2565 4740 γὰς,
2614 4675 2642 4725 ὁ
2685 4670 2978 4731 Εὑστάθιος
3018 4669 3267 4738 πρόσεισι
3317 4666 3395 4735 τῷ
3449 4665 3681 4735 ἰϐάτζῃ,
3725 4666 3818 4716 καὶ
3868 4663 4010 4727 άξιοί

2447 4766 2570 4826 τοὺς
2604 4763 2790 4823 ἄλλους
2828 4761 2959 4830 πρὸς
2986 4761 3179 4828 μικρὸν
3218 4758 3472 4826 ἐκστῆναι
3498 4756 3572 4817 ὼς
3599 4759 3735 4822 τάχα
3802 4757 4008 4824 μέλλων

2450 4859 2608 4918 αὐτὸς
2633 4853 2972 4917 διαλέξεσθαι
3012 4851 3130 4904 κατ’
3160 4851 3295 4903 ἰδίαν
3327 4849 3450 4917 περί
3486 4865 3631 4909 τινος
3651 4850 4011 4912 ἀναγκαιοτά-

2461 4969 2541 5001 του
2578 4951 2670 5002 καὶ
2698 4945 3098 5005 λυσιτελοῦντος
3129 4935 3295 5010 αὐτῷ.
3324 4941 3403 5012 ίΡ.
3439 4941 3563 5012 HS]
3601 4939 3656 4992 '0
3698 4939 3752 4991 δὲ
3784 4940 3873 4989 τὸν

2450 5044 2539 5092 λον
2572 5044 2658 5092 καὶ
2695 5040 2792 5109 τὴν
2825 5038 3040 5105 ἀπάτην
3086 5036 3158 5103 μὴ
3210 5035 3567 5100 κατανοήσας,
3610 5031 3743 5082 ἀλλὰ
3795 5028 3868 5094 τῷ
3904 5029 4013 5078 διτι

2453 5131 2737 5185 ὑπολαϐὼν
2774 5131 2846 5190 ὡς
2878 5127 3234 5197 βούλεταικαὶ
3275 5124 3432 5185 αὐτὸς
3473 5118 3550 5182 εἷς
3616 5118 3862 5186 γενέσθαι
3909 5118 4015 5167 τῶν

2458 5222 2826 5274 συνιστώντων
2851 5218 2996 5286 αὐτῷ
3022 5218 3118 5284 τὴν
3144 5215 3498 5274 ἀποστασίαν,
3527 5215 3648 5274 τοὺς
3682 5210 4014 5278 θεράποντας

2460 5317 2652 5385 μικρὸν
2682 5316 2982 5380 ἀποστῆναι
3017 5309 3300 5370 κελεύσας,
3330 5308 3426 5374 τῆς
3459 5305 3634 5374 χειρὸς
3690 5303 3896 5352 ἐκείνου
3927 5299 4020 5350 λα-

2458 5410 2680 5473 ϐόμενος
2714 5403 2768 5454 ἔν
2802 5420 2906 5452 τινι
2937 5399 3246 5468 παραδείσῳ
3302 5396 3508 5461 εἰσάγει
3573 5391 3862 5458 συνηρεφεῖ
3899 5389 4018 5439 δέν-

2459 5499 2600 5567 δροις
2634 5503 2724 5549 καὶ
2753 5495 3039 5561 κοιλότητα
3070 5491 3266 5560 ἔχοντι,
3298 5489 3370 5550 ὡς
3405 5487 3537 5556 μηδέ
3595 5484 3775 5550 φωνὴν
3811 5481 4020 5548 ἐξῃχεῐο

2463 5593 2582 5643 σθαι
2613 5587 2869 5640 δύνασθαι.
2898 5585 2984 5636 διά
3014 5584 3109 5650 τὴν
3137 5580 3500 5646 συνδενδρίαν.
3542 5571 3615 5628 υἷ’)
3670 5573 3816 5632 ἐντὸς
3873 5571 4026 5636 γενο-

2465 5699 2621 5751 μενος
2647 5683 2674 5730 ὁ
2701 5677 3011 5737 Εύστάθιος,
3045 5677 3137 5726 καὶ
3167 5672 3552 5741 μεμονωμένου
3579 5665 3872 5732 λαϐόμενος
3931 5660 4027 5713 τοῦ

2466 5775 2731 5839 Ἰϐάτζου,
2775 5772 2853 5834 εἰς
2876 5769 2981 5838 γῆν
3010 5785 3067 5821 τε
3104 5767 3266 5820 αὑτὸν
3321 5763 3478 5824 εὐθὺς
3543 5755 3885 5816 καταϐάλλει,
3937 5754 4030 5804 καὶ
