4410 6442
1768 222 1783 249 ἦ

368 414 477 479 ξοδ

1469 401 2003 466 HISTORIABUM
2046 402 2573 465 (IUMPENDIUM.

3495 407 3601 472 Ξθϐ

366 532 441 595 τῳ
471 522 657 593 στήθει
693 516 1052 590 προσερεῖσας
1074 513 1135 569 τδ
1165 513 1294 582 γόνυ
1331 508 1417 583 (ἦν
1471 513 1579 583 γὰρ
1605 515 1744 567 κατὰ
1776 515 1931 583 χεῖρα
1963 518 2005 572 Α
2036 528 2107 564 ιιι-ι

1864 529 1931 583 ρα
1963 518 2005 572 Α
2036 511 2307 573 ardentes,
2343 511 2620 565 materiam
2644 510 2735 565 alii
2771 510 2909 583 ignis
2938 526 3214 583 capacem,
3246 513 3605 571 accurrebant

368 614 635 682 γενναῖος)
665 609 859 666 τοῦτον
910 611 1174 677 κατῆγχε,
1202 605 1297 658 καὶ
1314 609 1427 668 τοῖς
1456 604 1607 657 δυσὶν
1635 604 1931 673 ὑπηρέταις

368 703 752 758 ἐνεκελεύσαντο
792 698 1006 771 βοηθεῖν
1039 699 1138 769 τὴν
1182 696 1464 767 ταχίστην.
1496 698 1558 750 Oi
1580 697 1655 762 δὲ,
1686 696 1936 766 καθάπερ

372 794 782 865 συντεθειμένον
809 789 899 863 ἦν,
939 792 1216 860 ἱστάμενοι
1254 791 1348 843 καὶ
1402 788 1829 859 καραδοκοῦντες
1876 788 1938 841 τὸ

374 886 585 956 μέλλον,
626 885 699 946 ὡς
720 885 961 952 ἥκουσαν
986 881 1085 949 τῆς
1116 880 1297 948 φωνῆς
1329 879 1422 932 τοῦ
1442 878 1654 948 κυρίου,
1704 878 1937 947 ἓδραμόν

370 993 427 1027 τε
456 976 676 1036 εὐθέως,
735 974 829 1025 καὶ
881 973 971 1025 τὸν
1024 969 1269 1040 ’16άτζην
1334 967 1684 1039 περισχόντες
1722 968 1817 1021 καί
1861 966 1938 1037 τῷ

374 1070 558 1135 χιτῶνι
591 1064 1006 1133 ἀποφράξαντες
1035 1061 1198 1115 αὑτοῦ
1218 1062 1278 1113 τὸ
1308 1061 1503 1129 στόμα,
1543 1059 1617 1122 ὡς
1682 1060 1755 1129 μὴ
1816 1057 1940 1128 βοή-

374 1176 472 1220 σας
514 1158 817 1226 περιστήσῃ
846 1153 1045 1222 πλῆθος
1078 1154 1258 1215 αὐτοῖς
1287 1152 1378 1205 καὶ
1410 1152 1690 1219 ἄπρακτον
1735 1152 1938 1204 ἀποτε-

372 1252 505 1319 λέσῃ
534 1249 593 1301 τὸ
621 1247 801 1316 ἔργον,
836 1243 1222 1312 ἀποτυφλοῦσι,
1263 1242 1610 1311 τυφλωθέντα
1637 1242 1692 1295 δὲ
1746 1241 1943 1295 ἐκὸάλ-

374 1344 524 1392 λουσι
552 1338 645 1390 τοῦ
676 1336 1004 1405 παραδείσου
1034 1336 1113 1397 είς
1137 1336 1234 1403 τὴν
1261 1334 1452 1401 αὐλήν.
1488 1332 1652 1386 Αὐτοὶ
1671 1334 1727 1386 δέ
1763 1335 1839 1395 είς
1891 1350 1945 1385 τι

378 1424 626 1492 ὑπερῷον
653 1424 859 1491 οἴκημα
883 1421 1087 1491 ὑψηλὸν
1117 1410 1524 1490 ἀναδραμόντες
1549 1422 1643 1474 καὶ
1701 1422 1768 1474 τὰ
1819 1420 1945 1490 ξίφη

375 1514 700 1573 ἑλκύσαντες
765 1512 1069 1579 ἐξεδέχοντο
1130 1512 1256 1572 τοὺς
1284 1510 1576 1580 μέλλοντας
1628 1511 1943 1579 προσιέναι.

379 1602 713 1662 rimosi-.0;
742 1600 797 1651 δὲ
828 1599 921 1651 τοῦ
953 1598 1227 1667 δράματος
1261 1598 1509 1670 συνέρρει
1544 1596 1750 1665 πλῆθος
1805 1598 1947 1665 ἀμύ-

375 1694 536 1755 or,ch
559 1706 570 1718 '
600 1691 650 1740 οί
685 1688 782 1757 μὲν
809 1689 916 1757 γὰρ
940 1687 1068 1755 ξίφη
1094 1686 1418 1755 κατέχοντες
1449 1688 1506 1738 ἐν
1533 1688 1741 1755 χερσὶν,
1794 1687 1843 1737 οί
1894 1688 1950 1739 δὲ

374 1784 597 1849 δόρατα,
632 1781 679 1830 οἱ
709 1779 766 1831 δὲ
792 1779 937 1842 τόξα,
970 1780 1018 1829 οἱ
1043 1777 1098 1829 δὲ
1127 1777 1325 1840 λίθους,
1375 1779 1423 1829 oi
1477 1776 1534 1828 δὲ
1614 1776 1765 1842 ξύλα,
1796 1778 1845 1827 οἱ
1896 1777 1951 1829 δὲ

2040 600 2385 671 opitulatum,
2418 600 2813 658 vociferantes:
2856 620 2874 653 ι
2902 601 3243 674 Jugulantor.
3272 613 3604 673 cremantor,

2038 691 2383 746 membratim
2433 692 2815 759 conciduntor,
2850 694 3124 765 lapidibus
3151 696 3455 752 obruuntor
3485 711 3609 752 sce-~

2040 782 2158 837 lesti
2187 799 2202 838 :
2231 796 2393 837 nemo
2421 781 2699 851 flagitiosis
2751 786 2900 840 hisce
2941 795 3151 856 parcat.
3184 806 3202 839 ι
3265 786 3604 842 Concursum

2041 890 2273 929 cernens
2302 873 2638 940 Eustathius,
2669 878 2879 931 tametsi
2910 877 2977 931 de
3021 878 3197 933 salute
3225 894 3324 933 sua
3353 878 3608 948 despera-

2043 976 2144 1028 rat,
2173 978 2351 1022 tamen
2379 982 2507 1022 suos
2550 968 2866 1022 hortabatur
2899 978 2957 1022 ut
2986 969 3169 1022 animo
3222 976 3406 1023 essent
3456 968 3607 1029 forti,

2044 1073 2221 1126 neque
2269 1058 2642 1113 emollirentur
2667 1067 2760 1113 aut
2788 1074 2848 1114 se
2874 1059 3020 1127 ipsos
3050 1059 3295 1115 hostibus
3322 1059 3615 1129 proderent

2047 1149 2220 1218 iisque
2251 1149 2513 1204 dederent
2547 1152 2637 1219 qui
2672 1151 2910 1220 ipsorum
2952 1160 3185 1205 mortem
3215 1151 3611 1215 desiderarent,

2050 1252 2187 1292 neve
2218 1239 2286 1292 ab
2319 1238 2385 1292 iis
2419 1240 2646 1292 salutem
2681 1240 2862 1308 potius
2908 1253 2967 1293 se
3013 1250 3403 1293 consecuturos
3449 1255 3616 1308 quam

2053 1329 2248 1383 misero
2277 1329 2623 1383 interfectum
2657 1329 2720 1382 iri
2755 1338 3029 1398 putarent.
3061 1329 3181 1398 Ipse
3204 1343 3299 1398 per
3320 1326 3615 1385 fenestram

2049 1421 2335 1489 quamdam
2371 1422 2434 1473 ad
2472 1421 2683 1475 turbam
2712 1420 3082 1489 prospiciens,
3126 1434 3429 1490 manusque
3467 1430 3620 1475 motu

2051 1512 2323 1566 silentium
2349 1510 2509 1582 473
2542 1510 2865 1573 conficiens,
2926 1511 3001 1564 ita
3048 1526 3167 1565 eam
3224 1522 3308 1565 est
3375 1512 3619 1566 affatus:

2066 1602 2280 1655 «Nullas
2310 1602 2467 1667 milii,
2495 1618 2528 1655 ο
2556 1602 2868 1664 multitudo,
2896 1616 3018 1656 cum
3040 1612 3221 1657 vestro
3244 1604 3484 1673 principe
3507 1604 3623 1674 pri-

2051 1691 2215 1744 vatim
2272 1692 2645 1746 interccssisse
2703 1692 3016 1747 inimicitias
3067 1692 3154 1746 vel
3202 1692 3304 1762 ipsi
3377 1693 3624 1762 judicare

2058 1782 2299 1850 potestis.
2344 1783 2392 1837 Is
2416 1783 2559 1837 enim
2587 1783 2847 1853 Bulgarus
2874 1792 2976 1849 est,
3007 1799 3107 1855 ego
3134 1783 3439 1849 Romanus,
3478 1785 3625 1856 quod

377 1848 564 1932 δαλοὺς
582 1870 920 1939 καιομένους,
940 1869 1085 1922 ἄλλοι
1099 1868 1153 1920 δὲ
1169 1869 1298 1937 ὑλην
1315 1868 1640 1938 εὔπρηστον,
1662 1868 1811 1921 ἔθεον
1831 1868 1957 1937 βοη-
1983 1848 2030 1906 Β
2059 1848 2118 1927 vo

1884 1887 1957 1937 ιη-
1983 1848 2030 1906 Β
2059 1848 2207 1928 vobis
2236 1885 2320 1929 est
2347 1848 2712 1929 notissimum:
2748 1877 2934 1946 Neque
2966 1848 3255 1933 Vlto‘manus
3295 1872 3396 1948 ego
3433 1848 3554 1932 sum
3594 1893 3625 1933 ο

379 1962 701 2030 δρομοῦντες
716 1964 811 2012 καὶ
825 1959 1208 2028 κεκραγότες(
1232 1961 1683 2029 Σφαττέσθωσαν,
1702 1961 1958 2014 καιέσθωο

384 2073 502 2116 σαν,
536 2054 764 2121 μεληδὸν
813 2051 1356 2121 κατατεμνέσθωσαν,
1400 2053 1567 2114 λίθοις
1614 2055 1957 2123 καταχωννύ-

381 2147 593 2197 σθωσάν
624 2147 673 2197 οἱ
703 2145 1032 2214 παλαμναῖοι
1078 2147 1167 2197 καὶ
1201 2145 1496 2215 ἀλιτήριοιο
1534 2147 1609 2215 μή
1655 2163 1740 2208 τις
1789 2145 1957 2216 φειδὼ

383 2239 618 2301 γενέσθω
647 2237 751 2288 τῶι
784 2237 1115 2306 ἀλαστόρων.
1147 2256 1165 2289 ι
1201 2238 1512 2307 Συνδρομὴν
1534 2238 1590 2291 δὲ
1621 2239 1954 2309 θεασάμενος

381 2331 407 2379 ὁ
438 2327 748 2389 Εὐστάθιος,
778 2328 987 2396 καὶτῆς
1015 2327 1206 2379 ἑαυτοῦ
1256 2327 1595 2396 ἀπεγνωκὼς
1647 2332 1945 2399 σωτηρίας,

384 2421 684 2490 παρεκάλει
723 2419 860 2479 τέως
894 2420 1019 2482 τοὺς
1066 2420 1202 2489 ἀμφ’
1252 2421 1416 2474 αὑτὸν
1465 2422 1666 2492 ἄνδρας
1713 2424 1960 2491 ἀγαθοὺς

384 2512 639 2574 γενέσθαι
678 2513 771 2563 καὶ
806 2512 878 2581 μὴ
908 2511 1331 2583 μαλακισθῆναι,
1371 2514 1491 2584 μηδ’
1529 2516 1755 2577 ἑαυτοὺς
1820 2533 1955 2585 προ-

384 2605 563 2657 δοῦναι
594 2605 785 2665 καὶείς
836 2604 1083 2669 ἐξουσίαν
1144 2606 1329 2657 πεσεῖν
1360 2604 1469 2658 τῶν
1513 2606 1818 2676 ζητούντων
1862 2608 1960 2678 τὴν

388 2696 567 2748 αὐτῶν
592 2695 887 2756 ἀπώλειαν,
931 2696 1024 2747 καὶ
1053 2695 1183 2766 παρ’
1258 2696 1479 2749 ἐκείνων
1525 2693 1624 2764 τὴν
1683 2698 1958 2767 σωτηρίαν

386 2786 757 2856 ἐκδέχεσθαιῆ
809 2786 1036 2839 θάνατον
1072 2786 1289 2857 οἰκτρὸν
1332 2788 1425 2840 καὶ
1487 2787 1781 2842 ἐπώδυνον.
1816 2792 1957 2861 Πρὸς

387 2882 442 2932 δὲ
468 2881 529 2931 τὸ
564 2878 765 2948 πλῆθος
788 2879 895 2931 ἀπό
933 2896 1081 2941 τινος
1140 2879 1355 2948 θυρίδος
1406 2878 1693 2948 προκύψας
1737 2881 1833 2933 καὶ
1885 2884 1950 2951 τῇ

390 2972 532 3039 χειρὶ
549 2968 917 3035 κατασιγάσας
936 2968 1027 3020 τὸν
1046 2967 1201 3037 δχλον
1218 2966 1437 3021 τοιῶνδε
1454 2968 1627 3035 λόγων
1651 2969 1763 3036 ἀπή
1774 2970 1956 3040 ρξατο*

396 3080 413 3111 ι
464 3062 584 3115 ὀτι
621 3062 739 3130 μὲν,
767 3054 811 3112 ὦ
840 3060 1029 3129 ἄνδρες
1052 3062 1099 3112 οἱ
1124 3059 1549 3129 συνειλεγμένοι,
1606 3061 1829 3130 οὐδεμία
1878 3078 1962 3123 τις

2060 1965 2286 2021 Thracia
2317 1967 2745 2022 autMacedonia
2776 1968 3060 2032 oriundus,
3104 1969 3200 2023 sed
3246 1984 3312 2022 ex
3361 1970 3485 2023 Asia
3520 1971 3626 2023 mi-

2058 2076 2228 2124 nore;
2263 2076 2383 2128 qum
2409 2069 2613 2129 quanto
2635 2061 2705 2114 sit
2737 2061 2913 2130 spatio
2944 2077 2974 2114 a
2998 2069 3174 2116 vestra
3208 2060 3387 2130 patria
3409 2060 3621 2124 dissita,

2060 2152 2217 2220 periti
2266 2161 2484 2203 norunt.
2516 2150 2633 2205 Jam
2671 2152 3050 2219 prudentiores
3090 2151 3146 2205 id
3182 2166 3293 2205 non
3336 2150 3628 2206 difficulter

2054 2243 2395 2313 jndirabunt,
2426 2257 2532 2295 non
2564 2253 2769 2296 temere
2800 2259 2885 2297 me
2925 2251 3019 2297 aut
3060 2242 3281 2309 frustra,
3308 2243 3402 2299 sed
3433 2258 3627 2298 neces-

2059 2336 2217 2388 sitate
2254 2334 2427 2402 aliqua
2461 2334 2799 2402 compulsum
2850 2336 2952 2389 hoc
2997 2334 3253 2390 facinoris
3301 2350 3620 2405 aggressum

2062 2427 2245 2482 fuisse.
2271 2427 2487 2495 Alioqui
2518 2442 2793 2495 nunquam
2826 2443 2911 2482 me
2942 2429 2996 2481 in
3022 2437 3127 2482 tam
3163 2428 3387 2483 evidens
3414 2428 3629 2497 pericu.

2062 2524 2171 2575 lum
2220 2529 2328 2574 tam
2380 2520 2664 2574 dementer
2716 2521 3063 2589 conjecturus
3109 2520 3342 2575 fueram.
3392 2519 3629 2574 Proinde

2060 2612 2243 2665 sciatis
2274 2610 2430 2679 jussu
2463 2611 2822 2679 imperatoris,
2868 2610 3128 2680 quidquid
3157 2610 3277 2679 ejus
3314 2618 3418 2676 est,
3458 2608 3629 2688 fuisse

2062 2705 2286 2769 factum,
2313 2713 2367 2757 et
2395 2718 2519 2757 eum
2547 2716 2789 2756 mearum
2822 2718 3079 2757 manuum
3111 2717 3268 2756 usum
3298 2699 3627 2755 ministerio.

2059 2795 2201 2866 Ergo
2251 2796 2294 2849 si
2326 2810 2413 2848 mc
2442 2794 2607 2848 vultis
2656 2796 2927 2853 occidere.
2986 2810 3114 2848 sane
3161 2792 3529 2846 circumdatus
3577 2792 3630 2844 in

2065 2897 2243 2941 vestra
2276 2901 2395 2939 sum
2430 2894 2697 2954 potestate
2730 2902 2743 2938 :
2771 2900 2945 2954 neque
2997 2896 3172 2939 tamen
3224 2884 3375 2939 nullo
3416 2884 3632 2954 negotio

2062 2992 2162 3030 nos
2188 2975 2506 3037 conﬁcietis,
2543 2988 2721 3043 neque
2770 2975 2935 3029 armis
2980 2975 3249 3044 depositis
3305 2984 3499 3029 vestra:
3533 2990 3633 3028 nos

2064 3066 2369 3121 tractandos
2406 3067 2806 3119 committemns
2857 3066 3084 3130 libidini,
3119 3068 3211 3121 sed
3237 3068 3302 3121 ad
3328 3077 3630 3123 extremum

394 3151 755 3221 προαπέκειτό
775 3168 867 3220 μοι
890 3150 1157 3219 ἀπέχθεια
1181 3151 1321 3220 πρὸς
1343 3150 1433 3203 τὸν
1471 3153 1737 3223 ὑμέτερον
1800 3155 1957 3207 δυνά·
1986 3186 2030 3247 c
2067 3172 2130 3212 us

1888 3156 1957 3207 ιά-
1986 3186 2030 3247 c
2067 3172 2239 3226 usque
2287 3156 2536 3225 spiritum
2592 3170 2693 3223 pro
2739 3166 2922 3209 nostra
2984 3158 3089 3210 vita
3145 3158 3629 3227 propugnabinius.

393 3266 543 3318 στην,
570 3249 662 3301 καὶ
689 3248 845 3317 ὑμεῖς
866 3248 1018 3300 αὐτοὶ
1048 3246 1247 3309 πάντες
1300 3249 1495 3314 ἐρεῖτε,
1545 3251 1787 3320 ἀκριδῶς
1823 3252 1957 3304 εἰδό-

393 3359 481 3401 τες
513 3342 583 3398 ὡς
607 3341 911 3408 Βούλγαρος
943 3340 1041 3407 μὲν
1064 3339 1248 3405 αὐτὸς,
1307 3340 1569 3409 Ῥωμαῖος
1603 3343 1645 3394 δ’
1695 3343 1826 3409 ἐγὼ,
1866 3346 1958 3395 καὶ

406 3430 673 3498 Ῥωμαῖος
701 3428 761 3479 οὑ
789 3426 897 3479 τῶν
912 3428 1003 3479 ἐπὶ
1021 3427 1245 3497 Θρᾴκης
1273 3429 1362 3480 καὶ
1380 3430 1717 3491 Μακεδονίας
1747 3432 1958 3483 οἰκούν-

392 3538 523 3584 των,
554 3520 665 3572 ἀλλ’
703 3521 768 3573 ἐκ
797 3520 895 3589 τῆς
940 3521 1145 3589 μικρᾶς
1189 3520 1392 3585 Ἄσίας,
1433 3521 1554 3590 ἥτις
1604 3524 1727 3575 ὅσον
1762 3524 1958 3591 ἀπέχει

393 3608 567 3678 ὑμῶν,
597 3606 773 3660 ῐσασιν
796 3610 843 3659 οἱ
880 3606 1252 3674 γινώσκοντες.
1288 3609 1409 3661 ’Ότι
1438 3610 1492 3661 δὲ
1517 3613 1609 3664 καὶ
1661 3612 1823 3675 αὐτὸς
1881 3612 1958 3680 τῷ

393 3698 619 3769 τοιούτῳ
647 3700 981 3770 ἐπεχείρησα
1001 3698 1144 3769 ἔργῳ
1173 3701 1274 3752 οὐκ
1312 3702 1435 3770 εἱκῆ
1470 3705 1560 3755 καὶ
1592 3705 1790 3772 μάτην,
1827 3706 1961 3758 ἀλλά

392 3806 477 3851 τις
512 3790 582 3859 μὲ
626 3789 955 3857 κατήπειξεν
1004 3790 1237 3858 ἀνάγκη,
1279 3790 1546 3857 λογιεῖσθε
1591 3797 1637 3845 οί
1686 3794 1960 3863 φρονιμώ-

393 3897 563 3951 τεροι.
596 3877 669 3933 Οὐ
700 3879 809 3948 γὰρ
829 3880 894 3933 ἂν
916 3878 1058 3932 οὑτω
1086 3882 1367 3949 μανιωδῶς
1384 3884 1458 3946 εἰς
1496 3880 1628 3952 ττροῦ
1642 3902 1767 3937 πτον
1790 3887 1961 3955 ἐμαυ-

394 3973 488 4025 τὸν
511 3971 773 4043 ἐνέρριψα
816 3972 1055 4025 κίνδυνον
1081 3972 1176 4025 καὶ
1207 3973 1304 4043 τῆς
1364 3977 1602 4042 ἐμαυτοῦ
1651 3977 1792 4043 Coiﬁ;
1841 3994 1966 4030 κατ-

396 4068 695 4138 εφρόνησα,
737 4069 786 4119 εἰ
820 4068 893 4136 μή
932 4084 1014 4130 τις
1038 4063 1105 4136 ἦν
1134 4068 1267 4137 άλλη
1311 4070 1455 4121 αἰτία
1485 4073 1515 4139 ἡ
1547 4070 1846 4142 βιασαμὲνη
1898 4091 1965 4142 με

398 4159 537 4227 πρὸς
568 4160 663 4227 τὴν
689 4157 886 4228 πρᾶξιν
937 4158 1130 4212 ἐλθεῖν.
1178 4162 1315 4211 Ἷστε
1347 4160 1439 4213 οὐν
1472 4164 1547 4226 ὡς
1582 4164 1640 4215 τὸ
1676 4166 1966 4233 γενόμενον

399 4250 565 4321 ἔργον
583 4250 912 4321 πρόσταγμα
942 4250 1198 4319 βασιλέως
1227 4253 1392 4315 ἐστὶν,
1425 4247 1468 4319 ᾧ
1512 4256 1819 4325 πειθαρχῶν
1860 4258 1969 4323 ἐγω

396 4341 472 4403 ὼς
500 4342 729 4410 ὄργανον
759 4341 1072 4408 διηκόνησλ.
1106 4342 1188 4412 [Ρ.
1242 4342 1364 4413 716]
1400 4345 1507 4396 Καὶ
1556 4343 1648 4398 νῖν
1682 4349 1729 4398 εἰ
1784 4347 1968 4415 βούλε-

401 4431 497 4483 σθέ
533 4448 601 4500 με
625 4432 1078 4500 διαχειρίσασθαι,
1140 4434 1250 4486 ἰδοὺ
1276 4436 1347 4502 ὑφ
1416 4437 1571 4505 ὑμῶν
1597 4438 1706 4505 ἐγὼ
1764 4458 1971 4510 περιει-

2066 3247 2268 3312 Quodsi
2302 3245 2710 3307 interficiemur,
2744 3245 2887 3314 quod
2941 3246 3057 3299 fieri
3092 3262 3312 3301 necesse
3364 3257 3465 3308 est.
3507 3265 3634 3303 tum

2068 3353 2173 3395 tam
2205 3341 2361 3409 pauci
2393 3355 2421 3392 a
2456 3349 2561 3393 tam
2596 3341 2779 3394 multis
2814 3341 3159 3395 circumclusi
3192 3344 3381 3402 simus.
3402 3354 3631 3399 mortem

2068 3448 2184 3485 eam
2212 3431 2421 3486 felicem
2454 3430 2856 3499 deputabimus,
2915 3447 3036 3484 eum
3090 3433 3324 3487 habituri
3356 3436 3632 3506 sanguinis

2069 3523 2236 3576 nostri
2270 3522 2522 3583 ultorem,
2553 3522 2637 3576 cui
2666 3537 2792 3574 num
2819 3522 2908 3575 diu
2931 3523 3147 3589 possitis
3172 3523 3423 3577 reluctari
3454 3526 3636 3580 vobis—

2068 3632 2189 3669 cum
2221 3625 2489 3682 reputate.
2523 3631 2540 3664 ι
2583 3612 2693 3668 Hoc
2727 3628 2977 3667 sermone
3000 3614 3205 3678 audito,
3243 3616 3502 3672 colluvies
3530 3616 3632 3671 ista

2071 3706 2413 3774 imperatoris
2445 3713 2651 3757 terrore
2685 3702 2914 3771 perculsi
2957 3704 3211 3770 paulatim
3255 3705 3343 3758 alii
3375 3706 3635 3761 aliorsum

2069 3795 2314 3864 dissipati
2339 3793 2636 3847 diffluxere.
2660 3791 2917 3847 Seniores
2945 3808 3007 3846 ac
3029 3791 3194 3863 474
3219 3792 3506 3861 prudentia
3534 3811 3635 3849 an-

2072 3888 2401 3947 tecedentes,
2460 3886 2599 3939 bene
2652 3886 2868 3938 ominati
2904 3884 3237 3954 imperatori,
3271 3884 3637 3941 obedientiam

2074 3978 2461 4048 promiserunt.
2536 3974 2612 4029 Ita
2658 3972 2977 4029 Eustathius
3038 3973 3252 4029 nemine
3305 3974 3637 4045 impediente

2075 4071 2291 4122 lliaizen
2324 4067 2387 4119 ad
2415 4066 2795 4133 imperatorem
2827 4063 3068 4117 adduxit.
3114 4062 3412 4135 Imperator
3438 4065 3637 4120 Eusta-

2076 4162 2251 4215 thinm
2333 4158 2401 4211 ob
2457 4165 2563 4209 tam
2616 4155 2932 4224 praeclarum
2993 4154 3205 4209 facinus
3270 4158 3636 4213 collaudatum

2080 4247 2362 4320 Dyrrachii
2393 4244 2708 4315 praefectum
2744 4245 3047 4309 constituit,
3101 4258 3154 4300 et
3203 4252 3386 4301 omnia
3416 4246 3639 4300 mobilia

2083 4342 2279 4395 Ibatza:
2313 4341 2451 4393 bona
2481 4339 2529 4391 ci
2564 4337 2706 4390 dono
2736 4336 2904 4399 dedit,
2953 4337 3185 4390 Ibatzum
3230 4338 3283 4390 in
3338 4338 3640 4393 custodiam

2076 4435 2311 4492 tradidit.

396 4525 695 4594 λημμένος.
728 4524 870 4591 Πλὴν
891 4525 991 4576 οὐκ
1015 4525 1250 4589 εὐκόλως
1279 4527 1398 4578 οὐδὲ
1414 4527 1608 4595 ῥᾳδίως
1646 4528 1754 4595 ἐγὼ
1810 4530 2207 4597 ἀποθανοῦμαι,
2272 4524 2391 4576 οὐδὲ
2443 4519 2697 4581 καταθεὶς
2739 4520 2807 4572 τὰ
2866 4519 3004 4573 ὅπλα
3049 4520 3283 4588 ἐμαυτὸν
3334 4518 3641 4590 παραδώσω

396 4618 529 4684 ὑμῖν
558 4616 632 4675 ὡς
650 4613 901 4682 βούλεσθε
920 4614 1173 4683 χρῆσθαι,
1203 4615 1314 4669 ἀλλ’
1347 4617 1689 4688 ἀγωνιοῦμαι
1746 4622 1875 4690 περὶ
1917 4622 2014 4691 τῆς
2061 4617 2265 4676 οἰκείας
2312 4613 2475 4679 ζωῆς,
2511 4611 2606 4662 καὶ
2662 4610 2823 4680 μέχρι
2873 4610 3102 4663 θανάτου
3153 4607 3466 4678 ἀμυνοῦμαι
3511 4607 3638 4672 τοὺς

398 4709 650 4766 ἐπιόντας
692 4705 809 4772 ἅμα
833 4706 940 4765 τοῖς
988 4703 1083 4755 σὺν
1116 4707 1257 4773 ἐμοί.
1299 4706 1358 4758 Ei
1404 4707 1461 4759 δὲ
1505 4710 1599 4761 καὶ
1653 4710 1984 4781 θανούμεθα,
2025 4713 2163 4779 ὅπερ
2192 4709 2402 4773 ἀνάγκη
2434 4703 2627 4756 παθεῖν
2690 4704 2813 4765 τοὺς
2863 4702 2965 4754 ὑπὸ
2994 4702 3255 4757 πλειόνων
3309 4719 3641 4773 περιστοιχι.

399 4800 650 4861 μεθέντας,
688 4796 981 4866 εὐδαίμονα
1034 4798 1127 4849 καὶ
1163 4798 1432 4867 μακάριον
1492 4800 1584 4854 τὸν
1616 4802 1845 4857 θάνατον
1889 4802 2236 4873 λογιζόμεθα,
2282 4798 2493 4868 ἔχοντες
2518 4794 2615 4847 καὶ
2674 4796 2762 4847 τὸν
2832 4794 3091 4863 μέλλοντα
3135 4795 3228 4847 καὶ
3297 4794 3358 4847 τδ
3444 4794 3643 4864 ἡμέτε·

403 4913 492 4967 ρον
529 4892 827 4965 ἐκζητῆσαι
863 4894 956 4947 καὶ
987 4895 1270 4962 ἐκδικῆσαι
1315 4889 1474 4965 αἷμα,
1524 4897 1658 4967 πρὸς
1680 4899 1739 4951 ὃν
1785 4898 2143 4969 βουλεύσασθε
2192 4896 2241 4949 εί
2262 4891 2486 4948 δυνατὸν
2527 4892 2653 4960 ἀχρι
2687 4888 2882 4942 πολλοῦ
2946 4888 3315 4941 ἀνθίστασθαι.
3370 4908 3387 4941 ι
3423 4888 3641 4942 Τούτων

399 4990 736 5048 ἀκούσαντες
759 4989 806 5038 οἱ
838 4986 1291 5055 συνηθροισμένοι
1316 4986 1424 5038 τῶν
1444 4987 1640 5054 λόγων,
1687 4991 1779 5042 καὶ
1806 4990 1879 5058 τῷ
1910 4994 1972 5042 ἐκ
2008 4986 2272 5057 βασιλέως
2312 4984 2417 5037 δέει
2459 4980 2933 5046 καταπλαγέντες,
2993 4979 3135 5031 κατά
3203 4979 3393 5047 μικρὸν
3471 4978 3641 5050 ὕπορο

406 5081 626 5145 ζέοντες
691 5078 842 5130 ἄλλοι
923 5074 1129 5144 ἀλλαχῆ
1186 5076 1666 5147 διεσκεδάσθησαν,
1730 5082 1776 5131 οἱ
1838 5080 2182 5152 γηραιότεροι
2256 5076 2312 5129 δὲ
2380 5076 2472 5127 καὶ
2529 5072 2919 5142 φρονιμώτεροι
2985 5068 3075 5121 τὸν
3122 5070 3346 5139 βασιλέα
3391 5072 3643 5141 εὐφημή-

404 5188 601 5231 ςαντες
643 5170 1007 5237 ὑπετάγησαν.
1075 5168 1131 5220 Ὀ
1154 5169 1197 5220 δ’
1261 5168 1557 5233 Εὐστάθιος
1615 5173 1755 5224 κατά
1798 5174 1994 5241 πολλὴν
2035 5171 2217 5221 ἄδειαν
2248 5169 2335 5221 τὸν
2367 5164 2613 5233 Ἰὀάτζην
2647 5164 2881 5232 εἰληφὼς
2904 5166 2981 5234 τῷ
3034 5165 3238 5234 βασιλεῖ
3312 5164 3644 5238 διεκόμισεν.

411 5268 505 5319 ’ον
538 5259 694 5325 οὗτος
734 5261 1129 5330 ἀποδεξάμενος
1155 5262 1249 5330 τῆς
1277 5263 1645 5333 ἀνδραγαθίας
1705 5266 2007 5335 στρατηγόν
2040 5280 2093 5314 τε
2150 5262 2307 5323 εὐθὺς
2367 5258 2699 5327 προύὁάλετο
2754 5260 3058 5330 Δυρραχίου
3114 5262 3205 5312 καὶ
3257 5259 3356 5327 τὴν
3426 5261 3644 5317 ἃπασαν

402 5357 633 5428 κινητὴν
657 5355 887 5423 ὕπαρξιν
916 5355 1225 5422 ἐδωρήσατο
1253 5355 1344 5407 τοῦ
1369 5356 1609 5420 ’16ἀτζου
1644 5374 1656 5388 ·
1688 5358 1876 5411 τοῦτον
1909 5359 1963 5411 δὲ
1993 5356 2303 5422 παρέδωκεν
2336 5354 2576 5421 φυλακῇ.

472 5452 611 5503 Τότε
644 5449 733 5501 καὶ
751 5447 1073 5509 Νικολιτζᾶς
1099 5449 1126 5498 ό
1150 5445 1405 5508 πολλάκις
1422 5446 1647 5517 ληφθεὶς
1667 5451 1759 5503 καὶ
1783 5466 1976 5501 τοσαυ-
2013 5455 2051 5507 D
2154 5444 2213 5497 Ε(

1904 5468 1976 5501 ιυ-
2013 5455 2051 5507 D
2154 5444 2351 5498 Eodem
2400 5452 2643 5511 tempore
2685 5442 2971 5497 Nicolitzns
3011 5444 3198 5507 etiam.
3251 5452 3409 5499 toties
3458 5457 3645 5515 captus

406 5547 564 5605 τάκις
631 5540 867 5606 ἀφεθεὶς,
922 5536 979 5589 ἕν
1032 5553 1170 5589 τισιν
1216 5536 1399 5607 ὄρεσιν
1452 5539 1847 5609 κρυπτόμενος.
1907 5541 1979 5602 ὡς

408 5628 673 5698 ἐπέμλτθη
698 5628 923 5694 δύναμις
955 5626 1074 5677 κατ’
1128 5624 1292 5676 αὐτοῦ
1327 5626 1420 5677 καὶ
1467 5626 1573 5677 τῶν
1605 5627 1654 5678 οἱ
1710 5629 1978 5680 συνόντων

406 5725 452 5776 οἱ
489 5722 589 5790 μὲν
625 5717 1051 5787 προσεχώρησαν
1084 5716 1342 5779 ἐθελοντὶ,
1377 5717 1425 5768 οἱ
1452 5716 1507 5769 δὲ
1538 5718 1846 5784 ἡλίσκοντο,
1881 5720 1980 5771 αὐ-

407 5814 641 5885 τόμολος
671 5813 877 5865 κάτεισι
912 5810 1097 5871 vox-:5;
1119 5808 1198 5871 εἰς
1252 5810 1314 5860 τὸ
1349 5809 1733 5879 στρατόπεδον,
1766 5813 1860 5863 καὶ
1917 5813 1981 5881 τῇ

2085 5538 2354 5605 totiesque
2401 5534 2679 5597 dimissus,
2735 5536 2789 5589 in
2840 5534 3115 5590 montibus
3157 5538 3477 5602 occultatus,
3520 5553 3645 5593 cum

2084 5616 2345 5681 adversus
2374 5640 2500 5678 eum
2526 5625 2831 5679 mitteretur
2860 5626 3079 5691 cohors,
3123 5636 3178 5681 et
3222 5628 3312 5697 qui
3357 5642 3480 5682 cum
3530 5629 3651 5698 ipso

2086 5727 2242 5773 erant
2272 5720 2467 5787 partim
2516 5717 2660 5771 ultro
2701 5718 2765 5771 ad
2810 5716 3085 5773 Romanos
3113 5720 3422 5787 transirent,
3454 5712 3647 5789 partim

2089 5819 2433 5881 caperentur.
2466 5819 2629 5865 noctu
2654 5818 2846 5877 sponte
2868 5826 2963 5867 sua
2996 5812 3049 5865 in
3072 5820 3247 5867 castra
3280 5809 3648 5871 Romanorum
