4410 6442
398 418 504 483 Ξθθ

1489 416 2023 477 HISTORIARUM
2055 418 2440 480 COMPENDI
2451 420 2578 481 UM.

3533 410 3643 477 210

401 536 499 602 τὴν
529 535 827 602 ἐκπέμπει,
884 530 1057 598 δηλῶν
1100 530 1219 600 μεθ’
1269 531 1448 597 ὅρκων
1500 530 1797 600 ἐπιθυμίαν
1826 529 1968 601 ἐχειν
1998 536 2045 592 Α
2072 546 2142 587 ce:

1896 547 1968 584 ειν
1998 536 2045 592 Δ
2072 533 2325 589 cessariis
2376 532 2632 603 colloqui.
2680 531 2886 597 Quodsi
2940 531 3053 599 ipse
3093 527 3321 584 insidias
3362 537 3637 583 vereretur

402 627 668 693 ὲνωθῆναι
733 623 882 691 αὐτῷ
925 623 1021 675 καὶ
1063 624 1193 692 περὶ
1241 623 1555 690 ἀναγκαίων
1596 623 1972 692 κοινολογήσα-

404 719 548 769 σθαι.
580 717 641 769 Εἰ
670 716 727 769 δέ
767 733 849 777 τις
880 714 1043 767 αὑτὸν
1073 714 1374 785 ὑποτρέχει
1414 713 1597 781 φόϐος,
1651 717 1796 784 τρεῖς
1862 716 1968 767 ὐπ-

406 811 614 877 ηρὲτας
652 806 930 875 εἰληφέναι
958 808 1152 877 μόνους
1176 848 1191 871 ,
1238 806 1333 859 καὶ
1380 808 1518 859 κατά
1578 806 1638 858 τὸ
1682 807 1844 875 μέσον
1880 805 1973 857 τοῦ

402 899 809 971 παραρρέοντος
840 896 1088 969 ποταμοῦ
1140 897 1413 969 συμμῖξαι
1439 896 1588 967 αὐτῷ
1616 897 1756 967 μετά
1806 898 1974 969 τριῶν

400 991 687 1059 ὑπηρετῶν
712 991 911 1057 ὁμοίως
945 989 1233 1059 ἀφίξεσθαι
1266 988 1532 1058 μέλλοντι.
1570 988 1826 1050 Πεισθεὶς
1871 981 1964 1039 οὖν

401 1081 605 1141 ἐκεῖνος
641 1080 862 1149 ἔρχεται
896 1080 1033 1150 πρὸς
1066 1081 1159 1133 τὸν
1194 1079 1437 1151 ποταμὸν
1470 1084 1564 1133 καὶ
1606 1079 1683 1149 τῷ
1736 1079 1973 1148 Διογένει

402 1169 638 1223 ἑνοῦται.
673 1170 761 1222 Ἐν
786 1164 831 1239 ᾧ
880 1169 936 1224 δέ
976 1170 1201 1240 ἔμελλον
1234 1169 1601 1235 διαλέγεσθαι,
1649 1170 1677 1221 6
1718 1169 1975 1238 Διογένης

403 1260 695 1326 ἐγκόλπιον
744 1260 927 1330 φέρων
983 1260 1259 1329 μάχαιραν
1307 1261 1400 1313 καὶ
1455 1259 1659 1330 ταύτην
1698 1260 1975 1328 αἰφνιδίως

405 1348 637 1413 ἐλκύσας
668 1350 819 1407 παίει
849 1351 1041 1404 τοῦτον
1069 1351 1211 1405 κατὰ
1246 1351 1349 1419 τῆς
1381 1351 1621 1422 πλευρᾶς
1670 1350 1764 1403 καὶ
1816 1349 1974 1411 εὐθὺς

402 1440 642 1511 ἀναιρεῖ.
678 1442 720 1493 Τ
724 1442 800 1495 ῶν
827 1443 885 1495 δὲ
916 1443 1035 1512 μετ’
1064 1441 1231 1496 αὑτοῦ
1263 1444 1409 1512 φυγῇ
1443 1442 1829 1512 χρησαμένων,
1852 1441 1976 1502 τοὺς

405 1531 802 1600 πλησιάζοντας
864 1534 893 1585 6
955 1533 1220 1603 Διογένης
1284 1532 1645 1601 συναθροίσας
1716 1531 1979 1601 στρατοὺς

406 1625 544 1692 μετά
574 1627 754 1695 χειρὸς
781 1626 975 1697 ἱκανῆς
1005 1625 1223 1697 ἔρχεται
1262 1626 1399 1696 πρὸς
1452 1626 1514 1677 τὸ
1570 1625 1825 1695 Σίρμιον,
1886 1625 1983 1675 καὶ

403 1716 501 1781 τὴν
552 1720 791 1785 γυναῖκα
836 1717 930 1771 τοῦ
993 1717 1289 1780 τεθνεῶτος
1349 1717 1837 1787 καταπληξάμενος
1887 1717 1983 1769 καὶ

2074 623 2322 689 subesse,
2357 623 2532 677 tribus
2565 632 2775 677 tantum
2820 619 3035 674 famulis
3078 619 3340 689 stipatum
3383 630 3442 671 se
3467 613 3534 669 ad
3572 613 3650 667 ri-

2073 729 2197 783 pam
2246 713 2565 784 profluentis
2597 715 2671 770 ibi
2717 713 2894 769 amnis
2925 726 3295 767 accessurum.
3339 707 3487 764 Idem
3529 706 3648 775 ipse

2075 818 2291 872 quoque
2357 801 2581 858 faceret.
2627 801 2982 873 Obtemperat
3028 798 3222 854 Sermo
3250 840 3263 861 ,
3329 804 3492 865 atque
3542 793 3649 849 hoc

2077 894 2238 948 modo
2270 908 2394 948 cum
2426 894 2666 965 Diogene
2696 892 3065 965 congreditur.
3114 888 3193 945 lbi
3237 902 3361 943 cum
3391 887 3503 957 jam
3529 884 3647 941 col-

2076 985 2309 1041 locuturi
2337 993 2542 1051 essent,
2596 986 2862 1057 Diogenes
2892 986 3209 1058 pugionem,
3240 997 3401 1052 quem
3434 979 3490 1034 in
3524 979 3645 1034 sinu

2077 1077 2317 1132 abditum
2345 1079 2621 1149 gestabat,
2650 1078 2830 1133 subito
2877 1077 2932 1131 in
2975 1078 3118 1133 latus
3149 1072 3432 1131 Sermonis
3458 1070 3646 1142 adigit,

2077 1184 2312 1237 eumque
2344 1169 2599 1224 interficit
2627 1187 2639 1221 :
2670 1168 2857 1225 famuli
2893 1167 3019 1240 fuga
3042 1168 3355 1224 elabuntur.
3383 1164 3653 1235 Diogenes

2077 1259 2272 1313 vicinis
2316 1259 2646 1316 exercitibus
2674 1260 2969 1317 contractis
2999 1258 3177 1315 valida
3220 1272 3343 1312 eum
3380 1269 3543 1310 manu
3581 1250 3647 1307 ad

2078 1348 2339 1405 Sirmium
2372 1349 2739 1420 proﬁciscitur
2762 1394 2779 1420 ,
2806 1352 3092 1421 viduaeque
3137 1346 3409 1404 exterrita
3441 1342 3651 1414 magnis

2082 1441 2303 1512 insuper
2330 1441 2815 1512 pollicitationibus
2844 1440 3137 1512 persuadet
3165 1446 3223 1495 ut
3251 1452 3311 1493 se
3362 1432 3651 1490 Sirmium-

2082 1547 2187 1601 que
2238 1534 2548 1603 imperatori
2590 1533 2851 1589 traderet.
2890 1531 2965 1588 Ea
3008 1531 3325 1603 Byzantium
3373 1525 3541 1581 missa
3578 1522 3654 1577 ibi

2085 1626 2343 1693 primario
2390 1626 2603 1681 cuidam
2630 1627 2831 1681 civium
2862 1624 3213 1679 matrimonio
3241 1620 3496 1692 copulata
3525 1623 3611 1671 est
3639 1631 3652 1667 :

2093 1715 2359 1785 Diogenes
2391 1732 2583 1771 recens
2604 1726 2776 1787 captae
2803 1716 2994 1772 ditioni
3028 1714 3339 1785 praafectus.

406 1810 735 1879 ὑποσχέσεσι
768 1813 1035 1882 μεγάλαις
1067 1812 1462 1881 καταμαλάξας
1503 1810 1686 1862 ἔπεισε
1718 1809 2112 1879 προσχωρῆσαι
2168 1811 2260 1862 καὶ
2316 1813 2375 1863 τὸ
2432 1812 2655 1880 Σίρμιον
2708 1809 3040 1881 παραδοῦναι
3097 1809 3175 1881 τῷ
3250 1807 3487 1879 βασιλεῖ·
3535 1805 3657 1876 ἥτις

408 1903 599 1964 καὶείς
622 1901 682 1954 τὸ
719 1902 1017 1968 Βυζάντιον
1062 1904 1410 1973 ἀνεπέμφθη,
1445 1905 1537 1955 καὶ
1592 1904 1744 1972 ἀνδρὶ
1807 1900 2133 1972 συνεζεύχθη
2160 1903 2239 1955 ἐνὶ
2303 1903 2409 1955 τῶν
2436 1906 2493 1956 ἐν
2517 1907 2581 1974 τῇ
2631 1904 2781 1957 πόλει
2848 1904 3206 1973 μεγιστάνων,
3283 1902 3376 1956 καὶ
3446 1900 3476 1953 6
3542 1901 3658 1951 Διο-

408 1990 571 2060 γένης
594 1994 783 2062 ἄρχειν
807 1993 1005 2065 ἐτάχθη
1034 1997 1132 2063 τῆς
1160 1998 1447 2064 νεοκτήτου
1472 1991 1676 2063 χώρας.

481 2081 571 2153 [Ρ.
594 2083 721 2154 718]
753 2084 1087 2137 Ἀνεκαίνισε
1104 2086 1159 2137 δὲ
1183 2088 1210 2137 6
1238 2086 1493 2153 βασιλεὺς
1529 2087 1623 2137 καὶ
1656 2086 1745 2136 τὸν
1768 2083 1981 2150 ἀγωγὸν
2015 2089 2054 2142 Β

1916 2083 1981 2134 ’ὸν
2015 2089 2054 2142 Β
2154 2083 2316 2155 477
2354 2084 2743 2152 Aquzeductum
2793 2099 3011 2153 quoque
3058 2083 3422 2139 Valentiniani
3481 2080 3657 2151 impe-

417 2174 871 2226 Οὐαλεντινιανοῦ
904 2174 998 2227 τοῦ
1027 2174 1312 2243 βασιλέως,
1339 2176 1412 2237 ὼς
1428 2174 1492 2227 ἂν
1524 2176 1697 2244 ἔχοιεν
1724 2176 1773 2226 oi
1831 2174 1988 2225 ἀστοὶ

420 2264 691 2334 ἀφθονίαν
730 2264 942 2328 ὓδατος.
970 2264 1250 2335 Γεωργίου
1295 2266 1351 2318 δέ
1375 2264 1469 2317 τοῦ
1519 2266 1774 2334 ἄρχοντος
1832 2263 1989 2315 Ἀϐα-

421 2358 583 2424 σγίας
601 2356 712 2426 (67)
730 2356 826 2419 τὰς
844 2356 979 2426 πρὸς
1012 2355 1312 2423 Ῥωμαίους
1330 2356 1690 2424 ἁθετὴσαντος
1718 2352 1989 2422 συνθήκας

410 2450 510 2500 καὶ
546 2450 612 2500 τα
669 2449 845 2517 ὅμορα
890 2448 1338 2517 κατατρέχοντος,
1374 2445 1540 2511 ἔξεισι
1575 2445 1696 2496 κατ’
1750 2443 1915 2497 αὑτοῦ
1957 2444 1985 2494 6

416 2538 672 2607 βασιλεὺς
719 2540 1053 2608 πανστρατὶ,
1086 2540 1314 2591 κατόπιν
1339 2535 1515 2589 λιπὼν
1544 2535 1857 2605 Νικηφόρον
1889 2552 1991 2587 παι

412 2628 630 2697 τρίκιον
669 2629 781 2699 (68)
830 2630 923 2684 τὸν
964 2631 1158 2697 Ξιφίαν
1191 2630 1284 2682 καὶ
1332 2628 1644 2699 Νικηφόρον
1706 2627 1990 2697 πατρίκιον

413 2722 504 2773 τὸν
546 2722 662 2774 υίδν
695 2722 876 2790 Βάρδα
910 2722 1005 2776 τοῦ
1036 2724 1221 2775 Φωκᾶ.
1265 2723 1326 2775 Οί
1356 2722 1412 2773 δὲ
1455 2721 1543 2773 διὰ
1590 2720 1649 2773 τὸ
1689 2722 1790 2788 τῆς
1826 2737 1987 2789 στρα-

417 2811 572 2870 τείας
626 2811 1016 2880 ἀπολελεῖφθαι
1088 2811 1575 2881 δεινοπαθήσαντει,
1638 2811 1699 2861 οὐ
1755 2810 1986 2879 μικρῶς,

416 2902 543 2954 λαὸν
566 2904 639 2964 ὡς
671 2903 861 2973 ἔτυχεν
891 2904 1205 2974 ὴθροικότες
1234 2906 1339 2956 ἀπό
1368 2921 1423 2955 τε
1468 2902 1863 2963 Καππαδοκίας
1899 2904 1989 2953 καὶ

428 2995 710 3047 Ῥοδαντου
740 2998 830 3049 καὶ
857 2997 964 3049 τῶν
998 2997 1160 3067 πέριξ
1178 2997 1413 3067 χωρίων,
1438 2995 1774 3048 ἀποστασίαν
1808 2994 1989 3045 κινοῦο

420 3104 526 3141 σιν.
563 3083 748 3155 Οῖπερ
791 3088 1147 3154 ἀγγελθέντος
1178 3088 1254 3156 τῷ
1278 3087 1485 3156 βασιλεῖ
1523 3087 1737 3155 ταραχὴ
1772 3088 1990 3155 κατεῖχε

415 3178 516 3247 τὴν
558 3178 909 3248 παρεμϐολὴν
937 3180 1032 3230 καὶ
1067 3178 1296 3245 ἀγωνία.
1334 3180 1637 3231 δεδοικυῖαν
1669 3179 1742 3246 μή
1775 3195 1888 3239 πως
1936 3181 1991 3229 ὲν

420 3272 571 3339 μέσῳ
606 3270 885 3337 Ἀϐασγῶν
916 3288 973 3322 τε
1005 3271 1099 3322 καὶ
1124 3270 1232 3322 τῶν
1255 3270 1578 3323 ἀποστατῶν
1630 3269 1992 3339 συνειλημμέ-

417 3380 495 3415 νοι
517 3363 804 3430 (διεδέδοτο
834 3361 941 3433 γὰρ
982 3364 1077 3415 καὶ
1103 3363 1258 3429 λόγος
1284 3362 1358 3425 ὡς
1386 3363 1439 3415 οἱ
1492 3362 1621 3432 περὶ
1673 3361 1764 3414 τὸν
1798 3362 1990 3429 Ξιφίαν

416 3455 920 3525 διεκηρυκεύσαντο
975 3458 1105 3524 περὶ
1162 3454 1352 3508 τούτου
1416 3455 1550 3525 πρὸς
1606 3455 1698 3507 τὸν
1757 3456 1991 3524 ἄρχοντα

432 3546 751 3614 Ἀὁασγίας)
785 3548 1085 3617 ἀνήκεστόν
1140 3564 1190 3597 τι
1232 3546 1497 3600 πάθωσιν.
1539 3547 1598 3597 Ὀ
1638 3546 1695 3599 δὲ
1740 3546 1990 3614 βασιλεὺς

419 3638 725 3706 γράμματα
755 3639 973 3705 γράψας
1001 3638 1136 3707 πρός
1157 3655 1215 3690 τε
1251 3638 1339 3692 τόν
1377 3638 1572 3706 Ξιφίαν
1605 3640 1698 3690 καὶ
1729 3638 1817 3691 τὸν
1878 3640 1993 3690 Φω-

422 3732 526 3781 κᾶν
565 3729 860 3799 ἐξέπεμψε,
908 3729 1286 3799 παραγγείλας
1331 3728 1406 3797 τῷ
1437 3728 1653 3782 λαϐόντι
1694 3731 1992 3783 σπουδαῖαι

419 3823 602 3874 πάντα
632 3824 833 3892 τρόπον
876 3822 1057 3874 λαθεῖν
1095 3823 1188 3875 κα)⁸
1216 3823 1431 3891 ἑκάστῳ
1460 3824 1861 3890 ἀσυγγνώστως
1909 3824 1992 3875 δε-

418 3912 653 3967 δωκέναι
682 3914 743 3965 τὸ
771 3914 1027 3983 γράμμα.
1068 3914 1173 3966 Τοῦ
1207 3914 1264 3966 δέ
1294 3914 1367 3977 ὡς
1398 3914 1695 3985 ἐκελεύσθη
1734 3917 1995 3976 ποιήσαν-

418 4020 515 4066 τος
549 4005 641 4056 καὶ
675 4004 772 4067 τὰς
830 4003 1120 4066 ἐπιστολὰς
1171 4005 1577 4075 ἐγχειρίσαντος
1614 4006 1933 4074 λεληθότως,
1967 4007 1993 4058 ὁ

424 4094 529 4163 μὲν
559 4096 751 4157 Φωκᾶς
783 4093 945 4156 εὐθὺς
983 4096 1266 4163 ἐπανέγνω
1296 4097 1394 4167 τὴν
1458 4098 1651 4150 ἐαυτοῦ
1693 4099 1767 4167 τῷ
1810 4096 1993 4168 Ξιφία,

424 4188 634 4247 ἐκεῖνος
651 4187 707 4239 δὲ
739 4187 839 4254 τὴν
868 4187 1065 4240 ἐαυτοῦ
1102 4189 1428 4259 ἀποκρύψας
1451 4191 1544 4242 καὶ
1572 4191 1807 4260 γράμμα
1838 4192 1992 4257 δέξαιο

426 4276 555 4330 σθαι
581 4277 717 4339 ὅλως
754 4279 1210 4349 ἀπαρνησάμενος
1246 4283 1302 4332 ἐν
1334 4283 1433 4351 μιᾷ
1461 4281 1568 4334 τῶν
1600 4284 1821 4353 ἡμερῶν
1847 4284 2001 4337 καλεῖ

2092 2176 2287 2230 ratoris
2318 2175 2507 2229 refecit
2540 2174 2787 2240 Basilius,
2818 2176 3141 2245 civibusque
3182 2189 3339 2243 aqua:
3372 2172 3660 2231 abundan-

2092 2267 2220 2321 tiam
2272 2268 2503 2337 paravit.
2554 2267 2722 2320 Porro
2764 2281 2887 2319 eum
2935 2265 3200 2333 Georgius
3253 2263 3501 2335 Abasgize
3550 2262 3661 2318 dux

2092 2361 2292 2415 violato
2322 2360 2465 2427 quod
2529 2360 2578 2412 ei
2609 2373 2732 2413 cum
2784 2356 3043 2411 Romanis
3065 2364 3182 2411 erat
3234 2355 3441 2410 foedere
3482 2354 3660 2409 vicina

2092 2452 2491 2505 incursionibus
2514 2459 2752 2514 vexaret,
2784 2450 3082 2503 exercitum
3111 2458 3300 2503 contra
3330 2462 3458 2502 eum
3476 2445 3663 2502 educit

2094 2548 2339 2613 Basilius,
2395 2548 2538 2600 domi
2602 2546 2804 2600 relictis
2866 2544 3173 2613 Nicepltoro
3234 2541 3488 2612 patricio,
3550 2538 3662 2594 filio

2096 2640 2279 2694 Bardae
2310 2639 2517 2694 Plnoeae.
2569 2640 2633 2691 At
2673 2638 2706 2691 ii
2745 2636 3118 2708 indignissime
3175 2635 3412 2690 ferentes
3456 2647 3569 2688 non
3602 2648 3663 2687 se

2092 2748 2307 2802 quoque
2342 2748 2443 2785 una
2489 2730 2554 2784 ad
2588 2731 2638 2785 id
2688 2730 2885 2784 bellum
2939 2729 3121 2798 jussos
3158 2729 3260 2786 ire.
3321 2733 3603 2783 contracto
3633 2737 3664 2777 e

2092 2822 2433 2891 Cappadocia
2486 2821 2732 2875 liodanto
2785 2830 2839 2874 et
2908 2820 3029 2873 aliis
3089 2818 3283 2873 vicinis
3342 2814 3664 2887 regionibus

2096 2925 2369 2985 utcunque
2396 2915 2633 2969 exercitu
2684 2914 3036 2968 rebellionem
3073 2912 3373 2967 concitant.
3422 2908 3556 2978 Ejus
3583 2908 3660 2961 rei

2096 3006 2318 3059 nuntius
2346 3006 2659 3074 imperatori
2682 3006 2876 3059 allatus
2912 3003 3175 3057 exercitui
3204 3014 3455 3071 magnam
3479 3000 3663 3054 incus-

2094 3098 2165 3151 sit
2194 3098 2640 3152 sollicitudinem.
2700 3096 3009 3150 Metuebant
3061 3095 3207 3149 enim
3250 3108 3320 3147 ne
3373 3092 3427 3145 in
3484 3088 3665 3145 medio

2095 3184 2235 3235 inter
2266 3185 2503 3254 Abasgos
2533 3194 2585 3237 et
2612 3185 2921 3253 perduelies
2958 3183 3177 3252 (quippe
3208 3180 3487 3236 ferebatur
3513 3193 3576 3233 ea
3598 3177 3666 3234 de

2096 3292 2153 3330 re
2186 3276 2413 3347 Xiphias
2452 3293 2575 3331 cum
2603 3278 2842 3347 principe
2872 3277 3207 3346 Abasgorum
3248 3290 3348 3344 per
3375 3274 3665 3329 internun-

2097 3370 2198 3424 tios
2228 3368 2423 3441 egisse)
2463 3370 2653 3423 inclusi
2686 3378 2928 3422 extrema
2960 3367 3068 3436 pati
3111 3372 3455 3437 cogerentur.
3486 3363 3665 3433 impe-

2096 3473 2239 3516 rator
2278 3477 2404 3531 ergo
2445 3460 2654 3515 litteras
2685 3470 2737 3513 et
2784 3461 2849 3513 ad
2900 3459 3153 3528 Xipliiam
3197 3466 3253 3512 et
3302 3457 3372 3512 ad
3426 3456 3663 3512 Phocam

2096 3553 2282 3616 mittit,
2315 3551 2363 3605 ei
2395 3552 2487 3620 qui
2521 3550 2828 3620 perferebat
2860 3550 3121 3604 mandans
3155 3558 3211 3603 nt
3241 3563 3404 3618 quam
3430 3546 3665 3601 maxime

2096 3643 2273 3704 alteri,
2301 3641 2471 3695 altero
2506 3641 2812 3711 ignorante,
2843 3656 2937 3694 eas
2972 3642 3199 3695 reddere
3240 3648 3477 3700 curaret.
3512 3636 3666 3702 Quod

2097 3752 2218 3789 cum
2266 3735 2309 3787 is
2356 3733 2657 3797 ell‘ecisset,
2708 3734 2919 3789 Phocas
2970 3733 3153 3789 statim
3213 3730 3424 3801 Xipliia:
3478 3728 3543 3784 ad
3606 3742 3667 3781 se

2098 3824 2331 3893 Sr-riptas
2382 3824 2650 3887 recitavit,
2710 3822 2939 3892 Xiphias
2988 3830 3168 3876 autem
3219 3819 3445 3875 omnino
3484 3816 3553 3872 ad
3609 3831 3669 3870 se

2098 3917 2384 3985 quicquam
2419 3916 2681 3984 scriptum
2718 3929 2925 3985 negans
2951 3914 3187 3969 Phocam
3221 3912 3308 3966 die
3347 3908 3581 3980 quadam
3601 3908 3669 3962 ad

2098 4006 2424 4075 ctilloquium
2459 4015 2632 4069 vocat,
2658 4005 3077 4075 venientemque
3116 4002 3429 4074 praeparatis
3464 4000 3532 4056 ad
3565 3998 3671 4054 hoc

2097 4100 2312 4154 insidiis
2336 4108 2511 4153 necat.
2550 4098 2664 4153 Hoc
2689 4098 2851 4153 modo
2874 4099 3055 4153 statim
3092 4097 3351 4165 dissipata
3380 4110 3443 4150 ea
3475 4093 3667 4163 conju—

2104 4193 2260 4247 ratio.
2298 4190 2361 4245 Et
2388 4191 2684 4261 imperator
2706 4192 2772 4245 de
2794 4201 2967 4245 morte
3005 4190 3199 4247 ΡΙιοαε
3253 4188 3429 4243 factus
3474 4186 3672 4241 certior

2102 4284 2561 4355 Theophylactum
2627 4284 2870 4337 Damiani
2923 4282 3201 4338 Dalasseni
3258 4281 3426 4335 ﬁlium
3480 4278 3671 4340 mittit,

422 4365 620 4419 τοῦτον
663 4368 754 4419 ἐπὶ
785 4369 1143 4437 κοινολογίαν,
1183 4372 1280 4424 καὶ
1333 4372 1580 4437 ἐλθόντα,
1634 4374 1824 4442 λόχους
1860 4374 1999 4444 έχων
2101 4394 2163 4446 qu

1931 4393 1999 4427 ων
2101 4377 2193 4446 qui
2247 4384 2464 4445 captum
2496 4374 2750 4444 Xiphiam
2787 4374 2979 4444 Cpolin
3024 4375 3080 4429 in
3112 4373 3344 4429 vinculis
3371 4369 3539 4443 478
3573 4369 3672 4440 By-

424 4461 1027 4527 προευτρεπισμένους,
1059 4464 1429 4518 ἀποκτίννυσι.
1476 4466 1586 4518 Καὶ
1627 4468 1659 4534 ἡ
1698 4468 2000 4519 ἐπισύστα-

424 4564 509 4609 σις
542 4548 653 4599 τῶν
691 4550 1010 4603 ἀποστατῶν
1039 4554 1199 4616 εὐθὺς
1223 4553 1594 4624 διεσκεδάσθη.
1625 4556 1731 4609 Τοῦ
1753 4559 1808 4610 δέ
1834 4557 1998 4611 θανά-

424 4657 521 4691 του
551 4639 647 4691 τοῦ
676 4642 841 4694 Φωκᾶ
862 4643 1197 4708 γνωσθέντος
1222 4646 1303 4713 τῷ
1337 4646 1549 4714 βασιλεῖ
1574 4649 1854 4717 πέμπεται
1875 4650 2000 4701 Θεο-

2104 4471 2339 4523 zantium
2407 4468 2474 4522 ad
2530 4466 2793 4522 Joannem
2839 4467 3053 4535 ablegat
3107 4464 3565 4535 protonotarium.
3628 4460 3675 4514 Is

2104 4577 2225 4615 eum
2260 4575 2444 4614 rasum
2493 4560 2547 4613 in
2605 4559 2858 4629 Antigoni
2922 4559 3095 4612 insula
3140 4557 3468 4613 monachum
3521 4554 3670 4608 facit.

2106 4655 2404 4722 Imperator
2436 4653 2664 4721 proinde
2718 4663 2865 4705 metu
2913 4650 3193 4705 rebellium
3254 4650 3516 4704 liberatus
3550 4661 3673 4701 cum

426 4731 704 4801 φύλακτος
723 4733 751 4783 6
774 4735 1050 4803 Δαμιανοῦ
1098 4737 1193 4788 τοῦ
1222 4737 1571 4808 Δαλασσηνοῦ
1616 4743 1751 4805 υίὸς,
1775 4743 1867 4794 καὶ
1909 4743 2000 4794 τὸν
2027 4745 2080 4804 D
2109 4747 2167 4797 Al

1933 4743 2331 4815 i’JVDAbasgis
2385 4760 2617 4815 pugnam
2690 4743 3026 4808 committit;
3090 4750 3146 4795 et
3199 4740 3449 4811 quamvis
3522 4738 3674 4793 multi

419 4824 626 4890 Ξιφίαν
643 4824 919 4876 συλλαϐὼν
939 4827 1213 4893 ἐκπέμπει
1241 4827 1460 4896 δέσμιον
1483 4830 1612 4899 πρὸς
1628 4832 1725 4900 τὴν
1752 4829 1999 4900 βασιλίδα

428 4915 569 4983 πρὸς
592 4914 954 4993 Ίωάννηνβὸν
983 4921 1414 4989 πρωτονοτάριον
1434 4919 1569 4991 (69),
1587 4922 1645 4985 ὃς
1678 4925 1737 4975 ἐν
1762 4926 1826 4993 τῇ
1855 4926 2001 4992 νήσῳ

422 5006 518 5058 τοῦ
550 4992 857 5074 Ἀντιγόνου
881 5010 989 5080 (70)
1018 5012 1249 5079 μοναχὸν
1279 5012 1439 5064 αὑτὸν
1489 4992 1889 5083 ἀποκείρειέλο
1944 5015 2000 5067 δὲ.

422 5100 687 5165 βασιλεὺς
715 5101 809 5154 τοῦ
837 5103 943 5155 τῶν
975 5105 1298 5157 ἀποστατῶν
1342 5105 1633 5169 ἀπολυθεὶς
1663 5107 1816 5170 δέους
1866 5126 2000 5177 συμο

418 5191 614 5244 sane:
660 5195 770 5255 τοῖς
832 5194 1143 5263 Ἀὅασγοῖς,
1202 5197 1295 5249 καὶ
1349 5196 1531 5249 πολλοὶ
1580 5198 1834 5250 πίπτουσι
1884 5199 1993 5250 τῶν

431 5286 752 5357 Ῥωμαίων.
787 5288 976 5359 Ὅμως
1008 5290 1329 5360 διελύθησαν
1363 5291 1531 5360 ἄμφω
1552 5294 1620 5345 τὰ
1654 5292 1993 5362 στρατεύμα-

2112 4837 2336 4889 Romani
2356 4836 2685 4896 occubuere,
2713 4844 2889 4888 tamen
2910 4835 3114 4888 incerta
3135 4833 3359 4888 victoria
3373 4831 3673 4887 discessum

2110 4940 2214 4983 est.
2250 4928 2497 4981 Alterum
2516 4926 2712 4981 deinde
2734 4927 2976 4995 praelium
3002 4926 3194 4980 initum
3222 4926 3311 4981 die
3343 4924 3677 4992 Septembris

2111 5021 2415 5082 undecima,
2448 5021 2745 5075 indictione
2778 5032 2949 5084 sexta,
2981 5034 3123 5073 anno
3149 5020 3217 5073 ab
3250 5018 3458 5089 origine
3487 5019 3674 5072 mundi

2110 5113 2267 5165 (5551.
2300 5110 2355 5163 In
2388 5127 2454 5166 eo
2475 5113 2618 5166 cadit
2649 5112 2939 5181 Liparites,
2988 5111 3204 5181 Georgii
3254 5112 3535 5180 capiarum
3567 5110 3675 5165 dux

2106 5205 2419 5274 primarius,
2453 5216 2507 5260 et
2527 5222 2650 5260 eum
2677 5221 2745 5259 eo
2764 5205 3097 5260 validissima
3127 5204 3374 5275 Abasgici
3402 5207 3676 5257 exercitus

2102 5315 2245 5366 pars.
2282 5300 2547 5370 Georgius
2596 5301 2648 5352 in
2702 5310 2917 5355 montes
2978 5299 3169 5354 Iberize
3212 5297 3501 5353 interiores
3547 5295 3671 5368 fuga

1592 5405 1943 5460 XYLANDllI
1988 5407 2073 5460 ΕΤ
2104 5410 2314 5465 GOAllI
2348 5412 2577 5468 NOTAE.

422 5569 430 5590 1
496 5495 948 5617 (ϐῖὲᾘιὲονίιιείιε
993 5497 1258 5569 Scythica:
1302 5500 1565 5563 Asiatica‘,
1605 5500 1797 5556 vicina:
1831 5501 1994 5559 lberi-

423 5584 542 5617 t-tiS.
602 5594 625 5617 λ
674 5609 679 5615 .
741 5607 751 5617 .

423 5584 542 5617 i-tiS.
581 5584 751 5617 υυυι.

494 5636 613 5714 (σε)
654 5634 809 5714 Deest
841 5638 1067 5714 aliquid,
1092 5656 1284 5714 nempe
1304 5639 1513 5714 Xipl‘iia:
1554 5643 1776 5705 mentio,
1810 5646 1898 5711 qui
1935 5662 1990 5698 se

422 5708 639 5759 st-cium
685 5708 1071 5781 perduellionis
1108 5710 1295 5763 l'hoca:
1335 5710 1510 5773 dedit;
1535 5715 1675 5778 quod
1709 5708 1987 5781 sequentia

426 5782 659 5849 docenti.
703 5778 949 5849 Alioquin
981 5781 1028 5830 οἱ
1058 5780 1109 5831 δέ
1150 5790 1201 5833 ct
1229 5790 1420 5833 cwtera
1457 5781 1676 5849 pluralia
1720 5778 1799 5837 ad
1819 5801 1983 5837 unum

424 5845 680 5899 Phocum
722 5847 906 5902 referri
942 5864 1047 5903 non
1087 5862 1326 5918 possunt.
1364 5845 1489 5904 Xuj.

2174 5507 2283 5578 (69)
2314 5507 2483 5571 Quem
2508 5506 2705 5562 Notitia
2732 5507 2940 5576 imperii
2968 5505 3324 5578 pt-itiziceriunt
3349 5504 3674 5578 notariorum

2105 5573 2285 5641 meat;
2348 5578 2414 5630 de
2467 5580 2625 5647 cujus
2678 5573 2873 5639 cilicio,
2923 5575 3229 5646 insignibus
3266 5583 3321 5629 et
3376 5573 3672 5644 privilegiis

2102 5647 2434 5701 l‘attcirolltls
2468 5664 2517 5699 Ill
2556 5651 2762 5702 (lonun.
2798 5650 2961 5702 αυλις.

2168 5718 2278 5785 (70)
2332 5714 2487 5771 Juxta
2530 5719 2736 5786 (lpolim
2779 5721 2913 5772 inter
2964 5716 3157 5769 l‘roten
3208 5724 3259 5766 rt
3307 5715 3492 5769 [’latcn
3544 5713 3672 5768 sita.

2096 5790 2253 5844 Com.
