4410 6442
763 390 863 456 ‘le

2028 395 2347 457 GE'H‘tGlI
2387 400 2723 465 CEDRENI

3894 421 4000 484 2ιῖ

761 503 978 571 elapsus
1008 503 1168 572 paulo
1204 512 1321 573 post
1353 502 1533 557 missis
1583 502 1772 576 legatis
1824 520 1945 557 cum
2001 507 2328 576 imperatore
2356 520 2403 573 Α
2433 531 2498 565 τα

2227 525 2328 569 ,ore
2356 520 2403 573 Α
2433 531 2519 579 τα,
2552 520 2645 568 καὶ
2681 519 2712 587 ἡ
2738 518 2860 586 νίκη
2888 520 3188 589 ἀμφίϐολος
3218 518 3307 594 ἦν.
3353 527 3509 581 Μετᾶ
3531 528 3587 581 δὲ
3620 531 3793 586 ταῦτα
3816 534 3968 591 δευτὲ

761 607 949 662 pacem
980 593 1277 663 εσπιροιιὶι,
1314 593 1513 648 cedens
1538 593 1588 647 ei
1619 608 1737 657 sua,
1766 606 2028 664 quantum
2062 599 2179 667 ejus
2225 599 2328 654 hoc

762 683 1060 753 imperator
1089 682 1324 748 volebat,
1363 684 1595 745 ditione,
1650 684 1928 755 filiumque
1979 702 2135 744 suum
2189 689 2327 743 I‘an-

763 778 991 831 cratium
1020 776 1158 831 dans
1181 776 1454 834 obsidem.
1480 776 1650 843 Quem
1684 778 1981 851 imperator
2008 782 2324 853 magistrum

761 867 987 930 creavit,
1029 882 1091 921 ac
1114 868 1333 922 domum
1362 868 1543 925 rediit.
1574 868 1673 939 Qui
1716 886 1773 925 se
1804 870 2015 945 Xipliiae
2040 888 2103 927 ac
2129 874 2324 937 Phoce:

759 958 1046 1014 seditionis
1081 961 1257 1015 socios
1283 960 1647 1030 praebuerant.
1681 977 1775 1017 eos
1802 964 1961 1019 bonis
1988 966 2098 1019 suis
2131 968 2327 1024 multa-

756 1057 841 1106 tos
871 1052 926 1105 in
956 1067 1227 1108 carcerem
1264 1050 1503 1107 abdidit:
1545 1054 1717 1109 solum
1749 1054 2035 1123 patricium
2064 1056 2321 1111 Phcrsam

756 1142 1051 1207 interiecit,
1083 1145 1176 1215 qui
1207 1154 1263 1201 et
1308 1145 1518 1215 primus
1571 1146 1817 1200 omnium
1848 1162 1906 1201 se
1952 1149 2323 1219 perduellibus

756 1231 1101 1299 adjunxerat,
1153 1244 1208 1289 et
1262 1245 1493 1304 quatuor
1525 1243 1805 1290 curatores
1840 1237 2139 1293 vicinorum
2169 1242 2319 1308 prin-

753 1322 934 1390 cipum
989 1333 1299 1389 necaverat,
1356 1340 1562 1397 suaque
1613 1342 1777 1381 manu
1832 1328 2055 1397 spadoni
2103 1331 2316 1385 cuidam

753 1410 1104 1481 imperatorio
1132 1425 1294 1484 caput
1315 1425 1710 1485 amputaverat.
1745 1417 1837 1471 Est
1870 1427 1924 1471 et
1957 1420 2322 1475 cubicularius

752 1504 975 1569 quidam
1030 1505 1377 1575 imperatoris
1424 1506 1671 1561 leonibus
1721 1508 1985 1575 obiectus,
2039 1511 2320 1566 convictus

752 1594 897 1661 quod
922 1595 1307 1666 imperatorem
1337 1598 1391 1652 in
1422 1598 1636 1668 Xiphia:
1660 1600 1883 1671 gratiam
1922 1612 2148 1659 conatus
2175 1614 2320 1666 esset

749 1699 960 1742 veneno
995 1689 1200 1746 tollere.

2438 623 2533 674 ρας
2566 608 2884 678 συμπλοκῆς
2909 613 3223 682 γενομένης,
3270 617 3336 689 τῇ
3370 616 3447 668 ια’
3474 619 3566 671 τοῦ
3617 622 4002 695 Σεπτεμϐρίου

2436 696 2623 763 μηνὸς,
2671 698 3000 762 ίνδικτιῶνος
3023 707 3098 764 ς’,
3153 705 3293 758 κατά
3317 705 3377 759 τὸ
3405 707 3583 779 ⁴ςφλά⁹
3616 710 3755 775 ἔτος,
3816 716 4002 769 πίπτει

2436 788 2533 856 μὲν
2568 790 2595 839 6
2626 791 2934 861 Λιπαρίτης
2964 792 2983 863 (
3010 787 3163 859 οὗτος
3215 796 3323 868 γὰρ
3346 793 3411 871 ἦν
3438 800 3874 874 ἀρχιστράτηγος
3922 808 4001 876 τῷ

2431 877 2722 949 Γεωργίῳ)
2760 884 2851 937 καὶ
2912 886 3007 937 σὺν
3049 885 3200 956 αύτῷ
3256 890 3365 943 πᾶν
3421 890 3483 944 τὸ
3535 896 3891 962 κρατιστεῦον
3939 899 3999 952 ὲν

2444 969 2752 1039 Ἀϐασγοίς,
2804 974 2995 1043 φεύγει
3025 977 3081 1030 δὲ
3112 980 3205 1033 καὶ
3251 981 3279 1032 ό
3308 981 3583 1053 Γεώργιος
3610 988 3687 1049 είς
3736 988 3804 1039 τὰ
3851 990 3999 1042 ἐνδόο

2430 1077 2566 1131 τερα
2605 1062 2706 1133 ὅρη
2740 1066 2840 1134 τῆς
2874 1067 3134 1137 Ἰϐηρίας.
3162 1071 3299 1123 Μετ’
3335 1072 3515 1140 ὀλίγον
3544 1074 3600 1128 δὲ
3633 1075 3997 1147 διαπρεσϐευ-

2430 1151 2681 1220 σάμενος,
2711 1154 2907 1229 καὶτῷ
2935 1157 3145 1227 βασιλεί
3176 1162 3375 1227 ἐκστὰς
3408 1165 3590 1240 χώρας
3619 1168 3823 1239 ὁπόσης
3845 1170 3998 1224 ἐϐού-

2423 1242 2562 1308 λετο,
2603 1244 2905 1314 σπένδεται,
2940 1250 3146 1323 ὅμηρον
3175 1252 3297 1317 δοὺς
3341 1255 3431 1308 τὸν
3478 1257 3591 1310 υἱὸν
3622 1259 3789 1313 αὑτοῦ
3842 1263 3992 1330 Παγη

2422 1334 2663 1402 κράτιον·
2693 1337 2751 1390 ὃν
2778 1338 3077 1411 μάγιστρον
3105 1345 3334 1414 ποιήσας
3352 1346 3380 1396 ὁ
3404 1346 3655 1417 βασιλεὺς
3667 1350 3994 1422 ὑπέστρεψε.

2428 1423 2566 1487 Τοὺς
2592 1428 2690 1494 μὲν
2716 1424 2807 1481 οὖν
2840 1429 3031 1493 ἄλλους
3063 1434 3171 1489 τῶν
3205 1436 3281 1506 τῷ
3300 1436 3465 1511 Ξιφίᾳ
3496 1446 3885 1513 συναραμένων
3904 1445 3996 1499 καὶ

2426 1514 2502 1584 τῷ
2519 1517 2680 1587 Φωκᾷ
2696 1518 2800 1571 τῶν
2836 1520 3183 1592 ὑπαρχόντων
3203 1528 3494 1597 γυμνώσας
3526 1532 3801 1604 καθεῖρξε,
3826 1535 3989 1605 μόνον

2424 1605 2478 1657 δὲ
2520 1606 2609 1657 τὸν
2655 1611 2940 1680 πατρίκιον
2970 1615 3183 1683 Φὲρσην
3209 1619 3522 1687 ἀπέκτεινε,
3551 1624 3658 1694 πρὸ
3682 1626 3901 1680 πάντων
3936 1644 3995 1683 τε

2425 1699 2761 1788 προσρυέντα
2793 1703 2906 1766 τοῖς
2928 1706 3284 1776 ἀποστάταις,
3308 1711 3404 1764 καὶ
3427 1714 3696 1785 τέσσαρας
3716 1717 3994 1788 ἀρχόντων

1056 1780 1406 1876 κουράτωρας
1448 1783 1861 1876 ἀποκτείναντα,
1898 1785 1993 1840 καὶ
2052 1784 2465 1854 ὲκτομίαντινά
2521 1789 2799 1858 βασιλικὸν
2849 1794 3185 1867 αὐτοχείρως
3218 1798 3451 1876 [9.719]
3511 1779 3990 1876 xaéatop-ﬁ-c—mwa.

750 1869 913 1967 εδιοη
931 1870 1110 1967 δὲῌκαὶ
1133 1873 1314 1925 λέουσι
1335 1873 1634 1943 βασιλικοῖς
1666 1893 1745 1937 τις
1775 1876 2156 1946 θαλαμηπόλος
2180 1876 2395 1946 βρῶμα,
2482 1880 2761 1953 ἐλεγχθεὶς
2828 1888 3141 1957 φαρμάκοις
3200 1869 3564 1950 ἐπιϐουλεύων
3587 1869 3599 1875 ἰ
3630 1869 3735 1965 τῷ-
3780 1869 3990 1967 βασιλεῖ

746 1961 835 2016 διά
870 1962 957 2016 τὸν
993 1964 1205 2031 Ξιφίαν.

822 2082 1031 2137 Mortua
1090 2084 1249 2138 Anna
1324 2083 1669 2152 imperatoris
1732 2099 1914 2139 sorore
1988 2086 2042 2138 in
2111 2083 2318 2146 llossia,
2354 2092 2396 2145 Β
2498 2088 2563 2139 Kc

2253 2085 2318 2146 ia,
2354 2092 2396 2145 Β
2498 2087 2611 2139 Καὶ
2634 2087 2832 2157 Ἀννης
2864 2087 2921 2141 δὲ
2946 2090 3045 2157 τῆς
3069 2088 3161 2142 τοῦ
3195 2090 3461 2159 βασιλέως
3493 2094 3728 2165 ἀδελφῆς
3760 2098 3818 2149 ἐν
3861 2097 3988 2152 Ῥω-

748 2174 1006 2229 defuncto
1036 2174 1145 2243 jam
1165 2186 1291 2231 ante
1350 2175 1653 2230 Bladimero
1703 2177 1926 2240 marito,
1986 2174 2315 2246 Chrysochir

748 2265 969 2333 quidam
1022 2264 1315 2323 Bladimeri
1368 2276 1631 2335 cognatus
1682 2266 1786 2320 800
1851 2266 1995 2320 viros
2065 2267 2311 2328 adscivit,

750 2358 923 2425 iisque
955 2356 1007 2410 in
1036 2373 1204 2412 naves
1230 2358 1498 2428 impositis
1530 2359 1718 2427 Cpolin
1751 2359 1915 2422 venit,
1959 2358 2226 2426 stipendia
2257 2373 2315 2412 se

747 2446 927 2503 facere
953 2449 1092 2503 velle
1120 2449 1287 2521 479
1316 2450 1596 2505 simulans.
1624 2449 1760 2504 Cum
1791 2460 1972 2504 autem
2022 2452 2317 2519 imperator

746 2555 871 2593 eum
898 2540 1091 2609 positis
1114 2542 1281 2594 armis
1312 2550 1495 2609 petere
1519 2541 1564 2595 si
1592 2540 1722 2609 quid
1752 2540 1912 2595 vellet
1936 2540 2173 2609 juberet,
2203 2555 2314 2594 non

750 2632 1139 2700 obtemperans
1202 2629 1590 2700 Propontidem
1646 2631 1909 2699 trajecit;
1967 2645 2198 2699 cumque
2248 2630 2315 2684 ad

748 2721 997 2791 Abydum
1023 2722 1286 2785 venisset,
1322 2731 1573 2775 conserta
1612 2722 1787 2776 navali
1847 2738 2024 2791 pugna
2076 2737 2201 2776 cum
2248 2736 2314 2777 eo

747 2814 837 2880 qui
869 2830 1019 2868 oram
1050 2814 1376 2867 maritimam
1414 2815 1686 2879 tuebatur,
1736 2815 1884 2867 nullo
1919 2815 2135 2884 negotio
2185 2814 2317 2869 vicit

748 2920 811 2961 ac
843 2903 1106 2959 Lemnum
1133 2905 1402 2973 pervenit.
1439 2905 1517 2959 lbi
1560 2904 1720 2959 Rossi
1759 2920 1789 2958 a
1812 2905 1982 2959 classe
2016 2904 2314 2975 Cibymeo-

748 3004 923 3048 tarum
976 2996 1031 3049 et
1084 2994 1286 3050 Davido
1347 2994 1669 3050 Achridensi
1734 2994 1879 3050 Sami
1936 2996 2194 3067 praefecto
2248 3011 2312 3051 ac

748 3085 1054 3156 Nicephoro
1077 3087 1323 3145 Cabasila
1346 3089 1483 3146 duce
1507 3088 1908 3149 Thessalonica
1937 3104 2033 3159 per
2067 3089 2310 3144 fraudem

748 3193 937 3234 omnes
963 3188 1090 3233 sunt
1114 3180 1403 3236 interfecti.

2426 2176 2516 2244 σία
2544 2178 2940 2249 ἀποθανούσης,
2972 2180 3066 2233 καὶ
3121 2182 3228 2251 πρὸ
3254 2183 3424 2254 αὐτῆς
3452 2185 3545 2238 τοῦ
3579 2186 3769 2256 ἀνδρὸς
3821 2189 3990 2257 αὐτῆς

2422 2268 2785 2339 Βλαδιμηροῦ,
2802 2271 3106 2341 Χρυσόχειρ
3132 2274 3399 2344 συγγενής
3425 2292 3507 2338 τις
3533 2273 3608 2328 ὣν
3622 2276 3716 2329 τοῦ
3736 2276 3991 2346 τελευτή-

2424 2377 2636 2423 σαντος,
2689 2360 2883 2429 ἀνδρας
2922 2361 3273 2427 ὀκτακοσίους
3299 2365 3857 2437 προσεταιρισάμενος
3896 2369 3990 2419 καὶ

2423 2448 2629 2512 πλοίοις
2684 2449 3008 2519 ὲμδιϐάσας,
3065 2446 3227 2519 ἦλθεν
3294 2455 3373 2514 είς
3422 2454 3989 2507 Κωνσταντινούπολιν

2420 2541 2495 2603 ὡς
2526 2542 2664 2610 τάχα
2709 2542 3146 2611 μισθοφορήσων.
3180 2543 3286 2595 Τοῦ
3343 2544 3399 2595 δὲ
3438 2544 3699 2611 βασιλέως
3732 2545 3986 2597 καταθεί-

2422 2648 2509 2685 ναι
2544 2631 2613 2683 τὰ
2635 2630 2773 2683 ὅπλα
2831 2630 3142 2693 κελεύοντος
3197 2636 3289 2683 καὶ
3320 2631 3462 2688 οὕτω
3509 2633 3835 2703 ποιήσασθαι
3890 2634 3985 2705 τὴν

2419 2722 2688 2791 ἐντυχίαν,
2722 2722 2797 2792 μὴ
2829 2721 3060 2790 θελήσας
3117 2721 3297 2791 διῆλθε
3347 2722 3444 2792 τὴν
3491 2724 3848 2793 Προποντίδα.
3898 2723 3984 2774 Ἐν

2432 2812 2641 2884 Ἀϐύδῳ
2678 2812 2731 2865 δὲ
2760 2812 3049 2882 γενόμενος
3088 2815 3181 2864 καὶ
3205 2811 3281 2881 τῷ
3324 2813 3723 2885 στρατηγοῦντι
3780 2812 3981 2881 ταύτης

2421 2906 2692 2979 συρράξας
2728 2904 3131 2975 ὑπερμαχοῦντι
3164 2904 3272 2958 τῶν
3303 2906 3606 2975 παραλίων,
3664 2908 3757 2957 καὶ
3791 2904 3983 2957 τοῦτον

2421 2997 2615 3066 ῥᾳδίως
2669 2994 3221 3065 καταστρεψάμενος,
3286 2994 3547 3063 κατῆλθεν
3600 2997 3681 3057 είς
3743 2994 3979 3063 Λῆμνον.

2432 3091 2642 3143 Ἐκεῖσε
2696 3088 2753 3141 δὲ
2797 3087 2948 3155 παρά
3010 3085 3103 3139 τοῦ
3146 3087 3330 3139 στόλου
3378 3086 3471 3139 τοῦ
3529 3086 3981 3158 Κιὸυρραιωτῶν,

2421 3180 2515 3231 καὶ
2543 3176 2706 3229 Δαῦὶδ
2735 3174 2827 3245 τοῦ
2854 3175 2962 3228 ἀπὸ
3003 3174 3264 3243 ’Δχριδῶν
3306 3176 3740 3246 στρατηγοῦντος
3770 3179 3979 3248 Σάμου,

749 3272 844 3325 καὶ
867 3271 1182 3345 Νικηφόρου
1218 3276 1310 3327 τοῦ
1343 3274 1630 3329 Καεάσιλα
1658 3274 1847 3337 δουκδς
1893 3274 2042 3337 ὄντος
2078 3270 2478 3339 Θεσσαλονίκης
2514 3269 2623 3339 (7i)
2664 3268 3204 3338 παρασπονδηθέντες
3267 3269 3502 3334 ἅπαντες
3534 3275 3976 3346 κατεσφάγησαν.

818 3392 946 3447 Post
971 3393 1089 3447 hzec
1115 3394 1171 3447 in
1203 3392 1441 3447 Siciliam
1478 3394 1699 3448 molitus
1727 3394 2125 3462 expeditionem
2158 3392 2309 3446 Basi-
2342 3394 2384 3451 C
2488 3389 2557 3440 Βο

2240 3392 2309 3446 si-
2342 3394 2384 3451 C
2488 3388 2824 3455 Βουλόμενος
2855 3386 2911 3439 δὲ
2944 3390 2970 3439 ό
3014 3387 3266 3454 βασιλεὺς
3292 3388 3693 3455 ἐκστρατεῦσαι
3722 3389 3860 3444 κατά
3882 3390 3981 3457 τῆς

751 3482 1127 3538 lius'Orestam
1158 3484 1444 3552 quemdam
1478 3484 1545 3537 de
1578 3482 1852 3537 ﬁdissimis
1895 3483 2005 3538 suis
2048 3482 2312 3537 eunuchis

752 3574 1030 3643 praemittit
1054 3589 1175 3629 cum
1214 3574 1422 3645 magnis
1450 3574 1641 3643 copiis.
1677 3574 1798 3642 Ipse
1827 3573 1937 3627 lato
1979 3574 2312 3641 interceptus

752 3664 1007 3733 subsequi
1036 3680 1143 3719 non
1178 3665 1360 3719 valuit.
1391 3664 1524 3718 Nam
1558 3681 1745 3719 mense
1785 3665 2090 3725 Decembri,
2141 3663 2312 3717 indic-

749 3756 898 3810 tione
958 3772 1124 3819 nona,
1179 3771 1323 3809 anno
1364 3755 1524 3820 6554,
1566 3755 1747 3809 subito
1798 3764 2080 3823 correptus
2124 3753 2313 3807 morbo

749 3848 999 3901 decessit.
1054 3847 1245 3901 Paucis
1315 3857 1441 3901 ante
1490 3856 1720 3901 mortem
1776 3846 1894 3914 ejus
1967 3846 2159 3900 diebus
2196 3845 2313 3898 obit

752 3938 1069 3992 Eustathius
1092 3937 1430 4007 patriarcha;
1485 3936 1537 3989 in
1583 3938 1741 4005 cujus
1785 3938 1959 3990 locum
2020 3938 2313 4004 imperator

748 4028 1030 4082 substituit
1084 4028 1334 4082 Alexium
1382 4029 1733 4090 monachum,
1794 4026 2039 4081 Studiani
2100 4026 2312 4097 collegii

750 4120 1087 4190 magistrum,
1139 4120 1234 4189 qui
1287 4120 1353 4174 ad
1414 4120 1590 4189 ipsum
1641 4120 1906 4174 invisendi
1946 4118 2111 4189 480
2150 4133 2313 4173 causa

753 4221 991 4275 venerat,
1032 4211 1265 4266 allerens
1317 4226 1501 4266 secum
1556 4223 1719 4281 caput
1774 4212 2000 4267 Joannis
2045 4211 2310 4280 baptistze.

753 4302 887 4355 Eum
913 4316 1040 4372 ergo
1070 4317 1191 4355 cum
1222 4318 1317 4371 per
1341 4300 1607 4356 Joannem
1640 4302 2096 4371 protonotarium,
2158 4302 2314 4370 cujus

752 4407 917 4461 opera
949 4393 1001 4444 in
1029 4392 1472 4447 administrandis
1503 4393 1737 4462 publicis
1769 4393 1996 4463 negotiis
2036 4392 2311 4455 utebatur,

750 4484 804 4537 in
838 4484 973 4538 solio
1002 4484 1325 4553 patriarcha:
1358 4484 1698 4546 eollocasset.
1744 4501 1971 4554 vespere
1998 4485 2310 4554 exspiravit.

754 4574 900 4628 Vixit
926 4590 1102 4629 annos
1137 4576 1223 4641 70,
1255 4592 1391 4645 quos
1422 4592 1612 4631 omnes
1653 4577 1914 4646 regnavit.
1948 4576 2106 4631 Solus
2128 4586 2309 4631 autem

2417 3478 2665 3540 Σικελίας
2701 3478 2958 3547 Ὀρέστην
2985 3477 3303 3547 προέπεμψε
3328 3478 3464 3547 μετὰ
3489 3478 3770 3547 δυνάμεως
3795 3480 3979 3549 ἁδρᾶς,

2416 3567 2510 3619 ἕνα
2540 3566 2668 3619 ὄντα
2702 3566 2809 3617 τῶν
2859 3565 3196 3618 πιστοτάτων
3257 3566 3547 3636 εὐνούχων,
3578 3568 3738 3631 αὐτὸς
3766 3568 3819 3619 δὲ
3844 3570 3983 3621 ἐκω-

2415 3657 2548 3728 λύθη
2581 3658 2887 3726 φθάσαντος
2937 3657 3026 3709 τοῦ
3077 3657 3269 3726 χρεών.
3334 3658 3653 3727 Δεκεμϐρίῳ
3703 3664 3812 3728 γάρ
3850 3662 3980 3729 μηνὶ

2417 3748 2497 3813 ιε’,
2540 3750 2869 3811 ίνδικτιῶνος
2909 3748 2971 3813 θ’,
3006 3750 3157 3813 ἔτους
3186 3750 3659 3821 ,ςφλδκ-αίφνιδίῳ
3710 3752 3849 3821 νόσῳ
3882 3753 3979 3822 λη-

2416 3842 2568 3909 φθεὶς
2592 3841 2822 3903 ἀπεδίω,
2862 3844 2965 3910 πρό
2995 3858 3159 3895 τινων
3192 3844 3412 3911 ἡμερῶν
3448 3844 3543 3911 τῆς
3580 3843 3744 3896 αὑτοῦ
3796 3845 3979 3897 τελευ-

2413 3932 2515 4001 τῆς
2545 3933 2637 3984 ml.
2672 3932 2969 3984 Εὑσταθίου
3003 3932 3093 3985 τοῦ
3128 3934 3473 4005 πατριάρχου
3504 3936 3888 4001 ἀποθανόντος,
3918 3934 3978 3991 οῦ

2415 4024 2654 4091 διάδοχον
2712 4025 2741 4076 ὁ
2790 4023 3041 4091 βασιλεὺς
3098 4025 3391 4092 ἐποιήσατο
3448 4026 3684 4091 Ἀλέξιον
3744 4027 3975 4097 μοναχὸν

2416 4116 2509 4169 καὶ
2547 4113 2958 4184 καθηγούμενον
2986 4116 3081 4180 τῆς
3125 4116 3289 4183 μονῆς
3314 4116 3405 4167 τοῦ
3433 4116 3705 4179 Στουδίου,
3749 4117 3826 4181 εἰς
3858 4119 3976 4169 ἐπί-

2418 4208 2608 4275 σκεψιν
2643 4205 2806 4258 αὐτοῦ
2842 4205 3208 4272 πεφοιτηκότα
3234 4206 3370 4274 μετά
3396 4207 3495 4274 τῆς
3523 4208 3707 4275 τιμίας
3734 4210 3974 4277 κεφαλῆς

2415 4298 2508 4352 τοῦ
2536 4298 2871 4367 Προδρόμου.
2912 4299 3008 4349 ’ον
3036 4298 3132 4349 καὶ
3168 4296 3385 4366 πέμψας
3416 4298 3710 4366 ὲνθρονίζει
3757 4298 3846 4352 διὰ
3881 4300 3975 4352 τοῦ

2417 4391 2848 4461 πρωτονοταρίου
2910 4386 3173 4451 Ἰωάννου,
3208 4383 3249 4455 ᾧ
3285 4390 3530 4458 συνεργῷ
3592 4390 3787 4460 ἐχρῆτο
3842 4392 3976 4459 πρὸς

2415 4482 2511 4553 τὴν
2534 4481 2639 4533 τῶν
2669 4480 2860 4533 κοινῶν
2883 4480 3169 4547 διοίκησιν.
3202 4481 3308 4530 Καὶ
3335 4482 3399 4547 τῇ
3432 4480 3639 4549 ἑσπέρᾳ
3691 4480 3974 4546 ἐτελεύτη-

2417 4589 2497 4637 σε,
2533 4573 2701 4642 ζήσας
2738 4574 2833 4640 μὲν
2866 4571 2957 4640 ἐτη
2993 4571 3055 4632 ο’,
3088 4573 3177 4622 καὶ
3203 4572 3268 4623 τὰ
3299 4571 3473 4623 πάντα
3506 4569 3845 4638 βασιλεύσας,
3888 4573 3981 4622 ἐπὶ

749 4680 1019 4719 summum
1045 4665 1327 4734 imperium
1363 4668 1718 4737 gessitannos
1749 4668 1835 4722 50.
1866 4667 2108 4721 Fratrem
2142 4670 2311 4737 impe~
2342 4732 2374 4737 _
2414 4680 2490 4733 χρη

2239 4682 2311 4722 ιε.
2342 4732 2374 4737 _
2414 4665 2640 4733 χρόνους
2678 4664 2733 4716 δὲ
2774 4661 2814 4713 ν’
2852 4664 2948 4731 τὴν
2984 4663 3357 4732 αὐτοκράτορα
3385 4662 3623 4724 suam;
3654 4666 3846 4733 ἀρχήν.
3881 4666 3980 4715 Τα-

754 4755 815 4805 rii
854 4769 1227 4809 successorem
1260 4757 1519 4823 instituit,
1565 4757 1723 4825 eique
1768 4758 2046 4812 mandavit
2084 4752 2143 4812 ut
2169 4774 2227 4813 se
2256 4759 2308 4813 in
2342 4732 2387 4788 D
2418 4756 2491 4823 φῆ

2256 4759 2308 4813 in
2342 4732 2387 4788 D
2418 4732 2584 4823 φῆναι
2608 4756 2663 4806 δὲ
2701 4755 3039 4822 παρεκάλεσε
3080 4755 3167 4805 τὸν
3219 4753 3411 4806 ἑαυτοῦ
3469 4732 3727 4822 ἀδελφὺν,
3765 4755 3823 4807 ὃν
3887 4757 3977 4808 καὶ

744 4842 976 4898 Joannis
1032 4847 1381 4917 evangelistae
1430 4863 1493 4903 ac
1537 4850 1772 4920 theologi
1844 4849 1971 4904 lano
2037 4850 2310 4920 sepeliret,

750 4937 893 5004 apud
924 4936 1287 4993 llehdomum.
1320 4939 1487 5009 quue
1513 4942 1558 4995 is
1579 4950 1662 4995 est
1687 4951 1995 4997 exsecutus.

822 5116 1215 5173 Constantinus
1240 5120 1471 5190 imperio
1514 5121 1737 5190 potitus,
1790 5130 2090 5189 nactusque
2149 5121 2316 5177 licen-

748 5206 875 5260 tiam
918 5210 1110 5277 agendi
1155 5226 1276 5278 qua:
1342 5210 1524 5278 vellet,
1585 5212 1752 5265 multa
1806 5212 2115 5281 reipublicae
2175 5213 2313 5266 mala

748 5299 917 5351 dedit.
949 5298 1163 5369 Quippe
1191 5303 1353 5356 homo
1405 5304 1587 5366 pravis
1648 5304 1845 5357 studiis
1898 5305 2131 5371 deditus,
2177 5306 2310 5358 nihil

750 5402 940 5439 eorum
984 5404 1102 5456 qua:
1146 5390 1305 5444 cilicii
1358 5401 1515 5445 erant
1558 5393 1641 5445 vel
1685 5394 1981 5462 agebatvel
2026 5394 2309 5463 cogitabat,

752 5478 895 5533 ludis
920 5489 1101 5535 autem
1134 5484 1477 5551 equestribus
1508 5494 1562 5538 ct
1588 5484 1766 5539 mimis
1794 5501 1857 5539 ac
1888 5485 2088 5539 scurris
2130 5486 2280 5539 deicc

2418 4844 2661 4913 διάδοχον
2692 4843 2951 4895 κατέλιπε
2983 4842 3081 4910 τῆς
3110 4844 3304 4912 ἀρχῆς,
3339 4845 3395 4893 ὲν
3425 4843 3502 4912 τῷ
3536 4845 3675 4896 κατά
3707 4844 3767 4895 τὸ
3796 4844 3979 4897 ’Ἑϐδο-

2422 4953 2522 5005 μον
2549 4936 2657 5004 ναῷ
2714 4934 2807 4987 τοῦ
2838 4935 3222 5002 εὐαγγελιστοῦ
3263 4938 3357 4987 καὶ
3404 4935 3663 5003 Θεολὸγου
3685 4952 3699 4967 ο
3728 4936 3756 4987 δ
3778 4937 3839 5007 δὴ
3888 4941 3980 4991 καὶ

2419 5028 2662 5095 γέγονεν.

2503 5120 2944 5187 Ἀναςωσάμενο;
2980 5119 3034 5170 δὲ
3062 5118 3159 5187 τὴν
3200 5118 3419 5173 ἃπασαν
3449 5118 3766 5172 δυναστείαν
3788 5122 3815 5173 ὁ
3838 5121 3981 5172 Κων-

2425 5213 2721 5272 σταντῖνος,
2752 5214 2845 5260 καὶ
2877 5211 3135 5278 πράττειν
3165 5211 3193 5262 ὅ
3222 5228 3275 5262 τι
3310 5210 3401 5261 καὶ
3438 5211 3693 5280 βούληται
3736 5210 3980 5277 ἐξουσίαν

2422 5302 2752 5364 λαϐὼν,ζκα“ι
2780 5303 2897 5362 ταῖς
2945 5301 3417 5372 ἐκδεδιῃτημέναις
3458 5302 3663 5371 χαίρων
3701 5303 3808 5354 τῶν
3840 5304 3980 5372 apd-

2423 5393 2579 5458 ξεων,
2606 5393 2813 5445 πολλῶν
2846 5392 3030 5445 κακῶν
3064 5393 3233 5455 αἴτιος
3262 5394 3469 5464 ὑπῆρξε
3496 5396 3574 5465 τῷ
3605 5395 3982 5462 πολιτεύματι,

2420 5485 2580 5547 αὐτὸς
2617 5484 2715 5553 μὲν
2749 5484 3005 5554 πράττων
3043 5484 3192 5537 οὐδὲν
3218 5483 3250 5555 ἢ
3275 5485 3657 5554 βουλευόμενος
3683 5486 3789 5538 τῶν
3834 5486 3980 5538 656-2-

1808 5666 2154 5720 xvumnm
2217 5664 2302 5720 ET
2352 5664 2561 5719 coam
2632 5640 2862 5720 Noua.

823 5796 933 5867 (7t)
977 5797 1070 5852 llis
1106 5800 1437 5869 temporibus
1469 5803 1656 5854 duum
1692 5803 1876 5855 habuit
1906 5802 2309 5868 'l’licssalonica,
2347 5802 2768 5857 etdecrcsccnte
2802 5798 3028 5868 imperio
3053 5798 3386 5868 augebantur
3408 5800 3715 5869 dignitatcs.
3745 5800 3909 5857 tiam.
