4410 6442
407 390 514 454 213

1471 382 2012 448 HISTORIARUM
2064 381 2589 447 COMPENDIUM.

3532 377 3641 444 ιιι

407 519 537 562 των,
572 498 954 568 ἱπποδρομίαις
980 498 1038 552 δὲ
1061 497 1268 568 χαίρων
1302 498 1397 551 καὶ
1435 497 1621 567 μίμοις
1650 498 1745 550 καὶ
1801 495 1974 564 γελω-
2005 496 2049 554 Λ
2079 494 2148 549 tal

1904 512 1974 548 ω·-
2005 496 2049 554 A
2079 494 2315 561 tabatur,
2362 495 2713 566 potandoque
2759 501 2946 548 noctes
2996 491 3267 548 trahebat.
3331 489 3530 548 Civiles
3578 508 3645 551 ac

408 591 663 651 τοποιοῖς,
699 590 791 641 καὶ
835 589 1022 652 κύϐοις
1059 592 1153 642 καὶ
1201 587 1488 651 κοττάόοις
1546 586 1970 657 έννυκτερεύων,

416 681 681 748 ἄρχοντας
718 677 978 740 καθιστὰς
1009 677 1065 729 ἐν
1133 695 1191 730 τε
1233 677 1608 748 πολιταρχίαις
1648 679 1742 730 καὶ
1776 691 1975 746 στρατο

413 771 598 840 ηγίαις
644 770 707 820 οὐ
740 771 864 832 τοὺς
913 768 1058 839 έργῳ
1111 770 1208 822 καὶ
1255 769 1400 838 λόγῳ
1417 769 1478 822 τὸ
1521 768 1741 839 δόκιμον
1768 767 1976 822 ἑαυτῶν

410 861 843 930 παρεχομένους,
876 860 1001 911 ἀλλ’
1028 859 1320 928 οίνόληπτα
1363 859 1752 931 ἐπιτετμημένα
1774 857 1976 929 ἀνδρά-

418 950 553 1003 ποδα
589 951 682 1002 καὶ
741 949 919 1015 πάσης
969 950 1190 1019 μιαρίας
1229 952 1329 1003 ’καὶ
1368 950 1642 1021 βδελυρίας
1695 951 1978 1023 ἐμπεπλη-

414 1040 607 1106 σμένα,
641 1039 854 1106 ἀνάγων
876 1039 1069 1101 αὐτοὺς
1115 1041 1195 1101 είς
1235 1039 1332 1103 τὰς
1353 1041 1462 1100 τῶν
1490 1041 1812 1112 ἀξιωμάτων
1841 1043 1980 1113 ὑψη-

415 1133 648 1193 λοτάτας
677 1149 739 1184 πε
750 1131 980 1201 ριωπάς,
1004 1132 1130 1195 τοὺς
1153 1131 1210 1184 δὲ
1237 1132 1380 1198 γένει
1405 1132 1500 1186 καὶ
1527 1133 1693 1202 ἀρετῇ
1718 1133 1813 1187 καὶ
1859 1133 1980 1186 πεί-

418 1237 487 1289 ρα
517 1222 848 1288 προέχοντας
882 1222 1264 1292 παρατρέχων.
1295 1222 1559 1274 Νικόλαον
1586 1224 1692 1290 γὰρ
1719 1223 1810 1276 τὸν
1827 1223 1980 1293 πρῶ-

416 1326 509 1361 τον
534 1310 642 1361 τῶν
673 1311 839 1363 αὐτοῦ
871 1311 1270 1382 θαλαμηπόλων
1291 1313 1608 1383 δομὲστικον
1651 1314 1981 1384 προεϐάλετο

416 1402 524 1452 τῶν
549 1401 755 1470 σχολῶν
784 1405 878 1456 καὶ
909 1403 1427 1474 παρακοιμώμενον,
1459 1402 1544 1475 [Ρ.
1576 1403 1700 1476 720]
1728 1405 1978 1473 Νικηφό-

417 1509 509 1562 ρον
537 1492 592 1544 δὲ
620 1493 705 1545 τὸν
746 1496 863 1562 μετ’
899 1496 1105 1548 ἐκεῖνον
1133 1495 1202 1547 τὰ
1251 1495 1523 1565 δευτερεῖα
1558 1496 1792 1566 φέροντα
1825 1513 1978 1565 πρω-

413 1581 802 1652 τοὸεστιάριον,
830 1583 1056 1652 Συμεὼν
1084 1584 1140 1636 δὲ
1182 1584 1272 1636 τὸν
1299 1585 1436 1638 κατά
1488 1585 1586 1653 τὴν
1613 1585 1761 1648 τάξιν
1804 1585 1982 1652 τρίτον

413 1672 773 1742 δρουγγάριον
818 1674 916 1742 τῆς
968 1673 1193 1742 βίγλας,
1243 1676 1538 1744 προέδρους
1591 1677 1717 1738 τοὺς
1774 1677 1980 1738 πάντας

417 1765 674 1833 τιμήσας,
705 1763 1003 1818 Εὑστάοιόν
1036 1781 1094 1818 τε
1124 1765 1214 1818 τὸν
1271 1766 1560 1818 πολλοστὸν
1587 1767 1702 1834 μετ’
1743 1768 1984 1828 ἐκείνους

421 1852 593 1918 μέγαν
624 1853 1026 1921 ὲταιρειάρχην.
1076 1853 1417 1922 Προεϐἀλετο
1450 1853 1504 1904 δὲ
1542 1855 1632 1906 καὶ
1659 1854 1824 1906 δοῦκα
1867 1853 1978 1906 ’Λν-

416 1942 652 2008 τιοχείας
706 1941 960 2010 εὑνοῦχόν
1006 1961 1128 1996 τινα
1183 1945 1490 2015 Σπονδύλην
1529 1944 1845 2014 λεγόμενον,
1891 1947 1984 1996 καὶ

431 2034 668 2103 Ἰϐηρίας
708 2035 956 2103 Νικήταν
980 2038 1066 2087 τὸν
1096 2039 1158 2088 ἐκ
1196 2038 1496 2099 ιΙισσιδίας,
1521 2038 1616 2090 καὶ
1635 2037 1802 2104 ἄμφω
1828 2038 1985 2107 ἐπιρ-

437 2125 630 2191 ρήτους
698 2123 1018 2193 ἀνθρώπους
1074 2127 1169 2178 καὶ
1215 2129 1517 2196 πονηρούς·
1576 2129 1768 2188 οἵτινες
1822 2143 1987 2194 ταρα-

421 2216 523 2282 ἴῆς
571 2216 665 2266 καὶ
725 2217 1037 2283 συγχύσεως
1099 2218 1164 2269 τὰ
1225 2220 1401 2271 πάντα
1463 2217 1850 2286 πληρώσαντες
1902 2235 1985 2286 μιν

421 2304 554 2373 κροῦ
590 2307 688 2372 τὴν
722 2305 995 2375 βασιλείαν
1018 2306 1318 2377 ἀνέτρεψαν
1349 2309 1448 2377 ἤδη
1495 2308 1675 2370 καλῶς
1709 2309 1987 2377 ἀγομένην

422 2393 529 2443 ἀπό
562 2410 620 2444 τε
649 2395 746 2462 τῆς
787 2395 1219 2464 αὐτοκρατορίας
1263 2396 1541 2463 Ῥωμανοῦ
1565 2397 1659 2449 τοῦ
1697 2400 1810 2450 τοῖν
1840 2397 1990 2462 βασι-

425 2482 568 2534 λέοιν
593 2484 820 2552 πατρὸς,
854 2485 1167 2552 Νικηφόρου
1190 2485 1245 2536 δὲ
1274 2489 1365 2538 καὶ
1409 2487 1652 2539 Ἰωάννου
1678 2488 1772 2540 καὶ
1829 2488 1989 2538 Βασι-

421 2572 564 2625 λείου
595 2575 701 2625 τῶν
729 2575 1142 2644 κατά’ὃιαδοχάς
1167 2577 1474 2645 δεξαμένων
1500 2580 1567 2631 τὰ
1596 2580 1848 2647 σκῆπτρα
1901 2580 1992 2630 καὶ

427 2662 664 2732 φοϐερὰν
725 2664 1134 2731 καθισταμένην
1179 2668 1289 2726 τοῖς
1347 2667 1734 2737 πλησιάζουσιν
1790 2666 1987 2718 ἔθνεσι.

428 2752 539 2805 Καὶ
568 2747 627 2804 οὖ
670 2754 830 2822 μόνον
889 2753 1182 2821 ἀδιάφορον
1209 2749 1317 2822 εἷχε
1358 2736 1456 2823 τὴν
1504 2736 1728 2824 γνώμην
1785 2756 1842 2806 ὲν
1872 2755 1991 2814 ταῖς

425 2843 535 2895 τῶν
559 2843 742 2913 ἀρχῶν
791 2843 1199 2914 προϐολαῖς,ώς
1246 2844 1435 2914 ἔτυχεν
1485 2846 1653 2908 αὑτάς
1711 2843 1991 2907 καθιστὰς,

426 2936 566 2990 ἀλλὰ
623 2938 718 2988 καὶ
778 2937 903 2998 τοὺς
977 2935 1430 3007 ἀξιολογωτέρους
1521 2939 1616 2990 καὶ
1694 2937 1994 3006 δοκιμωτέ-

429 3049 558 3098 ρους
592 3031 780 3082 ἐδίωκε
834 3031 923 3081 διὰ
964 3029 1190 3090 παιτὸς,
1244 3034 1351 3092 τοῖς
1411 3030 1712 3100 εὐδοκίμοις
1769 3028 1992 3081 ἐπιϐου-

2079 585 2300 642 bellicos
2345 587 2691 657 magistratus
2737 599 2846 639 non
2902 584 2966 638 iis
3019 584 3108 654 qui
3167 583 3312 640 facto
3363 593 3457 638 aut
3496 575 3643 639 dicto

2079 676 2337 730 virtutem
2369 691 2521 731 suam
2571 684 2820 731 testatam
2870 673 3127 728 fecissent
3179 673 3492 729 mandavit:
3550 673 3647 727 sed

2081 765 2372 838 praeteritis
2428 765 2495 819 iis
2544 765 2633 834 qui
2691 779 2908 835 genere,
2946 762 3147 817 virtute
3195 779 3405 832 usuque
3457 776 3642 838 rerum

2080 835 2378 928 pollebant,
2411 857 2478 912 ad
2506 871 2746 911 summas
2795 855 3089 927 dignitates
3133 852 3325 916 extulit
3373 835 3645 923 mancipia

2079 951 2296 1007 ebriosa
2328 957 2492 1020 atque
2521 948 2727 1003 evirata
2747 946 3112 1016 omnibusque
3156 944 3364 1014 polluta
3408 941 3646 1014 ﬂagitiis.

2080 1042 2293 1099 Etenim
2325 1040 2632 1104 Nicolaum,
2655 1038 2980 1094 famulorum
3037 1035 3272 1093 cubiculi
3308 1035 3646 1106 principem,

2082 1134 2390 1190 scholarum
2442 1132 2797 1188 domesticum
2863 1138 2919 1184 et
2988 1129 3356 1184 accubitorem
3421 1128 3648 1192 creavit,

2081 1224 2468 1293 Nicephorum,
2522 1222 2590 1282 ab
2637 1237 2702 1277 eo
2766 1220 3098 1292 proximum,
3149 1215 3647 1288 protovestiarium,

2085 1315 2421 1381 Simeonem,
2454 1314 2614 1370 tertio
2641 1313 2756 1369 loco
2799 1312 3068 1376 habitum,
3115 1308 3466 1381 drungarium
3515 1306 3651 1375 vigi-

2085 1407 2204 1474 liae;
2259 1406 2433 1475 iisque
2500 1402 2754 1459 omnibus
2809 1403 3072 1458 honorem
3137 1399 3384 1470 praesidis
3438 1397 3647 1453 tribuit.

2082 1497 2242 1570 48],
2275 1494 2641 1560 Eustathium,
2673 1493 2766 1565 qui
2815 1493 2977 1565 longo
3027 1494 3165 1547 istos
3219 1487 3653 1558 subsequebatur

2086 1584 2392 1650 intervallo,
2451 1600 2660 1655 magnae
2721 1581 3024 1639 sodalitatis
3087 1582 3282 1635 ducem
3344 1576 3647 1633 constituit.

2084 1677 2388 1733 Antiochia:
2420 1675 2612 1730 ducem
2651 1675 2778 1730 fecit
2810 1671 3119 1744 Spondylen
3157 1671 3444 1740 quemdam
3477 1683 3644 1724 eunu-

2088 1770 2272 1834 chum,
2319 1778 2375 1823 et
2429 1768 2616 1823 Iberia:
2671 1765 2916 1821 Nicetam
2987 1780 3017 1819 e
3076 1763 3272 1818 Pisidia
3337 1761 3648 1824 oriundum,

2090 1869 2376 1929 utrumque
2410 1859 2627 1913 malitia:
2664 1857 2898 1910 infamis.
2932 1855 2997 1909 lli
3033 1853 3354 1910 tumultibus
3393 1851 3572 1907 omnia
3599 1859 3656 1904 et

2089 1950 2409 2006 confusione
2426 1949 2714 2018 implentes
2733 1955 3047 2001 everterunt
3066 1943 3458 2015 propemodum
3482 1942 3656 2010 impc-

2091 2043 2229 2097 rium
2259 2081 2272 2104 ,
2304 2041 2448 2110 quod
2469 2041 2578 2109 jam
2605 2038 2732 2094 inde
2761 2053 2792 2092 a
2821 2036 3070 2091 Romano
3108 2037 3272 2105 hujus
3293 2044 3468 2104 patre,
3499 2046 3652 2102 scep-

2089 2140 2229 2184 trum
2284 2130 2474 2184 ordine
2527 2129 2836 2199 gerentibus
2887 2127 3216 2195 Nicephoro,
3269 2124 3530 2178 Tzimisea
3599 2132 3656 2176 et

2088 2221 2305 2284 Basilio,
2333 2219 2591 2274 floruerat
2613 2236 2675 2274 ac
2706 2219 2898 2273 terrori
2927 2219 3120 2272 vicinis
3158 2217 3410 2286 gentibus
3459 2214 3651 2267 fuerat.

2093 2317 2156 2368 Et
2187 2329 2316 2368 vero
2340 2311 2732 2368 Constantinus
2775 2324 2884 2364 non
2928 2310 3087 2364 modo
3126 2310 3332 2378 absque
3376 2306 3576 2361 indicio
3603 2315 3657 2360 et

2091 2417 2295 2460 temere
2324 2403 2669 2474 magistratus
2691 2400 2921 2471 legebat,
2954 2400 3048 2454 sed
3069 2396 3656 2469 etpraastantissimum

2092 2509 2363 2565 quemque
2392 2493 2624 2548 vexabat
2675 2506 2738 2545 ac
2762 2505 2883 2545 nen-
2903 2490 3148 2545 cessabat
3185 2488 3486 2544 illustribus
3526 2488 3658 2542 viris

2094 2585 2364 2639 insidiari.
2437 2582 2548 2637 Hoc
2618 2582 2782 2637 modo
2845 2581 3265 2639 Constantinum
3345 2581 3653 2650 patricium,

2093 2679 2333 2749 magistri
2394 2665 2879 2731 MichaeliBurlzae
2934 2675 3127 2736 ﬁlium,
3180 2675 3353 2729 oculis
3403 2673 3656 2744 privavit,

2095 2771 2336 2826 offensus
2366 2769 2434 2822 ab
2460 2784 2526 2822 eo
2557 2777 2683 2822 ante
2716 2767 2909 2820 initum
2939 2765 3247 2834 imperium,
3279 2766 3432 2819 fratri
3460 2764 3658 2818 Basilio

2097 2861 2270 2928 turpia
2296 2860 2462 2929 ipsius
2486 2859 2624 2913 facta
2664 2859 2958 2913 indicante.
3009 2855 3076 2910 Et
3115 2857 3250 2910 alios
3283 2856 3426 2910 haud
3455 2870 3657 2925 paucos

2097 2961 2419 3024 prastantes
2477 2952 2624 3005 viros
2683 2965 2714 3005 e
2761 2948 2942 3003 medio
2988 2948 3229 3008 sustulit,
3277 2957 3335 3001 ut
3391 2962 3492 3002 suo
3539 2948 3658 3001 loco

2095 3043 2324 3097 dicetur.
2363 3039 2512 3096 Talia
2555 3056 2684 3111 ergo
2729 3039 2948 3094 fuerunt
3008 3038 3218 3108 imperii
3270 3039 3430 3108 hujus
3483 3037 3656 3092 initia.

437 3123 629 3174 λεύων.
695 3124 1081 3192 Ἀπετύφλωσε
1151 3122 1246 3190 μὲν
1316 3122 1419 3189 γὰρ
1488 3124 1577 3175 καὶ
1649 3125 2178 3208 Κωνσταντῖ-Οριι

1917 3125 1996 3172 τῖ’·
2025 3152 2066 3208 c
2098 3131 2229 3199 Qua:
2248 3135 2536 3188 subsecuta
2562 3143 2710 3195 sunt,
2735 3145 2980 3201 quaenam
3008 3131 3177 3200 possit
3204 3130 3366 3200 digne
3389 3129 3658 3199 explicare

430 3230 520 3265 νον
590 3213 877 3282 πατρίκιον
943 3215 1034 3265 τὸν
1088 3213 1205 3264 υἱὸν
1252 3212 1470 3282 Μιχαὴλ
1530 3212 1831 3282 μαγίστρου
1904 3212 1998 3263 τοῦ

432 3303 696 3373 Βοὺρτζη,
733 3306 838 3374 πρὸ
866 3306 962 3372 τῆς
992 3305 1418 3374 αὐτοκρατορίας
1464 3303 1628 3355 αὖτοῦ
1681 3305 1992 3373 προσκρού-

431 3414 558 3448 οντα
589 3399 681 3448 καὶ
717 3401 811 3456 τας
843 3395 1176 3456 ἀκολάστους
1199 3393 1347 3461 αὐτῷ
1376 3390 1599 3462 πράξεις
1633 3393 1900 3462 Βασιλείῳ
1922 3393 1999 3460 τῷ

437 3487 645 3556 βασιλεῖ
679 3488 971 3556 μηνύοντα,
1018 3485 1112 3538 καὶ
1161 3485 1354 3546 ἄλλους
1398 3487 1495 3537 οὐκ
1545 3484 1757 3550 ὀλίγους
1803 3485 1997 3555 ἄνδρας

431 3580 669 3645 ἀγαυοὺς
703 3580 986 3646 ἠφάνισεν,
1024 3577 1098 3635 ib;
1144 3576 1349 3646 προῖὼν
1381 3575 1570 3647 ἐξείπῃ
1597 3578 1624 3627 ὁ
1672 3575 1847 3642 λόγος.
1888 3578 1995 3628 Καὶ

435 3674 502 3721 τα
539 3669 636 3736 μὲν
666 3669 930 3737 προοίμια
978 3665 1076 3734 τῆς
1134 3665 1562 3732 αὐτοκρατορίας
1600 3663 1764 3716 αὑτοῦ
1827 3663 2000 3715 ταῦτα

435 3761 531 3812 καὶ
560 3762 782 3812 τοιαῦτα
810 3776 822 3788 ·
853 3760 920 3810 τὰ
976 3759 1031 3810 δέ
1085 3758 1225 3823 μετὰ
1257 3757 1424 3809 ταῦτα
1457 3757 1583 3809 ποία
1627 3757 1694 3809 ἂν
1731 3758 1822 3808 καὶ
1881 3757 1999 3808 κατ’

435 3853 592 3917 ἀξίαν
625 3855 1027 3920 παραστήσειεν
1056 3849 1262 3919 ἱστορία
1289 3849 1520 3912 ;l\r10vwv
1558 3851 1688 3916 γὰρ,
1718 3849 1794 3910 ῶς
1840 3847 1998 3918 ἐρρέ-

434 3946 526 4012 θη,
557 3941 874 4012 ἐξεχόμενος
910 3940 1286 4009 γελωτοποιῶν
1318 3940 1413 3992 καὶ
1475 3939 1678 4008 μίμων,
1731 3937 1823 3991 καὶ
1875 3940 2002 4008 περὶ

435 4037 532 4098 τὰς
570 4036 931 4103 ἱπποδρομίας
959 4035 1141 4102 εἴπερ
1175 4051 1256 4094 τες
1303 4033 1461 4094 ἄλλος
1509 4031 1781 4101 κεχηνὼς,
1839 4031 2000 4100 ἔργον

442 4129 602 4196 μόνον
638 4128 930 4194 ἀναγκαῖον
973 4127 1173 4187 ταύτας
1203 4126 1410 4194 ἡγεῖτο,
1462 4125 1532 4176 τὰ
1569 4124 1732 4176 λοιπά
1774 4122 2000 4193 μηδενὸς

438 4218 605 4283 ἀξιῶν
646 4218 824 4285 λόγου,
861 4216 996 4270 ἀλλὰ
1034 4216 1258 4286 δεύτερα
1293 4215 1640 4286 λογιζόμενος
1695 4214 1802 4268 τῶν
1839 4213 2000 4267 αὐτοῦ

438 4309 749 4364 ἀκολάστων
793 4309 987 4378 ἔργων.
1048 4308 1361 4378 Νικηφόρον
1403 4307 1512 4379 γὰρ
1564 4308 1656 4360 τὸν
1703 4307 2000 4377 Κομνηνὸν,

441 4401 611 4468 ἄνδρα
633 4401 851 4452 συνετὸν
881 4401 974 4453 καὶ
1005 4401 1089 4452 ἐπ’
1118 4401 1287 4470 ἀρετῇ
1319 4401 1414 4452 καὶ
1436 4398 1625 4468 ἀνδρίᾳ
1651 4398 1810 4469 βεὸοη
1821 4397 2001 4467 μένον,

2102 3223 2554 3287 narratio?Solis,
2587 3224 2662 3277 uti
2694 3222 2902 3288 monui,
2932 3221 3144 3276 deditus
3173 3221 3374 3275 scurris
3395 3235 3458 3274 ac
3482 3221 3661 3276 mimis

2099 3324 2152 3366 ct
2213 3313 2376 3376 ludis,
2432 3321 2489 3364 ut
2541 3327 2702 3365 nemo
2767 3326 3004 3380 unquam
3061 3310 3266 3379 magis,
3321 3291 3661 3378 equestribiis

2097 3415 2306 3474 Captus,
2337 3406 2435 3458 hos
2463 3403 2620 3456 unice
2644 3403 2745 3456 sibi
2795 3400 3064 3455 curandos
3097 3401 3483 3466 arbitrabatur,
3533 3400 3660 3454 reli-

2099 3509 2350 3563 quorum,
2379 3493 2523 3562 quod
2552 3507 2615 3546 ea
2645 3491 2759 3546 suis
2789 3491 3009 3560 ineptiis
3030 3505 3094 3544 ac
3115 3490 3429 3545 libidinibus
3483 3501 3662 3559 poste-

2102 3585 2242 3638 riora
2261 3584 2512 3647 ducebat,
2538 3583 2741 3636 nullam
2762 3581 2968 3636 habens
2990 3581 3272 3635 rationem.
3295 3579 3660 3650 Nicephorum

2100 3679 2462 3738 Cuuinenum,
2491 3674 2668 3727 virum
2713 3672 3033 3744 prudentem
3062 3671 3227 3744 482
3273 3686 3335 3726 ac
3389 3672 3584 3728 virtute
3609 3683 3665 3727 et

2101 3766 2419 3823 fortitudine
2491 3765 2776 3835 inclytum,
2840 3764 2934 3834 qui
2983 3764 3327 3833 Aspracaniae
3381 3763 3665 3833 prafet-tus

2106 3860 2329 3915 ﬁnitima
2361 3858 2671 3929 subegerat,
2703 3856 2909 3910 nullam
2946 3855 3017 3910 ob
3042 3855 3241 3925 justam
3291 3869 3532 3917 causam,
3569 3856 3662 3909 sed

2102 3950 2291 4006 virtuti
2332 3948 2571 4004 hominis
2610 3947 2878 4012 invidens,
2927 3945 3224 4015 maiestatis
3254 3959 3409 4000 reum
3433 3945 3563 4000 fecit
3604 3959 3664 3997 ac

2102 4041 2405 4097 luminibus
2440 4038 2672 4096 orbavit.
2703 4039 2755 4094 ls
2803 4036 2949 4094 enim
2983 4034 3324 4107 Nicephorus
3360 4050 3502 4106 saepe
3543 4050 3663 4089 cum

2103 4135 2296 4189 vicinis
2334 4134 2390 4189 in
2421 4132 2591 4189 Media
2629 4130 2915 4187 Saracenis
2943 4144 3290 4202 congressus,
3316 4145 3438 4183 eum
3461 4129 3667 4184 videret

2105 4240 2233 4279 suos
2263 4224 2461 4279 milites
2493 4222 2634 4277 hosti
2664 4221 2895 4293 turpiter
2950 4231 3102 4292 terga
3149 4219 3407 4290 obiicere,
3469 4234 3664 4288 expro-

2105 4316 2319 4371 brando
2342 4316 2421 4370 eis
2468 4312 2773 4380 mollitiem,
2828 4313 3207 4381 hortandoque
3244 4325 3314 4364 ne
3347 4310 3468 4380 fuga
3496 4312 3660 4378 turpi.

2109 4407 2205 4462 sed
2227 4405 2439 4462 fortiter
2469 4404 2758 4476 pugnando
2785 4418 2846 4460 se
2861 4411 3168 4467 tuerentur,
3195 4405 3261 4456 ad
3293 4400 3666 4455 fortitudinem

442 4492 652 4562 Μηδίας
673 4493 909 4562 ἄρχοντα
958 4493 1056 4560 τῆς
1087 4491 1181 4544 καὶ
1217 4492 1644 4562 Ἀσπρακανίας,
1673 4491 1763 4543 τὸν
1798 4491 1893 4544 καὶ
1936 4491 2006 4544 τὰ
2030 4497 2082 4556 D
2108 4515 2183 4554 ου

1936 4491 2082 4556 τᾶΙ)
2108 4500 2386 4554 excitavit.
2453 4498 2698 4566 Cumque
2727 4495 2795 4550 ab
2846 4495 2912 4549 iis
2969 4494 3130 4549 etiam
3157 4492 3514 4561 jurejurando
3564 4493 3665 4545 silui

444 4584 738 4652 πρόσχωρα
766 4581 1112 4647 ὑποτάξαντα
1146 4581 1292 4650 ἔθνη,
1327 4583 1392 4634 δι’
1437 4583 1613 4634 αἰτίαν
1644 4581 1743 4650 μὲν
1785 4580 2004 4648 εὔλογον

442 4675 721 4743 οὐδεμίαν,
771 4675 870 4742 τῆς
911 4675 964 4726 δὲ
998 4675 1200 4744 ἀρετῆς
1259 4674 1530 4742 φθονήσας
1589 4671 2002 4738 ἀπετύφλωσεν,

443 4763 694 4832 ἔγκλημα
718 4764 890 4832 τούτῳ
928 4763 1304 4825 καθοσιώσεως
1338 4762 1667 4830 ἐπενεγκών.
1699 4759 1866 4824 Οὗτος
1898 4764 2005 4832 γὰρ

445 4857 703 4917 πολλάκις
770 4856 1211 4925 συμπλεκόμενος
1265 4860 1375 4918 τοῖς
1428 4858 1666 4922 γείτοσιν
1712 4857 1768 4906 ὲν
1821 4855 2006 4925 Μηδία

446 4949 805 5016 Σαρακηνοίς.
832 4949 929 5000 καὶ
965 4949 1092 5009 τοὺς
1125 4950 1318 5000 ἑαυτοῦ
1360 4947 1694 5018 στρατιώτας
1719 4948 2008 5015 μαλακιζοο

452 5043 642 5106 μένους
673 5041 814 5110 ὁρῶν
861 5043 952 5093 καὶ
991 5041 1059 5092 τά
1082 5041 1226 5094 νῶτα
1261 5039 1588 5110 στρέφοντας
1619 5039 1875 5108 ἀκόσμως
1913 5042 2007 5092 καὶ

448 5128 767 5194 φεύγοντας,
797 5130 888 5180 καὶ
917 5130 982 5181 τὰ
1021 5130 1116 5198 μὲν
1149 5130 1442 5193 ὀνειδίζων,
1482 5131 1546 5180 τά
1589 5129 1645 5179 δὲ
1678 5129 1769 5180 καὶ
1827 5146 2007 5197 παρα-

449 5220 627 5270 κιὶῶν
650 5219 724 5291 μὴ
758 5219 894 5272 οὓτω
918 5221 1136 5288 φεύγειν
1167 5221 1424 5290 αἰσχρῶς,
1459 5220 1572 5271 ἀλλ’
1596 5220 1844 5272 ἵστασθαι
1867 5220 2006 5272 κατά

447 5311 553 5362 τῶν
613 5312 932 5365 ἀντιπάλων
975 5312 1257 5379 γενναίως,
1291 5313 1470 5364 ἔπεισε
1553 5311 2004 5380 συγκαταθέσθαι.

463 5401 546 5454 Ὡε
567 5403 621 5453 δὲ
651 5405 744 5455 καὶ
771 5405 1056 5470 ὲνωςιιότως
1079 5410 1175 5474 τὴν
1209 5406 1503 5458 κατάθεσιν
1531 5407 1824 5476 βεϐαιῶσαι
1854 5402 2007 5465 οὗτος

456 5491 672 5558 ἀπῄτει,
720 5493 799 5545 ὅτι
853 5497 946 5546 σὺν
981 5496 1125 5562 αὐτῷ
1177 5495 1460 5547 οανοῦνται
1523 5497 1820 5566 μαχόμενοι
1876 5501 2011 5566 πρὶς

452 5587 577 5644 τοὺς
609 5585 917 5652 πολεμίους,
949 5589 1220 5655 ἔγγραφον
1254 5587 1579 5640 έκδεὸώκασι
1611 5591 2008 5658 γραμματεῖον,

453 5674 950 5739 παλαμναιοτὰῖαις
996 5680 1153 5748 ἀραῖς
1215 5681 1306 5732 καὶ⁵
1343 5675 1796 5750 φρικωδεστάτοις
1829 5680 2012 5748 ὅρκοις

443 5767 900 5837 ἑμπεδςωσάμενοι
930 5770 1440 5846 στῆναιρωμαλέως
1483 5771 1540 5828 ἐν
1587 5774 1650 5842 τῇ
1710 5771 2010 5841 παρατάξει

2109 4591 2352 4661 promitti
2389 4600 2639 4659 posceret
2660 4604 2786 4645 cum
2817 4588 2933 4658 ipso
2966 4586 3032 4640 ad
3061 4593 3291 4639 mortem
3343 4599 3511 4652 usque
3531 4597 3590 4636 se
3615 4583 3669 4635 in

2109 4684 2321 4737 hostem
2347 4689 2700 4753 pugnaturos,
2732 4680 2934 4749 scripto
2968 4677 3151 4733 libello
3185 4677 3253 4731 ad
3286 4676 3389 4730 hoc
3429 4689 3487 4728 se
3529 4675 3670 4728 obli-

2107 4788 2302 4844 gavere
2326 4812 2340 4837 ,
2374 4773 2428 4825 in
2456 4787 2565 4840 quo
2590 4770 2879 4826 dirissimis
2907 4785 3027 4825 sese
3052 4767 3386 4824 devovebant
3409 4765 3669 4834 impreca-

2108 4862 2367 4928 tionibus,
2388 4861 2494 4915 nisi
2517 4861 2728 4916 fortiter
2750 4860 2803 4913 in
2837 4875 3012 4930 pugna
3049 4865 3252 4913 starent
3285 4856 3418 4910 etad
3442 4863 3668 4910 mortem

2111 4970 2283 5024 usque
2311 4969 2435 5008 cum
2478 4955 2616 5006 duce
2671 4958 3100 5021 perseverarent.
3156 4947 3269 5002 Hoc
3311 4947 3402 5001 ubi
3454 4945 3670 5001 rescivit

2109 5045 2518 5106 Constantinus,
2551 5043 2691 5096 illico
2723 5042 3096 5112 magistratum
3119 5038 3401 5093 Comneno
3426 5037 3668 5105 abrogat,

2111 5138 2506 5204 reductumque
2525 5133 2714 5202 Cpolin
2742 5133 2794 5186 in
2816 5131 3020 5201 judicio
3048 5130 3466 5199 conspirationis
3480 5139 3666 5182 contra

2113 5227 2497 5296 imperatorem
2521 5233 2758 5288 accusat,
2795 5223 3158 5292 damnatoque
3197 5221 3440 5276 criminis
3485 5221 3671 5274 oculos

2111 5318 2277 5372 eruit.
2316 5317 2502 5371 Barda:
2528 5315 2690 5369 etiam
2720 5314 2972 5384 patricio,
3002 5313 3171 5368 Barda
3212 5312 3469 5382 magistro
3495 5311 3670 5365 Phoca

2114 5417 2398 5478 prognato,
2428 5405 2673 5460 infensus
2709 5421 2774 5460 ac
2806 5405 3078 5459 nonnullis
3111 5403 3246 5458 aliis.
3299 5417 3460 5472 opera
3491 5402 3673 5468 cujus-

2113 5498 2237 5551 dam
2263 5496 2680 5552 domesticorum
2714 5511 2933 5550 suorum
2980 5495 3432 5549 ralumniatorunt
3489 5493 3671 5547 dolum

2117 5590 2306 5647 nectit.
2345 5596 2733 5656 accusatosque
2756 5586 3069 5641 insidiarum
3102 5585 3410 5655 imperatori
3447 5594 3675 5640 structa-

2117 5691 2235 5733 rum
2273 5678 2451 5733 statim
2481 5679 2652 5731 oculis
2681 5678 2889 5731 multat.
2913 5669 3027 5732 Sub
3053 5677 3105 5732 id
3143 5687 3354 5746 tempus
3399 5676 3673 5744 Naupacto

2122 5777 2349 5841 prmcrat
2393 5763 2672 5840 Georgius,
2709 5784 2868 5835 quem
2909 5770 2979 5824 ob
3032 5769 3196 5822 animi
3260 5765 3672 5822 inconstantiam
