4410 6442
740 393 847 454 915

2002 391 2322 454 GEORGII
2359 393 2696 459 CEDRENI

3876 394 3984 458 216

737 498 1186 570 Morogeorgimn,
1211 498 1259 552 id
1277 508 1360 552 est
1379 497 1584 554 fatuum
1609 498 1918 570 Georgium.
1945 504 2309 572 appellabant.
2339 515 2391 576 Α
2416 525 2478 561 κσ

2246 513 2309 560 tt.
2339 515 2391 576 Α
2416 510 2511 561 καὶ
2543 507 2835 562 ἀποθανεῖν
2884 511 2980 562 σὺν
3008 509 3087 580 τῷ
3140 509 3452 580 στρατηγῷ.
3510 507 3678 562 Τοῦτο
3716 508 3791 571 ὡς
3823 494 3987 578 ἦλθεν

737 591 786 645 ιι
811 607 934 646 cum
961 591 1263 662 oppidanos
1301 600 1522 645 vexaret
1555 605 1757 661 eosque
1784 608 1850 646 ex
1879 592 2042 665 5.83
2070 596 2306 650 actioni-

741 683 842 737 bus
866 680 1253 738 commentitiis
1294 696 1356 735 ac
1380 681 1797 736 continentibus
1841 691 2119 750 attereret,
2161 686 2308 740 sedi-

741 775 891 830 tione
910 774 1172 828 adversus
1200 775 1376 844 ipsum
1407 781 1592 829 coorta
1624 774 1942 832 interfectus
1966 787 2068 841 est,
2095 787 2151 832 et
2171 777 2310 832 bona

738 869 858 937 ejus
890 866 1124 936 direpta.
1157 866 1455 936 Imperator
1489 881 1598 931 non
1643 876 1892 922 auctores
1936 869 2099 924 modo
2144 870 2311 926 cedis

741 957 1034 1012 crudeliter
1063 957 1260 1028 puniit,
1295 957 1392 1012 sed
1426 965 1481 1012 et
1513 957 1614 1028 ipsi
1670 973 1884 1014 summo
1913 962 2158 1030 pontiﬁci
2191 963 2310 1032 ejus

740 1049 894 1104 urbis
918 1050 1107 1104 oculos
1163 1048 1371 1103 effodit.
1408 1049 1642 1105 Romani
1698 1051 1832 1106 Duri
1886 1051 2016 1119 ﬁlio,
2077 1054 2311 1124 patricio

737 1140 958 1204 Basilio,
987 1140 1251 1195 adversus
1268 1138 1591 1197 Prusianum
1614 1141 1969 1212 Bulgarorum
1984 1143 2308 1216 magistrum

737 1248 802 1288 ac
821 1231 1239 1288 bucellariorutn
1268 1232 1585 1302 praefectum
1620 1232 1809 1288 incidit
1841 1235 2140 1300 contentio,
2172 1252 2307 1291 ven-

737 1333 960 1394 tumque
981 1330 1064 1378 est
1117 1323 1280 1378 etiam
1333 1323 1400 1379 ad
1440 1339 1695 1395 pugnam.
1739 1323 1857 1390 Qua
1897 1340 1992 1381 eos
2039 1327 2309 1383 discordia

736 1414 793 1468 in
823 1413 1038 1484 imperii
1062 1415 1406 1484 majestatem
1443 1415 1790 1486 impudenter
1815 1415 2113 1486 deliquisse
2159 1418 2307 1488 judi-

736 1521 889 1572 cans,
922 1506 1153 1562 alterum
1193 1507 1246 1560 in
1283 1506 1529 1574 Oxeiam,
1565 1507 1616 1560 id
1653 1517 1736 1562 est
1787 1518 2024 1573 acutam,
2052 1509 2305 1577 insulam,

735 1599 967 1652 alterum
996 1597 1052 1652 i'n
1073 1596 1280 1652 Platam
1302 1597 1581 1668 relegavit.
1608 1598 1672 1652 Et
1697 1599 1858 1668 paulo
1888 1609 2013 1668 post
2047 1600 2308 1654 Basilium

736 1684 976 1740 delatum
1011 1687 1156 1756 quod
1201 1685 1380 1758 fugam
1432 1696 1573 1741 esset
1620 1687 1938 1752 meditatus,
1994 1690 2306 1745 excaecavit.

737 1778 1084 1843 l’rusianum,
1125 1795 1248 1836 cum
1279 1779 1326 1832 is
1365 1794 1579 1848 quoque
1622 1779 1675 1832 in
1707 1780 2007 1849 periculum
2039 1783 2106 1836 de
2138 1783 2310 1836 oculis

2414 597 2494 659 είς
2524 591 2638 650 ὦτα
2689 598 2784 652 τοῦ
2816 600 3253 664 Κωνσταντίνου,
3290 599 3634 671 παραλύεται
3698 600 3796 670 μὲν
3823 599 3984 660 εὐθὺς

2413 689 2510 757 τῆς
2541 689 2713 760 ἀρχῆς
2747 690 3108 761 όΝικηφόρος
3155 693 3247 745 καὶ
3289 693 3368 754 εἷς
3408 691 3508 760 τὴν
3570 690 3814 760 βασιλίδα
3880 693 3991 742 είσ-

2414 780 2636 847 άγεται,
2696 782 2980 852 κριτήριόν
3033 800 3090 836 τε
3138 784 3229 835 καὶ
3312 783 3463 854 βῆμα
3503 778 3678 852 ἦρτο,
3743 783 3837 834 καὶ
3893 799 3989 835 κα-

2413 872 2759 937 ταδικάζεται
2823 873 2899 936 ὼς
2969 875 3404 944 συνομοσάμενος
3460 874 3602 928 κατᾶ
3671 878 3770 945 τῆς
3831 875 3985 944 βασις

2413 963 2584 1030 λείας,
2631 965 2727 1018 καὶ
2771 965 2870 1028 τὰς
2901 965 3052 1034 ὄψεις
3085 966 3378 1038 πηροῦται.
3421 965 3506 1036 [Ρ.
3538 966 3665 1038 721]
3717 965 3988 1034 Ἐγκοτῶν

2411 1055 2468 1109 δέ
2513 1056 2609 1110 καὶ
2636 1055 2821 1127 Βάρδα
2850 1057 3130 1128 πατρικίῳ
3159 1058 3238 1128 τῷ
3267 1058 3477 1128 ἐκγόνῳ
3530 1057 3626 1113 τοῦ
3685 1058 3983 1128 μαγίστρου

2412 1146 2594 1217 Βάρδα
2617 1148 2714 1202 τοῦ
2738 1150 2903 1203 Φωκᾶ
2931 1151 3025 1203 καί
3048 1166 3192 1204 τισιν
3233 1149 3438 1215 ἄλλοις,
3470 1151 3671 1221 ῥάπτει
3709 1151 3798 1203 διά
3842 1166 3984 1210 τινος

2409 1237 2518 1290 τῶν
2549 1240 3050 1312 παρατρεφομένων
3079 1241 3432 1310 συκοφαντῶν
3458 1240 3775 1312 τυραννίδος
3801 1241 3983 1292 ἐπίθε-

2415 1344 2498 1382 σιν
2527 1329 2649 1382 κατ’
2683 1329 2870 1395 αὐτοῦ,
2900 1332 2998 1384 καὶ
3020 1330 3182 1394 εὐθὺς
3203 1331 3502 1398 ἀποτυφλοί
3521 1330 3712 1384 τοῦτον
3745 1331 3837 1383 καὶ
3861 1331 3986 1390 τοὺς

2416 1420 2905 1491 συνδιαδληθέντας
2930 1421 3099 1492 αὐτῷ.
3141 1424 3252 1477 Καὶ
3285 1423 3528 1486 στάσεως
3579 1421 3637 1475 δὲ
3685 1421 3987 1490 γενομένης

2412 1515 2469 1566 ἐν
2497 1516 2564 1583 τῇ
2593 1514 2910 1585 Ναυπάκτῳ
2944 1516 3084 1568 κατὰ
3117 1515 3156 1566 Γ
3159 1515 3391 1586 εωργίου
3424 1515 3517 1568 τοῦ
3552 1512 3987 1584 στρατηγοῦντος

2413 1603 2605 1670 αὐτῆς,
2638 1602 2697 1654 ὃν
2731 1604 2825 1655 καὶ
2855 1602 3297 1673 Μωρογεώργιον
3328 1603 3555 1654 ἐκάλουν
3595 1600 3686 1653 διὰ
3717 1599 3774 1651 τὸ
3811 1599 3981 1674 ἄστα-

2413 1710 2504 1744 τον
2529 1693 2626 1761 τῆς
2659 1692 2905 1762 γνώμης.
2939 1696 3246 1764 ἀναιρεῖται
3286 1693 3384 1762 μὲν
3416 1695 3443 1744 ὁ
3477 1689 3809 1759 στρατηγὸς,
3840 1689 3987 1756 διαρ-

2414 1785 2644 1847 πάζουσι
2671 1786 2726 1837 δὲ
2747 1787 2836 1838 καὶ
2860 1788 2927 1838 τὰ
2953 1787 3227 1856 προσόντα
3255 1786 3431 1838 πάντα
3457 1782 3622 1851 αὐτῷ,
3661 1781 3844 1841 κακῶς
3867 1779 3986 1832 δια-

736 1869 851 1923 suis
885 1870 1146 1937 venisset,
1179 1871 1406 1924 missum
1440 1870 1585 1925 fecit.
1622 1871 1816 1924 Oculos
1848 1873 1992 1926 crttit
2041 1884 2302 1942 praeterea
2335 1883 2377 1936 Β
2407 1877 2477 1930 τι(

2246 1890 2302 1928 ea
2335 1883 2377 1936 Β
2407 1877 2690 1946 τιθέμενος
2719 1880 2848 1946 περὶ
2882 1881 3006 1939 τοὺς
3038 1881 3336 1948 ἐγχωρίους
3363 1878 3454 1929 καὶ
3482 1873 3806 1942 εἰσπράξεςι
3839 1887 3987 1922 σεςο-

737 1964 987 2018 liomatto
1023 1963 1274 2030 Curcuaz,
1317 1967 1409 2035 qui
1442 1981 1682 2020 sororem
1716 1964 1962 2018 Prusiani
2007 1965 2059 2017 it:
2112 1967 2303 2019 matri-

739 2055 921 2109 monio
946 2055 1199 2119 habebat,
1224 2055 1497 2125 Bogdano,
1527 2055 1707 2109 Glabze
1730 2066 1784 2109 et
1804 2054 2014 2109 Gudeli.
2045 2056 2302 2126 Linguam

737 2146 899 2198 etiam
931 2146 1173 2214 praecidit
1207 2147 1480 2200 Zachariae
1514 2145 1688 2199 Bestte
1729 2144 1994 2198 Tbeudati
2051 2157 2304 2215 cognato,

737 2249 1081 2292 commentus
1105 2255 1200 2294 eos
1230 2239 1333 2293 sibi
1362 2239 1586 2292 insidias
1609 2237 1892 2292 struxisse.

2416 1970 2704 2038 φισμέναις
2740 1971 2832 2020 καὶ
2862 1970 3107 2037 συνεχέσι
3149 1969 3368 2031 τούτους
3406 1963 3798 2036 συντρ⁷6ων.”0
3833 1962 3986 2030 βασι-

2414 2058 2537 2119 λεῦς
2567 2059 2623 2111 δὲ
2651 2060 2710 2111 ού
2752 2061 2910 2128 μόνον
2969 2062 3333 2128 τοὺςαίτίους
3367 2059 3588 2126 ἀπηνῶς
3624 2057 3849 2110 ἐκόλασε
3893 2051 3986 2104 τοῦ

2420 2151 2603 2217 φόνου,
2650 2153 2788 2204 ἀλλὰ
2811 2153 2903 2206 καὶ
2927 2154 3087 2206 αὑτὸν
3112 2154 3202 2206 τὸν
3242 2153 3500 2222 ἀρχιερέα
3527 2150 3624 2218 τῆς
3659 2146 3988 2200 Ναυπάκτου

2415 2241 2751 2310 ἐτύφλωσεν.
2795 2244 2852 2295 Ὀ
2892 2245 2946 2296 δὲ
2980 2243 3073 2296 τοῦ
3109 2244 3354 2313 Σκληροῦ
3397 2240 3678 2309 Ῥωμανοῦ
3710 2239 3824 2300 υίὸς
3885 2237 3986 2289 Βα-

740 2329 934 2392 σίλειος
970 2329 1277 2399 πατρίκιος,
1308 2328 1668 2399 προσκρούων
1700 2328 1778 2398 τῷ
1805 2328 2090 2398 μαγίστρῳ
2135 2331 2453 2400 Προυσιανῷ
2496 2334 2572 2400 τῷ
2625 2334 2920 2405 Βουλγάρῳ
2970 2336 3367 2408 στρατηγοῦντι
3413 2333 3811 2406 βουκελλαρίων
3848 2330 3983 2399 (³72).

745 2424 803 2485 ἐς
831 2423 1088 2476 τοσοῦτον
1120 2421 1364 2492 προήχθη
1403 2422 1605 2492 τόλμης
1632 2423 1708 2485 ὡς
1740 2422 1834 2475 καὶ
1860 2423 1946 2477 διὰ
1974 2424 2153 2492 μάχης
2176 2426 2349 2493 τούτῳ
2387 2427 2581 2484 ἐλθεῖν.
2599 2429 2816 2482 Τούτων
2843 2431 2940 2500 τὴν
2989 2431 3212 2495 διένεξιν
3237 2433 3640 2492 Κωνσταντῖνος
3685 2431 3712 2480 ό
3743 2425 3986 2496 βασιλεὺς

754 2517 1136 2584 ἀναισχυντίαν
1169 2517 1370 2585 κρίνων
1397 2515 1537 2567 κατὰ
1567 2516 1664 2583 τῆς
1693 2515 1968 2584 βασιλείας
1991 2518 2085 2568 καὶ
2111 2517 2278 2585 ἄμφω
2313 2520 2647 2591 ὑπερορίζει,
2683 2523 2774 2575 τὸν
2801 2523 2898 2593 μὲν
2946 2527 3002 2576 ἐν
3035 2527 3100 2594 τῇ
3150 2525 3327 2593 ὐξείᾳ
3355 2525 3502 2592 νήσῳ
3530 2522 3572 2589 (ἶ
3587 2522 3661 2588 5),
3689 2519 3777 2570 τὸν
3827 2517 3885 2568 δέ
3929 2516 3988 2566 ὲν

739 2609 802 2676 τῇ
843 2607 1048 2677 ι-Ιλάτῃ.
1106 2609 1261 2661 Μετὰ
1322 2606 1516 2676 μικρὸν
1579 2607 1637 2659 δὲ
1699 2609 1793 2659 τὸν
1848 2608 1950 2675 μὲν
2004 2609 2305 2674 Βασίλειον,
2339 2617 2786 2686 κατηγορηθέντα
2813 2619 2887 2681 ὡς
2921 2619 3009 2687 εἴη
3071 2619 3368 2688 ἀπόδρασιν
3424 2617 3694 2687 μελετῶν,

3787 2616 3990 2668 ἀπετυ-

740 2700 1056 2764 φλωσε,τὸν
1079 2700 1137 2753 δὲ
1178 2701 1513 2768 Προυσιανδν
1567 2698 1767 2769 μικροῦ
1793 2701 1902 2752 δεῖν
1959 2700 2117 2754 τοῦτο
2167 2702 2298 2754 αὐτὸ
2330 2706 2622 2760 πείσεσθαι
2647 2709 3027 2762 κινδυνεύοντα
3081 2709 3477 2779 ἠλευθέρωσεν.
3544 2706 3852 2770 Ἐτύφλωσε
3931 2701 3987 2753 δὲ

740 2790 833 2840 καὶ
876 2788 1258 2858 Ῥωμανὺντδν
1290 2789 1633 2859 Κουρκούαν,
1671 2792 1756 2841 ἐπ’
1781 2791 1985 2860 ἀδελφῇ
2019 2792 2148 2844 ὄντα
2173 2794 2422 2862 γαμϐρὸν
2447 2797 2540 2850 τοῦ
2575 2800 2911 2870 Προυσιανοῦ
2973 2802 3066 2853 καὶ
3135 2802 3224 2852 τὸν
3251 2800 3513 2866 Βογδάνον
3550 2799 3643 2851 καὶ
3712 2798 3803 2849 τὸν
3862 2795 3990 2849 Γλα-

739 2883 841 2934 ιὶἄν
882 2881 975 2934 καὶ
1008 2881 1097 2934 τὸν
1137 2881 1420 2950 Γουδέλην.
1457 2882 1938 2952 Ἐγλωσσοτόμησε
1976 2883 2032 2934 δὲ
2067 2885 2159 2936 καὶ
2210 2887 2301 2939 τὸν
2331 2891 2562 2957 μοναχὸν
2599 2894 2873 2963 Ζαχαρίαν
2905 2895 3015 2962 (⁸74)
3038 2893 3129 2946 τὸν
3161 2893 3398 2960 συγγενῆ
3435 2890 3526 2943 τοῦ
3591 2889 3788 2943 Βέστου
3855 2889 3988 2940 Θευ-

739 2975 936 3038 δὰτου,
998 2975 1441 3029 συσκευάσασθαι
1503 2974 1728 3036 τούτους
1783 2974 2127 3043 πλασάμενος
2183 2978 2316 3028 κατ’
2349 2981 2538 3035 αὐτοῦ,
3070 2985 3087 3000 ⁸

816 3070 928 3122 lloc
959 3083 1102 3120 anno
1165 3068 1467 3121 l'atzinaca:
1503 3068 1816 3136 irruperunt
1873 3067 1927 3119 in
1983 3067 2311 3138 Bulgariant,

741 3177 799 3220 et
829 3165 1089 3234 plurimos
1120 3161 1392 3224 homines,
1424 3159 1592 3214 duces
1621 3175 1683 3212 ac
1714 3159 1966 3213 cobortcs
1997 3160 2314 3214 occiderunt

2497 3073 2684 3143 Τούτῳ
2723 3075 2800 3144 τῷ
2827 3075 2938 3126 ἕτει
2971 3076 3063 3127 καὶ
3115 3073 3451 3137 Πατζινάκαι
3506 3072 3755 3141 εἰσϐολὴν
3804 3071 3991 3137 ιέτιοιή⁸

2423 3181 2584 3216 σαντο
2609 3164 2747 3217 κατὰ
2776 3164 3131 3234 Βουλγαρίας,
3157 3164 3249 3216 καὶ
3275 3165 3523 3216 πλεῖστον
3539 3162 3664 3215 λαὸν
3682 3165 3773 3214 καὶ
3799 3175 3992 3229 στρατο

745 3276 808 3313 ac
832 3267 1115 3326 ceperunt.
1149 3255 1336 3323 Itaque
1375 3252 1769 3307 Constantinus
1799 3249 1983 3305 Sirmii
2017 3252 2310 3322 Diogenem
2343 3291 2387 3348 ο
2422 3272 2486 3322 ηγ

2246 3268 2310 3306 ⁵1η
2343 3291 2387 3348 c
2422 3257 2587 3322 ηγοϋς
2653 3258 2747 3308 καὶ
2783 3257 3178 3325 ταγματάρχας
3211 3254 3450 3322 ἔσφαξαν
3506 3254 3600 3306 κα)⁸
3633 3251 3987 3320 ἐζώγρησαν·

745 3348 1058 3419 ντωίοειιιηι
1085 3344 1348 3412 Bulgaria:
1370 3344 1564 3398 ducem
1597 3351 1783 3404 creat;
1842 3343 1934 3410 qui
1999 3357 2144 3411 saepe
2194 3359 2316 3396 cum

750 3444 818 3498 iis
850 3442 1162 3510 palantibus
1191 3438 1482 3492 commissa
1521 3451 1697 3505 pugna
1723 3450 1816 3488 eos
1839 3433 1999 3498 fudit,
2041 3435 2322 3505 coegitque

750 3535 976 3604 traiecto
1003 3534 1138 3586 Istro
1164 3531 1470 3600 quiescere.
1508 3527 1646 3581 T.oto
1672 3525 1838 3597 484
1891 3527 2053 3581 etiam
2109 3527 2321 3596 imperii

750 3631 870 3692 ejus
911 3636 1156 3694 tempore,
1183 3624 1414 3678 maxima
1459 3622 1559 3674 fuit
1593 3621 1831 3680 siccitas,
1885 3629 2324 3688 exarttcrttntque

749 3720 911 3773 etiam
976 3716 1154 3769 futiles
1226 3727 1496 3784 perennes
1549 3721 1602 3765 et
1651 3709 1895 3764 flumina.
1985 3710 2324 3778 Pauperibus

751 3824 976 3866 parcens
1027 3806 1258 3863 Basilius
1311 3804 1588 3874 publicum
1651 3801 1910 3855 tributum
1980 3800 2174 3854 solitus
2209 3809 2325 3854 erat

753 3901 954 3954 nonad
985 3898 1125 3953 diem
1155 3897 1360 3952 dictum
1411 3894 1648 3963 exigere,
1706 3892 1800 3946 sed
1859 3891 2174 3946 dilationem
2224 3892 2323 3945 ali-

750 4010 911 4063 quam
967 3990 1312 4054 concedere;
1383 4000 1493 4055 quo
1550 3984 1752 4038 factum
1797 3993 1856 4037 ttt
1917 4001 1981 4037 eo
2057 3983 2324 4038 moriente

752 4087 980 4137 duorum
1013 4095 1280 4134 annorntn
1309 4077 1569 4131 tributum
1589 4075 1897 4128 deberetur.
1932 4073 2047 4126 Non
2072 4075 2120 4126 id
2141 4075 2324 4140 modo,

752 4175 937 4228 sedet
985 4173 1151 4226 trium
1206 4167 1609 4238 insequentium
1679 4166 1780 4234 (tot
1822 4166 1966 4219 enim
2019 4166 2323 4233 imperavit)

753 4281 1022 4320 annorum
1051 4265 1318 4319 tributum
1369 4262 1550 4331 exegit
1605 4259 2040 4327 Constantinus;
2102 4275 2206 4326 qua
2267 4274 2325 4312 re

755 4375 862 4412 non
898 4355 1052 4428 egeni
1102 4365 1316 4410 tantum
1375 4353 1472 4407 sed
1528 4363 1585 4405 et
1644 4349 1888 4418 opulenti
1946 4347 2111 4401 attriti
2177 4358 2324 4410 sunt,

757 4447 993 4503 triennio
1015 4447 1258 4515 quinque
1289 4460 1557 4500 annorum
1588 4444 1826 4514 pendere
1846 4443 2016 4497 coacti
2039 4441 2322 4496 tributum.

757 4542 1186 4608 [intempestate
1242 4538 1435 4592 classis
1495 4537 1867 4607 Agarenorum
1929 4535 2190 4604 Cyclades
2240 4534 2325 4587 in-

2426 3349 2508 3401 διὸ
2541 3351 2567 3400 ὁ
2607 3349 2860 3418 βασιλεὺς
2891 3349 3295 3409 Κωνσταντῖνος
3323 3347 3411 3400 τὸν
3452 3345 3708 3412 Διογένην
3756 3343 3992 3412 ἄρχοντα

2429 3441 2656 3510 Σιρμὶου
2678 3441 2992 3510 ὑπάρχοντα
3011 3440 3108 3493 καὶ
3131 3438 3298 3492 δοῦκα
3314 3438 3412 3507 τῆς
3443 3435 3774 3504 Βουλγαρίας
3809 3432 3991 3500 ἐποίη-

2427 3552 2540 3596 σεν,
2575 3534 2633 3596 ὃς
2669 3533 3011 3602 συμπλακεὶς
3049 3532 3307 3594 πολλάκις
3357 3532 3538 3591 αὐτοῖς
3571 3525 3992 3595 διεσπαρμένοις

2426 3625 2692 3694 ἐτρέψατο
2711 3625 2803 3676 καί
2855 3625 3132 3694 ἠνάγκασε
3191 3621 3597 3692 περαιωθέντας
3646 3620 3737 3671 τὸν
3785 3617 3994 3685 Ἴστρον

2426 3717 2657 3788 ἡσυχίαν
2686 3719 2861 3785 ἄγειν.
2912 3718 3159 3783 Ἐγένετο
3193 3716 3247 3767 δὲ
3280 3716 3370 3766 καὶ
3420 3713 3502 3778 ἐφ’
3547 3712 3700 3771 ὅλους
3727 3712 3856 3772 τοὺς
3904 3709 3993 3776 τῆς

2436 3809 2713 3877 βασιλείας
2746 3809 2912 3862 αὑτοῦ
2936 3809 3158 3878 χρόνους
3189 3806 3442 3876 μέγιστος
3472 3803 3698 3872 αὐχμὸς,
3736 3800 3808 3862 ὡς
3860 3802 3992 3852 ἀπο-

2429 3900 2766 3970 ξηρανθῆναι
2791 3901 2892 3963 τὰς
2923 3898 3178 3956 ἀεννάους
3202 3898 3383 3964 πηγάς
3425 3897 3516 3945 καὶ
3541 3894 3665 3954 τοὺς
3692 3888 3990 3958 ποταμούς.

2428 3989 2532 4043 Τοῦ
2563 3989 2822 4058 βασιλέως
2862 3989 2918 4040 δὲ
2949 3985 3228 4040 Βασιλείου
3260 3983 3427 4052 φειδοῖ
3471 3982 3581 4033 τῶν
3642 3980 3889 4047 πενήτων
3924 3975 3996 4045 μὴ

2429 4082 2700 4152 ἐγκαίρως
2728 4083 2827 4144 τὰς
2866 4079 3127 4151 δημοσίας
3157 4075 3618 4148 εἰσπραττομένου
3655 4071 3988 4134 συντελείας,

2427 4175 2542 4228 ἀλλ’
2575 4173 2867 4244 ἀνακωχὴν
2887 4173 2978 4225 καὶ
3018 4171 3399 4240 ὑπερημερίαν
3425 4168 3659 4229 διδόντος
3685 4166 3804 4226 ταῖς
3826 4165 3991 4215 άπαι-

2428 4266 2668 4333 τήσεσιν,
2689 4262 2896 4315 ἐκείνου
2928 4260 3352 4328 τελευτήσαντος
3387 4256 3586 4324 συνέϐη
3611 4254 3702 4308 δύο
3731 4251 3992 4306 ἐνιαυτῶν

2430 4356 2626 4424 φόρους
2660 4354 3066 4424 ἕτιὴρτῆσθαν
3117 4352 3210 4415 οὒς
3276 4353 3304 4403 ὁ
3355 4350 3766 4408 Κωνσταντῖνος
3831 4342 3991 4405 εὐθὺς

2430 4448 2810 4517 εἰσεπράξατο.
2845 4446 3226 4516 Εἰσεπράξατο
3247 4445 3302 4497 δὲ
3333 4445 3425 4495 καὶ
3453 4443 3560 4494 τῶν
3594 4441 3798 4510 ἐτέρων
3823 4439 3993 4508 τριῶν

2432 4538 2692 4591 ἐνιαυτῶν
2719 4541 2808 4603 (ἐς
2839 4537 3090 4590 τοσοῦτον
3130 4537 3235 4605 γὰρ
3249 4535 3437 4605 χρόνον
3471 4536 3504 4602 ἠ
3535 4534 3678 4601 ἀρχὴ
3706 4530 3853 4599 αὐτῷ
3905 4528 3993 4592 ἐξ-

758 4630 903 4682 sttlas
937 4629 1155 4683 invasit.
1202 4627 1330 4682 Eam
1374 4628 1521 4682 Santi
1561 4637 1759 4697 prmtor
1782 4626 2048 4696 Georgius
2068 4625 2322 4678 Tbeodo-
2362 4635 2405 4690 υ
2439 4647 2494 4680 ετ

2262 4641 2322 4678 0-
2362 4635 2405 4690 υ
2439 4629 2650 4699 ἐτάθη),
2683 4629 2778 4680 καὶ
2815 4628 3208 4697 συνετρίόησαν
3240 4627 3337 4696 ούχ
3362 4626 3410 4678 οἱ
3464 4625 3692 4692 πένητες
3726 4623 3881 4692 μόνον
3911 4622 3998 4672 καὶ

759 4739 994 4776 t'ocanus
1020 4738 1083 4777 ac
1113 4722 1370 4776 Periboes
1396 4721 1518 4775 Citii
1563 4721 1853 4788 praefectus
1875 4720 2050 4774 adorti
2078 4720 2327 4789 profliga-

759 4822 909 4878 runt,
940 4815 1114 4882 captis
1144 4814 1430 4868 duodecim
1461 4813 1692 4868 navibus
1739 4828 1863 4868 cutn
1918 4811 2048 4880 ipsis
2099 4811 2330 4865 vectori-

760 4907 880 4972 bus,
916 4925 980 4960 ae
1002 4907 1228 4975 reliquis
1258 4905 1557 4980 dissipatis.

2435 4722 2660 4789 ἄποροι,
2690 4721 2826 4774 ἀλλὰ
2856 4722 2949 4772 καὶ
2993 4721 3042 4771 οὶ
3075 4720 3318 4787 εὐπόρως
3356 4717 3664 4786 ἔχοντες,ἐν
3693 4714 3840 4782 τρισὶ
3871 4714 3999 4780 χρόα

2438 4829 2546 4874 νοις
2580 4813 2738 4864 πέντε
2779 4813 3150 4881 παρασχόντες
3179 4809 3572 4878 δασμοφορίας.
3599 4805 3853 4875 Ἐξῆλθεν
3907 4801 3998 4853 οὖν

2439 4904 2532 4956 καὶ
2566 4905 2748 4964 στόλος
2808 4903 3122 4970 ’Λγαρηνῶν
3154 4905 3294 4953 κατὰ
3317 4901 3425 4953 τῶν
3465 4899 3757 4952 Κυκλάδων
3781 4897 3957 4964 νήσων
3988 4909 3994 4916 ·

759 4997 837 5062 οἷς
875 4998 1217 5067 συμπλακεὶς
1245 5000 1272 5049 ὁ
1307 4999 1606 5068 στρατηγὸς
1631 4997 1812 5066 Σάμου
1844 4994 2114 5064 Γεώργιος
2146 4998 2173 5048 ὁ
2225 4997 2652 5065 Θεοδωροκάνος,
2694 4995 2777 5066 [Ρ.
2833 4994 2955 5064 72:2]
3023 4995 3136 5061 ἅμα
3192 4993 3419 5064 Βεριδόῃ
3476 4991 3551 5060 τῷ
3615 4987 4001 5058 στρατηγοῦντι

759 5095 856 5164 τῆς
890 5093 1042 5158 Χίου,
1067 5091 1353 5163 ἐτρέψατο,
1387 5093 1481 5144 καὶ
1508 5091 1714 5145 δώδεκα
1747 5090 1842 5157 μὲν
1867 5088 2144 5157 αὔτανδρα
2189 5083 2321 5154 εἷλε,
2345 5089 2413 5140 τά
2442 5089 2497 5140 δὲ
2532 5088 2693 5140 λοιπὰ
2722 5087 3080 5140 διεσκέδασεν.

1836 5178 2196 5234 XYLANDRI
2234 5181 2320 5234 ET
2371 5179 2578 5236 GOARI
2622 5178 2853 5232 ΝΟΤίΕ.

833 5274 947 5345 (72)
999 5272 1426 5345 Buccilariorum
1479 5289 1598 5329 esse
1647 5271 2334 5345 prov_i_nciam__contendit

766 5337 1101 5400 I‘anei'rollus
1141 5348 1193 5399 in
1241 5346 1362 5399 Not.
1399 5346 1530 5411 imp.
1561 5361 1610 5398 c.
1645 5337 1735 5398 Π.
1776 5342 1943 5412 Negat
1983 5337 2246 5412 “ignitius
2281 5343 2332 5394 in

763 5418 914 5470 ἰἠυι.
959 5414 1176 5480 chico,
1225 5425 1279 5470 et
1326 5409 1683 5478 Buccllurttm,
1734 5409 1963 5466 annona:
2014 5409 2211 5480 clarius
2251 5413 2333 5462 di-

763 5512 772 5534 .
812 5504 902 5548 un,
933 5499 1268 5556 (nconomos,
1314 5486 1621 5556 provisores
1647 5479 2214 5556 portitoresqttefacit.
2254 5483 2333 5532 llli

772 5555 1044 5608 ilibentius
1074 5549 1387 5610 assentior:
1435 5573 1557 5609 nam
1617 5549 1833 5609 Galatas
1867 5570 1926 5605 ac
1979 5549 2336 5617 Gallogrmcos

768 5626 914 5680 πρωὶ
946 5624 1167 5678 fuerunt
1191 5629 1523 5680 exercituum
1556 5627 1726 5680 duces
1758 5626 1881 5677 buit:
1920 5621 2095 5675 (tiiit'lO
2127 5622 2331 5672 mani-i-

765 5713 928 5764 pate;
963 5695 1105 5749 unde
1137 5697 1336 5750 factum
1376 5709 1434 5750 ut
1480 5712 1709 5750 annona:
1745 5690 1997 5764 Illilliall‘i,
2055 5689 2334 5764 Bitccllatii

766 5761 986 5828 Galate},
1009 5765 1297 5822 vidcantur
1321 5769 1480 5821 ollit-ii
1512 5767 1589 5821 sui
1621 5781 1819 5819 nomen
1848 5761 2032 5832 patriar
2065 5761 2331 5814 tribuiSsc.

768 5835 936 5894 ίῗυίιιι.

2514 5271 2625 5339 (75)
2673 5271 2840 5322 l’arva
2889 5267 3232 5334 Propontidis
3264 5267 3459 5339 insula.
3498 5265 3809 5339 i’latelvero
3844 5265 4001 5339 tertia

2437 5334 2577 5396 esta
2607 5334 2714 5395 Ci’.
2751 5339 3032 5392 meridiem
3075 5353 3261 5391 versus
3316 5337 3366 5389 itt
3417 5336 3603 5391 eadem
3657 5334 3999 5404 l‘ropontidc.

2439 5413 2606 5467 Cum.

2512 5484 2623 5549 (74)
2662 5484 2804 5532 Ante
2848 5493 3037 5549 vocem
3092 5477 3364 5545 Ζαχαρίαν
3394 5488 3476 5549 est
3521 5495 3565 5549 _a
3599 5475 3916 5549 scriptum,
3952 5485 4005 5549 ct

2442 5545 2677 5618 superne
2699 5549 2973 5617 quippiam
3001 5547 3194 5599 littera:
3224 5565 3254 5613 χ
3285 5563 3387 5598 non
3421 5547 3685 5618 absitttile,
3711 5545 4004 5618 Ctttttgrat't

2445 5614 2690 5675 accentu.
2721 5614 2984 5671 Fortassis
3024 5619 3256 5685 (ip/pata
3299 5618 3466 5668 voluit
3497 5617 3802 5684 exprimere
3842 5614 4003 5685 libra-

2449 5694 2561 5742 rius
2593 5707 2652 5742 ca
2686 5700 2831 5750 nota,
2862 5689 2992 5739 ntibi
3032 5682 3159 5738 sane
3199 5701 3304 5737 non
3356 5682 3648 5748 intellecta,
3684 5695 3742 5738 ut
3782 5686 3852 5738 sit
3895 5682 4003 5735 Zu-

2448 5762 2637 5814 clmrm:
2670 5760 2932 5824 ,n'tci'ccto.
2966 5756 3073 5824 Ego
3101 5753 3255 5810 emisi
3288 5755 3342 5808 in
3375 5755 3653 5810 vertendo.
3694 5754 3826 5810 Xrt.
