4410 6442
455 391 563 456 217

1539 392 2079 454 HISTORIARUM
2140 393 2665 458 COMPENDIUM.

3598 407 3707 473 2l8

541 504 763 576 Ἐννάτῃ
777 504 832 558 δὲ
848 503 1156 574 Νοεμϐρίου
1183 503 1372 574 μηνὸς,
1401 503 1498 572 τῆς
1534 502 1597 572 ιβ’
1621 505 2018 575 ὲππινεμήσεως,
2051 507 2092 559 Α
2197 503 2282 556 Nm

1959 521 2018 568 ις,
2051 507 2092 559 Α
2197 503 2343 556 Nona
2376 505 2695 561 Novembris
2731 506 2838 572 die,
2877 507 3172 566 indictione
3196 511 3283 579 l3,
3325 527 3472 567 anno
3512 517 3700 574 mundi

457 598 517 649 ὲν
545 597 654 649 ἔτει
683 596 878 668 ,ςφλζκ
903 595 1150 665 αἰφνιδίῳ
1174 596 1313 666 νόσῳ
1342 595 1564 665 ληφθεὶς
1591 596 1618 646 6
1674 596 2020 648 Κωνσταντῖ-

460 706 545 750 νος
583 691 675 740 καὶ
705 688 856 758 παρὰ
909 688 1015 738 τῶν
1049 687 1244 757 ἰατρῶν
1295 687 1694 754 ἁπαγορευθεὶς
1727 687 2024 739 ἐσκέπτετο

460 779 580 830 τίνα
607 778 674 831 ἂν
725 779 1012 832 καταλίποι
1049 779 1294 847 διάδοχον
1341 778 1439 845 τῆς
1467 777 1762 846 βασιλείας.
1799 779 2020 843 Ἔδοξεν

457 865 551 920 οὖν
586 869 735 938 αύτῷ
765 870 856 921 τὸν
915 871 1200 938 πατρίκιον
1248 871 1647 921 Κωνσταντῖνον
1679 871 1769 921 τὸν
1816 869 2023 921 Δαλασ-

455 962 616 1028 σηνὺν
643 962 1121 1030 μεταστείλασθαι,
1158 963 1298 1016 κατὰ
1323 965 1412 1015 τὸν
1449 963 1806 1032 Ἀρμενιακδν
1827 963 1939 1032 (75)
1963 964 2019 1014 ὲν

452 1052 529 1121 τῷ
566 1053 680 1120 ἰδίῳ
719 1055 852 1122 οἴκῳ
913 1053 1263 1123 σχολάζοντα,
1291 1053 1540 1123 γαμόρὸν
1578 1070 1638 1105 τε
1692 1053 2017 1120 ποιήσασθαι

452 1145 543 1194 ἐπὶ
575 1146 671 1212 μιᾷ
704 1143 811 1195 τῶν
863 1145 1176 1214 θυγατέρων
1231 1145 1322 1196 καὶ
1357 1145 1720 1214 ἀναγορεῦσαι
1771 1143 2012 1212 βασιλέα.

455 1237 562 1287 Καὶ
683 1238 958 1305 πέμπεται
987 1236 1128 1300 ἄξων
1158 1237 1316 1290 αὐτὸν
1367 1236 1618 1306 εὐνοῦχός
1646 1253 1723 1297 τις
1767 1237 1873 1288 τῶν
1925 1253 2013 1286 πι-

451 1331 823 1392 στικωτάτων,
861 1329 889 1380 6
950 1330 1238 1398 λεγόμενος
1308 1328 1652 1398 Ἐργοδότης.
1713 1327 1921 1396 Σπουδῇ
1956 1326 2012 1379 δὲ

451 1417 540 1470 τοῦ
582 1418 804 1486 Συμεὼν
837 1419 1028 1486 φιλίως
1070 1421 1409 1489 διακειμένου
1437 1421 1572 1488 πρὸς
1600 1419 1691 1471 τὸν
1726 1419 2012 1487 πατρίκιον

460 1510 737 1577 Ῥωμανὺν
764 1511 852 1562 τοι
889 1511 1154 1581 Ἀργυρὺν
1184 1511 1320 1580 αὕτη
1353 1511 1451 1580 μὲν
1476 1510 1778 1579 παρωράθη
1811 1513 1842 1580 ἡ
1870 1509 2010 1573 γνώ-

449 1619 546 1667 μη,
582 1603 674 1652 καὶ
700 1601 972 1654 στέλλεται
1003 1621 1088 1666 τις
1113 1605 1251 1672 τάχα
1291 1605 1353 1655 ὲκ
1383 1601 1642 1671 βασιλέως
1689 1605 1744 1663 ἐς
1781 1603 1869 1654 τὸν
1904 1603 2010 1652 Δα-

445 1692 728 1760 λασσηνίν,
761 1694 939 1746 ἐκεῖσε
988 1696 1317 1764 προσμένειν
1354 1694 1663 1756 κελεύοντος
1712 1694 1873 1746 αὑτὸν
1902 1695 2007 1762 ὅπη

443 1783 510 1834 ἂν
537 1785 772 1851 ὴγραφὴ
807 1785 1406 1854 καταλήψηται,ἄγεται
1424 1786 1479 1837 δὲ
1508 1786 1536 1836 6
1578 1785 1851 1854 Ῥωμανὸς
1873 1785 2007 1854 πρὸς

2128 595 2288 660 6557,
2335 599 2515 652 subito
2561 599 2753 653 morbo
2813 610 3094 670 correptus
3140 603 3537 660 Constantinus
3585 613 3640 660 et
3669 623 3699 660 a

2128 687 2350 740 medicis
2379 688 2702 756 desperatus
2733 689 2800 743 de
2824 689 3166 746 instituendo
3211 693 3425 762 imperii
3482 709 3700 748 succes-

2125 795 2246 834 sore
2299 781 2575 851 cogitavit.
2659 782 2974 854 Placuitqne
3044 799 3328 840 accersere
3405 788 3697 855 patricium

2121 871 2533 925 Constantinum
2555 873 2936 938 Dalassenum,
2966 875 3059 944 qui
3125 886 3238 928 tum
3289 875 3438 930 domi
3478 893 3589 932 suae
3637 877 3694 930 in

2121 963 2442 1018 Armeniaco
2468 964 2718 1034 degebat,
2755 967 2918 1036 eique
2971 966 3204 1028 ﬁliarum
3256 982 3476 1021 suarum
3529 983 3692 1022 unam

2119 1068 2346 1126 nuptum
2382 1059 2534 1121 dare.
2557 1075 2622 1114 ac
2653 1059 2921 1116 Cazsarem
2951 1063 3255 1133 designare.
3293 1061 3522 1116 Mittitur
3561 1077 3690 1132 ergo

2117 1148 2182 1202 ad
2210 1163 2334 1201 eum
2355 1149 2732 1204 adducendum
2759 1149 3072 1220 Ergodotes.
3097 1152 3471 1206 cunuchorum
3490 1149 3690 1205 fidissi-

2115 1250 2257 1289 mus.
2299 1235 2404 1291 Sed
2433 1253 2600 1306 opera.
2621 1237 2914 1303 Simeonis,
2948 1240 3037 1309 qni
3089 1238 3332 1294 Romano
3357 1242 3562 1311 Arger
3588 1256 3686 1309 pa-

2119 1327 2275 1381 tricio
2300 1325 2536 1390 favebat,
2573 1330 2625 1382 id
2649 1330 2860 1384 consilii
2890 1330 3234 1401 repudiatum
3287 1330 3406 1395 init,
3452 1345 3688 1400 moxque

2111 1417 2274 1488 485
2305 1419 2374 1473 ab
2406 1419 2732 1489 imperatore
2754 1422 2952 1475 missus
2981 1421 3073 1492 qui
3095 1421 3445 1476 Dalrssenum
3471 1435 3538 1475 eo
3565 1420 3684 1474 loco

2113 1508 2202 1562 ubi
2233 1509 2439 1564 litteras
2468 1510 2766 1578 accepisset
2789 1511 3089 1566 subsistere
3127 1512 3368 1579 juberet.
3404 1509 3684 1564 Romanus

2111 1601 2164 1654 in
2210 1601 2461 1666 palatium
2515 1602 2822 1663 adducitur,
2863 1602 3128 1670 daturque
3161 1603 3210 1656 ei
3246 1604 3416 1672 optio,
3477 1610 3536 1656 ut
3596 1598 3680 1654 vel

2109 1691 2294 1744 oculos
2315 1690 2413 1743 sibi
2442 1691 2833 1759 eruipatiatur.
2889 1692 2971 1744 vel
3025 1692 3242 1746 dimissa
3289 1708 3388 1746 sua
3441 1691 3679 1760 legitima

2109 1797 2277 1834 uxore
2311 1781 2472 1842 ﬁliam
2504 1781 3026 1850 imperatoristlncat
3048 1798 3111 1836 ac
3133 1781 3314 1836 Cresar
3336 1782 3674 1853 designetur.

443 1874 508 1924 τὰ
539 1874 806 1940 βασίλεια.
845 1876 1090 1944 Ἀχθέντι
1123 1876 1178 1928 δὲ
1209 1876 1302 1929 δύο
1341 1877 1935 1945 προτίθενταιγνῶμαι,
1969 1877 2000 1948 ἢ
2038 1872 2074 1925 Β
2108 1868 2184 1922 Ηῖι

1934 1923 1935 1933 γ
1969 1877 2000 1948 ἢ
2038 1872 2074 1925 Β
2108 1868 2399 1924 Ηωείιιιηιρ
2423 1885 2510 1932 eo,
2548 1887 2682 1924 uxor
2712 1873 2906 1926 marito
2933 1884 3204 1938 metuens,
3261 1874 3406 1928 ultro
3462 1887 3675 1928 comam

438 1963 755 2030 διαζυγῆναι
806 1967 904 2034 τῆς
960 1967 1190 2036 νομίμου
1247 1970 1495 2033 γυναικὸς
1547 1971 1611 2037 τῇ
1655 1967 1913 2036 βασιλέως
1941 1987 1999 2020 τε

440 2052 670 2121 θυγατρὶ
705 2055 1044 2124 συναφθῆναι
1072 2058 1165 2109 καὶ
1209 2057 1428 2125 βασιλέα
1483 2059 1929 2126 ἀναγορευθῆναι,
1963 2059 1996 2126 ἢ

441 2145 758 2212 πηρωθῆναι
802 2148 926 2208 τοὺς
949 2147 1279 2215 ὀφθαλμούς.
1315 2149 1419 2200 Τοῦ
1449 2150 1502 2201 δὲ
1541 2148 1873 2215 ἰλιγγιῶντος
1909 2150 2000 2202 καὶ

437 2235 804 2304 ἀναδυομένου
829 2239 961 2308 πρὸς
984 2239 1163 2292 αὐτῶν
1193 2241 1471 2309 ἑκάτερον,
1523 2244 1554 2310 ἡ
1592 2243 1834 2305 σύνοικος
1889 2243 1996 2294 δεί-

439 2340 581 2376 σασα
625 2327 750 2395 περὶ
795 2329 888 2380 τοῦ
925 2330 1132 2396 ἀνδρὸς,
1187 2333 1258 2399 μή
1312 2349 1362 2383 τι
1395 2333 1486 2383 καὶ
1539 2332 1685 2403 πάθῃ
1735 2335 1995 2402 φλαῦρον,

434 2415 530 2480 τὴν
561 2419 828 2485 κοσμικὴν
862 2419 1120 2481 ἑκουσίως
1151 2421 1384 2472 ἀπέθετο
1410 2423 1591 2492 τρίχα,
1613 2425 1704 2475 καὶ
1727 2423 1803 2492 τῷ
1837 2423 1998 2486 συζύ-

433 2521 514 2571 γῳ
558 2507 690 2572 πρὸς
739 2510 804 2576 τῇ
840 2509 959 2576 ὄψει
986 2512 1281 2578 ἐχαρίσατο
1321 2513 1412 2564 καὶ
1443 2514 1539 2581 τὴν
1569 2513 1864 2581 βασιλείαν.
1893 2514 1997 2566 Οὐ-

433 2594 542 2646 σῶν
569 2596 624 2647 δὲ
673 2596 749 2665 τῷ
788 2600 1180 2668 Κωνσταντίνῳ
1214 2601 1527 2672 θυγατέρων
1572 2603 1741 2674 τριῶν
1786 2606 1849 2656 ἐκ
1899 2607 1994 2673 τῆς

435 2686 705 2753 θυγατρὸς
762 2690 854 2741 τοῦ
907 2695 1197 2762 πατρικίου
1237 2693 1516 2752 ’Λλυπίου,
1558 2696 1620 2763 ἣν
1679 2695 1757 2748 ἔτι
1797 2695 1992 2756 ζῶντος

437 2776 525 2826 τοῦ
561 2777 838 2832 Βασιλείου
873 2782 1176 2851 ἡρμόσατο,
1215 2784 1246 2852 ἠ
1284 2783 1382 2852 μὲν
1412 2784 1533 2836 καθ’
1579 2784 1792 2854 ἠλικίαν
1838 2800 1989 2852 πρω-

429 2870 660 2920 τεύουσα
691 2871 920 2923 Ισῖὺδοκῖα
990 2874 1339 2942 ἀπεκείρατο,
1373 2876 1404 2942 ἡ
1442 2873 1596 2943 τρίτη
1627 2875 1680 2926 δὲ
1741 2874 1989 2943 Θεοδώρα

433 2963 748 3030 ἀπηνήνατο
790 2964 1086 3032 συζυγῆναι
1138 2967 1214 3032 τῷ
1262 2965 1544 3034 Ῥωμανῷ,
1578 2966 1610 3036 ἢ
1645 2966 1730 3017 διὰ
1762 2966 1821 3017 τὸ
1865 2983 1994 3034 συγ-

431 3052 609 3114 γενὲς,
643 3054 715 3116 ὥς
745 3073 926 3120 φασιν,
965 3056 1106 3124 iit-t3:
1142 3058 1203 3108 τὸ
1251 3056 1330 3110 ἔτι
1379 3057 1474 3125 τὴν
1506 3056 1711 3108 ἐκείνου
1765 3055 1993 3124 σύζυγον

427 3145 547 3212 ζῇν.
592 3145 654 3196 Ἰι
676 3147 730 3198 δὲ
755 3146 828 3214 τῷ
859 3147 1033 3216 χρόνῳ
1063 3147 1289 3218 δευτέρα
1311 3149 1432 3215 Ζωὴ
1456 3149 1542 3200 τὸν
1582 3147 1710 3217 περὶ
1739 3148 1835 3216 τῆς

2106 1957 2377 2025 posuitae
2432 1959 2630 2013 saeculo
2683 1961 3037 2025 renuntiavit,
3100 1962 3324 2028 viroque
3382 1970 3438 2015 et
3488 1962 3676 2015 oculos

2101 2053 2334 2106 servavit
2357 2061 2410 2107 et
2440 2053 2726 2124 imperium
2757 2054 2987 2123 paravit.
3019 2053 3189 2107 Erant
3221 2054 3582 2108 Constantino
3607 2070 3672 2122 ex

2103 2143 2208 2197 lilia
2228 2145 2438 2213 patricii
2471 2155 2580 2200 tres
2596 2146 2714 2199 ﬁlia:
2736 2164 2748 2208 ;
2774 2163 3004 2216 quantm
3026 2157 3154 2199 natu
3178 2146 3409 2199 maxima
3435 2143 3672 2199 Eudocia

2101 2237 2483 2289 mouacliatum
2551 2236 2653 2290 fuit
2735 2237 3002 2304 amplexa.
3083 2236 3307 2289 minima
3390 2236 3673 2291 Theodora

2100 2327 2410 2397 eonjugium
2447 2328 2674 2380 Romani
2731 2337 2975 2382 aversata
3021 2338 3123 2394 est,
3166 2329 3280 2383 sive
3313 2330 3382 2383 ob
3444 2330 3672 2399 propin-

2100 2416 2381 2486 quitatem,
2415 2427 2474 2471 ut
2497 2417 2792 2480 ferebatur,
2831 2418 3065 2489 generis,
3100 2420 3214 2472 sive
3271 2419 3413 2488 quod
3445 2434 3670 2473 uxorem

2097 2511 2217 2577 ejus
2244 2509 2606 2563 sciretadltuc
2637 2511 2840 2563 vivere.
2876 2509 3048 2561 Media
3092 2509 3199 2562 Zoe
3231 2509 3389 2583 facile
3415 2523 3540 2562 eum
3566 2507 3672 2563 sibi

2097 2602 2211 2654 dari
2257 2601 2512 2653 maritum
2567 2616 2722 2668 passa
2780 2610 2882 2654 est.
2943 2601 3313 2668 Disputatinue
3366 2608 3546 2652 autem
3600 2599 3668 2653 de

2097 2697 2417 2766 cognatione
2455 2705 2619 2755 mota.
2671 2711 2758 2749 res
2791 2711 2820 2748 a
2853 2695 3159 2764 patriarcha
3195 2703 3250 2749 et
3283 2693 3668 2749 ecclesiasticis

2097 2787 2337 2840 discussa
2364 2827 2379 2848 ,
2420 2796 2474 2840 et
2505 2786 2781 2840 Romanus
2804 2785 2924 2840 Zoa:
2958 2785 3239 2855 copulatus
3272 2795 3374 2849 est,
3431 2787 3665 2854 impera-

2101 2886 2287 2947 torque
2314 2879 2635 2932 declaratus.
2662 2877 2867 2932 Triduo
2903 2878 3428 2946 postConstantinus
3448 2876 3664 2930 vivendi

2105 2969 2264 3022 linem
2287 2969 2431 3031 fecit,
2462 2987 2582 3022 cum
2601 2971 2821 3026 vixisset
2846 2986 3020 3025 annos
3046 2971 3132 3035 70,
3163 2969 3456 3024 triennium
3479 2983 3665 3022 mense

2103 3059 2280 3113 minus
2312 3060 2650 3128 imperasset.

1919 3150 2190 3211 συνοικίας
2267 3152 2421 3218 λόγον
2479 3151 2860 3203 συνενεσθέντα
2905 3153 3186 3213 ἀσπασίως
3263 3151 3498 3216 ἐδέξατο.
3559 3150 3660 3202 Λό-

427 3258 523 3305 γου
558 3239 611 3290 δὲ
657 3242 785 3308 περὶ
839 3242 936 3308 τῆς
996 3241 1313 3308 συγγενείας
1371 3240 1703 3311 κινηθέντος,
1741 3242 1832 3293 καὶ
1879 3240 1976 3308 τῆς
2017 3242 2337 3311 Ἐκκλησίας
2397 3245 2494 3296 σὺν
2548 3244 2625 3314 τῷ
2650 3244 2958 3315 πατριάρχῃ
3012 3243 3286 3295 λυσάντων
3315 3241 3375 3294 τὸ
3419 3240 3658 3311 ἀμφίτο-

429 3331 539 3388 ὶον,
571 3329 916 3397 ἱερολογείται
943 3330 1054 3399 (76)
1080 3333 1107 3382 6
1146 3331 1425 3400 Ῥωμανὸς
1460 3333 1522 3401 τῇ
1558 3334 1679 3401 Ζωῇ
1710 3331 1806 3382 καὶ
1860 3331 2215 3404 αὐτοκράτωρ
2262 3333 2651 3404 ἀναγορεύεται

2758 3333 3030 3404 βασιλεύς.
3093 3333 3202 3387 Καὶ
3281 3334 3422 3400 μετά
3493 3334 3646 3401 τρεῖς

427 3417 643 3486 ἡμέρας
672 3420 1078 3480 Κωνσταντῖνος
1105 3421 1365 3477 ἀπέθανε.
1393 3421 1564 3492 ζήσας
1585 3421 1684 3491 μὲν
1707 3423 1795 3474 τὸν
1820 3422 2034 3475 ᾶπαντα
2063 3422 2161 3486 τῆς
2191 3425 2334 3494 ζωῆς
2363 3425 2528 3479 αὑτοῦ
2559 3425 2747 3496 χρόνον
2777 3431 2819 3478 o'
2877 3425 2996 3494 ἐτη,
3033 3425 3125 3477 ἐπὶ
3187 3426 3335 3494 τρεῖς
3395 3423 3452 3477 δὲ
3535 3424 3655 3490 ἑνὸς

423 3509 634 3570 δέοντος
671 3510 835 3576 μηνὸς
879 3510 1276 3579 βεϐασιλευκὼς
1295 3511 1428 3580 (77).

494 3598 649 3651 Οὕτω
669 3600 725 3651 δὲ
761 3601 906 3669 παρὰ
940 3603 1119 3653 πᾶσαν
1152 3601 1342 3654 ἐλπίδα
1370 3603 1463 3653 καὶ
1517 3601 1838 3671 προσδοκίαν
1894 3602 1984 3655 τὸν
2011 3606 2052 3664 C
2161 3601 2235 3654 [ιο

1911 3602 1984 3655 τὸν
2011 3606 2052 3664 C
2161 3601 2433 3654 Romanus
2460 3610 2653 3670 praeter
2673 3614 2891 3654 omnem
2911 3613 3062 3668 spem
3090 3608 3253 3669 atque
3281 3601 3652 3669 exspectatio-

421 3690 516 3756 τῆς
547 3689 846 3756 πηρώσεως
878 3688 1120 3740 κίνδυνον
1145 3687 1365 3755 διαδρὰς
1395 3690 1422 3739 ὁ
1461 3688 1740 3757 Ῥωμανδς
1768 3687 1830 3740 τδ
1884 3688 1982 3755 τῆς

422 3778 701 3849 βασλείας
729 3768 1126 3848 πέριζὼννυται
1171 3780 1389 3848 κράτος,
1424 3779 1518 3831 κοῒ⁸
1552 3778 1802 3848 βασιλεὺς
1827 3779 1982 3831 αὑτο-

423 3868 642 3935 κράτωρ
662 3866 778 3935 ἅμα
796 3868 914 3936 Ζωῇ
945 3870 1010 3936 τῇ
1041 3865 1135 3919 τοῦ
1163 3867 1570 3920 Κωνσταντίνου
1593 3867 1982 3935 ἀναγορεύεται

419 3957 668 4026 σιυγατρί.
693 3958 842 4026 Ἀμα
869 3975 924 4010 τε
953 3954 1044 4011 οὖν
1074 3960 1165 4010 ἐπὶ
1195 3958 1286 4011 τον
1325 3958 1591 4026 βασίλειον
1618 3959 1836 4011 ἐκάθισε
1862 3960 1984 4030 θρό-

420 4066 530 4107 νον,
588 4050 678 4100 καὶ
708 4049 823 4117 ἅμα
854 4049 1162 4118 προοιμίοις
1216 4048 1440 4116 ἀγαθοῖς
1474 4050 1567 4102 καὶ
1603 4051 1983 4122 ἐπιϐατηρίοις

419 4141 722 4201 ἐπαινετοῖς
753 4139 1018 4205 ἐδεξιοῦτο
1055 4142 1179 4203 τοὺς
1231 4140 1332 4192 ὑπὸ
1364 4141 1541 4211 χεῖρα,
1573 4143 1679 4196 ἀπὸ
1706 4145 1801 4214 τῆς
1830 4147 1980 4198 εὐσε-

418 4232 572 4291 ϐεέας
615 4231 878 4300 πρότερον
907 4231 1212 4301 ἀρξάμενος
1249 4234 1625 4304 ἀγαθοεργεῖν.
1672 4236 1981 4291 Ἐνδέουσαν

420 4324 527 4390 γὰρ
548 4322 642 4390 τὴν
663 4323 918 4392 πρόσοδον
943 4323 1040 4392 τῆς
1057 4323 1311 4394 Μεγάλης
1331 4325 1484 4386 εἰδὼς
1517 4325 1862 4395 Ἐκκλησίας,
1888 4330 1980 4383 ἅτε

414 4413 697 4481 οἰκονόμος
721 4411 925 4480 ταύτης
949 4412 1235 4482 γενόμενος
1271 4415 1327 4466 ὲν
1359 4416 1471 4476 τοῖς
1509 4413 1819 4484 ἔμπροσθεν
1850 4419 1972 4486 χρό-

418 4520 548 4562 νοις,
574 4505 666 4555 rat
689 4503 796 4554 τῶν
819 4503 992 4556 ἄλλων
1018 4502 1243 4566 ὁπόσαις
1267 4505 1652 4576 ὑπηρετεῖσθαι
1679 4505 1800 4570 ἔθος
1830 4511 1980 4578 παρὰ

413 4595 510 4644 τοῦ
540 4593 740 4664 ταύτης
761 4593 986 4663 κλήρου,
1019 4595 1346 4664 ὀγδοήκοντα
1393 4596 1616 4664 χρυσίου
1647 4597 1836 4666 λίτρας
1878 4601 1980 4653 ἀνὰ

414 4683 524 4732 πᾶν
553 4682 669 4743 Ξτος
694 4681 1044 4750 χορηγεῖσθαι
1069 4682 1276 4742 τούτοις
1295 4683 1608 4736 τετύπωκεν
1637 4686 1742 4738 ἀπὸ
1765 4687 1856 4739 τοῦ
1886 4688 1979 4756 βα-

416 4771 623 4824 σιλικοῦ
657 4772 907 4842 ταμιείου
947 4775 1025 4834 εἰς
1068 4773 1406 4842 προσθήκην.
1467 4774 1719 4845 Ἐξέκοψε
1772 4777 1828 4830 δὲ
1885 4783 1979 4832 καὶ

412 4864 595 4913 τέὶεον
632 4862 974 4932 άπερῤίζωσε
1014 4863 1074 4914 τὸ
1109 4863 1492 4932 ἀλληλέγγυον,
1549 4863 1635 4936 [Ρ.
1686 4867 1812 4939 723]
1844 4869 1978 4938 ὅπερ

2087 3708 2209 3746 nem
2275 3693 2555 3746 oculorum
2613 3692 3040 3747 amittendorum
3130 3692 3374 3761 periculo
3433 3693 3655 3755 evitato.

2087 3785 2378 3853 imperator
2394 3800 2516 3839 eum
2551 3785 2658 3840 Zoe
2686 3785 2933 3856 Augusta
2961 3785 3177 3853 lfactus,
3238 3785 3393 3840 initio
3441 3786 3654 3856 imperii

2085 3877 2239 3931 bonis
2273 3892 2335 3931 ac
2363 3876 2720 3930 laudabilibns
2748 3876 2886 3931 orsis
2932 3877 3182 3932 subditos
3216 3877 3517 3932 demeritus
3547 3888 3649 3933 est.

2084 3966 2412 4037 Principium
2444 3969 2569 4023 fecit
2599 3969 2861 4023 beneﬁcia
2887 3968 2941 4022 in
2966 3969 3305 4040 religionem.
3339 3970 3472 4023 Cum
3499 3970 3647 4025 enim

2083 4060 2245 4113 sciret
2267 4060 2464 4130 Magna:
2489 4060 2744 4116 Ecclesia:
2794 4061 3001 4116 reditus
3032 4061 3198 4133 486
3219 4078 3325 4116 non
3381 4063 3650 4121 suliicere.

2085 4149 2256 4218 utqui
2289 4150 2660 4218 superioribus
2712 4153 3048 4222 temporibus
3089 4152 3435 4222 dispensator
3461 4149 3651 4208 fuisset

2083 4239 2221 4309 ejus,
2260 4241 2560 4294 etaliarnm
2589 4243 2785 4311 quibus
2816 4242 2979 4312 bujus
3002 4243 3179 4298 clerus
3224 4243 3291 4298 de
3358 4259 3510 4297 more
3564 4245 3648 4298 in-

2084 4331 2369 4394 serviebat,
2407 4331 2473 4387 80
2503 4331 2620 4386 auri
2652 4333 2818 4388 libras
2848 4335 3141 4403 quotannis
3174 4350 3238 4389 ex
3294 4334 3487 4388 rerario
3543 4334 3646 4388 im-

2084 4424 2353 4493 peratorio
2377 4424 2425 4478 ei
2451 4425 2609 4492 pendi
2643 4425 2830 4493 jussit,
2856 4427 3077 4482 decreto
3122 4441 3185 4481 ea
3216 4427 3283 4482 de
3317 4443 3375 4480 re
3401 4426 3642 4481 condito.

2081 4515 2330 4569 Abolevit
2383 4515 2542 4569 etiam
2589 4516 2982 4587 Allelengyum,
3052 4518 3198 4586 quod
3260 4517 3649 4573 Constantinus

2081 4615 2196 4661 erat
2274 4608 2605 4672 sublaturus,
2672 4609 2776 4663 nisi
2849 4625 2996 4663 mors
3063 4624 3190 4664 eum
3251 4609 3644 4664 antevertisset.

2079 4695 2336 4750 Carceres
2367 4713 2584 4767 quoque
2613 4697 2842 4766 captivis
2865 4697 2937 4752 ob
2963 4706 3111 4752 certa
3141 4698 3372 4751 crimina
3415 4711 3647 4752 evacua-

2079 4785 2186 4852 vit;
2223 4787 2436 4854 publica
2463 4787 2641 4842 debita
2671 4787 2896 4852 dimisit,
2929 4787 3139 4857 privata
3160 4788 3436 4857 persolvit.
3470 4786 3646 4842 Rede-

2081 4876 2176 4930 mit
2203 4877 2444 4946 captivos
2465 4894 2526 4932 ex
2579 4879 2906 4933 Patzinacia.
2962 4878 3114 4935 Fecit
3153 4880 3315 4934 etiam
3366 4889 3474 4934 tres
3518 4895 3646 4951 syn-

410 4951 644 5015 ἐμελέτα
671 4931 768 5018 μὲν
797 4949 824 5001 6
855 4950 1257 5012 Κωνσταντῖνος
1278 4952 1519 5021 ποιῆσαι,
1549 4931 1650 5007 οὐκ
1679 4931 1877 5022 ἔφθασε
1895 4931 1972 5012 δέ..
2001 4931 2054 4990 D
2079 4965 2151 5020 ce]

1905 4931 1972 5012 δέ..
2001 4931 2054 4990 D
2079 4965 2243 5020 cellos
2268 4931 2285 4946 ι
2334 4931 3110 5040 ωοιτοροιὶιιιε,(έγι·ῖοουιιιμ
3144 4931 3646 5042 έρίιοεὶξηιιιέοίο

423 5039 687 5092 Ὶίκένωσε
718 5041 774 5093 δὲ
804 5041 899 5094 καὶ
931 5040 1027 5103 τὰς
1062 5041 1306 5108 φυλακὰς
1355 5042 1464 5095 τῶν
1497 5044 1975 5116 ὲγκαθειργμένων

405 5131 501 5180 διά
523 5149 672 5194 τινας
701 5131 948 5197 εὐθύνας,
978 5133 1048 5185 τὰ
1085 5132 1184 5202 μὲν
1224 5133 1460 5204 δημόσια
1490 5134 1628 5206 χρέα
1677 5139 1975 5207 χαριζόμε-

406 5240 521 5284 ι-ος,
554 5226 838 5289 ἁποτιννὺς
861 5225 917 5276 δὲ
942 5226 1008 5278 τὰ
1037 5225 1294 5280 ἰδιωτικοὶ.
1334 5225 1780 5299 Ἀπελυτρώσατο
1798 5231 1853 5283 δὲ
1885 5232 1972 5284 καὶ

2021 5129 2025 5133 ,
2076 5057 2537 5127 consanguineum
2618 5059 2957 5127 patriarchae,
3029 5061 3368 5116 Demetrium
3442 5059 3642 5132 Cyzici,

2075 5141 2236 5213 queui
2268 5146 2428 5200 etiam
2467 5155 2755 5218 antequam
2781 5149 2938 5203 ﬁeret
3000 5149 3294 5218 imperator
3351 5151 3642 5206 admodum

2076 5235 2359 5300 dilexerat,
2387 5245 2444 5290 et
2490 5237 2808 5292 Michaelum
2864 5239 3274 5306 Euchaitarum,
3332 5248 3392 5295 ut
3445 5257 3644 5312 genere

1526 5392 1879 5450 XYLANDRI
1915 5396 1999 5450 ET
2036 5397 2247 5453 GOARI
2285 5397 2514 5454 NOTIE.

481 5511 589 5587 «'73)
620 5510 859 5588 Z_nn_aras
889 5512 946 5588 ὲν
988 5511 1066 5581 τῷ
1091 5513 1205 5588 τῷν
1251 5517 1625 5588 Ἀρμενιακῶν
1666 5520 1881 5588 θὲματι,
1912 5521 1964 5574 in

402 5581 684 5655 provincia
718 5581 1058 5658 Armeniaca,
1091 5583 1152 5658 id_
1179 5595 1284 5658 est,
1315 5581 1368 5638 in
1399 5585 1674 5658 Armenia,
1703 5581 1822 5658 quae
1853 5581 1966 5644 lio-

399 5650 588 5728 manis
613 5650 853 5728 parebat.
887 5650 1074 5728 Atque_
1110 5653 1187 5706 sic
1218 5655 1378 5728 etiam
1429 5656 1567 5728 infra
1608 5650 1965 5728 Ἀρμενιακόν

398 5737 504 5789 ιιι-υ
546 5718 789 5796 Armenia
835 5718 1108 5796 provincia
1139 5724 1387 5793 ponitur,
1429 5724 1496 5779 dc
1532 5718 1724 5796 peste,
1753 5729 1805 5783 in
1862 5729 1965 5785 lto-

396 5805 572 5845 manu
601 5789 820 5859 Argyro.
862 5789 990 5844 Xu.

2145 5520 2254 5586 (76)
2285 5522 2450 5575 Sacra
2475 5523 2700 5590 nuptiali
2720 5524 3067 5576 benedictione
3096 5523 3441 5575 consociatur.
3464 5525 3636 5584 GOAR.

2148 5591 2257 5662 (777)
2288 5591 2372 5662 De
2406 5602 2579 5662 morte
2615 5592 2958 5646 Constantini
2988 5592 3238 5646 librarius
3264 5607 3370 5646 non
3401 5593 3637 5648 absurde

2072 5657 2345 5732 ascripsit,
2388 5657 2460 5712 Εὖ
2522 5662 2806 5732 ἐποίησας,
2855 5663 3251 5732 Κωνσταντῖνε,
3294 5662 3526 5729 τάχιστα
3577 5664 3639 5728 ἐξ

2076 5729 2383 5800 ἀνθρώπων
2420 5729 2705 5799 γενόμενος
2728 5747 2740 5762 ·
2770 5746 2892 5784 nam
2919 5731 3008 5799 qui
3056 5733 3133 5784 sic
3167 5731 3373 5789 vitunt.
3416 5733 3633 5787 nonltiSI

2074 5798 2283 5857 summa
2312 5798 2441 5854 dant
2477 5798 2785 5868 reipublica:
2816 5798 2951 5855 mala
3006 5801 3137 5853 Xu.
