4410 6442
407 381 522 444 225

1500 374 2040 436 HISTORIARUM
2071 375 2597 440 COMPENDIUM.

3549 381 3659 451 226

416 491 727 561 μεταθεῖναι
758 490 851 559 τὴν
885 486 1329 558 στρατοπεδείαν.
1378 486 1540 539 ’Λλλά
1599 487 1785 538 τοῦτον
1814 489 1861 539 οἱ
1893 490 1971 539 ἐν·
2007 492 2055 548 Α
2084 486 2157 541 int

1922 505 1971 538 ν-
2007 492 2055 548 Α
2084 486 2439 559 interceptus,
2480 493 2786 558 cohorsque
2816 491 2937 560 ejus
2969 492 3227 562 dissipata
3254 501 3359 547 est.
3415 492 3558 559 Quin
3590 514 3658 554 ω

418 581 731 652 εδρεύοντες
777 581 871 633 καὶ
913 579 979 631 τά
1013 579 1073 632 ἐν
1103 577 1180 648 τῷ
1212 575 1415 648 μεταξὺ
1445 576 1601 629 πεδία
1618 577 1980 642 φυλάσσοντες

417 679 480 728 'A
492 674 653 744 ραϐες
686 673 1221 743 καιροσκοπήσαντες
1251 670 1346 722 καὶ
1374 669 1638 738 αἰφνίδιον
1664 670 1819 723 ἐπιθέ
1830 687 1981 739 μενοι

412 764 695 832 κατέσχον,
732 764 821 816 τὸν
876 762 932 816 δὲ
965 761 1084 832 μετ’
1118 750 1301 814 αὑτοῦΔ
1326 760 1450 813 λαὸν
1480 760 1852 814 διεσκέδασαν.
1893 761 1983 823 Ἐς

412 856 661 910 τοσοῦτον
705 856 763 908 δὲ
787 852 1057 924 προῆλθον
1086 852 1292 922 τόλμης
1318 852 1414 906 καὶ
1454 851 1725 913 ἀναιδείας
1752 851 1826 913 ὡς
1856 853 1982 903 ἀνα-

414 950 609 1015 φανδὸν
658 948 974 999 ἐπικόπτειν
1019 945 1310 1013 Ῥωμαίοις
1353 944 1451 1013 τὴν
1505 942 1854 1012 χορτολογίαν
1890 942 1982 994 καὶ

414 1040 512 1109 τὴν
540 1039 648 1091 τῶν
672 1038 846 1092 ἄλλων
872 1036 1182 1103 ἀναγκαίων
1204 1034 1488 1104 συλλογήν.
1516 1033 1686 1086 Πλέον
1711 1033 1755 1085 δ’
1788 1034 1982 1094 αὐτοὺς

418 1134 649 1183 ἐκάκουν
695 1132 752 1182 ἐν
778 1132 889 1192 τοῖς
927 1129 1113 1181 ὕδασι·
1159 1127 1473 1196 πιεζόμενοι
1499 1128 1605 1195 γὰρ
1638 1128 1687 1178 οί
1724 1126 1981 1195 Ῥωμαῖοι

416 1230 507 1278 καὶ
541 1227 587 1278 οἱ
608 1226 810 1277 τούτων
841 1226 997 1277 ἵπποι
1025 1225 1115 1276 καὶ
1146 1224 1215 1275 τὰ
1246 1222 1534 1288 ὑποζύγια,
1570 1221 1674 1272 ὑπὸ
1716 1220 1814 1288 τῆς
1849 1221 1979 1271 ἀνά-

417 1338 554 1387 γκης
575 1319 667 1373 τοῦ
691 1319 876 1387 δίψους
910 1319 992 1380 είς
1015 1316 1263 1387 προφανῆ
1306 1317 1532 1377 ἑαυτοὺς
1574 1314 1848 1366 συνώθουν
1892 1314 1980 1365 τὸν

416 1412 689 1473 κίνδυνον,
726 1410 824 1462 καὶ
878 1410 927 1462 οἱ
957 1409 1302 1476 ἁλισκόμενοι
1351 1404 1794 1474 προσαπώλοντο.
1843 1402 1979 1455 Τότε

411 1502 477 1569 δὴ
506 1500 600 1553 καὶ
628 1502 1031 1555 Κωνσταντῖνος
1059 1499 1343 1567 πατρίκιος
1364 1495 1746 1564 ὁΔαλασσηνδς
1770 1496 1980 1562 ἐκπεμ-

417 1592 571 1657 φθεὶς
628 1591 895 1657 ἀνακόψαι
956 1589 1084 1651 τοὺς
1123 1587 1554 1655 ἐπεμϐαίνοντας
1608 1585 1852 1653 ’Ἄραϐας
1889 1585 1979 1636 καὶ

412 1682 665 1751 ἀνδρικόν
690 1699 742 1733 τι
776 1681 868 1733 καὶ
898 1684 1141 1748 γενναῖον
1187 1676 1607 1749 διαπράξασθαι,
1646 1677 1740 1729 καὶ
1772 1677 1979 1739 τούτοις

418 1771 757 1840 συμπλακεὶς
796 1772 889 1824 καὶ
917 1772 1172 1840 ἀκόσμως
1207 1766 1415 1837 φυγὼν,
1467 1766 1707 1835 μεγάλης
1739 1766 1980 1835 ταραχῆς

414 1862 508 1912 καὶ
540 1859 849 1929 συγχύσεως
881 1860 948 1911 τά
988 1858 1271 1926 Ῥωμαίων
1303 1856 1564 1923 ἐνέπλησε
1593 1855 1685 1907 καὶ
1710 1856 1799 1907 τὶν
1829 1855 1982 1924 βασι-

412 1952 507 2003 λέα
544 1952 737 2003 αὐτόν’
769 1950 1151 2011 ἐπανελθόντος
1198 1949 1305 2017 γάρ
1354 1947 1518 2000 αὑτοῦ
1553 1945 1980 2016 τεθορυϐημένου

415 2044 507 2094 καὶ
540 2044 598 2093 τὸ
629 2042 987 2111 στρατόπεδον
1011 2040 1151 2092 ἅπαν
1178 2040 1422 2108 ταραχῆς
1451 2039 1860 2106 ἐμφορήσαντος
1890 2036 1983 2089 καὶ

415 2136 704 2201 ἀκοσμίας,
727 2133 906 2185 οὐκέτι
937 2133 1028 2184 τοῦ
1052 2130 1239 2183 λοιποῦ
1273 2130 1449 2200 μάχης
1480 2130 1635 2194 λόγος
1666 2127 1979 2196 ἐτύγχανεν,

412 2227 526 2280 ἀλλ’
554 2227 801 2286 ἕκαστος,
838 2225 910 2286 ῶς
944 2242 1018 2293 πη
1046 2223 1264 2276 δυνατὸν
1293 2219 1382 2292 ἦν,
1413 2222 1511 2289 τὴν
1557 2220 1749 2272 ἑαυτοῦ
1798 2237 1977 2287 σωτη-

415 2320 539 2389 ρίαν
566 2317 1030 2386 ἐπραγματεύετο.
1060 2317 1263 2384 Βουλῆς
1292 2314 1383 2368 οὑν
1414 2314 1774 2382 προτεθείσης
1805 2312 1984 2375 ἔδοξεν

410 2412 583 2464 ’ἐωθεν
613 2411 965 2471 διαλύσαντας
1012 2410 1110 2478 τὴν
1150 2408 1355 2478 τάφρον
1408 2404 1863 2470 ὲπαναζευγνύειν
1904 2404 1984 2466 εἰς

427 2502 775 2570 Ἀντιόχειαν.
838 2502 944 2552 Καὶ
976 2499 1038 2568 δὴ
1071 2500 1211 2552 κατά
1256 2500 1353 2567 τὴν
1380 2498 1609 2563 δεκάτην
1646 2496 1738 2548 τοῦ
1773 2494 1980 2562 Αὐγού-

416 2610 544 2645 στου
597 2593 784 2661 μηνὸς,
840 2592 1166 2653 ίνδικτιῶνος
1195 2595 1283 2657 ιγ’,
1312 2589 1465 2650 ἔτους
1495 2586 1696 2659 ,ςφληλ
1732 2589 1871 2640 κατά
1917 2589 1983 2640 τὰ

415 2685 814 2755 βεϐουλευμένα
850 2686 945 2747 τὶς
975 2685 1071 2753 τῆς
1096 2681 1511 2751 στρατοπεδείας
1542 2679 1845 2743 ἀνοίξαντες
1879 2678 1978 2730 πύ-

412 2777 511 2839 λας
536 2777 822 2845 ἀπα-ιταχῆ
848 2778 946 2845 τῆς
970 2774 1054 2828 ἐπ’
1076 2774 1412 2842 Ἀντιόχειαν
1434 2774 1659 2841 εἴχοντο,
1684 2773 1730 2823 oi
1768 2771 1983 2832 πλείους

418 2869 519 2937 μὲν
548 2867 807 2935 κοιλιακῷ
857 2865 1313 2934 κατειργασμένοι
1355 2865 1644 2932 νοσήματι,
1681 2863 1730 2914 οἱ
1765 2861 1983 2923 πλείους

414 2962 471 3014 δὲ
503 2961 596 3015 καὶ
616 2960 721 3015 ὑπὸ
767 2959 867 3028 τῆς
895 2959 1137 3028 ἀνάγκης
1163 2957 1256 3009 τοῦ
1283 2958 1463 3025 δίψους
1500 2956 1978 3023 κατειργασμένοι.

416 3046 513 3113 Οἷς
547 3049 821 3114 ἐξελθοῦσι
854 3051 951 3117 τῆς
983 3047 1330 3119 παρεμϐολῆς
1365 3045 1501 3115 μετά
1528 3044 1706 3115 ῥύμης
1737 3046 1785 3096 οἱ
1814 3046 1982 3112 ’Δρα-

2084 580 2248 633 etiatn
2307 583 2546 637 audaciae
2597 593 2762 653 atque
2820 584 3135 653 petulantia:
3188 588 3460 659 progressi
3530 601 3663 647 sunt

2084 673 2312 736 Arabes,
2349 681 2407 726 ut
2434 674 2611 741 palam
2644 676 3083 746 pabulationibus
3107 668 3382 734 Romanos
3408 692 3663 737 arcerent

2082 766 2423 837 aliarumque
2474 784 2656 824 rerum
2712 773 3143 826 necessariarum
3185 775 3658 843 comportatione;

2082 871 2143 909 ac
2176 860 2407 913 maxime
2458 876 2555 915 eos
2609 874 2863 931 aquatum
2900 864 3247 934 egredientes
3304 864 3656 921 infestabant.

2082 945 2213 1002 Nam
2245 951 2334 1003 siti
2363 951 2542 1005 vexati
2577 952 2807 1007 Romani
2839 964 2896 1009 et
2926 956 3051 1024 equi
3083 968 3274 1009 eorum
3306 970 3370 1010 ac
3413 956 3659 1025 iumenta

2082 1054 2233 1108 aqua?
2262 1044 2513 1109 paranda:
2541 1060 2705 1098 causa
2738 1059 2797 1099 se
2840 1045 2892 1098 in
2927 1056 3173 1114 apertum
3210 1045 3415 1100 dabant
3450 1048 3662 1115 pericu-

2084 1129 2215 1192 lutn,
2255 1130 2689 1199 deprehensique
2720 1132 3206 1188 interficiebantur.
3259 1134 3381 1199 Quo
3417 1143 3662 1203 tempore

2082 1222 2243 1274 etiam
2305 1224 2697 1279 Constantinus
2767 1226 3034 1296 patricius
3078 1225 3403 1282 Dalassenus
3463 1227 3661 1282 missus

2083 1317 2147 1365 ad
2179 1314 2581 1381 reprimendum
2630 1318 2944 1385 ingruentcs
2968 1316 3176 1371 Arabes
3205 1332 3270 1371 ac
3302 1317 3516 1372 fortiter
3541 1333 3658 1373 rem

2084 1404 2397 1471 gerendam,
2437 1406 2725 1459 commissa
2759 1420 2933 1475 pugna
2967 1405 3198 1475 turpiter
3227 1406 3442 1476 fugiens
3464 1416 3519 1478 et
3534 1422 3660 1461 eum

2088 1492 2449 1559 trepidatione
2493 1493 2545 1546 in
2594 1502 2771 1548 castra
2808 1509 3081 1556 reversus,
3131 1502 3341 1549 tantum
3367 1495 3659 1549 tumultum

2082 1580 2246 1651 593
2278 1597 2338 1636 ac
2368 1583 2746 1638 confusionem
2776 1583 3053 1645 excitavit,
3084 1595 3143 1638 ut
3161 1585 3272 1654 jam
3299 1585 3443 1639 nulla
3467 1601 3661 1656 pugna:

2084 1670 2288 1724 mentio
2319 1669 2492 1734 fleret,
2547 1673 2639 1726 sed
2687 1672 2869 1741 quivis
2907 1671 2974 1726 de
3005 1672 3178 1726 salute
3203 1674 3304 1727 sibi
3332 1688 3662 1743 quocunque

2084 1761 2246 1814 modo
2279 1762 2515 1829 paranda
2569 1764 2849 1831 cogitaret.
2893 1764 2959 1817 Et
2986 1764 3218 1819 concilio
3246 1764 3512 1819 advocato
3546 1765 3661 1835 pla-

2085 1851 2199 1905 cuit
2254 1852 2515 1920 postridie
2564 1862 2739 1907 castra
2789 1868 3011 1908 movere
3070 1863 3236 1923 atque
3311 1856 3659 1911 Antiochiam

2084 1942 2248 1995 abire.
2296 1943 2440 2013 Ergo
2469 1942 2675 1996 decima
2710 1943 2797 1998 die
2837 1943 2917 1997 Au
2940 1945 3102 2014 gssti,
3128 1946 3423 2000 indictione
3448 1946 3661 2001 decima

2087 2055 2261 2116 tertia,
2299 2070 2440 2108 anno
2482 2054 2666 2109 mundi
2720 2054 2885 2119 6558,
2938 2055 3097 2109 sicuti
3130 2056 3308 2110 fuerat
3352 2057 3656 2121 decretum,

2084 2144 2338 2197 omnibus
2386 2144 2912 2216 portis-castrorum
2992 2145 3194 2213 apertis
3267 2142 3497 2198 Romani
3559 2145 3660 2198 iter

2084 2232 2427 2285 Antiochiam
2484 2246 2672 2285 versus
2715 2231 3116 2301 ingrediuntur,
3166 2233 3410 2301 plerique
3436 2234 3663 2289 cmliaco

2086 2324 2274 2377 morbo
2304 2324 2498 2385 vexati,
2534 2324 2823 2394 pluresque
2849 2325 2935 2378 siti
2968 2324 3225 2379 confecti.
3256 2323 3314 2377 In
3340 2340 3439 2381 eos
3468 2326 3662 2380 castris

2086 2428 2335 2483 egressos
2388 2413 2590 2466 Arabes
2651 2413 2912 2483 impetum
2966 2414 3211 2478 faeiunt;
3277 2427 3440 2482 quem
3499 2430 3664 2468 nemo

2086 2507 2361 2568 sustinuit,
2402 2506 2493 2558 Sed
2530 2504 2709 2573 fugam
2742 2504 2921 2559 fecere
2969 2504 3508 2572 periculosissimatn,
3541 2507 3666 2561 aliis

2085 2599 2275 2665 (aptis,
2301 2597 2419 2649 aliis
2446 2613 2473 2649 a
2506 2612 2563 2649 se
2596 2596 2831 2650 invicem
2864 2596 3081 2651 obtritis
3112 2608 3275 2666 atque
3301 2598 3657 2652 conculcatis.

2086 2689 2295 2742 Accidit
2328 2689 2400 2742 ibi
2431 2689 2705 2758 quippiam
2731 2704 2840 2742 non
2880 2689 3162 2758 indignum
3195 2690 3389 2743 relatu.
3446 2689 3658 2743 Etenim

2085 2778 2333 2841 ducibus,
2383 2779 2473 2847 qui
2535 2778 2869 2833 fortitudinis
2909 2778 3051 2832 fama
3105 2794 3357 2849 magnum
3389 2779 3666 2833 habebant

2086 2884 2326 2933 nomen,
2378 2870 2747 2939 militibusque
2791 2870 3092 2924 subsistere
3147 2885 3257 2924 non
3309 2870 3661 2935 audentibus,

2085 2961 2178 3012 sed
2221 2959 2449 3027 turpiter
2505 2958 2933 3029 diffugientibus,
2994 2958 3281 3013 eunuchus
3328 2960 3545 3028 quidam
3597 2961 3667 3013 de

2086 3051 2225 3118 regis
2292 3050 2526 3103 cubiculi
2583 3051 2848 3105 ministris
2913 3051 3304 3121 impedimenta
3372 3065 3664 3121 servosque

417 3145 509 3205 Εες
533 3141 888 3195 ἐπιτίθενται.
910 3138 993 3212 [Ρ.
1027 3138 1151 3211 727]
1184 3139 1304 3191 Τῶν
1330 3138 1385 3190 δὲ
1413 3137 1534 3206 μηδ’
1561 3136 1696 3198 ὅλως
1724 3136 1986 3188 ὑποστάν-
2010 3150 2053 3207 c
2088 3153 2158 3192 su.

1920 3155 1986 3187 ιν·
2010 3150 2053 3207 c
2088 3153 2215 3193 suos
2273 3140 2430 3209 diripi
2476 3140 2686 3204 videns,
2736 3142 2900 3210 idque
2934 3157 3042 3195 non
3081 3140 3262 3195 ferens
3296 3142 3661 3205 mediocriter,

416 3249 525 3284 των
550 3231 649 3301 τὴν
678 3230 853 3301 ὁρμὴν
885 3231 1094 3295 γίνεται
1125 3229 1300 3297 τροπὴ
1335 3226 1771 3296 φρικωδεστάτη,
1813 3227 1905 3278 καὶ
1938 3226 1985 3277 οἱ

420 3321 519 3389 μὲν
546 3320 637 3371 ὑπ’
666 3318 908 3390 ἀλλήλων
938 3317 1234 3371 ὲπατοὺντο
1263 3315 1357 3367 καὶ
1388 3314 1774 3385 διεφθείροντο,
1834 3315 1881 3365 οἱ
1930 3313 1985 3364 δὲ

418 3410 654 3480 ζιϋγρίαι
695 3410 997 3479 ἡλίσκοντο.
1028 3408 1197 3461 Ἔνθα
1225 3424 1277 3459 τι
1306 3408 1401 3458 καὶ
1435 3406 1627 3475 συνέϐη
1657 3408 1843 3474 χάριεν
1896 3421 1987 3470 γει

417 3502 607 3554 νέσθαι
629 3518 641 3532 ·
707 3502 816 3554 τῶν
851 3502 959 3571 γάρ
989 3500 1330 3569 στρατηγῶν,
1362 3494 1442 3560 οἷς
1472 3498 1557 3549 ἐπ’
1613 3497 1803 3565 ἀνδρίᾳ
1844 3495 1986 3561 μέγα

417 3594 587 3664 δνομα
622 3590 710 3664 ἦν,
740 3594 835 3647 καὶ
876 3592 983 3645 τῶν
1014 3589 1362 3661 στρατιωτῶν
1403 3588 1632 3657 μηδενὸς
1686 3586 1982 3654 ὑποστῆναι

419 3684 746 3754 τολμώντων
776 3683 866 3736 τὸν
895 3684 1161 3742 κίνδυνον,
1191 3681 1303 3735 ἀλλ’
1318 3679 1553 3747 ἀγεννῶς
1571 3677 1986 3746 ἀποδιδρασκόν-

420 3790 547 3834 των,
580 3774 830 3843 εὐνοῦχός
862 3790 945 3835 τις
989 3772 1096 3825 τῶν
1138 3769 1429 3840 βασιλικῶν
1463 3765 1861 3836 θαλαμηπόλων
1888 3765 1986 3832 τὴν

2090 3246 2229 3301 equo
2286 3233 2385 3285 hac
2437 3232 2557 3286 illac
2607 3233 2939 3288 circumacto
2967 3249 3162 3305 magno
3191 3250 3314 3289 cum
3359 3235 3563 3304 impetu
3609 3235 3664 3288 in

2091 3321 2276 3374 hostes
2330 3322 2503 3376 fertur
2536 3363 2549 3386 ,
2609 3339 2906 3393 arcumque
2969 3326 3198 3379 tendens
3247 3341 3414 3378 unum
3475 3341 3663 3379 eorum

2090 3410 2292 3478 dcjieit,
2333 3411 2570 3480 reliquos
2627 3414 2681 3466 in
2732 3412 2910 3483 fugam
2962 3416 3145 3479 vertit,
3181 3417 3523 3484 receptisque
3548 3416 3667 3469 suis

2093 3500 2255 3554 rebus
2280 3500 2431 3555 laetus
2456 3504 2764 3557 revertitur.
2818 3505 3115 3574 Imperator
3149 3521 3290 3576 aegre
3319 3506 3666 3559 Antiochiam

2093 3590 2379 3658 pervenit;
2432 3592 2731 3663 fuissetque
2778 3596 2844 3648 ab
2900 3597 3055 3650 hoste
3105 3606 3320 3666 captus,
3351 3598 3454 3651 nisi
3489 3599 3664 3667 impe-

2093 3680 2279 3733 ratorii
2314 3681 2531 3736 sodales
2560 3692 2779 3738 strenue
2809 3686 3104 3755 pugnando
3131 3702 3189 3741 se
3237 3687 3523 3757 ipsumque
3552 3688 3664 3743 eri-

2098 3772 2367 3839 puissent.

421 3868 613 3923 ὲαυτοῦ
666 3868 970 3937 φερομένην
1026 3866 1148 3918 ἰδὼν
1202 3862 1511 3929 ἀποσκευὴν
1561 3862 1648 3912 καλ
1683 3862 1807 3923 τοὺς
1842 3861 2137 3930 ὑπηρέτας,
2170 3867 2265 3917 καὶ
2300 3866 2375 3935 μὴ
2408 3866 2646 3933 ἐνεγκὼν
2681 3868 2915 3939 μετρίως
2983 3872 3042 3922 τὸ
3110 3870 3303 3934 πάθος,
3347 3872 3440 3925 τὸν
3497 3872 3668 3927 ἵππον

422 3964 550 4034 τῇδὲ
572 3964 793 4014 κάκεῖσε
829 3957 1167 4027 συνταράξας
1186 3956 1363 4008 ἔπεισι
1397 3952 1534 4024 μετὰ
1562 3951 1988 4022 σφοδρᾶςόρμῆς
2013 3954 2151 4007 κατὰ
2192 3956 2298 4008 τῶν
2356 3957 2711 4028 Σαρακηνῶν,
2770 3961 2863 4011 καὶ
2930 3960 3082 4025 τόξον
3153 3961 3393 4023 ἐντείνας
3471 3960 3658 4031 βάλλει

426 4058 527 4127 μὲν
551 4056 669 4119 ἕνα,
702 4052 893 4122 τρέπει
938 4051 994 4104 δὲ
1024 4050 1148 4112 τοὺς
1180 4047 1389 4109 ἄλλους,
1427 4044 1520 4098 καὶ
1569 4044 1635 4096 τὰ
1661 4042 1852 4096 ἑαυτοῦ
1902 4042 2035 4095 ἐλὼν
2090 4042 2393 4115 ὑπέστρεψε
2414 4046 2682 4115 γεγηθώς.
2718 4047 2775 4100 '0
2801 4048 2857 4100 δὲ
2889 4049 3142 4119 βασιλεὺς
3180 4050 3349 4118 ἐγγὺς
3369 4050 3539 4102 ἐλθὼν
3560 4054 3657 4107 τοῦ

424 4149 626 4204 ἁλῶναι
658 4145 1016 4218 περισώζεται
1055 4145 1133 4207 εἰς
1167 4142 1522 4213 Ἀντιόχειαν,
1551 4137 1803 4207 ἐκθύμως
1833 4139 2255 4209 ἀγωνισαμένων
2285 4141 2391 4193 τῶν
2456 4141 2750 4209 βασιλικῶν
2816 4142 3046 4213 ἑταίρων
3118 4142 3214 4194 καὶ
3284 4138 3665 4198 διασωσάντων

421 4238 647 4302 ἑαυτούς
677 4255 735 4292 τε
762 4238 854 4291 καὶ
880 4237 975 4290 τὸν
1005 4234 1247 4307 βασιλέα.

496 4331 632 4385 Τότε
652 4330 717 4401 δὴ
742 4327 1015 4399 Γεωργίου
1030 4325 1122 4380 τοῦ
1136 4325 1393 4393 Μανιάκη
1423 4321 1516 4376 τοῦ
1540 4321 1773 4391 θῖματος
1798 4336 1989 4390 στρατ-
2025 4330 2067 4385 ι)
2167 4317 2237 4391 ω

1925 4337 1989 4373 ιτ·
2025 4330 2067 4385 ι)
2167 4317 2332 4391 494
2362 4318 2475 4374 Sub
2500 4319 2551 4374 id
2583 4330 2797 4391 tempus
2828 4318 3122 4389 provincia:
3147 4316 3401 4374 Telucbte
3436 4318 3666 4387 praeerat

422 4423 687 4494 ηγοῦντος
721 4422 946 4490 Ἰ“ελοὺχ,
1004 4417 1243 4488 ’Λραδες
1280 4414 1589 4470 ὀκτακόσιοι
1618 4412 1753 4483 μετά
1782 4412 1987 4482 γαύρου

422 4516 520 4571 τοῦ
554 4515 898 4587 φρονήματος
930 4509 1369 4581 ὑποστρέψαντες
1400 4505 1508 4560 ἀπὸ
1532 4504 1630 4575 τῆς
1660 4504 1866 4575 τροπῆς
1898 4504 1991 4556 καὶ

425 4609 565 4677 πρὸς
593 4607 753 4660 αὑτὸν
783 4603 1220 4674 παραγενόμενοι
1252 4599 1420 4652 εῐκειν
1446 4595 1544 4667 τὴν
1583 4596 1842 4664 ταχίστην
1872 4592 1993 4645 ἐκέ-

424 4698 581 4750 λευον
644 4695 739 4749 καὶ
760 4695 858 4765 τὴν
891 4692 1043 4745 πόλιν
1088 4689 1405 4743 καταλιπεῖν
1458 4684 1551 4738 τοῦ
1603 4683 1864 4754 βασιλέως
1909 4685 1997 4735 ὲα-

424 4788 664 4849 λωκότος
710 4786 806 4839 καὶ
854 4781 1051 4845 παντὸς
1112 4778 1205 4833 τοῦ
1246 4774 1555 4847 Ῥωμαῖκοῦ
1589 4774 1998 4845 στρατεύματος

426 4882 599 4953 ἄρδην
630 4876 989 4939 ἀπολωλότος,
1016 4874 1108 4927 καὶ
1138 4872 1213 4943 μὴ
1237 4870 1429 4924 ἑαυτὸν
1458 4869 1726 4940 προφανεῖ
1760 4866 1989 4936 κινδύνῳ

426 4969 781 5025 ἐκδεδωκέναι
800 4986 814 4999 ·
846 4966 1054 5037 ήμόρας
1073 4964 1182 5033 γάρ
1211 4957 1617 5031 διαλαμπούσης
1648 4956 1877 5026 οἰκτρῶς
1900 4958 1991 5007 αύ-

426 5064 521 5126 τός
565 5076 623 5113 τε
663 5060 758 5112 καὶ
780 5058 829 5111 οί
856 5058 955 5111 σὺν
984 5052 1132 5125 αὑτῷ
1156 5049 1485 5107 ἀπολοῦνται
1531 5049 1989 5117 περιστοιχισυέν-

427 5170 540 5214 τες.
585 5152 643 5203 Ὀ
675 5149 731 5204 δὲ
775 5147 1024 5218 δέχεσθαι
1054 5147 1192 5215 τάχα
1222 5144 1320 5215 τὴν
1356 5141 1673 5212 παραίνεσιν
1714 5137 1867 5202 δόξας
1902 5139 1991 5189 καὶ

430 5245 680 5313 ποιήσειν
709 5242 767 5293 τὸ
827 5238 1180 5307 κελευόμενον
1213 5232 1596 5295 ὑποπτευθεὶς,
1656 5229 1777 5281 σῖτά
1812 5245 1866 5279 τε
1901 5231 1992 5280 καί

431 5334 571 5388 ποτά
614 5331 823 5393 τούτοις
874 5327 1237 5398 ἀποχρώντως
1302 5322 1589 5392 ἐκπέμψας
1644 5319 1993 5372 διαναπαύειν

433 5426 685 5479 ἐκέλευεν
714 5421 959 5486 ἑαυτοὺς,
984 5420 1059 5483 ὡς
1110 5417 1203 5487 ἀμ’
1236 5415 1420 5486 ἡμέρᾳ
1452 5413 1612 5473 αὑτὸς
1644 5410 1744 5479 μὲν
1770 5412 1864 5463 σὺν
1883 5410 1995 5470 τοῖς

433 5516 687 5568 συνοῦσιν
730 5512 878 5581 αὐτῷ
929 5508 1399 5577 ἀπαλλαγήσεται,
1447 5503 1641 5563 αὐτοὺς
1684 5498 1739 5551 δὲ
1775 5501 1995 5567 κυρίους

431 5606 762 5677 καταστήσει
794 5604 892 5672 τῆς
921 5602 1130 5664 πόλεως
1157 5597 1361 5665 Τελοὺχ
1390 5594 1501 5665 (8Ξ)
1530 5591 1623 5645 καὶ
1648 5590 1863 5642 πάντων
1884 5588 1992 5641 τῶν

2098 4410 2359 4481 Georgius
2423 4409 2711 4466 Maniaces.
2789 4412 2868 4467 Ad
2919 4425 3045 4467 eum
3107 4409 3313 4465 Arabes
3363 4408 3664 4480 octingenti

2100 4502 2295 4571 fugatis
2349 4501 2607 4559 Romanis
2644 4512 2985 4561 revertentes
3018 4508 3392 4567 accesserunt,
3429 4500 3664 4571 superbe

2102 4593 2465 4658 ferocientes;
2527 4595 2915 4665 iusseruntque
2972 4608 3137 4659 eum,
3206 4590 3426 4663 quando
3474 4599 3673 4661 captus

2098 4682 2393 4752 imperator
2422 4693 2476 4739 et
2504 4684 2695 4751 deleta:
2719 4685 3096 4740 Romanorum‘
3114 4683 3227 4754 jam
3256 4689 3443 4737 essent
3474 4681 3665 4751 copiae,

2096 4774 2278 4828 statim
2311 4776 2445 4830 urbe
2482 4776 2632 4830 abire
2660 4790 2840 4847 neque
2882 4791 2940 4831 se
2969 4776 3024 4829 in
3071 4773 3437 4830 certissimum
3472 4771 3662 4828 discri-

2097 4879 2219 4918 men
2274 4865 2445 4922 darc:
2489 4867 2690 4941 alioqui
2722 4884 2847 4923 eum
2895 4867 3065 4938 prima
3097 4867 3219 4921 luce
3267 4865 3665 4921 circumdatum

2098 4970 2220 5008 cum
2258 4956 2581 5011 suismisere
2612 4957 2851 5011 occisum
2885 4957 2969 5011 iri.
3006 4956 3266 5029 Georgius
3287 4955 3665 5025 obtemperare

2099 5060 2155 5119 se
2181 5045 2259 5098 eis
2283 5045 2567 5110 simulans,
2622 5057 2681 5101 ut
2713 5047 3029 5116 Opinionem
3065 5061 3184 5101 eam
3225 5047 3276 5100 iu
3309 5045 3662 5100 barbarorum

2098 5136 2296 5191 animis
2332 5138 2695 5202 confirmaret,
2732 5139 2838 5193 cibi
2893 5149 3162 5208 potusque
3212 5135 3428 5191 abunde
3479 5136 3563 5191 eis
3599 5149 3667 5189 ex

2108 5228 2233 5281 urbe
2265 5227 2431 5289 misit,
2470 5226 2652 5295 quiete
2687 5241 2743 5281 se
2776 5242 2870 5281 eos
2900 5227 3093 5292 jubens
3130 5223 3373 5287 reficere,
3416 5229 3472 5277 et
3494 5223 3666 5291 signi-

2106 5319 2272 5371 fitans
2331 5334 2487 5372 mane
2525 5333 2579 5372 se
2617 5332 2738 5372 cum
2792 5320 2902 5374 suis
2954 5317 3363 5379 discessurum,
3428 5314 3667 5384 ipsisque

2105 5412 2295 5463 urbem
2330 5410 2623 5464 'I'elucb‘am
2661 5420 2716 5463 et
2745 5409 2926 5463 omnia
2978 5407 3344 5461 Romanorum
3378 5402 3517 5459 bona
3554 5410 3667 5455 tra-

2106 5500 2369 5554 ditnrmn.
2405 5500 2497 5553 Eis
2532 5499 2710 5555 verbis
2760 5514 2824 5554 ac
2849 5498 2991 5553 facto
3030 5496 3233 5551 Arabes
3265 5492 3473 5563 decepti
3511 5500 3669 5561 pota-

2104 5592 2238 5645 tioni
2302 5605 2360 5645 se
2411 5599 2465 5643 et
2519 5589 2768 5645 ebrietati
2824 5584 3114 5651 dederunt.
3172 5594 3492 5654 nec-tealque
3543 5594 3664 5635 eam

1567 5701 2043 5766 XYLANDRLET
2069 5700 2282 5758 GOARI
2310 5701 2538 5759 ΝΟΤᾹΞ.

507 5816 618 5876 (82)
659 5812 827 5879 Regio
858 5817 913 5865 et
942 5810 1074 5865 urbs
1112 5806 1256 5861 circa
1300 5806 1538 5860 Taurum
1586 5811 1843 5856 montem.
1897 5796 2134 5851 ()rtelius
2162 5809 2226 5848 ex
2259 5793 2790 5863 tluropalate.-Goan.
