4410 6442
417 382 529 452 245
1468 394 2003 456 HISTORIARUM
2047 395 2197 456 COM

2092 395 2574 458 OMl’ENDIUM.
3553 380 3659 447 246

410 510 562 562 σιλέα
593 507 751 576 δῆθεν
781 509 1010 562 έκῑικῶν
1050 510 1124 573 ὡς
1155 511 1300 566 θετον
1338 512 1438 582 τῆς
1488 515 1744 580 γυναικὸς
1790 513 1979 579 αὑτοῦ,
2019 520 2055 576 Α
2087 514 2198 584 prid

2092 514 2296 584 pridem
2321 514 2384 568 iis
2396 526 2656 568 concessa
2683 505 3054 578 recuperavit;
3075 503 3443 562 etPatzinaca:
3464 504 3661 560 Istrum

411 603 513 668 τήν
561 617 618 651 τε
663 601 800 667 πρὸς
853 602 1154 669 Ῥωμαίους
1205 602 1426 673 είρῖνην
1473 607 1748 658 ἀπείπατο
1794 607 1890 658 καὶ
1918 605 1986 658 τὰ
2093 616 2198 661 trar

2093 605 2410 676 transgressi
2444 606 2748 658 universam
2777 599 2996 672 Mysiam
3019 613 3190 668 usque
3214 594 3661 650 Thessalonicam

416 691 611 759 πρώην
671 691 892 744 δοθέντα
945 693 1174 762 κάστρα“
1211 694 1286 764 (5)
1339 698 1432 748 καὶ
1478 696 1715 766 φρούρια
1771 697 1988 750 ἅπαντα
2091 713 2195 767 pop

2092 696 2329 767 populati
2367 705 2535 760 sunt;
2581 701 2638 749 et
2659 692 2911 747 Afrorum
2960 702 3128 744 naves
3153 688 3480 759 Cycladibus
3507 686 3662 740 insn-

414 785 773 852 ἀνεκτήσατο.
838 786 1244 855 ῐΙεραιωθέντες
1295 788 1350 840 δὲ
1402 788 1496 840 καὶ
1545 789 1636 840 τον
1679 790 1890 860 Ἵστρον
1939 792 1986 841 οἱ
2092 790 2198 843 lis‘I

2092 790 2156 843 lis
2185 805 2292 842 non
2318 786 2456 842 levia
2472 787 2665 841 damna
2691 783 3012 838 intulerunt.
3028 780 3172 835 Nihil
3193 781 3386 834 borum
3416 777 3664 834 omnium

2090 894 2234 934 cura;
2270 877 2462 933 Joanni
2495 877 2618 940 luit,
2662 876 2715 929 in
2755 876 2808 930 id
2839 889 3005 930 unum
3031 873 3243 928 intento
3302 878 3360 924 ut
3415 868 3664 924 Dalasse-

2093 989 2221 1026 num
2254 978 2502 1026 accurate
2519 968 2839 1028 custodiret,
2878 983 2948 1023 ne
2996 967 3040 1023 is
3083 964 3374 1034 se-ipsius
3421 962 3669 1016 cassibus

2091 1061 2370 1131 explicans
2423 1061 2773 1116 subduceret.
2842 1059 3028 1128 Itaque
3081 1072 3209 1112 eum
3263 1055 3336 1109 ab
3381 1053 3559 1108 insula
3611 1053 3664 1106 in

2095 1154 2288 1210 turrim
2321 1154 2598 1217 transfert,
2636 1151 3065 1220 custodibusque
3107 1149 3348 1204 strenuis
3383 1161 3673 1202 asservan-

2093 1245 2220 1301 dum
2249 1245 2486 1300 mandat.
2521 1242 2810 1316 Georgium
2865 1256 3083 1313 quoque
3142 1240 3423 1296 Mauiacen
3478 1247 3673 1293 avocat

2098 1337 2316 1400 Edessa,
2347 1345 2402 1392 et
2429 1336 2649 1408 praeﬁcit
2698 1335 2886 1391 Media:
2922 1332 3213 1404 superiori,
3241 1347 3365 1401 quae
3397 1339 3454 1386 et
3477 1331 3676 1400 Aspra-

2096 1429 2252 1484 cania
2279 1428 2502 1494 dicitur,
2535 1427 2703 1482 misso
2743 1427 3000 1482 Edessam
3055 1424 3240 1479 Leone
3292 1420 3670 1493 Lependreno.

2095 1522 2232 1577 Cum
2255 1529 2441 1575 autem
2472 1521 2625 1575 ulcus
2664 1517 3096 1590 orphanotrophi
3163 1532 3227 1572 os
3282 1515 3675 1586 depascerctur

2092 1624 2143 1672 et
2179 1614 2372 1670 medici
2398 1611 2465 1669 de
2518 1628 2621 1683 ope
2641 1611 2863 1667 ferenda
2892 1611 3297 1680 desperassent,
3341 1623 3438 1679 per
3476 1607 3682 1660 insnm-
3744 1675 3746 1677 γ

2092 1707 2244 1762 nium
2329 1706 2377 1759 ei
2434 1705 2580 1759 visus
2673 1719 2900 1775 magnus
2973 1701 3357 1756 miraculorum
3445 1697 3678 1772 eﬁ‘ector

2096 1797 2348 1852 Nicolaus
2403 1796 2615 1852 monuit
2669 1805 2728 1850 ut
2793 1793 3199 1864 quamprimum
3260 1791 3404 1862 Myra
3446 1789 3568 1854 iret,
3603 1787 3679 1842 ibi

2097 1892 2384 1946 sanitatem
2415 1901 2754 1958 recepturus.
2776 1886 3070 1943 Celerrime
3099 1886 3264 1955 igitur
3290 1898 3355 1938 eo
3380 1879 3680 1952 profectus,

2099 1980 2306 2036 Nicolai
2329 1981 2560 2035 clericos
2592 1977 2884 2050 unguentis
2930 1977 3157 2044 aliisque
3199 1971 3540 2043 sumptuosis
3593 1984 3682 2023 re-

2101 2075 2204 2129 bus
2230 2072 2549 2136 demeritus,
2605 2070 2934 2142 metropolin
2969 2070 3113 2140 Myra
3153 2082 3311 2122 muro
3351 2061 3684 2120 validissimo

2101 2164 2294 2228 cinxit,
2324 2163 2624 2233 morboque
2668 2163 2878 2219 solutus
2906 2161 3085 2216 rediit.

419 2243 669 2296 ἐκέλευεν
709 2246 784 2308 ὠς
835 2247 1014 2300 ἐκεῖσε
1064 2251 1383 2320 τευξόμενον
1433 2252 1751 2322 θεραπείας.
1816 2256 1874 2308 Ἰ)
1919 2257 1975 2309 δὲ
2015 2257 2206 2310 θᾶττον
2237 2257 2269 2326 ἣ
2303 2256 2458 2324 λόγος
2487 2259 2666 2310 ἐκεῖσε
2697 2257 2981 2325 φοιτήσας,
3015 2253 3109 2307 καὶ
3178 2251 3370 2322 μύροις
3435 2246 3532 2319 καὶ
3595 2246 3690 2303 ἀλ·

420 2335 538 2397 λαις
576 2337 939 2400 πολυτελείαις
965 2340 1054 2392 τὸν
1077 2341 1170 2392 τοῦ
1206 2343 1443 2410 μεγάλου
1477 2344 1616 2396 θεῖον
1644 2345 2041 2415 δεξιωσάμενος
2072 2347 2221 2412 ναὸν,
2247 2346 2342 2399 καὶ
2406 2344 2574 2417 τείχει
2646 2344 2994 2416 περικλείσας
3040 2341 3372 2413 ὀχυρωτάτῳ
3427 2341 3524 2412 τὴν
3578 2342 3688 2397 τῶν

420 2435 653 2502 Magia-iv
711 2435 1072 2502 μητρόπολιν,
1128 2436 1424 2504 θεραπείας
1473 2441 1651 2509 τυχὼν
1705 2441 1982 2495 ἐπάνεισιν
2019 2443 2198 2514 ὑγιής,

498 2525 714 2593 Νικήτα
759 2525 813 2576 δὲ
860 2524 954 2576 τοῦ
991 2527 1425 2596 στρατηγοῦντος
1461 2531 1520 2582 ἐν
1575 2531 1876 2602 Ἀντιοχείᾳ
1909 2534 2005 2603 τῆς
2179 2537 2198 2590 Ε

2179 2535 2391 2592 Mortuo
2422 2533 2609 2590 Niceta
2638 2531 2944 2588 Antiochiae
2989 2531 3042 2584 in
3067 2529 3220 2602 Syria
3244 2527 3524 2600 praefecto,
3577 2527 3690 2582 fra-

426 2615 626 2683 Σηρίας
662 2616 1139 2685 καταστρέψαντος
1165 2622 1262 2688 τὴν
1296 2621 1464 2690 ζωὴν,
1498 2622 1685 2692 ἅτερος
1711 2624 1819 2676 τῶν
1848 2625 2001 2677 άδελ-
2107 2638 2193 2686 ter

2107 2638 2193 2686 ter
2246 2628 2642 2684 Constantinus
2681 2625 2964 2689 sullieitur,
3022 2630 3076 2677 et
3148 2621 3377 2677 fratrum
3447 2620 3688 2690 reliquus

424 2707 543 2771 ςῶν
593 2708 618 2758 ὁ
670 2709 1078 2772 Κωνσταντῖνος
1118 2711 1441 2766 καθίσταται
1495 2715 1682 2768 τούτου
1735 2716 1998 2787 διάδοχος,
2106 2721 2198 2778 (ζει

2106 2721 2372 2792 Georgius
2399 2717 2949 2791 ﬁtprotovestiarius,
2983 2717 3260 2778 Simeone,
3324 2722 3383 2767 ut
3429 2712 3685 2775 diximus,

429 2801 522 2848 ’.αἱ
551 2798 816 2867 Γειὺργιος
848 2802 873 2851 ό
905 2799 1086 2863 λοιπὸς
1119 2803 1612 2874 πρωτοῦεστιάριος
1641 2805 1869 2872 γίνεται,
1903 2809 1998 2861 τοῦ
2103 2831 2194 2869 mo

2103 2815 2464 2870 monasticam
2497 2814 2662 2867 vitam
2694 2811 2961 2881 ingresso.
2998 2806 3280 2863 Diuturnis
3309 2806 3474 2860 etiam
3504 2820 3691 2859 carce-

429 2887 679 2953 Συμεὼν,
736 2889 807 2950 ὡς
865 2890 1125 2958 εἴπομεν,
1187 2892 1244 2945 τὸ
1293 2894 1577 2962 μοναδικὺν
1633 2895 1996 2964 ὲνδυσαμένου
2107 2905 2198 2958 [ibi

2107 2905 2256 2960 ribus
2273 2905 2564 2974 imperator
2585 2901 2743 2973 513
2763 2901 3128 2956 Antiochenos
3149 2898 3368 2954 emittit.
3393 2897 3455 2952 Et
3467 2895 3694 2953 Michae-

431 2983 637 3046 σχῆμα.
684 2981 988 3048 Ἐλευθεροῖ
1024 2982 1079 3034 δὲ
1126 2983 1365 3048 καὶτοὺς
1399 2985 1831 3056 καθειργμένους
1878 2990 1999 3041 ’Λν-
2110 2995 2198 3050 Iun

2110 2995 2222 3050 lum
2255 2996 2434 3051 Mariae
2457 2997 2660 3050 sororis
2689 3009 2800 3049 sua:
2819 2991 2986 3046 ﬁlium
3016 2991 3080 3046 ad
3115 2991 3338 3046 Caesaris
3360 2989 3570 3044 culmen
3595 3003 3693 3044 ex-

430 3073 631 3136 ·ιινιχεῐς
667 3072 762 3131 τῧς
794 3071 1009 3138 χρονίας
1041 3073 1370 3142 καθείρξξως
1400 3079 1426 3127 ὁ
1457 3074 1539 3146 [Ρ.
1572 3075 1696 3145 758]
1730 3076 2000 3146 βασιλεὺς,
2113 3090 2188 3143 ιοι

2113 3089 2278 3143 tollit.
2311 3088 2392 3143 Ad
2420 3088 2580 3142 linem
2611 3102 2783 3158 usque
2813 3087 2937 3139 vine
2966 3083 3183 3139 deﬂevit
3205 3081 3558 3152 percatumin
3585 3079 3693 3134 Ro-

435 3161 728 3228 οῖςαγαγὼν
754 3165 844 3214 καὶ
874 3165 1006 3232 πρὸς
1034 3165 1094 3216 τὸ
1123 3165 1215 3217 τοῦ
1245 3168 1520 3236 Καίσαρος
1557 3169 1841 3238 περῖοπτον
1874 3170 2006 3239 ὕψος
2117 3194 2198 3231 ma

2117 3193 2278 3231 manu
2301 3186 2492 3232 necato
2524 3193 2706 3242 suum,
2735 3175 2898 3231 bonis
2947 3172 3204 3242 operibus
3255 3181 3311 3226 et
3370 3169 3692 3225 liberalitate

431 3252 651 3319 Μιχαὴλ
682 3253 768 3305 τὸν
795 3255 892 3319 τῆς
927 3253 1121 3307 ἑαυτοῦ
1155 3257 1388 3327 αδελφῆς
1417 3257 1634 3330 Μαρίας
1671 3261 1802 3314 υἱόν.
1849 3261 2010 3314 ’Λπο-
2040 3263 2084 3322 C
2120 3269 2171 3322 in

2120 3269 2171 3322 in
2202 3283 2467 3338 pauperes
2531 3269 2698 3322 Deum
2757 3265 3000 3335 placans.
3065 3272 3121 3317 et
3167 3260 3498 3316 monasteria
3555 3275 3692 3313 nova

416 878 756 940 Πατζινάκαι
787 880 969 930 πᾶσαν
999 879 1284 948 ἐληίσαντο
1314 881 1410 950 τὴν
1441 881 1654 933 Μυσίαν
1685 882 1810 951 ἄχρι
1857 883 1988 933 Θεσ-

416 970 730 1040 σαλονίκης,
759 972 852 1022 καὶ
881 970 946 1022 τι
986 969 1093 1022 τῶν
1117 968 1342 1037 Ἀφρων
1380 973 1538 1026 πλοῖα
1566 973 1662 1036 τὰς
1704 974 1988 1035 Κυκλάδας

415 1063 478 1114 οὐ
515 1062 726 1131 μικρῶς
769 1063 1128 1132 ἐλυμήναντο.
1166 1057 1265 1114 Ὧν
1295 1064 1521 1131 οὐδεμία
1564 1067 1784 1136 φροντὶς
1809 1062 1874 1135 ἦν
1911 1065 1988 1134 τῷ

429 1155 670 1224 Ἰωάννῃ,
712 1156 880 1222 μόνην
909 1155 954 1207 δ’
986 1154 1221 1223 ἔμμονον
1245 1156 1500 1224 ἀσχολίαν
1528 1154 1670 1228 εἶχεν
1694 1158 1840 1220 ὅπως
1874 1157 1939 1211 ἂν
1962 1159 1990 1210 δ

420 1247 765 1317 Δαλασσηνὶς
786 1247 1039 1314 ἀσφαλῶς
1059 1251 1273 1317 τηροίτο
1303 1254 1394 1300 καὶ
1424 1249 1499 1319 μὴ
1519 1252 1618 1313 τὰς
1641 1249 1805 1303 αὐτοῦ
1837 1251 1990 1306 λάθοι

421 1338 648 1407 δ;αδρας
691 1338 1018 1400 πλεκτάνας.
1059 1341 1168 1393 Καὶ
1211 1339 1347 1408 δῆτα
1395 1340 1721 1410 μεταγαγὼν
1753 1343 1859 1396 ἀπὸ
1893 1345 1992 1413 τῆς

417 1431 577 1494 νήσου
613 1430 825 1499 Πλάτης
855 1431 1015 1482 αὑτὸν
1056 1429 1264 1499 πύργῳ·
1298 1430 1684 1502 καθείργνυσιν
1719 1435 1991 1504 ἀσφαλεῖ,

417 1521 715 1589 ἐπιστήσας
746 1521 892 1589 αὑτῴ
927 1523 1199 1592 φρουροὺς
1239 1523 1338 1575 οὐκ
1368 1523 1634 1591 ἀγεννεῖς.
1677 1525 1994 1579 Μεταστὲλ-

417 1610 568 1662 λεται
609 1611 652 1662 δ’
702 1611 760 1676 ἐξ
812 1612 1066 1682 Ἐδέσσης
1108 1614 1201 1666 καὶ
1243 1613 1515 1683 Γεώργιον
1563 1615 1854 1685 πατρίκιον
1901 1618 1994 1670 τὸν

420 1703 730 1771 Ξτιιιιιάκην,
760 1705 850 1756 καὶ
886 1704 1073 1756 τοῦτον
1110 1707 1210 1773 μὲν
1245 1703 1432 1775 ἄρχειν
1459 1707 1732 1776 ἐκπέμπει
1757 1709 1854 1777 τῆς
1883 1709 1994 1763 ἄνω

419 1795 629 1859 Min-Eia;
674 1797 765 1845 καὶ
808 1795 904 1863 τῆς
965 1797 1370 1864 Ἀσπρακανίας
1408 1797 1509 1866 (’t},
1557 1799 1613 1849 ἐν
1666 1799 1886 1872 Ἐδέσσῃ
1935 1801 1991 1854 δὲ

421 1885 624 1951 πέμπει
656 1886 858 1936 Λέοντα
880 1887 968 1936 τον
1007 1886 1387 1956 Χεπενδρηνόν.
1408 1888 1637 1950 Ἕλκους
1659 1887 1715 1940 δὲ
1739 1889 1993 1958 διανεμο-

420 1975 580 2042 μένου
609 1975 670 2028 τὺ
701 1977 794 2028 τοῦ
828 1977 1231 2045 ὀρφανοτρόφου
1269 1978 1437 2045 στόμα
1478 1979 1568 2030 καὶ
1603 1981 1783 2050 πάσης
1816 1982 1991 2051 ἰατρι-

417 2061 516 2127 κῆς
541 2062 733 2131 τέχνης
759 2064 1143 2132 ἀπειρηκυίας.
1175 2065 1306 2135 δναρ
1330 2066 1479 2136 αὐτῷ
1509 2069 1734 2132 ἐπιστὰς
1763 2072 1790 2122 ὁ
1821 2074 1993 2138 μέγας

418 2153 473 2202 ὲν
509 2152 748 2218 θαύμασι
785 2155 1048 2216 Νικόλαος
1078 2157 1234 2226 ἥκειν
1267 2159 1320 2209 έν
1355 2157 1564 2228 Μύροις
1599 2160 1696 2230 τὴν
1731 2163 1994 2233 ταχίστην

432 3346 752 3413 κλαιόμενος
786 3346 840 3397 δὲ
890 3351 982 3399 κιὶ
1026 3347 1121 3417 τὴν
1173 3353 1250 3413 είς
1302 3351 1393 3401 τὸν
1440 3351 1664 3419 βασιλέα
1726 3355 2006 3420 Ῥωμανον

431 3435 565 3503 ἄχρι
594 3438 778 3500 τέλους
810 3438 1111 3492 διετέλεσεν
1147 3442 1456 3509 ἁμαρτάδα,
1490 3442 1578 3495 τὸν
1609 3443 1740 3497 θεὸν
1787 3446 2008 3498 ἱλασκό-

438 3547 600 3597 μενος
655 3531 742 3583 δια
788 3532 1166 3599 ἀγαθοεργιὼν
1217 3535 1302 3586 mi
1343 3534 1449 3586 τῶν
1492 3537 1570 3597 είς
1608 3537 1733 3598 τους
1778 3536 2014 3605 πένητας

438 3623 819 3690 μεταξοσεων,
860 3623 1202 3694 μοναστήρι,ά
1251 3642 1309 3677 τε
1361 3627 1422 3677 ἐκ
1478 3626 1670 3695 καινῆς
1721 3628 2018 3698 ἀνεγείρων

435 3713 536 3764 καὶ
569 3723 831 3780 nova/pa;
861 3715 1274 3779 ἐγκατοικίζων,
1312 3715 1404 3767 καὶ
1432 3714 1598 3777 ἄλλας
1645 3714 1869 3784 πράξεις
1899 3719 2017 3768 ἐπι-

437 3805 609 3854 τελῶν
643 3805 702 3855 οὒ
755 3803 1034 3872 μεμπτὰς.
1069 3799 1240 3858 Α’ὕται
1269 3805 1311 3858 δ’
1349 3806 1414 3858 Ξιν
1461 3801 1604 3874 ἦσαν
1647 3805 1923 3876 ἁνύσιμοι,
1969 3807 2017 3858 εἰ

437 3899 537 3963 τὴν
573 3912 625 3945 τε
664 3895 938 3962 βασιλείαν
969 3896 1242 3967 ἀπέῤῥιψε
1283 3897 1349 3950 δι’
1383 3899 1448 3965 ἦν
1483 3899 1548 3950 τὰ
1591 3898 1828 3950 τοσαῦτα
1874 3899 2020 3953 κακά

438 3990 535 4040 καὶ
568 3987 665 4057 τὴν
714 3988 995 4057 μοιχαλίδα
1037 3989 1324 4054 ἀπώσατο,
1381 3991 1474 4042 καὶ
1518 3989 1639 4042 καθ’
1675 3991 1868 4043 ἑαυτὸν
1908 3990 2016 4044 ἀπ-

439 4079 690 4129 εκλαῖετο
716 4081 815 4147 τὴν
845 4080 1142 4150 ἁμαρτίαν.
1171 4080 1388 4133 Τούτων
1411 4080 1465 4134 δὲ
1488 4082 1654 4150 μηδὲν
1690 4081 2010 4151 πεπραχὼς,

440 4171 556 4222 ἀλλ’
601 4171 785 4243 ἐκείνῃ
815 4189 871 4224 τε
906 4171 1080 4224 συνὼν
1111 4173 1206 4226 καὶ
1247 4173 1345 4240 τῆς
1389 4172 1666 4242 βασιλείας
1706 4173 2007 4242 ὁλοσχερῶς

443 4263 798 4331 ἀντεχόμενος
851 4265 955 4317 κάκ
993 4264 1101 4316 τῶν
1128 4263 1401 4332 δημοσίων
1433 4267 1529 4319 καὶ
1567 4265 1762 4318 κοινῶν
1794 4267 1890 4327 τὰς
1923 4268 2012 4319 δο-

2107 3361 2392 3416 condendo
2457 3367 2511 3415 ct
2578 3357 2873 3413 monachos
2927 3356 2980 3409 in
3012 3370 3074 3409 ea
3107 3352 3437 3424 imponendo
3469 3351 3695 3419 aliisque

2111 3451 2268 3506 factis
2296 3450 2683 3505 laudabilibus.
2713 3450 2782 3503 Et
2807 3447 3144 3518 profuissent
3184 3460 3247 3500 ea
3283 3444 3490 3513 utique,
3543 3442 3587 3496 si
3640 3451 3694 3495 ct

2118 3544 2408 3613 imperium
2464 3543 2831 3613 deposuisset,
2893 3541 2963 3595 ob
3001 3554 3122 3608 quae
3178 3537 3235 3592 in
3269 3537 3369 3592 ista
3413 3536 3697 3606 prolapsus

2119 3646 2238 3691 erat
2289 3645 2534 3704 peccata,
2583 3644 2638 3689 et
2667 3634 2970 3689 adulteram
2993 3629 3361 3700 repudiasset,
3408 3643 3472 3683 ac
3521 3627 3699 3693 priva-

2128 3737 2214 3782 tus
2240 3742 2398 3781 suum
2429 3726 2606 3781 scelus
2646 3725 3001 3796 deplorasset.
3029 3721 3188 3775 Nunc
3219 3720 3308 3776 ille
3335 3720 3473 3774 nihil
3504 3720 3696 3774 horum

2126 3833 2314 3889 agens,
2346 3817 2441 3872 sed
2475 3827 2530 3872 et
2563 3817 2701 3871 Zoes
2726 3826 2886 3870 utens
2932 3813 3352 3878 consuetudine,
3421 3820 3476 3866 et
3525 3811 3698 3881 impc-

2129 3911 2264 3964 rium
2292 3910 2565 3964 mordicus
2589 3909 2853 3967 retinens.
2889 3923 2951 3962 ac
2982 3907 3050 3961 de
3097 3905 3329 3976 publicis
3383 3903 3540 3960 bonis
3597 3903 3713 3958 ista.

2123 4016 2244 4070 qua:
2278 4000 2604 4056 videbantur
2645 3997 2910 4054 beneﬁcia
2969 3997 3225 4068 largiens,
3281 3995 3494 4066 hocque
3538 3994 3700 4049 modo

2125 4098 2303 4144 tamen
2342 4106 2401 4146 se
2447 4092 2657 4146 veniam
2703 4098 3128 4146 consecuturum
3180 4102 3435 4157 sperans,
3472 4087 3700 4142 stultum

2114 4188 2170 4233 et
2191 4179 2448 4250 iniustum
2475 4195 2594 4235 esse
2626 4179 2835 4249 putavit
2861 4179 3048 4244 Deum,
3073 4185 3134 4232 ut
3154 4178 3248 4248 qui
3274 4177 3448 4232 aliena
3475 4177 3710 4247 pecunia

2125 4274 2506 4341 paenitentiam
2529 4273 2720 4329 redimi
2737 4273 2980 4337 _siueret.

442 4359 538 4411 κού
551 4377 645 4423 σας
667 4361 911 4423 εὐποιίας
927 4362 1278 4432 ἀποπληρῶν,
1298 4359 1395 4414 εἷθ’
1419 4361 1814 4432 ὑπολαμϐάνων
1864 4367 2047 4433 τυχεῖν
2082 4371 2484 4444 συγχωρήσεως
2509 4411 2523 4434 ,
2559 4370 2785 4442 ἀνόητον
2817 4369 3092 4438 ἐλογίζετο
3120 4369 3181 4424 τδ
3219 4369 3374 4423 Θεῖον
3420 4367 3517 4420 καὶ
3581 4360 3707 4420 ἄδι*

443 4473 560 4517 κον,
591 4455 888 4525 ἀλλοτρίοις
928 4458 1204 4526 χρήμασιν
1229 4456 1537 4525 ὠνούμενον
1566 4457 1666 4524 τὴν
1700 4457 2016 4526 μετάνοιαν.

518 4548 606 4616 Τῷ
655 4549 710 4602 δὲ
745 4554 938 4618 ,ςφμγ
982 4549 1126 4614 ἔτει,
1178 4549 1504 4612 ἰνδικτιῶνος
1534 4555 1602 4616 γ’,
1637 4549 1802 4619 Μαΐῳ
1852 4551 2017 4620 μηνὶ,
2055 4560 2098 4616 υ

2092 4574 2098 4605 ι
2198 4551 2274 4606 Eo
2321 4568 2484 4623 quem
2530 4554 2769 4610 diximus
2820 4567 2989 4618 anno,
3035 4565 3225 4607 mense
3279 4549 3439 4614 Maio,
3478 4547 3592 4602 Afri
3647 4557 3706 4603 et

448 4642 650 4709 Ἀφροι
701 4643 795 4694 καὶ
835 4643 1049 4694 Σικελοὶ
1099 4643 1544 4712 καταδραμόντες
1589 4641 1686 4705 τὰς
1733 4642 2025 4708 Κυκλάδας

449 4735 545 4785 καὶ
565 4734 630 4784 τι
659 4732 753 4784 τοῦ
785 4732 1098 4804 Θρακησίου
1128 4734 1367 4802 παράλια
1397 4732 1706 4785 τελευταῖον
1727 4732 2027 4786 κατεπολε-

452 4825 706 4894 μήθησαν
738 4826 843 4879 ὑπὸ
876 4827 983 4879 τῶν
1023 4829 1202 4880 ἐκεῖσε
1244 4827 1646 4896 φυλαττόντων,
1678 4826 1772 4879 καὶ
1823 4843 2026 4878 πεντα-

452 4920 626 4972 κόσιοι
661 4920 758 4990 μὲν
793 4920 992 4984 ζῶντες
1023 4920 1098 4984 ὡς
1131 4921 1354 4991 βασιλέα
1379 4919 1626 4991 ἤχθησαν
1647 4961 1661 4984 ,
1687 4921 1737 4973 οί
1767 4919 1823 4973 δὲ
1850 4920 2027 4972 λοιποὶ

453 5011 652 5073 πάντες
677 5011 1207 5081 ἀνεσκολοπίσθησαν
1235 5014 1292 5064 ὲν
1315 5016 1378 5084 τῇ
1409 5011 1652 5084 παραλίᾳ
1680 5012 1787 5064 ἀπ’)
1834 5012 2026 5082 Ἀτρα-

457 5101 649 5170 μυτίου
683 5104 779 5156 καὶ
830 5103 992 5175 μέχρι
1033 5104 1344 5175 Στροσίλου.
1392 5105 1606 5175 Πέμπει
1658 5103 1715 5155 δὲ
1751 5103 1847 5157 καὶ
1891 5119 2024 5173 πρε-

457 5190 689 5262 σϐευτὴν
710 5196 765 5256 ἐς
783 5194 1031 5249 Σικελίαν
1061 5195 1312 5266 Ἰωάννης
1331 5195 1598 5266 Γεώργιον
1610 5195 1700 5247 τὸν
1717 5192 2024 5264 ιιροόατᾶν,

456 5285 584 5355 περὶ
621 5285 844 5358 εἰρήνης
879 5287 1258 5359 διαλεξόμενον
1295 5287 1372 5359 τῷ
1411 5289 1618 5361 ταύτης
1652 5286 2022 5358 ἁμηρεύοντι·

2127 4646 2293 4702 Siculi
2363 4646 2624 4718 Cyclades
2671 4663 2935 4718 oramque
2995 4646 3246 4702 Thraciae
3302 4645 3706 4701 incursionibus

2127 4749 2407 4804 vexantes,
2454 4741 2521 4796 ab
2576 4756 2765 4796 eorum
2843 4741 3084 4795 locorum
3146 4737 3418 4809 przefectis
3508 4736 3705 4791 devicti

2129 4841 2276 4898 sunt,
2301 4840 2356 4887 et
2393 4833 2500 4888 500
2531 4832 2640 4887 vivi
2694 4833 2761 4887 ad
2821 4833 3211 4901 imperatorem
3262 4828 3533 4901 perducti,
3577 4827 3708 4881 reli-

2129 4922 2252 4990 quis
2286 4923 2351 4976 ad
2405 4923 2556 4991 palos
2592 4921 2894 4977 suﬂixis-ab
2919 4921 3212 4992 Atramytio
3251 4932 3424 4989 usque
3455 4918 3523 4972 ad
3549 4915 3705 4972 Stro-

2133 5012 2333 5064 belum.
2379 5009 2521 5065 Misit
2574 5011 2736 5066 etiam
2783 5010 3020 5066 Joannes
3087 5009 3328 5080 legatum
3386 5007 3704 5078 Gregorium

2133 5099 2421 5156 Probatam
2447 5102 2500 5155 in
2526 5100 2764 5156 Siciliam
2805 5101 2872 5155 ad
2908 5101 3030 5169 ejus
3084 5100 3276 5156 insulae
3327 5114 3588 5161 amcram,
3638 5097 3708 5152 de

2134 5206 2266 5263 pace
2316 5200 2692 5247 tractaturum.
2746 5191 2851 5258 Qui
2899 5191 3090 5246 dextre
3165 5189 3413 5245 confecto
3484 5189 3706 5260 negotio

2131 5299 2328 5339 amem:
2352 5283 2520 5340 ﬁlium
2560 5285 2628 5341 ad
2663 5285 3040 5354 imperatorem
3089 5283 3253 5357 514
3308 5283 3552 5339 adduxit.
3604 5281 3709 5340 Eo-

1589 5423 1943 5480 XILANDRI
1974 5422 2060 5478 ET
2090 5422 2299 5481 GOARI
2328 5419 2564 5478 NOTAE.

532 5555 608 5624 (5)
651 5554 924 5627 Interpres
969 5574 1151 5622 arces;
1191 5557 1371 5627 aptius
1413 5557 1566 5613 urbes
1603 5574 1621 5611 :
1668 5558 1832 5612 urbes
1878 5555 2020 5609 enim

458 5623 656 5696 auctor
681 5623 1120 5694 frequentissime
1164 5623 1320 5681 vocat
1348 5627 1581 5696 κὰστρα.
1627 5627 1717 5681 Sic
1746 5627 2024 5680 Beneven-

463 5707 604 5767 tum,
626 5695 889 5767 capuam,
915 5696 1125 5750 Barium
1163 5697 1215 5750 in
1242 5695 1634 5767 superioribus.
1664 5697 1833 5751 Gesn.

534 5765 612 5834 (4)
662 5764 752 5818 Sic
794 5780 956 5836 supra
1000 5764 1324 5836 aliquotiesf
1355 5767 1484 5822 Nam
1525 5769 1612 5822 hic
1653 5768 2024 5832 Βαασττρακα·

463 5837 554 5890 νέα
589 5836 804 5906 legitur,
848 5835 1258 5908 liaaspraeania,
1293 5839 1549 5894 mendose
1599 5837 1852 5893 nimirum
1889 5837 2020 5891 alte-

2132 5571 2271 5610 rum.
2306 5555 2467 5610 Certe
2521 5554 2574 5608 in
2626 5553 2983 5608 Monomacbo
3014 5562 3069 5608 et
3103 5552 3244 5622 apud
3298 5561 3544 5608 nostrum
3603 5552 3707 5608 Ba-

2132 5641 2398 5694 spracam,
2421 5635 2474 5679 et
2497 5623 2638 5694 apud
2655 5623 2938 5687 Zonaram,
2963 5640 2990 5677 a
3006 5625 3305 5694 geminato,
3365 5623 3706 5694 Baaspracan

2132 5691 2303 5750 Media
2331 5691 2676 5759 nominatur;
2702 5702 2756 5748 et
2783 5695 2859 5747 sic
2893 5694 3055 5747 etiam
3089 5693 3144 5747 in
3168 5693 3417 5748 Cedreno
3447 5691 3708 5762 deinceps

2133 5766 2348 5835 legitur,
2373 5781 2436 5819 ac
2469 5763 2882 5835 Baaspracania.
2909 5763 3398 5835 Orphanotrophus
3429 5769 3514 5818 est
3535 5762 3705 5835 Joan-

2136 5833 2593 5905 ncsintperatoris
2614 5834 2800 5901 frater,
2826 5833 2901 5889 sic
2935 5843 2987 5889 ct
3016 5849 3176 5904 supra
3210 5833 3533 5904 appellatus.
3565 5833 3702 5890 ΧΠ..
