4410 6442
759 378 866 441 257

2063 375 2381 435 GEORGII
2424 377 2758 435 (iliDl’tliNl

3932 379 4038 440 Ξίὶὸ

761 499 960 542 struunt
1012 500 1174 559 atque
1224 488 1548 542 dexteritate.
1611 489 1792 558 aliqua
1838 487 2146 558 praeditum,
2174 500 2354 555 neque
2386 489 2428 543 Α
2459 485 2502 537 δι

2296 500 2354 537 ue
2386 489 2428 543 Α
2459 485 2896 556 διαφθείραντος,
2951 488 3206 556 Καίσαρα
3253 490 3379 542 ὄντα
3434 493 3525 543 καὶ
3582 492 3906 562 δραστήριον
3955 495 4037 547 δ’.-

765 591 948 636 tamen
975 591 1265 652 antequam
1307 581 1353 636 is
1391 594 1452 635 se
1507 579 1646 635 diris
1676 581 1854 650 ipsum
1889 577 2352 642 devovisset,nisi

767 688 887 726 cam
919 674 984 728 ad
1020 680 1250 726 mortem
1281 686 1460 742 usque
1503 686 1599 740 pro
1626 671 1846 725 domina
1877 682 1930 725 et
1962 680 2139 726 matre
2185 683 2354 740 agno-

766 772 968 823 sceret,
1023 771 1075 816 et
1109 778 1208 832 pro
1247 778 1344 819 sua
1396 765 1675 816 voluntate
1725 777 1846 831 qua:
1881 762 1994 817 ﬁeri
2039 761 2200 817 vellet
2260 771 2356 816 aut

761 853 980 922 jubcret
1005 869 1068 908 ac
1101 855 1326 908 sineret.
1367 853 1476 906 Hoc
1509 862 1671 922 pacto
1697 854 1787 908 illa
1821 854 2151 922 atlopticium
2183 851 2353 906 [ilium

764 943 1072 999 diademate
1123 944 1280 1015 535
1309 945 1660 1013 imperatorio
1691 946 1983 1008 redimivit,
2005 945 2153 1014 prius
2174 951 2353 997 tamen

766 1039 1023 1094 submoto
1051 1039 1500 1108 Orphanotropbo
1535 1049 1587 1092 et
1635 1041 1686 1092 in
1718 1040 2119 1092 nimiasterium
2158 1037 2353 1090 Mono-

771 1132 1026 1183 batarum
1065 1129 1327 1198 relegato.
1379 1128 1805 1184 Constantinum
1837 1144 2057 1198 quoque
2092 1129 2344 1184 domesti-

769 1235 894 1274 cum
936 1219 1252 1274 scholarum
1302 1221 1625 1290 magistratu
1656 1220 1926 1289 privavit,
1962 1229 2014 1274 et
2052 1222 2104 1274 in
2143 1221 2352 1282 abside,

769 1327 890 1380 qua:
913 1311 1033 1380 ejus
1060 1322 1177 1367 erat
1203 1314 1254 1367 in
1275 1313 1494 1382 Opsicio
1516 1312 1816 1381 possessio,
1837 1327 1959 1368 eum
1988 1330 2046 1369 se
2075 1316 2356 1367 centiucre

766 1404 932 1474 jussit
963 1423 978 1472 ;
1008 1407 1314 1476 eodemque
1347 1405 1509 1461 modo
1529 1405 1825 1476 Georgium
1857 1421 2074 1476 quoque
2106 1417 2356 1476 protovc-

771 1499 1024 1554 stiarium
1053 1501 1105 1554 in
1139 1516 1234 1552 sua
1271 1502 1434 1562 bona,
1462 1516 1584 1569 qua:
1617 1501 1669 1552 in
1708 1499 2078 1569 Paphlagonia
2104 1501 2149 1554 is
2180 1500 2355 1568 possi-

772 1593 955 1654 debat,
991 1593 1235 1647 inclusit.
1272 1593 1388 1658 Qua
1425 1594 1556 1646 hora
1581 1592 1886 1648 Michaelus
1921 1593 2233 1646 diademate
2273 1601 2356 1645 est

773 1696 1024 1746 ornatus.
1052 1686 1246 1739 oborta
1283 1686 1548 1755 vertigine
1586 1697 1640 1739 et
1685 1687 1930 1742 tenebris
1963 1702 2152 1755 parum
2187 1685 2359 1739 abfuit

769 1778 896 1846 quin
918 1778 1252 1841 concideret,
1280 1779 1478 1847 vixque
1504 1788 1588 1833 est
1615 1777 1850 1832 refectus
1899 1780 2211 1846 unguentis,
2232 1793 2358 1832 aro-

777 1870 1016 1924 matibus
1052 1870 1284 1938 aliisque
1323 1869 1488 1923 rebus
1514 1869 1783 1922 odoratis.
1821 1867 1926 1922 Sed
1963 1876 2016 1920 et
2062 1877 2177 1923 toto
2220 1875 2356 1922 tem-

776 1975 908 2029 pore
948 1975 1057 2028 quo
1107 1961 1152 2014 is
1198 1959 1487 2028 imperium
1519 1961 1692 2014 tenuit
1726 1959 1851 2026 (fuit
1876 1959 1981 2013 hoc
2010 1960 2279 2015 mensium
2305 1960 2357 2028 4)

776 2065 933 2104 terra:
987 2060 1169 2105 motus
1207 2051 1498 2105 durarunt.
1531 2050 1826 2105 Enimvero
1866 2060 2164 2106 coronatus
2199 2067 2228 2104 a
2265 2067 2359 2120 pa-

773 2143 1012 2195 triarcha
1039 2184 1054 2209 ,
1084 2153 1139 2195 et
1175 2143 1470 2210 imperator
1501 2142 1850 2210 designatus,
1890 2142 2159 2196 honorum
2193 2143 2359 2198 colla-

775 2237 926 2288 tione
958 2244 1205 2288 seuatum
1239 2248 1304 2287 ac
1352 2234 1735 2303 largitionibus
1765 2231 2022 2303 populum
2065 2235 2354 2300 demeruit,

776 2336 828 2381 et
860 2327 1002 2396 apud
1037 2327 1312 2382 dominam
1357 2326 1705 2395 deprecando
1733 2326 1965 2380 obtinuit
1997 2334 2053 2378 ut
2083 2325 2356 2379 Constan-

777 2421 955 2474 tinum
992 2419 1097 2472 sibi.
1126 2419 1489 2474 domesticum
1525 2419 1713 2472 liceret
1736 2419 1804 2472 ab
1835 2418 2031 2472 exsilio
2063 2433 2355 2483 revocare;

777 2531 938 2580 quem
991 2519 1046 2564 et
1095 2509 1422 2565 nobilissimi
1478 2510 1686 2563 honore
1735 2508 2018 2562 decoravit
2071 2524 2132 2561 ac
2169 2524 2356 2564 secum

780 2606 990 2660 habuit.
1021 2603 1156 2660 Cum
1191 2615 1372 2658 autem
1410 2602 1686 2656 videretur
1729 2602 1782 2654 in
1825 2611 1946 2656 tuto
1974 2611 2141 2664 stare,
2178 2602 2360 2656 subito

777 2701 1008 2756 corruit.
1074 2697 1210 2750 Nam
1262 2695 1455 2750 litteris
1513 2694 1942 2763 orphanotrophi
2006 2705 2062 2748 et
2113 2695 2360 2749 consiliis

785 2789 1075 2845 domestici
1163 2797 1496 2855 corruptus,
1564 2786 1899 2838 hortantium
1979 2801 2046 2838 ne
2105 2787 2362 2855 Augustae

783 2883 1012 2936 nimium
1051 2880 1262 2940 tideret,
1301 2878 1391 2930 sed
1445 2887 1661 2928 caveret
1713 2891 1780 2929 ne
1815 2877 2070 2929 avunculi
2113 2876 2358 2930 Michaeli

781 2975 1128 3043 imperatoris
1161 2980 1213 3025 et
1249 2968 1478 3022 Romani
1519 2972 1678 3021 modo
1721 2975 2068 3026 tractaretur,
2098 2984 2236 3035 quos
2272 2969 2358 3019 illa

780 3069 1062 3123 veuelieiis
1090 3063 1425 3125 sustulisset,
1471 3061 1932 3129 suadentiumque
1969 3070 2025 3112 ut
2066 3077 2183 3112 eam
2219 3078 2358 3127 qua-

2459 577 2659 630 κοῦντα
2683 580 2774 630 καὶ
2804 564 2940 647 περί
2968 579 3037 632 τὰ
3074 583 3375 651 πράγματα
3399 583 3591 646 δεξιὸν,
3625 587 3806 652 ὅρκοις
3842 587 4035 654 πρότε-

2460 683 2551 737 ρον
2575 670 3038 738 φρικωδεστάτοις
3068 673 3455 726 καταλαϐοῦσα
3511 675 3584 736 ὡς
3641 677 3834 744 κυρίαν
3865 677 4037 746 αὑτὴν

2457 756 2569 822 ἕξει
2601 758 2688 811 διὰ
2725 757 2841 828 βίου
2867 762 2960 813 καὶ
2986 762 3275 815 δέσποιναν
3301 763 3393 815 καὶ
3423 764 3654 833 μητέρα,
3685 767 4034 833 πράττουσαν

2457 850 2596 904 ἅττα
2627 852 2691 920 δὴ
2723 851 2820 905 καὶ
2843 853 3056 907 κελεύει
3093 859 3289 918 ποιεῖν,
3327 857 3640 925 εἰσποιητὸν
3677 859 4037 926 προσλαμϐα-

2458 959 2538 996 νει
2563 943 2678 998 υἱὸν
2717 946 2810 997 καὶ
2845 944 3071 1014 βασιλέα
3117 949 3400 1017 Ῥωμαίων
3435 949 3800 1019 ἀναγορεύει,
3831 951 3910 1019 τῷ
3943 953 4037 1019 βα-

2461 1038 2652 1108 σιλικῷ
2699 1037 3032 1093 ταινιώσασα
3082 1041 3397 1111 διαδήματι,
3459 1044 3728 1113 πρότερον
3790 1045 4036 1096 ἐκποδὼν

2459 1130 2803 1201 ποιησαμένη
2818 1130 2909 1184 τὸν
2933 1130 3344 1202 ὀρφανοτρὸφον
3380 1135 3470 1186 καὶ
3497 1136 3551 1197 ἐς
3583 1136 3640 1186 τδ
3673 1137 4036 1205 μοναστήριον

2457 1223 2565 1276 τῶν
2596 1223 2924 1278 Μονοϐατῶν
2953 1223 3270 1293 ὲξορίσασα,
3304 1227 3708 1296 παραπλησίως
3743 1231 3833 1281 καὶ
3884 1231 4038 1281 κων-ο

2460 1317 2739 1367 σταντῖνον
2768 1318 2858 1369 τὸν
2877 1317 3195 1386 δομέστικον
3224 1317 3332 1369 τῶν
3362 1319 3566 1387 σχολῶν
3599 1321 3696 1388 τῆς
3726 1320 3904 1390 ἀρχῆς
3932 1339 4034 1373 πα-

2462 1406 2742 1474 ραλύσασα
2769 1409 2865 1461 καὶ
2895 1412 2954 1460 ἐν
2986 1413 3095 1472 τοῖς
3127 1409 3218 1462 τού
3268 1411 3514 1480 ὐψικίου
3561 1416 3834 1482 κτήμασιν
3870 1413 4037 1466 αὑτοῦ

2459 1499 2559 1567 τῆς
2587 1499 2770 1568 ἁψῖδος
2803 1500 2991 1554 τοῦτον
3016 1505 3403 1573 περιορίσασα,
3439 1505 3702 1568 ὡσαύτως
3739 1509 3832 1560 καὶ
3864 1506 4042 1574 Γεωρ-

2460 1608 2578 1658 γιον
2626 1592 2716 1644 τὺν
2745 1592 3245 1664 πρωτοϐεστιάριον
3266 1599 3320 1649 ἐν
3347 1601 3455 1660 τοῖς
3490 1599 3628 1650 κατὰ
3657 1599 4040 1666 Παφλαγονίαν

2462 1684 2624 1737 αὑτοῦ
2672 1687 2913 1754 κτήμασι
2956 1686 3237 1741 στείλασα.
3279 1688 3416 1741 Κατ’
3445 1690 3615 1757 αὐτὴν
3655 1691 3710 1742 δὲ
3759 1690 3857 1760 τὴν
3890 1691 4039 1761 ὤραν

2462 1775 2581 1827 καθ’
2615 1776 2682 1844 ἢν
2711 1776 2952 1828 ἀνεδεῖτο
2973 1776 3050 1846 τῷ
3079 1776 3372 1847 διαδήματι
3411 1781 3438 1831 ὁ
3493 1781 3742 1848 Μιχαὴλ,
3774 1783 4037 1833 σκοτώσει

2460 1865 2555 1918 καὶ
2583 1865 2775 1935 ἰλίγγῳ
2805 1865 3038 1936 ληφθεὶς
3077 1867 3243 1935 ἐγγὺς
3288 1863 3418 1938 ἦλθε
3453 1870 3544 1921 τού
3602 1874 3812 1924 πεσεῖν.
3866 1873 4035 1932 Μόλις

2458 1959 2504 2011 δ’
2543 1955 2636 2011 οὖν
2658 1959 3061 2013 ἀνεκαλέσαντο
3093 1959 3284 2012 τοῦτον
3318 1960 3506 2030 μύροις
3536 1961 3630 2014 καί
3661 1962 3921 2031 ἀρώμασι
3947 1965 4039 2015 καὶ

2461 2053 2667 2113 λοιποῖς
2695 2052 2876 2113 ἄλλοις
2907 2052 3165 2104 εὐώδεσιν
3193 2053 3411 2106 εῖδεσιν.
3451 2052 3755 2107 Ἐκλονεῖτο
3780 2054 3835 2104 δὲ
3880 2057 3974 2106 καὶ
4007 2055 4038 2120 ἡ

2459 2144 2532 2213 γῆ
2565 2143 2697 2213 παρ’
2730 2143 2884 2204 ὅλους
2929 2143 3054 2205 τοὺς
3105 2144 3378 2213 τέσσαρας
3426 2145 3602 2213 μῆνας
3632 2147 3731 2214 τῆς
3764 2144 4039 2214 βασιλείας

2463 2235 2652 2287 αὑτοῦ.
2701 2233 2788 2304 [Ρ.
2832 2234 2957 2306 750]
3003 2235 3152 2298 Τέως
3204 2234 3259 2287 δὲ
3297 2235 3551 2303 στεφθεὶς
3601 2236 3752 2305 παρὰ
3791 2237 3884 2289 τοῦ
3935 2254 4041 2288 πα-

2459 2329 2718 2396 τριάρχου
2748 2328 2841 2380 καὶ
2865 2325 3116 2395 βασιλεὺς
3145 2330 3420 2387 καταστὰς
3438 2329 3623 2394 τιμαῖς
3649 2327 3740 2378 καὶ
3768 2326 4040 2394 ἀξιώμασι

2459 2420 2559 2491 τὴν
2594 2419 2899 2490 σύγκλητον
2951 2421 3046 2471 καὶ
3080 2420 3301 2488 δωρεῶν
3327 2420 3610 2489 διανομαῖς
3641 2421 3698 2471 τὴ
3735 2423 3906 2472 κοινὸν
3948 2423 4040 2473 ἀν-

2463 2512 2790 2579 ελὰμὸανεν.
2828 2510 3095 2574 Ἐντεύξει
3120 2511 3176 2563 δὲ
3218 2514 3284 2580 τῇ
3321 2511 3463 2579 πρὸς
3499 2512 3596 2580 τὴν
3629 2512 3916 2564 δέσποιναν
3950 2516 4042 2562 καὶ

2464 2606 2876 2658 Κωνσταντῖνον
2910 2605 2999 2656 τὸν
3031 2603 3356 2673 δομὲστικον
3403 2603 3918 2673 μετακαλεσάμενος
3944 2607 4042 2673 τῆς

2461 2696 2760 2765 ὑπερορίας
2799 2696 2894 2746 καὶ
2940 2696 3319 2765 νοϐελίσσιμον
3356 2696 3468 2765 (14)
3504 2701 3736 2766 τιμήσας
3777 2693 3888 2765 εἶχε
3925 2697 4043 2765 μεϐ¹

2464 2788 2682 2840 ἑαυτοῦ.
2708 2787 2876 2852 Δόξας
2903 2789 2958 2840 δὲ
2991 2789 3047 2839 ὲν
3073 2788 3276 2856 βεϐαίῳ
3306 2789 3530 2840 ἑστάναι
3561 2790 3826 2855 αἰφνίδιον
3856 2789 4040 2840 ἔπεσε.

2465 2883 2762 2952 Γράμμασι
2799 2885 2907 2949 γὰρ
2944 2880 3034 2932 τοῦ
3080 2881 3488 2950 ὀρφανοτρόφου
3547 2882 3640 2933 καὶ
3688 2867 4042 2948 συμϐουλίαις

2465 2975 2557 3026 τοῦ
2593 2975 2918 3042 δομεστίκκυ
2974 2973 3316 3042 διαφθαρεὶς,
3351 2975 3617 3040 λεγόντων
3664 2973 3736 3040 μὴ
3787 2973 4044 3034 πολλάκις

2469 3068 2740 3119 πιστεύειν
2786 3070 2849 3135 τῇ
2892 3067 3176 3136 δεσποίνῃ,
3212 3067 3349 3118 ἀλλά
3401 3065 3765 3133 φυλάττεσθαι
3815 3065 4039 3132 ταύτην,

779 3175 998 3229 cunque
1043 3158 1253 3210 ratione
1282 3170 1310 3208 e
1351 3153 1531 3208 medio
1557 3154 1795 3214 tolleret,
1825 3153 2090 3222 daretque
2133 3168 2354 3221 operam
2390 3167 2431 3224 ρ

2308 3169 2354 3204 In
2390 3167 2431 3224 ο
2468 3163 2554 3212 ἵ·,α
2595 3161 2668 3228 μὴ
2719 3160 3074 3227 παραπλήσια
3132 3157 3279 3228 πάθῃ
3325 3158 3404 3228 τῷ
3450 3176 3510 3210 τε
3549 3159 3676 3225 θείῳ
3732 3160 3894 3211 αὑτοῦ
3952 3160 4043 3207 καὶ

780 3268 849 3308 ne
910 3255 1278 3305 auteverteret
1336 3247 1478 3315 ipsa,
1532 3243 1696 3313 536
1733 3243 2015 3298 continuis
2065 3258 2252 3297 eorum
2293 3243 2359 3297 de

780 3345 968 3399 eadem
1004 3343 1106 3395 hac
1150 3356 1209 3394 re
1249 3338 1727 3394 exhortationibus
1752 3351 1816 3391 eo
1863 3337 2082 3390 tandem
2133 3342 2359 3390 adactus

781 3447 867 3494 est
901 3446 959 3490 ut
1004 3433 1234 3489 insidias
1283 3431 1440 3486 matri
1479 3429 1600 3483 Zoae
1629 3437 1869 3499 pararet.
1930 3428 2133 3482 Statuit
2185 3435 2359 3497 primo

783 3531 984 3585 civium
1019 3525 1234 3580 animos
1265 3531 1498 3587 tentare,
1530 3531 1588 3575 ut
1622 3522 1666 3576 si
1702 3536 1797 3576 eos
1839 3520 1942 3575 sibi
1986 3523 2165 3574 favere
2207 3522 2362 3575 intel-

785 3626 972 3696 ligeret
1003 3636 1066 3675 ac
1096 3628 1417 3674 constanter
1447 3617 1502 3670 in
1532 3632 1591 3670 se
1618 3631 1741 3672 esse
1769 3631 2091 3686 pr0peusos.
2123 3632 2233 3669 rem
2269 3634 2360 3681 ag-

783 3713 1124 3786 grederetur,
1153 3711 1199 3765 si
1234 3725 1396 3765 secus
1430 3708 1693 3772 eveniret,
1733 3707 2006 3761 omitteret
2046 3710 2359 3765 consilium.

785 3807 927 3879 Ergo
954 3806 1019 3860 ad
1055 3805 1198 3860 diem
1254 3804 1348 3872 qui
1378 3815 1408 3855 a
1436 3801 1702 3855 Paschate
1732 3799 2015 3870 proximus
2050 3808 2135 3854 est
2174 3800 2361 3854 Ποπιιί-

788 3903 961 3968 nicus,
996 3899 1196 3970 populo
1229 3895 1510 3967 publicum
1540 3907 1857 3964 processum
1895 3893 1949 3947 in
1975 3893 2360 3961 Apostolorum

784 3997 953 4051 adem
987 3995 1254 4062 imperat,
1299 3990 1402 4042 hoc
1435 3987 1595 4040 modo
1623 3986 1824 4038 civium
1857 3985 1910 4038 in
1943 4000 2001 4040 se
2029 3986 2241 4038 animos
2265 4001 2360 4036 ex-

787 4082 1124 4152 ploraturus.
1199 4075 1361 4130 Venit
1427 4088 1558 4142 ergo
1622 4082 1920 4127 coronatus
1979 4088 2102 4126 cum
2166 4083 2360 4128 senatu

785 4171 1042 4228 omnibus
1074 4168 1296 4222 urbanis
1329 4167 1393 4220 ad
1428 4165 1477 4218 id
1519 4165 1891 4234 spectaculum
1923 4168 2358 4228 accurrentibus,

788 4273 842 4318 et
874 4264 940 4316 iis
987 4260 1080 4330 qui
1121 4260 1186 4313 ad
1232 4259 1374 4312 viam
1409 4257 1615 4328 regiam
1659 4256 2002 4319 habitabant,
2045 4275 2264 4312 auream
2309 4270 2363 4312 ct

787 4361 1102 4424 argenteam
1136 4350 1528 4420 supellectilem
1551 4364 1612 4402 ex
1641 4348 1847 4402 aedibus
1869 4349 2279 4402 ili-mittentibus
2301 4365 2363 4404 ac

789 4445 977 4515 peplos
999 4451 1053 4497 et
1077 4457 1213 4497 auro
1241 4442 1480 4494 intextas
1512 4447 1710 4504 vestes,
1758 4440 1923 4508 inque
1959 4438 2150 4494 faustis
2180 4442 2360 4494 accla-

2469 3253 2679 3321 βσσιλεῖ
2709 3249 2923 3319 Μιχαὴλ
2958 3250 3050 3302 καὶ
3103 3251 3180 3319 τῷ
3234 3251 3338 3318 πρὸ
3368 3249 3532 3303 αὑτοῦ
3579 3250 3862 3317 Ῥωμανῷ,
3910 3268 4042 3319 Ter,-

2465 3345 2658 3408 τείαις,
2698 3343 2771 3404 ὡς
2829 3343 3089 3410 ἔφασκον,
3144 3342 3606 3412 κατεργασθέντι,
3664 3345 3754 3394 καὶ
3803 3341 4042 3408 συμϐου-

2467 3439 2754 3499 λευόντων,
2804 3437 2851 3486 εἰ
2887 3431 2996 3486 οἷόν
3047 3451 3126 3491 τε.
3181 3435 3427 3486 ἐκποδὼν
3482 3434 3667 3486 θέσθαι
3724 3433 3896 3504 αὐτὴν
3952 3434 4044 3484 καὶ

2470 3527 2702 3579 σπεῦσαι
2740 3525 2815 3593 μὴ
2852 3525 3254 3593 προληφῦῆναι,
3308 3525 3402 3576 καὶ
3455 3527 3698 3593 συνεχεῖς
3749 3525 3843 3584 τὰς
3879 3541 4045 3591 προσ-

2469 3619 2631 3680 ϐολὰς
2667 3619 2795 3686 περὶ
2843 3615 2936 3668 τοῦ
2979 3615 3145 3668 αὑτοῦ
3180 3616 3492 3684 ποιούμενοι
3548 3617 3874 3685 πράγματος
3912 3618 4046 3668 ἀνα-

2469 3712 2653 3762 πεῖσαι
2705 3708 2934 3778 ἴσχυσαν
2986 3705 3281 3776 ἐπιϐουλὴν
3331 3709 3450 3759 κατ’
3501 3708 3668 3776 αὐτῆς
3728 3706 4040 3775 μελετῆσαι.

2475 3802 2697 3866 Ἔδοξεν
2744 3797 2833 3854 οὖν
2878 3798 3320 3868 ἀποπειραῦῆναι
3353 3799 3462 3850 τῶν
3497 3798 3730 3850 πολιτῶν
3763 3800 4043 3866 πρότερον,

2469 3895 2590 3947 οἵαν
2617 3894 2801 3962 ἔχουσι
2836 3908 2900 3943 πε
2914 3893 2963 3961 pi.
2994 3886 3160 3942 αὑτοῦ
3193 3891 3440 3960 γνώμην,
3471 3893 3565 3944 καὶ
3600 3893 3648 3942 εἰ
3684 3893 3780 3960 μὲν
3804 3894 4047 3960 χρηστὴν

2471 3988 2714 4042 διάθεσιν
2750 3981 2962 4054 φανῶσι
3001 3984 3364 4052 φυλάττοντες
3397 3987 3475 4044 εἰς
3521 3985 3683 4036 αὑτὸν
3733 3984 3826 4037 καὶ
3866 3984 4048 4051 σιλίαν

2467 4081 2655 4153 ὀρθὴν,
2687 4082 2807 4133 τότε
2835 4079 2899 4149 δὴ
2927 4079 3025 4130 καὶ
3055 4077 3375 4147 ἐγχειρῆσαι
3401 4080 3468 4146 τῇ
3514 4077 3731 4146 μελέτῃ,
3776 4078 3822 4128 εἰ
3846 4078 3901 4128 δὲ
3929 4077 4048 4126 τοί-

2469 4173 2704 4234 ναντίον,
2733 4170 2966 4240 ἡσυχίαν
2994 4169 3170 4235 ἄγειν.
3203 4170 3279 4238 Τῇ
3315 4169 3568 4238 Κυριακῇ
3605 4167 3696 4220 οὖν
3722 4170 3785 4236 τῇ
3824 4166 3960 4234 μετά
3990 4166 4048 4217 τὸ

2468 4264 2622 4329 ἅγιον
2653 4263 2840 4330 Πάσχα
2887 4261 3211 4329 προελευσιν
3252 4258 3518 4326 δημοσίαν
3578 4256 3819 4326 κηρύξας
3871 4257 3926 4305 ὲν
3968 4255 4046 4318 τῷ

2468 4357 2574 4408 τῶν
2619 4355 2814 4420 Ἀγίων
2858 4351 3196 4405 Ἀποστὸλων
3224 4351 3360 4419 ναῷ,
3390 4350 3485 4402 καὶ
3513 4350 3579 4401 δι’
3613 4350 3781 4414 αὐτῆς
3813 4349 4048 4400 ἀποπει-

2473 4447 2701 4517 ραθῆναι
2732 4445 2926 4515 κρίνας
2959 4445 3054 4512 τῆς
3089 4442 3315 4512 γνώμης
3347 4443 3454 4492 τᾶν
3499 4442 3749 4501 πολιτᾶν,
3803 4439 4046 4506 ἀπῆλϋεν

790 4512 1122 4590 niationibus
1138 4531 1389 4587 certatim
1418 4530 1593 4600 ipsum
1615 4530 1777 4583 etiam
1799 4531 2106 4584 animorum
2133 4545 2360 4584 suorum
2395 4512 2437 4565 Ι)
2472 4512 2531 4589 ἐς

2311 4548 2360 4582 ιιι
2395 4512 2437 4565 D
2472 4535 2920 4604 ἐστεφανωμένος
2955 4535 3092 4602 μετά
3119 4533 3216 4601 τῆς
3255 4531 3580 4599 συγκλήτου,
3614 4531 3792 4597 πάσης
3831 4529 3931 4597 τῆς
3955 4531 4045 4579 πῖ-

789 4643 1016 4686 sensum
1066 4625 1346 4680 eﬂ‘undere
1391 4623 1760 4692 cupientibus.
1805 4619 1875 4676 lis
1915 4622 2082 4676 miser
2116 4623 2218 4676 iste
2253 4624 2364 4676 iue-

787 4731 995 4785 scatus,
1021 4729 1189 4788 atque
1212 4716 1390 4770 omnia
1417 4730 1446 4768 a
1469 4728 1680 4768 summa
1696 4713 1967 4784 proﬁcisci
1990 4714 2364 4768 beneVulentia

789 4821 1010 4883 putans,
1033 4819 1091 4862 ut
1113 4809 1346 4877 primum
1363 4807 1415 4859 in
1432 4820 1685 4875 titagnum
1706 4811 1785 4859 est
1806 4818 2056 4858 reversus
2082 4805 2362 4872 palatium,

793 4903 1162 4975 patriarcbam
1201 4899 1256 4953 in
1298 4897 1686 4952 monasterium
1722 4896 1914 4967 ipsius,
1964 4898 2109 4968 quod
2151 4905 2267 4951 erat
2311 4897 2366 4950 in

792 4997 982 5058 Steuo,
1005 4993 1156 5048 abire
1171 4992 1344 5064 jubet,
1364 4988 1619 5058 sequejibi
1640 4990 1692 5040 in
1712 4989 2012 5043 crastinum
2027 4995 2368 5056 exspectare,

793 5087 1056 5140 donatum
1083 5083 1200 5137 auri
1231 5081 1383 5136 libris
1413 5083 1464 5145 4,
1491 5082 1633 5150 quod
1668 5081 1923 5133 nimirum
1955 5081 2003 5135 ei
2039 5079 2187 5133 breti
2225 5089 2366 5133 esset

793 5188 1172 5230 successorem
1225 5171 1651 5225 constituturus.
1685 5170 1853 5222 Noctu
1897 5172 2200 5239 Augustam
2232 5170 2370 5222 solio

794 5268 1045 5322 deturbat
1069 5275 1122 5320 et
1148 5267 1200 5318 in
1228 5265 1540 5332 Principum
1569 5264 1791 5331 relegat,
1821 5266 1884 5316 i:s
1905 5263 1996 5332 qui
2027 5262 2370 5316 abducebant

794 5360 1054 5412 mandato
1094 5369 1151 5411 ut
1197 5373 1317 5410 eam
1364 5359 1617 5409 raderent
1649 5366 1812 5424 atque
1853 5356 1953 5422 i-,.si
1991 5356 2174 5408 crines
2212 5353 2370 5407 alIcr-

2474 4629 2608 4689 λεως
2634 4625 3017 4696 ἀθροισθείσης
3059 4625 3138 4687 εἰς
3184 4624 3282 4691 τὴν
3331 4621 3479 4680 Θέαν,
3521 4621 3687 4691 σκεύη
3713 4621 3919 4690 χρύσεα
3956 4623 4048 4670 καὶ

2474 4719 2724 4789 ἀργύρεα
2756 4719 2864 4770 τῶν
2900 4719 2998 4786 τὴν
3048 4716 3328 4785 λεωφόρον
3369 4714 3768 4767 κατοικούντων
3813 4715 4051 4780 ἀποκρε-

2479 4813 2792 4880 μαννύντων
2827 4810 2920 4862 καὶ
2969 4809 3206 4870 πέπλους
3254 4809 3344 4859 καὶ
3373 4807 3504 4860 ἄλλα
3539 4807 3830 4873 ὑςάσματα
3855 4818 4052 4872 χρυσο-

2476 4904 2605 4971 ὓξῆ,
2627 4905 2728 4955 κάν
2755 4906 2872 4965 ταῖς
2890 4901 3187 4970 εὐφημίαις
3213 4899 3715 4968 προτεουμημένων
3743 4898 3834 4949 καὶ
3857 4896 4046 4958 αὐτας,

2475 4995 2522 5045 εἰ
2548 4987 2658 5045 οἷον
2687 5008 2766 5054 τε,
2813 4991 3114 5044 ἐκκενῶσαι
3159 4990 3256 5052 τὰς
3307 4989 3504 5055 ψυχάς.
3542 4982 3636 5048 Οἷς
3689 4983 3996 5044 δελεασθεὶς
4024 4986 4052 5035 ὁ

2472 5085 2704 5146 δείλαιος
2730 5084 2808 5152 τῷ
2843 5084 2902 5147 ἐξ
2950 5084 3162 5143 εὐνοίας
3217 5080 3505 5132 ὑπολαϐεῖν
3558 5077 3730 5131 ταῦτα
3781 5075 4050 5144 γίνεσθαι,

2478 5176 2829 5245 ὑποστρέψας
2855 5177 2909 5227 ὲν
2944 5174 3021 5244 τῷ
3070 5172 3291 5241 μεγάλῳ
3332 5171 3576 5238 παλατίῳ
3606 5169 3683 5237 τῷ
3725 5169 3820 5236 μὲν
3860 5182 4051 5235 πατρι-

2479 5270 2622 5337 άρχῃ
2667 5268 2861 5336 μηνύει
2911 5264 3168 5318 ἀπελθεῖν
3209 5267 3286 5326 εἰς
3317 5262 3414 5332 τὴν
3451 5265 3509 5313 ἐν
3556 5261 3632 5328 τῷ
3665 5258 3843 5327 Στενῴ
3887 5257 4050 5326 μονὴν

2483 5357 2649 5410 αὑτοῦ
2694 5357 2790 5409 καὶ⁹
2831 5353 3224 5426 προσδέχεσθαι
3279 5354 3441 5405 αὑτὸν
3489 5353 3551 5420 τῇ
3610 5348 3894 5415 ἐπαύριον,
3931 5347 4052 5405 δοὺς

1908 5488 2266 5544 XYLANDRI
2320 5490 2407 5546 ΕΤ
2439 5491 2647 5547 GOARI
2678 5490 2904 5546 NOTAE.

869 5609 979 5674 (lli)
1017 5605 1153 5659 Tres
1185 5603 1531 5674 Cotistantini
1573 5603 1745 5673 Magni
1782 5615 2024 5672 tempore
2050 5605 2188 5658 tituli
2218 5604 2368 5658 fuere

797 5673 1076 5748 prauam,
1125 5678 1391 5748 Atlgusli,
1421 5673 1670 5736 Caesaris,
1703 5675 2367 5748 Nobilissirpj._Augustus

798 5744 1110 5816 imperator,
1147 5746 1328 5816 Caesar
1383 5747 1595 5812 imperii
1645 5761 1950 5804 suctessor,
1985 5744 2367 5798 NobiliSsimus

796 5815 1028 5874 ψευδαιεὶ
1064 5815 1300 5872 nominis
1337 5817 1663 5888 quandoque
1703 5816 1949 5886 ponendi
1992 5830 2086 5886 Spe
2141 5816 2364 5871 foveba-

2478 5616 2599 5667 tur;
2635 5604 2780 5658 unde
2818 5603 3033 5659 nonnisi
3064 5603 3235 5657 ultimi
3267 5605 3435 5668 impp.
3469 5597 3558 5673 ﬁlii
3582 5597 3665 5673 vel
3696 5596 3884 5650 amnes
3917 5610 4054 5673 pra;-

2476 5675 2621 5744 cipui
2671 5692 2738 5729 eo
2789 5675 2947 5728 titulo
2996 5675 3252 5744 leguntur
3297 5671 3524 5744 imperio
3577 5668 4049 5744 ﬂorenteairnat‘i.

2474 5733 2635 5871 gl'iira
2668 5747 2735 5800 de
2772 5733 3118 5801 Nobilissiriio
3143 5733 3424 5796 Trivuritis
3448 5741 3674 5794 Observ.
3705 5737 3857 5805 Apul.
3885 5750 3934 5789 c.
3963 5733 4052 5786 10.

2521 5831 2640 5870 osa.

2521 5831 2640 5870 OAB.
