4410 6442
805 388 911 449 275

2094 386 2415 444 GEORGII
2455 386 2788 444 CEDRENI
3941 391 4046 451 276

800 511 975 564 visus.
1017 506 1155 576 l‘lrgo
1214 509 1483 563 adductus
1538 515 1622 560 est
1678 506 1744 558 ad
1805 506 2065 574 templu-n
2104 505 2370 573 principis
2400 516 2443 567 Α
2473 502 2541 554 λει

2305 505 2370 557 )is
2400 516 2443 567 Α
2473 502 2641 563 λείας.
2691 501 2892 553 Τοῦτον
2937 500 3065 569 γὰρ,
3110 500 3346 567 ὁπηνίκα
3381 502 3471 554 τὸν
3511 504 3696 571 ἓτερον
3731 504 4046 559 ἐδουλεύετο

798 600 1163 662 exercituum,
1197 600 1337 667 quod
1378 598 1430 650 in
1468 596 1837 650 Damocranca
1863 605 1945 648 est
1997 596 2202 665 Athyro
2250 609 2373 662 pro-

800 692 1007 743 ximum
1037 709 1051 754 ;
1084 690 1393 758 missusque
1429 688 1739 758 Stephanus
1799 688 2192 756 Pergamenus,
2232 702 2371 741 unus

800 782 867 831 de
912 780 1264 832 cubiculariis
1334 781 1701 847 AuguStarum
1758 778 2045 839 eunuchis,
2093 779 2182 842 qui
2246 792 2368 829 eum

803 870 1010 931 privato
1062 869 1247 923 habitu
1280 880 1503 925 exutum
1548 871 1897 938 imperatoria
1950 870 2197 923 amicirel
2245 884 2372 937 pur-

800 978 933 1030 pura
970 975 1022 1017 ct
1065 965 1234 1018 celoci
1291 965 1604 1031 impositum
1633 965 1684 1017 in
1724 964 1979 1034 palatium
2049 963 2364 1016 adduceret.

802 1056 1051 1109 Adducto
1098 1058 1342 1125 Augusta
1376 1055 1488 1111 Zoe
1528 1057 1737 1126 nupsit,
1786 1064 2141 1111 consecrante
2181 1056 2373 1108 matri-

802 1146 1043 1197 monium
1077 1147 1253 1212 primo
1292 1144 1456 1199 Novm
1490 1145 1671 1200 Romae
1696 1147 2030 1215 presbytero,
2051 1146 2135 1200 cui
2181 1144 2374 1216 Stypes

800 1241 917 1284 erat
943 1248 1160 1299 nomen,
1211 1235 1299 1289 dic
1343 1236 1489 1289 Junii
1544 1236 1829 1288 undecima
1866 1237 1992 1288 anni
2046 1235 2165 1302 ejus
2210 1251 2371 1302 quem

801 1337 966 1391 supra
991 1324 1368 1380 indicavimus.
1422 1326 1692 1381 Postridie
1722 1337 2014 1381 coronatus
2042 1317 2125 1380 est
2157 1342 2181 1377 a
2209 1329 2373 1395 patri-

801 1416 988 1469 archa.

796 1504 1032 1575 δρόμωνι
1070 1509 1370 1581 ἐμϐιϐάσας
1402 1510 1524 1577 ἄγει
1566 1512 1699 1580 πρὸς
1741 1511 1807 1566 τὰ
1838 1510 2099 1580 βασίλεια.
2129 1504 2305 1581 τῼτινι
2351 1508 2570 1579 ἁχθέντι
2605 1509 2937 1560 συνάπτεται
2971 1509 3049 1569 εἰς
3118 1508 3405 1561 κοινωνίαν
3474 1506 3653 1574 γάμου
3721 1511 3753 1576 ἡ
3815 1507 4024 1577 βασιλὲς

2481 596 2890 648 Κωνσταντῐνον
2921 594 2998 653 εἰς
3042 593 3131 644 τὸν
3192 591 3463 660 βασίλειον
3499 594 3686 661 θρόνον
3723 595 4044 661 ἀναγαγεῖν,

2476 684 2733 754 δικαστὴν
2802 684 3068 754 Ἑλλήνων
3102 684 3211 753 (21)
3263 685 3722 754 προεχειρίσατοτ
3764 687 3953 756 ἐπειδὴ
3992 688 4045 740 6‘s

2479 779 2747 837 κάκεῖνος,
2791 776 2865 836 ὡς
2921 775 3169 840 εἴπομεν,
3232 776 3602 844 κατειργάσθη
3663 778 3960 845 φαρμάκῳ,
4021 781 4048 829 ὀ

2478 870 2661 940 ῥηθεὶς
2707 869 3024 937 Μονομάχος
3058 868 3149 919 καὶ
3191 867 3268 935 τῷ
3313 866 3526 920 θανόντι
3562 868 3851 937 ὁμώνυμος
3911 869 4046 939 πρὸς

2476 962 2674 1030 τρόπου
2703 960 2961 1029 ἐνομίσθη
2998 961 3063 1027 τῇ
3124 958 3375 1028 βασιλίδι.
3414 960 3589 1029 Ἥχθη
3624 960 3714 1012 οὖν
3771 962 3905 1030 πρὸς
3956 961 4046 1012 τὸν

2469 1049 2697 1118 ἄγχιστα
2719 1048 2812 1100 τοῦ
2836 1047 3058 1118 Ἀθύρος
3083 1047 3423 1117 διακείμενον
3452 1050 3576 1100 ναὸν
3600 1048 3693 1100 τοῦ
3712 1050 4047 1119 ἀρχιστρατο

2470 1142 2605 1210 ήγου
2642 1140 2729 1192 τὸν
2777 1143 2835 1193 ἐν
2885 1139 3297 1209 Δαμοκρανεία·
3329 1141 3421 1192 καὶ
3458 1139 3729 1209 πεμφθεὶς
3780 1141 4047 1207 Στέφανος

2476 1229 2554 1296 εἷς
2595 1232 2671 1285 ὢν
2696 1234 2806 1287 τῶν
2837 1230 3238 1301 θαλαμηπόλων
3274 1232 3544 1299 εὐνούχων
3572 1233 3669 1301 τῆς
3724 1231 3991 1301 βασιλίδος
4019 1235 4047 1285 ὁ

2480 1326 2839 1396 Περγαμηνὸς
2872 1323 3222 1376 ἁποδιδύσκει
3261 1324 3359 1392 μὲν
3407 1324 3567 1376 αὑτὸν
3612 1325 3712 1392 τὴν
3773 1324 4047 1390 ἰδιωτικὴν

2479 1420 2692 1486 στολὴν,
2736 1418 3061 1486 ἀμφιέννυσι
3117 1415 3174 1467 δὲ
3231 1416 3539 1485 πορφυρίδα
3575 1415 3878 1484 βασιλικὴν,
3955 1416 4048 1467 καὶ

4029 1568 4045 1591 9

796 1600 896 1668 τῆς
951 1600 1252 1670 ἱερολογίας
1304 1605 1598 1672 γενομένης
1648 1603 1797 1673 παρὰ
1853 1603 1948 1655 τοῦ
1989 1604 2206 1673 πρώτου
2243 1603 2349 1653 τῶν
2389 1602 2774 1671 πρεσϐυτέρων
2816 1600 2916 1669 τῆς
2940 1599 3083 1661 Νέας
3142 1600 3276 1667 (9.2),
3316 1600 3373 1661 ὃς
3424 1598 3641 1668 Στυπῆς
3712 1600 4043 1670 ὠνομάζετο,

801 1699 866 1746 ια’
896 1692 1017 1744 τότε
1047 1692 1136 1743 τοῦ
1171 1694 1385 1753 Ἰουνίου
1412 1696 1578 1762 μηνὸς
1602 1695 1847 1761 ἅγοντος,
1883 1695 1977 1746 τοῦ
2007 1693 2148 1764 ,ςφν’
2184 1694 2357 1758 ἔτους.
2403 1695 2667 1761 Στέφεται
2696 1693 2751 1744 δὲ
2785 1694 2852 1761 τῇ
2896 1691 3156 1761 ἐπαύριον
3196 1692 3344 1759 παρὰ
3370 1690 3466 1742 τοῦ
3504 1694 3865 1762 πατριάρχου.

870 1782 1260 1855 Monomachus
1285 1796 1512 1854 occeplo
1533 1787 1780 1853 imperio,
1807 1796 1858 1839 et
1882 1786 2185 1841 senatorios
2210 1786 2376 1847 viros,
2417 1795 2453 1847 Β

798 1884 960 1940 prout
1004 1874 1277 1945 cujusque
1322 1876 1563 1946 dignitas
1619 1876 1844 1938 ferebat,
1901 1879 1964 1929 ad
2016 1877 2367 1931 sublimiores

795 1966 976 2020 evexit
1023 1966 1279 2024 honores.
1310 1976 1362 2019 ct
1390 1970 1629 2034 pecuniae
1662 1970 2048 2024 distributione
2111 1985 2263 2024 suam
2316 1972 2367 2025 in

797 2057 1056 2125 populum
1120 2058 1499 2112 liberalitatem
1558 2060 1880 2115 declaravit.
1954 2062 2146 2117 Emisit
2201 2064 2366 2117 etiam

799 2149 1016 2203 decreta
1042 2165 1138 2219 per
1167 2165 1358 2205 omnes
1386 2152 1717 2220 provincias,
1752 2170 1871 2222 qua:
1924 2163 1979 2207 et
2022 2154 2199 2223 ipsum
2247 2170 2368 2208 esse

802 2242 1181 2309 imperatorem
1223 2240 1420 2295 factum
1462 2243 1785 2304 indicarent.
1811 2243 1969 2313 543
2001 2254 2053 2297 ct
2088 2244 2365 2312 promitte-

799 2341 921 2388 rent
984 2332 1101 2387 [οπο
1156 2342 1215 2386 ut
1276 2334 1379 2389 sub
1430 2335 1550 2403 ipso
1607 2336 1786 2387 omnia
1842 2335 2066 2389 honesta
2124 2336 2367 2403 vigerent

800 2423 1094 2490 omniaque
1129 2422 1329 2493 ﬂagitia
1357 2425 1829 2479 exscinderentur.
1853 2423 2117 2478 Joannem
2149 2440 2367 2495 quoque

796 2515 1306 2585 orphanotrophunt
1346 2532 1470 2570 cum
1505 2517 1762 2570 onmibus
1808 2533 1927 2584 quu:
1976 2517 2145 2584 ipsius
2190 2528 2364 2576 erant,

796 2620 824 2658 a
856 2605 1268 2662 Monobatarum
1315 2607 1643 2661 monasterio
1672 2608 1724 2660 in
1754 2606 2008 2670 Lesbum,
2043 2616 2098 2661 et
2131 2606 2364 2659 Michae-

797 2697 909 2751 lum
944 2711 1137 2751 recens
1166 2696 1396 2765 imperio
1431 2699 1702 2766 privatum
1737 2698 1791 2751 in
1840 2696 2061 2759 Chium,
2091 2696 2363 2753 Constan-

799 2789 1081 2857 tinumque
1125 2788 1522 2843 nobilissimum
1563 2789 1613 2842 in
1646 2789 1866 2844 Samum
1894 2789 2217 2857 deportavit.
2252 2790 2363 2844 Hoc

799 2893 931 2933 usus
982 2878 1208 2934 exordio
1257 2877 1649 2933 Monomachus
1706 2878 2000 2933 indistione
2059 2878 2146 2934 10.
2199 2878 2361 2933 Sexta

797 2982 960 3037 porro
981 2968 1233 3023 Octobris
1256 2968 1363 3031 die,
1390 2969 1687 3024 indictione
1714 2970 1798 3035 Η,
1822 2985 1967 3024 anno
1994 2971 2179 3024 mundi
2199 2971 2355 3035 6551,

793 3069 1006 3117 cometa
1045 3060 1318 3128 apparuit,
1353 3061 1422 3113 ab
1455 3061 1667 3114 oriente
1717 3062 1783 3114 ad
1839 3076 2093 3117 occasum
2140 3063 2360 3130 proiici-

2554 1784 2637 1855 [P.
2697 1783 2821 1853 754]
2883 1783 2992 1836 Καὶ
3053 1783 3154 1851 ἤδη
3220 1784 3329 1835 τῶν
3400 1784 3694 1851 σκήπτρων
3754 1783 4046 1851 γενόμενος

2476 1875 2752 1945 ἐγκρατὴς
2784 1876 2991 1938 πάντας
3040 1876 3138 1941 μὲν
3178 1875 3305 1935 τοὺς
3364 1874 3759 1941 συγκλητικοὺς
3815 1872 4046 1942 βαθμοῖς

2475 1966 2801 2035 ἀξιωμάτων
2838 1964 2979 2017 κατὰ
3009 1966 3104 2032 τὴν
3153 1966 3385 2019 ἑκάστου
3444 1963 3809 2033 προεϐίϐασεν
3862 1963 4043 2027 ἀξάν,

2475 2059 2567 2111 καὶ
2602 2059 2823 2127 χρυσίου
2860 2057 2916 2110 δέ
2954 2058 3235 2125 διανομαῖς
3264 2056 3323 2108 τὸ
3346 2055 3547 2123 πλῆθος
3599 2054 4040 2123 ἐφιλοτιμήσατο.

2487 2150 2867 2214 Ἐξαπέστειλε
2893 2150 3065 2203 δὲκαὶ
3104 2148 3383 2215 ἀναφορὰς
3415 2149 3471 2198 ἐν
3507 2149 3640 2199 πᾶσι
3676 2148 3785 2208 τοῖς
3818 2147 4041 2216 θέμασι,

2474 2242 2569 2310 τήν
2616 2258 2671 2293 τε
2708 2242 3011 2310 ἀνάρρησιν
3060 2238 3228 2292 αὑτοῦ
3284 2238 3571 2306 δηλούσας,
3615 2239 3710 2291 καὶ
3752 2238 4044 2305 ὑπισχνου-

2477 2334 2641 2401 μένας
2691 2334 2890 2394 παντὸς
2941 2333 3036 2401 μὲν
3071 2330 3278 2399 ἀγαθοῦ
3310 2331 3495 2399 βλύσιν
3552 2331 3645 2383 καὶ
3688 2331 4027 2400 παρρησίαν,

2474 2428 2654 2494 πάσης
2707 2424 2761 2476 δὲ
2828 2424 3025 2486 κακίας
3090 2424 3398 2491 ἀποτομήν.
3446 2421 3787 2475 Μετεὲἴίὸασε
3844 2422 3900 2474 δὲ
3947 2424 4040 2473 καὶ

2483 2517 2735 2582 Ἰωάννην
2762 2516 2852 2568 τὸν
2881 2516 3289 2584 ὀρφανοτρόιρον
3338 2514 3477 2583 μετὰ
3526 2514 3743 2566 πάντων
3777 2507 3852 2565 ὧν
3891 2508 4038 2581 εἶχεν

2472 2606 2580 2657 ἀπὸ
2609 2606 2708 2673 τῆς
2749 2607 2914 2676 μονῆς
2969 2606 3080 2658 τῶν
3123 2606 3449 2658 Μονοϐατῶν
3479 2606 3557 2666 εἰς
3606 2604 3704 2673 τὴν
3750 2605 3911 2671 νῆσον
3934 2604 4037 2655 Λέ-

2472 2696 2618 2761 σὸον,
2650 2699 2740 2749 καὶ
2791 2698 3008 2766 Μιχαὴλ
3078 2697 3170 2748 τὸν
3234 2695 3337 2763 πρὸ
3364 2695 3455 2747 τοῦ
3489 2694 3711 2763 βασιλέα
3760 2697 3838 2757 είς
3883 2694 4033 2756 Χίον,

2470 2792 2562 2843 καὶ
2603 2793 3008 2844 Κωνσταντῐνον
3046 2791 3137 2842 τὸν
3171 2789 3561 2857 νωδελίσσιμον
3590 2792 3668 2852 εἰς
3699 2790 3898 2857 Σάμον.
3925 2789 4034 2841 Καὶ

2468 2883 2640 2935 ταῦτα
2674 2884 2772 2953 μὲν
2804 2882 3052 2954 ἐπράχθη
3110 2884 3165 2933 ἐν
3206 2882 3514 2951 προοιμίοις
3566 2879 3645 2950 τῷ
3694 2881 4025 2950 Μονομάχῳ,

2467 2975 2607 3026 κατὰ
2634 2976 2732 3042 τὴν
2758 2972 2787 3025 ι’
2825 2973 3130 3026 ίνδικτιῶνα
3157 2990 3169 3003 ·
3216 2972 3355 3025 κατὰ
3389 2972 3444 3025 δὲ
3478 2971 3577 3042 τὴν
3608 2978 3661 3035 ς’
3689 2970 3783 3023 τοῦ
3834 2972 4035 3024 Ὀκτω-

2468 3065 2621 3133 ϐρίου
2661 3066 2849 3133 μηνὸς,
2887 3067 2986 3133 τῆς
3016 3071 3082 3118 ια’
3115 3065 3466 3128 ἰνδικτιῶνος,
3504 3064 3596 3116 τοῦ
3636 3069 3816 3130 ,ςφνα¹
3856 3062 4056 3126 ἔτους,.

797 3164 979 3216 scens,
1034 3160 1257 3218 totoque
1305 3152 1396 3204 illo
1438 3166 1625 3205 mense
1680 3152 1854 3206 fulsit.
1902 3150 1950 3207 Is
2012 3152 2433 3220 portendebatc
2466 3156 2531 3223 ἐφ

2291 3161 2363 3213 rat
2390 3160 2433 3218 Β
2466 3156 2638 3224 ἐφάνη
2675 3159 2920 3225 κομήτης
2970 3155 3079 3208 ama
3114 3156 3213 3225 τῆς
3239 3155 3314 3207 ἕω
3344 3154 3479 3225 πρὸς
3510 3155 3610 3223 τὴν
3666 3154 3817 3206 δύσιν
3852 3152 4031 3205 ποιού-

795 3242 1136 3297 calamitates
1168 3243 1370 3297 mundo
1400 3252 1713 3297 eventui-as.
1758 3243 1893 3297 Cum
1942 3246 2088 3298 enim
2127 3244 2358 3314 Stepha-

796 3348 922 3395 ncs,
952 3332 1042 3401 qui
1075 3341 1130 3387 et
1162 3333 1533 3398 Boistblabus,
1566 3334 1713 3403 fuga,
1766 3342 1824 3386 ut
1872 3343 1996 3387 ante
2047 3332 2357 3395 docuimus,

794 3440 859 3477 ex
904 3425 1037 3479 urbe
1069 3426 1291 3495 elapsus
1342 3426 1589 3495 Illyricos
1637 3433 1961 3494 occupasset
2011 3433 2244 3484 montes.
2296 3439 2359 3478 ac

795 3513 1063 3568 Triballos
1085 3521 1138 3569 et
1169 3514 1366 3569 Servos
1389 3516 1623 3587 indeque
1652 3517 1906 3569 viciniam
1934 3515 2191 3569 Romanis
2223 3515 2355 3569 sub-

795 3602 961 3657 ditam
991 3604 1437 3673 populationibus
1476 3618 1715 3672 vexaret,
1750 3606 2139 3661 Monomacbus
2170 3621 2355 3660 earum

794 3696 1197 3763 grassationum
1236 3697 1524 3766 impatiens
1552 3698 1814 3753 Micliaelo
1831 3699 2060 3767 patricio
2084 3698 2358 3753 Anastasii

797 3786 1087 3852 logotbeta:
1135 3786 1271 3851 ﬁlio,
1325 3798 1436 3842 tum
1477 3790 1764 3860 Dyrrachii
1820 3789 2099 3858 praefecto,
2136 3792 2359 3845 mandat

796 3892 891 3945 per
924 3878 1132 3932 litteras
1162 3880 1488 3935 utcollectis
1530 3891 1585 3935 et
1640 3883 1754 3937 suis
1800 3892 1853 3936 et
1896 3883 2020 3936 aliis
2066 3883 2353 3948 militibus,

792 3975 1059 4037 quotquot
1094 3971 1145 4022 in
1176 3971 1371 4027 vicinis
1406 3987 1468 4025 ac
1497 3969 1756 4026 Romanis
1793 3973 2028 4030 subditis
2060 3975 2356 4043 provinciis

791 4060 1043 4129 dispositi
1094 4072 1273 4127 erant,
1322 4078 1425 4117 una
1459 4081 1582 4118 cum
1626 4066 1876 4121 ordinum
1925 4067 2246 4123 ductoribus
2303 4069 2355 4120 in

792 4150 1065 4206 Triballos
1118 4153 1497 4222 proﬁciscatur
1540 4164 1593 4209 et
1634 4155 1968 4224 Stephanum
2012 4158 2262 4212 debellet.
2307 4158 2356 4214 Is

793 4259 919 4297 vero
935 4243 1232 4303 Michaelus
1260 4246 1338 4300 rei
1375 4247 1578 4315 bellica:
1609 4248 1993 4317 ignarissitnus
2046 4251 2268 4321 (quippe
2302 4253 2352 4304 in

797 4335 986 4389 umbra
1018 4345 1072 4391 et
1097 4336 1239 4391 inter
1270 4338 1492 4393 delicias
1530 4339 1816 4411 educatus)
1863 4340 2046 4409 inepte
2076 4348 2130 4395 et
2159 4341 2355 4395 inscite

796 4439 907 4478 rem
940 4440 1230 4497 aggressus
1261 4442 1509 4497 magnam
1546 4429 1623 4481 rei
1662 4426 1919 4483 Romanae
1946 4427 2107 4500 544
2132 4430 2353 4483 calami-

2467 3264 2623 3314 μενος
2673 3249 2771 3317 τὴν
2807 3247 3053 3316 πορείαν,
3086 3248 3179 3299 καὶ
3210 3247 3391 3316 ὡρᾶτο
3433 3246 3666 3313 λάμπων
3722 3246 3854 3315 παρ’
3910 3244 4030 3295 ὅλον

2461 3338 2649 3390 τοῦτον
2678 3338 2769 3391 τὸν
2814 3338 2976 3406 μῆνα.
3038 3339 3352 3408 Ιιροεμήνυε
3386 3336 3429 3389 δ’
3462 3331 3614 3398 οὗτος
3668 3337 3766 3399 τὰς
3803 3335 4030 3404 μελλού-

2464 3448 2559 3493 σας
2586 3430 3058 3499 ἐπισυμόήσεσθαι
3092 3429 3363 3498 κοσμικὰς
3403 3428 3710 3497 συμφοράς.
3755 3428 4028 3494 Στεφάνου

2460 3520 2568 3589 γὰρ
2598 3519 2690 3572 τοῦ
2719 3521 2812 3573 καὶ
2841 3519 3195 3583 Βοῖσθλάϐου,
3221 3518 3410 3588 ὥσπερ
3444 3519 3753 3586 ἔμπροσθεν
3792 3516 4027 3587 ἐρρήθη,

2460 3610 2793 3680 ἀποδράντος
2836 3611 2942 3662 ἀπὸ
2988 3610 3082 3663 τοῦ
3128 3610 3423 3672 Βυζαντίου
3485 3609 3577 3659 καὶ
3637 3607 3702 3660 τὰ
3762 3608 4032 3676 Ἰλλυρικα

2461 3702 2824 3770 κατασχόντος
2850 3702 2972 3771 ὅρη,
3019 3702 3110 3753 καὶ
3144 3699 3482 3770 Τριδαλλους
3506 3700 3597 3752 καὶ
3649 3700 3880 3767 Σέρῦους
3937 3703 4031 3752 καὶ

2460 3793 2528 3845 τὰ
2558 3794 2820 3862 πρόσοικα
2853 3793 2983 3860 γένη
3034 3792 3129 3845 καὶ
3171 3791 3458 3861 Ῥωμαίοις
3504 3791 3721 3859 ὑπήκοα
3760 3793 4026 3859 κατατρὲ·

2462 3901 2648 3953 χοντος
2678 3882 2770 3935 καὶ
2807 3882 3154 3952 ληῖζομένου,
3193 3884 3265 3950 μὴ
3314 3881 3495 3948 φέρων
3520 3882 3547 3931 ὁ
3586 3882 3906 3948 Μονομάχος
3932 3882 4028 3943 τὲις

2459 3976 2668 4025 ἐκείνου
2704 3974 3051 4043 καταδρομάς
3077 3971 3155 4041 τῷ
3177 3974 3297 4024 τότε
3327 3972 3549 4040 ἄρχοντι
3584 3971 3677 4023 τοῦ
3713 3975 4024 4041 Δυρραχίου

2461 4053 2548 4132 (ἦν
2599 4063 2656 4115 δὲ
2689 4063 2921 4132 ’Μιχαὴλ
2969 4062 3279 4131 πατρίκιος,
3321 4064 3348 4113 ὁ
3400 4060 3749 4114 Ἀνασταςίου
3785 4062 3876 4113 τοῦ
3938 4062 4024 4112 λο-

2460 4155 2682 4222 γοθὲτου
2752 4155 2886 4219 υίὸς)
2953 4153 3275 4221 γράμμασιν
3354 4154 3704 4219 ἐγκελεύεται

2458 4246 2620 4298 αὐτὸν
2669 4245 2917 4315 ἀθροῖσαι
2948 4246 3040 4297 τοῦ
3078 4244 3381 4317 Δυρραχίου
3421 4244 3547 4297 λαὸν
3607 4246 4018 4315 στρατιωτικίν,

2458 4337 2536 4389 ἐτι
2567 4337 2621 4389 δὲ
2652 4337 2744 4389 καὶ
2775 4337 2872 4398 τὰς
2904 4336 3161 4407 στρατιὰς
3191 4336 3296 4388 τῶν
3343 4336 3668 4402 ἐγγιζόντων
3714 4337 3887 4405 τούτῳ
3927 4337 4012 4387 0;-

2462 4428 2647 4495 μάτων
2680 4427 2773 4481 καὶ
2820 4428 2967 4497 αὖτῷ
3019 4428 3411 4493 ὑποκειμένων,
3494 4428 3585 4479 καὶ
3639 4429 3856 4495 συνάμα
3914 4430 4022 4489 τοῖς

3779 4154 3868 4203 τὸν
3935 4153 4025 4204 ὑπ’

794 4528 953 4573 ratem
979 4520 1711 4590 invexit.|Contractiszenim,
1739 4524 1997 4592 utjussns
2018 4534 2155 4589 erat,
2183 4523 2355 4592 copiis
2384 4505 2434 4563 D
2462 4518 2535 4571 ὑπ

2281 4505 2894 4589 νὶἱευὺποστρατήγοις
2940 4521 3019 4581 εἰς
3077 4518 3407 4589 Τριϐαλλοὺς
3462 4519 3711 4570 ἀπελθεῖν
3773 4522 3863 4571 καὶ
3932 4538 4022 4571 κα-

792 4609 902 4677 (ad
943 4610 1223 4676 sexaginta
1276 4611 1442 4664 millia
1468 4612 1699 4666 militum
1743 4628 1820 4667 ea:
1877 4614 2267 4683 c0ntiuebant)
2299 4615 2351 4668 in

790 4703 1062 4759 Triballos
1094 4703 1249 4758 duxit
1277 4704 1564 4759 itineribus
1612 4706 1931 4767 acclivibus,
1959 4710 2191 4775 asperis,
2217 4709 2356 4761 sale-

791 4798 972 4852 brosis
998 4810 1063 4849 ac
1098 4796 1170 4849 ita
1202 4796 1449 4865 angustis
1484 4808 1540 4850 ut
1576 4814 1642 4850 ne
1672 4799 1780 4852 bini
1827 4800 2046 4868 quidem
2083 4801 2242 4853 simul
2275 4800 2355 4855 ire

792 4886 1005 4952 equites
1062 4894 1309 4953 possent,
1357 4886 1565 4953 Servis,
1611 4896 1668 4942 ut
1709 4887 1902 4950 fertur,
1953 4891 2129 4946 dedita
2185 4907 2349 4961 opera

793 4976 1115 5031 cedentibus
1165 4992 1228 5031 ac
1274 4978 1479 5032 intrare
1530 4994 1652 5032 eum
1699 4979 2029 5043 sinentibus,
2070 4998 2240 5051 neque
2283 4984 2351 5037 de

791 5065 969 5119 reditu
1006 5066 1302 5120 sollicitum
1356 5084 1529 5138 neque
1565 5069 1715 5137 justo
1768 5072 2020 5140 pra-sidio
2071 5075 2351 5141 augusuas

789 5167 1166 5223 occupantem.
1196 5158 1273 5221 Ita
1295 5160 1573 5229 ingressus
1596 5163 1920 5233 campestria
1951 5163 2351 5232 direptionibus

1902 5273 2255 5329 XYLANDRI
2299 5274 2383 5329 ET
2403 5275 2615 5333 GOAIll

861 5361 973 5430 (‘21)
1035 5361 1135 5426 Qui
1170 5364 1314 5435 ilites
1364 5374 1512 5419 ortas
1543 5368 1680 5421 inter
1731 5367 2059 5421 Sarracenos
2107 5369 2349 5435 aliosque

789 5434 1244 5499 septentrionales
1313 5435 1555 5490 inﬁdeles
1618 5438 1915 5503 judicaret,
2003 5448 2057 5490 et
2120 5440 2186 5492 de
2246 5434 2349 5491 illis

789 5518 855 5555 ex
885 5517 1039 5568 atquo
1076 5512 1129 5555 et
1160 5504 1301 5555 bono
1352 5506 1686 5565 decerneret,
1737 5507 1789 5558 in
1821 5508 1918 5560 hoc
1948 5524 1974 5559 a
2017 5509 2197 5570 judice
2252 5524 2343 5560 ca-

790 5572 984 5644 strensi
1012 5572 1299 5644 discretus.
1348 5577 1491 5642 quod
1543 5577 1628 5628 hic
1666 5576 1987 5629 Christianis
2030 5579 2339 5644 imperatori

792 5640 1163 5698 militantibus,
1199 5642 1285 5693 illc
1311 5640 1519 5697 cunctis
1556 5662 1582 5696 ιι
1612 5646 1812 5698 Christi
1870 5647 1971 5699 licle
2012 5640 2205 5699 alienis
2256 5649 2338 5707 ius

790 5709 1014 5761 diceret.
1061 5710 1261 5763 Auctor
1304 5730 1468 5765 lllllllll
1517 5726 1810 5777 memorat,
1854 5716 2014 5769 alium
2073 5716 2333 5776 Codinus,

790 5793 982 5851 pempc
1016 5781 1519 5852 quinquagesimum
1573 5786 1869 5840 secundum
1910 5787 2051 5841 inter
2084 5788 2336 5842 ollicialcs

2461 4612 2839 4681 ταπολεμῆσαι
2888 4613 2977 4665 τὸν
3020 4612 3309 4677 Στέφανον.
3358 4612 3416 4662 '0
3464 4610 3518 4662 δὲ
3571 4610 3869 4680 πολεμικῆς
3904 4614 4022 4664 ἐπι-

2465 4705 2674 4772 στήμης
2703 4703 2921 4771 ἀπέχων
2969 4703 3213 4771 μακράν,
3238 4695 3325 4754 οἷα
3357 4702 3698 4769 σκιατραφὴς
3740 4701 4020 4770 ἄνθρωπος

2463 4798 2556 4849 καὶ
2583 4796 2897 4857 εὐπαθείαις
2932 4796 3388 4866 ἐντεθραμμένος,
3418 4796 3605 4861 ἀφυῶς
3648 4797 3740 4848 καὶ
3786 4797 4021 4865 ἀτέχνως

2463 4890 2814 4959 ἐπιχειρήσας
2845 4886 2922 4956 τῷ
2965 4886 3109 4954 ἔργῳ
3152 4886 3391 4955 μεγάλης
3444 4887 3613 4948 αἴτιος
3669 4887 3893 4955 ἀτυχίας
3942 4887 4021 4955 τις»

2470 4979 2754 5047 Ῥωμαίων
2791 4980 3005 5047 ἐγένετο
3042 4979 3421 5046 πολιτεύματι.
3472 4977 3755 5049 Ἀθροίσας
3817 4978 3924 5045 γὰρ
3957 4979 4021 5039 ἃς

2455 5070 2857 5139 προσετέτακτο
2889 5069 3165 5135 δυνάμεις,
3218 5067 3381 5129 οὔσας
3426 5068 3553 5137 περὶ
3600 5069 3695 5130 τὰς
3758 5068 4018 5137 ἐξήκοντα
4084 5112 4091 5117 .

2457 5161 2719 5231 χιλιάδας,
2751 5161 2975 5213 εἴσεισιν
3008 5162 3085 5221 είς
3137 5160 3489 5228 Τριῦαλλοῦς,
3540 5160 3815 5223 διοδεύσας
3868 5160 4018 5221 ὀδοὺς

2680 5275 2904 5334 ΝΟΤᾸΞ.

2454 5378 2725 5423 recenset.
2757 5368 2926 5423 Goan.

2525 5440 2635 5507 (2‘2)
2676 5439 2948 5507 Xylander
2988 5440 3230 5500 ridicule,
3260 5449 3313 5491 et
3340 5439 3580 5501 ntlil)et,
3615 5454 3675 5492 ex
3710 5442 3887 5507 capite
3911 5440 4014 5493 sibi

2451 5509 2601 5574 lingit
2631 5510 2683 5560 in
2714 5510 2856 5561 Nova
2887 5509 3053 5564 Roma
3086 5509 3444 5576 presbyteros.
3481 5509 3731 5562 Sanctius
3761 5511 3939 5577 itaque
3962 5521 4016 5562 cl

2448 5580 2673 5631 verius:
2711 5580 2935 5632 Peracta
2971 5578 3224 5645 nuptialis
3276 5580 3643 5631 benedictionis
3689 5580 4017 5631 solemnitate

2441 5648 2504 5699 ab
2526 5648 2772 5701 Ecclesia:
2802 5647 2958 5701 Nova:
2984 5648 3442 5714 archipresbytero.
3470 5646 3595 5701 Erat
3628 5658 3805 5702 autem
3841 5652 3871 5716 ἡ
3902 5649 4013 5700 Νέκ

2444 5716 2679 5771 Ecclesia
2712 5719 2761 5770 in
2798 5719 2992 5785 palatio
3038 5733 3066 5768 a
3103 5717 3297 5768 Basilio
3322 5717 3647 5785 imperatore
3679 5728 4010 5781 constructa,

2434 5787 2497 5842 de
2527 5804 2629 5856 qua
2657 5784 2842 5842 auctor
2868 5806 2917 5857 p.
2955 5787 3075 5841 388.
3121 5784 3284 5839 Com.
