4410 6442
397 390 500 451 977

1481 385 2019 446 HlSTURlARUM
2060 386 2588 448 CUMPEN’DlUM.

3531 383 3589 445 Ξῖ
3604 384 3639 444 8

394 499 639 557 ἀνάντεις
674 494 1043 566 κα“ιτραχείας
1087 494 1178 547 καὶ
1218 493 1608 563 ἀποκρήμνους
1643 497 1736 548 καὶ
1776 512 1959 548 στενο-
1990 503 2037 558 Α
2066 495 2135 549 int

1897 512 1959 548 ιο-
1990 503 2037 558 Α
2066 495 2446 564 incendiisque
2480 494 2746 549 vastabat.
2792 494 2859 546 At
2893 492 3044 547 Servi
3079 494 3261 549 fauces
3287 493 3543 549 itinerum
3574 509 3638 548 ac

393 590 606 657 χώρους
659 587 735 648 ὼς
788 586 862 654 μὴ
915 588 972 637 ἐν
1034 584 1215 654 ταυτῷ
1271 584 1534 638 δύνασθαι
1590 586 1684 638 δύο
1736 587 1965 650 ἱππότας

397 679 655 748 βαδίζειν,
704 677 962 730 ἐνδόντων
1018 676 1357 745 ἐξεπίτηδες,
1405 676 1481 739 ὥς
1527 694 1682 745 φασι,
1725 680 1820 731 καὶ
1859 679 1965 731 τῶν

394 770 615 841 Σέρϐων
642 772 738 823 καὶ
767 770 1241 840 συγχωρησάντων
1269 769 1368 839 τὴν
1392 769 1621 835 εἴσοδον,
1672 772 1808 839 μήτε
1864 771 1963 837 τῆς

397 862 746 932 ὑποστροφῆς
809 861 1104 929 φροντίσας
1161 862 1299 931 μήτε
1365 860 1613 930 φυλακὴν
1665 859 1967 928 ἐπιστήσας

397 955 689 1023 ἀξιόμαχον
721 955 840 1015 ταῖς
875 952 1279 1022 στενοχωρίαις.
1328 953 1565 1015 Ἐκεῖνος
1600 951 1698 1021 μὲν
1725 950 1818 1003 οὖν
1850 951 1966 1002 είσ-

394 1044 563 1094 ελθὼν
608 1042 763 1112 ἐδῄου
819 1042 916 1103 τὰς
961 1041 1214 1104 πεδιάδις
1282 1041 1375 1094 καὶ
1435 1040 1753 1112 ἐπυρπόλει,
1813 1040 1863 1092 oi
1910 1039 1967 1093 δὲ

396 1133 585 1202 Σέρϐοι
612 1130 1012 1194 καταλαϐόντες
1039 1132 1341 1200 ἐφύλαττον
1377 1132 1445 1189 τὰ
1480 1132 1640 1185 στενά
1683 1131 1779 1185 καὶ
1833 1130 1967 1184 ἀπό-

397 1242 613 1294 κ;.ηη·ινα
644 1225 741 1291 τῆς
782 1223 993 1294 τρίϐου,
1020 1224 1113 1276 καὶ
1145 1222 1485 1293 προσέμενον
1539 1223 1638 1293 τὴν
1698 1223 1967 1291 ὑποστρο-

398 1319 523 1384 φ⁵ινο
571 1317 658 1377 Ὠς
700 1316 756 1367 δὲ
798 1316 918 1378 ἃλις
944 1316 1023 1386 τῷ
1058 1316 1274 1384 Μιχαὴλ
1302 1315 1476 1367 ἐδόκει
1532 1314 1601 1366 τὰ
1632 1315 1729 1382 τῆς
1773 1313 1970 1382 λεηλα-

399 1407 539 1465 σίας,
570 1409 663 1457 καὶ
696 1406 848 1456 λείαν
902 1404 1102 1474 πολλὴν
1134 1405 1229 1457 καὶ
1281 1404 1659 1473 αἰχμαλωσίαν
1706 1401 1964 1474 περιεϐά-

397 1496 537 1551 λετο.
578 1498 669 1547 καὶ
694 1495 884 1563 καιρὸς
924 1495 1095 1564 ἐφάνη
1122 1496 1420 1564 ἀναζυγῆς,
1449 1497 1551 1549 κάν
1597 1497 1714 1557 ταῖς
1775 1510 1965 1546 στενο-

401 1588 631 1655 χωρίαις
660 1586 1067 1655 ὁδοιποροῦντες
1098 1586 1367 1654 ἐγένοντο,
1405 1589 1524 1640 τότε
1560 1586 1623 1655 δὴ
1671 1586 1764 1654 ἀφ’
1796 1584 1966 1654 ὕψους

395 1679 445 1727 οἱ
470 1677 719 1745 πολέμιοι
762 1677 1001 1746 χέρμασί
1034 1695 1094 1730 τε
1147 1677 1433 1747 βάλλοντες
1486 1680 1580 1728 καὶ
1649 1676 1822 1742 τόξοις
1875 1675 1970 1728 καὶ

400 1768 675 1828 παντοίοις
704 1766 985 1836 ἑκηϐόλοις
1014 1769 1266 1837 ὀργάνοις
1311 1769 1404 1820 καὶ
1432 1766 1614 1830 λίθους
1662 1767 1969 1837 ὑπερμεγέι-

2069 596 2344 655 prmrupta
2380 584 2617 640 insidere
2661 594 2713 640 et
2767 584 3000 640 reditum
3034 584 3153 652 eius
3186 584 3506 653 prastol‘ari.
3541 581 3642 637 Mi-

2068 678 2292 732 eltaelus
2358 685 2415 730 ut
2471 676 2605 732 satis
2658 676 2852 746 praeda:
2903 676 3354 745 captivorumque
3424 682 3638 743 partum

2068 778 2394 837 tempusque
2422 770 2642 822 domum
2673 768 2970 823 reducendi
3006 768 3251 839 putavit,
3275 776 3329 822 et
3374 767 3426 820 in
3464 765 3638 818 reditu

2070 861 2121 912 in
2150 861 2434 928 angustias
2475 859 2745 929 pervenit,
2782 859 2854 913 ibi
2890 873 3018 913 vero
3051 858 3203 913 Servi
3242 859 3311 913 tle
3352 855 3639 912 sublimio-

2070 953 2219 1005 ribus
2243 953 2376 1006 locis
2399 951 2675 1007 Romanos
2707 951 2857 1007 saxis
2891 951 3205 1020 ,lapitlibus,
3247 950 3482 1020 sagittis.
3518 962 3643 1001 om-

2070 1044 2265 1112 nisque
2298 1044 2512 1114 generis
2564 1044 2869 1097 missilibus
2929 1042 3212 1111 impetere.
3266 1055 3437 1109 neque
3474 1040 3643 1092 armis

2070 1145 2249 1198 neque
2284 1131 2541 1185 manibus
2577 1130 2654 1183 uti
2702 1130 2965 1193 valentes,
3010 1138 3104 1184 aut
3157 1129 3267 1182 ullo
3325 1128 3483 1181 modo
3528 1144 3639 1181 rem

2074 1236 2284 1289 gerere.
2317 1221 2396 1275 Ita
2429 1222 2521 1275 alii
2552 1220 2862 1276 missilibus
2895 1219 3194 1290 prosterni,
3254 1220 3344 1273 alii
3379 1234 3475 1289 per
3506 1234 3644 1288 pra:-

2073 1313 2260 1382 cipitia
2286 1314 2523 1375 devolvi,
2548 1312 2844 1369 miserabili
2876 1311 3204 1376 clade,adeo
3239 1319 3297 1365 ut
3325 1311 3639 1379 adjacentes

2075 1402 2358 1456 convalles
2412 1413 2579 1471 atque
2652 1403 2915 1456 caritates
2974 1401 3335 1456 cadaveribus
3410 1400 3645 1469 impleta:

2075 1493 2529 1562 persequentibus
2556 1494 2756 1563 pervia:
2778 1504 2980 1549 essent.
3014 1492 3298 1548 Perierunt
3334 1492 3399 1545 ad
3432 1490 3499 1545 40
3524 1490 3645 1543 mil-

2076 1587 2144 1637 lia
2169 1593 2222 1638 et
2260 1584 2289 1635 7
2317 1586 2483 1640 duces
2517 1604 2530 1639 :
2566 1586 2760 1656 reliqui
2816 1601 2911 1653 per
2955 1586 3127 1639 saltus
3158 1600 3222 1639 ac
3264 1585 3432 1639 silvas
3490 1596 3646 1635 mon-

2076 1675 2210 1728 tium
2263 1676 2513 1743 dissipati
2547 1684 2602 1730 et
2636 1675 2955 1745 conspectui
3015 1675 3249 1729 hostium
3286 1673 3538 1727 subducti
3591 1672 3645 1725 in

2075 1767 2366 1820 cacumina
2435 1775 2748 1832 evaserunt,
2816 1764 2975 1838 545
3066 1774 3344 1834 noctuque
3408 1753 3474 1819 ad
3545 1776 3646 1815 sua

399 1856 513 1917 θεις
549 1857 825 1919 κυλίοντες
858 1857 1114 1928 ἀνῄρουν,
1152 1859 1261 1910 τῶν
1301 1860 1427 1927 περὶ
1462 1859 1552 1911 τὸν
1580 1858 1799 1928 Μιχαὴλ
1835 1860 1972 1927 μήτε
2007 1859 2043 1910 Β
2077 1871 2139 1926 pe

1905 1876 1972 1925 ,τε
2007 1859 2043 1910 Β
2077 1865 2463 1926 pervenerunt,
2485 1854 2855 1909 miserandum
2888 1870 2951 1909 ac
2986 1853 3333 1924 lacrymabile
3361 1858 3646 1922 spectacu-

395 1951 553 2014 χερσὶ
583 1947 708 2015 μήθ’
728 1948 915 2010 ὅπλοις
945 1948 1253 2017 χρήσασθαι
1284 1950 1619 2016 δυναμένων,
1662 1949 1787 2017 μήτ’
1834 1951 1968 2017 ἀρε·

396 2036 494 2103 τῆς
521 2038 656 2100 ὅλως
690 2039 1065 2102 ἐπιδείξασθαι
1096 2040 1272 2109 ἔργον.
1315 2038 1396 2109 [Ρ.
1434 2037 1557 2110 755]
1616 2041 1721 2091 Καὶ
1768 2040 1816 2089 οί
1874 2039 1974 2106 μὲν

2080 1949 2211 2001 lum.
2247 1944 2394 2000 Inter
2422 1947 2522 2001 Iros
2548 1944 2651 2001 fuit
2678 1946 2842 2001 etiam
2866 1945 2981 2016 ipse
2999 1945 3295 2000 Michaelus
3313 1943 3477 2000 simili
3513 1958 3645 1997 usus

2083 2040 2323 2094 fortuna.

396 2130 590 2182 αὐτόθι
621 2130 941 2200 βαλλόμενοι
975 2132 1225 2196 ἔπιπτον,
1275 2134 1324 2184 οί
1378 2132 1435 2186 δὲ
1470 2134 1969 2203 κατεκρημνίζοντο
2006 2135 2101 2187 καὶ
2168 2134 2420 2197 ἐλεεινῶς
2475 2135 2850 2202 ἀνηλίσκοντο,
2889 2135 2964 2197 ὡς
3032 2131 3382 2201 πληρωθῆναι
3437 2129 3647 2198 νεκριῖςν

399 2218 495 2281 τὰς
530 2224 937 2292 παρακειμένας
999 2223 1290 2291 φάραγγας
1327 2223 1419 2275 καὶ
1458 2224 1582 2283 τοὺς
1617 2221 1827 2291 ῥύακας
1895 2224 1987 2276 καὶ
2020 2223 2189 2293 βατάς
2234 2224 2491 2292 γενέσθαι
2534 2228 2646 2287 τοῖς

2727 2224 3031 2278 διώκουσιν.
3085 2226 3319 2279 Ἐπεσον
3355 2222 3447 2279 οὖν
3521 2221 3645 2292 περί

401 2327 503 2363 που
532 2311 628 2375 τάς
660 2312 709 2381 μ’
739 2314 1005 2383 χιλιάδας,
1040 2312 1385 2382 ἀνῃρέθησαν
1443 2313 1499 2365 δὲ
1538 2314 1633 2366 καὶ
1669 2315 1965 2384 στρατηγοὶ
2003 2316 2161 2369 ἑπτά.
2198 2318 2260 2368 Ol
2289 2316 2344 2369 δὲ
2387 2316 2561 2369 λοιποὶ
2595 2318 2653 2373 ἐν
2696 2320 2812 2380 ταῖς
2859 2316 3089 2386 λόχμαις
3137 2316 3229 2368 καὶ
3268 2318 3385 2377 ταῖς
3435 2315 3638 2373 νάπαις

404 2400 494 2452 καὶ
549 2402 667 2464 ταῖς
714 2402 1065 2469 συναγκείαις
1122 2401 1415 2469 κρυϐἐντες
1466 2402 1573 2454 τῶν
1626 2402 1822 2470 ὀρέων,
1873 2404 1962 2456 καὶ
2012 2407 2139 2467 τοὺς
2167 2407 2275 2458 τῶν
2304 2407 2557 2459 ἐναντίων
2592 2409 2905 2479 διαδράντες
2967 2409 3300 2478 ὀφθαλμοὺς,
3382 2411 3476 2459 καὶ
3557 2405 3647 2460 διά

400 2493 509 2547 τῶν
532 2494 783 2563 κορυφῶν
812 2496 1015 2549 τούτων
1052 2495 1513 2567 ἀναρριχώμενοι,
1546 2497 1737 2558 νυκτὸς
1779 2496 2115 2569 διεσώθησαν
2150 2500 2304 2565 πεζοὶ
2339 2502 2433 2555 καὶ
2462 2504 2657 2571 γυμνοὶ
2702 2506 2794 2556 καὶ
2853 2506 2963 2566 τοῖς
3028 2504 3195 2572 ὁρῶσι
3243 2503 3420 2571 θέαμα
3475 2502 3647 2554 ἐλεει-

401 2588 491 2638 νὺν
532 2588 625 2638 καὶ
654 2586 868 2656 θρήνων
896 2586 1063 2649 ἀξιον.
1098 2585 1337 2654 Διεσώθη
1364 2585 1419 2637 δὲ
1453 2584 1569 2653 μετ’
1612 2585 1790 2636 αὐτῶν
1826 2587 1968 2641 καὶὸ
2009 2590 2247 2660 Μιχαὴλ,
2280 2590 2378 2659 τὴν
2408 2590 2529 2661 ἴσην
2558 2592 2653 2644 καὶ
2686 2591 2846 2655 αὐτὸς
2878 2593 3256 2663 περικείμενος
3280 2592 3470 2661 τύχην.

474 2677 744 2747 Γεώργιος
786 2677 842 2730 δὲ
895 2678 1191 2747 μάγιστρος
1242 2680 1270 2729 ὁ
1318 2677 1607 2747 Μανιάκης
1650 2679 1707 2729 ἐν
1751 2678 1972 2747 Ἰταλίᾳ,

403 2769 476 2830 ὡς
519 2771 756 2838 εἴρηται,
786 2770 934 2837 παρὰ
968 2769 1119 2837 Ζωῆς
1147 2767 1246 2836 τῆς
1280 2767 1548 2837 βασιλίδος
1581 2768 1851 2838 πεμφθεὶς
1888 2770 1974 2837 ἐφ’

403 2854 447 2929 ᾧ
479 2861 928 2929 καταστήσασθαι
952 2861 1020 2912 τὰ
1058 2863 1174 2913 ἐκεῖ
1196 2861 1391 2929 (ἐνόσει
1426 2861 1531 2933 γὰρ
1563 2861 1629 2914 τὰ
1677 2862 1853 2914 πάντα
1884 2861 1974 2914 καὶ

406 2954 593 3015 κακῶς
650 2954 876 3021 ἐφέρετο
920 2954 1145 3023 ἀπειρία
1180 2954 1273 3007 καὶ
1328 2952 1619 3021 φαυλότητι
1668 2954 1970 3023 ἀρχηγῶν),

408 3046 547 3111 πρὸς
578 3045 917 3097 ἀποστασίαν
948 3046 1186 3100 ἀπεῖδεν,
1228 3045 1410 3108 Ἀξιον
1452 3044 1506 3097 δὲ
1543 3046 1717 3096 εἰπεῖν
1752 3044 1975 3115 ἐπιδρα-

409 3138 610 3202 μόντας
640 3136 730 3187 καὶ
766 3135 861 3197 τὰς
894 3136 1072 3197 αἰτίας
1123 3136 1203 3197 είς
1241 3134 1448 3204 ἀκριϐῆ
1498 3133 1699 3200 γνῶσιν
1753 3133 1862 3186 τῶν
1895 3135 1973 3199 τῷ

406 3227 600 3295 βιϐλίῳ
642 3226 1098 3297 ἐντυγχανόντων.
1132 3226 1264 3278 Ὀτε
1316 3224 1423 3294 γὰρ
1455 3218 1609 3287 οὗτος
1640 3223 1857 3295 πρῶτον
1898 3225 1975 3286 είς

2152 2682 2218 2735 At
2252 2684 2302 2735 in
2335 2684 2566 2745 Italiam,
2610 2693 2669 2737 ut
2698 2683 3220 2747 demonstravimus,
3256 2686 3459 2739 missus
3483 2683 3646 2739 a‘Zoa

2081 2773 2350 2843 Georgius
2397 2773 2673 2831 Maniaces
2735 2777 3015 2844 magister,
3063 2785 3121 2830 ut
3182 2791 3268 2830 res
3324 2775 3395 2830 ibi
3446 2776 3646 2830 ducum

2081 2866 2292 2935 ignavia
2324 2865 2681 2923 labefactatas
2722 2868 3102 2934 constitueret,
3146 2868 3490 2939 tyrannidem
3519 2868 3651 2925 affe-

2081 2956 2265 3009 ctavit.
2296 2956 2499 3025 Estque
2539 2971 2718 3028 operae
2751 2960 2984 3026 pretium
3027 2958 3191 3027 hujus
3225 2959 3484 3013 facinoris
3516 2974 3648 3014 ean-

2083 3061 2171 3100 sas
2206 3049 2591 3117 perstringere.
2618 3049 2738 3116 Quo
2765 3060 3008 3120 tempore
3056 3052 3125 3107 ab
3164 3052 3491 3121 imperatore
3545 3051 3647 3107 Mi-

2087 3136 2280 3190 cltaelo
2347 3136 2400 3190 in
2475 3138 2681 3192 Italiam
2746 3142 2948 3196 missus
3011 3139 3189 3196 fuerat
3247 3141 3542 3206 Maniaces,
3593 3151 3653 3198 ut

2085 3226 2419 3297 Apolapliari
2468 3232 2823 3285 Muchumeto
2871 3231 3073 3287 Siciliae
3131 3233 3433 3303 principia
3479 3232 3650 3288 fratre

417 3316 652 3369 Ἰταλίαν
686 3315 940 3385 ἐπέμφθη
976 3315 1125 3385 παρὰ
1158 3314 1251 3368 τοῦ
1285 3314 1548 3384 βασιλέως
1591 3315 1809 3384 Μιχαὴλ
1842 3331 1982 3383 συμ-
2011 3323 2053 3381 c
2086 3335 2158 3373 ευ.

1915 3333 1982 3383 μ-
2011 3323 2053 3381 C
2086 3335 2186 3373 suo
2228 3332 2285 3374 et
2348 3320 2497 3375 Afris
2543 3336 2854 3393 oppugnato
2910 3325 3172 3380 auxilium
3232 3326 3418 3389 ferret,
3468 3327 3651 3380 socios

406 3410 673 3475 μαχήσων
727 3406 1040 3475 Ἀπολάφαρ
1092 3407 1390 3475 Μαχοῦμετ
1444 3405 1522 3477 τῷ
1580 3406 1676 3475 τῆς
1729 3405 1979 3468 Σικελίας

406 3502 630 3568 ἄρχοντι
662 3499 1055 3569 πολεμουμένῳ
1080 3498 1233 3569 παρὰ
1258 3498 1349 3551 τοῦ
1386 3500 1592 3551 οἰκείου
1621 3496 1851 3565 ἀδελφοῦ
1889 3498 1981 3548 καὶ

404 3591 513 3643 τῶν
574 3592 813 3659 Ἄφρων,
852 3590 1010 3660 ἔτυχε
1065 3590 1625 3660 προσεταιρισάμενος
1668 3590 1759 3642 καὶ
1799 3589 1981 3658 Φράγ-

405 3699 542 3749 γους
606 3682 995 3746 πεντακοσίους
1037 3682 1144 3735 ἀπὸ
1198 3684 1307 3735 τῶν
1362 3684 1536 3753 πέραν
1584 3682 1692 3735 τῶν
1735 3683 1983 3736 Ἀλπεων

408 3774 654 3826 Γαλλιῶν
716 3772 1210 3842 μεταπεμφθέντας
1272 3774 1364 3825 καὶ
1443 3773 1684 3844 ἀρχηγὸν
1764 3772 1985 3843 ἔχοντας

415 3868 727 3935 ’Λρξουίνον
761 3866 873 3935 (23)
909 3867 1009 3934 τὴν
1059 3865 1271 3934 κλῆσιν,
1308 3863 1489 3935 χώρας
1550 3865 1697 3927 τινὸς
1749 3866 1984 3934 ἄρχοντα

408 3962 504 4011 καὶ
542 3958 647 4010 ὑπὸ
688 3959 912 4027 μηδενὸς
934 3958 1223 4025 ἀγόμενον,
1256 3957 1373 4024 μεθ’
1401 3950 1475 4011 ὧν
1505 3958 1573 4010 τα
1595 3957 1701 4009 τῶν
1733 3958 1983 4025 Σαρακη-

405 4050 517 4101 νῶν
548 4050 845 4117 εἰργάσατο
873 4050 1127 4117 τρόπαια.
1175 4047 1326 4099 Ἐπεὶ
1353 4046 1408 4099 δὲ
1456 4039 1610 4111 οὗτος
1644 4063 1984 4116 συκοφαντη-

402 4142 523 4203 Bai;
566 4140 842 4209 παρελύθη
889 4140 990 4208 τῆς
1049 4139 1220 4208 ἀρχῆς
1260 4138 1351 4190 καὶ
1381 4140 1460 4200 είς
1506 4138 1602 4208 τὴν
1657 4137 1806 4190 πόλιν
1873 4138 1985 4190 εἰσ-

401 4234 604 4303 αχθεὶς
637 4232 954 4303 καθείρχθη,
978 4233 1070 4285 καὶ
1092 4232 1278 4303 ἄρχειν
1302 4232 1416 4285 ἀντ’
1446 4231 1607 4285 αὐτοῦ
1632 4233 1730 4296 τῆς
1762 4230 1989 4293 Ἰταλίας

400 4325 674 4395 ἐπέμφθη
705 4325 914 4394 Μιχαὴλ
942 4325 1429 4395 πρωτοσπαθάριος
1459 4326 1486 4376 ὁ
1512 4323 1815 4386 Δοκειανὸς,
1885 4324 1983 4374 ἁν-

403 4417 727 4485 επιτήδειος
782 4416 1069 4486 ἄνθρωπος
1113 4415 1373 4486 καὶπρὸς
1432 4415 1817 4484 μεταχείρησιν
1849 4430 1989 4484 πρα-

399 4511 644 4578 γμάτων
669 4509 768 4561 οὒκ
796 4508 1024 4577 εὐφυὴς,
1052 4507 1152 4560 οὐκ
1187 4508 1380 4577 ἐδεήθη
1404 4506 1599 4578 χρόνου
1637 4506 1867 4575 συγχέαι
1891 4507 1986 4559 καὶ

398 4602 726 4670 διαφθεῖραι
755 4601 827 4653 τὰ.
847 4602 1037 4653 πάντα.
1071 4599 1163 4669 Μὴ
1189 4598 1445 4668 παρέχων
1481 4601 1588 4667 γὰρ
1613 4598 1755 4651 κατά
1796 4598 1987 4667 καιρὸν

2085 3412 2189 3465 sibi
2250 3412 2521 3467 asciverat
2573 3412 2674 3467 500
2737 3413 3001 3483 Francos,
3037 3431 3065 3470 e
3096 3416 3268 3473 Gallia
3317 3416 3649 3483 transalpina

2082 3513 2354 3566 evocatos,
2380 3503 2518 3557 duce
2540 3503 2805 3569 Arduiuo,
2839 3506 3123 3576 cujusdam
3166 3507 3405 3576 regionis
3429 3507 3652 3562 domino

2085 3592 2287 3646 nemini
2314 3592 2557 3647 subdito.
2590 3591 2687 3649 llis
2709 3596 2877 3649 sociis
2895 3610 2993 3650 sua
3026 3596 3093 3650 de
3125 3596 3415 3652 Saracenis
3442 3607 3649 3653 statue-

2088 3691 2169 3735 rat
2218 3688 2441 3752 tropaea.
2472 3681 2769 3753 Postquam
2804 3700 2936 3740 vero
2995 3686 3267 3742 Maniares
3309 3703 3404 3757 per
3442 3689 3651 3742 calum—

2086 3774 2231 3829 niam
2282 3774 2512 3842 imperio
2539 3776 2783 3843 privatus
2809 3792 2871 3831 ac
2908 3776 3227 3847 Byzantium
3277 3780 3330 3831 in
3378 3794 3651 3833 carcerem

2086 3867 2355 3922 abductus
2393 3866 2515 3932 fuit,
2554 3869 2869 3938 missusque
2915 3875 2964 3924 ei
3006 3884 3299 3926 successor
3354 3870 3652 3926 Mieltaelus

2090 3957 2568 4027 protospatltarius
2626 3959 2934 4024 Doceanus.
2994 3962 3156 4016 homo
3208 3962 3448 4033 ineptus,
3505 3964 3651 4017 nulla

2088 4064 2241 4103 mora
2272 4049 2593 4118 interposita
2625 4051 2786 4119 periit
2810 4066 2896 4105 res
2922 4051 3188 4106 Romana.
3220 4052 3357 4106 Nam
3393 4056 3482 4108 hic
3525 4070 3648 4109 cum

2087 4140 2316 4196 Francis
2345 4155 2453 4195 non
2478 4141 2802 4210 praebuisset
2831 4154 3111 4199 menstrua
3142 4160 3263 4215 qua:
3292 4146 3537 4215 accipere
3566 4161 3653 4200 so-

2089 4232 2271 4287 lebant.
2301 4231 2595 4301 stipendia,
2629 4248 2935 4304 eorumque
2967 4235 3192 4305 insuper
3222 4236 3439 4300 ducem,
3466 4237 3557 4306 qui
3582 4238 3651 4291 ad

2091 4322 2267 4392 ipsum
2305 4330 2533 4377 venerat
2580 4322 3012 4394 hortabaturque
3053 4334 3112 4378 ut
3160 4325 3396 4395 benigne
3452 4327 3654 4382 milites

2096 4420 2350 4467 tractaret
2402 4426 2580 4482 neque
2630 4428 2725 4468 eos
2758 4414 3009 4470 mercede
3057 4415 3301 4471 laborum
3352 4417 3651 4480 fraudaret.

2091 4502 2253 4574 546
2277 4518 2375 4573 per
2400 4505 2787 4558 contumeliam
2835 4503 3021 4575 ﬂagris
3071 4506 3179 4573 (ita
3242 4510 3387 4566 enim
3445 4509 3655 4579 fertur)

2093 4596 2405 4661 cecidisset,
2456 4594 2629 4665 coegit
2661 4594 2901 4652 Francos
2931 4612 2959 4652 a
2989 4614 3048 4653 se
3102 4600 3429 4658 desciscere.
3486 4600 3655 4654 Cum-

398 4698 519 4756 τοῖς
548 4694 829 4762 Φράγγοις
868 4691 928 4743 τὸ
957 4692 1137 4752 αὐτοῖς
1185 4691 1563 4760 παρεχόμενον
1615 4689 1699 4755 ἐφ’
1758 4689 1989 4741 ἕκαστον
2021 4682 2064 4739 D
2094 4704 2139 4757 qt

1911 4705 1989 4740 ιον
2021 4682 2064 4739 D
2094 4703 2201 4757 que
2231 4688 2265 4740 ii
2294 4703 2445 4741 arma
2488 4688 2807 4755 movissent,
2849 4700 2902 4743 et
2953 4691 3070 4758 ipse
3101 4705 3224 4745 cum
3260 4691 3513 4745 omnibus
3542 4689 3652 4745 Ro-

400 4787 561 4856 μῆνα
604 4783 933 4853 σιτηρέσιον,
968 4782 1167 4852 μᾶλλον
1199 4782 1278 4847 δὲ,
1320 4782 1395 4844 ὥς
1422 4797 1574 4850 φασι.
1618 4780 1711 4833 καὶ
1736 4779 1825 4831 τὸν
1856 4780 1985 4846 ἡγε-

402 4876 552 4945 μόνα
587 4872 815 4935 τούτων,
843 4871 1143 4941 ἀφιγμένον
1166 4870 1238 4933 ὡς
1266 4871 1428 4924 αὐτὸν
1460 4870 1544 4937 ἐφ’
1573 4862 1616 4936 ᾧ
1665 4869 1985 4938 παρακαλέ-

399 4985 497 5020 σαι
556 4963 744 5034 ἡπίως
786 4963 1020 5034 χρῆσθαι
1044 4964 1157 5025 τοῖς
1186 4961 1544 5031 στρατιώταις
1604 4962 1697 5013 καὶ
1741 4960 1814 5031 μὴ
1847 4962 1984 5013 ἀπο-

400 5060 632 5129 στερεῖν
662 5056 883 5118 τούτους
910 5054 1003 5107 τοῦ
1029 5053 1140 5106 τῶν
1172 5054 1349 5108 πόνων
1380 5052 1595 5122 μισθοῦ,
1625 5051 1855 5121 ὑϐρίσας
1895 5050 1987 5105 καὶ

399 5146 776 5222 μαστιγώσας
833 5145 1064 5215 ἀτίμως,
1130 5144 1411 5214 ἠνάγκασε
1481 5146 1607 5205 τοὺς
1661 5141 1983 5213 ἀνθρώπους

394 5238 819 5307 ἀποστατῆσαι.
861 5232 962 5290 Ὧν
1003 5237 1143 5290 ὅπλα
1165 5237 1534 5304 κεκινηκότων
1563 5235 1679 5287 δέον
1706 5235 1805 5296 τὰς
1853 5235 1987 5285 Ῥω·

398 5334 623 5408 μαϊκὰς
670 5330 883 5392 ἁπάσας
915 5328 1162 5401 ἀθροῖσαι
1182 5328 1437 5398 δυνάμεις
1466 5327 1561 5380 καὶ
1590 5327 1795 5388 τούτοις
1820 5342 1989 5395 προσ-

400 5430 592 5501 μῖξαι,
650 5425 683 5476 ὁ
718 5422 773 5475 δὲ
835 5420 994 5474 τοῦτο
1044 5423 1142 5473 οὐκ
1175 5421 1452 5489 ἐποίησεν,
1502 5420 1616 5472 ἀλλ’
1650 5417 1707 5469 ἓν
1752 5414 1987 5484 εἰληφὼς

395 5522 602 5589 τάγμα
632 5514 702 5566 τὸ
727 5513 819 5566 τοῦ
874 5510 1119 5579 Ὄψικίου
1151 5511 1243 5564 καὶ
1292 5511 1456 5581 μέρος
1501 5512 1606 5562 τῶν
1639 5507 1986 5578 Θρακησίων,

2092 4777 2269 4831 manis
2305 4778 2478 4847 copiis
2505 4792 2600 4832 eos
2628 4779 2850 4833 deberet
2879 4781 3106 4845 adoriri,
3160 4781 3316 4835 unica
3364 4780 3654 4849 Opsiciana

2094 4866 2309 4936 legione
2350 4876 2404 4922 et
2456 4877 2610 4937 parte
2664 4868 3059 4923 Tbraeensium
3105 4871 3360 4939 stipatus.
3416 4887 3538 4924 cum
3589 4873 3655 4926 iis

2089 4958 2232 5027 apud
2251 4958 2466 5013 Cannas
2486 4974 2653 5029 prope
2673 4960 2921 5013 Aufidum
2941 4960 3186 5024 fluvium,
3211 4977 3318 5030 quo
3338 4962 3454 5016 loco
3480 4976 3655 5031 quon-

2093 5048 2218 5103 dam
2252 5050 2519 5125 permulta
2557 5049 2924 5104 Romanorum
2958 5051 3130 5105 millia
3166 5053 3362 5106 occidit
3392 5052 3650 5117 Annibal.

2095 5138 2355 5204 conflixit,
2398 5140 2684 5209 victusque
2714 5141 2915 5194 amissa
2964 5141 3168 5210 majore
3197 5144 3471 5196 exercitus
3504 5156 3656 5214 parte

2097 5230 2317 5284 Cannas
2347 5232 2575 5299 turpiter
2613 5233 2804 5286 evasit.
2846 5233 2957 5286 Hac
2979 5242 3200 5301 accepta
3224 5234 3398 5299 clade,
3424 5250 3492 5289 ne
3515 5236 3656 5291 ictus

2097 5321 2337 5389 quidem,
2363 5320 2507 5388 quod
2547 5331 2632 5375 est
2661 5324 2724 5375 de
2745 5322 3016 5390 piscatore
3043 5322 3414 5392 proverbium,
3447 5326 3649 5394 sapuit,

2099 5424 2273 5479 neque
2307 5410 2565 5464 omnibus
2596 5410 2771 5478 copiis
2806 5412 3053 5464 munitus
3097 5410 3309 5465 hostem
3348 5413 3520 5479 petiit,
3555 5410 3650 5464 secl

2097 5499 2401 5554 temeritate
2433 5500 2686 5554 nimirum
2718 5500 2914 5557 ductus
2951 5516 3043 5555 eos
3075 5501 3220 5569 ipsos
3256 5504 3344 5571 qui
3374 5502 3498 5556 victi
3535 5500 3652 5555 fue-

1540 5619 1890 5675 XYLANDRI
1929 5617 2011 5670 ET
2043 5615 2250 5671 GOARI
2320 5616 2543 5671 ΝΟΤᾹΞ.

480 5720 604 5791 (-25)
643 5717 892 5774 Arduino
926 5718 1282 5786 Longobardo
1309 5716 1448 5791 duce
1480 5713 1772 5791 Nortnanni
1808 5712 1993 5778 Apulia
2026 5712 2175 5779 potiti
2206 5721 2349 5771 sunt.
2379 5728 2552 5783 eaque
2589 5715 2727 5767 inter
2762 5728 2817 5767 se
2878 5712 3047 5767 divisa
3098 5712 3409 5765 Graecorum
3490 5710 3667 5764 amici.

397 5784 819 5859 l‘.‘.'lllltinquam
843 5784 1174 5844 cliectifLeo
1205 5788 1494 5851 Ostiensis,
1524 5803 1579 5850 Il,
1615 5786 1699 5840 (38.
1735 5784 1903 5838 GOLB.
