4410 6442
742 363 853 431 ‘279

2050 375 2369 435 GEORGII
2416 380 2749 441 CEDitENI

3886 392 3993 455 9.80

750 490 871 535 rant
909 482 1165 553 collegit;
1203 483 1583 555 adjunctiSque
1616 486 1815 540 Pisidis
1869 496 1921 540 et
1976 487 2315 557 Lycaonibus
2356 500 2387 546 .t
2423 508 2491 544 κα

2246 504 2315 543 ius
2356 500 2387 546 Α
2423 493 2516 544 καὶ
2549 495 2837 563 συμϐαλὼν
2880 497 3060 560 αὐτοῖς
3113 500 3171 551 ἐν
3203 500 3440 563 Κάνναις
3477 503 3603 567 περὶ
3657 500 3748 553 τὸν
3787 503 3987 575 Ἀμφι-

745 577 835 641 qui
876 575 1261 631 facderatorum
1295 579 1557 647 legionem
1607 578 1856 647 impient.
1898 578 2158 644 Francos,
2195 581 2317 649 qui-

748 668 847 721 bus
883 668 986 721 aiia
1020 669 1161 722 haud
1185 670 1377 737 exigua
1427 673 1625 724 auxilia
1654 672 1721 725 ab
1751 671 1901 727 Italis
1934 673 2077 725 circa
2109 671 2313 725 Padum

744 757 950 814 ﬂumen
987 770 1040 813 et
1083 761 1147 814 ad
1184 761 1399 830 Alpium
1458 763 1674 819 radices
1707 764 2083 817 habitantibus
2132 780 2317 819 acces-

750 859 958 913 srrattl,
988 856 1132 921 apud
1186 851 1362 906 Horas
1394 853 1483 921 (id
1544 855 1643 908 loci
1693 870 1889 908 nomen
1928 855 2051 924 est)
2092 858 2317 908 adoztus

749 958 941 1013 ntagua
978 960 1195 999 rursum
1238 961 1414 1016 pugna
1446 948 1625 1001 victus
1654 956 1755 1001 est.
1797 945 2093 1002 Michaelus
2146 948 2317 1015 impe-

748 1043 898 1086 rator
932 1036 1017 1089 his
1045 1037 1279 1106 cognitis
1316 1037 1601 1106 imperium
1636 1036 1889 1093 Doceano
1918 1039 2165 1107 abrogat,
2196 1039 2317 1091 mit-

749 1129 923 1196 titque
960 1144 1058 1197 pro
1092 1144 1156 1183 eo
1193 1130 1245 1183 in
1308 1130 1512 1183 Italiam
1556 1131 1911 1201 Bojoannem,
1942 1134 2031 1201 qui
2060 1144 2317 1188 strenuus

748 1229 802 1271 et
829 1220 970 1273 bello
998 1221 1250 1289 egregius
1283 1221 1584 1288 videbatur,
1616 1232 1667 1278 et
1707 1226 1773 1277 ab
1805 1239 1868 1277 eo
1904 1224 2180 1293 Bojuanne
2214 1224 2318 1278 du-

751 1311 907 1362 cebat
949 1325 1121 1378 genus
1159 1313 1315 1379 quia
1366 1312 1563 1367 Basilio
1618 1315 1946 1384 imperatore
2000 1316 2052 1369 in
2107 1316 2315 1368 Italiam

752 1404 953 1456 missus
987 1410 1153 1455 totam
1190 1404 1398 1456 Italiam
1436 1406 1499 1457 ad
1537 1404 1761 1457 Romam
1797 1422 1969 1474 usque
1995 1408 2045 1458 in
2081 1416 2316 1475 potesta-

752 1502 855 1546 tem
886 1493 1005 1560 ejus
1037 1494 1339 1561 redegerat.
1378 1493 1573 1547 Verum
1634 1496 1678 1548 is
1720 1511 1938 1564 quoque
1970 1511 2091 1549 cum
2128 1510 2191 1548 eo
2229 1511 2319 1547 ve—

749 1585 942 1643 nisset,
977 1595 1031 1638 et
1060 1601 1258 1638 novum
1295 1586 1593 1640 exercitum
1632 1604 1736 1640 non
1772 1587 2016 1650 habt-ret,
2060 1588 2153 1640 sed
2205 1588 2316 1657 jam

750 1683 877 1728 ante
900 1677 1071 1729 \‘ictos
1116 1686 1403 1745 cogeretur
1441 1677 1490 1729 in
1526 1677 1733 1730 hostem
1777 1675 1936 1747 547
1972 1677 2192 1741 ducere,
2226 1677 2317 1745 qui

754 1763 1027 1831 regionem
1058 1779 1173 1815 eam
1216 1764 1495 1815 obtinebat
1525 1779 1586 1818 ac
1614 1774 1671 1816 ut
1712 1766 1983 1834 propriam
2022 1767 2317 1827 tutabatur,

753 1854 930 1905 victus
962 1854 1102 1921 apud
1133 1853 1443 1921 Menepolin
1470 1855 1521 1907 in
1552 1864 1874 1924 potestatem
1897 1855 2132 1909 hostium
2166 1860 2318 1909 vivus

754 1946 1020 2011 pervenit,
1079 1946 1143 1997 iis
1199 1961 1338 2014 quos
1373 1946 1572 1999 ferrum
1631 1963 1736 1999 non
1779 1947 2178 2016 absumpserat,
2215 1946 2320 1999 alio

755 2036 890 2089 alias
925 2036 1212 2105 dissipatis
1250 2039 1301 2090 in
1340 2038 1559 2090 castella
1593 2054 1712 2105 qua:
1744 2037 2005 2093 Romanis
2030 2040 2206 2092 adlmc
2241 2038 2319 2092 fa-

752 2129 971 2182 vebant.
1010 2129 1211 2182 Exinde
1241 2129 1434 2182 Franci
1471 2130 1677 2183 Italiam
1714 2141 1771 2184 ut
1802 2132 1942 2185 bello
1973 2141 2179 2201 partam
2214 2133 2317 2186 sibi

753 2219 1117 2277 vindicavere,
1156 2219 1348 2271 incolis
1378 2236 1481 2287 qua
1512 2222 1654 2273 ultro
1693 2237 1750 2275 se
1776 2221 2096 2275 dedentibus
2133 2238 2239 2290 qua
2270 2223 2317 2274 vi

754 2312 1023 2364 subactis.
1074 2310 1319 2374 Quatuor
1374 2321 1582 2365 tantum
1639 2315 1799 2365 nrbes
1857 2312 1909 2365 in
1945 2313 2316 2367 Romanorum

757 2405 859 2456 lide
888 2410 1330 2471 permanSurnnt,
1357 2404 1748 2468 Brundusium,
1774 2406 1997 2469 liidrus,
2024 2406 2317 2462 Tarentum

752 2506 805 2548 et
833 2496 1007 2550 Baris.
1047 2496 1308 2548 Michaelo
1332 2495 1658 2562 imperatore
1696 2506 1910 2549 mortuo
1944 2508 1995 2549 et
2025 2498 2318 2567 Calapbata

753 2590 873 2657 ejus
911 2604 1231 2643 successore
1255 2591 1540 2642 exturbato
1566 2590 1765 2642 missus
1794 2590 1843 2641 in
1880 2588 2109 2654 Laliam,
2146 2600 2202 2643 ut
2241 2594 2319 2644 di—

752 2683 953 2743 ximus,
989 2683 1282 2745 Maniaces,
1316 2699 1625 2752 quanquam
1661 2699 1767 2735 non
1816 2698 1955 2735 esset
1991 2684 2123 2739 satis
2153 2685 2318 2753 justis

753 2778 926 2845 copiis
963 2777 1287 2838 instructus,
1320 2776 1533 2829 artibus
1571 2787 1747 2828 tamen
1780 2775 2152 2843 imperatoriis
2195 2787 2319 2831 tan-

755 2877 868 2918 tum
926 2866 1184 2923 coniecit.
1215 2876 1271 2919 ut
1309 2876 1361 2919 et
1419 2866 1655 2920 Francos
1710 2864 1859 2918 Italia
1910 2869 2129 2935 pelleret
2180 2870 2319 2937 apud

752 2959 1016 3025 Capuam,
1048 2957 1415 3012 Beneventum
1447 2974 1508 3011 ac
1544 2957 1824 3027 Neapolin,
1858 2967 1910 3011 et
1944 2975 2028 3012 res
2060 2961 2317 3013 mediocri

757 3054 808 3105 in
834 3054 1018 3119 quiete
1054 3066 1116 3105 ac
1166 3052 1460 3105 securitate
1502 3053 1882 3106 consritueret.
1936 3050 2185 3105 Habebat
2236 3052 2321 3105 hic

2355 1851 2464 1923 Br:

2420 586 2509 638 δον
2547 588 2808 656 ποταμὸν,
2864 589 2990 641 ἔνθα
3026 592 3118 644 καὶ
3178 592 3320 645 κατᾶ
3362 593 3488 654 τοὺς
3538 593 3703 646 πάλαι
3761 594 3983 663 χρόνους

2434 678 2679 740 ’Ᾱννίϐας
2709 681 2804 741 τὰς
2828 680 3025 744 πολλὰς
3052 682 3159 735 τῶν
3198 682 3525 751 Ῥωμαϊκῶν
3558 686 3987 753 στρατευμάτων

2422 768 2692 835 κατέκοψε
2748 771 3038 839 μυριάδας,
3071 773 3282 844 ἡττήθη
3314 774 3409 826 καὶ
3455 776 3515 827 τὸ
3560 775 3723 827 πλέον
3751 776 3990 829 ἀπέϐαλε

2420 861 2517 927 τῆς
2541 864 2822 931 στρατιᾶς,
2845 864 3135 933 αἰσχίστως
3176 867 3271 919 καὶ
3300 868 3462 929 αὐτὸς
3512 869 3570 918 ὲν
3606 867 3842 931 Κάνναις
3873 868 3989 921 δια-

2422 951 2632 1014 σωθείς.
2655 952 2809 1007 Οὕτω
2825 955 2879 1007 δὲ
2911 956 3137 1025 πληγεὶς
3154 958 3273 1009 οὐδὲ
3303 958 3440 1026 μετά
3460 958 3558 1028 τὴν
3589 959 3827 1028 πληγὴν,
3848 960 3990 1012 κατά

2418 1042 2509 1093 τὸν
2538 1044 2595 1095 ἐν
2623 1047 2941 1115 παροιμίαις
2969 1050 3123 1101 ἀλιέα
3153 1090 3167 1114 ,
3205 1050 3328 1102 νοῦν
3372 1051 3548 1118 ἔσχεν,
3584 1050 3693 1103 οὐδ’
3709 1050 3989 1120 ὀχυρώσας

2420 1136 2610 1189 ἑαυτὸν
2668 1140 2815 1209 πάσῃ
2870 1142 2934 1210 τῇ
2971 1144 3199 1212 στρατιᾷ
3256 1143 3558 1213 προσέϐαλε
3594 1146 3705 1207 τοῖς
3754 1144 3987 1215 ἐχθροῖς.

2421 1228 2533 1281 ἀλλ’
2568 1231 2670 1282 ὑπὸ
2697 1231 2952 1301 θράσους,
2978 1234 3053 1297 ὡς
3080 1234 3244 1298 ἔοικε,
3272 1237 3748 1305 στρατηγούμενος
3786 1238 3983 1299 αὐτούς

2419 1338 2474 1371 τε
2520 1326 2643 1383 τοὺς
2670 1324 3002 1393 ἡττηθέντας
3056 1326 3219 1381 πάλιν
3254 1327 3540 1381 ἀναλαϐὼν
3584 1328 3679 1381 καὶ
3732 1329 3988 1393 Πισσίδας

2422 1417 2516 1467 καὶ
2563 1416 2864 1478 Λυκάονας.
2919 1417 3075 1487 οἵπερ
3137 1420 3511 1490 ἀναπληροῦσι
3548 1422 3609 1473 τὸ
3662 1421 3847 1490 τάγμα
3885 1420 3991 1475 τῶν

2422 1506 2904 1577 φοιδεράτωνβι).
2943 1512 3067 1580 περὶ
3119 1513 3213 1572 τὰς
3255 1511 3553 1581 λεγομένας
3589 1514 3761 1579 Ὥρας
3821 1530 3989 1583 προσ-

2424 1602 2687 1669 ρήγνυται
2730 1604 2842 1663 τοῖς
2917 1604 3132 1672 ἐχθροῖς
3186 1605 3280 1657 καὶ
3327 1606 3586 1674 τρέπεται
3664 1600 3820 1666 αὖθις
3854 1607 3993 1657 κατὰ

2423 1694 2642 1759 κράτος,
2681 1695 3259 1763 προσεταιριςαμένων
3289 1698 3396 1747 τῶν
3429 1698 3696 1765 Φράγγων
3744 1699 3838 1749 καὶ
3867 1698 3993 1751 ἄλλα

2426 1781 2626 1849 πλῆθος
2657 1782 2742 1853 [Ρ.
2774 1784 2898 1854 756]
2941 1786 3040 1837 οὐκ
3090 1786 3270 1848 ὀλίγον
3322 1788 3429 1840 ἀπὸ
3470 1788 3580 1839 τῶν
3638 1789 3853 1840 Ἰταλῶν
3886 1790 3992 1841 τῶν

2468 1875 2551 1941 ερὶ
2581 1873 2669 1925 τὸν
2700 1875 2873 1927 Πάδον
2918 1876 3008 1928 τὸν
3042 1879 3288 1945 ποταμὸν
3321 1880 3415 1930 καὶ
3455 1879 3549 1941 τὰς
3584 1881 3864 1948 ὑπωρείας
3911 1884 3992 1932 oi-

2423 1963 2663 2015 κούντων
2682 1964 2791 2015 τῶν
2821 1967 3091 2018 Ἄλπεων.
3125 1967 3297 2019 Τοῦτο
3329 1969 3385 2019 δὲ
3422 1969 3726 2036 πυθόμενος
3772 1973 3798 2021 ὁ
3837 1970 3988 2039 βασι-

2424 2054 2547 2115 λεὺς
2595 2054 2835 2123 Μιχαὴλ,
2862 2054 3053 2108 τοῦτον
3110 2056 3209 2125 μὲν
3278 2060 3579 2125 μετέστησε
3631 2058 3735 2127 τῆς
3790 2059 3989 2126 ἀρχῆς.

2423 2146 2517 2197 ἐπε
2529 2145 2634 2214 μψε
2660 2145 2714 2197 δὲ
2734 2147 2821 2197 τὸν
2848 2145 3176 2215 Βοῖωάννην,
3208 2147 3467 2200 δοκοῦντα
3492 2150 3793 2217 πρακτικὸν
3826 2151 3992 2218 ἄνδρα

2423 2230 2563 2286 εἶναι
2616 2238 2709 2288 καὶ
2745 2238 2801 2288 ὲν
2854 2237 3113 2305 πολέμοις
3148 2237 3460 2305 εὐδόκιμον,
3519 2238 3614 2292 καὶ
3668 2241 3746 2301 εἰς
3788 2241 3991 2292 ἐκεῖνον

2423 2327 2763 2395 ἀναφέροντα
2788 2328 2886 2395 τὴν
2918 2329 3012 2380 τοῦ
3044 2328 3236 2394 γένους
3261 2329 3537 2396 ἀναφορὰν
3575 2330 3664 2381 τὸν
3698 2333 3788 2382 ἐπὶ
3834 2332 3991 2383 Βασι-

2423 2420 2564 2471 λείου
2593 2420 2688 2471 τοῦ
2722 2418 2984 2488 βασιλέως
3022 2422 3081 2473 ἐν
3127 2421 3327 2491 Ἰταλία
3384 2424 3701 2491 πεμφθέντα
3759 2424 3992 2477 Βοῐωάν-

2422 2527 2539 2578 νην,
2579 2510 2636 2571 ὃς
2676 2512 2855 2563 πᾶσαν
2882 2510 2980 2577 τὴν
3029 2509 3259 2562 Ἰταλίαν
3297 2511 3458 2578 μέχρι
3499 2510 3719 2579 Ῥώμης
3758 2511 3878 2561 τότε
3916 2512 3993 2576 τῷ

2426 2604 2633 2671 βασιλεί
2695 2604 3096 2671 παρεστήσατο.
3164 2601 3325 2655 Ἀλλὰ
3380 2603 3474 2655 καὶ
3536 2597 3689 2664 οὗτος
3746 2602 3993 2655 ἀπελθὼν

2424 2696 2562 2747 κατὰ
2608 2693 2790 2763 χώραν
2849 2694 2944 2745 καὶ
2977 2692 3142 2760 νεαλῆ
3192 2694 3286 2744 καὶ
3338 2693 3584 2759 ἀκμαίαν
3631 2692 3860 2759 δύναμιν
3913 2690 3986 2757 μὴ

2423 2785 2621 2845 λαϐὼν,
2654 2785 2771 2837 ἀλλ’
2805 2784 3172 2850 ἀναγκασθεὶς
3225 2784 3361 2851 μετὰ
3400 2783 3506 2835 τῶν
3560 2783 3988 2849 προηττημένων

2427 2875 2723 2945 συμϐαλεῖν
2765 2877 2876 2936 τοῖς
2921 2873 3138 2943 ἐχθροῖς
3193 2874 3336 2925 κατά
3383 2872 3482 2939 τὴν
3530 2871 3835 2925 Μονόπολιν
3889 2870 3989 2939 ήδη

2424 2967 2809 3037 κραταιωοεῖσι
2838 2966 2929 3017 καὶ
2962 2965 3059 3031 τῆς
3092 2963 3274 3033 χώρας
3300 2964 3375 3025 ὡς
3422 2963 3557 3024 ίδίας
3584 2962 3987 3030 ἀντεχομένοις.

2422 3059 2676 3127 ἡττηθεὶς
2711 3057 2871 3120 ἑάλω,
2908 3059 3003 3110 καὶ
3041 3060 3069 3110 ὁ
3128 3059 3224 3109 σὺν
3272 3054 3419 3121 αὐτῷ
3468 3057 3717 3125 στρατὸς,
3770 3055 3884 3105 ὅσοι
3919 3054 3994 3121 μὴ

755 3143 1028 3197 Mauiaees
1058 3143 1112 3195 in
1152 3141 1448 3210 provinciis
1504 3141 1878 3197 Orientalibus
1921 3146 2317 3212 possessiones,
2350 3178 2389 3231 ϐ
2426 3152 2496 3202 σιξ

2255 3159 2317 3207 ξεν
2350 3178 2389 3231 C
2426 3152 2645 3219 σιδήρου
2690 3149 2944 3216 γεγόνασι
2979 3148 3373 3221 παρανάλωμα,
3435 3146 3594 3207 ἄλλος
3627 3144 3859 3212 ἀλλαχοῦ
3920 3144 3996 3196 δι-

752 3248 805 3289 et
831 3236 1067 3289 vicinum
1104 3235 1406 3288 Ruinanum
1443 3234 1671 3294 Durum,
1713 3250 1835 3287 cum
1862 3251 1969 3304 quo
1998 3244 2318 3291 exercuerat

756 3326 1070 3380 inimicitias
1098 3345 1111 3385 ;
1149 3336 1200 3380 et
1228 3342 1350 3381 eum
1382 3327 1695 3396 aliquoties,
1723 3328 1824 3379 nisi
1856 3327 1981 3396 fuga
2015 3326 2117 3380 sibi
2140 3327 2317 3380 cavis-

757 3428 859 3483 set,
896 3417 1291 3472 interfecturus
1353 3417 1555 3473 fuerat.
1606 3415 1901 3486 Postquam
1931 3432 2057 3471 Vero
2092 3417 2319 3485 imperio

758 3510 1002 3564 ltomano
1038 3509 1241 3577 potitus
1276 3517 1360 3564 est
1403 3508 1818 3573 Monomachus,
1882 3507 2061 3562 Durus
2103 3523 2320 3577 quoque

757 3599 821 3651 ad
857 3613 1125 3652 summam
1158 3606 1380 3652 evectus
1417 3596 1689 3651 fortunam
1712 3597 1857 3668 (nam
1885 3598 2319 3667 abimperatore,

756 3690 847 3759 qui
876 3704 1062 3743 sorore
1094 3687 1214 3757 ejus
1268 3704 1366 3757 pro
1403 3688 1596 3758 pellice
1626 3690 1901 3749 utebatur,
1961 3691 2218 3757 magister
2268 3698 2323 3743 et

756 3788 1125 3848 protostrator
1165 3778 1347 3833 factus
1378 3780 1517 3848 erat)
1559 3780 1883 3846 injuriarum
1911 3778 2173 3834 Mattiacis
2210 3796 2321 3833 tne-

758 3888 897 3935 mor,
931 3872 1135 3925 abusus
1171 3887 1269 3924 sua
1300 3871 1539 3942 potentia
1571 3869 1733 3941 548
1766 3880 1817 3923 et
1845 3869 2106 3923 Maniacis
2131 3871 2327 3924 absen-

761 3966 852 4025 tia,
892 3963 1085 4016 ditioni
1116 3962 1237 4030 ejus
1287 3962 1457 4017 multa
1501 3961 1682 4015 intulit
1711 3961 1910 4015 damna
1937 3970 1988 4013 et
2027 3959 2322 4013 thalamum

759 4058 877 4123 ejus
908 4058 1133 4109 licenter
1169 4055 1381 4125 polluit.
1416 4055 1486 4108 De
1526 4054 1726 4123 quibus
1770 4052 2043 4106 Mauiaces
2083 4053 2136 4105 in
2174 4050 2323 4104 Italia

762 4146 941 4200 iactus
980 4146 1207 4210 certior,
1270 4162 1498 4216 magnas
1539 4145 1724 4198 animo
1776 4145 2055 4198 molestias
2108 4144 2324 4212 irasque

763 4240 1023 4308 agitabat.
1061 4238 1306 4307 Cumque
1345 4255 1510 4307 opera
1547 4236 1777 4291 Romani
1842 4237 2065 4306 insuper
2122 4235 2323 4290 factum

764 4342 905 4385 esset
942 4340 997 4384 ut
1028 4330 1381 4397 magisttatus
1436 4329 1539 4399 ipsi
1602 4329 1983 4398 abrogaretur.
2031 4328 2327 4397 deploratis

768 4440 988 4492 ωσι-8ης
1023 4425 1181 4477 rebus
1217 4423 1576 4492 (intelligebat
1605 4421 1750 4475 enim
1788 4422 2015 4475 reditum
2054 4423 2105 4473 in
2140 4423 2326 4473 urbem

2427 3241 2854 3309 ετκεδάσθησαν,
2887 3240 3244 3302 διασωθέντες
3268 3241 3323 3290 ὲν
3362 3241 3470 3299 τοῖς
3502 3237 3582 3288 ἔτι
3615 3236 3680 3288 τε
3708 3236 3997 3303 Ῥωμαίων

2430 3335 2685 3405 φρονοῦσι
2746 3333 3047 3403 φρουρίοις.
3110 3333 3219 3385 Καὶ
3273 3332 3457 3382 λοιπον
3519 3332 3566 3381 οἱ
3600 3330 3839 3398 Φράγγοι
3898 3327 3995 3394 τῆς

2444 3428 2670 3489 Ἰταλίας
2718 3428 2791 3488 ὡς
2843 3426 3173 3494 δορυκτήτου
3238 3420 3620 3474 ἀντεποιοῦντο
3691 3421 3990 3486 κτήματος,

2428 3517 2532 3568 τῶν
2557 3518 2833 3584 ἑγχωρῖων
2851 3509 2924 3567 ὧν
2958 3513 3053 3580 μὲν
3076 3512 3359 3574 ἑκουσίως,
3377 3505 3449 3563 ὧν
3470 3511 3524 3563 δὲ
3555 3509 3644 3579 βίᾳ
3668 3510 3761 3560 καὶ
3784 3508 3996 3576 ἀνάγκῃ

2431 3608 2890 3677 προσχωρούντων
2909 3608 3107 3669 αὐτοῖς,
3135 3605 3271 3672 πλὴν
3297 3602 3621 3673 Βρεντησίου
3644 3600 3736 3651 καὶ
3769 3598 3995 3668 Ἰδροῦν-

2429 3719 2516 3754 τος
2567 3702 2656 3751 καὶ
2696 3700 2974 3767 Τάραντός
3017 3715 3075 3749 τε
3127 3698 3221 3749 καὶ
3276 3696 3533 3763 Βάρεως·
3572 3686 3730 3744 αὗται
3781 3693 3889 3759 γὰρ
3940 3690 3996 3740 αι

2431 3792 2691 3859 τέσσαρες
2725 3793 2906 3851 πιζλεις
2941 3791 3280 3858 παρέμειναν
3344 3787 3528 3837 πίστιν
3567 3784 3856 3853 Ῥωμαίοις
3890 3800 3991 3850 φυ-

2432 3885 2740 3935 λάττουσαι.
2767 3882 2983 3951 Μιχαὴλ
3004 3882 3058 3933 δὲ
3091 3880 3181 3932 τοῦ
3215 3879 3478 3949 βασιλέως
3510 3878 3869 3934 ἀποθανόντος
3904 3874 3999 3925 καὶ

2432 3976 2523 4029 τοῦ
2560 3975 2675 4044 μετ’
2700 3974 2859 4026 αὐτὴν
2893 3974 3218 4038 ὲξωσθὲντος
3248 3972 3345 4040 τῆς
3398 3970 3691 4038 βασιλείας,
3726 3972 3752 4021 ὁ
3786 3968 3996 4020 Μανιά-

2434 4085 2556 4137 κης,
2588 4068 2663 4129 ὡς
2684 4064 2887 4120 ἄνωθεν
2918 4064 3139 4133 ἐρρέθη,
3160 4062 3433 4131 πεμφθεὶς
3459 4063 3537 4122 είς
3586 4059 3813 4112 Ἰταλίαν
3851 4056 4000 4125 παρὰ

2432 4159 2532 4226 τῆς
2560 4157 2733 4224 Ζωῆς,
2764 4158 2812 4208 εἱ
2851 4156 2945 4207 καὶ
2980 4154 3053 4223 μὴ
3078 4154 3303 4220 δύναμιν
3335 4149 3633 4222 ἀξιόχρεων
3658 4146 3817 4219 εἶχεν,
3852 4149 3998 4215 ὅμως

2440 4246 2576 4316 μετὰ
2612 4244 2711 4311 τῆς
2746 4243 3025 4311 παρούσης
3074 4243 3463 4311 στρατηγικαῖς
3497 4243 3762 4309 μηχαναῖς
3794 4238 4001 4305 χρηααο

2440 4354 2596 4406 μενος
2622 4335 2874 4401 ἐκδιῶξαι
2913 4334 3097 4403 ἴσχυσε
3130 4335 3255 4394 τοὺς
3287 4332 3573 4402 Φράγγους
3603 4332 3702 4399 τῆς
3768 4329 4000 4387 Ἰταλίας

2438 4428 2568 4496 περὶ
2629 4427 2861 4491 Καπύην
2913 4425 3009 4477 καὶ
3062 4423 3376 4476 Βενεϐενδὸν
3430 4424 3521 4475 καὶ
3562 4422 3855 4481 Νεάπολιν,
3910 4423 4003 4471 7.2".

767 4531 871 4566 mm
900 4515 1035 4568 bene
1060 4514 1162 4568 sibi
1193 4513 1522 4581 cessurum),
1552 4512 1838 4566 concitatis
1864 4522 2024 4580 atque
2052 4510 2327 4579 corruptis
2363 4536 2404 4589 ι)
2433 4537 2508 4590 μεε

2256 4510 2327 4565 lis
2363 4536 2404 4589 ι)
2433 4520 2655 4590 μετρίαν
2683 4520 3015 4570 κατάστασιν
3039 4516 3132 4567 καὶ
3154 4515 3394 4583 γαλήνην
3436 4516 3677 4581 παρέσχε
3710 4516 3821 4573 τοῖς
3852 4512 3993 4575 πρα-

768 4606 965 4659 ltalieis
994 4608 1188 4675 copiis,
1236 4621 1358 4659 cum
1397 4606 1509 4674 jam
1556 4605 1829 4658 desiderio
1881 4605 1931 4657 in
1974 4604 2201 4673 patriam
2246 4619 2334 4657 re-

767 4699 967 4751 deundi
1007 4698 1205 4751 milites
1229 4697 1505 4757 arderent,
1542 4709 1692 4748 arma
1718 4706 1907 4750 contra
1944 4696 2327 4764 imperatorem

768 4800 967 4843 movet.
997 4788 1220 4843 Missum
1249 4805 1379 4857 ergo
1410 4789 1512 4842 sibi
1546 4803 1921 4841 successorem
1949 4788 2180 4841 Pardqu
2207 4804 2332 4856 pro-

768 4880 1185 4948 lOSilaiilal‘iUIlt,
1218 4881 1491 4933 hominem
1544 4878 1884 4948 Byzantium,
1939 4894 2111 4947 neque
2166 4880 2328 4931 ullam

766 4973 837 5027 ob
870 4971 1263 5041 praestantiam,
1302 4970 1395 5024 sed
1425 4970 1550 5040 quia
1609 4979 1772 5023 notus
1829 4982 1947 5023 erat
1994 4970 2331 5038 imperatori,

770 5075 932 5118 tantae
959 5064 1251 5133 provincia:
1286 5065 1624 5131 praefectum,
1670 5062 1966 5115 interfecit.
2003 5060 2122 5129 Ipse
2150 5061 2331 5115 diade-

769 5158 915 5205 mate
953 5162 1004 5204 et
1033 5150 1257 5220 reliquis
1286 5152 1495 5219 imperii
1533 5152 1767 5219 stuuptis
1800 5152 2106 5220 insignibus
2154 5153 2331 5221 impe-

774 5247 923 5292 rator
957 5238 1252 5300 salutatur,
1290 5238 1644 5304 exercituque
1679 5238 1730 5289 in
1775 5253 1936 5290 naves
1985 5238 2241 5307 impasito
2279 5240 2330 5291 in

772 5329 1079 5397 liulgariam
1124 5329 1349 5398 trajicit.
1413 5327 1712 5396 Imperator
1773 5337 2062 5397 postquam
2118 5330 2183 5385 de
2231 5331 2333 5384 hoc

774 5419 1014 5483 rescivit,
1048 5434 1154 5473 non
1197 5420 1385 5473 leviter
1426 5420 1801 5491 perturbatus,
1839 5420 2047 5475 litteras
2094 5421 2159 5475 ad
2211 5436 2334 5477 eum

775 5512 964 5576 mittit,
990 5514 1044 5565 in
1070 5510 1273 5580 quibus
1302 5511 1404 5580 ipsi
1429 5520 1482 5566 et
1512 5526 1649 5579 quos
1675 5526 1854 5565 secum
1892 5512 2123 5566 habebat
2155 5515 2335 5582 impu-

2438 4626 2630 4677 γμασι.
2664 4600 2832 4670 Οὗτος
2864 4610 2890 4659 ὁ
2938 4606 3227 4675 Μανιάκης
3267 4606 3408 4657 κατά
3448 4608 3508 4656 τὸ
3542 4604 3684 4671 θέμα
3715 4602 3822 4653 τῶν
3848 4602 3999 4653 Ἀνα-

2437 4703 2665 4754 τολικῶν
2695 4703 2789 4763 τὰς
2815 4702 3054 4769 οἰκήσεις
3080 4700 3217 4769 ἔχων
3252 4701 3343 4751 καὶ
3382 4697 3645 4766 Ῥωμανῷ
3676 4696 3752 4763 τῷ
3778 4693 4001 4760 Σκληρῷ

2440 4791 2714 4858 γειτονῶν,
2775 4791 3163 4858 διαφερόμενος
3221 4789 3357 4857 πρὸς
3400 4787 3562 4839 αὑτὸν
3608 4785 3865 4845 πολλάκις
3909 4786 4005 4834 ἐπ-

2438 4881 2718 4950 εχείρησεν
2747 4880 2952 4931 ἀνελεῖν
2976 4879 3177 4941 τοῦτον,
3204 4878 3253 4930 εἰ
3278 4878 3347 4945 μὴ
3370 4881 3511 4944 φυγῇ
3544 4878 3639 4943 τὴν
3662 4876 3852 4928 ἑαυτοῦ
3877 4878 4004 4926 επο-

2443 4972 2630 5035 ρίσατο
2658 4973 2950 5038 σωτηρίαν.
3001 4967 3153 5017 Ἐπεὶ
3180 4966 3235 5017 δὲ
3286 4968 3352 5017 τα
3397 4962 3685 5030 Ῥωμαίων
3753 4962 4002 5029 σκῆπτρα

2440 5063 2495 5122 ἐς
2536 5063 2938 5113 Κωνσταντῐνον
2964 5054 3094 5127 ἦλθε
3116 5058 3204 5109 τὸν
3241 5056 3564 5123 Μονομάχον
3595 5054 3687 5106 καὶ
3713 5055 3739 5104 ὁ
3768 5053 4005 5121 Σκληρὸς

2437 5148 2529 5200 ἐπὶ
2559 5150 2699 5216 μέγα
2727 5148 2895 5216 τύχης
2945 5143 3079 5215 ἦρτο
3117 5143 3540 5215 (ἐπαλλακεύετο
3568 5144 3675 5211 γὰρ
3726 5142 3801 5209 τῷ
3831 5142 4004 5193 Μονο-

2442 5242 2597 5310 μάχῳ
2627 5242 2657 5308 ἡ
2692 5241 2784 5291 τοῦ
2838 5238 3080 5307 Σκληροῦ
3129 5237 3350 5305 ἀδελφὴ)
3408 5235 3703 5303 μάγιστρος
3756 5232 4004 5299 τιμηθεὶς

2443 5329 2536 5380 καὶ
2568 5328 3032 5397 πρωτοστράτωρ,
3061 5324 3169 5377 τῶν
3207 5328 3287 5387 είς
3336 5323 3499 5376 αὑτὸν
3537 5321 3880 5391 μεμνημένος
3913 5318 4005 5369 τοῦ

2445 5418 2716 5486 Γεωργίον
2747 5416 3125 5485 καταδρομῶν,
3183 5412 3605 5484 καταχρώμενος
3664 5416 3728 5480 τῇ
3793 5411 4008 5478 ἐξουσία

2448 5512 2538 5563 καὶ
2566 5510 2664 5579 τὴν
2715 5508 2981 5560 ἀπουσίαν
3013 5508 3364 5576 κατατρέχων
3405 5505 3499 5557 τοῦ
3542 5506 3819 5570 Μανιάκη,
3855 5504 3921 5555 τά
3949 5518 4005 5551 τε

1898 5623 2244 5678 XYLANDRI
2299 5623 2385 5678 ET
2414 5621 2623 5679 (iOARI
2669 5619 2897 5675 ΝΟΤᾹΞ.

848 5712 957 5782 (Ἡ)
1005 5714 1166 5769 Error
1218 5718 1510 5779 tollendus,
1549 5734 1657 5786 quo
1702 5717 1946 5770 furbcrati
1997 5727 2049 5769 ct
2093 5716 2336 5771 fcedcrati

778 5788 936 5837 tidem
970 5799 1280 5841 censentur.
1313 5787 1371 5841 Ili
1406 5804 1469 5842 ex
1496 5789 1640 5840 omni
1670 5798 1849 5840 extera
1895 5792 2132 5846 natione,
2172 5787 2242 5840 il‘i
2272 5804 2331 5838 et

2450 5718 2679 5770 subditis
2721 5713 2914 5767 Pisidis
2938 5724 2987 5767 et
3025 5711 3377 5782 Lycaonibus,
3410 5720 3468 5764 ut
3499 5709 3584 5763 hic
3626 5718 3816 5762 auctor
3846 5724 4007 5762 enar-

2451 5802 2547 5839 rat.
2590 5788 2753 5839 tione.
