4410 6442
743 407 852 470 ‘283

2039 403 2364 464 GEORGII
2407 401 2744 462 (IEDRENI

3896 390 3996 454 934

743 515 1188 571 Aununtiatiutiis
1243 515 1380 570 festo
1433 514 1729 570 Michaelus
1793 515 2142 577 Cerulat‘itts,
2220 513 2310 580 qui
2342 517 2383 572 Α
2417 530 2484 582 χη

2259 513 2310 566 ui
2342 517 2383 572 Α
2417 530 2538 582 χης,
2585 512 2678 564 καὶ
2716 509 2973 576 ἀνάγεται
3017 509 3094 570 εἰς
3136 506 3227 558 τὶν
3271 505 3433 558 αὑτοὺ
3477 507 3662 575 θρόνον
3703 504 3918 573 Μιχαὴλ
3963 507 3991 556 6

745 613 954 663 vixerat
986 609 1289 662 monachus
1329 621 1393 661 ex
1425 624 1533 677 quo
1568 625 1690 663 cum
1726 609 2204 677 orphauotrophus
2244 607 2313 660 ob

745 711 960 772 paratas
1002 701 1228 754 insidias
1283 700 1638 770 relegaverat.
1683 699 1964 767 Iudicatur
2007 702 2169 754 etiam
2216 699 2314 750 im-

743 790 981 857 peratori
1022 791 1314 843 thesaurus
1344 791 1462 841 auri
1499 790 1820 843 reconditus
1860 789 1912 842 in
1948 788 2120 842 ΔιοχῙί
2162 803 2314 839 man-

740 881 914 943 sione,
947 894 1106 948 quem
1140 881 1326 933 missis
1358 881 1576 934 famulis
1629 883 1855 949 recepit,
1896 880 1961 934 ad
2003 879 2312 933 centenaria

739 971 925 1039 viginti
957 972 1216 1040 quinque.
1242 969 1440 1025 Eadem
1469 973 1783 1030 indictione.
1824 973 2082 1042 postridie
2118 970 2315 1024 Kalen-

739 1062 837 1116 das
860 1063 1050 1127 Maias,
1081 1064 1221 1116 oculi
1258 1064 1592 1116 effodiuntur
1626 1066 2073 1134 orphanotroplio
2110 1073 2160 1120 in
2195 1069 2314 1120 loco

739 1155 825 1208 cui
850 1169 1045 1208 nomen
1071 1153 1382 1224 .‘ilarycatis.
1409 1157 1508 1208 Alii
1534 1157 1585 1209 id
1608 1159 1780 1209 inscio
1808 1159 2137 1225 imperatore
2163 1162 2313 1212 aiunt

738 1242 910 1296 fuisse
971 1242 1170 1296 factum
1220 1245 1375 1312 jussu
1409 1244 1710 1300 Theodoro:
1754 1265 1767 1299 ε
1829 1250 2071 1318 plerique
2123 1264 2312 1302 omnes

738 1333 914 1401 ipsius
948 1336 1202 1388 monachi
1229 1335 1510 1400 mandato,
1543 1339 1590 1390 ei
1633 1337 1702 1390 ob
1733 1341 2118 1405 relegationem
2153 1341 2308 1394 irato.

738 1421 986 1476 Mortuus
1041 1431 1123 1477 est
1170 1422 1383 1475 decima
1432 1424 1594 1477 tertia
1651 1424 1738 1478 die
1790 1425 2033 1492 ejusdem
2085 1428 2310 1480 mensis.

736 1511 882 1565 Juiie
909 1529 1093 1566 mense
1130 1510 1442 1582 Stephanus
1477 1511 1916 1582 Sebastophorus
1947 1514 2162 1570 delatus
2207 1524 2311 1581 est,

739 1606 882 1672 quod
919 1604 1209 1658 insidiatus
1235 1611 1381 1658 esset
1417 1603 1730 1671 imperatori
1771 1603 2119 1674 volueritque
2147 1605 2315 1674 impe-

739 1698 879 1748 rium
907 1697 958 1748 in
999 1694 1232 1750 Leonem
1272 1695 1560 1764 patricium
1598 1695 1898 1750 transferre
1945 1705 2000 1751 et
2051 1696 2313 1752 Melitente

740 1786 1054 1853 pra-lectum
1106 1789 1441 1840 constituere
1499 1786 1667 1839 tilium
1703 1785 1939 1855 Lampri.
1974 1790 2050 1840 Ac
2081 1787 2312 1855 Stepha-

738 1892 841 1930 nus
873 1877 1094 1944 quidem
1155 1879 1354 1946 opibus
1391 1878 1508 1932 suis
1554 1877 1819 1931 multatus
1869 1887 1920 1930 et
1951 1877 2307 1931 monasticam

737 1968 918 2020 virere
962 1967 1155 2035 jussus
1185 1980 1235 2021 et
1267 1970 1535 2036 relegatus
1567 1979 1669 2022 est.
1695 1967 1982 2036 Lamprus,
2019 1966 2310 2021 crudeliter

738 2065 914 2111 tortus
943 2067 996 2110 et
1021 2073 1115 2126 per
1148 2057 1322 2112 forum
1356 2057 1577 2112 ludibrii
1610 2073 1775 2112 causa
1813 2060 1866 2112 in
1890 2073 2086 2128 pompa
2109 2057 2310 2111 ductus

737 2161 899 2218 atque
929 2150 1102 2204 oculis
1131 2151 1383 2213 orbatus,
1423 2150 1586 2220 paulo
1615 2158 1736 2220 post
1769 2154 1876 2205 vita
1908 2150 2163 2206 excessit.

805 2417 961 2488 551
993 2415 1106 2471 Hac
1138 2418 1252 2484 ipsa
1289 2419 1610 2487 indictione,
1642 2435 1831 2475 mense
1859 2419 2044 2486 Junio,
2084 2419 2306 2474 Πυκδίοη

735 2527 866 2580 gens
904 2521 1093 2565 contra
1133 2509 1747 2582 Romanumimperium
1773 2513 2090 2566 insurrexit.
2120 2513 2310 2566 Μαι-ιι.-

735 2618 838 2655 nus
867 2615 1052 2671 pacein
1077 2602 1480 2671 amicitiamque
1501 2618 1623 2657 cum
1647 2602 1906 2658 Romanis
1930 2603 2084 2658 Rossi
2121 2605 2310 2658 colue-

737 2701 881 2751 rant.
910 2693 1191 2762 liberaque
1213 2693 1446 2749 invicem
1479 2694 1693 2748 fuerant
1715 2697 2061 2754 commercia.
2087 2705 2139 2750 et
2169 2712 2310 2750 mer-

734 2791 948 2838 catores
996 2784 1140 2837 ultro
1190 2784 1439 2853 citroque
1469 2792 1860 2837 commearant.
1891 2782 2046 2837 Tunc
2075 2800 2202 2836 vero
2255 2786 2308 2838 in

737 2875 870 2928 urbe
890 2885 1008 2928 orta
1031 2876 1148 2928 rixa
1179 2890 1304 2931 cum
1338 2876 1662 2945 quibusdam
1712 2875 1928 2948 Scythis
1955 2878 2310 2947 negotiatori-

738 2971 860 3031 bus,
888 2985 976 3023 res
1006 2970 1071 3022 ad
1098 2984 1294 3024 manus
1329 2970 1500 3033 venit,
1526 2977 1579 3023 et
1602 2978 1684 3024 est
1713 2971 1933 3039 quidam
1970 2969 2037 3024 de
2075 2971 2309 3024 nobilio-

737 3058 890 3111 ribus
911 3057 1124 3129 Scythis
1145 3057 1485 3113 interfectus.
1509 3057 1744 3112 Proinde
1761 3058 1880 3126 ejus
1899 3061 2074 3129 gentis
2092 3060 2312 3129 regulus

736 3149 1097 3215 Bladimerus,
1124 3151 1288 3204 homo
1319 3151 1616 3206 iracundus
1647 3161 1807 3220 atque
1835 3151 2308 3222 animojinquieto,

737 3257 924 3295 casum
979 3242 1128 3295 hunc
1183 3242 1288 3298 sibi
1340 3244 1725 3297 annuntiatum
1772 3244 2055 3313 aegerrime
2105 3243 2306 3308 ferens,

737 3335 887 3389 nulla
906 3335 1222 3402 interposita
1246 3350 1412 3398 mora,
1436 3335 1504 3390 ad
1517 3351 1668 3389 arma
1685 3336 1890 3389 vocatis
1907 3335 2136 3390 subditis
2154 3347 2314 3406 quot-

735 3435 866 3494 quot
889 3424 1032 3478 bello
1055 3425 1261 3479 habiles
1284 3437 1462 3491 erant,
1492 3427 1774 3495 copiisque
1803 3427 2155 3481 auxiliaribus
2174 3427 2315 3481 asci-

737 3520 808 3574 tis
835 3518 975 3572 haud
998 3519 1208 3586 exiguis
1239 3534 1268 3572 a
1299 3519 1610 3574 nationibus
1631 3535 1754 3588 quae
1777 3518 1974 3573 Oceani
1999 3519 2207 3574 insulas
2230 3535 2317 3574 se-

740 3611 1129 3678 ptentrionales
1161 3611 1554 3676 inhabitabant,
1587 3611 1811 3665 collecta
1828 3611 1892 3663 ad
1919 3612 2220 3677 hominum,
2255 3621 2314 3666 ut

738 3700 938 3765 ferunt,
979 3701 1182 3756 100000
1205 3704 1570 3768 multitudine,
1603 3718 1722 3758 eam
1751 3704 1967 3758 usitatis
1991 3705 2132 3772 apud
2166 3705 2314 3772 ipsos

740 3792 963 3862 navigiis
1014 3793 1226 3864 (lintres
1265 3809 1365 3848 uos
1388 3809 1665 3861 vocamus,
1700 3795 1857 3848 unica
1891 3796 2086 3849 arbore
2125 3805 2316 3850 carata

741 3884 938 3953 factos)
963 3885 1214 3954 imponit,
1252 3896 1306 3941 et
1335 3885 1599 3942 adversus
1630 3888 1820 3941 urbem
1857 3887 2047 3942 tendit.
2081 3887 2317 3958 Impera-

741 3989 848 4040 tor,
872 3977 990 4047 ejus
1026 3985 1227 4033 conatu
1257 3979 1550 4046 intellecto,
1597 3981 1785 4050 legatis
1809 3981 1990 4037 missis
2012 3984 2144 4052 petit
2173 3994 2230 4038 ut
2252 3985 2318 4039 ab

738 4071 906 4125 armis
927 4071 1187 4136 discedat,
1209 4073 1483 4140 pollicitus
1505 4089 1564 4128 se
1581 4074 1841 4144 quidquid
1871 4087 2152 4143 peccatum
2175 4085 2319 4131 esset

737 4171 1240 4230 compensaturum,
1276 4164 1436 4218 modo
1462 4180 1529 4219 ne
1551 4166 1667 4234 ipse
1704 4166 1805 4219 levi
1827 4164 1894 4220 de
1916 4181 2080 4221 causa
2114 4168 2316 4233 totjam

742 4268 836 4321 per
864 4267 1038 4308 annos
1061 4255 1312 4309 coalitam
1340 4271 1525 4325 pacem
1548 4267 1822 4325 rumperet
1852 4267 2148 4328 gentesque
2180 4261 2319 4315 bello

741 4346 1124 4398 committeret.
1161 4347 1294 4399 Cum
1334 4355 1514 4401 autem
1567 4347 1833 4401 barbarus
1868 4349 2065 4403 litteris
2084 4353 2319 4421 acceptis

744 4434 947 4503 legatos
966 4434 1324 4503 ignominiose
1356 4436 1726 4504 proturbaret,
1753 4440 2034 4508 responsis
2063 4442 2317 4509 superbis

740 4523 904 4586 datis,
925 4526 1238 4593 imperator,
1262 4525 1544 4594 desperata
1576 4541 1726 4596 pace,
1755 4529 1869 4597 ipse
1892 4545 2108 4598 quoque
2138 4546 2196 4585 se
2222 4546 2319 4600 pro

750 4614 957 4669 viribus
989 4616 1131 4670 bello
1154 4625 1329 4684 parat.
1354 4616 1643 4688 Scythicos
1693 4621 2065 4688 negotiatores
2100 4622 2153 4675 in
2186 4625 2321 4678 urbe

743 4702 902 4772 552
965 4705 1250 4774 degentes,
1300 4723 1401 4763 nec
1459 4725 1567 4763 non
1631 4711 1724 4779 qui
1783 4714 1999 4766 utsucii
2067 4715 2316 4778 aderant,

745 4811 841 4863 per
890 4797 1204 4864 provincias
1246 4799 1301 4852 in
1343 4799 1650 4854 custodiam
1712 4803 1926 4867 dividit,
1965 4820 2031 4858 ne
2082 4821 2202 4875 quae
2253 4809 2320 4862 ab

741 4885 875 4954 ipsis
910 4885 1058 4940 domi
1095 4897 1282 4942 essent
1320 4891 1625 4944 metuendae
1669 4891 1900 4948 insidi:e.
1959 4893 2096 4948 Tum
2156 4896 2320 4950 ador-

743 4978 908 5041 natis,
956 4989 1221 5046 quantum
1254 4980 1378 5049 ejus
1412 4997 1656 5051 praeceps
1689 4986 1912 5040 occasio
1961 4987 2035 5040 rei
2087 4987 2316 5055 ferebat,

745 5073 1117 5142 imperatoriis
1168 5076 1486 5132 triremibus
1527 5079 1762 5148 aliisque
1803 5080 2014 5136 levibus
2062 5084 2318 5155 navigiis,

743 5172 799 5219 et
854 5166 1126 5236 impositis
1189 5170 1243 5222 in
1295 5184 1388 5224 cas
1423 5172 1514 5239 qui
1550 5186 1580 5225 e
1611 5172 1878 5226 militibus
1900 5188 1961 5226 ea
1998 5182 2321 5243 tempestate

744 5255 990 5327 Byzantii
1045 5261 1331 5328 agentibus
1383 5262 1485 5331 legi
1519 5272 1774 5331 poterant
1818 5264 2145 5329 classiariis,
2204 5267 2320 5336 ipse

744 5363 964 5418 quoque
987 5364 1284 5405 conscensa
1317 5353 1500 5407 celoce
1544 5370 1640 5408 sua
1685 5353 1939 5410 Barbaris
1985 5361 2230 5412 occurrit
2259 5361 2314 5414 in

748 5437 1000 5494 faucibus
1034 5445 1198 5496 maris
1244 5444 1309 5497 ad
1355 5443 1594 5499 Pharum
1633 5448 1928 5501 stationem
1973 5449 2316 5513 habentibus,

745 5531 900 5600 juxta
953 5550 1048 5603 per
1107 5537 1475 5594 continentem
1532 5541 1830 5595 comitante
1883 5543 2126 5611 equitatu
2175 5544 2316 5598 haud

752 5621 970 5688 exiguo.
1014 5622 1284 5680 lnstructa
1322 5629 1580 5698 utrinque
1613 5629 1678 5682 ad
1716 5648 1946 5701 pugnant
1986 5633 2162 5686 classe
2187 5649 2320 5688 ncu-

757 5723 838 5766 tra
875 5729 999 5782 pars
1046 5719 1288 5784 przelium
1347 5722 1660 5790 incipiebat,
1702 5722 1918 5794 Scythis
1953 5725 2095 5777 intra
2153 5740 2320 5779 occu-

759 5816 943 5870 Wlum
972 5819 1182 5876 portum
1218 5829 1274 5869 sc
1327 5814 1754 5881 continentibus,
1821 5824 1874 5871 et
1927 5815 2190 5872 Romanis
2224 5832 2318 5872 co-

2429 602 2826 672 Κηρουλάριος.
2863 601 3003 652 κατά
3033 596 3132 668 τὴν
3167 598 3382 667 ἡμέραν
3418 597 3512 650 τοῦ
3556 595 3989 662 Εὑαγγελισμοῦ,

2419 693 2651 761 μοναχός
2676 690 2753 743 ῶν
2786 691 2843 754 ἐξ
2870 684 3039 760 οὗπερ
3071 689 3099 740 ὁ
3153 690 3557 759 όρςρανοτρόφος
3589 687 3748 740 αὑτὸν
3778 686 3864 739 διὰ
3893 685 3990 754 τὴν

2418 783 2708 851 ἐπιϐουλὴν
2738 783 2987 848 ἐξώρισε.
3031 781 3505 850 Προσαγγέλλεται
3555 781 3610 833 δὲ
3665 779 3741 848 τῷ
3780 778 3993 848 βασιλεί

2418 873 2506 924 καὶ
2538 872 2759 942 χρυσίον
2795 871 3407 940 ἀποτεθησαυρισμένον
3438 873 3494 923 ἐν
3521 874 3585 940 τῇ
3617 869 3708 924 τ;ὖ
3749 869 3987 933 Ἀλεξίου

2421 966 2575 1033 μονῇ,
2612 964 2704 1016 καὶ
2737 963 2960 1032 πέμψας
2993 962 3435 1031 ἀναλαμϐἀνεται
3479 963 3657 1023 τοῦτο,
3690 963 3766 1024 είς
3796 977 3990 1023 κεντη-

2417 1057 2578 1124 νάρια
2608 1055 2939 1124 ποσούμενον
2977 1053 3075 1109 κε’.
3103 1057 3282 1108 Μαΐου
3307 1055 3362 1107 δὲ
3381 1054 3660 1123 δευτέρας,
3691 1054 3791 1122 τῆς
3821 1053 3991 1120 αὑτῆς

2419 1145 2768 1208 ίνδικτιῶνος,
2801 1144 3161 1212 ἐκτυφλοῦται
3188 1143 3282 1196 καὶ
3315 1145 3342 1196 ὁ
3380 1142 3790 1213 ὸρφανοτρόφος
3831 1143 3889 1194 ἐν
3914 1141 3989 1207 τῷ

2415 1237 2692 1306 λεγομένῳ
2731 1237 2916 1307 χωρίῳ
2975 1237 3085 1289 τῶν
3145 1236 3507 1305 Μαρυκὰτου,
3555 1235 3631 1297 ὡς
3702 1236 3799 1302 μέν
3845 1236 3991 1295 τινές

2416 1348 2596 1399 φασιν,
2625 1330 2729 1382 ὑπὸ
2755 1329 3056 1396 Θεοδώρας,
3094 1329 3317 1390 ἄκοντος
3341 1327 3435 1381 τοῦ
3465 1326 3749 1396 βασιλέως,
3774 1327 3848 1387 ὡς
3871 1325 3926 1378 δὲ
3962 1327 3989 1376 6

2414 1421 2522 1474 τῶν
2549 1421 2758 1474 πολλῶν
2782 1424 2978 1491 κρατεῖ
3004 1421 3181 1488 λόγος,
3224 1421 3355 1489 παρ’
3387 1419 3551 1473 αὑτοῦ
3585 1417 3774 1470 τούτου
3823 1419 3985 1483 ἐγκο-

2415 1510 2614 1573 τῶντος
2639 1510 2789 1579 αὑτῴ
2820 1511 2907 1563 διὰ
2933 1510 3032 1570 τὰς
3059 1509 3379 1578 ὑπερορίας,
3416 1510 3510 1560 καὶ
3557 1509 3622 1575 τῇ
3651 1513 3719 1572 ιγ’
3759 1506 3852 1558 τοὺ
3889 1505 3988 1557 αὑ-

2415 1602 2507 1655 τοῦ
2547 1604 2712 1672 μηνὸς
2735 1604 3090 1670 ἀπυθνήσκει.
3137 1599 3341 1668 Ἰουλίῳ
3389 1599 3444 1652 δὲ
3479 1601 3611 1667 μηνὶ
3664 1599 3762 1665 τῆς
3816 1597 3987 1664 αὑτῆς

2419 1694 2746 1756 ίνδικτιῶνος
2777 1693 3126 1762 κατηγορήθη
3189 1693 3282 1745 καὶ
3325 1691 3594 1757 Στέφανος
3649 1692 3676 1742 6
3725 1688 3992 1740 Σεϐαστο-

2417 1786 2580 1856 φόρος
2607 1786 2681 1848 ὼς
2707 1784 3074 1837 ἐπιϐουλεύων
3103 1783 3180 1854 τῷ
3215 1782 3427 1852 βασιλεῖ
3458 1782 3553 1833 καὶ
3592 1779 3812 1849 βασιλέα
3859 1778 3981 1846 βου-

2347 1858 2388 1916 B
2417 1876 2642 1942 λόμενος
2678 1875 2901 1943 ποιῆσαι
2955 1873 3159 1925 Λέοντα
3219 1873 3504 1942 πατρίκιον
3538 1869 3632 1922 καὶ
3681 1868 3988 1938 στρατηγὸν

2417 1965 2748 2032 Μελιτηνῆς,
2775 1964 2865 2016 τὸν
2900 1964 3011 2018 υίδν
3038 1963 3131 2016 τοῦ
3164 1960 3432 2032 Λαμπροῦ
3463 1979 3475 1992 ·
3517 1962 3612 2013 καὶ
3642 1961 3670 2011 6
3729 1959 3828 2028 μὲν
3863 1958 3990 2010 Στέ-

2420 2074 2583 2125 φανος
2611 2056 2719 2107 τῶν
2754 2056 3110 2124 ὑπαρχόντων
3137 2052 3448 2122 γυμνωθεὶς
3478 2052 3573 2104 καὶ
3596 2049 3823 2120 μοναχὸς
3856 2049 3992 2100 ἀπο-

2419 2152 2605 2221 καρεὶς
2648 2150 2914 2219 ἐξωρίσθη
2937 2160 2955 2180 ’
2989 2149 3016 2200 6
3050 2147 3106 2200 δὲ
3151 2147 3438 2217 Λαμπρδς,
3476 2146 3698 2215 ἀπηνῶς
3742 2142 3988 2205 ἐτασθεὶς

2418 2245 2510 2296 καὶ
2532 2244 2632 2306 τὶς
2665 2243 2815 2312 ὄψεις
2859 2241 3140 2310 πηρωθεὶς
3170 2243 3266 2294 καὶ
3319 2239 3408 2293 διὰ
3445 2240 3546 2310 τῆς
3591 2238 3797 2308 ἀγορᾶς
3841 2252 3984 2303 πομ-

2419 2334 2666 2399 πευθεὶς,
2695 2334 2831 2402 μετά
2867 2334 3062 2403 μικρὸν
3099 2332 3392 2388 ἀπέθανεν.

2505 2427 2754 2494 Ἐγένετο
2784 2426 2838 2477 δὲ
2872 2426 2964 2478 καὶ
2995 2424 3133 2476 κατὰ
3155 2425 3246 2476 τὸν
3272 2423 3490 2476 Ἰούνιον
3527 2421 3671 2490 μῆνα
3693 2419 3792 2488 τῆς
3821 2418 3990 2482 αὑτῆς

2419 2521 2795 2588 ἐπινεμήσεως
2847 2516 2940 2568 καὶ
2994 2518 3025 2584 ἡ
3081 2514 3173 2567 τοῦ
3218 2513 3404 2575 ἔθνους
3452 2513 3560 2564 τῶν
3601 2510 3735 2574 Ῥὼς
3776 2510 3987 2578 κίνησις

2419 2611 2560 2665 κατὰ
2592 2612 2688 2678 τῆς
2725 2609 3013 2677 βασιλίδος.
3040 2604 3198 2662 Οὗτοι
3237 2608 3342 2677 γὰρ
3374 2604 3862 2676 κοινοπραγοῦντες
3894 2603 3988 2671 μέ-

2419 2721 2512 2775 χρι
2551 2701 2704 2756 τοῦδε
2743 2701 3033 2768 Ῥωμαίοις
3094 2699 3188 2752 καὶ
3233 2699 3605 2768 εἰρηνεύοντες
3641 2696 3755 2764 μετ’
3784 2693 3986 2758 αὑτῶν,

2418 2795 2586 2856 ἀδεῶς
2643 2812 2703 2846 τε
2763 2794 3011 2862 ἀλλήλοις
3048 2792 3413 2860 ἐπεμίγνυντο
3462 2789 3557 2840 καὶ
3607 2789 3884 2856 ἐμπόρους
3929 2788 3987 2847 ἐς

2420 2888 2682 2958 ἀλλήλους
2703 2886 2797 2937 ἕπε
2811 2903 2970 2954 μπον.
2995 2886 3149 2938 Κατὰ
3168 2884 3224 2936 δὲ
3240 2883 3430 2936 τοῦτον
3443 2882 3534 2934 τὸν
3557 2881 3743 2950 χρόνον
3763 2879 3988 2944 φιλονει-

2420 2979 2544 3042 κίας
2587 2977 2888 3046 γενομένης
2925 2980 2981 3028 ἐν
3032 2975 3308 3044 Βυζαντίῳ
3345 2974 3482 3043 μετά
3528 2990 3690 3024 τινων
3729 2970 3985 3039 ἐμπόρων

2421 3070 2664 3135 Σκυθῶν,
2699 3087 2763 3122 συ
2774 3067 3083 3137 μπληγάδός
3109 3083 3167 3118 τε
3204 3066 3263 3130 ἐξ
3285 3064 3448 3118 αὑτοῦ
3477 3062 3988 3128 ἐπακολουθησάσης

2420 3162 2514 3215 καί
2567 3177 2712 3224 τινος
2763 3160 2968 3213 Σκύθου
3020 3159 3369 3226 φονευθέντος
3426 3154 3744 3224 ἐπιφανοῦς,
3805 3156 3833 3206 6
3868 3152 3989 3203 τότε

2419 3256 2708 3323 κατάρχων
2741 3251 2834 3304 τοῦ
2867 3250 3055 3318 γένους
3081 3250 3287 3302 τούτων
3315 3247 3654 3316 Βλαδιμηρὶς
3679 3289 3689 3306 ,
3737 3245 3836 3312 ἀνῆ
3847 3260 3874 3312 ρ
3900 3245 3991 3312 ὀρ-

2426 3345 2626 3415 μητίας
2671 3343 2764 3396 καὶ
2789 3345 2856 3394 τα
2888 3342 3057 3394 πολλὰ
3103 3342 3177 3409 τῷ
3210 3339 3368 3408 θυμῷ
3399 3339 3756 3409 χαριζόμενος
3776 3377 3788 3399 ,
3819 3334 3989 3386 πυθό-

2425 3453 2584 3506 μενος
2639 3436 2698 3487 τὸ
2750 3435 2962 3503 συμϐὰν
3016 3437 3110 3486 καὶ
3166 3433 3561 3501 δεινοπαθήσας
3611 3430 3703 3482 καὶ
3744 3431 3816 3498 μὴ
3867 3427 3988 3488 δοὺς

2423 3526 2691 3596 ἀναϐολὴν
2744 3526 2776 3596 ἢ
2839 3527 3031 3596 καιρὸν
3079 3525 3156 3594 τῷ
3217 3526 3495 3592 κινήματι,
3546 3523 3653 3575 τῶν
3689 3521 3778 3572 ὑπ’
3830 3519 3989 3571 αὑτὸν

2428 3620 2652 3689 ἀγείρας
2703 3619 2826 3671 ὅσον
2860 3619 3118 3688 μάχιμον,
3171 3616 3729 3687 προσεταιρισάμενος
3787 3613 3842 3664 δὲ
3900 3611 3991 3661 καὶ

2426 3711 2772 3781 συμμαχικὸν
2826 3711 2925 3762 οὑκ
2959 3709 3139 3775 ὀλίγον
3194 3709 3301 3760 ἀπὸ
3364 3708 3470 3759 τῶν
3503 3705 3900 3758 κατοικούντων
3937 3704 3992 3753 ἐν

2424 3807 2544 3864 ταῖς
2580 3802 2968 3872 προσαρκτίοις
3012 3802 3106 3853 τοῦ
3136 3799 3390 3852 Ὠκεανοῦ
3437 3803 3618 3868 νήσοις
3655 3796 3845 3858 ἐθνῶν,
3899 3793 3992 3844 καὶ

2425 3895 2628 3964 πλῆθος
2656 3894 2935 3964 ἀθροίσας,
2963 3893 3036 3955 ὥς
3063 3910 3215 3960 φασι,
3242 3909 3306 3943 πε
3319 3892 3369 3962 ρί
3390 3891 3485 3953 τὰς
3509 3889 3703 3942 ἑκατόν
3728 3886 3990 3957 χιλιάδας,

2427 3988 2522 4038 καὶ
2577 3985 2782 4046 πλοίοις
2837 3984 3128 4051 ἐγχωρίοις
3181 3985 3290 4044 τοῖς
3321 3982 3630 4048 λεγομένοις
3682 3977 3992 4045 μονοξύλοις

2426 4075 2682 4146 ἐμϐαλὼν
2736 4077 2877 4128 κατὰ
2902 4075 3001 4144 τῆς
3031 4075 3238 4136 πόλεως
3282 4074 3510 4142 ἐξορμᾷ.
3544 4071 3712 4124 Τοῦτο
3749 4064 3931 4139 μαθὼν
3965 4067 3992 4117 6

2429 4168 2680 4238 βασιλεὺς
2711 4168 2918 4236 πέμπει
2956 4167 3054 4236 μὲν
3087 4166 3450 4235 πρεσϐευτὰς,
3505 4163 3729 4228 ἐξαιτῶν
3762 4163 3992 4216 καταθέ-

2429 4262 2551 4314 σθαι
2577 4261 2644 4312 τὰ
2673 4259 2814 4312 ὅπλα
2845 4259 2937 4312 καὶ
2967 4257 3392 4327 ὑπισχνούμενος
3423 4255 3741 4318 ἐξιάσασθαι
3769 4255 3822 4305 εί
3853 4271 3903 4305 τι
3929 4254 3991 4321 δὴ

2431 4352 2522 4402 καὶ
2561 4351 2787 4416 γέγονεν
2842 4347 3061 4410 ἄτοπον,
3127 4348 3220 4399 καὶ
3257 4347 3329 4416 μὴ
3374 4347 3459 4398 διὰ
3514 4344 3706 4414 μικρὸν
3739 4342 3992 4411 ἐθελῆσαι

2430 4443 2660 4512 πρᾶγμα
2691 4440 2790 4509 τὴν
2819 4444 2883 4491 ἐκ
2920 4439 3131 4508 μακροῦ
3169 4439 3540 4505 παγιωθείσαν
3570 4436 3814 4488 διαλῦσαι
3846 4437 3992 4503 εἰρή‹

2428 4549 2526 4601 νην
2565 4533 2660 4584 καὶ
2685 4533 2753 4584 τὰ
2784 4530 2910 4600 έθνη
2939 4529 3061 4582 κατ’
3094 4529 3340 4597 ἀλλήλων
3392 4527 3594 4595 ἀνάψαι
3616 4543 3627 4554 ·
3675 4527 3797 4578 ἐπεὶ
3825 4527 3878 4578 δὲ
3910 4527 3993 4577 δε-

2424 4626 2654 4690 ξάμενος
2686 4623 2844 4685 αὑτὸς
2879 4626 2946 4675 τὰ
2981 4623 3285 4691 γράμματα
3327 4621 3452 4682 τούς
3483 4637 3541 4672 τε
3589 4618 3846 4689 πρέσϐεις
3875 4620 3990 4670 ἀτί-

2425 4731 2538 4784 μως
2571 4713 2756 4780 ἐδίωξε
2789 4714 2881 4766 καὶ
2911 4713 3296 4780 ὑπερηφάνους
3320 4713 3414 4764 καὶ
3437 4710 3678 4781 σοϐαρὰς
3707 4710 3989 4762 ἀπέδωκεν

2421 4806 2737 4872 ἀπολογίας,
2784 4803 3120 4873 ἀπεγνωκὼς
3151 4806 3178 4856 6
3208 4803 3461 4872 βασιλεὺς
3510 4803 3610 4872 τὴν
3644 4803 3868 4870 εἰρήνην
3896 4801 3988 4853 καὶ

2421 4897 2580 4958 αὐτὸς
2609 4898 2683 4959 ὠς
2714 4895 2842 4963 ἐνῆν
2869 4896 3383 4964 ἀντιπαρετάττετο.
3423 4891 3507 4964 [Ρ.
3544 4891 3672 4961 759]
3725 4892 3831 4943 Καὶ
3867 4891 3989 4952 τοὺς

2424 4989 2520 5057 μὲν
2549 4987 2910 5057 ἐνδημοῦντας
2936 4991 3002 5055 τῇ
3031 4985 3262 5056 βασιλίδι
3295 4986 3566 5054 ἐμπόρους
3599 4987 3707 5036 τῶν
3743 4982 3986 5043 Σκυθῶν,

2419 5079 2500 5131 ἔτι
2527 5079 2582 5131 δὲ
2613 5079 2856 5138 καὶτοὺς
2888 5078 3029 5130 κατά
3079 5077 3394 5146 συμμαχίαν
3426 5079 3697 5144 παρόντας
3730 5075 3990 5144 διασκορο

2422 5173 2585 5232 πίσας
2611 5173 2667 5223 ἐν
2700 5173 2810 5232 τοῖς
2853 5170 3076 5239 Θέμασι,
3130 5171 3222 5222 καὶ
3279 5170 3719 5238 ἀσφαλισάμενος
3777 5170 3863 5221 ἵνα
3916 5171 3990 5238 μὴ

2421 5265 2513 5316 καὶ
2559 5263 2666 5316 ἀπὸ
2709 5263 2817 5314 τῶν
2872 5261 3020 5314 ἔνδον
3055 5261 3316 5330 ἐπιϐουλή
3371 5279 3455 5323 τις
3511 5261 3802 5330 ἀνεγερθῇ,
3852 5260 3924 5320 ὡς
3961 5261 3989 5312 6

2422 5357 2610 5426 καιρὸς
2646 5355 2815 5406 ἐδίδου
2848 5354 2943 5407 καὶ
2975 5355 3034 5406 τὸ
3076 5353 3170 5406 τοῦ
3219 5353 3379 5421 ἔργου
3429 5353 3752 5423 ὀξύρροπον,
3809 5354 3903 5411 τάς
3934 5369 3991 5404 τε

2424 5447 2708 5516 βασιλικὰς
2746 5444 3042 5516 ἐξαρτύσας
3074 5446 3318 5513 τριήρεις
3351 5446 3444 5495 καὶ
3476 5445 3640 5505 ἄλλας
3675 5444 3773 5494 οῦκ
3807 5442 3991 5507 ὀλίγας

2422 5538 2531 5591 ἀπὸ
2556 5538 2664 5589 τῶν
2698 5538 2974 5590 εὐσταλῶν
3011 5539 3103 5588 καὶ
3131 5536 3346 5602 κούφων
3367 5577 3380 5598 ,
3418 5536 3511 5587 καὶ
3540 5535 3668 5587 λαοῦ
3699 5533 3990 5602 πληρώσας

2423 5629 2529 5684 ἀπὸ
2563 5631 2669 5683 τῶν
2701 5631 3122 5698 παρατυχόντων
3155 5629 3210 5679 ἐν
3248 5629 3525 5697 Βυζαντίῳ
3574 5628 3693 5680 τότε
3729 5642 3990 5693 στρατω-

2423 5721 2550 5784 τῶν,
2582 5722 2673 5772 καὶ
2705 5723 2864 5780 αὑτὸς
2894 5715 3048 5780 οὗτος
3091 5721 3166 5788 τῷ
3221 5719 3480 5787 βασιλικῷ
3513 5720 3710 5780 ἐπιϐὰς
3754 5717 3989 5786 δρόμωνι

2427 5811 2590 5876 ἔξεισι
2629 5815 2720 5865 καὶ
2773 5815 2881 5874 τοῖς
2938 5812 3168 5876 Σκύθαις
3221 5812 3538 5876 ὑπαντιάζει
3596 5813 3735 5864 κατζι
3790 5811 3845 5862 τό
3895 5807 3987 5860 τοῦ
