4410 6442
365 358 475 419 283

364 478 569 527 Ιιοντου
611 470 783 539 στόμα

368 565 763 632 παρεπομένην
795 563 932 630 ἔχων
960 562 1045 612 διά
1074 561 1173 625 τῆς
1203 560 1377 628 ξηρᾶς
1401 563 1495 613 καὶ
1517 562 1749 633 ἱππικὴν
1778 581 1943 629 στρα-

366 656 486 707 τιάν
518 656 616 706 ούκ
651 654 856 723 ὀλίγην.
897 654 1049 704 Ἐπεὶ
1102 652 1155 705 δὲ
1208 654 1577 721 ἀντιμέτωποι
1615 654 1847 722 ἔστησαν
1888 656 1943 705 αἱ

366 746 644 815 δυνάμεις,
684 747 845 815 ἔργου
882 747 979 813 μὲν
1004 745 1288 813 οὐδέτερον
1320 744 1483 814 μέρος
1510 745 1716 813 ἥπτετο
1738 762 1749 774 ·
1797 748 1851 799 οἵ
1886 764 1944 799 τε

366 842 473 906 γάρ
534 839 738 891 Σκύθαι
803 840 894 891 ὲπὶ
953 836 1045 888 τοῦ
1108 838 1326 905 λιμένος
1395 836 1521 889 ἔνθα
1584 839 1945 907 προσώρμουν

368 933 599 994 ἑστῶτες
628 931 853 1001 ἠσυχῖαν
891 926 1043 999 ἦγον,
1078 932 1169 983 καὶ
1202 932 1229 981 ὁ
1287 928 1545 998 βασιλεὺς
1595 930 1691 1000 τὴν
1722 932 1946 982 ἐκείνων

368 1024 691 1093 προσμένων
746 1021 957 1089 κίνησιν
1011 1020 1321 1089 ἐκαρτέρει.
1355 1020 1511 1072 Ἐπεὶ
1554 1020 1611 1072 δὲ
1670 1025 1696 1074 ὁ
1756 1023 1946 1090 καιρὲς

371 1116 618 1183 ἐτρίϐετο
648 1115 744 1166 καὶ
770 1116 800 1181 ἡ
831 1112 949 1181 ὥρα
979 1107 1046 1182 ἦν
1074 1112 1210 1181 πρὸς
1255 1111 1373 1179 ὀψὲ,
1412 1111 1670 1179 πρέσϐεις
1720 1113 1747 1164 ὁ
1796 1112 1950 1180 βασι-

371 1207 493 1267 λεὺς
524 1204 687 1256 πάλιν
717 1203 994 1271 ἐκπέμπει
1031 1202 1163 1272 περὶ
1190 1204 1443 1270 εἰρήνης,
1482 1202 1576 1255 καὶ
1614 1202 1776 1254 πάλιν
1826 1204 1942 1256 ἀτί-

376 1313 491 1365 μως
538 1295 857 1362 ἀποπέμπει
904 1291 1125 1367 τούτους
1172 1294 1198 1344 ὁ
1250 1290 1548 1360 βάρϐαρος,
1602 1292 1866 1361 μηνύσας,
1902 1294 1947 1343 εί

374 1390 622 1460 βούλεται
677 1387 755 1457 τῷ
792 1386 1001 1455 βασιλεῖ
1056 1384 1387 1436 καταθέσθαι
1434 1382 1500 1434 τά
1556 1382 1716 1446 ὅπλα,
1766 1382 1950 1438 δοῦναι

370 1484 535 1537 παντὶ
568 1481 646 1551 τῷ
672 1482 925 1549 ἑπομένῳ
950 1477 1096 1547 αὐτῷ
1126 1474 1341 1547 στρατῷ
1365 1474 1465 1527 ἀνά
1501 1476 1725 1545 χρυσίου
1762 1474 1951 1545 λίτρας

369 1580 540 1647 τρεῖς.
568 1575 881 1644 Ἀμηχάνου
913 1572 969 1624 δὲ
1002 1569 1265 1637 φανείσης
1299 1567 1396 1637 τῆς
1438 1567 1783 1637 ἀποκρίσεως
1811 1567 1952 1635 ἔγνω

371 1673 483 1725 δεῖν
531 1669 696 1739 ἔργου
746 1664 985 1737 ἔχεσθαι.
1028 1663 1115 1725 Ὠς
1150 1661 1194 1714 δ’
1229 1661 1428 1712 ἐκεῖνοι
1482 1660 1727 1729 ἀτρέμας
1785 1655 1948 1729 εἶχον,

378 1757 881 1829 μεταστειλάμενος
901 1757 928 1806 ὁ
953 1752 1201 1823 βασιλεὺς
1229 1753 1321 1805 τὸν
1356 1750 1655 1820 μάγιστρον
1672 1748 1952 1801 Βασίλειον

374 1855 465 1904 τὸν
496 1848 911 1918 Θεοδωροκάνον
959 1846 1108 1915 τρεῖς
1155 1843 1434 1909 εἰληφέναι
1472 1841 1801 1911 προστάττει
1831 1856 1951 1911 τρι-

374 1944 526 2008 ήρεις
552 1936 823 2009 δρομάδας
838 1935 933 1988 καὶ
954 1933 1207 1987 ἀπελθεῖν
1233 1933 1325 1983 καὶ
1348 1929 1827 1997 άποπειράσασθαι
1846 1931 1952 1983 τῶν

377 2030 622 2092 Σκυθῶν,
669 2029 826 2094 εἴπερ
856 2025 1111 2095 δυνηθείη
1160 2022 1648 2094 ἀκροϐολιζόμενος
1678 2024 1813 2093 πρὸς
1844 2025 1955 2076 πό-

376 2123 540 2190 λεμον
572 2120 773 2180 αὐτοὺς
826 2115 1259 2170 ἐπισπάσασθαι.
1301 2115 1358 2168 Ὀ
1389 2114 1445 2167 δὲ
1473 2114 1569 2178 τὰς
1605 2117 1847 2184 τριήρεις
1876 2116 1955 2167 εἰ-

376 2212 559 2280 ληφὼς
591 2212 685 2263 καὶ
714 2210 850 2280 πρὸς
881 2211 1006 2271 τοὺς
1041 2207 1255 2271 Σκύθας
1288 2207 1575 2277 γενόμενος
1612 2209 1675 2259 οὐ
1700 2206 1766 2261 δι’
1792 2209 1956 2278 ἀκρο-

379 2303 636 2373 ϐιλισμοῧ
675 2305 770 2371 τῆς
812 2302 995 2355 αὐτῶν
1042 2304 1382 2371 ἀπεπειρᾶτο
1431 2301 1694 2372 γνώμης,
1726 2303 1843 2355 ἀλλ’
1877 2305 1956 2367 εἰς

382 2396 579 2463 μέσους
618 2394 811 2447 ἑαυτὸν
840 2394 1059 2463 ὠθήσας
1096 2394 1235 2446 ἑπτά
1269 2394 1366 2462 μὲν
1400 2394 1582 2462 σκάφη
1627 2393 1704 2462 τῷ
1757 2411 1956 2447 σκευα-

381 2483 490 2553 στῷ
522 2484 854 2550 καταφλέγει
886 2484 1037 2551 πυρὶ,
1076 2483 1199 2550 τρία
1230 2482 1283 2533 δὲ
1325 2480 1599 2551 αὔτανδρα
1634 2484 1959 2535 καταποντί-

380 2576 484 2638 ζει,
513 2574 808 2643 Χειροῦται
838 2576 893 2627 δὲ
926 2576 1020 2628 καὶ
1048 2575 1105 2625 ἒν
1140 2573 1301 2635 αὐτὸς
1330 2572 1662 2642 εἰσπηδήσας
1699 2575 1777 2635 είς
1804 2575 1955 2639 αὐτὸ,

380 2669 471 2719 καὶ
503 2667 609 2718 τῶν
656 2666 802 2719 ἔνδον
845 2665 936 2727 οὓς
974 2666 1074 2735 μὲν
1104 2664 1451 2733 ἀποσξάξας,
1483 2663 1576 2725 οὓς
1617 2664 1671 2716 δὲ
1704 2667 1797 2717 καὶ
1834 2682 1958 2735 κρο-

382 2761 731 2827 πωσάμενος,
788 2758 887 2826 τὴν
923 2758 1126 2827 τόλμην
1170 2756 1627 2823 καταπλαγέντας
1671 2757 1832 2809 αὐτοι
1897 2758 1962 2811 Οἱ

381 2852 436 2904 δὲ
462 2851 702 2912 Σκύθαι,
740 2852 835 2902 καὶ
868 2849 958 2901 τὸν
988 2848 1212 2918 βασιλέα
1238 2848 1337 2918 ἤδη
1381 2846 1617 2917 ὀρῶντες
1664 2849 1961 2919 ἐρχόμενον

385 2947 480 2999 σὺν
512 2946 674 2997 παντὶ
698 2943 774 3011 τῷ
806 2943 999 3011 στόλῳ,
1021 2942 1116 2995 καὶ
1136 2941 1506 3008 λογισάμενοι,
1533 2941 1668 3010 ὅπερ
1699 2937 1765 3009 ἦν
1793 2943 1961 3008 εἰκὸς,

383 3040 432 3091 εἰ
465 3035 693 3090 τοιαῦτα
736 3034 1039 3087 πεπόνθασι
1090 3035 1238 3103 τρισὶ
1275 3033 1561 3103 τριήρεσιν
1614 3032 1963 3095 ἀντιστάντες

384 3126 768 3197 πολεμούσαις,
826 3126 877 3178 τί
930 3126 994 3177 ἂν
1042 3124 1267 3178 πάθοιεν
1322 3124 1632 3195 βιαζόμενοι
1689 3127 1850 3177 παντὶ
1883 3125 1960 3194 τῷ

388 3222 561 3291 στόλῳ
616 3216 1047 3289 συμπλέκεσθαι,
1098 3218 1416 3285 ἀπέϐλεψαν
1453 3217 1585 3285 πρὸς
1622 3218 1822 3285 φυγὴν,
1866 3218 1962 3270 καὶ

384 3316 465 3376 εἰς
500 3316 664 3367 τόπον
712 3310 1108 3382 ἀπορριφέντες
1155 3309 1451 3370 σκοπέλους
1505 3309 1695 3378 ἔχοντα
1742 3312 1833 3361 καὶ
1870 3310 1965 3361 πέ-

384 3424 523 3477 τρας
560 3405 798 3473 ὑφάλους
848 3404 916 3455 τά
972 3401 1141 3456 πλείω
1190 3402 1298 3453 τῶν
1344 3401 1570 3469 σκαφῶν
1604 3402 1965 3466 άπεϐάλοντο,

385 3498 786 3568 ἐπιτιθεμένων
824 3497 1035 3558 τούτοις
1070 3495 1178 3547 ἀπὸ
1207 3496 1306 3563 τῆς
1341 3493 1509 3563 ξηρᾶς
1542 3494 1631 3545 καὶ
1662 3494 1769 3545 τᾶν
1792 3510 1971 3562 παρα-

386 3590 779 3660 πορευομένων
833 3586 1182 3657 στρατιωτῶν
1217 3588 1311 3639 καὶ
1353 3584 1700 3637 ἀπολλύντων
1749 3585 1967 3646 αὐτους,

385 3687 461 3747 ὡς
509 3683 803 3754 εὑρεθῆναι
857 3683 994 3751 μετα
1022 3681 1192 3733 ταῦτα
1236 3680 1463 3748 νεκροὺς
1507 3677 1876 3747 ἐρριμμένους
1915 3678 1971 3731 ἐν

385 3781 499 3840 τοῖς
528 3776 796 3843 αἰγιαλοῖς
821 3774 967 3841 ἀμφὶ
997 3772 1095 3835 τάς
1129 3770 1187 3824 ιε’
1214 3771 1480 3841 χιλιάδας.
1517 3769 1575 3822 Ὀ
1612 3772 1709 3839 μὲν
1740 3770 1833 3822 οὖν
1873 3769 1969 3838 βα-

389 3871 573 3930 σιλεὺς
607 3868 745 3936 μετά
796 3868 893 3933 τὴν
941 3864 1049 3917 τῶν
1096 3863 1318 3919 Σκυθῶν
1366 3858 1534 3932 ἦτταν
1585 3862 1667 3929 ἐφ’
1710 3862 1837 3923 ὅλας
1880 3861 1973 3914 δύο

386 3960 731 4031 προσμείνας
769 3957 1017 4027 ἡμέρας,
1056 3955 1195 4007 κατά
1244 3954 1341 4024 τὴν
1384 3954 1576 4023 τρίτην
1636 3951 1972 4021 ὑπέστρεψεν

387 4056 469 4116 εἰς
501 4055 605 4121 τὴν
642 4049 911 4121 βασιλίδα,
965 4049 1056 4103 δύο
1098 4050 1355 4116 τάγματα
1400 4045 1721 4099 καταλιπὼν
1751 4048 1845 4098 καὶ
1876 4047 1973 4107 τὰς

386 4144 693 4212 λεγομένας
744 4141 1040 4209 ἑταιρείας,
1077 4140 1164 4205 ὑφ’
1196 4140 1423 4207 ἡγεμόνι
1451 4137 1756 4205 ταττόμενα
1808 4138 1972 4189 Νικο-

388 4237 507 4307 λάῳ
534 4235 615 4303 τῷ
642 4232 1131 4303 παρακοιμωμένῳ
1163 4230 1250 4301 [Ρ.
1280 4228 1405 4300 760]
1454 4231 1546 4282 ml.
1576 4229 1840 4298 Βασιλείῳ
1875 4246 1975 4296 μα-

389 4334 610 4396 ·ίὶστρῳ
670 4326 747 4395 τῷ
799 4324 1216 4395 Θεοδωροκάνῳ,
1276 4323 1360 4390 ἐφ’
1420 4314 1463 4388 ᾧ
1511 4323 1637 4381 τοὺς
1693 4320 1976 4387 αἰγιαλοὺς

389 4420 723 4473 ἐπισκοπεῖν
757 4419 853 4471 καὶ
904 4416 1271 4485 παρατρέχειν
1313 4416 1406 4467 καὶ
1456 4412 1844 4481 φυλάττεσθαι,
1900 4412 1974 4481 μή

1463 354 2007 416 lllSTOlllARUM
2050 356 2581 418 COMPENDIUM.

839 471 892 521 ἑν
928 470 1000 537 τῷ
1048 468 1329 536 λεγομένῳ
1377 469 1699 538 ναυλιοχοῦσι
1747 472 1944 540 Φάρῳ,
1980 476 2019 527 Α
2061 487 2178 524 rum
2204 484 2412 526 motum
2435 487 2580 543 ex5p1

1889 495 1944 540 μ,
1980 476 2019 527 Α
2061 487 2178 524 rum
2204 484 2412 526 motum
2435 470 2903 543 exspectantibus.
2938 470 3073 525 Cum
3113 482 3325 539 tempus
3362 478 3630 525 tereretur

3525 353 3627 416 286

2047 578 2098 620 et
2163 567 2230 620 ad
2287 582 2568 632 veSperam
2622 566 2740 620 dies
2793 564 3106 629 inclinaret,
3159 580 3377 620 rursum
3423 564 3629 634 legatos

2047 659 2113 711 de
2139 674 2270 727 pace
2304 659 2471 711 mittit
2511 659 2833 726 imperator,
2861 671 3067 725 eosque
3096 671 3314 710 rursum
3341 664 3628 711 contume-

2050 752 2181 807 liose
2215 754 2483 805 barbarus
2528 751 2731 817 reiicit,
2769 766 2879 805 non
2927 750 3086 804 aliter
3132 762 3191 803 se
3223 762 3373 802 arma
3404 747 3628 816 deposi-

2049 854 2231 897 turum
2258 845 2573 913 significans
2597 859 2759 913 quam
2789 843 3030 910 acceptis
3069 843 3120 895 in
3154 840 3369 911 singula
3402 855 3627 895 suorum

2051 934 2460 988 classiariorum
2518 934 2698 1003 capita
2750 934 2927 987 tribus
2974 936 3091 987 auri
3135 933 3310 987 libris.
3352 930 3509 998 Quod
3547 948 3631 987 re-

2051 1039 2313 1093 Sponsum
2361 1039 2483 1077 cum
2529 1024 2738 1078 videret
2774 1039 2988 1078 summe
3028 1025 3354 1090 absurdum,
3397 1024 3626 1091 impera-

2052 1126 2135 1170 tor
2157 1132 2335 1185 pugna
2368 1114 2772 1170 decernendum
2804 1116 3015 1171 statuit.
3042 1114 3410 1186 BarbariSque
3436 1117 3632 1170 etiam-

2054 1221 2181 1259 num
2229 1204 2666 1274 quiescentibus,
2711 1213 2903 1258 vocato
2944 1204 3010 1258 ad
3038 1220 3097 1258 se
3131 1205 3390 1275 magistro
3432 1204 3633 1260 Basilio

2053 1296 2485 1352 Theodorocano
2554 1297 2775 1350 mandat
2833 1307 2891 1351 ut
2945 1312 3071 1352 cum
3135 1298 3312 1352 tribus
3352 1299 3633 1355 velocibus

2055 1390 2370 1444 triremibus
2429 1390 2530 1444 levi
2590 1402 2771 1458 pugna
2833 1388 3064 1459 Scythas
3114 1398 3287 1445 tentet
3353 1396 3515 1459 atque
3565 1390 3635 1444 ad

2055 1482 2300 1550 praelium
2330 1488 2609 1551 provocet.
2642 1477 2876 1533 Basilius
2902 1480 3141 1549 acceptis
3173 1480 3493 1534 triremibus
3524 1494 3634 1534 non

2055 1574 2157 1628 levi
2198 1573 2383 1642 praelio
2414 1587 2604 1626 eorum
2651 1572 2867 1625 animos
2924 1571 3196 1639 explorat,
3261 1571 3356 1625 sed
3414 1572 3465 1624 in
3522 1586 3638 1625 me-

2054 1666 2178 1719 dios
2236 1662 2398 1733 553
2441 1664 2627 1717 hostes
2684 1662 2934 1716 invectus
2989 1668 3195 1729 septem
3244 1675 3410 1717 naves
3465 1661 3638 1715 artill-

2057 1757 2208 1811 cioso
2240 1758 2364 1826 igne
2393 1762 2621 1816 cremat,
2667 1762 2778 1807 tres
2819 1767 2941 1805 cum
2993 1751 3128 1820 ipsis
3173 1736 3488 1807 vectoribus
3538 1751 3637 1806 de-

2059 1847 2277 1919 mergit,
2312 1861 2527 1914 unaqne
2565 1845 2797 1916 potitur,
2837 1845 2891 1897 in
2920 1858 3037 1897 eam
3088 1843 3339 1898 insiliens
3387 1850 3442 1898 et
3495 1843 3639 1898 clas-

2056 1941 2255 1996 siarios
2326 1941 2523 2012 partim
2578 1940 2816 1998 caadens,
2888 1935 3085 2005 partim
3159 1934 3386 1989 audacia
3464 1934 3641 2003 ipsius

2058 2032 2380 2101 perterritos
2440 2031 2653 2098 fugans.
2690 2027 2905 2099 Scythae
2957 2041 3081 2079 cum
3140 2024 3395 2079 universa
3464 2026 3641 2079 classe

2065 2122 2327 2177 accedere
2361 2124 2748 2190 imperatorem
2798 2118 3066 2180 videntes,
3110 2123 3276 2184 atque
3301 2116 3350 2169 id
3375 2114 3519 2185 quod
3552 2130 3640 2170 res

2071 2225 2190 2270 erat
2232 2216 2693 2285 cogitautes,cum
2728 2226 2795 2265 ne
2826 2208 2991 2263 trium
3043 2208 3264 2276 quidem
3328 2206 3638 2260 triremium

2064 2308 2464 2363 sustinuissent
2498 2306 2782 2373 impetum,
2849 2301 2981 2370 quid
3034 2308 3359 2353 eventurum
3417 2307 3564 2353 esset
3594 2298 3642 2352 si

2059 2416 2183 2455 cum
2222 2407 2335 2453 tota
2369 2398 2543 2451 classe
2574 2394 2976 2463 conﬂigendum
3012 2393 3172 2454 foret,
3203 2391 3383 2460 fugam
3409 2389 3640 2458 faciunt,

2059 2503 2114 2547 et
2146 2509 2205 2547 se
2250 2494 2303 2545 in
2344 2492 2521 2543 locum
2573 2487 2930 2541 immittentes
2968 2500 3097 2541 saxa
3145 2502 3207 2539 ac
3252 2486 3510 2554 scopulos
3538 2484 3644 2537 sub

2062 2583 2198 2636 mari
2262 2583 2649 2637 delitescentes
2736 2579 3027 2633 habentem
3115 2578 3403 2648 plerasque
3479 2592 3643 2630 naves

2064 2674 2321 2746 perdunt.
2352 2673 2457 2728 Sed
2489 2682 2543 2727 et
2579 2672 2781 2726 milites
2812 2686 2840 2725 e
2879 2670 3186 2725 continenti
3226 2684 3321 2725 eos
3357 2671 3642 2733 invadunt,

2064 2780 2424 2837 magnamque
2456 2777 2692 2834 stragem
2737 2764 2932 2818 edunt.
2978 2761 3123 2816 Sane
3171 2762 3498 2815 cadaverum
3546 2762 3647 2816 ho-

2064 2861 2269 2917 stilium
2303 2860 2354 2912 in
2386 2859 2566 2912 littore
2608 2858 2826 2910 inventa
2868 2865 2995 2911 sunt
3023 2854 3309 2926 postmodo
3334 2854 3642 2923 quindecim

2064 2953 2282 3006 circiter
2309 2950 2498 3003 millia.
2554 2947 2838 3017 Superatis
2875 2947 2977 3002 huc
3013 2956 3171 3016 Paeto
3202 2946 3441 3016 Scythis,
3474 2950 3646 3013 impe-

2066 3051 2214 3095 rator
2281 3048 2454 3093 totum
2507 3038 2730 3091 biduum
2812 3036 2886 3090 ibi
2967 3037 3211 3091 locorum
3273 3041 3646 3087 commoratus

1988 3164 2029 3217 α
2067 3132 2227 3184 tertio
2258 3129 2345 3183 die
2388 3128 2708 3198 Byzantium
2763 3127 2943 3190 rediit,
2991 3125 3206 3179 duabus
3258 3123 3565 3195 legionibus
3593 3129 3648 3173 et

2067 3236 2202 3289 quas
2256 3227 2453 3272 vocant
2490 3218 2811 3272 sodalitates
2868 3216 3097 3279 relictis,
3153 3214 3385 3268 ducibus
3421 3211 3648 3265 Nicolao

2066 3311 2405 3366 cubiculario
2465 3317 2520 3362 et
2590 3309 2858 3379 magistro
2936 3307 3144 3361 Basilio
3216 3302 3649 3358 Theodorocano

2070 3403 2326 3456 mandato
2386 3411 2443 3454 ut
2478 3415 2631 3455 oram
2676 3398 3004 3453 maritimam
3040 3396 3407 3458 custodirent,
3473 3410 3650 3464 neque

2069 3492 2486 3547 exsccnsionem
2537 3488 2717 3542 facere
2771 3487 3043 3541 Barbaros
3091 3494 3425 3555 paterentur,
3485 3494 3651 3553 utque

2070 3596 2185 3639 tota
2225 3583 2419 3638 classis
2471 3580 2614 3651 apud
2679 3578 2915 3633 Pharum
2963 3578 3015 3631 in
3074 3576 3311 3630 statimne
3364 3584 3529 3629 esset.
3585 3574 3649 3628 lli

2072 3678 2275 3741 littora,
2307 3683 2364 3729 ut
2388 3672 2529 3743 jussi
2566 3677 2744 3736 erant,
2777 3671 3201 3728 circumeuntes,
3250 3680 3358 3732 qua
3387 3664 3650 3719 cadavera

2074 3771 2441 3824 Barbarorum
2492 3777 2659 3822 aestus
2689 3765 2951 3833 ejccerat,
2982 3760 3184 3829 ingenti
3217 3758 3394 3827 pra-da
3431 3772 3491 3809 ac
3524 3771 3653 3826 spo-

2075 3864 2165 3917 liis
2196 3862 2350 3931 potiti
2404 3867 2556 3915 sunt.
2606 3856 2803 3911 Verum
2862 3852 3053 3923 viginti
3116 3860 3355 3919 quatuor
3400 3850 3652 3901 triremes

2079 3953 2357 4013 Romamn,
2393 3949 2555 4020 555
2583 3948 2786 4001 avulsa).
2816 3944 2882 3999 ab
2913 3943 3119 4010 reliqua
3154 3943 3353 4001 classe,
3383 3938 3652 4007 fugientes

2074 4043 2347 4096 Barbaros
2396 4040 2658 4092 insecuta:
2689 4049 2891 4103 eosque
2940 4038 3307 4102 prmtcrvcrtre
3346 4035 3490 4089 sunt,
3525 4042 3651 4081 cum

2076 4136 2112 4189 ii
2141 4135 2197 4187 in
2229 4132 2519 4201 quemdam
2553 4134 2769 4197 portum
2798 4139 2959 4178 naves
2995 4121 3389 4178 subduxissent
3437 4120 3652 4187 Scythae

2077 4241 2208 4296 ergo
2235 4225 2512 4293 paucitate
2545 4219 2829 4273 hostilium
2864 4217 3081 4268 navium
3121 4213 3361 4282 euguita,
3398 4226 3649 4280 comper-

2080 4329 2243 4388 toque
2287 4332 2395 4369 non
2456 4314 2643 4383 plures
2700 4325 2820 4364 esse
2848 4322 3010 4377 quam
3041 4307 3172 4359 visa:
3215 4313 3392 4364 erant,
3445 4318 3474 4354 a
3526 4316 3653 4370 pro-

2082 4406 2374 4463 montoriis
2415 4407 2484 4459 ah
2539 4414 2770 4470 utraque
2825 4407 2977 4469 parte
3032 4396 3152 4449 sitis
3201 4409 3405 4448 cornua
3458 4402 3654 4447 exten-

388 4530 471 4572 τις
506 4510 784 4572 ἀπόϐασις
811 4509 1037 4577 γένηται
1064 4508 1172 4561 τῶν
1210 4507 1531 4577 Βαρϐάρων,
1568 4504 1657 4558 τὸν
1701 4505 1758 4557 δὲ
1798 4504 1974 4557 πάντα
2009 4500 2050 4555 1)
2082 4499 2129 4553 (it

1915 4520 1974 4556 τα
2009 4500 2050 4555 1)
2082 4499 2298 4561 derunt,
2326 4506 2377 4549 et
2404 4502 2659 4550 contenta
2726 4491 2810 4545 usi
2852 4488 3209 4557 remigatione
3253 4482 3656 4540 circumvenire

390 4605 588 4657 στόλον
628 4603 767 4655 κατά
792 4604 882 4653 τὶν
906 4602 1083 4670 Φάρον
1116 4600 1447 4668 προσμένειν
1482 4598 1765 4659 κελεύσας.
1804 4597 1908 4647 Καὶ
1953 4598 1980 4647 ὁ

392 4700 493 4767 μὲν
544 4696 804 4766 βασιλεὺς
848 4694 1021 4746 ταῦτα
1054 4692 1495 4761 διαπραξάμενος
1538 4690 1782 4758 εἰσῆλθεν
1816 4689 1893 4749 εἰς
1923 4688 1981 4740 τὸ

389 4792 723 4853 Βυζάντιον.
755 4789 802 4839 οἱ
839 4788 965 4855 περὶ
1011 4787 1099 4837 τὶν
1154 4784 1651 4853 παρακοιμώμενον
1683 4781 1738 4832 δὲ
1768 4782 1860 4831 καὶ
1892 4780 1981 4831 τὶν

386 4884 816 4951 Θεοδωροκάνον
848 4882 972 4940 τοὺς
1004 4879 1285 4944 αἰγιαλοὺς
1323 4878 1658 4941 περιιόντες,
1687 4873 1812 4924 ἔνθα
1843 4870 1982 4941 μετὰ

387 4977 488 5043 τὴν
521 4972 741 5041 τροπὴν
789 4970 1091 5039 ἐξεϐράσθη
1138 4967 1207 5019 τά
1256 4966 1486 5035 σώματα
1516 4965 1623 5016 τῶν
1654 4962 1977 5032 Βαρϐάρων,

388 5065 602 5132 πολλῆς
664 5062 808 5123 λείας
877 5062 971 5113 καὶ
1043 5058 1253 5110 σκύλων
1306 5056 1552 5121 ἐγένοντο
1609 5054 1806 5121 κύρ;οι.
1872 5054 1980 5104 Καὶ

388 5156 653 5224 τριήρεις
703 5152 755 5204 δὲ
787 5152 1050 5219 τέσσαρες
1086 5150 1178 5200 ἐπὶ
1214 5148 1386 5199 εἴκοσι
1429 5146 1521 5199 τοῦ
1552 5143 1739 5197 λοιποῦ
1772 5144 1978 5212 διαιρε-

390 5247 574 5299 θεῖσαι
631 5242 821 5296 στόλου
852 5242 1066 5293 εἵποντο
1110 5242 1369 5310 φεύγουσι
1404 5240 1515 5301 τοῖς
1549 5236 1889 5305 Βαρϐάροις”
1924 5234 1979 5289 ἕν

386 5357 493 5391 τινι
533 5337 595 5389 δὲ
640 5335 827 5403 κόλπῳ
858 5334 1259 5403 ναυλοχούντων
1303 5331 1481 5384 αὐτῶν
1516 5329 1793 5399 παρῆλθον
1822 5323 1980 5381 αὗται

386 5433 721 5485 διώκουσαι.
747 5429 855 5479 Καὶ
877 5428 1093 5493 γνόντες
1120 5426 1169 5477 οἱ
1201 5422 1404 5475 Σκύθαι
1435 5420 1530 5489 τὴν
1559 5420 1869 5486 ὀλιγότητα,
1889 5418 1980 5469 καὶ

388 5521 650 5593 ἀκριϐῶς
682 5519 1080 5579 καταλαϐόντες
1116 5518 1190 5578 ὡς
1232 5516 1291 5569 οὐ
1324 5514 1541 5573 πλείους
1589 5511 1697 5561 τῶν
1724 5510 1979 5577 ξαινομέ-

387 5635 495 5668 νων
526 5613 703 5672 εἰσὶν,
735 5612 1138 5679 ὑπερκερώσεις
1180 5609 1537 5674 ποιησάμενοι
1568 5603 1675 5655 ἀπὸ
1710 5601 1799 5653 τοῦ
1832 5601 1979 5652 ἔνθεν

388 5706 659 5765 κάκεῖθεν
706 5703 1052 5772 ἀκρωτηρίου
1098 5703 1190 5753 καὶ
1225 5700 1462 5766 συντόνῳ
1493 5700 1555 5764 τῇ
1588 5696 1798 5763 εἰρεσία
1842 5691 1980 5761 χρώ-

393 5818 547 5856 αενοι
574 5797 841 5851 ἔσπευδον
867 5795 1317 5859 Ξγγολπωοασῢοι
1355 5794 1474 5853 τοὺς
1505 5788 1794 5848 ἐναντίους.
1832 5789 1891 5836 Ui
1927 5785 1977 5835 δὲ

2083 4610 2173 4646 eas
2246 4597 2552 4657 ('(PpCIUIIl.
2597 4584 2828 4637 [tuinani
2881 4583 3061 4651 priore
3110 4580 3293 4631 labore
3362 4573 3657 4645 remigandi

2086 4682 2515 4752 insequendique
2562 4676 2866 4746 defatigati,
2905 4684 2954 4727 el
2990 4668 3336 4725 multitudine
3378 4668 3656 4720 hostilium

2084 4776 2302 4830 navium
2363 4771 2658 4841 perterriti,
2728 4768 2792 4820 ad
2854 4768 3033 4834 fugant
3100 4763 3451 4816 inclinarunt.
3519 4756 3656 4812 Cum

2084 4876 2266 4919 autem
2307 4863 2603 4916 barbaricae
2638 4874 2803 4911 naves
2831 4856 3016 4909 fauces
3070 4854 3225 4907 sinus
3266 4848 3649 4905 circumdedis-

2084 4967 2207 5012 sent
2232 4969 2285 5011 et
2336 4955 2388 5007 in
2426 4954 2593 5006 altum
2630 4951 2780 5003 exire
2820 4964 2927 5001 non
2965 4946 3208 5007 daretur,
3267 4940 3659 4995 Constantinus

2084 5050 2347 5120 patricius
2382 5044 2731 5100 Caballui-ius
2760 5041 3219 5111 Cibyrrmotarutn
3256 5038 3383 5094 dux,
3414 5049 3536 5085 cum
3561 5046 3659 5085 sua

2083 5154 2135 5199 et
2174 5142 2297 5196 aliis
2337 5141 2522 5194 decem
2573 5135 2889 5191 triremibus
2930 5131 3140 5185 fortiter
3186 5130 3239 5181 in
3304 5127 3510 5180 hostem
3564 5138 3664 5192 puv

2082 5230 2572 5307 gnans,concisus
2635 5237 2736 5281 cst.
2799 5225 2984 5293 Captae
3042 5238 3070 5274 a
3118 5220 3370 5274 Barbaris
3418 5224 3658 5285 quatuor

2085 5327 2335 5380 triremes
2356 5338 2480 5377 cum
2514 5322 2647 5391 ipsis
2680 5318 3013 5382 vectoribus,
3056 5316 3277 5382 ipsaque
3322 5310 3487 5373 etiam
3527 5321 3664 5375 prte-

2085 5417 2219 5471 toria
2248 5414 2425 5467 navis.
2454 5413 2712 5466 llmuines
2750 5410 2805 5463 in
2854 5409 2920 5462 iis
2970 5420 3161 5459 omnes
3222 5400 3513 5455 interfecti.
3548 5397 3658 5450 Re-

2086 5509 2245 5575 liqua:
2284 5504 2654 5558 Romanorum
2695 5516 2858 5555 naves
2890 5500 2943 5551 in
2980 5496 3182 5559 brevia,
3239 5495 3419 5547 littora
3456 5495 3661 5544 incom—

2085 5598 2244 5651 moda
2298 5605 2351 5650 et
2412 5611 2542 5649 saxa
2585 5595 2771 5661 ejecta:
2805 5607 2867 5644 ac
2906 5591 3150 5644 contritrc
3185 5593 3332 5641 sunt.
3380 5580 3661 5637 €la$siarii

2085 5693 2170 5743 alii
2204 5690 2255 5741 in
2290 5704 2317 5739 a
2351 5703 2455 5757 qua
2486 5687 2782 5757 perierunt,
2809 5685 2897 5738 alii
2946 5699 2975 5736 a
3014 5680 3265 5735 Barbaris
3293 5678 3374 5731 vel
3410 5671 3665 5729 trucidati

2086 5780 2387 5849 ι‹1ι·;ιιιιίνι
2431 5780 2643 5835 abducti
2679 5788 2827 5834 sunt.
2866 5775 3200 5844 Superstitcs
3242 5770 3397 5835 nudt,
3424 5766 3657 5838 pedites-
