4410 6442
355 388 462 451 293

1446 382 1730 441 IIIS'I‘OR
1746 382 1759 437 l
1775 383 1812 436 Α
1829 381 1868 439 Il
1884 381 1989 441 UM
2029 382 2552 447 (IOMI‘ENDIUM.

3495 389 3605 453 294

355 499 501 554 ἄλλοι
541 498 640 565 μὲν
680 495 803 557 τοὶς
836 495 1033 558 ἵππους
1068 492 1392 555 ἀποῦάντες,
1427 496 1577 547 ἄλλοι
1607 494 1662 546 δὲ
1705 495 1798 547 καὶ
1829 494 1927 561 ἕφ-
1965 524 2003 574 Λ
2038 495 2092 547 lit

1863 512 1927 561 φ-
1965 524 2003 574 Λ
2038 495 2207 551 litatis
2232 498 2899 569 principem,eunuchum,
2924 516 2952 554 a
2980 500 3270 556 Saracenis
3288 503 3604 558 oriumlmm

361 607 536 653 ιπποι,
588 589 660 651 ῶς
717 605 791 655 πη
842 586 1070 647 ἕκαστος
1125 585 1393 649 ἐϐούλετο,
1451 587 1585 653 πρὸς
1630 586 1725 655 τὴν
1781 587 1932 637 πόλιν

356 686 574 754 ἔτρεχον
628 683 702 743 ὼς
752 681 1001 734 αὐτοϐοεὶ
1056 677 1260 749 ταύτην
1310 680 1653 750 αἱρήσοντες.
1686 679 1839 731 Ἐπεὶ
1876 679 1933 731 δὲ

356 776 500 828 ἔνδον
544 774 790 842 ἐγένοντο
840 772 949 823 τῶν
1005 773 1062 825 ὲν
1105 772 1255 842 μέσῳ
1285 771 1393 823 τῶν
1421 772 1758 839 ἀμπελώνων
1797 770 1933 822 ὁδῶν

358 873 449 921 καὶ
485 868 610 936 ἄχρι
640 868 737 934 τῆς
770 864 980 925 πόλεως
1020 862 1285 930 ἔφθασαν,
1315 862 1434 914 τότε
1466 862 1528 931 δὴ
1555 866 1621 931 τῇ
1671 862 1933 927 σάλπιγγι

364 964 611 1030 εημήνας
643 962 670 1012 6
703 956 1103 1027 ’Δπλησφάρης
1136 956 1299 1022 ἔργου
1348 956 1634 1007 ἐκέλευσεν
1688 952 1930 1021 ἔχεσθαι,

358 1057 451 1107 καὶ
508 1051 901 1118 ἐξαναστάντες
955 1050 1063 1101 ἀπὸ
1099 1047 1203 1099 τῶν
1249 1047 1419 1116 λόχων
1462 1048 1512 1099 οί
1553 1046 1706 1109 πεζοὶ
1737 1046 1786 1097 οἱ
1836 1048 1930 1114 μὲν

359 1146 530 1208 τόξοις
584 1145 630 1195 οἱ
690 1142 747 1194 δὲ
796 1142 965 1199 imor:
1008 1139 1254 1197 ἔϐαλλον.
1306 1139 1452 1192 ἄλλοι
1500 1138 1557 1190 δὲ
1604 1137 1931 1206 ἐτίτρωσκον

361 1234 470 1288 ἀπὸ
498 1234 605 1286 τῶν
637 1233 903 1302 Θριγγῶν,
936 1231 1042 1285 τῶν
1084 1232 1372 1301 Ῥωμαίων
1427 1230 1786 1299 κωλυομένων
1829 1231 1931 1283 ὑπὸ

355 1327 562 1379 τούτων
616 1326 744 1387 τοὺς
819 1324 1113 1393 πολεμίους
1170 1323 1501 1392 ἀμύνασθαι.
1559 1321 1772 1374 Γίνεται
1838 1321 1928 1376 οὖν

354 1420 531 1487 τροπὴ
595 1417 828 1488 μεγάλη,
892 1419 987 1470 καὶ
1040 1416 1303 1485 σφάζεται
1346 1415 1630 1483 Ῥωμαίων
1687 1415 1928 1484 ἀπείρων

359 1511 581 1577 πλῆθος,
641 1513 834 1578 φυγεῖν
894 1511 967 1578 μὴ
1020 1509 1333 1576 δυναμένων
1377 1507 1484 1560 τῶν
1549 1507 1751 1565 ἵππων,
1815 1505 1929 1555 ἀλλ’

355 1602 742 1667 ἐμπιπτόντων
775 1602 852 1660 εἰς
882 1600 974 1651 16v
1015 1598 1186 1666 πηλὸν
1228 1600 1317 1651 καὶ
1352 1600 1419 1651 τὰ
1460 1598 1724 1666 τέλματα.
1760 1595 1929 1657 Μόλις

353 1692 447 1743 οὖν)
497 1691 688 1750 σωθεὶς
721 1692 749 1742 6
791 1690 1027 1759 Ἰαςίτης
1084 1691 1179 1742 σὺν
1217 1689 1293 1758 τῷ
1339 1688 1735 1757 Κωνσταντίνῳ
1766 1689 1823 1738 ἐν
1850 1686 1927 1754 τῷ

365 1781 525 1847 Ἀνίῳ
552 1778 878 1845 αὐτάγγελοι
926 1780 1022 1847 τῆς
1056 1780 1339 1847 συμφορᾶς
1372 1776 1451 1845 τῷ
1481 1776 1734 1845 Νικολάῳ
1762 1777 1925 1843 γεγό-

354 1887 530 1923 νασιν.
566 1869 953 1934 Ἀγγελθέντος
1000 1869 1058 1919 δὲ
1098 1867 1192 1919 τοῦ
1224 1866 1533 1935 συμϐάντος
1574 1868 1925 1935 ἀτυχήματος

354 1963 429 2029 τῷ
463 1962 689 2030 βασιλεῖ,
747 1965 773 2014 6
834 1962 931 2031 μὲν
984 1960 1247 2021 Νικόλαος
1278 1960 1371 2013 καὶ
1419 1962 1446 2012 ό
1478 1960 1714 2027 Ἰασίτης
1756 1961 1923 2024 ἀφαι-

358 2055 578 2119 ροῦνται
608 2055 703 2113 τὰς
738 2053 935 2120 ἀρχὰς,
972 2050 1408 2121 προχειρίζονται
1447 2051 1503 2103 δὲ
1535 2051 1655 2102 ἀντὶ
1693 2049 1793 2116 μὲν
1832 2046 1925 2099 τοῦ

367 2144 591 2195 Ἱαςίτου
642 2142 766 2205 δοὺξ
798 2140 1035 2210 Ἰϐηρίας
1080 2144 1106 2192 ό
1151 2143 1503 2207 κεκαυμένος
1530 2180 1541 2199 ,
1576 2140 1696 2191 ἀντὶ
1739 2138 1793 2189 δὲ
1831 2136 1923 2189 τοῦ

356 2236 623 2286 Νικολάου
676 2232 978 2301 στρατηγὸς
1027 2232 1385 2300 αὐτοκράτωρ
1438 2232 1843 2290 Κωνσταντῖνος
1897 2231 1924 2280 6

355 2328 449 2394 τῆς
492 2326 734 2393 μεγάλης
768 2325 1042 2392 ἑταιρείας
1079 2325 1283 2392 ἄρχων,
1326 2322 1578 2390 εὐνοῦχος
1615 2322 1921 2389 ἄνθρωπος,

358 2422 417 2469 ἐκ
453 2418 787 2486 Σαρακηνῶν
817 2417 990 2467 ἕλκων
1032 2416 1091 2467 τὸ
1130 2417 1283 2481 γένος
1328 2416 1422 2467 καί
1457 2414 1535 2479 τῷ
1583 2415 1788 2482 βασιλεῖ
1816 2415 1921 2465 ὑπ-

357 2513 627 2579 ηρετήσας
679 2508 783 2575 πρὸ
826 2509 925 2575 τῆς
961 2507 1235 2575 βασιλείας
1290 2508 1381 2558 καὶ
1422 2508 1606 2557 πίστιν
1643 2506 1824 2573 τηρῶν
1866 2506 1923 2565 ὲς

357 2604 547 2653 αὐτόν’
578 2600 624 2652 οἳ
656 2600 718 2667 δὴ
745 2600 836 2650 καὶ
875 2599 1013 2650 κατὰ
1045 2597 1231 2666 χώραν
1261 2599 1544 2665 γενόμενοι
1580 2596 1675 2647 καὶ
1710 2597 1805 2658 τὰς
1828 2597 1921 2648 δυ-

360 2692 547 2756 νάμεις
596 2688 1012 2755 συνηθροικότες
1066 2685 1228 2755 ἔργου
1281 2686 1510 2754 εἴχοντο.
1552 2688 1677 2737 -Καὶ
1716 2688 1776 2754 τῇ
1825 2686 1920 2753 μὲν

360 2781 509 2831 πόλει
537 2779 629 2831 τοῦ
657 2778 869 2839 Τιὸίου,
911 2780 1033 2847 ἥτις
1063 2774 1129 2846 ἦν
1154 2778 1249 2829 τοῦ
1282 2779 1480 2839 παντὸς
1516 2779 1698 2840 ἕονους
1722 2778 1923 2845 μητρό-

361 2872 532 2932 πολις,
576 2868 901 2937 προσϐαλεῖν
942 2871 1040 2921 οὐκ
1090 2870 1383 2937 ἠθέλησαν,
1422 2872 1828 2937 ἀποπειρῶνται
1868 2869 1923 2919 δὲ

361 2960 592 3030 ῑ1’.76-ί]
648 2961 754 3011 τῶν
792 2960 993 3012 λοιπῶν
1052 2962 1326 3029 φρουρίων
1360 2962 1466 3011 τῶν
1511 2962 1609 3012 ὅσα
1658 2960 1734 3028 τῶ
1765 2959 1924 3028 Ἀνίῳ

358 3052 661 3104 ὑπόκειται.
696 3052 801 3103 Καὶ
829 3051 1045 3120 αἱροῦσι
1081 3052 1179 3119 μὲν
1208 3053 1306 3117 τὴν
1339 3052 1526 3117 Ἀγίαν
1572 3051 1790 3119 Μαρίαν
1831 3050 1923 3101 καὶ

358 3146 415 3194 τὸ
440 3143 731 3210 λεγόμενον
756 3142 993 3211 Ἀμπίερ
1016 3144 1108 3194 καὶ
1136 3143 1227 3193 τὸν
1251 3144 1434 3209 ’Ἅγιον
1462 3143 1773 3209 Γρηγόριον,
1802 3142 1920 3193 λίαν

360 3234 568 3301 ἐρυμνὰ
598 3234 693 3284 καὶ
719 3234 1049 3301 ἀπόκρημνα
1080 3234 1526 3302 ὀχυρώματι,τοῦ
1559 3234 1917 3301 Ἀπλητφάρη

359 3327 617 3388 πολλάκις
663 3327 1111 3394 ἐπιχειρήσαντος
1157 3326 1421 3395 βοηθῆσαι
1479 3328 1659 3387 αὐτοῖς
1702 3327 1920 3395 πολιορ-

358 3417 660 3484 κουμένοις,
690 3417 781 3467 καὶ
810 3418 1135 3477 τοσαυτάκις
1167 3417 1510 3483 ἠττηῡέντος.
1548 3418 1834 3485 Ἕρχονται
1866 3416 1921 3467 δὲ

357 3505 448 3558 καὶ
484 3506 577 3557 ἐπὶ
607 3506 669 3556 16
698 3504 956 3574 φρούριον
984 3506 1044 3556 τὸ
1084 3505 1421 3573 καλούμενον
1454 3507 1777 3567 Χελιδόνιον,
1829 3507 1921 3557 ἐπὶ

360 3593 546 3660 βουνοῦ
607 3610 665 3645 τε
727 3595 1080 3663 ἀποκρήμνου
1142 3594 1427 3661 ἱδρυμένον
1485 3596 1578 3646 καὶ
1621 3595 1680 3645 οὐ
1732 3595 1920 3662 πόρρω

357 3684 604 3753 κείμενον
643 3683 733 3735 τοῦ
775 3683 996 3734 Τιείου·
1044 3683 1137 3735 καὶ
1172 3685 1588 3751 κυκλωσάμενοι
1631 3690 1790 3736 τοῦτο
1828 3683 1921 3736 τά-

359 3791 513 3841 φροις
542 3775 633 3825 καὶ
657 3771 849 3841 χάραξι
898 3772 987 3826 διὰ
1032 3775 1390 3843 προσεδρείας
1432 3775 1718 3843 ἠπείγοντο
1745 3792 1921 3842 παρα-

362 3862 659 3927 στήσασθαι
679 3878 691 3890 '
712 3862 928 3933 καὶγὰρ
956 3863 1022 3929 δὴ
1041 3859 1443 3927 καὶὲσπάνιζον
1469 3866 1577 3916 των
1605 3864 1921 3931 ἀναγκαίων

356 3955 401 4006 οἱ
442 3957 572 4006 εἴσω
625 3954 717 4006 τοῦ
766 3954 994 4022 τείχους,
1036 3955 1110 4024 μὴ
1162 3954 1467 4022 φθάσαντες
1500 3955 1920 4023 είσκομίσασθαι

358 4044 422 4095 τὰ
459 4043 741 4111 ἐπιτήδεια
768 4042 853 4095 διὰ
881 4043 941 4095 τὸ
972 4044 1070 4112 τῆς
1115 4044 1419 4115 προσϐολῆς
1452 4044 1772 4116 ὀξύρροπον.
1811 4045 1921 4099 Καὶ

356 4138 772 4203 παρεστήσαντο
803 4134 867 4187 ἂν
898 4137 991 4187 καὶ
1031 4135 1209 4200 τοῦτο,
1240 4138 1288 4189 εἰ
1323 4137 1397 4206 μὴ
1439 4138 1716 4203 αἰφνιδίως
1757 4140 1787 4205 ἡ
1826 4137 1917 4189 τοῦ

355 4227 645 4293 πατρικίου
679 4224 906 4286 Λέοντος
928 4225 1022 4277 τοῦ
1049 4225 1331 4294 Τορνικίου
1360 4227 1416 4292 ἐξ
1440 4228 1675 4296 ἑσπέρας
1705 4227 1917 4298 ἀνήφθη

352 4316 679 4369 ἀποστασία.
732 4308 901 4376 Οὗτος
961 4316 1069 4384 γὰρ
1106 4316 1428 4386 στρατηγῶν
1474 4320 1530 4370 ἐν
1581 4319 1788 4389 Ἰϐηρίᾳ
1827 4322 1920 4372 καὶ

352 4406 664 4475 διαϐληθεὶς
697 4408 771 4470 ὼς
797 4407 1101 4475 τυραννιῶν
1133 4408 1230 4477 τῆς
1265 4426 1323 4461 τε
1351 4410 1526 4480 ἀρχῆς
1552 4412 1917 4481 παραστέλλε-

2038 587 2142 641 sibi
2205 590 2367 642 lidum
2416 591 2715 655 hominem,
2752 602 2805 646 et
2845 593 3005 660 cujus
3042 610 3207 663 opera
3239 596 3405 649 etiam
3445 608 3609 648 aute-

2034 693 2195 747 quam
2249 678 2403 749 561
2459 682 2525 735 ad
2562 682 2847 750 imperium
2890 684 3208 738 eveheretur
3243 702 3374 738 usus
3408 688 3608 739 fuerat.

2034 768 2097 821 Ili
2137 781 2317 822 autem
2373 773 2708 839 provinciam
2744 773 2980 844 ingressi
3042 775 3395 845 collectisque
3452 794 3606 832 exer-

2034 859 2235 913 citibus
2267 860 2331 912 ad
2367 876 2478 914 rem
2526 865 2815 931 gerendam
2856 867 3128 928 conversi,
3170 866 3357 920 urbem
3392 867 3604 921 Tibiiiiii

2034 966 2153 1018 qua:
2210 960 2325 1004 erat
2411 952 2531 1020 ejus
2617 955 2794 1021 gentis
2878 956 3217 1025 metropolis,
3294 973 3609 1028 oppugnare

2032 1041 2436 1096 incommodum
2490 1043 2615 1108 rati,
2689 1045 2897 1113 reliqua
2988 1049 3052 1100 ad
3142 1047 3345 1103 Anium
3442 1053 3608 1118 perti-

2032 1134 2215 1187 nentia
2247 1135 2467 1188 castella
2506 1142 2734 1199 tentant,
2779 1139 3114 1209 capiuntque
3166 1143 3424 1196 Sanctam
3491 1141 3606 1195 Ma-

2034 1225 2193 1285 riam,
2230 1225 2571 1293 Ampierum,
2611 1228 2873 1282 Sanctum
2918 1228 3261 1299 Gregorium,
3312 1234 3609 1289 admodum

2033 1317 2277 1372 munitas
2308 1326 2362 1371 et
2398 1321 2689 1387 praeruptis
2725 1322 3011 1390 impositas
3064 1326 3210 1377 saxis
3243 1340 3415 1388 arces,
3445 1328 3605 1392 Apte-

2033 1407 2254 1475 sphario
2288 1422 2429 1476 sa‘pe
2462 1423 2619 1477 opem
2670 1411 2736 1461 iis
2787 1413 2914 1463 dum
2964 1425 3413 1482 oppugnarentur
3467 1420 3606 1469 terre

2031 1510 2248 1563 conato,
2288 1515 2613 1568 semperque
2643 1502 2808 1553 victo.
2839 1502 2966 1556 lude
3005 1505 3069 1555 ad
3093 1505 3378 1558 castellum
3426 1507 3604 1558 Cheli-

2031 1592 2252 1645 douium
2308 1595 2557 1652 veniunt,
2613 1595 2778 1648 situm
2843 1594 2895 1646 in
2953 1597 3212 1663 praecipiti
3271 1598 3407 1651 colle
3462 1596 3603 1649 haud

2032 1682 2189 1749 longe
2223 1697 2249 1733 a
2283 1679 2463 1734 Tibio.
2505 1681 2559 1734 Id
2598 1700 2719 1734 cum
2755 1684 2897 1736 vallo
2922 1684 3181 1753 fossaque
3206 1687 3604 1739 circumvenis-

2031 1778 2172 1831 sent,
2199 1770 2489 1823 obsidione
2518 1784 2712 1836 capere
2748 1772 3059 1836 intendunt,
3115 1774 3263 1844 quod
3318 1776 3428 1843 jam
3469 1791 3603 1837 prte-

1962 1860 2002 1917 B
2033 1860 2294 1915 sidiarios
2321 1876 2408 1914 res
2468 1862 2532 1915 ad
2572 1863 2775 1914 vietum
2843 1868 3165 1937 necessariae
3212 1866 3605 1928 destituebant,

2032 1951 2209 2005 subita
2241 1951 2528 2005 obsidione
2588 1964 2890 2020 prmventos
2934 1970 2999 2007 ne
3033 1969 3220 2007 earum
3255 1958 3467 2023 copiam
3502 1957 3603 2010 im-

2027 2050 2332 2109 portarent.
2360 2041 2726 2112 Fuissentque
2758 2059 2823 2098 eo
2853 2045 3031 2113 potiti,
3068 2047 3172 2098 nisi
3214 2046 3266 2098 in
3303 2047 3602 2101 Occidente

2027 2145 2249 2203 repente
2279 2135 2491 2203 patricii
2514 2135 2710 2190 Leonis
2744 2135 2987 2190 Tornicii
3011 2139 3309 2193 exarsisset
3342 2138 3594 2193 defectio.

2024 2226 2075 2280 Is
2110 2225 2218 2279 Leo
2250 2243 2370 2279 cum
2406 2228 2631 2279 lheriam
2663 2229 2991 2298 gubernaret
3020 2228 3283 2283 aﬂ'ectatae
3344 2230 3591 2299 tyranni-

2023 2319 2143 2371 dum
2200 2326 2520 2379 accusatus,
2604 2320 2923 2387 magistratu
2976 2322 3241 2386 spoliatus
3323 2335 3594 2389 rususque

2025 2409 2189 2461 vitam
2227 2409 2589 2463 monasticam
2624 2424 2783 2479 agere
2825 2413 3017 2478 jussus
3060 2421 3198 2463 erat.
3233 2410 3350 2464 Non
3384 2413 3591 2464 medio-

2025 2500 2193 2552 criter
2230 2509 2412 2551 autem
2456 2498 2637 2553 ferens
2668 2502 3081 2565 contumeliam,
3127 2502 3339 2554 occulte
3374 2516 3435 2554 ac
3461 2516 3596 2570 pau-

2026 2593 2171 2645 latim
2198 2590 2367 2643 duces
2411 2591 2502 2659 qui
2548 2592 2899 2659 AdrianOpoli
2936 2601 3092 2645 erant
3121 2594 3383 2660 corrupit,
3424 2593 3599 2661 quiet

2025 2682 2127 2750 ipsi
2155 2684 2511 2751 contemptim
2564 2683 2631 2735 ab
2680 2683 3014 2751 imperatore
3046 2683 3214 2736 habiti
3243 2684 3356 2734 otio
3414 2691 3599 2751 torpe-

2027 2775 2175 2827 bant.
2227 2776 2429 2827 Iloruiu
2509 2774 2704 2829 deinde
2757 2784 2809 2827 et
2875 2790 3103 2827 suorum
3161 2774 3597 2827 necessariorum

2025 2880 2189 2933 opera
2221 2866 2420 2918 milites
2451 2880 2668 2933 quoque
2698 2865 2798 2917 sibi
2819 2864 3101 2927 conciliat,
3130 2866 3222 2933 qui
3247 2865 3407 2917 otiosi
3435 2863 3601 2933 562

2026 2959 2313 3027 degebant,
2346 2967 2398 3011 et
2433 2964 2700 3026 quotquot
2726 2955 2926 3024 praedis
2957 2971 3019 3008 ac
3068 2955 3472 3024 direptionibus
3502 2956 3597 3008 dc-

2028 3052 2389 3105 lcetabautur.
2419 3052 2824 3120 Contractaque
2861 3064 3056 3119 magna
3091 3066 3273 3111 manu,
3302 3049 3602 3118 imperatur

2025 3143 2293 3195 salutatus
2324 3158 2446 3194 cum
2495 3142 2752 3195 omnibus
2805 3142 2921 3195 suis
2977 3139 3154 3208 copiis
3222 3148 3468 3192 actutum
3527 3138 3597 3189 ad

2026 3233 2213 3285 urbem
2267 3234 2654 3300 proficiscitur.
2696 3232 3017 3300 Imperator,
3065 3232 3157 3300 qui
3192 3245 3368 3297 neque
3400 3229 3465 3283 ad
3507 3245 3596 3283 re-

2023 3325 2329 3379 sistendum
2374 3326 2508 3379 satis
2540 3326 2777 3378 habebat
2807 3326 2858 3377 in
2892 3332 3147 3394 promptu
3217 3324 3470 3386 militum,
3499 3338 3596 3375 ne-

2023 3430 2127 3482 que
2156 3415 2355 3467 civium
2390 3430 2516 3483 erga
2545 3431 2600 3467 se
2627 3415 2748 3467 t‘idei
2799 3430 2863 3467 ac
2912 3414 3303 3468 benevolentia;
3348 3428 3407 3468 se
3436 3429 3591 3466 com-

2024 3507 2239 3559 mittere
2271 3506 2531 3567 audebat,
2568 3508 2619 3558 in
2655 3506 2884 3559 Iberiam
2914 3505 3168 3557 nuntium
3202 3506 3359 3572 equis
3408 3504 3593 3573 dispo-

2021 3597 2141 3649 sitis
2170 3598 2330 3649 mittit
2356 3597 2421 3648 ad
2454 3596 3143 3659 Constantinum,emissis
3174 3610 3295 3663 qua:
3326 3595 3379 3647 in
3414 3594 3591 3647 mani-

2020 3687 2122 3740 bus
2147 3696 2322 3749 erant,
2352 3686 2639 3741 celerrime
2668 3687 2733 3739 ad
2759 3686 2955 3755 Cpolin
2994 3701 3116 3739 eum
3148 3686 3387 3739 exercitu
3406 3685 3592 3739 venire

2018 3776 2234 3845 jubens.
2282 3776 2333 3831 Is
2409 3779 2650 3845 acceptis
2717 3777 2940 3840 litteris,
2991 3790 3304 3845 quanquam
3366 3772 3589 3845 jamjam

2020 3867 2294 3936 potiturus
2350 3867 2668 3923 Chelidonio
2720 3869 3024 3931 videbatur,
3061 3869 3240 3922 soluta
3272 3856 3588 3921 iobsidione

2021 3974 2146 4012 cum
2184 3958 2526 4029 Aplcspharo
2558 3974 2742 4027 pacem
2780 3960 3063 4026 {mnusque
3095 3959 3591 4027 componit.jurato

2019 4060 2074 4105 et
2095 4052 2228 4105 diris
2261 4053 2423 4105 etiam
2461 4053 2513 4105 ni
2564 4053 2829 4121 promissa
2865 4053 3114 4120 impleret
3173 4052 3581 4118 imprecationi-

2018 4143 2120 4197 bus
2155 4158 2213 4197 se
2236 4145 2555 4205 devovente,
2588 4159 2645 4197 se
2693 4145 2745 4196 in
2800 4144 2901 4197 ﬁde
2949 4142 3294 4209 imperatoris
3334 4157 3587 4210 perman-

2018 4248 2204 4287 surum
2227 4249 2401 4301 nequc
2425 4232 2718 4303 quidquam
2748 4242 2933 4287 rontra
2959 4233 3233 4286 Romanos
3251 4233 3585 4286 moliturum.

2020 4322 2116 4378 His
2151 4324 2225 4377 ita
2268 4328 2423 4386 actis,
2470 4324 2537 4376 ad
2604 4324 2790 4376 urbem
2861 4338 2981 4375 cum
3040 4323 3282 4375 exercitu
3338 4321 3587 4376 festinat.

2023 4415 2134 4469 Hoc
2152 4417 2311 4470 modo
2341 4416 2722 4469 Chelidonium
2761 4416 3067 4467 liberatum.
3101 4412 3217 4481 Ipse
3241 4428 3363 4465 cum
3396 4410 3588 4465 Orien-

352 4514 440 4551 1a.t
486 4498 583 4547 καὶ
642 4496 872 4565 μοναχδς
917 4497 1271 4564 ἀποκείρεται
1331 4499 1426 4551 καὶ
1475 4500 1556 4560 εἰς
1619 4501 1718 4567 τὴν
1768 4501 1918 4555 πόλιν
1951 4518 1995 4573 ι)
2024 4510 2093 4561 ta]

1844 4501 1918 4555 λιν
1951 4510 2161 4573 Dtales
2206 4509 2445 4576 legiones
2505 4516 2788 4575 totumque
2867 4507 3166 4559 exercitum
3243 4503 3585 4565 adduxisset,

353 4589 541 4657 ἀχθεὶς
582 4588 719 4641 οἴκοι
750 4588 934 4656 μένειν
961 4589 1017 4639 ὲν
1035 4587 1475 4656 Ἀδριανουπόλει
1501 4592 1915 4659 προστάττεται.

354 4680 441 4747 Μὴ
472 4677 711 4744 ἐνεγκὼν
731 4678 787 4728 δὲ
821 4678 1064 4747 εὐφόρως
1095 4679 1163 4731 τὰ
1190 4683 1269 4741 είς
1286 4679 1447 4734 αὐτὸν
1474 4682 1733 4748 γεγονότα
1765 4684 1917 4736 ἀνια-

355 4770 449 4837 ρά,
483 4768 660 4835 λάθρα
696 4768 791 4819 καὶ
830 4769 970 4821 κατὰ
1002 4770 1199 4840 μικρὸν
1220 4771 1346 4833 τοὺς
1388 4774 1444 4824 ὲν
1478 4774 1916 4840 ’Δδριανουπόλει

356 4857 621 4927 πρότερον
669 4858 1009 4910 ὑποποιείται
1070 4861 1432 4929 στρατηγοὺς,
1486 4862 1672 4915 ὀπόσοι
1728 4863 1917 4932 ἔτυχον

352 4948 501 5010 ὄντες
550 4949 969 5019 παρεωραμένοι
1004 4948 1098 5000 καὶ
1144 4950 1451 5018 ἄπρακτοιο
1485 4952 1575 5005 διά
1622 4954 1677 5007 δὲ
1715 4956 1916 5008 τούτων

354 5039 442 5090 καὶ
470 5039 581 5091 τῶν
624 5038 789 5090 αὐτοῦ
835 5038 1112 5107 συγγενῶν
1147 5039 1481 5111 ὑποφθείρας
1514 5044 1606 5096 καὶ
1642 5046 1766 5106 τοὺς
1804 5048 1915 5098 ὅσοι

352 5128 457 5180 τῶν
510 5129 897 5182 Μακεδονικῶν
928 5128 1098 5201 ἦρχον
1130 5137 1427 5202 ταγμάτων
1472 5136 1566 5187 καὶ
1606 5136 1911 5205 Θρᾳκικῶν,

354 5222 445 5270 καὶ
478 5222 609 5281 τοὺς
641 5223 753 5273 ὅσοι
787 5222 1074 5291 ἐσχόλαζον
1122 5223 1457 5293 στρατιώτας
1508 5226 1601 5277 καὶ
1644 5228 1770 5290 τοὺς
1805 5229 1915 5280 ὅσοι

353 5310 469 5371 ταῖς
521 5307 837 5375 λεηλασίαις
868 5313 961 5364 καὶ
1007 5315 1126 5375 ταῖς
1171 5314 1497 5385 διαρπαγαῖς
1544 5317 1783 5388 ἔχαιρον,
1826 5323 1916 5373 καὶ

356 5402 510 5467 χεῖρα
542 5398 735 5468 ἱκανὴν
764 5404 1195 5471 συστησάμενος,
1221 5407 1610 5477 ἀναγορεύεται
1642 5409 1914 5478 βασιλεὺς,

356 5490 446 5540 καἾ.
476 5489 697 5543 ᾶπαντα
731 5492 821 5543 τὸν
873 5493 961 5544 ὑπ’
1001 5494 1166 5546 αὐτὸν
1211 5498 1439 5565 ἀγείρας
1476 5498 1597 5550 λαὸν
1632 5497 1756 5562 ὀξὺς
1795 5505 1915 5553 ὲπι-

356 5580 605 5644 φαίνεται
632 5584 694 5648 τῇ
721 5582 968 5651 βασιλίδι,
995 5584 1086 5636 τοῦ
1120 5584 1383 5653 βασιλέως
1414 5591 1548 5658 μήτε
1583 5590 1761 5641 ἱκανὸν
1790 5592 1915 5644 λαῑν

358 5670 569 5735 ἔχοντος
602 5671 736 5736 πρὸς
769 5676 1199 5744 ἀντιπαράταξιν
1242 5679 1376 5746 μήτε
1428 5680 1769 5743 πιστεύοντος
1808 5684 1915 5745 τοῖς

360 5760 605 5825 πολίταις
639 5760 711 5824 ὡς
740 5764 947 5819 εὖνοιαν
970 5769 1062 5821 καὶ
1092 5770 1274 5823 πίστιν
1306 5772 1627 5840 φυλάξουσιν
1654 5777 1707 5837 ἐς
1732 5776 1910 5829 αὐτόν.

2013 4599 2171 4666 jussu
2205 4597 2553 4664 imperatoris
2587 4598 2775 4651 urbem
2826 4596 3068 4659 intravit,
3125 4595 3397 4649 exercitus
3431 4601 3583 4661 parte

2018 4686 2071 4739 in
2105 4685 2393 4737 Thraciam
2443 4695 2836 4755 transportata,
2892 4687 2957 4737 ad
3029 4682 3416 4753 Chrysopolin,
3464 4696 3590 4749 quae

2019 4774 2155 4827 mari
2200 4773 2543 4827 interﬂuente
2584 4773 2736 4841 Cpoli
2768 4773 3020 4843 opposita
3075 4781 3182 4835 est,
3218 4771 3323 4823 alia
3347 4770 3413 4822 ad
3442 4769 3587 4838 Aby-

2016 4865 2144 4919 dum
2174 4880 2295 4933 quae
2323 4866 2375 4918 in
2403 4864 2772 4933 Hellesponto.
2809 4864 3009 4917 Verum
3066 4864 3179 4916 hmc
3216 4869 3401 4930 postea
3450 4869 3585 4913 tem-

2019 4958 2167 5026 poris
2190 4964 2331 5011 acta.
2364 4956 2658 5012 Tornicius
2701 4968 2825 5010 ante
2882 4956 3223 5011 Ceustantim
3286 4953 3585 5006 adventum

2017 5065 2204 5103 mense
2231 5048 2562 5119 Septembri,
2591 5050 2892 5104 indictione
2948 5050 3135 5118 prima
3171 5048 3485 5114 imperator,
3520 5052 3581 5095 ut

2017 5141 2276 5201 diximus,
2295 5142 2562 5195 salutatus
2587 5141 2746 5211 563
2762 5143 2906 5195 dicto
2936 5140 3098 5193 citius
3118 5137 3311 5206 Cpolin
3342 5136 3581 5196 obsidet,

2017 5245 2244 5298 sperans
2319 5246 2377 5284 se
2424 5232 2607 5284 statim
2658 5246 2718 5284 ea
2766 5230 3089 5297 potiturum,
3152 5225 3293 5294 quod
3366 5221 3579 5276 sciebat

2019 5324 2404 5390 imperatorem
2433 5322 2697 5376 militibus
2744 5321 2988 5376 destitui.
3037 5320 3206 5389 Igitur
3232 5317 3430 5371 castris
3454 5331 3581 5383 pro-

2018 5413 2163 5468 xime
2193 5414 2579 5467 monasterium
2633 5412 3041 5482 Anargyrorum
3097 5426 3127 5462 e
3180 5408 3400 5476 regione
3456 5405 3579 5459 Blu-

2017 5506 2344 5558 chernarum
2376 5503 2519 5567 lixis,
2568 5505 2802 5572 primum
2844 5502 3024 5557 verbis
3058 5515 3121 5554 ac
3157 5497 3576 5569 pollicitationi-

2019 5598 2122 5650 bus
2163 5600 2377 5650 animos
2404 5597 2603 5650 civium
2632 5608 2819 5659 tentat,
2843 5596 3059 5659 deinde,
3081 5594 3292 5646 nemine
3323 5593 3579 5643 audiente

2019 5690 2217 5757 ipsum,
2243 5689 2349 5742 vim
2377 5700 2553 5758 parat.
2574 5689 2676 5743 Sed
2708 5700 2761 5743 et
2796 5690 3085 5757 imperator
3112 5686 3258 5738 cives
3294 5683 3578 5751 populum-

2018 5796 2123 5844 que
2152 5789 2346 5843 armat,
2374 5782 2555 5836 iisuue
2586 5794 2863 5835 murorum
2907 5779 3271 5835 defensionem
3327 5774 3580 5831 commit-
