4410 6442
778 388 884 448 29‘)

2079 384 2400 445 tiEURt’iU
2446 389 2779 450 (.EDRENI

3921 408 4024 465 230d

778 502 936 562 tiam,
975 498 1066 551 sed
1102 509 1147 549 et
1196 496 1485 565 Aigj'ptuln
1516 507 1567 550 et
1603 498 1823 567 Libyam
1857 506 1907 550 et
1964 496 2193 569 EttrOpm
2243 516 2348 552 nun
2385 509 2422 561 Α
2463 501 2519 554 Σε

2284 516 2348 551 un
2385 509 2422 561 Λ
2463 501 2802 573 Σαρακηνιῖιν
2859 509 3211 577 ἐπικρατείας
3272 514 3345 582 μὴ
3401 518 3558 583 μόνον
3616 516 3870 584 Περσίδος
3934 520 4025 571 καὶ

777 591 1031 659 exiguam
1058 596 1262 656 partem
1290 588 1645 657 subegerunt.
1676 588 1773 657 ipsi
1808 590 1948 643 inter
1976 606 2034 644 se
2065 601 2350 658 cmperunt

778 680 1013 734 diversis
1069 678 1407 748 temporibus
1439 679 1586 732 varie
1626 679 1936 735 dissentire.
1990 681 2061 735 Ita
2126 683 2348 736 unicum

782 776 1184 825 Saracenorum
1224 770 1385 840 idque
1419 771 1714 825 niaximum
1747 772 2034 841 itnperium
2066 774 2118 826 in
2153 775 2350 829 multas

776 874 858 915 cst
896 862 1129 915 divisum
1188 870 1389 928 partes,
1436 868 1493 913 ιιι
1539 860 1681 916 alius
1712 860 1986 933 Hispaniae
2010 863 2143 930 jam,
2186 861 2347 934 567

778 955 917 1007 alius
948 956 1165 1018 Africae,
1197 955 1336 1009 alius
1377 954 1619 1027 Egypti,
1670 957 1809 1010 alius
1858 956 2171 1025 Babylonis,
2206 958 2348 1012 alius

779 1048 1017 1101 Persidis
1042 1059 1184 1101 esset
1232 1050 1509 1116 princeps.
1553 1048 1785 1101 Tantum
1809 1062 1940 1101 vero
1972 1045 2143 1100 abfuit
2180 1049 2261 1102 bis
2292 1056 2350 1100 ut

782 1143 925 1194 inter
981 1156 1037 1192 se
1093 1143 1433 1203 conveniret,
1465 1149 1523 1194 nt
1571 1141 1713 1193 inter
1760 1140 1971 1193 vicinos
2005 1141 2171 1194 etiam
2208 1139 2347 1194 bella

784 1236 980 1287 tiu-rint
1018 1234 1299 1288 illlt'sltlla.
1332 1234 1565 1288 Proinde
1585 1233 1843 1297 Persidis,
1874 1233 2349 1298 Cltorasmiorum,

776 1326 1139 1378 (lietanorum
1182 1337 1235 1377 at
1273 1325 1459 1379 Medizr
1488 1327 1747 1395 princeps
1790 1326 2193 1388 Mnehumetus,
2238 1327 2349 1380 lm-

779 1416 944 1470 In-aeli
998 1418 1161 1481 lilius,
1214 1417 1412 1471 Basilio
1464 1419 1676 1485 imperii
1725 1417 1954 1470 Romani
2007 1418 2218 1470 clavum
2273 1427 2348 1473 te-

781 1523 961 1576 nente,
997 1529 1116 1568 cam
1180 1515 1232 1566 in
1285 1514 1426 1569 bello
1466 1512 1610 1582 quod
1680 1512 1947 1565 adversus
1992 1510 2152 1565 Indos
2184 1520 2351 1581 atque

778 1606 1108 1676 Babylonios
1165 1605 1403 1673 gerebat,
1455 1603 1620 1657 rebus
1674 1609 1921 1657 uteretur
1981 1603 2244 1668 adversis,
2284 1617 2347 1657 ex

781 1710 880 1746 usu
918 1695 1032 1747 fore
1063 1694 1349 1761 judiCavit,
1383 1692 1429 1746 si
1465 1692 1651 1748 missis
1694 1693 1760 1746 ad
1795 1690 2097 1746 Turcorum
2149 1693 2351 1761 princi—

779 1801 898 1853 pen
952 1785 1142 1855 legatis
1193 1786 1455 1838 auxilium
1499 1793 1723 1853 peteret.
1777 1783 1938 1836 Mittit
1972 1799 2103 1851 ergo
2132 1785 2198 1836 ad
2225 1799 2349 1836 eum

782 1880 987 1945 legatos
1013 1892 1135 1929 cum
1169 1876 1329 1928 donis
1360 1875 1637 1944 pretiosis,
1674 1875 2023 1945 postttlatque
2058 1874 2160 1927 sibi
2192 1874 2350 1927 auxi-

784 1972 855 2022 έέυ
898 1971 1032 2021 mitti
1071 1971 1170 2020 tria
1206 1970 1441 2021 virorum
1478 1967 1667 2021 millia.
1698 1966 1913 2022 Turcus
1943 1976 1994 2022 et
2019 1967 2180 2019 allata
2207 1966 2350 2019 dona

780 2060 1092 2127 gratissima
1136 2058 1345 2123 habuit,
1381 2068 1433 2111 ct
1472 2057 1633 2127 legati
1670 2056 1960 2110 admodum
1999 2054 2351 2125 comprobata

780 2155 1040 2220 petitione
1066 2150 1232 2203 mittit
1261 2151 1326 2201 ad
1368 2148 1777 2202 Muchumetum
1812 2148 1940 2212 tria,
1973 2158 2028 2200 ut
2061 2149 2351 2215 petiverat,

782 2242 971 2303 millia,
1012 2242 1150 2295 duce
1215 2240 1574 2310 Tragolipace
1628 2239 1921 2305 Mucaleto,
1955 2238 2161 2292 Miceeli
2218 2238 2350 2290 ﬁlio.

778 2334 1071 2385 Enimvero
1109 2333 1211 2385 hoc
1232 2331 1507 2401 sperabat,
1536 2331 1581 2386 si
1620 2329 1917 2399 reprimere
1938 2330 2019 2383 sui
2048 2329 2354 2397 potuissent

781 2440 877 2478 eos
911 2438 939 2475 a
973 2423 1173 2492 quibus
1207 2423 1465 2476 Saraceni
1513 2421 1930 2485 invadebantur,
1967 2419 2219 2472 facillime
2258 2432 2353 2472 eos

781 2519 1076 2571 ell'ecturos
1118 2527 1176 2568 ut
1213 2531 1350 2584 pons
1390 2528 1500 2581 quo
1543 2524 1856 2567 conslratus
1893 2515 2099 2565 Araxes
2128 2521 2266 2575 erat,
2299 2520 2353 2563 et

781 2609 873 2675 qui
910 2610 977 2660 ab
1020 2616 1252 2673 utroque
1285 2608 1451 2656 latere
1501 2604 1753 2657 turribus
1788 2604 2041 2656 excitatis
2073 2616 2134 2654 ac
2165 2601 2353 2669 praesi-

780 2700 886 2753 diis
920 2697 1187 2766 impositis
1217 2697 1461 2749 munitus
1486 2693 1680 2750 Turcis
1713 2698 2045 2748 inaccessum
2075 2690 2351 2745 Persidem

789 2792 1043 2851 faciebat,
1096 2788 1453 2860 praesidiariis
1488 2788 1658 2857 pulsis
1693 2791 1915 2855 pervius
1956 2782 2151 2837 Turcis
2204 2793 2355 2851 post-

789 2884 950 2934 modo
985 2880 1154 2941 iieret,
1188 2880 1372 2947 itaque
1404 2876 1649 2932 Persidis
1682 2875 2016 2945 occupandae
2049 2873 2152 2928 sibi
2191 2888 2354 2927 occa-

788 2990 869 3024 sm
926 2972 1173 3024 daretur.
1225 2969 1424 3024 Turris
1457 2968 1814 3023 mercenariis
1847 2966 2233 3020 Mucltumetus
2262 2980 2354 3021 ac-

788 3066 981 3133 t'trplis,
1016 3065 1193 3133 iisque
1233 3077 1357 3117 cum
1412 3077 1511 3115 suo
1566 3061 1809 3115 exercitu
1864 3060 2196 3128 conjunctis,
2234 3074 2354 3112 cum

787 3159 1027 3211 Arabum
1066 3155 1313 3227 principe
1345 3154 1605 3208 Pisasirio
1636 3151 1895 3222 conﬂigit,
1930 3167 2163 3219 eumque
2213 3150 2359 3204 nullo

787 3252 1007 3318 negotio
1041 3256 1286 3317 superat,
1314 3246 1633 3315 sagittarum
1682 3244 1991 3313 conjectum
2043 3259 2151 3296 non
2184 3242 2360 3296 feren-

787 3344 931 3394 tibus
964 3339 1252 3392 Arabibus.
1316 3338 1543 3391 Domum
1575 3351 1607 3390 a
1634 3336 1860 3391 victoria
1893 3348 2164 3397 reversus,
2201 3332 2364 3402 568

790 3436 1010 3488 eosdem
1040 3431 1252 3485 Turcos
1296 3430 1467 3486 voluit
1496 3430 1662 3484 etiam
1698 3429 1750 3483 in
1785 3443 2020 3497 pugnam
2051 3434 2243 3479 contra
2276 3426 2364 3478 ln-

789 3529 908 3591 dos,
944 3542 970 3577 a
1006 3525 1207 3594 quibus
1243 3522 1685 3594 oppugnabatur,
1728 3520 1835 3575 sibi
1868 3522 2079 3574 adesse.
2120 3519 2365 3587 Cumque

790 3618 1101 3686 petentibus
1137 3626 1195 3671 ut
1223 3615 1445 3669 domum
1480 3614 1583 3668 sibi
1642 3613 1821 3669 redire
1877 3613 2064 3666 liceret
2091 3623 2147 3667 et
2180 3611 2365 3679 [ιι-ιιιεὶ-

789 3715 938 3765 dium
970 3713 1038 3764 ab
1068 3709 1264 3764 Araxis
1298 3718 1466 3778 ponte
1512 3706 1898 3768 abduceretur,
1928 3704 2032 3757 vim
2085 3705 2248 3757 etiam
2286 3703 2365 3754 in-

792 3812 1047 3863 tentaret,
1080 3802 1245 3855 Turci
1284 3801 1440 3854 veriti
1475 3799 1681 3868 majora
1726 3798 1971 3867 pericula
2007 3797 2076 3848 ab
2111 3809 2177 3848 eo
2213 3794 2363 3847 del’e~

791 3906 1005 3960 t-eruut,
1029 3905 1083 3949 ct
1110 3895 1162 3947 in
1184 3892 1594 3947 Carbonilidetn
1621 3890 1968 3944 solitudinem
1993 3889 2192 3957 (neque
2219 3886 2365 3940 enim

795 4003 902 4043 tant
938 3989 1095 4058 pauci
1139 3986 1407 4040 adversus
1445 3994 1555 4035 tam
1612 3984 1780 4035 multa
1831 3981 2147 4050 depugnare
2202 3977 2368 4031 aude-

796 4087 925 4138 bant
954 4080 1145 4151 millia)
1208 4095 1267 4134 se
1311 4077 1713 4139 subduxerunt,
1780 4075 2014 4142 indeque
2072 4071 2363 4125 identidem

793 4185 1140 4244 erumpentes
1176 4171 1574 4226 Saracenorum
1628 4168 1890 4222 ditionem
1940 4164 2179 4235 populati
2217 4170 2365 4217 sunt.

794 4268 1141 4338 Iniquissime
1178 4265 1229 4319 id
1257 4263 1436 4319 ferens
1467 4261 1865 4324 Muchumetus,
1896 4259 1962 4311 ad
1994 4257 2064 4309 20
2090 4255 2367 4309 hominum

797 4362 967 4414 millia
993 4361 1284 4413 adversum
1317 4355 1530 4409 Turcos
1560 4355 1751 4417 mittit,
1784 4353 1969 4405 decem
2001 4348 2370 4403 nobilissimos

799 4461 1054 4521 notaeque
1090 4448 1386 4503 fortudinis
1426 4461 1489 4500 ac
1521 4444 1825 4514 prudentia:
1856 4445 2024 4496 duces
2065 4440 2369 4495 Saracenos

798 4540 1066 4597 esercitui
1096 4539 1418 4609 prazﬁc'tens.
1453 4536 1515 4589 lli
1548 4535 1615 4589 ad
1647 4534 1845 4588 bellum
1874 4531 2126 4601 profecti,
2165 4532 2370 4583 intrare

802 4637 854 4687 in
888 4634 1159 4688 desertum
1186 4632 1258 4686 ob
1294 4644 1449 4699 aqua:
1494 4637 1547 4683 et
1581 4628 1963 4681 alimentorum
1998 4623 2238 4690 inopiam
2284 4621 2372 4689 ju-

799 4727 1046 4780 dicautes
1090 4722 1513 4784 incommodum,
1542 4719 1785 4789 proxime
1817 4716 2020 4769 aditum
2055 4712 2371 4768 solitudinis

803 4816 1108 4870 Turcorum
1154 4813 1261 4867 dux
1321 4813 1389 4866 de
1442 4813 1675 4864 adventu
1737 4808 2136 4861 Saracenorum
2194 4803 2371 4857 factus

804 4910 1025 4965 certior,
1080 4922 1138 4960 re
1193 4920 1316 4959 cum
1351 4904 1465 4957 suis
1492 4902 1920 4962 communicata,
1953 4899 2137 4952 subito
2168 4896 2371 4951 adoriri

808 5007 1113 5057 Satareuos
1170 5016 1231 5053 ac
1291 4998 1483 5053 Persas
1545 4996 1771 5059 statuit;
1826 4994 2098 5062 biduoque
2166 4987 2373 5057 magnis

808 5095 1077 5148 conlectis
1131 5092 1344 5161 spatiis,
1386 5090 1545 5141 tertia
1574 5099 1729 5141 nocte
1760 5101 1856 5140 eos
1896 5099 2090 5139 secure
2124 5084 2177 5135 in
2206 5090 2374 5135 tento-

814 5190 911 5241 liis
958 5199 1180 5257 agentes
1237 5184 1489 5251 nihilque
1534 5181 1661 5233 mali
1717 5186 2100 5247 exspectantes
2172 5172 2376 5225 invadit

815 5296 976 5349 a‘que
1011 5281 1155 5333 tllico
1195 5279 1459 5346 protligat.
1503 5274 1578 5327 lbi
1614 5274 1890 5332 curribus,
1919 5270 2097 5338 cquis,
2131 5267 2376 5336 pecunia-

812 5395 919 5445 que
949 5376 1178 5444 plnritna
1212 5372 1433 5441 potitus,
1469 5384 1574 5421 non
1598 5368 1707 5436 jam
1733 5376 1785 5420 ul
1808 5366 2068 5436 fugitivus
2093 5362 2376 5416 latrocinia

815 5482 1094 5529 exercere,
1129 5465 1221 5520 sed
1246 5463 1422 5534 palam
1463 5461 1659 5515 exinde
1696 5462 1747 5512 in
1779 5458 1941 5528 569
1970 5467 2161 5525 aperto
2203 5469 2375 5507 castra

821 5564 1040 5616 buli-re.
1077 5556 1501 5611 ElCIIllﬂttl'itzllil
1522 5554 1582 5604 ιλιι
1610 5568 1732 5605 eunt
1753 5553 1844 5620 qui
1872 5550 1939 5602 ob
1964 5545 2227 5601 maleﬁcia
2261 5563 2381 5612 snp-

2454 592 2689 662 Μηδίας,
2735 596 3049 667 Βαϐυλωνος
3119 602 3213 653 καὶ
3294 604 3592 674 ’Λσσυρίων
3644 610 4025 679 κυριευούσης,

2454 685 2551 755 ἤδη
2588 686 2771 740 δὲκαὶ
2819 692 3094 756 Αἰγύπτου
3142 700 3233 747 καὶ
3265 696 3470 764 Λιϐύης
3524 701 3617 753 καὶ
3675 700 3868 769 μέρους
3928 705 4026 755 οὐκ

2452 778 2631 845 ὀλίγου
2693 782 2789 850 τῆς
2857 784 3148 854 Εὐρώπης,
3236 787 3466 857 ἐπείπερ
3548 790 3735 861 ἔτυχον
3798 794 3853 844 ἐν
3910 792 4028 843 διαο

2454 872 2637 941 φόροις
2697 877 2907 944 καιροῖς
2953 876 3211 947 ἀλλήλων
3253 882 3783 946 καταστασιάσαντες
3839 884 3932 936 καὶ
3992 886 4022 952 ἡ

2456 966 2555 1031 μία
2617 968 2704 1017 καὶ
2762 968 2995 1039 μεγίστη
3029 972 3171 1041 ἀρχὴ
3233 974 3369 1043 αὕτη
3429 978 3507 1035 εἰς
3572 975 3740 1027 πολλά
3802 978 4024 1046 διῃρέθη

2458 1060 2621 1129 μέρη,
2690 1063 2784 1113 καὶ
2829 1061 2989 1115 ἄλλον
3036 1063 3135 1131 μὲν
3192 1066 3433 1135 ἀρχηγὸν
3484 1064 3624 1136 εἶχεν
3667 1070 3698 1136 ἡ
3757 1068 4025 1133 Ὶσπανία,

2454 1152 2613 1206 ἄλλον
2637 1154 2692 1205 δὲ
2715 1158 2747 1224 ἡ
2781 1157 2976 1227 Λιϐύη,
3017 1156 3175 1210 ἄλλον
3203 1158 3259 1209 δὲ
3288 1161 3319 1229 ἡ
3364 1161 3655 1227 Αἴγυπτος,
3706 1160 3864 1213 ἄλλον
3894 1160 3951 1211 δὲ
3992 1164 4024 1229 ή

2453 1246 2729 1310 Βαϐυλὼν,
2774 1251 2960 1318 ἕτερον
3007 1251 3062 1304 δὲ
3093 1252 3125 1320 ἠ
3154 1252 3375 1318 Περσὶς,
3440 1255 3526 1304 καὶ
3574 1254 3708 1322 πρὸς
3767 1252 4027 1322 ἀλλήλους

2456 1339 2553 1406 μὲν
2584 1338 2679 1407 οὐχ
2711 1337 3007 1407 ὡμονόουν,
3038 1342 3235 1411 μᾶλλον
3282 1341 3381 1410 μὲν
3420 1337 3512 1392 οὖν
3542 1345 3635 1393 καὶ
3696 1341 4026 1413 προσεπολέ-

2457 1447 2589 1499 μουν
2624 1431 2674 1481 οἱ
2707 1432 3096 1499 γειτονοῦντες,
3146 1435 3387 1505 ἀρχηγὸς
3440 1434 3703 1504 Περσίδος
3759 1436 3852 1487 καὶ
3907 1436 4029 1486 Xm-

2458 1522 2701 1592 ρασμίων
2783 1522 2876 1576 καὶ
2956 1525 3268 1592 Ὠρητανῶν
3347 1527 3438 1579 καὶ
3494 1526 3706 1593 Μηδίας
3770 1528 4029 1594 ὑπάρχων

2450 1613 2779 1683 Μουχοῦμετ
2810 1616 2951 1667 κατά
2980 1618 3107 1678 τοὺς
3128 1619 3352 1684 χρόνους
3378 1618 3661 1670 Βασιλείου
3711 1616 3805 1669 τοῦ
3870 1616 4027 1685 βασι-

2451 1704 2608 1768 λέως,
2636 1709 2663 1757 ὁ
2688 1707 2781 1758 τοῦ
2830 1707 3113 1778 Ἰμϐραὴλ,
3147 1711 3239 1761 καὶ
3270 1710 3520 1778 πολεμῶν
3565 1710 3746 1771 Ἰνδοῖς
3781 1709 3875 1761 καὶ
3923 1708 4026 1759 Βα-

2455 1790 2736 1855 ϐυλωνίοις
2767 1795 2860 1844 καὶ
2877 1795 3060 1857 κακῶς
3083 1800 3140 1848 ἐν
3170 1797 3247 1863 τῷ
3272 1797 3497 1865 πολέμῳ
3524 1800 3842 1867 φερόμενος,
3886 1798 4030 1867 ἐγνω

2454 1882 2565 1936 δεῖν
2596 1887 2729 1954 προς
2758 1888 2848 1938 τὸν
2872 1888 3106 1957 ἄρχοντα
3144 1890 3416 1959 Τουρκίας
3465 1891 3907 1960 πρεσϐεύσασθαι
3935 1894 4027 1943 καὶ

2456 1978 2776 2047 συμμαχίαν
2808 1979 3015 2032 ἐκεῖθεν
3046 1982 3398 2049 αἰτήσασθαι.
3440 1984 3657 2051 Πέμπει
3710 1982 3841 2049 γοῦν
3898 1984 4025 2051 πρέ-

2456 2067 2608 2131 σϐεις
2634 2073 2771 2139 πρὸς
2791 2073 2953 2125 αὐτὸν
2976 2074 3069 2125 γα).
3099 2073 3247 2145 δῶρα
3282 2076 3574 2145 πολυτελῆ,
3636 2077 3728 2128 καὶ
3771 2075 4029 2143 πεμφθῆ-

2454 2160 2540 2211 ναί
2579 2162 2626 2212 οἱ
2656 2162 2861 2225 ἐξαιτεῖ
2891 2166 3213 2234 συμμάχους
3266 2166 3356 2217 τὸν
3403 2167 3637 2237 ἀριθμὸν
3677 2168 4025 2237 τρισχιλίους.

2472 2253 2528 2303 Ὀ
2560 2254 2616 2311 δὲ
2658 2254 2952 2322 δεξάμενος
3016 2258 3398 2325 ἀσμενέστατα
3449 2260 3548 2327 τὴν
3596 2259 3892 2330 πρεσϐείαν
3932 2260 4027 2310 xii.

2457 2348 2565 2409 τοῖς
2592 2348 2890 2417 πεμφθεῖσι
2920 2350 3111 2421 δώροις
3146 2351 3332 2420 ἡσθεὶς
3368 2352 3646 2421 ἐκπέμπει
3695 2353 3829 2424 πρὸς
3864 2354 4026 2404 αὐτὸν

2455 2441 2582 2501 τοὺς
2639 2440 2987 2510 τρισχιλίους,
3049 2444 3293 2513 ἀρχηγὸν
3342 2445 3559 2512 ἔχοντας
3605 2444 4028 2514 Τραγολιπάκην

2459 2531 2745 2584 Μουκάλετ
2778 2534 2867 2586 τὸν
2893 2535 3007 2585 υἱὸν
3057 2535 3291 2603 Μικεὴλ,
3353 2535 3468 2604 ἅμα
3522 2535 3617 2587 καὶ
3668 2537 3891 2597 ἐλπίσας
3952 2536 4029 2595 ὡς

2458 2623 2614 2691 εἴπερ
2642 2617 2789 2676 οὗτοι
2812 2625 3088 2695 δυνηθεῖεν
3121 2626 3569 2695 ἀποκρούσασθαι
3602 2627 3725 2689 τοὺς
3760 2630 4027 2695 ἐπεμϐαί-

2461 2731 2648 2776 νοντας
2676 2717 2786 2777 τοῖς
2818 2715 3173 2785 Σαρακηνοῖς,
3207 2719 3377 2787 ῥᾷστά
3417 2735 3475 2769 τε
3503 2720 3602 2786 τὴν
3632 2719 3722 2769 τοῦ
3755 2721 4029 2789 Ἀράξιδοε

2463 2803 2968 2873 ποταμούγὲφυραν
2991 2806 3089 2873 τὴν
3130 2807 3444 2859 κωλύουσαν
3476 2808 3751 2877 Τούρκους
3792 2812 3844 2869 ἐς
3890 2813 4025 2876 [lap-

2463 2900 2582 2951 σίδα
2614 2900 2749 2952 ἱέναι
2783 2898 2878 2952 am
2901 2901 3345 2970 πεπυργωμένην
3379 2902 3545 2955 οὖσαν
3595 2904 3743 2954 ἔνθεν
3778 2905 4031 2956 κάκεῖθεν

2463 2994 2557 3044 καὶ
2584 2996 2838 3062 φρουροῖς
2875 2993 3141 3045 πάντοθεν
3171 2995 3582 3063 φυλαττομένην
3606 2996 3774 3065 βατὴν
3808 2998 4031 3067 θήσουσι

2468 3083 2810 3153 περιελόντες
2870 3084 2969 3147 τάς
3058 3086 3322 3155 φρουρὰς,
3390 3089 3481 3139 καὶ
3523 3088 3832 3156 ὑποχείριον
3886 3090 4033 3159 αύτῷ

2469 3176 2753 3244 ποιήσουσι
2807 3176 2905 3244 τὴν
2951 3174 3058 3226 τῶν
3124 3177 3348 3243 Περσῶν
3407 3176 3611 3246 χώραν.
3663 3180 4034 3247 Ἀφικομένων

2466 3267 2647 3319 τοίνυν
2686 3267 2793 3319 τῶν
2828 3268 3194 3336 μισθοφόρων,
3231 3268 3428 3329 αύτούς
3460 3285 3518 3319 τε
3580 3270 3978 3338 ἀναλαϐόμενσς
4006 3272 4033 3322 ὁ

2465 3358 2792 3427 Μουχοῢμετ
2819 3359 2912 3410 καὶ
2946 3359 3041 3419 τὰς
3078 3359 3272 3409 ἐαυτοῦ
3293 3360 3549 3427 δυνάμεις
3582 3362 3912 3428 προσϐάλλει
3959 3364 4035 3430 τῷ

2464 3452 2574 3503 τῶν
2609 3450 2854 3519 Ἀράϐων
2889 3450 3107 3519 ἄρχοντι
3171 3449 3492 3518 Πισασιρίῳ,
3559 3454 3651 3501 καὶ
3688 3453 3819 3519 ῥᾷον
3877 3454 4036 3504 αὐτὴν

2464 3544 2751 3615 τρέπεται,
2786 3544 2858 3612 μὴ
2886 3542 3237 3593 ὑποστάντων
3269 3544 3367 3603 τὰς
3412 3543 3517 3594 τῶν
3542 3541 3710 3604 τόξων
3745 3542 3899 3611 βολὰς
3930 3546 4037 3594 τιῖν

2479 3621 3162 3706 ἈράϐωνδὟποστρέψας
3190 3634 3249 3684 δὲ
3284 3634 3362 3693 εἰς
3422 3634 3519 3702 τὴν
3554 3634 3749 3685 ἐαυτοῦ
3782 3634 4038 3702 ἠπείγετο

2468 3728 2563 3778 καὶ
2615 3726 2747 3792 πρὸς
2785 3724 2912 3786 τοὺς
2953 3721 3324 3790 πολεμοῦντας
3387 3722 3579 3784 Ἰνδοὺς
3622 3723 3649 3773 δ
3674 3723 4038 3787 ἀγωνίσασθσι

2472 3817 2587 3887 μετ’
2651 3815 2850 3869 αὐτῶν.
2926 3815 3181 3865 Ἐκείνων
3244 3814 3299 3864 δέ
3355 3812 3748 3879 ἐξαιτουμένων
3798 3814 3875 3873 εἷς
3939 3815 4038 3882 τὴν

2468 3909 2675 3962 ἑαυτῶν
2707 3906 3051 3976 ὑποστρέψαι
3117 3905 3554 3973 συγχωρηθῆναι,
3603 3904 3881 3971 ἀνεθείσης
3939 3906 4036 3955 αύ-

2470 4002 2584 4061 τοῖς
2632 4001 2731 4068 τῆς
2784 4001 2840 4049 ἐν
2893 4002 2959 4067 τῇ
3020 3999 3234 4065 γεφύρᾳ
3294 3995 3544 4063 φυλακῆς
3598 3994 3691 4046 τοῦ
3744 3995 4035 4062 apag-.50;

2470 4090 2702 4158 ἐπείπερ
2733 4090 2940 4150 ἐκεῖνος
2969 4090 3206 4138 ἐνέκειτο
3237 4089 3328 4137 καὶ
3353 4085 3471 4153 βίαν
3500 4089 3821 4151 ἐπενεγκεῖν
3882 4085 4039 4135 ἐϐού-

2469 4181 2611 4239 λετο,
2643 4177 2917 4238 δείσαντες
2948 4168 3093 4227 οὗτοι
3139 4174 3211 4242 μὴ
3240 4176 3335 4225 καὶ
3361 4173 3574 4225 πάθωσί
3613 4190 3659 4222 τι
3685 4174 3875 4231 δεινὸν,
3904 4176 4041 4224 ἁπο-

2475 4266 2749 4321 στατυῦσι.
2794 4267 2903 4317 Καὶ
2945 4266 3043 4333 τὴν
3102 4264 3440 4333 Καρϐωνῖτιν
3501 4262 3791 4322 ὑποδύντες
3841 4263 4043 4329 ἔρημον

2472 4362 2559 4415 διὰ
2588 4361 2647 4413 τὸ
2686 4360 2760 4429 μὴ
2801 4359 3023 4429 θαρρεῖν
3066 4357 3283 4423 ὀλίγους
3318 4357 3452 4423 πρὸς
3506 4357 3773 4416 τοσαύτας
3813 4357 4042 4407 ιὶιντιττοι⁴

2480 4451 2818 4522 ρατάξασθαι
2856 4448 3146 4518 μυριάδας,
3174 4446 3382 4498 ἐκεῖθεν
3417 4445 3691 4513 ἐκδρομὰς
3730 4444 4043 4510 ποιούμενοι

2408 4564 2446 4613 ο
2477 4547 2662 4617 ἐδῄουν
2687 4544 2780 4596 καὶ
2816 4543 3010 4609 ἔφερον
3066 4541 3133 4592 τὰ
3179 4538 3526 4607 Σαρακηνῶν.
3562 4536 4046 4602 Δυσανασχετήσας

2471 4639 2561 4692 οὖν
2598 4639 2625 4688 ὁ
2656 4635 2979 4704 Μονχοῖῳετ
2997 4634 3087 4684 ἐπ)⁸
3120 4634 3231 4693 τοῖς
3252 4629 3578 4698 γινομένοις,
3609 4626 3837 4697 στρατὸν
3858 4626 4047 4694 ἀθροί-

2475 4749 2569 4784 σας
2624 4728 2768 4797 ἀμφὶ
2831 4728 2928 4788 τὰς
2982 4724 3027 4778 κ’
3078 4724 3320 4793 χιλιάδας
3386 4722 3662 4788 ἐκπέμπει
3729 4719 3871 4771 κατά
3940 4718 4046 4769 τῶν

2473 4823 2752 4892 Τούρκων,
2785 4818 2869 4889 [Ρ.
2900 4816 3048 4888 768]
3110 4818 3408 4883 ἐπιστήσας
3442 4814 3625 4871 animi;
3682 4812 3811 4862 δέκα
3852 4827 4048 4878 στρατ-

2474 4917 2641 4981 ηγοὺς
2666 4912 2773 4964 ἀπὸ
2808 4910 2917 4962 τῶν
2959 4908 3358 4976 εὐγενεστάτων
3412 4906 3503 4956 καὶ
3553 4904 3931 4954 συνετωτάτων
3960 4902 4049 4952 καὶ

2480 5006 2566 5057 ἐπ’
2598 5001 2788 5072 ἀνδρίᾳ
2834 4998 3343 5071 μεμαρτυρημένων
3394 4994 3743 5064 Σαρακηνών.
3787 4995 4052 5060 ’Ἄραντες

2485 5095 2576 5148 οὖν
2609 5088 2752 5149 οὗτοι
2777 5095 3087 5161 ἀπήρχοντο
3114 5090 3249 5159 πρὸς
3280 5091 3369 5141 τὸν
3423 5087 3679 5154 πόλεμον.
3734 5086 3842 5136 Καὶ
3878 5083 4053 5133 εἰσελ-

2488 5186 2598 5237 θεῖν
2637 5185 2736 5254 μέν
2767 5184 2846 5244 εἱς
2884 5182 2982 5251 τὴν
3035 5180 3239 5249 ἔρημον
3298 5178 3382 5229 διὰ
3428 5176 3523 5245 τὴν
3580 5174 3673 5227 τοῦ
3718 5173 3907 5231 ὕδατος
3963 5170 4053 5220 καὶ

2485 5279 2590 5330 τῶν
2630 5276 2844 5347 τροιῶν
2878 5275 3083 5327 ἔνδειαν
3118 5271 3427 5331 ἀλυσιτελὲς
3458 5270 3779 5336 ἐλογίζοντο,
3829 5265 4054 5330 ἔγγιστα

2484 5370 2537 5421 δὲ
2567 5370 2659 5420 τοῦ
2691 5369 2956 5436 στόματος
3004 5365 3101 5434 τῆς
3130 5365 3337 5433 ἐρήμου
3382 5356 3939 5429 στρατοπεδὲύσαντες
3981 5353 4058 5405 δι-

2486 5458 2815 5510 εσκοποῦντο
2841 5456 2901 5508 τὸ
2922 5455 3193 5523 ποιητέον.
3242 5453 3301 5503 '0
3331 5451 3386 5502 δὲ
3416 5445 3797 5516 Ταγγρολίπηξ
3832 5442 3941 5509 (Ivi)
3999 5442 4056 5501 ἐς

2487 5554 2543 5603 τὸ
2581 5552 2742 5621 βάθος
2774 5548 3125 5618 αὐλιζόμενος
3168 5547 3263 5614 τῆς
3315 5546 3544 5615 ἐρήμου,
3600 5540 3829 5607 ἐπείπερ
3887 5531 4057 5602 ἔμαθε

1920 5667 2274 5722 ΧῩΙιΛΝῡῐιΙ
2320 5669 2404 5721 ΙοΤ
2439 5669 2646 5724 (ΙΟᾹΙὶΙ
2688 5665 2918 5721 ΝΟΤᾹ-ὶ.

899 5774 1005 5839 (34)
1040 5768 1423 5839 'I‘ragoiipares
1470 5767 1690 5839 dicitur.
1722 5762 1823 5816 Sed
1858 5764 1957 5817 laoc
1990 5772 2217 5815 nonest
2277 5762 2593 5815 inusitatum
2650 5762 2700 5813 in
2779 5761 2878 5811 hoc
2961 5756 3169 5816 codice,
3228 5752 3367 5806 idem
3449 5749 3769 5803 vocabulum
3848 5743 4058 5797 diverse

824 5834 998 5902 Scribi
1020 5834 1296 5910 aliquanto
1334 5837 1580 5892 inferius.
1614 5834 1745 5888 .\'vL.
