4410 6442
327 496 423 559 τὴ)
457 493 574 543 κατ’
608 490 771 543 αύτοῦ
801 490 1179 559 ἐκστρατείαν,
1228 491 1253 542 ὁ

337 586 479 652 οιγὸς,
514 583 1029 653 κοινολογησάμενος
1074 586 1185 642 τοῖς
1220 585 1337 651 μετ’
1367 582 1530 633 αὑτοῦ
1569 582 1663 635 καὶ
1719 583 1904 636 ἐπιθέ-

330 677 456 728 σθαι
486 674 677 735 νυκτὸς
701 676 810 734 τοῖς
845 674 1183 742 Σαρακηνοῖς
1205 673 1299 724 καὶ
1338 673 1571 741 Πέρσαις
1628 672 1905 741 συμφέρον

329 765 466 819 εἶναι
507 768 750 836 νομίσας,
781 765 1086 836 ταχυπορίᾳ
1105 765 1448 834 χρησάμενος
1503 765 1558 813 ἐν
1593 764 1743 816 δυσὶν
1770 766 1905 834 ἠμέ-

335 876 457 928 ραις
482 857 783 911 ἐπιτίθεται
808 861 871 929 τῇ
913 858 1072 930 τρίτῃ
1110 857 1301 920 νυκτὸς
1359 858 1542 919 αὐτοῖς
1590 858 1905 926 ἀμερίμνως

334 952 731 1020 σκηνουμένοις
762 951 854 1001 καὶ
888 949 1052 1018 μηδὲν
1078 950 1531 1017 προσδεχομένοις
1577 950 1764 1001 κακόν.
1799 950 1923 1005 Καὶ(

331 1041 560 1103 τούτους
605 1042 702 1111 μὲν
731 1040 926 1093 θᾶττον
948 1040 1209 1110 τρέπεται
1239 1041 1419 1109 λόγου,
1450 1043 1609 1105 αὐτὸς
1649 1044 1705 1095 δὲ
1728 1043 1906 1112 ἁρμά-

330 1148 443 1183 των
470 1130 564 1184 καὶ
601 1132 780 1183 ἵππων
833 1130 928 1181 καὶ
980 1131 1277 1200 χρημάτων
1354 1131 1649 1201 κυριεύσας
1696 1130 1906 1182 πολλῶν

329 1223 514 1275 οὐκέτι
541 1222 728 1276 λοιπὸν
759 1222 833 1285 ὡς
862 1222 1038 1290 φυγὰς
1063 1224 1155 1275 καὶ
1188 1223 1389 1295 λῃστὴς
1415 1214 1679 1293 κρυφίους
1705 1223 1905 1276 ἐποιεῖ-

331 1329 396 1364 το
462 1313 562 1374 τὰς
626 1311 920 1375 ἐπιθέσεις,
952 1314 1088 1366 ἀλλὰ
1142 1316 1392 1384 φανερῶς
1429 1316 1761 1367 ἀντεποιεῖτο
1797 1314 1905 1367 τῶν

332 1405 643 1475 ὑπαίθρων,
669 1406 1188 1477 προσρυῖσκομένων
1215 1405 1363 1476 αὐτῷ
1386 1407 1478 1458 καὶ
1542 1406 1650 1458 τῶν
1677 1407 1788 1459 ὅσοι
1819 1406 1906 1458 διὰ

334 1497 673 1567 κακουργίας
691 1496 811 1548 τότε
836 1497 1105 1549 ἐδεδίεσαν
1143 1495 1392 1557 θάνατον,
1430 1498 1523 1549 καὶ
1554 1496 1756 1549 δούλων
1813 1494 1906 1546 καὶ

333 1589 441 1639 τῶν
492 1589 789 1656 χαιρόντων
812 1588 933 1650 ταῖς
964 1587 1263 1656 ἁρπαγαῖς,
1332 1586 1408 1649 ὡς
1461 1588 1519 1639 ὲν
1586 1587 1777 1655 βραχεῖ
1828 1587 1904 1652 τῷ

331 1679 506 1747 χρόνῳ
536 1680 768 1747 δύναμιν
812 1678 941 1749 περὶ
992 1678 1152 1729 αὑτὸν
1210 1676 1563 1746 ἀθροισθῆναι
1619 1674 1899 1743 μεγίστην,

336 1770 463 1836 περί
496 1786 595 1821 που
630 1768 729 1830 τὰς
755 1775 796 1821 ν’
823 1766 1086 1837 χιλιάδας.
1120 1766 1231 1817 Καὶ⁸
1268 1765 1336 1816 τὰ
1394 1764 1493 1833 μὲν
1546 1764 1664 1815 κατ’
1697 1765 1903 1815 ἐκεῖνον

336 1862 564 1931 ἐφέρετο
597 1861 752 1929 τῇδεο
784 1860 812 1911 ό
835 1858 891 1912 δὲ
920 1855 1245 1927 Βίουχοῦμετ
1272 1858 1344 1925 μὴ
1372 1854 1612 1922 ἐνεγκὼν
1670 1857 1906 1925 μετρίως

334 1953 430 2020 τὴν
465 1952 765 2021 γενομένην
792 1949 1023 2019 τροπὴν,
1058 1947 1195 2000 ἀλλὰ
1227 1946 1615 2017 βαρυθυμήσας
1656 1947 1781 2008 τοὺς
1815 1948 1910 2013 μὲν

332 2044 465 2096 δέκα
510 2044 853 2112 στρατηγοὺς
883 2039 1265 2109 ἀπετύφλωσε,
1299 2041 1425 2101 τοὺς
1457 2040 1513 2092 δὲ
1547 2039 1907 2107 διαφυγόντας

338 2137 674 2207 στρατιώτας
727 2134 819 2186 τὸν
874 2132 1115 2186 κίνδυνον
1198 2130 1589 2203 θριαμϐεύσειν
1643 2128 1903 2199 ἠπείλησε

335 2226 680 2291 γυναικείους
715 2223 1215 2294 περιϐεϐλημένους
1244 2222 1457 2287 στολὰς,
1492 2220 1654 2283 αὐτὸς
1686 2221 1742 2273 δὲ
1768 2220 1905 2289 πρὸς

336 2315 766 2386 ἀντιπαράταξιν
818 2315 1213 2378 καθωπλίξετο,
1264 2316 1326 2366 Οί
1376 2313 1435 2367 δὲ
1478 2313 1908 2383 προηττηθέντες

338 2409 666 2479 στρατιῶται
704 2407 966 2476 μαθόντες
997 2406 1092 2466 τὰς
1139 2402 1367 2465 ἀπειλὰς
1406 2403 1787 2473 προσχωροῦσι
1833 2403 1910 2472 τῷ

338 2501 769 2571 Τσγγρολίπηκι.
798 2496 1081 2565 Τοσαύτης
1122 2494 1216 2550 οὖν
1277 2496 1718 2567 προσγενομένης
1761 2495 1909 2564 αὐτῷ

338 2598 426 2647 καὶ
449 2593 785 2662 τηλικαύτης
814 2590 1116 2659 δυνάμεως.
1142 2588 1372 2659 ἀγείρας
1398 2590 1613 2642 ᾶπαντα
1631 2590 1721 2641 τὸν
1745 2605 1911 2657 στρα-

335 2688 423 2737 τὸν
453 2684 713 2754 ἠπείγετο
742 2682 877 2752 πρὸς
911 2681 1001 2735 τὸν
1055 2680 1402 2751 ΙνῙουχοῦμετ,
1460 2680 1722 2750 καθολικῇ
1762 2680 1911 2751 μάχῃ

338 2777 582 2830 σπεύδων
615 2778 795 2846 κρῖναι
814 2774 881 2827 τὰ
908 2772 1230 2844 πράγματα.
1282 2772 1442 2825 Ἀλλὰ
1474 2773 1570 2824 καὶ⁷
1588 2774 1793 2835 ἐκεῖνος
1817 2774 1913 2825 καὶ

336 2867 684 2939 Σαρακηνοὺς
718 2864 1055 2926 καθοπλίσας
1086 2863 1181 2916 καὶ
1208 2864 1427 2934 Πέρσας
1468 2862 1561 2915 καὶ
1601 2863 1903 2933 Καϐείρους

335 2962 425 3010 καὶ
472 2957 739 3027 Ἀραϐας,
767 2955 860 3007 καὶ
888 2954 1117 3023 στρατὸν
1178 2954 1582 3023 συστησάμενος
1641 2952 1768 3022 περί
1807 2970 1908 3004 που

334 3049 429 3111 τὰς
457 3046 822 3109 πεντακοσίας
856 3045 1103 3114 χιλιάδας
1162 3044 1255 3096 καὶ
1304 3042 1603 3111 ἐλέφαντας
1635 3042 1911 3111 πυργοςόσ

337 3158 457 3209 ρους
494 3139 705 3203 ἑκατὸν,
738 3140 831 3191 καὶ
854 3138 1063 3199 πάντας
1090 3134 1315 3198 τούτους
1350 3134 1656 3198 ἀναλαϐὼν,
1688 3134 1913 3188 ὑπαντι-

1429 377 1481 435 il
1496 367 1738 436 [STORl
1755 378 1793 435 Α
1806 377 1905 436 RU
1915 377 1964 436 Μ
2009 376 2306 437 COMPEN
2320 377 2389 438 Di
2403 379 2447 437 U
2458 378 2533 437 λῐ.

3471 380 3580 442 302

1312 488 1417 540 τῶν
1464 490 1723 561 Τούρκων
1766 493 1906 561 ἀρχ-
1938 502 1984 557 Α
2015 491 2233 559 pliciuin
2296 492 2630 555 metuebant,
2670 493 2809 547 servi
2866 503 3027 565 atque

1837 509 1906 560 ιχ·
1938 502 1984 557 Α
2015 491 2233 559 pliciuni
2296 492 2630 555 metuebant,
2670 493 2809 547 servi
2866 503 3027 565 atque
3084 494 3173 548 alii
3213 502 3368 565 rapto
3396 494 3578 551 vivere

2015 582 2335 652 gaudentes.
2400 582 2641 651 Denique
2679 583 2824 637 brevi
2880 593 3121 653 tempore
3183 587 3353 656 copim
3407 586 3581 654 ipsius

2021 689 2193 742 usque
2227 673 2290 726 ad
2326 672 2500 726 50000
2532 685 2911 729 excreverunt.
2971 676 3039 728 At
3078 677 3460 733 Muchumetus
3511 680 3581 731 ob

2014 765 2223 819 (‘Iadem
2252 775 2528 834 acceptam
2563 768 2732 822 iratus
2757 768 2943 823 decem
2973 770 3105 823 istos
3137 773 3388 824 ductores
3416 772 3579 824 lumi-

2016 857 2179 909 nilms
2210 856 2387 919 orbat,
2423 866 2475 910 et
2508 858 2600 927 qui
2649 873 2933 913 evaserant
2987 862 3209 925 milites,
3240 876 3336 916 eos
3369 877 3427 914 se
3460 878 3581 915 mu-

2018 947 2173 999 liebri
2209 947 2428 999 indutus
2466 950 2660 1001 vestitu
2724 949 2777 1003 in
2836 951 3116 1021 triumpho
3144 951 3437 1004 ducturum
3479 953 3582 1004 mi-

2018 1045 2193 1086 natur.
2229 1035 2344 1103 Ipse
2370 1038 2433 1089 ad
2470 1038 2669 1091 bellum
2700 1041 2993 1108 gerendum
3030 1041 3351 1109 accingitur.
3386 1040 3580 1095 Milites

2015 1136 2195 1181 autem
2228 1129 2320 1197 qui
2361 1138 2517 1182 antea
2552 1131 2679 1184 vieti
2714 1146 2743 1184 a
2774 1129 2968 1185 Turcis
3005 1133 3239 1198 fuerant,
3272 1135 3436 1189 minis
3461 1150 3583 1203 pcr-

2015 1222 2213 1289 ceptis,
2257 1219 2323 1273 ad
2354 1219 2805 1291 Tangrolipacem
2849 1230 3155 1278 transeunt.
3192 1225 3240 1279 ls
3298 1233 3447 1280 tanta
3486 1241 3583 1280 ac-

2014 1312 2262 1365 cessione
2297 1318 2493 1367 auctus
2536 1327 2659 1368 cum
2707 1315 2962 1370 omnibus
3016 1316 3130 1370 suis
3163 1317 3335 1386 copiis
3374 1319 3426 1370 in
3464 1316 3582 1371 Mtt-

2015 1399 2327 1454 chumetum
2376 1403 2440 1465 it,
2492 1411 2553 1456 ut
2585 1403 2800 1457 collatis
2847 1405 3017 1473 signis
3064 1405 3213 1472 justo
3246 1407 3432 1476 praelio
3466 1422 3580 1461 rem

2014 1489 2291 1545 decernat.
2326 1492 2391 1545 Et
2418 1492 2795 1550 Muchumetus
2841 1498 3063 1551 armatis
3112 1500 3420 1563 Saracenis,
3456 1500 3584 1554 Per-

2014 1582 2359 1646 sis,Caberis
2418 1594 2472 1640 et
2517 1587 2804 1651 Arabibus,
2855 1588 3100 1642 exercitu
3160 1591 3581 1661 quingentorum

2011 1676 2233 1731 circiter
2263 1677 2494 1733 millium
2526 1690 2807 1736 contracto
2832 1698 2897 1737 ae
2922 1692 3137 1738 centum
3162 1686 3446 1756 turrigeris
3474 1685 3583 1739 ele-

2014 1768 2252 1835 phantis.
2282 1770 2423 1824 hosti
2458 1771 2598 1840 apud
2641 1773 2819 1827 locum
2848 1775 2930 1827 cui
2954 1776 3240 1845 Aspachan
3262 1791 3458 1831 nomen
3490 1791 3585 1831 oc-

1942 1857 1979 1910 Β
2010 1859 2199 1913 currit.
2239 1858 2313 1915 lbi
2351 1862 2519 1915 atroci
2554 1872 2802 1919 conserta
2859 1881 3036 1935 pugna
3074 1868 3367 1937 multisque
3403 1870 3583 1921 utrin-

2017 1965 2122 2018 que
2143 1949 2488 2014 cadentibus,
2526 1954 2640 2023 ipse
2665 1954 2826 2009 etiam
2858 1955 3258 2023 Muchumetus,
3284 1960 3412 2013 dum
3452 1960 3581 2015 hinc

2018 2040 2140 2094 inde
2170 2041 2448 2098 incautius
2502 2045 2784 2115 obequitat
2816 2061 3053 2118 suosque
3100 2049 3280 2103 verbis
3339 2051 3577 2113 animat.

2011 2144 2151 2198 equo
2177 2131 2439 2201 collapso,
2479 2137 2722 2191 cervices
2754 2136 2957 2209 frangit
2986 2154 3050 2193 ac
3082 2141 3331 2195 moritur.
3366 2140 3581 2196 Mortuo

2010 2221 2149 2289 ipso,
2180 2226 2452 2278 exercitus
2499 2239 2624 2279 cum
2673 2226 2864 2283 Turcis
2903 2230 3204 2299 conspirat,
3247 2240 3300 2285 et
3336 2233 3580 2286 omnium

2012 2315 2293 2367 voluntate
2314 2314 2740 2387 Tangrolipaees
2764 2317 2966 2374 Persia:
2996 2336 3087 2376 rex
3122 2322 3451 2377 declaratur.
3477 2322 3584 2377 Re-

2013 2418 2117 2472 gno
2160 2416 2384 2476 accepto
2419 2408 2602 2462 statim
2638 2409 2831 2465 Turcis
2870 2413 3076 2466 aditum
3124 2414 3176 2466 in
3205 2412 3367 2484 57o
3401 2414 3582 2469 Persi-

2012 2494 2134 2547 dem
2173 2498 2382 2566 aperit;
2406 2509 2572 2568 atque
2599 2500 2652 2553 hi
2686 2500 2973 2557 confertim
3025 2518 3091 2559 eo
3116 2519 3173 2559 se
3205 2508 3579 2569 contulerunt,

2015 2589 2257 2656 exceptis
2302 2604 2438 2658 quos
2472 2592 2663 2659 patria:
2699 2608 2852 2648 amor
2875 2594 3172 2659 detinebat,
3201 2599 3583 2668 oppressisque

2012 2675 2195 2732 Persis
2247 2693 2310 2732 ac
2363 2678 2651 2736 Saracenis
2705 2698 2858 2737 suam
2901 2684 3143 2740 fecerunt
3190 2687 3491 2752 Persidem,
3520 2704 3585 2743 ac

2014 2769 2392 2838 Tangr‘olipaci
2431 2785 2627 2825 nomen
2655 2774 2858 2829 sultani
2888 2776 3287 2845 imposuerunt,
3318 2793 3423 2847 qua
3451 2794 3585 2834 voce

2015 2874 2263 2915 summus
2304 2862 2600 2930 imperator
2629 2878 2694 2917 ac
2726 2878 2819 2923 rex
2857 2881 3042 2936 regum
3102 2879 3340 2923 notatur.
3382 2869 3431 2923 ls
3466 2886 3587 2925 om-

2016 2967 2113 3006 nes
2166 2954 2518 3022 magistratus
2569 2955 2638 3010 ab
2678 2957 2876 3013 incolis
2902 2960 2953 3012 in
2994 2975 3122 3014 suos
3169 2963 3465 3024 transtulit,
3502 2963 3586 3016 in-

2017 3058 2207 3112 terque
2241 3046 2340 3099 hos
2395 3046 2703 3102 universam
2770 3050 2958 3105 divisit
3003 3050 3304 3119 Persidem,
3362 3068 3585 3122 prorsus

2021 3136 2357 3191 conculcatis
2388 3138 2675 3209 indigenis.

334 3234 447 3295 άζει
482 3233 621 3284 κατὰ
653 3231 714 3283 τὸ
742 3230 1032 3299 λεγόμενον
1074 3229 1369 3296 Ἀσπαχᾶν.
1398 3226 1507 3279 Καὶ
1534 3226 1831 3296 γενομένης
1870 3227 2049 3297 μάχης
2092 3230 2473 3301 φοϐερωτάτης
2523 3233 2715 3287 ἔπεσον
2748 3236 2846 3304 μὲν
2896 3235 2955 3303 ἐξ
2990 3236 3313 3309 ἀμφοτέρων
3379 3237 3583 3292 πολλοι,

330 3326 512 3378 πίπτει
545 3324 600 3377 δὲ
626 3324 718 3377 καὶ
739 3324 899 3387 αὐτὸς
922 3325 950 3376 ό
974 3321 1187 3393 Μουχοῦ
1197 3339 1296 3392 μετ
1322 3334 1337 3349 ·
1377 3320 1802 3391 ὲξιππαζόμενος
1832 3322 1940 3390 γὰρ
1967 3324 2214 3386 ἀτάκτως
2242 3324 2391 3378 ἔνθεν
2414 3328 2664 3381 κάκεῖθεν
2693 3332 2786 3383 καὶ
2816 3333 2906 3384 τὸν
2934 3334 3131 3386 οἰκεῖον
3150 3334 3583 3407 παραθαρρύνων

333 3418 474 3480 λαὸν,
507 3416 598 3469 τοῦ
628 3417 796 3469 ἵππου
829 3415 1193 3485 συμπεσόντος
1223 3411 1369 3482 αὐτῷ
1402 3412 2125 3482 ὲκτραχηλισθεὶςάπέθανε.
2155 3416 2357 3469 Τούτου
2397 3419 2453 3471 δὲ
2479 3421 2736 3486 πεσόντος
2800 3423 2861 3476 τὺ
2893 3425 2989 3477 σὺν
3029 3426 3175 3496 αὑτῷ
3208 3428 3410 3497 πλῆθος
3438 3428 3584 3497 ὠμο-

333 3510 483 3578 νόησε
516 3511 620 3571 τοῖς
662 3503 943 3569 ἐναντίοις,
979 3506 1073 3559 καὶ
1100 3506 1128 3557 ὁ
1158 3504 1545 3574 Ταγγρολίπηξ
1585 3504 1688 3556 ὑπὸ
1751 3505 1971 3557 πάντων
2000 3506 2392 3578 ἀναγορεύεται
2418 3509 2667 3578 βασιλεὺς
2686 3513 2787 3581 τῆς
2816 3516 3092 3583 Περσίδος.
3140 3518 3495 3589 ’Λναρῥηθεὶς
3520 3520 3580 3572 δὲ

332 3602 545 3672 πέμψας
596 3601 843 3668 καθαιρεῖ
868 3599 963 3668 τὴν
1014 3600 1070 3650 ὲν
1096 3601 1160 3668 τῇ
1202 3596 1404 3668 γεφύρᾳ
1439 3597 1534 3649 τοῦ
1572 3594 1845 3667 Ἀράξιδος
1886 3598 2155 3669 φυλακὴν,
2184 3601 2277 3653 καὶ
2308 3600 2493 3654 ἄνετον
2523 3602 2703 3658 δίδωσι
2729 3605 2807 3674 τῷ
2843 3607 3149 3678 βουλομένῳ
3170 3609 3277 3662 τῶν
3326 3610 3582 3682 Τούρκων

333 3700 425 3766 τὴν
454 3700 509 3759 ὲς
533 3698 631 3765 τὴν
658 3695 891 3766 Περσίδα
904 3694 1148 3764 πορείαν.
1181 3692 1565 3754 Ἀπολυθέντες
1592 3691 1648 3744 δὲ
1672 3684 1816 3744 οὗτοι
1850 3694 2169 3765 εἰσέδραμον
2214 3696 2553 3763 παμπληθεῖ,
2595 3698 2732 3769 πλὴν
2767 3701 2874 3753 τῶν
2913 3703 3025 3755 ὅσοι
3054 3706 3152 3773 τῆς
3179 3705 3389 3758 ἑαυτῶν
3423 3709 3580 3762 ἀντε-

334 3788 582 3839 ποιοῦντο
613 3787 893 3857 πατρίδος,
916 3789 1009 3838 καὶ
1048 3784 1362 3845 καθελόντες
1394 3783 1610 3852 Πέρσας
1631 3784 1723 3837 καὶ
1760 3786 2110 3856 Σαρακηνοὺς
2129 3788 2280 3861 αὐτοὶ
2304 3788 2482 3859 κύριοι
2513 3793 2608 3861 τῆς
2638 3794 2894 3862 Περσίδος
2929 3796 3304 3864 ὲγένοντο,τὸν
3338 3802 3582 3874 Ταγγρο·

331 3879 534 3947 λίπηκα
564 3880 849 3932 σονλτάνον
894 3879 1276 3947 ὀνομάσαντες,
1314 3873 1560 3927 τουτέστι
1603 3875 2014 3945 παντοκράτορα
2046 3878 2138 3931 καὶ
2180 3879 2404 3947 βασιλέα
2462 3880 2757 3950 βασιλέων·
2790 3884 2847 3948 ὃς
2876 3886 3055 3949 πάσας
3106 3887 3204 3951 τὰς
3236 3891 3409 3961 ἀρχὰς
3455 3896 3581 3956 τοὺς

333 3973 629 4045 ἐγχωρίους
665 3972 993 4040 ἀφελόμενος
1018 3971 1095 4033 είς
1108 3969 1381 4040 Τούρκους
1415 3971 1719 4038 μετήνεγκε
1754 3969 1837 4042 [Ρ.
1858 3969 1983 4043 769]
2018 3973 2111 4024 καὶ
2131 3973 2229 4043 τὴν
2261 3975 2490 4045 Περσίδα
2538 3979 2717 4030 πᾶσαν
2740 3979 2874 4047 πρὸς
2902 3982 3095 4045 αὐτοὺς
3116 3984 3403 4055 διένειμεν,
3434 3987 3489 4051 ὲς
3520 3988 3581 4041 τὸ

333 4069 590 4130 παντελὲς
622 4066 976 4127 κατασπάσας
1007 4068 1099 4117 καὶ
1120 4062 1459 4127 ταπεινώσας
1487 4063 1611 4126 τοὺς
1641 4064 1959 4134 ἐγχωρίους.

418 4164 503 4222 Ὠς
535 4164 591 4214 δὲ
618 4161 799 4222 καλῶς
828 4160 971 4228 ἒχειν
998 4160 1175 4211 ἐδόκει
1221 4158 1397 4229 τούτῳ
1459 4159 1527 4212 τὰ
1588 4161 1907 4229 πράγματα,
1940 4168 1980 4224 C
2090 4161 2157 4217 Sc

1835 4177 1907 4225 ια,
1940 4168 1980 4224 C
2090 4161 2401 4219 Secundum
2457 4166 2569 4220 haec
2625 4168 2874 4223 sultanus
2923 4186 3108 4240 regno.
3170 4182 3225 4227 ut
3267 4176 3576 4242 videbatur.

338 4254 597 4323 πρότερον
632 4252 730 4321 μὲν
757 4254 868 4314 τοῖς
905 4252 1123 4321 ὁμόροις
1161 4251 1454 4315 δυνάσταις
1505 4250 1708 4321 ἤρξατο
1740 4253 1897 4305 πολε·

339 4351 474 4414 μεῖν,
502 4347 597 4398 καὶ
630 4346 763 4415 πρὸς
798 4344 899 4413 μὲν
918 4345 1009 4397 τὸν
1053 4345 1404 4416 Πισσασίριον
1452 4347 1552 4415 τῆς
1585 4346 1906 4410 Βαϐυλῶνος

336 4438 574 4504 ἄρχοντα
599 4436 761 4496 αὐτὸς
787 4435 855 4486 δι’
895 4435 1087 4487 ἑαυτοῦ
1116 4435 1480 4506 παρετάξατο,
1517 4438 1609 4489 καὶ
1628 4438 1903 4507 διαφόροις

337 4530 537 4599 μάχαις
570 4529 758 4581 τοῦτον
788 4528 1029 4599 ἡττήσας
1052 4530 1147 4581 καὶ
1175 4529 1380 4582 ἀνελὼν
1423 4532 1610 4600 κύριος
1660 4533 1754 4584 καὶ
1804 4533 1902 4601 τῆς

336 4620 691 4672 Βαϐυλωνίων
717 4620 897 4688 χώρας
917 4619 1152 4687 ἐγένετο,
1199 4620 1333 4691 πρὸς
1380 4621 1435 4673 δὲ
1478 4620 1783 4691 Καρϐέσιον
1811 4623 1902 4674 τὸν

334 4712 437 4763 τῶν
482 4711 728 4779 Ἀράϐων
750 4712 991 4781 ἀρχηγὸν
1022 4712 1401 4780 Κουτλουμοῦς
1463 4714 1757 4782 ἐκπέμπει,
1787 4713 1899 4767 υἱὸν

336 4803 462 4855 ὄντα
492 4801 591 4854 τοῦ
625 4802 857 4871 ἀδελφοῦ
888 4802 983 4856 τοῦ
1007 4804 1208 4856 οἰκείου
1238 4804 1463 4874 πατρὸς,
1493 4808 1647 4875 χεῖρα
1678 4804 1899 4873 βαρεῖαν

336 4895 457 4956 δοὺς
482 4894 631 4961 αὐτῷ
655 4909 667 4923 ⁸
702 4894 760 4955 ὃς
787 4893 1038 4946 ἀπελθὼν
1055 4893 1146 4946 καὶ
1168 4894 1278 4955 τοῖς
1342 4894 1547 4963 ’Ἄραψι
1601 4894 1895 4964 συμϐαλὼν

336 4984 545 5054 ἡττήθη
587 4987 676 5037 καὶ
705 4984 960 5054 αἴσχιστα
993 4984 1216 5053 ἔφυγεν.
1261 4985 1649 5055 ’Υποστρέφων
1708 4985 1765 5038 δὲ
1797 4986 1904 5039 ἀπὸ

335 5079 433 5146 τῆς
462 5078 694 5147 τροπῆς,
725 5080 816 5129 καὶ
836 5077 1042 5146 μέλλων
1080 5077 1336 5130 διοδεύειν
1391 5079 1499 5131 ἀπὸ
1559 5078 1656 5146 τῆς
1697 5077 1904 5147 Μηδίας

337 5171 449 5241 ἢτοι
484 5168 579 5222 τοῦ
610 5169 975 5239 Βαασπρακάν
1004 5166 1161 5239 (ἦρχε
1206 5170 1260 5221 δὲ
1330 5170 1451 5221 τότε
1496 5169 1596 5238 τῆς
1653 5170 1905 5237 τοιαύτης

336 5263 512 5330 χώρας
545 5263 613 5313 ἐκ
647 5261 908 5330 βασιλέως
945 5263 1217 5330 πεμφθεὶς
1247 5262 1515 5330 Στέφανος
1546 5262 1828 5332 πατρίκιος
1877 5264 1904 5313 ό

336 5353 749 5404 Κωνσταντίνου
774 5352 867 5404 τοῦ
888 5352 1456 5421 παραδυναστεύοντος
1489 5353 1601 5421 (55)
1640 5352 1716 5421 τῷ
1745 5352 1897 5421 βασι·

336 5444 415 5495 λεῖ
444 5447 540 5513 τῆς
586 5444 896 5513 Λειχουδίας
961 5446 1070 5514 (56)
1115 5445 1250 5513 υίὸς)
1308 5444 1518 5497 στέλλει
1564 5444 1699 5512 πρὸς
1749 5442 1907 5494 αὐτὸν

1426 5556 1775 5612 ΧΥΙΛΝΟΠΙ
1823 5556 1906 5610 ET

406 5672 519 5739 ('55)
551 5670 838 5739 Dignitatis
870 5687 966 5725 seu
999 5673 1350 5740 magistratus
1377 5682 1457 5727 est
1497 5689 1715 5731 nomen.
1750 5674 1908 5740 quasi

340 5743 688 5809 imperatoris
730 5744 997 5811 vicarium
1051 5744 1348 5811 designatis
1394 5754 1445 5795 et
1490 5745 1775 5811 collegam,
1821 5744 1910 5810 qui

342 5822 389 5863 et
417 5822 601 5864 rectm
631 5811 929 5865 tliceiialur.
967 5810 1094 5863 ΧΗ..

2013 4256 2276 4321 praeclare
2305 4258 2626 4322 constituto,
2661 4259 2800 4313 bello
2841 4271 3018 4328 petere
3056 4265 3317 4323 finitimos
3360 4274 3578 4339 regulos

2013 4347 2268 4403 instituit.
2304 4348 2578 4419 Factaque
2605 4352 2656 4404 in
2687 4351 3029 4408 Pissasirium
3066 4356 3356 4429 Babylonis
3386 4363 3575 4420 ducem

2010 4440 2376 4507 expeditione,
2420 4441 2651 4496 diversis
2704 4445 2905 4511 praeliis
2946 4462 3068 4499 eum
3101 4450 3270 4504 vincit
3307 4462 3469 4522 atque
3498 4456 3580 4508 in-

2011 4526 2232 4591 tcrficit,
2265 4535 2320 4581 et
2367 4529 2466 4582 hoc
2519 4532 2681 4584 modo
2733 4530 3058 4603 Babylonica
3109 4537 3315 4594 ditione
3348 4545 3577 4611 potitur.

2010 4613 2138 4669 Inde
2161 4618 2426 4673 adversus
2462 4618 2784 4676 Carbesium
2819 4625 3058 4679 Arabum
3089 4632 3387 4699 principem
3419 4637 3581 4689 emito

2001 4709 2063 4762 tit
2115 4724 2313 4779 magno
2347 4725 2469 4763 cum
2523 4714 2763 4767 exercitu
2825 4714 3232 4782 Cutluinusum,
3279 4725 3450 4793 patris
3491 4729 3577 4780 sui

2002 4804 2167 4859 fratre
2197 4813 2403 4858 natum.
2435 4805 2505 4869 Is,
2534 4808 2826 4862 commisso
2881 4826 3003 4863 cum
3054 4812 3326 4871 Arabibus
3370 4820 3578 4887 pmlio.

2002 4908 2291 4963 superatus
2345 4897 2574 4964 turpiter
2624 4898 2776 4967 fugit.
2816 4900 3061 4971 Cumque
3096 4905 3148 4957 in
3212 4908 3398 4962 reditu
3432 4924 3581 4967 esset

2002 4999 2098 5053 per
2134 4982 2361 5038 Mediam
2418 4985 2621 5055 (hodie
2676 4986 3021 5059 Baaspracan
3082 4996 3387 5063 appellatur
3420 5000 3437 5069 )
3477 5001 3581 5059 iter

2013 5075 2280 5136 facturus,
2320 5074 2385 5127 ad
2419 5076 2539 5143 ejus
2565 5078 2882 5146 prafectum
2916 5082 2985 5148 (is
3003 5094 3122 5137 erat
3150 5086 3217 5139 ab
3250 5088 3579 5157 imperatore

2014 5163 2386 5218 Romanorum
2419 5181 2485 5219 eo
2518 5171 2743 5232 missus,
2771 5170 3081 5240 Stephanus
3126 5178 3404 5244 patricius,
3431 5182 3575 5234 Con-

2014 5258 2255 5318 stantini,
2296 5258 2385 5324 qui
2442 5274 2547 5311 una
2601 5275 2722 5313 cum
2780 5263 3106 5331 imperatore
3163 5270 3578 5327 administrabat

2016 5350 2405 5419 rempublicam
2444 5352 2748 5408 Leichudiaz
2782 5355 2946 5425 filius)
2991 5360 3173 5415 missis
3226 5364 3418 5431 legalis
3454 5368 3579 5421 lihe-

2023 5460 2141 5497 rum
2175 5443 2277 5497 sibi
2311 5446 2600 5499 transitum
2632 5448 2868 5515 permitti
2888 5452 3037 5517 petit,
3060 5452 3420 5522 jurejurando
3450 5474 3575 5525 gra-

1966 5557 2173 5613 GUARI
2219 5557 2445 5613 ΝΟΤᾹΞ.

2095 5673 2204 5741 (56)
2261 5674 2433 5728 Paulo
2486 5689 2648 5738 supra
2698 5675 3038 5730 Constantini
3092 5676 3376 5731 Leichndm
3436 5681 3575 5733 facta

2023 5746 2248 5815 mentio.
2286 5746 2337 5815 in
2375 5743 2614 5797 'l'ornicii
2646 5745 2947 5801 defectione
2979 5766 2990 5800 :
3026 5764 3167 5801 nunc.
3198 5765 3295 5799 cur
3314 5751 3410 5815 τῆς
3444 5764 3572 5801 ειιΊιι

2022 5814 2177 5864 t'ttltts
2214 5814 2503 5865 lcuiininus
2532 5822 2600 5865 srt
2634 5816 2850 5868 additus
2886 5818 3093 5879 nescio,
3136 5819 3237 5870 nisi
3274 5814 3413 5878 quo-.1
3447 5836 3575 5871 con-
