4410 6442
785 369 890 432 303

793 477 1025 531 vissitno
1075 474 1416 543 interposito,
1473 474 1745 542 pollicitos
1797 490 1853 525 se
1909 470 2064 540 571
2128 484 2362 537 suosque

791 564 998 632 absque
1039 560 1303 615 maleficio
1358 563 1708 616 transituros.
1759 562 1828 613 At
1877 560 2184 626 Stephanus
2242 575 2360 610 eam

788 655 1102 721 petitionem
1134 667 1162 704 a
1191 651 1474 705 timiditate
1503 652 1800 720 profectam
1821 651 2092 720 opinatus.
2117 649 2359 704 exercitu

789 760 900 798 sua:
931 746 1223 814 provincia:
1254 743 1506 804 collecto,
1534 747 1586 795 in
1622 741 1833 797 Turcos
1880 754 2137 811 tanquam
2179 740 2360 793 hostes

786 839 956 889 ducit.
1027 835 1424 888 Gravissimum
1483 850 1546 889 ea
1613 849 1698 888 res
1747 836 1988 889 dolorem
2037 831 2360 886 Cutlumuso

787 929 990 989 attulit,
1041 927 1246 996 quippe
1295 926 1454 994 cujus
1501 928 1780 980 exercitus
1836 927 2031 983 omnis.
2075 930 2263 990 utpote
2293 922 2361 975 ab

787 1039 816 1077 a
841 1025 1018 1074 lverso
1047 1023 1234 1090 proelio
1260 1019 1499 1083 rediens,
1534 1019 1789 1089 pedester
1819 1015 2154 1084 inermisque
2192 1020 2385 1092 esset.’

785 1115 1024 1165 tloacuis
1073 1120 1252 1162 tamen
1326 1109 1593 1172 conﬂixit,
1653 1108 2048 1176 victoriamque
2101 1103 2356 1164 obtinuit,

787 1213 947 1272 rapto
982 1218 1103 1253 cum
1130 1201 1314 1256 multis
1344 1202 1465 1255 aliis
1499 1202 1662 1256 etiam
1697 1202 1816 1270 ipso
1850 1199 2162 1269 Stephano:
2198 1211 2357 1266 quem

785 1305 834 1347 et
862 1296 913 1348 in
950 1294 1125 1346 reditu
1162 1296 1303 1363 apud
1337 1293 1665 1347 Tabrezium
1696 1293 1800 1346 loci
1830 1292 1949 1361 ejus
1976 1291 2200 1345 domino
2229 1305 2358 1343 ven-

786 1389 837 1439 di
885 1387 944 1439 it.
989 1387 1252 1439 (Ia-terum
1307 1383 1372 1436 ad
1414 1384 1690 1438 sultanum
1724 1399 1974 1439 reversus
2005 1381 2359 1437 Cutlumusus

786 1479 854 1530 de
889 1488 1108 1546 accepta
1161 1476 1316 1530 clade
1365 1491 1424 1530 se.
1449 1485 1660 1545 purgat,
1691 1476 1848 1546 culpa
1883 1476 1934 1526 in
1969 1475 2106 1528 alios
2139 1474 2355 1537 collata,

788 1571 1182 1638 polliceturquc
1226 1568 1272 1623 si
1319 1584 1534 1620 rursum
1568 1582 1691 1619 cum
1727 1568 1905 1636 copiis
1937 1567 2200 1621 adversus
2224 1567 2358 1619 Car-

788 1663 993 1716 besinui
1052 1662 1316 1721 mittatur,
1356 1659 1512 1712 facile
1557 1673 1615 1712 se
1673 1659 1931 1710 Arabiam
1980 1660 2353 1713 subacturum.

784 1752 972 1806 Obiter
1026 1754 1190 1805 etiam
1240 1752 1306 1805 de
1369 1749 1767 1819 Baaspracania
1839 1748 2024 1812 refert,
2081 1750 2353 1818 regionem

785 1860 907 1898 esse
939 1843 1329 1898 fertilissimam
1355 1852 1409 1896 et
1440 1858 1468 1894 a
1513 1841 1833 1896 mulieribus
1869 1841 2063 1901 teneri,
2092 1841 2173 1894 sic
2213 1838 2354 1892 obli—

787 1953 890 2001 que
927 1942 1122 1986 notans
1153 1933 1374 1995 milites,
1407 1948 1530 1986 cum
1565 1933 1762 2001 quibus
1801 1933 2110 1985 dimicarat.
2151 1929 2353 1985 Verum

787 2026 1038 2078 snlianus
1091 2026 1138 2078 ei
1198 2025 1268 2078 ob
1301 2026 1536 2078 dedecus
1572 2023 1789 2077 amissae
1818 2024 2061 2077 victoria:
2093 2025 2264 2076 iratus
2295 2022 2362 2076 de

788 2118 1299 2187 ιυιιιρι¹ρ1ιοιιιι1ι·ηι10
1340 2117 1745 2186 occidendoqne
1788 2118 2006 2170 nomine
2055 2117 2358 2184 cogitabat;

787 2212 1046 2266 adversus
1085 2220 1264 2265 autem
1303 2211 1576 2264 Romanos
1607 2225 1756 2264 arma
1782 2225 1994 2263 movere
2016 2209 2359 2270 formidabat,

793 2308 911 2374 ipso
953 2304 1175 2356 nomine
1231 2319 1409 2355 rerum
1452 2302 1709 2371 prmclare
1741 2315 1769 2354 a
1806 2303 1983 2355 tribus
2017 2301 2362 2369 imperatori-

790 2397 890 2449 bus
921 2394 1246 2464 Nici-plioro,
1278 2393 1551 2447 Tziniisca
1594 2403 1648 2448 et
1696 2392 1894 2447 Basilio
1927 2404 2200 2462 gestarum
2236 2410 2358 2463 per-

790 2492 1058 2549 territus,
1112 2488 1509 2556 suspieansque
1579 2488 1822 2541 eamdem
1885 2502 2008 2540 esse
2065 2489 2359 2541 etiamnum

789 2585 1043 2637 virtutem
1084 2581 1448 2635 Ιὶοιιιοιιοωιιι
1497 2587 1660 2647 atque
1711 2580 2032 2647 potentiam.
2065 2578 2361 2633 Dubitabat

790 2683 970 2727 tamen
1031 2675 1379 2738 incertusque
1435 2669 1605 2722 animi
1657 2669 1997 2723 deliberabat
2031 2671 2165 2739 quid
2198 2686 2361 2740 agen-

792 2766 922 2818 dnin
979 2763 1138 2833 572
1197 2764 1353 2816 foret.
1403 2761 1506 2815 Sed
1552 2761 1914 2816 Ctttluniusus
1953 2764 2181 2816 insidias
2234 2780 2360 2816 scn-

795 2859 936 2908 tiens
959 2871 1083 2908 cuin
1129 2854 1246 2907 suis
1286 2853 1454 2922 fugit;
1491 2854 1795 2922 urbemque
1827 2856 1880 2906 in
1915 2854 2255 2908 Chorasmiis
2284 2855 2360 2907 si-

793 2955 944 3006 tam,
980 2947 1064 2998 cui
1109 2945 1275 2998 Pasar
1321 2958 1517 2998 nomen
1551 2985 1565 3008 ,
1619 2947 2046 3000 munitissimam
2089 2961 2362 3014 occupans

792 3037 1011 3092 sultano
1039 3035 1375 3091 adversatur.
1417 3036 1678 3092 Sullanus
1709 3039 1763 3091 in
1795 3039 2080 3107 praesentia
2108 3053 2172 3092 eo
2197 3039 2360 3092 omis‘

2075 359 2385 416 GEURGH
2423 360 2750 418 (’IEDllENl

3931 363 4030 426 3οἱ

2401 477 2437 528 Α
2475 472 2837 535 πρεσϐευτὰς,
2869 472 3032 536 ἀξιῶν
3083 475 3497 542 συγχιορηὺἧναι
3553 474 3776 526 διελθεῖν
3823 475 4037 529 ἀκωλύ-

2465 576 2594 622 τως,
2659 562 3091 632 ὑπισχνούμενος
3157 564 3276 632 μεθ’
3325 567 3503 633 ὅρκων
3579 565 4036 634 φρικωδεστάτων

3876 658 3931 708 Ὀ
3979 657 4036 708 δὲ

2463 747 2590 806 τοὺς
2619 745 2876 812 πρέσῦεις
2903 746 3192 814 δεξάμενος
3223 750 3316 800 καὶ
3341 748 3433 817 τὴν
3465 749 3810 818 παράκλησιν
3836 749 4036 800 δειλίαν

2463 831 2602 887 εἶναι
2625 837 3108 899 ύποτοπάσας,τὸν
3137 839 3400 908 ἐγχώριον
3425 841 3682 911 ἀθροίσας
3710 841 3940 910 στρατὸν
3963 840 4035 900 ὡς

2464 926 2542 986 είς
2575 927 2806 995 πόλεμον
2827 929 3147 993 ὑπαντιάζει
3189 933 3300 991 τοῖς
3342 930 3627 999 ἰὀύρκοις.
3669 930 3726 981 Ὀ
3770 930 3826 982 δέ
3895 931 4037 982 Κου-

2463 1015 2729 1084 τλουμοῦς
2772 1018 3073 1087 περιαλγὴς
3107 1021 3204 1088 μέν
3228 1021 3318 1071 ἐπὶ
3340 1022 3452 1072 τοῖς
3491 1021 3884 1089 πραττομένοις
3915 1021 4036 1086 ἐγέ-

2464 1126 2584 1160 νετο
2605 1106 2693 1180 (ἦν
2725 1111 2832 1180 γὰρ
2861 1111 2889 1161 6
2916 1111 3035 1162 κατ’
3063 1113 3223 1162 αὑτὸν
3249 1110 3374 1174 λαδς
3407 1111 3574 1173 ἅπας,
3603 1111 3677 1173 ὡς
3727 1115 3788 1164 ἐκ
3830 1116 4034 1182 τροπῆς

2461 1200 2785 1269 ἐπανήκων,
2816 1202 2978 1264 πεζὸς
3008 1202 3102 1252 καὶ
3146 1201 3389 1271 ἄοπλος),
3449 1204 3595 1270 ὅμως
3632 1203 3686 1254 δὲ
3751 1203 3844 1254 καὶ
3888 1204 4036 1254 ἄκων

2462 1288 2781 1358 ἠναγκάσθη
2823 1289 3388 1359 ἀντιπαρατάξασθαι.
3428 1293 3536 1344 Καὶ
3576 1291 3850 1361 συμϐολῆς
3886 1307 4036 1359 γενο-

2467 1380 2635 1449 μένης
2655 1381 2948 1450 τρέπονται
2981 1385 3029 1434 οἱ
3054 1384 3181 1452 περὶ
3210 1383 3300 1434 τὸν
3328 1385 3620 1450 Στέᾳανον,
3675 1385 3955 1436 ἁλίσκεται
3977 1385 4034 1435 δὲ

2463 1473 2555 1525 καὶ
2586 1473 2747 1535 αὐτὸς
2779 1474 3123 1542 αἰχμάλωτος
3157 1477 3254 1527 σὺν
3293 1475 3471 1536 ἄλλοις
3500 1475 3730 1536 πολλοῖς.
3779 1476 3884 1527 Καὶ
3913 1474 4034 1527 τοῦε

2462 1582 2552 1618 τον
2587 1567 2685 1635 μέν
2714 1567 3060 1636 διερχόμενος
3093 1569 3232 1618 κατὰ
3262 1569 3322 1619 τὸ
3367 1567 3666 1638 Ταϐρέζιον
3721 1569 4032 1636 ἁπεμπολεῖ

2460 1659 2537 1727 τῷ
2567 1658 2818 1730 τοπάρχῃ
2852 1660 2946 1728 τῆς
2976 1659 3181 1728 χώρας,
3215 1660 3375 1718 αὐτὸς
3408 1661 3464 1712 δέ
3513 1663 3648 1730 πρὸς
3686 1660 3776 1712 τὸν
3813 1660 4035 1712 σουλτὰ-

2463 1767 2550 1802 νον
2576 1751 2885 1802 ἐπανελθὼν
2905 1755 2997 1803 καὶ
3035 1753 3160 1819 περὶ
3206 1752 3302 1819 τῆς
3353 1753 3561 1819 τροπῆς
3604 1751 4034 1820 ἁπολιγυύμενω

2469 1841 2740 1912 μετετίθει
2771 1841 2866 1904 τὰς
2906 1843 3080 1902 αἰτίας
3112 1846 3190 1904 εἰς
3228 1844 3441 1905 ἄλλους,
3495 1843 3586 1894 καὶ
3645 1843 4028 1912 ἐπηγγέλλετο,

2465 651 2738 720 ἄψαυστον
2762 655 2852 704 καὶ
2876 656 3032 721 ἀσινῆ
3069 656 3396 724 διατηρῆσαι
3438 657 3535 726 τὴν
3587 656 3788 725 χώραν.

2467 1933 2692 2000 εἰαῦθις
2747 1937 2976 2007 δύναμιν
3033 1938 3212 1990 λαϐὼν
3275 1938 3666 2007 ἐκστρατεύσει
3735 1939 3876 1990 κατὰ
3941 1937 4033 1988 τοῦ

2478 2030 2814 2100 Καρδεσίου,
2850 2033 2980 2101 ῥᾷον
3007 2029 3154 2098 αύτῷ
3183 2033 3560 2100 παραστήσειεν
3606 2030 3703 2099 τὴν
3751 2030 4033 2099 Ἀραϐίαν.

2479 2122 2563 2184 Ὠς
2594 2124 2652 2174 ἐν
2679 2122 2895 2192 παρόδῳ
2924 2121 2979 2174 δέ
3008 2124 3274 2190 ἀφηγεῖτο
3306 2124 3398 2175 καὶ
3423 2124 3548 2188 περὶ
3601 2121 3695 2173 τοῦ
3742 2123 4036 2190 Βαασπρα-

2467 2211 2587 2275 κὰν,
2616 2213 2688 2273 ύ›,;
2723 2215 2808 2282 εἴη
2853 2213 2950 2282 μὲν
2977 2212 3128 2282 χώρα
3155 2216 3466 2283 πάμφορος,
3497 2213 3782 2282 κατέχεται
3827 2214 3882 2264 δέ
3933 2214 4037 2264 ὑπὸ

2465 2304 2756 2369 γυναικῶν,
2791 2306 2916 2366 τοὺς
2947 2304 3407 2374 πεπολεμηκότας
3459 2304 3596 2374 πρὸς
3652 2304 3814 2355 αὑτὸν
3873 2320 4037 2372 στρα-

2464 2393 2663 2456 τιώτας
2717 2395 3183 2464 ύπαινιττύμενος.
3259 2395 3398 2446 Ἀλλ’
3431 2396 3637 2446 ἐκεῖνον
3689 2395 3786 2460 μὲν
3820 2396 3848 2445 6
3887 2398 4040 2445 σου).-

2465 2487 2622 2547 τάνος
2649 2489 2943 2556 κατασχεῖν
2975 2487 3231 2556 ἐμελέτα,
3259 2487 3345 2538 διὰ
3367 2487 3427 2539 τὸ
3457 2482 3641 2555 αἶσχος
3676 2485 3906 2555 μηνίσας
3936 2487 4032 2552 τῆς

2463 2579 2652 2648 ἥττης,
2685 2579 2783 2630 καὶ
2821 2580 3157 2644 ἀποκτεῖναι,
3188 2579 3322 2648 πρὸς
3347 2578 3402 2631 δὲ
3443 2578 3746 2646 Ῥωμαίους
3775 2579 3912 2630 ὅπλα
3952 2595 4038 2629 κι-

2464 2671 2626 2738 νῆσαι
2657 2671 2957 2734 ἀπεδειλία,
2991 2670 3178 2733 δεδιὼς
3208 2671 3303 2723 καὶ
3331 2670 3569 2739 φρίττων
3604 2674 3669 2723 ἐκ
3725 2674 3891 2740 μόνης
3939 2671 4038 2738 τῆς

2467 2764 2656 2834 φήμης
2677 2764 2742 2816 τὰ
2765 2763 2870 2816 τῶν
2886 2751 3368 2832 ’προηγησαμένων
3396 2762 3560 2832 τριῶν
3587 2762 3849 2831 βασιλέων
3879 2765 4039 2830 ἀνδρ-

2465 2853 2816 2924 αγαθήματα,
2871 2854 3205 2924 Νικηφόρου,
3268 2855 3512 2906 Ἰωάννου
3575 2857 3665 2906 καὶ
3737 2853 4035 2912 Βασιλείου,

2465 2948 2557 2998 καὶ
2587 2945 2910 2998 ὑποπτεύων
2949 2945 3046 3015 τὴν
3096 2945 3264 3011 αὐτὴν
3314 2945 3514 3013 ἀρετὴν
3564 2945 3642 2996 ἐτι
3673 2946 3766 2997 καὶ
3813 2945 4039 3012 δύναμιν

2466 3043 2751 3110 προσεῖναι
2788 3039 3103 3108 Ῥωμαίοις.
3139 3039 3330 3106 ’Ὅμως
3377 3039 3726 3109 ἀμφίρροπος
3756 3033 3821 3107 ἦν
3847 3040 3937 3088 καὶ
3958 3037 4036 3089 δι-

793 3144 855 3182 so
894 3144 1017 3180 cum
1060 3127 1316 3182 omnibus
1361 3127 1474 3182 suis
1502 3129 1674 3197 copiis
1725 3141 1918 3184 contra
1971 3130 2174 3185 Arabes
2203 3131 2363 3200 profi-
2393 3138 2434 3194 ο
2470 3148 2530 3200 χο

2297 3131 2363 3184 ιΙῖ-
2393 3138 2434 3194 C
2470 3132 2788 3200 χ’)γνώμων,
2840 3132 2931 3183 καὶ
2979 3130 3210 3199 ἐμελέτα
3238 3131 3298 3182 τὸ
3331 3130 3606 3200 ποιητέον.
3661 3127 4038 3197 Κσυτλουμοῦς

794 3222 1040 3280 eiscitur,
1069 3231 1120 3274 et
1151 3219 1218 3273 ab
1247 3220 1314 3273 iis
1340 3219 1455 3288 ipse
1486 3235 1702 3288 quoque
1721 3219 2061 3288 proﬂigatur.
2087 3221 2361 3277 Reversus

795 3312 1044 3375 domum,
1080 3311 1476 3379 dedecorisque
1497 3318 1550 3364 et
1583 3312 2000 3379 Oppi-ebriorum
2058 3312 2362 3366 Cutlumusi

796 3404 1112 3474 impatiens,
1150 3402 1383 3455 maxima
1429 3416 1552 3454 cum
1591 3413 1742 3471 parte
1780 3405 2053 3459 exercitus
2105 3404 2358 3458 Pasarem

793 3496 1034 3559 obsidet,
1070 3510 1133 3549 ac
1188 3493 1281 3548 diu
1331 3509 1463 3546 sane
1496 3494 1794 3563 patruelem
1849 3511 2007 3549 suum
2066 3508 2362 3566 oppugnat,

799 3589 994 3640 fretum
1049 3587 1148 3640 loci
1215 3587 1519 3638 munitione
1574 3594 1626 3640 et
1689 3601 1830 3656 saepe
1881 3590 2166 3656 eruptione
2222 3590 2360 3643 facta

796 3682 1014 3732 suitano
1056 3677 1197 3729 haud
1252 3675 1386 3728 levia
1436 3675 1633 3729 damna
1667 3677 1906 3732 dantem.
1961 3679 2138 3730 Alium
2181 3691 2360 3733 autem

797 3771 1090 3826 exercitum
1149 3769 1365 3832 emittit,
1400 3768 1620 3823 circiter
1684 3769 1871 3838 viginti
1911 3770 2142 3834 milium,
2174 3781 2362 3826 contra

797 3860 1094 3925 Romanos,
1128 3865 1264 3914 duce
1314 3859 1501 3913 fratris
1537 3861 1620 3913 sui
1681 3860 1790 3914 lilio
1825 3862 2002 3915 Asane
2039 3864 2363 3932 cognomine

802 3954 1005 4019 Surdo,
1048 3953 1379 4022 mandatque
1420 3955 1466 4006 ei
1499 3960 1556 4006 ut
1586 3953 1872 4008 celerrime
1905 3964 2164 4025 pergatet
2198 3960 2362 4011 rebus

800 4046 1226 4100 succedentibus
1285 4043 1511 4096 Mediam
1563 4045 1798 4114 subigat.
1848 4043 1971 4100 llaec
2023 4049 2096 4101 ita
2151 4056 2262 4101 tum
2313 4051 2366 4102 in

797 4138 1014 4193 Perside
1046 4151 1185 4193 acta.

2463 3223 2521 3274 δὲ
2548 3224 2710 3290 γνοὺς
2744 3224 2842 3292 τὴν
2874 3222 3165 3291 ἐπιϐουλὴν
3193 3221 3383 3289 φεύγει
3424 3221 3560 3290 μετὰ
3604 3220 3708 3272 τῶν
3742 3222 3837 3272 σὺν
3871 3221 4037 3288 αὐτῷ,

2467 3317 2557 3367 καὶ
2597 3314 2752 3365 πόλιν
2784 3315 3132 3384 ὀχυρωτάτην
3163 3313 3451 3382 κατασχὼν
3478 3315 3534 3364 ἐν
3558 3312 3904 3381 Χωρασμίοις
3928 3329 4030 3363 κει-

2470 3410 2656 3476 μένην,
2686 3407 2807 3476 ἥτις
2850 3407 3038 3474 Πάσαρ
3089 3405 3427 3474 ὠνόμασται,
3493 3405 3782 3464 ἀντίπαλος
3835 3405 4040 3470 γίνεται

2464 3499 2542 3568 τῷ
2573 3498 2865 3567 σουλτάνῳ.
2905 3497 3042 3549 ’0δέ
3099 3498 3160 3549 τὸ
3198 3496 3291 3548 νῦν
3342 3497 3462 3566 ἔχον
3520 3496 3657 3564 πρὸς
3703 3495 3890 3547 τοῦτον
3942 3495 4040 3563 μὲν

2467 3591 2814 3660 διαπολεμεῖν
2863 3591 2961 3643 οὐκ
2996 3590 3306 3659 ἐδοκίμασε,
3349 3588 3433 3660 [Ρ.
3477 3588 3602 3660 770]
3635 3590 3810 3651 πάσας
3857 3588 3912 3641 δέ
3940 3589 4038 3650 τὰς

2471 3683 2664 3736 ἑαυτοῦ
2687 3683 2944 3751 δυνάμεις
2977 3681 3234 3750 ἀθροίσας
3255 3683 3440 3735 ἄπεισι
3465 3683 3603 3734 κατὰ
3635 3683 3740 3734 τῶν
3772 3681 4040 3750 ’Δράίίων,

2472 3776 2565 3826 καὶ
2598 3775 2777 3842 μάχης
2833 3774 3135 3844 γενομένης
3203 3775 3364 3826 πάλιν
3410 3776 3670 3844 τρέπεται
3720 3775 3809 3826 καὶ
3859 3774 4036 3833 αὑτός.

2483 3866 2827 3920 Ἐπανελθὼν
2849 3866 2904 3918 δὲ
2936 3868 3040 3919 απὸ
3075 3868 3171 3934 τῆς
3199 3867 3427 3935 τροπῆς,
3470 3869 3564 3917 καὶ
3607 3867 3681 3935 μὴ
3715 3865 3895 3934 φέρων
3945 3863 4040 3932 τὴν

2473 3960 2733 4030 αἰσχύνην
2767 3961 2858 4012 καὶ
2881 3959 2938 4011 τὸ
2963 3961 3067 4011 ἀπὸ
3090 3958 3183 4011 τοῦ
3209 3957 3590 4027 Κουτλουμοῦς
3629 3958 3847 4018 δνειδος,
3881 3956 4039 4017 αὐτὸς

2475 4053 2572 4121 μὲν
2598 4051 2657 4103 τὸ
2692 4052 2940 4104 πλεῖστον
2981 4050 3180 4120 πλῆοος
3230 4049 3512 4102 ἀναλαϐὼν
3574 4049 3788 4102 ἄπεισιν
3845 4051 3923 4108 εἷς
3981 4047 4041 4097 τὸ

2475 4146 2684 4213 Πάσαρ,
2718 4144 2811 4196 καὶ
2862 4141 3127 4196 διετέλεσε
3189 4141 3585 4212 προσπολεμῶν
3647 4141 3807 4208 μέχρι
3843 4136 4036 4190 πολλοῦ

796 4230 874 4298 τῷ
913 4229 1095 4295 οἰκείῳ
1125 4228 1350 4298 ἀνεψιῷ,
1376 4232 1443 4298 τῇ
1492 4229 1778 4297 ὀχυρότητι
1840 4230 1936 4299 τῆς
1983 4233 2189 4300 πόλεως
2236 4238 2528 4310 θαρροῦντι
2593 4237 2686 4289 καὶ
2753 4234 3012 4296 πολλάκις
3078 4232 3499 4285 ἁναπεταννύντι
3557 4233 3652 4293 τὰς
3701 4233 3871 4294 πύλας
3947 4234 4040 4283 καὶ

797 4321 1137 4392 ἐξερχομένῳ
1170 4321 1260 4374 καὶ
1287 4323 1346 4373 οὐ
1373 4320 1584 4390 μικρῶς
1623 4322 1746 4382 τοὺς
1793 4325 1920 4392 περὶ
1950 4325 2039 4377 τὸν
2076 4329 2363 4384 σουλτάνον
2405 4333 2716 4402 βλάπτοντι.
2777 4325 2932 4378 Κατὰ
2998 4325 3056 4378 δέ
3127 4324 3412 4394 Ῥωμαίων
3486 4324 3712 4392 δύναμιν
3766 4327 4039 4394 ἐκπέμπει

799 4413 1010 4484 ἑτέραν,
1045 4415 1188 4482 ἀμφὶ
1210 4413 1306 4474 τὰς
1351 4418 1398 4465 κ’
1457 4412 1720 4482 χιλιάδας,
1789 4418 2092 4486 στρατηγὸν
2143 4423 2438 4493 ἐπιστήσας
2478 4425 2612 4492 αὐτῇ
2677 4418 3045 4488 ἁδελφόπαιδα
3112 4418 3272 4470 ’Λσὰν
3342 4419 3434 4470 τὸν
3502 4417 3790 4485 λεγόμενον
3835 4421 4037 4487 κωφὸν,

800 4504 1226 4574 ἐπισκήψαςτὴν
1255 4503 1512 4572 ταχίστην
1544 4503 1835 4570 ἀφικέσθαι
1893 4507 1984 4559 καὶ
2039 4512 2085 4560 εξ
2149 4515 2460 4583 προχωροίη
2534 4509 2979 4582 προσκτήσασθαι
3059 4507 3207 4578 αὐτῷ
3269 4507 3367 4576 τὴν
3413 4507 3643 4575 Μηδίαν.
3709 4509 3815 4560 Καὶ
3870 4511 4039 4564 ταῦτα

804 4600 903 4668 μὲν
934 4598 1232 4668 ἐπράττετο
1257 4600 1314 4648 ἐν
1340 4597 1579 4665 Περσίδι.

872 4691 1196 4745 Pancratius
1214 4690 1579 4759 ροτι“οιὶ›υι·ἰειξ
1596 4700 1834 4761 regulus,
1856 4696 2363 4763 homoimpudieus,
2404 4703 2442 4754 ι)
2543 4698 2613 4750 Πσ

2296 4713 2363 4758 is,
2404 4703 2442 4754 ι)
2543 4693 2958 4765 Παγκράτιοςδέ
2990 4695 3018 4746 6
3041 4693 3138 4762 τῆς
3175 4692 3411 4763 Ἰϐηρίας
3459 4693 3719 4762 ἀρχηγὸς,
3745 4693 4037 4757 ἀκόλαστος

803 4796 1028 4835 uxorem
1053 4779 1304 4848 Liparitaz
1330 4781 1569 4834 violavit.
1603 4781 1728 4835 [Crat
1763 4781 1808 4834 is
1859 4781 2129 4853 Liparites
2159 4784 2364 4840 Horatii

803 4874 1055 4942 Liparitte
1083 4870 1378 4939 filius,ejus
1413 4873 1503 4940 qui
1539 4872 1680 4927 bello
1719 4873 1899 4928 Basilii
1934 4877 2275 4945 imperatoris
2312 4878 2364 4930 iu

805 4963 1092 5034 tieorgitun
1115 4964 1452 5031 Abasgorum
1471 4963 1664 5017 ducem
1683 4965 1898 5020 occisus
1926 4965 2044 5031 fuit,
2075 4967 2236 5022 liomo
2259 4968 2368 5022 for-

806 5056 1034 5110 titudine
1063 5065 1113 5108 et
1134 5055 1418 5125 piudentia
1454 5057 1674 5118 nobilis,
1705 5073 2020 5126 magnaeque
2053 5070 2175 5129 post
2222 5059 2366 5114 Pan-

805 5151 1031 5202 cratium
1053 5149 1195 5202 inter
1221 5148 1401 5203 Iberos
1419 5151 1693 5218 potentiae.
1722 5149 1819 5204 llic
1836 5167 1965 5220 ergo
1986 5154 2197 5220 injuria}
2229 5163 2365 5208 atro-

803 5241 963 5293 citate
980 5242 1287 5294 concitatus
1311 5256 1460 5293 arma
1480 5249 1670 5294 contra
1702 5241 2044 5294 Pancratium
2073 5244 2257 5301 sumit.
2290 5246 2363 5297 vi-

803 5342 1057 5400 ctumque
1078 5332 1260 5401 praelio
1276 5332 1339 5384 ad
1366 5330 1667 5386 Caucasum
1691 5343 1742 5386 et
1771 5333 1823 5386 in
1868 5333 2179 5388 interiorem
2202 5336 2364 5389 Abas-

2474 4787 2779 4858 ἄνθρωπος,
2815 4788 2870 4848 ἐς
2898 4785 2988 4839 τοῦ
3021 4785 3320 4857 Λιπαρίτου
3364 4783 3463 4854 τὴν
3508 4785 3692 4852 κοίτην
3750 4785 4036 4853 ἐξυϐρίσας

2474 4874 2561 4948 (ἦν
2597 4878 2654 4930 δὲ
2689 4880 2714 4928 6
2747 4877 3052 4946 Λιπαρίτης
3089 4875 3202 4937 υίὸς
3227 4873 3318 4926 τοῦ
3354 4876 3444 4926 ἐπὶ
3475 4873 3569 4925 τοῦ
3599 4874 3855 4943 βασιλέως
3877 4876 4037 4926 Βασι-

2478 4975 2617 5026 λεὶου
2644 4977 2700 5025 ἐν
2729 4973 2804 5042 τῷ
2842 4974 2975 5043 πρὸς
2997 4974 3087 5025 τὸν
3119 4971 3389 5039 Γεώργιον
3415 4970 3634 5040 πολέμῳ
3665 4971 4036 5040 ἀναιρεθέντος

2486 5067 2733 5135 Ὁρατίου
2761 5065 2854 5116 τοῦ
2886 5065 3208 5132 Λιπαρίτου,
3245 5065 3335 5114 ἐπὶ
3360 5063 3568 5114 συνέσει
3617 5079 3675 5114 τε
3709 5064 3797 5114 καὶ
3846 5063 4035 5131 ἀνδρίᾳ

2475 5156 2801 5225 βεϐοημένος
2833 5157 2925 5208 καὶ
2956 5155 3168 5223 μεγαλα
3190 5156 3326 5222 μετὰ
3362 5155 3451 5204 τὸν
3486 5154 3826 5222 Παγκράτιον
3877 5153 4035 5204 δυνά·

2477 5266 2633 5316 μενος
2667 5251 2722 5300 ἐν
2755 5251 2863 5308 τοῖς
2895 5247 3158 5315 Ἴϐηρσιν)
3191 5245 3467 5312 ἠνάγκασε
3514 5243 3700 5295 τοῦτον
3726 5249 3815 5295 ἐπι
3842 5244 3911 5310 τῷ
3945 5259 4036 5310 γε·

2474 5340 2648 5403 ξονὸτι
2687 5338 3150 5406 δεινοπαθήσαντα
3214 5335 3351 5386 ὅπλα
3394 5335 3511 5386 κατ’
3573 5334 3734 5386 αὑτοῦ
3794 5336 4030 5404 κινῆσαι.

1944 5469 2292 5525 XYLANDRI
2330 5475 2414 5527 ET
2443 5475 2648 5530 UOH“
2690 5475 2914 5530 ΝΟΤᾹΞ.

798 5563 854 5629 με
879 5564 928 5637 io
957 5577 984 5613 a
1010 5563 1209 5637 praalio
1239 5564 1418 5637 .iliquo
1448 5565 1764 5637 autditione
1802 5584 1895 5619 sua
1919 5566 1969 5619 id
2003 5583 2123 5621 eum
2150 5585 2345 5637 cogno-

802 5635 969 5688 niinis
1015 5633 1251 5699 potuisse
1281 5633 1497 5687 habere.
1521 5634 1650 5687 .\'vt..
1685 5664 1750 5674 -—-
1782 5637 1898 5688 Non
1935 5653 1960 5686 a
2010 5633 2240 5690 ditione'
2268 5641 2346 5691 vel

806 5703 1026 5774 pumilio,
1065 5705 1157 5755 sed
1189 5716 1216 5752 a
1247 5711 1436 5774 matre,
1471 5719 1532 5756 ex
1567 5720 1672 5772 qua
1695 5708 2039 5774 quandoque,
2073 5711 2115 5759 si
2144 5720 2353 5771 specta-

807 5770 910 5824 tior
946 5772 1014 5823 sit
1043 5780 1092 5822 ct
1137 5771 1488 5836 nominatior,
1517 5770 1688 5830 (ἰτὶυρί
1714 5770 1869 5829 Ἰῆιίηδ
1906 5770 2195 5844 appellant,
2237 5779 2356 5832 Ste-

2463 5573 2674 5639 phaims
2719 5574 2805 5625 hic
2860 5571 3060 5624 dicitur
3107 5569 3421 5638 Λειχουδίας
3469 5568 3608 5628 υίὸς·
3667 5569 3834 5630 aiias,
3876 5567 4027 5636 jtnla

2466 5643 2822 5710 Χ)ι.ιιιιΙι·ιιιιι,
2859 5640 3044 5709 νηριιῆ
3086 5641 3168 5692 vel
3212 5640 3438 5694 ditioziis
3471 5640 3614 5691 lilius
3647 5649 3729 5692 est
3769 5653 4020 5690 asseren-

2463 5715 2586 5768 dus.
2620 5712 2788 5764 (ioan.
