  <div class='ocr_page' id='page_1' title='image "/cluster/home/n/w/nwhite01/storage/ocr_20150623/122/nnc1.0046979611/162.png"; bbox 0 0 4410 6442; ppageno 0'>
   <div class='ocr_carea' id='block_1_1' title="bbox 353 427 454 487">
    <p class='ocr_par' dir='ltr' id='par_1_1' title="bbox 353 427 454 487">
     <span class='ocr_line' id='line_1_1' title="bbox 353 427 454 487; baseline -0.04 0"><span class='ocrx_word' id='word_1_1' title='bbox 353 427 419 487; x_wconf 80' lang='grc'>30</span> <span class='ocrx_word' id='word_1_2' title='bbox 427 428 454 483; x_wconf 45' lang='grc' dir='ltr'>θ)</span> 
     </span>
    </p>
   </div>
   <div class='ocr_carea' id='block_1_2' title="bbox 1451 424 2545 485">
    <p class='ocr_par' dir='ltr' id='par_1_2' title="bbox 1451 424 2545 485">
     <span class='ocr_line' id='line_1_2' title="bbox 1451 424 2545 485; baseline -0.005 0"><span class='ocrx_word' id='word_1_3' title='bbox 1451 426 1986 485; x_wconf 66' lang='lat' dir='ltr'><strong>lilS&#39;l‘UilI.\itU.‘d</strong></span> <span class='ocrx_word' id='word_1_4' title='bbox 2023 424 2545 485; x_wconf 76' lang='lat' dir='ltr'>Ct).\ll’E.\&#39;l)lU.\l.</span> 
     </span>
    </p>
   </div>
   <div class='ocr_carea' id='block_1_3' title="bbox 3500 422 3606 483">
    <p class='ocr_par' dir='ltr' id='par_1_3' title="bbox 3500 422 3606 483">
     <span class='ocr_line' id='line_1_3' title="bbox 3500 422 3606 483; baseline -0.009 -1"><span class='ocrx_word' id='word_1_5' title='bbox 3500 422 3606 483; x_wconf 79' lang='lat'>306</span> 
     </span>
    </p>
   </div>
   <div class='ocr_carea' id='block_1_4' title="bbox 354 528 2095 607">
    <p class='ocr_par' dir='ltr' id='par_1_4' title="bbox 354 533 2095 607">
     <span class='ocr_line' id='line_1_4' title="bbox 354 533 2095 607; baseline -0.003 -18"><span class='ocrx_word' id='word_1_6' title='bbox 354 539 453 589; x_wconf 73' lang='grc' dir='ltr'>Καὶ</span> <span class='ocrx_word' id='word_1_7' title='bbox 474 536 696 607; x_wconf 81' lang='grc' dir='ltr'>πολέμῳ</span> <span class='ocrx_word' id='word_1_8' title='bbox 746 536 932 590; x_wconf 81' lang='grc' dir='ltr'>τοῦτον</span> <span class='ocrx_word' id='word_1_9' title='bbox 966 536 1306 606; x_wconf 70' lang='grc' dir='ltr'>τρεψάμενος</span> <span class='ocrx_word' id='word_1_10' title='bbox 1370 538 1447 596; x_wconf 76' lang='grc' dir='ltr'>εἰς</span> <span class='ocrx_word' id='word_1_11' title='bbox 1500 534 1570 588; x_wconf 74' lang='grc' dir='ltr'>τὰ</span> <span class='ocrx_word' id='word_1_12' title='bbox 1626 534 1923 587; x_wconf 79' lang='grc' dir='ltr'>Καυκάσια</span> <span class='ocrx_word' id='word_1_13' title='bbox 1958 538 1993 590; x_wconf 65' lang='grc' dir='ltr'><strong>Α</strong></span> <span class='ocrx_word' id='word_1_14' title='bbox 2028 533 2095 602; x_wconf 79' lang='lat' dir='ltr'>gi:</span> 
     </span>
    </p>
   </div>
   <div class='ocr_carea' id='block_1_5' title="bbox 1862 528 3603 607">
    <p class='ocr_par' dir='ltr' id='par_1_5' title="bbox 1870 528 3603 602">
     <span class='ocr_line' id='line_1_5' title="bbox 1870 528 3603 602; baseline 0 -18"><span class='ocrx_word' id='word_1_15' title='bbox 1870 550 1923 585; x_wconf 87' lang='grc' dir='ltr'>ια</span> <span class='ocrx_word' id='word_1_16' title='bbox 1958 538 1993 590; x_wconf 66' lang='grc' dir='ltr'><strong>Α</strong></span> <span class='ocrx_word' id='word_1_17' title='bbox 2028 533 2168 602; x_wconf 79' lang='lat' dir='ltr'><strong>giam</strong></span> <span class='ocrx_word' id='word_1_18' title='bbox 2216 531 2374 602; x_wconf 82' lang='lat'>573</span> <span class='ocrx_word' id='word_1_19' title='bbox 2409 528 2843 599; x_wconf 87' lang='lat' dir='ltr'><strong>compellit.lpse</strong></span> <span class='ocrx_word' id='word_1_20' title='bbox 2873 528 3023 600; x_wconf 75' lang='lat' dir='ltr'><strong>regia</strong></span> <span class='ocrx_word' id='word_1_21' title='bbox 3048 540 3312 601; x_wconf 88' lang='lat' dir='ltr'><strong>occupata</strong></span> <span class='ocrx_word' id='word_1_22' title='bbox 3329 530 3603 585; x_wconf 87' lang='lat' dir='ltr'><strong>dominam</strong></span> 
     </span>
    </p>
   </div>
   <div class='ocr_carea' id='block_1_6' title="bbox 352 625 1924 697">
    <p class='ocr_par' dir='ltr' id='par_1_6' title="bbox 352 625 1924 697">
     <span class='ocr_line' id='line_1_6' title="bbox 352 625 1924 697; baseline -0.001 -19"><span class='ocrx_word' id='word_1_23' title='bbox 352 630 440 680; x_wconf 71' lang='grc' dir='ltr'>καὶ</span> <span class='ocrx_word' id='word_1_24' title='bbox 478 630 578 697; x_wconf 81' lang='grc' dir='ltr'>τὴν</span> <span class='ocrx_word' id='word_1_25' title='bbox 613 630 761 683; x_wconf 80' lang='grc' dir='ltr'>ἔνδον</span> <span class='ocrx_word' id='word_1_26' title='bbox 786 628 1082 683; x_wconf 71' lang='grc' dir='ltr'>ἀπελαύνει</span> <span class='ocrx_word' id='word_1_27' title='bbox 1127 628 1442 695; x_wconf 80' lang='grc' dir='ltr'>Ἀϐασγίαν,</span> <span class='ocrx_word' id='word_1_28' title='bbox 1498 628 1556 678; x_wconf 73' lang='grc' dir='ltr'>ἐν</span> <span class='ocrx_word' id='word_1_29' title='bbox 1602 628 1713 687; x_wconf 80' lang='grc' dir='ltr'>τοῖς</span> <span class='ocrx_word' id='word_1_30' title='bbox 1768 625 1924 694; x_wconf 84' lang='grc' dir='ltr'>βασι-</span> 
     </span>
    </p>
   </div>
   <div class='ocr_carea' id='block_1_7' title="bbox 348 715 1927 790">
    <p class='ocr_par' dir='ltr' id='par_1_7' title="bbox 348 715 1927 790">
     <span class='ocr_line' id='line_1_7' title="bbox 348 715 1927 790; baseline -0.003 -19"><span class='ocrx_word' id='word_1_31' title='bbox 348 719 505 781; x_wconf 83' lang='grc' dir='ltr'>λείοις</span> <span class='ocrx_word' id='word_1_32' title='bbox 537 737 596 772; x_wconf 85' lang='grc' dir='ltr'>τε</span> <span class='ocrx_word' id='word_1_33' title='bbox 621 720 914 789; x_wconf 83' lang='grc' dir='ltr'>γενόμενος</span> <span class='ocrx_word' id='word_1_34' title='bbox 966 723 1030 790; x_wconf 78' lang='grc' dir='ltr'>τῇ</span> <span class='ocrx_word' id='word_1_35' title='bbox 1078 719 1269 773; x_wconf 77' lang='grc' dir='ltr'>ἑαυτοῦ</span> <span class='ocrx_word' id='word_1_36' title='bbox 1321 719 1571 788; x_wconf 77' lang='grc' dir='ltr'>μίγνυται</span> <span class='ocrx_word' id='word_1_37' title='bbox 1634 716 1770 786; x_wconf 85' lang='grc' dir='ltr'>πρὸς</span> <span class='ocrx_word' id='word_1_38' title='bbox 1807 715 1927 784; x_wconf 77' lang='grc' dir='ltr'>βίαν</span> 
     </span>
    </p>
   </div>
   <div class='ocr_carea' id='block_1_8' title="bbox 348 807 1929 883">
    <p class='ocr_par' dir='ltr' id='par_1_8' title="bbox 348 807 1929 883">
     <span class='ocr_line' id='line_1_8' title="bbox 348 807 1929 883; baseline -0.003 -20"><span class='ocrx_word' id='word_1_39' title='bbox 348 812 622 883; x_wconf 80' lang='grc' dir='ltr'>δεσποίνῃ,</span> <span class='ocrx_word' id='word_1_40' title='bbox 662 814 727 882; x_wconf 82' lang='grc' dir='ltr'>τῇ</span> <span class='ocrx_word' id='word_1_41' title='bbox 760 811 928 880; x_wconf 74' lang='grc' dir='ltr'>μητρὶ</span> <span class='ocrx_word' id='word_1_42' title='bbox 959 811 1050 862; x_wconf 76' lang='grc' dir='ltr'>τοῦ</span> <span class='ocrx_word' id='word_1_43' title='bbox 1088 811 1459 878; x_wconf 75' lang='grc' dir='ltr'>Παγκρατίου,</span> <span class='ocrx_word' id='word_1_44' title='bbox 1527 809 1618 860; x_wconf 77' lang='grc' dir='ltr'>καὶ</span> <span class='ocrx_word' id='word_1_45' title='bbox 1652 808 1760 859; x_wconf 88' lang='grc' dir='ltr'>τῶν</span> <span class='ocrx_word' id='word_1_46' title='bbox 1791 807 1929 859; x_wconf 78' lang='grc' dir='ltr'>ὂλων</span> 
     </span>
    </p>
   </div>
   <div class='ocr_carea' id='block_1_9' title="bbox 347 899 1930 972">
    <p class='ocr_par' dir='ltr' id='par_1_9' title="bbox 347 899 1930 972">
     <span class='ocr_line' id='line_1_9' title="bbox 347 899 1930 972; baseline -0.002 -18"><span class='ocrx_word' id='word_1_47' title='bbox 347 904 439 972; x_wconf 72' lang='grc' dir='ltr'>τῆς</span> <span class='ocrx_word' id='word_1_48' title='bbox 476 903 721 972; x_wconf 77' lang='grc' dir='ltr'>Ἰϐηρίας</span> <span class='ocrx_word' id='word_1_49' title='bbox 756 904 1097 971; x_wconf 70' lang='grc' dir='ltr'>πραγμάτων</span> <span class='ocrx_word' id='word_1_50' title='bbox 1143 903 1328 970; x_wconf 78' lang='grc' dir='ltr'>κύριος</span> <span class='ocrx_word' id='word_1_51' title='bbox 1363 901 1589 967; x_wconf 82' lang='grc' dir='ltr'>γίνεται.</span> <span class='ocrx_word' id='word_1_52' title='bbox 1622 899 1930 968; x_wconf 74' lang='grc' dir='ltr'>Γραμματά</span> 
     </span>
    </p>
   </div>
   <div class='ocr_carea' id='block_1_10' title="bbox 348 991 1929 1063">
    <p class='ocr_par' dir='ltr' id='par_1_10' title="bbox 348 991 1929 1063">
     <span class='ocr_line' id='line_1_10' title="bbox 348 991 1929 1063; baseline -0.005 -15"><span class='ocrx_word' id='word_1_53' title='bbox 348 1014 400 1053; x_wconf 80' lang='grc' dir='ltr'>τε</span> <span class='ocrx_word' id='word_1_54' title='bbox 433 998 511 1057; x_wconf 83' lang='grc' dir='ltr'>εἰς</span> <span class='ocrx_word' id='word_1_55' title='bbox 546 997 638 1049; x_wconf 79' lang='grc' dir='ltr'>τὸν</span> <span class='ocrx_word' id='word_1_56' title='bbox 697 994 923 1063; x_wconf 81' lang='grc' dir='ltr'>βασιλέα</span> <span class='ocrx_word' id='word_1_57' title='bbox 984 993 1205 1060; x_wconf 70' lang='grc' dir='ltr'>πέμψας</span> <span class='ocrx_word' id='word_1_58' title='bbox 1267 992 1421 1058; x_wconf 70' lang='grc' dir='ltr'>φίλος</span> <span class='ocrx_word' id='word_1_59' title='bbox 1484 991 1576 1043; x_wconf 66' lang='grc' dir='ltr'>καὶ</span> <span class='ocrx_word' id='word_1_60' title='bbox 1644 991 1929 1058; x_wconf 84' lang='grc' dir='ltr'>σύμμαχος</span> 
     </span>
    </p>
   </div>
   <div class='ocr_carea' id='block_1_11' title="bbox 351 1078 1928 1153">
    <p class='ocr_par' dir='ltr' id='par_1_11' title="bbox 351 1078 1928 1153">
     <span class='ocr_line' id='line_1_11' title="bbox 351 1078 1928 1153; baseline -0.004 -15"><span class='ocrx_word' id='word_1_61' title='bbox 351 1090 552 1149; x_wconf 73' lang='grc' dir='ltr'>ἐξαιτεῖ</span> <span class='ocrx_word' id='word_1_62' title='bbox 582 1088 842 1153; x_wconf 80' lang='grc' dir='ltr'>γενέσθαι</span> <span class='ocrx_word' id='word_1_63' title='bbox 880 1085 1166 1153; x_wconf 79' lang='grc' dir='ltr'>Ῥωμαίων</span> <span class='ocrx_word' id='word_1_64' title='bbox 1188 1100 1201 1113; x_wconf 85' lang='grc'><strong>·</strong></span> <span class='ocrx_word' id='word_1_65' title='bbox 1236 1078 1295 1137; x_wconf 77' lang='grc' dir='ltr'>οὗ</span> <span class='ocrx_word' id='word_1_66' title='bbox 1326 1083 1422 1151; x_wconf 74' lang='grc' dir='ltr'>τὴν</span> <span class='ocrx_word' id='word_1_67' title='bbox 1446 1082 1744 1153; x_wconf 76' lang='grc' dir='ltr'>πρεσϐείαν</span> <span class='ocrx_word' id='word_1_68' title='bbox 1778 1079 1928 1144; x_wconf 65' lang='grc' dir='ltr'>δεξα-</span> 
     </span>
    </p>
   </div>
   <div class='ocr_carea' id='block_1_12' title="bbox 360 1172 1931 1247">
    <p class='ocr_par' dir='ltr' id='par_1_12' title="bbox 360 1172 1931 1247">
     <span class='ocr_line' id='line_1_12' title="bbox 360 1172 1931 1247; baseline -0.004 -18"><span class='ocrx_word' id='word_1_69' title='bbox 360 1196 515 1247; x_wconf 87' lang='grc' dir='ltr'>μενος</span> <span class='ocrx_word' id='word_1_70' title='bbox 569 1172 728 1240; x_wconf 73' lang='grc' dir='ltr'>οὗτος</span> <span class='ocrx_word' id='word_1_71' title='bbox 784 1178 1228 1247; x_wconf 80' lang='grc' dir='ltr'>κοινοπραγείται</span> <span class='ocrx_word' id='word_1_72' title='bbox 1283 1175 1400 1244; x_wconf 84' lang='grc' dir='ltr'>μετ’</span> <span class='ocrx_word' id='word_1_73' title='bbox 1424 1175 1607 1227; x_wconf 82' lang='grc' dir='ltr'>αὐτοῦ.</span> <span class='ocrx_word' id='word_1_74' title='bbox 1664 1174 1818 1227; x_wconf 69' lang='grc' dir='ltr'>Μετὰ</span> <span class='ocrx_word' id='word_1_75' title='bbox 1876 1172 1931 1223; x_wconf 84' lang='grc' dir='ltr'>δέ</span> 
     </span>
    </p>
   </div>
   <div class='ocr_carea' id='block_1_13' title="bbox 353 1265 1932 1339">
    <p class='ocr_par' dir='ltr' id='par_1_13' title="bbox 353 1265 1932 1339">
     <span class='ocr_line' id='line_1_13' title="bbox 353 1265 1932 1339; baseline -0.003 -18"><span class='ocrx_word' id='word_1_76' title='bbox 353 1287 470 1322; x_wconf 77' lang='grc' dir='ltr'>τινα</span> <span class='ocrx_word' id='word_1_77' title='bbox 491 1272 685 1339; x_wconf 79' lang='grc' dir='ltr'>χρόνον</span> <span class='ocrx_word' id='word_1_78' title='bbox 707 1270 800 1323; x_wconf 77' lang='grc' dir='ltr'>καὶ</span> <span class='ocrx_word' id='word_1_79' title='bbox 829 1272 857 1321; x_wconf 88' lang='grc' dir='ltr'>ὁ</span> <span class='ocrx_word' id='word_1_80' title='bbox 888 1269 1235 1338; x_wconf 75' lang='grc' dir='ltr'>Παγκράτιος</span> <span class='ocrx_word' id='word_1_81' title='bbox 1283 1268 1369 1319; x_wconf 80' lang='grc' dir='ltr'>διὰ</span> <span class='ocrx_word' id='word_1_82' title='bbox 1396 1266 1490 1319; x_wconf 80' lang='grc' dir='ltr'>τοῦ</span> <span class='ocrx_word' id='word_1_83' title='bbox 1510 1265 1737 1327; x_wconf 70' lang='grc' dir='ltr'>Φάσιδος</span> <span class='ocrx_word' id='word_1_84' title='bbox 1768 1282 1932 1316; x_wconf 62' lang='grc' dir='ltr'>ποτα»</span> 
     </span>
    </p>
   </div>
   <div class='ocr_carea' id='block_1_14' title="bbox 356 1358 1933 1428">
    <p class='ocr_par' dir='ltr' id='par_1_14' title="bbox 356 1358 1933 1428">
     <span class='ocr_line' id='line_1_14' title="bbox 356 1358 1933 1428; baseline -0.002 -18"><span class='ocrx_word' id='word_1_85' title='bbox 356 1361 454 1428; x_wconf 75' lang='grc' dir='ltr'>μου</span> <span class='ocrx_word' id='word_1_86' title='bbox 482 1362 577 1412; x_wconf 75' lang='grc' dir='ltr'>καὶ</span> <span class='ocrx_word' id='word_1_87' title='bbox 610 1361 861 1413; x_wconf 82' lang='grc' dir='ltr'>Σουάνων</span> <span class='ocrx_word' id='word_1_88' title='bbox 893 1360 985 1412; x_wconf 79' lang='grc' dir='ltr'>καὶ</span> <span class='ocrx_word' id='word_1_89' title='bbox 1020 1359 1244 1427; x_wconf 83' lang='grc' dir='ltr'>Κόλχων</span> <span class='ocrx_word' id='word_1_90' title='bbox 1301 1359 1660 1425; x_wconf 72' lang='grc' dir='ltr'>έδοιπορήσας</span> <span class='ocrx_word' id='word_1_91' title='bbox 1714 1358 1933 1425; x_wconf 77' lang='grc' dir='ltr'>ἔρχεται</span> 
     </span>
    </p>
   </div>
   <div class='ocr_carea' id='block_1_15' title="bbox 355 1449 1935 1519">
    <p class='ocr_par' dir='ltr' id='par_1_15' title="bbox 355 1449 1935 1519">
     <span class='ocr_line' id='line_1_15' title="bbox 355 1449 1935 1519; baseline -0.001 -18"><span class='ocrx_word' id='word_1_92' title='bbox 355 1455 427 1512; x_wconf 80' lang='grc' dir='ltr'>εἰς</span> <span class='ocrx_word' id='word_1_93' title='bbox 448 1450 866 1519; x_wconf 76' lang='grc' dir='ltr'>Τραπεζοῦντα,</span> <span class='ocrx_word' id='word_1_94' title='bbox 896 1451 1151 1503; x_wconf 80' lang='grc' dir='ltr'>κάκεῖθεν</span> <span class='ocrx_word' id='word_1_95' title='bbox 1186 1450 1451 1517; x_wconf 76' lang='grc' dir='ltr'>ἀγγέλους</span> <span class='ocrx_word' id='word_1_96' title='bbox 1502 1450 1778 1517; x_wconf 77' lang='grc' dir='ltr'>ἐκπέμπει</span> <span class='ocrx_word' id='word_1_97' title='bbox 1800 1449 1935 1517; x_wconf 85' lang='grc' dir='ltr'>πρὸς</span> 
     </span>
    </p>
   </div>
   <div class='ocr_carea' id='block_1_16' title="bbox 357 1540 1927 1611">
    <p class='ocr_par' dir='ltr' id='par_1_16' title="bbox 357 1540 1927 1611">
     <span class='ocr_line' id='line_1_16' title="bbox 357 1540 1927 1611; baseline -0.002 -19"><span class='ocrx_word' id='word_1_98' title='bbox 357 1542 592 1607; x_wconf 64' lang='grc' dir='ltr'>βχσιλέα,</span> <span class='ocrx_word' id='word_1_99' title='bbox 643 1541 819 1609; x_wconf 84' lang='grc' dir='ltr'>δηλῶν</span> <span class='ocrx_word' id='word_1_100' title='bbox 871 1542 945 1604; x_wconf 82' lang='grc' dir='ltr'>ὡς</span> <span class='ocrx_word' id='word_1_101' title='bbox 986 1542 1171 1611; x_wconf 74' lang='grc' dir='ltr'>ἔφῖσιν</span> <span class='ocrx_word' id='word_1_102' title='bbox 1260 1540 1373 1611; x_wconf 75' lang='grc' dir='ltr'>ἔχει</span> <span class='ocrx_word' id='word_1_103' title='bbox 1429 1540 1693 1592; x_wconf 79' lang='grc' dir='ltr'>εἰσελθεῖν</span> <span class='ocrx_word' id='word_1_104' title='bbox 1758 1541 1814 1590; x_wconf 84' lang='grc' dir='ltr'>ὲν</span> <span class='ocrx_word' id='word_1_105' title='bbox 1860 1541 1927 1607; x_wconf 86' lang='grc' dir='ltr'>τῇ</span> 
     </span>
    </p>
   </div>
   <div class='ocr_carea' id='block_1_17' title="bbox 359 1630 1933 1701">
    <p class='ocr_par' dir='ltr' id='par_1_17' title="bbox 359 1630 1933 1701">
     <span class='ocr_line' id='line_1_17' title="bbox 359 1630 1933 1701; baseline -0.001 -18"><span class='ocrx_word' id='word_1_106' title='bbox 359 1632 587 1699; x_wconf 80' lang='grc' dir='ltr'>βασιλίδι</span> <span class='ocrx_word' id='word_1_107' title='bbox 613 1634 710 1684; x_wconf 72' lang='grc' dir='ltr'>καὶ</span> <span class='ocrx_word' id='word_1_108' title='bbox 735 1631 885 1701; x_wconf 79' lang='grc' dir='ltr'>αὑτῷ</span> <span class='ocrx_word' id='word_1_109' title='bbox 915 1636 1178 1701; x_wconf 77' lang='grc' dir='ltr'>ἐντυχεῖν.</span> <span class='ocrx_word' id='word_1_110' title='bbox 1208 1631 1575 1701; x_wconf 70' lang='grc' dir='ltr'>Προσταχοεὶς</span> <span class='ocrx_word' id='word_1_111' title='bbox 1594 1630 1687 1682; x_wconf 81' lang='grc' dir='ltr'>οὖν</span> <span class='ocrx_word' id='word_1_112' title='bbox 1717 1632 1933 1691; x_wconf 79' lang='grc' dir='ltr'>εἴσεισι,</span> 
     </span>
    </p>
   </div>
   <div class='ocr_carea' id='block_1_18' title="bbox 357 1721 1937 1793">
    <p class='ocr_par' dir='ltr' id='par_1_18' title="bbox 357 1721 1937 1793">
     <span class='ocr_line' id='line_1_18' title="bbox 357 1721 1937 1793; baseline 0 -21"><span class='ocrx_word' id='word_1_113' title='bbox 357 1727 447 1773; x_wconf 65' lang='grc' dir='ltr'>καὶ</span> <span class='ocrx_word' id='word_1_114' title='bbox 469 1726 546 1791; x_wconf 84' lang='grc' dir='ltr'>τῷ</span> <span class='ocrx_word' id='word_1_115' title='bbox 575 1723 791 1793; x_wconf 81' lang='grc' dir='ltr'>βασιλεῖ</span> <span class='ocrx_word' id='word_1_116' title='bbox 823 1723 1059 1792; x_wconf 81' lang='grc' dir='ltr'>ἐντυχὼν</span> <span class='ocrx_word' id='word_1_117' title='bbox 1093 1724 1312 1793; x_wconf 87' lang='grc' dir='ltr'>πρῶτον</span> <span class='ocrx_word' id='word_1_118' title='bbox 1349 1724 1447 1790; x_wconf 82' lang='grc' dir='ltr'>μὲν</span> <span class='ocrx_word' id='word_1_119' title='bbox 1481 1721 1734 1785; x_wconf 73' lang='grc' dir='ltr'>ὀνειδίζει</span> <span class='ocrx_word' id='word_1_120' title='bbox 1766 1721 1937 1772; x_wconf 87' lang='grc' dir='ltr'>πολλά</span> 
     </span>
    </p>
   </div>
   <div class='ocr_carea' id='block_1_19' title="bbox 358 1814 1938 1884">
    <p class='ocr_par' dir='ltr' id='par_1_19' title="bbox 358 1814 1938 1884">
     <span class='ocr_line' id='line_1_19' title="bbox 358 1814 1938 1884; baseline 0.001 -19"><span class='ocrx_word' id='word_1_121' title='bbox 358 1815 569 1882; x_wconf 76' lang='grc' dir='ltr'>ἱτιπερ,</span> <span class='ocrx_word' id='word_1_122' title='bbox 624 1814 879 1883; x_wconf 80' lang='grc' dir='ltr'>βασιλεὺς</span> <span class='ocrx_word' id='word_1_123' title='bbox 902 1814 976 1867; x_wconf 85' lang='grc' dir='ltr'>ῶν</span> <span class='ocrx_word' id='word_1_124' title='bbox 1022 1816 1117 1869; x_wconf 75' lang='grc' dir='ltr'>καὶ</span> <span class='ocrx_word' id='word_1_125' title='bbox 1162 1816 1299 1884; x_wconf 64' lang='grc' dir='ltr'>πρὸς</span> <span class='ocrx_word' id='word_1_126' title='bbox 1326 1816 1571 1883; x_wconf 77' lang='grc' dir='ltr'>ἀρχηγὸν</span> <span class='ocrx_word' id='word_1_127' title='bbox 1627 1816 1686 1866; x_wconf 77' lang='grc' dir='ltr'>οὐ</span> <span class='ocrx_word' id='word_1_128' title='bbox 1738 1816 1938 1884; x_wconf 77' lang='grc' dir='ltr'>μικρᾶς</span> 
     </span>
    </p>
   </div>
   <div class='ocr_carea' id='block_1_20' title="bbox 359 1909 1937 1979">
    <p class='ocr_par' dir='ltr' id='par_1_20' title="bbox 359 1909 1937 1979">
     <span class='ocr_line' id='line_1_20' title="bbox 359 1909 1937 1979; baseline 0 -20"><span class='ocrx_word' id='word_1_129' title='bbox 359 1910 537 1976; x_wconf 82' lang='grc' dir='ltr'>χώρας</span> <span class='ocrx_word' id='word_1_130' title='bbox 576 1911 679 1979; x_wconf 85' lang='grc' dir='ltr'>τῆς</span> <span class='ocrx_word' id='word_1_131' title='bbox 747 1910 1041 1977; x_wconf 78' lang='grc' dir='ltr'>Ἀδασγίας</span> <span class='ocrx_word' id='word_1_132' title='bbox 1091 1911 1321 1971; x_wconf 80' lang='grc' dir='ltr'>σπονδὰς</span> <span class='ocrx_word' id='word_1_133' title='bbox 1373 1911 1533 1978; x_wconf 75' lang='grc' dir='ltr'>ἔχων,</span> <span class='ocrx_word' id='word_1_134' title='bbox 1585 1909 1787 1970; x_wconf 74' lang='grc' dir='ltr'>ταύτας</span> <span class='ocrx_word' id='word_1_135' title='bbox 1839 1909 1937 1976; x_wconf 82' lang='grc' dir='ltr'>μὲν</span> 
     </span>
    </p>
   </div>
   <div class='ocr_carea' id='block_1_21' title="bbox 360 2000 1937 2072">
    <p class='ocr_par' dir='ltr' id='par_1_21' title="bbox 360 2000 1937 2072">
     <span class='ocr_line' id='line_1_21' title="bbox 360 2000 1937 2072; baseline 0.003 -23"><span class='ocrx_word' id='word_1_136' title='bbox 360 2000 612 2068; x_wconf 75' lang='grc' dir='ltr'>ἡθέτησε,</span> <span class='ocrx_word' id='word_1_137' title='bbox 650 2000 946 2070; x_wconf 71' lang='grc' dir='ltr'>προσέθετο</span> <span class='ocrx_word' id='word_1_138' title='bbox 975 2002 1030 2054; x_wconf 85' lang='grc' dir='ltr'>δὲ</span> <span class='ocrx_word' id='word_1_139' title='bbox 1054 2002 1209 2071; x_wconf 71' lang='grc' dir='ltr'>ἀνδρὶ</span> <span class='ocrx_word' id='word_1_140' title='bbox 1248 2001 1431 2072; x_wconf 79' lang='grc' dir='ltr'>ἰδιώτῃ</span> <span class='ocrx_word' id='word_1_141' title='bbox 1463 2003 1555 2053; x_wconf 74' lang='grc' dir='ltr'>καὶ</span> <span class='ocrx_word' id='word_1_142' title='bbox 1607 2000 1776 2070; x_wconf 80' lang='grc' dir='ltr'>δούλῳ</span> <span class='ocrx_word' id='word_1_143' title='bbox 1802 2002 1937 2053; x_wconf 83' lang='grc' dir='ltr'>ἁπο-</span> 
     </span>
    </p>
   </div>
   <div class='ocr_carea' id='block_1_22' title="bbox 362 2089 1931 2160">
    <p class='ocr_par' dir='ltr' id='par_1_22' title="bbox 362 2089 1931 2160">
     <span class='ocr_line' id='line_1_22' title="bbox 362 2089 1931 2160; baseline 0.001 -22"><span class='ocrx_word' id='word_1_144' title='bbox 362 2089 546 2160; x_wconf 79' lang='grc' dir='ltr'>στάτῃ,</span> <span class='ocrx_word' id='word_1_145' title='bbox 575 2092 769 2143; x_wconf 78' lang='grc' dir='ltr'>ἔπειτα</span> <span class='ocrx_word' id='word_1_146' title='bbox 800 2093 893 2145; x_wconf 71' lang='grc' dir='ltr'>καὶ</span> <span class='ocrx_word' id='word_1_147' title='bbox 920 2092 1253 2157; x_wconf 79' lang='grc' dir='ltr'>καταλλάξαι</span> <span class='ocrx_word' id='word_1_148' title='bbox 1287 2092 1547 2160; x_wconf 73' lang='grc' dir='ltr'>ἀλλήλους</span> <span class='ocrx_word' id='word_1_149' title='bbox 1603 2092 1931 2160; x_wconf 84' lang='grc' dir='ltr'>παρακαλεῖ.</span> 
     </span>
    </p>
   </div>
   <div class='ocr_carea' id='block_1_23' title="bbox 364 2182 1933 2253">
    <p class='ocr_par' dir='ltr' id='par_1_23' title="bbox 364 2182 1933 2253">
     <span class='ocr_line' id='line_1_23' title="bbox 364 2182 1933 2253; baseline 0.003 -23"><span class='ocrx_word' id='word_1_150' title='bbox 364 2182 424 2230; x_wconf 87' lang='grc' dir='ltr'>Ὀ</span> <span class='ocrx_word' id='word_1_151' title='bbox 454 2182 515 2250; x_wconf 82' lang='grc' dir='ltr'>δὴ</span> <span class='ocrx_word' id='word_1_152' title='bbox 550 2184 648 2234; x_wconf 70' lang='grc' dir='ltr'>καὶ</span> <span class='ocrx_word' id='word_1_153' title='bbox 670 2183 862 2250; x_wconf 85' lang='grc' dir='ltr'>γέγονε</span> <span class='ocrx_word' id='word_1_154' title='bbox 892 2186 957 2252; x_wconf 86' lang='grc' dir='ltr'>τῇ</span> <span class='ocrx_word' id='word_1_155' title='bbox 999 2185 1199 2253; x_wconf 79' lang='grc' dir='ltr'>σπουδῇ</span> <span class='ocrx_word' id='word_1_156' title='bbox 1252 2184 1344 2235; x_wconf 73' lang='grc' dir='ltr'>τοῦ</span> <span class='ocrx_word' id='word_1_157' title='bbox 1376 2183 1659 2251; x_wconf 82' lang='grc' dir='ltr'>βασιλέως,</span> <span class='ocrx_word' id='word_1_158' title='bbox 1705 2201 1933 2235; x_wconf 74' lang='grc' dir='ltr'>σπεισαο</span> 
     </span>
    </p>
   </div>
   <div class='ocr_carea' id='block_1_24' title="bbox 362 2275 1929 2347">
    <p class='ocr_par' dir='ltr' id='par_1_24' title="bbox 362 2275 1929 2347">
     <span class='ocr_line' id='line_1_24' title="bbox 362 2275 1929 2347; baseline 0.002 -23"><span class='ocrx_word' id='word_1_159' title='bbox 362 2278 533 2340; x_wconf 77' lang='grc' dir='ltr'>μένων</span> <span class='ocrx_word' id='word_1_160' title='bbox 569 2276 820 2347; x_wconf 77' lang='grc' dir='ltr'>ἀλλήλοις</span> <span class='ocrx_word' id='word_1_161' title='bbox 847 2278 987 2330; x_wconf 81' lang='grc' dir='ltr'>ὥστε</span> <span class='ocrx_word' id='word_1_162' title='bbox 1029 2279 1123 2330; x_wconf 71' lang='grc' dir='ltr'>τὸν</span> <span class='ocrx_word' id='word_1_163' title='bbox 1188 2278 1286 2347; x_wconf 83' lang='grc' dir='ltr'>μὲν</span> <span class='ocrx_word' id='word_1_164' title='bbox 1350 2278 1693 2346; x_wconf 78' lang='grc' dir='ltr'>Παγκράτιον</span> <span class='ocrx_word' id='word_1_165' title='bbox 1740 2275 1929 2343; x_wconf 80' lang='grc' dir='ltr'>κύριον</span> 
     </span>
    </p>
   </div>
   <div class='ocr_carea' id='block_1_25' title="bbox 359 2366 1933 2441">
    <p class='ocr_par' dir='ltr' id='par_1_25' title="bbox 359 2366 1933 2441">
     <span class='ocr_line' id='line_1_25' title="bbox 359 2366 1933 2441; baseline 0.001 -23"><span class='ocrx_word' id='word_1_166' title='bbox 359 2366 611 2422; x_wconf 70' lang='grc' dir='ltr'>εἶναικαὶ</span> <span class='ocrx_word' id='word_1_167' title='bbox 645 2372 887 2441; x_wconf 73' lang='grc' dir='ltr'>ἀρχηγὸν</span> <span class='ocrx_word' id='word_1_168' title='bbox 918 2373 1098 2438; x_wconf 76' lang='grc' dir='ltr'>πάσης</span> <span class='ocrx_word' id='word_1_169' title='bbox 1116 2369 1467 2440; x_wconf 78' lang='grc' dir='ltr'>τῆςῚδηρίας</span> <span class='ocrx_word' id='word_1_170' title='bbox 1487 2369 1580 2420; x_wconf 62' lang='grc' dir='ltr'>καὶ</span> <span class='ocrx_word' id='word_1_171' title='bbox 1615 2367 1933 2435; x_wconf 76' lang='grc' dir='ltr'>Ἀϐασγίας,</span> 
     </span>
    </p>
   </div>
   <div class='ocr_carea' id='block_1_26' title="bbox 362 2462 1932 2534">
    <p class='ocr_par' dir='ltr' id='par_1_26' title="bbox 362 2462 1932 2534">
     <span class='ocr_line' id='line_1_26' title="bbox 362 2462 1932 2534; baseline 0.002 -22"><span class='ocrx_word' id='word_1_172' title='bbox 362 2478 470 2529; x_wconf 56' lang='lat' dir='ltr'><strong>pio-1</strong></span> <span class='ocrx_word' id='word_1_173' title='bbox 500 2465 711 2514; x_wconf 78' lang='grc' dir='ltr'>ἐκεῖνον</span> <span class='ocrx_word' id='word_1_174' title='bbox 740 2462 885 2532; x_wconf 76' lang='grc' dir='ltr'>ἔχειν</span> <span class='ocrx_word' id='word_1_175' title='bbox 921 2465 1018 2517; x_wconf 67' lang='grc' dir='ltr'>καὶ</span> <span class='ocrx_word' id='word_1_176' title='bbox 1043 2465 1288 2533; x_wconf 85' lang='grc' dir='ltr'>βασιλέα.</span> <span class='ocrx_word' id='word_1_177' title='bbox 1313 2466 1419 2518; x_wconf 77' lang='grc' dir='ltr'>Καὶ</span> <span class='ocrx_word' id='word_1_178' title='bbox 1447 2466 1512 2517; x_wconf 71' lang='grc' dir='ltr'>τὰ</span> <span class='ocrx_word' id='word_1_179' title='bbox 1548 2465 1646 2534; x_wconf 79' lang='grc' dir='ltr'>μὲν</span> <span class='ocrx_word' id='word_1_180' title='bbox 1670 2466 1810 2518; x_wconf 80' lang='grc' dir='ltr'>κατά</span> <span class='ocrx_word' id='word_1_181' title='bbox 1833 2465 1932 2532; x_wconf 83' lang='grc' dir='ltr'>τὴν</span> 
     </span>
    </p>
   </div>
   <div class='ocr_carea' id='block_1_27' title="bbox 429 2557 1937 2630">
    <p class='ocr_par' dir='ltr' id='par_1_27' title="bbox 429 2557 1937 2630">
     <span class='ocr_line' id='line_1_27' title="bbox 429 2557 1937 2630; baseline 0.001 -22"><span class='ocrx_word' id='word_1_182' title='bbox 429 2557 596 2608; x_wconf 78' lang='grc' dir='ltr'>Ἀσάν</span> <span class='ocrx_word' id='word_1_183' title='bbox 633 2557 688 2608; x_wconf 78' lang='grc' dir='ltr'>δὲ</span> <span class='ocrx_word' id='word_1_184' title='bbox 721 2559 912 2611; x_wconf 87' lang='grc' dir='ltr'>ὁκατά</span> <span class='ocrx_word' id='word_1_185' title='bbox 964 2559 1256 2629; x_wconf 83' lang='grc' dir='ltr'>Ῥωμαίων</span> <span class='ocrx_word' id='word_1_186' title='bbox 1326 2560 1597 2629; x_wconf 81' lang='grc' dir='ltr'>πεμφθεὶς</span> <span class='ocrx_word' id='word_1_187' title='bbox 1652 2560 1802 2630; x_wconf 87' lang='grc' dir='ltr'>παρά</span> <span class='ocrx_word' id='word_1_188' title='bbox 1844 2558 1937 2610; x_wconf 76' lang='grc' dir='ltr'>τοῦ</span> 
     </span>
    </p>
   </div>
   <div class='ocr_carea' id='block_1_28' title="bbox 364 2647 1933 2718">
    <p class='ocr_par' dir='ltr' id='par_1_28' title="bbox 364 2647 1933 2718">
     <span class='ocr_line' id='line_1_28' title="bbox 364 2647 1933 2718; baseline 0.004 -23"><span class='ocrx_word' id='word_1_189' title='bbox 364 2647 679 2709; x_wconf 65' lang='grc' dir='ltr'>σουλτάιου,</span> <span class='ocrx_word' id='word_1_190' title='bbox 715 2647 1004 2717; x_wconf 85' lang='grc' dir='ltr'>παρελθὼν</span> <span class='ocrx_word' id='word_1_191' title='bbox 1032 2650 1093 2700; x_wconf 79' lang='grc' dir='ltr'>τὸ</span> <span class='ocrx_word' id='word_1_192' title='bbox 1116 2650 1416 2718; x_wconf 77' lang='grc' dir='ltr'>Ταόρέζιον</span> <span class='ocrx_word' id='word_1_193' title='bbox 1447 2651 1542 2702; x_wconf 76' lang='grc' dir='ltr'>καὶ</span> <span class='ocrx_word' id='word_1_194' title='bbox 1587 2651 1646 2701; x_wconf 72' lang='grc' dir='ltr'>τὸ</span> <span class='ocrx_word' id='word_1_195' title='bbox 1710 2650 1933 2717; x_wconf 77' lang='grc' dir='ltr'>λεγόμε-</span> 
     </span>
    </p>
   </div>
   <div class='ocr_carea' id='block_1_29' title="bbox 364 2736 1939 2812">
    <p class='ocr_par' dir='ltr' id='par_1_29' title="bbox 364 2736 1939 2812">
     <span class='ocr_line' id='line_1_29' title="bbox 364 2736 1939 2812; baseline 0.004 -25"><span class='ocrx_word' id='word_1_196' title='bbox 364 2754 447 2787; x_wconf 86' lang='grc' dir='ltr'>νον</span> <span class='ocrx_word' id='word_1_197' title='bbox 472 2737 678 2805; x_wconf 64' lang='grc' dir='ltr'>Τεφλὶς</span> <span class='ocrx_word' id='word_1_198' title='bbox 715 2736 877 2807; x_wconf 74' lang='grc' dir='ltr'>ἦλθεν</span> <span class='ocrx_word' id='word_1_199' title='bbox 900 2742 981 2802; x_wconf 84' lang='grc' dir='ltr'>εἰς</span> <span class='ocrx_word' id='word_1_200' title='bbox 1013 2740 1504 2810; x_wconf 71' lang='grc' dir='ltr'>Βαασπρακανίαν,</span> <span class='ocrx_word' id='word_1_201' title='bbox 1536 2742 1716 2794; x_wconf 81' lang='grc' dir='ltr'>πάντα</span> <span class='ocrx_word' id='word_1_202' title='bbox 1742 2746 1939 2812; x_wconf 79' lang='grc' dir='ltr'>κείρων</span> 
     </span>
    </p>
   </div>
   <div class='ocr_carea' id='block_1_30' title="bbox 364 2830 1944 2903">
    <p class='ocr_par' dir='ltr' id='par_1_30' title="bbox 364 2830 1944 2903">
     <span class='ocr_line' id='line_1_30' title="bbox 364 2830 1944 2903; baseline 0.003 -22"><span class='ocrx_word' id='word_1_203' title='bbox 364 2831 453 2881; x_wconf 72' lang='grc' dir='ltr'>καὶ</span> <span class='ocrx_word' id='word_1_204' title='bbox 482 2830 781 2899; x_wconf 78' lang='grc' dir='ltr'>πυρπολῶν</span> <span class='ocrx_word' id='word_1_205' title='bbox 808 2831 1049 2894; x_wconf 80' lang='grc' dir='ltr'>καὶτοὺς</span> <span class='ocrx_word' id='word_1_206' title='bbox 1083 2833 1528 2901; x_wconf 73' lang='grc' dir='ltr'>προσπίπτοντας</span> <span class='ocrx_word' id='word_1_207' title='bbox 1561 2834 1821 2903; x_wconf 79' lang='grc' dir='ltr'>ἀναιρῶν,</span> <span class='ocrx_word' id='word_1_208' title='bbox 1848 2835 1944 2887; x_wconf 74' lang='grc' dir='ltr'>καὶ</span> 
     </span>
    </p>
   </div>
   <div class='ocr_carea' id='block_1_31' title="bbox 368 2922 1938 2997">
    <p class='ocr_par' dir='ltr' id='par_1_31' title="bbox 368 2922 1938 2997">
     <span class='ocr_line' id='line_1_31' title="bbox 368 2922 1938 2997; baseline 0.001 -22"><span class='ocrx_word' id='word_1_209' title='bbox 368 2924 497 2993; x_wconf 77' lang='grc' dir='ltr'>μηδὲ</span> <span class='ocrx_word' id='word_1_210' title='bbox 529 2923 633 2991; x_wconf 74' lang='grc' dir='ltr'>τῆς</span> <span class='ocrx_word' id='word_1_211' title='bbox 667 2922 928 2992; x_wconf 83' lang='grc' dir='ltr'>παιδικῆς</span> <span class='ocrx_word' id='word_1_212' title='bbox 958 2924 1272 2993; x_wconf 74' lang='grc' dir='ltr'>φειδόμενος</span> <span class='ocrx_word' id='word_1_213' title='bbox 1304 2924 1537 2995; x_wconf 75' lang='grc' dir='ltr'>ἡλικίας.</span> <span class='ocrx_word' id='word_1_214' title='bbox 1575 2924 1658 2997; x_wconf 79' lang='grc' dir='ltr'>[Ρ.</span> <span class='ocrx_word' id='word_1_215' title='bbox 1689 2925 1815 2996; x_wconf 79' lang='grc'>771]</span> <span class='ocrx_word' id='word_1_216' title='bbox 1881 2925 1938 2977; x_wconf 90' lang='lat' dir='ltr'><strong>&#39;O</strong></span> 
     </span>
    </p>
   </div>
   <div class='ocr_carea' id='block_1_32' title="bbox 366 3014 1949 3087">
    <p class='ocr_par' dir='ltr' id='par_1_32' title="bbox 366 3014 1949 3087">
     <span class='ocr_line' id='line_1_32' title="bbox 366 3014 1949 3087; baseline 0.003 -21"><span class='ocrx_word' id='word_1_217' title='bbox 366 3017 418 3067; x_wconf 75' lang='grc' dir='ltr'>δὲ</span> <span class='ocrx_word' id='word_1_218' title='bbox 444 3018 538 3083; x_wconf 84' lang='grc' dir='ltr'>τῆς</span> <span class='ocrx_word' id='word_1_219' title='bbox 568 3015 752 3083; x_wconf 78' lang='grc' dir='ltr'>χώρας</span> <span class='ocrx_word' id='word_1_220' title='bbox 782 3014 964 3085; x_wconf 84' lang='grc' dir='ltr'>ἅρχων</span> <span class='ocrx_word' id='word_1_221' title='bbox 996 3016 1209 3087; x_wconf 78' lang='grc' dir='ltr'>Ἀαρὼν</span> <span class='ocrx_word' id='word_1_222' title='bbox 1243 3016 1473 3085; x_wconf 85' lang='grc' dir='ltr'>Βέστης,</span> <span class='ocrx_word' id='word_1_223' title='bbox 1530 3019 1557 3067; x_wconf 83' lang='grc' dir='ltr'>ὁ</span> <span class='ocrx_word' id='word_1_224' title='bbox 1602 3017 1695 3069; x_wconf 82' lang='grc' dir='ltr'>τοῦ</span> <span class='ocrx_word' id='word_1_225' title='bbox 1764 3019 1949 3070; x_wconf 79' lang='grc' dir='ltr'>Βλαδι-</span> 
     </span>
    </p>
   </div>
   <div class='ocr_carea' id='block_1_33' title="bbox 369 3105 1952 3179">
    <p class='ocr_par' dir='ltr' id='par_1_33' title="bbox 369 3105 1952 3179">
     <span class='ocr_line' id='line_1_33' title="bbox 369 3105 1952 3179; baseline 0.004 -24"><span class='ocrx_word' id='word_1_226' title='bbox 369 3105 600 3158; x_wconf 75' lang='grc' dir='ltr'>οθλάϐου</span> <span class='ocrx_word' id='word_1_227' title='bbox 627 3108 738 3169; x_wconf 76' lang='grc' dir='ltr'>υἱὸς</span> <span class='ocrx_word' id='word_1_228' title='bbox 764 3108 971 3160; x_wconf 77' lang='grc' dir='ltr'>καὶτοῦ</span> <span class='ocrx_word' id='word_1_229' title='bbox 1008 3110 1342 3179; x_wconf 76' lang='grc' dir='ltr'>Προυσιάνου</span> <span class='ocrx_word' id='word_1_230' title='bbox 1391 3111 1644 3177; x_wconf 75' lang='grc' dir='ltr'>ἁδελφὸς,</span> <span class='ocrx_word' id='word_1_231' title='bbox 1699 3110 1773 3179; x_wconf 84' lang='grc' dir='ltr'>μὴ</span> <span class='ocrx_word' id='word_1_232' title='bbox 1805 3111 1952 3174; x_wconf 80' lang='grc' dir='ltr'>ἀξιό-</span> 
     </span>
    </p>
   </div>
   <div class='ocr_carea' id='block_1_34' title="bbox 374 3199 1953 3270">
    <p class='ocr_par' dir='ltr' id='par_1_34' title="bbox 374 3199 1953 3270">
     <span class='ocr_line' id='line_1_34' title="bbox 374 3199 1953 3270; baseline 0.003 -22"><span class='ocrx_word' id='word_1_233' title='bbox 374 3216 543 3266; x_wconf 76' lang='grc' dir='ltr'>μαχον</span> <span class='ocrx_word' id='word_1_234' title='bbox 575 3199 733 3261; x_wconf 81' lang='grc' dir='ltr'>εἰδὼς</span> <span class='ocrx_word' id='word_1_235' title='bbox 762 3201 953 3252; x_wconf 72' lang='grc' dir='ltr'>ἑαυτὸν</span> <span class='ocrx_word' id='word_1_236' title='bbox 979 3202 1113 3270; x_wconf 78' lang='grc' dir='ltr'>μηδὲ</span> <span class='ocrx_word' id='word_1_237' title='bbox 1141 3202 1436 3270; x_wconf 82' lang='grc' dir='ltr'>δυνάμενον</span> <span class='ocrx_word' id='word_1_238' title='bbox 1470 3203 1788 3269; x_wconf 72' lang='grc' dir='ltr'>ἀντιστῆναι</span> <span class='ocrx_word' id='word_1_239' title='bbox 1818 3203 1953 3270; x_wconf 78' lang='grc' dir='ltr'>πρὸς</span> 
     </span>
    </p>
   </div>
   <div class='ocr_carea' id='block_1_35' title="bbox 371 3290 1950 3363">
    <p class='ocr_par' dir='ltr' id='par_1_35' title="bbox 371 3290 1950 3363">
     <span class='ocr_line' id='line_1_35' title="bbox 371 3290 1950 3363; baseline 0.002 -22"><span class='ocrx_word' id='word_1_240' title='bbox 371 3292 641 3356; x_wconf 72' lang='grc' dir='ltr'>τοσαύτην</span> <span class='ocrx_word' id='word_1_241' title='bbox 692 3290 949 3360; x_wconf 75' lang='grc' dir='ltr'>Τούρκων</span> <span class='ocrx_word' id='word_1_242' title='bbox 1013 3292 1245 3360; x_wconf 73' lang='grc' dir='ltr'>πληθὺν,</span> <span class='ocrx_word' id='word_1_243' title='bbox 1303 3296 1610 3363; x_wconf 81' lang='grc' dir='ltr'>γράμματα</span> <span class='ocrx_word' id='word_1_244' title='bbox 1672 3294 1950 3362; x_wconf 80' lang='grc' dir='ltr'>ἐκπέμπει</span> 
     </span>
    </p>
   </div>
   <div class='ocr_carea' id='block_1_36' title="bbox 372 3383 1948 3454">
    <p class='ocr_par' dir='ltr' id='par_1_36' title="bbox 372 3383 1948 3454">
     <span class='ocr_line' id='line_1_36' title="bbox 372 3383 1948 3454; baseline 0.002 -20"><span class='ocrx_word' id='word_1_245' title='bbox 372 3383 502 3453; x_wconf 75' lang='grc' dir='ltr'>πρὸς</span> <span class='ocrx_word' id='word_1_246' title='bbox 560 3385 651 3434; x_wconf 65' lang='grc' dir='ltr'>τὸν</span> <span class='ocrx_word' id='word_1_247' title='bbox 702 3383 909 3448; x_wconf 84' lang='grc' dir='ltr'>Βέστην</span> <span class='ocrx_word' id='word_1_248' title='bbox 942 3384 1268 3437; x_wconf 72' lang='grc' dir='ltr'>κατακαλῶν</span> <span class='ocrx_word' id='word_1_249' title='bbox 1322 3385 1413 3438; x_wconf 78' lang='grc' dir='ltr'>τὸν</span> <span class='ocrx_word' id='word_1_250' title='bbox 1463 3386 1819 3454; x_wconf 85' lang='grc' dir='ltr'>Κεκαυμὲνον</span> <span class='ocrx_word' id='word_1_251' title='bbox 1860 3387 1948 3439; x_wconf 80' lang='grc' dir='ltr'>τὸν</span> 
     </span>
    </p>
   </div>
   <div class='ocr_carea' id='block_1_37' title="bbox 372 3473 1951 3543">
    <p class='ocr_par' dir='ltr' id='par_1_37' title="bbox 372 3473 1951 3543">
     <span class='ocr_line' id='line_1_37' title="bbox 372 3473 1951 3543; baseline 0.002 -19"><span class='ocrx_word' id='word_1_252' title='bbox 372 3473 549 3524; x_wconf 73' lang='grc' dir='ltr'>Ἀνίου</span> <span class='ocrx_word' id='word_1_253' title='bbox 585 3473 674 3525; x_wconf 73' lang='grc' dir='ltr'>καὶ</span> <span class='ocrx_word' id='word_1_254' title='bbox 699 3476 798 3541; x_wconf 86' lang='grc' dir='ltr'>τῆς</span> <span class='ocrx_word' id='word_1_255' title='bbox 830 3473 1070 3542; x_wconf 76' lang='grc' dir='ltr'>Ἰϐηρίας</span> <span class='ocrx_word' id='word_1_256' title='bbox 1099 3475 1462 3543; x_wconf 72' lang='grc' dir='ltr'>κατάρχοντα,</span> <span class='ocrx_word' id='word_1_257' title='bbox 1514 3477 1607 3528; x_wconf 69' lang='grc' dir='ltr'>καὶ</span> <span class='ocrx_word' id='word_1_258' title='bbox 1635 3476 1805 3543; x_wconf 78' lang='grc' dir='ltr'>ὁπόση</span> <span class='ocrx_word' id='word_1_259' title='bbox 1857 3475 1951 3527; x_wconf 85' lang='grc' dir='ltr'>δύ-</span> 
     </span>
    </p>
   </div>
   <div class='ocr_carea' id='block_1_38' title="bbox 374 3564 1952 3636">
    <p class='ocr_par' dir='ltr' id='par_1_38' title="bbox 374 3564 1952 3636">
     <span class='ocr_line' id='line_1_38' title="bbox 374 3564 1952 3636; baseline 0.004 -23"><span class='ocrx_word' id='word_1_260' title='bbox 374 3581 535 3631; x_wconf 77' lang='grc' dir='ltr'>ναμις</span> <span class='ocrx_word' id='word_1_261' title='bbox 572 3565 881 3632; x_wconf 82' lang='grc' dir='ltr'>παρακαλεί</span> <span class='ocrx_word' id='word_1_262' title='bbox 938 3564 1172 3634; x_wconf 78' lang='grc' dir='ltr'>βοηθεῖν.</span> <span class='ocrx_word' id='word_1_263' title='bbox 1238 3566 1295 3617; x_wconf 84' lang='grc'>’0</span> <span class='ocrx_word' id='word_1_264' title='bbox 1326 3565 1382 3618; x_wconf 77' lang='grc' dir='ltr'>δὲ</span> <span class='ocrx_word' id='word_1_265' title='bbox 1408 3566 1476 3618; x_wconf 80' lang='grc' dir='ltr'>τὰ</span> <span class='ocrx_word' id='word_1_266' title='bbox 1505 3566 1810 3636; x_wconf 76' lang='grc' dir='ltr'>γράμματα</span> <span class='ocrx_word' id='word_1_267' title='bbox 1866 3569 1952 3620; x_wconf 87' lang='grc' dir='ltr'>δε-</span> 
     </span>
    </p>
   </div>
   <div class='ocr_carea' id='block_1_39' title="bbox 376 3655 1950 3729">
    <p class='ocr_par' dir='ltr' id='par_1_39' title="bbox 376 3655 1950 3729">
     <span class='ocr_line' id='line_1_39' title="bbox 376 3655 1950 3729; baseline 0.004 -24"><span class='ocrx_word' id='word_1_268' title='bbox 376 3655 627 3725; x_wconf 68' lang='grc' dir='ltr'>ξὰμενος,</span> <span class='ocrx_word' id='word_1_269' title='bbox 655 3656 749 3708; x_wconf 72' lang='grc' dir='ltr'>καὶ</span> <span class='ocrx_word' id='word_1_270' title='bbox 780 3656 973 3709; x_wconf 85' lang='grc' dir='ltr'>θᾶττον</span> <span class='ocrx_word' id='word_1_271' title='bbox 1004 3656 1036 3726; x_wconf 81' lang='grc' dir='ltr'>ἢ</span> <span class='ocrx_word' id='word_1_272' title='bbox 1063 3656 1219 3726; x_wconf 84' lang='grc' dir='ltr'>λόγος</span> <span class='ocrx_word' id='word_1_273' title='bbox 1255 3657 1344 3710; x_wconf 84' lang='grc' dir='ltr'>τὸν</span> <span class='ocrx_word' id='word_1_274' title='bbox 1376 3659 1513 3728; x_wconf 83' lang='grc' dir='ltr'>ἀμφ’</span> <span class='ocrx_word' id='word_1_275' title='bbox 1534 3660 1699 3711; x_wconf 84' lang='grc' dir='ltr'>αὑτὸν</span> <span class='ocrx_word' id='word_1_276' title='bbox 1720 3660 1950 3729; x_wconf 79' lang='grc' dir='ltr'>ἀγείρας</span> 
     </span>
    </p>
   </div>
   <div class='ocr_carea' id='block_1_40' title="bbox 376 3748 1953 3819">
    <p class='ocr_par' dir='ltr' id='par_1_40' title="bbox 376 3748 1953 3819">
     <span class='ocr_line' id='line_1_40' title="bbox 376 3748 1953 3819; baseline 0.004 -22"><span class='ocrx_word' id='word_1_277' title='bbox 376 3749 521 3809; x_wconf 72' lang='grc' dir='ltr'>λαὸν,</span> <span class='ocrx_word' id='word_1_278' title='bbox 556 3748 845 3801; x_wconf 82' lang='grc' dir='ltr'>ἄπεισιδιὰ</span> <span class='ocrx_word' id='word_1_279' title='bbox 872 3748 1083 3818; x_wconf 83' lang='grc' dir='ltr'>ταχέων</span> <span class='ocrx_word' id='word_1_280' title='bbox 1112 3751 1206 3803; x_wconf 74' lang='grc' dir='ltr'>καὶ</span> <span class='ocrx_word' id='word_1_281' title='bbox 1236 3751 1452 3803; x_wconf 79' lang='grc' dir='ltr'>ἑνοῦται</span> <span class='ocrx_word' id='word_1_282' title='bbox 1475 3749 1553 3819; x_wconf 81' lang='grc' dir='ltr'>τῷ</span> <span class='ocrx_word' id='word_1_283' title='bbox 1582 3750 1814 3819; x_wconf 84' lang='grc' dir='ltr'>Ἀαρών.</span> <span class='ocrx_word' id='word_1_284' title='bbox 1845 3751 1953 3804; x_wconf 74' lang='grc' dir='ltr'>Καὶ</span> 
     </span>
    </p>
   </div>
   <div class='ocr_carea' id='block_1_41' title="bbox 380 3840 1952 3915">
    <p class='ocr_par' dir='ltr' id='par_1_41' title="bbox 380 3840 1952 3915">
     <span class='ocr_line' id='line_1_41' title="bbox 380 3840 1952 3915; baseline 0.001 -23"><span class='ocrx_word' id='word_1_285' title='bbox 380 3840 686 3910; x_wconf 76' lang='grc' dir='ltr'>συμΰουλῆς</span> <span class='ocrx_word' id='word_1_286' title='bbox 734 3841 1093 3915; x_wconf 77' lang='grc' dir='ltr'>προτεθείσης</span> <span class='ocrx_word' id='word_1_287' title='bbox 1138 3844 1368 3909; x_wconf 79' lang='grc' dir='ltr'>πότερον</span> <span class='ocrx_word' id='word_1_288' title='bbox 1423 3843 1763 3913; x_wconf 77' lang='grc' dir='ltr'>νυκτομαχίᾳ</span> <span class='ocrx_word' id='word_1_289' title='bbox 1817 3859 1952 3912; x_wconf 83' lang='grc' dir='ltr'>χρη-</span> 
     </span>
    </p>
   </div>
   <div class='ocr_carea' id='block_1_42' title="bbox 378 3931 1954 4003">
    <p class='ocr_par' dir='ltr' id='par_1_42' title="bbox 378 3931 1954 4003">
     <span class='ocr_line' id='line_1_42' title="bbox 378 3931 1954 4003; baseline 0.003 -20"><span class='ocrx_word' id='word_1_290' title='bbox 378 3932 529 3983; x_wconf 76' lang='grc' dir='ltr'>στέον</span> <span class='ocrx_word' id='word_1_291' title='bbox 574 3931 873 4001; x_wconf 84' lang='grc' dir='ltr'>ἢφανεράν</span> <span class='ocrx_word' id='word_1_292' title='bbox 935 3933 1114 4003; x_wconf 81' lang='grc' dir='ltr'>μάχην</span> <span class='ocrx_word' id='word_1_293' title='bbox 1172 3935 1509 3999; x_wconf 77' lang='grc' dir='ltr'>ἀναδεκτέον,</span> <span class='ocrx_word' id='word_1_294' title='bbox 1593 3936 1729 4003; x_wconf 85' lang='grc' dir='ltr'>πρὸς</span> <span class='ocrx_word' id='word_1_295' title='bbox 1806 3935 1954 3988; x_wconf 69' lang='grc' dir='ltr'>οἰδέ-</span> 
     </span>
    </p>
   </div>
   <div class='ocr_carea' id='block_1_43' title="bbox 376 4025 1953 4099">
    <p class='ocr_par' dir='ltr' id='par_1_43' title="bbox 376 4025 1953 4099">
     <span class='ocr_line' id='line_1_43' title="bbox 376 4025 1953 4099; baseline 0.004 -25"><span class='ocrx_word' id='word_1_296' title='bbox 376 4040 532 4092; x_wconf 85' lang='grc' dir='ltr'>τερον</span> <span class='ocrx_word' id='word_1_297' title='bbox 582 4025 611 4075; x_wconf 83' lang='grc' dir='ltr'>ὁ</span> <span class='ocrx_word' id='word_1_298' title='bbox 678 4025 1032 4095; x_wconf 80' lang='grc' dir='ltr'>Κεκαυμένος</span> <span class='ocrx_word' id='word_1_299' title='bbox 1122 4027 1431 4091; x_wconf 87' lang='grc' dir='ltr'>κατένευεν,</span> <span class='ocrx_word' id='word_1_300' title='bbox 1458 4025 1699 4096; x_wconf 74' lang='grc' dir='ltr'>ἐγνώκειο</span> <span class='ocrx_word' id='word_1_301' title='bbox 1740 4027 1795 4079; x_wconf 81' lang='grc' dir='ltr'>δὲ</span> <span class='ocrx_word' id='word_1_302' title='bbox 1832 4027 1953 4099; x_wconf 88' lang='grc' dir='ltr'>τρό-</span> 
     </span>
    </p>
   </div>
   <div class='ocr_carea' id='block_1_44' title="bbox 382 4118 1953 4190">
    <p class='ocr_par' dir='ltr' id='par_1_44' title="bbox 382 4118 1953 4190">
     <span class='ocr_line' id='line_1_44' title="bbox 382 4118 1953 4190; baseline 0.003 -21"><span class='ocrx_word' id='word_1_303' title='bbox 382 4134 477 4169; x_wconf 85' lang='grc' dir='ltr'>πον</span> <span class='ocrx_word' id='word_1_304' title='bbox 550 4118 706 4172; x_wconf 78' lang='grc' dir='ltr'>ἄλλον</span> <span class='ocrx_word' id='word_1_305' title='bbox 757 4120 1276 4189; x_wconf 76' lang='grc' dir='ltr'>καταστρατηγῆσαι</span> <span class='ocrx_word' id='word_1_306' title='bbox 1334 4122 1459 4183; x_wconf 83' lang='grc' dir='ltr'>τοὺς</span> <span class='ocrx_word' id='word_1_307' title='bbox 1512 4121 1760 4190; x_wconf 76' lang='grc' dir='ltr'>ἐχθρούς.</span> <span class='ocrx_word' id='word_1_308' title='bbox 1816 4122 1953 4173; x_wconf 83' lang='grc' dir='ltr'>Συν·</span> 
     </span>
    </p>
   </div>
   <div class='ocr_carea' id='block_1_45' title="bbox 378 4209 1956 4282">
    <p class='ocr_par' dir='ltr' id='par_1_45' title="bbox 378 4209 1956 4282">
     <span class='ocr_line' id='line_1_45' title="bbox 378 4209 1956 4282; baseline 0.003 -22"><span class='ocrx_word' id='word_1_309' title='bbox 378 4210 628 4261; x_wconf 77' lang='grc' dir='ltr'>εόούλευε</span> <span class='ocrx_word' id='word_1_310' title='bbox 721 4209 831 4279; x_wconf 88' lang='grc' dir='ltr'>γάρ</span> <span class='ocrx_word' id='word_1_311' title='bbox 934 4212 1034 4280; x_wconf 84' lang='grc' dir='ltr'>τὴν</span> <span class='ocrx_word' id='word_1_312' title='bbox 1123 4210 1473 4282; x_wconf 76' lang='grc' dir='ltr'>παρεμϐολὴν</span> <span class='ocrx_word' id='word_1_313' title='bbox 1522 4213 1956 4281; x_wconf 75' lang='grc' dir='ltr'>Ικαταλιπόντας</span> 
     </span>
    </p>
   </div>
   <div class='ocr_carea' id='block_1_46' title="bbox 379 4297 1955 4374">
    <p class='ocr_par' dir='ltr' id='par_1_46' title="bbox 379 4297 1955 4374">
     <span class='ocr_line' id='line_1_46' title="bbox 379 4297 1955 4374; baseline 0.003 -21"><span class='ocrx_word' id='word_1_314' title='bbox 379 4302 451 4364; x_wconf 79' lang='grc' dir='ltr'>ὡς</span> <span class='ocrx_word' id='word_1_315' title='bbox 521 4297 631 4372; x_wconf 75' lang='grc' dir='ltr'>εἶχε</span> <span class='ocrx_word' id='word_1_316' title='bbox 716 4305 853 4371; x_wconf 90' lang='grc' dir='ltr'>μετά</span> <span class='ocrx_word' id='word_1_317' title='bbox 926 4303 1036 4356; x_wconf 87' lang='grc' dir='ltr'>τῶν</span> <span class='ocrx_word' id='word_1_318' title='bbox 1111 4304 1327 4374; x_wconf 82' lang='grc' dir='ltr'>σκηνῶν</span> <span class='ocrx_word' id='word_1_319' title='bbox 1406 4306 1499 4356; x_wconf 66' lang='grc' dir='ltr'>καὶ</span> <span class='ocrx_word' id='word_1_320' title='bbox 1574 4305 1683 4355; x_wconf 87' lang='grc' dir='ltr'>τῶν</span> <span class='ocrx_word' id='word_1_321' title='bbox 1750 4305 1955 4368; x_wconf 78' lang='grc' dir='ltr'>ὑποζυ-</span> 
     </span>
    </p>
   </div>
   <div class='ocr_carea' id='block_1_47' title="bbox 383 4392 1955 4465">
    <p class='ocr_par' dir='ltr' id='par_1_47' title="bbox 383 4392 1955 4465">
     <span class='ocr_line' id='line_1_47' title="bbox 383 4392 1955 4465; baseline 0.004 -24"><span class='ocrx_word' id='word_1_322' title='bbox 383 4394 515 4460; x_wconf 79' lang='grc' dir='ltr'>γίων</span> <span class='ocrx_word' id='word_1_323' title='bbox 574 4392 836 4462; x_wconf 67' lang='grc' dir='ltr'>καὶ’τῆς</span> <span class='ocrx_word' id='word_1_324' title='bbox 896 4396 1060 4463; x_wconf 71' lang='grc' dir='ltr'>ἄλλης</span> <span class='ocrx_word' id='word_1_325' title='bbox 1127 4396 1463 4465; x_wconf 84' lang='grc' dir='ltr'>ἀποσκευῆς,</span> <span class='ocrx_word' id='word_1_326' title='bbox 1526 4397 1717 4465; x_wconf 83' lang='grc' dir='ltr'>λόχους</span> <span class='ocrx_word' id='word_1_327' title='bbox 1764 4396 1955 4457; x_wconf 70' lang='grc' dir='ltr'>νυκτὸς</span> 
     </span>
    </p>
   </div>
   <div class='ocr_carea' id='block_1_48' title="bbox 386 4486 1953 4556">
    <p class='ocr_par' dir='ltr' id='par_1_48' title="bbox 386 4486 1953 4556">
     <span class='ocr_line' id='line_1_48' title="bbox 386 4486 1953 4556; baseline 0.003 -23"><span class='ocrx_word' id='word_1_328' title='bbox 386 4487 440 4534; x_wconf 78' lang='grc' dir='ltr'>ἐν</span> <span class='ocrx_word' id='word_1_329' title='bbox 485 4486 923 4553; x_wconf 75' lang='grc' dir='ltr'>ἐπικαιροτάτοις</span> <span class='ocrx_word' id='word_1_330' title='bbox 990 4487 1187 4556; x_wconf 84' lang='grc' dir='ltr'>στῆσαι</span> <span class='ocrx_word' id='word_1_331' title='bbox 1255 4488 1497 4556; x_wconf 74' lang='grc' dir='ltr'>χωρίοις,</span> <span class='ocrx_word' id='word_1_332' title='bbox 1563 4488 1828 4540; x_wconf 69' lang='grc' dir='ltr'>κάπειδὰν</span> <span class='ocrx_word' id='word_1_333' title='bbox 1905 4490 1953 4538; x_wconf 82' lang='grc' dir='ltr'>οἱ</span> 
     </span>
    </p>
   </div>
   <div class='ocr_carea' id='block_1_49' title="bbox 384 4575 1957 4648">
    <p class='ocr_par' dir='ltr' id='par_1_49' title="bbox 384 4575 1957 4648">
     <span class='ocr_line' id='line_1_49' title="bbox 384 4575 1957 4648; baseline 0.003 -23"><span class='ocrx_word' id='word_1_334' title='bbox 384 4575 612 4643; x_wconf 77' lang='grc' dir='ltr'>Τοὖρκοι</span> <span class='ocrx_word' id='word_1_335' title='bbox 635 4576 939 4645; x_wconf 67' lang='grc' dir='ltr'>ἀφίκωνται</span> <span class='ocrx_word' id='word_1_336' title='bbox 973 4580 1062 4631; x_wconf 69' lang='grc' dir='ltr'>καὶ</span> <span class='ocrx_word' id='word_1_337' title='bbox 1096 4579 1302 4648; x_wconf 80' lang='grc' dir='ltr'>ἔρημον</span> <span class='ocrx_word' id='word_1_338' title='bbox 1332 4579 1537 4648; x_wconf 85' lang='grc' dir='ltr'>ἀνδρῶν</span> <span class='ocrx_word' id='word_1_339' title='bbox 1561 4580 1809 4648; x_wconf 84' lang='grc' dir='ltr'>εὑρόντες</span> <span class='ocrx_word' id='word_1_340' title='bbox 1867 4579 1957 4629; x_wconf 84' lang='grc' dir='ltr'>τὸν</span> 
     </span>
    </p>
   </div>
   <div class='ocr_carea' id='block_1_50' title="bbox 389 4667 1953 4739">
    <p class='ocr_par' dir='ltr' id='par_1_50' title="bbox 389 4667 1953 4739">
     <span class='ocr_line' id='line_1_50' title="bbox 389 4667 1953 4739; baseline 0.002 -22"><span class='ocrx_word' id='word_1_341' title='bbox 389 4667 603 4734; x_wconf 61' lang='grc' dir='ltr'>χαρακα</span> <span class='ocrx_word' id='word_1_342' title='bbox 639 4668 776 4737; x_wconf 83' lang='grc' dir='ltr'>πρὸς</span> <span class='ocrx_word' id='word_1_343' title='bbox 796 4668 1107 4738; x_wconf 76' lang='grc' dir='ltr'>διαρπαγὰς</span> <span class='ocrx_word' id='word_1_344' title='bbox 1143 4670 1252 4721; x_wconf 87' lang='grc' dir='ltr'>τῶν</span> <span class='ocrx_word' id='word_1_345' title='bbox 1294 4668 1438 4721; x_wconf 78' lang='grc' dir='ltr'>ἔνδον</span> <span class='ocrx_word' id='word_1_346' title='bbox 1488 4671 1798 4739; x_wconf 86' lang='grc' dir='ltr'>χωρήσωσι,</span> <span class='ocrx_word' id='word_1_347' title='bbox 1837 4670 1953 4721; x_wconf 87' lang='grc' dir='ltr'>τότε</span> 
     </span>
    </p>
   </div>
   <div class='ocr_carea' id='block_1_51' title="bbox 385 4760 1952 4830">
    <p class='ocr_par' dir='ltr' id='par_1_51' title="bbox 385 4760 1952 4830">
     <span class='ocr_line' id='line_1_51' title="bbox 385 4760 1952 4830; baseline 0.001 -20"><span class='ocrx_word' id='word_1_348' title='bbox 385 4761 446 4825; x_wconf 74' lang='grc' dir='ltr'>δὴ</span> <span class='ocrx_word' id='word_1_349' title='bbox 484 4761 573 4829; x_wconf 77' lang='grc' dir='ltr'>τῆς</span> <span class='ocrx_word' id='word_1_350' title='bbox 598 4761 819 4830; x_wconf 77' lang='grc' dir='ltr'>ἐνέδρας</span> <span class='ocrx_word' id='word_1_351' title='bbox 857 4762 1271 4821; x_wconf 75' lang='grc' dir='ltr'>ἀπαναστάντας</span> <span class='ocrx_word' id='word_1_352' title='bbox 1312 4760 1595 4815; x_wconf 72' lang='grc' dir='ltr'>ἐπιθέσθαι</span> <span class='ocrx_word' id='word_1_353' title='bbox 1627 4762 1952 4823; x_wconf 80' lang='grc' dir='ltr'>αὑτοῖς.Καί</span> 
     </span>
    </p>
   </div>
   <div class='ocr_carea' id='block_1_52' title="bbox 387 4852 1952 4922">
    <p class='ocr_par' dir='ltr' id='par_1_52' title="bbox 387 4852 1952 4922">
     <span class='ocr_line' id='line_1_52' title="bbox 387 4852 1952 4922; baseline 0.001 -20"><span class='ocrx_word' id='word_1_354' title='bbox 387 4869 445 4918; x_wconf 81' lang='grc' dir='ltr'>γε</span> <span class='ocrx_word' id='word_1_355' title='bbox 481 4854 536 4904; x_wconf 72' lang='grc' dir='ltr'>οὐ</span> <span class='ocrx_word' id='word_1_356' title='bbox 570 4852 858 4922; x_wconf 72' lang='grc' dir='ltr'>διεψεύσθη</span> <span class='ocrx_word' id='word_1_357' title='bbox 888 4853 981 4906; x_wconf 82' lang='grc' dir='ltr'>τοῦ</span> <span class='ocrx_word' id='word_1_358' title='bbox 1018 4853 1242 4906; x_wconf 77' lang='grc' dir='ltr'>σκοποῦ.</span> <span class='ocrx_word' id='word_1_359' title='bbox 1285 4853 1495 4905; x_wconf 76' lang='grc' dir='ltr'>Ἐωθεν</span> <span class='ocrx_word' id='word_1_360' title='bbox 1528 4853 1637 4920; x_wconf 71' lang='grc' dir='ltr'>γὰρ</span> <span class='ocrx_word' id='word_1_361' title='bbox 1691 4854 1719 4905; x_wconf 80' lang='grc' dir='ltr'>ὁ</span> <span class='ocrx_word' id='word_1_362' title='bbox 1788 4852 1952 4905; x_wconf 84' lang='grc' dir='ltr'>Ἀσάν</span> 
     </span>
    </p>
   </div>
   <div class='ocr_carea' id='block_1_53' title="bbox 386 4932 1954 5015">
    <p class='ocr_par' dir='ltr' id='par_1_53' title="bbox 386 4932 1954 5015">
     <span class='ocr_line' id='line_1_53' title="bbox 386 4932 1954 5015; baseline 0.001 -20"><span class='ocrx_word' id='word_1_363' title='bbox 386 4945 618 5007; x_wconf 64' lang='lat' dir='ltr'>augusti;</span> <span class='ocrx_word' id='word_1_364' title='bbox 712 4948 775 4997; x_wconf 83' lang='grc' dir='ltr'>ὲκ</span> <span class='ocrx_word' id='word_1_365' title='bbox 826 4947 925 5015; x_wconf 81' lang='grc' dir='ltr'>τῆς</span> <span class='ocrx_word' id='word_1_366' title='bbox 982 4946 1189 5008; x_wconf 73' lang='grc' dir='ltr'>οἰκεεας</span> <span class='ocrx_word' id='word_1_367' title='bbox 1243 4932 1595 5013; x_wconf 76' lang='grc' dir='ltr'>παρεμϐολῆς</span> <span class='ocrx_word' id='word_1_368' title='bbox 1677 4946 1816 4999; x_wconf 75' lang='grc' dir='ltr'>κατὰ</span> <span class='ocrx_word' id='word_1_369' title='bbox 1863 4945 1954 4997; x_wconf 76' lang='grc' dir='ltr'>τὸν</span> 
     </span>
    </p>
   </div>
   <div class='ocr_carea' id='block_1_54' title="bbox 391 5036 1956 5109">
    <p class='ocr_par' dir='ltr' id='par_1_54' title="bbox 391 5036 1956 5109">
     <span class='ocr_line' id='line_1_54' title="bbox 391 5036 1956 5109; baseline 0.001 -22"><span class='ocrx_word' id='word_1_370' title='bbox 391 5036 633 5105; x_wconf 81' lang='grc' dir='ltr'>Στράγνα</span> <span class='ocrx_word' id='word_1_371' title='bbox 660 5039 921 5109; x_wconf 83' lang='grc' dir='ltr'>κειμένης</span> <span class='ocrx_word' id='word_1_372' title='bbox 961 5039 1204 5108; x_wconf 80' lang='grc' dir='ltr'>ποταμὸν</span> <span class='ocrx_word' id='word_1_373' title='bbox 1236 5040 1451 5092; x_wconf 81' lang='grc' dir='ltr'>ἄπεισιν</span> <span class='ocrx_word' id='word_1_374' title='bbox 1481 5037 1555 5101; x_wconf 82' lang='grc' dir='ltr'>ὡς</span> <span class='ocrx_word' id='word_1_375' title='bbox 1601 5038 1738 5108; x_wconf 78' lang='grc' dir='ltr'>πρὸς</span> <span class='ocrx_word' id='word_1_376' title='bbox 1796 5037 1956 5091; x_wconf 84' lang='grc' dir='ltr'>πόλε-</span> 
     </span>
    </p>
   </div>
   <div class='ocr_carea' id='block_1_55' title="bbox 394 5128 1953 5199">
    <p class='ocr_par' dir='ltr' id='par_1_55' title="bbox 394 5128 1953 5199">
     <span class='ocr_line' id='line_1_55' title="bbox 394 5128 1953 5199; baseline 0.003 -20"><span class='ocrx_word' id='word_1_377' title='bbox 394 5146 485 5194; x_wconf 79' lang='grc' dir='ltr'>μον</span> <span class='ocrx_word' id='word_1_378' title='bbox 515 5148 527 5160; x_wconf 70' lang='grc' dir='ltr'><strong>ν</strong></span> <span class='ocrx_word' id='word_1_379' title='bbox 556 5130 629 5190; x_wconf 86' lang='grc' dir='ltr'>ὠς</span> <span class='ocrx_word' id='word_1_380' title='bbox 652 5129 708 5182; x_wconf 81' lang='grc' dir='ltr'>δὲ</span> <span class='ocrx_word' id='word_1_381' title='bbox 731 5130 906 5191; x_wconf 74' lang='grc' dir='ltr'>οὐδεὶς</span> <span class='ocrx_word' id='word_1_382' title='bbox 938 5130 1175 5199; x_wconf 78' lang='grc' dir='ltr'>ὑπήντα,</span> <span class='ocrx_word' id='word_1_383' title='bbox 1205 5130 1506 5197; x_wconf 82' lang='grc' dir='ltr'>ἐπλησίασε</span> <span class='ocrx_word' id='word_1_384' title='bbox 1537 5129 1595 5182; x_wconf 85' lang='grc' dir='ltr'>δὲ</span> <span class='ocrx_word' id='word_1_385' title='bbox 1627 5130 1720 5181; x_wconf 74' lang='grc' dir='ltr'>καὶ</span> <span class='ocrx_word' id='word_1_386' title='bbox 1748 5128 1824 5199; x_wconf 83' lang='grc' dir='ltr'>τῷ</span> <span class='ocrx_word' id='word_1_387' title='bbox 1851 5130 1953 5198; x_wconf 85' lang='grc' dir='ltr'>χά-</span> 
     </span>
    </p>
   </div>
   <div class='ocr_carea' id='block_1_56' title="bbox 394 5218 1959 5289">
    <p class='ocr_par' dir='ltr' id='par_1_56' title="bbox 394 5218 1959 5289">
     <span class='ocr_line' id='line_1_56' title="bbox 394 5218 1959 5289; baseline 0.003 -21"><span class='ocrx_word' id='word_1_388' title='bbox 394 5235 513 5285; x_wconf 67' lang='grc' dir='ltr'>ρῖκι</span> <span class='ocrx_word' id='word_1_389' title='bbox 546 5221 651 5270; x_wconf 84' lang='grc' dir='ltr'>τῶν</span> <span class='ocrx_word' id='word_1_390' title='bbox 685 5218 992 5289; x_wconf 76' lang='grc' dir='ltr'>Ῥωμαίων,</span> <span class='ocrx_word' id='word_1_391' title='bbox 1036 5222 1125 5272; x_wconf 74' lang='grc' dir='ltr'>καὶ</span> <span class='ocrx_word' id='word_1_392' title='bbox 1175 5221 1297 5272; x_wconf 74' lang='grc' dir='ltr'>οὔτε</span> <span class='ocrx_word' id='word_1_393' title='bbox 1332 5220 1576 5289; x_wconf 81' lang='grc' dir='ltr'>φυλακὴν</span> <span class='ocrx_word' id='word_1_394' title='bbox 1635 5219 1778 5289; x_wconf 81' lang='grc' dir='ltr'>εἶχεν</span> <span class='ocrx_word' id='word_1_395' title='bbox 1836 5220 1959 5274; x_wconf 75' lang='grc' dir='ltr'>οὔτε</span> 
     </span>
    </p>
   </div>
   <div class='ocr_carea' id='block_1_57' title="bbox 397 5309 1959 5383">
    <p class='ocr_par' dir='ltr' id='par_1_57' title="bbox 397 5309 1959 5383">
     <span class='ocr_line' id='line_1_57' title="bbox 397 5309 1959 5383; baseline 0.003 -22"><span class='ocrx_word' id='word_1_396' title='bbox 397 5313 539 5381; x_wconf 67' lang='grc' dir='ltr'>φωνὴ</span> <span class='ocrx_word' id='word_1_397' title='bbox 575 5313 883 5381; x_wconf 74' lang='grc' dir='ltr'>ἐξηκούετο,</span> <span class='ocrx_word' id='word_1_398' title='bbox 918 5313 1053 5365; x_wconf 84' lang='grc' dir='ltr'>ἀλλὰ</span> <span class='ocrx_word' id='word_1_399' title='bbox 1095 5315 1246 5376; x_wconf 74' lang='grc' dir='ltr'>κενὸς</span> <span class='ocrx_word' id='word_1_400' title='bbox 1293 5309 1359 5383; x_wconf 76' lang='grc' dir='ltr'>ἦν</span> <span class='ocrx_word' id='word_1_401' title='bbox 1424 5312 1600 5381; x_wconf 80' lang='grc' dir='ltr'>πάσης,</span> <span class='ocrx_word' id='word_1_402' title='bbox 1658 5313 1959 5379; x_wconf 83' lang='grc' dir='ltr'>δυνάμεως,</span> 
     </span>
    </p>
   </div>
   <div class='ocr_carea' id='block_1_58' title="bbox 393 5403 1963 5475">
    <p class='ocr_par' dir='ltr' id='par_1_58' title="bbox 393 5403 1963 5475">
     <span class='ocr_line' id='line_1_58' title="bbox 393 5403 1963 5475; baseline 0 -22"><span class='ocrx_word' id='word_1_403' title='bbox 393 5404 505 5455; x_wconf 70' lang='grc' dir='ltr'>τότε</span> <span class='ocrx_word' id='word_1_404' title='bbox 547 5405 607 5472; x_wconf 73' lang='grc' dir='ltr'>δὴ</span> <span class='ocrx_word' id='word_1_405' title='bbox 634 5407 824 5472; x_wconf 80' lang='grc' dir='ltr'>φυγεῖν</span> <span class='ocrx_word' id='word_1_406' title='bbox 852 5405 1159 5475; x_wconf 81' lang='grc' dir='ltr'>ὑπονοήσας</span> <span class='ocrx_word' id='word_1_407' title='bbox 1211 5407 1334 5464; x_wconf 70' lang='grc' dir='ltr'>τοὺς</span> <span class='ocrx_word' id='word_1_408' title='bbox 1397 5404 1702 5473; x_wconf 86' lang='grc' dir='ltr'>Ῥωμαίους</span> <span class='ocrx_word' id='word_1_409' title='bbox 1735 5403 1963 5473; x_wconf 65' lang='grc' dir='ltr'>ῥήγνυσθε</span> 
     </span>
    </p>
   </div>
   <div class='ocr_carea' id='block_1_59' title="bbox 391 5493 1961 5564">
    <p class='ocr_par' dir='ltr' id='par_1_59' title="bbox 391 5493 1961 5564">
     <span class='ocr_line' id='line_1_59' title="bbox 391 5493 1961 5564; baseline 0.001 -21"><span class='ocrx_word' id='word_1_410' title='bbox 391 5508 442 5544; x_wconf 85' lang='grc' dir='ltr'>τε</span> <span class='ocrx_word' id='word_1_411' title='bbox 464 5493 553 5545; x_wconf 72' lang='grc' dir='ltr'>διὰ</span> <span class='ocrx_word' id='word_1_412' title='bbox 590 5495 789 5545; x_wconf 73' lang='grc' dir='ltr'>πολλῶν</span> <span class='ocrx_word' id='word_1_413' title='bbox 821 5495 1002 5547; x_wconf 81' lang='grc' dir='ltr'>τόπων</span> <span class='ocrx_word' id='word_1_414' title='bbox 1039 5498 1136 5563; x_wconf 78' lang='grc' dir='ltr'>τὴν</span> <span class='ocrx_word' id='word_1_415' title='bbox 1190 5494 1537 5564; x_wconf 81' lang='grc' dir='ltr'>παρεμϐολὴν</span> <span class='ocrx_word' id='word_1_416' title='bbox 1585 5497 1676 5547; x_wconf 81' lang='grc' dir='ltr'>καὶ</span> <span class='ocrx_word' id='word_1_417' title='bbox 1732 5494 1961 5563; x_wconf 80' lang='grc' dir='ltr'>διαρπα-</span> 
     </span>
    </p>
   </div>
   <div class='ocr_carea' id='block_1_60' title="bbox 396 5587 1957 5658">
    <p class='ocr_par' dir='ltr' id='par_1_60' title="bbox 396 5587 1957 5658">
     <span class='ocr_line' id='line_1_60' title="bbox 396 5587 1957 5658; baseline 0.001 -23"><span class='ocrx_word' id='word_1_418' title='bbox 396 5587 490 5653; x_wconf 74' lang='grc' dir='ltr'>γὴν</span> <span class='ocrx_word' id='word_1_419' title='bbox 532 5588 791 5639; x_wconf 75' lang='grc' dir='ltr'>ποιεῖσθαι</span> <span class='ocrx_word' id='word_1_420' title='bbox 823 5588 930 5639; x_wconf 74' lang='grc' dir='ltr'>τῶν</span> <span class='ocrx_word' id='word_1_421' title='bbox 960 5587 1214 5658; x_wconf 72' lang='grc' dir='ltr'>λαφύρων</span> <span class='ocrx_word' id='word_1_422' title='bbox 1239 5590 1471 5642; x_wconf 80' lang='grc' dir='ltr'>κελεύει.</span> <span class='ocrx_word' id='word_1_423' title='bbox 1502 5590 1563 5640; x_wconf 78' lang='grc' dir='ltr'>Οἱ</span> <span class='ocrx_word' id='word_1_424' title='bbox 1595 5588 1651 5640; x_wconf 76' lang='grc' dir='ltr'>δὲ</span> <span class='ocrx_word' id='word_1_425' title='bbox 1697 5587 1957 5656; x_wconf 79' lang='grc' dir='ltr'>Ῥωμαῖοι</span> 
     </span>
    </p>
   </div>
   <div class='ocr_carea' id='block_1_61' title="bbox 399 5678 1960 5748">
    <p class='ocr_par' dir='ltr' id='par_1_61' title="bbox 399 5678 1960 5748">
     <span class='ocr_line' id='line_1_61' title="bbox 399 5678 1960 5748; baseline 0.005 -24"><span class='ocrx_word' id='word_1_426' title='bbox 399 5679 521 5745; x_wconf 72' lang='grc' dir='ltr'>περὶ</span> <span class='ocrx_word' id='word_1_427' title='bbox 560 5678 739 5747; x_wconf 83' lang='grc' dir='ltr'>δείλην</span> <span class='ocrx_word' id='word_1_428' title='bbox 792 5680 953 5748; x_wconf 64' lang='grc' dir='ltr'>ὀψίαν</span> <span class='ocrx_word' id='word_1_429' title='bbox 992 5682 1319 5742; x_wconf 72' lang='grc' dir='ltr'>ἀναστάντες</span> <span class='ocrx_word' id='word_1_430' title='bbox 1356 5680 1461 5731; x_wconf 85' lang='grc' dir='ltr'>τῶν</span> <span class='ocrx_word' id='word_1_431' title='bbox 1492 5679 1683 5747; x_wconf 87' lang='grc' dir='ltr'>λόχων,</span> <span class='ocrx_word' id='word_1_432' title='bbox 1722 5680 1960 5732; x_wconf 82' lang='grc' dir='ltr'>ἀσυντά-</span> 
     </span>
    </p>
   </div>
   <div class='ocr_carea' id='block_1_62' title="bbox 400 5770 1964 5841">
    <p class='ocr_par' dir='ltr' id='par_1_62' title="bbox 400 5770 1964 5841">
     <span class='ocr_line' id='line_1_62' title="bbox 400 5770 1964 5841; baseline 0.004 -26"><span class='ocrx_word' id='word_1_433' title='bbox 400 5783 537 5826; x_wconf 69' lang='grc' dir='ltr'>κτοις</span> <span class='ocrx_word' id='word_1_434' title='bbox 560 5773 973 5838; x_wconf 74' lang='grc' dir='ltr'>συντεταγμένοι</span> <span class='ocrx_word' id='word_1_435' title='bbox 994 5774 1425 5841; x_wconf 67' lang='grc' dir='ltr'>προσρήγνυνται</span> <span class='ocrx_word' id='word_1_436' title='bbox 1448 5770 1850 5838; x_wconf 78' lang='grc' dir='ltr'>τοίςΤούρκοις,</span> <span class='ocrx_word' id='word_1_437' title='bbox 1872 5770 1964 5822; x_wconf 78' lang='grc' dir='ltr'>καὶ</span> 
     </span>
    </p>
   </div>
   <div class='ocr_carea' id='block_1_63' title="bbox 400 5858 2683 5934">
    <p class='ocr_par' dir='ltr' id='par_1_63' title="bbox 400 5858 2683 5934">
     <span class='ocr_line' id='line_1_63' title="bbox 400 5858 2683 5934; baseline 0 -28"><span class='ocrx_word' id='word_1_438' title='bbox 400 5858 732 5926; x_wconf 62' lang='grc' dir='ltr'>παραχρῆμα</span> <span class='ocrx_word' id='word_1_439' title='bbox 760 5863 1015 5929; x_wconf 66' lang='grc' dir='ltr'>τρέπουσι</span> <span class='ocrx_word' id='word_1_440' title='bbox 1040 5865 1097 5918; x_wconf 78' lang='grc' dir='ltr'>τὸ</span> <span class='ocrx_word' id='word_1_441' title='bbox 1129 5866 1498 5916; x_wconf 71' lang='grc' dir='ltr'>ἀνυπόστατον</span> <span class='ocrx_word' id='word_1_442' title='bbox 1530 5863 1601 5932; x_wconf 81' lang='grc' dir='ltr'>μὴ</span> <span class='ocrx_word' id='word_1_443' title='bbox 1628 5865 1950 5929; x_wconf 71' lang='grc' dir='ltr'>ἐνεγκόντας</span> <span class='ocrx_word' id='word_1_444' title='bbox 1992 5865 2081 5927; x_wconf 79' lang='grc' dir='ltr'>τῆς</span> <span class='ocrx_word' id='word_1_445' title='bbox 2125 5861 2437 5929; x_wconf 71' lang='grc' dir='ltr'>Ῥωμαϊκῆς</span> <span class='ocrx_word' id='word_1_446' title='bbox 2489 5859 2683 5934; x_wconf 74' lang='grc' dir='ltr'>ὁρμῆς.</span> 
     </span>
    </p>
   </div>
   <div class='ocr_carea' id='block_1_64' title="bbox 2031 620 3609 692">
    <p class='ocr_par' dir='ltr' id='par_1_64' title="bbox 2031 620 3609 692">
     <span class='ocr_line' id='line_1_64' title="bbox 2031 620 3609 692; baseline 0 -16"><span class='ocrx_word' id='word_1_447' title='bbox 2031 637 2186 677; x_wconf 74' lang='lat' dir='ltr'><strong>suam</strong></span> <span class='ocrx_word' id='word_1_448' title='bbox 2232 620 2502 674; x_wconf 78' lang='lat' dir='ltr'>Pancratii</span> <span class='ocrx_word' id='word_1_449' title='bbox 2550 627 2777 674; x_wconf 87' lang='lat' dir='ltr'><strong>matrem</strong></span> <span class='ocrx_word' id='word_1_450' title='bbox 2809 621 2859 674; x_wconf 87' lang='lat' dir='ltr'><strong>vi</strong></span> <span class='ocrx_word' id='word_1_451' title='bbox 2897 630 3134 691; x_wconf 89' lang='lat' dir='ltr'><strong>stuprat,</strong></span> <span class='ocrx_word' id='word_1_452' title='bbox 3173 632 3392 692; x_wconf 87' lang='lat' dir='ltr'><strong>totaque</strong></span> <span class='ocrx_word' id='word_1_453' title='bbox 3433 621 3609 677; x_wconf 85' lang='lat' dir='ltr'><strong>Iberia</strong></span> 
     </span>
    </p>
   </div>
   <div class='ocr_carea' id='block_1_65' title="bbox 2036 713 3610 784">
    <p class='ocr_par' dir='ltr' id='par_1_65' title="bbox 2036 713 3610 784">
     <span class='ocr_line' id='line_1_65' title="bbox 2036 713 3610 784; baseline -0.002 -15"><span class='ocrx_word' id='word_1_454' title='bbox 2036 716 2257 783; x_wconf 87' lang='lat' dir='ltr'><strong>potitur.</strong></span> <span class='ocrx_word' id='word_1_455' title='bbox 2282 714 2404 768; x_wconf 84' lang='lat' dir='ltr'><strong>lude</strong></span> <span class='ocrx_word' id='word_1_456' title='bbox 2445 713 2628 769; x_wconf 90' lang='lat' dir='ltr'>missis</span> <span class='ocrx_word' id='word_1_457' title='bbox 2661 716 2726 767; x_wconf 88' lang='lat' dir='ltr'>ad</span> <span class='ocrx_word' id='word_1_458' title='bbox 2756 713 3136 784; x_wconf 76' lang='lat' dir='ltr'>imperatorem</span> <span class='ocrx_word' id='word_1_459' title='bbox 3173 716 3364 769; x_wconf 90' lang='lat' dir='ltr'><strong>litteris</strong></span> <span class='ocrx_word' id='word_1_460' title='bbox 3388 717 3439 768; x_wconf 88' lang='lat' dir='ltr'><strong>in</strong></span> <span class='ocrx_word' id='word_1_461' title='bbox 3471 717 3610 767; x_wconf 87' lang='lat' dir='ltr'><strong>ami-</strong></span> 
     </span>
    </p>
   </div>
   <div class='ocr_carea' id='block_1_66' title="bbox 2032 804 3612 877">
    <p class='ocr_par' dir='ltr' id='par_1_66' title="bbox 2032 804 3612 877">
     <span class='ocr_line' id='line_1_66' title="bbox 2032 804 3612 877; baseline 0 -17"><span class='ocrx_word' id='word_1_462' title='bbox 2032 807 2213 860; x_wconf 89' lang='lat' dir='ltr'><strong>citiam</strong></span> <span class='ocrx_word' id='word_1_463' title='bbox 2250 805 2673 876; x_wconf 81' lang='lat' dir='ltr'><strong>societatemque</strong></span> <span class='ocrx_word' id='word_1_464' title='bbox 2708 804 3076 862; x_wconf 83' lang='lat' dir='ltr'><strong>Romanorum</strong></span> <span class='ocrx_word' id='word_1_465' title='bbox 3133 808 3297 877; x_wconf 89' lang='lat' dir='ltr'><strong>recipi</strong></span> <span class='ocrx_word' id='word_1_466' title='bbox 3344 809 3612 877; x_wconf 79' lang='lat' dir='ltr'><strong>postulat;</strong></span> 
     </span>
    </p>
   </div>
   <div class='ocr_carea' id='block_1_67' title="bbox 2034 898 3615 970">
    <p class='ocr_par' dir='ltr' id='par_1_67' title="bbox 2034 898 3615 970">
     <span class='ocr_line' id='line_1_67' title="bbox 2034 898 3615 970; baseline -0.002 -16"><span class='ocrx_word' id='word_1_467' title='bbox 2034 903 2193 969; x_wconf 85' lang='lat' dir='ltr'><strong>idque</strong></span> <span class='ocrx_word' id='word_1_468' title='bbox 2225 899 2293 952; x_wconf 88' lang='lat' dir='ltr'>ab</span> <span class='ocrx_word' id='word_1_469' title='bbox 2327 900 2651 963; x_wconf 72' lang='lat' dir='ltr'><strong>imperatore</strong></span> <span class='ocrx_word' id='word_1_470' title='bbox 2682 902 2952 969; x_wconf 73' lang='lat' dir='ltr'>impetrat.</span> <span class='ocrx_word' id='word_1_471' title='bbox 2989 900 3280 970; x_wconf 84' lang='lat' dir='ltr'>Aliquanto</span> <span class='ocrx_word' id='word_1_472' title='bbox 3320 908 3441 969; x_wconf 87' lang='lat' dir='ltr'><strong>post</strong></span> <span class='ocrx_word' id='word_1_473' title='bbox 3474 898 3615 952; x_wconf 82' lang='lat' dir='ltr'><strong>Pan-</strong></span> 
     </span>
    </p>
   </div>
   <div class='ocr_carea' id='block_1_68' title="bbox 2033 989 3616 1060">
    <p class='ocr_par' dir='ltr' id='par_1_68' title="bbox 2033 989 3616 1060">
     <span class='ocr_line' id='line_1_68' title="bbox 2033 989 3616 1060; baseline 0.001 -16"><span class='ocrx_word' id='word_1_474' title='bbox 2033 992 2235 1045; x_wconf 78' lang='lat' dir='ltr'><strong>cratius</strong></span> <span class='ocrx_word' id='word_1_475' title='bbox 2263 1006 2357 1060; x_wconf 68' lang='lat' dir='ltr'>per</span> <span class='ocrx_word' id='word_1_476' title='bbox 2402 990 2689 1044; x_wconf 87' lang='lat' dir='ltr'><strong>Phasidem</strong></span> <span class='ocrx_word' id='word_1_477' title='bbox 2724 989 2967 1056; x_wconf 87' lang='lat' dir='ltr'><strong>fluvium,</strong></span> <span class='ocrx_word' id='word_1_478' title='bbox 3009 990 3224 1047; x_wconf 88' lang='lat' dir='ltr'><strong>Suanos</strong></span> <span class='ocrx_word' id='word_1_479' title='bbox 3263 1001 3317 1044; x_wconf 89' lang='lat' dir='ltr'>et</span> <span class='ocrx_word' id='word_1_480' title='bbox 3380 990 3616 1045; x_wconf 72' lang='lat' dir='ltr'><strong>Colchus</strong></span> 
     </span>
    </p>
   </div>
   <div class='ocr_carea' id='block_1_69' title="bbox 2035 1080 3621 1153">
    <p class='ocr_par' dir='ltr' id='par_1_69' title="bbox 2035 1080 3621 1153">
     <span class='ocr_line' id='line_1_69' title="bbox 2035 1080 3621 1153; baseline 0.001 -19"><span class='ocrx_word' id='word_1_481' title='bbox 2035 1083 2137 1135; x_wconf 82' lang='lat' dir='ltr'><strong>iter</strong></span> <span class='ocrx_word' id='word_1_482' title='bbox 2170 1083 2376 1136; x_wconf 80' lang='lat' dir='ltr'><strong>facietis</strong></span> <span class='ocrx_word' id='word_1_483' title='bbox 2412 1080 2811 1150; x_wconf 80' lang='lat' dir='ltr'>Trapezuntem</span> <span class='ocrx_word' id='word_1_484' title='bbox 2845 1085 3112 1153; x_wconf 82' lang='lat' dir='ltr'><strong>pervenit,</strong></span> <span class='ocrx_word' id='word_1_485' title='bbox 3151 1085 3383 1153; x_wconf 83' lang='lat' dir='ltr'><strong>indeque</strong></span> <span class='ocrx_word' id='word_1_486' title='bbox 3434 1084 3621 1136; x_wconf 82' lang='lat' dir='ltr'><strong>missis</strong></span> 
     </span>
    </p>
   </div>
   <div class='ocr_carea' id='block_1_70' title="bbox 2036 1175 3613 1247">
    <p class='ocr_par' dir='ltr' id='par_1_70' title="bbox 2036 1175 3613 1247">
     <span class='ocr_line' id='line_1_70' title="bbox 2036 1175 3613 1247; baseline -0.001 -20"><span class='ocrx_word' id='word_1_487' title='bbox 2036 1175 2241 1228; x_wconf 78' lang='lat' dir='ltr'><strong>tinutiis</strong></span> <span class='ocrx_word' id='word_1_488' title='bbox 2271 1175 2580 1247; x_wconf 80' lang='lat' dir='ltr'>imperatori</span> <span class='ocrx_word' id='word_1_489' title='bbox 2614 1175 2884 1244; x_wconf 73' lang='lat' dir='ltr'>significat</span> <span class='ocrx_word' id='word_1_490' title='bbox 2930 1190 3131 1244; x_wconf 89' lang='lat' dir='ltr'><strong>cupere</strong></span> <span class='ocrx_word' id='word_1_491' title='bbox 3186 1192 3242 1229; x_wconf 83' lang='lat' dir='ltr'><strong>se</strong></span> <span class='ocrx_word' id='word_1_492' title='bbox 3294 1175 3613 1247; x_wconf 82' lang='lat' dir='ltr'>Byzantium</span> 
     </span>
    </p>
   </div>
   <div class='ocr_carea' id='block_1_71' title="bbox 2037 1267 3614 1337">
    <p class='ocr_par' dir='ltr' id='par_1_71' title="bbox 2037 1267 3614 1337">
     <span class='ocr_line' id='line_1_71' title="bbox 2037 1267 3614 1337; baseline -0.001 -16"><span class='ocrx_word' id='word_1_493' title='bbox 2037 1269 2116 1322; x_wconf 85' lang='lat' dir='ltr'>ire</span> <span class='ocrx_word' id='word_1_494' title='bbox 2142 1281 2195 1321; x_wconf 89' lang='lat' dir='ltr'>et</span> <span class='ocrx_word' id='word_1_495' title='bbox 2229 1283 2351 1321; x_wconf 89' lang='lat' dir='ltr'>cum</span> <span class='ocrx_word' id='word_1_496' title='bbox 2381 1268 2497 1337; x_wconf 91' lang='lat' dir='ltr'><strong>ipso</strong></span> <span class='ocrx_word' id='word_1_497' title='bbox 2530 1268 2788 1336; x_wconf 77' lang='lat' dir='ltr'>colloqui.</span> <span class='ocrx_word' id='word_1_498' title='bbox 2821 1268 2974 1334; x_wconf 84' lang='lat' dir='ltr'>Quod</span> <span class='ocrx_word' id='word_1_499' title='bbox 3011 1267 3100 1322; x_wconf 70' lang='lat' dir='ltr'><strong>ulti</strong></span> <span class='ocrx_word' id='word_1_500' title='bbox 3132 1268 3459 1337; x_wconf 84' lang='lat' dir='ltr'><strong>permissum</strong></span> <span class='ocrx_word' id='word_1_501' title='bbox 3492 1267 3614 1331; x_wconf 89' lang='lat' dir='ltr'><strong>fuit,</strong></span> 
     </span>
    </p>
   </div>
   <div class='ocr_carea' id='block_1_72' title="bbox 2038 1360 3613 1429">
    <p class='ocr_par' dir='ltr' id='par_1_72' title="bbox 2038 1360 3613 1429">
     <span class='ocr_line' id='line_1_72' title="bbox 2038 1360 3613 1429; baseline 0.001 -19"><span class='ocrx_word' id='word_1_502' title='bbox 2038 1375 2365 1429; x_wconf 77' lang='lat' dir='ltr'><strong>congressus</strong></span> <span class='ocrx_word' id='word_1_503' title='bbox 2396 1376 2516 1414; x_wconf 86' lang='lat' dir='ltr'>cum</span> <span class='ocrx_word' id='word_1_504' title='bbox 2547 1362 2873 1429; x_wconf 89' lang='lat' dir='ltr'><strong>imperatore</strong></span> <span class='ocrx_word' id='word_1_505' title='bbox 2902 1361 3088 1414; x_wconf 87' lang='lat' dir='ltr'><strong>multis</strong></span> <span class='ocrx_word' id='word_1_506' title='bbox 3113 1361 3162 1414; x_wconf 88' lang='lat' dir='ltr'>ei</span> <span class='ocrx_word' id='word_1_507' title='bbox 3201 1360 3381 1415; x_wconf 80' lang='lat' dir='ltr'>verbis</span> <span class='ocrx_word' id='word_1_508' title='bbox 3412 1375 3613 1427; x_wconf 74' lang='lat' dir='ltr'><strong>expro-</strong></span> 
     </span>
    </p>
   </div>
   <div class='ocr_carea' id='block_1_73' title="bbox 2038 1449 3616 1521">
    <p class='ocr_par' dir='ltr' id='par_1_73' title="bbox 2038 1449 3616 1521">
     <span class='ocr_line' id='line_1_73' title="bbox 2038 1449 3616 1521; baseline -0.003 -17"><span class='ocrx_word' id='word_1_509' title='bbox 2038 1452 2179 1516; x_wconf 84' lang='lat' dir='ltr'><strong>brat,</strong></span> <span class='ocrx_word' id='word_1_510' title='bbox 2238 1453 2381 1520; x_wconf 91' lang='lat' dir='ltr'><strong>quod</strong></span> <span class='ocrx_word' id='word_1_511' title='bbox 2417 1463 2692 1520; x_wconf 71' lang='lat' dir='ltr'><strong>sceptrum</strong></span> <span class='ocrx_word' id='word_1_512' title='bbox 2737 1452 2852 1521; x_wconf 90' lang='lat' dir='ltr'><strong>ipse</strong></span> <span class='ocrx_word' id='word_1_513' title='bbox 2875 1467 3067 1521; x_wconf 75' lang='lat' dir='ltr'><strong>gerens</strong></span> <span class='ocrx_word' id='word_1_514' title='bbox 3097 1452 3297 1513; x_wconf 64' lang='lat' dir='ltr'><strong>foedus,</strong></span> <span class='ocrx_word' id='word_1_515' title='bbox 3365 1449 3509 1521; x_wconf 80' lang='lat' dir='ltr'><strong>quod</strong></span> <span class='ocrx_word' id='word_1_516' title='bbox 3569 1449 3616 1500; x_wconf 78' lang='grc' dir='ltr'>(ιί</span> 
     </span>
    </p>
   </div>
   <div class='ocr_carea' id='block_1_74' title="bbox 2039 1540 3618 1613">
    <p class='ocr_par' dir='ltr' id='par_1_74' title="bbox 2039 1540 3618 1613">
     <span class='ocr_line' id='line_1_74' title="bbox 2039 1540 3618 1613; baseline -0.003 -18"><span class='ocrx_word' id='word_1_517' title='bbox 2039 1558 2161 1595; x_wconf 89' lang='lat' dir='ltr'>cum</span> <span class='ocrx_word' id='word_1_518' title='bbox 2198 1542 2446 1612; x_wconf 69' lang='lat' dir='ltr'><strong>Ahasgize</strong></span> <span class='ocrx_word' id='word_1_519' title='bbox 2474 1543 2696 1597; x_wconf 83' lang='lat' dir='ltr'><strong>ditionis</strong></span> <span class='ocrx_word' id='word_1_520' title='bbox 2752 1542 2892 1597; x_wconf 84' lang='lat' dir='ltr'><strong>haud</strong></span> <span class='ocrx_word' id='word_1_521' title='bbox 2932 1543 3139 1611; x_wconf 62' lang='lat' dir='ltr'><strong>exigua:</strong></span> <span class='ocrx_word' id='word_1_522' title='bbox 3168 1543 3353 1613; x_wconf 78' lang='lat' dir='ltr'><strong>regulo</strong></span> <span class='ocrx_word' id='word_1_523' title='bbox 3418 1540 3618 1598; x_wconf 89' lang='lat' dir='ltr'><strong>fuerat.</strong></span> 
     </span>
    </p>
   </div>
   <div class='ocr_carea' id='block_1_75' title="bbox 2039 1632 3619 1704">
    <p class='ocr_par' dir='ltr' id='par_1_75' title="bbox 2039 1632 3619 1704">
     <span class='ocr_line' id='line_1_75' title="bbox 2039 1632 3619 1704; baseline -0.003 -16"><span class='ocrx_word' id='word_1_524' title='bbox 2039 1634 2319 1693; x_wconf 84' lang='lat' dir='ltr'><strong>violasset.</strong></span> <span class='ocrx_word' id='word_1_525' title='bbox 2353 1646 2406 1687; x_wconf 87' lang='lat' dir='ltr'>ct</span> <span class='ocrx_word' id='word_1_526' title='bbox 2443 1649 2565 1687; x_wconf 92' lang='lat' dir='ltr'>cum</span> <span class='ocrx_word' id='word_1_527' title='bbox 2600 1637 2806 1702; x_wconf 84' lang='lat' dir='ltr'><strong>privato</strong></span> <span class='ocrx_word' id='word_1_528' title='bbox 2834 1650 2897 1688; x_wconf 88' lang='lat' dir='ltr'>ac</span> <span class='ocrx_word' id='word_1_529' title='bbox 2924 1650 3083 1689; x_wconf 89' lang='lat' dir='ltr'><strong>servo</strong></span> <span class='ocrx_word' id='word_1_530' title='bbox 3116 1634 3374 1704; x_wconf 85' lang='lat' dir='ltr'><strong>perduelli</strong></span> <span class='ocrx_word' id='word_1_531' title='bbox 3416 1632 3619 1688; x_wconf 83' lang='lat' dir='ltr'><strong>coivis-</strong></span> 
     </span>
    </p>
   </div>
   <div class='ocr_carea' id='block_1_76' title="bbox 2042 1724 3619 1796">
    <p class='ocr_par' dir='ltr' id='par_1_76' title="bbox 2042 1724 3619 1796">
     <span class='ocr_line' id='line_1_76' title="bbox 2042 1724 3619 1796; baseline -0.003 -15"><span class='ocrx_word' id='word_1_532' title='bbox 2042 1735 2125 1781; x_wconf 87' lang='lat' dir='ltr'>set</span> <span class='ocrx_word' id='word_1_533' title='bbox 2154 1727 2493 1780; x_wconf 83' lang='lat' dir='ltr'><strong>societatem.</strong></span> <span class='ocrx_word' id='word_1_534' title='bbox 2523 1724 2695 1780; x_wconf 89' lang='lat' dir='ltr'><strong>Simul</strong></span> <span class='ocrx_word' id='word_1_535' title='bbox 2726 1730 2860 1796; x_wconf 86' lang='lat' dir='ltr'><strong>petit</strong></span> <span class='ocrx_word' id='word_1_536' title='bbox 2891 1738 2949 1782; x_wconf 87' lang='lat' dir='ltr'>ut</span> <span class='ocrx_word' id='word_1_537' title='bbox 2984 1730 3127 1781; x_wconf 88' lang='lat' dir='ltr'><strong>inter</strong></span> <span class='ocrx_word' id='word_1_538' title='bbox 3157 1744 3215 1780; x_wconf 88' lang='lat' dir='ltr'>se</span> <span class='ocrx_word' id='word_1_539' title='bbox 3245 1735 3297 1780; x_wconf 89' lang='lat' dir='ltr'>et</span> <span class='ocrx_word' id='word_1_540' title='bbox 3326 1726 3619 1793; x_wconf 85' lang='lat' dir='ltr'><strong>Liparitam</strong></span> 
     </span>
    </p>
   </div>
   <div class='ocr_carea' id='block_1_77' title="bbox 2043 1818 3622 1887">
    <p class='ocr_par' dir='ltr' id='par_1_77' title="bbox 2043 1818 3622 1887">
     <span class='ocr_line' id='line_1_77' title="bbox 2043 1818 3622 1887; baseline -0.003 -17"><span class='ocrx_word' id='word_1_541' title='bbox 2043 1818 2327 1885; x_wconf 79' lang='lat' dir='ltr'><strong>transigat.</strong></span> <span class='ocrx_word' id='word_1_542' title='bbox 2363 1818 2536 1886; x_wconf 82' lang='lat' dir='ltr'><strong>Atque</strong></span> <span class='ocrx_word' id='word_1_543' title='bbox 2576 1818 2677 1871; x_wconf 92' lang='lat' dir='ltr'>hoc</span> <span class='ocrx_word' id='word_1_544' title='bbox 2718 1820 3011 1887; x_wconf 84' lang='lat' dir='ltr'><strong>imperator</strong></span> <span class='ocrx_word' id='word_1_545' title='bbox 3064 1818 3325 1881; x_wconf 86' lang='lat' dir='ltr'><strong>confecit,</strong></span> <span class='ocrx_word' id='word_1_546' title='bbox 3371 1825 3622 1885; x_wconf 84' lang='lat' dir='ltr'><strong>pactqu-</strong></span> 
     </span>
    </p>
   </div>
   <div class='ocr_carea' id='block_1_78' title="bbox 2044 1909 3621 1978">
    <p class='ocr_par' dir='ltr' id='par_1_78' title="bbox 2044 1909 3621 1978">
     <span class='ocr_line' id='line_1_78' title="bbox 2044 1909 3621 1978; baseline 0.001 -18"><span class='ocrx_word' id='word_1_547' title='bbox 2044 1925 2149 1977; x_wconf 88' lang='lat' dir='ltr'><strong>que</strong></span> <span class='ocrx_word' id='word_1_548' title='bbox 2176 1918 2258 1963; x_wconf 90' lang='lat' dir='ltr'>est</span> <span class='ocrx_word' id='word_1_549' title='bbox 2292 1922 2348 1962; x_wconf 86' lang='grc' dir='ltr'>ιιι</span> <span class='ocrx_word' id='word_1_550' title='bbox 2380 1909 2698 1965; x_wconf 88' lang='lat' dir='ltr'><strong>Pancratius</strong></span> <span class='ocrx_word' id='word_1_551' title='bbox 2734 1926 2948 1965; x_wconf 86' lang='lat' dir='ltr'><strong>onmem</strong></span> <span class='ocrx_word' id='word_1_552' title='bbox 2984 1913 3211 1965; x_wconf 87' lang='lat' dir='ltr'><strong>lberiam</strong></span> <span class='ocrx_word' id='word_1_553' title='bbox 3249 1920 3411 1978; x_wconf 88' lang='lat' dir='ltr'><strong>atque</strong></span> <span class='ocrx_word' id='word_1_554' title='bbox 3446 1910 3621 1962; x_wconf 84' lang='lat' dir='ltr'><strong>Abas-</strong></span> 
     </span>
    </p>
   </div>
   <div class='ocr_carea' id='block_1_79' title="bbox 2044 2001 3621 2071">
    <p class='ocr_par' dir='ltr' id='par_1_79' title="bbox 2044 2001 3621 2071">
     <span class='ocr_line' id='line_1_79' title="bbox 2044 2001 3621 2071; baseline 0 -18"><span class='ocrx_word' id='word_1_555' title='bbox 2044 2002 2185 2070; x_wconf 77' lang='lat' dir='ltr'><strong>giam</strong></span> <span class='ocrx_word' id='word_1_556' title='bbox 2216 2002 2482 2063; x_wconf 87' lang='lat' dir='ltr'><strong>obtineat,</strong></span> <span class='ocrx_word' id='word_1_557' title='bbox 2515 2002 2754 2071; x_wconf 87' lang='lat' dir='ltr'><strong>Liparita</strong></span> <span class='ocrx_word' id='word_1_558' title='bbox 2794 2011 2974 2056; x_wconf 89' lang='lat' dir='ltr'><strong>autem</strong></span> <span class='ocrx_word' id='word_1_559' title='bbox 3012 2003 3151 2071; x_wconf 84' lang='lat' dir='ltr'><strong>parti</strong></span> <span class='ocrx_word' id='word_1_560' title='bbox 3207 2001 3463 2056; x_wconf 75' lang='lat' dir='ltr'><strong>Mescliia:</strong></span> <span class='ocrx_word' id='word_1_561' title='bbox 3525 2016 3621 2068; x_wconf 83' lang='lat' dir='ltr'><strong>per</strong></span> 
     </span>
    </p>
   </div>
   <div class='ocr_carea' id='block_1_80' title="bbox 2043 2093 3619 2157">
    <p class='ocr_par' dir='ltr' id='par_1_80' title="bbox 2043 2093 3619 2157">
     <span class='ocr_line' id='line_1_80' title="bbox 2043 2093 3619 2157; baseline 0 -13"><span class='ocrx_word' id='word_1_562' title='bbox 2043 2108 2256 2145; x_wconf 83' lang='lat' dir='ltr'><strong>onmem</strong></span> <span class='ocrx_word' id='word_1_563' title='bbox 2296 2094 2457 2145; x_wconf 83' lang='lat' dir='ltr'><strong>vitam</strong></span> <span class='ocrx_word' id='word_1_564' title='bbox 2493 2095 2673 2157; x_wconf 74' lang='lat' dir='ltr'><strong>praesit</strong></span> <span class='ocrx_word' id='word_1_565' title='bbox 2708 2109 2769 2146; x_wconf 86' lang='lat' dir='ltr'>ac</span> <span class='ocrx_word' id='word_1_566' title='bbox 2815 2093 3160 2147; x_wconf 80' lang='lat' dir='ltr'><strong>Pancratium</strong></span> <span class='ocrx_word' id='word_1_567' title='bbox 3197 2094 3477 2148; x_wconf 89' lang='lat' dir='ltr'><strong>dominum</strong></span> <span class='ocrx_word' id='word_1_568' title='bbox 3535 2107 3619 2144; x_wconf 82' lang='lat' dir='ltr'>re-</span> 
     </span>
    </p>
   </div>
   <div class='ocr_carea' id='block_1_81' title="bbox 2042 2182 3623 2253">
    <p class='ocr_par' dir='ltr' id='par_1_81' title="bbox 2042 2182 3623 2253">
     <span class='ocr_line' id='line_1_81' title="bbox 2042 2182 3623 2253; baseline -0.002 -16"><span class='ocrx_word' id='word_1_569' title='bbox 2042 2200 2271 2252; x_wconf 65' lang='lat' dir='ltr'><strong>gemque</strong></span> <span class='ocrx_word' id='word_1_570' title='bbox 2301 2200 2459 2238; x_wconf 89' lang='lat' dir='ltr'><strong>suum</strong></span> <span class='ocrx_word' id='word_1_571' title='bbox 2493 2194 2771 2253; x_wconf 80' lang='lat' dir='ltr'><strong>agnoscat.</strong></span> <span class='ocrx_word' id='word_1_572' title='bbox 2828 2184 2984 2238; x_wconf 91' lang='lat' dir='ltr'><strong>Hunc</strong></span> <span class='ocrx_word' id='word_1_573' title='bbox 3014 2186 3234 2252; x_wconf 78' lang='lat' dir='ltr'><strong>quidem</strong></span> <span class='ocrx_word' id='word_1_574' title='bbox 3285 2182 3491 2237; x_wconf 85' lang='lat' dir='ltr'><strong>exitum</strong></span> <span class='ocrx_word' id='word_1_575' title='bbox 3535 2196 3623 2235; x_wconf 83' lang='lat' dir='ltr'>res</span> 
     </span>
    </p>
   </div>
   <div class='ocr_carea' id='block_1_82' title="bbox 2045 2277 2552 2341">
    <p class='ocr_par' dir='ltr' id='par_1_82' title="bbox 2045 2277 2552 2341">
     <span class='ocr_line' id='line_1_82' title="bbox 2045 2277 2552 2341; baseline 0.004 -13"><span class='ocrx_word' id='word_1_576' title='bbox 2045 2278 2309 2341; x_wconf 65' lang='lat' dir='ltr'><strong>AhaSgica</strong></span> <span class='ocrx_word' id='word_1_577' title='bbox 2344 2277 2552 2330; x_wconf 81' lang='lat' dir='ltr'><strong>habuit.</strong></span> 
     </span>
    </p>
   </div>
   <div class='ocr_carea' id='block_1_83' title="bbox 1975 2368 3625 2441">
    <p class='ocr_par' dir='ltr' id='par_1_83' title="bbox 1975 2368 3625 2441">
     <span class='ocr_line' id='line_1_83' title="bbox 1975 2368 3625 2441; baseline 0 -20"><span class='ocrx_word' id='word_1_578' title='bbox 1975 2369 2210 2421; x_wconf 81' lang='grc' dir='ltr'>αὑτὸνδὲ</span> <span class='ocrx_word' id='word_1_579' title='bbox 2244 2370 2443 2438; x_wconf 86' lang='grc' dir='ltr'>μέρους</span> <span class='ocrx_word' id='word_1_580' title='bbox 2471 2370 2707 2440; x_wconf 79' lang='grc' dir='ltr'>ἄρχοντα</span> <span class='ocrx_word' id='word_1_581' title='bbox 2736 2372 2831 2439; x_wconf 83' lang='grc' dir='ltr'>τῆς</span> <span class='ocrx_word' id='word_1_582' title='bbox 2895 2370 3143 2440; x_wconf 79' lang='grc' dir='ltr'>Μεσχὶας</span> <span class='ocrx_word' id='word_1_583' title='bbox 3186 2369 3276 2423; x_wconf 83' lang='grc' dir='ltr'>διὰ</span> <span class='ocrx_word' id='word_1_584' title='bbox 3352 2368 3468 2441; x_wconf 76' lang='grc' dir='ltr'>βίον</span> <span class='ocrx_word' id='word_1_585' title='bbox 3529 2368 3625 2422; x_wconf 86' lang='grc' dir='ltr'>κύ’</span> 
     </span>
    </p>
   </div>
   <div class='ocr_carea' id='block_1_84' title="bbox 1983 2465 2966 2536">
    <p class='ocr_par' dir='ltr' id='par_1_84' title="bbox 1983 2465 2966 2536">
     <span class='ocr_line' id='line_1_84' title="bbox 1983 2465 2966 2536; baseline 0 -17"><span class='ocrx_word' id='word_1_586' title='bbox 1983 2465 2282 2533; x_wconf 78' lang='grc' dir='ltr'>Ἀϐασγίαν</span> <span class='ocrx_word' id='word_1_587' title='bbox 2315 2468 2657 2536; x_wconf 84' lang='grc' dir='ltr'>κατήντησεν</span> <span class='ocrx_word' id='word_1_588' title='bbox 2686 2469 2763 2528; x_wconf 87' lang='grc' dir='ltr'>εἰς</span> <span class='ocrx_word' id='word_1_589' title='bbox 2790 2466 2966 2520; x_wconf 79' lang='grc' dir='ltr'>τοῦτο.</span> 
     </span>
    </p>
   </div>
   <div class='ocr_carea' id='block_1_85' title="bbox 2117 2562 3622 2624">
    <p class='ocr_par' dir='ltr' id='par_1_85' title="bbox 2117 2562 3622 2624">
     <span class='ocr_line' id='line_1_85' title="bbox 2117 2562 3622 2624; baseline 0.001 -11"><span class='ocrx_word' id='word_1_590' title='bbox 2117 2563 2259 2615; x_wconf 79' lang='lat' dir='ltr'><strong>ASan</strong></span> <span class='ocrx_word' id='word_1_591' title='bbox 2302 2577 2428 2615; x_wconf 80' lang='lat' dir='ltr'><strong>vero</strong></span> <span class='ocrx_word' id='word_1_592' title='bbox 2461 2576 2487 2613; x_wconf 87' lang='lat' dir='ltr'>a</span> <span class='ocrx_word' id='word_1_593' title='bbox 2525 2562 2742 2615; x_wconf 82' lang='lat' dir='ltr'><strong>sultano</strong></span> <span class='ocrx_word' id='word_1_594' title='bbox 2783 2562 3045 2616; x_wconf 82' lang='lat' dir='ltr'><strong>adversus</strong></span> <span class='ocrx_word' id='word_1_595' title='bbox 3088 2562 3360 2616; x_wconf 74' lang='lat' dir='ltr'><strong>Romanos</strong></span> <span class='ocrx_word' id='word_1_596' title='bbox 3400 2562 3622 2624; x_wconf 84' lang='lat' dir='ltr'><strong>missus.</strong></span> 
     </span>
    </p>
   </div>
   <div class='ocr_carea' id='block_1_86' title="bbox 2043 2653 3626 2723">
    <p class='ocr_par' dir='ltr' id='par_1_86' title="bbox 2043 2653 3626 2723">
     <span class='ocr_line' id='line_1_86' title="bbox 2043 2653 3626 2723; baseline -0.001 -15"><span class='ocrx_word' id='word_1_597' title='bbox 2043 2656 2183 2708; x_wconf 86' lang='lat' dir='ltr'><strong>ultra</strong></span> <span class='ocrx_word' id='word_1_598' title='bbox 2221 2653 2546 2707; x_wconf 85' lang='lat' dir='ltr'><strong>Tahrczium</strong></span> <span class='ocrx_word' id='word_1_599' title='bbox 2571 2666 2622 2707; x_wconf 88' lang='lat' dir='ltr'>et</span> <span class='ocrx_word' id='word_1_600' title='bbox 2648 2653 2962 2721; x_wconf 87' lang='lat' dir='ltr'><strong>Tephlidem</strong></span> <span class='ocrx_word' id='word_1_601' title='bbox 2987 2654 3332 2723; x_wconf 87' lang='lat' dir='ltr'><strong>profectusin</strong></span> <span class='ocrx_word' id='word_1_602' title='bbox 3358 2656 3626 2723; x_wconf 86' lang='lat' dir='ltr'><strong>Baaspra—</strong></span> 
     </span>
    </p>
   </div>
   <div class='ocr_carea' id='block_1_87' title="bbox 2042 2745 3627 2814">
    <p class='ocr_par' dir='ltr' id='par_1_87' title="bbox 2042 2745 3627 2814">
     <span class='ocr_line' id='line_1_87' title="bbox 2042 2745 3627 2814; baseline -0.002 -14"><span class='ocrx_word' id='word_1_603' title='bbox 2042 2746 2255 2800; x_wconf 86' lang='lat' dir='ltr'><strong>cauiam</strong></span> <span class='ocrx_word' id='word_1_604' title='bbox 2310 2746 2476 2807; x_wconf 88' lang='lat' dir='ltr'><strong>venit,</strong></span> <span class='ocrx_word' id='word_1_605' title='bbox 2536 2746 2778 2812; x_wconf 75' lang='lat' dir='ltr'><strong>proxima</strong></span> <span class='ocrx_word' id='word_1_606' title='bbox 2836 2762 3063 2814; x_wconf 80' lang='lat' dir='ltr'><strong>quaeque</strong></span> <span class='ocrx_word' id='word_1_607' title='bbox 3108 2745 3419 2813; x_wconf 87' lang='lat' dir='ltr'><strong>populando</strong></span> <span class='ocrx_word' id='word_1_608' title='bbox 3463 2755 3627 2812; x_wconf 86' lang='lat' dir='ltr'><strong>atque</strong></span> 
     </span>
    </p>
   </div>
   <div class='ocr_carea' id='block_1_88' title="bbox 2046 2835 3625 2903">
    <p class='ocr_par' dir='ltr' id='par_1_88' title="bbox 2046 2835 3625 2903">
     <span class='ocr_line' id='line_1_88' title="bbox 2046 2835 3625 2903; baseline 0 -16"><span class='ocrx_word' id='word_1_609' title='bbox 2046 2836 2298 2890; x_wconf 89' lang='lat' dir='ltr'><strong>incendio</strong></span> <span class='ocrx_word' id='word_1_610' title='bbox 2355 2844 2594 2897; x_wconf 88' lang='lat' dir='ltr'><strong>vastans,</strong></span> <span class='ocrx_word' id='word_1_611' title='bbox 2638 2845 2691 2889; x_wconf 90' lang='lat' dir='ltr'>et</span> <span class='ocrx_word' id='word_1_612' title='bbox 2743 2835 2933 2890; x_wconf 78' lang='lat' dir='ltr'><strong>obvios</strong></span> <span class='ocrx_word' id='word_1_613' title='bbox 2982 2836 3286 2895; x_wconf 77' lang='lat' dir='ltr'><strong>trucidatis,</strong></span> <span class='ocrx_word' id='word_1_614' title='bbox 3323 2852 3389 2890; x_wconf 87' lang='lat' dir='ltr'>ne</span> <span class='ocrx_word' id='word_1_615' title='bbox 3434 2835 3625 2903; x_wconf 88' lang='lat' dir='ltr'><strong>puerili</strong></span> 
     </span>
    </p>
   </div>
   <div class='ocr_carea' id='block_1_89' title="bbox 2046 2927 3628 2997">
    <p class='ocr_par' dir='ltr' id='par_1_89' title="bbox 2046 2927 3628 2997">
     <span class='ocr_line' id='line_1_89' title="bbox 2046 2927 3628 2997; baseline -0.001 -18"><span class='ocrx_word' id='word_1_616' title='bbox 2046 2930 2263 2997; x_wconf 78' lang='lat' dir='ltr'><strong>quidem</strong></span> <span class='ocrx_word' id='word_1_617' title='bbox 2302 2944 2530 2995; x_wconf 87' lang='lat' dir='ltr'><strong>parcens</strong></span> <span class='ocrx_word' id='word_1_618' title='bbox 2556 2930 2723 2981; x_wconf 61' lang='lat' dir='ltr'><strong>astati.</strong></span> <span class='ocrx_word' id='word_1_619' title='bbox 2759 2927 3001 2981; x_wconf 68' lang='lat' dir='ltr'><strong>Praeerat</strong></span> <span class='ocrx_word' id='word_1_620' title='bbox 3056 2937 3169 2980; x_wconf 87' lang='lat' dir='ltr'><strong>ttnn</strong></span> <span class='ocrx_word' id='word_1_621' title='bbox 3212 2927 3628 2995; x_wconf 74' lang='lat' dir='ltr'><strong>Baaspracanizc</strong></span> 
     </span>
    </p>
   </div>
   <div class='ocr_carea' id='block_1_90' title="bbox 2048 3016 3629 3091">
    <p class='ocr_par' dir='ltr' id='par_1_90' title="bbox 2048 3016 3629 3091">
     <span class='ocr_line' id='line_1_90' title="bbox 2048 3016 3629 3091; baseline -0.004 -16"><span class='ocrx_word' id='word_1_622' title='bbox 2048 3022 2228 3075; x_wconf 88' lang='lat' dir='ltr'><strong>Aaruu</strong></span> <span class='ocrx_word' id='word_1_623' title='bbox 2252 3020 2410 3073; x_wconf 85' lang='lat' dir='ltr'><strong>Besta</strong></span> <span class='ocrx_word' id='word_1_624' title='bbox 2445 3019 2799 3074; x_wconf 83' lang='lat' dir='ltr'><strong>Bladisthlabi</strong></span> <span class='ocrx_word' id='word_1_625' title='bbox 2832 3018 2997 3091; x_wconf 63' lang='lat'>574</span> <span class='ocrx_word' id='word_1_626' title='bbox 3025 3020 3190 3083; x_wconf 86' lang='lat' dir='ltr'><strong>filius,</strong></span> <span class='ocrx_word' id='word_1_627' title='bbox 3235 3017 3483 3071; x_wconf 86' lang='lat' dir='ltr'><strong>Prusiani</strong></span> <span class='ocrx_word' id='word_1_628' title='bbox 3519 3016 3629 3070; x_wconf 86' lang='lat' dir='ltr'><strong>fra-</strong></span> 
     </span>
    </p>
   </div>
   <div class='ocr_carea' id='block_1_91' title="bbox 2050 3108 3625 3175">
    <p class='ocr_par' dir='ltr' id='par_1_91' title="bbox 2050 3108 3625 3175">
     <span class='ocr_line' id='line_1_91' title="bbox 2050 3108 3625 3175; baseline -0.002 -11"><span class='ocrx_word' id='word_1_629' title='bbox 2050 3121 2151 3165; x_wconf 91' lang='lat' dir='ltr'><strong>ter.</strong></span> <span class='ocrx_word' id='word_1_630' title='bbox 2177 3110 2280 3175; x_wconf 85' lang='lat' dir='ltr'>Qui</span> <span class='ocrx_word' id='word_1_631' title='bbox 2304 3128 2427 3162; x_wconf 79' lang='lat' dir='ltr'>cum</span> <span class='ocrx_word' id='word_1_632' title='bbox 2451 3111 2553 3164; x_wconf 85' lang='lat' dir='ltr'><strong>sibi</strong></span> <span class='ocrx_word' id='word_1_633' title='bbox 2580 3126 2683 3164; x_wconf 90' lang='lat' dir='ltr'>non</span> <span class='ocrx_word' id='word_1_634' title='bbox 2709 3110 2847 3165; x_wconf 84' lang='lat' dir='ltr'><strong>satis</strong></span> <span class='ocrx_word' id='word_1_635' title='bbox 2864 3126 2987 3165; x_wconf 88' lang='lat' dir='ltr'><strong>esse</strong></span> <span class='ocrx_word' id='word_1_636' title='bbox 3011 3112 3074 3163; x_wconf 85' lang='lat' dir='ltr'>ad</span> <span class='ocrx_word' id='word_1_637' title='bbox 3097 3119 3299 3163; x_wconf 88' lang='lat' dir='ltr'><strong>tantam</strong></span> <span class='ocrx_word' id='word_1_638' title='bbox 3322 3108 3625 3162; x_wconf 80' lang='lat' dir='ltr'><strong>Tttt‘COl‘ttttl</strong></span> 
     </span>
    </p>
   </div>
   <div class='ocr_carea' id='block_1_92' title="bbox 2054 3201 3632 3265">
    <p class='ocr_par' dir='ltr' id='par_1_92' title="bbox 2054 3201 3632 3265">
     <span class='ocr_line' id='line_1_92' title="bbox 2054 3201 3632 3265; baseline -0.001 -11"><span class='ocrx_word' id='word_1_639' title='bbox 2054 3202 2459 3254; x_wconf 80' lang='lat' dir='ltr'><strong>multitudinem</strong></span> <span class='ocrx_word' id='word_1_640' title='bbox 2492 3202 2871 3256; x_wconf 88' lang='lat' dir='ltr'><strong>sustinendam</strong></span> <span class='ocrx_word' id='word_1_641' title='bbox 2900 3201 3094 3255; x_wconf 88' lang='lat' dir='ltr'><strong>virium</strong></span> <span class='ocrx_word' id='word_1_642' title='bbox 3127 3202 3373 3265; x_wconf 87' lang='lat' dir='ltr'><strong>sentiret,</strong></span> <span class='ocrx_word' id='word_1_643' title='bbox 3403 3201 3632 3253; x_wconf 67' lang='lat' dir='ltr'><strong>Catara-</strong></span> 
     </span>
    </p>
   </div>
   <div class='ocr_carea' id='block_1_93' title="bbox 2055 3292 3626 3361">
    <p class='ocr_par' dir='ltr' id='par_1_93' title="bbox 2055 3292 3626 3361">
     <span class='ocr_line' id='line_1_93' title="bbox 2055 3292 3626 3361; baseline -0.001 -16"><span class='ocrx_word' id='word_1_644' title='bbox 2055 3293 2228 3347; x_wconf 84' lang='lat' dir='ltr'><strong>louem</strong></span> <span class='ocrx_word' id='word_1_645' title='bbox 2265 3294 2477 3345; x_wconf 81' lang='lat' dir='ltr'><strong>B.-statu</strong></span> <span class='ocrx_word' id='word_1_646' title='bbox 2506 3294 2830 3348; x_wconf 87' lang='lat' dir='ltr'><strong>Ambustum</strong></span> <span class='ocrx_word' id='word_1_647' title='bbox 2869 3294 2991 3346; x_wconf 85' lang='lat' dir='ltr'><strong>Anii</strong></span> <span class='ocrx_word' id='word_1_648' title='bbox 3024 3304 3183 3361; x_wconf 85' lang='lat' dir='ltr'><strong>atque</strong></span> <span class='ocrx_word' id='word_1_649' title='bbox 3218 3292 3407 3345; x_wconf 71' lang='lat' dir='ltr'><strong>Iberia:</strong></span> <span class='ocrx_word' id='word_1_650' title='bbox 3441 3292 3626 3360; x_wconf 56' lang='lat' dir='ltr'><strong>prafe-</strong></span> 
     </span>
    </p>
   </div>
   <div class='ocr_carea' id='block_1_94' title="bbox 2053 3384 3626 3453">
    <p class='ocr_par' dir='ltr' id='par_1_94' title="bbox 2053 3384 3626 3453">
     <span class='ocr_line' id='line_1_94' title="bbox 2053 3384 3626 3453; baseline -0.002 -14"><span class='ocrx_word' id='word_1_651' title='bbox 2053 3394 2199 3439; x_wconf 88' lang='lat' dir='ltr'><strong>ctum</strong></span> <span class='ocrx_word' id='word_1_652' title='bbox 2260 3386 2455 3440; x_wconf 88' lang='lat' dir='ltr'><strong>litteris</strong></span> <span class='ocrx_word' id='word_1_653' title='bbox 2515 3387 2700 3440; x_wconf 84' lang='lat' dir='ltr'><strong>missis</strong></span> <span class='ocrx_word' id='word_1_654' title='bbox 2768 3387 3017 3440; x_wconf 85' lang='lat' dir='ltr'><strong>hortatur</strong></span> <span class='ocrx_word' id='word_1_655' title='bbox 3072 3396 3128 3438; x_wconf 92' lang='lat' dir='ltr'>ut</span> <span class='ocrx_word' id='word_1_656' title='bbox 3188 3386 3291 3439; x_wconf 88' lang='lat' dir='ltr'><strong>sibi</strong></span> <span class='ocrx_word' id='word_1_657' title='bbox 3346 3384 3626 3453; x_wconf 81' lang='lat' dir='ltr'><strong>suppetias</strong></span> 
     </span>
    </p>
   </div>
   <div class='ocr_carea' id='block_1_95' title="bbox 2053 3476 3626 3545">
    <p class='ocr_par' dir='ltr' id='par_1_95' title="bbox 2053 3476 3626 3545">
     <span class='ocr_line' id='line_1_95' title="bbox 2053 3476 3626 3545; baseline 0 -17"><span class='ocrx_word' id='word_1_658' title='bbox 2053 3476 2454 3545; x_wconf 86' lang='lat' dir='ltr'><strong>quamprimum</strong></span> <span class='ocrx_word' id='word_1_659' title='bbox 2475 3478 2946 3533; x_wconf 76' lang='lat' dir='ltr'><strong>ferat.Ambustus</strong></span> <span class='ocrx_word' id='word_1_660' title='bbox 2972 3478 3163 3531; x_wconf 87' lang='lat' dir='ltr'><strong>litteris</strong></span> <span class='ocrx_word' id='word_1_661' title='bbox 3193 3477 3449 3543; x_wconf 53' lang='lat' dir='ltr'><strong>acetéptis,</strong></span> <span class='ocrx_word' id='word_1_662' title='bbox 3482 3478 3626 3529; x_wconf 82' lang='lat' dir='ltr'><strong>dictu</strong></span> 
     </span>
    </p>
   </div>
   <div class='ocr_carea' id='block_1_96' title="bbox 2054 3565 3628 3636">
    <p class='ocr_par' dir='ltr' id='par_1_96' title="bbox 2054 3565 3628 3636">
     <span class='ocr_line' id='line_1_96' title="bbox 2054 3565 3628 3636; baseline -0.003 -15"><span class='ocrx_word' id='word_1_663' title='bbox 2054 3567 2216 3621; x_wconf 90' lang='lat' dir='ltr'><strong>citius</strong></span> <span class='ocrx_word' id='word_1_664' title='bbox 2274 3581 2403 3619; x_wconf 87' lang='lat' dir='ltr'><strong>suos</strong></span> <span class='ocrx_word' id='word_1_665' title='bbox 2462 3569 2681 3633; x_wconf 79' lang='lat' dir='ltr'><strong>excitat,</strong></span> <span class='ocrx_word' id='word_1_666' title='bbox 2726 3582 2962 3636; x_wconf 89' lang='lat' dir='ltr'><strong>cumque</strong></span> <span class='ocrx_word' id='word_1_667' title='bbox 3022 3568 3086 3619; x_wconf 87' lang='lat' dir='ltr'><strong>iis</strong></span> <span class='ocrx_word' id='word_1_668' title='bbox 3135 3565 3201 3619; x_wconf 87' lang='lat' dir='ltr'>ad</span> <span class='ocrx_word' id='word_1_669' title='bbox 3252 3566 3520 3618; x_wconf 80' lang='lat' dir='ltr'><strong>Aaronem</strong></span> <span class='ocrx_word' id='word_1_670' title='bbox 3569 3581 3628 3616; x_wconf 82' lang='lat' dir='ltr'>se</span> 
     </span>
    </p>
   </div>
   <div class='ocr_carea' id='block_1_97' title="bbox 2054 3658 3630 3730">
    <p class='ocr_par' dir='ltr' id='par_1_97' title="bbox 2054 3658 3630 3730">
     <span class='ocr_line' id='line_1_97' title="bbox 2054 3658 3630 3730; baseline -0.003 -16"><span class='ocrx_word' id='word_1_671' title='bbox 2054 3658 2623 3729; x_wconf 83' lang='lat' dir='ltr'><strong>confert.Conjunctis</strong></span> <span class='ocrx_word' id='word_1_672' title='bbox 2650 3661 2823 3730; x_wconf 90' lang='lat' dir='ltr'><strong>copiis</strong></span> <span class='ocrx_word' id='word_1_673' title='bbox 2841 3676 2963 3713; x_wconf 83' lang='lat' dir='ltr'>cum</span> <span class='ocrx_word' id='word_1_674' title='bbox 2986 3659 3380 3713; x_wconf 77' lang='lat' dir='ltr'><strong>deliberaretur</strong></span> <span class='ocrx_word' id='word_1_675' title='bbox 3407 3666 3630 3710; x_wconf 59' lang='lat' dir='ltr'><strong>nuntur-</strong></span> 
     </span>
    </p>
   </div>
   <div class='ocr_carea' id='block_1_98' title="bbox 2055 3750 3627 3821">
    <p class='ocr_par' dir='ltr' id='par_1_98' title="bbox 2055 3750 3627 3821">
     <span class='ocr_line' id='line_1_98' title="bbox 2055 3750 3627 3821; baseline -0.003 -15"><span class='ocrx_word' id='word_1_676' title='bbox 2055 3768 2198 3808; x_wconf 87' lang='lat' dir='ltr'><strong>none</strong></span> <span class='ocrx_word' id='word_1_677' title='bbox 2244 3768 2311 3806; x_wconf 88' lang='lat' dir='ltr'>an</span> <span class='ocrx_word' id='word_1_678' title='bbox 2349 3761 2538 3821; x_wconf 83' lang='lat' dir='ltr'><strong>aperto</strong></span> <span class='ocrx_word' id='word_1_679' title='bbox 2570 3753 2756 3821; x_wconf 71' lang='lat' dir='ltr'><strong>prmlio</strong></span> <span class='ocrx_word' id='word_1_680' title='bbox 2793 3766 2915 3804; x_wconf 92' lang='lat' dir='ltr'>cum</span> <span class='ocrx_word' id='word_1_681' title='bbox 2962 3750 3156 3805; x_wconf 87' lang='lat' dir='ltr'><strong>Turcis</strong></span> <span class='ocrx_word' id='word_1_682' title='bbox 3192 3761 3337 3806; x_wconf 85' lang='lat' dir='ltr'><strong>esset</strong></span> <span class='ocrx_word' id='word_1_683' title='bbox 3381 3764 3627 3818; x_wconf 79' lang='lat' dir='ltr'><strong>pugnan-</strong></span> 
     </span>
    </p>
   </div>
   <div class='ocr_carea' id='block_1_99' title="bbox 2057 3843 3628 3912">
    <p class='ocr_par' dir='ltr' id='par_1_99' title="bbox 2057 3843 3628 3912">
     <span class='ocr_line' id='line_1_99' title="bbox 2057 3843 3628 3912; baseline -0.004 -12"><span class='ocrx_word' id='word_1_684' title='bbox 2057 3845 2210 3903; x_wconf 82' lang='lat' dir='ltr'><strong>dum.</strong></span> <span class='ocrx_word' id='word_1_685' title='bbox 2250 3856 2505 3899; x_wconf 89' lang='lat' dir='ltr'><strong>neutrum</strong></span> <span class='ocrx_word' id='word_1_686' title='bbox 2548 3845 2864 3899; x_wconf 82' lang='lat' dir='ltr'><strong>Catacaloui</strong></span> <span class='ocrx_word' id='word_1_687' title='bbox 2920 3845 3204 3912; x_wconf 80' lang='lat' dir='ltr'><strong>probatum</strong></span> <span class='ocrx_word' id='word_1_688' title='bbox 3238 3852 3341 3901; x_wconf 86' lang='lat' dir='ltr'><strong>est.</strong></span> <span class='ocrx_word' id='word_1_689' title='bbox 3379 3843 3473 3896; x_wconf 73' lang='lat' dir='ltr'>sed</span> <span class='ocrx_word' id='word_1_690' title='bbox 3524 3843 3628 3893; x_wconf 85' lang='lat' dir='ltr'><strong>alia</strong></span> 
     </span>
    </p>
   </div>
   <div class='ocr_carea' id='block_1_100' title="bbox 2058 3930 3632 3998">
    <p class='ocr_par' dir='ltr' id='par_1_100' title="bbox 2058 3930 3632 3998">
     <span class='ocr_line' id='line_1_100' title="bbox 2058 3930 3632 3998; baseline -0.003 -12"><span class='ocrx_word' id='word_1_691' title='bbox 2058 3945 2171 3986; x_wconf 71' lang='lat' dir='ltr'><strong>arte</strong></span> <span class='ocrx_word' id='word_1_692' title='bbox 2207 3934 2392 3987; x_wconf 90' lang='lat' dir='ltr'><strong>hostes</strong></span> <span class='ocrx_word' id='word_1_693' title='bbox 2430 3932 2948 3987; x_wconf 88' lang='lat' dir='ltr'><strong>circumveniendos</strong></span> <span class='ocrx_word' id='word_1_694' title='bbox 2981 3932 3155 3986; x_wconf 82' lang='lat' dir='ltr'><strong>duxit.</strong></span> <span class='ocrx_word' id='word_1_695' title='bbox 3201 3930 3412 3991; x_wconf 84' lang='lat' dir='ltr'><strong>Castra,</strong></span> <span class='ocrx_word' id='word_1_696' title='bbox 3468 3931 3632 3998; x_wconf 82' lang='lat' dir='ltr'><strong>inque</strong></span> 
     </span>
    </p>
   </div>
   <div class='ocr_carea' id='block_1_101' title="bbox 2058 4020 3632 4092">
    <p class='ocr_par' dir='ltr' id='par_1_101' title="bbox 2058 4020 3632 4092">
     <span class='ocr_line' id='line_1_101' title="bbox 2058 4020 3632 4092; baseline -0.004 -13"><span class='ocrx_word' id='word_1_697' title='bbox 2058 4027 2126 4080; x_wconf 94' lang='lat' dir='ltr'><strong>iis</strong></span> <span class='ocrx_word' id='word_1_698' title='bbox 2177 4026 2433 4089; x_wconf 87' lang='lat' dir='ltr'><strong>tentoria,</strong></span> <span class='ocrx_word' id='word_1_699' title='bbox 2477 4037 2532 4078; x_wconf 87' lang='lat' dir='ltr'>ut</span> <span class='ocrx_word' id='word_1_700' title='bbox 2574 4032 2751 4085; x_wconf 86' lang='lat' dir='ltr'><strong>erant,</strong></span> <span class='ocrx_word' id='word_1_701' title='bbox 2795 4039 2859 4078; x_wconf 88' lang='lat' dir='ltr'>ac</span> <span class='ocrx_word' id='word_1_702' title='bbox 2894 4025 3138 4092; x_wconf 87' lang='lat' dir='ltr'><strong>jumenta</strong></span> <span class='ocrx_word' id='word_1_703' title='bbox 3164 4031 3216 4075; x_wconf 90' lang='lat' dir='ltr'>et</span> <span class='ocrx_word' id='word_1_704' title='bbox 3248 4020 3632 4090; x_wconf 80' lang='lat' dir='ltr'><strong>impedimenta</strong></span> 
     </span>
    </p>
   </div>
   <div class='ocr_carea' id='block_1_102' title="bbox 2057 4115 3633 4185">
    <p class='ocr_par' dir='ltr' id='par_1_102' title="bbox 2057 4115 3633 4185">
     <span class='ocr_line' id='line_1_102' title="bbox 2057 4115 3633 4185; baseline -0.006 -13"><span class='ocrx_word' id='word_1_705' title='bbox 2057 4119 2237 4172; x_wconf 89' lang='lat' dir='ltr'><strong>omnia</strong></span> <span class='ocrx_word' id='word_1_706' title='bbox 2266 4118 2499 4185; x_wconf 76' lang='lat' dir='ltr'><strong>relinqui</strong></span> <span class='ocrx_word' id='word_1_707' title='bbox 2526 4117 2713 4181; x_wconf 85' lang='lat' dir='ltr'><strong>voluit,</strong></span> <span class='ocrx_word' id='word_1_708' title='bbox 2732 4126 2785 4171; x_wconf 91' lang='lat' dir='ltr'>et</span> <span class='ocrx_word' id='word_1_709' title='bbox 2816 4115 3045 4170; x_wconf 87' lang='lat' dir='ltr'><strong>insidias</strong></span> <span class='ocrx_word' id='word_1_710' title='bbox 3072 4130 3167 4184; x_wconf 90' lang='lat' dir='ltr'><strong>per</strong></span> <span class='ocrx_word' id='word_1_711' title='bbox 3186 4120 3398 4167; x_wconf 90' lang='lat' dir='ltr'><strong>noctem</strong></span> <span class='ocrx_word' id='word_1_712' title='bbox 3430 4127 3633 4181; x_wconf 85' lang='lat' dir='ltr'><strong>oppor-</strong></span> 
     </span>
    </p>
   </div>
   <div class='ocr_carea' id='block_1_103' title="bbox 2059 4204 3631 4277">
    <p class='ocr_par' dir='ltr' id='par_1_103' title="bbox 2059 4204 3631 4277">
     <span class='ocr_line' id='line_1_103' title="bbox 2059 4204 3631 4277; baseline -0.006 -12"><span class='ocrx_word' id='word_1_713' title='bbox 2059 4210 2363 4265; x_wconf 87' lang='lat' dir='ltr'><strong>tunissimis</strong></span> <span class='ocrx_word' id='word_1_714' title='bbox 2395 4210 2529 4263; x_wconf 88' lang='lat' dir='ltr'><strong>locis</strong></span> <span class='ocrx_word' id='word_1_715' title='bbox 2562 4207 2690 4277; x_wconf 91' lang='lat' dir='ltr'><strong>poni</strong></span> <span class='ocrx_word' id='word_1_716' title='bbox 2723 4227 2736 4264; x_wconf 92' lang='lat'>:</span> <span class='ocrx_word' id='word_1_717' title='bbox 2782 4219 2897 4263; x_wconf 91' lang='lat' dir='ltr'>tum</span> <span class='ocrx_word' id='word_1_718' title='bbox 2945 4206 3141 4262; x_wconf 91' lang='lat' dir='ltr'><strong>Turcis</strong></span> <span class='ocrx_word' id='word_1_719' title='bbox 3189 4204 3631 4264; x_wconf 85' lang='lat' dir='ltr'><strong>advenientibus.</strong></span> 
     </span>
    </p>
   </div>
   <div class='ocr_carea' id='block_1_104' title="bbox 2058 4295 3633 4366">
    <p class='ocr_par' dir='ltr' id='par_1_104' title="bbox 2058 4295 3633 4366">
     <span class='ocr_line' id='line_1_104' title="bbox 2058 4295 3633 4366; baseline -0.006 -9"><span class='ocrx_word' id='word_1_720' title='bbox 2058 4314 2111 4357; x_wconf 83' lang='lat' dir='ltr'><strong>et</strong></span> <span class='ocrx_word' id='word_1_721' title='bbox 2148 4312 2456 4357; x_wconf 79' lang='lat' dir='ltr'><strong>castrorum</strong></span> <span class='ocrx_word' id='word_1_722' title='bbox 2503 4300 2821 4355; x_wconf 88' lang='lat' dir='ltr'><strong>hominibus</strong></span> <span class='ocrx_word' id='word_1_723' title='bbox 2878 4314 3177 4354; x_wconf 90' lang='lat' dir='ltr'><strong>vacuorum</strong></span> <span class='ocrx_word' id='word_1_724' title='bbox 3211 4295 3505 4366; x_wconf 83' lang='lat' dir='ltr'><strong>direptioni</strong></span> <span class='ocrx_word' id='word_1_725' title='bbox 3550 4296 3633 4348; x_wconf 90' lang='lat' dir='ltr'><strong>in-</strong></span> 
     </span>
    </p>
   </div>
   <div class='ocr_carea' id='block_1_105' title="bbox 2061 4387 3630 4464">
    <p class='ocr_par' dir='ltr' id='par_1_105' title="bbox 2061 4387 3630 4464">
     <span class='ocr_line' id='line_1_105' title="bbox 2061 4387 3630 4464; baseline -0.006 -16"><span class='ocrx_word' id='word_1_726' title='bbox 2061 4393 2721 4464; x_wconf 84' lang='lat' dir='ltr'><strong>tentis.prorumpendum</strong></span> <span class='ocrx_word' id='word_1_727' title='bbox 2742 4408 2804 4447; x_wconf 81' lang='lat' dir='ltr'><strong>ex</strong></span> <span class='ocrx_word' id='word_1_728' title='bbox 2834 4392 3049 4447; x_wconf 85' lang='lat' dir='ltr'><strong>insidiis</strong></span> <span class='ocrx_word' id='word_1_729' title='bbox 3069 4391 3190 4445; x_wconf 89' lang='lat' dir='ltr'><strong>etin</strong></span> <span class='ocrx_word' id='word_1_730' title='bbox 3212 4404 3307 4444; x_wconf 89' lang='lat' dir='ltr'>eos</span> <span class='ocrx_word' id='word_1_731' title='bbox 3325 4387 3630 4443; x_wconf 90' lang='lat' dir='ltr'><strong>faciendum</strong></span> 
     </span>
    </p>
   </div>
   <div class='ocr_carea' id='block_1_106' title="bbox 2060 4478 3635 4554">
    <p class='ocr_par' dir='ltr' id='par_1_106' title="bbox 2060 4478 3635 4554">
     <span class='ocr_line' id='line_1_106' title="bbox 2060 4478 3635 4554; baseline -0.005 -15"><span class='ocrx_word' id='word_1_732' title='bbox 2060 4488 2344 4554; x_wconf 88' lang='lat' dir='ltr'><strong>impetum.</strong></span> <span class='ocrx_word' id='word_1_733' title='bbox 2391 4484 2574 4554; x_wconf 85' lang='lat' dir='ltr'><strong>Neque</strong></span> <span class='ocrx_word' id='word_1_734' title='bbox 2625 4483 2673 4537; x_wconf 91' lang='lat' dir='ltr'><strong>id</strong></span> <span class='ocrx_word' id='word_1_735' title='bbox 2711 4499 2835 4538; x_wconf 87' lang='lat' dir='ltr'>eum</span> <span class='ocrx_word' id='word_1_736' title='bbox 2892 4482 3181 4536; x_wconf 90' lang='lat' dir='ltr'><strong>consilium</strong></span> <span class='ocrx_word' id='word_1_737' title='bbox 3228 4479 3437 4535; x_wconf 81' lang='lat' dir='ltr'><strong>fefellit.</strong></span> <span class='ocrx_word' id='word_1_738' title='bbox 3478 4478 3635 4532; x_wconf 79' lang='lat' dir='ltr'><strong>Mane</strong></span> 
     </span>
    </p>
   </div>
   <div class='ocr_carea' id='block_1_107' title="bbox 2065 4569 3633 4640">
    <p class='ocr_par' dir='ltr' id='par_1_107' title="bbox 2065 4569 3633 4640">
     <span class='ocr_line' id='line_1_107' title="bbox 2065 4569 3633 4640; baseline -0.005 -10"><span class='ocrx_word' id='word_1_739' title='bbox 2065 4578 2207 4630; x_wconf 89' lang='lat' dir='ltr'><strong>enim</strong></span> <span class='ocrx_word' id='word_1_740' title='bbox 2261 4579 2405 4627; x_wconf 81' lang='lat' dir='ltr'><strong>Asan</strong></span> <span class='ocrx_word' id='word_1_741' title='bbox 2430 4590 2460 4629; x_wconf 90' lang='lat' dir='ltr'>e</span> <span class='ocrx_word' id='word_1_742' title='bbox 2484 4574 2681 4628; x_wconf 83' lang='lat' dir='ltr'><strong>castris</strong></span> <span class='ocrx_word' id='word_1_743' title='bbox 2720 4574 2832 4627; x_wconf 90' lang='lat' dir='ltr'><strong>suis</strong></span> <span class='ocrx_word' id='word_1_744' title='bbox 2881 4571 3180 4627; x_wconf 87' lang='lat' dir='ltr'><strong>secundum</strong></span> <span class='ocrx_word' id='word_1_745' title='bbox 3213 4570 3505 4640; x_wconf 81' lang='lat' dir='ltr'><strong>Stragnam</strong></span> <span class='ocrx_word' id='word_1_746' title='bbox 3536 4569 3633 4622; x_wconf 89' lang='lat' dir='ltr'><strong>flu-</strong></span> 
     </span>
    </p>
   </div>
   <div class='ocr_carea' id='block_1_108' title="bbox 2064 4664 3633 4736">
    <p class='ocr_par' dir='ltr' id='par_1_108' title="bbox 2064 4664 3633 4736">
     <span class='ocr_line' id='line_1_108' title="bbox 2064 4664 3633 4736; baseline -0.003 -16"><span class='ocrx_word' id='word_1_747' title='bbox 2064 4671 2207 4721; x_wconf 89' lang='lat' dir='ltr'><strong>vium</strong></span> <span class='ocrx_word' id='word_1_748' title='bbox 2262 4677 2519 4736; x_wconf 82' lang='lat' dir='ltr'><strong>tanquam</strong></span> <span class='ocrx_word' id='word_1_749' title='bbox 2566 4667 2629 4719; x_wconf 88' lang='lat' dir='ltr'>ad</span> <span class='ocrx_word' id='word_1_750' title='bbox 2676 4681 2906 4736; x_wconf 79' lang='lat' dir='ltr'><strong>pugnam</strong></span> <span class='ocrx_word' id='word_1_751' title='bbox 2953 4664 3337 4734; x_wconf 80' lang='lat' dir='ltr'><strong>proﬁciscitur,</strong></span> <span class='ocrx_word' id='word_1_752' title='bbox 3398 4678 3633 4731; x_wconf 85' lang='lat' dir='ltr'><strong>cumque</strong></span> 
     </span>
    </p>
   </div>
   <div class='ocr_carea' id='block_1_109' title="bbox 2066 4757 3634 4823">
    <p class='ocr_par' dir='ltr' id='par_1_109' title="bbox 2066 4757 3634 4823">
     <span class='ocr_line' id='line_1_109' title="bbox 2066 4757 3634 4823; baseline -0.003 -12"><span class='ocrx_word' id='word_1_753' title='bbox 2066 4771 2379 4812; x_wconf 82' lang='lat' dir='ltr'><strong>occurrclet</strong></span> <span class='ocrx_word' id='word_1_754' title='bbox 2411 4774 2591 4818; x_wconf 85' lang='lat' dir='ltr'><strong>nemo,</strong></span> <span class='ocrx_word' id='word_1_755' title='bbox 2625 4758 2713 4810; x_wconf 91' lang='lat' dir='ltr'>ubi</span> <span class='ocrx_word' id='word_1_756' title='bbox 2745 4758 2811 4810; x_wconf 85' lang='lat' dir='ltr'>ad</span> <span class='ocrx_word' id='word_1_757' title='bbox 2840 4769 3023 4810; x_wconf 84' lang='lat' dir='ltr'><strong>caStra</strong></span> <span class='ocrx_word' id='word_1_758' title='bbox 3043 4757 3410 4809; x_wconf 78' lang='lat' dir='ltr'><strong>Romanorum</strong></span> <span class='ocrx_word' id='word_1_759' title='bbox 3446 4769 3634 4823; x_wconf 88' lang='lat' dir='ltr'><strong>pervc-</strong></span> 
     </span>
    </p>
   </div>
   <div class='ocr_carea' id='block_1_110' title="bbox 2066 4847 3633 4916">
    <p class='ocr_par' dir='ltr' id='par_1_110' title="bbox 2066 4847 3633 4916">
     <span class='ocr_line' id='line_1_110' title="bbox 2066 4847 3633 4916; baseline -0.004 -13"><span class='ocrx_word' id='word_1_760' title='bbox 2066 4850 2166 4914; x_wconf 85' lang='lat' dir='ltr'><strong>nit,</strong></span> <span class='ocrx_word' id='word_1_761' title='bbox 2198 4850 2380 4916; x_wconf 86' lang='lat' dir='ltr'><strong>ibique</strong></span> <span class='ocrx_word' id='word_1_762' title='bbox 2418 4865 2594 4916; x_wconf 72' lang='lat' dir='ltr'><strong>neque</strong></span> <span class='ocrx_word' id='word_1_763' title='bbox 2622 4864 2723 4901; x_wconf 76' lang='lat' dir='ltr'><strong>vox</strong></span> <span class='ocrx_word' id='word_1_764' title='bbox 2762 4848 2869 4901; x_wconf 90' lang='lat' dir='ltr'><strong>ulla</strong></span> <span class='ocrx_word' id='word_1_765' title='bbox 2895 4847 3077 4901; x_wconf 88' lang='lat' dir='ltr'><strong>audita</strong></span> <span class='ocrx_word' id='word_1_766' title='bbox 3116 4853 3198 4900; x_wconf 89' lang='lat' dir='ltr'>est</span> <span class='ocrx_word' id='word_1_767' title='bbox 3239 4860 3416 4915; x_wconf 88' lang='lat' dir='ltr'><strong>neque</strong></span> <span class='ocrx_word' id='word_1_768' title='bbox 3445 4857 3633 4899; x_wconf 86' lang='lat' dir='ltr'><strong>custos</strong></span> 
     </span>
    </p>
   </div>
   <div class='ocr_carea' id='block_1_111' title="bbox 2067 4936 3635 5007">
    <p class='ocr_par' dir='ltr' id='par_1_111' title="bbox 2067 4936 3635 5007">
     <span class='ocr_line' id='line_1_111' title="bbox 2067 4936 3635 5007; baseline -0.003 -15"><span class='ocrx_word' id='word_1_769' title='bbox 2067 4940 2209 4993; x_wconf 88' lang='lat' dir='ltr'><strong>nllus</strong></span> <span class='ocrx_word' id='word_1_770' title='bbox 2241 4940 2411 5004; x_wconf 89' lang='lat' dir='ltr'><strong>visus,</strong></span> <span class='ocrx_word' id='word_1_771' title='bbox 2438 4939 2531 4992; x_wconf 91' lang='lat' dir='ltr'>sed</span> <span class='ocrx_word' id='word_1_772' title='bbox 2566 4938 2747 4993; x_wconf 81' lang='lat' dir='ltr'><strong>Omnia</strong></span> <span class='ocrx_word' id='word_1_773' title='bbox 2777 4940 2826 4991; x_wconf 90' lang='lat' dir='ltr'>in</span> <span class='ocrx_word' id='word_1_774' title='bbox 2844 4954 2954 4992; x_wconf 84' lang='lat' dir='ltr'><strong>.sua</strong></span> <span class='ocrx_word' id='word_1_775' title='bbox 2989 4953 3110 4993; x_wconf 87' lang='lat' dir='ltr'><strong>esse</strong></span> <span class='ocrx_word' id='word_1_776' title='bbox 3143 4944 3408 5007; x_wconf 86' lang='lat' dir='ltr'><strong>potestate</strong></span> <span class='ocrx_word' id='word_1_777' title='bbox 3426 4936 3635 5006; x_wconf 73' lang='lat' dir='ltr'><strong>putmit</strong></span> 
     </span>
    </p>
   </div>
   <div class='ocr_carea' id='block_1_112' title="bbox 2063 5028 3634 5099">
    <p class='ocr_par' dir='ltr' id='par_1_112' title="bbox 2063 5028 3634 5099">
     <span class='ocr_line' id='line_1_112' title="bbox 2063 5028 3634 5099; baseline -0.003 -16"><span class='ocrx_word' id='word_1_778' title='bbox 2063 5030 2446 5099; x_wconf 78' lang='lat' dir='ltr'><strong>Romanosque</strong></span> <span class='ocrx_word' id='word_1_779' title='bbox 2496 5029 2697 5099; x_wconf 78' lang='lat' dir='ltr'><strong>fugisse</strong></span> <span class='ocrx_word' id='word_1_780' title='bbox 2735 5030 2985 5093; x_wconf 87' lang='lat' dir='ltr'><strong>credidit,</strong></span> <span class='ocrx_word' id='word_1_781' title='bbox 3036 5029 3221 5083; x_wconf 89' lang='lat' dir='ltr'><strong>multis</strong></span> <span class='ocrx_word' id='word_1_782' title='bbox 3266 5028 3398 5083; x_wconf 86' lang='lat' dir='ltr'><strong>locis</strong></span> <span class='ocrx_word' id='word_1_783' title='bbox 3452 5036 3634 5082; x_wconf 85' lang='lat' dir='ltr'><strong>castra</strong></span> 
     </span>
    </p>
   </div>
   <div class='ocr_carea' id='block_1_113' title="bbox 2067 5118 3633 5192">
    <p class='ocr_par' dir='ltr' id='par_1_113' title="bbox 2067 5118 3633 5192">
     <span class='ocr_line' id='line_1_113' title="bbox 2067 5118 3633 5192; baseline -0.003 -16"><span class='ocrx_word' id='word_1_784' title='bbox 2067 5121 2368 5192; x_wconf 90' lang='lat' dir='ltr'><strong>perrumpit</strong></span> <span class='ocrx_word' id='word_1_785' title='bbox 2393 5121 2667 5190; x_wconf 84' lang='lat' dir='ltr'><strong>diripique</strong></span> <span class='ocrx_word' id='word_1_786' title='bbox 2691 5121 2921 5190; x_wconf 64' lang='lat' dir='ltr'><strong>praedam</strong></span> <span class='ocrx_word' id='word_1_787' title='bbox 2948 5120 3123 5188; x_wconf 87' lang='lat' dir='ltr'><strong>jubet.</strong></span> <span class='ocrx_word' id='word_1_788' title='bbox 3159 5120 3227 5172; x_wconf 76' lang='lat' dir='ltr'><strong>At</strong></span> <span class='ocrx_word' id='word_1_789' title='bbox 3262 5118 3489 5171; x_wconf 71' lang='lat' dir='ltr'><strong>[tentant</strong></span> <span class='ocrx_word' id='word_1_790' title='bbox 3531 5119 3633 5171; x_wconf 88' lang='lat' dir='ltr'>sub</span> 
     </span>
    </p>
   </div>
   <div class='ocr_carea' id='block_1_114' title="bbox 2067 5208 3629 5283">
    <p class='ocr_par' dir='ltr' id='par_1_114' title="bbox 2067 5208 3629 5283">
     <span class='ocr_line' id='line_1_114' title="bbox 2067 5208 3629 5283; baseline -0.006 -16"><span class='ocrx_word' id='word_1_791' title='bbox 2067 5228 2344 5283; x_wconf 85' lang='lat' dir='ltr'><strong>vesperam</strong></span> <span class='ocrx_word' id='word_1_792' title='bbox 2388 5227 2451 5265; x_wconf 76' lang='lat' dir='ltr'><strong>ex</strong></span> <span class='ocrx_word' id='word_1_793' title='bbox 2492 5212 2705 5266; x_wconf 85' lang='lat' dir='ltr'><strong>insidiis</strong></span> <span class='ocrx_word' id='word_1_794' title='bbox 2751 5210 3021 5280; x_wconf 76' lang='lat' dir='ltr'><strong>progressi</strong></span> <span class='ocrx_word' id='word_1_795' title='bbox 3055 5211 3355 5279; x_wconf 80' lang='lat' dir='ltr'><strong>composito</strong></span> <span class='ocrx_word' id='word_1_796' title='bbox 3391 5208 3629 5278; x_wconf 71' lang='lat' dir='ltr'><strong>agmine,</strong></span> 
     </span>
    </p>
   </div>
   <div class='ocr_carea' id='block_1_115' title="bbox 2066 5302 3631 5373">
    <p class='ocr_par' dir='ltr' id='par_1_115' title="bbox 2066 5302 3631 5373">
     <span class='ocr_line' id='line_1_115' title="bbox 2066 5302 3631 5373; baseline -0.006 -13"><span class='ocrx_word' id='word_1_797' title='bbox 2066 5306 2354 5373; x_wconf 88' lang='lat' dir='ltr'><strong>dissipatos</strong></span> <span class='ocrx_word' id='word_1_798' title='bbox 2390 5302 2598 5357; x_wconf 87' lang='lat' dir='ltr'><strong>Turcos</strong></span> <span class='ocrx_word' id='word_1_799' title='bbox 2640 5304 2981 5371; x_wconf 71' lang='lat' dir='ltr'><strong>adpriuntur,</strong></span> <span class='ocrx_word' id='word_1_800' title='bbox 3016 5302 3297 5371; x_wconf 84' lang='lat' dir='ltr'><strong>primoque</strong></span> <span class='ocrx_word' id='word_1_801' title='bbox 3331 5314 3631 5369; x_wconf 76' lang='lat' dir='ltr'><strong>congressu</strong></span> 
     </span>
    </p>
   </div>
   <div class='ocr_carea' id='block_1_116' title="bbox 2068 5394 3630 5465">
    <p class='ocr_par' dir='ltr' id='par_1_116' title="bbox 2068 5394 3630 5465">
     <span class='ocr_line' id='line_1_116' title="bbox 2068 5394 3630 5465; baseline -0.004 -15"><span class='ocrx_word' id='word_1_802' title='bbox 2068 5397 2321 5459; x_wconf 86' lang='lat' dir='ltr'><strong>fundunt,</strong></span> <span class='ocrx_word' id='word_1_803' title='bbox 2351 5394 2513 5465; x_wconf 79' lang='lat'>575</span> <span class='ocrx_word' id='word_1_804' title='bbox 2545 5394 2941 5449; x_wconf 85' lang='lat' dir='ltr'><strong>vehementiam</strong></span> <span class='ocrx_word' id='word_1_805' title='bbox 2977 5394 3060 5449; x_wconf 91' lang='lat' dir='ltr'>sui</span> <span class='ocrx_word' id='word_1_806' title='bbox 3099 5396 3335 5461; x_wconf 89' lang='lat' dir='ltr'><strong>impetus</strong></span> <span class='ocrx_word' id='word_1_807' title='bbox 3370 5407 3475 5446; x_wconf 87' lang='lat' dir='ltr'>non</span> <span class='ocrx_word' id='word_1_808' title='bbox 3504 5406 3630 5445; x_wconf 17' lang='lat' dir='ltr'><strong>susi-</strong></span> 
     </span>
    </p>
   </div>
   <div class='ocr_carea' id='block_1_117' title="bbox 2067 5485 3634 5556">
    <p class='ocr_par' dir='ltr' id='par_1_117' title="bbox 2067 5485 3634 5556">
     <span class='ocr_line' id='line_1_117' title="bbox 2067 5485 3634 5556; baseline -0.004 -13"><span class='ocrx_word' id='word_1_809' title='bbox 2067 5492 2324 5543; x_wconf 82' lang='lat' dir='ltr'><strong>Iiueutes.</strong></span> <span class='ocrx_word' id='word_1_810' title='bbox 2389 5489 2549 5542; x_wconf 77' lang='lat' dir='ltr'><strong>Cadit</strong></span> <span class='ocrx_word' id='word_1_811' title='bbox 2599 5490 2738 5541; x_wconf 86' lang='lat' dir='ltr'><strong>inter</strong></span> <span class='ocrx_word' id='word_1_812' title='bbox 2798 5488 3000 5556; x_wconf 83' lang='lat' dir='ltr'><strong>primos</strong></span> <span class='ocrx_word' id='word_1_813' title='bbox 3061 5500 3309 5555; x_wconf 78' lang='lat' dir='ltr'><strong>pugnans</strong></span> <span class='ocrx_word' id='word_1_814' title='bbox 3369 5485 3539 5547; x_wconf 83' lang='lat' dir='ltr'><strong>Asan,</strong></span> <span class='ocrx_word' id='word_1_815' title='bbox 3579 5490 3634 5536; x_wconf 88' lang='lat' dir='ltr'>et</span> 
     </span>
    </p>
   </div>
   <div class='ocr_carea' id='block_1_118' title="bbox 2060 5573 3627 5648">
    <p class='ocr_par' dir='ltr' id='par_1_118' title="bbox 2060 5573 3627 5648">
     <span class='ocr_line' id='line_1_118' title="bbox 2060 5573 3627 5648; baseline -0.007 -14"><span class='ocrx_word' id='word_1_816' title='bbox 2060 5578 2323 5648; x_wconf 85' lang='lat' dir='ltr'><strong>quidquid</strong></span> <span class='ocrx_word' id='word_1_817' title='bbox 2387 5578 2439 5630; x_wconf 93' lang='lat' dir='ltr'>iu</span> <span class='ocrx_word' id='word_1_818' title='bbox 2492 5594 2557 5632; x_wconf 86' lang='lat' dir='ltr'>eo</span> <span class='ocrx_word' id='word_1_819' title='bbox 2596 5577 2841 5630; x_wconf 80' lang='lat' dir='ltr'><strong>exercitu</strong></span> <span class='ocrx_word' id='word_1_820' title='bbox 2904 5578 3043 5630; x_wconf 88' lang='lat' dir='ltr'><strong>forte</strong></span> <span class='ocrx_word' id='word_1_821' title='bbox 3098 5576 3201 5629; x_wconf 84' lang='lat' dir='ltr'><strong>fuit</strong></span> <span class='ocrx_word' id='word_1_822' title='bbox 3250 5573 3627 5629; x_wconf 89' lang='lat' dir='ltr'><strong>obtruncatur.</strong></span> 
     </span>
    </p>
   </div>
   <div class='ocr_carea' id='block_1_119' title="bbox 2065 5667 3631 5741">
    <p class='ocr_par' dir='ltr' id='par_1_119' title="bbox 2065 5667 3631 5741">
     <span class='ocr_line' id='line_1_119' title="bbox 2065 5667 3631 5741; baseline -0.006 -13"><span class='ocrx_word' id='word_1_823' title='bbox 2065 5672 2299 5741; x_wconf 77' lang='lat' dir='ltr'><strong>lteliqui,</strong></span> <span class='ocrx_word' id='word_1_824' title='bbox 2334 5671 2488 5740; x_wconf 88' lang='lat' dir='ltr'><strong>pauci</strong></span> <span class='ocrx_word' id='word_1_825' title='bbox 2517 5670 2805 5725; x_wconf 89' lang='lat' dir='ltr'><strong>admodum</strong></span> <span class='ocrx_word' id='word_1_826' title='bbox 2839 5669 2875 5723; x_wconf 90' lang='lat' dir='ltr'><strong>ii</strong></span> <span class='ocrx_word' id='word_1_827' title='bbox 2910 5677 3073 5739; x_wconf 87' lang='lat' dir='ltr'><strong>atque</strong></span> <span class='ocrx_word' id='word_1_828' title='bbox 3104 5667 3257 5735; x_wconf 81' lang='lat' dir='ltr'><strong>nudi,</strong></span> <span class='ocrx_word' id='word_1_829' title='bbox 3300 5680 3398 5737; x_wconf 85' lang='lat' dir='ltr'>per</span> <span class='ocrx_word' id='word_1_830' title='bbox 3419 5673 3631 5720; x_wconf 87' lang='lat' dir='ltr'><strong>montes</strong></span> 
     </span>
    </p>
   </div>
   <div class='ocr_carea' id='block_1_120' title="bbox 2067 5764 3015 5821">
    <p class='ocr_par' dir='ltr' id='par_1_120' title="bbox 2067 5764 3015 5821">
     <span class='ocr_line' id='line_1_120' title="bbox 2067 5764 3015 5821; baseline -0.005 0"><span class='ocrx_word' id='word_1_831' title='bbox 2067 5771 2118 5821; x_wconf 89' lang='lat' dir='ltr'>in</span> <span class='ocrx_word' id='word_1_832' title='bbox 2156 5766 2544 5821; x_wconf 65' lang='lat' dir='ltr'><strong>l‘ct&#39;sarmeuize</strong></span> <span class='ocrx_word' id='word_1_833' title='bbox 2570 5766 2732 5819; x_wconf 81' lang='lat' dir='ltr'><strong>urbes</strong></span> <span class='ocrx_word' id='word_1_834' title='bbox 2758 5764 3015 5818; x_wconf 83' lang='lat' dir='ltr'><strong>evadunt.</strong></span> 
     </span>
    </p>
   </div>
   <div class='ocr_carea' id='block_1_121' title="bbox 2772 5852 3630 5924">
    <p class='ocr_par' dir='ltr' id='par_1_121' title="bbox 2772 5852 3630 5924">
     <span class='ocr_line' id='line_1_121' title="bbox 2772 5852 3630 5924; baseline -0.006 -16"><span class='ocrx_word' id='word_1_835' title='bbox 2772 5858 2964 5911; x_wconf 76' lang='grc' dir='ltr'>Ηίπτει</span> <span class='ocrx_word' id='word_1_836' title='bbox 3007 5855 3105 5924; x_wconf 81' lang='grc' dir='ltr'>μὲν</span> <span class='ocrx_word' id='word_1_837' title='bbox 3150 5852 3241 5908; x_wconf 77' lang='grc' dir='ltr'>οὖν</span> <span class='ocrx_word' id='word_1_838' title='bbox 3303 5856 3512 5918; x_wconf 65' lang='grc' dir='ltr'>πρῶτος</span> <span class='ocrx_word' id='word_1_839' title='bbox 3604 5863 3630 5903; x_wconf 85' lang='grc' dir='ltr'>ο</span> 
     </span>
    </p>
   </div>
  </div>
