  <div class='ocr_page' id='page_1' title='image "/cluster/home/n/w/nwhite01/storage/ocr_20150623/122/nnc1.0046979611/163.png"; bbox 0 0 4410 6442; ppageno 0'>
   <div class='ocr_carea' id='block_1_1' title="bbox 745 397 843 458">
    <p class='ocr_par' dir='ltr' id='par_1_1' title="bbox 745 397 843 458">
     <span class='ocr_line' id='line_1_1' title="bbox 745 397 843 458; baseline 0.031 -4"><span class='ocrx_word' id='word_1_1' title='bbox 745 397 843 458; x_wconf 71' lang='grc' dir='ltr'><strong>ἷεῦῖ</strong></span> 
     </span>
    </p>
   </div>
   <div class='ocr_carea' id='block_1_2' title="bbox 1994 409 2686 468">
    <p class='ocr_par' dir='ltr' id='par_1_2' title="bbox 1994 409 2686 468">
     <span class='ocr_line' id='line_1_2' title="bbox 1994 409 2686 468; baseline 0.001 -2"><span class='ocrx_word' id='word_1_2' title='bbox 1994 409 2315 467; x_wconf 67' lang='grc' dir='ltr'>ωεωωη</span> <span class='ocrx_word' id='word_1_3' title='bbox 2355 411 2686 468; x_wconf 69' lang='lat' dir='ltr'><strong>GEDMENI</strong></span> 
     </span>
    </p>
   </div>
   <div class='ocr_carea' id='block_1_3' title="bbox 3886 406 3992 468">
    <p class='ocr_par' dir='ltr' id='par_1_3' title="bbox 3886 406 3992 468">
     <span class='ocr_line' id='line_1_3' title="bbox 3886 406 3992 468; baseline 0 0"><span class='ocrx_word' id='word_1_4' title='bbox 3886 406 3992 468; x_wconf 86' lang='lat'><strong>308</strong></span> 
     </span>
    </p>
   </div>
   <div class='ocr_carea' id='block_1_4' title="bbox 753 516 4000 594">
    <p class='ocr_par' dir='ltr' id='par_1_4' title="bbox 753 516 4000 594">
     <span class='ocr_line' id='line_1_4' title="bbox 753 516 4000 594; baseline 0 -22"><span class='ocrx_word' id='word_1_5' title='bbox 753 516 914 567; x_wconf 70' lang='grc' dir='ltr'>Ἀσᾶίν</span> <span class='ocrx_word' id='word_1_6' title='bbox 933 518 989 567; x_wconf 79' lang='grc' dir='ltr'><strong>ἐν</strong></span> <span class='ocrx_word' id='word_1_7' title='bbox 1030 522 1135 580; x_wconf 81' lang='grc' dir='ltr'>τοῖς</span> <span class='ocrx_word' id='word_1_8' title='bbox 1164 517 1398 585; x_wconf 75' lang='grc' dir='ltr'><strong>πρώτοις</strong></span> <span class='ocrx_word' id='word_1_9' title='bbox 1432 522 1852 592; x_wconf 69' lang='grc' dir='ltr'><strong>ἀγωνιζόμενος,</strong></span> <span class='ocrx_word' id='word_1_10' title='bbox 1889 526 2073 577; x_wconf 85' lang='grc' dir='ltr'>πίπτει</span> <span class='ocrx_word' id='word_1_11' title='bbox 2109 526 2166 578; x_wconf 82' lang='grc' dir='ltr'>δὲ</span> <span class='ocrx_word' id='word_1_12' title='bbox 2218 526 2312 576; x_wconf 64' lang='grc' dir='ltr'><strong>καὶ</strong></span> <span class='ocrx_word' id='word_1_13' title='bbox 2351 527 2474 578; x_wconf 77' lang='grc' dir='ltr'>ὅσον</span> <span class='ocrx_word' id='word_1_14' title='bbox 2505 527 2736 594; x_wconf 76' lang='grc' dir='ltr'><strong>ἄλκιμον</strong></span> <span class='ocrx_word' id='word_1_15' title='bbox 2776 526 2868 578; x_wconf 79' lang='grc' dir='ltr'>τοῦ</span> <span class='ocrx_word' id='word_1_16' title='bbox 2903 525 3158 594; x_wconf 79' lang='grc' dir='ltr'>στρατοῦ.</span> <span class='ocrx_word' id='word_1_17' title='bbox 3198 527 3260 576; x_wconf 79' lang='grc' dir='ltr'><strong>Οἱ</strong></span> <span class='ocrx_word' id='word_1_18' title='bbox 3300 524 3354 575; x_wconf 84' lang='grc' dir='ltr'><strong>ὂέ</strong></span> <span class='ocrx_word' id='word_1_19' title='bbox 3421 523 3814 592; x_wconf 79' lang='grc' dir='ltr'>περισωθέντες</span> <span class='ocrx_word' id='word_1_20' title='bbox 3878 520 4000 573; x_wconf 81' lang='grc' dir='ltr'>λίαν</span> 
     </span>
    </p>
   </div>
   <div class='ocr_carea' id='block_1_5' title="bbox 740 606 3080 685">
    <p class='ocr_par' dir='ltr' id='par_1_5' title="bbox 740 606 3080 685">
     <span class='ocr_line' id='line_1_5' title="bbox 740 606 3080 685; baseline 0.004 -28"><span class='ocrx_word' id='word_1_21' title='bbox 740 606 910 670; x_wconf 78' lang='grc' dir='ltr'><strong>ὀλίγοι</strong></span> <span class='ocrx_word' id='word_1_22' title='bbox 949 611 1041 660; x_wconf 69' lang='grc' dir='ltr'>καὶ</span> <span class='ocrx_word' id='word_1_23' title='bbox 1067 611 1262 678; x_wconf 79' lang='grc' dir='ltr'>γυμνοὶ</span> <span class='ocrx_word' id='word_1_24' title='bbox 1282 612 1369 664; x_wconf 74' lang='grc' dir='ltr'><strong>διὰ</strong></span> <span class='ocrx_word' id='word_1_25' title='bbox 1400 613 1508 665; x_wconf 86' lang='grc' dir='ltr'>τῶν</span> <span class='ocrx_word' id='word_1_26' title='bbox 1530 615 1702 682; x_wconf 80' lang='grc' dir='ltr'>ὁρέων</span> <span class='ocrx_word' id='word_1_27' title='bbox 1729 617 1784 675; x_wconf 85' lang='grc' dir='ltr'><strong>ἐς</strong></span> <span class='ocrx_word' id='word_1_28' title='bbox 1806 619 1902 678; x_wconf 65' lang='grc' dir='ltr'><strong>τὰς</strong></span> <span class='ocrx_word' id='word_1_29' title='bbox 1923 616 2030 668; x_wconf 85' lang='grc' dir='ltr'><strong>τῶν</strong></span> <span class='ocrx_word' id='word_1_30' title='bbox 2057 615 2481 685; x_wconf 80' lang='grc' dir='ltr'>ῐιερσαρμενίων</span> <span class='ocrx_word' id='word_1_31' title='bbox 2503 617 2856 680; x_wconf 67' lang='grc' dir='ltr'><strong>διασώζονται</strong></span> <span class='ocrx_word' id='word_1_32' title='bbox 2881 616 3080 676; x_wconf 84' lang='grc' dir='ltr'>πόλεις.</span> 
     </span>
    </p>
   </div>
   <div class='ocr_carea' id='block_1_6' title="bbox 813 699 2394 772">
    <p class='ocr_par' dir='ltr' id='par_1_6' title="bbox 813 699 2394 772">
     <span class='ocr_line' id='line_1_6' title="bbox 813 699 2394 772; baseline 0.009 -22"><span class='ocrx_word' id='word_1_33' title='bbox 813 699 896 751; x_wconf 81' lang='lat' dir='ltr'><strong>Ab</strong></span> <span class='ocrx_word' id='word_1_34' title='bbox 957 699 1042 753; x_wconf 85' lang='lat' dir='ltr'><strong>his</strong></span> <span class='ocrx_word' id='word_1_35' title='bbox 1097 700 1164 752; x_wconf 91' lang='lat' dir='ltr'><strong>de</strong></span> <span class='ocrx_word' id='word_1_36' title='bbox 1215 713 1437 772; x_wconf 86' lang='lat' dir='ltr'><strong>accepta</strong></span> <span class='ocrx_word' id='word_1_37' title='bbox 1502 706 1656 760; x_wconf 88' lang='lat' dir='ltr'><strong>cla.le</strong></span> <span class='ocrx_word' id='word_1_38' title='bbox 1706 707 1934 762; x_wconf 87' lang='lat' dir='ltr'><strong>edoctus</strong></span> <span class='ocrx_word' id='word_1_39' title='bbox 1975 709 2228 763; x_wconf 83' lang='lat' dir='ltr'><strong>sultanus</strong></span> <span class='ocrx_word' id='word_1_40' title='bbox 2263 708 2318 760; x_wconf 89' lang='lat' dir='ltr'><strong>in</strong></span> <span class='ocrx_word' id='word_1_41' title='bbox 2351 713 2394 765; x_wconf 74' lang='grc' dir='ltr'><strong>Α</strong></span> 
     </span>
    </p>
   </div>
   <div class='ocr_carea' id='block_1_7' title="bbox 750 791 2327 860">
    <p class='ocr_par' dir='ltr' id='par_1_7' title="bbox 750 791 2327 860">
     <span class='ocr_line' id='line_1_7' title="bbox 750 791 2327 860; baseline 0.006 -18"><span class='ocrx_word' id='word_1_42' title='bbox 750 806 998 860; x_wconf 81' lang='lat' dir='ltr'><strong>magnam</strong></span> <span class='ocrx_word' id='word_1_43' title='bbox 1057 791 1271 846; x_wconf 87' lang='lat' dir='ltr'><strong>devenit</strong></span> <span class='ocrx_word' id='word_1_44' title='bbox 1322 795 1769 851; x_wconf 83' lang='lat' dir='ltr'><strong>sollicitudinem.</strong></span> <span class='ocrx_word' id='word_1_45' title='bbox 1832 798 1899 853; x_wconf 88' lang='lat' dir='ltr'><strong>Ut</strong></span> <span class='ocrx_word' id='word_1_46' title='bbox 1946 812 2126 854; x_wconf 85' lang='lat' dir='ltr'><strong>autem</strong></span> <span class='ocrx_word' id='word_1_47' title='bbox 2188 802 2327 853; x_wconf 86' lang='lat' dir='ltr'><strong>bane</strong></span> 
     </span>
    </p>
   </div>
   <div class='ocr_carea' id='block_1_8' title="bbox 747 883 2327 953">
    <p class='ocr_par' dir='ltr' id='par_1_8' title="bbox 747 883 2327 953">
     <span class='ocr_line' id='line_1_8' title="bbox 747 883 2327 953; baseline 0.006 -18"><span class='ocrx_word' id='word_1_48' title='bbox 747 883 1111 937; x_wconf 84' lang='lat' dir='ltr'><strong>calamitatem</strong></span> <span class='ocrx_word' id='word_1_49' title='bbox 1146 887 1455 953; x_wconf 88' lang='lat' dir='ltr'><strong>resarciret,</strong></span> <span class='ocrx_word' id='word_1_50' title='bbox 1477 904 1505 943; x_wconf 91' lang='lat' dir='ltr'><strong>e</strong></span> <span class='ocrx_word' id='word_1_51' title='bbox 1540 887 1758 950; x_wconf 85' lang='lat' dir='ltr'><strong>Turcis,</strong></span> <span class='ocrx_word' id='word_1_52' title='bbox 1788 892 2016 946; x_wconf 70' lang='lat' dir='ltr'><strong>(laberis</strong></span> <span class='ocrx_word' id='word_1_53' title='bbox 2049 901 2101 946; x_wconf 89' lang='lat' dir='ltr'><strong>et</strong></span> <span class='ocrx_word' id='word_1_54' title='bbox 2125 891 2327 945; x_wconf 87' lang='lat' dir='ltr'><strong>Limni-</strong></span> 
     </span>
    </p>
   </div>
   <div class='ocr_carea' id='block_1_9' title="bbox 747 973 2330 1054">
    <p class='ocr_par' dir='ltr' id='par_1_9' title="bbox 747 973 2330 1054">
     <span class='ocr_line' id='line_1_9' title="bbox 747 973 2330 1054; baseline 0.007 -27"><span class='ocrx_word' id='word_1_55' title='bbox 747 974 821 1028; x_wconf 89' lang='lat' dir='ltr'><strong>tis</strong></span> <span class='ocrx_word' id='word_1_56' title='bbox 846 973 1115 1030; x_wconf 89' lang='lat' dir='ltr'><strong>delectum</strong></span> <span class='ocrx_word' id='word_1_57' title='bbox 1146 979 1442 1032; x_wconf 82' lang='lat' dir='ltr'><strong>exercitum</strong></span> <span class='ocrx_word' id='word_1_58' title='bbox 1472 981 1538 1033; x_wconf 86' lang='lat' dir='ltr'><strong>ad</strong></span> <span class='ocrx_word' id='word_1_59' title='bbox 1569 982 1776 1035; x_wconf 80' lang='lat' dir='ltr'><strong>lOOUOU</strong></span> <span class='ocrx_word' id='word_1_60' title='bbox 1802 985 2330 1054; x_wconf 84' lang='lat' dir='ltr'><strong>conducit,eumque</strong></span> 
     </span>
    </p>
   </div>
   <div class='ocr_carea' id='block_1_10' title="bbox 749 1067 2326 1144">
    <p class='ocr_par' dir='ltr' id='par_1_10' title="bbox 749 1067 2326 1144">
     <span class='ocr_line' id='line_1_10' title="bbox 749 1067 2326 1144; baseline 0.005 -24"><span class='ocrx_word' id='word_1_61' title='bbox 749 1067 890 1121; x_wconf 91' lang='lat' dir='ltr'><strong>duce</strong></span> <span class='ocrx_word' id='word_1_62' title='bbox 923 1069 1183 1123; x_wconf 86' lang='lat' dir='ltr'><strong>Abramio</strong></span> <span class='ocrx_word' id='word_1_63' title='bbox 1219 1071 1417 1132; x_wconf 79' lang='lat' dir='ltr'><strong>Alimo,</strong></span> <span class='ocrx_word' id='word_1_64' title='bbox 1452 1073 1618 1128; x_wconf 76' lang='lat' dir='ltr'><strong>fratre</strong></span> <span class='ocrx_word' id='word_1_65' title='bbox 1643 1090 1706 1128; x_wconf 79' lang='lat' dir='ltr'><strong>ex</strong></span> <span class='ocrx_word' id='word_1_66' title='bbox 1732 1077 1904 1128; x_wconf 89' lang='lat' dir='ltr'><strong>altero</strong></span> <span class='ocrx_word' id='word_1_67' title='bbox 1936 1085 2158 1144; x_wconf 87' lang='lat' dir='ltr'><strong>parente</strong></span> <span class='ocrx_word' id='word_1_68' title='bbox 2206 1092 2326 1142; x_wconf 90' lang='lat' dir='ltr'><strong>suo,</strong></span> 
     </span>
    </p>
   </div>
   <div class='ocr_carea' id='block_1_11' title="bbox 750 1159 2328 1222">
    <p class='ocr_par' dir='ltr' id='par_1_11' title="bbox 750 1159 2328 1222">
     <span class='ocr_line' id='line_1_11' title="bbox 750 1159 2328 1222; baseline 0.004 -6"><span class='ocrx_word' id='word_1_69' title='bbox 750 1171 942 1216; x_wconf 72' lang='lat' dir='ltr'><strong>contra</strong></span> <span class='ocrx_word' id='word_1_70' title='bbox 977 1159 1252 1217; x_wconf 77' lang='lat' dir='ltr'><strong>Romanos</strong></span> <span class='ocrx_word' id='word_1_71' title='bbox 1294 1164 1480 1216; x_wconf 88' lang='lat' dir='ltr'><strong>mittit.</strong></span> <span class='ocrx_word' id='word_1_72' title='bbox 1512 1164 1768 1219; x_wconf 77' lang='lat' dir='ltr'><strong>Nuntiato</strong></span> <span class='ocrx_word' id='word_1_73' title='bbox 1831 1166 2189 1221; x_wconf 87' lang='lat' dir='ltr'><strong>barbarorum</strong></span> <span class='ocrx_word' id='word_1_74' title='bbox 2233 1168 2328 1222; x_wconf 86' lang='lat' dir='ltr'><strong>ad-</strong></span> 
     </span>
    </p>
   </div>
   <div class='ocr_carea' id='block_1_12' title="bbox 768 1253 2336 1317">
    <p class='ocr_par' dir='ltr' id='par_1_12' title="bbox 768 1253 2336 1317">
     <span class='ocr_line' id='line_1_12' title="bbox 768 1253 2336 1317; baseline 0.006 -13"><span class='ocrx_word' id='word_1_75' title='bbox 768 1262 945 1317; x_wconf 63' lang='lat' dir='ltr'><strong>uentu,</strong></span> <span class='ocrx_word' id='word_1_76' title='bbox 977 1253 1157 1307; x_wconf 75' lang='lat' dir='ltr'><strong>Aaron</strong></span> <span class='ocrx_word' id='word_1_77' title='bbox 1203 1264 1258 1308; x_wconf 89' lang='lat' dir='ltr'><strong>et</strong></span> <span class='ocrx_word' id='word_1_78' title='bbox 1295 1255 1598 1311; x_wconf 77' lang='lat' dir='ltr'><strong>Ambustus</strong></span> <span class='ocrx_word' id='word_1_79' title='bbox 1630 1259 1800 1312; x_wconf 88' lang='lat' dir='ltr'><strong>unitis</strong></span> <span class='ocrx_word' id='word_1_80' title='bbox 1837 1275 2049 1312; x_wconf 78' lang='lat' dir='ltr'><strong>rursum</strong></span> <span class='ocrx_word' id='word_1_81' title='bbox 2083 1260 2336 1313; x_wconf 81' lang='lat' dir='ltr'><strong>exerciti-</strong></span> 
     </span>
    </p>
   </div>
   <div class='ocr_carea' id='block_1_13' title="bbox 755 1333 2335 1415">
    <p class='ocr_par' dir='ltr' id='par_1_13' title="bbox 755 1333 2335 1415">
     <span class='ocr_line' id='line_1_13' title="bbox 755 1333 2335 1415; baseline 0.005 -20"><span class='ocrx_word' id='word_1_82' title='bbox 755 1342 858 1396; x_wconf 87' lang='lat' dir='ltr'><strong>bus</strong></span> <span class='ocrx_word' id='word_1_83' title='bbox 890 1333 1026 1411; x_wconf 86' lang='lat' dir='ltr'><strong>quid</strong></span> <span class='ocrx_word' id='word_1_84' title='bbox 1069 1347 1338 1415; x_wconf 78' lang='lat' dir='ltr'><strong>agendum</strong></span> <span class='ocrx_word' id='word_1_85' title='bbox 1376 1350 1449 1402; x_wconf 87' lang='lat' dir='ltr'><strong>sit</strong></span> <span class='ocrx_word' id='word_1_86' title='bbox 1487 1349 1828 1406; x_wconf 73' lang='lat' dir='ltr'><strong>consultant.</strong></span> <span class='ocrx_word' id='word_1_87' title='bbox 1865 1351 2144 1404; x_wconf 92' lang='lat' dir='ltr'><strong>Sententia</strong></span> <span class='ocrx_word' id='word_1_88' title='bbox 2175 1349 2335 1403; x_wconf 82' lang='lat' dir='ltr'><strong>Cata-</strong></span> 
     </span>
    </p>
   </div>
   <div class='ocr_carea' id='block_1_14' title="bbox 759 1435 2334 1506">
    <p class='ocr_par' dir='ltr' id='par_1_14' title="bbox 759 1435 2334 1506">
     <span class='ocr_line' id='line_1_14' title="bbox 759 1435 2334 1506; baseline 0.006 -18"><span class='ocrx_word' id='word_1_89' title='bbox 759 1435 969 1489; x_wconf 82' lang='lat' dir='ltr'><strong>ealonis</strong></span> <span class='ocrx_word' id='word_1_90' title='bbox 994 1449 1107 1490; x_wconf 80' lang='lat' dir='ltr'><strong>erat</strong></span> <span class='ocrx_word' id='word_1_91' title='bbox 1141 1453 1262 1490; x_wconf 87' lang='lat' dir='ltr'><strong>cum</strong></span> <span class='ocrx_word' id='word_1_92' title='bbox 1295 1439 1656 1506; x_wconf 61' lang='lat' dir='ltr'><strong>praesentibus</strong></span> <span class='ocrx_word' id='word_1_93' title='bbox 1694 1440 2095 1494; x_wconf 82' lang='lat' dir='ltr'><strong>occurrendum</strong></span> <span class='ocrx_word' id='word_1_94' title='bbox 2139 1440 2334 1497; x_wconf 79' lang='lat' dir='ltr'><strong>Turcis</strong></span> 
     </span>
    </p>
   </div>
   <div class='ocr_carea' id='block_1_15' title="bbox 755 1524 2331 1598">
    <p class='ocr_par' dir='ltr' id='par_1_15' title="bbox 755 1524 2331 1598">
     <span class='ocr_line' id='line_1_15' title="bbox 755 1524 2331 1598; baseline 0.006 -23"><span class='ocrx_word' id='word_1_95' title='bbox 755 1541 878 1579; x_wconf 68' lang='lat' dir='ltr'><strong>esse</strong></span> <span class='ocrx_word' id='word_1_96' title='bbox 902 1536 1054 1578; x_wconf 90' lang='lat' dir='ltr'><strong>extra</strong></span> <span class='ocrx_word' id='word_1_97' title='bbox 1080 1524 1358 1583; x_wconf 81' lang='lat' dir='ltr'><strong>Romanos</strong></span> <span class='ocrx_word' id='word_1_98' title='bbox 1382 1528 1536 1589; x_wconf 89' lang='lat' dir='ltr'><strong>lines,</strong></span> <span class='ocrx_word' id='word_1_99' title='bbox 1559 1531 1739 1598; x_wconf 84' lang='lat' dir='ltr'><strong>ibique</strong></span> <span class='ocrx_word' id='word_1_100' title='bbox 1763 1531 2178 1596; x_wconf 84' lang='lat' dir='ltr'><strong>decertandum,</strong></span> <span class='ocrx_word' id='word_1_101' title='bbox 2209 1549 2331 1586; x_wconf 90' lang='lat' dir='ltr'><strong>cum</strong></span> 
     </span>
    </p>
   </div>
   <div class='ocr_carea' id='block_1_16' title="bbox 761 1612 2334 1692">
    <p class='ocr_par' dir='ltr' id='par_1_16' title="bbox 761 1612 2334 1692">
     <span class='ocr_line' id='line_1_16' title="bbox 761 1612 2334 1692; baseline 0.01 -30"><span class='ocrx_word' id='word_1_102' title='bbox 761 1612 939 1666; x_wconf 83' lang='lat' dir='ltr'><strong>adhuc</strong></span> <span class='ocrx_word' id='word_1_103' title='bbox 971 1613 1146 1682; x_wconf 85' lang='lat' dir='ltr'><strong>major</strong></span> <span class='ocrx_word' id='word_1_104' title='bbox 1179 1617 1414 1671; x_wconf 83' lang='lat' dir='ltr'><strong>hostium</strong></span> <span class='ocrx_word' id='word_1_105' title='bbox 1449 1635 1579 1686; x_wconf 87' lang='lat' dir='ltr'><strong>pars</strong></span> <span class='ocrx_word' id='word_1_106' title='bbox 1606 1621 1760 1689; x_wconf 86' lang='lat' dir='ltr'><strong>equis</strong></span> <span class='ocrx_word' id='word_1_107' title='bbox 1792 1632 2021 1687; x_wconf 76' lang='lat' dir='ltr'><strong>careret,</strong></span> <span class='ocrx_word' id='word_1_108' title='bbox 2057 1637 2108 1677; x_wconf 91' lang='lat' dir='ltr'><strong>et</strong></span> <span class='ocrx_word' id='word_1_109' title='bbox 2140 1624 2334 1692; x_wconf 80' lang='lat' dir='ltr'><strong>reliqui</strong></span> 
     </span>
    </p>
   </div>
   <div class='ocr_carea' id='block_1_17' title="bbox 761 1703 2337 1782">
    <p class='ocr_par' dir='ltr' id='par_1_17' title="bbox 761 1703 2337 1782">
     <span class='ocr_line' id='line_1_17' title="bbox 761 1703 2337 1782; baseline 0.01 -29"><span class='ocrx_word' id='word_1_110' title='bbox 761 1703 922 1755; x_wconf 73' lang='lat' dir='ltr'><strong>etiam</strong></span> <span class='ocrx_word' id='word_1_111' title='bbox 977 1705 1138 1774; x_wconf 77' lang='lat' dir='ltr'><strong>longo</strong></span> <span class='ocrx_word' id='word_1_112' title='bbox 1189 1707 1381 1762; x_wconf 90' lang='lat' dir='ltr'><strong>itinere</strong></span> <span class='ocrx_word' id='word_1_113' title='bbox 1439 1722 1626 1765; x_wconf 82' lang='lat' dir='ltr'><strong>essent</strong></span> <span class='ocrx_word' id='word_1_114' title='bbox 1688 1712 2002 1782; x_wconf 79' lang='lat' dir='ltr'><strong>defatigati,</strong></span> <span class='ocrx_word' id='word_1_115' title='bbox 2066 1714 2337 1782; x_wconf 86' lang='lat' dir='ltr'><strong>soleisque</strong></span> 
     </span>
    </p>
   </div>
   <div class='ocr_carea' id='block_1_18' title="bbox 763 1796 2336 1872">
    <p class='ocr_par' dir='ltr' id='par_1_18' title="bbox 763 1796 2336 1872">
     <span class='ocr_line' id='line_1_18' title="bbox 763 1796 2336 1872; baseline 0.006 -25"><span class='ocrx_word' id='word_1_116' title='bbox 763 1797 956 1848; x_wconf 78' lang='lat' dir='ltr'><strong>ferreis</strong></span> <span class='ocrx_word' id='word_1_117' title='bbox 1011 1796 1172 1851; x_wconf 88' lang='lat' dir='ltr'><strong>Turei</strong></span> <span class='ocrx_word' id='word_1_118' title='bbox 1224 1811 1475 1855; x_wconf 83' lang='lat' dir='ltr'><strong>carerent</strong></span> <span class='ocrx_word' id='word_1_119' title='bbox 1524 1802 1724 1870; x_wconf 84' lang='lat' dir='ltr'><strong>quibus</strong></span> <span class='ocrx_word' id='word_1_120' title='bbox 1771 1806 1988 1872; x_wconf 65' lang='lat' dir='ltr'><strong>ungula:</strong></span> <span class='ocrx_word' id='word_1_121' title='bbox 2030 1814 2336 1868; x_wconf 80' lang='lat' dir='ltr'><strong>armantur,</strong></span> 
     </span>
    </p>
   </div>
   <div class='ocr_carea' id='block_1_19' title="bbox 765 1885 2337 1961">
    <p class='ocr_par' dir='ltr' id='par_1_19' title="bbox 765 1885 2337 1961">
     <span class='ocr_line' id='line_1_19' title="bbox 765 1885 2337 1961; baseline 0.008 -24"><span class='ocrx_word' id='word_1_122' title='bbox 765 1885 997 1940; x_wconf 73' lang='lat' dir='ltr'><strong>Romani</strong></span> <span class='ocrx_word' id='word_1_123' title='bbox 1035 1898 1213 1943; x_wconf 89' lang='lat' dir='ltr'><strong>autem</strong></span> <span class='ocrx_word' id='word_1_124' title='bbox 1241 1893 1444 1944; x_wconf 85' lang='lat' dir='ltr'><strong>recenti</strong></span> <span class='ocrx_word' id='word_1_125' title='bbox 1480 1894 1707 1946; x_wconf 81' lang='lat' dir='ltr'><strong>victoria</strong></span> <span class='ocrx_word' id='word_1_126' title='bbox 1737 1894 1861 1947; x_wconf 86' lang='lat' dir='ltr'><strong>elati</strong></span> <span class='ocrx_word' id='word_1_127' title='bbox 1891 1897 2101 1951; x_wconf 76' lang='lat' dir='ltr'><strong>alacres</strong></span> <span class='ocrx_word' id='word_1_128' title='bbox 2131 1908 2337 1961; x_wconf 87' lang='lat' dir='ltr'><strong>essent,</strong></span> 
     </span>
    </p>
   </div>
   <div class='ocr_carea' id='block_1_20' title="bbox 764 1983 2340 2056">
    <p class='ocr_par' dir='ltr' id='par_1_20' title="bbox 764 1983 2340 2056">
     <span class='ocr_line' id='line_1_20' title="bbox 764 1983 2340 2056; baseline 0.01 -29"><span class='ocrx_word' id='word_1_129' title='bbox 764 1993 1111 2048; x_wconf 80' lang='lat' dir='ltr'><strong>pugnamque</strong></span> <span class='ocrx_word' id='word_1_130' title='bbox 1137 1991 1475 2050; x_wconf 82' lang='lat' dir='ltr'><strong>expeterent.</strong></span> <span class='ocrx_word' id='word_1_131' title='bbox 1510 1983 1708 2039; x_wconf 88' lang='lat' dir='ltr'><strong>Contra</strong></span> <span class='ocrx_word' id='word_1_132' title='bbox 1739 1987 1918 2040; x_wconf 82' lang='lat' dir='ltr'><strong>Aaron</strong></span> <span class='ocrx_word' id='word_1_133' title='bbox 1953 1989 2340 2056; x_wconf 86' lang='lat' dir='ltr'><strong>pronuntiabat</strong></span> 
     </span>
    </p>
   </div>
   <div class='ocr_carea' id='block_1_21' title="bbox 766 2073 2340 2147">
    <p class='ocr_par' dir='ltr' id='par_1_21' title="bbox 766 2073 2340 2147">
     <span class='ocr_line' id='line_1_21' title="bbox 766 2073 2340 2147; baseline 0.009 -27"><span class='ocrx_word' id='word_1_134' title='bbox 766 2073 1155 2126; x_wconf 63' lang='lat' dir='ltr'><strong>continendum</strong></span> <span class='ocrx_word' id='word_1_135' title='bbox 1204 2077 1537 2142; x_wconf 69' lang='lat' dir='ltr'><strong>exercitum,</strong></span> <span class='ocrx_word' id='word_1_136' title='bbox 1579 2079 1848 2147; x_wconf 79' lang='lat' dir='ltr'><strong>urbesque.</strong></span> <span class='ocrx_word' id='word_1_137' title='bbox 1883 2089 1936 2132; x_wconf 94' lang='lat' dir='ltr'><strong>et</strong></span> <span class='ocrx_word' id='word_1_138' title='bbox 1977 2082 2196 2134; x_wconf 87' lang='lat' dir='ltr'><strong>castella</strong></span> <span class='ocrx_word' id='word_1_139' title='bbox 2224 2098 2340 2134; x_wconf 81' lang='lat' dir='ltr'><strong>mll-</strong></span> 
     </span>
    </p>
   </div>
   <div class='ocr_carea' id='block_1_22' title="bbox 766 2163 2342 2233">
    <p class='ocr_par' dir='ltr' id='par_1_22' title="bbox 766 2163 2342 2233">
     <span class='ocr_line' id='line_1_22' title="bbox 766 2163 2342 2233; baseline 0.009 -19"><span class='ocrx_word' id='word_1_140' title='bbox 766 2163 1025 2215; x_wconf 84' lang='lat' dir='ltr'><strong>nieudum</strong></span> <span class='ocrx_word' id='word_1_141' title='bbox 1063 2174 1226 2233; x_wconf 85' lang='lat' dir='ltr'><strong>atque</strong></span> <span class='ocrx_word' id='word_1_142' title='bbox 1264 2167 1446 2220; x_wconf 84' lang='lat' dir='ltr'><strong>omnia</strong></span> <span class='ocrx_word' id='word_1_143' title='bbox 1476 2170 1651 2222; x_wconf 89' lang='lat' dir='ltr'><strong>muris</strong></span> <span class='ocrx_word' id='word_1_144' title='bbox 1683 2171 2071 2225; x_wconf 85' lang='lat' dir='ltr'><strong>includcndum</strong></span> <span class='ocrx_word' id='word_1_145' title='bbox 2117 2189 2132 2225; x_wconf 88' lang='lat'><strong>:</strong></span> <span class='ocrx_word' id='word_1_146' title='bbox 2185 2173 2251 2228; x_wconf 86' lang='lat' dir='ltr'><strong>dc</strong></span> <span class='ocrx_word' id='word_1_147' title='bbox 2285 2189 2342 2228; x_wconf 89' lang='lat' dir='ltr'><strong>re</strong></span> 
     </span>
    </p>
   </div>
   <div class='ocr_carea' id='block_1_23' title="bbox 766 2251 2342 2330">
    <p class='ocr_par' dir='ltr' id='par_1_23' title="bbox 766 2251 2342 2330">
     <span class='ocr_line' id='line_1_23' title="bbox 766 2251 2342 2330; baseline 0.01 -27"><span class='ocrx_word' id='word_1_148' title='bbox 766 2254 833 2304; x_wconf 74' lang='lat' dir='ltr'><strong>:ul</strong></span> <span class='ocrx_word' id='word_1_149' title='bbox 1105 2259 1487 2324; x_wconf 81' lang='lat' dir='ltr'><strong>imperatorem</strong></span> <span class='ocrx_word' id='word_1_150' title='bbox 1549 2259 1931 2318; x_wconf 75' lang='lat' dir='ltr'><strong>referendum,</strong></span> <span class='ocrx_word' id='word_1_151' title='bbox 2002 2279 2174 2330; x_wconf 84' lang='lat' dir='ltr'><strong>neque</strong></span> <span class='ocrx_word' id='word_1_152' title='bbox 2223 2264 2342 2328; x_wconf 85' lang='lat' dir='ltr'><strong>ejus</strong></span> 
     </span>
    </p>
   </div>
   <div class='ocr_carea' id='block_1_24' title="bbox 767 2344 2343 2423">
    <p class='ocr_par' dir='ltr' id='par_1_24' title="bbox 767 2344 2343 2423">
     <span class='ocr_line' id='line_1_24' title="bbox 767 2344 2343 2423; baseline 0.008 -28"><span class='ocrx_word' id='word_1_153' title='bbox 767 2344 982 2412; x_wconf 77' lang='lat' dir='ltr'><strong>Iujussu</strong></span> <span class='ocrx_word' id='word_1_154' title='bbox 1033 2358 1220 2402; x_wconf 87' lang='lat' dir='ltr'><strong>contra</strong></span> <span class='ocrx_word' id='word_1_155' title='bbox 1263 2357 1466 2402; x_wconf 83' lang='lat' dir='ltr'><strong>tantam</strong></span> <span class='ocrx_word' id='word_1_156' title='bbox 1522 2352 1931 2406; x_wconf 67' lang='lat' dir='ltr'><strong>multitudinem</strong></span> <span class='ocrx_word' id='word_1_157' title='bbox 1987 2364 2093 2407; x_wconf 90' lang='lat' dir='ltr'><strong>tam</strong></span> <span class='ocrx_word' id='word_1_158' title='bbox 2161 2357 2343 2423; x_wconf 83' lang='lat' dir='ltr'><strong>parvis</strong></span> 
     </span>
    </p>
   </div>
   <div class='ocr_carea' id='block_1_25' title="bbox 768 2437 2344 2516">
    <p class='ocr_par' dir='ltr' id='par_1_25' title="bbox 768 2437 2344 2516">
     <span class='ocr_line' id='line_1_25' title="bbox 768 2437 2344 2516; baseline 0.009 -28"><span class='ocrx_word' id='word_1_159' title='bbox 768 2437 945 2504; x_wconf 78' lang='lat' dir='ltr'><strong>copiis</strong></span> <span class='ocrx_word' id='word_1_160' title='bbox 969 2437 1363 2494; x_wconf 81' lang='lat' dir='ltr'><strong>dimiramlum.</strong></span> <span class='ocrx_word' id='word_1_161' title='bbox 1407 2442 1528 2495; x_wconf 65' lang='lat' dir='ltr'><strong>Ilaec</strong></span> <span class='ocrx_word' id='word_1_162' title='bbox 1562 2447 1829 2499; x_wconf 81' lang='lat' dir='ltr'><strong>sententia</strong></span> <span class='ocrx_word' id='word_1_163' title='bbox 1864 2445 2015 2500; x_wconf 85' lang='lat' dir='ltr'><strong>vicit.</strong></span> <span class='ocrx_word' id='word_1_164' title='bbox 2062 2447 2126 2501; x_wconf 79' lang='lat' dir='ltr'><strong>Et</strong></span> <span class='ocrx_word' id='word_1_165' title='bbox 2167 2448 2344 2516; x_wconf 79' lang='lat' dir='ltr'><strong>prole-</strong></span> 
     </span>
    </p>
   </div>
   <div class='ocr_carea' id='block_1_26' title="bbox 770 2528 2344 2606">
    <p class='ocr_par' dir='ltr' id='par_1_26' title="bbox 770 2528 2344 2606">
     <span class='ocr_line' id='line_1_26' title="bbox 770 2528 2344 2606; baseline 0.008 -27"><span class='ocrx_word' id='word_1_166' title='bbox 770 2528 844 2580; x_wconf 79' lang='lat' dir='ltr'><strong>cti</strong></span> <span class='ocrx_word' id='word_1_167' title='bbox 884 2529 937 2581; x_wconf 91' lang='lat' dir='ltr'><strong>in</strong></span> <span class='ocrx_word' id='word_1_168' title='bbox 979 2529 1231 2593; x_wconf 83' lang='lat' dir='ltr'><strong>lberiam,</strong></span> <span class='ocrx_word' id='word_1_169' title='bbox 1263 2533 1313 2584; x_wconf 86' lang='lat' dir='ltr'><strong>in</strong></span> <span class='ocrx_word' id='word_1_170' title='bbox 1351 2533 1570 2602; x_wconf 89' lang='lat' dir='ltr'><strong>planitie</strong></span> <span class='ocrx_word' id='word_1_171' title='bbox 1600 2536 1861 2605; x_wconf 85' lang='lat' dir='ltr'><strong>quadam,</strong></span> <span class='ocrx_word' id='word_1_172' title='bbox 1896 2553 2016 2606; x_wconf 64' lang='lat' dir='ltr'><strong>quae</strong></span> <span class='ocrx_word' id='word_1_173' title='bbox 2046 2537 2344 2592; x_wconf 85' lang='lat' dir='ltr'><strong>incolarum</strong></span> 
     </span>
    </p>
   </div>
   <div class='ocr_carea' id='block_1_27' title="bbox 772 2621 2350 2698">
    <p class='ocr_par' dir='ltr' id='par_1_27' title="bbox 772 2621 2350 2698">
     <span class='ocr_line' id='line_1_27' title="bbox 772 2621 2350 2698; baseline 0.008 -28"><span class='ocrx_word' id='word_1_174' title='bbox 772 2634 1028 2673; x_wconf 79' lang='lat' dir='ltr'><strong>sermone</strong></span> <span class='ocrx_word' id='word_1_175' title='bbox 1078 2621 1312 2676; x_wconf 78' lang='lat' dir='ltr'><strong>Osurtru</strong></span> <span class='ocrx_word' id='word_1_176' title='bbox 1356 2623 1580 2688; x_wconf 89' lang='lat' dir='ltr'><strong>dicitur,</strong></span> <span class='ocrx_word' id='word_1_177' title='bbox 1630 2629 1824 2680; x_wconf 82' lang='lat' dir='ltr'><strong>castris</strong></span> <span class='ocrx_word' id='word_1_178' title='bbox 1879 2629 1980 2683; x_wconf 89' lang='lat' dir='ltr'><strong>sub</strong></span> <span class='ocrx_word' id='word_1_179' title='bbox 2018 2629 2108 2683; x_wconf 92' lang='lat' dir='ltr'><strong>dio</strong></span> <span class='ocrx_word' id='word_1_180' title='bbox 2155 2631 2350 2698; x_wconf 83' lang='lat' dir='ltr'><strong>positis</strong></span> 
     </span>
    </p>
   </div>
   <div class='ocr_carea' id='block_1_28' title="bbox 771 2711 2346 2786">
    <p class='ocr_par' dir='ltr' id='par_1_28' title="bbox 771 2711 2346 2786">
     <span class='ocr_line' id='line_1_28' title="bbox 771 2711 2346 2786; baseline 0.008 -24"><span class='ocrx_word' id='word_1_181' title='bbox 771 2711 1116 2779; x_wconf 86' lang='lat' dir='ltr'><strong>quieverunt,</strong></span> <span class='ocrx_word' id='word_1_182' title='bbox 1156 2715 1300 2766; x_wconf 85' lang='lat' dir='ltr'><strong>nnmi</strong></span> <span class='ocrx_word' id='word_1_183' title='bbox 1330 2716 1478 2783; x_wconf 82' lang='lat' dir='ltr'><strong>prius</strong></span> <span class='ocrx_word' id='word_1_184' title='bbox 1514 2718 1714 2786; x_wconf 82' lang='lat' dir='ltr'><strong>agresti</strong></span> <span class='ocrx_word' id='word_1_185' title='bbox 1758 2720 1914 2772; x_wconf 86' lang='lat' dir='ltr'><strong>turba</strong></span> <span class='ocrx_word' id='word_1_186' title='bbox 1938 2761 1951 2784; x_wconf 96' lang='lat'><strong>,</strong></span> <span class='ocrx_word' id='word_1_187' title='bbox 2005 2721 2346 2786; x_wconf 83' lang='lat' dir='ltr'><strong>mulieribus,</strong></span> 
     </span>
    </p>
   </div>
   <div class='ocr_carea' id='block_1_29' title="bbox 773 2804 2349 2874">
    <p class='ocr_par' dir='ltr' id='par_1_29' title="bbox 773 2804 2349 2874">
     <span class='ocr_line' id='line_1_29' title="bbox 773 2804 2349 2874; baseline 0.008 -18"><span class='ocrx_word' id='word_1_188' title='bbox 773 2804 961 2871; x_wconf 89' lang='lat' dir='ltr'><strong>pueris</strong></span> <span class='ocrx_word' id='word_1_189' title='bbox 1015 2818 1079 2858; x_wconf 90' lang='lat' dir='ltr'><strong>ac</strong></span> <span class='ocrx_word' id='word_1_190' title='bbox 1133 2821 1252 2873; x_wconf 75' lang='lat' dir='ltr'><strong>qua:</strong></span> <span class='ocrx_word' id='word_1_191' title='bbox 1300 2809 1539 2874; x_wconf 83' lang='lat' dir='ltr'><strong>pretiosa</strong></span> <span class='ocrx_word' id='word_1_192' title='bbox 1583 2809 1867 2872; x_wconf 76' lang='lat' dir='ltr'><strong>baberent,</strong></span> <span class='ocrx_word' id='word_1_193' title='bbox 1916 2812 1967 2863; x_wconf 94' lang='lat' dir='ltr'><strong>in</strong></span> <span class='ocrx_word' id='word_1_194' title='bbox 2017 2811 2349 2872; x_wconf 86' lang='lat' dir='ltr'><strong>munitiones</strong></span> 
     </span>
    </p>
   </div>
   <div class='ocr_carea' id='block_1_30' title="bbox 775 2896 2352 2966">
    <p class='ocr_par' dir='ltr' id='par_1_30' title="bbox 775 2896 2352 2966">
     <span class='ocr_line' id='line_1_30' title="bbox 775 2896 2352 2966; baseline 0.008 -20"><span class='ocrx_word' id='word_1_195' title='bbox 775 2896 1030 2950; x_wconf 74' lang='lat' dir='ltr'><strong>inclusis.</strong></span> <span class='ocrx_word' id='word_1_196' title='bbox 1063 2898 1129 2951; x_wconf 85' lang='lat' dir='ltr'><strong>Et</strong></span> <span class='ocrx_word' id='word_1_197' title='bbox 1161 2898 1543 2966; x_wconf 86' lang='lat' dir='ltr'><strong>imperatorem</strong></span> <span class='ocrx_word' id='word_1_198' title='bbox 1572 2901 1784 2954; x_wconf 88' lang='lat' dir='ltr'><strong>cursori</strong></span> <span class='ocrx_word' id='word_1_199' title='bbox 1809 2901 2023 2956; x_wconf 88' lang='lat' dir='ltr'><strong>traditis</strong></span> <span class='ocrx_word' id='word_1_200' title='bbox 2056 2904 2255 2958; x_wconf 88' lang='lat' dir='ltr'><strong>litteris</strong></span> <span class='ocrx_word' id='word_1_201' title='bbox 2284 2903 2352 2960; x_wconf 87' lang='lat' dir='ltr'><strong>de</strong></span> 
     </span>
    </p>
   </div>
   <div class='ocr_carea' id='block_1_31' title="bbox 775 2989 2352 3063">
    <p class='ocr_par' dir='ltr' id='par_1_31' title="bbox 775 2989 2352 3063">
     <span class='ocr_line' id='line_1_31' title="bbox 775 2989 2352 3063; baseline 0.006 -24"><span class='ocrx_word' id='word_1_202' title='bbox 775 2990 1013 3042; x_wconf 86' lang='lat' dir='ltr'><strong>adventu</strong></span> <span class='ocrx_word' id='word_1_203' title='bbox 1047 2989 1282 3044; x_wconf 81' lang='lat' dir='ltr'><strong>hostium</strong></span> <span class='ocrx_word' id='word_1_204' title='bbox 1315 2992 1602 3046; x_wconf 89' lang='lat' dir='ltr'><strong>certiorem</strong></span> <span class='ocrx_word' id='word_1_205' title='bbox 1632 2993 1902 3046; x_wconf 79' lang='lat' dir='ltr'><strong>fecerunt.</strong></span> <span class='ocrx_word' id='word_1_206' title='bbox 1942 2994 2242 3063; x_wconf 86' lang='lat' dir='ltr'><strong>Imperator</strong></span> <span class='ocrx_word' id='word_1_207' title='bbox 2266 2996 2352 3049; x_wconf 90' lang='lat' dir='ltr'><strong>lit-</strong></span> 
     </span>
    </p>
   </div>
   <div class='ocr_carea' id='block_1_32' title="bbox 776 3079 2351 3153">
    <p class='ocr_par' dir='ltr' id='par_1_32' title="bbox 776 3079 2351 3153">
     <span class='ocr_line' id='line_1_32' title="bbox 776 3079 2351 3153; baseline 0.008 -23"><span class='ocrx_word' id='word_1_208' title='bbox 776 3079 911 3134; x_wconf 87' lang='lat' dir='ltr'><strong>teris</strong></span> <span class='ocrx_word' id='word_1_209' title='bbox 942 3080 1114 3144; x_wconf 85' lang='lat' dir='ltr'><strong>lectis,</strong></span> <span class='ocrx_word' id='word_1_210' title='bbox 1146 3082 1379 3138; x_wconf 79' lang='lat' dir='ltr'><strong>dueiLus</strong></span> <span class='ocrx_word' id='word_1_211' title='bbox 1415 3083 1533 3136; x_wconf 88' lang='lat' dir='ltr'><strong>istis</strong></span> <span class='ocrx_word' id='word_1_212' title='bbox 1569 3086 1789 3138; x_wconf 77' lang='lat' dir='ltr'><strong>mandat</strong></span> <span class='ocrx_word' id='word_1_213' title='bbox 1824 3085 1898 3139; x_wconf 88' lang='lat' dir='ltr'><strong>uti</strong></span> <span class='ocrx_word' id='word_1_214' title='bbox 1928 3101 1986 3141; x_wconf 90' lang='lat' dir='ltr'><strong>se</strong></span> <span class='ocrx_word' id='word_1_215' title='bbox 2017 3087 2351 3153; x_wconf 87' lang='lat' dir='ltr'><strong>contineant,</strong></span> 
     </span>
    </p>
   </div>
   <div class='ocr_carea' id='block_1_33' title="bbox 779 3171 2356 3248">
    <p class='ocr_par' dir='ltr' id='par_1_33' title="bbox 779 3171 2356 3248">
     <span class='ocr_line' id='line_1_33' title="bbox 779 3171 2356 3248; baseline 0.004 -22"><span class='ocrx_word' id='word_1_216' title='bbox 779 3172 953 3226; x_wconf 89' lang='lat' dir='ltr'><strong>donec</strong></span> <span class='ocrx_word' id='word_1_217' title='bbox 985 3171 1254 3242; x_wconf 82' lang='lat' dir='ltr'><strong>Liparites</strong></span> <span class='ocrx_word' id='word_1_218' title='bbox 1284 3191 1406 3229; x_wconf 90' lang='lat' dir='ltr'><strong>cum</strong></span> <span class='ocrx_word' id='word_1_219' title='bbox 1443 3175 1663 3230; x_wconf 86' lang='lat' dir='ltr'><strong>lbericis</strong></span> <span class='ocrx_word' id='word_1_220' title='bbox 1691 3178 1862 3246; x_wconf 87' lang='lat' dir='ltr'><strong>copiis</strong></span> <span class='ocrx_word' id='word_1_221' title='bbox 1895 3177 1958 3231; x_wconf 89' lang='lat' dir='ltr'><strong>ad</strong></span> <span class='ocrx_word' id='word_1_222' title='bbox 1993 3179 2140 3248; x_wconf 87' lang='lat' dir='ltr'><strong>ipsos</strong></span> <span class='ocrx_word' id='word_1_223' title='bbox 2171 3195 2356 3248; x_wconf 85' lang='lat' dir='ltr'><strong>perve-</strong></span> 
     </span>
    </p>
   </div>
   <div class='ocr_carea' id='block_1_34' title="bbox 779 3267 2354 3339">
    <p class='ocr_par' dir='ltr' id='par_1_34' title="bbox 779 3267 2354 3339">
     <span class='ocr_line' id='line_1_34' title="bbox 779 3267 2354 3339; baseline 0.004 -21"><span class='ocrx_word' id='word_1_224' title='bbox 779 3267 916 3318; x_wconf 85' lang='lat' dir='ltr'><strong>niat.</strong></span> <span class='ocrx_word' id='word_1_225' title='bbox 949 3267 1011 3318; x_wconf 85' lang='lat' dir='ltr'><strong>Et</strong></span> <span class='ocrx_word' id='word_1_226' title='bbox 1039 3267 1316 3336; x_wconf 85' lang='lat' dir='ltr'><strong>Liparitcn</strong></span> <span class='ocrx_word' id='word_1_227' title='bbox 1348 3285 1443 3337; x_wconf 90' lang='lat' dir='ltr'><strong>per</strong></span> <span class='ocrx_word' id='word_1_228' title='bbox 1477 3269 1687 3323; x_wconf 83' lang='lat' dir='ltr'><strong>litteras</strong></span> <span class='ocrx_word' id='word_1_229' title='bbox 1721 3270 1970 3323; x_wconf 82' lang='lat' dir='ltr'><strong>hortatur</strong></span> <span class='ocrx_word' id='word_1_230' title='bbox 2004 3279 2062 3324; x_wconf 87' lang='lat' dir='ltr'><strong>ut</strong></span> <span class='ocrx_word' id='word_1_231' title='bbox 2087 3271 2354 3339; x_wconf 87' lang='lat' dir='ltr'><strong>siquidem</strong></span> 
     </span>
    </p>
   </div>
   <div class='ocr_carea' id='block_1_35' title="bbox 2509 705 3992 773">
    <p class='ocr_par' dir='ltr' id='par_1_35' title="bbox 2509 705 3992 773">
     <span class='ocr_line' id='line_1_35' title="bbox 2509 705 3992 773; baseline -0.005 -13"><span class='ocrx_word' id='word_1_232' title='bbox 2509 709 2565 760; x_wconf 83' lang='grc' dir='ltr'>ὐ</span> <span class='ocrx_word' id='word_1_233' title='bbox 2593 709 2646 760; x_wconf 82' lang='grc' dir='ltr'>δὲ</span> <span class='ocrx_word' id='word_1_234' title='bbox 2681 710 2965 769; x_wconf 77' lang='grc' dir='ltr'>σουλτάνος</span> <span class='ocrx_word' id='word_1_235' title='bbox 3006 708 3093 759; x_wconf 69' lang='grc' dir='ltr'>διὰ</span> <span class='ocrx_word' id='word_1_236' title='bbox 3129 707 3238 761; x_wconf 83' lang='grc' dir='ltr'><strong>τῶν</strong></span> <span class='ocrx_word' id='word_1_237' title='bbox 3269 706 3619 773; x_wconf 73' lang='grc' dir='ltr'><strong>ἀποδράντων</strong></span> <span class='ocrx_word' id='word_1_238' title='bbox 3659 705 3992 772; x_wconf 76' lang='grc' dir='ltr'>μεμαθηκὼς</span> 
     </span>
    </p>
   </div>
   <div class='ocr_carea' id='block_1_36' title="bbox 2434 797 4001 869">
    <p class='ocr_par' dir='ltr' id='par_1_36' title="bbox 2434 797 4001 869">
     <span class='ocr_line' id='line_1_36' title="bbox 2434 797 4001 869; baseline -0.004 -17"><span class='ocrx_word' id='word_1_239' title='bbox 2434 803 2492 852; x_wconf 76' lang='grc' dir='ltr'><strong>τὸ</strong></span> <span class='ocrx_word' id='word_1_240' title='bbox 2525 801 2738 869; x_wconf 66' lang='grc' dir='ltr'>συμϐὰν</span> <span class='ocrx_word' id='word_1_241' title='bbox 2767 801 3024 869; x_wconf 77' lang='grc' dir='ltr'>ἀτύχημα</span> <span class='ocrx_word' id='word_1_242' title='bbox 3057 801 3133 861; x_wconf 86' lang='grc' dir='ltr'><strong>είς</strong></span> <span class='ocrx_word' id='word_1_243' title='bbox 3172 798 3413 867; x_wconf 79' lang='grc' dir='ltr'><strong>μεγάλην</strong></span> <span class='ocrx_word' id='word_1_244' title='bbox 3448 797 3704 849; x_wconf 87' lang='grc' dir='ltr'>ἐνέπεσεν</span> <span class='ocrx_word' id='word_1_245' title='bbox 3745 797 4001 864; x_wconf 78' lang='grc' dir='ltr'>ἀγωνίαν,</span> 
     </span>
    </p>
   </div>
   <div class='ocr_carea' id='block_1_37' title="bbox 2447 887 3998 960">
    <p class='ocr_par' dir='ltr' id='par_1_37' title="bbox 2447 887 3998 960">
     <span class='ocr_line' id='line_1_37' title="bbox 2447 887 3998 960; baseline -0.004 -17"><span class='ocrx_word' id='word_1_246' title='bbox 2447 894 2540 944; x_wconf 76' lang='grc' dir='ltr'><strong>καὶ</strong></span> <span class='ocrx_word' id='word_1_247' title='bbox 2574 893 2631 942; x_wconf 89' lang='grc' dir='ltr'><strong>ἐν</strong></span> <span class='ocrx_word' id='word_1_248' title='bbox 2661 890 2862 960; x_wconf 82' lang='grc' dir='ltr'><strong>σπουδῇ</strong></span> <span class='ocrx_word' id='word_1_249' title='bbox 2895 891 3129 942; x_wconf 85' lang='grc' dir='ltr'>ἐποιεῖτο</span> <span class='ocrx_word' id='word_1_250' title='bbox 3161 891 3309 950; x_wconf 79' lang='grc' dir='ltr'>ὅπως</span> <span class='ocrx_word' id='word_1_251' title='bbox 3343 888 3408 940; x_wconf 78' lang='grc' dir='ltr'>ἂν</span> <span class='ocrx_word' id='word_1_252' title='bbox 3438 887 3538 956; x_wconf 81' lang='grc' dir='ltr'>τὴν</span> <span class='ocrx_word' id='word_1_253' title='bbox 3587 888 3884 954; x_wconf 83' lang='grc' dir='ltr'><strong>γενομένην</strong></span> <span class='ocrx_word' id='word_1_254' title='bbox 3911 889 3998 938; x_wconf 83' lang='grc' dir='ltr'>ἐπ-</span> 
     </span>
    </p>
   </div>
   <div class='ocr_carea' id='block_1_38' title="bbox 2433 979 4009 1052">
    <p class='ocr_par' dir='ltr' id='par_1_38' title="bbox 2433 979 4009 1052">
     <span class='ocr_line' id='line_1_38' title="bbox 2433 979 4009 1052; baseline -0.004 -16"><span class='ocrx_word' id='word_1_255' title='bbox 2433 982 2810 1052; x_wconf 87' lang='grc' dir='ltr'>ανορθώσηται</span> <span class='ocrx_word' id='word_1_256' title='bbox 2831 982 3120 1050; x_wconf 84' lang='grc' dir='ltr'>ἀκληρίαν.</span> <span class='ocrx_word' id='word_1_257' title='bbox 3145 981 3251 1031; x_wconf 73' lang='grc' dir='ltr'><strong>Καὶ</strong></span> <span class='ocrx_word' id='word_1_258' title='bbox 3268 980 3330 1048; x_wconf 80' lang='grc' dir='ltr'>δὴ</span> <span class='ocrx_word' id='word_1_259' title='bbox 3355 979 3480 1032; x_wconf 74' lang='grc' dir='ltr'>λαὸν</span> <span class='ocrx_word' id='word_1_260' title='bbox 3505 980 3786 1030; x_wconf 83' lang='grc' dir='ltr'>ἐπίλεκτον</span> <span class='ocrx_word' id='word_1_261' title='bbox 3811 995 4009 1047; x_wconf 83' lang='grc' dir='ltr'>συστη-</span> 
     </span>
    </p>
   </div>
   <div class='ocr_carea' id='block_1_39' title="bbox 2437 1068 4006 1142">
    <p class='ocr_par' dir='ltr' id='par_1_39' title="bbox 2437 1068 4006 1142">
     <span class='ocr_line' id='line_1_39' title="bbox 2437 1068 4006 1142; baseline -0.004 -15"><span class='ocrx_word' id='word_1_262' title='bbox 2437 1077 2664 1138; x_wconf 72' lang='grc' dir='ltr'>σάμενος</span> <span class='ocrx_word' id='word_1_263' title='bbox 2698 1074 2760 1126; x_wconf 80' lang='grc' dir='ltr'>ἐκ</span> <span class='ocrx_word' id='word_1_264' title='bbox 2786 1090 2843 1126; x_wconf 86' lang='grc' dir='ltr'><strong>τε</strong></span> <span class='ocrx_word' id='word_1_265' title='bbox 2874 1073 3134 1142; x_wconf 83' lang='grc' dir='ltr'>Τούρκων</span> <span class='ocrx_word' id='word_1_266' title='bbox 3176 1072 3268 1122; x_wconf 74' lang='grc' dir='ltr'>καὶ</span> <span class='ocrx_word' id='word_1_267' title='bbox 3303 1069 3586 1136; x_wconf 73' lang='grc' dir='ltr'>Καϐείρων</span> <span class='ocrx_word' id='word_1_268' title='bbox 3615 1069 3708 1120; x_wconf 79' lang='grc' dir='ltr'>καὶ</span> <span class='ocrx_word' id='word_1_269' title='bbox 3732 1068 4006 1136; x_wconf 80' lang='grc' dir='ltr'>Λιμνιτών</span> 
     </span>
    </p>
   </div>
   <div class='ocr_carea' id='block_1_40' title="bbox 2437 1155 4018 1236">
    <p class='ocr_par' dir='ltr' id='par_1_40' title="bbox 2437 1155 4018 1236">
     <span class='ocr_line' id='line_1_40' title="bbox 2437 1155 4018 1236; baseline -0.004 -18"><span class='ocrx_word' id='word_1_270' title='bbox 2437 1169 2562 1234; x_wconf 76' lang='grc' dir='ltr'>περὶ</span> <span class='ocrx_word' id='word_1_271' title='bbox 2587 1166 2684 1227; x_wconf 72' lang='grc' dir='ltr'>τὰς</span> <span class='ocrx_word' id='word_1_272' title='bbox 2727 1165 2770 1236; x_wconf 81' lang='grc' dir='ltr'>ρ’</span> <span class='ocrx_word' id='word_1_273' title='bbox 2801 1165 3066 1233; x_wconf 77' lang='grc' dir='ltr'><strong>χιλιάδας,</strong></span> <span class='ocrx_word' id='word_1_274' title='bbox 3103 1162 3200 1216; x_wconf 75' lang='grc' dir='ltr'><strong>καὶ</strong></span> <span class='ocrx_word' id='word_1_275' title='bbox 3242 1161 3523 1230; x_wconf 82' lang='grc' dir='ltr'>Ἀϐραμίῳ</span> <span class='ocrx_word' id='word_1_276' title='bbox 3560 1159 3749 1229; x_wconf 78' lang='grc' dir='ltr'>Ἀλεὶμ</span> <span class='ocrx_word' id='word_1_277' title='bbox 3783 1159 3860 1230; x_wconf 72' lang='grc' dir='ltr'><strong>τῷ</strong></span> <span class='ocrx_word' id='word_1_278' title='bbox 3899 1155 4018 1211; x_wconf 74' lang='grc' dir='ltr'>ὲτειῖ</span> 
     </span>
    </p>
   </div>
   <div class='ocr_carea' id='block_1_41' title="bbox 2439 1253 4010 1328">
    <p class='ocr_par' dir='ltr' id='par_1_41' title="bbox 2439 1253 4010 1328">
     <span class='ocr_line' id='line_1_41' title="bbox 2439 1253 4010 1328; baseline -0.006 -16"><span class='ocrx_word' id='word_1_279' title='bbox 2439 1259 2654 1328; x_wconf 76' lang='grc' dir='ltr'>ροθαλεί</span> <span class='ocrx_word' id='word_1_280' title='bbox 2692 1256 2906 1326; x_wconf 73' lang='grc' dir='ltr'>ἀδελφῷ</span> <span class='ocrx_word' id='word_1_281' title='bbox 2946 1256 3111 1309; x_wconf 78' lang='grc' dir='ltr'>αὑτοῦ</span> <span class='ocrx_word' id='word_1_282' title='bbox 3149 1255 3260 1325; x_wconf 79' lang='grc'><strong>(57)</strong></span> <span class='ocrx_word' id='word_1_283' title='bbox 3295 1255 3567 1323; x_wconf 75' lang='grc' dir='ltr'>παραδοὺς</span> <span class='ocrx_word' id='word_1_284' title='bbox 3602 1253 3826 1317; x_wconf 80' lang='grc' dir='ltr'>ταύτας,</span> <span class='ocrx_word' id='word_1_285' title='bbox 3869 1253 4010 1304; x_wconf 79' lang='grc' dir='ltr'><strong>κατά</strong></span> 
     </span>
    </p>
   </div>
   <div class='ocr_carea' id='block_1_42' title="bbox 2449 1344 4008 1418">
    <p class='ocr_par' dir='ltr' id='par_1_42' title="bbox 2449 1344 4008 1418">
     <span class='ocr_line' id='line_1_42' title="bbox 2449 1344 4008 1418; baseline -0.005 -16"><span class='ocrx_word' id='word_1_286' title='bbox 2449 1350 2736 1418; x_wconf 85' lang='grc' dir='ltr'>Ῥωμαίων</span> <span class='ocrx_word' id='word_1_287' title='bbox 2777 1350 3074 1418; x_wconf 86' lang='grc' dir='ltr'>ἐκπέμπει.</span> <span class='ocrx_word' id='word_1_288' title='bbox 3115 1347 3504 1415; x_wconf 81' lang='grc' dir='ltr'>Ἀγγελθείσης</span> <span class='ocrx_word' id='word_1_289' title='bbox 3548 1345 3604 1397; x_wconf 79' lang='grc' dir='ltr'>δὲ</span> <span class='ocrx_word' id='word_1_290' title='bbox 3645 1346 3745 1413; x_wconf 81' lang='grc' dir='ltr'>τῆς</span> <span class='ocrx_word' id='word_1_291' title='bbox 3796 1344 4008 1412; x_wconf 72' lang='grc' dir='ltr'>ἐφόδου.</span> 
     </span>
    </p>
   </div>
   <div class='ocr_carea' id='block_1_43' title="bbox 2439 1437 4012 1508">
    <p class='ocr_par' dir='ltr' id='par_1_43' title="bbox 2439 1437 4012 1508">
     <span class='ocr_line' id='line_1_43' title="bbox 2439 1437 4012 1508; baseline -0.005 -15"><span class='ocrx_word' id='word_1_292' title='bbox 2439 1443 2727 1504; x_wconf 86' lang='grc' dir='ltr'>ἐνωθέντες</span> <span class='ocrx_word' id='word_1_293' title='bbox 2750 1442 2913 1495; x_wconf 77' lang='grc' dir='ltr'>πάλιν</span> <span class='ocrx_word' id='word_1_294' title='bbox 2961 1442 3007 1493; x_wconf 80' lang='grc' dir='ltr'>οἱ</span> <span class='ocrx_word' id='word_1_295' title='bbox 3055 1441 3262 1494; x_wconf 79' lang='grc' dir='ltr'>ἄνωθεν</span> <span class='ocrx_word' id='word_1_296' title='bbox 3307 1438 3568 1508; x_wconf 75' lang='grc' dir='ltr'><strong>ῥηθέντες</strong></span> <span class='ocrx_word' id='word_1_297' title='bbox 3613 1439 3874 1506; x_wconf 81' lang='grc' dir='ltr'>ἄρχοντες</span> <span class='ocrx_word' id='word_1_298' title='bbox 3903 1437 4012 1486; x_wconf 68' lang='grc' dir='ltr'>τῶν</span> 
     </span>
    </p>
   </div>
   <div class='ocr_carea' id='block_1_44' title="bbox 2441 1527 4015 1603">
    <p class='ocr_par' dir='ltr' id='par_1_44' title="bbox 2441 1527 4015 1603">
     <span class='ocr_line' id='line_1_44' title="bbox 2441 1527 4015 1603; baseline -0.005 -17"><span class='ocrx_word' id='word_1_299' title='bbox 2441 1532 2867 1603; x_wconf 75' lang='grc' dir='ltr'><strong>στρατευμάτων</strong></span> <span class='ocrx_word' id='word_1_300' title='bbox 2897 1533 3091 1602; x_wconf 74' lang='grc' dir='ltr'>βουλὴν</span> <span class='ocrx_word' id='word_1_301' title='bbox 3124 1531 3483 1601; x_wconf 72' lang='grc' dir='ltr'>προετίθεσαν</span> <span class='ocrx_word' id='word_1_302' title='bbox 3505 1531 3596 1581; x_wconf 72' lang='grc' dir='ltr'>καὶ</span> <span class='ocrx_word' id='word_1_303' title='bbox 3631 1527 4015 1581; x_wconf 73' lang='grc' dir='ltr'>διεσκοποῦντο</span> 
     </span>
    </p>
   </div>
   <div class='ocr_carea' id='block_1_45' title="bbox 2439 1618 4015 1692">
    <p class='ocr_par' dir='ltr' id='par_1_45' title="bbox 2439 1618 4015 1692">
     <span class='ocr_line' id='line_1_45' title="bbox 2439 1618 4015 1692; baseline -0.004 -18"><span class='ocrx_word' id='word_1_304' title='bbox 2439 1625 2496 1674; x_wconf 74' lang='grc' dir='ltr'><strong>τὸ</strong></span> <span class='ocrx_word' id='word_1_305' title='bbox 2535 1625 2825 1692; x_wconf 82' lang='grc' dir='ltr'>πρακτέον.</span> <span class='ocrx_word' id='word_1_306' title='bbox 2863 1625 2971 1674; x_wconf 74' lang='grc' dir='ltr'><strong>Καὶ</strong></span> <span class='ocrx_word' id='word_1_307' title='bbox 3015 1623 3092 1690; x_wconf 83' lang='grc' dir='ltr'>τῷ</span> <span class='ocrx_word' id='word_1_308' title='bbox 3136 1623 3232 1690; x_wconf 78' lang='grc' dir='ltr'><strong>μὲν</strong></span> <span class='ocrx_word' id='word_1_309' title='bbox 3267 1621 3610 1688; x_wconf 82' lang='grc' dir='ltr'>Κεκαυμένῳ</span> <span class='ocrx_word' id='word_1_310' title='bbox 3658 1619 3830 1670; x_wconf 86' lang='grc' dir='ltr'>ἐδόκει</span> <span class='ocrx_word' id='word_1_311' title='bbox 3878 1618 4015 1684; x_wconf 77' lang='grc' dir='ltr'><strong>μετά</strong></span> 
     </span>
    </p>
   </div>
   <div class='ocr_carea' id='block_1_46' title="bbox 2439 1705 4014 1781">
    <p class='ocr_par' dir='ltr' id='par_1_46' title="bbox 2439 1705 4014 1781">
     <span class='ocr_line' id='line_1_46' title="bbox 2439 1705 4014 1781; baseline -0.006 -18"><span class='ocrx_word' id='word_1_312' title='bbox 2439 1713 2537 1778; x_wconf 70' lang='grc' dir='ltr'>τῆς</span> <span class='ocrx_word' id='word_1_313' title='bbox 2581 1710 2865 1781; x_wconf 74' lang='grc' dir='ltr'>παρούσης</span> <span class='ocrx_word' id='word_1_314' title='bbox 2909 1710 3190 1777; x_wconf 79' lang='grc' dir='ltr'>δυνάμεως</span> <span class='ocrx_word' id='word_1_315' title='bbox 3237 1707 3543 1775; x_wconf 78' lang='grc' dir='ltr'>ὑπαντῆσαι</span> <span class='ocrx_word' id='word_1_316' title='bbox 3591 1708 3702 1767; x_wconf 84' lang='grc' dir='ltr'>τοῖς</span> <span class='ocrx_word' id='word_1_317' title='bbox 3750 1705 4014 1773; x_wconf 71' lang='grc' dir='ltr'>Τοὺρκυ.ς</span> 
     </span>
    </p>
   </div>
   <div class='ocr_carea' id='block_1_47' title="bbox 2440 1795 4015 1869">
    <p class='ocr_par' dir='ltr' id='par_1_47' title="bbox 2440 1795 4015 1869">
     <span class='ocr_line' id='line_1_47' title="bbox 2440 1795 4015 1869; baseline -0.004 -16"><span class='ocrx_word' id='word_1_318' title='bbox 2440 1802 2638 1865; x_wconf 68' lang='grc' dir='ltr'>ἔξωθεν</span> <span class='ocrx_word' id='word_1_319' title='bbox 2657 1802 2764 1852; x_wconf 84' lang='grc' dir='ltr'>τῶν</span> <span class='ocrx_word' id='word_1_320' title='bbox 2796 1800 3120 1868; x_wconf 81' lang='grc' dir='ltr'>Ῥωμαϊκῶν</span> <span class='ocrx_word' id='word_1_321' title='bbox 3140 1801 3300 1869; x_wconf 83' lang='grc' dir='ltr'>ὅρων,</span> <span class='ocrx_word' id='word_1_322' title='bbox 3325 1800 3546 1851; x_wconf 85' lang='grc' dir='ltr'>κάκεῖσε</span> <span class='ocrx_word' id='word_1_323' title='bbox 3565 1795 4015 1862; x_wconf 81' lang='grc' dir='ltr'>διαγωνίσασθαι,</span> 
     </span>
    </p>
   </div>
   <div class='ocr_carea' id='block_1_48' title="bbox 2442 1884 4012 1951">
    <p class='ocr_par' dir='ltr' id='par_1_48' title="bbox 2442 1884 4012 1951">
     <span class='ocr_line' id='line_1_48' title="bbox 2442 1884 4012 1951; baseline -0.008 -5"><span class='ocrx_word' id='word_1_324' title='bbox 2442 1896 2521 1946; x_wconf 74' lang='grc' dir='ltr'>ἔτι</span> <span class='ocrx_word' id='word_1_325' title='bbox 2545 1895 2651 1946; x_wconf 84' lang='grc' dir='ltr'><strong>τῶν</strong></span> <span class='ocrx_word' id='word_1_326' title='bbox 2677 1893 2940 1945; x_wconf 83' lang='grc' dir='ltr'>πλειόνων</span> <span class='ocrx_word' id='word_1_327' title='bbox 2972 1889 3282 1944; x_wconf 76' lang='grc' dir='ltr'>ἀντιπάλων</span> <span class='ocrx_word' id='word_1_328' title='bbox 3319 1889 3568 1941; x_wconf 84' lang='grc' dir='ltr'>ἀνίππων</span> <span class='ocrx_word' id='word_1_329' title='bbox 3595 1888 3761 1938; x_wconf 73' lang='grc' dir='ltr'>ὄντων</span> <span class='ocrx_word' id='word_1_330' title='bbox 3791 1884 3886 1936; x_wconf 77' lang='grc' dir='ltr'><strong>καὶ</strong></span> <span class='ocrx_word' id='word_1_331' title='bbox 3914 1884 4012 1951; x_wconf 76' lang='grc' dir='ltr'>τῆς</span> 
     </span>
    </p>
   </div>
   <div class='ocr_carea' id='block_1_49' title="bbox 2444 1977 4006 2055">
    <p class='ocr_par' dir='ltr' id='par_1_49' title="bbox 2444 1977 4006 2055">
     <span class='ocr_line' id='line_1_49' title="bbox 2444 1977 4006 2055; baseline -0.008 -18"><span class='ocrx_word' id='word_1_332' title='bbox 2444 1987 2604 2055; x_wconf 77' lang='grc' dir='ltr'>ἄλλης</span> <span class='ocrx_word' id='word_1_333' title='bbox 2633 1987 2906 2050; x_wconf 73' lang='grc' dir='ltr'>δυνάμεως</span> <span class='ocrx_word' id='word_1_334' title='bbox 2942 1981 3284 2049; x_wconf 76' lang='grc' dir='ltr'>κεκμηκυίας</span> <span class='ocrx_word' id='word_1_335' title='bbox 3323 1980 3429 2035; x_wconf 71' lang='grc' dir='ltr'>ἀπὸ</span> <span class='ocrx_word' id='word_1_336' title='bbox 3452 1979 3549 2047; x_wconf 74' lang='grc' dir='ltr'>τῆς</span> <span class='ocrx_word' id='word_1_337' title='bbox 3579 1980 3839 2045; x_wconf 85' lang='grc' dir='ltr'>πλείστης</span> <span class='ocrx_word' id='word_1_338' title='bbox 3868 1977 4006 2029; x_wconf 79' lang='grc' dir='ltr'>ὁδοι-</span> 
     </span>
    </p>
   </div>
   <div class='ocr_carea' id='block_1_50' title="bbox 2444 2068 4008 2146">
    <p class='ocr_par' dir='ltr' id='par_1_50' title="bbox 2444 2068 4008 2146">
     <span class='ocr_line' id='line_1_50' title="bbox 2444 2068 4008 2146; baseline -0.006 -19"><span class='ocrx_word' id='word_1_339' title='bbox 2444 2078 2660 2146; x_wconf 77' lang='grc' dir='ltr'>πορίας,</span> <span class='ocrx_word' id='word_1_340' title='bbox 2687 2074 3104 2127; x_wconf 77' lang='grc' dir='ltr'>ἐπιλελοιπότων</span> <span class='ocrx_word' id='word_1_341' title='bbox 3127 2072 3184 2125; x_wconf 81' lang='grc' dir='ltr'><strong>δὲ</strong></span> <span class='ocrx_word' id='word_1_342' title='bbox 3207 2076 3300 2124; x_wconf 77' lang='grc' dir='ltr'>καὶ</span> <span class='ocrx_word' id='word_1_343' title='bbox 3321 2071 3575 2140; x_wconf 82' lang='grc' dir='ltr'>σιδηρίων</span> <span class='ocrx_word' id='word_1_344' title='bbox 3595 2073 3701 2126; x_wconf 69' lang='grc' dir='ltr'>τοῖς</span> <span class='ocrx_word' id='word_1_345' title='bbox 3724 2068 4008 2136; x_wconf 78' lang='grc' dir='ltr'>Τούρκοις,</span> 
     </span>
    </p>
   </div>
   <div class='ocr_carea' id='block_1_51' title="bbox 2443 2161 4012 2238">
    <p class='ocr_par' dir='ltr' id='par_1_51' title="bbox 2443 2161 4012 2238">
     <span class='ocr_line' id='line_1_51' title="bbox 2443 2161 4012 2238; baseline -0.006 -17"><span class='ocrx_word' id='word_1_346' title='bbox 2443 2163 2520 2230; x_wconf 75' lang='grc' dir='ltr'>οἷς</span> <span class='ocrx_word' id='word_1_347' title='bbox 2538 2169 2632 2231; x_wconf 78' lang='grc' dir='ltr'><strong>τὰς</strong></span> <span class='ocrx_word' id='word_1_348' title='bbox 2650 2167 2819 2238; x_wconf 75' lang='grc' dir='ltr'>χηλὰς</span> <span class='ocrx_word' id='word_1_349' title='bbox 2838 2165 2945 2218; x_wconf 83' lang='grc' dir='ltr'><strong>τῶν</strong></span> <span class='ocrx_word' id='word_1_350' title='bbox 2963 2163 3116 2228; x_wconf 77' lang='grc' dir='ltr'>ζώων</span> <span class='ocrx_word' id='word_1_351' title='bbox 3133 2165 3352 2218; x_wconf 83' lang='grc' dir='ltr'>εἰώθασι</span> <span class='ocrx_word' id='word_1_352' title='bbox 3372 2164 3454 2235; x_wconf 82' lang='grc' dir='ltr'><strong>[Ρ.</strong></span> <span class='ocrx_word' id='word_1_353' title='bbox 3475 2161 3598 2232; x_wconf 73' lang='grc'><strong>77⁸2]</strong></span> <span class='ocrx_word' id='word_1_354' title='bbox 3621 2161 4012 2230; x_wconf 73' lang='grc' dir='ltr'>περιστέλλειν,</span> 
     </span>
    </p>
   </div>
   <div class='ocr_carea' id='block_1_52' title="bbox 2446 2251 4017 2328">
    <p class='ocr_par' dir='ltr' id='par_1_52' title="bbox 2446 2251 4017 2328">
     <span class='ocr_line' id='line_1_52' title="bbox 2446 2251 4017 2328; baseline -0.004 -18"><span class='ocrx_word' id='word_1_355' title='bbox 2446 2259 2771 2328; x_wconf 80' lang='grc' dir='ltr'>ἐπηρμένων</span> <span class='ocrx_word' id='word_1_356' title='bbox 2817 2257 2872 2308; x_wconf 82' lang='grc' dir='ltr'><strong>δὲ</strong></span> <span class='ocrx_word' id='word_1_357' title='bbox 2926 2257 3020 2308; x_wconf 77' lang='grc' dir='ltr'>καὶ</span> <span class='ocrx_word' id='word_1_358' title='bbox 3067 2254 3174 2308; x_wconf 82' lang='grc' dir='ltr'><strong>τῶν</strong></span> <span class='ocrx_word' id='word_1_359' title='bbox 3226 2255 3512 2322; x_wconf 79' lang='grc' dir='ltr'>Ῥωμαίων</span> <span class='ocrx_word' id='word_1_360' title='bbox 3568 2254 3661 2304; x_wconf 69' lang='grc' dir='ltr'>καὶ</span> <span class='ocrx_word' id='word_1_361' title='bbox 3702 2251 4017 2321; x_wconf 73' lang='grc' dir='ltr'>θαρραλέων</span> 
     </span>
    </p>
   </div>
   <div class='ocr_carea' id='block_1_53' title="bbox 2445 2343 4020 2418">
    <p class='ocr_par' dir='ltr' id='par_1_53' title="bbox 2445 2343 4020 2418">
     <span class='ocr_line' id='line_1_53' title="bbox 2445 2343 4020 2418; baseline -0.007 -15"><span class='ocrx_word' id='word_1_362' title='bbox 2445 2352 2612 2402; x_wconf 76' lang='grc' dir='ltr'>ὄντων</span> <span class='ocrx_word' id='word_1_363' title='bbox 2644 2348 2751 2402; x_wconf 83' lang='grc' dir='ltr'><strong>ἀπὸ</strong></span> <span class='ocrx_word' id='word_1_364' title='bbox 2775 2348 2872 2416; x_wconf 83' lang='grc' dir='ltr'>τῆς</span> <span class='ocrx_word' id='word_1_365' title='bbox 2897 2347 3361 2418; x_wconf 77' lang='grc' dir='ltr'>προηγησαμένης</span> <span class='ocrx_word' id='word_1_366' title='bbox 3389 2345 3565 2414; x_wconf 84' lang='grc' dir='ltr'>νίκης,</span> <span class='ocrx_word' id='word_1_367' title='bbox 3594 2345 3686 2394; x_wconf 74' lang='grc' dir='ltr'>καὶ</span> <span class='ocrx_word' id='word_1_368' title='bbox 3711 2343 4020 2410; x_wconf 80' lang='grc' dir='ltr'>προθυμου·</span> 
     </span>
    </p>
   </div>
   <div class='ocr_carea' id='block_1_54' title="bbox 2453 2433 4022 2511">
    <p class='ocr_par' dir='ltr' id='par_1_54' title="bbox 2453 2433 4022 2511">
     <span class='ocr_line' id='line_1_54' title="bbox 2453 2433 4022 2511; baseline -0.006 -18"><span class='ocrx_word' id='word_1_369' title='bbox 2453 2441 2631 2508; x_wconf 87' lang='grc' dir='ltr'>μένων</span> <span class='ocrx_word' id='word_1_370' title='bbox 2661 2440 2948 2511; x_wconf 38' lang='grc' dir='ltr'>,συμμῖξαι</span> <span class='ocrx_word' id='word_1_371' title='bbox 3000 2440 3112 2500; x_wconf 89' lang='grc' dir='ltr'>τοῖς</span> <span class='ocrx_word' id='word_1_372' title='bbox 3163 2435 3464 2505; x_wconf 84' lang='grc' dir='ltr'>πολεμίοις.</span> <span class='ocrx_word' id='word_1_373' title='bbox 3516 2434 3838 2487; x_wconf 75' lang='grc' dir='ltr'>Τοὺναντίον</span> <span class='ocrx_word' id='word_1_374' title='bbox 3885 2433 3940 2485; x_wconf 82' lang='grc' dir='ltr'>δὲ</span> <span class='ocrx_word' id='word_1_375' title='bbox 3992 2434 4022 2484; x_wconf 84' lang='grc' dir='ltr'>ὁ</span> 
     </span>
    </p>
   </div>
   <div class='ocr_carea' id='block_1_55' title="bbox 2462 2525 4022 2600">
    <p class='ocr_par' dir='ltr' id='par_1_55' title="bbox 2462 2525 4022 2600">
     <span class='ocr_line' id='line_1_55' title="bbox 2462 2525 4022 2600; baseline -0.006 -17"><span class='ocrx_word' id='word_1_376' title='bbox 2462 2532 2672 2600; x_wconf 74' lang='grc' dir='ltr'>Ἀαρὼν</span> <span class='ocrx_word' id='word_1_377' title='bbox 2720 2530 3069 2598; x_wconf 74' lang='grc' dir='ltr'>ἀπεφαίνετο,</span> <span class='ocrx_word' id='word_1_378' title='bbox 3117 2530 3329 2597; x_wconf 82' lang='grc' dir='ltr'>ἐπέχων</span> <span class='ocrx_word' id='word_1_379' title='bbox 3371 2527 3472 2589; x_wconf 78' lang='grc' dir='ltr'>τὰς</span> <span class='ocrx_word' id='word_1_380' title='bbox 3521 2527 3800 2595; x_wconf 80' lang='grc' dir='ltr'>δυνάμεις,</span> <span class='ocrx_word' id='word_1_381' title='bbox 3847 2525 4022 2590; x_wconf 85' lang='grc' dir='ltr'>λέγων</span> 
     </span>
    </p>
   </div>
   <div class='ocr_carea' id='block_1_56' title="bbox 2451 2617 4023 2694">
    <p class='ocr_par' dir='ltr' id='par_1_56' title="bbox 2451 2617 4023 2694">
     <span class='ocr_line' id='line_1_56' title="bbox 2451 2617 4023 2694; baseline -0.006 -18"><span class='ocrx_word' id='word_1_382' title='bbox 2451 2623 2724 2694; x_wconf 70' lang='grc' dir='ltr'>ὀχυρῶσαι</span> <span class='ocrx_word' id='word_1_383' title='bbox 2766 2641 2825 2674; x_wconf 89' lang='grc' dir='ltr'><strong>τε</strong></span> <span class='ocrx_word' id='word_1_384' title='bbox 2873 2622 2973 2683; x_wconf 76' lang='grc' dir='ltr'>τὰς</span> <span class='ocrx_word' id='word_1_385' title='bbox 3028 2621 3214 2683; x_wconf 85' lang='grc' dir='ltr'>πόλεις</span> <span class='ocrx_word' id='word_1_386' title='bbox 3256 2621 3350 2673; x_wconf 78' lang='grc' dir='ltr'><strong>καὶ</strong></span> <span class='ocrx_word' id='word_1_387' title='bbox 3385 2621 3454 2673; x_wconf 72' lang='grc' dir='ltr'>τὰ</span> <span class='ocrx_word' id='word_1_388' title='bbox 3492 2621 3725 2690; x_wconf 76' lang='grc' dir='ltr'>φρούρια</span> <span class='ocrx_word' id='word_1_389' title='bbox 3771 2617 3864 2670; x_wconf 77' lang='grc' dir='ltr'><strong>καὶ</strong></span> <span class='ocrx_word' id='word_1_390' title='bbox 3894 2617 4023 2667; x_wconf 67' lang='grc' dir='ltr'>εἵσω</span> 
     </span>
    </p>
   </div>
   <div class='ocr_carea' id='block_1_57' title="bbox 2450 2708 4025 2784">
    <p class='ocr_par' dir='ltr' id='par_1_57' title="bbox 2450 2708 4025 2784">
     <span class='ocr_line' id='line_1_57' title="bbox 2450 2708 4025 2784; baseline -0.007 -17"><span class='ocrx_word' id='word_1_391' title='bbox 2450 2717 2645 2784; x_wconf 62' lang='grc' dir='ltr'>τειχῶν</span> <span class='ocrx_word' id='word_1_392' title='bbox 2670 2713 2983 2781; x_wconf 73' lang='grc' dir='ltr'>συγκλεῖσαι</span> <span class='ocrx_word' id='word_1_393' title='bbox 3014 2714 3082 2764; x_wconf 69' lang='grc' dir='ltr'><strong>τὰ</strong></span> <span class='ocrx_word' id='word_1_394' title='bbox 3117 2712 3316 2776; x_wconf 79' lang='grc' dir='ltr'>πάντα,</span> <span class='ocrx_word' id='word_1_395' title='bbox 3348 2709 3585 2782; x_wconf 84' lang='grc' dir='ltr'>μηνῦσαί</span> <span class='ocrx_word' id='word_1_396' title='bbox 3614 2727 3670 2762; x_wconf 89' lang='grc' dir='ltr'><strong>τε</strong></span> <span class='ocrx_word' id='word_1_397' title='bbox 3699 2708 3774 2777; x_wconf 79' lang='grc' dir='ltr'>τῷ</span> <span class='ocrx_word' id='word_1_398' title='bbox 3819 2708 4025 2776; x_wconf 75' lang='grc' dir='ltr'>βασιλεῖ</span> 
     </span>
    </p>
   </div>
   <div class='ocr_carea' id='block_1_58' title="bbox 2453 2800 4024 2877">
    <p class='ocr_par' dir='ltr' id='par_1_58' title="bbox 2453 2800 4024 2877">
     <span class='ocr_line' id='line_1_58' title="bbox 2453 2800 4024 2877; baseline -0.008 -16"><span class='ocrx_word' id='word_1_399' title='bbox 2453 2813 2544 2861; x_wconf 73' lang='grc' dir='ltr'>καὶ</span> <span class='ocrx_word' id='word_1_400' title='bbox 2572 2809 2645 2877; x_wconf 80' lang='grc' dir='ltr'>μὴ</span> <span class='ocrx_word' id='word_1_401' title='bbox 2675 2808 2801 2861; x_wconf 76' lang='grc' dir='ltr'>ἄνευ</span> <span class='ocrx_word' id='word_1_402' title='bbox 2843 2805 3068 2874; x_wconf 83' lang='grc' dir='ltr'>γνώμης</span> <span class='ocrx_word' id='word_1_403' title='bbox 3111 2803 3318 2856; x_wconf 82' lang='grc' dir='ltr'>ἐκείνου</span> <span class='ocrx_word' id='word_1_404' title='bbox 3351 2803 3486 2870; x_wconf 87' lang='grc' dir='ltr'>μετὰ</span> <span class='ocrx_word' id='word_1_405' title='bbox 3507 2801 3789 2868; x_wconf 78' lang='grc' dir='ltr'>δυνάμεως</span> <span class='ocrx_word' id='word_1_406' title='bbox 3823 2800 4024 2867; x_wconf 72' lang='grc' dir='ltr'>μικρᾶς</span> 
     </span>
    </p>
   </div>
   <div class='ocr_carea' id='block_1_59' title="bbox 2456 2893 4026 2967">
    <p class='ocr_par' dir='ltr' id='par_1_59' title="bbox 2456 2893 4026 2967">
     <span class='ocr_line' id='line_1_59' title="bbox 2456 2893 4026 2967; baseline -0.005 -15"><span class='ocrx_word' id='word_1_407' title='bbox 2456 2901 2590 2967; x_wconf 79' lang='grc' dir='ltr'>πρὸς</span> <span class='ocrx_word' id='word_1_408' title='bbox 2625 2897 2875 2950; x_wconf 83' lang='grc' dir='ltr'>τοσοῦτον</span> <span class='ocrx_word' id='word_1_409' title='bbox 2915 2895 3113 2963; x_wconf 73' lang='grc' dir='ltr'>πλῆθος</span> <span class='ocrx_word' id='word_1_410' title='bbox 3157 2895 3459 2963; x_wconf 84' lang='grc' dir='ltr'>πολεμῆσαι</span> <span class='ocrx_word' id='word_1_411' title='bbox 3522 2893 3829 2962; x_wconf 76' lang='grc' dir='ltr'>βαρϐάρων.</span> <span class='ocrx_word' id='word_1_412' title='bbox 3872 2893 4026 2944; x_wconf 66' lang='lat' dir='ltr'><strong>Dii-cui</strong></span> 
     </span>
    </p>
   </div>
   <div class='ocr_carea' id='block_1_60' title="bbox 2455 2980 4026 3057">
    <p class='ocr_par' dir='ltr' id='par_1_60' title="bbox 2455 2980 4026 3057">
     <span class='ocr_line' id='line_1_60' title="bbox 2455 2980 4026 3057; baseline -0.007 -15"><span class='ocrx_word' id='word_1_413' title='bbox 2455 2991 2512 3042; x_wconf 82' lang='grc' dir='ltr'><strong>δέ</strong></span> <span class='ocrx_word' id='word_1_414' title='bbox 2556 2990 2666 3041; x_wconf 82' lang='grc' dir='ltr'><strong>τῶν</strong></span> <span class='ocrx_word' id='word_1_415' title='bbox 2715 2985 3038 3057; x_wconf 83' lang='grc' dir='ltr'>στρατηγῶν</span> <span class='ocrx_word' id='word_1_416' title='bbox 3085 2986 3528 3053; x_wconf 76' lang='grc' dir='ltr'>ἀποφηναμένων</span> <span class='ocrx_word' id='word_1_417' title='bbox 3568 2984 3816 3052; x_wconf 78' lang='grc' dir='ltr'>ἐνίκησεν</span> <span class='ocrx_word' id='word_1_418' title='bbox 3869 2983 3901 3049; x_wconf 77' lang='grc' dir='ltr'><strong>ἡ</strong></span> <span class='ocrx_word' id='word_1_419' title='bbox 3936 2980 4026 3032; x_wconf 76' lang='grc' dir='ltr'>τοῦ</span> 
     </span>
    </p>
   </div>
   <div class='ocr_carea' id='block_1_61' title="bbox 2469 3073 4028 3151">
    <p class='ocr_par' dir='ltr' id='par_1_61' title="bbox 2469 3073 4028 3151">
     <span class='ocr_line' id='line_1_61' title="bbox 2469 3073 4028 3151; baseline -0.006 -18"><span class='ocrx_word' id='word_1_420' title='bbox 2469 3080 2677 3151; x_wconf 83' lang='grc' dir='ltr'>Ἀαρὼν</span> <span class='ocrx_word' id='word_1_421' title='bbox 2720 3079 2935 3148; x_wconf 82' lang='grc' dir='ltr'>γνώμη.</span> <span class='ocrx_word' id='word_1_422' title='bbox 2969 3078 3078 3132; x_wconf 72' lang='grc' dir='ltr'><strong>Καὶ</strong></span> <span class='ocrx_word' id='word_1_423' title='bbox 3122 3077 3276 3129; x_wconf 65' lang='grc' dir='ltr'>αὐτοὶ</span> <span class='ocrx_word' id='word_1_424' title='bbox 3311 3076 3408 3144; x_wconf 82' lang='grc' dir='ltr'><strong>μὲν</strong></span> <span class='ocrx_word' id='word_1_425' title='bbox 3457 3075 3594 3144; x_wconf 79' lang='grc' dir='ltr'>μετὰ</span> <span class='ocrx_word' id='word_1_426' title='bbox 3630 3075 3729 3140; x_wconf 76' lang='grc' dir='ltr'>τῆς</span> <span class='ocrx_word' id='word_1_427' title='bbox 3773 3073 4028 3142; x_wconf 74' lang='grc' dir='ltr'>στρατιᾶς</span> 
     </span>
    </p>
   </div>
   <div class='ocr_carea' id='block_1_62' title="bbox 2459 3166 4028 3239">
    <p class='ocr_par' dir='ltr' id='par_1_62' title="bbox 2459 3166 4028 3239">
     <span class='ocr_line' id='line_1_62' title="bbox 2459 3166 4028 3239; baseline -0.006 -14"><span class='ocrx_word' id='word_1_428' title='bbox 2459 3173 2780 3234; x_wconf 73' lang='grc' dir='ltr'>ἀπελθόντες</span> <span class='ocrx_word' id='word_1_429' title='bbox 2814 3173 2870 3222; x_wconf 91' lang='grc' dir='ltr'><strong>ἐν</strong></span> <span class='ocrx_word' id='word_1_430' title='bbox 2910 3170 3120 3239; x_wconf 70' lang='grc' dir='ltr'>Ἰϐηρίᾳ</span> <span class='ocrx_word' id='word_1_431' title='bbox 3161 3169 3302 3220; x_wconf 77' lang='grc' dir='ltr'>κατὰ</span> <span class='ocrx_word' id='word_1_432' title='bbox 3339 3186 3458 3220; x_wconf 84' lang='grc' dir='ltr'>τινα</span> <span class='ocrx_word' id='word_1_433' title='bbox 3489 3167 3715 3219; x_wconf 74' lang='grc' dir='ltr'>πεδιάδα</span> <span class='ocrx_word' id='word_1_434' title='bbox 3749 3166 4028 3233; x_wconf 68' lang='grc' dir='ltr'>ἐγχωρίως</span> 
     </span>
    </p>
   </div>
   <div class='ocr_carea' id='block_1_63' title="bbox 2473 3260 4031 3334">
    <p class='ocr_par' dir='ltr' id='par_1_63' title="bbox 2473 3260 4031 3334">
     <span class='ocr_line' id='line_1_63' title="bbox 2473 3260 4031 3334; baseline -0.006 -18"><span class='ocrx_word' id='word_1_435' title='bbox 2473 3265 2797 3334; x_wconf 75' lang='grc' dir='ltr'>Ὀσούρτρον</span> <span class='ocrx_word' id='word_1_436' title='bbox 2841 3263 3140 3332; x_wconf 82' lang='grc' dir='ltr'>λεγομένην</span> <span class='ocrx_word' id='word_1_437' title='bbox 3179 3262 3370 3329; x_wconf 76' lang='grc' dir='ltr'>έμενον</span> <span class='ocrx_word' id='word_1_438' title='bbox 3420 3261 3784 3329; x_wconf 73' lang='grc' dir='ltr'>ἡσυχάζοντες</span> <span class='ocrx_word' id='word_1_439' title='bbox 3827 3262 3885 3310; x_wconf 84' lang='grc' dir='ltr'><strong>ἐν</strong></span> <span class='ocrx_word' id='word_1_440' title='bbox 3920 3260 4031 3316; x_wconf 83' lang='grc' dir='ltr'>τοῖς</span> 
     </span>
    </p>
   </div>
   <div class='ocr_carea' id='block_1_64' title="bbox 782 3345 2523 3434">
    <p class='ocr_par' dir='ltr' id='par_1_64' title="bbox 782 3355 2523 3434">
     <span class='ocr_line' id='line_1_64' title="bbox 782 3355 2523 3434; baseline 0.004 -27"><span class='ocrx_word' id='word_1_441' title='bbox 782 3357 966 3408; x_wconf 81' lang='lat' dir='ltr'><strong>socius</strong></span> <span class='ocrx_word' id='word_1_442' title='bbox 992 3357 1064 3409; x_wconf 90' lang='lat' dir='ltr'><strong>sit</strong></span> <span class='ocrx_word' id='word_1_443' title='bbox 1086 3358 1406 3428; x_wconf 85' lang='lat' dir='ltr'><strong>amicusque</strong></span> <span class='ocrx_word' id='word_1_444' title='bbox 1424 3355 1819 3419; x_wconf 79' lang='lat' dir='ltr'><strong>Romanorum,</strong></span> <span class='ocrx_word' id='word_1_445' title='bbox 1849 3359 2054 3434; x_wconf 90' lang='lat' dir='ltr'><strong>absque</strong></span> <span class='ocrx_word' id='word_1_446' title='bbox 2072 3360 2181 3413; x_wconf 88' lang='lat' dir='ltr'><strong>ulla</strong></span> <span class='ocrx_word' id='word_1_447' title='bbox 2207 3375 2357 3414; x_wconf 90' lang='lat' dir='ltr'><strong>mora</strong></span> <span class='ocrx_word' id='word_1_448' title='bbox 2385 3373 2430 3432; x_wconf 73' lang='grc' dir='ltr'>ο</span> <span class='ocrx_word' id='word_1_449' title='bbox 2463 3357 2523 3408; x_wconf 77' lang='grc' dir='ltr'><strong>ὑτ</strong></span> 
     </span>
    </p>
   </div>
   <div class='ocr_carea' id='block_1_65' title="bbox 2291 3345 4032 3434">
    <p class='ocr_par' dir='ltr' id='par_1_65' title="bbox 2291 3345 4032 3432">
     <span class='ocr_line' id='line_1_65' title="bbox 2291 3345 4032 3432; baseline -0.01 -19"><span class='ocrx_word' id='word_1_450' title='bbox 2291 3375 2357 3413; x_wconf 63' lang='grc' dir='ltr'><strong>σει</strong></span> <span class='ocrx_word' id='word_1_451' title='bbox 2385 3373 2430 3432; x_wconf 76' lang='lat' dir='ltr'>c</span> <span class='ocrx_word' id='word_1_452' title='bbox 2463 3355 2772 3424; x_wconf 80' lang='grc' dir='ltr'>ὑπαίθροις,</span> <span class='ocrx_word' id='word_1_453' title='bbox 2809 3353 2985 3406; x_wconf 79' lang='grc' dir='ltr'>πάντα</span> <span class='ocrx_word' id='word_1_454' title='bbox 3041 3351 3302 3419; x_wconf 85' lang='grc' dir='ltr'>πρότερον</span> <span class='ocrx_word' id='word_1_455' title='bbox 3347 3349 3435 3400; x_wconf 77' lang='grc' dir='ltr'>τὸν</span> <span class='ocrx_word' id='word_1_456' title='bbox 3485 3348 3723 3416; x_wconf 83' lang='grc' dir='ltr'>ἀγρότην</span> <span class='ocrx_word' id='word_1_457' title='bbox 3768 3346 3894 3397; x_wconf 74' lang='grc' dir='ltr'>λαὸν</span> <span class='ocrx_word' id='word_1_458' title='bbox 3937 3345 4032 3396; x_wconf 75' lang='grc' dir='ltr'>καὶ</span> 
     </span>
    </p>
   </div>
   <div class='ocr_carea' id='block_1_66' title="bbox 781 3446 2359 3518">
    <p class='ocr_par' dir='ltr' id='par_1_66' title="bbox 781 3446 2359 3518">
     <span class='ocr_line' id='line_1_66' title="bbox 781 3446 2359 3518; baseline 0.006 -24"><span class='ocrx_word' id='word_1_459' title='bbox 781 3461 904 3498; x_wconf 69' lang='lat' dir='ltr'><strong>cum</strong></span> <span class='ocrx_word' id='word_1_460' title='bbox 960 3446 1218 3502; x_wconf 89' lang='lat' dir='ltr'><strong>omnibus</strong></span> <span class='ocrx_word' id='word_1_461' title='bbox 1277 3449 1394 3502; x_wconf 87' lang='lat' dir='ltr'><strong>suis</strong></span> <span class='ocrx_word' id='word_1_462' title='bbox 1449 3448 1622 3518; x_wconf 86' lang='lat' dir='ltr'><strong>copiis</strong></span> <span class='ocrx_word' id='word_1_463' title='bbox 1693 3465 1752 3502; x_wconf 88' lang='lat' dir='ltr'><strong>se</strong></span> <span class='ocrx_word' id='word_1_464' title='bbox 1811 3449 2042 3504; x_wconf 87' lang='lat' dir='ltr'><strong>ducibus</strong></span> <span class='ocrx_word' id='word_1_465' title='bbox 2096 3451 2359 3504; x_wconf 76' lang='lat' dir='ltr'><strong>Romanis</strong></span> 
     </span>
    </p>
   </div>
   <div class='ocr_carea' id='block_1_67' title="bbox 781 3537 2359 3610">
    <p class='ocr_par' dir='ltr' id='par_1_67' title="bbox 781 3537 2359 3610">
     <span class='ocr_line' id='line_1_67' title="bbox 781 3537 2359 3610; baseline 0.004 -21"><span class='ocrx_word' id='word_1_466' title='bbox 781 3537 1064 3607; x_wconf 82' lang='lat' dir='ltr'><strong>adjuugat.</strong></span> <span class='ocrx_word' id='word_1_467' title='bbox 1129 3537 1308 3592; x_wconf 85' lang='lat' dir='ltr'><strong>Duces</strong></span> <span class='ocrx_word' id='word_1_468' title='bbox 1358 3540 1595 3607; x_wconf 85' lang='lat' dir='ltr'><strong>acceptis</strong></span> <span class='ocrx_word' id='word_1_469' title='bbox 1648 3540 1849 3594; x_wconf 84' lang='lat' dir='ltr'><strong>litteris</strong></span> <span class='ocrx_word' id='word_1_470' title='bbox 1895 3542 2240 3610; x_wconf 88' lang='lat' dir='ltr'><strong>quieverunt,</strong></span> <span class='ocrx_word' id='word_1_471' title='bbox 2281 3543 2359 3597; x_wconf 91' lang='lat' dir='ltr'><strong>uti</strong></span> 
     </span>
    </p>
   </div>
   <div class='ocr_carea' id='block_1_68' title="bbox 781 3628 2357 3702">
    <p class='ocr_par' dir='ltr' id='par_1_68' title="bbox 781 3628 2357 3702">
     <span class='ocr_line' id='line_1_68' title="bbox 781 3628 2357 3702; baseline 0.006 -23"><span class='ocrx_word' id='word_1_472' title='bbox 781 3637 938 3681; x_wconf 83' lang='lat' dir='ltr'><strong>erant</strong></span> <span class='ocrx_word' id='word_1_473' title='bbox 979 3628 1140 3697; x_wconf 89' lang='lat' dir='ltr'><strong>jussi,</strong></span> <span class='ocrx_word' id='word_1_474' title='bbox 1191 3639 1244 3683; x_wconf 90' lang='lat' dir='ltr'><strong>et</strong></span> <span class='ocrx_word' id='word_1_475' title='bbox 1293 3629 1568 3700; x_wconf 87' lang='lat' dir='ltr'><strong>Lipariteu</strong></span> <span class='ocrx_word' id='word_1_476' title='bbox 1603 3640 2010 3701; x_wconf 83' lang='lat' dir='ltr'><strong>exspectarunt.</strong></span> <span class='ocrx_word' id='word_1_477' title='bbox 2059 3635 2238 3702; x_wconf 88' lang='lat' dir='ltr'><strong>Atque</strong></span> <span class='ocrx_word' id='word_1_478' title='bbox 2287 3635 2357 3698; x_wconf 90' lang='lat' dir='ltr'><strong>is,</strong></span> 
     </span>
    </p>
   </div>
   <div class='ocr_carea' id='block_1_69' title="bbox 784 3723 2360 3796">
    <p class='ocr_par' dir='ltr' id='par_1_69' title="bbox 784 3723 2360 3796">
     <span class='ocr_line' id='line_1_69' title="bbox 784 3723 2360 3796; baseline 0.004 -22"><span class='ocrx_word' id='word_1_479' title='bbox 784 3723 1129 3791; x_wconf 89' lang='lat' dir='ltr'><strong>imperatoris</strong></span> <span class='ocrx_word' id='word_1_480' title='bbox 1160 3725 1420 3778; x_wconf 84' lang='lat' dir='ltr'><strong>mandato</strong></span> <span class='ocrx_word' id='word_1_481' title='bbox 1453 3736 1733 3795; x_wconf 88' lang='lat' dir='ltr'><strong>percepto,</strong></span> <span class='ocrx_word' id='word_1_482' title='bbox 1765 3741 1892 3781; x_wconf 89' lang='lat' dir='ltr'><strong>suos</strong></span> <span class='ocrx_word' id='word_1_483' title='bbox 1922 3741 2017 3796; x_wconf 88' lang='lat' dir='ltr'><strong>per</strong></span> <span class='ocrx_word' id='word_1_484' title='bbox 2045 3727 2215 3780; x_wconf 89' lang='lat' dir='ltr'><strong>otium</strong></span> <span class='ocrx_word' id='word_1_485' title='bbox 2247 3729 2360 3781; x_wconf 87' lang='lat' dir='ltr'><strong>col-</strong></span> 
     </span>
    </p>
   </div>
   <div class='ocr_carea' id='block_1_70' title="bbox 786 3813 2355 3888">
    <p class='ocr_par' dir='ltr' id='par_1_70' title="bbox 786 3813 2355 3888">
     <span class='ocr_line' id='line_1_70' title="bbox 786 3813 2355 3888; baseline 0.006 -24"><span class='ocrx_word' id='word_1_486' title='bbox 786 3813 914 3878; x_wconf 73' lang='lat' dir='ltr'><strong>legit</strong></span> <span class='ocrx_word' id='word_1_487' title='bbox 938 3821 1100 3882; x_wconf 86' lang='lat' dir='ltr'><strong>atque</strong></span> <span class='ocrx_word' id='word_1_488' title='bbox 1129 3816 1378 3868; x_wconf 85' lang='lat' dir='ltr'><strong>armavit.</strong></span> <span class='ocrx_word' id='word_1_489' title='bbox 1426 3815 1562 3869; x_wconf 92' lang='lat' dir='ltr'><strong>Dum</strong></span> <span class='ocrx_word' id='word_1_490' title='bbox 1614 3817 1665 3870; x_wconf 93' lang='lat' dir='ltr'><strong>id</strong></span> <span class='ocrx_word' id='word_1_491' title='bbox 1698 3817 1842 3872; x_wconf 89' lang='lat' dir='ltr'><strong>litae</strong></span> <span class='ocrx_word' id='word_1_492' title='bbox 1872 3827 2089 3888; x_wconf 90' lang='lat' dir='ltr'><strong>tempus</strong></span> <span class='ocrx_word' id='word_1_493' title='bbox 2137 3820 2355 3883; x_wconf 89' lang='lat' dir='ltr'><strong>teritur,</strong></span> 
     </span>
    </p>
   </div>
   <div class='ocr_carea' id='block_1_71' title="bbox 786 3901 2361 3980">
    <p class='ocr_par' dir='ltr' id='par_1_71' title="bbox 786 3901 2361 3980">
     <span class='ocr_line' id='line_1_71' title="bbox 786 3901 2361 3980; baseline 0.008 -30"><span class='ocrx_word' id='word_1_494' title='bbox 786 3902 1003 3954; x_wconf 84' lang='lat' dir='ltr'><strong>interim</strong></span> <span class='ocrx_word' id='word_1_495' title='bbox 1034 3901 1325 3956; x_wconf 86' lang='lat' dir='ltr'><strong>Abramius</strong></span> <span class='ocrx_word' id='word_1_496' title='bbox 1348 3904 1402 3957; x_wconf 93' lang='lat' dir='ltr'><strong>in</strong></span> <span class='ocrx_word' id='word_1_497' title='bbox 1439 3903 1893 3974; x_wconf 87' lang='lat' dir='ltr'><strong>Baaspracaniam</strong></span> <span class='ocrx_word' id='word_1_498' title='bbox 1943 3908 2089 3962; x_wconf 86' lang='lat' dir='ltr'><strong>venit</strong></span> <span class='ocrx_word' id='word_1_499' title='bbox 2120 3927 2136 3976; x_wconf 81' lang='lat'><strong>;</strong></span> <span class='ocrx_word' id='word_1_500' title='bbox 2172 3910 2361 3980; x_wconf 79' lang='lat' dir='ltr'><strong>cogni-</strong></span> 
     </span>
    </p>
   </div>
   <div class='ocr_carea' id='block_1_72' title="bbox 789 3993 2361 4066">
    <p class='ocr_par' dir='ltr' id='par_1_72' title="bbox 789 3993 2361 4066">
     <span class='ocr_line' id='line_1_72' title="bbox 789 3993 2361 4066; baseline 0.007 -22"><span class='ocrx_word' id='word_1_501' title='bbox 789 4005 957 4060; x_wconf 82' lang='lat' dir='ltr'><strong>tuque</strong></span> <span class='ocrx_word' id='word_1_502' title='bbox 1000 3993 1295 4058; x_wconf 75' lang='lat' dir='ltr'><strong>Romanos,</strong></span> <span class='ocrx_word' id='word_1_503' title='bbox 1339 3995 1434 4066; x_wconf 91' lang='lat' dir='ltr'><strong>qui</strong></span> <span class='ocrx_word' id='word_1_504' title='bbox 1483 3997 1556 4050; x_wconf 89' lang='lat' dir='ltr'><strong>ibi</strong></span> <span class='ocrx_word' id='word_1_505' title='bbox 1607 3997 1824 4053; x_wconf 82' lang='lat' dir='ltr'><strong>fuerant</strong></span> <span class='ocrx_word' id='word_1_506' title='bbox 1859 4000 2093 4062; x_wconf 91' lang='lat' dir='ltr'><strong>collecti,</strong></span> <span class='ocrx_word' id='word_1_507' title='bbox 2136 4016 2236 4056; x_wconf 87' lang='lat' dir='ltr'><strong>suo</strong></span> <span class='ocrx_word' id='word_1_508' title='bbox 2267 4000 2361 4055; x_wconf 89' lang='lat' dir='ltr'><strong>ad-</strong></span> 
     </span>
    </p>
   </div>
   <div class='ocr_carea' id='block_1_73' title="bbox 787 4086 2360 4161">
    <p class='ocr_par' dir='ltr' id='par_1_73' title="bbox 787 4086 2360 4161">
     <span class='ocr_line' id='line_1_73' title="bbox 787 4086 2360 4161; baseline 0.007 -25"><span class='ocrx_word' id='word_1_509' title='bbox 787 4094 951 4139; x_wconf 85' lang='lat' dir='ltr'><strong>ventu</strong></span> <span class='ocrx_word' id='word_1_510' title='bbox 989 4086 1265 4142; x_wconf 89' lang='lat' dir='ltr'><strong>intellecto</strong></span> <span class='ocrx_word' id='word_1_511' title='bbox 1303 4089 1354 4141; x_wconf 89' lang='lat' dir='ltr'><strong>in</strong></span> <span class='ocrx_word' id='word_1_512' title='bbox 1381 4087 1608 4143; x_wconf 86' lang='lat' dir='ltr'><strong>lberiam</strong></span> <span class='ocrx_word' id='word_1_513' title='bbox 1647 4093 1965 4156; x_wconf 87' lang='lat' dir='ltr'><strong>recessisse,</strong></span> <span class='ocrx_word' id='word_1_514' title='bbox 1996 4108 2106 4161; x_wconf 66' lang='lat' dir='ltr'><strong>prae</strong></span> <span class='ocrx_word' id='word_1_515' title='bbox 2133 4104 2278 4148; x_wconf 90' lang='lat' dir='ltr'><strong>metu</strong></span> <span class='ocrx_word' id='word_1_516' title='bbox 2309 4094 2360 4147; x_wconf 88' lang='lat' dir='ltr'><strong>id</strong></span> 
     </span>
    </p>
   </div>
   <div class='ocr_carea' id='block_1_74' title="bbox 790 4178 2364 4256">
    <p class='ocr_par' dir='ltr' id='par_1_74' title="bbox 790 4178 2364 4256">
     <span class='ocr_line' id='line_1_74' title="bbox 790 4178 2364 4256; baseline 0.008 -29"><span class='ocrx_word' id='word_1_517' title='bbox 790 4178 860 4232; x_wconf 88' lang='lat' dir='ltr'><strong>ab</strong></span> <span class='ocrx_word' id='word_1_518' title='bbox 887 4180 952 4233; x_wconf 90' lang='lat' dir='ltr'><strong>iis</strong></span> <span class='ocrx_word' id='word_1_519' title='bbox 984 4178 1186 4234; x_wconf 77' lang='lat' dir='ltr'><strong>factum</strong></span> <span class='ocrx_word' id='word_1_520' title='bbox 1216 4223 1229 4245; x_wconf 86' lang='lat'><strong>,</strong></span> <span class='ocrx_word' id='word_1_521' title='bbox 1257 4182 1402 4250; x_wconf 85' lang='lat' dir='ltr'><strong>quod</strong></span> <span class='ocrx_word' id='word_1_522' title='bbox 1429 4191 1545 4236; x_wconf 85' lang='lat' dir='ltr'><strong>erat</strong></span> <span class='ocrx_word' id='word_1_523' title='bbox 1576 4183 1858 4252; x_wconf 86' lang='lat' dir='ltr'><strong>probabile</strong></span> <span class='ocrx_word' id='word_1_524' title='bbox 1882 4227 1897 4250; x_wconf 93' lang='lat'><strong>,</strong></span> <span class='ocrx_word' id='word_1_525' title='bbox 1933 4194 2106 4250; x_wconf 90' lang='lat' dir='ltr'><strong>ratus,</strong></span> <span class='ocrx_word' id='word_1_526' title='bbox 2143 4188 2364 4256; x_wconf 84' lang='lat' dir='ltr'><strong>postha-</strong></span> 
     </span>
    </p>
   </div>
   <div class='ocr_carea' id='block_1_75' title="bbox 791 4271 2364 4347">
    <p class='ocr_par' dir='ltr' id='par_1_75' title="bbox 791 4271 2364 4347">
     <span class='ocr_line' id='line_1_75' title="bbox 791 4271 2364 4347; baseline 0.006 -24"><span class='ocrx_word' id='word_1_527' title='bbox 791 4271 920 4324; x_wconf 80' lang='lat' dir='ltr'><strong>bitis</strong></span> <span class='ocrx_word' id='word_1_528' title='bbox 947 4271 1348 4340; x_wconf 87' lang='lat' dir='ltr'><strong>direptionibus</strong></span> <span class='ocrx_word' id='word_1_529' title='bbox 1372 4289 1466 4328; x_wconf 89' lang='lat' dir='ltr'><strong>eos</strong></span> <span class='ocrx_word' id='word_1_530' title='bbox 1481 4283 1562 4328; x_wconf 92' lang='lat' dir='ltr'><strong>est</strong></span> <span class='ocrx_word' id='word_1_531' title='bbox 1584 4275 1891 4340; x_wconf 90' lang='lat' dir='ltr'><strong>insecutus,</strong></span> <span class='ocrx_word' id='word_1_532' title='bbox 1924 4278 2150 4346; x_wconf 88' lang='lat' dir='ltr'><strong>cupiens</strong></span> <span class='ocrx_word' id='word_1_533' title='bbox 2178 4281 2364 4347; x_wconf 55' lang='lat' dir='ltr'><strong>praelia</strong></span> 
     </span>
    </p>
   </div>
   <div class='ocr_carea' id='block_1_76' title="bbox 790 4361 2362 4439">
    <p class='ocr_par' dir='ltr' id='par_1_76' title="bbox 790 4361 2362 4439">
     <span class='ocr_line' id='line_1_76' title="bbox 790 4361 2362 4439; baseline 0.006 -27"><span class='ocrx_word' id='word_1_534' title='bbox 790 4362 1048 4432; x_wconf 61' lang='lat' dir='ltr'><strong>congredi</strong></span> <span class='ocrx_word' id='word_1_535' title='bbox 1066 4361 1226 4436; x_wconf 76' lang='lat'><strong>577</strong></span> <span class='ocrx_word' id='word_1_536' title='bbox 1250 4364 1561 4432; x_wconf 67' lang='lat' dir='ltr'><strong>priusquam</strong></span> <span class='ocrx_word' id='word_1_537' title='bbox 1584 4365 1703 4419; x_wconf 63' lang='lat' dir='ltr'><strong>alia:</strong></span> <span class='ocrx_word' id='word_1_538' title='bbox 1715 4365 2155 4422; x_wconf 86' lang='lat' dir='ltr'><strong>conducerentur</strong></span> <span class='ocrx_word' id='word_1_539' title='bbox 2171 4370 2362 4439; x_wconf 59' lang='lat' dir='ltr'><strong>copiae.</strong></span> 
     </span>
    </p>
   </div>
   <div class='ocr_carea' id='block_1_77' title="bbox 791 4452 2363 4526">
    <p class='ocr_par' dir='ltr' id='par_1_77' title="bbox 791 4452 2363 4526">
     <span class='ocr_line' id='line_1_77' title="bbox 791 4452 2363 4526; baseline 0.008 -25"><span class='ocrx_word' id='word_1_540' title='bbox 791 4452 1064 4507; x_wconf 73' lang='lat' dir='ltr'><strong>Certiores</strong></span> <span class='ocrx_word' id='word_1_541' title='bbox 1081 4452 1182 4506; x_wconf 88' lang='lat' dir='ltr'><strong>bac</strong></span> <span class='ocrx_word' id='word_1_542' title='bbox 1205 4454 1270 4507; x_wconf 87' lang='lat' dir='ltr'><strong>de</strong></span> <span class='ocrx_word' id='word_1_543' title='bbox 1291 4468 1350 4508; x_wconf 91' lang='lat' dir='ltr'><strong>re</strong></span> <span class='ocrx_word' id='word_1_544' title='bbox 1379 4454 1506 4508; x_wconf 85' lang='lat' dir='ltr'><strong>lacti</strong></span> <span class='ocrx_word' id='word_1_545' title='bbox 1534 4455 1703 4511; x_wconf 87' lang='lat' dir='ltr'><strong>duces</strong></span> <span class='ocrx_word' id='word_1_546' title='bbox 1733 4459 2096 4526; x_wconf 85' lang='lat' dir='ltr'><strong>imperatoris,</strong></span> <span class='ocrx_word' id='word_1_547' title='bbox 2116 4476 2180 4514; x_wconf 86' lang='lat' dir='ltr'><strong>ac</strong></span> <span class='ocrx_word' id='word_1_548' title='bbox 2208 4462 2363 4514; x_wconf 79' lang='lat' dir='ltr'><strong>veriti</strong></span> 
     </span>
    </p>
   </div>
   <div class='ocr_carea' id='block_1_78' title="bbox 793 4544 2363 4619">
    <p class='ocr_par' dir='ltr' id='par_1_78' title="bbox 793 4544 2363 4619">
     <span class='ocr_line' id='line_1_78' title="bbox 793 4544 2363 4619; baseline 0.006 -24"><span class='ocrx_word' id='word_1_549' title='bbox 793 4558 863 4595; x_wconf 89' lang='lat' dir='ltr'><strong>ne</strong></span> <span class='ocrx_word' id='word_1_550' title='bbox 917 4544 996 4598; x_wconf 88' lang='lat' dir='ltr'><strong>vel</strong></span> <span class='ocrx_word' id='word_1_551' title='bbox 1037 4544 1193 4597; x_wconf 83' lang='lat' dir='ltr'><strong>imiti</strong></span> <span class='ocrx_word' id='word_1_552' title='bbox 1235 4559 1563 4615; x_wconf 81' lang='lat' dir='ltr'><strong>cogerentur</strong></span> <span class='ocrx_word' id='word_1_553' title='bbox 1613 4557 1736 4602; x_wconf 86' lang='lat' dir='ltr'><strong>ante</strong></span> <span class='ocrx_word' id='word_1_554' title='bbox 1780 4548 2033 4619; x_wconf 81' lang='lat' dir='ltr'><strong>Liparita:</strong></span> <span class='ocrx_word' id='word_1_555' title='bbox 2077 4553 2363 4606; x_wconf 81' lang='lat' dir='ltr'><strong>adventum</strong></span> 
     </span>
    </p>
   </div>
   <div class='ocr_carea' id='block_1_79' title="bbox 795 4637 2364 4711">
    <p class='ocr_par' dir='ltr' id='par_1_79' title="bbox 795 4637 2364 4711">
     <span class='ocr_line' id='line_1_79' title="bbox 795 4637 2364 4711; baseline 0.006 -23"><span class='ocrx_word' id='word_1_556' title='bbox 795 4651 1061 4705; x_wconf 77' lang='lat' dir='ltr'><strong>pugnare,</strong></span> <span class='ocrx_word' id='word_1_557' title='bbox 1096 4637 1491 4692; x_wconf 82' lang='lat' dir='ltr'><strong>subduxerunt</strong></span> <span class='ocrx_word' id='word_1_558' title='bbox 1521 4655 1579 4694; x_wconf 92' lang='lat' dir='ltr'><strong>se</strong></span> <span class='ocrx_word' id='word_1_559' title='bbox 1604 4641 1658 4694; x_wconf 93' lang='lat' dir='ltr'><strong>iu</strong></span> <span class='ocrx_word' id='word_1_560' title='bbox 1689 4641 1864 4694; x_wconf 89' lang='lat' dir='ltr'><strong>locum</strong></span> <span class='ocrx_word' id='word_1_561' title='bbox 1890 4644 2178 4711; x_wconf 85' lang='lat' dir='ltr'><strong>quemdam</strong></span> <span class='ocrx_word' id='word_1_562' title='bbox 2216 4645 2364 4698; x_wconf 88' lang='lat' dir='ltr'><strong>aditu</strong></span> 
     </span>
    </p>
   </div>
   <div class='ocr_carea' id='block_1_80' title="bbox 2462 3435 4035 3515">
    <p class='ocr_par' dir='ltr' id='par_1_80' title="bbox 2462 3435 4035 3515">
     <span class='ocr_line' id='line_1_80' title="bbox 2462 3435 4035 3515; baseline -0.009 -17"><span class='ocrx_word' id='word_1_563' title='bbox 2462 3448 2726 3515; x_wconf 80' lang='grc' dir='ltr'>γυναῖκας</span> <span class='ocrx_word' id='word_1_564' title='bbox 2747 3445 2841 3496; x_wconf 77' lang='grc' dir='ltr'>καὶ</span> <span class='ocrx_word' id='word_1_565' title='bbox 2865 3443 3057 3504; x_wconf 80' lang='grc' dir='ltr'>παῖδας</span> <span class='ocrx_word' id='word_1_566' title='bbox 3083 3444 3175 3494; x_wconf 81' lang='grc' dir='ltr'>καὶ</span> <span class='ocrx_word' id='word_1_567' title='bbox 3199 3444 3306 3494; x_wconf 85' lang='grc' dir='ltr'>πᾶν</span> <span class='ocrx_word' id='word_1_568' title='bbox 3335 3443 3362 3494; x_wconf 77' lang='grc' dir='ltr'>ὅ</span> <span class='ocrx_word' id='word_1_569' title='bbox 3393 3458 3442 3492; x_wconf 84' lang='grc' dir='ltr'><strong>τι</strong></span> <span class='ocrx_word' id='word_1_570' title='bbox 3473 3441 3650 3508; x_wconf 89' lang='grc' dir='ltr'>τίμιον</span> <span class='ocrx_word' id='word_1_571' title='bbox 3683 3435 4035 3504; x_wconf 75' lang='grc' dir='ltr'>συγκλείσαν-</span> 
     </span>
    </p>
   </div>
   <div class='ocr_carea' id='block_1_81' title="bbox 2461 3531 4036 3609">
    <p class='ocr_par' dir='ltr' id='par_1_81' title="bbox 2461 3531 4036 3609">
     <span class='ocr_line' id='line_1_81' title="bbox 2461 3531 4036 3609; baseline -0.008 -14"><span class='ocrx_word' id='word_1_572' title='bbox 2461 3559 2551 3604; x_wconf 86' lang='grc' dir='ltr'><strong>τες</strong></span> <span class='ocrx_word' id='word_1_573' title='bbox 2581 3544 2638 3594; x_wconf 87' lang='grc' dir='ltr'><strong>ἐν</strong></span> <span class='ocrx_word' id='word_1_574' title='bbox 2671 3543 2782 3603; x_wconf 86' lang='grc' dir='ltr'>τοῖς</span> <span class='ocrx_word' id='word_1_575' title='bbox 2812 3539 3165 3609; x_wconf 80' lang='grc' dir='ltr'>ὀχυρώμασιν</span> <span class='ocrx_word' id='word_1_576' title='bbox 3185 3555 3196 3566; x_wconf 87' lang='grc'>·</span> <span class='ocrx_word' id='word_1_577' title='bbox 3227 3537 3476 3607; x_wconf 75' lang='grc' dir='ltr'>ἔγραψαν</span> <span class='ocrx_word' id='word_1_578' title='bbox 3516 3535 3572 3588; x_wconf 85' lang='grc' dir='ltr'><strong>δέ</strong></span> <span class='ocrx_word' id='word_1_579' title='bbox 3604 3537 3697 3587; x_wconf 84' lang='grc' dir='ltr'><strong>καὶ</strong></span> <span class='ocrx_word' id='word_1_580' title='bbox 3722 3533 3796 3601; x_wconf 82' lang='grc' dir='ltr'>τῷ</span> <span class='ocrx_word' id='word_1_581' title='bbox 3829 3531 4036 3600; x_wconf 86' lang='grc' dir='ltr'>βασιλεί</span> 
     </span>
    </p>
   </div>
   <div class='ocr_carea' id='block_1_82' title="bbox 2460 3620 4035 3702">
    <p class='ocr_par' dir='ltr' id='par_1_82' title="bbox 2460 3620 4035 3702">
     <span class='ocr_line' id='line_1_82' title="bbox 2460 3620 4035 3702; baseline -0.011 -16"><span class='ocrx_word' id='word_1_582' title='bbox 2460 3631 2548 3686; x_wconf 81' lang='grc' dir='ltr'>διὰ</span> <span class='ocrx_word' id='word_1_583' title='bbox 2592 3631 2954 3702; x_wconf 78' lang='grc' dir='ltr'>ταχυδρόμου,</span> <span class='ocrx_word' id='word_1_584' title='bbox 3000 3628 3457 3698; x_wconf 74' lang='grc' dir='ltr'>δηλοποιήσαντες</span> <span class='ocrx_word' id='word_1_585' title='bbox 3497 3624 3596 3692; x_wconf 80' lang='grc' dir='ltr'>τὴν</span> <span class='ocrx_word' id='word_1_586' title='bbox 3636 3621 3745 3673; x_wconf 81' lang='grc' dir='ltr'>τῶν</span> <span class='ocrx_word' id='word_1_587' title='bbox 3777 3620 4035 3672; x_wconf 79' lang='grc' dir='ltr'>ἐναντίων</span> 
     </span>
    </p>
   </div>
   <div class='ocr_carea' id='block_1_83' title="bbox 2462 3710 4034 3791">
    <p class='ocr_par' dir='ltr' id='par_1_83' title="bbox 2462 3710 4034 3791">
     <span class='ocr_line' id='line_1_83' title="bbox 2462 3710 4034 3791; baseline -0.011 -13"><span class='ocrx_word' id='word_1_588' title='bbox 2462 3725 2773 3778; x_wconf 87' lang='grc' dir='ltr'>ἐπέλευσιν.</span> <span class='ocrx_word' id='word_1_589' title='bbox 2815 3721 3119 3791; x_wconf 73' lang='grc' dir='ltr'>Δεξάμενος</span> <span class='ocrx_word' id='word_1_590' title='bbox 3149 3720 3243 3772; x_wconf 74' lang='grc' dir='ltr'><strong>οὖν</strong></span> <span class='ocrx_word' id='word_1_591' title='bbox 3273 3714 3425 3780; x_wconf 72' lang='grc' dir='ltr'>οὗτος</span> <span class='ocrx_word' id='word_1_592' title='bbox 3452 3718 3519 3769; x_wconf 71' lang='grc' dir='ltr'><strong>τὰ</strong></span> <span class='ocrx_word' id='word_1_593' title='bbox 3559 3715 3860 3785; x_wconf 80' lang='grc' dir='ltr'>γράμματα</span> <span class='ocrx_word' id='word_1_594' title='bbox 3890 3710 4034 3762; x_wconf 81' lang='grc' dir='ltr'>ἐκεί-</span> 
     </span>
    </p>
   </div>
   <div class='ocr_carea' id='block_1_84' title="bbox 2463 3802 4037 3886">
    <p class='ocr_par' dir='ltr' id='par_1_84' title="bbox 2463 3802 4037 3886">
     <span class='ocr_line' id='line_1_84' title="bbox 2463 3802 4037 3886; baseline -0.019 -9"><span class='ocrx_word' id='word_1_595' title='bbox 2463 3834 2571 3878; x_wconf 68' lang='grc' dir='ltr'>νοις</span> <span class='ocrx_word' id='word_1_596' title='bbox 2604 3817 2700 3886; x_wconf 78' lang='grc' dir='ltr'><strong>μὲν</strong></span> <span class='ocrx_word' id='word_1_597' title='bbox 2731 3815 2946 3883; x_wconf 80' lang='grc' dir='ltr'>ἐπέχειν</span> <span class='ocrx_word' id='word_1_598' title='bbox 2980 3813 3246 3877; x_wconf 87' lang='grc' dir='ltr'>ἐκέλευεν,</span> <span class='ocrx_word' id='word_1_599' title='bbox 3275 3811 3377 3872; x_wconf 80' lang='grc' dir='ltr'>ἓως</span> <span class='ocrx_word' id='word_1_600' title='bbox 3413 3809 3478 3861; x_wconf 84' lang='grc' dir='ltr'><strong>ἂν</strong></span> <span class='ocrx_word' id='word_1_601' title='bbox 3505 3809 3532 3860; x_wconf 83' lang='grc' dir='ltr'>ὁ</span> <span class='ocrx_word' id='word_1_602' title='bbox 3564 3806 3866 3874; x_wconf 83' lang='grc' dir='ltr'>Λιπαρίτης</span> <span class='ocrx_word' id='word_1_603' title='bbox 3899 3802 4037 3871; x_wconf 71' lang='grc' dir='ltr'>μετὰ</span> 
     </span>
    </p>
   </div>
   <div class='ocr_carea' id='block_1_85' title="bbox 2463 3898 4036 3978">
    <p class='ocr_par' dir='ltr' id='par_1_85' title="bbox 2463 3898 4036 3978">
     <span class='ocr_line' id='line_1_85' title="bbox 2463 3898 4036 3978; baseline -0.011 -16"><span class='ocrx_word' id='word_1_604' title='bbox 2463 3910 2560 3978; x_wconf 79' lang='grc' dir='ltr'>τῆς</span> <span class='ocrx_word' id='word_1_605' title='bbox 2595 3907 2702 3961; x_wconf 86' lang='grc' dir='ltr'>τῶν</span> <span class='ocrx_word' id='word_1_606' title='bbox 2743 3908 2970 3978; x_wconf 73' lang='grc' dir='ltr'>Ἰϐήρων</span> <span class='ocrx_word' id='word_1_607' title='bbox 3003 3907 3286 3974; x_wconf 82' lang='grc' dir='ltr'>δυνάμεως</span> <span class='ocrx_word' id='word_1_608' title='bbox 3338 3902 3506 3954; x_wconf 85' lang='grc' dir='ltr'>ἐλθὼν</span> <span class='ocrx_word' id='word_1_609' title='bbox 3548 3903 3660 3963; x_wconf 87' lang='grc' dir='ltr'>τοῖς</span> <span class='ocrx_word' id='word_1_610' title='bbox 3709 3898 4036 3966; x_wconf 76' lang='grc' dir='ltr'>Ῥωμαϊκοῖς</span> 
     </span>
    </p>
   </div>
   <div class='ocr_carea' id='block_1_86' title="bbox 2463 3992 4037 4072">
    <p class='ocr_par' dir='ltr' id='par_1_86' title="bbox 2463 3992 4037 4072">
     <span class='ocr_line' id='line_1_86' title="bbox 2463 3992 4037 4072; baseline -0.01 -19"><span class='ocrx_word' id='word_1_611' title='bbox 2463 4001 2636 4072; x_wconf 83' lang='grc' dir='ltr'>ἐνωθῇ</span> <span class='ocrx_word' id='word_1_612' title='bbox 2669 4001 3041 4070; x_wconf 77' lang='grc' dir='ltr'>στρατεύμασι</span> <span class='ocrx_word' id='word_1_613' title='bbox 3066 4018 3077 4031; x_wconf 63' lang='grc' dir='ltr'>δ</span> <span class='ocrx_word' id='word_1_614' title='bbox 3117 3999 3325 4066; x_wconf 85' lang='grc' dir='ltr'>πέμπει</span> <span class='ocrx_word' id='word_1_615' title='bbox 3368 3997 3420 4048; x_wconf 81' lang='grc' dir='ltr'><strong>δέ</strong></span> <span class='ocrx_word' id='word_1_616' title='bbox 3463 3997 3594 4064; x_wconf 75' lang='grc' dir='ltr'>πρὸς</span> <span class='ocrx_word' id='word_1_617' title='bbox 3622 3992 3826 4044; x_wconf 81' lang='grc' dir='ltr'>ἐκεῖνον</span> <span class='ocrx_word' id='word_1_618' title='bbox 3859 3992 4037 4057; x_wconf 55' lang='lat' dir='ltr'><strong>way.-</strong></span> 
     </span>
    </p>
   </div>
   <div class='ocr_carea' id='block_1_87' title="bbox 2467 4083 4036 4162">
    <p class='ocr_par' dir='ltr' id='par_1_87' title="bbox 2467 4083 4036 4162">
     <span class='ocr_line' id='line_1_87' title="bbox 2467 4083 4036 4162; baseline 0.003 -17"><span class='ocrx_word' id='word_1_619' title='bbox 2467 4111 2611 4162; x_wconf 82' lang='grc' dir='ltr'>ματα</span> <span class='ocrx_word' id='word_1_620' title='bbox 2657 4092 2996 4161; x_wconf 77' lang='grc' dir='ltr'>διοριζόμενα</span> <span class='ocrx_word' id='word_1_621' title='bbox 3041 4093 3138 4159; x_wconf 79' lang='grc' dir='ltr'>τὴν</span> <span class='ocrx_word' id='word_1_622' title='bbox 3195 4089 3477 4158; x_wconf 75' lang='grc' dir='ltr'>ταχίστην.</span> <span class='ocrx_word' id='word_1_623' title='bbox 3540 4088 3698 4153; x_wconf 78' lang='grc' dir='ltr'>εἴπερ</span> <span class='ocrx_word' id='word_1_624' title='bbox 3752 4083 4036 4152; x_wconf 65' lang='grc' dir='ltr'>σύμίλ-αχθν</span> 
     </span>
    </p>
   </div>
   <div class='ocr_carea' id='block_1_88' title="bbox 2464 4177 4038 4252">
    <p class='ocr_par' dir='ltr' id='par_1_88' title="bbox 2464 4177 4038 4252">
     <span class='ocr_line' id='line_1_88' title="bbox 2464 4177 4038 4252; baseline -0.009 -15"><span class='ocrx_word' id='word_1_625' title='bbox 2464 4186 2655 4238; x_wconf 75' lang='grc' dir='ltr'>ἑαυτὸν</span> <span class='ocrx_word' id='word_1_626' title='bbox 2689 4186 2780 4239; x_wconf 78' lang='grc' dir='ltr'><strong>καὶ</strong></span> <span class='ocrx_word' id='word_1_627' title='bbox 2799 4185 2949 4252; x_wconf 78' lang='grc' dir='ltr'>φίλον</span> <span class='ocrx_word' id='word_1_628' title='bbox 2971 4183 3145 4252; x_wconf 77' lang='grc' dir='ltr'>κρίνει</span> <span class='ocrx_word' id='word_1_629' title='bbox 3178 4182 3481 4250; x_wconf 80' lang='grc' dir='ltr'>Ῥωμαίων,</span> <span class='ocrx_word' id='word_1_630' title='bbox 3508 4178 3836 4248; x_wconf 58' lang='grc' dir='ltr'>ἀνειληεότα</span> <span class='ocrx_word' id='word_1_631' title='bbox 3863 4177 4038 4226; x_wconf 56' lang='grc' dir='ltr'>πάντα</span> 
     </span>
    </p>
   </div>
   <div class='ocr_carea' id='block_1_89' title="bbox 2463 4268 4039 4347">
    <p class='ocr_par' dir='ltr' id='par_1_89' title="bbox 2463 4268 4039 4347">
     <span class='ocr_line' id='line_1_89' title="bbox 2463 4268 4039 4347; baseline -0.011 -15"><span class='ocrx_word' id='word_1_632' title='bbox 2463 4279 2555 4332; x_wconf 72' lang='grc' dir='ltr'>τὸν</span> <span class='ocrx_word' id='word_1_633' title='bbox 2602 4279 2728 4347; x_wconf 74' lang='grc' dir='ltr'>περὶ</span> <span class='ocrx_word' id='word_1_634' title='bbox 2759 4278 2920 4330; x_wconf 72' lang='grc' dir='ltr'>αὑτὸν</span> <span class='ocrx_word' id='word_1_635' title='bbox 2962 4277 3087 4326; x_wconf 69' lang='grc' dir='ltr'>λαὸν</span> <span class='ocrx_word' id='word_1_636' title='bbox 3133 4273 3425 4342; x_wconf 69' lang='grc' dir='ltr'>ἀφικέσθαι</span> <span class='ocrx_word' id='word_1_637' title='bbox 3472 4273 3564 4324; x_wconf 74' lang='grc' dir='ltr'><strong>καὶ</strong></span> <span class='ocrx_word' id='word_1_638' title='bbox 3616 4268 3880 4338; x_wconf 74' lang='grc' dir='ltr'>συμμῖξαι</span> <span class='ocrx_word' id='word_1_639' title='bbox 3928 4268 4039 4316; x_wconf 68' lang='grc' dir='ltr'>τοῖς</span> 
     </span>
    </p>
   </div>
   <div class='ocr_carea' id='block_1_90' title="bbox 2469 4359 4039 4440">
    <p class='ocr_par' dir='ltr' id='par_1_90' title="bbox 2469 4359 4039 4440">
     <span class='ocr_line' id='line_1_90' title="bbox 2469 4359 4039 4440; baseline -0.01 -18"><span class='ocrx_word' id='word_1_640' title='bbox 2469 4372 2791 4440; x_wconf 81' lang='grc' dir='ltr'>στρατηγοῖς</span> <span class='ocrx_word' id='word_1_641' title='bbox 2838 4369 2946 4419; x_wconf 83' lang='grc' dir='ltr'><strong>τῶν</strong></span> <span class='ocrx_word' id='word_1_642' title='bbox 2988 4367 3278 4436; x_wconf 86' lang='grc' dir='ltr'>Ῥωμαίων</span> <span class='ocrx_word' id='word_1_643' title='bbox 3326 4367 3422 4417; x_wconf 69' lang='grc' dir='ltr'>καὶ</span> <span class='ocrx_word' id='word_1_644' title='bbox 3471 4363 3586 4431; x_wconf 86' lang='grc' dir='ltr'>μετ’</span> <span class='ocrx_word' id='word_1_645' title='bbox 3632 4361 3809 4412; x_wconf 70' lang='grc' dir='ltr'>αὐτῶν</span> <span class='ocrx_word' id='word_1_646' title='bbox 3852 4359 4039 4408; x_wconf 72' lang='grc' dir='ltr'>διαπο-</span> 
     </span>
    </p>
   </div>
   <div class='ocr_carea' id='block_1_91' title="bbox 2467 4448 4040 4529">
    <p class='ocr_par' dir='ltr' id='par_1_91' title="bbox 2467 4448 4040 4529">
     <span class='ocr_line' id='line_1_91' title="bbox 2467 4448 4040 4529; baseline -0.009 -16"><span class='ocrx_word' id='word_1_647' title='bbox 2467 4462 2700 4529; x_wconf 74' lang='grc' dir='ltr'>λεμῆσαι</span> <span class='ocrx_word' id='word_1_648' title='bbox 2726 4461 2859 4529; x_wconf 76' lang='grc' dir='ltr'>πρὸς</span> <span class='ocrx_word' id='word_1_649' title='bbox 2888 4460 3012 4520; x_wconf 69' lang='grc' dir='ltr'>τοὺς</span> <span class='ocrx_word' id='word_1_650' title='bbox 3041 4457 3373 4525; x_wconf 74' lang='grc' dir='ltr'>βαρόαρους.</span> <span class='ocrx_word' id='word_1_651' title='bbox 3405 4457 3465 4505; x_wconf 85' lang='grc' dir='ltr'><strong>Οἱ</strong></span> <span class='ocrx_word' id='word_1_652' title='bbox 3494 4455 3589 4521; x_wconf 76' lang='grc' dir='ltr'><strong>μὲν</strong></span> <span class='ocrx_word' id='word_1_653' title='bbox 3619 4448 3711 4504; x_wconf 77' lang='grc' dir='ltr'><strong>οὖν</strong></span> <span class='ocrx_word' id='word_1_654' title='bbox 3743 4449 4040 4516; x_wconf 76' lang='grc' dir='ltr'>στρατηγοὶ</span> 
     </span>
    </p>
   </div>
   <div class='ocr_carea' id='block_1_92' title="bbox 2468 4540 4037 4620">
    <p class='ocr_par' dir='ltr' id='par_1_92' title="bbox 2468 4540 4037 4620">
     <span class='ocr_line' id='line_1_92' title="bbox 2468 4540 4037 4620; baseline -0.004 -16"><span class='ocrx_word' id='word_1_655' title='bbox 2468 4555 2532 4604; x_wconf 61' lang='grc' dir='ltr'>τὶ</span> <span class='ocrx_word' id='word_1_656' title='bbox 2574 4554 2878 4620; x_wconf 74' lang='grc' dir='ltr'>γράμματα</span> <span class='ocrx_word' id='word_1_657' title='bbox 2908 4549 3192 4615; x_wconf 75' lang='grc' dir='ltr'>δεξάμενοι</span> <span class='ocrx_word' id='word_1_658' title='bbox 3225 4546 3466 4615; x_wconf 73' lang='grc' dir='ltr'>ἠρέμουν</span> <span class='ocrx_word' id='word_1_659' title='bbox 3498 4544 3570 4604; x_wconf 85' lang='grc' dir='ltr'><strong>ώς</strong></span> <span class='ocrx_word' id='word_1_660' title='bbox 3616 4540 4037 4608; x_wconf 73' lang='grc' dir='ltr'>ἐκελεύσθησαν.</span> 
     </span>
    </p>
   </div>
   <div class='ocr_carea' id='block_1_93' title="bbox 2479 4631 4038 4708">
    <p class='ocr_par' dir='ltr' id='par_1_93' title="bbox 2479 4631 4038 4708">
     <span class='ocr_line' id='line_1_93' title="bbox 2479 4631 4038 4708; baseline -0.008 -15"><span class='ocrx_word' id='word_1_661' title='bbox 2479 4643 2572 4694; x_wconf 69' lang='grc' dir='ltr'><strong>καὶ</strong></span> <span class='ocrx_word' id='word_1_662' title='bbox 2617 4642 2714 4708; x_wconf 76' lang='grc' dir='ltr'>τὴν</span> <span class='ocrx_word' id='word_1_663' title='bbox 2757 4639 2849 4690; x_wconf 77' lang='grc' dir='ltr'><strong>τοῦ</strong></span> <span class='ocrx_word' id='word_1_664' title='bbox 2883 4639 3182 4708; x_wconf 79' lang='grc' dir='ltr'>Λιπαρίτου</span> <span class='ocrx_word' id='word_1_665' title='bbox 3220 4636 3556 4704; x_wconf 73' lang='grc' dir='ltr'>προσέμενον</span> <span class='ocrx_word' id='word_1_666' title='bbox 3597 4631 3800 4699; x_wconf 69' lang='grc' dir='ltr'>ἄφιξιν,</span> <span class='ocrx_word' id='word_1_667' title='bbox 3834 4633 4038 4689; x_wconf 71' lang='grc' dir='ltr'>ἐκεῖνος</span> 
     </span>
    </p>
   </div>
   <div class='ocr_carea' id='block_1_94' title="bbox 796 4715 2537 4802">
    <p class='ocr_par' dir='ltr' id='par_1_94' title="bbox 796 4715 2530 4802">
     <span class='ocr_line' id='line_1_94' title="bbox 796 4715 2530 4802; baseline 0.003 -22"><span class='ocrx_word' id='word_1_668' title='bbox 796 4728 1091 4791; x_wconf 86' lang='lat' dir='ltr'><strong>dilliciletn,</strong></span> <span class='ocrx_word' id='word_1_669' title='bbox 1135 4730 1452 4798; x_wconf 78' lang='lat' dir='ltr'><strong>pra:-cipitiis</strong></span> <span class='ocrx_word' id='word_1_670' title='bbox 1488 4733 1727 4802; x_wconf 88' lang='lat' dir='ltr'><strong>undique</strong></span> <span class='ocrx_word' id='word_1_671' title='bbox 1778 4743 1831 4786; x_wconf 85' lang='lat' dir='ltr'><strong>et</strong></span> <span class='ocrx_word' id='word_1_672' title='bbox 1875 4735 2214 4788; x_wconf 82' lang='lat' dir='ltr'><strong>convallibus</strong></span> <span class='ocrx_word' id='word_1_673' title='bbox 2250 4735 2362 4788; x_wconf 92' lang='lat' dir='ltr'><strong>cin-</strong></span> <span class='ocrx_word' id='word_1_674' title='bbox 2401 4715 2444 4770; x_wconf 79' lang='grc' dir='ltr'><strong>Ῐ)</strong></span> <span class='ocrx_word' id='word_1_675' title='bbox 2474 4737 2530 4786; x_wconf 76' lang='grc' dir='ltr'>δὲ</span> 
     </span>
    </p>
   </div>
   <div class='ocr_carea' id='block_1_95' title="bbox 2298 4715 4039 4802">
    <p class='ocr_par' dir='ltr' id='par_1_95' title="bbox 2303 4715 4039 4800">
     <span class='ocr_line' id='line_1_95' title="bbox 2303 4715 4039 4800; baseline -0.009 -13"><span class='ocrx_word' id='word_1_676' title='bbox 2303 4753 2362 4788; x_wconf 92' lang='lat' dir='ltr'><strong>n-</strong></span> <span class='ocrx_word' id='word_1_677' title='bbox 2401 4715 2444 4770; x_wconf 78' lang='grc' dir='ltr'><strong>Ῐ)</strong></span> <span class='ocrx_word' id='word_1_678' title='bbox 2474 4737 2530 4786; x_wconf 79' lang='grc' dir='ltr'>δὲ</span> <span class='ocrx_word' id='word_1_679' title='bbox 2577 4735 2636 4785; x_wconf 80' lang='grc' dir='ltr'>τὺ</span> <span class='ocrx_word' id='word_1_680' title='bbox 2684 4732 2958 4800; x_wconf 82' lang='grc' dir='ltr'>βασιλικὸν</span> <span class='ocrx_word' id='word_1_681' title='bbox 3001 4731 3293 4798; x_wconf 71' lang='grc' dir='ltr'>δεξάμενος</span> <span class='ocrx_word' id='word_1_682' title='bbox 3340 4727 3667 4795; x_wconf 72' lang='grc' dir='ltr'>πρόσταγμα</span> <span class='ocrx_word' id='word_1_683' title='bbox 3709 4725 3800 4775; x_wconf 67' lang='grc' dir='ltr'>τὸν</span> <span class='ocrx_word' id='word_1_684' title='bbox 3846 4720 4039 4772; x_wconf 73' lang='grc' dir='ltr'>ἑαυτοῦ</span> 
     </span>
    </p>
   </div>
   <div class='ocr_carea' id='block_1_96' title="bbox 799 4823 2366 4896">
    <p class='ocr_par' dir='ltr' id='par_1_96' title="bbox 799 4823 2366 4896">
     <span class='ocr_line' id='line_1_96' title="bbox 799 4823 2366 4896; baseline 0.004 -23"><span class='ocrx_word' id='word_1_685' title='bbox 799 4831 974 4882; x_wconf 79' lang='lat' dir='ltr'><strong>etum,</strong></span> <span class='ocrx_word' id='word_1_686' title='bbox 1007 4829 1170 4890; x_wconf 85' lang='lat' dir='ltr'><strong>atque</strong></span> <span class='ocrx_word' id='word_1_687' title='bbox 1192 4823 1262 4875; x_wconf 89' lang='lat' dir='ltr'><strong>ibi</strong></span> <span class='ocrx_word' id='word_1_688' title='bbox 1285 4824 1632 4892; x_wconf 87' lang='lat' dir='ltr'><strong>quieverunt,</strong></span> <span class='ocrx_word' id='word_1_689' title='bbox 1658 4834 1711 4880; x_wconf 91' lang='lat' dir='ltr'><strong>et</strong></span> <span class='ocrx_word' id='word_1_690' title='bbox 1737 4827 1800 4879; x_wconf 87' lang='lat' dir='ltr'><strong>ad</strong></span> <span class='ocrx_word' id='word_1_691' title='bbox 1835 4825 2112 4896; x_wconf 88' lang='lat' dir='ltr'><strong>Liparitcn</strong></span> <span class='ocrx_word' id='word_1_692' title='bbox 2138 4831 2366 4896; x_wconf 77' lang='lat' dir='ltr'><strong>scripse-</strong></span> 
     </span>
    </p>
   </div>
   <div class='ocr_carea' id='block_1_97' title="bbox 802 4913 2366 4982">
    <p class='ocr_par' dir='ltr' id='par_1_97' title="bbox 802 4913 2366 4982">
     <span class='ocr_line' id='line_1_97' title="bbox 802 4913 2366 4982; baseline 0.004 -18"><span class='ocrx_word' id='word_1_693' title='bbox 802 4921 930 4966; x_wconf 92' lang='lat' dir='ltr'><strong>runt</strong></span> <span class='ocrx_word' id='word_1_694' title='bbox 972 4922 1031 4968; x_wconf 91' lang='lat' dir='ltr'><strong>ut</strong></span> <span class='ocrx_word' id='word_1_695' title='bbox 1064 4913 1272 4982; x_wconf 81' lang='lat' dir='ltr'><strong>absque</strong></span> <span class='ocrx_word' id='word_1_696' title='bbox 1307 4917 1655 4970; x_wconf 88' lang='lat' dir='ltr'><strong>cunctatione</strong></span> <span class='ocrx_word' id='word_1_697' title='bbox 1692 4918 1890 4970; x_wconf 88' lang='lat' dir='ltr'><strong>veniat.</strong></span> <span class='ocrx_word' id='word_1_698' title='bbox 1948 4918 2234 4972; x_wconf 85' lang='lat' dir='ltr'><strong>Abramius</strong></span> <span class='ocrx_word' id='word_1_699' title='bbox 2267 4917 2366 4971; x_wconf 69' lang='lat' dir='ltr'><strong>Ro.</strong></span> 
     </span>
    </p>
   </div>
   <div class='ocr_carea' id='block_1_98' title="bbox 805 5008 2364 5065">
    <p class='ocr_par' dir='ltr' id='par_1_98' title="bbox 805 5008 2364 5065">
     <span class='ocr_line' id='line_1_98' title="bbox 805 5008 2364 5065; baseline 0.008 -13"><span class='ocrx_word' id='word_1_700' title='bbox 805 5019 1026 5058; x_wconf 88' lang='lat' dir='ltr'><strong>manum</strong></span> <span class='ocrx_word' id='word_1_701' title='bbox 1069 5008 1368 5059; x_wconf 86' lang='lat' dir='ltr'><strong>exercitum</strong></span> <span class='ocrx_word' id='word_1_702' title='bbox 1418 5023 1527 5062; x_wconf 92' lang='lat' dir='ltr'><strong>non</strong></span> <span class='ocrx_word' id='word_1_703' title='bbox 1569 5019 1852 5063; x_wconf 77' lang='lat' dir='ltr'><strong>assecutus</strong></span> <span class='ocrx_word' id='word_1_704' title='bbox 1899 5011 1964 5063; x_wconf 89' lang='lat' dir='ltr'><strong>ad</strong></span> <span class='ocrx_word' id='word_1_705' title='bbox 2001 5013 2160 5064; x_wconf 83' lang='lat' dir='ltr'><strong>Artze</strong></span> <span class='ocrx_word' id='word_1_706' title='bbox 2201 5013 2364 5065; x_wconf 87' lang='lat' dir='ltr'><strong>venit.</strong></span> 
     </span>
    </p>
   </div>
   <div class='ocr_carea' id='block_1_99' title="bbox 806 5095 2367 5171">
    <p class='ocr_par' dir='ltr' id='par_1_99' title="bbox 806 5095 2367 5171">
     <span class='ocr_line' id='line_1_99' title="bbox 806 5095 2367 5171; baseline 0.004 -24"><span class='ocrx_word' id='word_1_707' title='bbox 806 5095 980 5164; x_wconf 69' lang='lat' dir='ltr'><strong>l’agus</strong></span> <span class='ocrx_word' id='word_1_708' title='bbox 1009 5107 1126 5151; x_wconf 88' lang='lat' dir='ltr'><strong>erat</strong></span> <span class='ocrx_word' id='word_1_709' title='bbox 1173 5099 1217 5152; x_wconf 89' lang='lat' dir='ltr'><strong>is</strong></span> <span class='ocrx_word' id='word_1_710' title='bbox 1253 5099 1444 5168; x_wconf 78' lang='lat' dir='ltr'><strong>ingens</strong></span> <span class='ocrx_word' id='word_1_711' title='bbox 1491 5115 1556 5154; x_wconf 90' lang='lat' dir='ltr'><strong>ac</strong></span> <span class='ocrx_word' id='word_1_712' title='bbox 1597 5101 1888 5154; x_wconf 90' lang='lat' dir='ltr'><strong>multorum</strong></span> <span class='ocrx_word' id='word_1_713' title='bbox 1921 5101 2148 5155; x_wconf 91' lang='lat' dir='ltr'><strong>millium</strong></span> <span class='ocrx_word' id='word_1_714' title='bbox 2173 5119 2367 5171; x_wconf 73' lang='lat' dir='ltr'><strong>capax,</strong></span> 
     </span>
    </p>
   </div>
   <div class='ocr_carea' id='block_1_100' title="bbox 805 5191 2372 5256">
    <p class='ocr_par' dir='ltr' id='par_1_100' title="bbox 805 5191 2372 5256">
     <span class='ocr_line' id='line_1_100' title="bbox 805 5191 2372 5256; baseline 0.005 -16"><span class='ocrx_word' id='word_1_715' title='bbox 805 5202 1123 5256; x_wconf 69' lang='lat' dir='ltr'><strong>magnaeque</strong></span> <span class='ocrx_word' id='word_1_716' title='bbox 1177 5205 1244 5242; x_wconf 91' lang='lat' dir='ltr'><strong>eo</strong></span> <span class='ocrx_word' id='word_1_717' title='bbox 1295 5191 1717 5245; x_wconf 89' lang='lat' dir='ltr'><strong>continebantur</strong></span> <span class='ocrx_word' id='word_1_718' title='bbox 1767 5192 1988 5246; x_wconf 64' lang='lat' dir='ltr'><strong>leiliiﬁ.</strong></span> <span class='ocrx_word' id='word_1_719' title='bbox 2043 5192 2372 5255; x_wconf 78' lang='lat' dir='ltr'><strong>Habitabant</strong></span> 
     </span>
    </p>
   </div>
   <div class='ocr_carea' id='block_1_101' title="bbox 804 5278 2369 5354">
    <p class='ocr_par' dir='ltr' id='par_1_101' title="bbox 804 5278 2369 5354">
     <span class='ocr_line' id='line_1_101' title="bbox 804 5278 2369 5354; baseline 0.005 -26"><span class='ocrx_word' id='word_1_720' title='bbox 804 5279 951 5330; x_wconf 84' lang='lat' dir='ltr'><strong>enim</strong></span> <span class='ocrx_word' id='word_1_721' title='bbox 982 5278 1053 5332; x_wconf 88' lang='lat' dir='ltr'><strong>ibi</strong></span> <span class='ocrx_word' id='word_1_722' title='bbox 1089 5295 1209 5333; x_wconf 89' lang='lat' dir='ltr'><strong>cum</strong></span> <span class='ocrx_word' id='word_1_723' title='bbox 1241 5281 1506 5350; x_wconf 75' lang='lat' dir='ltr'><strong>indigenae:</strong></span> <span class='ocrx_word' id='word_1_724' title='bbox 1541 5291 1894 5347; x_wconf 87' lang='lat' dir='ltr'><strong>mercatores,</strong></span> <span class='ocrx_word' id='word_1_725' title='bbox 1939 5293 2052 5338; x_wconf 92' lang='lat' dir='ltr'><strong>tum</strong></span> <span class='ocrx_word' id='word_1_726' title='bbox 2084 5283 2369 5354; x_wconf 82' lang='lat' dir='ltr'><strong>Syrorum,</strong></span> 
     </span>
    </p>
   </div>
   <div class='ocr_carea' id='block_1_102' title="bbox 815 5369 2375 5440">
    <p class='ocr_par' dir='ltr' id='par_1_102' title="bbox 815 5369 2375 5440">
     <span class='ocr_line' id='line_1_102' title="bbox 815 5369 2375 5440; baseline 0.006 -21"><span class='ocrx_word' id='word_1_727' title='bbox 815 5369 1190 5422; x_wconf 53' lang='lat' dir='ltr'><strong>Armeniorum</strong></span> <span class='ocrx_word' id='word_1_728' title='bbox 1223 5381 1275 5422; x_wconf 86' lang='lat' dir='ltr'><strong>et</strong></span> <span class='ocrx_word' id='word_1_729' title='bbox 1314 5371 1436 5426; x_wconf 86' lang='lat' dir='ltr'><strong>aliis</strong></span> <span class='ocrx_word' id='word_1_730' title='bbox 1469 5387 1532 5424; x_wconf 76' lang='lat' dir='ltr'><strong>ex</strong></span> <span class='ocrx_word' id='word_1_731' title='bbox 1564 5373 1880 5428; x_wconf 87' lang='lat' dir='ltr'><strong>nationibus</strong></span> <span class='ocrx_word' id='word_1_732' title='bbox 1910 5375 2201 5428; x_wconf 83' lang='lat' dir='ltr'><strong>multitudo</strong></span> <span class='ocrx_word' id='word_1_733' title='bbox 2232 5376 2375 5440; x_wconf 85' lang='lat' dir='ltr'><strong>haud</strong></span> 
     </span>
    </p>
   </div>
   <div class='ocr_carea' id='block_1_103' title="bbox 2475 4815 4040 4896">
    <p class='ocr_par' dir='ltr' id='par_1_103' title="bbox 2475 4815 4040 4896">
     <span class='ocr_line' id='line_1_103' title="bbox 2475 4815 4040 4896; baseline -0.01 -16"><span class='ocrx_word' id='word_1_734' title='bbox 2475 4829 2610 4896; x_wconf 75' lang='grc' dir='ltr'>μετὰ</span> <span class='ocrx_word' id='word_1_735' title='bbox 2636 4827 2829 4895; x_wconf 76' lang='grc' dir='ltr'>σχολῆς</span> <span class='ocrx_word' id='word_1_736' title='bbox 2867 4824 3091 4894; x_wconf 70' lang='grc' dir='ltr'>ἤθροισε</span> <span class='ocrx_word' id='word_1_737' title='bbox 3129 4825 3220 4874; x_wconf 77' lang='grc' dir='ltr'>καὶ</span> <span class='ocrx_word' id='word_1_738' title='bbox 3265 4818 3575 4878; x_wconf 75' lang='grc' dir='ltr'>καθώπλιζε</span> <span class='ocrx_word' id='word_1_739' title='bbox 3617 4816 3760 4870; x_wconf 87' lang='grc' dir='ltr'>λαόν,</span> <span class='ocrx_word' id='word_1_740' title='bbox 3822 4815 3908 4866; x_wconf 86' lang='grc' dir='ltr'>Ἐν</span> <span class='ocrx_word' id='word_1_741' title='bbox 3933 4815 4040 4881; x_wconf 76' lang='grc' dir='ltr'><strong>ὅσῳ</strong></span> 
     </span>
    </p>
   </div>
   <div class='ocr_carea' id='block_1_104' title="bbox 2471 4907 4041 4982">
    <p class='ocr_par' dir='ltr' id='par_1_104' title="bbox 2471 4907 4041 4982">
     <span class='ocr_line' id='line_1_104' title="bbox 2471 4907 4041 4982; baseline -0.002 -13"><span class='ocrx_word' id='word_1_742' title='bbox 2471 4922 2526 4972; x_wconf 83' lang='grc' dir='ltr'><strong>δέ</strong></span> <span class='ocrx_word' id='word_1_743' title='bbox 2550 4916 2699 4980; x_wconf 71' lang='grc' dir='ltr'>οὗτος</span> <span class='ocrx_word' id='word_1_744' title='bbox 2723 4918 2819 4980; x_wconf 75' lang='grc' dir='ltr'><strong>τὰς</strong></span> <span class='ocrx_word' id='word_1_745' title='bbox 2845 4917 3050 4976; x_wconf 73' lang='grc' dir='ltr'>οἰκείας</span> <span class='ocrx_word' id='word_1_746' title='bbox 3075 4913 3388 4982; x_wconf 76' lang='grc' dir='ltr'>συνεκρότει</span> <span class='ocrx_word' id='word_1_747' title='bbox 3405 4911 3660 4976; x_wconf 75' lang='grc' dir='ltr'>δυνάμεις</span> <span class='ocrx_word' id='word_1_748' title='bbox 3682 4907 3770 4958; x_wconf 62' lang='grc' dir='ltr'><strong>καὶ</strong></span> <span class='ocrx_word' id='word_1_749' title='bbox 3798 4909 3825 4957; x_wconf 66' lang='grc' dir='ltr'>ὁ</span> <span class='ocrx_word' id='word_1_750' title='bbox 3854 4907 4041 4975; x_wconf 69' lang='grc' dir='ltr'>χρόνος</span> 
     </span>
    </p>
   </div>
   <div class='ocr_carea' id='block_1_105' title="bbox 2471 4996 4043 5078">
    <p class='ocr_par' dir='ltr' id='par_1_105' title="bbox 2471 4996 4043 5078">
     <span class='ocr_line' id='line_1_105' title="bbox 2471 4996 4043 5078; baseline -0.01 -16"><span class='ocrx_word' id='word_1_751' title='bbox 2471 5011 2734 5078; x_wconf 81' lang='grc' dir='ltr'>ἐτρίὸετο,</span> <span class='ocrx_word' id='word_1_752' title='bbox 2762 5011 2789 5060; x_wconf 82' lang='grc' dir='ltr'><strong>ό</strong></span> <span class='ocrx_word' id='word_1_753' title='bbox 2824 5006 3117 5076; x_wconf 79' lang='grc' dir='ltr'>Ἀὁράμιος</span> <span class='ocrx_word' id='word_1_754' title='bbox 3154 5003 3251 5071; x_wconf 81' lang='grc' dir='ltr'>τὴν</span> <span class='ocrx_word' id='word_1_755' title='bbox 3294 4998 3757 5066; x_wconf 81' lang='grc' dir='ltr'>Βαασπρακανίαν</span> <span class='ocrx_word' id='word_1_756' title='bbox 3803 4996 4043 5047; x_wconf 72' lang='grc' dir='ltr'>καταλαο</span> 
     </span>
    </p>
   </div>
   <div class='ocr_carea' id='block_1_106' title="bbox 2481 5083 4045 5165">
    <p class='ocr_par' dir='ltr' id='par_1_106' title="bbox 2481 5083 4045 5165">
     <span class='ocr_line' id='line_1_106' title="bbox 2481 5083 4045 5165; baseline -0.013 -13"><span class='ocrx_word' id='word_1_757' title='bbox 2481 5100 2611 5163; x_wconf 65' lang='grc' dir='ltr'>(ἐὼν,</span> <span class='ocrx_word' id='word_1_758' title='bbox 2643 5100 2733 5150; x_wconf 73' lang='grc' dir='ltr'><strong>καὶ</strong></span> <span class='ocrx_word' id='word_1_759' title='bbox 2769 5095 2957 5165; x_wconf 83' lang='grc' dir='ltr'>μαθὼν</span> <span class='ocrx_word' id='word_1_760' title='bbox 2998 5095 3188 5162; x_wconf 80' lang='grc' dir='ltr'>ὅτιπερ</span> <span class='ocrx_word' id='word_1_761' title='bbox 3231 5093 3277 5142; x_wconf 79' lang='lat' dir='ltr'><strong>oi</strong></span> <span class='ocrx_word' id='word_1_762' title='bbox 3317 5091 3578 5156; x_wconf 57' lang='grc' dir='ltr'>Ῥωμαῖοι</span> <span class='ocrx_word' id='word_1_763' title='bbox 3607 5083 3840 5136; x_wconf 77' lang='grc' dir='ltr'>ἐνταῦθα</span> <span class='ocrx_word' id='word_1_764' title='bbox 3874 5100 4045 5134; x_wconf 70' lang='grc' dir='ltr'>συνει-</span> 
     </span>
    </p>
   </div>
   <div class='ocr_carea' id='block_1_107' title="bbox 2479 5177 4046 5259">
    <p class='ocr_par' dir='ltr' id='par_1_107' title="bbox 2479 5177 4046 5259">
     <span class='ocr_line' id='line_1_107' title="bbox 2479 5177 4046 5259; baseline -0.011 -15"><span class='ocrx_word' id='word_1_765' title='bbox 2479 5193 2728 5259; x_wconf 58' lang='grc' dir='ltr'>λεγμένοι</span> <span class='ocrx_word' id='word_1_766' title='bbox 2767 5189 2918 5249; x_wconf 81' lang='grc' dir='ltr'>ὄντες</span> <span class='ocrx_word' id='word_1_767' title='bbox 2960 5185 3057 5238; x_wconf 82' lang='grc' dir='ltr'><strong>καὶ</strong></span> <span class='ocrx_word' id='word_1_768' title='bbox 3104 5185 3200 5254; x_wconf 80' lang='grc' dir='ltr'>τὴν</span> <span class='ocrx_word' id='word_1_769' title='bbox 3251 5180 3413 5234; x_wconf 66' lang='grc' dir='ltr'>αὐτοῦ</span> <span class='ocrx_word' id='word_1_770' title='bbox 3451 5178 3712 5246; x_wconf 84' lang='grc' dir='ltr'>μαθόντες</span> <span class='ocrx_word' id='word_1_771' title='bbox 3762 5177 4046 5227; x_wconf 83' lang='grc' dir='ltr'>ἐπέλευσιν</span> 
     </span>
    </p>
   </div>
   <div class='ocr_carea' id='block_1_108' title="bbox 2483 5266 4046 5349">
    <p class='ocr_par' dir='ltr' id='par_1_108' title="bbox 2483 5266 4046 5349">
     <span class='ocr_line' id='line_1_108' title="bbox 2483 5266 4046 5349; baseline -0.012 -13"><span class='ocrx_word' id='word_1_772' title='bbox 2483 5285 2856 5349; x_wconf 69' lang='grc' dir='ltr'>ὑπενόστησαν</span> <span class='ocrx_word' id='word_1_773' title='bbox 2885 5281 2964 5342; x_wconf 79' lang='grc' dir='ltr'><strong>είς</strong></span> <span class='ocrx_word' id='word_1_774' title='bbox 2993 5279 3252 5346; x_wconf 78' lang='grc' dir='ltr'>Ὶὸηρίαν,</span> <span class='ocrx_word' id='word_1_775' title='bbox 3286 5275 3506 5335; x_wconf 83' lang='grc' dir='ltr'>δειλίαν,</span> <span class='ocrx_word' id='word_1_776' title='bbox 3540 5273 3675 5341; x_wconf 83' lang='grc' dir='ltr'>ὅπερ</span> <span class='ocrx_word' id='word_1_777' title='bbox 3702 5266 3767 5339; x_wconf 78' lang='grc' dir='ltr'>ἦν</span> <span class='ocrx_word' id='word_1_778' title='bbox 3797 5269 3961 5330; x_wconf 70' lang='grc' dir='ltr'>είκὸς,</span> <span class='ocrx_word' id='word_1_779' title='bbox 3985 5268 4046 5318; x_wconf 72' lang='grc' dir='ltr'>τὸ</span> 
     </span>
    </p>
   </div>
   <div class='ocr_carea' id='block_1_109' title="bbox 2485 5359 4044 5442">
    <p class='ocr_par' dir='ltr' id='par_1_109' title="bbox 2485 5359 4044 5442">
     <span class='ocr_line' id='line_1_109' title="bbox 2485 5359 4044 5442; baseline -0.012 -17"><span class='ocrx_word' id='word_1_780' title='bbox 2485 5377 2713 5442; x_wconf 73' lang='grc' dir='ltr'>πρᾶγμα</span> <span class='ocrx_word' id='word_1_781' title='bbox 2737 5372 3060 5438; x_wconf 72' lang='grc' dir='ltr'>ὑπονοήσας,</span> <span class='ocrx_word' id='word_1_782' title='bbox 3088 5366 3215 5436; x_wconf 82' lang='grc' dir='ltr'>παρ’</span> <span class='ocrx_word' id='word_1_783' title='bbox 3236 5365 3387 5418; x_wconf 80' lang='grc' dir='ltr'>οὐδὲν</span> <span class='ocrx_word' id='word_1_784' title='bbox 3411 5363 3635 5430; x_wconf 84' lang='grc' dir='ltr'>θέμενος</span> <span class='ocrx_word' id='word_1_785' title='bbox 3660 5362 3753 5411; x_wconf 81' lang='grc' dir='ltr'><strong>καὶ</strong></span> <span class='ocrx_word' id='word_1_786' title='bbox 3781 5359 3929 5410; x_wconf 82' lang='grc' dir='ltr'>λείαν</span> <span class='ocrx_word' id='word_1_787' title='bbox 3953 5376 4044 5410; x_wconf 83' lang='grc' dir='ltr'><strong>και</strong></span> 
     </span>
    </p>
   </div>
   <div class='ocr_carea' id='block_1_110' title="bbox 1960 5553 2918 5613">
    <p class='ocr_par' dir='ltr' id='par_1_110' title="bbox 1960 5553 2918 5613">
     <span class='ocr_line' id='line_1_110' title="bbox 1960 5553 2918 5613; baseline -0.007 -3"><span class='ocrx_word' id='word_1_788' title='bbox 1960 5556 2308 5613; x_wconf 72' lang='lat' dir='ltr'><strong>XYLANDRI</strong></span> <span class='ocrx_word' id='word_1_789' title='bbox 2335 5555 2421 5610; x_wconf 86' lang='lat' dir='ltr'><strong>ET</strong></span> <span class='ocrx_word' id='word_1_790' title='bbox 2448 5555 2656 5609; x_wconf 72' lang='lat' dir='ltr'><strong>GUARI</strong></span> <span class='ocrx_word' id='word_1_791' title='bbox 2700 5553 2918 5608; x_wconf 62' lang='lat' dir='ltr'><strong>NOTAE.</strong></span> 
     </span>
    </p>
   </div>
   <div class='ocr_carea' id='block_1_111' title="bbox 885 5677 2367 5742">
    <p class='ocr_par' dir='ltr' id='par_1_111' title="bbox 885 5677 2367 5742">
     <span class='ocr_line' id='line_1_111' title="bbox 885 5677 2367 5742; baseline 0 -14"><span class='ocrx_word' id='word_1_792' title='bbox 885 5679 996 5742; x_wconf 69' lang='lat'><strong>«37)</strong></span> <span class='ocrx_word' id='word_1_793' title='bbox 1050 5677 1352 5738; x_wconf 83' lang='lat' dir='ltr'><strong>Incertum,</strong></span> <span class='ocrx_word' id='word_1_794' title='bbox 1397 5680 1681 5733; x_wconf 82' lang='lat' dir='ltr'><strong>uterinone</strong></span> <span class='ocrx_word' id='word_1_795' title='bbox 1723 5696 1786 5731; x_wconf 81' lang='lat' dir='ltr'><strong>an</strong></span> <span class='ocrx_word' id='word_1_796' title='bbox 1839 5679 1942 5731; x_wconf 91' lang='lat' dir='ltr'><strong>alia</strong></span> <span class='ocrx_word' id='word_1_797' title='bbox 1997 5690 2166 5731; x_wconf 85' lang='lat' dir='ltr'><strong>matre</strong></span> <span class='ocrx_word' id='word_1_798' title='bbox 2217 5687 2367 5734; x_wconf 83' lang='lat' dir='ltr'><strong>nato,</strong></span> 
     </span>
    </p>
   </div>
   <div class='ocr_carea' id='block_1_112' title="bbox 815 5749 2368 5816">
    <p class='ocr_par' dir='ltr' id='par_1_112' title="bbox 815 5749 2368 5816">
     <span class='ocr_line' id='line_1_112' title="bbox 815 5749 2368 5816; baseline 0 -17"><span class='ocrx_word' id='word_1_799' title='bbox 815 5762 967 5810; x_wconf 66' lang='lat' dir='ltr'><strong>quasi</strong></span> <span class='ocrx_word' id='word_1_800' title='bbox 999 5749 1088 5816; x_wconf 76' lang='lat' dir='ltr'><strong>qui</strong></span> <span class='ocrx_word' id='word_1_801' title='bbox 1115 5749 1333 5798; x_wconf 75' lang='lat' dir='ltr'><strong>:Iiitllulc</strong></span> <span class='ocrx_word' id='word_1_802' title='bbox 1353 5752 1708 5812; x_wconf 64' lang='lat' dir='ltr'><strong>gi-I&#39;IuinasSel</strong></span> <span class='ocrx_word' id='word_1_803' title='bbox 1734 5755 1900 5810; x_wconf 70' lang='lat' dir='ltr'><strong>l|&#39;.il,er</strong></span> <span class='ocrx_word' id='word_1_804' title='bbox 1925 5765 2029 5800; x_wconf 79' lang='lat' dir='ltr'><strong>non</strong></span> <span class='ocrx_word' id='word_1_805' title='bbox 2056 5764 2368 5816; x_wconf 69' lang='lat' dir='ltr'><strong>germanus.</strong></span> 
     </span>
    </p>
   </div>
   <div class='ocr_carea' id='block_1_113' title="bbox 818 5817 2374 5891">
    <p class='ocr_par' dir='ltr' id='par_1_113' title="bbox 818 5817 2374 5891">
     <span class='ocr_line' id='line_1_113' title="bbox 818 5817 2374 5891; baseline -0.001 -21"><span class='ocrx_word' id='word_1_806' title='bbox 818 5817 926 5870; x_wconf 82' lang='lat' dir='ltr'><strong>Hoc</strong></span> <span class='ocrx_word' id='word_1_807' title='bbox 975 5820 1115 5870; x_wconf 81' lang='lat' dir='ltr'><strong>cnim</strong></span> <span class='ocrx_word' id='word_1_808' title='bbox 1149 5831 1300 5876; x_wconf 68' lang='lat' dir='ltr'><strong>sonat</strong></span> <span class='ocrx_word' id='word_1_809' title='bbox 1355 5836 1454 5876; x_wconf 66' lang='lat' dir='ltr'><strong>Vox</strong></span> <span class='ocrx_word' id='word_1_810' title='bbox 1493 5821 1816 5891; x_wconf 64' lang='grc' dir='ltr'>ἐτεροθαλῆς</span> <span class='ocrx_word' id='word_1_811' title='bbox 1877 5819 1934 5870; x_wconf 76' lang='lat' dir='ltr'><strong>lit</strong></span> <span class='ocrx_word' id='word_1_812' title='bbox 1984 5819 2115 5871; x_wconf 76' lang='lat' dir='ltr'><strong>tales</strong></span> <span class='ocrx_word' id='word_1_813' title='bbox 2165 5819 2374 5872; x_wconf 75' lang='lat' dir='ltr'><strong>lloscuzi</strong></span> 
     </span>
    </p>
   </div>
   <div class='ocr_carea' id='block_1_114' title="bbox 2483 5664 4040 5743">
    <p class='ocr_par' dir='ltr' id='par_1_114' title="bbox 2483 5664 4040 5743">
     <span class='ocr_line' id='line_1_114' title="bbox 2483 5664 4040 5743; baseline -0.006 -17"><span class='ocrx_word' id='word_1_814' title='bbox 2483 5678 2534 5726; x_wconf 92' lang='lat' dir='ltr'><strong>in</strong></span> <span class='ocrx_word' id='word_1_815' title='bbox 2587 5677 2777 5727; x_wconf 84' lang='lat' dir='ltr'><strong>borum</strong></span> <span class='ocrx_word' id='word_1_816' title='bbox 2830 5671 3154 5739; x_wconf 87' lang='lat' dir='ltr'><strong>scriptorum</strong></span> <span class='ocrx_word' id='word_1_817' title='bbox 3188 5673 3355 5743; x_wconf 53' lang='lat' dir='ltr'><strong>pratis</strong></span> <span class='ocrx_word' id='word_1_818' title='bbox 3409 5684 3513 5718; x_wconf 89' lang='lat' dir='ltr'><strong>uuu</strong></span> <span class='ocrx_word' id='word_1_819' title='bbox 3566 5675 3688 5743; x_wconf 79' lang='lat' dir='ltr'><strong>sunt</strong></span> <span class='ocrx_word' id='word_1_820' title='bbox 3726 5664 4040 5743; x_wconf 69' lang='lat' dir='ltr'><strong>insuit-otes.</strong></span> 
     </span>
    </p>
   </div>
   <div class='ocr_carea' id='block_1_115' title="bbox 2481 5736 4044 5811">
    <p class='ocr_par' dir='ltr' id='par_1_115' title="bbox 2481 5736 4044 5811">
     <span class='ocr_line' id='line_1_115' title="bbox 2481 5736 4044 5811; baseline -0.004 -19"><span class='ocrx_word' id='word_1_821' title='bbox 2481 5756 2670 5811; x_wconf 61' lang='lat' dir='ltr'><strong>estque.</strong></span> <span class='ocrx_word' id='word_1_822' title='bbox 2704 5745 2892 5797; x_wconf 78' lang='lat' dir='ltr'><strong>eadem</strong></span> <span class='ocrx_word' id='word_1_823' title='bbox 2931 5736 3041 5811; x_wconf 51' lang='grc' dir='ltr'><strong>(οξ</strong></span> <span class='ocrx_word' id='word_1_824' title='bbox 3068 5745 3207 5806; x_wconf 76' lang='lat' dir='ltr'><strong>:«pui</strong></span> <span class='ocrx_word' id='word_1_825' title='bbox 3247 5737 3536 5798; x_wconf 78' lang='lat' dir='ltr'><strong>Zonaram,</strong></span> <span class='ocrx_word' id='word_1_826' title='bbox 3579 5748 3628 5790; x_wconf 87' lang='lat' dir='ltr'><strong>et</strong></span> <span class='ocrx_word' id='word_1_827' title='bbox 3676 5736 3813 5789; x_wconf 73' lang='lat' dir='ltr'><strong>inira</strong></span> <span class='ocrx_word' id='word_1_828' title='bbox 3855 5750 4044 5788; x_wconf 80' lang='lat' dir='ltr'><strong>rursus</strong></span> 
     </span>
    </p>
   </div>
   <div class='ocr_carea' id='block_1_116' title="bbox 2482 5810 3138 5867">
    <p class='ocr_par' dir='ltr' id='par_1_116' title="bbox 2482 5810 3138 5867">
     <span class='ocr_line' id='line_1_116' title="bbox 2482 5810 3138 5867; baseline -0.012 -1"><span class='ocrx_word' id='word_1_829' title='bbox 2482 5817 2544 5867; x_wconf 79' lang='lat' dir='ltr'><strong>(l&#39;</strong></span> <span class='ocrx_word' id='word_1_830' title='bbox 2585 5810 2741 5867; x_wconf 64' lang='lat' dir='ltr'><strong>Militi</strong></span> <span class='ocrx_word' id='word_1_831' title='bbox 2777 5813 2962 5864; x_wconf 58' lang='lat' dir='ltr'><strong>l&#39;l&#39;all&#39;c.</strong></span> <span class='ocrx_word' id='word_1_832' title='bbox 3009 5810 3138 5861; x_wconf 70' lang='grc' dir='ltr'><strong>Χὶι.</strong></span> 
     </span>
    </p>
   </div>
  </div>
