4410 6442
429 386 537 446 3οΊ

1524 403 1883 463 ΙΙΙΒΤυΙὶῘΛ
1897 404 1941 462 Β
1956 406 2058 463 ΗΜ
2103 407 2394 467 COMPEN
2413 408 2629 468 DlUM.

3563 406 3667 467 310

430 503 874 572 λαφυραγωγίαν,
904 506 1125 559 ἐδίωκεν
1156 509 1381 563 ὄπισθεν
1417 514 1617 575 αὐτῶν,
1648 515 1999 583 ἐπειγόμενος
2029 526 2074 580 Α
2106 538 2171 572 nu

1927 535 1999 580 ro;
2029 526 2074 580 Α
2106 520 2338 574 modica.
2377 522 2549 590 Atque
2585 522 2617 573 ii
2648 534 2873 573 numero
2907 518 3030 571 freti
3064 521 3201 571 intra
3233 533 3417 571 muros
3443 532 3500 572 se
3534 520 3668 571 reci-

433 590 696 660 συρράξαι
742 596 853 655 τοῖς
896 596 1130 662 παροῦσι
1181 600 1286 667 πρὸ
1334 600 1428 654 τοῦ
1484 604 1577 655 καὶ
1623 605 1815 673 ἑτέραν
1879 622 2006 657 συν-

430 678 781 749 αθροισθῆναι
815 682 1064 753 δύναμιν.
1117 687 1293 756 Ὅπερ
1323 691 1585 757 μαθόντες
1623 694 1673 744 οἱ
1704 696 2003 762 στρατηγοὶ

429 770 535 821 τῶν
576 769 883 840 Ῥωμαίων,
906 776 999 827 καὶ
1028 777 1355 846 πτοηθέντες
1381 784 1455 852 μή
1477 800 1593 845 πως
1617 785 2005 851 ἀναγκασθῶσι

431 862 520 912 καὶ
552 862 774 926 ἄκοντες
798 865 1101 935 πολεμῆσαι
1133 871 1237 940 πρὸ
1262 872 1353 925 τοῦ
1386 873 1477 927 rbv
1510 876 1817 946 Λιπαρίτην
1838 895 2004 931 κατα-

428 950 634 1014 λαϐ;ῖν,
681 954 972 1019 ὑποδύντες
1002 961 1125 1011 τινὰ
1171 959 1479 1032 δυσχωρίαν
1516 966 1870 1035 ἀπόκρημνον
1910 970 2004 1020 καὶ

430 1043 667 1111 φάραγξι
690 1046 952 1101 πάντοθεν
976 1050 1352 1122 κυκλουμένην
1379 1055 1671 1128 ἡσύχαζον,
1696 1059 2004 1129 γράψαντες

433 1135 575 1203 πρὸς
610 1137 700 1190 τὸν
726 1140 1034 1212 Λιπαρίτην
1082 1144 1240 1211 ἥκειν
1268 1148 1360 1200 καὶ
1393 1147 1467 1217 μὴ
1519 1149 1817 1219 βραδύνειν.
1864 1152 1919 1204 Ὀ
1946 1153 2002 1204 δὲ

440 1225 734 1297 Ἀϐράμιος
750 1234 846 1303 τῆς
873 1235 1187 1307 Ῥωμαῖκῆς
1212 1241 1532 1310 ὴστοχηκὼς
1564 1245 1821 1310 στρατιᾶς
1848 1244 2002 1314 ἔρχε-

427 1334 515 1371 ται
546 1322 626 1383 είς
647 1322 707 1373 rb
733 1323 1025 1393 λεγόμενον
1051 1331 1273 1399 ’Δρτζε.
1299 1333 1623 1402 Κωμόπολις
1640 1336 1773 1389 δὲτὸ
1800 1336 2001 1407 Ἀρτζε

431 1412 757 1484 μυρίανδρος
779 1418 871 1471 καί
895 1419 1062 1472 πολὺν
1086 1422 1314 1476 πλοῦτον
1342 1425 1541 1495 ἔχουσα
1559 1444 1571 1457 ·
1601 1426 1781 1497 ᾤκουν
1807 1430 1915 1499 γάρ
1943 1431 1999 1481 ὲν

427 1503 564 1572 αὐτῇ
595 1504 862 1573 ἰθαγενεῖς
890 1528 949 1563 τε
979 1512 1210 1581 ἔμποροι
1237 1517 1330 1569 καὶ
1352 1517 1539 1587 Σύρων
1567 1521 1660 1570 καὶ⁵
1699 1518 2000 1589 Ἀρμενίων

429 1594 522 1645 καὶ
545 1594 718 1650 ἄλλων
739 1599 906 1652 ἐθνῶν
932 1603 1137 1673 πληθὺς
1160 1607 1257 1660 ούκ
1288 1608 1441 1679 ὀλίγη
1464 1626 1479 1641 ⁸
1509 1610 1704 1673 οἵτινες
1735 1612 1799 1681 τῇ
1822 1613 1999 1683 οἰκείᾳ

428 1687 759 1759 θαρροῦντες
789 1693 987 1764 πληθύῖ
1012 1697 1070 1749 οὗ
1113 1699 1467 1764 κατεδέξαντο
1498 1702 1627 1755 εἵσω
1664 1703 1876 1773 τείχους
1905 1721 1997 1771 γε-

427 1777 634 1843 νέσθαι,
672 1781 765 1834 καὶ
791 1783 962 1837 ταῦτα
985 1789 1081 1856 τῆς
1119 1788 1610 1855 Θεοδοσιουπόλεως
1638 1794 1702 1844 ἐκ
1739 1793 1995 1860 γειτόνων

2106 625 2232 678 pere
2263 612 2555 663 noluerunt
2582 651 2595 674 ,
2630 627 2750 662 cum
2778 610 2995 679 quidem
3033 611 3274 679 proxima
3304 618 3447 663 esset
3488 608 3669 664 Then-

2105 700 2405 769 dosiopolis
2433 700 2563 754 urbs
2586 712 2776 767 magna
2795 706 2848 751 et
2869 712 3024 751 muro
3041 696 3217 749 cincta
3241 694 3665 764 inexpugnabili.

2105 792 2299 847 Turcis
2336 808 2461 845 eum
2492 807 2683 860 pagum
2722 789 3012 859 aggressis.
3046 786 3262 841 Artzcni
3296 787 3531 840 occlusis
3565 787 3667 837 viis

2108 892 2245 937 tecta
2275 883 2726 946 conscenderunt,
2752 881 2924 948 deque
2956 881 3021 934 iis
3049 895 3200 943 saxa,
3228 879 3370 947 ligna
3403 888 3453 931 et
3487 878 3665 945 jacula

2108 976 2159 1028 in
2185 984 2561 1046 oppugnantes
2595 981 2893 1028 torserunt.
2925 971 2999 1024 ita
3024 982 3165 1025 totus
3190 986 3281 1026 sex
3315 970 3429 1023 dies
3458 984 3665 1039 pugna-

2104 1078 2217 1121 tum
2257 1078 2357 1121 est.
2401 1066 2500 1119 Rei
2524 1066 2715 1118 nuntio
2748 1065 2811 1118 ad
2843 1063 3116 1117 Romanos
3143 1062 3323 1125 allato,
3367 1060 3667 1114 Ambustus

2105 1158 2308 1212 multus
2343 1167 2459 1211 erat
2492 1158 2545 1210 in
2581 1154 2825 1224 urgendo
2856 1162 3017 1224 atque
3042 1153 3377 1207 exhortando
3409 1161 3465 1205 ut
3498 1151 3667 1204 iretur

2104 1266 2164 1303 ac
2198 1266 2319 1304 cum
2346 1247 2539 1302 Turcis
2564 1245 2952 1318 oppugnationi
2992 1243 3215 1297 intentis
3246 1257 3439 1295 manus
3467 1256 3662 1295 cunse-

2102 1351 2333 1401 reretur,
2364 1354 2539 1407 neque
2557 1348 2770 1408 tempus
2806 1333 3665 1390 inutiliterterereturdesidendo

2102 1438 2153 1481 et
2186 1428 2440 1482 liculmun
2473 1425 2604 1478 illud
2635 1424 2943 1493 praesidium
2976 1422 3253 1491 Lipariten
3280 1421 3662 1490 exspectando,

2102 1531 2330 1585 eamque
2378 1514 2726 1569 occasionem
2778 1511 3096 1581 negligenda
3142 1511 3392 1570 interim,
3448 1509 3663 1577 qualem

2101 1607 2293 1661 deinde
2340 1604 2485 1659 haud
2540 1603 2699 1659 facile
2746 1612 2931 1657 essent
2988 1603 3256 1671 adepturi.
3305 1601 3664 1671 Repugnante

2100 1706 2278 1753 tamen
2308 1697 2545 1762 Aarone,
2566 1695 2806 1764 nihilque
2832 1709 2890 1749 se
2924 1702 3116 1762 praeter
3147 1694 3665 1761 itnperatnrisuiim-

2100 1790 2281 1841 datum
2343 1795 2589 1840 acturum
2647 1787 2967 1849 allirtnante,
3033 1784 3148 1853 ipse
3211 1785 3372 1838 etiam
3435 1783 3660 1851 quierit.

429 1870 707 1941 κειμένης,
744 1876 1007 1943 μεγίστης
1026 1880 1234 1942 πόλεως
1262 1882 1353 1934 καὶ
1383 1884 1559 1951 τεῖχος
1592 1884 1822 1953 ἐχούσης
1852 1888 1997 1955 ίσχυ-
2031 1891 2071 1945 Β

1922 1905 1997 1955 (υ-
2031 1891 2071 1945 [ι
2101 1879 2265 1950 578
2286 1878 2576 1932 Abramius
2613 1893 2721 1932 non
2750 1893 2812 1932 ex
2840 1877 3005 1931 animi
3039 1877 3305 1930 sententia
3338 1873 3663 1929 succedente

432 1961 522 2028 pbv
545 1962 640 2013 καὶ
663 1964 957 2032 ἀνάλωτον,
994 1971 1162 2023 πολλὰ
1188 1971 1280 2024 τοῦ
1316 1973 1674 2042 Κεκαυμένου
1702 1974 1787 2027 διὰ
1813 1992 1992 2045 γραμ-

432 2053 618 2121 μάτων
658 2058 753 2111 καὶ
784 2058 1175 2131 ἀπειλήσαντος
1214 2068 1307 2118 καὶ
1347 2065 1847 2135 παρακαλέσαντος.
1881 2070 1995 2124 Κα-

426 2146 767 2201 ταλαϐόντων
797 2146 889 2204 οὖν
915 2153 1021 2206 τῶν
1049 2156 1306 2226 Τούρκων
1331 2159 1424 2211 καὶ
1456 2159 1778 2229 ἁπτομένων
1812 2160 1993 2229 ἔργου,

427 2236 474 2283 οἱ
501 2236 558 2287 ἐν
585 2237 662 2305 τῷ
701 2239 903 2310 ’Δρτζε
942 2245 1038 2307 τάς
1074 2246 1276 2310 διόδους
1312 2249 1732 2316 συγκλείσαντες
1776 2259 1871 2307 καὶ
1903 2254 1996 2306 ἐπὶ

428 2328 535 2379 τῶν
565 2329 829 2401 δωμάτων
866 2336 1163 2402 ἀναϐάντες
1202 2340 1287 2410 [Ρ.
1329 2342 1455 2414 775]
1486 2342 1656 2406 λίθοις
1687 2346 1779 2398 καὶ
1820 2344 1997 2409 ξύλοις

429 2420 522 2470 καὶ
554 2421 729 2487 τόξοις
762 2427 885 2488 τοὺς
931 2429 1180 2491 ἐπιόντας
1211 2432 1498 2502 ἠμύνοντο,
1544 2437 1651 2489 Καὶ
1685 2436 1995 2491 διετέλεσαν

433 2511 726 2581 μαχόμενοι
758 2516 840 2581 ἐφ’
876 2517 1000 2578 ὅλας
1030 2519 1239 2588 ἡμέρας
1267 2522 1344 2586 ἐξ.
1386 2523 1763 2592 Ἀγγελθέντος
1794 2525 1850 2578 δὲ
1872 2527 1995 2579 τού-

429 2618 523 2653 του
556 2608 669 2666 τοῖς
699 2612 1043 2678 στρατηγοῖς,
1076 2614 1103 2664 ό
1143 2614 1490 2683 Κεκαυμένος
1515 2618 1680 2680 πολὺς
1713 2613 1779 2688 ἦν
1809 2619 1991 2684 ἐγκεί-

433 2710 591 2761 μενος
617 2698 706 2749 καὶ
739 2702 1070 2769 παρακαλῶν
1116 2703 1366 2758 ἀπελθεῖν
1413 2709 1504 2759 καὶ
1550 2710 1847 2778 συμϐαλεῖν
1882 2712 1993 2772 τοῖς

430 2784 693 2853 Τυύρκοις
714 2789 804 2840 τὸν
831 2791 953 2842 νοῦν
982 2792 1162 2861 ἔχουσι
1192 2796 1325 2861 πρὸς
1357 2800 1422 2867 τῇ
1457 2797 1766 2870 πολιορκία,
1792 2800 1884 2852 καὶ
1918 2802 1992 2869 μὴ

430 2875 698 2943 καθῆσθαι
752 2883 1023 2949 τηνάλλως
1083 2886 1175 2938 καὶ
1225 2888 1433 2957 τρίϐειν
1492 2892 1580 2943 τὸν
1640 2893 1846 2962 χρόνον,
1896 2894 1992 2963 τὴν

431 2968 655 3038 συκίνην
703 2976 1109 3043 προσμένοντας
1161 2979 1481 3049 ἐπικουρίαν
1512 2981 1602 3033 τὸν
1657 2984 1988 3053 Λιπαρίτην,

430 3056 522 3107 καὶ
553 3059 643 3110 τὸν
672 3062 975 3133 ἐπιτήδειον
1004 3069 1417 3140 παρατρέχοντα
1442 3070 1662 3140 βλέπειν
1694 3073 1906 3143 καιρὸν,
1931 3070 1991 3127 οὗ

426 3153 608 3217 τυχεῖν
643 3154 804 3206 πάλιν
834 3158 892 3209 οὐ
935 3158 1135 3230 ῥᾴδιον.
1176 3161 1610 3227 Ἀντιπίπτοντος
1635 3165 1690 3217 δὲ
1724 3166 1815 3218 τοῦ
1855 3167 1990 3218 Ἀα-

2098 1973 2338 2041 negotio,
2369 1987 2493 2025 cum
2525 1971 2704 2024 vicum
2736 1983 3051 2040 expugnare
3086 1984 3190 2021 non
3223 1979 3424 2035 posset,
3465 1968 3661 2033 Opilius

2099 2064 2384 2132 praedaque
2442 2062 2639 2131 spretis
2693 2061 2870 2130 ignem
2923 2059 3175 2114 domibus
3236 2057 3384 2126 iujici
3484 2059 3657 2128 jubet.

2099 2154 2292 2209 Statim
2325 2153 2487 2208 Turci
2519 2153 2665 2207 l‘aces
2691 2151 3084 2219 materiamque
3130 2151 3271 2219 ignis
3308 2165 3563 2220 capacem
3607 2150 3661 2202 iu

2095 2247 2287 2302 domos
2338 2246 2639 2313 conjiciunt
2691 2261 2707 2311 ;
2756 2252 2810 2299 et
2841 2252 3035 2299 coorto
3085 2244 3326 2313 undique
3384 2242 3662 2299 incendio.

2095 2337 2313 2392 Artzeni
2353 2352 2477 2390 cum
2528 2337 2638 2406 igni
2683 2336 2843 2391 simul
2870 2343 2924 2390 et
2957 2335 3213 2390 hostibus
3261 2335 3514 2389 resistere
3553 2350 3659 2387 non

2096 2439 2341 2502 possent,
2394 2430 2458 2484 ad
2506 2428 2684 2500 fugam
2730 2428 3017 2484 inclinant.
3057 2426 3263 2483 Ferunt
3319 2428 3544 2496 periisse
3591 2427 3661 2480 ibi

2097 2523 2377 2579 hominum
2430 2522 2496 2576 ad
2547 2530 2768 2577 centum
2805 2520 3165 2590 quadraginta
3212 2520 3400 2584 millia,
3464 2522 3661 2589 partim

2095 2615 2238 2671 ferro
2250 2629 2537 2679 caesorum,
2560 2613 2756 2683 partim
2783 2613 2889 2683 igni
2909 2616 3341 2682 absumptornm.
3357 2613 3493 2667 Cum
3519 2612 3659 2666 enim

2092 2718 2254 2777 capto
2284 2705 2403 2760 vico
2429 2707 2492 2759 de
2520 2704 2696 2759 salute
2730 2705 3110 2772 desperarent,
3144 2703 3298 2756 multi
3339 2718 3420 2767 se,
3460 2718 3662 2758 uxores

2095 2799 2405 2869 liberosque
2458 2811 2588 2851 suos
2654 2797 2706 2850 in
2761 2797 2940 2866 ignem
2985 2796 3356 2865 conjecerunt.
3390 2796 3551 2850 Artze
3594 2795 3661 2848 ad

2092 2891 2239 2945 hunc
2286 2890 2505 2945 modum
2560 2889 2765 2959 potitus
2822 2888 3032 2942 Alimus
3059 2889 3177 2942 auri
3239 2888 3533 2957 plurimum
3604 2896 3659 2941 et

2093 2983 2271 3052 aliqua
2294 2982 2446 3036 utilia
2476 2980 2801 3036 ferramenta
2831 2981 3058 3042 invenit.
3084 2995 3205 3050 qua:
3234 2979 3375 3048 ignis
3408 2994 3512 3033 non
3536 2994 3661 3033 cor-

2094 3081 2336 3143 ruperat.
2368 3074 2549 3143 Equos
2573 3074 2699 3126 item
2724 3073 2925 3127 multos
2964 3080 3017 3127 et
3045 3072 3145 3125 alia
3165 3071 3412 3140 jumenta
3436 3072 3662 3140 adeptus

2095 3175 2178 3219 est
2214 3182 2228 3230 ;
2264 3173 2583 3233 armataque
2618 3174 2675 3216 ut
2715 3178 2811 3233 par
2840 3173 2957 3219 erat
3002 3177 3102 3216 suo
3143 3163 3409 3227 exercitu,
3441 3162 3665 3216 abduxit

430 3238 557 3303 ρὼν,
593 3245 685 3296 καὶ
725 3248 890 3317 μηδέν
922 3269 967 3302 τι
1014 3252 1412 3322 διαπράξασθαι
1448 3254 1695 3323 λέγοντος
1733 3256 1882 3325 παρὰ
1930 3255 1989 3307 rb
2019 3245 2060 3302 C
2094 3255 2171 3309 int

1452 3254 1695 3323 λέγοντος
1733 3256 1882 3325 παρὰ
1930 3255 1989 3307 rb
2019 3245 2060 3302 C
2094 3254 2240 3318 inde,
2271 3253 2573 3308 Romanum
2606 3268 2852 3322 quaerens
2871 3254 3193 3308 exercitum.

428 3333 702 3401 βασιλικὸν
729 3337 994 3410 βούλημα,
1029 3343 1258 3414 ἡσυχίαν
1305 3345 1399 3398 καὶ⁵
1424 3345 1585 3409 αὐτὸς
1604 3340 1759 3417 ἦγεν.
1791 3344 2085 3415 Ἀϐράμιος
2108 3345 2161 3396 δὲ
2197 3343 2432 3414 μὴκατὰ
2463 3344 2664 3395 σκοπὸν
2731 3341 3051 3414 χωρούντων
3117 3342 3267 3412 αὑτῷ
3322 3360 3429 3397 των
3492 3361 3669 3414 πραγ·

430 3433 633 3499 μάτων,
671 3435 743 3503 μὴ
767 3435 1062 3507 δυνάμενος
1122 3442 1410 3513 πολιορκίᾳ
1472 3442 1573 3513 τὴν
1617 3440 1928 3512 κωμόπολιν
2002 3438 2483 3510 παραστήσασθαι,
2523 3438 2788 3510 ὑπεριδὼν
2825 3438 2917 3490 καὶ
2956 3437 3185 3491 πλούτου
3223 3438 3317 3493 καὶ
3349 3438 3517 3504 λείας,
3554 3440 3666 3510 πῦρ

427 3527 625 3577 ἐνεῖναι
650 3528 761 3590 τοῖς
790 3527 1030 3597 δώμασιν
1055 3531 1420 3599 ὲγκελεύεται,
1448 3534 1540 3586 καὶ
1568 3534 1727 3596 εὐθὺς
1751 3535 1800 3585 οί
1860 3530 2091 3600 Τοῦρκοι
2132 3531 2323 3592 δαλοὺς
2372 3528 2615 3599 αἴροντες
2678 3528 2770 3581 καὶ
2802 3528 2932 3598 ὕλην
2988 3527 3296 3599 εὔπρηστον
3346 3530 3665 3595 ἐξάπτοντες

427 3616 719 3687 ἐρρίπτουν
745 3625 801 3676 ὲν
820 3628 927 3689 τοῖς
957 3626 1229 3697 δώμασιν·
1268 3630 1599 3699 ἀναφθέντος
1655 3631 1711 3684 δὲ
1771 3628 1865 3683 τοῦ
1894 3629 2062 3699 πυρὸς
2102 3628 2436 3699 πανταχόθεν
2492 3628 2583 3679 καὶ
2636 3627 2906 3696 πυρκαϊᾶς
2951 3627 3211 3697 μεγίστης
3259 3626 3663 3696 ἀνεγερθείσης,

426 3711 476 3762 οἱ
516 3713 795 3785 ’Δρτζηνοὶ
840 3720 975 3789 πρός
1016 3739 1075 3773 τε
1109 3722 1168 3774 rb
1216 3723 1323 3793 πῦρ
1358 3725 1492 3794 πρός
1533 3742 1591 3778 τε
1638 3724 1737 3787 τὰς
1774 3726 1837 3776 ἐκ
1886 3724 1991 3774 τῶν
2030 3722 2197 3789 τόξων
2275 3722 2433 3792 βολάς
2478 3721 2551 3791 μὴ
2590 3720 2906 3790 δυνηθέντες
2955 3722 3201 3791 ἀντέχειν
3248 3721 3524 3775 ἐνέκλιναν
3588 3726 3667 3786 εἰς

430 3808 626 3877 φυγήν.
656 3811 764 3862 Καὶ
796 3812 1011 3878 λέγεται
1039 3814 1335 3869 ἀπολέσθαι
1404 3818 1531 3886 περὶ
1594 3817 1691 3880 τάς
1722 3816 1799 3886 ρν⁷
1822 3818 1895 3886 χι)
1915 3816 2064 3877 ιάδας
2103 3815 2331 3883 ἀνδρῶν,
2350 3815 2456 3866 τῶν
2481 3816 2578 3882 μὲν
2600 3814 2866 3885 μαχαίρας
2887 3815 2992 3867 τῶν
3016 3814 3071 3867 δὲ
3101 3814 3272 3883 πυρὸς
3293 3815 3667 3884 παρανάλωμα

430 3905 762 3971 γεγονότωνο
802 3902 945 3962 οὗτοι
980 3912 1087 3979 γὰρ
1121 3914 1239 3965 ἐπεὶ
1276 3914 1661 3985 κατισχυμένοι
1697 3912 1939 3981 ἔγνωσαν
1993 3911 2455 3979 ἀποσφάττεσθαι,
2486 3909 2744 3978 γυναῖκάς
2770 3924 2828 3959 τε
2858 3907 2950 3960 καὶ
2974 3906 3137 3960 τέκνα
3203 3907 3410 3960 ἑαυτῶν
3469 3909 3546 3970 είς
3607 3905 3667 3959 rb

429 4000 540 4069 πῦρ
565 4001 954 4071 ἀπερρίπτουν.
983 4002 1138 4056 Οὕτω
1168 4006 1259 4058 τοῦ
1289 4008 1487 4078 Ἀρτζε
1513 3987 1828 4076 ληφθέντος,
1860 4006 1994 4058 πολὺ
2034 4005 2255 4074 χρυσίον
2288 4002 2461 4073 εὑρὼν
2497 4005 2524 4055 ὁ
2570 4001 2863 4071 Ἀϐράμιος
2897 4000 2989 4052 καὶ
3022 4000 3161 4052 ὅπλα
3193 4003 3285 4053 καὶ
3347 4001 3477 4055 ἄλλα
3545 4002 3667 4051 τινά

429 4090 681 4159 χρειώδη,
724 4093 894 4146 ὁπόσα
946 4096 1020 4165 μὴ
1058 4096 1132 4167 τῷ
1203 4099 1334 4167 πυρὶ
1412 4098 1756 4170 κατέστησαν
1794 4098 2063 4168 ἄχρηστα,
2104 4095 2531 4165 περιϐαλόμενος
2549 4092 2603 4146 δὲ
2629 4094 2719 4145 καὶ
2741 4093 2904 4145 ἵππον
2922 4091 3021 4142 οὐκ
3049 4089 3235 4161 ὀλίγην
3258 4092 3348 4144 καὶ
3375 4091 3662 4158 ὑποζύγια»

430 4187 522 4239 καὶ
547 4188 635 4237 τὸν
662 4190 852 4242 ἑαυτοῦ
883 4190 1008 4243 λαὸν
1038 4192 1369 4257 καθοπλίσας
1400 4194 1474 4257 ὡς
1500 4195 1627 4258 ἔδει,
1652 4194 1989 4265 ὑπέστρεψεν
2026 4190 2307 4260 ἀναζητῶν
2332 4190 2429 4260 τὴν
2474 4186 2785 4258 Ῥωμαϊκὴν
2818 4186 3064 4256 δύναμιν.

504 4285 647 4353 Ᾱῦτη
680 4286 735 4337 δὲ
769 4286 1167 4350 καταλαϐόντος
1204 4289 1301 4357 ἤδη
1334 4292 1426 4341 καὶ
1455 4291 1544 4341 τοῦ
1575 4292 1875 4359 Λιπαρίτου
1901 4309 1990 4343 κα-

428 4374 639 4427 ταϐᾶσα
683 4376 789 4429 ἀπὸ
827 4376 919 4429 τοῦ
954 4378 1207 4447 ῥηθέντος
1245 4380 1598 4449 ὀχυρώματος
1634 4382 1812 4434 ἔκειτο
1844 4385 1902 4436 ὲν
1930 4386 1995 4454 τῇ

431 4468 639 4520 πεδιάδι
683 4469 821 4522 κατὰ
867 4470 992 4532 τοὺς
1032 4472 1305 4540 πρόποδας
1353 4473 1446 4525 τοῦ
1502 4472 1690 4541 βουνοῦ
1756 4474 1997 4546 ἔνθαπερ

434 4558 644 4627 ἵδρυται
676 4558 735 4611 τὸ
766 4561 1054 4631 Καπετροῦ
1082 4562 1357 4630 φρούριον.
1399 4564 1739 4632 Ἐρχομένων
1763 4564 1857 4618 οὖν
1887 4566 1996 4619 τῶν

2176 4286 2404 4340 Romani
2431 4292 2633 4347 autem,
2669 4297 2791 4336 cum
2821 4281 2931 4349 jam
2968 4280 3234 4350 Liparites
3266 4280 3329 4334 ad
3360 4295 3454 4335 eos
3486 4282 3665 4334 venis-

2103 4388 2207 4441 set,
2243 4394 2270 4430 a
2311 4377 2455 4431 dicta
2504 4374 2806 4429 munitione
2832 4372 3227 4426 descenderant
3278 4373 3329 4424 in
3364 4371 3664 4439 planitiem,

2102 4472 2167 4526 ad
2197 4471 2403 4526 radices
2428 4471 2579 4526 collis
2600 4470 2686 4524 cui
2711 4468 3003 4538 Capetrum
3036 4466 3315 4533 castellum
3341 4476 3424 4520 est
3443 4466 3666 4535 imposi-

2103 4573 2239 4617 tum.
2270 4561 2705 4618 Adrentantibus
2735 4574 2865 4628 ergo
2894 4556 3088 4611 Turcis
3132 4556 3393 4625 dissipato
3429 4559 3664 4625 agmine.

431 4648 687 4720 Τούρκων
712 4652 1007 4719 σποράδην,
1054 4653 1402 4704 συνεϐούλευε
1438 4654 1599 4706 πάλιν
1637 4642 1666 4706 ὅ
1699 4657 1992 4724 Κεκαυμέ-
2023 4690 2075 4750 D
2105 4670 2163 4705 t'tt

1925 4657 1992 4709 ,έ-
2023 4690 2075 4750 D
2105 4668 2317 4706 rursum
2352 4652 2631 4707 consuluit
2658 4650 2957 4703 Ambustus
2983 4656 3040 4701 ut
3072 4648 3124 4700 in
3154 4647 3432 4716 dispersos
3464 4657 3516 4702 et
3552 4650 3666 4701 nul-

433 4758 521 4802 νος
550 4740 839 4807 συμϐαλεῖν
877 4741 1060 4804 αὐτοῖς
1093 4743 1509 4811 διεσπαρμένοις
1552 4743 1668 4795 οῦσι
1704 4746 1797 4797 καὶ
1827 4746 1991 4797 ἀσυν-

432 4832 647 4893 τάκτοις
676 4831 777 4884 ἔτι.
836 4832 971 4883 Ἀλλ’
1021 4833 1048 4884 ὁ
1096 4834 1402 4903 Λιπαρίτης
1441 4833 1540 4885 ούκ
1582 4833 1739 4903 ἤθελε
1782 4835 1870 4887 διὰ
1898 4836 1996 4903 τὴν

432 4924 643 4992 ἡμέραν
664 4939 676 4952 ο
706 4918 771 4993 ἦν
802 4922 909 4993 γάρ
950 4923 1235 4985 σάϐϐατον,
1273 4923 1340 4992 ιη’
1369 4925 1592 4990 ἄγοντος
1622 4924 1713 4977 τοῦ
1752 4926 1997 4995 Σεπτεμ-

431 5012 585 5081 ϐρίου
613 5013 801 5079 μηνὸς,
835 5013 929 5081 τῆς
973 5010 1018 5080 β’
1052 5015 1429 5083 ἐπινεμήσεως
1462 5015 1593 5085 (58),
1630 5016 1687 5067 ἐν
1715 5017 1834 5078 ταῖς
1860 5018 1996 5068 ἁπο-

432 5103 601 5171 φρὰσι
648 5104 703 5156 δὲ
741 5102 848 5155 τῶν
896 5104 1118 5173 ἡμερῶν
1169 5104 1242 5174 τῷ
1288 5107 1563 5176 Λιπαρίτῃ
1625 5105 1683 5159 rb
1731 5107 1998 5160 σάϐϐατον

431 5193 731 5263 ἐνομίζετο,
751 5196 885 5263 ὅπερ
902 5195 1432 5265 ἀποτροπιαζόμενος
1450 5196 1695 5250 ἀνεδύετο
1713 5198 1991 5266 πολεμεῖν.

434 5286 544 5339 Καὶ
564 5288 628 5339 τὰ
655 5286 751 5355 μὲν
768 5286 876 5338 τῶν
903 5287 1187 5356 Ῥωμαίων
1214 5289 1268 5339 ἐν
1299 5288 1526 5352 τούτοις,
1558 5292 1583 5341 ὁ
1609 5288 1665 5341 δὲ
1704 5289 1995 5359 Ἀϐράμιος

2108 4746 2170 4797 lis
2243 4744 2418 4795 adhuc
2502 4742 2787 4795 ordinibus
2850 4739 3131 4794 instructis
3192 4746 3448 4808 vagantes
3518 4741 3668 4794 liert-t

2108 4838 2340 4904 impetus
2382 4850 2397 4894 ;
2441 4834 2536 4889 sed
2602 4832 2864 4901 Liparites
2939 4847 2967 4885 a
3046 4846 3221 4901 pugna
3288 4831 3665 4895 abhorrebat,

2108 4928 2250 4993 qttod
2310 4925 2595 4981 sabbatum
2650 4925 2789 4978 inter
2822 4914 2946 4977 dies
2988 4932 3135 4975 atros
3182 4931 3345 4991 atque
3399 4924 3668 4981 infaustos

2108 5018 2343 5073 haberet.
2398 5017 2523 5071 Erat
2567 5025 2745 5071 autem
2800 5024 2913 5069 tum
2962 5014 3257 5069 Sabbatum
3308 5015 3422 5069 dies
3458 5015 3666 5068 decima

2106 5117 2294 5162 octava
2332 5109 2682 5179 Septembris,
2718 5106 3009 5162 indictione
3040 5105 3305 5160 secunda.
3352 5105 3458 5159 Sed
3499 5107 3667 5159 Abra-

2105 5200 2247 5253 mius
2283 5198 2444 5268 579
2472 5216 2536 5251 ex
2571 5196 3000 5267 praecursoribus
3037 5194 3357 5264 intelligens.
3402 5212 3511 5264 quo
3550 5198 3669 5249 loco

2106 5290 2336 5344 liuruani
2373 5297 2549 5344 castra
2583 5290 2843 5343 haberent
2898 5296 3063 5355 utque
3098 5288 3467 5355 quiescerent,
3515 5304 3667 5342 com-

1582 5403 1932 5458 XYLANDRI
1975 5403 2060 5458 ET
2102 5404 2313 5460 GOARI
2347 5403 2570 5458 ΝΟΤᾸΞ.

508 5496 621 5553 (58)
658 5496 813 5548 Anun
838 5496 1042 5549 scilicet
1070 5496 1251 5549 tmtmli
1280 5496 1439 5558 6557,
1473 5496 1739 5563 siquidem
1772 5497 1999 5550 intlictio

430 5566 933 5635 St-cutttlutuannos
970 5576 1229 5625 mutatur.
1268 5575 1322 5618 et
1370 5565 1678 5635 quindecim
1728 5581 1995 5622 annorum

430 5634 759 5705 circuituad
788 5637 1014 5689 eundem
1051 5636 1254 5688 reditur
1281 5634 1589 5705 numerum.
1628 5637 1857 5689 Constat
1899 5652 1996 5687 :tu-

433 5715 539 5755 tum
569 5704 916 5758 indit-tionem
944 5706 1286 5757 undecimam
1322 5704 1487 5758 fuisse
1506 5720 1730 5767 annum,
1755 5717 1885 5767 ctc.,
1906 5706 1963 5759 51
1981 5748 1992 5765 .

433 5787 485 5825 «τι
509 5774 883 5829 duodecimum
921 5791 1121 5828 annum
1157 5774 1242 5835 5‘2,
1282 5792 1343 5827 ex
1383 5776 1849 5843 superioribusmt
1878 5792 1996 5845 quae

2107 5498 2174 5551 de
2237 5495 2538 5549 Thcmlone
2600 5496 2826 5558 imperio
2884 5494 3021 5548 infra
3093 5496 3384 5553 dicuntur,
3439 5494 3669 5562 aliisque

2109 5567 2312 5617 multis.
2351 5566 2423 5618 Ita
2458 5564 2694 5618 'I'ornicii
2735 5564 2991 5629 defectio,
3049 5579 3167 5631 qute
3209 5567 3258 5616 in
3300 5566 3525 5631 primatu
3585 5565 3669 5615 iu-

2107 5638 2396 5687 dittiuurtn
2431 5635 2571 5687 dit-ta
2620 5646 2694 5687 est
2740 5636 3017 5695 incidisse,
3070 5634 3167 5685 fuit
3216 5648 3358 5685 anno
3403 5633 3541 5685 6556
3581 5649 3669 5687 se-

2105 5705 2341 5758 cundum
2384 5714 2648 5757 nostrum.
2688 5702 2798 5758 lloc
2827 5705 3107 5757 rudiorum
3136 5720 3297 5758 causa
3326 5705 3464 5754 rului
3501 5718 3669 5756 anno-

2107 5787 2238 5829 tare.
2279 5775 2405 5828 Xi‘L.
