4410 6442
735 372 835 435 311

2022 365 2064 422 G
2080 361 2339 422 EORGlI
2383 358 2707 418 CEDHENI

3875 342 3980 404 319.

739 485 920 551 posito
984 481 1048 534 ad
1088 497 1318 550 pugnam
1346 480 1558 548 agmine
1597 479 1662 532 ad
1713 493 1804 532 eos
1840 478 2094 533 accessit.
2152 477 2304 540 Quod
2337 484 2381 534 Α
2409 474 2480 526 διὲ

2238 478 2304 529 ud
2337 484 2381 534 Α
2409 474 2496 526 διὰ
2515 472 2619 524 τῶν
2647 469 2965 539 προδρόμων
2994 465 3178 536 μαθὼν
3209 465 3331 516 ὅποι
3361 481 3416 514 τε
3446 464 3492 514 οἱ
3535 462 3794 528 Ῥωμαῖοι
3827 461 3975 528 ηὐλί-

743 572 972 627 Romani
998 572 1243 623 videntes
1266 571 1366 638 ipsi
1393 583 1611 638 quoque
1634 567 1786 621 inviti
1833 567 2055 623 ordines
2105 568 2306 620 instrn-

743 675 964 722 xernnt.
999 663 1194 717 Dextro
1228 661 1417 716 cornni
1451 661 1770 723 Ambustus,
1799 663 1928 715 laevo
1967 660 2146 714 Aaron
2178 677 2311 728 pra-.-

747 759 960 811 l'ectns:
995 755 1261 824 Lipariles
1292 753 1524 808 mediam
1549 754 1780 807 ducebat
1813 755 2006 808 aciein.
2045 755 2308 806 Ambusto

745 849 1028 916 oppositus
1055 856 1169 900 erat
1195 846 1510 905 Abramins,
1547 848 1746 899 Aaroni
1777 847 1910 898 alter
1929 847 2130 899 dueum
2166 844 2307 898 Tur-

748 941 991 994 cieornm
1033 938 1443 998 Chorusaniles,
1498 935 1754 1004 Liparitm
1784 938 1982 1004 Aspam
2042 933 2307 998 Selarius,

749 1031 990 1085 Abramii
1067 1047 1129 1082 ex
1191 1030 1361 1081 altero
1428 1028 1694 1081 duntaxat
1762 1038 2046 1096 parentum
2125 1029 2309 1080 frater.

753 1123 1002 1175 l’r.elium
1040 1122 1234 1174 initum
1268 1128 1351 1173 est
1385 1120 1518 1173 solis
1545 1119 1656 1186 jam
1700 1119 2016 1172 imminente
2069 1135 2310 1182 occasu;

750 1225 804 1268 et
832 1231 952 1269 cum
982 1213 1279 1266 Ambustus
1308 1224 1420 1265 tum
1455 1212 1632 1264 Aaron
1661 1219 1888 1277 uterque
1913 1209 2013 1264 sibi
2036 1211 2315 1280 oppositus

752 1305 936 1358 hostes
985 1302 1259 1362 fuderunt,
1329 1312 1489 1369 atque
1551 1314 1724 1367 usque
1785 1299 1850 1351 ad
1903 1299 2027 1368 galli
2097 1310 2312 1352 cantum

751 1395 1023 1463 persecuti
1064 1403 1212 1447 sunt.
1253 1392 1524 1460 Liparitcs
1553 1402 1732 1444 autem
1795 1392 2096 1460 patruelem
2153 1406 2310 1441 suum

753 1485 1080 1539 occubuisse
1107 1500 1248 1553 aegre
1295 1482 1492 1542 ferens,
1527 1483 1653 1534 dum
1710 1484 1971 1549 impetum
2025 1482 2314 1535 vehemen-

754 1579 947 1630 tiorem
990 1577 1104 1637 dat,
1163 1590 1302 1642 cqiin
1347 1589 1446 1625 suo
1507 1573 1690 1625 occiso
1736 1572 1970 1640 capitur.
2024 1571 2252 1626 Rmnani
2290 1591 2315 1623 a

753 1668 1133 1734 perSecntione
1169 1665 1370 1718 reversi
1430 1664 1495 1716 ab
1523 1664 1679 1728 equis
1705 1663 2065 1727 descendunt,
2107 1679 2319 1731 unaque

755 1772 887 1809 voce
913 1755 1021 1808 Deo
1056 1772 1151 1822 pro
1199 1756 1422 1807 victo-ia
1478 1763 1644 1822 agunt
1681 1754 1905 1820 gratias,
1957 1763 2009 1806 et
2061 1760 2315 1804 cantant:

763 1868 780 1896 ‹
824 1848 956 1913 Quis
1010 1847 1148 1899 Deus
1209 1847 1281 1897 ita
1337 1860 1566 1912 magnus
1625 1852 1786 1912 atque
1842 1844 1982 1897 Deus
2040 1843 2262 1896 noster?
2297 1863 2313 1892 ι

758 1939 1171 2004 Liparitamque
1193 1944 1533 2004 exspectant,
1567 1950 1727 2002 quem
1787 1945 1840 1986 et
1894 1935 2069 2001 ipsum
2134 1943 2321 2000 putant

760 2031 1116 2097 inscqucndis
1143 2023 1474 2082 Ιιοειὶιιιιεευ
1505 2027 1744 2081 dedisse.
1774 2026 1907 2078 Cum
1941 2036 2119 2078 autem
2145 2026 2323 2078 nullus

762 2118 1514 2187 compareret,'sollicitudo
1593 2134 1687 2172 ens
1757 2117 2001 2178 incessit,
2083 2119 2322 2168 iuret-tos

758 2212 1018 2280 quidnam
1047 2212 1092 2262 ci
1129 2213 1421 2264 evenisset.
1458 2209 1797 2262 Ihereutibus
1833 2211 1910 2262 eis
1937 2209 2077 2262 venit
2101 2209 2320 2276 quidam

761 2304 851 2370 qui
883 2303 984 2354 sub
1021 2301 1260 2368 Liparita
1296 2309 1407 2352 tnin
1447 2300 1797 2364 n'iilitaverat,
1847 2315 2080 2368 cumque
2123 2301 2322 2352 victum

761 2404 815 2447 τι
847 2404 1065 2464 captum
1097 2391 1259 2462 530
1301 2393 1516 2445 nuntiat
1542 2436 1553 2454 ,
1591 2402 1755 2460 utque
1802 2393 2094 2445 Abramics
2142 2407 2168 2443 a
2204 2391 2325 2461 fuga

768 2500 1019 2539 reversus
1051 2495 1102 2539 et
1142 2500 1266 2537 cum
1301 2499 1402 2538 suo
1456 2483 1784 2551 conjnuetus
1844 2481 2013 2538 fratre
2069 2499 2328 2553 germano

769 2584 916 2647 (nam
949 2579 1095 2632 Asan
1137 2578 1189 2629 in
1231 2592 1405 2646 pugna
1431 2575 1722 2644 ceciderat)
1759 2576 2062 2629 accelerate
2112 2576 2324 2638 itinere,

767 2671 1006 2724 abducto
1037 2684 1220 2723 secum
1251 2669 1562 2737 Liparitaet
1585 2668 1818 2736 captivis
1849 2665 2040 2731 lberis,
2075 2667 2331 2720 redierint

769 2761 1228 2817 Castrocomiuni.
1268 2758 1442 2814 Duces
1475 2757 1706 2812 Romani
1745 2759 1811 2812 ad
1846 2775 1970 2813 eum
2032 2760 2331 2828 obstupue-

772 2865 901 2909 runt
929 2857 1199 2914 nuntitnn,
1232 2862 1497 2920 nocteque
1557 2867 1618 2905 ea
1661 2852 1894 2905 insomni
1947 2861 2154 2914 exacta,
2213 2862 2332 2906 orta

769 2949 893 3001 luce
925 2948 1305 3001 consultarunt
1332 2946 1460 3012 quid
1517 2944 1859 3012 potissimum
1898 2952 2163 3012 agerent;
2218 2946 2332 3011 pla-

771 3037 1000 3106 cuitque
1044 3038 1265 3087 domum
1323 3035 1544 3086 reverti.
1600 3030 1783 3101 Itaque
1836 3031 2019 3084 Aaron
2051 3047 2172 3084 Clilll
2237 3047 2334 3084 suo

2412 565 2563 630 ζοντο
2597 564 2690 616 καὶ
2720 563 2800 614 ὃτι
2833 558 3120 628 ὴρεμοῦσι,
3173 554 3434 618 συντάξας
3465 554 3563 615 τὰς
3595 549 3788 604 ἐαυτοῦ
3817 550 3976 603 δυνάσ

2417 673 2533 724 μεις
2567 655 2764 725 ἤρχετο
2801 648 3232 716 συντεταγμένος
3286 647 3418 714 πρὸς
3468 644 3667 713 μάχην.
3717 641 3887 695 Τοῦτο
3922 641 3978 693 δέ

2413 749 2506 799 καὶ
2537 748 2570 816 ἡ
2595 745 2884 805 ἀντίπαλος
2915 742 3143 808 δύναμις
3191 738 3372 790 ἰδοῦσα
3409 736 3680 798 ἀκουσίως
3714 735 3808 786 καὶ
3841 733 3980 800 αὐτὴ

2413 837 2926 905 ἀντιπαρετάττετο,
2970 833 3027 884 τὸ
3067 833 3164 900 μέν
3211 828 3384 891 δεξιὸν
3431 827 3646 896 ἔχοντος
3696 825 3862 893 κέρας
3890 822 3982 874 τοῦ

2413 930 2786 1000 Κεκαυμὲνου,
2823 927 2914 978 τοῦ
2958 925 3012 976 δέ
3059 922 3272 990 Ἀαρὼν
3315 921 3375 971 τὸ
3417 918 3717 985 εὐώνυμον,
3763 917 3822 966 ὲν
3865 918 3979 975 τοῖς

2419 1024 2602 1092 μέσοις
2631 1023 2687 1074 δέ
2715 1023 2741 1072 6
2781 1017 3085 1084 Λιπαρίτης
3129 1015 3401 1066 ἐτάττετο.
3437 1006 3544 1062 Ἦν
3583 1008 3639 1061 δὲ
3669 1008 3763 1060 καὶ
3792 1009 3825 1074 ή
3865 1006 3984 1074 ὥρα

2416 1117 2543 1183 περί
2577 1112 2851 1182 βουλυτόν.
2885 1107 2974 1178 Τῷ
3001 1107 3097 1176 μὲν
3119 1102 3212 1157 οὖν
3245 1103 3583 1169 Κεκαυμένῳ
3607 1099 3986 1167 ἀντιμέτωπος

2416 1200 2483 1271 ἦν
2509 1206 2535 1253 6
2575 1202 2890 1272 Ἀὁράμιος,
2935 1199 3012 1267 τῷ
3045 1197 3088 1250 δ’
3137 1195 3347 1266 Ἀαρὼν
3379 1191 3762 1261 Χωροσανίτης
3797 1190 3989 1257 ἅτερος

2419 1294 2743 1363 στρατηγὸς,
2797 1289 3130 1358 καταντικρὺ
3184 1288 3239 1339 δέ
3275 1285 3366 1339 τοῦ
3416 1286 3718 1352 Λιπαρίτου
3770 1283 3990 1349 Ἀσπαμ

2420 1383 2673 1452 Σελάριος
2735 1385 2761 1434 6
2819 1380 2911 1432 τοῦ
2971 1379 3272 1447 Ἀϐραμίου
3342 1374 3667 1443 ἐτεροθαλὴς
3736 1372 3986 1440 ἀδελφός.

2422 1475 2503 1546 [P.
2539 1471 2662 1542 776]
2692 1471 3016 1540 Συμπλοκῆς
3049 1470 3106 1523 δέ
3127 1469 3425 1536 γενομένης
3454 1468 3482 1518 6
3518 1466 3613 1532 μὲν
3640 1465 3992 1530 Κεκαυμένος

2422 1569 2510 1620 καὶ
2545 1568 2572 1616 6
2612 1564 2826 1634 Ἀαρὼν
2856 1564 2923 1615 τὰ
2958 1564 3076 1614 κατ’
3106 1561 3302 1620 αὐτοὺς
3339 1558 3635 1627 ἐτρέψαντο
3665 1556 3872 1624 κέρατα
3899 1555 3990 1605 καὶ

2426 1659 2586 1728 μέχρι
2619 1638 2801 1724 φωνῆς
2827 1653 3200 1722 ἀλεκτρυόνων
3232 1651 3475 1714 ἐδίωκον,
3503 1651 3531 1700 6
3559 1649 3613 1699 δὲ
3654 1647 3986 1714 Λιπαρίτης,

2424 1749 2678 1808 πεσόντος
2713 1745 2859 1810 αὐτῷ
2905 1744 2997 1796 τοῦ
3034 1739 3253 1808 ἀνεψιοῦ
3291 1737 3686 1805 δεινοπαθήσας
3731 1736 3824 1787 καὶ
3873 1735 3974 1802 μεθ

2374 1826 2392 1861 ⁵
2423 1840 2598 1909 ὁρμῆς
2634 1837 2812 1906 βιαίας
2864 1835 3081 1896 ἐλάσας,
3132 1832 3223 1885 τοῦ
3273 1831 3438 1882 ἵππου
3483 1827 3642 1880 αὐτοῦ
3698 1826 3996 1894 τρωθέντος

2429 1935 2518 1984 καὶ
2540 1929 2798 1989 πεσόντος
2829 1927 3132 1979 ἁλίσκεται.
3160 1925 3268 1977 Καὶ
3297 1925 3323 1974 ὁ
3353 1922 3447 1990 μὲν
3489 1915 3556 1988 ἦν
3594 1921 3649 1970 ἐν
3681 1917 3909 1975 τούτοις,
3946 1915 3995 1964 οἱ

2423 2023 2478 2074 δέ
2530 2021 2785 2088 Ῥωμαῖοι
2840 2017 3138 2076 πεισθέντες
3205 2017 3267 2064 ἐκ
3317 2014 3415 2079 τῆς
3473 2010 3704 2072 διώξεως
3752 2007 3844 2058 καὶ
3890 2007 3996 2056 τῶν

2429 2115 2606 2165 ἵππων
2636 2109 2938 2169 ἀποϐάντες
2963 2109 3055 2158 καὶ
3088 2105 3164 2169 τῷ
3199 2104 3314 2174 Θεῷ
3344 2104 3521 2163 δῦντες
3561 2101 3764 2168 ὕμνους
3810 2101 3990 2150 ἐπινι-

2427 2207 2597 2266 κίους.
2626 2206 2682 2254 ἐν
2717 2203 2814 2271 μιᾷ
2847 2202 2994 2268 φωνῇ
3031 2201 3322 2267 βοήσαντες
3357 2197 3434 2254 τδς
3479 2214 3494 2243 ⁸
3532 2194 3626 2255 Τίς
3657 2193 3786 2254 Θεὸς
3818 2191 3992 2259 μέγας

2429 2301 2501 2361 ὡς
2533 2299 2560 2349 6
2581 2295 2710 2358 956.;
2735 2293 2922 2364 ήμῶν;
2964 2313 2980 2340 ι
3017 2290 3352 2358 προσέμενον
3378 2287 3465 2337 τὶν
3494 2285 3820 2353 Λιπαρίτην,
3849 2280 3999 2332 ἐλπί-

2431 2392 2608 2452 ζοντες
2627 2387 2720 2438 καὶ
2744 2385 2906 2438 αὐτὸν
2935 2383 3149 2434 διώκειν
3175 2379 3400 2432 ὄπισθεν
3435 2377 3540 2429 τῶν
3571 2375 3802 2443 ἐχθρῶν.
3845 2371 4000 2423 Ἐπεὶ¹

2433 2483 2489 2533 δέ
2519 2480 2768 2547 ἐφαίνετο
2797 2473 3056 2544 οὐδαμοῦ,
3090 2475 3146 2524 ἐν
3179 2470 3456 2541 ἀμηχανία
3497 2465 3655 2538 ἦσαν,
3681 2464 4002 2533 διαποροῦν-

2432 2589 2520 2633 τες
2561 2571 2587 2622 ὂ
2618 2588 2667 2622 τι
2712 2570 2802 2620 καὶ
2826 2567 3056 2634 γένοιτο.
3085 2562 3239 2616 Οὐτω
3260 2561 3316 2612 δέ
3341 2558 3793 2627 διαπορουμένοις
3821 2556 4004 2614 αὐτοῖς

2395 2674 2397 2676 ’
2435 2663 2648 2733 ἔρχεταί
2661 2677 2738 2721 τις
2755 2656 3085 2728 στρατιώτης
3100 2654 3206 2707 τῶν
3220 2655 3307 2705 ὑπ’
3327 2651 3517 2721 ἐκείνῳ
3537 2650 3899 2717 ταττομένων,
3914 2645 4006 2696 καὶ

2439 2753 2630 2823 μηνύει
2667 2753 2778 2812 τοῖς
2819 2749 3144 2819 στρατηγοῖς
3170 2745 3267 2814 τὴν
3300 2744 3507 2796 ἐκείνου
3544 2740 3749 2808 τροπὴν
3779 2739 3871 2789 καὶ
3907 2738 4005 2804 τὴν

2447 2845 2668 2905 ἁλωσιν,
2701 2841 2795 2895 καὶ
2829 2839 2974 2900 ὅπως
3031 2839 3058 2889 6
3112 2835 3409 2906 Ἀὅράμιος
3456 2835 3520 2884 ἐκ
3574 2832 3671 2898 τῆς
3703 2831 3877 2898 φυγῆς
3911 2828 4010 2878 ἐπ-

2438 2934 2670 2988 ανελθὼν
2699 2935 2792 2984 καὶ
2821 2930 2898 2999 τῷ
2925 2930 3111 2999 οἰκείῳ
3138 2928 3354 2990 ἐνωθε“ις
3379 2917 3590 2993 ἁδεκφῷ
3624 2924 3670 2992 (6
3698 2923 3805 2989 γὰρ
3847 2919 4008 2971 Ἀσαν

2439 3027 2633 3078 ἔπεσεν
2673 3027 2728 3076 ἐν
2759 3022 2836 3088 τῷ
2881 3021 3122 3090 πολέμῳ)
3169 3019 3527 3078 ἀναλαϐόντες
3560 3016 3651 3066 τὸν
3677 3011 4008 3079 -·Διπαρίτην

773 3128 1016 3180 exercitu
1086 3124 1301 3178 lbanem
1368 3123 1546 3184 rediit,
1606 3139 1726 3191 quan
1786 3131 1868 3177 est
1924 3121 2406 3192 Baaspcacanitec
2443 3123 2514 3172 κα

2277 3124 2337 3175 ite
2365 3137 2406 3192 (ς
2443 3122 2535 3172 καὶ
2559 3120 2684 3180 τοὺς
2735 3117 2958 3177 ἁλόντας
2993 3113 3101 3166 τῶν
3154 3112 3379 3180 Ἰϐήρων
3408 3109 3781 3174 ὐπενόστησαν
3826 3103 3904 3163 είς
3950 3099 4011 3151 τὸ

775 3217 1092 3286 metropolis
1121 3235 1133 3269 :
1166 3216 1458 3270 Catacalon
1490 3232 1620 3268 suos
1658 3213 1851 3267 Anium
1894 3215 2130 3269 reduxit.
2167 3213 2336 3268 Cane-

777 3324 900 3362 rum
940 3308 1231 3360 Abramius
1287 3305 1523 3374 Liparita
1561 3316 1722 3374 capto
1756 3313 2072 3369 contentus,
2099 3317 2150 3359 et
2179 3305 2338 3374 linjus

780 3415 1070 3454 snecessas
1096 3414 1264 3452 causa
1299 3399 1579 3451 hominum
1615 3413 1734 3452 sese
1765 3397 2143 3451 felicissimum
2176 3399 2339 3466 depu-

782 3505 927 3555 tans,
954 3492 1214 3544 omnibus
1242 3491 1365 3544 aliis
1387 3492 1536 3544 curis
1555 3491 1795 3553 omissis,
1823 3492 2035 3558 magnis
2059 3491 2344 3544 itincriirns

783 3584 848 3636 ad
881 3583 959 3634 Ite
998 3583 1239 3650 quinque
1275 3582 1484 3635 dierum
1515 3582 1690 3650 spatio
1715 3582 1996 3650 pervenit;
2032 3589 2196 3651 atque
2220 3579 2343 3633 inde

784 3676 1072 3729 discedens
1114 3675 1189 3726 rei
1227 3673 1456 3726 feliciter
1487 3684 1652 3740 gesta:
1686 3673 1907 3725 nuntios
1948 3672 2012 3724 ad
2068 3671 2341 3726 sultanuni

787 3764 973 3827 mittit,
1038 3762 1336 3830 Liparitam
1397 3771 1614 3832 captum
1685 3761 2011 3815 indicantes.
2085 3760 2347 3815 Sullanus

788 3855 1041 3908 simulata
1078 3853 1260 3906 laztitia
1291 3853 1360 3905 ob
1388 3860 1604 3919 captum
1636 3861 1843 3904 tantum
1887 3854 2080 3915 virum,
2131 3854 2344 3904 interim

791 3954 998 3998 tantam
1060 3943 1213 3996 fratri
1251 3944 1327 3996 rei
1378 3942 1624 4008 gerenda:
1696 3942 2008 3996 felicitatem
2076 3941 2344 4005 invidens,

791 4036 1010 4091 assidue
1045 4038 1108 4089 de
1156 4050 1219 4089 eo
1266 4033 1507 4086 tollendo
1557 4035 1813 4104 cogitavit
1872 4049 2171 4102 ansamqne
2217 4049 2348 4102 cap-

791 4140 944 4182 anIl.

2443 3208 2734 3278 λεγόμενον
2771 3203 3223 3274 Καστροκώμιον,
3252 3198 3544 3252 σπουδαίαν
3572 3196 3669 3264 τὴν
3700 3189 4012 3258 ὁδοιπορίαν

2442 3301 2772 3370 ποιούμενοι.
2805 3297 3199 3364 ’Δπεπάγησαν
3224 3293 3356 3362 προς
3378 3290 3472 3360 τὴν
3501 3287 3666 3357 ἀκοὴν
3689 3287 3738 3337 οἱ
3759 3287 4015 3354 ἄρχοντες

2445 3394 2537 3447 τοῦ
2590 3391 2846 3460 στρατοῦ.
2884 3390 3074 3458 Ὅμως
3125 3380 3672 3452 διανυκτερεύσαντες
3726 3377 4013 3444 ἄγρυπνοι,

2445 3485 2672 3555 ἐπείπερ
2708 3463 2887 3552 ήμέρα
2928 3476 3211 3546 ἐπέλαμψε
3259 3475 3352 3528 καὶ
3405 3473 3567 3542 βουλὴ
3618 3466 3886 3555 προετέθή
3923 3467 4017 3516 καὶ

2448 3526 2670 3555 ”’“”””Ι’
2714 3526 2886 3552 'lr'l'"
2929 3526 3169 3546 ⁷’””“”Γ“Ι
3263 3526 3311 3528 7"
3405 3526 3416 3542 ι
3557 3526 3567 3540 I
3665 3526 3674 3539 I
3873 3526 3886 3535 υ

2448 3580 2558 3639 τοῖς
2596 3575 2728 3628 πᾶσι
2765 3572 3046 3640 συμφέρον
3083 3566 3340 3638 ἐνομίσθη
3371 3566 3602 3618 ἕκαστον
3635 3560 3815 3614 οἴκαδε
3851 3526 4018 3610 ἀπελ-

2450 3671 2581 3732 θεῖν,
2637 3670 2664 3718 ό
2718 3666 2816 3733 μέν
2863 3662 3073 3734 Ἀαρὼν
3133 3662 3223 3712 τὸν
3275 3661 3474 3711 οἰκεῖον
3540 3653 3845 3722 ἀνειληφὼς
3895 3649 4020 3700 λαδν

2449 3756 2665 3814 ἄπεισιν
2700 3760 2778 3819 εἰς
2822 3756 2881 3807 τὸ
2935 3754 3086 3807 ’Ὶΰαν
3120 3751 3478 3820 (μητρόπολις
3509 3747 3564 3799 δὲ
3592 3745 3728 3813 αὕτη
3760 3741 3852 3794 τοῦ
3882 3741 4024 3792 Βαα-

2453 3853 2746 3922 σπρακὰν),
2767 3853 2792 3900 ὁ
2816 3847 2871 3900 δὲ
2893 3845 3244 3912 Κεκαυμένος
3262 3843 3396 3911 μετὰ
3422 3840 3527 3892 τῶν
3554 3839 3697 3891 ίδίων
3725 3832 4024 3901 ἐπανῆλθεν

2455 3946 2530 4005 εἰς
2565 3945 2642 4007 τὸ,
2671 3941 2860 3993 'Aviw.
2928 3939 2986 3990 '0
3035 3939 3092 3990 δέ
3149 3935 3444 4004 Ἀὁράμιος
3490 3936 3555 4002 τῇ
3590 3930 3681 3983 τοῦ
3727 3926 4022 3994 Λιπαρίτου

2459 4034 2746 4105 ἀρκεσθεὶς
2797 4031 3016 4093 ἁλώσει,
3065 4027 3159 4080 καλ⁸
3214 4025 3534 4093 ὀλϐιώτερον
3593 4019 3784 4073 ἑαυτὸν
3839 4016 4027 4084 κρίνας

2460 4125 2658 4184 παντὸς
2683 4121 2971 4191 ἀνθρώπου
2998 4119 3086 4169 διὰ
3104 4118 3163 4169 τὸ
3182 4116 3353 4186 παρὸν
3377 4113 3680 4182 εὐτύχημα,
3722 4111 3886 4179 μηδὲν
3909 4109 4028 4160 ’ἐτε-

794 4238 884 4288 ρον
931 4218 1480 4286 πολυπραγμονήσας,
1529 4217 1643 4266 ἀλλ’
1679 4215 1951 4277 ἐπιτείνας
1995 4215 2094 4285 τὴν
2132 4215 2460 4283 ὁδοιπορίαν,
2484 4215 2572 4266 διὰ
2594 4213 2755 4265 πέντε
2781 4209 3004 4282 ἡμερῶν
3065 4208 3429 4277 παραγίνεται
3490 4208 3568 4266 εἰς
3625 4205 3684 4255 τὸ
3740 4202 4029 4270 λεγόμενον

802 4316 914 4380 Ῥὲν
939 4315 1191 4366 κάκεῖθεν
1223 4311 1437 4364 ἄπεισιν
1463 4311 1540 4372 εἰς
1572 4312 1662 4362 τὸν
1698 4309 1983 4362 σουλτάνον
2017 4310 2348 4379 προπέμψας
2387 4311 2453 4363 τά
2473 4307 2765 4375 εὐαγγέλια
2795 4307 2888 4358 καὶ
2919 4303 3017 4373 τὴν
3068 4301 3162 4354 τοῦ
3191 4300 3491 4370 Λιπαρίτου
3554 4296 3797 4367 μηνύσας
3861 4294 4030 4344 κατά-ι

794 4425 996 4476 σχεσιν.
1050 4406 1106 4456 '0
1130 4404 1186 4456 δὲ
1216 4403 1292 4474 τῷ
1324 4404 1497 4456 δοκεῖν
1527 4404 1623 4472 μέν
1647 4403 1931 4473 ηὐφράνθη
1969 4404 2058 4456 καὶ
2087 4404 2452 4472 ἠγαλλιάσατο
2486 4402 2578 4454 ἐττί
2607 4404 2673 4470 τῇ
2711 4399 2912 4452 ἁλώσει
2946 4395 3039 4447 τοῦ
3112 4396 3432 4463 Λιπαρίτου,
3504 4391 3767 4460 ἐφθόνησε
3833 4387 3887 4438 δὲ
3955 4384 4030 4454 τῷ

792 4497 1005 4566 ἀδελφῷ
1029 4496 1268 4549 τοιούτου
1297 4492 1804 4561 καταξιωθέντιτοῦ
1875 4496 2268 4565 εὐτυχήματος,
2333 4499 2426 4548 καὶ
2465 4495 2552 4546 διὰ
2605 4492 2804 4553 παντὸς
2858 4489 3088 4559 ἐμελέτα
3139 4487 3232 4538 καὶ
3288 4481 3796 4557 πρόφασινιέζήτει
3846 4481 4032 4532 τοῦτον

795 4598 1122 4667 ποιήσασθαι.
1150 4595 1411 4650 ἐκποδών.

869 4661 1170 4758 Imperator
1207 4688 1504 4758 Liparitam
1537 4666 1757 4755 captum
1786 4702 1906 4740 esse
1952 4687 2179 4740 audiens
2210 4693 2358 4738 totus
2393 4686 2436 4741 D
2536 4681 2607 4731 Τὸ

2297 4699 2358 4736 us
2393 4686 2436 4741 D
2536 4681 2638 4731 Τὸν
2675 4678 2772 4747 μὲν
2805 4673 2896 4728 οὖν
2931 4673 3257 4742 Λιπαρίτην,
3303 4669 3378 4729 ὡς
3425 4665 3655 4718 ἐπύθετο
3698 4662 3797 4731 τὴν
3843 4661 4030 4713 τούτου

799 4784 852 4832 in
881 4783 983 4834 hoc
1017 4780 1116 4834 fuit
1155 4789 1212 4833 nt
1243 4795 1366 4833 eum
1407 4779 1687 4833 liberaret.
1729 4776 1894 4831 Misso
1941 4777 2124 4845 itaque
2152 4776 2215 4829 ad
2249 4775 2362 4828 sul-

801 4883 990 4925 tannm
1020 4871 1254 4940 Georgio
1291 4869 1484 4928 Droso.
1513 4871 1690 4923 scriba
1723 4869 1976 4933 Aaronis,
2015 4883 2138 4922 cum
2177 4882 2367 4920 mune-

803 4967 956 5019 ribus
989 4980 1084 5034 pro
1129 4963 1443 5018 redimendo
1478 4979 1543 5016 eo
1597 4964 1870 5030 pretiosis,
1917 4961 2164 5014 simulet
2222 4960 2367 5011 lnmc

804 5056 908 5110 sibi
941 5054 1091 5109 reddi
1127 5064 1181 5108 et
1238 5069 1430 5122 pacem
1484 5054 1735 5121 componi
1785 5053 2053 5121 postulat.
2103 5049 2365 5102 Sullanus

808 5148 1049 5217 acceptis
1109 5147 1322 5216 legatis,
1390 5155 1448 5199 ut
1515 5144 1840 5213 magnificus
1897 5140 2053 5211 581
2093 5139 2366 5192 videretur

810 5241 990 5309 potius
1038 5255 1133 5293 rex
1177 5253 1340 5308 quam
1409 5237 1501 5306 qui
1534 5236 1736 5290 bellum
1796 5242 2219 5300 cauponaretur,
2268 5245 2366 5299 pro

812 5331 956 5383 dono
1013 5328 1327 5398 imperatori
1389 5328 1553 5382 mittit
1609 5326 1940 5394 Liparitani;
1984 5331 2037 5377 et
2093 5338 2212 5389 quae
2251 5322 2368 5390 ejus

815 5421 1114 5479 redimendi
1135 5434 1304 5474 causa
1327 5420 1620 5487 imperator
1645 5418 1892 5481 misnrat,
1909 5416 2108 5484 accipit
2128 5413 2371 5483 quidem,

817 5513 911 5568 scd
951 5513 1207 5567 omnibus
1236 5513 1302 5567 iis
1330 5511 1628 5580 Liparitam
1662 5511 1850 5570 donat,
1890 5510 2140 5561 hortatus
2172 5516 2228 5558 nt
2258 5506 2375 5574 ejus

818 5626 870 5661 Ill
913 5617 1191 5677 posterum
1225 5606 1332 5659 diei
1369 5603 1688 5658 memoriam
1724 5603 1951 5662 coleret,
1979 5613 2153 5665 neque
2181 5608 2371 5650 contra

823 5700 1026 5756 Turcas
1068 5717 1230 5769 porro
1263 5716 1410 5753 arma
1445 5707 1707 5752 sumeret.
1751 5695 1985 5764 Legatus
2037 5692 2236 5746 sultani
2275 5691 2376 5742 fuit

820 5791 885 5846 ad
929 5794 1308 5868 imperatorem
1341 5793 1386 5846 is
1424 5807 1581 5861 quem
1624 5792 1722 5858 ipsi
1789 5788 2076 5856 Seriphum
2143 5793 2376 5846 vocant;

2463 4771 2789 4838 κατάσχεσιν
2820 4769 2846 4820 6
2884 4766 3154 4836 βασιλεὺς,
3189 4763 3309 4823 ὅλος
3348 4758 3564 4826 ἐγένετο
3599 4751 4032 4824 ἀναρρύσασθαι,

2464 4863 2556 4915 καὶ
2591 4861 2740 4932 δῶρα
2767 4858 3035 4924 πολυτελῆ
3064 4857 3157 4909 καὶ
3186 4853 3357 4924 λύτρα
3392 4848 3615 4918 πέμψας
3651 4846 3728 4916 τῷ
3761 4843 4034 4910 σουλτάνῳ

2464 4956 2553 5010 διὰ
2581 4953 2854 5024 Γεωργίου
2876 4951 2968 5003 τοῦ
2997 4947 3289 5017 λεγομένου
3319 4943 3517 5012 Δρόσου
3545 4935 4036 5010 (ὑπογραμματεὺς

2469 5051 2524 5101 δέ
2553 5045 2620 5117 ἦν
2653 5049 2680 5100 6
2719 5046 2916 5115 Δρόσος
2952 5043 3044 5095 τοῦ
3088 5037 3320 5109 Ἀαρὼν)
3357 5036 3646 5100 ὲξαιτεῖται
3690 5032 3786 5099 τὴν
3820 5027 4034 5081 ἐλευθε-

2474 5139 2593 5207 ρίαν
2622 5137 2716 5188 καὶ
2748 5133 2978 5195 σπονδὰς
3011 5131 3257 5201 εἰρήνης.
3289 5129 3346 5178 '0
3377 5126 3430 5177 δὲ
3464 5123 3750 5182 σουλτάνος
3782 5120 3878 5179 τας
3905 5134 4036 5186 πρε-

2474 5229 2656 5290 σϐείας
2704 5227 3014 5294 δεξάμενος,
3074 5223 3168 5275 καὶ
3219 5215 3641 5290 μεγαλοπρεπής
3688 5214 3854 5265 θέλων
3898 5206 4036 5261 εἶναι

2478 5322 2724 5393 βασιλεὺς
2759 5319 2954 5388 μᾶλλον
2983 5316 3016 5384 ἦ
3059 5312 3298 5380 κάπηλος
3342 5307 3715 5374 ἀνελεύθερος,
3749 5301 4038 5355 ἀποδίδωσι

2476 5416 2662 5470 τοῦτον
2686 5413 2855 5482 δῶρον
2876 5409 2951 5479 τῷ
2980 5406 3207 5478 βασιλεῖ,
3227 5401 3404 5454 λαϐὼν
3431 5399 3530 5468 μὲν
3549 5398 3615 5448 τὰ
3647 5395 3838 5463 λύτρα,
3864 5393 4041 5444 πάντα

2477 5511 2531 5562 δὲ
2560 5507 2637 5577 τῷ
2683 5503 2956 5572 Λιπαρίτῃ
3009 5493 3392 5566 παρεσχηκὼς,
3449 5489 3542 5542 καὶ
3597 5484 3904 5554 μεμνῆσθαι
3944 5483 4040 5552 τῆς

2487 5598 2764 5668 παρούσης
2794 5593 3000 5663 ἡμέρας
3033 5590 3119 5642 διὰ
3151 5588 3348 5647 παντὸς
3385 5579 3925 5652 παρεγγυηαιάμενης,
3952 5573 4043 5626 καὶ

2491 5689 2753 5757 μηδέποτε
2789 5684 2925 5737 ὅπλα
2959 5681 3181 5748 θελῆσαι
3215 5677 3274 5729 τὸ
3327 5675 3432 5728 ἀπὸ
3463 5671 3611 5725 τοῦδε
3656 5670 3869 5736 κινῆσαι
3907 5665 4044 5717 κατὰ

2487 5782 2592 5834 τῶν
2636 5777 2911 5846 Τούρκων.
2966 5773 3047 5843 [Ρ.
3097 5769 3218 5839 πη
3265 5767 3640 5833 Ἀνεπλήρωσε
3677 5761 3717 5812 δ’
3752 5758 3902 5826 αὑτῷ
3946 5758 4043 5825 τὴν
