4410 6442
802 355 912 421 315

2098 368 2346 427 GEORG
2361 368 2412 427 ll
2450 372 2780 436 CEDRENI

3941 378 4047 443 316

803 478 1076 532 Anastasii
1111 480 1274 540 lilius)
1301 479 1571 551 significat
1593 484 1717 551 quis
1741 494 1885 538 esset
1927 493 1979 538 et
2007 501 2112 553 qua
2145 487 2363 541 fortuna
2397 493 2441 547 Α
2470 491 2544 562 ζηι

2305 501 2363 538 ηε)
2397 493 2441 547 Α
2470 491 2647 562 ζητῶν
2690 495 2818 561 μίαν
2844 494 2986 562 ἔγνω
3020 495 3213 547 ἐαυτοῦ
3240 512 3298 548 τε
3333 494 3427 549 καὶ
3457 496 3565 548 τῶν
3604 498 3698 550 σὺν
3743 498 3913 567 αὐτῷ,
3946 502 4046 565 τὴν

801 576 960 620 actus
998 571 1100 620 hue
1130 569 1405 633 venisset;
1436 578 1490 624 et
1521 586 1581 625 se
1610 588 1811 642 cupere
1840 574 1895 626 in
1931 575 2089 628 lidem
2126 576 2362 644 impera-

804 661 941 713 toris
994 659 1319 716 concedere.
1390 672 1777 731 receptumque
1849 680 1907 717 se
1976 667 2139 719 rebus
2209 668 2371 730 hujus

805 763 1131 814 ιιιιιιζιισιρρΐθ
1171 748 1642 804 commodaturum
1708 753 2017 821 pollicetur.
2076 754 2373 810 Praefectus

803 853 925 886 eum
952 838 1230 904 extemplo
1258 852 1369 890 rem
1399 839 1464 891 ad
1514 840 1900 907 imperatorem
1955 843 2265 908 detulisset,
2304 846 2372 898 ab

802 942 869 975 eo
930 925 1156 991 jnIu-tur
1198 930 1384 979 statim
1444 926 1712 994 Kegenem
1774 947 1897 985 cum
1951 948 2053 986 suo
2107 936 2370 987 comitatu

804 1016 1076 1081 accipere,
1109 1024 1275 1084 atque
1316 1016 1442 1070 huic
1482 1020 1701 1087 quidem
1745 1026 2056 1077 necessaria
2105 1027 2369 1093 praebere,

806 1108 984 1175 ipsum
1018 1121 1198 1161 autent
1234 1110 1501 1180 Kegenem
1536 1114 1840 1170 ltonorillre
1886 1118 2207 1187 Byzantium
2247 1121 2372 1172 mito

802 1207 938 1254 tere.
975 1200 1079 1265 Qui
1141 1211 1200 1254 ut
1245 1218 1309 1256 eo
1334 1206 1504 1267 venit,
1539 1204 1774 1273 benigne
1839 1217 1924 1263 est
1978 1212 2373 1281 splendideque

800 1301 1086 1357 exceptus.
1113 1308 1176 1347 ac
1202 1310 1323 1346 cum
1344 1297 1669 1364 imperatore
1687 1299 2017 1363 collocutus,
2039 1318 2097 1356 se
2120 1315 2369 1357 sanctmn

803 1378 1135 1446 liaptismum
1191 1382 1563 1438 admissurum
1604 1388 2075 1457 pOpttlaribusque
2126 1393 2269 1445 idem
2316 1404 2372 1447 nt

802 1469 1009 1523 faciant
1080 1488 1470 1539 persuasurum
1510 1481 1854 1545 promittens,
1915 1483 1984 1535 ab
2039 1484 2369 1553 imperatore

800 1562 1034 1630 patricio
1070 1563 1277 1619 honore
1307 1566 1471 1636 584
1525 1581 1789 1635 ornatur;
1848 1574 2008 1642 eiqtte
2057 1583 2169 1628 tres
2218 1593 2374 1631 arces

804 1654 1164 1721 assignantur
1200 1656 1269 1710 de
1300 1660 1366 1711 iis
1399 1675 1520 1727 qu'e
1566 1662 1630 1712 ad
1670 1662 1845 1730 ripam
1878 1675 2006 1717 sunt
2053 1666 2199 1732 lstri,
2231 1671 2373 1722 ntul—

803 1756 963 1813 taque
993 1748 1103 1815 agri
1126 1748 1349 1817 jugera;
1386 1760 1545 1818 atque
1575 1750 1721 1807 adeo
1761 1754 1815 1808 in
1849 1771 2134 1809 numerum
2165 1759 2373 1814 amico-

2474 587 2553 647 είς
2593 586 2682 637 τὸν
2717 585 2938 653 βασιλέα
2970 587 3078 639 τῶν
3120 586 3405 657 Ῥωμαίων
3446 590 3787 658 καταφυγήν.
3834 590 3924 642 Διδ
3956 590 4048 644 καὶ

2476 680 2611 748 πρὸς
2636 680 2693 731 τὸ
2717 680 3042 748 Δορόστολον
3064 680 3411 749 ἀφικόμενος,
3454 680 3547 733 καὶ
3580 680 3637 733 έν
3664 698 3768 733 τινι
3806 684 4048 750 ποταμίᾳ⁵

2474 770 2649 838 νησίδι
2707 772 3055 840 περικλείσας
3096 771 3288 824 ἑαυτὸν
3334 771 3423 823 διὰ
3476 772 3537 824 τὸ
3595 772 4050 825 ἀνεπιϐούλευτον

2478 858 2615 925 μετά
2647 858 2755 910 τῶν
2776 860 2873 911 σὺν
2901 861 3049 930 αὐτῷ
3082 856 3243 929 (ἦσαν
3279 860 3336 914 δέ
3371 861 3514 930 ἀμφὶ
3545 859 3643 923 τάς
3674 861 3724 915 κ’
3756 861 4049 931 χιλιάδας),

2475 950 2830 1018 διαμηνύεται
2857 951 2933 1020 τῷ
2963 955 3060 1022 τῆς
3090 953 3275 1021 χώρας
3303 953 3522 1023 ἄρχοντι
3558 948 3659 1021 (ἦν
3692 952 3746 1005 δὲ
3779 952 3990 1024 Μιχαὴλ
4023 957 4050 1005 6

2474 1040 2567 1092 τοῦ
2608 1042 2954 1095 Ἀναστασίου
2980 1044 3139 1107 υἱὸς),
3170 1044 3262 1096 καὶ
3290 1043 3542 1113 γνωρίζει
3574 1044 3721 1106 ὅστις
3754 1061 3813 1096 τε
3845 1046 3928 1111 εἴη
3959 1046 4053 1097 καὶ

2474 1134 2593 1197 οἵας
2616 1134 3009 1205 διαδιδράσκων
3042 1136 3211 1205 τύχας
3236 1137 3483 1202 ἀφῖκται,
3519 1136 3615 1189 καὶ
3638 1137 3720 1190 ὅτι
3750 1138 4053 1205 αὐτόμολος

2479 1225 2724 1293 βούλεται
2756 1227 3009 1295 γενέσθαι
3039 1228 3116 1298 τῷ
3152 1228 3375 1299 βασιλεῖ,
3411 1229 3841 1298 ὑπισχνούμενος
3875 1231 3931 1284 δὲ
3961 1232 4053 1283 καὶ

2477 1318 2523 1368 εί
2586 1318 2966 1387 προσδεχθείη,
3020 1320 3099 1379 είς
3164 1318 3403 1388 μεγάλην
3454 1319 3640 1387 ὄνησιν
3686 1321 3906 1374 ἔσεσθαι
3940 1325 4053 1383 τοῖς

2476 1408 2666 1461 τούτου
2697 1409 3042 1480 πράγμασιν.
3115 1410 3172 1463 Ὀ
3202 1412 3257 1463 δὲ
3286 1412 3353 1465 τὰ
3398 1414 3692 1481 μηνύματα
3724 1415 3885 1479 λόγου
3921 1415 4050 1467 θᾶτ-

2475 1516 2565 1552 τον
2612 1499 2748 1567 πρὸς
2799 1500 2889 1551 τὸν
2947 1500 3171 1569 βασιλέα
3214 1501 3662 1571 διαπορθμεύσας
3715 1503 3802 1556 διὰ
3838 1506 4053 1572 ταχέων

2477 1591 2758 1643 κελεύεται
2818 1590 2905 1643 τὸν
2964 1592 3132 1661 ἄνδρα
3196 1592 3331 1661 μετὰ
3408 1592 3517 1645 τῶν
3579 1595 3847 1647 συνόντων
3909 1595 4052 1664 αὐτῷ

2477 1678 2893 1747 προσδέξασθαι,
2930 1681 3025 1732 καὶ
3070 1679 3279 1744 τούτοις
3317 1682 3416 1749 μὲν
3473 1682 3539 1735 τὰ
3600 1684 3880 1752 ἐπιτήδεια
3932 1701 4055 1754 χορ·-

2480 1772 2656 1838 ηγείν,
2685 1770 2849 1821 αὐτὸν
2874 1770 2929 1822 δὲ
2961 1770 3181 1833 ἐνδόξως
3214 1772 3267 1834 ἐς
3289 1771 3348 1823 τὸ
3370 1772 3657 1835 Βυζάντιον
3688 1777 4051 1843 πεπομφέναι.

802 1852 925 1891 rum
968 1840 1357 1909 sociorumque
1388 1841 1477 1895 PR
1502 1846 1814 1909 aseribitur,
1854 1862 1970 1899 eam
2005 1852 2278 1919 praecipue
2304 1852 2375 1906 ob
2404 1831 2451 1890 B

2314 1852 2375 1906 ab
2404 1831 2451 1890 B
2482 1831 2591 1911 Ιξαὶ
2709 1859 2806 1926 μὲν
2841 1858 2915 1921 ὡς
2947 1831 3620 1929 ἐκελεύσθη-διεπράξατο,
3662 1864 3689 1914 6
3719 1863 3773 1915 δὲ
3813 1831 4055 1933 ιξειγένης

802 1945 1024 1983 causam
1057 1932 1225 2000 quod,
1256 1934 1331 1987 uti
1373 1936 1653 2005 pollicitus
1690 1937 1886 1999 fuerat,
1955 1949 2009 1992 et
2054 1943 2167 2008 ipse
2204 1943 2377 2011 bapti-

804 2021 919 2073 zari
951 2022 1203 2077 voluitet
1236 2026 1326 2093 qui
1361 2042 1483 2079 cum
1523 2028 1642 2095 ipso
1672 2040 1847 2083 erant.
1882 2030 2066 2099 anue
2113 2034 2166 2085 in
2209 2050 2266 2086 re
2291 2036 2375 2089 ttsi

802 2121 935 2165 sunt
961 2116 1202 2183 religiosi
1236 2118 1523 2185 cujusdam
1558 2123 1807 2175 monachi
1858 2123 2132 2194 Eutliymii
2186 2143 2370 2195 opera,

802 2205 871 2257 ad
904 2206 1051 2275 ipsos
1080 2210 1257 2271 missi,
1290 2211 1381 2277 qui
1414 2211 1481 2266 ad
1534 2212 1731 2267 lstrmn
1788 2232 2000 2269 amnem
2032 2217 2156 2286 ejus
2190 2235 2377 2273 saera—

804 2300 972 2352 menti
1004 2305 1347 2358 ceremonias
1374 2304 1780 2361 administravit
1811 2311 2207 2379 universosque
2239 2313 2373 2383 bap-

806 2390 994 2444 tizavit

2483 1951 2561 2011 εἰς
2608 1950 2706 2017 τὴν
2758 1950 3001 2018 βασιλίδα
3058 1952 3321 2019 φοιτήσας
3351 1953 3446 2005 καὶ
3486 1954 3753 2021 etnon;
3785 1954 3957 2007 ἐλθὼν
3981 1958 4057 2026 τῷ

2483 2043 2693 2112 βασιλεῖ
2752 2042 3091 2112 φιλοφρόνως
3157 2060 3214 2096 τε
3279 2044 3373 2096 καὶ
3444 2045 3877 2115 μεγαλοπρεπῶς
3923 2049 4057 2097 ὑπε-

2478 2134 2663 2203 δέχθη,
2700 2134 2795 2186 καὶ
2835 2133 3206 2203 ὑποσχόμενος
3238 2134 3399 2198 αὐτός
3429 2153 3487 2188 τε
3520 2135 3581 2189 τδ
3609 2136 3765 2204 ἅγιον
3795 2138 4056 2204 δέξασθαι

2487 2225 2798 2294 βάπτισμα,
2854 2226 3190 2294 παραπετσαι
3243 2223 3299 2277 δὲ
3335 2227 3428 2277 καὶ
3462 2228 3586 2289 τοὺς
3619 2228 3880 2292 συνόντας
3909 2230 4059 2297 αὐτῷ

2475 2314 2633 2367 τοῦτο
2694 2313 2939 2381 ποιῆσαι,
3014 2314 3093 2375 είς
3142 2314 3539 2384 πατρικιότητά
3585 2331 3645 2366 τε
3694 2315 3924 2384 ἀνήχθη,
3966 2318 4059 2368 καὶ

2482 2405 2719 2475 φρούρια
2752 2405 2879 2474 τρία
2916 2405 3023 2457 ἀπὸ
3052 2405 3160 2456 τῶν
3181 2405 3238 2457 ὲν
3271 2408 3388 2466 ταῖς
3423 2405 3609 2475 ὖχθαις
3641 2406 3937 2476 ἱδρυμένων
3961 2405 4059 2459 τοῦ

806 2484 1023 2556 Ἴστρου
1053 2486 1265 2558 εἰλήφει
1308 2490 1402 2542 καὶ
1448 2491 1550 2560 γῆς
1581 2491 1751 2543 πολλὰ
1783 2492 1995 2555 στάδια,
2033 2494 2242 2548 καὶτοῦ
2277 2495 2464 2550 λοιποῦ
2494 2500 2604 2560 τοῖς
2646 2496 2820 2564 φίλοις
2853 2497 3127 2567 ἐνεγράφη
3164 2496 3255 2548 καὶ
3287 2497 3594 2566 συμμάχοις
3639 2496 3942 2566 Ῥωμαίων.
3988 2498 4064 2560 Τδ

803 2574 967 2628 πλέον
1026 2577 1072 2629 δ’
1140 2578 1223 2631 ὅτι
1255 2580 1347 2633 καὶ
1397 2578 1473 2643 ὡς
1528 2580 1797 2651 ὑπέσχετο
1840 2582 2124 2647 ἀνεδέξατο
2162 2584 2223 2638 τδ
2296 2588 2449 2654 ἅγιον
2490 2587 2769 2657 βάπτισμα
2825 2588 2987 2651 αὐτός
3042 2604 3100 2639 τε
3159 2587 3255 2640 καὶ
3305 2589 3353 2641 oi
3419 2588 3516 2640 σὺν
3554 2587 3722 2655 αὐτῷ,
3787 2587 4062 2657 Εὐθυμίου

803 2670 948 2733 τινὸς
1003 2672 1266 2736 εὐλαϐοὖς
1324 2675 1560 2744 μοναχοῦ
1613 2678 1976 2746 πεμφθέντος.

2060 2679 2154 2733 τοῦ
2208 2681 2276 2734 τά
2325 2682 2419 2735 τού
2493 2682 2637 2735 θείου
2701 2681 2927 2751 λουτροῦ
2991 2684 3142 2754 παρά
3208 2682 3286 2753 τῷ
3355 2684 3556 2752 Ἴστρῳ
3622 2682 3852 2753 ποταμῷ
3910 2684 4062 2735 ἐκτε-

804 2764 1063 2826 λέσαντος
1112 2766 1205 2819 καὶ
1266 2769 1402 2821 πᾶσι
1458 2768 1774 2838 μεταδόντος
1821 2771 1915 2822 τού
1972 2772 2127 2839 ἀγίου
2184 2775 2579 2847 βαπτίσματος.

878 2853 1068 2912 Rebus
1129 2858 1182 2912 in
1242 2868 1359 2913 tuto
1398 2863 1715 2919 constitutis
1776 2865 2045 2936 Kegenes,
2103 2885 2224 2923 cum
2266 2870 2376 2940 jam

808 2958 1000 3001 contra
1032 2949 1243 3007 subitos
1288 2952 1531 3008 hostium
1584 2955 1822 3024 impetus
1848 2973 1908 3012 se
1934 2962 2279 3025 munivisset,
2310 2962 2379 3017 ad

810 3041 1188 3096 ulciscendum
1223 3043 1435 3098 hostem
1484 3061 1542 3100 se
1595 3047 1831 3113 confert,
1890 3048 2141 3119 Istroque
2192 3060 2379 3108 trans-

2552 2873 2849 2944 Γενόμενος
2882 2874 2937 2925 δὲ
2986 2875 3044 2925 ἐν
3086 2872 3163 2941 τῷ
3203 2872 3455 2940 ἀσφαλεῖ,
3508 2870 3601 2924 καὶ
3623 2882 3722 2933 τας
3762 2872 4061 2940 αἰφνιδίους

2481 2966 2702 3034 ἐφόδους
2740 2966 3198 3033 ἀσφαλισάμενος,
3252 2965 3387 3033 πρὸς
3432 2964 3644 3033 ἄμυναν
3670 2965 3937 3034 ἐτράπετο
3963 2964 4059 3017 τοῦ

2480 3055 2699 3126 ἐχθροῦ,
2735 3059 2830 3109 καὶ
2880 3055 3274 3126 περαιούμενος
3313 3055 3404 3107 τὸν
3450 3056 3660 3126 Ἵστρον
3703 3056 3797 3108 νύν
3831 3055 3930 3124 μὲν
3962 3059 4058 3107 συν

808 3133 983 3187 misso
1020 3148 1167 3186 nunc
1193 3149 1317 3186 eum
1351 3135 1610 3201 millibus,
1656 3138 1792 3190 alias
1826 3154 1948 3193 cum
1976 3142 2190 3196 duobus
2220 3144 2379 3197 milli-
2409 3178 2453 3236 ε
2487 3150 2549 3217 χι

2315 3144 2379 3197 ΙῘ-
2409 3178 2453 3236 c
2487 3149 2681 3217 χιλίοις
2704 3190 2716 3211 ,
2765 3146 2883 3201 εἶτα
2936 3150 3029 3201 σὺν
3075 3148 3354 3218 δισχιλίοις
3403 3148 3495 3200 καὶ
3525 3147 3591 3201 αὖ
3627 3148 3723 3202 σὺν
3757 3148 3993 3201 πλείοσιν
4023 3147 4055 3217 ἦ

812 3225 939 3289 hus,
972 3235 1025 3280 et
1058 3227 1356 3296 aliquando
1385 3230 1633 3297 pluribus
1678 3232 1973 3300 aliquando
2030 3237 2383 3303 paucioribus

813 3317 1037 3381 ductis,
1117 3318 1582 3388 impressionibus
1667 3324 1976 3377 subitaneis
2058 3326 2384 3382 Patzinacas

813 3406 1117 3478 Tyraehios
1164 3411 1407 3481 graviter
1432 3411 1643 3476 amisit,
1673 3414 1843 3475 viros.
1880 3415 1932 3467 in
1979 3432 2120 3484 quos
2157 3418 2383 3472 incidis-

815 3512 921 3563 set.
950 3503 1232 3563 occidens,
1269 3502 1525 3556 mulieres
1562 3515 1743 3558 autem
1776 3515 1828 3558 et
1870 3523 2069 3575 puerns
2116 3508 2168 3561 in
2210 3511 2386 3564 servi-

817 3600 987 3644 tutem
1022 3592 1303 3647 aliducens
1350 3608 1412 3646 ac
1460 3593 1724 3647 Romanis
1783 3597 2045 3650 vendens.
2102 3596 2387 3667 Tyrarhus

818 3682 1193 3736 clandestinus
1228 3684 1326 3736 has
1362 3684 1599 3751 Kegeuis
1629 3683 2019 3752 impressiones
2072 3703 2178 3741 non
2209 3689 2387 3741 ferens

819 3777 884 3826 ad
928 3776 1312 3842 imperatorem
1340 3776 1508 3828 mittit
1560 3778 1793 3846 legatus,
1831 3780 1920 3845 qui
1953 3780 2064 3832 haec
2122 3796 2389 3849 propone-

821 3878 941 3922 rent
978 3888 989 3922 ε
1026 3868 1414 3938 Imperatorem
1474 3869 1777 3923 Romanum
1808 3914 1822 3934 ,
1858 3873 1943 3924 cui
2026 3890 2149 3926 cum
2231 3886 2390 3943 gente

820 3958 1239 4013 Patzinacarum
1289 3958 1468 4013 fmilus
1519 3967 1686 4020 esset,
1720 3959 1946 4012 omnino
1979 3976 2085 4012 non
2138 3960 2391 4017 debuisse

823 4054 1066 4120 recipere
1097 4069 1219 4104 eum
1257 4051 1347 4120 qni
1383 4052 1451 4104 ab
1482 4051 1619 4119 ipsis
1662 4050 2019 4114 descivisset;
2076 4064 2169 4104 aut
2200 4055 2387 4105 Saltem

821 4154 1040 4212 recepto
1088 4144 1436 4208 interdicere,
1483 4158 1549 4196 ne
1591 4142 1730 4195 Istro
1781 4142 2005 4208 trajectu
2060 4145 2265 4197 amicos
2303 4141 2387 4196 PR

824 4235 1064 4290 laederet.
1093 4234 1328 4289 Proinde
1354 4244 1447 4287 aut
1504 4232 1745 4303 Kegenis
1773 4242 2144 4302 compesceret
2199 4251 2394 4289 excur-

825 4330 1032 4390 siones,
1061 4338 1155 4382 aut
1175 4327 1441 4379 auxilium
1470 4327 1518 4378 ei
1550 4340 1655 4378 non
1688 4326 1943 4393 praebeat.
1973 4324 2028 4379 Si
2064 4342 2221 4381 secus
2252 4328 2395 4382 laee-

823 4431 926 4483 ret.
972 4423 1139 4474 sciret
1174 4435 1232 4473 se
1267 4416 1427 4488 585
1449 4418 1830 4487 gravissimum
1849 4427 2039 4471 contra
2064 4433 2121 4473 se
2151 4434 2215 4474 ac
2257 4435 2388 4473 suos

2487 3241 2750 3303 ἐλάττοσι,
2801 3243 2893 3293 καὶ
2945 3241 3002 3304 ἐξ
3050 3240 3236 3308 ἐφόδου
3291 3240 3665 3308 προσπίπτων,
3715 3240 3781 3292 τὰ
3832 3239 4063 3307 μέγιστα

2491 3332 2690 3383 ἐκάκου
2723 3332 2817 3384 καὶ
2850 3330 3167 3399 ἐλυμαίνετο
3211 3330 3331 3392 τοὺς
3362 3331 3488 3399 περὶ
3532 3329 3621 3381 τὸν
3650 3328 3837 3399 Τυράχ
3862 3327 4061 3390 [ῐατζι-

2486 3424 2678 3484 νάκας,
2730 3422 2929 3491 ἄν“ρας
2989 3420 3087 3488 μὲν
3135 3420 3259 3481 τοὺς
3304 3420 3751 3487 προσπίπτοντας
3796 3418 4058 3488 ἀναιρῶν,

2489 3513 2685 3580 γύναια
2726 3513 2781 3564 δὲ
2814 3514 2906 3563 καὶ
2942 3511 3134 3574 παῖδας
3173 3511 3698 3581 ἀνδραποδιζόμενος
3727 3510 3822 3562 καὶ
3866 3508 4063 3560 πωλῶν

2488 3607 2598 3665 τοῖς
2641 3603 2955 3671 Ῥωμαίοις.
3010 3600 3227 3664 Ταύτας
3274 3601 3331 3654 δὲ
3361 3600 3460 3663 τὰς
3490 3600 3755 3669 λαθραίας
3792 3597 4064 3659 ἐπιθέσεις

2488 3695 2583 3747 τνλῦ
2632 3695 2905 3760 Κεγένους
2961 3693 3035 3761 μὴ
3084 3696 3264 3762 φέρων
3305 3694 3331 3745 6
3376 3692 3564 3761 Τυράχ
3612 3689 4063 3760 διαπρεσϐεύεται

2490 3785 2625 3854 πρὸς
2679 3786 2771 3836 τὸν
2824 3783 3084 3853 βασιλέα,
3154 3783 3395 3851 μηνύσας
3447 3781 3518 3843 ὡς
3577 3781 3682 3833 ἔδει
3742 3781 3831 3832 τὸν
3892 3780 4063 3848 μέγαν

2493 3876 2714 3946 βασιλέα
2748 3916 2762 3937 ,
2829 3873 3060 3935 σπονδὰς
3115 3873 3305 3942 ἔχοντα
3363 3870 3500 3941 μετά
3558 3869 3650 3922 τοῦ
3702 3870 3896 3937 γένους
3956 3868 4063 3921 τῶν

2492 3967 2867 4031 Πατζινάκων,
2901 3964 2987 4037 [Ρ.
3027 3963 3154 4035 777]
3190 3963 3325 4034 μηδὲ
3367 3961 3764 4033 προσδέξασθαι
3794 3962 3928 4024 ὅλως
3970 3963 4063 4015 τὸν

2491 4061 2805 4129 ἀποστάτην
2836 4058 3037 4122 αὐτῶν,
3068 4058 3190 4110 ἐπεὶ
3221 4056 3277 4109 δὲ
3305 4052 3685 4125 προσεδέξατο,
3733 4052 3962 4106 κωλύειν
3991 4054 4063 4122 μὴ

2491 4152 2760 4222 διαπερᾷν
2791 4150 2887 4203 καὶ
2926 4150 3050 4212 τοὺς
3082 4147 3447 4209 ὑποσπόνδους
3475 4145 3828 4217 λυμαίνεσθαι
3855 4161 3868 4175 ο
3908 4145 3940 4212 ἦ
3974 4140 4066 4197 οὖν

2493 4242 2840 4313 κωλυθήτωὸ
2877 4242 3014 4311 ἀνὴρ
3054 4240 3121 4292 τά
3146 4238 3374 4292 τοιαῦτα
3407 4239 3686 4308 πράττειν,
3729 4237 3761 4306 ἢ
3798 4237 4066 4306 μηδεμιᾶς

2493 4337 2700 4405 τυχέτω
2756 4333 3089 4403 συμμαχίας,
3150 4333 3182 4402 ἢ
3235 4331 3551 4400 γινωσκέτω
3598 4332 3625 4382 6
3684 4328 3931 4399 βασιλεὺς
3991 4328 4066 4388 ὡς

2495 4429 2617 4482 καθ’
2669 4426 2862 4480 ἑαυτοῦ
2912 4442 2968 4477 τε
3019 4426 3111 4477 καὶ
3166 4424 3265 4492 τῆς
3321 4421 3513 4475 ἑαυτοῦ
3554 4420 3737 4492 χώρας
3779 4419 4068 4487 ἐφέλκεται

824 4513 1025 4568 bellum
1057 4512 1353 4565 concitare.
1389 4508 1601 4563 Auditis
1634 4509 1930 4575 imperator
1953 4510 2039 4564 his
2099 4511 2391 4580 postulatis
2417 4505 2470 4565 D
2501 4521 2563 4589 βα

2326 4512 2391 4565 lis
2417 4505 2470 4565 D
2501 4519 2799 4589 βαρύτατον
2852 4515 3109 4584 πόλεμον.
3165 4514 3275 4567 Καὶ
3328 4511 3499 4565 ταῦτα
3531 4512 3628 4580 μὲν
3667 4510 3733 4561 τά
3776 4507 4067 4578 μηνύματα

824 4603 1154 4657 cachinnum
1188 4602 1431 4665 sustulit,
1458 4600 1600 4670 quod
1629 4599 1926 4654 ludibrium
1958 4611 2194 4670 putaret.
2234 4603 2278 4657 si
2324 4604 2394 4657 ob

830 4694 1137 4748 l’atzinaca:
1158 4694 1333 4747 minas
1349 4691 1579 4761 prodere
1596 4698 1881 4761 cogeretur
1898 4708 2021 4745 eum
2045 4694 2136 4762 qui
2159 4693 2212 4746 in
2236 4693 2391 4747 lldem

828 4787 1003 4854 ipsius
1038 4786 1399 4855 confugisset,
1453 4792 1546 4836 aut
1578 4798 1701 4836 eum
1757 4783 1824 4835 ab
1854 4781 2165 4839 ulciscenda
2197 4784 2396 4853 injuria

828 4878 1134 4943 abstinere;
1188 4876 1506 4946 legatosque
1563 4892 1621 4931 re
1686 4877 1882 4931 infecta
1934 4875 2186 4929 dimittit.
2221 4874 2396 4928 Simul

833 4971 1042 5025 litteras
1067 4970 1135 5023 ad
1165 4968 1491 5024 Michaelum
1527 4970 1642 5034 dat,
1679 4970 1893 5024 urbium
1950 4967 2088 5023 Istro
2137 4966 2397 5037 adjacen—

836 5064 972 5115 tium
1013 5060 1361 5130 praefectum,
1391 5069 1447 5115 et
1480 5062 1544 5117 ad
1602 5060 1883 5131 Kegenutn
1912 5078 1926 5127 ;
1960 5061 2134 5129 iisque
2164 5060 2400 5129 tnjungit

834 5159 892 5203 ut
940 5152 1085 5220 ripas
1109 5150 1233 5207 lstri
1256 5161 1507 5207 accurate
1528 5152 1860 5217 custodiant,
1896 5166 1959 5205 ac
1993 5152 2037 5206 si
2071 5152 2195 5220 quis
2216 5150 2398 5221 gravis

842 5247 1117 5299 exercitus
1150 5253 1391 5315 appetat,
1423 5246 1472 5297 id
1506 5245 1609 5299 sibi
1635 5260 1732 5315 per
1760 5244 1975 5299 litteras
2036 5242 2300 5308 indicent,
2342 5251 2402 5297 ut

835 5339 903 5390 de
931 5335 1378 5389 ()cridentalilnus
1408 5337 1571 5389 etiam
1622 5335 1927 5405 legionibus
1984 5334 2199 5387 mittere
2229 5334 2404 5401 possit

837 5429 931 5496 qui
971 5428 1107 5497 ipsis
1139 5428 1421 5498 conjuncti
1452 5426 1772 5481 Patzinacas
1797 5427 2031 5479 transitu
2060 5424 2181 5479 lstri
2217 5425 2404 5493 prohi-

842 5524 1024 5573 llt'alll.
1084 5518 1248 5573 Mittit
1297 5520 1458 5572 etiam
1519 5518 1775 5571 triremes
1838 5525 2081 5577 centum,
2136 5516 2403 5585 quaelstri

841 5630 988 5680 rtpzts
1024 5613 1203 5681 legant
1232 5620 1284 5665 et
1332 5611 1656 5665 Patzinacas
1710 5610 1943 5678 trajectu
1996 5618 2238 5661 arceant.
2271 5608 2403 5661 Cum

849 5704 1006 5772 legati
1044 5705 1197 5757 irrita
1229 5717 1325 5773 spe
1359 5703 1668 5766 rediissem,
1699 5700 1981 5773 Tyraeltus
2020 5700 2404 5769 indignabatur

847 5811 910 5853 ac
943 5796 1205 5850 tremebat
1247 5836 1259 5861 ,
1296 5796 1597 5865 hiemisque
1639 5794 1927 5850 adventum
1952 5793 2257 5862 “optabat.
2294 5792 2404 5845 Sub

2500 4607 2593 4661 τοῦ
2628 4606 2835 4675 Τυράχ,
2884 4606 2911 4658 6
2965 4604 3021 4656 δὲ
3058 4602 3308 4672 βασιλεὺς
3351 4601 3448 4663 τάς
3496 4598 3754 4667 ἀγγελίας
3779 4595 4068 4664 δεξάμενος

2503 4699 2635 4768 πρὸς
2662 4694 2863 4758 ταύτας
2903 4694 2999 4764 μὲν
3029 4694 3124 4745 καὶ
3153 4690 3551 4759 ἐπεκάγχασεν,
3600 4690 3648 4741 εί
3681 4688 3767 4740 διὰ
3803 4686 4070 4750 Πατζινάο

2501 4806 2596 4841 κου
2632 4786 2860 4848 ἀπειλὰς
2886 4784 3150 4855 προδότης
3177 4782 3385 4849 γένοιτο
3408 4781 3501 4834 τοῦ
3534 4781 3613 4843 είς
3644 4778 3806 4832 αὐτὸν
3827 4794 4070 4847 προσφυ-

2501 4883 2703 4949 γόντος,
2737 4879 2832 4931 καὶ
2876 4876 3105 4930 κωλύειν
3150 4873 3244 4926 τοῦ
3287 4874 3363 4944 μὴ
3402 4873 3604 4925 κακοῦν
3634 4873 3757 4934 τοὺς
3790 4869 4071 4922 κακώσαν-

2500 4992 2640 5037 τας,
2690 4972 2816 5033 τοὺς
2864 4970 2920 5022 δὲ
2990 4966 3330 5037 πρεσϐευτὰς
3396 4964 3708 5035 ἀπράκτους
3768 4961 4066 5031 ἐξέπεμψε.

2503 5066 2808 5137 Γράμματα
2864 5062 2921 5115 δὲ
2980 5059 3116 5130 πρός
3178 5075 3237 5111 τε
3294 5056 3511 5127 Μιχαὴλ
3545 5056 3635 5108 τὸν
3686 5055 3921 5124 ἄρχοντα
3960 5052 4070 5105 τῶν

2504 5154 2837 5226 παριστρίων
2890 5152 3117 5215 πόλεων,
3178 5149 3257 5202 ἐτι
3305 5148 3361 5201 δὲ
3413 5148 3505 5200 καὶ
3567 5146 3703 5215 πρὸς
3757 5147 3925 5200 αὑτὸν
3977 5145 4071 5198 τὸν

2506 5248 2749 5315 Κεγένην
2795 5242 3089 5311 ἐκπέμπει,
3141 5240 3429 5310 φυλάττειν
3477 5238 3719 5308 ἀκριϐῶς
3761 5238 3859 5300 τὰς
3906 5236 4071 5306 δχθας

2504 5336 2599 5390 τοῦ
2658 5330 2945 5402 ποταμοῦο
3004 5332 3052 5383 εί
3111 5330 3168 5383 δέ
3220 5346 3304 5393 τις
3370 5327 3499 5398 ἐπίῃ
3560 5326 3750 5395 βαρεῖα
3818 5325 4067 5395 δύναμις.

2506 5427 2794 5498 γράμμασι
2829 5420 3072 5492 μηνύειν,
3100 5421 3187 5475 ἵνα
3209 5420 3303 5473 καὶ
3328 5418 3435 5473 ἀπὸ
3461 5417 3569 5471 τῶν
3590 5416 3831 5471 Δυτικῶν
3860 5417 4071 5483 ταγμά-

2506 5540 2613 5574 των
2666 5514 3062 5587 ἐκπεμπόμενά
3130 5532 3251 5566 τινα
3307 5514 3401 5566 σὺν
3450 5513 3629 5573 αὐτοῖς
3678 5510 3901 5578 εἴργωσι
3958 5511 4069 5569 τοῖς

2509 5611 2873 5675 Πατζινάκαις
2904 5609 3001 5678 τὴν
3030 5606 3126 5659 τοῦ
3154 5602 3398 5674 ποταμοῦ
3437 5603 3700 5656 διάϐασιν.
3738 5600 3986 5668 "Emptis
4016 5600 4070 5650 δὲ

2512 5701 2605 5752 καὶ
2648 5698 2891 5768 τριήρεις
2959 5696 3192 5751 ἑκατὸν,
3253 5692 3561 5760 ἐπισκήψας
3622 5691 3923 5759 παραπλεῖν
3980 5688 4071 5741 τὸν

2515 5792 2723 5858 Ἴστρον
2756 5786 2842 5840 καὶ
2881 5784 3248 5855 πειρωμένους
3278 5781 3593 5836 διακωλύειν
3627 5784 3745 5843 τοὺς
3804 5778 4067 5843 1111:911-
