4410 6442
341 419 444 477 31'!

1440 418 1490 474 li
1505 418 1516 472 l
1533 417 1721 474 Stult
1736 420 1749 467 Ξ-
1766 417 1915 475 AliU
1929 420 1978 475 Μ
2025 420 2173 478 CUM
2187 421 2408 479 PENDI
2424 421 2552 481 ΗΜ.

3490 418 3601 480 318

338 552 440 598 κας
484 535 677 603 περᾷν.
746 534 1161 602 Ἑπανηκόντων
1192 533 1234 583 δ’
1271 536 1567 599 ἀπράκτων
1614 535 1719 584 τῶν
1747 536 1911 587 αὑτοῦ
1946 550 1985 598 Α
2025 542 2075 588 lii

1857 536 1911 587 οὗ
1946 550 1985 598 Α
2025 542 2183 591 tinent
2217 543 2480 591 autumni.
2519 554 2583 592 ac
2626 538 2803 591 hieme
2834 539 3076 601 ineunte,
3116 554 3241 591 cum
3281 538 3393 604 jam
3423 540 3501 591 sol
3535 541 3598 592 ad

340 622 642 689 πρέσϐεων,
696 624 725 674 6
764 623 952 692 Τυράχ
1000 623 1318 692 ἐχαλέπαινε
1361 626 1450 675 καὶ
1502 626 1769 692 ὠργίζετο
1823 628 1919 678 καὶ

340 714 531 764 θᾶττον
578 711 780 780 ηὔχετο
820 712 1149 765 καταλαϐεῖν
1203 729 1291 763 τον
1348 713 1607 781 χειμῶνα.
1669 715 1807 779 Ἤδη
1866 716 1920 766 δὲ

336 808 433 874 τῆς
468 806 870 875 φθινοπωρινῆς
894 804 1165 875 ληγούσης
1192 806 1337 874 ὧρας
1388 811 1479 857 καὶ
1509 811 1601 858 τού
1656 809 1919 875 χειμώνος

337 901 677 961 ἐπιστάντος,
726 899 821 951 τοῦ
881 900 1031 968 ἡλίου
1078 900 1230 962 ὄντος
1283 901 1372 949 ἐπὶ
1423 900 1513 949 τδν
1548 902 1920 969 Λίγοκὲρωτα,

336 992 535 1058 ἄνεμος
571 991 833 1042 ἕπνευσεν
866 992 1178 1060 ἀπαρκτίας
1230 1008 1415 1051 ποιων
1448 992 1517 1041 ω,
1549 994 1921 1055 ἀττοκρνσται.⁸

334 1084 577 1152 λωθῆναι
638 1085 797 1153 μέχρι
848 1085 1241 1136 πεντεκαίδεκα
1294 1104 1509 1153 any-etei
1554 1090 1600 1147 μς
1627 1096 1781 1153 ρανυ,
1833 1086 1920 1136 τοι

334 1176 606 1242 ποταμόν.
663 1177 851 1244 Πάσης
898 1174 991 1227 οῦν
1039 1176 1288 1244 φυλακῆς
1329 1179 1687 1243 σχολασάσης
1720 1178 1909 1242 δραξά-

336 1282 499 1328 μενος
532 1264 713 1327 ἀδείας
756 1261 822 1335 ἧς
871 1267 1146 1334 ἐπιτυχεῖν
1177 1265 1375 1335 ηὔχετο
1411 1285 1434 1317 ο
1476 1269 1657 1335 ἰὐραγ
1688 1270 1920 1337 διαπεραί

331 1360 427 1409 τὸν
461 1359 672 1428 Ἵστρον
708 1359 847 1428 μετά
898 1361 1112 1413 πάντων
1147 1362 1255 1414 τῶν
1303 1364 1680 1427 Πατζινάκωηι,
1729 1366 1914 1417 ὄντων.

333 1449 410 1509 ὡς
436 1448 669 1513 ἐλέγετο,
703 1450 955 1516 χιλιάδων
981 1454 1337 1513 ὀκτακοσίων,
1364 1454 1453 1505 καὶ
1482 1470 1531 1516 2.;
1564 1456 1656 1523 τὴν
1700 1462 1920 1521 τορείαν

338 1540 586 1610 ἱδρύετο,
638 1541 837 1609 κείρων
888 1546 979 1593 καὶ
1027 1543 1306 1609 ἀφανίζων
1355 1546 1421 1597 τὰ
1486 1564 1894 1613 παρατειιιτο-ιτα

334 1631 646 1699 Γραμματα
703 1632 757 1684 δὲ
811 1634 947 1700 πρὶς
1000 1636 1091 1684 τὸν
1139 1633 1361 1701 βασιλέα
1401 1638 1917 1699 ἐστέ“’>.ετι.3ογῑθεῖ,

333 1723 566 1790 δεόμενα
598 1724 692 1791 τὴν
717 1725 999 1793 ταχίστην.
1056 1725 1113 1777 Ὀ
1141 1725 1196 1777 δὲ
1238 1726 1362 1793 μηδ’
1388 1727 1483 1779 ὅλα
1514 1744 1579 1778 τά
1620 1732 1916 1795 γπαιιιιατά

336 1815 607 1878 ἀναγνοὺς
649 1813 726 1881 τῷ
771 1814 923 1865 δνυκὶ
976 1815 1472 1883 Ἀδριανουπόλεως
1516 1835 1715 1885 γράφει
1748 1816 1832 1888 (ἦν

2030 624 2430 690 tiapricornum
2463 626 2788 693 appulisset,
2823 635 3019 679 ventus
3040 628 3314 695 aparctias
3343 628 3603 696 copiosus

2029 716 2177 768 ﬂavit
2209 715 2458 782 lsterque
2486 718 2537 770 in
2569 720 2800 786 glaciem
2834 719 3149 786 quindecim
3182 720 3397 773 cubitos
3436 722 3603 774 altam

2028 812 2358 880 congelavit.
2396 811 2585 866 Otiosa
2641 814 2828 882 itaque
2859 812 3008 865 omni
3078 811 3331 865 custodia
3364 821 3603 880 optatam

2031 901 2319 953 'l'vrachus
2354 911 2549 955 nactus
2591 902 2887 961 Iit-entiam,
2948 901 3149 954 Istrum
3182 916 3304 953 cum
3345 899 3605 955 omnibus

2033 994 2359 1053 l’ntzinacis,
2390 1008 2622 1059 quorum
2662 993 2955 1047 multitudo
3002 995 3446 1062 octingentorum
3477 1006 3606 1045 oen-

2031 1087 2253 1134 sebatur
2321 1083 2581 1147 millium,
2631 1093 3031 1151 transgressus,
3092 1084 3145 1137 in
3200 1082 3515 1137 ulteriorem
3546 1098 3606 1137 se

2027 1170 2215 1223 i-lIudit
2273 1170 2560 1233 ditionem,
2596 1172 2867 1241 diripiens
2921 1182 3085 1238 atque
3118 1172 3313 1229 delens
3380 1174 3435 1227 in
3481 1187 3606 1240 qua:

2030 1261 2307 1314 incidebat
2336 1262 2541 1314 omnia.
2593 1260 2886 1315 Mittuntur
2915 1277 3049 1332 ergo
3082 1264 3149 1315 ad
3217 1264 3604 1332 imperatorem

2030 1354 2246 1408 litterae.
2303 1352 2507 1421 quibus
2574 1353 2643 1407 ad
2682 1352 2959 1407 ferendam
2997 1354 3403 1422 quamprimum
3443 1369 3602 1423 opem

2028 1444 2386 1497 incitabatur.
2425 1445 2474 1498 ls
2493 1443 2716 1497 vixdum
2747 1444 3222 1511 perlectislitteris
3237 1444 3302 1497 ad
3334 1444 3608 1497 Adriano-

2030 1533 2167 1600 polis
2200 1532 2364 1603 586
2399 1535 2594 1587 ducem
2627 1533 3053 1586 Constantinum
3093 1534 3414 1602 magistrum
3450 1534 3608 1587 Aria-

2027 1628 2196 1679 nitam
2255 1628 2470 1689 scribit,
2510 1638 2569 1679 ut
2622 1625 2989 1679 Macedonicis
3030 1641 3152 1679 cum
3188 1627 3383 1694 copiis,
3451 1636 3505 1678 et
3538 1626 3603 1679 ad

2029 1720 2289 1772 Basilium
2324 1717 2651 1771 Monachum
2690 1717 2955 1785 Bulgaria:
2984 1717 3200 1778 ducem,
3233 1726 3291 1769 ut
3322 1733 3445 1769 cum
3480 1718 3609 1769 Bul-

2032 1826 2218 1877 gartco
2254 1809 2497 1863 exercitu
2525 1806 2791 1863 Michaelo
2817 1822 2881 1861 ac
2916 1806 3117 1876 Kegeni
3152 1822 3211 1860 se
3266 1786 3607 1873 coniungant

339 1905 748 1967 liwvanvzivo;
798 1906 1098 1975 μάγιστρος
1151 1910 1178 1959 6
1222 1908 1556 1978 Ἀριανίτης)
1587 1916 1678 1969 τάς
1736 1914 1920 1964 λῐγιε-
1952 1898 1995 1953 Β
2027 1912 2080 1957 ει

1867 1932 1920 1963 ε-
1952 1898 1995 1953 Β
2027 1912 2081 1957 et
2110 1916 2303 1955 contra
2333 1900 2661 1955 Patztnacas
2691 1900 3025 1968 depugnent.
3064 1899 3216 1965 lique
3237 1897 3389 1965 jussa
3417 1898 3602 1951 statim

334 1999 555 2060 δονικὰς
585 2000 829 2068 εἰληφότι
860 2001 1138 2067 δυνάμεις,
1173 2003 1251 2053 ἐτι
1284 2003 1337 2054 δὲ
1368 2006 1460 2056 καὶ
1486 2005 1617 2073 πρὸς
1650 2006 1914 2058 811"}

337 2092 589 2159 Μοναχδν
647 2092 741 2143 τὸν
790 2094 1031 2162 ἡγεμόνα
1080 2095 1180 2163 τῆς
1227 2095 1563 2166 Βουλγαρίας
1607 2099 1705 2164 τὴν
1764 2101 1885 2149 Bo.)

338 2181 577 2250 γαρικὴν
611 2182 870 2250 εἰληφότα
918 2187 1075 2251 χεῖρα
1106 2186 1399 2252 ἀφικέσθαι
1430 2188 1525 2239 καὶ
1552 2190 1817 2255 ὲνωθῆναι
1850 2210 1893 2240 τι

340 2274 561 2341 Μιχαὴλ
594 2275 686 2325 καὶ
719 2274 795 2341 τῷ
844 2275 1053 2345 Κεγένῃ
1085 2278 1180 2329 καὶ
1232 2278 1346 2343 μετ’
1386 2279 1567 2332 αὐτῶν
1611 2281 1743 2350 πρὸς
1800 2284 1922 2345 τοὶς

344 2362 690 2428 Πατζινάκας
718 2366 1164 2432 διαγωνίσασθαι.
1218 2364 1318 2421 Ὧν
1365 2372 1507 2423 κατὰ
1555 2373 1615 2423 τὸ
1646 2374 1921 2441 βασιλικὸν

341 2457 687 2525 ποιησάντων
743 2458 1025 2527 ἐπίταγμα
1068 2460 1163 2511 καὶ
1213 2461 1429 2513 πάντων
1463 2463 1552 2530 ὑφ’
1598 2463 1654 2514 ἒν
1697 2468 1922 2533 γενομέ-

339 2566 464 2609 νων,
511 2548 799 2600 ἀναλαϐὼν
828 2551 855 2601 6
889 2551 1134 2619 Κεγένης
1165 2552 1263 2614 τάς
1301 2553 1616 2621 Ῥωμαϊκὰς
1641 2554 1919 2623 φάλαγγα,

340 2641 395 2690 ἐν
415 2641 533 2701 τοῖς
561 2640 845 2709 ὑπαίθροις
874 2644 1389 2711 στρατοπεδεύεται,
1421 2646 1513 2697 καὶ
1544 2645 1664 2698 καθ’
1685 2647 1921 2717 ἑκάστην

340 2732 509 2783 ἐπιὼν
540 2731 598 2796 ἐξ
637 2734 828 2799 ἐφόδου
857 2735 917 2785 οῦ
956 2737 1131 2802 μικρά
1159 2737 1285 2797 τοῦς
1329 2737 1675 2800 Πατζινάκας
1709 2739 1919 2793 ἐλύπει.

340 2823 565 2885 Τούτοις
589 2826 694 2894 γάρ
725 2826 841 2892 ἅμα
873 2828 939 2895 τῇ
970 2825 1061 2877 τοῦ
1096 2827 1343 2891 ποταμοῦ
1385 2828 1633 2880 διαϐάσει
1662 2832 1924 2897 ἀφθονίαν

340 2916 494 2978 ζώων
524 2917 744 2986 εὑροῦσι
794 2918 993 2984 πολλὴν
1034 2920 1127 2973 καὶ
1158 2922 1301 2973 οίνου
1334 2921 1427 2973 καὶ
1462 2921 1569 2974 τῶν
1612 2923 1674 2974 ὲκ
1710 2924 1919 2990 μέλιτος

341 3005 907 3075 κατασκευαζομένων
955 3011 1236 3078 πομάτων,
1284 3005 1358 3062 ὧν
1400 3012 1520 3063 οὐδὲ
1563 3014 1734 3082 ἀκοὴν
1767 3014 1922 3084 ἔσχον

340 3098 584 3164 πώποτε,
637 3102 731 3153 καὶ
775 3103 967 3171 ἀνέδην
1020 3105 1128 3154 τῶν
1182 3104 1440 3156 τοιούτων
1493 3106 1921 3176 ὲμφορουμένοις

339 3192 490 3253 νόσος
548 3192 805 3244 ἐσπίπτει
860 3194 1144 3265 κοιλιακὴν
1190 3194 1435 3248 διάθεσιν
1506 3196 1704 3265 ἔχουσα
1738 3237 1752 3261 ,
1825 3199 1920 3251 καὶ

339 3282 662 3335 ἀπώλλυντο
721 3285 961 3354 ἑκάστης
1029 3288 1241 3357 ἡμέρας
1302 3287 1648 3357 ἀναρίθμητα
1712 3288 1913 3359 πλήθη.

340 3370 423 3443 [Ρ.
462 3373 590 3443 778]
651 3375 829 3444 Ὅπερ
876 3375 1177 3443 πυθόμενος
1220 3379 1248 3429 6
1315 3378 1557 3447 Κεγένης
1628 3377 1715 3431 διά
1771 3396 1917 3441 τινος

340 3469 682 3537 αὐτομόλου,
742 3472 837 3522 καὶ
886 3471 1080 3538 καιρὸν
1137 3471 1445 3540 ἐπιτήδειον
1488 3472 1681 3541 κρίνας
1731 3472 1917 3525 τοῦτον

340 3557 476 3613 εἶναι
514 3563 630 3623 τοῖς
683 3561 898 3630 ἐχθροῖς
930 3561 1309 3631 ἐπιθήσεσθαι,
1359 3563 1519 3614 ὁπότε
1550 3562 1642 3614 καὶ
1690 3562 1918 3632 χειμῶνι

340 3652 435 3705 καὶ
463 3653 606 3722 νόσῳ
641 3652 943 3715 πιέζονται,
978 3652 1281 3714 ἀναπείσας
1312 3654 1407 3705 καὶ
1436 3653 1562 3714 τοὺς
1612 3653 1919 3722 Ῥωμαίους

340 3745 634 3806 ὀκνοῦντας
680 3746 772 3796 καὶ
799 3744 1035 3807 δεδιότας
1058 3745 1192 3814 πρὸς
1216 3745 1484 3807 τοσαύτας
1509 3746 1920 3815 ἀντιπαρατάτ-

340 3836 528 3888 τεσθαι
564 3836 855 3905 μυριάδας,
889 3838 1300 3907 προσρήγνυται
1326 3839 1441 3899 τοῖς
1472 3837 1706 3907 ἐχθροῖς.
1759 3840 1819 3890 Oi
1864 3838 1920 3891 δὲ

342 3926 439 3993 τὴν
501 3926 684 3991 ὀξεῖαν
764 3927 974 3980 ἕλευσιν
1043 3927 1410 3995 ἐκπλαγέντες
1483 3931 1576 3980 καὶ
1632 3928 1769 3998 πρὸς
1832 3929 1920 3981 τὸν

345 4016 584 4085 πόλεμον
610 4017 1107 4082 ἀποδειλιάσαντες,
1165 4018 1421 4089 ῥίψαντες
1465 4019 1532 4071 τά
1584 4019 1722 4071 ὅπλα
1759 4020 1919 4081 αὑτός

344 4124 403 4158 τε
448 4110 476 4160 ό
530 4107 721 4175 Τυρὰχ
758 4108 852 4159 καὶ
901 4108 1099 4169 πάντες
1130 4110 1177 4160 ot
1212 4108 1471 4178 ἄρχοντες
1509 4113 1603 4161 καὶ
1637 4109 1696 4160 τὸ
1737 4108 1920 4160 λοιπὸν

344 4195 550 4265 πλῆθος
582 4196 806 4258 ἑαυτοὺς
846 4198 1263 4268 ἐγχειρίζουσιν.
1327 4200 1386 4253 Ὁ
1426 4199 1523 4268 μὲν
1552 4199 1642 4251 οὖν
1674 4200 1922 4267 Κεγένης

346 4288 700 4340 συνεϐούλευε
744 4292 838 4342 καὶ
875 4290 1281 4361 διεμαρτύρατο
1321 4291 1529 4353 πάντας
1561 4290 1761 4361 ἡϐηδὸν
1790 4291 1924 4343 ἀπο-

346 4381 571 4448 σφάξαι,
607 4380 759 4448 ἑλεγε
789 4381 843 4433 δὲ
873 4383 967 4433 καὶ
1002 4382 1303 4451 παροιμίαν
1343 4384 1619 4453 βάρϐαρον
1644 4384 1765 4451 μὲν,
1798 4381 1923 4435 νοῦν

342 4473 398 4524 δὲ
434 4474 605 4525 πολὺν
637 4473 888 4542 ἔχουσαν,
923 4472 996 4535 ὡς
1028 4475 1149 4526 Ἐτι
1190 4475 1463 4544 χειμῶνος
1512 4476 1665 4539 ὄντος
1710 4476 1791 4528 δεῖ
1832 4475 1923 4526 τὸν

343 4566 467 4630 ὄφιν
527 4566 893 4628 ἀποκτεῖναι,
956 4566 1193 4634 ὁπηνίκα
1237 4567 1337 4634 τὴν
1386 4565 1584 4635 κέρκον
1642 4568 1810 4618 κινεῖν
1862 4567 1922 4618 οὐ

342 4656 565 4708 δύναται
609 4671 627 4687 ο
685 4656 790 4707 ὑπὸ
847 4656 997 4724 ἡλίου
1062 4657 1169 4725 γάρ
1227 4655 1482 4723 θαλφθιὶς
1539 4658 1741 4719 κόπους
1792 4658 1921 4724 ἡμῖν

346 4748 573 4816 παρέξει
604 4749 698 4799 καὶ
730 4748 1049 4816 πράγματα.
1102 4747 1271 4800 Τοῦτο
1301 4749 1357 4801 δὲ
1382 4751 1494 4811 τοῖς
1524 4748 1784 4817 ἄρχουσιν
1821 4748 1923 4799 οὑκ

346 4838 519 4891 ἐδόκει
598 4838 910 4906 Ῥωμαίων,
963 4836 1098 4890 ἀλλά
1154 4838 1491 4909 βαρϐαρικὸν
1532 4838 1590 4889 τὺ
1631 4837 1791 4905 ἔργον
1830 4840 1925 4890 καὶ

344 4932 556 4983 ἀνόσιον
588 4931 873 4997 ἐνομίζετο
916 4930 1012 4982 καὶ
1055 4928 1367 4998 Ῥωμαῖκῆς
1398 4930 1618 4995 ἀνάξιον
1648 4930 1921 4999 ἡμερότη-

343 5040 451 5085 τος.
482 5022 707 5076 Μάλλον
738 5022 835 5089 μὲν
865 5018 958 5074 οὖν
986 5022 1263 5091 συμφέρον
1293 5022 1543 5090 ἐνόμιζον
1571 5022 1922 5075 διασκεδάσαι

342 5113 565 5175 τούτους
600 5115 661 5164 ὲν
690 5118 802 5175 ταῖς
824 5114 1050 5183 ἐρήμοις
1082 5114 1182 5183 τῆς
1216 5112 1555 5182 Βουλγαρίας
1588 5114 1803 5167 πεδιάσι
1830 5116 1921 5166 καὶ

345 5206 532 5267 ἄλλους
568 5203 806 5271 ἀλλαχοῦ
831 5205 1205 5269 ὲγκατοικίσαι
1236 5203 1329 5256 καὶ
1359 5204 1558 5272 φόρους
1584 5203 1769 5264 αὐτοῖς
1801 5207 1922 5256 ἐπι-

346 5300 513 5350 θεῖναι
548 5312 563 5326 ·
598 5295 825 5347 ἔσεσθαι
858 5296 963 5365 γάρ
994 5295 1095 5347 οὐκ
1127 5293 1493 5363 εὐαρίθμητον
1525 5296 1617 5346 τὸν
1662 5295 1769 5347 ἀπὸ
1815 5296 1923 5346 τῶν

344 5389 601 5444 τοιούτων
650 5386 854 5456 δασμόν
893 5402 907 5417 ⁸
959 5388 1008 5438 εἰ
1063 5386 1247 5455 δεήσει
1307 5385 1365 5438 δὲ
1414 5386 1491 5453 τῷ
1552 5386 1766 5455 βασιλεῖ
1832 5389 1925 5438 καὶ

347 5481 575 5553 στρατοῦ
637 5480 776 5548 πρός
819 5498 878 5532 τε
934 5480 1060 5541 τοὺς
1120 5478 1398 5548 Τούρκους
1450 5481 1547 5533 καὶ
1610 5482 1745 5549 πρὸς
1791 5479 1923 5533 ἄλλα

344 5574 647 5647 ἑτερόφυλα
670 5572 824 5642 γένη,
852 5572 1201 5636 καθοπλίςειν
1227 5573 1322 5624 ἀπ’
1358 5571 1559 5625 αὐτῶν,
1590 5573 1807 5624 Πολλῶν
1831 5572 1922 5624 οῦν

344 5669 516 5737 λόγων
550 5664 831 5737 ῥηθέντων
865 5665 1119 5734 ἐνίκησεν
1149 5666 1180 5730 ἡ
1217 5664 1327 5715 τῶν
1372 5664 1655 5731 Ῥωμαίων
1686 5664 1876 5734 γνώμη
1907 5684 1916 5695 ’

344 5764 431 5815 καὶ
462 5762 491 5813 ὁ
526 5759 626 5828 μὲν
663 5756 911 5825 Κεγένης
958 5758 1115 5817 ὅσους
1161 5756 1318 5807 ἔλαϐε
1370 5756 1629 5824 ζωγρίας.
1666 5756 1803 5826 πλὴν
1845 5752 1919 5811 ὧν

2024 2003 2153 2047 sunt
2214 1994 2475 2046 ex~eeuti.
2531 1992 2855 2059 (Jonjunctis
2911 1990 3169 2045 omnibus
3228 1988 3601 2043 Romanorum

2024 2084 2203 2153 copiis
2260 2083 2510 2152 chenes
2570 2098 2662 2137 cas
2719 2084 2932 2141 eduxit,
2996 2081 3307 2148 castrisque
3365 2080 3469 2133 sub
3515 2080 3604 2132 dio

2025 2177 2247 2243 positis,
2274 2175 2611 2243 quotidianis
2648 2174 3061 2227 incursionibus
3090 2171 3410 2224 Patzinacas
3464 2172 3603 2223 haud

2026 2270 2214 2322 leviter
2242 2268 2475 2322 vexavit.
2518 2266 2581 2329 li,
2620 2280 2779 2319 amne
2807 2264 3054 2333 traiecto.
3084 2266 3138 2317 in
3173 2262 3468 2333 pecudum,
3495 2262 3606 2316 vini

2027 2372 2079 2413 τι
2134 2372 2295 2427 potus
2348 2380 2373 2405 μ
2416 2360 2573 2409 melle
2637 2356 2872 2409 confecti
2942 2356 3234 2408 maximam
3298 2353 3607 2408 inciderant

2034 2453 2271 2521 topiatn,
2309 2466 2373 2502 ne
2412 2449 2596 2502 Itlldllu
2634 2448 2852 2517 quidem
2911 2456 3071 2500 antea
3110 2446 3245 2515 ipsis
3306 2446 3443 2499 noti.
3474 2444 3607 2509 Qni-

2033 2547 2135 2599 bus
2169 2559 2290 2598 cum
2327 2545 2528 2595 aﬂatim
2566 2542 2902 2600 fruerentur,
2960 2540 3186 2593 morbus
3216 2554 3311 2593 eos
3340 2538 3605 2593 coeliacus

2026 2638 2248 2701 invasit,
2280 2646 2334 2690 et
2369 2636 2614 2703 quotidie
2656 2634 3032 2686 moriebantur
3054 2630 3362 2684 innumeri,
3394 2630 3468 2683 De
3495 2646 3604 2698 quo

2029 2734 2233 2786 certior
2272 2748 2298 2782 a
2332 2730 2613 2793 transfuga
2661 2724 2894 2794 quodam
2936 2725 3113 2777 factus
3144 2721 3411 2792 Kegenes,
3443 2721 3605 2788 idque

2028 2824 2319 2879 invadendi
2351 2823 2525 2876 hostis
2558 2832 2927 2887 Opportunum
2958 2824 3175 2884 tempus
3207 2821 3382 2877 ratus,
3413 2827 3522 2882 quo
3548 2824 3602 2867 et

2027 2920 2204 2971 hieme
2236 2930 2283 2969 et
2332 2917 2523 2969 mor-ho
2582 2911 2998 2981 premebantur.
3035 2907 3327 2977 pertractis
3363 2906 3417 2959 in
3444 2919 3618 2963 suam,

2026 3010 2355 3062 Sententiam
2405 3007 2564 3058 ctiam
2620 3001 2904 3063 Rmnanis,
2939 2996 3429 3067 tergiversantibus
3464 3008 3601 3047 non-

2027 3099 2159 3152 nihil
2188 3107 2242 3150 et
2277 3108 2467 3151 rotrtra
2536 3106 2739 3146 tantum
2776 3088 3181 3143 multitudinem
3213 3098 3458 3155 pugnare
3488 3097 3601 3136 me-

2027 3192 2331 3243 tuentibus.
2366 3192 2417 3239 in
2459 3187 2781 3241 Patzinat-as
2823 3183 3086 3249 impetum
3110 3178 3221 3231 dat.
3257 3176 3359 3240 Qui
3406 3172 3602 3228 celeri-

2027 3292 2135 3335 tate
2206 3280 2531 3334 irruentium
2598 3276 2834 3329 hostium
2899 3270 3174 3340 perterriti
3245 3276 3300 3322 et
3363 3279 3597 3334 pugnam

2026 3372 2447 3427 reformidantes
2479 3370 2707 3429 abiectis
2739 3365 2909 3418 annis
2930 3377 3052 3417 sese
3080 3359 3343 3413 Romanis
3372 3357 3601 3417 dedunt,

2026 3479 2149 3517 cum
2223 3463 2501 3531 Tyrat-bus
2578 3476 2689 3526 ipse
2758 3466 2812 3509 et
2866 3454 3045 3508 caeteri
3123 3452 3420 3521 principes,
3481 3457 3596 3501 tum

2028 3551 2240 3618 reliqua
2308 3550 2471 3601 etiam
2532 3548 2709 3600 turba.
2777 3543 3112 3598 Consulebat
3138 3539 3406 3607 Kegenes.
3438 3551 3599 3606 atque

2026 3644 2189 3695 etiam
2230 3642 2609 3695 obtestabatur
2642 3640 2716 3690 uti
2753 3637 2818 3689 ad
2856 3650 3023 3688 unum
3058 3647 3249 3686 omnes
3278 3629 3599 3683 occideren-

2027 3742 2118 3787 tur
2152 3735 2358 3787 hostes.
2394 3734 2456 3783 δι
2494 3730 2745 3799 adagium
2809 3725 3097 3784 aﬁerebat,
3154 3720 3447 3775 barbarum
3480 3717 3604 3786 qui.

2028 3823 2173 3886 dem,
2235 3821 2331 3876 sed
2386 3822 2539 3873 valde
2604 3830 2897 3883 argutum:
2940 3828 3170 3883 anguem
3230 3812 3410 3865 hieme
3483 3822 3605 3863 esse

2030 3917 2368 3977 necandum,
2407 3913 2566 3983 587
2595 3928 2716 3965 cum
2750 3925 2855 3962 non
2884 3916 3066 3978 potest
3093 3905 3324 3959 caudam
3365 3916 3603 3960 movere.

2030 4024 2098 4063 ne
2161 4008 2294 4061 solis
2349 4009 2532 4058 calore
2597 4006 2841 4057 reiectus
2902 3998 3207 4053 molestiam
3254 3995 3607 4061 laboremque

2030 4103 2161 4169 ipsis
2188 4109 2356 4154 creet.
2388 4099 2649 4151 Romanis
2690 4092 3081 4148 ductoribusid
3113 4106 3219 4145 non
3250 4087 3605 4157 probabatur,

2030 4197 2244 4248 facinus
2277 4194 2378 4246 hoc
2430 4193 2773 4246 barbaricum
2814 4191 2928 4241 l'ore
2960 4197 3013 4241 et
3046 4185 3271 4253 impium
3304 4196 3368 4235 ac
3426 4195 3457 4233 a
3495 4178 3608 4245 lto-

2031 4304 2191 4340 tnana
2222 4286 2512 4339 clementia
2571 4285 2809 4335 alienum
2882 4276 3257 4331 censentibus.
3292 4273 3483 4327 Potius
3512 4286 3608 4324 eos

2033 4396 2127 4448 per
2190 4379 2441 4432 desertas
2505 4376 2770 4443 Bulgarne
2848 4371 3103 4441 planities
3184 4364 3606 4435 dispergendos,

2032 4480 2193 4537 atque
2220 4468 2347 4521 hinc
2378 4466 2503 4519 inde
2532 4464 2813 4531 dissipatis
2881 4462 3144 4514 tributum
3174 4455 3571 4525 imponendum
3591 4489 3606 4514 ,

2037 4561 2150 4615 Hoc
2178 4559 2342 4614 modo
2370 4568 2423 4613 et
2463 4560 2735 4626 ingentem
2773 4556 2840 4607 ab
2872 4555 2940 4607 iis
2968 4552 3209 4605 reditum
3239 4549 3319 4602 rei
3347 4545 3609 4599 Romana:

2032 4665 2399 4712 accessurum,
2433 4656 2486 4701 et
2515 4662 2638 4700 cum
2693 4648 2988 4712 imperator
3015 4639 3281 4694 militibus
3302 4651 3440 4704 opus
3463 4641 3611 4688 esset

2044 4744 2335 4797 habiturus
2409 4739 2675 4793 adversus
2725 4734 2937 4789 Turcos
2968 4743 3061 4786 aut
3130 4732 3267 4783 alios
3318 4726 3607 4789 barbaros.
3682 4802 3689 4809 _

2032 4846 2163 4889 tunc
2211 4850 2310 4889 eos
2362 4833 2564 4887 armari
2612 4845 2796 4900 posse.
2859 4828 2937 4882 Re
2988 4828 3080 4880 diu
3145 4824 3427 4891 disputata
3481 4819 3612 4873 vicit

2031 4930 2249 4980 tandem
2294 4926 2660 4978 [tertianorum
2696 4922 2986 4975 sententia.
3029 4916 3133 4971 Sed
3189 4915 3435 4984 Kegenes
3457 4913 3610 4968 occi-

2031 5020 2108 5074 sis
2130 5025 2374 5088 quoquot
2405 5022 2625 5085 ceperat
2664 5014 2988 5075 Patzinacis,
3026 5011 3129 5063 nisi
3158 5022 3297 5076 quos
3332 5005 3600 5073 vendidit,

2031 5115 2252 5168 domum
2321 5120 2406 5166 est
2444 5125 2716 5165 reversus.
2759 5108 3025 5162 Caateram
3066 5117 3257 5158 eorum
3302 5100 3609 5154 multitudi-

2032 5223 2154 5260 nem
2212 5205 2476 5273 Bulgaria:
2546 5200 2840 5270 praefectus
2899 5198 3135 5250 Basilius
3162 5195 3460 5248 Monachus
3513 5207 3609 5261 per

2029 5298 2358 5366 campestria
2404 5294 2664 5359 Sardicae,
2704 5292 2854 5347 Naisi
2890 5304 2943 5345 et
2997 5289 3273 5357 Entzapeli
3303 5285 3603 5347 distribuit,

2027 5390 2283 5443 onmibus
2341 5387 2612 5456 ademptis
2642 5386 2835 5448 armis,
2864 5399 2933 5437 ne
2964 5384 3091 5447 quid
3128 5380 3306 5433 moliri
3344 5386 3597 5447 possent.

2028 5482 2310 5552 Tyrachus
2366 5489 2420 5534 et
2450 5495 2573 5534 curn
2624 5494 2690 5532 eo
2717 5487 2935 5531 centum
2996 5474 3365 5543 quadraginta
3396 5472 3496 5523 viri
3533 5470 3599 5522 ad

2031 5578 2419 5642 imperatorem
2471 5572 2690 5625 abducti
2724 5579 2853 5623 sunt
2884 5584 2897 5631 ;
2956 5576 3117 5631 atque
3144 5566 3212 5617 ab
3243 5566 3343 5616 hoc
3374 5562 3605 5642 benigne

2030 5641 2261 5726 accepti,
2323 5664 2577 5733 baptizati
2633 5663 2998 5727 maximisque
3060 5656 3360 5712 honoribus
3397 5641 3607 5712 affecti;

2032 5761 2192 5811 vitam
2224 5755 2609 5825 ibijucundam
2640 5760 2890 5823 egerunt.

345 5852 742 5925 ἀπημπόληκε,
781 5850 906 5913 τοῦς
943 5850 1149 5912 πάντας
1219 5848 1537 5918 ἀποσφάξας
1591 5848 1957 5919 ὑπενόστηοεν
1998 5848 2197 5909 οἱκαδε,
2262 5846 2355 5907 τὰς
2406 5844 2459 5895 δὲ
2512 5842 2618 5895 τῶν
2683 5839 3035 5904 ιιατζινᾱικων
3094 5840 3351 5906 μ’κριαόας
3403 5847 3427 5885 ο
3498 5852 3591 5894 τηε
