  <div class='ocr_page' id='page_1' title='image "/cluster/home/n/w/nwhite01/storage/ocr_20150623/122/nnc1.0046979611/169.png"; bbox 0 0 4410 6442; ppageno 0'>
   <div class='ocr_carea' id='block_1_1' title="bbox 820 396 927 458">
    <p class='ocr_par' dir='ltr' id='par_1_1' title="bbox 820 396 927 458">
     <span class='ocr_line' id='line_1_1' title="bbox 820 396 927 458; baseline 0.009 -7"><span class='ocrx_word' id='word_1_1' title='bbox 820 396 927 458; x_wconf 77' lang='lat' dir='ltr'><strong>311i</strong></span> 
     </span>
    </p>
   </div>
   <div class='ocr_carea' id='block_1_2' title="bbox 2086 391 2761 453">
    <p class='ocr_par' dir='ltr' id='par_1_2' title="bbox 2086 391 2761 453">
     <span class='ocr_line' id='line_1_2' title="bbox 2086 391 2761 453; baseline -0.007 0"><span class='ocrx_word' id='word_1_2' title='bbox 2086 394 2401 453; x_wconf 70' lang='lat' dir='ltr'><strong>UEUltGll</strong></span> <span class='ocrx_word' id='word_1_3' title='bbox 2429 391 2761 451; x_wconf 80' lang='lat' dir='ltr'><strong>CEDRENI</strong></span> 
     </span>
    </p>
   </div>
   <div class='ocr_carea' id='block_1_3' title="bbox 817 507 3506 588">
    <p class='ocr_par' dir='ltr' id='par_1_3' title="bbox 817 507 3506 588">
     <span class='ocr_line' id='line_1_3' title="bbox 817 507 3506 588; baseline -0.002 -20"><span class='ocrx_word' id='word_1_4' title='bbox 817 516 1153 588; x_wconf 83' lang='grc' dir='ltr'>Βουλγαρίας</span> <span class='ocrx_word' id='word_1_5' title='bbox 1187 515 1516 587; x_wconf 85' lang='grc' dir='ltr'>παραλαϐὼν</span> <span class='ocrx_word' id='word_1_6' title='bbox 1545 518 1727 585; x_wconf 80' lang='grc' dir='ltr'>ἄρχων</span> <span class='ocrx_word' id='word_1_7' title='bbox 1765 514 2039 572; x_wconf 76' lang='grc' dir='ltr'>Βασίλειος</span> <span class='ocrx_word' id='word_1_8' title='bbox 2070 515 2098 565; x_wconf 84' lang='grc' dir='ltr'>ὁ</span> <span class='ocrx_word' id='word_1_9' title='bbox 2134 508 2383 578; x_wconf 72' lang='grc' dir='ltr'>Μοναχδς</span> <span class='ocrx_word' id='word_1_10' title='bbox 2424 507 2772 576; x_wconf 78' lang='grc' dir='ltr'><strong>ἐγκαθιδρύει</strong></span> <span class='ocrx_word' id='word_1_11' title='bbox 2819 507 2922 560; x_wconf 86' lang='grc' dir='ltr'>ἀνά</span> <span class='ocrx_word' id='word_1_12' title='bbox 2974 523 3031 559; x_wconf 88' lang='grc' dir='ltr'><strong>τε</strong></span> <span class='ocrx_word' id='word_1_13' title='bbox 3090 508 3189 569; x_wconf 84' lang='grc' dir='ltr'>τὰς</span> <span class='ocrx_word' id='word_1_14' title='bbox 3252 509 3506 572; x_wconf 88' lang='grc' dir='ltr'>πεδιάδας</span> 
     </span>
    </p>
   </div>
   <div class='ocr_carea' id='block_1_4' title="bbox 3950 388 4055 450">
    <p class='ocr_par' dir='ltr' id='par_1_4' title="bbox 3950 388 4055 450">
     <span class='ocr_line' id='line_1_4' title="bbox 3950 388 4055 450; baseline 0.019 -2"><span class='ocrx_word' id='word_1_15' title='bbox 3950 388 4055 450; x_wconf 73' lang='lat'><strong>320</strong></span> 
     </span>
    </p>
   </div>
   <div class='ocr_carea' id='block_1_5' title="bbox 3590 508 4061 580">
    <p class='ocr_par' dir='ltr' id='par_1_5' title="bbox 3590 508 4061 580">
     <span class='ocr_line' id='line_1_5' title="bbox 3590 508 4061 580; baseline 0 -9"><span class='ocrx_word' id='word_1_16' title='bbox 3590 508 3690 577; x_wconf 73' lang='grc' dir='ltr'><strong>τῆς</strong></span> <span class='ocrx_word' id='word_1_17' title='bbox 3771 508 4061 580; x_wconf 54' lang='grc' dir='ltr'>Σαρδικῇ,</span> 
     </span>
    </p>
   </div>
   <div class='ocr_carea' id='block_1_6' title="bbox 816 602 4061 681">
    <p class='ocr_par' dir='ltr' id='par_1_6' title="bbox 816 602 4061 681">
     <span class='ocr_line' id='line_1_6' title="bbox 816 602 4061 681; baseline -0.003 -18"><span class='ocrx_word' id='word_1_18' title='bbox 816 614 916 681; x_wconf 76' lang='grc' dir='ltr'><strong>τῆς</strong></span> <span class='ocrx_word' id='word_1_19' title='bbox 971 613 1173 667; x_wconf 83' lang='grc' dir='ltr'>Ναῖσοῦ</span> <span class='ocrx_word' id='word_1_20' title='bbox 1223 615 1319 666; x_wconf 72' lang='grc' dir='ltr'><strong>καὶ</strong></span> <span class='ocrx_word' id='word_1_21' title='bbox 1375 612 1719 676; x_wconf 78' lang='grc' dir='ltr'>Εὑτζαπέλου</span> <span class='ocrx_word' id='word_1_22' title='bbox 1785 610 2106 677; x_wconf 78' lang='grc' dir='ltr'>διασπείρας</span> <span class='ocrx_word' id='word_1_23' title='bbox 2176 605 2384 664; x_wconf 77' lang='grc' dir='ltr'><strong>πάντας</strong></span> <span class='ocrx_word' id='word_1_24' title='bbox 2423 602 2518 653; x_wconf 82' lang='grc' dir='ltr'>καὶ</span> <span class='ocrx_word' id='word_1_25' title='bbox 2591 604 2697 655; x_wconf 81' lang='grc' dir='ltr'>πᾶν</span> <span class='ocrx_word' id='word_1_26' title='bbox 2735 603 2898 657; x_wconf 80' lang='grc' dir='ltr'>ὅπλον</span> <span class='ocrx_word' id='word_1_27' title='bbox 2978 604 3309 675; x_wconf 83' lang='grc' dir='ltr'>ἀφελόμενος</span> <span class='ocrx_word' id='word_1_28' title='bbox 3359 604 3446 655; x_wconf 78' lang='grc' dir='ltr'><strong>διά</strong></span> <span class='ocrx_word' id='word_1_29' title='bbox 3494 604 3553 656; x_wconf 76' lang='grc' dir='ltr'>τὸ</span> <span class='ocrx_word' id='word_1_30' title='bbox 3590 603 4061 656; x_wconf 78' lang='grc' dir='ltr'>ἀνεπιϐούλευτον.</span> 
     </span>
    </p>
   </div>
   <div class='ocr_carea' id='block_1_7' title="bbox 828 693 3683 776">
    <p class='ocr_par' dir='ltr' id='par_1_7' title="bbox 828 693 3683 776">
     <span class='ocr_line' id='line_1_7' title="bbox 828 693 3683 776; baseline -0.004 -17"><span class='ocrx_word' id='word_1_31' title='bbox 828 708 887 759; x_wconf 76' lang='grc' dir='ltr'>Ἦ</span> <span class='ocrx_word' id='word_1_32' title='bbox 938 708 992 758; x_wconf 80' lang='grc' dir='ltr'>δὲ</span> <span class='ocrx_word' id='word_1_33' title='bbox 1052 704 1239 776; x_wconf 81' lang='grc' dir='ltr'>Τυρὰχ</span> <span class='ocrx_word' id='word_1_34' title='bbox 1298 708 1393 758; x_wconf 74' lang='grc' dir='ltr'><strong>καὶ</strong></span> <span class='ocrx_word' id='word_1_35' title='bbox 1456 705 1551 755; x_wconf 77' lang='grc' dir='ltr'><strong>σὺν</strong></span> <span class='ocrx_word' id='word_1_36' title='bbox 1601 700 1747 770; x_wconf 86' lang='grc' dir='ltr'>αύτῷ</span> <span class='ocrx_word' id='word_1_37' title='bbox 1803 700 1994 769; x_wconf 84' lang='grc' dir='ltr'>ἄνδρες</span> <span class='ocrx_word' id='word_1_38' title='bbox 2044 696 2235 749; x_wconf 74' lang='grc' dir='ltr'>ἑκατὸν</span> <span class='ocrx_word' id='word_1_39' title='bbox 2284 694 2376 745; x_wconf 77' lang='grc' dir='ltr'><strong>καὶ</strong></span> <span class='ocrx_word' id='word_1_40' title='bbox 2449 693 2856 762; x_wconf 87' lang='grc' dir='ltr'>τεσσαράκοντα</span> <span class='ocrx_word' id='word_1_41' title='bbox 2908 696 3130 761; x_wconf 80' lang='grc' dir='ltr'>ἄγονται</span> <span class='ocrx_word' id='word_1_42' title='bbox 3161 697 3241 758; x_wconf 89' lang='grc' dir='ltr'><strong>είς</strong></span> <span class='ocrx_word' id='word_1_43' title='bbox 3272 696 3365 747; x_wconf 79' lang='grc' dir='ltr'><strong>τὸν</strong></span> <span class='ocrx_word' id='word_1_44' title='bbox 3406 694 3631 762; x_wconf 78' lang='grc' dir='ltr'>βασιλέα</span> <span class='ocrx_word' id='word_1_45' title='bbox 3670 710 3683 724; x_wconf 90' lang='grc'><strong>·</strong></span> 
     </span>
    </p>
   </div>
   <div class='ocr_carea' id='block_1_8' title="bbox 820 789 3451 869">
    <p class='ocr_par' dir='ltr' id='par_1_8' title="bbox 820 789 3451 869">
     <span class='ocr_line' id='line_1_8' title="bbox 820 789 3451 869; baseline -0.005 -16"><span class='ocrx_word' id='word_1_46' title='bbox 820 803 1027 869; x_wconf 54' lang='lat' dir='ltr'><strong>cpitur);</strong></span> <span class='ocrx_word' id='word_1_47' title='bbox 1087 797 1240 863; x_wconf 74' lang='grc' dir='ltr'>οὗτος</span> <span class='ocrx_word' id='word_1_48' title='bbox 1312 797 1713 866; x_wconf 78' lang='grc' dir='ltr'>ἀποδεξάμενος</span> <span class='ocrx_word' id='word_1_49' title='bbox 1777 798 1871 848; x_wconf 69' lang='grc' dir='ltr'><strong>καὶ</strong></span> <span class='ocrx_word' id='word_1_50' title='bbox 1942 791 2207 861; x_wconf 73' lang='grc' dir='ltr'>βαπτίσας</span> <span class='ocrx_word' id='word_1_51' title='bbox 2280 789 2375 841; x_wconf 72' lang='grc' dir='ltr'>καὶ</span> <span class='ocrx_word' id='word_1_52' title='bbox 2417 792 2689 858; x_wconf 71' lang='grc' dir='ltr'><strong>μεγίστοις</strong></span> <span class='ocrx_word' id='word_1_53' title='bbox 2760 790 3062 859; x_wconf 79' lang='grc' dir='ltr'>ἀξιώμασιν</span> <span class='ocrx_word' id='word_1_54' title='bbox 3127 791 3337 861; x_wconf 75' lang='grc' dir='ltr'>ἐπάρας</span> <span class='ocrx_word' id='word_1_55' title='bbox 3395 792 3451 842; x_wconf 76' lang='grc' dir='ltr'>ἐν</span> 
     </span>
    </p>
   </div>
   <div class='ocr_carea' id='block_1_9' title="bbox 817 898 978 961">
    <p class='ocr_par' dir='ltr' id='par_1_9' title="bbox 817 898 978 961">
     <span class='ocr_line' id='line_1_9' title="bbox 817 898 978 961; baseline 0.006 -19"><span class='ocrx_word' id='word_1_56' title='bbox 817 898 978 961; x_wconf 70' lang='grc' dir='ltr'>εἶχεν.</span> 
     </span>
    </p>
   </div>
   <div class='ocr_carea' id='block_1_10' title="bbox 888 973 2456 1045">
    <p class='ocr_par' dir='ltr' id='par_1_10' title="bbox 888 973 2456 1045">
     <span class='ocr_line' id='line_1_10' title="bbox 888 973 2456 1045; baseline -0.006 -10"><span class='ocrx_word' id='word_1_57' title='bbox 888 984 955 1035; x_wconf 76' lang='lat' dir='ltr'><strong>At</strong></span> <span class='ocrx_word' id='word_1_58' title='bbox 987 999 1115 1035; x_wconf 89' lang='lat' dir='ltr'><strong>vero</strong></span> <span class='ocrx_word' id='word_1_59' title='bbox 1149 984 1396 1036; x_wconf 90' lang='lat' dir='ltr'><strong>sultanus</strong></span> <span class='ocrx_word' id='word_1_60' title='bbox 1444 982 1516 1035; x_wconf 88' lang='lat' dir='ltr'><strong>ob</strong></span> <span class='ocrx_word' id='word_1_61' title='bbox 1547 982 1756 1033; x_wconf 90' lang='lat' dir='ltr'><strong>irritam</strong></span> <span class='ocrx_word' id='word_1_62' title='bbox 1793 978 2117 1045; x_wconf 75' lang='lat' dir='ltr'><strong>legationem</strong></span> <span class='ocrx_word' id='word_1_63' title='bbox 2180 978 2375 1035; x_wconf 81' lang='lat' dir='ltr'><strong>iratus,</strong></span> <span class='ocrx_word' id='word_1_64' title='bbox 2415 973 2456 1031; x_wconf 74' lang='grc' dir='ltr'>Α</span> 
     </span>
    </p>
   </div>
   <div class='ocr_carea' id='block_1_11' title="bbox 816 1064 2384 1138">
    <p class='ocr_par' dir='ltr' id='par_1_11' title="bbox 816 1064 2384 1138">
     <span class='ocr_line' id='line_1_11' title="bbox 816 1064 2384 1138; baseline -0.007 -13"><span class='ocrx_word' id='word_1_65' title='bbox 816 1075 1119 1127; x_wconf 72' lang='lat' dir='ltr'><strong>contractis</strong></span> <span class='ocrx_word' id='word_1_66' title='bbox 1147 1090 1175 1127; x_wconf 90' lang='lat' dir='ltr'><strong>e</strong></span> <span class='ocrx_word' id='word_1_67' title='bbox 1210 1072 1434 1126; x_wconf 81' lang='lat' dir='ltr'><strong>Perside</strong></span> <span class='ocrx_word' id='word_1_68' title='bbox 1467 1082 1519 1124; x_wconf 84' lang='lat' dir='ltr'><strong>et</strong></span> <span class='ocrx_word' id='word_1_69' title='bbox 1545 1070 1838 1138; x_wconf 76' lang='lat' dir='ltr'><strong>Babylonia</strong></span> <span class='ocrx_word' id='word_1_70' title='bbox 1871 1068 2067 1136; x_wconf 83' lang='lat' dir='ltr'><strong>copiis,</strong></span> <span class='ocrx_word' id='word_1_71' title='bbox 2094 1066 2295 1119; x_wconf 87' lang='lat' dir='ltr'><strong>bellum</strong></span> <span class='ocrx_word' id='word_1_72' title='bbox 2332 1064 2384 1115; x_wconf 93' lang='lat' dir='ltr'><strong>in</strong></span> 
     </span>
    </p>
   </div>
   <div class='ocr_carea' id='block_1_12' title="bbox 820 1160 2387 1229">
    <p class='ocr_par' dir='ltr' id='par_1_12' title="bbox 820 1160 2387 1229">
     <span class='ocr_line' id='line_1_12' title="bbox 820 1160 2387 1229; baseline -0.003 -13"><span class='ocrx_word' id='word_1_73' title='bbox 820 1164 1092 1218; x_wconf 80' lang='lat' dir='ltr'><strong>Romanos</strong></span> <span class='ocrx_word' id='word_1_74' title='bbox 1126 1174 1323 1218; x_wconf 88' lang='lat' dir='ltr'><strong>movet.</strong></span> <span class='ocrx_word' id='word_1_75' title='bbox 1361 1163 1414 1217; x_wconf 96' lang='lat' dir='ltr'><strong>Id</strong></span> <span class='ocrx_word' id='word_1_76' title='bbox 1446 1176 1570 1213; x_wconf 88' lang='lat' dir='ltr'><strong>cum</strong></span> <span class='ocrx_word' id='word_1_77' title='bbox 1606 1161 1793 1213; x_wconf 85' lang='lat' dir='ltr'><strong>auditu</strong></span> <span class='ocrx_word' id='word_1_78' title='bbox 1832 1162 2164 1229; x_wconf 83' lang='lat' dir='ltr'><strong>percepisset</strong></span> <span class='ocrx_word' id='word_1_79' title='bbox 2196 1160 2387 1212; x_wconf 80' lang='lat' dir='ltr'><strong>Mono—</strong></span> 
     </span>
    </p>
   </div>
   <div class='ocr_carea' id='block_1_13' title="bbox 819 1252 2387 1322">
    <p class='ocr_par' dir='ltr' id='par_1_13' title="bbox 819 1252 2387 1322">
     <span class='ocr_line' id='line_1_13' title="bbox 819 1252 2387 1322; baseline -0.004 -13"><span class='ocrx_word' id='word_1_80' title='bbox 819 1257 1068 1319; x_wconf 87' lang='lat' dir='ltr'><strong>machus,</strong></span> <span class='ocrx_word' id='word_1_81' title='bbox 1111 1272 1235 1309; x_wconf 88' lang='lat' dir='ltr'><strong>cum</strong></span> <span class='ocrx_word' id='word_1_82' title='bbox 1301 1270 1428 1308; x_wconf 86' lang='lat' dir='ltr'><strong>suas</strong></span> <span class='ocrx_word' id='word_1_83' title='bbox 1460 1254 1649 1322; x_wconf 86' lang='lat' dir='ltr'><strong>copias</strong></span> <span class='ocrx_word' id='word_1_84' title='bbox 1702 1269 1977 1321; x_wconf 84' lang='lat' dir='ltr'><strong>opponere</strong></span> <span class='ocrx_word' id='word_1_85' title='bbox 2019 1254 2161 1305; x_wconf 92' lang='lat' dir='ltr'><strong>hosti</strong></span> <span class='ocrx_word' id='word_1_86' title='bbox 2196 1252 2387 1305; x_wconf 84' lang='lat' dir='ltr'><strong>statuit</strong></span> 
     </span>
    </p>
   </div>
   <div class='ocr_carea' id='block_1_14' title="bbox 818 1348 2386 1419">
    <p class='ocr_par' dir='ltr' id='par_1_14' title="bbox 818 1348 2386 1419">
     <span class='ocr_line' id='line_1_14' title="bbox 818 1348 2386 1419; baseline -0.004 -17"><span class='ocrx_word' id='word_1_87' title='bbox 818 1359 933 1402; x_wconf 88' lang='lat' dir='ltr'><strong>tttm</strong></span> <span class='ocrx_word' id='word_1_88' title='bbox 963 1349 1128 1419; x_wconf 75' lang='lat'><strong>588</strong></span> <span class='ocrx_word' id='word_1_89' title='bbox 1158 1348 1471 1415; x_wconf 76' lang='lat' dir='ltr'><strong>quindecim</strong></span> <span class='ocrx_word' id='word_1_90' title='bbox 1502 1348 1673 1401; x_wconf 80' lang='lat' dir='ltr'><strong>millia</strong></span> <span class='ocrx_word' id='word_1_91' title='bbox 1712 1348 2130 1400; x_wconf 86' lang='lat' dir='ltr'><strong>l’atzinacarutn</strong></span> <span class='ocrx_word' id='word_1_92' title='bbox 2167 1352 2341 1397; x_wconf 88' lang='lat' dir='ltr'><strong>armat</strong></span> <span class='ocrx_word' id='word_1_93' title='bbox 2371 1362 2386 1409; x_wconf 90' lang='lat'><strong>;</strong></span> 
     </span>
    </p>
   </div>
   <div class='ocr_carea' id='block_1_15' title="bbox 824 1437 2391 1507">
    <p class='ocr_par' dir='ltr' id='par_1_15' title="bbox 824 1437 2391 1507">
     <span class='ocr_line' id='line_1_15' title="bbox 824 1437 2391 1507; baseline -0.001 -16"><span class='ocrx_word' id='word_1_94' title='bbox 824 1442 1000 1507; x_wconf 73' lang='lat' dir='ltr'><strong>iisque</strong></span> <span class='ocrx_word' id='word_1_95' title='bbox 1023 1440 1189 1492; x_wconf 87' lang='lat' dir='ltr'><strong>duces</strong></span> <span class='ocrx_word' id='word_1_96' title='bbox 1223 1448 1460 1507; x_wconf 85' lang='lat' dir='ltr'><strong>quatuor</strong></span> <span class='ocrx_word' id='word_1_97' title='bbox 1489 1440 1551 1492; x_wconf 88' lang='lat' dir='ltr'><strong>de</strong></span> <span class='ocrx_word' id='word_1_98' title='bbox 1580 1439 1884 1491; x_wconf 81' lang='lat' dir='ltr'><strong>Patzinacis</strong></span> <span class='ocrx_word' id='word_1_99' title='bbox 1915 1437 2157 1507; x_wconf 78' lang='lat' dir='ltr'><strong>Byzantii</strong></span> <span class='ocrx_word' id='word_1_100' title='bbox 2191 1437 2391 1505; x_wconf 85' lang='lat' dir='ltr'><strong>degen-</strong></span> 
     </span>
    </p>
   </div>
   <div class='ocr_carea' id='block_1_16' title="bbox 823 1530 2391 1600">
    <p class='ocr_par' dir='ltr' id='par_1_16' title="bbox 823 1530 2391 1600">
     <span class='ocr_line' id='line_1_16' title="bbox 823 1530 2391 1600; baseline -0.001 -15"><span class='ocrx_word' id='word_1_101' title='bbox 823 1534 967 1585; x_wconf 90' lang='lat' dir='ltr'><strong>tibus</strong></span> <span class='ocrx_word' id='word_1_102' title='bbox 1029 1531 1274 1600; x_wconf 71' lang='lat' dir='ltr'><strong>pra-ticit,</strong></span> <span class='ocrx_word' id='word_1_103' title='bbox 1334 1530 1696 1594; x_wconf 88' lang='lat' dir='ltr'><strong>Sultznmum,</strong></span> <span class='ocrx_word' id='word_1_104' title='bbox 1756 1531 1995 1590; x_wconf 82' lang='lat' dir='ltr'><strong>Selzten,</strong></span> <span class='ocrx_word' id='word_1_105' title='bbox 2033 1530 2306 1583; x_wconf 81' lang='lat' dir='ltr'><strong>Caraman</strong></span> <span class='ocrx_word' id='word_1_106' title='bbox 2338 1540 2391 1584; x_wconf 89' lang='lat' dir='ltr'><strong>et</strong></span> 
     </span>
    </p>
   </div>
   <div class='ocr_carea' id='block_1_17' title="bbox 824 1623 2393 1692">
    <p class='ocr_par' dir='ltr' id='par_1_17' title="bbox 824 1623 2393 1692">
     <span class='ocr_line' id='line_1_17' title="bbox 824 1623 2393 1692; baseline 0.003 -21"><span class='ocrx_word' id='word_1_107' title='bbox 824 1623 1209 1685; x_wconf 65' lang='lat' dir='ltr'><strong>llataleimutn,</strong></span> <span class='ocrx_word' id='word_1_108' title='bbox 1240 1625 1577 1692; x_wconf 80' lang='lat' dir='ltr'><strong>donatusque</strong></span> <span class='ocrx_word' id='word_1_109' title='bbox 1611 1625 1753 1675; x_wconf 88' lang='lat' dir='ltr'><strong>haud</strong></span> <span class='ocrx_word' id='word_1_110' title='bbox 1790 1624 2087 1691; x_wconf 78' lang='lat' dir='ltr'><strong>vulgariter</strong></span> <span class='ocrx_word' id='word_1_111' title='bbox 2115 1634 2167 1676; x_wconf 94' lang='lat' dir='ltr'><strong>et</strong></span> <span class='ocrx_word' id='word_1_112' title='bbox 2225 1623 2393 1675; x_wconf 87' lang='lat' dir='ltr'><strong>armis</strong></span> 
     </span>
    </p>
   </div>
   <div class='ocr_carea' id='block_1_18' title="bbox 828 1713 2389 1783">
    <p class='ocr_par' dir='ltr' id='par_1_18' title="bbox 828 1713 2389 1783">
     <span class='ocr_line' id='line_1_18' title="bbox 828 1713 2389 1783; baseline -0.001 -18"><span class='ocrx_word' id='word_1_113' title='bbox 828 1715 1215 1782; x_wconf 70' lang='lat' dir='ltr'><strong>pulcherrimis</strong></span> <span class='ocrx_word' id='word_1_114' title='bbox 1292 1723 1517 1767; x_wconf 86' lang='lat' dir='ltr'><strong>ornatos</strong></span> <span class='ocrx_word' id='word_1_115' title='bbox 1591 1713 1965 1783; x_wconf 81' lang='lat' dir='ltr'><strong>Cbrysopolin</strong></span> <span class='ocrx_word' id='word_1_116' title='bbox 2049 1713 2389 1775; x_wconf 88' lang='lat' dir='ltr'><strong>transmittit,</strong></span> 
     </span>
    </p>
   </div>
   <div class='ocr_carea' id='block_1_19' title="bbox 826 1804 2391 1871">
    <p class='ocr_par' dir='ltr' id='par_1_19' title="bbox 826 1804 2391 1871">
     <span class='ocr_line' id='line_1_19' title="bbox 826 1804 2391 1871; baseline 0.002 -18"><span class='ocrx_word' id='word_1_117' title='bbox 826 1806 1014 1858; x_wconf 78' lang='lat' dir='ltr'><strong>addito</strong></span> <span class='ocrx_word' id='word_1_118' title='bbox 1072 1805 1163 1871; x_wconf 90' lang='lat' dir='ltr'><strong>qui</strong></span> <span class='ocrx_word' id='word_1_119' title='bbox 1219 1819 1313 1857; x_wconf 92' lang='lat' dir='ltr'><strong>eos</strong></span> <span class='ocrx_word' id='word_1_120' title='bbox 1365 1805 1419 1857; x_wconf 94' lang='lat' dir='ltr'><strong>in</strong></span> <span class='ocrx_word' id='word_1_121' title='bbox 1477 1804 1706 1857; x_wconf 88' lang='lat' dir='ltr'><strong>lberiam</strong></span> <span class='ocrx_word' id='word_1_122' title='bbox 1768 1806 1993 1857; x_wconf 90' lang='lat' dir='ltr'><strong>duceret</strong></span> <span class='ocrx_word' id='word_1_123' title='bbox 2028 1804 2391 1856; x_wconf 80' lang='lat' dir='ltr'><strong>Constantino</strong></span> 
     </span>
    </p>
   </div>
   <div class='ocr_carea' id='block_1_20' title="bbox 826 1887 2383 1963">
    <p class='ocr_par' dir='ltr' id='par_1_20' title="bbox 826 1887 2383 1963">
     <span class='ocr_line' id='line_1_20' title="bbox 826 1887 2383 1963; baseline 0 -16"><span class='ocrx_word' id='word_1_124' title='bbox 826 1898 1050 1957; x_wconf 57' lang='lat' dir='ltr'><strong>patricio</strong></span> <span class='ocrx_word' id='word_1_125' title='bbox 1085 1895 1455 1948; x_wconf 85' lang='lat' dir='ltr'><strong>Adrohalano.</strong></span> <span class='ocrx_word' id='word_1_126' title='bbox 1492 1893 1624 1948; x_wconf 83' lang='lat' dir='ltr'><strong>Mari</strong></span> <span class='ocrx_word' id='word_1_127' title='bbox 1663 1895 1892 1963; x_wconf 83' lang='lat' dir='ltr'><strong>trajecto</strong></span> <span class='ocrx_word' id='word_1_128' title='bbox 1927 1895 2229 1948; x_wconf 68' lang='lat' dir='ltr'><strong>Patzinacm</strong></span> <span class='ocrx_word' id='word_1_129' title='bbox 2259 1887 2383 1947; x_wconf 85' lang='lat' dir='ltr'><strong>cum</strong></span> 
     </span>
    </p>
   </div>
   <div class='ocr_carea' id='block_1_21' title="bbox 824 1982 2391 2051">
    <p class='ocr_par' dir='ltr' id='par_1_21' title="bbox 824 1982 2391 2051">
     <span class='ocr_line' id='line_1_21' title="bbox 824 1982 2391 2051; baseline -0.001 -14"><span class='ocrx_word' id='word_1_130' title='bbox 824 1998 993 2051; x_wconf 62' lang='lat' dir='ltr'><strong>equos</strong></span> <span class='ocrx_word' id='word_1_131' title='bbox 1043 1984 1495 2037; x_wconf 78' lang='lat' dir='ltr'><strong>conscendissent</strong></span> <span class='ocrx_word' id='word_1_132' title='bbox 1568 1992 1621 2035; x_wconf 90' lang='lat' dir='ltr'><strong>et</strong></span> <span class='ocrx_word' id='word_1_133' title='bbox 1677 1984 1777 2036; x_wconf 86' lang='lat' dir='ltr'><strong>iter</strong></span> <span class='ocrx_word' id='word_1_134' title='bbox 1849 1984 1901 2035; x_wconf 93' lang='lat' dir='ltr'><strong>in</strong></span> <span class='ocrx_word' id='word_1_135' title='bbox 1956 1982 2234 2037; x_wconf 83' lang='lat' dir='ltr'><strong>Orientem</strong></span> <span class='ocrx_word' id='word_1_136' title='bbox 2308 1984 2391 2035; x_wconf 86' lang='lat' dir='ltr'><strong>in-</strong></span> 
     </span>
    </p>
   </div>
   <div class='ocr_carea' id='block_1_22' title="bbox 826 2074 2391 2145">
    <p class='ocr_par' dir='ltr' id='par_1_22' title="bbox 826 2074 2391 2145">
     <span class='ocr_line' id='line_1_22' title="bbox 826 2074 2391 2145; baseline 0.003 -21"><span class='ocrx_word' id='word_1_137' title='bbox 826 2076 1000 2138; x_wconf 63' lang='lat' dir='ltr'><strong>gressi</strong></span> <span class='ocrx_word' id='word_1_138' title='bbox 1067 2091 1240 2144; x_wconf 88' lang='lat' dir='ltr'><strong>usque</strong></span> <span class='ocrx_word' id='word_1_139' title='bbox 1300 2075 1366 2127; x_wconf 89' lang='lat' dir='ltr'><strong>ad</strong></span> <span class='ocrx_word' id='word_1_140' title='bbox 1422 2074 1731 2128; x_wconf 81' lang='lat' dir='ltr'><strong>Melitenam</strong></span> <span class='ocrx_word' id='word_1_141' title='bbox 1766 2076 2163 2145; x_wconf 73' lang='lat' dir='ltr'><strong>pervenissent,</strong></span> <span class='ocrx_word' id='word_1_142' title='bbox 2200 2076 2289 2128; x_wconf 89' lang='lat' dir='ltr'><strong>ubi</strong></span> <span class='ocrx_word' id='word_1_143' title='bbox 2324 2075 2391 2128; x_wconf 82' lang='lat' dir='ltr'><strong>ad</strong></span> 
     </span>
    </p>
   </div>
   <div class='ocr_carea' id='block_1_23' title="bbox 825 2159 2391 2231">
    <p class='ocr_par' dir='ltr' id='par_1_23' title="bbox 825 2159 2391 2231">
     <span class='ocr_line' id='line_1_23' title="bbox 825 2159 2391 2231; baseline 0.005 -21"><span class='ocrx_word' id='word_1_144' title='bbox 825 2159 1121 2231; x_wconf 85' lang='lat' dir='ltr'><strong>Damatryn</strong></span> <span class='ocrx_word' id='word_1_145' title='bbox 1178 2162 1711 2231; x_wconf 88' lang='lat' dir='ltr'><strong>appropinquavcre,</strong></span> <span class='ocrx_word' id='word_1_146' title='bbox 1749 2164 2059 2219; x_wconf 89' lang='lat' dir='ltr'><strong>subsistunt</strong></span> <span class='ocrx_word' id='word_1_147' title='bbox 2104 2174 2157 2218; x_wconf 92' lang='lat' dir='ltr'><strong>et</strong></span> <span class='ocrx_word' id='word_1_148' title='bbox 2185 2166 2391 2218; x_wconf 86' lang='lat' dir='ltr'><strong>delibe-</strong></span> 
     </span>
    </p>
   </div>
   <div class='ocr_carea' id='block_1_24' title="bbox 825 2252 2388 2323">
    <p class='ocr_par' dir='ltr' id='par_1_24' title="bbox 825 2252 2388 2323">
     <span class='ocr_line' id='line_1_24' title="bbox 825 2252 2388 2323; baseline 0.004 -20"><span class='ocrx_word' id='word_1_149' title='bbox 825 2252 1093 2305; x_wconf 87' lang='lat' dir='ltr'><strong>rationem</strong></span> <span class='ocrx_word' id='word_1_150' title='bbox 1155 2254 1280 2322; x_wconf 87' lang='lat' dir='ltr'><strong>(ipsi</strong></span> <span class='ocrx_word' id='word_1_151' title='bbox 1339 2263 1708 2308; x_wconf 88' lang='lat' dir='ltr'><strong>cotnmentum</strong></span> <span class='ocrx_word' id='word_1_152' title='bbox 1779 2259 2006 2323; x_wconf 79' lang='lat' dir='ltr'><strong>vocant)</strong></span> <span class='ocrx_word' id='word_1_153' title='bbox 2075 2257 2388 2310; x_wconf 85' lang='lat' dir='ltr'><strong>instituunt.</strong></span> 
     </span>
    </p>
   </div>
   <div class='ocr_carea' id='block_1_25' title="bbox 826 2340 2390 2414">
    <p class='ocr_par' dir='ltr' id='par_1_25' title="bbox 826 2340 2390 2414">
     <span class='ocr_line' id='line_1_25' title="bbox 826 2340 2390 2414; baseline 0.007 -22"><span class='ocrx_word' id='word_1_154' title='bbox 826 2340 992 2394; x_wconf 86' lang='lat' dir='ltr'><strong>Erant</strong></span> <span class='ocrx_word' id='word_1_155' title='bbox 1025 2342 1117 2411; x_wconf 86' lang='lat' dir='ltr'><strong>qui</strong></span> <span class='ocrx_word' id='word_1_156' title='bbox 1154 2343 1553 2411; x_wconf 83' lang='lat' dir='ltr'><strong>procedendum</strong></span> <span class='ocrx_word' id='word_1_157' title='bbox 1621 2355 1876 2413; x_wconf 84' lang='lat' dir='ltr'><strong>putarent</strong></span> <span class='ocrx_word' id='word_1_158' title='bbox 1903 2362 2080 2414; x_wconf 85' lang='lat' dir='ltr'><strong>neque</strong></span> <span class='ocrx_word' id='word_1_159' title='bbox 2117 2349 2390 2403; x_wconf 78' lang='lat' dir='ltr'><strong>mandatis</strong></span> 
     </span>
    </p>
   </div>
   <div class='ocr_carea' id='block_1_26' title="bbox 834 2432 2399 2501">
    <p class='ocr_par' dir='ltr' id='par_1_26' title="bbox 834 2432 2399 2501">
     <span class='ocr_line' id='line_1_26' title="bbox 834 2432 2399 2501; baseline 0.005 -18"><span class='ocrx_word' id='word_1_160' title='bbox 834 2433 1179 2499; x_wconf 68' lang='lat' dir='ltr'><strong>imper-aleris</strong></span> <span class='ocrx_word' id='word_1_161' title='bbox 1199 2434 1249 2483; x_wconf 91' lang='lat' dir='ltr'><strong>in</strong></span> <span class='ocrx_word' id='word_1_162' title='bbox 1284 2432 1452 2498; x_wconf 87' lang='lat' dir='ltr'><strong>ipsius</strong></span> <span class='ocrx_word' id='word_1_163' title='bbox 1478 2434 1685 2487; x_wconf 85' lang='lat' dir='ltr'><strong>ditione</strong></span> <span class='ocrx_word' id='word_1_164' title='bbox 1733 2438 2168 2501; x_wconf 76' lang='lat' dir='ltr'><strong>repngnamlum,</strong></span> <span class='ocrx_word' id='word_1_165' title='bbox 2196 2452 2318 2489; x_wconf 88' lang='lat' dir='ltr'><strong>eum</strong></span> <span class='ocrx_word' id='word_1_166' title='bbox 2346 2447 2399 2491; x_wconf 93' lang='lat' dir='ltr'><strong>et</strong></span> 
     </span>
    </p>
   </div>
   <div class='ocr_carea' id='block_1_27' title="bbox 833 2523 2398 2597">
    <p class='ocr_par' dir='ltr' id='par_1_27' title="bbox 833 2523 2398 2597">
     <span class='ocr_line' id='line_1_27' title="bbox 833 2523 2398 2597; baseline 0.005 -24"><span class='ocrx_word' id='word_1_167' title='bbox 833 2523 1008 2576; x_wconf 78' lang='lat' dir='ltr'><strong>avulsi</strong></span> <span class='ocrx_word' id='word_1_168' title='bbox 1042 2538 1068 2573; x_wconf 89' lang='lat' dir='ltr'><strong>a</strong></span> <span class='ocrx_word' id='word_1_169' title='bbox 1106 2524 1219 2575; x_wconf 85' lang='lat' dir='ltr'><strong>suis</strong></span> <span class='ocrx_word' id='word_1_170' title='bbox 1254 2535 1458 2587; x_wconf 91' lang='lat' dir='ltr'><strong>essent,</strong></span> <span class='ocrx_word' id='word_1_171' title='bbox 1498 2540 1674 2594; x_wconf 89' lang='lat' dir='ltr'><strong>neque</strong></span> <span class='ocrx_word' id='word_1_172' title='bbox 1733 2527 1831 2579; x_wconf 91' lang='lat' dir='ltr'><strong>soli</strong></span> <span class='ocrx_word' id='word_1_173' title='bbox 1872 2525 2239 2581; x_wconf 80' lang='lat' dir='ltr'><strong>Roiuanorum</strong></span> <span class='ocrx_word' id='word_1_174' title='bbox 2270 2544 2398 2597; x_wconf 85' lang='lat' dir='ltr'><strong>pos-</strong></span> 
     </span>
    </p>
   </div>
   <div class='ocr_carea' id='block_1_28' title="bbox 828 2616 2396 2684">
    <p class='ocr_par' dir='ltr' id='par_1_28' title="bbox 828 2616 2396 2684">
     <span class='ocr_line' id='line_1_28' title="bbox 828 2616 2396 2684; baseline 0.006 -19"><span class='ocrx_word' id='word_1_175' title='bbox 828 2626 948 2667; x_wconf 81' lang='lat' dir='ltr'><strong>sent</strong></span> <span class='ocrx_word' id='word_1_176' title='bbox 984 2616 1240 2669; x_wconf 81' lang='lat' dir='ltr'><strong>resistere</strong></span> <span class='ocrx_word' id='word_1_177' title='bbox 1299 2616 1537 2679; x_wconf 84' lang='lat' dir='ltr'><strong>viribus,</strong></span> <span class='ocrx_word' id='word_1_178' title='bbox 1595 2633 1769 2684; x_wconf 82' lang='lat' dir='ltr'><strong>neque</strong></span> <span class='ocrx_word' id='word_1_179' title='bbox 1818 2618 2084 2672; x_wconf 81' lang='lat' dir='ltr'><strong>haberent</strong></span> <span class='ocrx_word' id='word_1_180' title='bbox 2134 2636 2313 2675; x_wconf 89' lang='lat' dir='ltr'><strong>arcem</strong></span> <span class='ocrx_word' id='word_1_181' title='bbox 2344 2622 2396 2674; x_wconf 93' lang='lat' dir='ltr'><strong>in</strong></span> 
     </span>
    </p>
   </div>
   <div class='ocr_carea' id='block_1_29' title="bbox 827 2708 2396 2777">
    <p class='ocr_par' dir='ltr' id='par_1_29' title="bbox 827 2708 2396 2777">
     <span class='ocr_line' id='line_1_29' title="bbox 827 2708 2396 2777; baseline 0.004 -20"><span class='ocrx_word' id='word_1_182' title='bbox 827 2720 988 2773; x_wconf 87' lang='lat' dir='ltr'><strong>quam</strong></span> <span class='ocrx_word' id='word_1_183' title='bbox 1016 2722 1093 2769; x_wconf 85' lang='lat' dir='ltr'><strong>se,</strong></span> <span class='ocrx_word' id='word_1_184' title='bbox 1127 2708 1171 2760; x_wconf 92' lang='lat' dir='ltr'><strong>si</strong></span> <span class='ocrx_word' id='word_1_185' title='bbox 1214 2708 1343 2775; x_wconf 89' lang='lat' dir='ltr'><strong>quid</strong></span> <span class='ocrx_word' id='word_1_186' title='bbox 1376 2715 1569 2775; x_wconf 64' lang='lat' dir='ltr'><strong>praeter</strong></span> <span class='ocrx_word' id='word_1_187' title='bbox 1600 2709 1912 2761; x_wconf 90' lang='lat' dir='ltr'><strong>institutum</strong></span> <span class='ocrx_word' id='word_1_188' title='bbox 1968 2710 2105 2764; x_wconf 78' lang='lat' dir='ltr'><strong>forte</strong></span> <span class='ocrx_word' id='word_1_189' title='bbox 2136 2713 2396 2777; x_wconf 82' lang='lat' dir='ltr'><strong>eveniret,</strong></span> 
     </span>
    </p>
   </div>
   <div class='ocr_carea' id='block_1_30' title="bbox 830 2798 2399 2872">
    <p class='ocr_par' dir='ltr' id='par_1_30' title="bbox 830 2798 2399 2872">
     <span class='ocr_line' id='line_1_30' title="bbox 830 2798 2399 2872; baseline 0.008 -25"><span class='ocrx_word' id='word_1_190' title='bbox 830 2798 1151 2862; x_wconf 84' lang='lat' dir='ltr'><strong>reciperent.</strong></span> <span class='ocrx_word' id='word_1_191' title='bbox 1184 2798 1320 2851; x_wconf 82' lang='lat' dir='ltr'><strong>Aliis</strong></span> <span class='ocrx_word' id='word_1_192' title='bbox 1350 2798 1633 2852; x_wconf 86' lang='lat' dir='ltr'><strong>videbatur</strong></span> <span class='ocrx_word' id='word_1_193' title='bbox 1659 2801 2007 2869; x_wconf 85' lang='lat' dir='ltr'><strong>occupandos</strong></span> <span class='ocrx_word' id='word_1_194' title='bbox 2038 2817 2157 2856; x_wconf 87' lang='lat' dir='ltr'><strong>esse</strong></span> <span class='ocrx_word' id='word_1_195' title='bbox 2187 2804 2399 2872; x_wconf 73' lang='lat' dir='ltr'><strong>aliquos</strong></span> 
     </span>
    </p>
   </div>
   <div class='ocr_carea' id='block_1_31' title="bbox 838 2886 2398 2962">
    <p class='ocr_par' dir='ltr' id='par_1_31' title="bbox 838 2886 2398 2962">
     <span class='ocr_line' id='line_1_31' title="bbox 838 2886 2398 2962; baseline 0.007 -23"><span class='ocrx_word' id='word_1_196' title='bbox 838 2886 1103 2957; x_wconf 78' lang='lat' dir='ltr'><strong>Bithynia-</strong></span> <span class='ocrx_word' id='word_1_197' title='bbox 1140 2897 1350 2941; x_wconf 89' lang='lat' dir='ltr'><strong>montes</strong></span> <span class='ocrx_word' id='word_1_198' title='bbox 1384 2890 1437 2941; x_wconf 91' lang='lat' dir='ltr'><strong>in</strong></span> <span class='ocrx_word' id='word_1_199' title='bbox 1495 2890 1673 2959; x_wconf 86' lang='lat' dir='ltr'><strong>iisque</strong></span> <span class='ocrx_word' id='word_1_200' title='bbox 1728 2893 2083 2956; x_wconf 88' lang='lat' dir='ltr'><strong>manendum,</strong></span> <span class='ocrx_word' id='word_1_201' title='bbox 2116 2896 2238 2948; x_wconf 88' lang='lat' dir='ltr'><strong>etsi</strong></span> <span class='ocrx_word' id='word_1_202' title='bbox 2273 2899 2398 2962; x_wconf 84' lang='lat' dir='ltr'><strong>quis</strong></span> 
     </span>
    </p>
   </div>
   <div class='ocr_carea' id='block_1_32' title="bbox 832 2978 2397 3041">
    <p class='ocr_par' dir='ltr' id='par_1_32' title="bbox 832 2978 2397 3041">
     <span class='ocr_line' id='line_1_32' title="bbox 832 2978 2397 3041; baseline 0.008 -14"><span class='ocrx_word' id='word_1_203' title='bbox 832 2978 1164 3041; x_wconf 75' lang='lat' dir='ltr'><strong>adoriretur,</strong></span> <span class='ocrx_word' id='word_1_204' title='bbox 1196 2978 1639 3035; x_wconf 79' lang='lat' dir='ltr'><strong>defendendum:</strong></span> <span class='ocrx_word' id='word_1_205' title='bbox 1696 2994 1804 3035; x_wconf 76' lang='lat' dir='ltr'><strong>non</strong></span> <span class='ocrx_word' id='word_1_206' title='bbox 1842 2993 2021 3037; x_wconf 87' lang='lat' dir='ltr'><strong>autem</strong></span> <span class='ocrx_word' id='word_1_207' title='bbox 2086 2987 2397 3040; x_wconf 83' lang='lat' dir='ltr'><strong>intrandum</strong></span> 
     </span>
    </p>
   </div>
   <div class='ocr_carea' id='block_1_33' title="bbox 832 3076 2396 3149">
    <p class='ocr_par' dir='ltr' id='par_1_33' title="bbox 832 3076 2396 3149">
     <span class='ocr_line' id='line_1_33' title="bbox 832 3076 2396 3149; baseline 0 -21"><span class='ocrx_word' id='word_1_208' title='bbox 832 3078 885 3129; x_wconf 88' lang='lat' dir='ltr'><strong>itt</strong></span> <span class='ocrx_word' id='word_1_209' title='bbox 949 3076 1202 3142; x_wconf 89' lang='lat' dir='ltr'><strong>Iberiam,</strong></span> <span class='ocrx_word' id='word_1_210' title='bbox 1266 3079 1543 3149; x_wconf 77' lang='lat' dir='ltr'><strong>regionem</strong></span> <span class='ocrx_word' id='word_1_211' title='bbox 1600 3089 1867 3133; x_wconf 84' lang='lat' dir='ltr'><strong>remotam</strong></span> <span class='ocrx_word' id='word_1_212' title='bbox 1922 3089 2083 3148; x_wconf 84' lang='lat' dir='ltr'><strong>atque</strong></span> <span class='ocrx_word' id='word_1_213' title='bbox 2142 3080 2396 3141; x_wconf 85' lang='lat' dir='ltr'><strong>alienam,</strong></span> 
     </span>
    </p>
   </div>
   <div class='ocr_carea' id='block_1_34' title="bbox 831 3169 2401 3237">
    <p class='ocr_par' dir='ltr' id='par_1_34' title="bbox 831 3169 2401 3237">
     <span class='ocr_line' id='line_1_34' title="bbox 831 3169 2401 3237; baseline 0.003 -17"><span class='ocrx_word' id='word_1_214' title='bbox 831 3177 996 3237; x_wconf 85' lang='lat' dir='ltr'><strong>atque</strong></span> <span class='ocrx_word' id='word_1_215' title='bbox 1031 3170 1121 3223; x_wconf 91' lang='lat' dir='ltr'><strong>ubi</strong></span> <span class='ocrx_word' id='word_1_216' title='bbox 1151 3184 1258 3223; x_wconf 93' lang='lat' dir='ltr'><strong>non</strong></span> <span class='ocrx_word' id='word_1_217' title='bbox 1291 3170 1476 3225; x_wconf 85' lang='lat' dir='ltr'><strong>hostes</strong></span> <span class='ocrx_word' id='word_1_218' title='bbox 1502 3171 1664 3225; x_wconf 89' lang='lat' dir='ltr'><strong>modo</strong></span> <span class='ocrx_word' id='word_1_219' title='bbox 1686 3169 2082 3229; x_wconf 78' lang='lat' dir='ltr'><strong>Romanorum.</strong></span> <span class='ocrx_word' id='word_1_220' title='bbox 2115 3170 2207 3224; x_wconf 86' lang='lat' dir='ltr'><strong>sed</strong></span> <span class='ocrx_word' id='word_1_221' title='bbox 2254 3171 2401 3237; x_wconf 84' lang='lat' dir='ltr'><strong>ipsos</strong></span> 
     </span>
    </p>
   </div>
   <div class='ocr_carea' id='block_1_35' title="bbox 828 3260 2400 3316">
    <p class='ocr_par' dir='ltr' id='par_1_35' title="bbox 828 3260 2400 3316">
     <span class='ocr_line' id='line_1_35' title="bbox 828 3260 2400 3316; baseline 0.002 -3"><span class='ocrx_word' id='word_1_222' title='bbox 828 3264 991 3313; x_wconf 81' lang='lat' dir='ltr'><strong>etiam</strong></span> <span class='ocrx_word' id='word_1_223' title='bbox 1077 3261 1352 3314; x_wconf 80' lang='lat' dir='ltr'><strong>Rmnanos</strong></span> <span class='ocrx_word' id='word_1_224' title='bbox 1425 3261 1611 3315; x_wconf 81' lang='lat' dir='ltr'><strong>hostes</strong></span> <span class='ocrx_word' id='word_1_225' title='bbox 1667 3270 1854 3315; x_wconf 86' lang='lat' dir='ltr'><strong>essent</strong></span> <span class='ocrx_word' id='word_1_226' title='bbox 1931 3262 2188 3315; x_wconf 87' lang='lat' dir='ltr'><strong>habituri.</strong></span> <span class='ocrx_word' id='word_1_227' title='bbox 2239 3260 2400 3316; x_wconf 82' lang='lat' dir='ltr'><strong>Solus</strong></span> 
     </span>
    </p>
   </div>
   <div class='ocr_carea' id='block_1_36' title="bbox 833 3352 2401 3419">
    <p class='ocr_par' dir='ltr' id='par_1_36' title="bbox 833 3352 2401 3419">
     <span class='ocr_line' id='line_1_36' title="bbox 833 3352 2401 3419; baseline -0.001 -15"><span class='ocrx_word' id='word_1_228' title='bbox 833 3353 1142 3404; x_wconf 57' lang='lat' dir='ltr'><strong>(latalinans</strong></span> <span class='ocrx_word' id='word_1_229' title='bbox 1167 3354 1338 3405; x_wconf 65' lang='lat' dir='ltr'><strong>suasit</strong></span> <span class='ocrx_word' id='word_1_230' title='bbox 1372 3352 1753 3407; x_wconf 82' lang='lat' dir='ltr'><strong>revertendum</strong></span> <span class='ocrx_word' id='word_1_231' title='bbox 1779 3368 1901 3406; x_wconf 91' lang='lat' dir='ltr'><strong>esse</strong></span> <span class='ocrx_word' id='word_1_232' title='bbox 1922 3361 1976 3406; x_wconf 89' lang='lat' dir='ltr'><strong>et</strong></span> <span class='ocrx_word' id='word_1_233' title='bbox 2005 3368 2063 3407; x_wconf 92' lang='lat' dir='ltr'><strong>se</strong></span> <span class='ocrx_word' id='word_1_234' title='bbox 2083 3368 2204 3404; x_wconf 84' lang='lat' dir='ltr'><strong>cum</strong></span> <span class='ocrx_word' id='word_1_235' title='bbox 2229 3368 2401 3419; x_wconf 81' lang='lat' dir='ltr'><strong>popu-</strong></span> 
     </span>
    </p>
   </div>
   <div class='ocr_carea' id='block_1_37' title="bbox 834 3441 2401 3511">
    <p class='ocr_par' dir='ltr' id='par_1_37' title="bbox 834 3441 2401 3511">
     <span class='ocr_line' id='line_1_37' title="bbox 834 3441 2401 3511; baseline 0.002 -18"><span class='ocrx_word' id='word_1_236' title='bbox 834 3442 1044 3494; x_wconf 85' lang='lat' dir='ltr'><strong>laribus</strong></span> <span class='ocrx_word' id='word_1_237' title='bbox 1100 3442 1565 3511; x_wconf 74' lang='lat' dir='ltr'><strong>conjungendum.</strong></span> <span class='ocrx_word' id='word_1_238' title='bbox 1630 3441 1695 3495; x_wconf 86' lang='lat' dir='ltr'><strong>Et</strong></span> <span class='ocrx_word' id='word_1_239' title='bbox 1752 3443 1989 3511; x_wconf 86' lang='lat' dir='ltr'><strong>quodam</strong></span> <span class='ocrx_word' id='word_1_240' title='bbox 2048 3453 2401 3511; x_wconf 76' lang='lat' dir='ltr'><strong>percontante</strong></span> 
     </span>
    </p>
   </div>
   <div class='ocr_carea' id='block_1_38' title="bbox 831 3533 2399 3601">
    <p class='ocr_par' dir='ltr' id='par_1_38' title="bbox 831 3533 2399 3601">
     <span class='ocr_line' id='line_1_38' title="bbox 831 3533 2399 3601; baseline 0.002 -19"><span class='ocrx_word' id='word_1_241' title='bbox 831 3547 1067 3600; x_wconf 79' lang='lat' dir='ltr'><strong>quanam</strong></span> <span class='ocrx_word' id='word_1_242' title='bbox 1128 3534 1339 3585; x_wconf 84' lang='lat' dir='ltr'><strong>ratione</strong></span> <span class='ocrx_word' id='word_1_243' title='bbox 1373 3549 1522 3587; x_wconf 88' lang='lat' dir='ltr'><strong>mare</strong></span> <span class='ocrx_word' id='word_1_244' title='bbox 1573 3533 1807 3586; x_wconf 86' lang='lat' dir='ltr'><strong>transiri</strong></span> <span class='ocrx_word' id='word_1_245' title='bbox 1846 3542 2051 3601; x_wconf 87' lang='lat' dir='ltr'><strong>posset,</strong></span> <span class='ocrx_word' id='word_1_246' title='bbox 2092 3534 2223 3585; x_wconf 90' lang='lat' dir='ltr'><strong>nihil</strong></span> <span class='ocrx_word' id='word_1_247' title='bbox 2254 3533 2399 3585; x_wconf 88' lang='lat' dir='ltr'><strong>aliud</strong></span> 
     </span>
    </p>
   </div>
   <div class='ocr_carea' id='block_1_39' title="bbox 831 3622 2390 3693">
    <p class='ocr_par' dir='ltr' id='par_1_39' title="bbox 831 3622 2390 3693">
     <span class='ocr_line' id='line_1_39' title="bbox 831 3622 2390 3693; baseline 0.002 -19"><span class='ocrx_word' id='word_1_248' title='bbox 831 3623 966 3674; x_wconf 77' lang='lat' dir='ltr'><strong>dixit</strong></span> <span class='ocrx_word' id='word_1_249' title='bbox 987 3637 1147 3687; x_wconf 84' lang='lat' dir='ltr'><strong>quam</strong></span> <span class='ocrx_word' id='word_1_250' title='bbox 1175 3623 1321 3691; x_wconf 89' lang='lat' dir='ltr'><strong>quod</strong></span> <span class='ocrx_word' id='word_1_251' title='bbox 1351 3624 1779 3692; x_wconf 86' lang='lat' dir='ltr'><strong>sejussitsequi.</strong></span> <span class='ocrx_word' id='word_1_252' title='bbox 1818 3622 1957 3693; x_wconf 76' lang='lat' dir='ltr'><strong>Ergo</strong></span> <span class='ocrx_word' id='word_1_253' title='bbox 1988 3624 2390 3677; x_wconf 75' lang='lat' dir='ltr'><strong>Adrobalanum</strong></span> 
     </span>
    </p>
   </div>
   <div class='ocr_carea' id='block_1_40' title="bbox 834 3712 2405 3783">
    <p class='ocr_par' dir='ltr' id='par_1_40' title="bbox 834 3712 2405 3783">
     <span class='ocr_line' id='line_1_40' title="bbox 834 3712 2405 3783; baseline 0.002 -20"><span class='ocrx_word' id='word_1_254' title='bbox 834 3712 999 3781; x_wconf 80' lang='lat'><strong>589</strong></span> <span class='ocrx_word' id='word_1_255' title='bbox 1025 3715 1329 3767; x_wconf 86' lang='lat' dir='ltr'><strong>interlicere</strong></span> <span class='ocrx_word' id='word_1_256' title='bbox 1346 3713 1546 3767; x_wconf 78' lang='lat' dir='ltr'><strong>frustra</strong></span> <span class='ocrx_word' id='word_1_257' title='bbox 1572 3714 1752 3768; x_wconf 80' lang='lat' dir='ltr'><strong>conati</strong></span> <span class='ocrx_word' id='word_1_258' title='bbox 1772 3713 1976 3783; x_wconf 80' lang='lat' dir='ltr'><strong>(ell&#39;ugit</strong></span> <span class='ocrx_word' id='word_1_259' title='bbox 1997 3715 2139 3768; x_wconf 85' lang='lat' dir='ltr'><strong>enim</strong></span> <span class='ocrx_word' id='word_1_260' title='bbox 2160 3716 2210 3768; x_wconf 92' lang='lat' dir='ltr'><strong>in</strong></span> <span class='ocrx_word' id='word_1_261' title='bbox 2233 3715 2405 3783; x_wconf 85' lang='lat' dir='ltr'><strong>quod-</strong></span> 
     </span>
    </p>
   </div>
   <div class='ocr_carea' id='block_1_41' title="bbox 834 3802 2405 3874">
    <p class='ocr_par' dir='ltr' id='par_1_41' title="bbox 834 3802 2405 3874">
     <span class='ocr_line' id='line_1_41' title="bbox 834 3802 2405 3874; baseline 0.003 -19"><span class='ocrx_word' id='word_1_262' title='bbox 834 3802 959 3855; x_wconf 80' lang='lat' dir='ltr'><strong>dam</strong></span> <span class='ocrx_word' id='word_1_263' title='bbox 1010 3804 1152 3870; x_wconf 86' lang='lat' dir='ltr'><strong>apud</strong></span> <span class='ocrx_word' id='word_1_264' title='bbox 1184 3803 1471 3874; x_wconf 77' lang='lat' dir='ltr'><strong>Ilainatryn</strong></span> <span class='ocrx_word' id='word_1_265' title='bbox 1499 3804 1816 3873; x_wconf 85' lang='lat' dir='ltr'><strong>palatioruin</strong></span> <span class='ocrx_word' id='word_1_266' title='bbox 1847 3806 2101 3860; x_wconf 79' lang='lat' dir='ltr'><strong>solarium</strong></span> <span class='ocrx_word' id='word_1_267' title='bbox 2130 3808 2305 3861; x_wconf 88' lang='lat' dir='ltr'><strong>tribus</strong></span> <span class='ocrx_word' id='word_1_268' title='bbox 2326 3808 2405 3860; x_wconf 86' lang='lat' dir='ltr'><strong>fa-</strong></span> 
     </span>
    </p>
   </div>
   <div class='ocr_carea' id='block_1_42' title="bbox 834 3892 2402 3965">
    <p class='ocr_par' dir='ltr' id='par_1_42' title="bbox 834 3892 2402 3965">
     <span class='ocr_line' id='line_1_42' title="bbox 834 3892 2402 3965; baseline 0.005 -20"><span class='ocrx_word' id='word_1_269' title='bbox 834 3892 1016 3958; x_wconf 73' lang='lat' dir='ltr'><strong>stigiis</strong></span> <span class='ocrx_word' id='word_1_270' title='bbox 1054 3894 1281 3961; x_wconf 85' lang='lat' dir='ltr'><strong>tectum)</strong></span> <span class='ocrx_word' id='word_1_271' title='bbox 1319 3894 1643 3949; x_wconf 80' lang='lat' dir='ltr'><strong>Catalintum</strong></span> <span class='ocrx_word' id='word_1_272' title='bbox 1680 3910 1981 3965; x_wconf 83' lang='lat' dir='ltr'><strong>sequuntur</strong></span> <span class='ocrx_word' id='word_1_273' title='bbox 2008 3898 2071 3951; x_wconf 87' lang='lat' dir='ltr'><strong>ad</strong></span> <span class='ocrx_word' id='word_1_274' title='bbox 2094 3913 2261 3962; x_wconf 89' lang='lat' dir='ltr'><strong>mare,</strong></span> <span class='ocrx_word' id='word_1_275' title='bbox 2298 3914 2402 3953; x_wconf 91' lang='lat' dir='ltr'><strong>non</strong></span> 
     </span>
    </p>
   </div>
   <div class='ocr_carea' id='block_1_43' title="bbox 834 3983 2404 4058">
    <p class='ocr_par' dir='ltr' id='par_1_43' title="bbox 834 3983 2404 4058">
     <span class='ocr_line' id='line_1_43' title="bbox 834 3983 2404 4058; baseline 0.007 -25"><span class='ocrx_word' id='word_1_276' title='bbox 834 3983 1057 4048; x_wconf 82' lang='lat' dir='ltr'><strong>quidem</strong></span> <span class='ocrx_word' id='word_1_277' title='bbox 1102 3994 1389 4052; x_wconf 71' lang='lat' dir='ltr'><strong>sperantes</strong></span> <span class='ocrx_word' id='word_1_278' title='bbox 1420 4002 1541 4039; x_wconf 86' lang='lat' dir='ltr'><strong>eum</strong></span> <span class='ocrx_word' id='word_1_279' title='bbox 1574 3988 1787 4054; x_wconf 74' lang='lat' dir='ltr'><strong>navigia</strong></span> <span class='ocrx_word' id='word_1_280' title='bbox 1823 3988 2022 4041; x_wconf 83' lang='lat' dir='ltr'><strong>habere</strong></span> <span class='ocrx_word' id='word_1_281' title='bbox 2072 4000 2255 4058; x_wconf 88' lang='lat' dir='ltr'><strong>parata</strong></span> <span class='ocrx_word' id='word_1_282' title='bbox 2292 3992 2404 4057; x_wconf 87' lang='lat' dir='ltr'><strong>qui-</strong></span> 
     </span>
    </p>
   </div>
   <div class='ocr_carea' id='block_1_44' title="bbox 836 4075 2405 4143">
    <p class='ocr_par' dir='ltr' id='par_1_44' title="bbox 836 4075 2405 4143">
     <span class='ocr_line' id='line_1_44' title="bbox 836 4075 2405 4143; baseline 0.005 -16"><span class='ocrx_word' id='word_1_283' title='bbox 836 4075 939 4127; x_wconf 87' lang='lat' dir='ltr'><strong>bus</strong></span> <span class='ocrx_word' id='word_1_284' title='bbox 993 4091 1143 4127; x_wconf 89' lang='lat' dir='ltr'><strong>mare</strong></span> <span class='ocrx_word' id='word_1_285' title='bbox 1196 4076 1535 4143; x_wconf 87' lang='lat' dir='ltr'><strong>trajicerent,</strong></span> <span class='ocrx_word' id='word_1_286' title='bbox 1597 4079 1689 4131; x_wconf 87' lang='lat' dir='ltr'><strong>sed</strong></span> <span class='ocrx_word' id='word_1_287' title='bbox 1727 4079 2043 4135; x_wconf 75' lang='lat' dir='ltr'><strong>haesitantes</strong></span> <span class='ocrx_word' id='word_1_288' title='bbox 2106 4096 2169 4135; x_wconf 88' lang='lat' dir='ltr'><strong>ac</strong></span> <span class='ocrx_word' id='word_1_289' title='bbox 2224 4083 2405 4136; x_wconf 84' lang='lat' dir='ltr'><strong>videre</strong></span> 
     </span>
    </p>
   </div>
   <div class='ocr_carea' id='block_1_45' title="bbox 836 4168 2402 4239">
    <p class='ocr_par' dir='ltr' id='par_1_45' title="bbox 836 4168 2402 4239">
     <span class='ocr_line' id='line_1_45' title="bbox 836 4168 2402 4239; baseline 0.007 -21"><span class='ocrx_word' id='word_1_290' title='bbox 836 4168 1115 4233; x_wconf 80' lang='lat' dir='ltr'><strong>cupientes</strong></span> <span class='ocrx_word' id='word_1_291' title='bbox 1172 4185 1421 4236; x_wconf 74' lang='lat' dir='ltr'><strong>quautam</strong></span> <span class='ocrx_word' id='word_1_292' title='bbox 1474 4180 1620 4224; x_wconf 84' lang='lat' dir='ltr'><strong>esset</strong></span> <span class='ocrx_word' id='word_1_293' title='bbox 1666 4169 1849 4223; x_wconf 81' lang='lat' dir='ltr'><strong>futura</strong></span> <span class='ocrx_word' id='word_1_294' title='bbox 1890 4172 2197 4239; x_wconf 83' lang='lat' dir='ltr'><strong>trajiciendi</strong></span> <span class='ocrx_word' id='word_1_295' title='bbox 2246 4174 2402 4229; x_wconf 89' lang='lat' dir='ltr'><strong>ratio.</strong></span> 
     </span>
    </p>
   </div>
   <div class='ocr_carea' id='block_1_46' title="bbox 838 4258 2400 4322">
    <p class='ocr_par' dir='ltr' id='par_1_46' title="bbox 838 4258 2400 4322">
     <span class='ocr_line' id='line_1_46' title="bbox 838 4258 2400 4322; baseline 0.004 -11"><span class='ocrx_word' id='word_1_296' title='bbox 838 4258 906 4312; x_wconf 89' lang='lat' dir='ltr'><strong>Ut</strong></span> <span class='ocrx_word' id='word_1_297' title='bbox 930 4260 994 4313; x_wconf 90' lang='lat' dir='ltr'><strong>ad</strong></span> <span class='ocrx_word' id='word_1_298' title='bbox 1028 4261 1154 4314; x_wconf 90' lang='lat' dir='ltr'><strong>litus</strong></span> <span class='ocrx_word' id='word_1_299' title='bbox 1186 4271 1407 4314; x_wconf 81' lang='lat' dir='ltr'><strong>ventum</strong></span> <span class='ocrx_word' id='word_1_300' title='bbox 1430 4271 1531 4322; x_wconf 89' lang='lat' dir='ltr'><strong>est,</strong></span> <span class='ocrx_word' id='word_1_301' title='bbox 1560 4260 1857 4317; x_wconf 78' lang='lat' dir='ltr'><strong>Catalimus</strong></span> <span class='ocrx_word' id='word_1_302' title='bbox 1892 4264 1991 4317; x_wconf 92' lang='lat' dir='ltr'><strong>hoc</strong></span> <span class='ocrx_word' id='word_1_303' title='bbox 2019 4280 2187 4317; x_wconf 91' lang='lat' dir='ltr'><strong>unum</strong></span> <span class='ocrx_word' id='word_1_304' title='bbox 2223 4265 2400 4320; x_wconf 81' lang='lat' dir='ltr'><strong>fatus:</strong></span> 
     </span>
    </p>
   </div>
   <div class='ocr_carea' id='block_1_47' title="bbox 846 4349 2406 4418">
    <p class='ocr_par' dir='ltr' id='par_1_47' title="bbox 846 4349 2406 4418">
     <span class='ocr_line' id='line_1_47' title="bbox 846 4349 2406 4418; baseline 0.006 -19"><span class='ocrx_word' id='word_1_305' title='bbox 846 4367 863 4399; x_wconf 75' lang='grc' dir='ltr'><strong>ι</strong></span> <span class='ocrx_word' id='word_1_306' title='bbox 895 4349 996 4414; x_wconf 85' lang='lat' dir='ltr'><strong>Qui</strong></span> <span class='ocrx_word' id='word_1_307' title='bbox 1049 4365 1106 4404; x_wconf 87' lang='lat' dir='ltr'><strong>se</strong></span> <span class='ocrx_word' id='word_1_308' title='bbox 1150 4350 1325 4418; x_wconf 89' lang='lat' dir='ltr'><strong>ipsum</strong></span> <span class='ocrx_word' id='word_1_309' title='bbox 1367 4361 1421 4405; x_wconf 90' lang='lat' dir='ltr'><strong>et</strong></span> <span class='ocrx_word' id='word_1_310' title='bbox 1467 4352 1753 4405; x_wconf 72' lang='lat' dir='ltr'><strong>universos</strong></span> <span class='ocrx_word' id='word_1_311' title='bbox 1786 4352 2103 4406; x_wconf 81' lang='lat' dir='ltr'><strong>Patzinacas</strong></span> <span class='ocrx_word' id='word_1_312' title='bbox 2133 4354 2243 4405; x_wconf 90' lang='lat' dir='ltr'><strong>vult</strong></span> <span class='ocrx_word' id='word_1_313' title='bbox 2284 4369 2406 4407; x_wconf 88' lang='lat' dir='ltr'><strong>esse</strong></span> 
     </span>
    </p>
   </div>
   <div class='ocr_carea' id='block_1_48' title="bbox 839 4442 2405 4511">
    <p class='ocr_par' dir='ltr' id='par_1_48' title="bbox 839 4442 2405 4511">
     <span class='ocr_line' id='line_1_48' title="bbox 839 4442 2405 4511; baseline 0.003 -16"><span class='ocrx_word' id='word_1_314' title='bbox 839 4444 1038 4506; x_wconf 82' lang='lat' dir='ltr'><strong>salvos,</strong></span> <span class='ocrx_word' id='word_1_315' title='bbox 1074 4457 1157 4495; x_wconf 82' lang='lat' dir='ltr'><strong>tne</strong></span> <span class='ocrx_word' id='word_1_316' title='bbox 1174 4452 1649 4511; x_wconf 68' lang='lat' dir='ltr'><strong>sequatur,»equo</strong></span> <span class='ocrx_word' id='word_1_317' title='bbox 1670 4442 1982 4497; x_wconf 81' lang='lat' dir='ltr'><strong>calcaribus</strong></span> <span class='ocrx_word' id='word_1_318' title='bbox 2014 4444 2237 4498; x_wconf 87' lang='lat' dir='ltr'><strong>incitato</strong></span> <span class='ocrx_word' id='word_1_319' title='bbox 2258 4460 2405 4500; x_wconf 89' lang='lat' dir='ltr'><strong>mare</strong></span> 
     </span>
    </p>
   </div>
   <div class='ocr_carea' id='block_1_49' title="bbox 835 4532 2401 4604">
    <p class='ocr_par' dir='ltr' id='par_1_49' title="bbox 835 4532 2401 4604">
     <span class='ocr_line' id='line_1_49' title="bbox 835 4532 2401 4604; baseline 0.003 -19"><span class='ocrx_word' id='word_1_320' title='bbox 835 4540 919 4585; x_wconf 86' lang='lat' dir='ltr'><strong>est</strong></span> <span class='ocrx_word' id='word_1_321' title='bbox 956 4533 1257 4601; x_wconf 80' lang='lat' dir='ltr'><strong>ingressus.</strong></span> <span class='ocrx_word' id='word_1_322' title='bbox 1313 4532 1467 4596; x_wconf 84' lang='lat' dir='ltr'><strong>Quod</strong></span> <span class='ocrx_word' id='word_1_323' title='bbox 1498 4534 1638 4587; x_wconf 89' lang='lat' dir='ltr'><strong>alius</strong></span> <span class='ocrx_word' id='word_1_324' title='bbox 1669 4550 1997 4604; x_wconf 88' lang='lat' dir='ltr'><strong>rursumque</strong></span> <span class='ocrx_word' id='word_1_325' title='bbox 2025 4536 2165 4591; x_wconf 84' lang='lat' dir='ltr'><strong>alius</strong></span> <span class='ocrx_word' id='word_1_326' title='bbox 2219 4537 2401 4589; x_wconf 91' lang='lat' dir='ltr'><strong>imita-</strong></span> 
     </span>
    </p>
   </div>
   <div class='ocr_carea' id='block_1_50' title="bbox 837 4624 2405 4687">
    <p class='ocr_par' dir='ltr' id='par_1_50' title="bbox 837 4624 2405 4687">
     <span class='ocr_line' id='line_1_50' title="bbox 837 4624 2405 4687; baseline 0.005 -12"><span class='ocrx_word' id='word_1_327' title='bbox 837 4630 949 4687; x_wconf 85' lang='lat' dir='ltr'><strong>tus,</strong></span> <span class='ocrx_word' id='word_1_328' title='bbox 982 4635 1034 4677; x_wconf 84' lang='lat' dir='ltr'><strong>et</strong></span> <span class='ocrx_word' id='word_1_329' title='bbox 1071 4624 1288 4677; x_wconf 86' lang='lat' dir='ltr'><strong>tandem</strong></span> <span class='ocrx_word' id='word_1_330' title='bbox 1323 4625 1501 4678; x_wconf 88' lang='lat' dir='ltr'><strong>omnis</strong></span> <span class='ocrx_word' id='word_1_331' title='bbox 1541 4624 1956 4679; x_wconf 85' lang='lat' dir='ltr'><strong>Patzinacarunt</strong></span> <span class='ocrx_word' id='word_1_332' title='bbox 1987 4628 2281 4681; x_wconf 87' lang='lat' dir='ltr'><strong>multitudo</strong></span> <span class='ocrx_word' id='word_1_333' title='bbox 2321 4644 2405 4683; x_wconf 85' lang='lat' dir='ltr'><strong>se-</strong></span> 
     </span>
    </p>
   </div>
   <div class='ocr_carea' id='block_1_51' title="bbox 836 4715 2406 4791">
    <p class='ocr_par' dir='ltr' id='par_1_51' title="bbox 836 4715 2406 4791">
     <span class='ocr_line' id='line_1_51' title="bbox 836 4715 2406 4791; baseline 0.003 -23"><span class='ocrx_word' id='word_1_334' title='bbox 836 4727 960 4768; x_wconf 85' lang='lat' dir='ltr'><strong>cuta</strong></span> <span class='ocrx_word' id='word_1_335' title='bbox 1007 4724 1111 4777; x_wconf 89' lang='lat' dir='ltr'><strong>est,</strong></span> <span class='ocrx_word' id='word_1_336' title='bbox 1139 4715 1357 4783; x_wconf 85' lang='lat' dir='ltr'><strong>quidam</strong></span> <span class='ocrx_word' id='word_1_337' title='bbox 1416 4725 1473 4769; x_wconf 90' lang='lat' dir='ltr'><strong>ut</strong></span> <span class='ocrx_word' id='word_1_338' title='bbox 1496 4726 1650 4770; x_wconf 89' lang='lat' dir='ltr'><strong>erant</strong></span> <span class='ocrx_word' id='word_1_339' title='bbox 1684 4720 1899 4783; x_wconf 86' lang='lat' dir='ltr'><strong>armati,</strong></span> <span class='ocrx_word' id='word_1_340' title='bbox 1927 4719 2015 4771; x_wconf 91' lang='lat' dir='ltr'><strong>alii</strong></span> <span class='ocrx_word' id='word_1_341' title='bbox 2062 4719 2290 4791; x_wconf 81' lang='lat' dir='ltr'><strong>abjectis</strong></span> <span class='ocrx_word' id='word_1_342' title='bbox 2323 4736 2406 4773; x_wconf 80' lang='lat' dir='ltr'><strong>ar-</strong></span> 
     </span>
    </p>
   </div>
   <div class='ocr_carea' id='block_1_52' title="bbox 841 4806 2403 4876">
    <p class='ocr_par' dir='ltr' id='par_1_52' title="bbox 841 4806 2403 4876">
     <span class='ocr_line' id='line_1_52' title="bbox 841 4806 2403 4876; baseline 0.004 -18"><span class='ocrx_word' id='word_1_343' title='bbox 841 4808 963 4860; x_wconf 86' lang='lat' dir='ltr'><strong>mis.</strong></span> <span class='ocrx_word' id='word_1_344' title='bbox 1000 4806 1142 4861; x_wconf 81' lang='lat' dir='ltr'><strong>Mare</strong></span> <span class='ocrx_word' id='word_1_345' title='bbox 1171 4823 1297 4876; x_wconf 76' lang='lat' dir='ltr'><strong>ergo</strong></span> <span class='ocrx_word' id='word_1_346' title='bbox 1329 4817 1567 4871; x_wconf 88' lang='lat' dir='ltr'><strong>tranant,</strong></span> <span class='ocrx_word' id='word_1_347' title='bbox 1600 4816 1652 4862; x_wconf 88' lang='lat' dir='ltr'><strong>et</strong></span> <span class='ocrx_word' id='word_1_348' title='bbox 1708 4809 1774 4863; x_wconf 85' lang='lat' dir='ltr'><strong>ad</strong></span> <span class='ocrx_word' id='word_1_349' title='bbox 1804 4810 2066 4863; x_wconf 84' lang='lat' dir='ltr'><strong>Sanctum</strong></span> <span class='ocrx_word' id='word_1_350' title='bbox 2115 4809 2403 4865; x_wconf 84' lang='lat' dir='ltr'><strong>Tarasiunt</strong></span> 
     </span>
    </p>
   </div>
   <div class='ocr_carea' id='block_1_53' title="bbox 839 4898 2403 4971">
    <p class='ocr_par' dir='ltr' id='par_1_53' title="bbox 839 4898 2403 4971">
     <span class='ocr_line' id='line_1_53' title="bbox 839 4898 2403 4971; baseline 0.004 -20"><span class='ocrx_word' id='word_1_351' title='bbox 839 4900 891 4951; x_wconf 93' lang='lat' dir='ltr'><strong>in</strong></span> <span class='ocrx_word' id='word_1_352' title='bbox 935 4898 1243 4967; x_wconf 87' lang='lat' dir='ltr'><strong>oppositum</strong></span> <span class='ocrx_word' id='word_1_353' title='bbox 1278 4900 1402 4955; x_wconf 89' lang='lat' dir='ltr'><strong>litus</strong></span> <span class='ocrx_word' id='word_1_354' title='bbox 1448 4900 1710 4963; x_wconf 87' lang='lat' dir='ltr'><strong>evadunt,</strong></span> <span class='ocrx_word' id='word_1_355' title='bbox 1766 4909 1822 4954; x_wconf 89' lang='lat' dir='ltr'><strong>et</strong></span> <span class='ocrx_word' id='word_1_356' title='bbox 1872 4903 2083 4971; x_wconf 74' lang='lat' dir='ltr'><strong>magnis</strong></span> <span class='ocrx_word' id='word_1_357' title='bbox 2115 4904 2403 4957; x_wconf 89' lang='lat' dir='ltr'><strong>itineribus</strong></span> 
     </span>
    </p>
   </div>
   <div class='ocr_carea' id='block_1_54' title="bbox 2420 2300 2467 2358">
    <p class='ocr_par' dir='ltr' id='par_1_54' title="bbox 2420 2300 2467 2358">
     <span class='ocr_line' id='line_1_54' title="bbox 2420 2300 2467 2358; baseline 0 0"><span class='ocrx_word' id='word_1_358' title='bbox 2420 2300 2467 2358; x_wconf 79' lang='grc' dir='ltr'><strong>Β</strong></span> 
     </span>
    </p>
   </div>
   <div class='ocr_carea' id='block_1_55' title="bbox 3727 695 4055 761">
    <p class='ocr_par' dir='ltr' id='par_1_55' title="bbox 3727 695 4055 761">
     <span class='ocr_line' id='line_1_55' title="bbox 3727 695 4055 761; baseline 0.003 -15"><span class='ocrx_word' id='word_1_359' title='bbox 3727 695 3820 757; x_wconf 86' lang='grc' dir='ltr'><strong>οὒς</strong></span> <span class='ocrx_word' id='word_1_360' title='bbox 3902 696 4055 761; x_wconf 80' lang='grc' dir='ltr'>φιλο-</span> 
     </span>
    </p>
   </div>
   <div class='ocr_carea' id='block_1_56' title="bbox 3538 790 4060 851">
    <p class='ocr_par' dir='ltr' id='par_1_56' title="bbox 3538 790 4060 851">
     <span class='ocr_line' id='line_1_56' title="bbox 3538 790 4060 851; baseline -0.004 -9"><span class='ocrx_word' id='word_1_361' title='bbox 3538 790 3854 851; x_wconf 80' lang='grc' dir='ltr'>εὐπαθείαις</span> <span class='ocrx_word' id='word_1_362' title='bbox 3926 806 4060 842; x_wconf 74' lang='grc' dir='ltr'>κατ-</span> 
     </span>
    </p>
   </div>
   <div class='ocr_carea' id='block_1_57' title="bbox 2565 970 4065 1040">
    <p class='ocr_par' dir='ltr' id='par_1_57' title="bbox 2565 970 4065 1040">
     <span class='ocr_line' id='line_1_57' title="bbox 2565 970 4065 1040; baseline 0 -18"><span class='ocrx_word' id='word_1_363' title='bbox 2565 971 2623 1022; x_wconf 84' lang='grc' dir='ltr'>ὐ</span> <span class='ocrx_word' id='word_1_364' title='bbox 2658 971 2713 1022; x_wconf 80' lang='grc' dir='ltr'><strong>δὲ</strong></span> <span class='ocrx_word' id='word_1_365' title='bbox 2756 971 3038 1033; x_wconf 84' lang='grc' dir='ltr'>σουλτάνος</span> <span class='ocrx_word' id='word_1_366' title='bbox 3072 972 3170 1039; x_wconf 84' lang='grc' dir='ltr'><strong>τὴν</strong></span> <span class='ocrx_word' id='word_1_367' title='bbox 3223 972 3329 1023; x_wconf 84' lang='grc' dir='ltr'>τῶν</span> <span class='ocrx_word' id='word_1_368' title='bbox 3370 970 3540 1024; x_wconf 73' lang='grc' dir='ltr'>αὑτοῦ</span> <span class='ocrx_word' id='word_1_369' title='bbox 3573 970 3852 1040; x_wconf 77' lang='grc' dir='ltr'>πρέσϐειον</span> <span class='ocrx_word' id='word_1_370' title='bbox 3890 972 4065 1039; x_wconf 78' lang='grc' dir='ltr'>άπρα·</span> 
     </span>
    </p>
   </div>
   <div class='ocr_carea' id='block_1_58' title="bbox 2492 1062 4067 1134">
    <p class='ocr_par' dir='ltr' id='par_1_58' title="bbox 2492 1062 4067 1134">
     <span class='ocr_line' id='line_1_58' title="bbox 2492 1062 4067 1134; baseline -0.001 -19"><span class='ocrx_word' id='word_1_371' title='bbox 2492 1081 2618 1116; x_wconf 84' lang='grc' dir='ltr'>κτον</span> <span class='ocrx_word' id='word_1_372' title='bbox 2660 1066 3009 1133; x_wconf 77' lang='grc' dir='ltr'>ὑποστροφὴν</span> <span class='ocrx_word' id='word_1_373' title='bbox 3046 1064 3119 1134; x_wconf 83' lang='grc' dir='ltr'>μὴ</span> <span class='ocrx_word' id='word_1_374' title='bbox 3151 1065 3353 1134; x_wconf 73' lang='grc' dir='ltr'>φέρων,</span> <span class='ocrx_word' id='word_1_375' title='bbox 3402 1064 3500 1126; x_wconf 69' lang='grc' dir='ltr'>τὰς</span> <span class='ocrx_word' id='word_1_376' title='bbox 3540 1065 3594 1114; x_wconf 80' lang='grc' dir='ltr'>ἐν</span> <span class='ocrx_word' id='word_1_377' title='bbox 3638 1062 3858 1130; x_wconf 82' lang='grc' dir='ltr'>Περσίδι</span> <span class='ocrx_word' id='word_1_378' title='bbox 3888 1063 4067 1125; x_wconf 87' lang='grc' dir='ltr'>πάσας</span> 
     </span>
    </p>
   </div>
   <div class='ocr_carea' id='block_1_59' title="bbox 2489 1155 4065 1224">
    <p class='ocr_par' dir='ltr' id='par_1_59' title="bbox 2489 1155 4065 1224">
     <span class='ocr_line' id='line_1_59' title="bbox 2489 1155 4065 1224; baseline 0.001 -19"><span class='ocrx_word' id='word_1_379' title='bbox 2489 1156 2749 1222; x_wconf 86' lang='grc' dir='ltr'>δυνάμεις</span> <span class='ocrx_word' id='word_1_380' title='bbox 2815 1158 2911 1208; x_wconf 79' lang='grc' dir='ltr'><strong>καὶ</strong></span> <span class='ocrx_word' id='word_1_381' title='bbox 2962 1156 3058 1217; x_wconf 81' lang='grc' dir='ltr'>τὰς</span> <span class='ocrx_word' id='word_1_382' title='bbox 3118 1155 3495 1218; x_wconf 85' lang='grc' dir='ltr'>Βαϐυλωνίους</span> <span class='ocrx_word' id='word_1_383' title='bbox 3554 1155 3642 1224; x_wconf 75' lang='grc' dir='ltr'><strong>ὑφ’</strong></span> <span class='ocrx_word' id='word_1_384' title='bbox 3702 1156 3759 1206; x_wconf 86' lang='grc' dir='ltr'>ἒν</span> <span class='ocrx_word' id='word_1_385' title='bbox 3806 1156 4065 1223; x_wconf 80' lang='grc' dir='ltr'>ἁθροίσας</span> 
     </span>
    </p>
   </div>
   <div class='ocr_carea' id='block_1_60' title="bbox 2491 1249 4069 1319">
    <p class='ocr_par' dir='ltr' id='par_1_60' title="bbox 2491 1249 4069 1319">
     <span class='ocr_line' id='line_1_60' title="bbox 2491 1249 4069 1319; baseline 0.001 -20"><span class='ocrx_word' id='word_1_386' title='bbox 2491 1250 2739 1315; x_wconf 83' lang='grc' dir='ltr'>εἰσϐολὴν</span> <span class='ocrx_word' id='word_1_387' title='bbox 2794 1252 3028 1302; x_wconf 89' lang='grc' dir='ltr'>ποιεῖται</span> <span class='ocrx_word' id='word_1_388' title='bbox 3062 1249 3201 1301; x_wconf 76' lang='grc' dir='ltr'>κατὰ</span> <span class='ocrx_word' id='word_1_389' title='bbox 3265 1249 3573 1319; x_wconf 86' lang='grc' dir='ltr'>Ῥωμαίων.</span> <span class='ocrx_word' id='word_1_390' title='bbox 3622 1250 3792 1302; x_wconf 77' lang='grc' dir='ltr'>Τοῦτο</span> <span class='ocrx_word' id='word_1_391' title='bbox 3823 1250 3879 1302; x_wconf 81' lang='grc' dir='ltr'><strong>δὲ</strong></span> <span class='ocrx_word' id='word_1_392' title='bbox 3934 1266 4069 1317; x_wconf 67' lang='grc' dir='ltr'>προσ</span> 
     </span>
    </p>
   </div>
   <div class='ocr_carea' id='block_1_61' title="bbox 2490 1340 4068 1411">
    <p class='ocr_par' dir='ltr' id='par_1_61' title="bbox 2490 1340 4068 1411">
     <span class='ocr_line' id='line_1_61' title="bbox 2490 1340 4068 1411; baseline -0.002 -18"><span class='ocrx_word' id='word_1_393' title='bbox 2490 1342 2741 1409; x_wconf 82' lang='grc' dir='ltr'>ακηκοὼς</span> <span class='ocrx_word' id='word_1_394' title='bbox 2801 1345 2828 1394; x_wconf 87' lang='grc' dir='ltr'>ὁ</span> <span class='ocrx_word' id='word_1_395' title='bbox 2882 1342 3203 1411; x_wconf 81' lang='grc' dir='ltr'>Μονομάχος</span> <span class='ocrx_word' id='word_1_396' title='bbox 3253 1340 3478 1394; x_wconf 74' lang='grc' dir='ltr'>ἔσπευδε</span> <span class='ocrx_word' id='word_1_397' title='bbox 3534 1341 3631 1409; x_wconf 85' lang='grc' dir='ltr'><strong>μὲν</strong></span> <span class='ocrx_word' id='word_1_398' title='bbox 3680 1342 3773 1393; x_wconf 72' lang='grc' dir='ltr'><strong>καὶ</strong></span> <span class='ocrx_word' id='word_1_399' title='bbox 3819 1342 3909 1393; x_wconf 69' lang='grc' dir='ltr'>διὰ</span> <span class='ocrx_word' id='word_1_400' title='bbox 3960 1342 4068 1392; x_wconf 82' lang='grc' dir='ltr'>τῶν</span> 
     </span>
    </p>
   </div>
   <div class='ocr_carea' id='block_1_62' title="bbox 2492 1431 4062 1505">
    <p class='ocr_par' dir='ltr' id='par_1_62' title="bbox 2492 1431 4062 1505">
     <span class='ocr_line' id='line_1_62' title="bbox 2492 1431 4062 1505; baseline 0.001 -22"><span class='ocrx_word' id='word_1_401' title='bbox 2492 1432 2707 1484; x_wconf 75' lang='grc' dir='ltr'>οἰκείων</span> <span class='ocrx_word' id='word_1_402' title='bbox 2742 1433 3026 1503; x_wconf 82' lang='grc' dir='ltr'>δυνάμεων</span> <span class='ocrx_word' id='word_1_403' title='bbox 3061 1432 3491 1501; x_wconf 80' lang='grc' dir='ltr'>ἀντιπαράταξιν</span> <span class='ocrx_word' id='word_1_404' title='bbox 3524 1433 3720 1505; x_wconf 77' lang='grc' dir='ltr'>στῆσαι</span> <span class='ocrx_word' id='word_1_405' title='bbox 3773 1431 3851 1500; x_wconf 83' lang='grc' dir='ltr'>τῷ</span> <span class='ocrx_word' id='word_1_406' title='bbox 3898 1435 4062 1485; x_wconf 89' lang='grc' dir='ltr'>πολε-</span> 
     </span>
    </p>
   </div>
   <div class='ocr_carea' id='block_1_63' title="bbox 2496 1524 4068 1593">
    <p class='ocr_par' dir='ltr' id='par_1_63' title="bbox 2496 1524 4068 1593">
     <span class='ocr_line' id='line_1_63' title="bbox 2496 1524 4068 1593; baseline 0.002 -19"><span class='ocrx_word' id='word_1_407' title='bbox 2496 1525 2624 1593; x_wconf 85' lang='grc' dir='ltr'>μίῳ,</span> <span class='ocrx_word' id='word_1_408' title='bbox 2674 1524 2881 1577; x_wconf 80' lang='grc' dir='ltr'>ὥπλισε</span> <span class='ocrx_word' id='word_1_409' title='bbox 2930 1526 2989 1577; x_wconf 80' lang='grc' dir='ltr'><strong>δὲ</strong></span> <span class='ocrx_word' id='word_1_410' title='bbox 3020 1527 3117 1577; x_wconf 75' lang='grc' dir='ltr'><strong>καὶ</strong></span> <span class='ocrx_word' id='word_1_411' title='bbox 3144 1524 3251 1576; x_wconf 86' lang='grc' dir='ltr'>ἀπὸ</span> <span class='ocrx_word' id='word_1_412' title='bbox 3285 1524 3394 1577; x_wconf 85' lang='grc' dir='ltr'>τῶν</span> <span class='ocrx_word' id='word_1_413' title='bbox 3430 1524 3787 1587; x_wconf 79' lang='grc' dir='ltr'>Πατζινάκων</span> <span class='ocrx_word' id='word_1_414' title='bbox 3827 1524 4068 1593; x_wconf 82' lang='grc' dir='ltr'>χιλιάδας</span> 
     </span>
    </p>
   </div>
   <div class='ocr_carea' id='block_1_64' title="bbox 2497 1615 4069 1686">
    <p class='ocr_par' dir='ltr' id='par_1_64' title="bbox 2497 1615 4069 1686">
     <span class='ocr_line' id='line_1_64' title="bbox 2497 1615 4069 1686; baseline -0.001 -19"><span class='ocrx_word' id='word_1_415' title='bbox 2497 1623 2575 1669; x_wconf 84' lang='grc' dir='ltr'>ιε’.</span> <span class='ocrx_word' id='word_1_416' title='bbox 2628 1619 2739 1669; x_wconf 71' lang='grc' dir='ltr'><strong>Καὶ</strong></span> <span class='ocrx_word' id='word_1_417' title='bbox 2788 1617 3063 1685; x_wconf 79' lang='grc' dir='ltr'><strong>ἡγεμόνας</strong></span> <span class='ocrx_word' id='word_1_418' title='bbox 3096 1618 3365 1686; x_wconf 81' lang='grc' dir='ltr'>τέσσαρας</span> <span class='ocrx_word' id='word_1_419' title='bbox 3404 1616 3509 1668; x_wconf 82' lang='grc' dir='ltr'>ἀπὸ</span> <span class='ocrx_word' id='word_1_420' title='bbox 3537 1615 3645 1668; x_wconf 83' lang='grc' dir='ltr'><strong>τῶν</strong></span> <span class='ocrx_word' id='word_1_421' title='bbox 3695 1617 3752 1667; x_wconf 84' lang='grc' dir='ltr'><strong>ἐν</strong></span> <span class='ocrx_word' id='word_1_422' title='bbox 3786 1618 4069 1668; x_wconf 88' lang='grc' dir='ltr'>Κωνσταν-</span> 
     </span>
    </p>
   </div>
   <div class='ocr_carea' id='block_1_65' title="bbox 2494 1705 4070 1775">
    <p class='ocr_par' dir='ltr' id='par_1_65' title="bbox 2494 1705 4070 1775">
     <span class='ocr_line' id='line_1_65' title="bbox 2494 1705 4070 1775; baseline -0.003 -16"><span class='ocrx_word' id='word_1_423' title='bbox 2494 1707 2796 1759; x_wconf 82' lang='grc' dir='ltr'>τινουπόλει</span> <span class='ocrx_word' id='word_1_424' title='bbox 2830 1705 3181 1769; x_wconf 78' lang='grc' dir='ltr'>Πατζινάκων</span> <span class='ocrx_word' id='word_1_425' title='bbox 3204 1709 3383 1769; x_wconf 85' lang='grc' dir='ltr'>αὑτοῖς</span> <span class='ocrx_word' id='word_1_426' title='bbox 3416 1708 3738 1775; x_wconf 73' lang='grc' dir='ltr'>ἐπιστήσας,</span> <span class='ocrx_word' id='word_1_427' title='bbox 3775 1711 3867 1759; x_wconf 81' lang='grc' dir='ltr'><strong>τὸν</strong></span> <span class='ocrx_word' id='word_1_428' title='bbox 3903 1707 4070 1760; x_wconf 76' lang='grc' dir='ltr'>Σουλ-</span> 
     </span>
    </p>
   </div>
   <div class='ocr_carea' id='block_1_66' title="bbox 2494 1795 4068 1864">
    <p class='ocr_par' dir='ltr' id='par_1_66' title="bbox 2494 1795 4068 1864">
     <span class='ocr_line' id='line_1_66' title="bbox 2494 1795 4068 1864; baseline 0.002 -19"><span class='ocrx_word' id='word_1_429' title='bbox 2494 1796 2673 1857; x_wconf 78' lang='grc' dir='ltr'>τζοῦν,</span> <span class='ocrx_word' id='word_1_430' title='bbox 2706 1796 2799 1847; x_wconf 79' lang='grc' dir='ltr'>τὸν</span> <span class='ocrx_word' id='word_1_431' title='bbox 2833 1797 3015 1859; x_wconf 83' lang='grc' dir='ltr'>Σελτὲ,</span> <span class='ocrx_word' id='word_1_432' title='bbox 3050 1795 3137 1847; x_wconf 80' lang='grc' dir='ltr'><strong>τὸν</strong></span> <span class='ocrx_word' id='word_1_433' title='bbox 3181 1796 3457 1864; x_wconf 82' lang='grc' dir='ltr'>Καραμᾶν</span> <span class='ocrx_word' id='word_1_434' title='bbox 3507 1796 3720 1849; x_wconf 74' lang='grc' dir='ltr'>καὶτὸν</span> <span class='ocrx_word' id='word_1_435' title='bbox 3762 1796 4068 1864; x_wconf 65' lang='grc' dir='ltr'>Καταλεὶμ,</span> 
     </span>
    </p>
   </div>
   <div class='ocr_carea' id='block_1_67' title="bbox 2492 1884 4071 1956">
    <p class='ocr_par' dir='ltr' id='par_1_67' title="bbox 2492 1884 4071 1956">
     <span class='ocr_line' id='line_1_67' title="bbox 2492 1884 4071 1956; baseline 0.001 -19"><span class='ocrx_word' id='word_1_436' title='bbox 2492 1884 2686 1952; x_wconf 81' lang='grc' dir='ltr'>δώροις</span> <span class='ocrx_word' id='word_1_437' title='bbox 2717 1901 2775 1936; x_wconf 88' lang='grc' dir='ltr'><strong>τε</strong></span> <span class='ocrx_word' id='word_1_438' title='bbox 2804 1884 3297 1952; x_wconf 81' lang='grc' dir='ltr'>φιλοτιμησάμενος</span> <span class='ocrx_word' id='word_1_439' title='bbox 3328 1887 3387 1938; x_wconf 92' lang='grc' dir='ltr'><strong>οὑ</strong></span> <span class='ocrx_word' id='word_1_440' title='bbox 3439 1890 3679 1955; x_wconf 79' lang='grc' dir='ltr'>μικροῖς,</span> <span class='ocrx_word' id='word_1_441' title='bbox 3722 1888 3813 1937; x_wconf 75' lang='grc' dir='ltr'><strong>καὶ</strong></span> <span class='ocrx_word' id='word_1_442' title='bbox 3846 1887 4071 1956; x_wconf 73' lang='grc' dir='ltr'>ἅρματα</span> 
     </span>
    </p>
   </div>
   <div class='ocr_carea' id='block_1_68' title="bbox 2496 1976 4069 2046">
    <p class='ocr_par' dir='ltr' id='par_1_68' title="bbox 2496 1976 4069 2046">
     <span class='ocr_line' id='line_1_68' title="bbox 2496 1976 4069 2046; baseline 0.001 -18"><span class='ocrx_word' id='word_1_443' title='bbox 2496 1976 2755 2028; x_wconf 81' lang='grc' dir='ltr'>κάλλιστα</span> <span class='ocrx_word' id='word_1_444' title='bbox 2808 1976 2929 2038; x_wconf 78' lang='grc' dir='ltr'>δοὺς</span> <span class='ocrx_word' id='word_1_445' title='bbox 2978 1978 3073 2029; x_wconf 71' lang='grc' dir='ltr'><strong>καὶ</strong></span> <span class='ocrx_word' id='word_1_446' title='bbox 3121 1977 3318 2038; x_wconf 81' lang='grc' dir='ltr'>ἵππους</span> <span class='ocrx_word' id='word_1_447' title='bbox 3373 1978 3717 2046; x_wconf 82' lang='grc' dir='ltr'>διαπρεπεῖς,</span> <span class='ocrx_word' id='word_1_448' title='bbox 3761 1982 3979 2046; x_wconf 89' lang='grc' dir='ltr'>περαιοί</span> <span class='ocrx_word' id='word_1_449' title='bbox 4013 1980 4069 2029; x_wconf 81' lang='grc' dir='ltr'>ὲν</span> 
     </span>
    </p>
   </div>
   <div class='ocr_carea' id='block_1_69' title="bbox 2495 2066 4072 2137">
    <p class='ocr_par' dir='ltr' id='par_1_69' title="bbox 2495 2066 4072 2137">
     <span class='ocr_line' id='line_1_69' title="bbox 2495 2066 4072 2137; baseline 0.003 -21"><span class='ocrx_word' id='word_1_450' title='bbox 2495 2066 2899 2134; x_wconf 84' lang='grc' dir='ltr'>Χρυσουπόλει,</span> <span class='ocrx_word' id='word_1_451' title='bbox 2953 2067 3074 2128; x_wconf 76' lang='grc' dir='ltr'>δοὺς</span> <span class='ocrx_word' id='word_1_452' title='bbox 3114 2066 3297 2128; x_wconf 88' lang='grc' dir='ltr'>αὑτοῖς</span> <span class='ocrx_word' id='word_1_453' title='bbox 3344 2067 3537 2135; x_wconf 85' lang='grc' dir='ltr'>ὁδηγὸν</span> <span class='ocrx_word' id='word_1_454' title='bbox 3580 2068 3673 2120; x_wconf 73' lang='grc' dir='ltr'>τὸν</span> <span class='ocrx_word' id='word_1_455' title='bbox 3705 2069 3911 2133; x_wconf 83' lang='grc' dir='ltr'>άπάξαι</span> <span class='ocrx_word' id='word_1_456' title='bbox 3945 2070 4072 2137; x_wconf 84' lang='grc' dir='ltr'><strong>μὲλ-</strong></span> 
     </span>
    </p>
   </div>
   <div class='ocr_carea' id='block_1_70' title="bbox 2494 2156 4071 2227">
    <p class='ocr_par' dir='ltr' id='par_1_70' title="bbox 2494 2156 4071 2227">
     <span class='ocr_line' id='line_1_70' title="bbox 2494 2156 4071 2227; baseline 0.002 -20"><span class='ocrx_word' id='word_1_457' title='bbox 2494 2156 2647 2208; x_wconf 87' lang='grc' dir='ltr'>λοντα</span> <span class='ocrx_word' id='word_1_458' title='bbox 2710 2158 2930 2218; x_wconf 82' lang='grc' dir='ltr'>τούτους</span> <span class='ocrx_word' id='word_1_459' title='bbox 3021 2160 3101 2219; x_wconf 89' lang='grc' dir='ltr'><strong>είς</strong></span> <span class='ocrx_word' id='word_1_460' title='bbox 3189 2156 3429 2227; x_wconf 85' lang='grc' dir='ltr'>Ἰϐηρίαν</span> <span class='ocrx_word' id='word_1_461' title='bbox 3497 2159 3906 2211; x_wconf 80' lang='grc' dir='ltr'>Κωνσταντῑνον</span> <span class='ocrx_word' id='word_1_462' title='bbox 3980 2161 4071 2211; x_wconf 79' lang='grc' dir='ltr'><strong>τδν</strong></span> 
     </span>
    </p>
   </div>
   <div class='ocr_carea' id='block_1_71' title="bbox 2496 2243 4064 2318">
    <p class='ocr_par' dir='ltr' id='par_1_71' title="bbox 2496 2243 4064 2318">
     <span class='ocr_line' id='line_1_71' title="bbox 2496 2243 4064 2318; baseline 0.003 -21"><span class='ocrx_word' id='word_1_463' title='bbox 2496 2248 2804 2315; x_wconf 69' lang='grc' dir='ltr'>πατρίκιον,</span> <span class='ocrx_word' id='word_1_464' title='bbox 2864 2248 2947 2318; x_wconf 74' lang='grc' dir='ltr'><strong>[Ρ.</strong></span> <span class='ocrx_word' id='word_1_465' title='bbox 2984 2249 3105 2318; x_wconf 80' lang='lat'><strong>779]</strong></span> <span class='ocrx_word' id='word_1_466' title='bbox 3145 2243 3189 2316; x_wconf 83' lang='grc' dir='ltr'><strong>ᾧ</strong></span> <span class='ocrx_word' id='word_1_467' title='bbox 3242 2250 3632 2318; x_wconf 82' lang='grc' dir='ltr'>Ἀδροϐάλανος</span> <span class='ocrx_word' id='word_1_468' title='bbox 3660 2251 3721 2302; x_wconf 83' lang='grc' dir='ltr'><strong>τὸ</strong></span> <span class='ocrx_word' id='word_1_469' title='bbox 3755 2251 4064 2318; x_wconf 80' lang='grc' dir='ltr'>ἐπώνυμον.</span> 
     </span>
    </p>
   </div>
   <div class='ocr_carea' id='block_1_72' title="bbox 2502 2337 4073 2409">
    <p class='ocr_par' dir='ltr' id='par_1_72' title="bbox 2502 2337 4073 2409">
     <span class='ocr_line' id='line_1_72' title="bbox 2502 2337 4073 2409; baseline 0.003 -18"><span class='ocrx_word' id='word_1_470' title='bbox 2502 2341 2905 2409; x_wconf 85' lang='grc' dir='ltr'>Περαιωθέντες</span> <span class='ocrx_word' id='word_1_471' title='bbox 2946 2342 3001 2394; x_wconf 76' lang='grc' dir='ltr'><strong>δὲ</strong></span> <span class='ocrx_word' id='word_1_472' title='bbox 3053 2337 3201 2395; x_wconf 71' lang='grc' dir='ltr'>οὗτοι</span> <span class='ocrx_word' id='word_1_473' title='bbox 3242 2343 3337 2395; x_wconf 73' lang='grc' dir='ltr'>καὶ</span> <span class='ocrx_word' id='word_1_474' title='bbox 3372 2344 3497 2404; x_wconf 82' lang='grc' dir='ltr'>τοὺς</span> <span class='ocrx_word' id='word_1_475' title='bbox 3530 2344 3733 2405; x_wconf 83' lang='grc' dir='ltr'>ἵππους</span> <span class='ocrx_word' id='word_1_476' title='bbox 3772 2345 4073 2406; x_wconf 81' lang='grc' dir='ltr'>ἀναϐάντες</span> 
     </span>
    </p>
   </div>
   <div class='ocr_carea' id='block_1_73' title="bbox 2503 2431 4072 2502">
    <p class='ocr_par' dir='ltr' id='par_1_73' title="bbox 2503 2431 4072 2502">
     <span class='ocr_line' id='line_1_73' title="bbox 2503 2431 4072 2502; baseline 0.002 -19"><span class='ocrx_word' id='word_1_477' title='bbox 2503 2432 2596 2483; x_wconf 69' lang='grc' dir='ltr'><strong>καὶ</strong></span> <span class='ocrx_word' id='word_1_478' title='bbox 2644 2431 2743 2497; x_wconf 75' lang='grc' dir='ltr'>τῆς</span> <span class='ocrx_word' id='word_1_479' title='bbox 2791 2433 2927 2501; x_wconf 84' lang='grc' dir='ltr'>πρὸς</span> <span class='ocrx_word' id='word_1_480' title='bbox 2982 2433 3273 2502; x_wconf 83' lang='grc' dir='ltr'>Ἀνατολὴν</span> <span class='ocrx_word' id='word_1_481' title='bbox 3331 2434 3603 2501; x_wconf 75' lang='grc' dir='ltr'>φερούσης</span> <span class='ocrx_word' id='word_1_482' title='bbox 3661 2435 3929 2502; x_wconf 59' lang='grc' dir='ltr'>ἁψάμενοι</span> <span class='ocrx_word' id='word_1_483' title='bbox 3978 2438 4072 2487; x_wconf 77' lang='grc' dir='ltr'><strong>καὶ</strong></span> 
     </span>
    </p>
   </div>
   <div class='ocr_carea' id='block_1_74' title="bbox 2504 2522 4075 2594">
    <p class='ocr_par' dir='ltr' id='par_1_74' title="bbox 2504 2522 4075 2594">
     <span class='ocr_line' id='line_1_74' title="bbox 2504 2522 4075 2594; baseline 0.001 -20"><span class='ocrx_word' id='word_1_484' title='bbox 2504 2522 2860 2591; x_wconf 77' lang='grc' dir='ltr'>προελθόντες</span> <span class='ocrx_word' id='word_1_485' title='bbox 2912 2525 3039 2591; x_wconf 81' lang='grc' dir='ltr'>ἄχρι</span> <span class='ocrx_word' id='word_1_486' title='bbox 3095 2524 3287 2590; x_wconf 78' lang='grc' dir='ltr'>μιλίων</span> <span class='ocrx_word' id='word_1_487' title='bbox 3328 2524 3491 2576; x_wconf 86' lang='grc' dir='ltr'>τινῶν</span> <span class='ocrx_word' id='word_1_488' title='bbox 3543 2528 3637 2577; x_wconf 74' lang='grc' dir='ltr'><strong>καὶ</strong></span> <span class='ocrx_word' id='word_1_489' title='bbox 3673 2525 3749 2594; x_wconf 79' lang='grc' dir='ltr'>τῷ</span> <span class='ocrx_word' id='word_1_490' title='bbox 3796 2526 4075 2593; x_wconf 82' lang='grc' dir='ltr'>λεγομένῳ</span> 
     </span>
    </p>
   </div>
   <div class='ocr_carea' id='block_1_75' title="bbox 2502 2613 4076 2685">
    <p class='ocr_par' dir='ltr' id='par_1_75' title="bbox 2502 2613 4076 2685">
     <span class='ocr_line' id='line_1_75' title="bbox 2502 2613 4076 2685; baseline 0.001 -20"><span class='ocrx_word' id='word_1_491' title='bbox 2502 2613 2787 2682; x_wconf 81' lang='grc' dir='ltr'>Δαματρύῐ</span> <span class='ocrx_word' id='word_1_492' title='bbox 2817 2615 3281 2683; x_wconf 87' lang='grc' dir='ltr'>προσεγγίσαντες</span> <span class='ocrx_word' id='word_1_493' title='bbox 3306 2615 3540 2683; x_wconf 82' lang='grc' dir='ltr'>ἐπέσχον</span> <span class='ocrx_word' id='word_1_494' title='bbox 3570 2616 3668 2685; x_wconf 84' lang='grc' dir='ltr'>τὴν</span> <span class='ocrx_word' id='word_1_495' title='bbox 3698 2617 3946 2681; x_wconf 77' lang='grc' dir='ltr'>πορείαν,</span> <span class='ocrx_word' id='word_1_496' title='bbox 3984 2616 4076 2668; x_wconf 81' lang='grc' dir='ltr'>καὶ</span> 
     </span>
    </p>
   </div>
   <div class='ocr_carea' id='block_1_76' title="bbox 2505 2706 4077 2776">
    <p class='ocr_par' dir='ltr' id='par_1_76' title="bbox 2505 2706 4077 2776">
     <span class='ocr_line' id='line_1_76' title="bbox 2505 2706 4077 2776; baseline 0.002 -20"><span class='ocrx_word' id='word_1_497' title='bbox 2505 2706 2725 2768; x_wconf 82' lang='grc' dir='ltr'>στάντες</span> <span class='ocrx_word' id='word_1_498' title='bbox 2768 2706 2860 2756; x_wconf 77' lang='grc' dir='ltr'><strong>ἐπὶ</strong></span> <span class='ocrx_word' id='word_1_499' title='bbox 2896 2706 2994 2773; x_wconf 77' lang='grc' dir='ltr'>τῆς</span> <span class='ocrx_word' id='word_1_500' title='bbox 3032 2706 3151 2758; x_wconf 80' lang='grc' dir='ltr'>ὁδοῦ</span> <span class='ocrx_word' id='word_1_501' title='bbox 3196 2706 3506 2776; x_wconf 75' lang='grc' dir='ltr'>συμϐουλὴν</span> <span class='ocrx_word' id='word_1_502' title='bbox 3543 2707 3917 2775; x_wconf 85' lang='grc' dir='ltr'>προετίθεσαν,</span> <span class='ocrx_word' id='word_1_503' title='bbox 3958 2710 4077 2776; x_wconf 73' lang='grc' dir='ltr'>ἣτις</span> 
     </span>
    </p>
   </div>
   <div class='ocr_carea' id='block_1_77' title="bbox 2504 2797 4076 2867">
    <p class='ocr_par' dir='ltr' id='par_1_77' title="bbox 2504 2797 4076 2867">
     <span class='ocr_line' id='line_1_77' title="bbox 2504 2797 4076 2867; baseline 0.001 -17"><span class='ocrx_word' id='word_1_504' title='bbox 2504 2800 2632 2866; x_wconf 87' lang='grc' dir='ltr'>παρ’</span> <span class='ocrx_word' id='word_1_505' title='bbox 2699 2800 2879 2861; x_wconf 83' lang='grc' dir='ltr'>αὑτοῖς</span> <span class='ocrx_word' id='word_1_506' title='bbox 2932 2800 3190 2867; x_wconf 82' lang='grc' dir='ltr'>κομέντον</span> <span class='ocrx_word' id='word_1_507' title='bbox 3247 2800 3581 2867; x_wconf 86' lang='grc' dir='ltr'>ὠνόμασται.</span> <span class='ocrx_word' id='word_1_508' title='bbox 3658 2800 3781 2851; x_wconf 76' lang='grc' dir='ltr'>Τισὶ</span> <span class='ocrx_word' id='word_1_509' title='bbox 3836 2802 3932 2867; x_wconf 80' lang='grc' dir='ltr'><strong>μὲν</strong></span> <span class='ocrx_word' id='word_1_510' title='bbox 3986 2797 4076 2852; x_wconf 77' lang='grc' dir='ltr'><strong>οὖν</strong></span> 
     </span>
    </p>
   </div>
   <div class='ocr_carea' id='block_1_78' title="bbox 2503 2886 4073 2959">
    <p class='ocr_par' dir='ltr' id='par_1_78' title="bbox 2503 2886 4073 2959">
     <span class='ocr_line' id='line_1_78' title="bbox 2503 2886 4073 2959; baseline 0.003 -20"><span class='ocrx_word' id='word_1_511' title='bbox 2503 2890 2675 2940; x_wconf 76' lang='grc' dir='ltr'>ἐδόκει</span> <span class='ocrx_word' id='word_1_512' title='bbox 2718 2888 2982 2955; x_wconf 79' lang='grc' dir='ltr'>πορευτέα</span> <span class='ocrx_word' id='word_1_513' title='bbox 3030 2886 3169 2941; x_wconf 81' lang='grc' dir='ltr'>εἶναι</span> <span class='ocrx_word' id='word_1_514' title='bbox 3221 2892 3314 2941; x_wconf 75' lang='grc' dir='ltr'><strong>καὶ</strong></span> <span class='ocrx_word' id='word_1_515' title='bbox 3358 2890 3434 2959; x_wconf 83' lang='grc' dir='ltr'>μὴ</span> <span class='ocrx_word' id='word_1_516' title='bbox 3478 2891 3808 2942; x_wconf 80' lang='grc' dir='ltr'>ἀντιϐαίνειν</span> <span class='ocrx_word' id='word_1_517' title='bbox 3845 2892 3938 2943; x_wconf 73' lang='grc' dir='ltr'><strong>ἐπὶ</strong></span> <span class='ocrx_word' id='word_1_518' title='bbox 3975 2892 4073 2959; x_wconf 80' lang='grc' dir='ltr'><strong>τῆς</strong></span> 
     </span>
    </p>
   </div>
   <div class='ocr_carea' id='block_1_79' title="bbox 2504 2980 4073 3051">
    <p class='ocr_par' dir='ltr' id='par_1_79' title="bbox 2504 2980 4073 3051">
     <span class='ocr_line' id='line_1_79' title="bbox 2504 2980 4073 3051; baseline 0.002 -21"><span class='ocrx_word' id='word_1_519' title='bbox 2504 2980 2685 3048; x_wconf 78' lang='grc' dir='ltr'>χώρας</span> <span class='ocrx_word' id='word_1_520' title='bbox 2730 2980 2821 3031; x_wconf 75' lang='grc' dir='ltr'>τοῦ</span> <span class='ocrx_word' id='word_1_521' title='bbox 2864 2980 3127 3049; x_wconf 81' lang='grc' dir='ltr'>βασιλέως</span> <span class='ocrx_word' id='word_1_522' title='bbox 3179 2982 3290 3042; x_wconf 87' lang='grc' dir='ltr'>τοῖς</span> <span class='ocrx_word' id='word_1_523' title='bbox 3338 2980 3637 3049; x_wconf 83' lang='grc' dir='ltr'>βασιλικοῖς</span> <span class='ocrx_word' id='word_1_524' title='bbox 3670 2984 4073 3051; x_wconf 77' lang='grc' dir='ltr'>προστάγμασι,</span> 
     </span>
    </p>
   </div>
   <div class='ocr_carea' id='block_1_80' title="bbox 2502 3067 4075 3143">
    <p class='ocr_par' dir='ltr' id='par_1_80' title="bbox 2502 3067 4075 3143">
     <span class='ocr_line' id='line_1_80' title="bbox 2502 3067 4075 3143; baseline 0.005 -24"><span class='ocrx_word' id='word_1_525' title='bbox 2502 3067 2593 3119; x_wconf 72' lang='grc' dir='ltr'>τοῦ</span> <span class='ocrx_word' id='word_1_526' title='bbox 2629 3086 2685 3119; x_wconf 91' lang='grc' dir='ltr'><strong>τε</strong></span> <span class='ocrx_word' id='word_1_527' title='bbox 2719 3068 2906 3121; x_wconf 88' lang='grc' dir='ltr'>λοιποῦ</span> <span class='ocrx_word' id='word_1_528' title='bbox 2942 3069 3127 3131; x_wconf 78' lang='grc' dir='ltr'>ἔθνους</span> <span class='ocrx_word' id='word_1_529' title='bbox 3172 3071 3592 3141; x_wconf 76' lang='grc' dir='ltr'>κεχωρισμένοις</span> <span class='ocrx_word' id='word_1_530' title='bbox 3642 3074 3736 3124; x_wconf 74' lang='grc' dir='ltr'><strong>καὶ</strong></span> <span class='ocrx_word' id='word_1_531' title='bbox 3776 3074 3917 3143; x_wconf 84' lang='grc' dir='ltr'>μήτε</span> <span class='ocrx_word' id='word_1_532' title='bbox 3953 3074 4075 3127; x_wconf 77' lang='grc' dir='ltr'>καθ’</span> 
     </span>
    </p>
   </div>
   <div class='ocr_carea' id='block_1_81' title="bbox 2503 3161 4079 3236">
    <p class='ocr_par' dir='ltr' id='par_1_81' title="bbox 2503 3161 4079 3236">
     <span class='ocr_line' id='line_1_81' title="bbox 2503 3161 4079 3236; baseline 0.004 -25"><span class='ocrx_word' id='word_1_533' title='bbox 2503 3161 2728 3222; x_wconf 71' lang='grc' dir='ltr'>ἑαυτοὺς</span> <span class='ocrx_word' id='word_1_534' title='bbox 2810 3162 3109 3228; x_wconf 74' lang='grc' dir='ltr'>ὑποστῆναι</span> <span class='ocrx_word' id='word_1_535' title='bbox 3184 3163 3502 3231; x_wconf 85' lang='grc' dir='ltr'>δυναμένοις</span> <span class='ocrx_word' id='word_1_536' title='bbox 3574 3164 3672 3235; x_wconf 81' lang='grc' dir='ltr'><strong>τὴν</strong></span> <span class='ocrx_word' id='word_1_537' title='bbox 3758 3166 4079 3236; x_wconf 80' lang='grc' dir='ltr'>Ῥωμαϊκὴν</span> 
     </span>
    </p>
   </div>
   <div class='ocr_carea' id='block_1_82' title="bbox 2503 3252 4079 3326">
    <p class='ocr_par' dir='ltr' id='par_1_82' title="bbox 2503 3252 4079 3326">
     <span class='ocr_line' id='line_1_82' title="bbox 2503 3252 4079 3326; baseline 0.003 -21"><span class='ocrx_word' id='word_1_538' title='bbox 2503 3252 2736 3321; x_wconf 77' lang='grc' dir='ltr'>δύναμιν</span> <span class='ocrx_word' id='word_1_539' title='bbox 2776 3254 2911 3321; x_wconf 79' lang='grc' dir='ltr'>μήτε</span> <span class='ocrx_word' id='word_1_540' title='bbox 2951 3256 3288 3323; x_wconf 72' lang='grc' dir='ltr'>ὁρμητήριον</span> <span class='ocrx_word' id='word_1_541' title='bbox 3320 3255 3499 3323; x_wconf 77' lang='grc' dir='ltr'>έχουσι</span> <span class='ocrx_word' id='word_1_542' title='bbox 3530 3257 3661 3326; x_wconf 78' lang='grc' dir='ltr'>πρὸς</span> <span class='ocrx_word' id='word_1_543' title='bbox 3691 3258 3758 3308; x_wconf 78' lang='grc' dir='ltr'><strong>τά</strong></span> <span class='ocrx_word' id='word_1_544' title='bbox 3786 3258 3883 3324; x_wconf 85' lang='grc' dir='ltr'>τῆς</span> <span class='ocrx_word' id='word_1_545' title='bbox 3912 3257 4079 3326; x_wconf 80' lang='grc' dir='ltr'>τύχης</span> 
     </span>
    </p>
   </div>
   <div class='ocr_carea' id='block_1_83' title="bbox 2502 3344 4076 3418">
    <p class='ocr_par' dir='ltr' id='par_1_83' title="bbox 2502 3344 4076 3418">
     <span class='ocr_line' id='line_1_83' title="bbox 2502 3344 4076 3418; baseline 0.003 -24"><span class='ocrx_word' id='word_1_546' title='bbox 2502 3344 2814 3413; x_wconf 87' lang='grc' dir='ltr'>ἀϐούλητα·</span> <span class='ocrx_word' id='word_1_547' title='bbox 2856 3344 3033 3407; x_wconf 83' lang='grc' dir='ltr'>ἄλλοις</span> <span class='ocrx_word' id='word_1_548' title='bbox 3092 3345 3250 3396; x_wconf 86' lang='grc' dir='ltr'>πάλιν</span> <span class='ocrx_word' id='word_1_549' title='bbox 3313 3347 3510 3410; x_wconf 76' lang='grc' dir='ltr'>ἐδόκει,</span> <span class='ocrx_word' id='word_1_550' title='bbox 3556 3348 3923 3417; x_wconf 84' lang='grc' dir='ltr'>κατασχοῦσιν</span> <span class='ocrx_word' id='word_1_551' title='bbox 3975 3349 4076 3418; x_wconf 72' lang='grc' dir='ltr'>ὅρη</span> 
     </span>
    </p>
   </div>
   <div class='ocr_carea' id='block_1_84' title="bbox 2504 3435 4077 3507">
    <p class='ocr_par' dir='ltr' id='par_1_84' title="bbox 2504 3435 4077 3507">
     <span class='ocr_line' id='line_1_84' title="bbox 2504 3435 4077 3507; baseline 0.003 -20"><span class='ocrx_word' id='word_1_552' title='bbox 2504 3435 2624 3487; x_wconf 68' lang='grc' dir='ltr'>τινὰ</span> <span class='ocrx_word' id='word_1_553' title='bbox 2655 3436 2753 3503; x_wconf 76' lang='grc' dir='ltr'>τῆς</span> <span class='ocrx_word' id='word_1_554' title='bbox 2794 3436 3064 3499; x_wconf 78' lang='grc' dir='ltr'>Βιθυνίας,</span> <span class='ocrx_word' id='word_1_555' title='bbox 3115 3437 3170 3488; x_wconf 83' lang='grc' dir='ltr'><strong>ἐν</strong></span> <span class='ocrx_word' id='word_1_556' title='bbox 3205 3436 3414 3499; x_wconf 87' lang='grc' dir='ltr'>τούτοις</span> <span class='ocrx_word' id='word_1_557' title='bbox 3445 3440 3786 3507; x_wconf 86' lang='grc' dir='ltr'>παραμένειν</span> <span class='ocrx_word' id='word_1_558' title='bbox 3822 3441 3915 3491; x_wconf 75' lang='grc' dir='ltr'><strong>καὶ</strong></span> <span class='ocrx_word' id='word_1_559' title='bbox 3954 3442 4077 3500; x_wconf 69' lang='grc' dir='ltr'>τοὺς</span> 
     </span>
    </p>
   </div>
   <div class='ocr_carea' id='block_1_85' title="bbox 2504 3529 4079 3601">
    <p class='ocr_par' dir='ltr' id='par_1_85' title="bbox 2504 3529 4079 3601">
     <span class='ocr_line' id='line_1_85' title="bbox 2504 3529 4079 3601; baseline 0.003 -21"><span class='ocrx_word' id='word_1_560' title='bbox 2504 3529 2755 3587; x_wconf 80' lang='grc' dir='ltr'>ἐπιόντας</span> <span class='ocrx_word' id='word_1_561' title='bbox 2819 3529 3177 3597; x_wconf 85' lang='grc' dir='ltr'>ἀμύνασθαι,</span> <span class='ocrx_word' id='word_1_562' title='bbox 3248 3530 3489 3582; x_wconf 80' lang='grc' dir='ltr'>ἀνελθεῖν</span> <span class='ocrx_word' id='word_1_563' title='bbox 3548 3532 3601 3583; x_wconf 86' lang='grc' dir='ltr'>δὲ</span> <span class='ocrx_word' id='word_1_564' title='bbox 3665 3532 3928 3601; x_wconf 82' lang='grc' dir='ltr'>μηδαμῶς</span> <span class='ocrx_word' id='word_1_565' title='bbox 4001 3535 4079 3594; x_wconf 87' lang='grc' dir='ltr'><strong>είς</strong></span> 
     </span>
    </p>
   </div>
   <div class='ocr_carea' id='block_1_86' title="bbox 2428 3623 4077 3703">
    <p class='ocr_par' dir='ltr' id='par_1_86' title="bbox 2428 3623 4077 3703">
     <span class='ocr_line' id='line_1_86' title="bbox 2428 3623 4077 3703; baseline 0.001 -27"><span class='ocrx_word' id='word_1_566' title='bbox 2428 3641 2472 3703; x_wconf 76' lang='lat' dir='ltr'>C</span> <span class='ocrx_word' id='word_1_567' title='bbox 2519 3624 2782 3691; x_wconf 80' lang='grc' dir='ltr'>Ἰϐηρίαν,</span> <span class='ocrx_word' id='word_1_568' title='bbox 2833 3626 2887 3685; x_wconf 78' lang='grc' dir='ltr'><strong>ἐς</strong></span> <span class='ocrx_word' id='word_1_569' title='bbox 2926 3623 3111 3693; x_wconf 88' lang='grc' dir='ltr'>χώραν</span> <span class='ocrx_word' id='word_1_570' title='bbox 3158 3626 3376 3692; x_wconf 74' lang='grc' dir='ltr'>μακράν</span> <span class='ocrx_word' id='word_1_571' title='bbox 3428 3626 3521 3677; x_wconf 75' lang='grc' dir='ltr'>καὶ</span> <span class='ocrx_word' id='word_1_572' title='bbox 3573 3626 3882 3691; x_wconf 84' lang='grc' dir='ltr'>ἀλλόκοτον,</span> <span class='ocrx_word' id='word_1_573' title='bbox 3948 3625 4077 3678; x_wconf 77' lang='grc' dir='ltr'>ἔνθα</span> 
     </span>
    </p>
   </div>
   <div class='ocr_carea' id='block_1_87' title="bbox 2510 3714 4077 3786">
    <p class='ocr_par' dir='ltr' id='par_1_87' title="bbox 2510 3714 4077 3786">
     <span class='ocr_line' id='line_1_87' title="bbox 2510 3714 4077 3786; baseline 0.003 -20"><span class='ocrx_word' id='word_1_574' title='bbox 2510 3716 2790 3785; x_wconf 78' lang='grc' dir='ltr'>μέλλουσιν</span> <span class='ocrx_word' id='word_1_575' title='bbox 2831 3714 2975 3780; x_wconf 73' lang='grc' dir='ltr'>ἕξειν</span> <span class='ocrx_word' id='word_1_576' title='bbox 3029 3715 3323 3782; x_wconf 83' lang='grc' dir='ltr'>πολεμίους</span> <span class='ocrx_word' id='word_1_577' title='bbox 3374 3716 3432 3767; x_wconf 92' lang='grc' dir='ltr'><strong>οὑ</strong></span> <span class='ocrx_word' id='word_1_578' title='bbox 3488 3717 3648 3785; x_wconf 87' lang='grc' dir='ltr'>μόνον</span> <span class='ocrx_word' id='word_1_579' title='bbox 3681 3718 3807 3778; x_wconf 72' lang='grc' dir='ltr'>τοὺς</span> <span class='ocrx_word' id='word_1_580' title='bbox 3847 3717 4077 3786; x_wconf 76' lang='grc' dir='ltr'>ἐχθροὺς</span> 
     </span>
    </p>
   </div>
   <div class='ocr_carea' id='block_1_88' title="bbox 2524 3808 4073 3879">
    <p class='ocr_par' dir='ltr' id='par_1_88' title="bbox 2524 3808 4073 3879">
     <span class='ocr_line' id='line_1_88' title="bbox 2524 3808 4073 3879; baseline 0.001 -19"><span class='ocrx_word' id='word_1_581' title='bbox 2524 3808 2833 3877; x_wconf 77' lang='grc' dir='ltr'>Ῥωμαῖων,</span> <span class='ocrx_word' id='word_1_582' title='bbox 2868 3808 3006 3860; x_wconf 74' lang='grc' dir='ltr'>ἀλλὰ</span> <span class='ocrx_word' id='word_1_583' title='bbox 3057 3810 3148 3861; x_wconf 75' lang='grc' dir='ltr'><strong>καὶ</strong></span> <span class='ocrx_word' id='word_1_584' title='bbox 3188 3808 3381 3870; x_wconf 76' lang='grc' dir='ltr'>αὑτοὺς</span> <span class='ocrx_word' id='word_1_585' title='bbox 3431 3809 3557 3870; x_wconf 87' lang='grc' dir='ltr'>τοὺς</span> <span class='ocrx_word' id='word_1_586' title='bbox 3618 3809 3940 3879; x_wconf 76' lang='grc' dir='ltr'>Ῥωμαίους.</span> <span class='ocrx_word' id='word_1_587' title='bbox 4015 3810 4073 3862; x_wconf 84' lang='grc' dir='ltr'><strong>Ὀ</strong></span> 
     </span>
    </p>
   </div>
   <div class='ocr_carea' id='block_1_89' title="bbox 2508 3899 4080 3971">
    <p class='ocr_par' dir='ltr' id='par_1_89' title="bbox 2508 3899 4080 3971">
     <span class='ocr_line' id='line_1_89' title="bbox 2508 3899 4080 3971; baseline 0.001 -19"><span class='ocrx_word' id='word_1_588' title='bbox 2508 3901 2788 3969; x_wconf 75' lang='grc' dir='ltr'>Καταλεὶμ</span> <span class='ocrx_word' id='word_1_589' title='bbox 2840 3901 2894 3952; x_wconf 81' lang='grc' dir='ltr'><strong>δὲ</strong></span> <span class='ocrx_word' id='word_1_590' title='bbox 2931 3899 3090 3969; x_wconf 83' lang='grc' dir='ltr'>μόνος</span> <span class='ocrx_word' id='word_1_591' title='bbox 3139 3900 3365 3969; x_wconf 81' lang='grc' dir='ltr'>γνώμην</span> <span class='ocrx_word' id='word_1_592' title='bbox 3400 3900 3569 3952; x_wconf 80' lang='grc' dir='ltr'>ἐδίδου</span> <span class='ocrx_word' id='word_1_593' title='bbox 3606 3902 3949 3971; x_wconf 80' lang='grc' dir='ltr'>ὑποστρέψαι</span> <span class='ocrx_word' id='word_1_594' title='bbox 3986 3904 4080 3954; x_wconf 78' lang='grc' dir='ltr'><strong>καὶ</strong></span> 
     </span>
    </p>
   </div>
   <div class='ocr_carea' id='block_1_90' title="bbox 2505 3991 4073 4062">
    <p class='ocr_par' dir='ltr' id='par_1_90' title="bbox 2505 3991 4073 4062">
     <span class='ocr_line' id='line_1_90' title="bbox 2505 3991 4073 4062; baseline -0.001 -17"><span class='ocrx_word' id='word_1_595' title='bbox 2505 3993 2770 4062; x_wconf 81' lang='grc' dir='ltr'>ἑνωθῆναι</span> <span class='ocrx_word' id='word_1_596' title='bbox 2828 3995 2939 4053; x_wconf 85' lang='grc' dir='ltr'>τοῖς</span> <span class='ocrx_word' id='word_1_597' title='bbox 3012 3991 3351 4058; x_wconf 78' lang='grc' dir='ltr'>συγγενέσιν.</span> <span class='ocrx_word' id='word_1_598' title='bbox 3440 3992 3697 4055; x_wconf 86' lang='grc' dir='ltr'>Εἰπόντος</span> <span class='ocrx_word' id='word_1_599' title='bbox 3761 3992 3816 4044; x_wconf 86' lang='grc' dir='ltr'><strong>δέ</strong></span> <span class='ocrx_word' id='word_1_600' title='bbox 3886 4008 4073 4053; x_wconf 75' lang='grc' dir='ltr'>τινοςο</span> 
     </span>
    </p>
   </div>
   <div class='ocr_carea' id='block_1_91' title="bbox 2514 4084 4078 4153">
    <p class='ocr_par' dir='ltr' id='par_1_91' title="bbox 2514 4084 4078 4153">
     <span class='ocr_line' id='line_1_91' title="bbox 2514 4084 4078 4153; baseline -0.003 -15"><span class='ocrx_word' id='word_1_601' title='bbox 2514 4107 2531 4138; x_wconf 76' lang='grc' dir='ltr'><strong>ι</strong></span> <span class='ocrx_word' id='word_1_602' title='bbox 2562 4088 2670 4138; x_wconf 75' lang='grc' dir='ltr'><strong>Καὶ</strong></span> <span class='ocrx_word' id='word_1_603' title='bbox 2722 4084 2838 4148; x_wconf 82' lang='grc' dir='ltr'>πῶς</span> <span class='ocrx_word' id='word_1_604' title='bbox 2888 4084 2955 4138; x_wconf 87' lang='grc' dir='ltr'><strong>ἂν</strong></span> <span class='ocrx_word' id='word_1_605' title='bbox 3004 4084 3187 4137; x_wconf 76' lang='grc' dir='ltr'>ἔσεται</span> <span class='ocrx_word' id='word_1_606' title='bbox 3220 4084 3430 4153; x_wconf 79' lang='grc' dir='ltr'>περατὴ</span> <span class='ocrx_word' id='word_1_607' title='bbox 3459 4085 3495 4153; x_wconf 84' lang='grc' dir='ltr'>ή</span> <span class='ocrx_word' id='word_1_608' title='bbox 3530 4084 3804 4149; x_wconf 78' lang='grc' dir='ltr'>θάλασσα;</span> <span class='ocrx_word' id='word_1_609' title='bbox 3845 4104 3861 4134; x_wconf 76' lang='grc' dir='ltr'><strong>ι</strong></span> <span class='ocrx_word' id='word_1_610' title='bbox 3912 4084 4078 4152; x_wconf 83' lang='grc' dir='ltr'>μηδὲν</span> 
     </span>
    </p>
   </div>
   <div class='ocr_carea' id='block_1_92' title="bbox 2507 4172 4076 4245">
    <p class='ocr_par' dir='ltr' id='par_1_92' title="bbox 2507 4172 4076 4245">
     <span class='ocr_line' id='line_1_92' title="bbox 2507 4172 4076 4245; baseline -0.002 -15"><span class='ocrx_word' id='word_1_611' title='bbox 2507 4178 2667 4230; x_wconf 83' lang='grc' dir='ltr'>πλέον</span> <span class='ocrx_word' id='word_1_612' title='bbox 2734 4176 2903 4231; x_wconf 80' lang='grc' dir='ltr'>εἰπὼν</span> <span class='ocrx_word' id='word_1_613' title='bbox 2968 4174 3195 4230; x_wconf 79' lang='grc' dir='ltr'>ἕπεσθαί</span> <span class='ocrx_word' id='word_1_614' title='bbox 3252 4177 3301 4227; x_wconf 83' lang='grc' dir='ltr'>οἱ</span> <span class='ocrx_word' id='word_1_615' title='bbox 3360 4177 3594 4231; x_wconf 80' lang='grc' dir='ltr'>κελεύει.</span> <span class='ocrx_word' id='word_1_616' title='bbox 3667 4178 3773 4231; x_wconf 89' lang='grc' dir='ltr'>Τὸν</span> <span class='ocrx_word' id='word_1_617' title='bbox 3827 4179 3923 4245; x_wconf 85' lang='grc' dir='ltr'><strong>μὲν</strong></span> <span class='ocrx_word' id='word_1_618' title='bbox 3984 4172 4076 4229; x_wconf 82' lang='grc' dir='ltr'>οὖν</span> 
     </span>
    </p>
   </div>
   <div class='ocr_carea' id='block_1_93' title="bbox 2516 4267 4075 4337">
    <p class='ocr_par' dir='ltr' id='par_1_93' title="bbox 2516 4267 4075 4337">
     <span class='ocr_line' id='line_1_93' title="bbox 2516 4267 4075 4337; baseline -0.003 -18"><span class='ocrx_word' id='word_1_619' title='bbox 2516 4267 2901 4337; x_wconf 81' lang='grc' dir='ltr'>Ἀδροϐάλανον</span> <span class='ocrx_word' id='word_1_620' title='bbox 2942 4268 3283 4335; x_wconf 82' lang='grc' dir='ltr'>ὁρμήσαντες</span> <span class='ocrx_word' id='word_1_621' title='bbox 3322 4270 3638 4321; x_wconf 77' lang='grc' dir='ltr'>ἀποκτεῖναι</span> <span class='ocrx_word' id='word_1_622' title='bbox 3692 4269 3795 4318; x_wconf 68' lang='grc' dir='ltr'>οὐκ</span> <span class='ocrx_word' id='word_1_623' title='bbox 3852 4267 4075 4333; x_wconf 82' lang='grc' dir='ltr'>ἴσχυσαν</span> 
     </span>
    </p>
   </div>
   <div class='ocr_carea' id='block_1_94' title="bbox 2508 4357 4075 4429">
    <p class='ocr_par' dir='ltr' id='par_1_94' title="bbox 2508 4357 4075 4429">
     <span class='ocr_line' id='line_1_94' title="bbox 2508 4357 4075 4429; baseline -0.003 -19"><span class='ocrx_word' id='word_1_624' title='bbox 2508 4360 2715 4426; x_wconf 78' lang='grc' dir='ltr'>(φυγὼν</span> <span class='ocrx_word' id='word_1_625' title='bbox 2743 4358 2851 4427; x_wconf 74' lang='grc' dir='ltr'><strong>γὰρ</strong></span> <span class='ocrx_word' id='word_1_626' title='bbox 2878 4359 3108 4427; x_wconf 86' lang='grc' dir='ltr'>διεσώθη</span> <span class='ocrx_word' id='word_1_627' title='bbox 3144 4360 3200 4412; x_wconf 78' lang='grc' dir='ltr'>ἐν</span> <span class='ocrx_word' id='word_1_628' title='bbox 3239 4378 3347 4412; x_wconf 89' lang='grc' dir='ltr'>τινι</span> <span class='ocrx_word' id='word_1_629' title='bbox 3377 4360 3667 4429; x_wconf 55' lang='grc' dir='ltr'>τριωρόῳῳ</span> <span class='ocrx_word' id='word_1_630' title='bbox 3697 4357 3929 4426; x_wconf 74' lang='grc' dir='ltr'>ὑπερῴῳ</span> <span class='ocrx_word' id='word_1_631' title='bbox 3968 4358 4075 4408; x_wconf 83' lang='grc' dir='ltr'><strong>τῶν</strong></span> 
     </span>
    </p>
   </div>
   <div class='ocr_carea' id='block_1_95' title="bbox 2507 4445 4080 4517">
    <p class='ocr_par' dir='ltr' id='par_1_95' title="bbox 2507 4445 4080 4517">
     <span class='ocr_line' id='line_1_95' title="bbox 2507 4445 4080 4517; baseline -0.003 -18"><span class='ocrx_word' id='word_1_632' title='bbox 2507 4450 2563 4499; x_wconf 79' lang='grc' dir='ltr'>ὲν</span> <span class='ocrx_word' id='word_1_633' title='bbox 2606 4446 2679 4515; x_wconf 84' lang='grc' dir='ltr'>τῷ</span> <span class='ocrx_word' id='word_1_634' title='bbox 2721 4445 3004 4514; x_wconf 82' lang='grc' dir='ltr'>Δαματρύῖ</span> <span class='ocrx_word' id='word_1_635' title='bbox 3057 4448 3380 4517; x_wconf 78' lang='grc' dir='ltr'>παλατίων),</span> <span class='ocrx_word' id='word_1_636' title='bbox 3439 4448 3515 4515; x_wconf 87' lang='grc' dir='ltr'>τῷ</span> <span class='ocrx_word' id='word_1_637' title='bbox 3565 4447 3847 4513; x_wconf 75' lang='grc' dir='ltr'>Καταλεὶμ</span> <span class='ocrx_word' id='word_1_638' title='bbox 3876 4445 3928 4497; x_wconf 83' lang='grc' dir='ltr'>δὲ</span> <span class='ocrx_word' id='word_1_639' title='bbox 3953 4446 4080 4496; x_wconf 72' lang='grc' dir='ltr'>ἑποο</span> 
     </span>
    </p>
   </div>
   <div class='ocr_carea' id='block_1_96' title="bbox 2510 4533 4075 4606">
    <p class='ocr_par' dir='ltr' id='par_1_96' title="bbox 2510 4533 4075 4606">
     <span class='ocr_line' id='line_1_96' title="bbox 2510 4533 4075 4606; baseline -0.004 -18"><span class='ocrx_word' id='word_1_640' title='bbox 2510 4553 2659 4605; x_wconf 87' lang='grc' dir='ltr'>μενοι</span> <span class='ocrx_word' id='word_1_641' title='bbox 2700 4537 3036 4604; x_wconf 78' lang='grc' dir='ltr'>κατήρχοντο</span> <span class='ocrx_word' id='word_1_642' title='bbox 3090 4536 3224 4606; x_wconf 66' lang='grc' dir='ltr'>πρὸς</span> <span class='ocrx_word' id='word_1_643' title='bbox 3278 4536 3377 4605; x_wconf 81' lang='grc' dir='ltr'>τὴν</span> <span class='ocrx_word' id='word_1_644' title='bbox 3422 4535 3717 4599; x_wconf 82' lang='grc' dir='ltr'>θάλασσαν,</span> <span class='ocrx_word' id='word_1_645' title='bbox 3768 4536 3867 4584; x_wconf 81' lang='grc' dir='ltr'><strong>οὐκ</strong></span> <span class='ocrx_word' id='word_1_646' title='bbox 3916 4533 4075 4583; x_wconf 77' lang='grc' dir='ltr'>ἐλπί-</span> 
     </span>
    </p>
   </div>
   <div class='ocr_carea' id='block_1_97' title="bbox 2507 4626 4080 4695">
    <p class='ocr_par' dir='ltr' id='par_1_97' title="bbox 2507 4626 4080 4695">
     <span class='ocr_line' id='line_1_97' title="bbox 2507 4626 4080 4695; baseline -0.002 -16"><span class='ocrx_word' id='word_1_647' title='bbox 2507 4629 2693 4691; x_wconf 77' lang='grc' dir='ltr'>ζοντες</span> <span class='ocrx_word' id='word_1_648' title='bbox 2747 4628 2887 4695; x_wconf 77' lang='grc' dir='ltr'>τάχα</span> <span class='ocrx_word' id='word_1_649' title='bbox 2941 4626 3101 4679; x_wconf 87' lang='grc' dir='ltr'>πλοῖα</span> <span class='ocrx_word' id='word_1_650' title='bbox 3153 4628 3296 4695; x_wconf 79' lang='grc' dir='ltr'>ἔχειν</span> <span class='ocrx_word' id='word_1_651' title='bbox 3345 4627 3506 4678; x_wconf 84' lang='grc' dir='ltr'>αὑτὸν</span> <span class='ocrx_word' id='word_1_652' title='bbox 3551 4626 3961 4695; x_wconf 81' lang='grc' dir='ltr'>ηὐτρεπισμένα</span> <span class='ocrx_word' id='word_1_653' title='bbox 4012 4627 4080 4677; x_wconf 69' lang='grc' dir='ltr'><strong>τά</strong></span> 
     </span>
    </p>
   </div>
   <div class='ocr_carea' id='block_1_98' title="bbox 2509 4714 4079 4789">
    <p class='ocr_par' dir='ltr' id='par_1_98' title="bbox 2509 4714 4079 4789">
     <span class='ocr_line' id='line_1_98' title="bbox 2509 4714 4079 4789; baseline -0.003 -19"><span class='ocrx_word' id='word_1_654' title='bbox 2509 4719 2696 4789; x_wconf 70' lang='grc' dir='ltr'>ῥᾳδίαν</span> <span class='ocrx_word' id='word_1_655' title='bbox 2726 4719 2935 4779; x_wconf 85' lang='grc' dir='ltr'>τούτοις</span> <span class='ocrx_word' id='word_1_656' title='bbox 2958 4716 3225 4786; x_wconf 84' lang='grc' dir='ltr'>μέλλοντα</span> <span class='ocrx_word' id='word_1_657' title='bbox 3260 4718 3483 4787; x_wconf 80' lang='grc' dir='ltr'>ποιῆσαι</span> <span class='ocrx_word' id='word_1_658' title='bbox 3524 4716 3621 4783; x_wconf 78' lang='grc' dir='ltr'><strong>τὴν</strong></span> <span class='ocrx_word' id='word_1_659' title='bbox 3672 4715 3772 4783; x_wconf 81' lang='grc' dir='ltr'>τῆς</span> <span class='ocrx_word' id='word_1_660' title='bbox 3804 4714 4079 4784; x_wconf 87' lang='grc' dir='ltr'>θαλάσσης</span> 
     </span>
    </p>
   </div>
   <div class='ocr_carea' id='block_1_99' title="bbox 2508 4806 4080 4879">
    <p class='ocr_par' dir='ltr' id='par_1_99' title="bbox 2508 4806 4080 4879">
     <span class='ocr_line' id='line_1_99' title="bbox 2508 4806 4080 4879; baseline -0.003 -16"><span class='ocrx_word' id='word_1_661' title='bbox 2508 4810 2827 4879; x_wconf 88' lang='grc' dir='ltr'>περαίωσιν,</span> <span class='ocrx_word' id='word_1_662' title='bbox 2862 4809 2999 4861; x_wconf 80' lang='grc' dir='ltr'>ἀλλὰ</span> <span class='ocrx_word' id='word_1_663' title='bbox 3031 4808 3421 4877; x_wconf 83' lang='grc' dir='ltr'>διαποροῦντες</span> <span class='ocrx_word' id='word_1_664' title='bbox 3460 4810 3554 4859; x_wconf 69' lang='grc' dir='ltr'>καὶ</span> <span class='ocrx_word' id='word_1_665' title='bbox 3593 4806 3783 4874; x_wconf 84' lang='grc' dir='ltr'>μαθεῖν</span> <span class='ocrx_word' id='word_1_666' title='bbox 3809 4806 4080 4870; x_wconf 78' lang='grc' dir='ltr'>ἐθέλοντες</span> 
     </span>
    </p>
   </div>
   <div class='ocr_carea' id='block_1_100' title="bbox 2506 4898 4082 4970">
    <p class='ocr_par' dir='ltr' id='par_1_100' title="bbox 2506 4898 4082 4970">
     <span class='ocr_line' id='line_1_100' title="bbox 2506 4898 4082 4970; baseline -0.004 -16"><span class='ocrx_word' id='word_1_667' title='bbox 2506 4903 2589 4964; x_wconf 88' lang='grc' dir='ltr'><strong>τίς</strong></span> <span class='ocrx_word' id='word_1_668' title='bbox 2617 4903 2645 4953; x_wconf 78' lang='grc' dir='ltr'><strong>ὁ</strong></span> <span class='ocrx_word' id='word_1_669' title='bbox 2678 4901 2874 4970; x_wconf 81' lang='grc' dir='ltr'>τρόπος</span> <span class='ocrx_word' id='word_1_670' title='bbox 2902 4902 2999 4967; x_wconf 84' lang='grc' dir='ltr'><strong>τῆς</strong></span> <span class='ocrx_word' id='word_1_671' title='bbox 3028 4900 3352 4960; x_wconf 87' lang='grc' dir='ltr'>διαϐάσεως.</span> <span class='ocrx_word' id='word_1_672' title='bbox 3398 4899 3553 4950; x_wconf 71' lang='grc' dir='ltr'>Ἐπεὶ</span> <span class='ocrx_word' id='word_1_673' title='bbox 3582 4898 3636 4950; x_wconf 86' lang='grc' dir='ltr'><strong>δὲ</strong></span> <span class='ocrx_word' id='word_1_674' title='bbox 3663 4900 3719 4950; x_wconf 80' lang='grc' dir='ltr'>ἐν</span> <span class='ocrx_word' id='word_1_675' title='bbox 3746 4898 3821 4966; x_wconf 79' lang='grc' dir='ltr'>τῷ</span> <span class='ocrx_word' id='word_1_676' title='bbox 3852 4899 4082 4966; x_wconf 76' lang='grc' dir='ltr'>αἰγιαλῷ</span> 
     </span>
    </p>
   </div>
   <div class='ocr_carea' id='block_1_101' title="bbox 839 4989 2580 5062">
    <p class='ocr_par' dir='ltr' id='par_1_101' title="bbox 839 4989 2580 5061">
     <span class='ocr_line' id='line_1_101' title="bbox 839 4989 2580 5061; baseline 0.001 -18"><span class='ocrx_word' id='word_1_677' title='bbox 839 4991 904 5043; x_wconf 84' lang='lat' dir='ltr'><strong>ad</strong></span> <span class='ocrx_word' id='word_1_678' title='bbox 947 5006 1075 5045; x_wconf 82' lang='lat' dir='ltr'><strong>suos</strong></span> <span class='ocrx_word' id='word_1_679' title='bbox 1106 4992 1249 5059; x_wconf 88' lang='lat' dir='ltr'><strong>apud</strong></span> <span class='ocrx_word' id='word_1_680' title='bbox 1278 4989 1610 5044; x_wconf 79' lang='lat' dir='ltr'><strong>Triaditzam</strong></span> <span class='ocrx_word' id='word_1_681' title='bbox 1652 4991 1999 5060; x_wconf 85' lang='lat' dir='ltr'><strong>perveniunt,</strong></span> <span class='ocrx_word' id='word_1_682' title='bbox 2060 4995 2277 5047; x_wconf 87' lang='lat' dir='ltr'><strong>nemine</strong></span> <span class='ocrx_word' id='word_1_683' title='bbox 2310 4993 2405 5047; x_wconf 87' lang='lat' dir='ltr'><strong>ob-</strong></span> <span class='ocrx_word' id='word_1_684' title='bbox 2437 4990 2482 5047; x_wconf 91' lang='grc'><strong>1.)</strong></span> <span class='ocrx_word' id='word_1_685' title='bbox 2511 4996 2580 5061; x_wconf 75' lang='grc' dir='ltr'><strong>ἐγ.</strong></span> 
     </span>
    </p>
   </div>
   <div class='ocr_carea' id='block_1_102' title="bbox 2334 4989 4075 5062">
    <p class='ocr_par' dir='ltr' id='par_1_102' title="bbox 2334 4989 4075 5062">
     <span class='ocr_line' id='line_1_102' title="bbox 2334 4989 4075 5062; baseline -0.002 -19"><span class='ocrx_word' id='word_1_686' title='bbox 2334 4993 2405 5046; x_wconf 76' lang='lat' dir='ltr'><strong>ib-</strong></span> <span class='ocrx_word' id='word_1_687' title='bbox 2437 4990 2482 5047; x_wconf 89' lang='grc'><strong>1.)</strong></span> <span class='ocrx_word' id='word_1_688' title='bbox 2511 4995 2777 5061; x_wconf 77' lang='grc' dir='ltr'>ἐγένοντο,</span> <span class='ocrx_word' id='word_1_689' title='bbox 2826 4993 2995 5062; x_wconf 87' lang='grc' dir='ltr'>μηδὲν</span> <span class='ocrx_word' id='word_1_690' title='bbox 3046 4990 3208 5043; x_wconf 71' lang='grc' dir='ltr'>πλέον</span> <span class='ocrx_word' id='word_1_691' title='bbox 3262 4990 3434 5043; x_wconf 88' lang='grc' dir='ltr'>είπὼν</span> <span class='ocrx_word' id='word_1_692' title='bbox 3478 4991 3506 5043; x_wconf 87' lang='grc' dir='ltr'>ὁ</span> <span class='ocrx_word' id='word_1_693' title='bbox 3560 4989 3837 5057; x_wconf 72' lang='grc' dir='ltr'>Καταλεὶμ</span> <span class='ocrx_word' id='word_1_694' title='bbox 3883 4989 3996 5041; x_wconf 80' lang='grc' dir='ltr'>ἀλλ’</span> <span class='ocrx_word' id='word_1_695' title='bbox 4045 4990 4075 5059; x_wconf 85' lang='grc' dir='ltr'><strong>ἢ</strong></span> 
     </span>
    </p>
   </div>
   <div class='ocr_carea' id='block_1_103' title="bbox 840 5081 2404 5149">
    <p class='ocr_par' dir='ltr' id='par_1_103' title="bbox 840 5081 2404 5149">
     <span class='ocr_line' id='line_1_103' title="bbox 840 5081 2404 5149; baseline 0.003 -15"><span class='ocrx_word' id='word_1_696' title='bbox 840 5089 987 5134; x_wconf 85' lang='lat' dir='ltr'><strong>stare</strong></span> <span class='ocrx_word' id='word_1_697' title='bbox 1019 5091 1220 5134; x_wconf 83' lang='lat' dir='ltr'><strong>auteos</strong></span> <span class='ocrx_word' id='word_1_698' title='bbox 1248 5081 1533 5149; x_wconf 86' lang='lat' dir='ltr'><strong>prohibere</strong></span> <span class='ocrx_word' id='word_1_699' title='bbox 1557 5096 1711 5147; x_wconf 86' lang='lat' dir='ltr'><strong>auso,</strong></span> <span class='ocrx_word' id='word_1_700' title='bbox 1742 5098 1867 5135; x_wconf 83' lang='lat' dir='ltr'><strong>cum</strong></span> <span class='ocrx_word' id='word_1_701' title='bbox 1900 5083 2112 5137; x_wconf 84' lang='lat' dir='ltr'><strong>subitus</strong></span> <span class='ocrx_word' id='word_1_702' title='bbox 2139 5084 2404 5138; x_wconf 90' lang='lat' dir='ltr'><strong>adventus</strong></span> 
     </span>
    </p>
   </div>
   <div class='ocr_carea' id='block_1_104' title="bbox 842 5172 2406 5241">
    <p class='ocr_par' dir='ltr' id='par_1_104' title="bbox 842 5172 2406 5241">
     <span class='ocr_line' id='line_1_104' title="bbox 842 5172 2406 5241; baseline 0.001 -17"><span class='ocrx_word' id='word_1_703' title='bbox 842 5172 975 5237; x_wconf 82' lang='lat' dir='ltr'><strong>ipsis</strong></span> <span class='ocrx_word' id='word_1_704' title='bbox 1012 5174 1303 5226; x_wconf 88' lang='lat' dir='ltr'><strong>transitum</strong></span> <span class='ocrx_word' id='word_1_705' title='bbox 1335 5172 1635 5240; x_wconf 77' lang='lat' dir='ltr'><strong>expediret.</strong></span> <span class='ocrx_word' id='word_1_706' title='bbox 1672 5172 1966 5241; x_wconf 85' lang='lat' dir='ltr'><strong>Conjttncti</strong></span> <span class='ocrx_word' id='word_1_707' title='bbox 2000 5189 2120 5227; x_wconf 90' lang='lat' dir='ltr'><strong>cum</strong></span> <span class='ocrx_word' id='word_1_708' title='bbox 2154 5173 2406 5227; x_wconf 85' lang='lat' dir='ltr'><strong>Patzina-</strong></span> 
     </span>
    </p>
   </div>
   <div class='ocr_carea' id='block_1_105' title="bbox 843 5248 2427 5333">
    <p class='ocr_par' dir='ltr' id='par_1_105' title="bbox 843 5248 2427 5333">
     <span class='ocr_line' id='line_1_105' title="bbox 843 5248 2427 5333; baseline 0.002 -20"><span class='ocrx_word' id='word_1_709' title='bbox 843 5262 922 5315; x_wconf 74' lang='lat' dir='ltr'><strong>eis</strong></span> <span class='ocrx_word' id='word_1_710' title='bbox 965 5263 1057 5329; x_wconf 83' lang='lat' dir='ltr'><strong>qui</strong></span> <span class='ocrx_word' id='word_1_711' title='bbox 1119 5262 1260 5331; x_wconf 82' lang='lat' dir='ltr'><strong>apud</strong></span> <span class='ocrx_word' id='word_1_712' title='bbox 1286 5260 1619 5315; x_wconf 84' lang='lat' dir='ltr'><strong>Triaditzam</strong></span> <span class='ocrx_word' id='word_1_713' title='bbox 1654 5264 1905 5333; x_wconf 82' lang='lat' dir='ltr'><strong>agebant,</strong></span> <span class='ocrx_word' id='word_1_714' title='bbox 1944 5279 2039 5318; x_wconf 81' lang='lat' dir='ltr'><strong>eos</strong></span> <span class='ocrx_word' id='word_1_715' title='bbox 2066 5280 2284 5333; x_wconf 85' lang='lat' dir='ltr'><strong>quoque</strong></span> <span class='ocrx_word' id='word_1_716' title='bbox 2312 5248 2427 5333; x_wconf 37' lang='lat' dir='ltr'><strong>qui.</strong></span> 
     </span>
    </p>
   </div>
   <div class='ocr_carea' id='block_1_106' title="bbox 842 5352 2405 5423">
    <p class='ocr_par' dir='ltr' id='par_1_106' title="bbox 842 5352 2405 5423">
     <span class='ocr_line' id='line_1_106' title="bbox 842 5352 2405 5423; baseline -0.001 -17"><span class='ocrx_word' id='word_1_717' title='bbox 842 5354 964 5407; x_wconf 85' lang='lat' dir='ltr'><strong>aliis</strong></span> <span class='ocrx_word' id='word_1_718' title='bbox 995 5355 1047 5406; x_wconf 93' lang='lat' dir='ltr'><strong>in</strong></span> <span class='ocrx_word' id='word_1_719' title='bbox 1068 5352 1747 5422; x_wconf 69' lang='lat' dir='ltr'><strong>regionibusmorabantur</strong></span> <span class='ocrx_word' id='word_1_720' title='bbox 1764 5353 2081 5407; x_wconf 84' lang='lat' dir='ltr'><strong>sollicitant.</strong></span> <span class='ocrx_word' id='word_1_721' title='bbox 2109 5354 2405 5423; x_wconf 81' lang='lat' dir='ltr'><strong>PoStquain</strong></span> 
     </span>
    </p>
   </div>
   <div class='ocr_carea' id='block_1_107' title="bbox 847 5447 2408 5517">
    <p class='ocr_par' dir='ltr' id='par_1_107' title="bbox 847 5447 2408 5517">
     <span class='ocr_line' id='line_1_107' title="bbox 847 5447 2408 5517; baseline 0.003 -18"><span class='ocrx_word' id='word_1_722' title='bbox 847 5447 1086 5501; x_wconf 80' lang='lat' dir='ltr'><strong>universi</strong></span> <span class='ocrx_word' id='word_1_723' title='bbox 1115 5448 1169 5500; x_wconf 91' lang='lat' dir='ltr'><strong>in</strong></span> <span class='ocrx_word' id='word_1_724' title='bbox 1205 5464 1373 5501; x_wconf 89' lang='lat' dir='ltr'><strong>unum</strong></span> <span class='ocrx_word' id='word_1_725' title='bbox 1402 5456 1527 5503; x_wconf 90' lang='lat' dir='ltr'><strong>sunt</strong></span> <span class='ocrx_word' id='word_1_726' title='bbox 1550 5448 1787 5512; x_wconf 81' lang='lat' dir='ltr'><strong>collecti,</strong></span> <span class='ocrx_word' id='word_1_727' title='bbox 1824 5451 2090 5517; x_wconf 88' lang='lat' dir='ltr'><strong>correptis</strong></span> <span class='ocrx_word' id='word_1_728' title='bbox 2120 5453 2408 5504; x_wconf 87' lang='lat' dir='ltr'><strong>securibus</strong></span> 
     </span>
    </p>
   </div>
   <div class='ocr_carea' id='block_1_108' title="bbox 846 5539 2407 5609">
    <p class='ocr_par' dir='ltr' id='par_1_108' title="bbox 846 5539 2407 5609">
     <span class='ocr_line' id='line_1_108' title="bbox 846 5539 2407 5609; baseline 0.003 -19"><span class='ocrx_word' id='word_1_729' title='bbox 846 5539 1126 5593; x_wconf 81' lang='lat' dir='ltr'><strong>ruralibus</strong></span> <span class='ocrx_word' id='word_1_730' title='bbox 1162 5539 1504 5609; x_wconf 77' lang='lat' dir='ltr'><strong>falcibusque</strong></span> <span class='ocrx_word' id='word_1_731' title='bbox 1528 5548 1581 5595; x_wconf 91' lang='lat' dir='ltr'><strong>et</strong></span> <span class='ocrx_word' id='word_1_732' title='bbox 1627 5541 1751 5595; x_wconf 86' lang='lat' dir='ltr'><strong>aliis</strong></span> <span class='ocrx_word' id='word_1_733' title='bbox 1782 5541 2129 5595; x_wconf 78' lang='lat' dir='ltr'><strong>ferramentis</strong></span> <span class='ocrx_word' id='word_1_734' title='bbox 2183 5545 2407 5595; x_wconf 86' lang='lat' dir='ltr'><strong>rusticis</strong></span> 
     </span>
    </p>
   </div>
   <div class='ocr_carea' id='block_1_109' title="bbox 846 5630 2405 5701">
    <p class='ocr_par' dir='ltr' id='par_1_109' title="bbox 846 5630 2405 5701">
     <span class='ocr_line' id='line_1_109' title="bbox 846 5630 2405 5701; baseline 0.001 -19"><span class='ocrx_word' id='word_1_735' title='bbox 846 5648 903 5683; x_wconf 83' lang='lat' dir='ltr'><strong>se</strong></span> <span class='ocrx_word' id='word_1_736' title='bbox 938 5640 1176 5687; x_wconf 82' lang='lat' dir='ltr'><strong>armant,</strong></span> <span class='ocrx_word' id='word_1_737' title='bbox 1234 5630 1750 5701; x_wconf 74' lang='lat' dir='ltr'><strong>Philimiupolinque</strong></span> <span class='ocrx_word' id='word_1_738' title='bbox 1797 5631 2025 5700; x_wconf 82' lang='lat' dir='ltr'><strong>profecti</strong></span> <span class='ocrx_word' id='word_1_739' title='bbox 2092 5641 2142 5683; x_wconf 83' lang='lat' dir='ltr'><strong>et</strong></span> <span class='ocrx_word' id='word_1_740' title='bbox 2193 5631 2405 5686; x_wconf 72' lang='grc' dir='ltr'>Ᾰίιιιιιιιι</span> 
     </span>
    </p>
   </div>
   <div class='ocr_carea' id='block_1_110' title="bbox 845 5721 2405 5793">
    <p class='ocr_par' dir='ltr' id='par_1_110' title="bbox 845 5721 2405 5793">
     <span class='ocr_line' id='line_1_110' title="bbox 845 5721 2405 5793; baseline 0.004 -22"><span class='ocrx_word' id='word_1_741' title='bbox 845 5721 1171 5788; x_wconf 51' lang='lat' dir='ltr'><strong>transgressi</strong></span> <span class='ocrx_word' id='word_1_742' title='bbox 1205 5724 1268 5775; x_wconf 85' lang='lat' dir='ltr'><strong>ad</strong></span> <span class='ocrx_word' id='word_1_743' title='bbox 1299 5725 1495 5778; x_wconf 88' lang='lat' dir='ltr'><strong>llunten</strong></span> <span class='ocrx_word' id='word_1_744' title='bbox 1524 5723 1744 5777; x_wconf 73' lang='lat' dir='ltr'><strong>Osmunt</strong></span> <span class='ocrx_word' id='word_1_745' title='bbox 1787 5726 1836 5774; x_wconf 90' lang='lat' dir='ltr'><strong>in</strong></span> <span class='ocrx_word' id='word_1_746' title='bbox 1881 5726 2088 5791; x_wconf 78' lang='lat' dir='ltr'><strong>eampis</strong></span> <span class='ocrx_word' id='word_1_747' title='bbox 2113 5724 2247 5777; x_wconf 81' lang='lat' dir='ltr'><strong>Istro</strong></span> <span class='ocrx_word' id='word_1_748' title='bbox 2281 5742 2405 5793; x_wconf 81' lang='lat' dir='ltr'><strong>pro-</strong></span> 
     </span>
    </p>
   </div>
   <div class='ocr_carea' id='block_1_111' title="bbox 854 5810 2406 5883">
    <p class='ocr_par' dir='ltr' id='par_1_111' title="bbox 854 5810 2406 5883">
     <span class='ocr_line' id='line_1_111' title="bbox 854 5810 2406 5883; baseline 0.003 -25"><span class='ocrx_word' id='word_1_749' title='bbox 854 5810 1069 5879; x_wconf 79' lang='lat' dir='ltr'><strong>pinquis</strong></span> <span class='ocrx_word' id='word_1_750' title='bbox 1104 5821 1283 5868; x_wconf 74' lang='lat' dir='ltr'><strong>castra</strong></span> <span class='ocrx_word' id='word_1_751' title='bbox 1319 5824 1522 5883; x_wconf 82' lang='lat' dir='ltr'><strong>ponunt</strong></span> <span class='ocrx_word' id='word_1_752' title='bbox 1580 5831 1589 5864; x_wconf 92' lang='lat'>:</span> <span class='ocrx_word' id='word_1_753' title='bbox 1630 5816 1777 5867; x_wconf 76' lang='lat' dir='ltr'><strong>solus</strong></span> <span class='ocrx_word' id='word_1_754' title='bbox 1828 5813 2004 5867; x_wconf 60' lang='lat' dir='ltr'><strong>Seltcs</strong></span> <span class='ocrx_word' id='word_1_755' title='bbox 2070 5816 2119 5867; x_wconf 88' lang='lat' dir='ltr'><strong>in</strong></span> <span class='ocrx_word' id='word_1_756' title='bbox 2186 5814 2406 5869; x_wconf 70' lang='lat' dir='ltr'><strong>Lubitm</strong></span> 
     </span>
    </p>
   </div>
   <div class='ocr_carea' id='block_1_112' title="bbox 2514 5082 4081 5155">
    <p class='ocr_par' dir='ltr' id='par_1_112' title="bbox 2514 5082 4081 5155">
     <span class='ocr_line' id='line_1_112' title="bbox 2514 5082 4081 5155; baseline -0.004 -18"><span class='ocrx_word' id='word_1_757' title='bbox 2514 5088 2691 5155; x_wconf 80' lang='grc' dir='ltr'>μόνον,</span> <span class='ocrx_word' id='word_1_758' title='bbox 2736 5106 2751 5136; x_wconf 80' lang='grc' dir='ltr'><strong>ι</strong></span> <span class='ocrx_word' id='word_1_759' title='bbox 2797 5085 3045 5137; x_wconf 83' lang='grc' dir='ltr'>Ἐπέσθω</span> <span class='ocrx_word' id='word_1_760' title='bbox 3093 5087 3119 5135; x_wconf 88' lang='grc' dir='ltr'>ὁ</span> <span class='ocrx_word' id='word_1_761' title='bbox 3181 5084 3498 5153; x_wconf 73' lang='grc' dir='ltr'>βουλόμενος</span> <span class='ocrx_word' id='word_1_762' title='bbox 3532 5082 3690 5135; x_wconf 83' lang='grc' dir='ltr'>αὐτόν</span> <span class='ocrx_word' id='word_1_763' title='bbox 3723 5098 3781 5132; x_wconf 93' lang='grc' dir='ltr'><strong>τε</strong></span> <span class='ocrx_word' id='word_1_764' title='bbox 3812 5084 4081 5151; x_wconf 86' lang='grc' dir='ltr'>περιεῖναι</span> 
     </span>
    </p>
   </div>
   <div class='ocr_carea' id='block_1_113' title="bbox 2510 5173 4080 5239">
    <p class='ocr_par' dir='ltr' id='par_1_113' title="bbox 2510 5173 4080 5239">
     <span class='ocr_line' id='line_1_113' title="bbox 2510 5173 4080 5239; baseline -0.004 -11"><span class='ocrx_word' id='word_1_765' title='bbox 2510 5178 2601 5229; x_wconf 77' lang='grc' dir='ltr'><strong>καὶ</strong></span> <span class='ocrx_word' id='word_1_766' title='bbox 2636 5177 2839 5239; x_wconf 87' lang='grc' dir='ltr'>πάντας</span> <span class='ocrx_word' id='word_1_767' title='bbox 2874 5177 2995 5236; x_wconf 70' lang='grc' dir='ltr'>τοὺς</span> <span class='ocrx_word' id='word_1_768' title='bbox 3022 5174 3387 5238; x_wconf 78' lang='grc' dir='ltr'>Πατζινάκας,</span> <span class='ocrx_word' id='word_1_769' title='bbox 3424 5193 3442 5226; x_wconf 76' lang='grc' dir='ltr'><strong>ι</strong></span> <span class='ocrx_word' id='word_1_770' title='bbox 3482 5174 3569 5224; x_wconf 73' lang='grc' dir='ltr'>τὸν</span> <span class='ocrx_word' id='word_1_771' title='bbox 3600 5173 3761 5223; x_wconf 80' lang='grc' dir='ltr'>ἵππον</span> <span class='ocrx_word' id='word_1_772' title='bbox 3798 5173 4080 5239; x_wconf 84' lang='grc' dir='ltr'>μυωπίσας</span> 
     </span>
    </p>
   </div>
   <div class='ocr_carea' id='block_1_114' title="bbox 2510 5260 4081 5332">
    <p class='ocr_par' dir='ltr' id='par_1_114' title="bbox 2510 5260 4081 5332">
     <span class='ocr_line' id='line_1_114' title="bbox 2510 5260 4081 5332; baseline -0.004 -14"><span class='ocrx_word' id='word_1_773' title='bbox 2510 5266 2732 5318; x_wconf 83' lang='grc' dir='ltr'>εἴσεισιν</span> <span class='ocrx_word' id='word_1_774' title='bbox 2783 5268 2862 5327; x_wconf 84' lang='grc' dir='ltr'><strong>είς</strong></span> <span class='ocrx_word' id='word_1_775' title='bbox 2900 5266 2999 5332; x_wconf 77' lang='grc' dir='ltr'><strong>τὴν</strong></span> <span class='ocrx_word' id='word_1_776' title='bbox 3049 5264 3343 5316; x_wconf 86' lang='grc' dir='ltr'>θάλασσαν.</span> <span class='ocrx_word' id='word_1_777' title='bbox 3394 5264 3564 5315; x_wconf 79' lang='grc' dir='ltr'>Τοῦτο</span> <span class='ocrx_word' id='word_1_778' title='bbox 3616 5262 3711 5314; x_wconf 76' lang='grc' dir='ltr'>καὶ</span> <span class='ocrx_word' id='word_1_779' title='bbox 3760 5260 3917 5323; x_wconf 82' lang='grc' dir='ltr'>ἄλλος</span> <span class='ocrx_word' id='word_1_780' title='bbox 3960 5260 4081 5313; x_wconf 84' lang='grc' dir='ltr'>ἰδὼν</span> 
     </span>
    </p>
   </div>
   <div class='ocr_carea' id='block_1_115' title="bbox 2512 5353 4084 5427">
    <p class='ocr_par' dir='ltr' id='par_1_115' title="bbox 2512 5353 4084 5427">
     <span class='ocr_line' id='line_1_115' title="bbox 2512 5353 4084 5427; baseline -0.004 -18"><span class='ocrx_word' id='word_1_781' title='bbox 2512 5359 2757 5427; x_wconf 80' lang='grc' dir='ltr'>ἐποίησε,</span> <span class='ocrx_word' id='word_1_782' title='bbox 2796 5357 2888 5408; x_wconf 72' lang='grc' dir='ltr'><strong>καὶ</strong></span> <span class='ocrx_word' id='word_1_783' title='bbox 2920 5359 3003 5407; x_wconf 74' lang='grc' dir='ltr'>ἐπ’</span> <span class='ocrx_word' id='word_1_784' title='bbox 3032 5356 3221 5423; x_wconf 79' lang='grc' dir='ltr'>ἐκείνῳ</span> <span class='ocrx_word' id='word_1_785' title='bbox 3255 5356 3434 5417; x_wconf 69' lang='grc' dir='ltr'>ἄλλος,</span> <span class='ocrx_word' id='word_1_786' title='bbox 3473 5356 3562 5407; x_wconf 67' lang='grc' dir='ltr'><strong>καὶ</strong></span> <span class='ocrx_word' id='word_1_787' title='bbox 3598 5354 3760 5411; x_wconf 61' lang='grc' dir='ltr'>εὐθὺς</span> <span class='ocrx_word' id='word_1_788' title='bbox 3789 5355 3849 5405; x_wconf 74' lang='grc' dir='ltr'><strong>τὸ</strong></span> <span class='ocrx_word' id='word_1_789' title='bbox 3879 5353 4084 5420; x_wconf 74' lang='grc' dir='ltr'>πλῆθος</span> 
     </span>
    </p>
   </div>
   <div class='ocr_carea' id='block_1_116' title="bbox 2515 5444 4085 5516">
    <p class='ocr_par' dir='ltr' id='par_1_116' title="bbox 2515 5444 4085 5516">
     <span class='ocr_line' id='line_1_116' title="bbox 2515 5444 4085 5516; baseline -0.004 -15"><span class='ocrx_word' id='word_1_790' title='bbox 2515 5450 2659 5502; x_wconf 85' lang='grc' dir='ltr'>ἆπαν</span> <span class='ocrx_word' id='word_1_791' title='bbox 2707 5464 2719 5476; x_wconf 91' lang='grc'><strong>·</strong></span> <span class='ocrx_word' id='word_1_792' title='bbox 2784 5449 2879 5500; x_wconf 71' lang='grc' dir='ltr'><strong>καὶ</strong></span> <span class='ocrx_word' id='word_1_793' title='bbox 2933 5448 3308 5515; x_wconf 80' lang='grc' dir='ltr'>διανηξάμενοι</span> <span class='ocrx_word' id='word_1_794' title='bbox 3386 5447 3732 5516; x_wconf 71' lang='grc' dir='ltr'>περαιοῦνται</span> <span class='ocrx_word' id='word_1_795' title='bbox 3799 5446 3937 5497; x_wconf 67' lang='grc' dir='ltr'>κατὰ</span> <span class='ocrx_word' id='word_1_796' title='bbox 3996 5444 4085 5496; x_wconf 79' lang='grc' dir='ltr'><strong>τὸν</strong></span> 
     </span>
    </p>
   </div>
   <div class='ocr_carea' id='block_1_117' title="bbox 2517 5538 4084 5609">
    <p class='ocr_par' dir='ltr' id='par_1_117' title="bbox 2517 5538 4084 5609">
     <span class='ocr_line' id='line_1_117' title="bbox 2517 5538 4084 5609; baseline -0.004 -15"><span class='ocrx_word' id='word_1_797' title='bbox 2517 5541 3024 5609; x_wconf 77' lang='grc' dir='ltr'>”ΑγιονῚ“αράσιον,</span> <span class='ocrx_word' id='word_1_798' title='bbox 3081 5541 3129 5591; x_wconf 85' lang='grc' dir='ltr'><strong>οί</strong></span> <span class='ocrx_word' id='word_1_799' title='bbox 3183 5542 3281 5608; x_wconf 77' lang='grc' dir='ltr'><strong>μὲν</strong></span> <span class='ocrx_word' id='word_1_800' title='bbox 3346 5541 3526 5601; x_wconf 80' lang='grc' dir='ltr'>αὑτοῖς</span> <span class='ocrx_word' id='word_1_801' title='bbox 3587 5539 3863 5608; x_wconf 72' lang='grc' dir='ltr'>ἅρμασιν,</span> <span class='ocrx_word' id='word_1_802' title='bbox 3923 5539 3969 5589; x_wconf 83' lang='grc' dir='ltr'>οἱ</span> <span class='ocrx_word' id='word_1_803' title='bbox 4029 5538 4084 5587; x_wconf 76' lang='grc' dir='ltr'><strong>δὲ</strong></span> 
     </span>
    </p>
   </div>
   <div class='ocr_carea' id='block_1_118' title="bbox 2517 5632 4082 5704">
    <p class='ocr_par' dir='ltr' id='par_1_118' title="bbox 2517 5632 4082 5704">
     <span class='ocr_line' id='line_1_118' title="bbox 2517 5632 4082 5704; baseline -0.004 -19"><span class='ocrx_word' id='word_1_804' title='bbox 2517 5636 2774 5704; x_wconf 74' lang='grc' dir='ltr'>πρότερον</span> <span class='ocrx_word' id='word_1_805' title='bbox 2829 5635 2895 5685; x_wconf 74' lang='grc' dir='ltr'>τὰ</span> <span class='ocrx_word' id='word_1_806' title='bbox 2957 5636 3174 5704; x_wconf 80' lang='grc' dir='ltr'>ἆρματα</span> <span class='ocrx_word' id='word_1_807' title='bbox 3221 5633 3640 5702; x_wconf 65' lang='grc' dir='ltr'>ἀπορρίψαντες.</span> <span class='ocrx_word' id='word_1_808' title='bbox 3690 5632 3796 5682; x_wconf 71' lang='grc' dir='ltr'>Καὶ</span> <span class='ocrx_word' id='word_1_809' title='bbox 3840 5646 4082 5698; x_wconf 80' lang='grc' dir='ltr'>περαιω-</span> 
     </span>
    </p>
   </div>
   <div class='ocr_carea' id='block_1_119' title="bbox 2512 5721 4084 5793">
    <p class='ocr_par' dir='ltr' id='par_1_119' title="bbox 2512 5721 4084 5793">
     <span class='ocr_line' id='line_1_119' title="bbox 2512 5721 4084 5793; baseline -0.006 -13"><span class='ocrx_word' id='word_1_810' title='bbox 2512 5726 2692 5787; x_wconf 73' lang='grc' dir='ltr'>θέντες</span> <span class='ocrx_word' id='word_1_811' title='bbox 2792 5727 2880 5777; x_wconf 70' lang='grc' dir='ltr'><strong>καὶ</strong></span> <span class='ocrx_word' id='word_1_812' title='bbox 2961 5727 3057 5793; x_wconf 76' lang='grc' dir='ltr'>τὴν</span> <span class='ocrx_word' id='word_1_813' title='bbox 3130 5727 3355 5793; x_wconf 78' lang='grc' dir='ltr'>πορείαν</span> <span class='ocrx_word' id='word_1_814' title='bbox 3420 5725 3781 5784; x_wconf 77' lang='grc' dir='ltr'>ἐπιτείναντες</span> <span class='ocrx_word' id='word_1_815' title='bbox 3861 5721 4084 5788; x_wconf 76' lang='grc' dir='ltr'>ἴσχυσαν</span> 
     </span>
    </p>
   </div>
   <div class='ocr_carea' id='block_1_120' title="bbox 2518 5811 4079 5886">
    <p class='ocr_par' dir='ltr' id='par_1_120' title="bbox 2518 5811 4079 5886">
     <span class='ocr_line' id='line_1_120' title="bbox 2518 5811 4079 5886; baseline -0.006 -15"><span class='ocrx_word' id='word_1_816' title='bbox 2518 5820 2843 5886; x_wconf 69' lang='grc' dir='ltr'>’ἷιασωθῇναῖ</span> <span class='ocrx_word' id='word_1_817' title='bbox 2882 5820 3010 5884; x_wconf 64' lang='grc' dir='ltr'>πρὸς</span> <span class='ocrx_word' id='word_1_818' title='bbox 3037 5820 3159 5879; x_wconf 66' lang='grc' dir='ltr'>τοὺς</span> <span class='ocrx_word' id='word_1_819' title='bbox 3196 5820 3423 5877; x_wconf 72' lang='grc' dir='ltr'>οἰκείους</span> <span class='ocrx_word' id='word_1_820' title='bbox 3458 5818 3594 5869; x_wconf 80' lang='grc' dir='ltr'>κατα</span> <span class='ocrx_word' id='word_1_821' title='bbox 3622 5819 3713 5883; x_wconf 73' lang='grc' dir='ltr'><strong>τὴν</strong></span> <span class='ocrx_word' id='word_1_822' title='bbox 3738 5811 4079 5881; x_wconf 73' lang='grc' dir='ltr'>Τριαδὶτζαν,</span> 
     </span>
    </p>
   </div>
  </div>
