4410 6442
323 402 430 461 3ἳ5

1424 392 1469 449 li
1488 392 1499 448 l
1516 390 1784 448 STORIA
1800 389 1962 447 RUM
1996 387 2294 445 COMi’EN
2309 388 2375 444 [ll
2391 388 2434 446 U
2449 388 2523 445 M.

3444 392 3548 452 3'26

314 528 411 561 σαν
438 510 527 561 καὶ
556 512 755 562 ἄκοντα
787 508 1194 561 ἀνανεώσαεῗαι
1240 507 1329 567 τὰς
1366 506 1593 568 σπουδὰς
1632 505 1724 556 καὶ
1751 505 1885 571 ὅμη-
1913 508 1952 562 Λ
1990 516 2051 553 su

1807 520 1885 571 ιη·
1913 508 1952 562 Λ
1990 499 2095 556 sui.
2142 499 2490 551 t‘.autzacen:c
2515 498 2754 568 regionis
2786 498 3063 569 principis.
3099 500 3234 556 Cum
3268 500 3370 557 hoc
3394 500 3548 557 Nice—

313 619 405 671 ρον
432 600 613 653 δοῦναι
649 598 991 669 Ἀρτασύραν
1023 598 1113 650 τὸν
1142 600 1255 651 υἱὸν
1283 599 1535 667 Φατλοίιμ
1558 596 1651 648 τοῦ
1681 594 1883 648 οἰκείου

311 690 540 759 ἀδελφοῦ
592 690 681 743 τοῦ
722 691 821 759 τῆς
876 688 1281 761 Καντζακηνῶν
1339 690 1701 757 κατάρχοντος
1733 687 1832 753 γῆς
1868 702 1881 717 ·

312 786 371 834 ὂν
395 781 626 851 εἰληφὼς
649 784 675 835 ὁ
695 780 1009 851 Νικηφόρος
1037 783 1281 835 ἐπάνεισι
1308 780 1442 848 πρὸς
1478 779 1575 847 τὴν
1602 778 1772 830 πόλιν.

384 875 446 926 Oi
477 874 808 938 Πατξινάκαι
839 873 894 925 δὲ
920 874 1010 925 τόν
1050 869 1242 943 Αἷμον,
1276 872 1349 934 ὼς
1388 873 1629 939 εἴπομεν,
1664 870 1883 922 διαϐάν-

315 984 425 1025 τες.
456 967 549 1017 καὶ
578 966 677 1032 τὴν
713 965 917 1031 μεταξὺ
959 965 1151 1017 τούτου
1193 963 1288 1015 καὶ
1330 961 1423 1013 τοῦ
1466 963 1677 1029 Ἴστρου
1712 977 1881 1013 κατα·

319 1059 691 1123 σκοπήσαντες
716 1055 937 1108 πεδιάδα
960 1055 1057 1123 τὴν
1077 1054 1371 1124 διήκουσαν
1404 1052 1564 1121 μέχρι
1588 1051 1882 1118 θαλάσσης,

317 1152 407 1199 καὶ
470 1147 629 1197 τόπον
684 1146 934 1217 εὑρόντες
994 1146 1170 1208 νάπας
1205 1146 1295 1197 καὶ
1364 1145 1499 1213 ἄλση
1558 1142 1747 1210 ἔχοντα
1794 1141 1886 1192 καὶ

317 1239 519 1305 λόχμας
568 1234 915 1297 παντοδαπὰς
960 1237 1053 1288 καὶ
1099 1235 1241 1306 ὓδωρ
1292 1236 1386 1287 καὶ
1433 1232 1603 1297 νομὰς
1632 1232 1884 1299 (Ἑκατὸν

320 1331 539 1398 βουνοὺς
570 1330 660 1379 τὸν
689 1328 849 1379 τόπον
892 1328 1250 1397 ὀνομάζουσιν
1295 1328 1341 1377 oi
1378 1324 1676 1394 ἐγχώριοι),
1707 1325 1883 1374 ἐκεῖσε

318 1420 784 1488 ἐγκαθιδρύονται,
815 1422 909 1473 καὶ
934 1418 1456 1489 ἐκδρομὰςαῦτόθεν
1489 1419 1798 1488 ποιούμενοι
1824 1416 1883 1467 οὐ

322 1512 495 1581 μικρὰ
537 1513 632 1581 τὴν
685 1513 787 1564 ὑπὸ
835 1510 1136 1579 Ῥωμαίους
1168 1510 1416 1563 ἐλύπουν.
1454 1512 1510 1562 Ὀ
1535 1510 1593 1563 δὲ
1636 1508 1887 1578 βασιλεὺς

323 1602 739 1671 μεταπέμπεται
786 1602 876 1653 τὸν
904 1602 1151 1671 Κεγένην
1201 1603 1292 1654 ἐπὶ
1339 1600 1615 1670 συμϐουλῇ
1664 1599 1741 1660 εἰς
1789 1598 1888 1665 τὴν

323 1694 565 1761 βασιλίδα
598 1712 609 1723 ·
654 1696 742 1744 καὶ
791 1692 864 1755 ὡς
903 1692 1122 1744 εἴσεισιν
1151 1693 1313 1755 εὐθὺς
1367 1692 1505 1760 μετὰ
1545 1689 1742 1750 παντὸς
1794 1685 1886 1738 τοῦ

320 1785 518 1835 οἰκείου
554 1784 808 1853 στρατοῦ,
846 1786 939 1836 καὶ
987 1785 1320 1851 κατασκηνοῖ
1364 1780 1505 1833 κατὰ
1546 1780 1645 1848 τὴν
1679 1780 1883 1847 ἀφωρι-

1985 595 2190 664 plmrus
2226 594 2276 644 in
2312 595 2497 643 urbem
2527 590 2707 643 rciliit.

2058 854 2363 907 Palzinaca:
2418 863 2597 907 autem
2633 852 2837 917 llazmo,
2875 862 2933 905 ut
2982 852 3344 917 ostendimus,
3386 870 3549 922 supe-

1987 953 2129 1008 rato,
2165 945 2443 1013 planitiem
2488 945 2773 1012 quaeinter
2802 943 3229 997 huncetlstrum
3268 945 3551 1012 interiacet

1986 1038 2049 1088 ad
2078 1051 2225 1088 mare
2249 1049 2420 1102 usque
2455 1045 2700 1101 porrecta
2735 1033 3028 1102 specnlati,
3056 1050 3177 1087 cum
3212 1036 3552 1090 invenissent

1987 1128 2162 1181 locum
2198 1128 2267 1179 ibi
2303 1128 2476 1179 Saltus
2506 1134 2559 1177 et
2612 1126 2760 1178 lucos
2798 1124 3087 1193 omnisque
3120 1128 3334 1195 generis
3383 1130 3552 1181 silvas

1986 1226 2038 1270 et
2066 1232 2264 1283 aquam
2307 1232 2370 1269 ac
2396 1231 2592 1285 pascua
2632 1215 2919 1268 habentem
2952 1216 3165 1285 (incolae
3205 1218 3379 1271 locum
3410 1219 3551 1273 Cen-

1988 1316 2100 1360 tum
2142 1306 2308 1358 colles
2338 1306 2727 1373 appellabant),
2783 1306 2834 1357 in
2870 1320 2935 1360 eo
2972 1307 3364 1372 consederunt,
3390 1321 3551 1379 atque

1990 1396 2114 1450 inde
2150 1395 2307 1449 factis
2326 1398 2745 1451 excursionibus
2776 1398 3025 1451 subditos
3046 1396 3415 1452 Romanorum
3444 1417 3549 1454 non

1988 1488 2175 1542 leviter
2202 1495 2487 1541 vexarunt.
2548 1488 2687 1555 Ergo
2716 1485 2956 1555 Kegenes
2999 1488 3346 1542 consultandi
3385 1504 3551 1542 causa

1989 1580 2056 1632 ab
2104 1581 2431 1646 imperatore
2463 1586 2723 1632 evocatus
2758 1591 2880 1629 cum
2936 1578 3195 1633 omnibus
3227 1580 3343 1633 suis
3374 1580 3550 1649 copiis

1988 1670 2055 1723 ad
2099 1670 2285 1723 urbem
2323 1670 2551 1732 accedit,
2581 1679 2634 1723 et
2666 1678 2843 1723 castra
2874 1668 3003 1722 facit
3027 1671 3079 1722 in
3107 1684 3297 1737 campo
3339 1671 3552 1741 Byzanv

1992 1761 2080 1813 tiis
2113 1759 2417 1828 designato,
2449 1761 2534 1813 cui
2568 1761 2685 1812 ll'CO
2719 1760 2911 1814 Maitas
2942 1776 3137 1814 nomen
3174 1769 3277 1814 cst.
3302 1760 3552 1815 Nondum

323 1873 523 1941 σμένην
576 1844 804 1925 πεδιάδα
858 1872 1170 1937 Βυζαντίοις
1221 1844 1299 1932 Et;
1349 1870 1538 1922 πεδὶαν
1594 1844 1825 1937 (Maria;-
1856 1869 1882 1919 ό
1914 1844 2064 1904 Ba"

1814 1844 1825 1930 ξ
1856 1869 1882 1919 ὁ
1914 1844 1960 1903 Β
1989 1858 2167 1904 autem
2193 1864 2316 1901 cum
2352 1850 2672 1918 imperatore
2707 1865 3056 1919 congressus,
3087 1867 3259 1920 neque
3284 1867 3383 1905 cur
3408 1860 3555 1906 esset

317 1963 480 2024 τόπος
505 1963 957 2033 κατονομάζεται)
983 1965 1078 2014 σὺν
1106 1963 1300 2015 ἆπαντι
1334 1960 1411 2029 τῷ
1446 1960 1679 2030 στρατῷ.
1705 1960 1885 2029 Μῆπω

316 2053 371 2104 δὲ
406 2053 641 2121 ἐντυχὼν
672 2054 747 2117 τῷ
790 2052 1021 2121 βασιλεῖ,
1067 2052 1190 2123 μηδ’
1228 2054 1351 2105 ὅτου
1389 2050 1694 2121 μετεκ).ήθη
1726 2052 1885 2121 χάριν

322 2142 529 2209 μαθὼν,
548 2142 957 2195 ἐπιϐουλεύεται
974 2142 1145 2213 ταύτῃ
1162 2145 1226 2211 τῇ
1246 2142 1400 2195 νυκτὶ
1418 2142 1521 2193 ὑπὸ
1539 2141 1887 2203 Πατζινάκων

317 2234 484 2300 τριῶν
518 2235 653 2302 μετὰ
696 2234 861 2301 ξιφῶν
902 2235 1237 2287 ἐπελθόντων
1281 2235 1604 2303 κοιμωμένῳ
1629 2232 1723 2285 καὶ
1751 2230 1888 2299 πλη-

322 2331 424 2391 γὰς
453 2327 856 2393 ἐπενεγκόντων
900 2325 1068 2395 αὐτῷ,
1115 2328 1188 2395 μὴ
1227 2326 1409 2395 μέντοι
1456 2326 1671 2396 καιρίας
1699 2341 1713 2355 ⁸
1752 2342 1889 2392 γνω-

322 2416 539 2477 σθέντες
566 2416 671 2483 γὰρ
696 2414 855 2472 εὐθὺς
896 2415 1001 2466 ὑπὸ
1026 2414 1133 2466 τῶν
1163 2414 1760 2484 σωματοφυλακούντων
1792 2414 1886 2476 τάς

320 2522 381 2557 τε
418 2504 627 2570 πληγὰς
682 2503 925 2565 ἀσθενεῖς
978 2505 1333 2573 ἐπιφέρουσι,
1391 2504 1485 2557 καὶ
1533 2504 1667 2572 πρὸς
1712 2503 1887 2574 φυγὴν

317 2594 657 2661 ὁρμήσαντες
696 2593 1162 2662 βοηδρομήσαντος
1194 2591 1288 2645 τοῦ
1320 2594 1555 2662 πλήθους
1587 2595 1721 2662 μετά
1749 2594 1889 2646 Βαλ-

320 2684 458 2752 sap
505 2684 621 2735 uio-3
666 2685 758 2735 τοῦ
802 2684 1075 2751 Κεγένους
1116 2684 1448 2738 ἁλίσκονται.
1494 2684 1700 2749 Ἕωθεν
1733 2682 1825 2734 οὖν
1860 2684 1887 2734 ὁ

325 2774 577 2842 Βιλτζὰρ
606 2773 688 2843 ἐφ’
710 2773 924 2843 ἁμάξης
952 2775 1312 2843 τετρατρόχου
1341 2774 1433 2825 τὸν
1456 2773 1649 2826 ἑαυτοῦ
1677 2772 1889 2841 πατέρα

319 2866 458 2925 θεὶς,
490 2867 581 2916 καὶ
610 2867 733 2926 τοὶς
770 2864 1257 2926 ὲπιὸουλεύσαντας
1282 2862 1501 2916 δπισθεν
1538 2862 1637 2933 τῆς
1674 2864 1888 2932 ἁμάξης

325 2958 500 3008 ἕλκων
526 2955 929 3024 πεπεδημένους
964 2955 1134 3023 (οὐδὲν
1166 2955 1273 3024 γὰρ
1306 2957 1382 3017 είς
1420 2956 1617 3016 αὐτοὺς
1655 2955 1886 3023 διαπρά-

326 3046 521 3109 ξασθαι
549 3046 711 3098 πλέον
738 3046 1037 3115 ἐτόλμησεν
1068 3046 1471 3116 ἐπιϐοωμένους
1497 3048 1585 3099 τὸν
1620 3047 1886 3116 βασιλέα),

1988 1954 2215 1999 vocatus
2229 1946 2429 2009 sciens,
2454 1945 2553 1997 hac
2573 1945 2687 2012 ipsa
2714 1952 2873 1997 nocte
2903 1944 3117 1997 insidiis
3139 1944 3551 1999 l’atzinacarnm

1988 2038 2153 2091 trittm
2210 2040 2433 2106 petitur,
2484 2036 2574 2106 qui
2606 2038 2809 2091 strictis
2849 2036 3076 2091 ensibus
3117 2036 3388 2091 irruentes
3423 2038 3552 2090 dor-

1988 2130 2172 2185 mienti
2204 2132 2427 2183 vulnera
2462 2130 2768 2197 imponunt,
2798 2143 2904 2181 non
2938 2136 3117 2182 tamen
3156 2126 3393 2181 lcthalia.
3416 2126 3551 2180 Nam

1990 2241 2018 2278 ιι
2059 2222 2388 2278 satellitibus
2428 2222 2609 2275 statim
2652 2219 2850 2288 cegniti
2883 2220 3021 2273 ictus
3059 2218 3429 2287 languidiores
3467 2218 3554 2271 in-

1988 2316 2207 2382 ferunt;
2252 2326 2304 2369 et
2339 2314 2478 2383 fuga:
2508 2328 2569 2367 se
2613 2312 2807 2364 dantes
2857 2319 3181 2365 accurrente
3224 2310 3553 2379 opitulatum

1988 2408 2344 2463 multitudine
2378 2422 2503 2460 cum
2541 2404 2790 2458 Baltzaro
2837 2403 3070 2473 chenis
3100 2406 3212 2457 lilio
3239 2405 3553 2470 capiuntur.

1987 2500 2144 2553 Mane
2176 2499 2389 2552 Baltzar
2417 2497 2605 2550 currui
2632 2503 2868 2565 quatuor
2895 2495 3114 2549 trahenti
3142 2503 3291 2547 rotas
3326 2494 3559 2563 imponit

1990 2600 2240 2662 patrem,
2281 2598 2333 2644 et
2364 2604 2715 2659 percussores
2759 2597 2883 2657 post
2934 2603 3057 2641 eum
3117 2588 3329 2640 vinctos
3386 2587 3557 2640 trahit

1991 2684 2146 2753 (nihil
2177 2684 2322 2735 enim
2354 2680 2588 2750 amplius
2613 2688 2855 2732 statuere
2887 2677 2953 2732 de
2996 2679 3075 2731 eis
3119 2678 3373 2740 audebat,
3411 2678 3553 2748 quod

1993 2776 2375 2843 imperatorem
2418 2769 2831 2839 appellassent),
2861 2777 2914 2821 et
2938 2768 3084 2821 omni
3126 2783 3225 2822 suo
3250 2784 3372 2821 cum
3397 2785 3556 2821 exer-

1990 2868 2098 2922 citu
2152 2863 2392 2935 equestri
2438 2862 2599 2932 pedes
2632 2860 2791 2931 595
2832 2861 2949 2930 ipse
2987 2876 3107 2914 CUili
3148 2860 3315 2915 fratre
3353 2860 3559 2915 Gulino

1988 2972 2205 3012 currum
2248 2971 2277 3007 a
2328 2954 2541 3008 duobus
2584 2960 2815 3004 tractum
2863 2952 3023 3021 equis
3086 2966 3321 3020 Srquens
3369 2953 3556 3005 urbem

1991 3051 2447 3115 intrat;cumque
2481 3044 2546 3097 ad
2589 3042 2809 3097 Circum
2837 3044 3194 3112 pervenisset,
3229 3057 3449 3097 currmn
3483 3043 3555 3093 ibi

321 3138 437 3206 ἅμα
461 3137 622 3190 παντὶ
660 3137 884 3207 ἐφίππῳ
910 3136 986 3208 τῷ
1023 3137 1259 3208 στρατῷ,
1293 3137 1451 3201 αὐτὸς
1482 3135 1643 3201 πεζὸς
1680 3141 1777 3192 σὺν
1813 3138 1889 3210 τῷ
1916 3172 1962 3232 c
1996 3143 2062 3199 sis

1815 3138 1889 3210 τῷ
1916 3172 1962 3232 c
1996 3143 2195 3199 sistens
2246 3139 2312 3194 ad
2348 3138 2731 3207 imperatorem
2777 3150 2835 3190 se
2871 3133 3105 3198 confert,
3156 3137 3394 3203 quujan
3431 3143 3556 3187 ante

322 3230 537 3300 ἀδελφῷ
570 3228 801 3300 Γουλῖνῳ
826 3231 1090 3299 ἑπόμενος
1114 3235 1178 3300 τῇ
1209 3232 1392 3300 ἁμάξῃ
1426 3231 1529 3282 ὑπὸ
1564 3230 1709 3282 δυοῖν
1740 3232 1891 3284 ἐλκοο

325 3324 463 3391 μένῃ
493 3321 694 3383 ἵππων,
724 3318 941 3388 ἔρχεται
972 3319 1106 3388 πρὸς
1138 3318 1228 3369 τὸν
1261 3318 1505 3387 βασιλέα.
1541 3318 1650 3369 Καὶ
1671 3318 1809 3371 κατὰ
1830 3318 1889 3369 τὸ

324 3410 681 3478 ἱπποδρόμιον
726 3409 1016 3480 γενόμενος
1064 3411 1263 3478 ταύτην
1299 3408 1396 3477 μὲν
1429 3410 1640 3477 ἵστησιν
1684 3409 1888 3471 ἐκεῖσε,

322 3497 483 3559 αὐτὸς
514 3498 568 3549 δὲ
597 3496 787 3548 εἴσεισι
816 3497 949 3564 πρὸς
986 3496 1076 3547 τὸν
1109 3495 1351 3574 βασιλέα,
1398 3495 1495 3563 τῆς
1541 3495 1728 3565 φήμης
1762 3512 1892 3564 προ-

322 3588 637 3656 δραμούσης
674 3587 768 3639 καὶ
805 3588 1305 3657 προοδοποιησάσης
1343 3587 1491 3655 αὐτῷ
1520 3587 1617 3657 τὴν
1666 3588 1887 3640 εἴσοδον.

327 3680 426 3733 Ὃν
458 3678 778 3749 εἰσαχθέντα
807 3680 835 3728 ό
864 3678 1113 3745 βασιλεὺς
1141 3679 1373 3747 ἐπήρετο
1394 3677 1481 3729 διά
1524 3677 1575 3729 τί
1619 3678 1691 3747 μὴ
1731 3677 1892 3740 εὐθὺς

320 3771 565 3839 τιμωρὸς
622 3769 837 3836 ἐγένετο
886 3769 995 3821 τῶν
1028 3768 1120 3820 τοῦ
1171 3768 1373 3837 πατρὸς
1413 3769 1617 3836 φονέων
1652 3786 1666 3801 ο
1699 3770 1791 3821 τοῦ
1835 3770 1892 3822 δὲ

326 3860 865 3927 φήσαντος,’⁹οτιπερ
886 3859 943 3911 τὸ
970 3860 1053 3913 ait
1078 3858 1437 3911 ἐπεκαλοῦντο
1456 3861 1686 3930 συνεχῶς
1704 3860 1891 3930 ὄνομα,

322 3954 403 4014 εἰς
436 3950 668 4019 ὑποψίας
699 3953 933 4012 ἀτόπους
960 3951 1214 4002 ἐνέπεσεν
1242 3952 1269 4003 ό
1314 3949 1585 4019 βασιλεὺς,
1617 3952 1709 4004 καὶ
1734 3951 1890 4019 λόγου

325 4043 520 4093 θᾶττον
556 4042 844 4108 ἐκπέμψας
889 4041 1009 4104 ἄγει
1054 4042 1177 4101 τοὺς
1220 4041 1473 4108 δεσμίους
1516 4043 1650 4109 πρὸς
1681 4044 1891 4107 ἑαυτὸν,

326 4136 417 4186 καὶ
449 4136 543 4199 τὴν
568 4133 741 4185 αἰτίαν
772 4133 1095 4183 ἐπυνθάνετο
1123 4132 1186 4182 δι’
1212 4132 1387 4199 ἤνπερ
1420 4132 1777 4201 ἐπεχείρησαν
1804 4134 1892 4185 τὸν

326 4224 607 4291 πατρίκιον
628 4224 853 4276 ἀνελεῖν.
882 4220 967 4292 [Ρ.
996 4219 1121 4292 783]
1146 4221 1263 4272 Τῶν
1281 4220 1337 4272 δὲ
1355 4222 1892 4295 φησάντων,”οτιπερ

326 4316 593 4377 κακόνους
633 4311 701 4385 ἦν
746 4318 810 4384 τῇ
852 4314 1096 4383 βασιλείᾳ
1135 4330 1229 4365 σου
1265 4313 1361 4365 κα)⁸
1391 4316 1455 4383 τῇ
1490 4314 1659 4377 πόλει,
1698 4316 1891 4385 ὄρθρου

332 4410 569 4477 μελετῶν
603 4409 863 4461 εἰσελθεῖν
896 4410 988 4461 καὶ
1014 4410 1221 4470 πάντας
1255 4408 1353 4477 μὲν
1384 4409 1729 4475 κατασφάξαι
1768 4410 1894 4471 τοὺς

1994 3234 2136 3288 fama
2173 3241 2532 3302 praecurrerat
2560 3229 2801 3299 ipsisilue
2831 3226 3036 3282 aditum
3072 3226 3290 3281 fecerat.
3338 3228 3556 3280 Admis-

1991 3341 2111 3380 sum
2147 3308 2443 3392 imperator
2488 3330 2844 3390 percontatur
2891 3336 2990 3373 cur
3043 3336 3148 3372 non
3190 3319 3337 3373 illico
3382 3320 3555 3388 patris

1991 3430 2345 3488 percussores
2377 3412 2644 3482 supplicio
2675 3412 2936 3467 aﬂ'eccrit.
2970 3412 3300 3482 Respondet,
3338 3413 3471 3479 Quia
3505 3421 3558 3465 te

1994 3505 2286 3563 identidem
2344 3504 2664 3557 nominatim
2713 3503 3063 3556 invocabant.
3125 3505 3259 3556 ltinc
3306 3506 3557 3557 absumite

1992 3601 2199 3655 oborta:
2235 3595 2596 3651 Monomacho
2641 3595 3007 3664 suspiciones,
3068 3609 3130 3647 ac
3180 3596 3325 3647 dicto
3391 3597 3555 3647 titius

1993 3690 2148 3745 missi
2204 3688 2295 3757 qui
2353 3687 2563 3739 vinctos
2620 3687 2755 3740 istos
2812 3684 3168 3747 adducercnt,
3224 3700 3556 3751 t‘attsauqure

1993 3784 2230 3854 exquirit
2289 3797 2395 3851 qua
2438 3781 2502 3835 ad
2542 3794 2727 3834 necem
2784 3778 3019 3846 Kegenis
3082 3778 3292 3846 patricii
3357 3779 3557 3831 fllet'ittl.

1995 3876 2234 3945 impulsi.
2273 3873 2350 3926 Illi
2383 3875 2522 3925 hanc
2550 3870 2831 3939 proferunt
2910 3871 3132 3924 inlidum
3168 3870 3399 3938 imperio
3453 3870 3555 3920 Ita.

1995 3980 2159 4018 mano
2218 3963 2384 4017 fuisse
2422 3962 2693 4031 Kegenem
2746 3971 2911 4029 atque
2966 3961 3122 4024 urbi,
3178 3962 3318 4015 etin
3374 3962 3558 4013 anin-n

1995 4052 2253 4105 habuisse
2282 4050 2457 4119 prima
2485 4050 2603 4102 luce
2638 4049 2825 4102 urbem
2879 4049 3109 4118 ingredi,
3163 4048 3559 4114 trucidatisqu

1993 4142 2247 4195 Otullibtls
2278 4143 2367 4208 qui
2398 4142 2545 4194 intus
2580 4148 2786 4204 essent,
2820 4155 2938 4193 eam
2980 4139 3235 4207 diripere,
3292 4149 3453 4207 atque
3492 4142 3558 4192 ad

1994 4231 2309 4285 Palzinaeas
2338 4228 2562 4281 reverti.
2606 4228 2705 4279 Hic
2732 4228 3024 4294 imperator
3046 4243 3169 4279 cum
3203 4227 3480 4295 inquirere
3505 4230 3557 4279 in

1994 4322 2138 4376 dicta
2187 4330 2239 4374 et
2277 4321 2556 4373 veritatem
2616 4320 2948 4387 perscrutari
2981 4318 3232 4379 debebat.
3269 4320 3474 4373 Omissa
3497 4336 3558 4371 ea

1996 4428 2125 4468 cura
2157 4412 2311 4466 fidem
2348 4410 2573 4465 incertis
2598 4419 2651 4465 et
2675 4412 2816 4464 male
2846 4411 3244 4464 cohaerentibus
3268 4412 3560 4465 calumniis

326 4504 492 4565 ἔνδον,
525 4504 991 4573 λαφυραγωγῆσαι
1030 4502 1085 4554 δὲ
1112 4504 1205 4555 καὶ⁵
1252 4501 1349 4572 τὴν
1400 4501 1553 4553 πόλιν
1605 4501 1699 4553 καὶ
1756 4504 1891 4572 πρὸς
1918 4506 1970 4567 D
1996 4506 2060 4560 de

1818 4504 1891 4565 ιὸς
1918 4506 1970 4567 D
1996 4504 2268 4566 deferens,
2335 4502 2607 4571 Kegenem
2648 4502 2699 4555 in
2751 4500 3010 4571 palatium
3049 4500 3413 4555 introductum
3456 4505 3559 4557 sub

323 4592 450 4650 τοὺς
500 4591 843 4652 Πατζινάκας
884 4591 1309 4659 ἐπαναδραμεῖν,
1354 4591 1470 4643 δέον
1517 4589 1767 4652 ἐξετάσαι
1823 4592 1891 4643 τά

325 4681 581 4750 λεχθέντα
624 4681 718 4732 καὶ
767 4682 951 4749 εὑρεῖν
982 4682 1077 4750 τὴν
1107 4681 1383 4751 ἀλήθειαν,
1427 4683 1453 4733 ό
1500 4681 1556 4733 δὲ
1604 4680 1761 4734 τοῦτο
1796 4683 1893 4752 μὲν

324 4774 426 4861 οὐκ
468 4773 741 4836 ἐποίησεν,
786 4772 901 4821 ἀλλ’
942 4771 1255 4835 ἀδεσπότοις
1301 4773 1595 4837 πιστεύσας
1628 4791 1894 4844 συκοφαν-

326 4860 469 4922 τίαις
491 4862 581 4912 καὶ
615 4861 956 4926 ὰσυστάτοις,
994 4861 1083 4912 τὸν
1117 4862 1216 4929 μὲν
1244 4864 1487 4934 Κεγένην
1519 4864 1638 4931 άγει
1673 4866 1801 4934 πρὸς
1829 4866 1897 4919 τά

329 4950 574 5017 βασίλεια
621 4950 714 5003 καὶ
764 4952 820 5003 ἐν
873 4954 1223 5021 προσχήματι
1270 4955 1408 5024 τάχα
1457 4956 1749 5024 θεραπείας
1800 4956 1894 5009 καὶ

331 5039 571 5109 ἰατρείας
596 5044 652 5093 ἐν
686 5045 748 5111 τῇ
783 5042 1103 5113 ἐλεφαντίνη
1144 5043 1514 5114 καθείργνυσι,
1544 5047 1667 5111 τοὺς
1690 5047 1746 5100 δὲ
1770 5046 1895 5099 τού-

328 5150 421 5184 του
462 5133 609 5195 υἱοὺς
638 5136 694 5185 ἐν
735 5134 904 5202 ἑτέρῳ
948 5135 1043 5187 καὶ
1090 5134 1264 5205 ἑτέρῳ
1299 5135 1447 5205 τόπῳ
1491 5138 1753 5206 διίστησιν
1801 5138 1893 5191 ἀπ’

328 5222 518 5277 αὐτοῦ.
551 5224 623 5275 Τὸ
659 5222 713 5275 δὲ
744 5223 943 5292 πλῆθος
986 5224 1096 5276 τῶν
1126 5227 1478 5289 Πατζινάκων
1519 5228 1771 5298 βρώμασι
1803 5232 1895 5282 καὶ

330 5318 536 5383 πὸμασι
558 5318 831 5378 παντοῖοις
856 5315 990 5386 πρὸς
1014 5316 1073 5369 τὺ
1094 5316 1271 5370 δοκεῖν
1292 5319 1493 5373 εὐνοεῖν
1534 5322 1892 5390 ἀνελάμϐανε,

332 5409 592 5471 σπεύδων,
638 5409 688 5460 εί
733 5403 843 5459 οἷόν
884 5425 964 5473 τε,
1006 5407 1111 5461 τῶν
1152 5410 1411 5480 ἁρμάτων
1446 5412 1666 5475 τούτους
1692 5416 1894 5481 ἀπογυ-

330 5500 539 5569 μτῶσαι
558 5502 649 5553 καὶ
674 5500 780 5551 τῶν
809 5500 989 5554 ἵππων
1012 5501 1113 5571 καὶ,
1132 5506 1426 5572 κατασχεῖν
1450 5506 1539 5556 καὶ
1566 5507 1892 5574 φρουρῆσαι,

325 5594 451 5652 τοὺς
497 5590 846 5661 ἐπιθεμένους
880 5591 957 5662 τῷ
991 5592 1135 5661 φόνῳ
1174 5593 1379 5657 ἀνέτως
1416 5597 1508 5647 καὶ
1552 5595 1893 5663 ἐλευθερίως,

327 5682 432 5748 ὅπη
460 5682 551 5731 καὶ
572 5682 644 5744 ὡς
678 5683 975 5751 βούλονται,
1001 5685 1208 5752 διάγειν
1250 5685 1533 5749 κελεύσας.
1572 5688 1681 5740 Καὶ
1722 5689 1891 5742 ἐδόκει

332 5774 427 5839 μὲν
456 5772 623 5825 ταῦτα
654 5775 1090 5843 διαπραξάμενος
1122 5776 1427 5842 λανθάνειν,
1462 5777 1593 5830 ἀλλὰ
1617 5779 1706 5830 τὸν
1730 5778 1895 5850 δῆμον

1996 4595 2295 4649 curationis
2333 4610 2393 4647 ac
2421 4593 2699 4647 medicina:
2716 4592 2894 4660 specie
2917 4593 2969 4645 in
2998 4591 3349 4662 Elephantina
3382 4594 3559 4647 inelu-

1994 4688 2092 4748 dit,
2149 4688 2288 4739 filios
2330 4686 2451 4752 ejus
2480 4700 2508 4737 a
2537 4700 2595 4739 se
2626 4685 2853 4739 invicem
2884 4684 3129 4739 divulsus
3164 4686 3398 4741 diversis
3424 4688 3559 4742 locis

1998 4780 2246 4842 collocat,
2300 4777 2663 4845 simulataque
2694 4776 3094 4837 benevolentia.
3150 4778 3556 4834 multitudinem

1999 4871 2403 4922 l‘atzinacarum
2434 4882 2687 4922 recreans
2716 4866 2822 4920 cibi
2857 4882 2921 4919 ac
2956 4875 3114 4937 potus
3154 4871 3300 4922 omni
3336 4885 3556 4937 genere.

1998 4962 2047 5014 id
2085 4961 2277 5029 qutel‘it
2313 4970 2367 5012 ut
2402 4960 2447 5014 si
2496 4974 2601 5028 qua
2634 4958 2748 5013 fieri
2784 4960 2953 5027 possit
2987 4960 3216 5020 ratione.
3267 4961 3438 5014 armis
3463 4975 3559 5017 eos

1999 5055 2263 5123 equisque
2292 5052 2525 5104 nudatos
2556 5050 2607 5103 in
2640 5051 2946 5105 custodiam
2972 5051 3153 5106 dedat.
3209 5048 3558 5106 Percussori-

1999 5146 2123 5211 bus,
2166 5145 2472 5211 ubicmque
2516 5144 2712 5197 vellent
2750 5143 2918 5195 libere
2964 5142 3191 5211 degcndi
3247 5143 3555 5198 facultatem

1999 5235 2266 5287 concedit.
2320 5230 2484 5303 596
2523 5233 2587 5285 Et
2614 5232 2837 5301 putabat
2883 5247 3015 5286 sane
3061 5247 3165 5286 non
3196 5234 3557 5287 animadverti

1999 5325 2126 5393 quid
2166 5318 2382 5392 agerci:
2414 5324 2505 5377 sed
2541 5322 2855 5375 Patzinacas
2889 5331 3071 5377 tamen
3098 5324 3320 5378 minime
3348 5323 3555 5377 fefellit.

2000 5413 2131 5467 Nam
2194 5414 2327 5465 nihil
2384 5414 2507 5466 boni
2551 5414 2845 5483 significari
2910 5429 2973 5468 eo
3037 5414 3361 5482 judicabant
3414 5416 3557 5482 quod

1998 5506 2192 5559 ducem
2246 5506 2490 5572 ipsorum
2550 5505 2829 5558 detinebat
2863 5520 2925 5557 ac
2960 5504 3103 5572 quod
3138 5505 3274 5558 filios
3300 5506 3417 5572 cius
3448 5507 3561 5559 dis-

1995 5598 2287 5665 junxcrat;
2343 5604 2395 5647 ct
2434 5597 2733 5649 libertatem
2770 5597 3187 5664 percussoribus
3237 5599 3558 5665 peruris'SaIIt

2002 5704 2097 5757 pro
2146 5695 2331 5753 aperto
2383 5688 2778 5741 malevolentia!
2826 5692 2982 5755 signo
3025 5688 3311 5739 habebam.
3374 5687 3559 5764 Itaque:

2000 5795 2059 5834 ea
2092 5793 2210 5848 qua:
2246 5778 2602 5831 mittebantur
2633 5780 2700 5833 ab
2728 5781 3055 5847 imperatore
3099 5792 3234 5831 artis
3270 5781 3457 5847 pretiis
3508 5789 3559 5833 et
