4410 6442
437 391 546 453 333

1528 393 2064 453 HISTORIAHITM
2097 395 2629 457 (.(lMl’ENDlUM.

438 498 667 564 Γλαΰᾶς,
704 495 1082 568 τοποτηρητὴς
1108 496 1184 548 ὢν
1208 496 1302 550 τοῦ
1334 497 1617 569 τάγματος
1645 502 1754 554 τῶν
1784 502 2009 570 σχολῶν,
2053 502 2130 562 είς
2183 502 2439 571 βοήθειαν
2476 524 2483 531 ·

3594 406 3703 469 336

2538 505 2633 557 καὶ
2707 507 2907 569 ἰδόντες
2987 510 3198 576 τοῦτον,
3251 513 3343 567 καὶ
3404 514 3703 584 προσδοκή-

438 609 628 651 σαντες
664 592 755 643 τδν
798 589 1094 656 σύγκελλον
1132 588 1413 642 Βασίλειον
1456 592 1594 660 μετὰ
1636 592 1742 643 τῶν
1786 590 2170 659 Βουλγαρικὼν
2214 594 2509 661 ἀφικέσθαι
2594 596 2879 668 δυνάμεων
2954 602 3349 672 (προσεδοκᾶτο
3420 605 3531 676 γὰρ
3608 609 3702 657 καὶ

435 685 589 749 οὗτος
632 685 828 756 ἐλθεῖν)
860 684 955 737 καὶ
977 685 1351 748 δειλιάσαντες
1403 687 1453 738 οί
1505 686 1835 747 Πατζινάκοι
1892 685 2158 754 σποραδες
2212 688 2371 749 ἄλλος
2445 690 2682 762 ἀλλαχοῦ
2766 693 3062 762 φεύγοντες
3120 696 3526 767 ὑπεχώρησαν,
3581 698 3703 771 [καὶ

442 780 672 833 πανσυδι
705 780 770 833 ἂν
804 779 1075 833 ἀπολώλει
1098 782 1126 832 6
1148 778 1258 832 τῶν
1301 781 1591 849 Ῥωμαίων
1623 782 1852 850 στρατός
1890 780 1990 850 (a)}

519 876 764 942 Ἐγένετο
808 873 866 925 δέ
924 872 1067 926 κατὰ
1120 874 1311 925 τοῦτον
1339 876 1430 926 τὸν
1456 875 1649 944 χρόνον
1684 878 1777 927 καί
1827 894 1997 945 τυραι
2054 891 2089 936 Α

437 967 579 1029 νίδος
631 964 854 1034 διαϐολὴ
914 964 1057 1017 κατά
1108 981 1269 1017 τινων
1322 966 1601 1034 ἀρχόντων
1651 966 1906 1031 πολιτῶν,
1945 962 2019 1019 ὧν

438 1061 659 1128 ἐξαρχοι
685 1057 983 1127 ἐτύγχανον
1013 1057 1325 1127 Νικηφόρος
1366 1058 1459 1110 καὶ
1506 1059 1724 1128 Μιχαὴλ
1759 1061 1808 1111 οἱ
1834 1060 2021 1122 παῖδες

437 1151 529 1202 τοῦ
562 1148 864 1219 Εὑθυμίου,
884 1148 975 1200 καὶ
1007 1146 1156 1200 ἄλλοι
1186 1147 1329 1209 τινὲς
1355 1147 1466 1199 τῶν
1496 1149 1574 1210 εἰς
1601 1148 1661 1200 τὸ
1702 1148 1835 1201 αὑτὸ
1868 1149 2023 1216 γένος

438 1243 845 1313 ἀναφερόντων.
895 1239 1035 1291 Ἀλλ’
1064 1241 1111 1291 οἱ
1142 1240 1239 1309 μὲν
1262 1238 1412 1292 ἄλλοι
1434 1240 1636 1302 πάντες
1661 1240 2020 1309 διεσώθησαν,

443 1337 606 1405 μόνος
646 1335 703 1387 δέ
749 1334 777 1385 6
808 1332 1122 1402 Νικηφόρος
1174 1332 1617 1402 ἀνεξερευνήτως
1666 1335 2022 1403 κατακριθεὶς

437 1424 733 1494 ἐξωρίσθη,
768 1425 867 1492 τῆς
894 1422 1079 1485 οὐσίας
1110 1422 1279 1475 αὑτοῦ
1323 1424 1590 1493 πρότερον
1630 1424 2017 1494 δημευθείσης.

511 1516 594 1587 μ’.
639 1514 767 1586 787]
805 1514 996 1579 Ὅπως
1037 1512 1096 1567 δὲ
1149 1514 1261 1567 τῶν
1313 1514 1669 1579 Πατξινάκων
1722 1516 2020 1583 ἐπικρατέ·

440 1625 606 1678 στερα
650 1609 879 1675 γένηται
914 1606 985 1659 τὰ
1028 1606 1315 1675 Ῥωμαίων
1343 1608 1371 1659 6
1410 1607 1663 1676 βασιλεὺς
1693 1608 2016 1679 φροντίζων,

435 1702 527 1753 τὸν
568 1698 815 1767 Κεγένην
856 1696 1042 1765 ἐξάγει
1076 1698 1177 1766 τῆς
1208 1698 1459 1767 φυλακῆς
1505 1701 1600 1752 καὶ
1643 1700 1698 1761 ἐς
1751 1700 2021 1764 Πατζινά-

435 1810 565 1853 κους
595 1791 894 1858 ἐκπέμπει,
925 1790 1300 1858 ὑποσχόμενον
1334 1791 1612 1861 διασχίσαι
1654 1790 1878 1853 τούτους
1925 1791 2019 1843 καὶ

436 1879 623 1941 εὖνους
657 1878 827 1931 θεῖναι
861 1878 939 1946 τῷ
974 1877 1206 1945 βασιλεῖ.
1248 1880 1359 1931 Καὶ
1388 1879 1453 1931 τά
1484 1881 1813 1948 συμμαχικὰ
1842 1880 2019 1932 πάντα

436 1969 797 2038 συναθροίσας
829 1969 919 2037 ὑφ’
956 1968 1035 2032 ἐν,
1069 1968 1353 2037 Φράγγους
1387 1969 1529 2038 φημί
1566 1970 1658 2021 καὶ
1681 1969 2016 2039 Βαράγγους,

441 2060 939 2128 μεταπεμψάμενος
997 2060 1054 2111 δέ
1113 2060 1209 2112 καὶ
1264 2061 1626 2125 ἱπποτοξότας
1672 2060 1782 2114 ἀπό
1822 2077 1880 2111 τε
1921 2061 2019 2130 τῆς

432 2154 637 2223 Τελοίιχ
678 2154 773 2205 καὶ
816 2152 909 2207 τοῦ
947 2152 1175 2222 Μαύρου
1218 2152 1375 2222 ὅρους
1428 2156 1520 2206 καὶ
1565 2154 1661 2206 τοῦ
1696 2154 2015 2223 Καρκάρου,

435 2245 564 2314 περὶ
614 2247 709 2305 τὰς
750 2245 927 2296 εἰκοσι
974 2243 1240 2313 χιλιάδας,
1283 2245 1378 2296 καὶ
1423 2244 1682 2314 ἀνδράσιν
1722 2246 2017 2314 ἐπισήμοις

433 2337 541 2389 τῶν
570 2336 745 2402 γενῶν
776 2336 1009 2388 ἕκαστον
1040 2334 1283 2397 ἀναθεὶς,
1315 2335 1411 2387 κα)⁵
1445 2336 1537 2387 ἐπὶ
1570 2338 1734 2389 πᾶσιν
1774 2339 2017 2407 ἡγεμόνα

434 2430 787 2497 καταστήσας
818 2428 909 2479 τὸν
938 2430 1228 2499 πατρίκιον
1259 2431 1574 2499 Νικηφόρον
1605 2431 1695 2484 τὸν
1729 2433 2015 2501 Βρυέννιον

435 2522 528 2571 καί
578 2520 847 2590 ἐθνάρχην
894 2520 1086 2574 τοῦτον
1150 2524 1551 2590 κατονομάσας,
1602 2524 1702 2585 τὰς
1743 2522 2016 2591 ἐκδρομὰς

434 2614 711 2680 ἐκπέμπει
753 2610 984 2664 κωλύειν
1023 2615 1114 2665 καὶ
1174 2615 1391 2682 ἐπέχειν
1456 2616 1564 2667 τῶν
1618 2615 1972 2677 Πατζινάκων
2000 2632 2014 2645 ⁸

433 2698 578 2755 οὗτοι
624 2703 732 2773 γὰρ
769 2703 909 2772 μετὰ
935 2704 1033 2773 τὴν
1068 2707 1128 2756 ἐν
1190 2704 1629 2774 Ἀδριανουπόλει
1685 2705 1865 2775 μάχην
1919 2722 2015 2757 κα-

430 2799 871 2863 ταρρονήσαντες
900 2796 1200 2866 ὁλοσχερῶς
1227 2796 1335 2848 τῶν
1384 2796 1671 2865 Ῥωμαίων
1708 2797 1880 2859 ἀδεῶς
1916 2800 2014 2867 τήν

432 2902 491 2937 τε
528 2887 868 2939 Μακεδονίαν
893 2890 989 2941 καὶ
1029 2888 1251 2958 Θρᾴκην
1286 2890 1471 2959 ἐδῄουν
1513 2890 1606 2941 καὶ
1652 2891 2011 2959 ἐπυρπόλουν,

434 2979 784 3047 ἀναιροῦντες
802 2980 1067 3042 ἀνοίκτως
1100 2982 1191 3032 καὶ
1226 2982 1367 3033 αὑτὰ
1394 2983 1459 3033 τα
1484 2982 1785 3050 θηλάζοντα
1820 2984 2010 3051 νήπια,

430 3070 506 3132 ὡς
558 3076 647 3123 καί
684 3072 815 3142 μίαν
855 3074 1037 3125 αὐτῶν
1090 3076 1285 3141 μοῖραν
1320 3074 1448 3143 ἄχρι
1491 3074 1602 3125 τῶν
1640 3074 2013 3141 Κατασύρτιινν

433 3165 687 3231 (ἔγγιστα.
724 3163 779 3216 δὲ
819 3165 865 3217 οἱ
919 3164 1274 3233 Κατασύρται
1317 3166 1416 3234 τῆς
1471 3165 1764 3236 βασιλίδος)
1813 3166 2010 3219 ἐλθεῖν.

447 3252 609 3304 Ἀλλὰ
636 3252 842 3305 τούτων
872 3253 971 3323 μὲν
1000 3254 1033 3321 ἡ
1079 3254 1431 3324 καταστροφὴ
1466 3256 1739 3325 ταχυτάτη
1774 3256 2009 3323 ἐγένετο.

434 3345 576 3396 Λαδν
598 3344 706 3413 γὰρ
730 3346 758 3396 6
788 3344 1043 3413 βασιλεὺς
1076 3344 1304 3407 ὁπλίσας
1334 3346 1443 3399 ἀπό
1469 3363 1527 3396 τε
1558 3346 1667 3397 τῶν
1698 3348 1755 3399 ἐν
1778 3350 1842 3415 τῇ
1872 3349 2010 3416 αὐλῇ

433 3438 816 3505 φυλασσόντων
848 3437 941 3490 καί
986 3454 1149 3490 τινων
1188 3438 1363 3491 ἄλλων
1413 3441 1476 3491 ἐκ
1520 3439 1616 3491 τοῦ
1652 3440 2009 3510 παρείκοντος

433 3528 786 3595 εὑρεθέντων,
824 3530 918 3581 καὶ
956 3530 1176 3597 Ἰωάννῃ
1208 3530 1486 3599 πατρικίῳ
1516 3531 1595 3582 ἐνὶ
1626 3530 1732 3581 τῶν
1756 3530 2006 3598 θαλαμη-

436 3619 612 3669 πόλων
660 3618 932 3687 εὐνούχων
974 3622 1073 3689 τῆς
1122 3619 1392 3689 βασιλίδος
1422 3623 1598 3691 Ζωῆς,
1719 3622 2009 3690 Φιλόσοφος

432 3714 493 3761 τὸ
545 3715 853 3781 ἐπώνυμον,
910 3713 1249 3782 ἐγχειρίσας,
1306 3715 1711 3784 κατειργάσατο
1764 3716 1958 3786 ῥαδίως
1993 3732 2006 3746 ο

2199 878 2316 931 ιιυρ
2348 887 2475 934 item
2510 888 2753 948 tempore
2794 880 3059 936 adfectata:
3108 883 3412 952 tyrannidis
3453 896 3698 942 accusatt

2130 979 2256 1024 sunt
2284 972 2501 1040 quidam
2544 973 2716 1037 cives,
2748 990 2982 1042 qttorum
3032 976 3306 1045 principes
3341 986 3503 1030 erant
3541 976 3704 1031 Nice-

2128 1062 2336 1129 phorus
2375 1070 2429 1115 et
2463 1060 2717 1124 Michael,
2765 1062 3043 1133 Euthymii
3083 1063 3202 1129 ﬁlii,
3249 1074 3301 1118 et
3344 1066 3436 1118 alii
3477 1066 3700 1136 quidam

2127 1152 2191 1204 ad
2217 1150 2361 1203 idem
2394 1165 2567 1222 genus
2593 1150 2895 1207 referentes
2919 1154 3209 1221 originem.
3240 1154 3344 1208 Sed
3380 1157 3473 1210 alii
3504 1172 3703 1212 omnes

2126 1244 2325 1298 Servati
2352 1253 2502 1306 sunt,
2530 1246 2681 1299 solus
2712 1253 2893 1300 autem
2928 1244 3271 1316 Nicephorus
3296 1247 3496 1303 indicta
3532 1264 3699 1304 causa

2124 1332 2522 1386 condemnatus
2554 1333 2605 1385 in
2629 1335 2880 1388 exsilium
2930 1335 3133 1391 missus
3161 1347 3265 1401 est,
3318 1337 3476 1407 prius
3516 1348 3698 1393 tamen

2123 1434 2240 1482 ('JHS
2270 1421 2426 1473 bonis
2456 1420 2766 1488 publicatis.

2199 1509 2500 1580 Imperator
2531 1524 2712 1565 autem
2744 1514 2794 1566 id
2840 1530 3006 1567 unum
3032 1517 3255 1571 studens
3298 1525 3353 1571 ut
3379 1532 3467 1572 res
3496 1516 3698 1571 Roma-

2125 1620 2319 1656 norum
2383 1604 2697 1673 superiores
2755 1615 2980 1670 essent,
3060 1607 3329 1677 Kegenem
3392 1625 3422 1664 c
3474 1624 3698 1664 carcere

2123 1696 2381 1749 eductum
2429 1696 2495 1749 ad
2552 1696 2875 1751 Patzinacas
2910 1699 3095 1765 mittit,
3135 1700 3435 1768 pollicitum
3485 1716 3581 1755 eos
3627 1704 3694 1755 ad

2124 1788 2472 1855 imperatoris
2494 1789 2926 1842 benevolentiam
2949 1805 3005 1843 se
3027 1792 3408 1843 traducturunt
3431 1808 3445 1857 ;
3465 1784 3700 1845 opacus-

2122 1892 2229 1946 que
2256 1878 2309 1929 in
2354 1893 2522 1931 unum
2558 1880 2726 1933 sociis
2757 1879 3034 1944 omnibus,
3069 1878 3311 1944 Francis,
3336 1881 3583 1950 inquam,
3641 1891 3697 1935 et

2124 1969 2414 2037 Barangis,
2444 1972 2726 2025 accersitis
2773 1980 2955 2027 autem
3007 1980 3061 2026 et
3116 1974 3389 2042 equitibus
3420 1987 3449 2026 a
3489 1973 3695 2027 Teluch

2121 2070 2174 2115 et
2206 2060 2390 2115 Mauro
2422 2069 2607 2115 monte
2638 2061 2970 2122 etCarcaro.
3007 2077 3131 2117 cum
3181 2065 3516 2133 praefecisset
3562 2066 3697 2118 viris

2125 2150 2432 2205 illustribus
2488 2166 2550 2204 ex
2606 2151 2837 2221 singulis
2868 2152 3122 2221 gentibus
3182 2169 3376 2218 unum,
3438 2155 3695 2209 omnbus

2050 2226 2090 2281 Β
2123 2254 2299 2297 autem
2341 2245 2534 2297 ducem
2569 2245 2861 2312 patricium
2896 2245 3055 2315 603
3084 2244 3456 2315 Nicephorum
3492 2246 3698 2315 Bryen-

2124 2335 2297 2401 nium,
2338 2350 2500 2405 quem
2531 2336 2923 2399 ethnarcham,
2978 2337 3029 2389 id
3083 2345 3165 2391 est
3203 2340 3444 2408 gentium
3490 2341 3699 2408 princi-

2125 2441 2269 2494 pem,
2311 2426 2627 2493 appellavit,
2662 2424 2727 2478 ad
2756 2425 3127 2493 prohibendus
3158 2436 3210 2480 et
3248 2426 3694 2495 comprimendas

2119 2520 2478 2572 excursiones
2526 2517 2939 2572 Patzinacarum
2992 2518 3175 2574 mittil.
3228 2517 3289 2571 lli
3349 2521 3494 2574 enim
3569 2529 3692 2588 pOst

2120 2608 2508 2679 Adrianupolis
2559 2624 2792 2679 pugnam
2844 2610 3072 2662 omnino
3102 2611 3380 2678 aspernati
3421 2608 3697 2667 Romanos

2124 2703 2290 2756 libere
2347 2716 2408 2753 ac
2473 2701 2591 2755 sine
2647 2711 2790 2755 metu
2856 2700 3230 2756 Macedoniam
3290 2712 3344 2756 et
3406 2701 3695 2757 Thraciam

2122 2796 2381 2863 diripere,
2416 2795 2730 2859 incendere,
2769 2795 3027 2857 infantes,
3064 2797 3146 2850 vel
3193 2797 3357 2850 etiam
3393 2797 3474 2850 Iac
3498 2812 3700 2867 sugen-

2122 2899 2225 2948 tes,
2286 2889 2622 2951 interﬁcere,
2680 2889 2828 2940 nulla
2880 2888 3259 2943 misericordia
3316 2890 3473 2950 moti,
3528 2891 3602 2942 ita
3636 2901 3695 2943 ut

2119 2983 2279 3033 etiam
2310 2996 2436 3048 pars
2464 2981 2704 3048 ipsorum
2739 2996 2909 3048 usque
2936 2979 3005 3032 ad
3036 2980 3355 3051 Catasyrtas
3409 2982 3502 3049 qui
3569 2996 3695 3050 pro-

2120 3074 2259 3125 xime
2314 3072 2501 3125 urbem
2559 3079 2710 3132 sunt,
2774 3072 3005 3124 vtnerit.
3073 3070 3269 3125 Verum
3317 3072 3371 3125 hi
3408 3072 3696 3125 celerrime

2118 3163 2417 3229 perierunt.
2458 3158 2617 3212 Manu
2643 3162 2786 3213 enim
2820 3162 3119 3229 imperator
3145 3163 3691 3220 hominumarmatn.

2118 3254 2347 3306 collecta
2380 3268 2443 3305 ex
2477 3253 2673 3306 aulicis
2697 3253 3021 3305 custodibus
3052 3254 3284 3321 aliisque
3315 3254 3450 3307 forte
3474 3254 3693 3315 oblatis,

2116 3345 2160 3396 ei
2193 3343 2415 3412 praeﬁcit
2453 3340 2714 3395 Joannem
2750 3343 3059 3410 patricium,
3108 3344 3430 3411 COgnomine
3455 3344 3696 3397 Philoso-

2117 3438 2304 3505 phum,
2336 3450 2501 3487 umun
2536 3433 2603 3487 de
2654 3433 2925 3488 eunuchis
2972 3433 3326 3489 cubiculariis
3358 3435 3480 3488 Zoze
3509 3437 3694 3506 Angu-

2116 3540 2214 3585 sta:
2248 3546 2261 3581 :
2302 3530 2391 3597 qui
2425 3540 2588 3581 noctu
2611 3542 2705 3581 eos
2734 3529 2817 3581 chi
2838 3528 2915 3579 ins
2946 3543 3136 3581 omnes
3167 3543 3231 3582 ac
3260 3531 3468 3597 scpitos
3496 3540 3693 3583 nactus

2139 3627 2289 3679 nullo
2346 3624 2562 3693 negotio
2619 3620 2913 3680 interﬁcit.
2970 3629 3022 3673 et
3083 3622 3262 3689 capita
3314 3637 3502 3675 eorum
3567 3636 3695 3675 cur-

2125 3718 2276 3770 ribus
2328 3715 2545 3766 rnsticis
2613 3712 2861 3778 Imposita
2917 3711 2982 3762 ad
3029 3710 3410 3778 imperatorem
3456 3712 3693 3766 advexit.

438 3810 627 3869 νυκτὸς
671 3808 779 3875 γὰρ
830 3799 981 3867 οὗτος
1037 3804 1278 3857 ἐπελθὼν
1339 3805 1439 3857 κοιί⁵
1480 3805 1779 3873 μεθύοντας
1818 3807 1913 3858 καὶ
1954 3806 2329 3876 κοιμωμένους
2376 3805 2582 3861 πάντας
2620 3799 2794 3869 εὑρὼν
2822 3799 3127 3866 ἀπέσφαξε,
3178 3803 3272 3853 καὶ
3304 3803 3400 3865 τας
3451 3802 3693 3870 κεφαλὰς

436 3904 615 3956 αὑτῶν
691 3902 930 3972 ἀμάξαις
1010 3904 1347 3971 γεωργικαῖς
1420 3902 1625 3964 ἐπιθεὶς

520 4000 576 4051 Ὀ
615 3999 712 4067 μέν
754 3994 845 4052 οὖν
875 3998 1117 4066 Κεγένης
1156 3997 1387 4061 ἐξελθὼν
1413 3998 1867 4069 διαπρεσϐεύεται
1889 4005 2003 4063 τοῖς

436 4093 817 4156 Πατζινάκοις,
864 4091 1195 4144 καὶτούτων
1247 4090 1632 4159 ὑποσχομένων
1679 4090 1795 4157 μεθ’
1840 4093 2003 4160 ὅρκου

435 4183 681 4250 ποιήσειν
730 4180 793 4231 τὸ
826 4180 990 4233 αὑτοῦ
1039 4181 1272 4249 θέλημα,
1322 4179 1620 4243 πιστεύσας
1664 4184 1776 4244 τοῖς
1823 4182 2005 4251 ὅρκοις

438 4276 530 4325 καὶ
584 4272 832 4323 ἀπελθὼν
897 4272 1059 4333 εὐθὺς
1114 4274 1440 4339 ἀναιρεῖται,
1508 4273 1876 4341 κατατμηθεὶς
1929 4276 2008 4333 είς

442 4368 610 4436 μικρὰ
649 4367 787 4435 μέρη
835 4367 929 4417 καὶ
965 4367 1147 4434 μόρια.
1192 4364 1253 4416 Ὀ
1303 4365 1359 4417 δὲ
1400 4364 1809 4435 Βρυέννιοςιτὰς
1842 4368 2009 4435 ἐμπι-

443 4458 756 4520 στευθείσας
788 4458 938 4528 αὑτῷ
974 4456 1303 4526 παραλαϐὼν
1321 4457 1575 4527 δυνάμεις
1594 4460 1685 4511 κα)⁵
1706 4460 1762 4511 ἐν
1792 4459 2007 4529 Ἀδρια-

439 4551 681 4601 νουπόλει
718 4550 1005 4617 γενόμενος
1037 4548 1321 4617 ἐφρόντιζε
1352 4550 1451 4617 τῆς
1484 4551 1730 4620 φυλακῆς
1758 4550 1865 4602 τῶν
1902 4570 2007 4620 χωρ

444 4643 591 4708 ρίων.
624 4641 911 4693 Στέλλεται
939 4641 994 4691 δέ
1030 4643 1120 4690 καὶ
1160 4640 1254 4691 τοῦ
1287 4640 1487 4700 παντὸς
1521 4641 1743 4709 ἡγεμὼν
1775 4642 2005 4710 στρατοῦ

440 4733 656 4801 Μιχαὴλ
698 4732 981 4801 πατρίκιος
1021 4733 1048 4781 6
1096 4732 1410 4794 Ἀκόλουθος
1466 4732 1601 4800 (42),
1650 4733 2005 4803 προσταχθεὶς

439 4822 493 4873 δὲ
546 4823 638 4873 καὶ
698 4822 859 4883 αὑτὸς
907 4821 1198 4890 καθολικῆς
1236 4824 1334 4889 μὲν
1383 4824 1559 4891 μάχης
1613 4826 1689 4893 μὴ
1723 4824 2008 4886 ἅπτεσθαι,

1718 3904 1935 3973 κομίζει
1959 3906 2035 3975 τῷ
2060 3903 2293 3975 βασιλεῖ.

2178 4002 2426 4068 Kegenes
2440 4010 2565 4064 ergo
2587 4012 2839 4062 egreSsus
2862 3997 3066 4065 legatos
3081 3994 3144 4047 ad
3167 3992 3489 4046 Patzinacas
3507 3993 3691 4058 mittit;

2107 4092 2197 4160 qui
2238 4105 2362 4144 cum
2400 4086 2754 4155 jurejurando
2788 4089 3210 4141 conﬁrmassent
3250 4100 3311 4139 se
3368 4084 3539 4151 ipsius
3593 4098 3693 4137 vo-

2111 4182 2309 4236 luntati
2361 4179 2797 4242 satislacturum,
2857 4177 3088 4231 credens
3118 4178 3431 4242 juramento
3482 4173 3550 4227 ad
3597 4189 3693 4227 eos

2111 4290 2170 4329 se
2201 4272 2431 4337 confert,
2472 4271 2770 4339 statimque
2802 4269 3150 4333 interﬁcitur,
3190 4269 3241 4322 in
3276 4269 3446 4321 multa
3480 4268 3692 4321 minuta

2112 4367 2365 4420 concisus
2404 4362 2597 4416 frusta.
2642 4361 2944 4432 Bryennius
2989 4377 3150 4430 porro
3183 4360 3369 4429 copias
3401 4359 3503 4415 sibi
3542 4373 3693 4412 com-

2108 4460 2299 4514 missas
2327 4454 2625 4525 accipiens,
2664 4464 2721 4506 ut
2750 4454 3140 4521 Adrianopolin
3172 4454 3339 4518 venit,
3374 4453 3694 4509 custodien-

2102 4548 2187 4602 dis
2224 4548 2358 4601 locis
2392 4562 2582 4599 curam
2632 4544 2919 4614 impendit.
2959 4542 3190 4597 Mittitur
3227 4544 3393 4597 etiam
3448 4544 3694 4597 universi

2106 4643 2215 4693 dux
2255 4643 2553 4704 exercitus,
2590 4637 2885 4691 MichaeIUs
2924 4636 3189 4705 patricius
3218 4636 3565 4701 Acoluthus;
3601 4639 3693 4691 cui

2114 4736 2283 4803 etipsi
2310 4734 2618 4786 mandatum
2648 4730 2749 4783 fuit
2772 4729 2992 4796 utjnsto
3014 4726 3195 4796 prazlio
3216 4726 3379 4798 605
3408 4728 3694 4781 abstinens

2120 4828 2474 4881 excursiones
2504 4825 2742 4879 hostium
2778 4823 3118 4891 reprimeret.
3166 4821 3211 4876 Is
3249 4838 3373 4875 cum
3425 4820 3695 4893 Bryenniu

441 4913 644 4983 εἵργειν
680 4911 735 4964 δέ
767 4914 858 4963 καί
889 4912 1216 4963 ἀνακόπτειν
1259 4911 1355 4974 τὰς
1390 4913 1680 4981 ἐκδρομὰς.
1728 4916 1821 4975 Ὃς
1861 4913 2011 4977 ἐξελ·
2042 4904 2090 4963 D
2118 4936 2177 4974 se

1953 4913 2011 4965 λ-
2042 4904 2090 4963 D
2118 4936 2177 4974 se
2221 4918 2624 4986 conjunxisset,
2685 4930 2793 4968 rem
2852 4931 3039 4984 gerere
3086 4913 3294 4982 incipit.
3345 4912 3422 4967 Ac
3454 4912 3692 4982 primum

442 5003 549 5055 θὼν
584 5004 676 5056 καὶ
708 5004 785 5072 τῷ
837 5005 1109 5074 Βρυεννίῳ
1160 5004 1378 5064 ἐνωθεὶς
1432 5005 1598 5073 ἔργου
1642 5007 1864 5075 ἥπτετο,
1902 5008 2014 5070 ,καὶ

445 5096 706 5164 πρότερον
736 5096 836 5163 μὲν
866 5098 923 5147 ἐν
957 5096 1124 5168 Γολόῃ
1172 5097 1272 5166 μιᾷ
1318 5096 1482 5167 μοίρᾳ.
1520 5098 1625 5149 τῶν
1664 5099 2013 5161 Πατζινάκων

444 5186 753 5255 περιτυχὼν
802 5187 892 5238 καὶ
947 5187 1151 5256 ταύτην
1194 5187 1533 5256 τρεψάμενος
1574 5189 1856 5257 ἠφάνισεν,
1894 5185 2015 5242 εἶτα

444 5279 603 5330 πάλιν
635 5282 689 5329 ἐν
724 5278 801 5347 τῷ
835 5279 1117 5348 Τοπλιτξῴ
1145 5281 1427 5350 (φρούριον
1469 5281 1524 5333 δὲ
1554 5276 1707 5344 οὗτος
1747 5284 1893 5352 παρὰ
1922 5284 2012 5335 τὸν

447 5368 643 5437 Ἱζδρον
671 5370 944 5438 κείμενον)
976 5370 1168 5437 ἑτέραν
1198 5371 1482 5425 ἀποσπάδα
1531 5375 1723 5440 μοῖραν
1748 5371 1855 5425 τῶν
1898 5376 2009 5427 Πα-

2116 5010 2258 5078 apud
2292 5010 2516 5062 Goloam
2563 5008 2614 5059 in
2669 5008 2946 5060 cohortem
2980 5004 3394 5059 Patzinacarum
3446 5005 3691 5058 ineiJcns

2116 5116 2233 5154 eam
2276 5101 2436 5154 delet.
2480 5098 2684 5153 Deinde
2720 5114 2933 5152 rursum
2970 5098 3034 5150 ad
3063 5095 3389 5165 Toplitzutn,
3430 5096 3574 5165 quod
3607 5105 3694 5149 est

2117 5194 2401 5247 castellum
2437 5190 2503 5244 ad
2539 5190 2779 5244 Hebrum
2821 5192 3008 5253 situm,
3054 5190 3212 5241 aliam
3247 5188 3526 5243 cohortem
3567 5186 3694 5239 Pat-

2120 5283 2431 5338 zinacarum
2468 5298 2497 5336 a
2528 5284 2753 5352 reliquis
2781 5285 3021 5337 avulsam
3056 5291 3245 5337 nactus
3278 5281 3550 5335 interﬁcit.
3586 5280 3691 5333 Ex-

2121 5376 2246 5431 inde
2273 5376 2581 5430 Patzinacae
2610 5379 2676 5429 ali
2706 5376 2792 5429 liis
2823 5374 2995 5443 copiis
3024 5374 3127 5428 sibi
3159 5383 3415 5429 caventes
3444 5373 3692 5444 pepulari

1600 5510 1951 5567 XYLANDRI
1986 5512 2072 5567 ET
2112 5514 2323 5570 GOABI
2365 5514 2596 5572 ΝΟΤᾹΞ.

516 5623 630 5687 (ἀεὶ)
667 5620 907 5693 Codinns
942 5622 1009 5677 de
1050 5620 1200 5693 Ome.
1230 5622 1343 5693 (3.5
1374 5638 1388 5675 :
1435 5620 1493 5671 Ὀ
1543 5621 1837 5684 ἀκόλουθος
1872 5623 2013 5693 εὑρίο

451 5707 639 5745 σκεται
684 5694 781 5760 μέν
815 5692 995 5762 ἐνοχος
1029 5692 1136 5743 τῶν
1162 5691 1484 5762 Βαρὰγγων,
1521 5693 1804 5745 ἀκολουθεῖ
1845 5693 1900 5743 δέ
1932 5691 2012 5762 τῷ

2122 5624 2333 5697 βασιλεῖ
2362 5624 2674 5697 ἔμπροσθεν
2724 5623 2925 5677 αὐτῶν.
2964 5624 3061 5675 Διά
3110 5638 3185 5673 τοι
3235 5620 3397 5672 τοῦτο
3445 5623 3537 5673 καὶ
3570 5622 3693 5675 ὁκό-

2120 5696 2306 5758 λουθος
2337 5696 2578 5764 λέγεται.
2605 5696 2778 5749 Gesn.

509 5788 580 5845 (a)
610 5790 728 5852 Quae
761 5789 956 5852 uncinis
979 5787 1293 5852 inclusimus,
1327 5788 1436 5852 loco
1462 5793 1853 5852 suq_mola‘esse
1884 5788 2133 5851 videntur,
2167 5789 2565 5852 retrahendaque
2617 5791 2846 5851 Superius
2868 5794 2981 5838 ante
3022 5797 3111 5835 sex
3159 5785 3329 5845 lineas,
3378 5796 3555 5848 nempe
3583 5794 3693 5848 post

448 5851 553 5901 haec
582 5850 727 5898 verba
758 5852 837 5897 καὶ
860 5850 980 5911 τάχα
1008 5852 1061 5897 ἂν
1091 5849 1273 5909 ἐγένετο
1298 5849 1499 5899 τοῦτο...
1534 5848 1673 5899 Eon.
1703 5848 1915 5899 Pnaoc.
