4410 6442
744 433 849 496 339

2033 426 2354 487 GEORGII
2400 425 2733 487 CEDRENI

3886 423 3992 487 3ίο

748 543 1032 611 Mangauis
1062 556 1180 611 qua:
1214 550 1498 607 vocantur,
1533 540 1990 597 deuomiuandunt
2022 556 2049 593 a
2082 548 2319 610 martyre
2350 544 2396 600 Α
2425 540 2489 591 λε·

2252 554 2319 595 το
2350 544 2396 600 Α
2425 540 2690 609 λεγόμενα
2730 538 3002 606 Μάγγανα
3036 536 3123 589 ἐπ’
3162 536 3387 606 ὀνόματι
3425 535 3519 589 τοῦ
3551 536 3705 603 ἀγίου
3759 537 3993 605 μεγάλου

745 635 1001 704 Georgio,
1028 631 1305 702 productis
1336 633 1495 687 modo
1521 632 1841 686 mdilicando
1868 631 2026 685 modo
2055 630 2319 686 diruendo

748 730 816 782 iis
853 744 972 799 qua:
1010 734 1166 780 erant
1200 727 1254 781 in
1294 729 1489 781 aerario
1518 727 1795 791 omnibus,
1843 725 1910 779 ad
1939 740 2187 796 magnam
2225 740 2318 794 pe-

747 822 921 873 ruuizc
952 819 1306 889 indigentiam
1333 819 1556 874 decidit.
1593 818 1823 887 Ideoque
1851 817 2002 871 varia
2029 817 2319 871 admodum

746 911 1089 980 cauponandi
1132 927 1328 981 genera
1382 912 1583 979 reperit
1635 920 1688 965 et
1737 910 2003 965 absurdas
2046 925 2324 964 commen-

747 1000 1002 1069 titiasque
1032 1003 1368 1055 exactiones.
1403 999 1537 1053 Nam
1573 1000 1821 1070 publicos
1855 1000 2091 1055 instituit
2122 1015 2321 1069 procu-

746 1103 976 1157 ratores,
1026 1094 1264 1147 nefarios
1306 1093 1575 1157 homines,
1621 1108 1851 1162 quorum
1889 1108 2053 1163 opera
2102 1092 2321 1160 injustis

743 1184 1048 1238 rationibus
1081 1184 1367 1253 pecuniam
1412 1187 1703 1237 tonliceret
1731 1202 1745 1247 ;
1772 1195 1823 1239 et
1852 1184 2121 1239 lbericum
2166 1199 2320 1239 exer—

743 1278 934 1338 citum,
970 1276 1060 1344 qui
1098 1286 1216 1331 erat
1254 1276 1318 1329 ad
1349 1276 1509 1338 5000,
1548 1292 1644 1345 per
1674 1276 1909 1331 Leonem
1934 1276 2205 1331 Serblium
2237 1274 2320 1329 di-

743 1367 909 1423 misit.
944 1380 1007 1419 ac
1040 1382 1136 1436 pro
1168 1366 1431 1421 militibus
1451 1366 1656 1422 reditus
1681 1369 1879 1422 multos
1904 1370 1971 1423 iis
1989 1384 2055 1422 ex
2078 1367 2318 1437 regioni-

743 1458 843 1511 bus
863 1459 1083 1526 recepit,
1106 1458 1412 1527 multasque
1429 1457 1563 1511 alias
1588 1458 1821 1527 injustas
1834 1466 1887 1513 et
1910 1466 2210 1512 memoratu
2237 1458 2320 1511 in-

741 1547 930 1613 dignas
947 1548 1262 1601 exactiones
1278 1546 1621 1615 excogitavit.
1637 1547 1802 1618 609
1831 1546 1883 1601 Id
1902 1546 2118 1615 quidem
2137 1557 2317 1602 tacere

742 1652 848 1690 non
894 1652 1142 1707 possum,
1179 1638 1339 1706 hujus
1366 1638 1712 1707 imperatoris
1745 1638 1960 1693 luxuria
1993 1653 2056 1692 ac
2096 1639 2318 1693 libidine

745 1729 945 1782 factum
978 1745 1099 1785 esse
1128 1739 1188 1784 ut
1222 1746 1310 1785 res
1343 1731 1584 1786 Romana
1617 1731 1959 1785 decresceret
2004 1740 2164 1799 atque
2196 1731 2318 1784 inde

745 1823 1002 1887 paulatim
1031 1821 1419 1878 contabesceus
1447 1822 1509 1876 ad
1532 1831 1827 1876 extremam
1853 1820 2085 1875 deducta
2119 1820 2189 1875 sit
2217 1822 2316 1874 int-

745 1912 1118 1964 becillitatem.
1163 1909 1294 1963 Nam
1324 1911 1449 1965 dum
1482 1911 1665 1977 inepte
1694 1909 1874 1963 studet
1900 1924 2024 1963 esse
2054 1910 2313 1975 liberalis,

743 2000 808 2053 ad
853 2011 1155 2055 extremum
1190 2001 1586 2071 prodigalitatis
1633 2010 1718 2056 est
1772 2002 2077 2070 prolapsus.
2128 1998 2316 2067 Neque

743 2102 922 2146 tamen
956 2107 1178 2162 prorsus
1211 2093 1342 2145 nihil
1384 2092 1509 2147 boni
1543 2091 1694 2155 fecit,
1743 2093 1836 2147 sed
1888 2092 2137 2145 feruntur
2167 2106 2317 2159 qua:-

742 2186 865 2236 dam
893 2185 1061 2253 ipsius
1083 2200 1245 2253 Opera
1268 2183 1430 2252 digna
1461 2199 1583 2253 qua?
1606 2185 1655 2237 in
1682 2184 1959 2237 historiam
1987 2183 2311 2237 referantur.

741 2275 875 2329 Nam
911 2277 961 2329 id
994 2276 1138 2344 quod
1170 2278 1279 2330 dixi
1315 2278 1725 2338 monasterium,
1762 2287 1815 2332 et
1847 2291 1966 2346 qum
1999 2277 2051 2329 in
2094 2292 2159 2329 eo
2191 2286 2317 2329 sunt

743 2370 806 2422 ad
836 2386 1017 2433 senes,
1043 2371 1355 2439 peregrinos
1385 2371 1768 2434 mendicosque
1812 2370 2035 2425 alendos
2066 2370 2314 2435 :cditicia,

746 2459 1060 2511 nonnullam
1092 2468 1367 2512 merentur
1397 2459 1635 2513 laudem.
1665 2459 1741 2511 Ad
1777 2458 1827 2512 id
1862 2468 2077 2527 tempus
2110 2467 2313 2513 tantum

742 2549 1135 2616 iusignioribus
1155 2548 1583 2603 solemnitatibus
1610 2551 1661 2602 in
1689 2548 1880 2617 Magno
1912 2550 2002 2604 Dei
2020 2548 2243 2619 Temple
2266 2561 2317 2605 et

747 2644 800 2695 in
834 2643 1089 2696 Sahhatis
1128 2657 1189 2697 ac
1215 2642 1511 2697 Dominicis
1540 2642 1733 2697 diebus
1764 2642 2109 2697 incruentum
2142 2646 2314 2697 sacri'

746 2733 926 2783 ίί‹·ἱιιιιι
972 2733 1349 2802 peragebatur,
1406 2731 1633 2801 reliquis
1683 2731 1878 2785 diebus
1932 2746 2313 2799 nequaquam:

744 2824 1097 2875 minuebatur
1122 2823 1266 2876 enim
1295 2822 1365 2875 ob
1392 2823 1662 2876 redituum
1691 2822 1983 2877 defectum.
2016 2821 2173 2876 llunc
2202 2822 2316 2877 Mo-

744 2914 1046 2968 notnachus
1109 2916 1401 2968 liberaliter
1437 2915 1725 2984 supplevit.
1776 2922 1835 2967 ut
1883 2914 2125 2983 quotidie
2154 2914 2316 2969 Missa

745 3007 1111 3061 celebraretur
1139 3023 1204 3060 eo
1239 3007 1289 3059 in
1329 3008 1567 3074 templo;
1603 3009 1855 3062 laudabili
1884 3024 2014 3062 sane
2045 3010 2312 3072 instituto,

744 3096 888 3167 quod
935 3097 1206 3169 hodieque
1237 3097 1461 3151 obtinet.
1508 3098 1647 3162 Quin
1680 3109 1733 3151 et
1762 3114 1885 3152 vasa
1917 3100 1982 3152 ad
2014 3100 2117 3153 hoc
2152 3099 2317 3167 perti-

2426 632 2703 700 μάρτυρος
2739 631 2776 681 Γ
2780 630 3032 701 εωργίου,
3080 629 3172 683 καὶ
3202 629 3435 698 ἀφειδῶς
3466 629 3533 683 τά
3576 628 3809 699 δημόσια
3860 646 3992 680 κατ⁴

2421 721 2729 774 ἀναλίσκων
2782 724 2839 773 ἐν
2890 724 3006 785 ταῖς
3062 721 3371 792 οἰκοδομαῖς
3434 724 3712 793 χρήματα,
3769 722 3862 776 νῦν
3897 722 3996 793 μὲν

2422 814 2739 883 οἰκοδομῶν,
2770 814 2865 867 νῦν
2894 814 2948 867 δέ
2979 815 3391 883 καταστρέφων,
3412 817 3491 878 εἰς
3528 816 3771 885 μεγάλην
3798 814 3996 885 ἤλασεν

2421 907 2649 968 ἔνδειαν,
2698 907 2771 969 ὡς
2814 907 2993 959 πᾶσαν
3032 908 3318 975 ἐπινοῆσαι
3359 906 3447 960 διὰ
3492 907 3649 960 τοῦτο
3690 908 3995 977 καπηλείαν

2422 1000 2516 1053 καὶ
2548 1001 2781 1061 ἀτόπους
2812 1000 2907 1052 καὶ
2931 1001 3330 1069 σεσοφισμένας
3352 1000 3665 1069 εἰσπράξεις
3692 1000 3990 1071 ἐφευρηκὲ-

2420 1106 2544 1143 ναι·
2594 1091 2885 1160 δημοσίους
2937 1108 2997 1144 τε
3051 1093 3159 1161 γάρ
3213 1090 3617 1161 προεχειρίζετο
3671 1092 3993 1161 φροντιστὰς

2421 1181 2641 1245 ἀσεϐεῖς
2679 1181 2772 1235 καὶ
2814 1181 3138 1250 ἀλάστορας,
3175 1183 3268 1235 καὶ
3297 1182 3363 1233 δι’
3411 1182 3591 1235 αὐτῶν
3632 1183 3889 1252 χρήματα
3935 1184 3993 1245 ἐξ

2420 1273 2621 1325 ἀδίκων
2674 1273 2857 1343 πόρων
2909 1271 3250 1343 συνήθροιζε.
3309 1272 3589 1327 Κατέλυσε
3644 1273 3700 1326 δὲ
3750 1274 3843 1325 καὶ
3900 1273 3990 1325 τδν

2433 1363 2702 1433 Ἰϐηρικὸν
2747 1364 2975 1435 στρατὸν
3020 1363 3163 1433 ἀμφὶ
3206 1364 3305 1426 τὰς
3362 1365 3700 1433 πεντήκοντα
3749 1362 3989 1433 χιλιάδας

2423 1455 2823 1526 ἀριθμούμενον
2872 1455 2958 1509 διὰ
3013 1457 3239 1516 Λέοντος
3284 1454 3375 1507 τοῦ
3408 1456 3688 1525 Σερὸλίου,
3736 1457 3826 1506 καὶ
3872 1456 3989 1506 ἀντὶ

2423 1547 2769 1617 στρατιωτῶν
2803 1547 3002 1617 φόρους
3040 1546 3267 1609 πολλοὺς
3298 1547 3581 1615 ἐπορίζετο
3620 1547 3725 1599 ἀπὸ
3756 1546 3861 1598 τῶν
3888 1564 3992 1614 χω-

2424 1638 2554 1707 ρίων
2610 1637 2868 1691 ἐκείνων·
2912 1637 3007 1690 καὶ
3062 1638 3223 1698 ἄλλας
3279 1638 3494 1700 πλείους
3540 1638 3851 1707 εἰσπράξεις
3898 1640 3993 1689 ἐπ-

2422 1731 2681 1799 ενοήσατο
2715 1728 2957 1799 πονηρὰς
2991 1728 3085 1781 καὶ
3132 1729 3427 1799 ἀθέσμους,
3458 1730 3522 1792 ἃς
3553 1730 3645 1781 καὶ
3674 1728 3991 1795 καταλέγειν

2424 1820 2671 1890 αἰσχύνη.
2712 1821 2777 1871 Ὃ
2813 1819 2870 1871 δέ
2920 1820 3091 1871 εἰπεῖν
3139 1819 3286 1871 ἐστιν
3341 1820 3657 1885 ἀναγκαῖον,
3718 1817 3876 1869 τοῦτο
3926 1818 3990 1885 δὴ

2422 1912 2576 1977 λέξω,
2608 1912 2799 1981 ὅτιπερ
2833 1910 2889 1974 ἐξ
2915 1911 3125 1962 ἐκείνου
3170 1910 3264 1962 τοῦ
3302 1909 3562 1979 βασιλέως
3596 1910 3688 1961 καὶ
3715 1910 3810 1977 τῆς
3843 1909 3991 1960 ἐκεί-

2419 2019 2509 2053 νου
2551 2001 2788 2063 ἀσωτίας
2819 2000 2911 2052 καὶ
2944 2000 3284 2062 σαλακωνίας
3331 2000 3398 2052 τά
3455 2000 3741 2068 Ῥωμαίων
3788 1999 3989 2068 ἤρξατο

2421 2092 2628 2160 φθίνειν
2652 2090 2974 2161 πράγματα,
3023 2092 3115 2142 καὶ
3146 2090 3331 2142 ἔκτοτε
3368 2092 3461 2142 καὶ
3500 2091 3663 2159 μέχρι
3692 2091 3787 2159 τῆς
3832 2091 3989 2159 δεῦρο

2418 2184 2561 2235 κατά
2616 2181 2807 2253 μικρὸν
2840 2183 2919 2242 εἰς
2956 2181 3017 2233 τὸ
3060 2182 3287 2233 κατόπιν
3321 2181 3600 2250 χωροῦντα
3649 2183 3705 2242 ἐς
3749 2180 3985 2248 παντελῆ

2418 2277 2725 2344 κατήντησε
2747 2274 2843 2344 τὴν
2866 2274 3149 2327 ἀσθένειαν
3170 2290 3182 2302 ·
3211 2274 3271 2326 τὸ
3291 2274 3395 2342 γὰρ
3418 2272 3723 2341 ἐλευθέριον
3750 2272 3987 2341 ἀτέχνως

2417 2366 2629 2418 διώκων
2656 2368 2734 2428 εἰς
2767 2366 2940 2435 ἄκραν
2972 2365 3226 2425 ἐληλάκει
3256 2366 3349 2435 τὴν
3377 2364 3633 2417 ἀσωτίαν.
3667 2365 3741 2415 Οὐ
3786 2365 3891 2433 μην
3922 2379 3985 2429 γε

2420 2459 2512 2511 καὶ
2550 2457 2867 2511 παντάπασι
2900 2456 3149 2527 πράξεων
3178 2456 3396 2521 dryadum
3426 2456 3702 2525 ἐστέρητο,
3739 2453 3871 2505 ἀλλὰ
3896 2454 3987 2519 φέ-

2422 2567 2605 2619 ρονται
2631 2548 2723 2600 καί
2746 2566 2865 2600 τινα
2892 2548 3027 2617 ἔργα
3048 2548 3209 2600 αὑτοῦ
3230 2550 3505 2617 ἱστορικῆς
3532 2549 3748 2616 μνήμης
3766 2545 3982 2609 ἐπάξια.

2419 2643 2492 2694 Τό
2516 2661 2575 2695 τε
2604 2642 2713 2710 γὰρ
2742 2642 2903 2711 ῥηθὲν
2936 2644 3298 2711 μοναστήριον
3338 2644 3428 2695 καὶ
3456 2644 3523 2695 τὰ
3545 2644 3601 2694 ἐν
3630 2641 3777 2710 αὐτῷ
3807 2659 3987 2708 γηρω·

2418 2737 2645 2803 τροφεῖα
2676 2734 2769 2785 κα)⁸
2813 2735 2862 2785 οί
2907 2733 3134 2797 ξενιῖινες
3166 2737 3257 2785 καὶ
3288 2737 3355 2785 τὰ
3394 2736 3803 2802 πτωχοτροφεῖα
3830 2732 3985 2783 ἐπαί-

2417 2843 2523 2877 νων
2560 2826 2659 2876 οὑκ
2692 2824 3001 2893 ἀμοιροῦσι,
3042 2826 3135 2875 καὶ
3165 2825 3224 2875 τὸ
3260 2825 3548 2892 γενόμενον
3576 2824 3734 2893 ἔργον
3780 2826 3857 2885 εἰς
3891 2823 3986 2891 τὴν

2418 2917 2512 2971 τοῦ
2536 2919 2667 2969 Θεοῦ
2696 2920 2953 2987 Μεγάλην
2968 2918 3295 2985 Ἐκκλησίαν
3321 2919 3609 2987 ἐγκωμίων
3636 2919 3733 2969 οὐκ
3768 2916 3986 2970 ἀπολεί-

2420 3029 2605 3064 πεται.
2642 3011 2786 3071 Ἕως
2829 3011 3041 3062 ἐκείνου
3080 3010 3186 3082 γάρ
3227 3013 3281 3064 ἐν
3314 3012 3498 3082 μάν-αις
3548 3014 3668 3074 ταῖς
3701 3012 3986 3081 ἐπισήμοις

2420 3104 2636 3171 ἑορταῖς
2664 3104 2721 3155 ἐν
2752 3104 2945 3174 ταύτῃ,
2984 3104 3063 3156 ἔτι
3110 3105 3164 3156 δὲ
3194 3106 3283 3155 καὶ
3320 3107 3429 3165 τοῖς
3464 3103 3710 3157 Σά66ασι
3734 3102 3825 3154 καὶ
3868 3104 3988 3161 ταῖς

744 3189 927 3242 nentia
978 3200 1381 3245 sacramentum
1432 3189 1479 3244 ei
1533 3188 1732 3260 templo
1773 3188 2065 3253 dedicavit,
2123 3205 2308 3249 aurea.
2342 3208 2382 3263 (ς
2415 3196 2485 3249 Κι

2247 3205 2308 3249 εἱὶ.
2342 3208 2382 3263 c
2415 3196 2720 3267 Κυριακαῖς
2751 3196 2982 3264 ἡμέραις
3010 3197 3040 3265 ἡ
3073 3195 3407 3264 ἀναίμακτος
3436 3195 3512 3263 τῷ
3539 3193 3657 3262 Θεῷ
3686 3192 3988 3244 ἐπετελεῖτο

745 3280 1107 3351 pretiosisque
1130 3290 1321 3337 ornata
1350 3283 1642 3337 unionibus
1669 3292 1724 3337 et
1750 3285 1999 3353 gemmis,
2029 3300 2150 3353 qua:
2198 3300 2314 3337 ma-
2422 3291 2486 3356 ἱεγ

2243 3301 2314 3336 Ia-
2422 3287 2722 3356 ἱερουργία,
2785 3288 2843 3337 ἐν
2898 3285 2955 3337 δὲ
3004 3287 3124 3347 ταῖς
3172 3288 3386 3347 λοιπαῖς
3433 3285 3682 3353 οὐδαμῶς
3731 3284 3984 3353 ἡμέραις.

743 3372 1048 3441 gnitudine,
1064 3374 1233 3444 pretio
1247 3389 1308 3428 ac
1328 3374 1730 3444 pulchritudine
1749 3377 1868 3429 aliis
1891 3377 2274 3431 antecellerent
2298 3394 2313 3443 ;
2423 3378 2484 3431 Tc

2245 3388 2274 3431 ll
2298 3394 2313 3443 ;
2423 3378 2591 3431 Τοῦτο
2617 3379 2674 3431 δέ
2696 3378 2903 3445 ἐγίνετο
2924 3377 3011 3429 διὰ
3048 3378 3309 3448 προσόδου
3356 3378 3581 3441 ἔνδειαν,
3620 3379 3685 3445 ἣν
3714 3371 3865 3436 οὗτος
3894 3375 3986 3426 δα-

745 3466 1042 3533 nmltisque
1071 3465 1194 3520 aliis
1223 3466 1467 3520 donariis
1492 3466 1636 3522 istud
1666 3466 1921 3535 templum
1948 3470 2253 3523 exornavit.
2420 3470 2482 3537 ψι

2245 3507 2253 3521 .
2420 3469 2591 3537 ψιλῶς
2612 3470 2877 3538 ἀφορίσας
2909 3467 3065 3539 [τοι]
3108 3472 3200 3521 καὶ
3227 3468 3591 3538 ἀποχρώντως
3608 3468 3725 3520 καθ’
3749 3468 3986 3532 ἑκάστην

743 3556 1013 3609 τελεῖσθαι
1072 3557 1162 3627 τὴν
1213 3558 1363 3629 ίεράν
1406 3558 1781 3628 παρεσκεύασε
1824 3562 2166 3629 λειτουργίαν
2200 3579 2212 3591 ·
2248 3562 2276 3614 ὃ
2340 3562 2436 3615 καὶ
2467 3564 2659 3633 κρατεῖ
2720 3562 3000 3631 γινόμενον
3066 3562 3257 3631 μέχρις
3339 3564 3513 3631 ἡμῶν.
3565 3562 3671 3614 Καὶ
3716 3560 3884 3629 σκεύη
3932 3558 3988 3609 δὲ

743 3650 809 3700 τὰ
847 3652 912 3720 τῇ
967 3651 1086 3722 ἰερᾷ
1120 3653 1378 3719 ἀνειμένα
1421 3652 1673 3722 σπονδείά
1715 3656 1780 3722 τῇ
1833 3654 2056 3725 τοιαύτῃ
2090 3653 2310 3707 ἀνέθετο
2347 3655 2633 3725 ἐκκλησίᾳ,
2673 3656 2736 3706 ἐκ
2777 3653 2977 3723 χρυσοῦ
3014 3656 3106 3704 καὶ
3168 3655 3480 3721 πολυτίμων
3537 3655 3833 3723 μαργάρων
3894 3658 3989 3709 καὶ

744 3745 906 3797 λίθων
928 3747 1430 3816 κατεσκευασμένα,
1452 3746 1646 3817 μακρῷ
1667 3748 2047 3819 παρελάσαντα
2068 3750 2133 3801 τά
2153 3750 2316 3803 λοιπά
2346 3748 2568 3819 μεγέθει
2616 3752 2709 3800 καί
2775 3749 2960 3801 κάλλει
3017 3750 3111 3801 καὶ
3182 3750 3389 3817 τιμαῖς.
3427 3749 3537 3801 Καὶ
3580 3750 3781 3809 λοιποῖς
3810 3746 3987 3807 ἄλλοις

746 3838 1049 3907 κειμηλίοις
1077 3839 1176 3891 οὐκ
1202 3840 1403 3908 ὀλίγοις
1428 3841 1634 3911 ταύτην
1667 3840 1975 3911 ἐφαίδρυνε.
2006 3842 2114 3894 Καὶ
2138 3842 2206 3893 τά
2238 3841 2337 3911 μὲν
2365 3840 2576 3893 ἐκείνου
2609 3840 2799 3892 ταῦτα.

820 3950 1217 4006 lndictionibus
1243 3954 1469 4022 septima
1498 3964 1553 4008 et
1574 3961 1766 4007 octava
1790 3961 1940 4007 tanta
1974 3953 2076 4008 fuit
2104 3955 2156 4007 in
2181 3954 2315 4008 urbe

753 4046 923 4113 pestis
954 4050 1014 4096 ιιι
1066 4044 1297 4098 mortuis
1329 4043 1618 4099 cﬂerendis
1667 4044 1774 4097 vivi
1822 4060 1929 4098 non
1983 4043 2313 4099 suﬂicerent.

752 4135 815 4187 Et
847 4134 1096 4200 septima:
1123 4134 1441 4190 indictionis
1471 4143 1661 4191 aestate
1696 4151 1889 4207 magna
1924 4136 2005 4191 vis
2033 4137 2317 4205 grandinis

744 4226 1127 4297 610dclata,
1163 4226 1333 4279 multa
1366 4226 1623 4279 animalia
1661 4234 1825 4295 atque
1862 4228 2024 4281 etiam
2072 4227 2319 4283 homines

746 4318 1045 4373 interfecit.
1088 4319 1156 4371 At
1198 4317 1495 4387 imperator
1548 4326 1813 4371 consueto
1844 4319 2095 4388 podagra:
2123 4318 2315 4372 morbo

749 4411 1004 4465 alnictus.
1050 4425 1174 4463 cum
1212 4409 1561 4464 decumberct
1610 4410 1664 4463 in
1699 4410 2090 4479 Manganorum
2127 4425 2316 4464 mona-

748 4504 920 4558 sterio
953 4518 979 4554 ι
1012 4515 1072 4555 se
1116 4515 1309 4554 recens
1334 4501 1575 4565 condito,
1602 4515 1664 4555 ac
1696 4511 1955 4570 prauerea
1998 4501 2144 4555 aliud
2201 4516 2315 4554 ma-

747 4595 860 4646 lum
894 4592 1239 4657 accessisset,
1294 4590 1515 4661 jamque
1569 4606 1714 4644 mors
1766 4592 1970 4646 instare
2018 4576 2313 4654 rideretur,

2498 3950 2794 4021 Ἐνέσκηψε
2840 3951 2894 4003 δέ
2926 3953 3019 4005 καὶ
3052 3949 3273 4021 λοιμικὴ
3303 3950 3457 4012 νόσος
3486 3951 3552 4019 τῇ
3592 3948 3818 4018 βασιλίδι
3847 3951 3989 4001 κατά

2416 4061 2475 4097 τε
2502 4045 2601 4113 τὴν
2636 4045 2678 4107 ζ’
2727 4046 2822 4096 καὶ
2870 4042 2914 4114 η’
2973 4044 3302 4107 ἰνδικτιῶνα,
3334 4044 3409 4105 ὼς
3453 4042 3528 4113 μὴ
3562 4043 3831 4112 ἐξισχύειν
3862 4043 3987 4104 τοὺς

2418 4134 2625 4201 ζῶντας
2668 4137 2923 4206 ἐκφέρειν
2969 4138 3095 4197 τοὺς
3127 4136 3448 4198 τεθνεῶτας.
3494 4135 3723 4205 Ἠνέχθη
3758 4136 3814 4188 δέ
3849 4137 3989 4187 κατά

2416 4230 2475 4281 τὸ
2504 4229 2659 4297 θέρος
2680 4228 2780 4295 τῆς
2810 4227 2855 4291 ζ’
2894 4229 3221 4290 ίνδικτιῶνος
3247 4228 3502 4297 μέγιστόν
3522 4246 3575 4280 τι
3614 4230 3799 4297 χρῆμα
3825 4228 3990 4297 χαλά-

2418 4320 2537 4389 ζης,
2572 4323 2665 4373 καὶ
2705 4320 2874 4373 πολλά
2918 4320 3009 4373 ὑπ’
3060 4320 3221 4373 αὑτοῦ
3250 4321 3311 4373 οὐ
3349 4320 3463 4384 ζῶα
3500 4321 3680 4390 μόνον,
3722 4321 3857 4373 ἀλλά
3890 4322 3985 4373 καὶ

2421 4412 2695 4481 ἀνθρωττοι
2739 4404 3134 4480 διεφθάρησαν.
3176 4411 3233 4463 '0
3267 4410 3322 4463 δὲ
3357 4411 3605 4479 βασιλεὺς
3629 4412 3989 4481 κατεχόμενος

2421 4505 2524 4558 ὑπὸ
2554 4504 2652 4573 τῆς
2680 4506 2943 4574 συνήθους
2984 4504 3140 4556 νόσου
3174 4504 3273 4573 τῆς
3305 4504 3580 4572 ποδάγρας
3612 4503 3788 4555 ἔκειτο
3826 4505 3882 4555 ἐν
3920 4506 3985 4572 τῇ

2421 4599 2552 4666 παρ’
2577 4596 2742 4649 αὐτοῦ
2768 4597 3160 4668 νεουργηθείσῃ
3185 4600 3318 4666 μονῇ
3348 4596 3455 4647 τῶν
3483 4596 3815 4664 Μαγγάνων.
3836 4596 3987 4648 Ἐπεὶ

750 4684 817 4737 de
872 4697 1193 4737 successore
1250 4681 1370 4751 ejus
1429 4682 1787 4737 deliberatqu
1848 4690 1933 4737 est
1986 4684 2126 4737 inter
2178 4660 2475 4739 δυιωθδὲ

2254 4684 2316 4736 la:
2342 4660 2396 4719 D
2420 4688 2475 4739 δὲ
2505 4660 2600 4738 καὶ
2645 4686 2831 4755 ἕτερον
2881 4660 3646 4756 ἐπηκολοξθησεησύμπτωμα
3689 4686 3782 4738 καὶ
3825 4686 3925 4755 ήδη
3959 4686 3987 4737 ό

750 4788 1027 4843 proceres.
1062 4772 1127 4827 Hi
1175 4782 1334 4827 erant
1372 4772 1609 4829 Joannes
1651 4774 1947 4843 logotheta,
2006 4790 2168 4844 quem
2226 4779 2318 4829 do-

750 4878 907 4920 truso
945 4864 1220 4919 Leichuda
1268 4879 1447 4918 rerum
1488 4865 2042 4921 adtniuistrandarutu
2105 4864 2315 4919 socium

752 4958 1029 5011 asciverat
1098 4957 1437 5026 imperator,
1493 4958 1901 5026 protouotarius
1946 4958 2121 5013 dromi
2180 4959 2318 5014 Con-

752 5049 1049 5113 stantinus,
1112 5046 1343 5102 Basilius
1400 5050 1625 5104 cauiclei
1678 5049 1986 5119 prmfectus,
2034 5059 2087 5105 et
2122 5053 2314 5122 reliqui

753 5140 873 5206 ejus
941 5138 1257 5193 necessarii.
1317 5139 1585 5194 Omnibus
1651 5140 1800 5195 visus
1856 5151 1941 5195 est
2004 5143 2319 5209 aptissimus

666 5231 671 5235 ’
752 5229 1091 5297 Νιςιιριιονιιε
1149 5228 1422 5283 Proteuon
1477 5228 1657 5297 (quasi
1720 5232 2003 5298 primatem
2062 5233 2320 5301 diceres).

754 5322 1095 5387 nuttiturque
1120 5321 1184 5371 ad
1224 5333 1348 5373 eum
1382 5334 1576 5374 cursor
1610 5321 1660 5373 in
1698 5320 2027 5391 Bulgariam,
2068 5323 2157 5377 cui
2204 5332 2317 5376 tum

757 5421 985 5479 praeerat
1029 5412 1343 5481 provinciae,
1390 5412 1483 5481 qui
1516 5413 1584 5467 ad
1635 5413 1821 5468 urbem
1875 5430 1997 5467 eum
2047 5424 2319 5469 evocaret.

2424 4780 2652 4841 θάνατος
2684 4778 2929 4847 ἤγγιζεν,
2966 4779 3295 4830 ἐσκέπτοντο
3324 4778 3373 4829 οἱ
3406 4778 3472 4829 τά
3512 4778 3701 4847 πρῶτα
3739 4779 3798 4829 ἐν
3837 4776 3988 4846 βασι-

2422 4870 2586 4932 λείοις
2618 4870 2893 4939 φέροντες,
2918 4870 2945 4919 ὁ
2968 4869 3256 4937 λογοθέτης
3297 4869 3568 4937 Ἰωάννης,
3592 4869 3650 4921 ὃν
3675 4869 3703 4919 ό
3736 4868 3989 4937 βασιλεὺς

2423 4960 2965 5029 παραδυναστεύοντα
2985 4956 3119 5029 εἶχε,
3150 4959 3543 5027 παρωσάμενος
3562 4959 3651 5011 τὸν
3671 4957 3987 5028 Λειχούδην,

2422 5054 2451 5104 ὁ
2487 5052 2913 5121 πρωτονοτάριος
2941 5052 3035 5102 τοῦ
3062 5052 3264 5119 δρόμου
3295 5054 3322 5103 ὁ
3353 5053 3774 5113 Κωνσταντίνος,
3822 5050 3850 5101 ό
3896 5053 3989 5103 ἐπὶ

2421 5142 2513 5195 τοῦ
2571 5142 2877 5195 κανικλείου
2929 5142 3223 5204 Βασίλειος,
3278 5142 3369 5193 καὶ
3420 5141 3470 5194 οἰ
3518 5141 3692 5193 λοιποὶ
3723 5143 3771 5192 οί
3812 5139 3988 5202 άλλως

2424 5233 2573 5303 αὐτῷ
2617 5236 3123 5302 προσῳκειωμένοι,
3185 5234 3305 5285 τίνα
3356 5233 3419 5301 δὴ
3475 5235 3532 5294 ἐς
3573 5233 3664 5284 τὸν
3722 5231 3989 5301 βασίλειον

2424 5326 2807 5397 καθιδρύσουσι
2832 5326 3044 5396 θρόνον.
3088 5326 3304 5390 Ἕδοξεν
3326 5326 3418 5379 οὖν
3454 5328 3657 5380 ἅπασιν
3688 5326 3988 5391 ἐπιτήδειος

2423 5420 2501 5477 εἰς
2528 5403 2682 5470 τοῦτο
2708 5418 3019 5486 Νικηφόρος
3055 5420 3081 5470 ὀ
3123 5417 3424 5487 Πρωτεύων
3451 5416 3583 5487 (45).
3618 5416 3727 5468 Καὶ
3759 5414 3823 5483 δὴ
3848 5415 3988 5481 πέμ-

1838 5591 2188 5648 XYLANDRI
2237 5594 2325 5648 ΕΤ
2364 5595 2573 5651 GO.\lll
2615 5596 2844 5651 NUTAi.

828 5706 937 5771 (£3)
967 5706 1067 5770 Qui
1094 5715 1147 5759 et
1182 5706 1348 5775 μέγας
1387 5705 1587 5774 ἄρχων.
1615 5704 1755 5758 Inter
1791 5709 2056 5777 ἄρχοντας
2083 5709 2226 5761 enim
2260 5720 2311 5762 et

756 5777 1145 5843 κατάρχοντας,
1190 5778 1450 5845 praesides
1501 5787 1845 5841 rectoresque
1882 5780 2307 5843 provinciarum.

757 5862 897 5899 unus
928 5851 1192 5916 quispiam
1223 5852 1383 5902 ltOttOt
1404 5850 1444 5900 ts
1472 5849 1641 5916 gtalia
1676 5850 1966 5916 πρωτεύων
1999 5863 2090 5901 seu
2140 5852 2303 5919 μέγας

2419 5712 2701 5835 amaram)
2726 5712 3051 5782 imperatore
3081 5711 3397 5781 designatus
3426 5711 3788 5767 salutabatur.
3824 5709 3981 5764 Curc-

2422 5798 2553 5835 SlttS.
2636 5798 2759 5834 (Ἀεὶ.

2422 5798 2553 5835 SlttS.
2586 5798 2759 5835 bt'Aﬂ.
