4410 6442
421 396 521 463 341

1506 400 2043 461 IIlSTORIARUM
2083 399 2609 462 COMPENDIUM.

3566 404 3671 467 342

426 530 582 564 πεται
624 510 957 581 ταχυδρᾶμος
992 510 1049 562 ἐν
1101 508 1431 583 Βουλγαρίᾳ,
1480 511 1622 576 ἄξων
1653 511 1816 565 αὑτὸν
1849 514 1990 564 ὲκεῖ-
2024 516 2063 571 Α
2092 512 2167 577 Qu

1931 514 1990 563 :I-
2024 516 2063 571 Α
2092 512 2246 577 Quod
2298 512 2387 566 ubi
2437 520 2819 582 compererunt
2867 514 3121 582 Augustae
3172 511 3472 567 Theodora:
3525 513 3672 580 (naut

426 604 517 655 θεν
539 619 550 629 '
589 604 745 671 ἔτυχε
778 603 887 671 γὰρ
919 602 1042 654 τότε
1076 602 1175 666 τὴν
1204 602 1300 671 τῆς
1351 602 1689 673 Βουλγαρίας
1730 604 1996 673 περιεζω-

428 694 629 763 σμένος
659 694 853 764 ἀρχήν.
899 692 1059 745 Ἀλλὰ
1101 693 1261 746 τοῦτο
1302 694 1522 760 γνόντες
1560 696 1610 746 οἱ
1642 697 1705 764 τῇ
1750 695 1999 766 Θεοδώρᾳ

426 791 492 857 τῇ
523 787 752 856 βασιλίδι
791 785 1223 856 ὑπηρετούμενοι
1330 786 1452 856 Ζωὴ
1485 786 1592 855 γάρ
1622 786 1722 856 ἤδη
1758 804 2000 856 προκατ-

428 880 657 950 έστρεψε
701 879 800 950 τὴν
844 877 1038 949 ζωὴν),
1065 880 1093 931 ὅ
1117 896 1176 931 τε
1207 878 1451 949 Νικήτας
1478 879 1505 930 6
1532 878 1835 947 Ξυλινίτης,
1865 880 1997 932 Θεό-

427 973 597 1041 δωρος
641 972 733 1023 καὶ
774 969 1051 1039 Μανουὴλ,
1100 969 1338 1039 δρόμωνι
1384 970 1554 1039 αὐτὴν
1603 970 2003 1040 ἐμϐιϐάσαντες

428 1066 652 1130 ἄγουσιν
680 1065 760 1125 είς
787 1062 857 1115 τὰ
896 1062 989 1115 τοῦ
1028 1061 1266 1131 μεγάλου
1300 1061 1564 1115 παλατίου
1593 1062 1867 1130 ἀνάκτορα
1908 1061 2002 1113 καὶ

431 1153 807 1222 αὐτοκράτορα
876 1152 1292 1222 ἀναγορεύουσι.
1351 1151 1461 1204 Καὶ
1512 1153 1540 1203 6
1596 1151 1694 1218 μὲν
1747 1150 2003 1220 βασιλεὺς

430 1243 716 1296 ἀποθανὼν
747 1244 884 1295 κατὰ
915 1242 1014 1312 τὴν
1051 1249 1117 1296 ια’
1148 1244 1243 1296 τοῦ
1300 1242 1629 1311 Ἰανουαρίων
1674 1243 1863 1314 μηνὸς,
1904 1243 2003 1311 τῆς

432 1344 479 1406 η’
510 1335 861 1399 ἱνδικτιῶνος,
897 1335 994 1388 τοῦ
1030 1336 1209 1408 γςφξγ¹
1245 1336 1419 1402 ἔτους,
1462 1338 1518 1389 ἐν
1542 1339 1654 1400 τοῖς
1691 1339 2009 1405 Μαγγάνοις

434 1428 749 1495 πέμψαντες
779 1426 1007 1497 ἐπέσχον
1026 1428 1118 1479 τὸν
1143 1428 1500 1497 Πρωτεύοντα
1529 1430 1586 1479 ἐν
1613 1429 2001 1499 θεσσαλονίκῃ,

433 1522 524 1575 τοῦ
560 1519 863 1589 Κουζηνοῦ,
892 1521 1114 1574 κάκεῖσε
1146 1520 1542 1592 περιορίζουσι.

506 1612 618 1682 Τὴν
650 1612 981 1680 προγονικὴν
1008 1611 1064 1664 δὲ
1095 1612 1489 1681 παραλαϐοῦσα
1512 1612 1795 1681 βασιλείαν
1823 1616 1855 1683 ὴ
1882 1615 2005 1667 θεο-

437 1703 584 1771 διὶ›ρα
638 1702 798 1763 εὐθὺς
834 1702 931 1770 μὲν
986 1700 1197 1769 μέτεισι
1242 1703 1369 1764 τοὺς
1413 1704 1528 1754 ὅσοι
1566 1703 1884 1772 βασιλεῦσαι
1919 1704 2008 1755 τὸν

439 1796 797 1865 Πρωτεύοντα
846 1794 1254 1860 ἐϐουλεύσαντο,
1305 1796 1412 1847 τῶν
1457 1798 1807 1866 ὑπαρχόντων
1843 1798 2012 1865 ψιλώ-

443 1903 583 1937 σασα
619 1887 712 1937 καὶ
747 1885 1141 1954 ὑπερορίσασα.
1186 1885 1513 1953 ιιροϐιϐἀζει
1547 1887 1602 1937 δὲ
1645 1888 1738 1938 καὶ
1768 1887 1891 1949 τοὺς
1928 1888 2014 1937 εὐ-

442 1976 665 2044 νούχους
720 1976 887 2045 αὐτῆς
940 1975 1184 2036 ἅπαντας
1225 1978 1304 2039 είς
1345 1976 1444 2039 τὰς
1498 1977 1760 2042 μεγίστας
1814 1978 2013 2045 ἀρχὰς,

442 2067 762 2135 ὼμέστικον
796 2066 893 2135 μὲν
923 2066 1029 2118 τῶν
1059 2067 1264 2135 σχολῶν
1297 2069 1398 2135 τῆς
1438 2068 1727 2137 ’Λνατολῆς
1757 2070 1846 2120 τὸν
1882 2068 2011 2120 Θεό·

444 2156 615 2222 δωρον
647 2154 1052 2225 προϐαλομένη,
1088 2155 1183 2207 καὶ
1213 2157 1291 2215 εἰς
1326 2157 1425 2225 τὴν
1472 2154 1645 2225 Ἐῴαν
1684 2155 2015 2223 ἐκπέμφασα

448 2248 530 2313 ἐφ’
562 2242 605 2313 ᾧ
630 2249 727 2309 τὰς
770 2248 1044 2317 ἐκδρομὰς
1074 2249 1181 2300 τῶν
1214 2248 1472 2320 Τούρκων
1504 2250 1757 2313 κωλύειν,
1790 2250 1879 2301 τὸν
1914 2250 2016 2317 μα-

447 2356 667 2407 γιστρον
711 2338 979 2391 Ἰσαάκιον
1025 2339 1116 2392 τὸν
1159 2340 1441 2408 Κομνηνὸν
1476 2342 1885 2409 μετακινήσασα
1916 2342 2015 2407 τῆς

450 2431 965 2499 στρατοπεδαρχίας.
1002 2432 1198 2500 Ἔτυχε
1232 2432 1337 2500 γὰρ
1383 2434 1411 2483 6
1453 2432 1773 2502 Μονομάχος
1824 2433 2016 2484 διαπε-

451 2522 823 2590 ραιωσάμενος
850 2521 1030 2583 πάσας
1060 2522 1117 2572 ἐν
1159 2520 1302 2591 Ἐᾠᾲ
1334 2523 1432 2585 τὰς
1462 2522 1839 2585 Μακεδονικὰς
1860 2524 2017 2577 δυνά-

452 2629 592 2679 μεις,
632 2612 909 2681 ἀρχηγοὺς
974 2612 1203 2681 ἐχούσας
1254 2614 1499 2675 ἅπαντας
1554 2616 1895 2677 Μακεδόνας,
1941 2609 2019 2667 ὧν

448 2696 528 2762 εἷς
558 2697 625 2770 ἦν
658 2703 753 2753 καὶ
791 2704 818 2753 6
874 2702 1185 2772 Βρυὲννιος·
1221 2703 1446 2770 ἐφέρετο
1491 2703 1599 2771 γὰρ
1630 2705 1708 2754 ἐν
1758 2701 2019 2771 Τούρκοις

450 2793 604 2859 λόγος
634 2793 708 2855 ὡς
741 2794 825 2858 εἴη
866 2793 1227 2862 πεπρωμένον
1262 2795 1711 2863 καταστραφῆναι
1744 2794 1805 2844 τὺ
1846 2791 2018 2863 Τούρ-

450 2901 562 2935 κων
588 2884 742 2950 γένος
769 2884 871 2935 ὑπὸ
897 2884 1151 2953 τοιαύτης
1180 2884 1462 2953 δυνάμεως
1486 2884 1675 2937 ὁποίαν
1704 2886 1731 2935 ὀ
1756 2883 2020 2936 Μακεδὼν

463 2972 805 3041 Ἀλέξανδρος
833 2973 970 3042 ἔχων
995 2974 1401 3042 κατεστρέψατο
1422 2974 1657 3042 Πέρσας.
1685 2973 2023 3042 Προεϐἀλετο

452 3064 507 3115 δὲ
574 3064 670 3114 καὶ
725 3063 1014 3132 λογοθέτην
1059 3061 1153 3114 τοῦ
1197 3064 1397 3134 δρόμου
1467 3064 1558 3115 τὸν
1614 3064 1879 3132 Νικήταν,
1928 3066 2023 3117 καὶ

2103 606 2209 660 Zoe
2240 606 2347 676 iam
2390 614 2502 660 tum
2538 606 2767 674 obierat)
2794 606 3099 661 administri
3136 606 3353 663 Nicctas
3382 607 3678 677 Xyliniola,

2103 696 2433 752 Theodorus
2463 706 2515 751 et
2548 696 2855 761 Manuelus,
2912 696 3082 752 εειοεὶ
3132 714 3247 751 eam
3280 699 3589 767 impositam
3624 698 3675 749 in

2105 787 2285 856 magni
2318 788 2503 857 palatii
2553 788 2753 857 regiam
2807 786 3086 841 deducunt
3144 799 3198 841 et
3252 790 3550 856 Augustam
3585 786 3681 838 de-

2105 879 2338 932 clarant.
2375 879 2767 934 Mouomachus
2796 895 2926 949 ergo
2966 895 3090 933 eum
3147 880 3289 933 diem
3321 895 3478 933 suum
3508 879 3680 931 obiis-

2108 979 2215 1036 set,
2258 974 2313 1025 in
2352 970 2636 1041 Manganis
2669 972 2956 1042 magniﬁce
2992 972 3238 1041 sepultus
3263 982 3368 1025 est.
3438 970 3680 1038 Augusta

2109 1070 2289 1116 autem
2321 1063 2470 1117 misit
2522 1061 2614 1129 qui
2669 1062 3052 1117 Proteuoutem
3102 1061 3508 1137 Thessalonica
3550 1061 3686 1113 deti-

2110 1162 2301 1207 nerent
2332 1170 2346 1206 :
2384 1155 2508 1208 imle
2541 1155 2594 1207 in
2631 1156 3019 1207 monasterium
3076 1153 3280 1207 Cuzcni
3329 1170 3453 1207 cum
3511 1153 3685 1205 abdu—

2110 1252 2241 1297 cunt
2276 1244 2328 1295 in
2355 1243 2680 1308 Tltracensi,
2709 1250 2873 1312 atque
2898 1260 2963 1297 eo
2995 1245 3258 1311 relegant.

2037 1340 2212 1406 ταφῆς
2240 1337 2396 1407 ἔτυχε
2442 1338 2539 1405 τῆς
2568 1336 2859 1406 τυχούσης,
2890 1338 2936 1389 οἱ
2983 1338 3036 1388 δὲ
3106 1335 3232 1403 περὶ
3290 1336 3387 1402 τὴν
3442 1334 3683 1401 βιιισιλίδςιι

2043 1428 2297 1482 κάκεῖθεν
2348 1429 2652 1495 ἀπάγουσιν
2734 1430 2815 1491 εἰς
2875 1428 2933 1479 τὸ
2978 1430 3290 1498 Θρᾳκήσιον
3344 1428 3398 1477 ἐν
3432 1428 3496 1495 τῇ
3554 1428 3684 1493 μονῇ

2189 1612 2474 1667 Tltendora
2529 1613 2676 1667 avito
2726 1613 2955 1681 imperio
2990 1613 3159 1679 potita
3198 1611 3381 1664 statim
3410 1624 3504 1663 eos
3551 1609 3687 1662 ulci-

2119 1705 2294 1758 scitur
2324 1705 2416 1773 qui
2441 1704 2729 1772 imperium
2780 1705 2832 1757 in
2882 1704 3040 1774 611
3079 1702 3444 1771 Nicephorum
3501 1702 3690 1759 yoluc-

2048 1832 2085 1884 Β
2119 1802 2241 1847 rant
2290 1793 2615 1857 transferre,
2655 1794 2890 1849 fortunis
2930 1810 3024 1846 eos
3063 1793 3183 1845 suis
3218 1793 3456 1844 multans
3504 1799 3557 1843 ct
3610 1807 3693 1842 re-

2117 1884 2323 1953 legans.
2349 1882 2628 1937 Eunuchis
2656 1892 2834 1937 autem
2875 1884 2992 1937 suis
3021 1884 3319 1951 pl‘u't'ipttos
3344 1883 3692 1951 magistratus

2116 1976 2484 2028 COIIltttCtltlal.
2523 1976 2887 2029 Domesticum
2917 1974 3156 2027 Orientis
3203 1974 3513 2026 scholarum
3542 1981 3695 2024 errat

2118 2067 2490 2133 Theodorum,
2531 2079 2582 2122 ct
2612 2069 2666 2121 in
2713 2068 2990 2123 Orientem
3041 2068 3103 2118 ad
3137 2067 3507 2136 grassationrs
3553 2066 3693 2115 Tur-

2116 2170 2303 2209 eorum
2362 2158 2697 2211 cohibendus
2751 2159 2935 2215 mittit,
3000 2158 3318 2225 prmieetura
3385 2166 3691 2208 castrorum

2118 2247 2370 2316 adempta
2409 2250 2668 2318 magistro
2720 2248 2927 2303 lsaacio
2987 2252 3281 2303 Commune.
3331 2248 3541 2301 Etenim
3578 2246 3691 2298 Mu-

2118 2337 2423 2391 numachus
2445 2353 2634 2392 omnes
2663 2337 3043 2393 Macedonicas
3069 2339 3310 2407 legiones
3336 2339 3387 2389 in
3415 2336 3693 2390 Orientem

2120 2429 2430 2495 traiecerat,
2461 2430 2695 2484 ducibtts
2728 2430 2986 2483 omnibus
3031 2428 3441 2491 Macedonibus,
3493 2442 3522 2480 e
3573 2428 3697 2493 qui--

2121 2519 2223 2573 bus
2290 2518 2389 2571 fuit
2462 2524 2624 2573 etiam
2680 2520 3027 2591 Bryennius:
3092 2535 3216 2573 nam
3280 2521 3423 2570 inter
3488 2519 3697 2570 Turcos

2122 2608 2395 2663 feri-batur
2440 2626 2629 2664 rumor
2687 2627 2809 2666 esse
2856 2612 2909 2664 in
2964 2611 3112 2674 fatis,
3168 2619 3225 2662 ut
3287 2626 3420 2679 gens
3468 2608 3697 2661 Turcica

2124 2719 2151 2757 a
2204 2705 2297 2757 tali
2339 2705 2680 2773 opprimatur
2714 2706 2957 2759 exercitu
3011 2705 3157 2773 quali
3210 2719 3344 2757 usus
3392 2702 3700 2756 Alexander

2122 2793 2345 2849 Macedo
2396 2794 2593 2851 Persas
2618 2796 2855 2866 subegit.
2890 2795 3091 2850 Eadem
3138 2796 3312 2848 dromi
3371 2794 3697 2863 logothctam

2123 2884 2258 2940 fecit
2291 2886 2557 2952 Nicetam,
2594 2898 2649 2942 et
2702 2889 3059 2958 drungarium
3114 2886 3310 2955 vigilia:
3366 2885 3699 2938 Manuclum.

2124 2975 2190 3028 Et
2246 2977 2316 3029 ob
2362 2977 2703 3046 reipublicae
2732 2978 3183 3032 administranda:
3215 2976 3466 3043 peritiam
3508 2973 3702 3026 ascivit

2125 3064 2359 3118 Leonem
2396 3065 2951 3138 Strabospoudylum,
2985 3069 3079 3136 qui
3128 3068 3256 3119 olim
3298 3064 3562 3122 Michaelo
3597 3064 3700 3115 im-

451 3153 817 3220 δρουγγάριον
874 3154 973 3221 τῆς
1031 3152 1221 3222 βίγλας
1290 3154 1381 3205 τὸν
1451 3154 1727 3223 Μανουήλ.
1764 3153 1851 3224 [Ρ.
1895 3153 2021 3223 792]
2051 3192 2092 3247 Β
2128 3171 2190 3223 pc

1955 3153 2021 3223 νε]
2051 3192 2092 3247 C
2128 3159 2360 3223 perateri
2398 3157 2647 3213 minister
2678 3158 2875 3220 fuerat.
2905 3161 2974 3212 At
3018 3158 3322 3227 Brycunius
3354 3152 3696 3207 Monumachi

454 3244 826 3312 Προσελάϐετο
848 3243 905 3296 δὲ
932 3244 1020 3296 διὰ
1051 3244 1405 3313 πολυπειρίαν
1436 3246 1514 3304 εἰς
1541 3246 1601 3295 τὺ
1626 3245 1694 3296 τὰ
1720 3245 1874 3296 κοινὰ
1897 3245 2024 3296 διοι-

454 3337 569 3386 κεῖν
598 3334 689 3387 τὸν
724 3335 1018 3402 σύγκελλον
1068 3336 1272 3387 Λέοντα
1307 3333 1396 3385 τὸν
1442 3334 1737 3403 λεγόμενον
1788 3335 2025 3403 Στραϐο-

456 3426 764 3485 σπόνδυλον,
798 3427 889 3478 τὸν
935 3426 1103 3477 πάλαι
1134 3424 1212 3494 τῷ
1253 3424 1459 3493 βασιλεί
1491 3426 1708 3494 Μιχαὴλ
1749 3427 2023 3497 ὑπουργή-

458 3532 644 3568 σαντα.
698 3519 807 3569 Καὶ
850 3518 916 3569 τὰ
951 3517 1047 3584 μὲν
1087 3517 1185 3583 τῆς
1231 3516 1437 3577 πόλεως
1471 3517 1701 3585 ἐφέρετο
1730 3518 1879 3584 τῇδε,
1912 3521 1939 3569 6
1969 3520 2023 3570 δὲ

457 3605 739 3674 Βρνέννισς
800 3606 891 3657 τὸν
946 3604 1038 3657 τοῦ
1096 3604 1360 3673 βασιλέως
1413 3606 1719 3667 ἐνωτισθεὶς
1774 3607 2024 3670 θάνατον,

458 3696 594 3765 ἄρας
634 3697 772 3764 μετά
798 3697 905 3747 τῶν
952 3698 1300 3758 Μακεδόνων,
1334 3697 1575 3749 κάτεισιν
1618 3699 1675 3747 ὲν
1706 3698 2023 3766 Χρυσουπό-

459 3786 561 3838 λει.
594 3787 700 3838 Καὶ
736 3787 921 3838 τοῦτον
958 3788 1055 3856 μὲν
1085 3789 1115 3855 ἡ
1151 3786 1380 3855 βασιλὶς,
1416 3786 1496 3837 ὅτι
1522 3786 1868 3846 ἀσυντάκτως
1918 3787 2022 3838 ὑπ-

460 3878 729 3949 εχώρησε,
761 3879 1106 3947 κατασχοῦσα
1145 3878 1371 3948 δημεύει
1412 3878 1504 3930 καὶ
1548 3879 1625 3939 είς
1676 3878 1886 3946 ἐξορίαν
1934 3881 2024 3931 ὲκ-

2128 3248 2322 3301 mortis
2370 3250 2565 3303 nuntio
2587 3258 2827 3318 accepto,
2870 3265 2994 3303 cum
3036 3248 3423 3302 Macedonibus
3467 3246 3705 3316 Chryso-

2128 3338 2276 3408 polin
2308 3339 2588 3407 profectus
2637 3349 2739 3395 est.
2794 3339 2966 3405 Quem
3020 3339 3288 3405 Augusta,
3320 3336 3461 3406 quod
3488 3336 3699 3404 iujussn

2130 3429 2305 3497 ipsius
2351 3432 2725 3497 discessisset,
2778 3440 2997 3500 captum
3034 3431 3385 3483 facultatibus
3422 3430 3536 3483 suis
3572 3443 3701 3494 stto-

2128 3523 2277 3575 liavit
2317 3534 2369 3575 et
2402 3524 2707 3593 relegavit:
2746 3524 2971 3587 milites,
3020 3523 3164 3576 unde
3203 3529 3487 3579 venerant.
3526 3520 3702 3571 redite

2122 3612 2310 3679 jussit.
2351 3612 2485 3665 Cum
2518 3627 2647 3681 ergo
2678 3620 2846 3665 totam
2886 3611 3239 3666 indictioncm
3278 3628 3498 3672 nonam,
3540 3611 3589 3663 i.l
3623 3620 3705 3663 est

2132 3718 2334 3755 annum
2384 3704 2571 3757 mundi
2597 3704 2737 3758 6564
2773 3705 2999 3758 vixisset
3030 3706 3191 3775 612
3238 3704 3546 3764 Theodora,
3605 3704 3705 3756 sub

2131 3797 2337 3848 exitum
2372 3797 2601 3866 Augusti
2648 3798 2855 3851 mensis
2909 3797 3152 3867 ejusdem
3205 3797 3332 3849 anui
3367 3797 3569 3849 .tenuis
3621 3796 3705 3846 in-

2132 3888 2317 3939 testini
2360 3888 2548 3943 morbo
2586 3898 2777 3941 necata
2806 3897 2906 3942 est.

461 3970 689 4036 πέμπει,
720 3969 812 4020 τὸν
834 3969 889 4020 δὲ
928 3969 1055 4021 λαὸν
1089 3970 1426 4040 ὑποστρέψαι
1456 3972 1535 4032 εἰς
1603 3969 1844 4022 τοῦπίσω
1903 3979 2335 4041 παρασκευάζει.
2394 3982 2563 4051 Ὅλην
2612 3980 2704 4035 οὖν
2752 3982 2848 4053 τὴν
2884 3982 2929 4035 θ’
2997 3981 3301 4034 ἰνδικτιῶνα
3377 3980 3468 4033 τοῦ
3538 3980 3707 4047 ,ςῳξόν

461 4062 612 4124 ἔτους
647 4062 891 4131 βιώσασα
920 4063 953 4131 ή
988 4061 1217 4130 βασιλὶς,
1248 4063 1340 4115 καὶ
1372 4063 1498 4130 περὶ
1543 4063 1609 4113 τὰ
1642 4061 1768 4130 τέλη
1795 4061 1886 4113 τοῦ
1918 4064 2232 4128 Αὐγούστου
2285 4073 2453 4141 μηνὸς
2510 4076 2609 4143 τῆς
2638 4074 2810 4143 αὐτῆς
2852 4072 3180 4133 ἱνδικτιῶνος
3223 4070 3379 4140 εἰλεῷ
3442 4072 3706 4138 νοσήματι

462 4152 837 4219 περιπεσοῦσα
872 4154 1163 4207 ἀπέθανεν.

531 4244 595 4299 Οἱ
626 4245 681 4296 δὲ
711 4245 922 4313 ταύτης.
971 4244 1215 4315 εὐνοῦχοι
1255 4244 1350 4297 σὺν
1380 4245 1459 4315 τῷ
1504 4244 1786 4315 συγκέλλῳ
1838 4246 2028 4301 Λέοντι

461 4335 885 4397 ἀναϐιϐάζουσιν
913 4336 992 4397 εἰς
1036 4336 1128 4387 τὸν
1156 4335 1253 4402 τῆς
1281 4335 1552 4404 βασιλίδος
1582 4335 1789 4405 θρόνον,
1828 4335 1909 4389 ἐτι
1930 4337 2033 4406 ψυ-

464 4427 840 4498 χορῤαγούσης
873 4426 1107 4493 ἐκείνης,
1162 4424 1380 4494 Μιχαὴλ
1411 4424 1701 4494 πατρίκιον
1732 4425 1822 4477 τὸν
1857 4426 2030 4496 Στρα-

464 4518 732 4578 τιωτικὸν,
773 4515 1058 4585 ἄνθρωπον
1102 4518 1165 4568 ὲκ
1200 4515 1492 4579 Βυζαντίου
1543 4515 1642 4584 μὲν
1687 4516 2032 4586 ὁρμώμενον,

464 4611 639 4679 ἀφελῆ
676 4609 733 4661 δὲ
769 4609 861 4661 καὶ
895 4608 1175 4663 ἀποίκιλον
1215 4609 1308 4660 καὶ
1346 4607 1525 4677 μόνοις
1571 4610 1683 4670 τοῖς
1717 4624 2035 4677 στρατιωτι-

2204 4248 2450 4316 Eunuchi
2503 4257 2681 4305 autem
2710 4250 2883 4320 ipsius
2908 4257 2962 4304 et
2998 4249 3108 4302 Leo
3138 4250 3409 4317 syncellus
3464 4250 3702 4316 impera-

2132 4347 2306 4393 torem
2350 4339 2652 4403 declarant,
2704 4340 2818 4407 ipsa
2855 4344 3152 4393 etiamnum
3194 4339 3439 4390 animam
3490 4346 3705 4405 agente,

2134 4430 2457 4485 Michaelum
2488 4430 2889 4492 Stratioticum,
2920 4429 3191 4481 hominem
3220 4428 3459 4498 Byzantii
3498 4440 3703 4485 natum.

2136 4522 2439 4591 simplicem
2471 4529 2635 4591 atque
2666 4523 2983 4585 innocuum,
3017 4530 3070 4575 et
3118 4536 3146 4572 a
3210 4536 3379 4589 puero
3442 4520 3494 4572 in
3550 4520 3705 4573 hellis

2134 4622 2346 4669 tantum
2377 4624 2682 4678 versatum,
2711 4612 3026 4680 nulliusque
3051 4621 3313 4681 praeterea
3349 4613 3425 4664 rci
3454 4628 3704 4680 gnarum,

465 4705 581 4765 κοῖς
610 4704 674 4753 ἐκ
703 4702 906 4753 παίδων
932 4700 1377 4770 ἀπασχοληθέντα
1409 4700 1501 4751 καὶ
1524 4700 1683 4752 πλέον
1710 4698 1836 4752 ἄλλο
1857 4701 2033 4751 εἰδότα
2066 4687 2110 4743 θ
2134 4706 2206 4775 jal

1961 4704 2033 4751 πα
2066 4687 2354 4775 Djamque
2386 4710 2544 4757 mtate
2591 4701 2660 4755 ad
2715 4710 2989 4756 senectam
3050 4709 3327 4767 provecta,
3389 4704 3473 4753 cui
3536 4704 3702 4753 otium

468 4795 657 4862 μηδὲν,
690 4794 781 4845 καὶ
832 4792 931 4862 ἠδη
981 4792 1343 4862 παρηϐηκότα
1394 4791 1488 4843 καὶ
1537 4792 1634 4861 τῆς
1668 4791 2036 4861 πρεσϐυτικῆς

464 4886 745 4955 ἁψάμενον
776 4884 1013 4953 ἡλικίας,
1043 4878 1187 4955 ᾗτινι
1253 4884 1553 4952 συμφέρειν
1599 4883 1696 4951 τὴν
1744 4884 2035 4950 ἀπραγμο-

468 4977 635 5045 σύνην
678 4976 986 5045 Ἀρχίλοχος
1037 4978 1065 5028 6
1112 4975 1339 5045 ποιητὴς
1390 4974 1727 5042 ἀπεφήνατο.
1776 4972 1946 5025 Τοῦτο
1982 4973 2038 5025 δὲ

470 5069 859 5136 πεποιήκασιν,
896 5069 982 5121 ἵνα
1015 5068 1201 5137 σχῆμα
1235 5066 1392 5136 μόνον
1425 5067 1520 5118 καὶ
1552 5065 1723 5133 ὄνομα
1750 5065 1907 5127 αὐτὸς
1937 5064 2038 5135 ἔχῃ

465 5162 564 5227 τῆς
591 5160 889 5228 βασιλείας,
922 5160 1079 5212 αὐτοὶ
1102 5160 1159 5212 δὲ
1188 5158 1508 5225 διεξάγωσιν
1541 5156 1618 5219 ὡς
1647 5156 1925 5225 βούλονται
1966 5159 2035 5210 τὰ

466 5254 622 5305 κοινὰ
656 5253 746 5304 καὶ
789 5251 1009 5304 πάντων
1038 5251 1345 5319 τυγχάνωσι
1382 5247 1582 5318 κύριοι,
1619 5248 2031 5317 ἐπομοσαμένου

468 5347 735 5413 πρότερον
758 5346 853 5396 καὶ
875 5341 1036 5395 αὐτοῦ
1069 5340 1235 5411 μηδέν
1280 5358 1333 5392 τι
1364 5338 1567 5409 πρᾶξαί
1601 5355 1730 5392 ποτε
1760 5341 1857 5409 τῆς
1890 5340 2033 5392 ἐκεί-

466 5453 577 5489 νων
602 5437 723 5504 δίχα
753 5435 975 5503 γνώμης
999 5451 1057 5487 τε
1092 5435 1183 5485 καὶ
1216 5431 1507 5501 θελήσεως.

558 5526 975 5596 ’Λναρρηθέντος
1005 5525 1058 5578 δὲ
1099 5523 1191 5577 τοῦ
1224 5523 1443 5592 Μιχαὴλ
1472 5523 1869 5592 αὐτοκράτορος
1897 5523 2037 5576 κατὰ

464 5617 572 5685 τὴν
608 5614 685 5668 λα’
711 5615 923 5684 ἡμέραν
952 5614 1043 5666 τοῦ
1083 5612 1395 5679 Αὐγούστου
1428 5613 1615 5682 μηνὸς,
1649 5614 1744 5681 τῆς
1776 5611 1819 5663 θ’
1854 5615 2039 5664 ἐπινε-

476 5708 718 5778 μήσεως,
750 5706 1025 5769 Θεοδόσιος
1059 5706 1322 5775 πρόεδρος
1351 5706 1378 5756 6
1419 5705 1513 5756 τοῦ
1544 5703 1917 5773 πατραδέλφου
1951 5703 2043 5755 τοῦ

474 5799 744 5871 βασιλέως
780 5800 1184 5853 Κωνσταντίνου
1216 5796 1309 5851 τοῦ
1342 5798 1662 5867 Μονομάχου
1695 5798 1827 5861 υἱδῖ,
1877 5796 2042 5849 πυθό-

2136 4796 2339 4864 optime
2406 4808 2712 4862 congruere
2772 4792 3136 4846 Archilochus
3194 4792 3584 4858 promtntiavit.
3652 4791 3703 4843 Id

2136 4897 2315 4941 autem
2347 4901 2412 4940 co
2432 4887 2665 4940 consilio
2689 4884 2958 4948 fecerunt,
2997 4891 3055 4935 ut
3088 4883 3183 4935 illo
3229 4897 3422 4933 nomen
3472 4893 3527 4935 ct
3584 4898 3707 4950 spec

2137 4980 2273 5033 ciem
2308 4977 2519 5045 itnpcrii
2554 4985 2775 5045 gerente
2806 4975 2921 5043 ipse
2973 4988 3075 5027 suo
3136 4974 3400 5024 arbitratu
3459 4988 3569 5024 rvm
3610 4989 3706 5040 pu-

2139 5066 2332 5120 blicam
2366 5064 2816 5119 administrarent
2866 5064 3219 5130 omniumque
3253 5070 3576 5128 potestatem
3614 5079 3707 5128 pc-

2143 5173 2239 5211 ttes
2287 5172 2347 5210 se
2406 5156 2687 5217 haberent.
2718 5155 2900 5220 jurato
2937 5153 3087 5221 prius
3123 5155 3227 5206 isto
3279 5153 3413 5205 nihil
3458 5167 3515 5205 se
3576 5152 3707 5221 ipsis

2145 5249 2341 5305 nesciis
2373 5258 2467 5302 aut
2496 5248 2810 5302 nolentibus
2840 5256 3113 5300 acturum.

2218 5514 2533 5569 Declaratus
2568 5523 2651 5567 est
2684 5511 2982 5566 Michaelus
3024 5510 3318 5579 imperator
3360 5508 3547 5561 ultima
3600 5508 3709 5561 Au-

2142 5610 2282 5675 gttsli
2338 5608 2446 5669 die,
2501 5606 2797 5659 indictione
2852 5619 3014 5659 nona.
3074 5602 3227 5668 Quod
3289 5602 3378 5656 ubi
3444 5601 3710 5666 comperit

2142 5698 2485 5751 Theodosius
2538 5711 2780 5763 praeses,
2845 5704 3039 5763 patruo
3108 5690 3451 5746 Munomat-hi
3510 5701 3704 5749 natus.

2144 5791 2425 5859 teget-rimo
2485 5789 2626 5843 tulit.
2687 5788 2749 5841 Et
2818 5804 2921 5842 non
2980 5788 3327 5840 considerata
3395 5788 3469 5839 rei
3543 5800 3707 5851 quam
