4410 6442
764 407 867 473 347

770 525 1140 581 Macedonicis
1216 525 1526 594 legionibus
1600 527 1953 596 prtcpositnm

769 618 973 672 emisit.
1002 608 1208 672 Etenim
1242 616 1455 674 Turrus
1492 618 1738 687 quidam.
1769 619 2078 672 Samucbus
2106 619 2349 680 nomine,

769 695 1023 765 obscuris
1064 710 1367 774 natalibus,
1404 710 1496 765 sed
1531 710 1672 764 bello
1692 710 1972 779 egregius,
1999 711 2103 765 sub
2134 711 2354 764 sultauo

772 803 1017 857 militans
1047 816 1170 856 cum
1197 803 1240 855 is
1270 802 1499 855 alteram
1539 803 1589 854 in
1619 801 1897 855 Romanos
1929 801 2351 869 impressionem

772 892 918 953 fecit,
949 907 1014 947 eo
1049 893 1102 946 in
1136 891 1415 948 Persidem
1456 909 1671 947 reverso
1714 908 1840 947 cum
1895 896 2073 947 tribus
2110 892 2354 946 millibus

772 984 950 1038 locum
996 986 1191 1048 tenuit,
1225 996 1389 1055 atque
1438 987 1566 1038 hinc
1627 985 1751 1040 inde
1796 1001 2001 1055 vagans
2058 986 2111 1040 in
2178 986 2357 1055 planis

771 1083 932 1145 atque
966 1076 1264 1131 humilibus
1299 1077 1524 1146 majoris
1558 1079 1829 1132 Armenia:
1866 1079 2001 1132 locis
2048 1078 2244 1133 subitis
2274 1078 2356 1132 in-

770 1166 1123 1221 cursionibus
1150 1167 1413 1221 ditionem
1450 1167 1756 1223 Romanam
1786 1169 2048 1222 vexabat.
2113 1168 2221 1223 Sed
2256 1170 2357 1222 bu-

768 1260 857 1328 jus
888 1258 1105 1328 quidem
1130 1258 1376 1313 animum
1412 1276 1519 1313 non
1550 1261 1781 1330 placavit
1836 1260 2000 1314 homo
2040 1260 2356 1315 blandiendi

772 1366 835 1405 ac
861 1351 1119 1405 comitate
1152 1350 1502 1406 demulcendi
1558 1367 1654 1407 eos
1694 1351 1787 1422 qui
1841 1354 2122 1406 atrocibus
2176 1351 2357 1406 aﬂ‘ecti

770 1442 990 1511 injuriis
1022 1444 1296 1498 occultam
1334 1444 1388 1497 in
1423 1444 1611 1497 animo
1644 1445 1781 1498 iram
1821 1455 2011 1514 gerunt
2055 1444 2355 1513 ignarissi-

773 1550 917 1588 mus.
985 1534 1316 1605 Magnopere
1389 1537 1535 1591 enim
1597 1537 1921 1591 obsecrante
1975 1535 2249 1607 Brycnnio
2300 1545 2359 1589 ut

772 1624 915 1677 bona
946 1627 1111 1680 etiam
1143 1626 1250 1681 sibi
1280 1642 1402 1693 sua;
1441 1644 1562 1697 qua:
1609 1628 1712 1695 ipsi
1746 1626 2035 1683 Tltcodora
2057 1630 2356 1697 eripuerat,

772 1718 1158 1786 redderentur,
1185 1738 1293 1776 non
1321 1725 1557 1777 assensit
1580 1709 1604 1789 ;’
1641 1738 1707 1777 ac
1742 1733 2029 1795 urgentem
2065 1726 2359 1778 vehemen-

771 1811 905 1875 tius,
947 1810 1169 1881 vulgare
1229 1813 1361 1865 illud
1412 1822 1466 1868 et
1531 1816 1821 1883 protritum
1886 1815 2050 1880 fatus,
2104 1814 2359 1869 conlecto

2077 407 2329 468 GEORG
2343 409 2398 467 ῐῐ
2446 408 2643 469 CEDR
2657 410 2780 469 ENI

2045 526 2095 578 in
2141 525 2354 581 Turcos
2384 527 2431 586 Α
2461 544 2595 597 τορα
2622 528 3028 598 προχειρίζεται
3056 528 3164 581 τῶν
3204 526 3588 580 Μακεδονικῶν
3623 527 3918 596 ταγμάτων
3954 530 4045 576 καὶ

3939 406 4046 469 35‘

2462 618 2601 671 κατὰ
2634 618 2893 687 Τούρκων
2920 619 3227 687 ἐκπέμπει*
3263 616 3503 686 Τοῦρκος
3536 616 3644 686 γάρ
3684 634 3764 679 τις
3790 614 3886 685 τὴν
3911 614 4041 683 κλῆ-

2460 728 2544 762 σιν
2572 711 2811 779 Σαμοὺχ,
2838 710 2897 762 τὸ
2930 712 3083 777 γένος
3113 711 3211 763 οὑκ
3239 710 3527 778 ἐπίσημος,
3554 708 3686 777 πρὸς
3709 707 3766 759 δὲ
3786 707 3852 759 τὰ
3876 707 4003 759 πολε
4025 736 4042 745 -

2460 802 2596 871 μικὰ
2630 805 2875 869 γενναῖος
2910 802 3004 855 καὶ
3048 803 3293 871 ἐνεργὸς,
3339 800 3416 869 τῷ
3477 801 3751 867 σουλτάνῳ
3800 816 4042 869 συστρα-

2457 894 2788 962 τευσάμενος
2851 894 3089 962 ὁπηνίκα
3135 894 3234 962 τὴν
3288 892 3548 963 δευτέραν
3599 890 3851 959 εἰσϐολὴν
3899 891 4039 944 κατὰ

2469 985 2759 1053 Ῥωμαίων
2830 987 3161 1055 ἐποιήσατο,
3208 986 3422 1038 ἐκείνου
3480 984 3922 1053 ὑποστρέψαντος
3984 986 4043 1034 ἐν

2459 1077 2682 1144 Περσίδι
2712 1077 2874 1139 αὑτὸς
2934 1077 3012 1146 τῷ
3043 1077 3193 1147 τόπῳ
3229 1076 3528 1148 παρέμεινε
3562 1076 3700 1146 μετά
3730 1075 4042 1144 τρισχιλίων

2458 1171 2687 1240 ἀνδρῶν,
2739 1171 2833 1222 καὶ
2892 1168 3378 1241 περιπλανώμενος
3427 1171 3484 1221 ὲν
3522 1171 3642 1231 ταῖς
3677 1168 3894 1221 πεδιάσι
3946 1170 4043 1219 καὶ

2458 1265 2571 1325 τοῖς
2602 1262 2812 1325 ὑπτίοις
2840 1261 3027 1325 τόποις
3052 1265 3151 1332 τῆς
3197 1262 3442 1331 μεγάλης
3486 1261 3799 1331 ’Λρμενίας,
3828 1260 3923 1311 καὶ
3962 1261 4042 1311 αἰ-

2463 1354 2700 1422 φνιδίους
2765 1355 3085 1424 ποιούμενος
3137 1354 3429 1425 ἐκδρομὰς,
3478 1354 3663 1415 κακῶς
3717 1353 3936 1404 διετίθει
3978 1352 4046 1403 τά

2475 1448 2765 1517 Ῥωμαίων
2790 1450 2882 1501 καὶ
2911 1448 3178 1517 ἐληῖζετο.
3229 1448 3368 1500 Ἀλλ’
3396 1447 3515 1501 οὑδὲ
3554 1446 3744 1499 τοῦτον
3773 1444 4043 1514 θεραπεῦο

2464 1557 2554 1592 σαι
2582 1540 2800 1609 ἴσχυσεν
2850 1542 2878 1593 ὁ
2925 1538 3205 1609 βασιλεύς·
3242 1535 3308 1609 ἦν
3340 1541 3447 1609 γὰρ
3499 1541 3835 1606 ἀφυέστατος
3876 1540 3955 1601 είς
3988 1540 4048 1590 τὸ

2462 1631 2744 1683 θωπεῦσαι
2806 1632 2897 1684 καὶ
2938 1631 3481 1700 καταδημαγωγῆσαι
3520 1630 3841 1700 ἀνθρώπους
3888 1648 4049 1697 περι-

2462 1722 2824 1790 υϐρισθέντας
2845 1724 2937 1776 καὶ
2972 1723 3304 1776 λανθάνοντα
3334 1726 3490 1775 κότον
3534 1724 3591 1775 ὲν
3613 1726 3679 1791 τῇ
3708 1722 3852 1791 ψυχῇ
3890 1738 4048 1790 περι-

2466 1813 2754 1882 φέροντας.
2813 1812 2919 1865 Τοῦ
2977 1814 3086 1880 γὰρ
3124 1812 3409 1882 Βρυεννίου
3440 1812 3685 1881 λιπαρῶς
3716 1810 4049 1870 ἱκετεύοντος

773 1914 940 1965 opere
964 1899 1179 1953 demum
1207 1916 1329 1956 esse
1370 1903 1689 1973 exigendam
1748 1904 2079 1969 mercedem,
2126 1904 2351 1959 dimisit.
2394 1884 2433 1938 Β
2469 1906 2514 1956 ἀ¹

2314 1912 2351 1959 ι.
2394 1884 2433 1938 Β
2469 1903 2795 1971 ἀποδοθῆναί
2850 1905 2900 1955 οἱ
2950 1905 3043 1955 καὶ
3073 1904 3140 1956 τὰ
3181 1906 3440 1973 χρήματα
3470 1905 3641 1956 ὁπόσα
3672 1904 3924 1971 ἀφείλετο
3955 1902 4049 1953 ἀπ’

777 1990 1086 2059 Brycnnitts
1118 1993 1224 2047 ltoc
1265 1994 1429 2048 modo
1450 2004 1667 2063 spretus
1710 1994 1967 2049 discessit
2033 1996 2216 2048 animo
2268 2011 2361 2049 ex-

776 2095 1052 2152 asperato,
1081 2086 1336 2140 vindicta:
1370 2086 1715 2141 occasionem
1775 2097 2215 2156 cxspcctaturus.

2469 1994 2633 2045 αὑτοῦ
2670 1993 2921 2063 Θεοδώρα
2948 1997 2980 2064 ὴ
3016 1996 3248 2065 βασιλὶς,
3274 1996 3372 2047 οὑκ
3398 1998 3721 2065 ἐπήκουσεν,
3754 1997 3868 2048 ἀλλ’
3899 1999 4051 2047 ἐκτε-

2470 2088 2573 2150 νῶς
2604 2086 2955 2140 δυσωποῦντα
2993 2090 3121 2157 περὶ
3163 2088 3352 2140 τούτου
3386 2089 3478 2141 καὶ
3513 2088 3842 2149 ἱκετεύοντα,
3870 2088 3926 2138 τὸ
3960 2087 4052 2153 δη-

777 2177 955 2246 μῶδες
982 2180 1138 2231 τοῦτο
1168 2180 1262 2233 καὶ
1293 2180 1781 2249 κατημαξευμένον
1807 2182 1976 2233 εἰπὼν
2002 2182 2185 2249 μόνον,
2229 2200 2245 2230 ι
2274 2180 2546 2233 Δεικνύων
2578 2180 2715 2250 ἔργα
2746 2182 2971 2233 ἀπαίτει
3058 2181 3305 2250 μισθους,
3357 2199 3374 2230 ι
3453 2182 3836 2251 ἀπεπέμψατο,
3897 2178 4053 2231 Οὕτω

774 2269 831 2320 δὲ
860 2268 1194 2339 παροραθεὶς
1221 2270 1355 2321 καὶὸ
1384 2270 1673 2339 Βρυέννιος
1715 2270 1881 2340 ἀπῄει
1917 2271 2065 2322 δεινά
2106 2271 2355 2339 στρέφων
2396 2271 2453 2320 ἐν
2484 2271 2663 2337 ἑαυτῷ
2695 2273 2788 2321 καὶ
2812 2271 3000 2340 καιρὸν
3026 2269 3204 2339 ζητῶν
3242 2270 3597 2339 ἐκδικήσεως.

850 2360 1112 2415 Eumdem
1167 2377 1227 2416 se
1299 2362 1597 2431 imperator
1654 2366 1825 2431 gessit
1875 2379 2002 2432 erga
2062 2362 2356 2417 Erbebium

780 2454 1228 2523 Francopullum,
1264 2456 1355 2523 qui
1394 2455 1474 2508 vir
1501 2456 1555 2508 in
1594 2454 1779 2509 Sicilia
1828 2455 2090 2509 Maniacw
2128 2455 2183 2508 in
2217 2454 2358 2507 bello

780 2549 966 2602 socius
995 2548 1190 2611 fuerat,
1221 2562 1284 2602 ac
1316 2549 1577 2617 przeclara
1623 2558 1892 2603 statuerat
1943 2557 2171 2617 trop:ea,
2198 2547 2359 2618 617

778 2647 832 2692 et
866 2638 1063 2692 exinde
1094 2638 1148 2691 in
1202 2653 1325 2692 cum
1366 2654 1539 2707 usque
1594 2638 1739 2693 diem
1806 2641 1883 2692 rei
1932 2637 2191 2691 Romana:
2245 2646 2363 2691 stu-

780 2729 994 2784 ducrat.
1022 2728 1174 2784 llunc
1201 2732 1346 2784 enim
1383 2731 1638 2800 precibus
1672 2746 1699 2783 a
1734 2746 1793 2783 se
1850 2731 2267 2785 contendentem
2303 2739 2362 2783 ut

783 2822 1087 2891 magisterii
1115 2822 1325 2876 honore
1372 2832 1686 2887 ornaretur,
1740 2838 1845 2875 non
1907 2822 2068 2875 modo
2116 2837 2223 2875 non
2279 2831 2363 2875 cst

784 2915 1043 2984 dignatus
1102 2929 1358 2979 assensu,
1422 2914 1514 2967 sed
1558 2915 1721 2967 etiam
1770 2914 2167 2969 sobsannatum
2214 2913 2363 2966 varie

787 3021 1030 3075 nasoque
1049 3021 1378 3075 suspensum
1412 3004 1623 3059 dimisit
1650 3022 1661 3057 :
1708 3003 1844 3057 adeo
1879 3004 2215 3057 inlmmanus
2244 3013 2361 3057 erat

787 3104 841 3149 ct
866 3096 916 3147 in
948 3098 1341 3167 congressibus
1377 3095 1634 3149 dillicilis.
1675 3094 1968 3159 Erbcbius,
1998 3096 2201 3164 quippe
2231 3094 2361 3147 bar-

789 3187 954 3239 barus
987 3188 1160 3240 ctira:
1210 3186 1499 3256 impotens,
1559 3198 1668 3238 non
1723 3183 1999 3239 moderate
2048 3183 2175 3235 tulit
2236 3196 2357 3236 eam

789 3280 1174 3334 contumeliam
1203 3298 1217 3345 ;
1252 3281 1587 3350 ignarusque
1607 3294 1795 3333 eorum
1832 3292 1958 3347 qua:
1998 3276 2224 3330 Romani
2256 3289 2368 3328 ma-

789 3370 1182 3433 cltinabantur,
1213 3372 1280 3425 de
1309 3371 1553 3424 vindicta
1586 3370 1890 3435 cogitavit;
1948 3375 2371 3437 commeatuque

792 3464 1015 3515 domum
1079 3463 1315 3517 abeundi
1401 3464 1469 3517 ab
1556 3464 1886 3532 imperatore
1957 3461 2247 3527 impetrato
2315 3459 2369 3511 in

793 3553 1070 3608 Orientem
1093 3557 1333 3617 transiit,
1366 3571 1429 3609 ac
1459 3554 1681 3608 domttm
1728 3570 1884 3609 suam
1922 3552 2283 3605 [)abaramam
2320 3554 2371 3603 iu

797 3648 1119 3702 Armeniaca
1198 3649 1357 3704 sitam
1433 3649 1714 3719 provincia
1770 3664 1829 3702 se
1888 3647 2167 3711 contulit;
2213 3654 2263 3699 ct
2316 3660 2374 3710 re

796 3754 919 3791 cum
947 3740 1275 3807 quibusdam
1341 3739 1567 3794 Francis
1604 3742 2029 3805 communicata,
2066 3741 2139 3793 ibi
2175 3738 2226 3792 in
2296 3740 2377 3792 bi-

800 3833 964 3883 bet-na
1008 3830 1223 3898 divisis,
1281 3832 1386 3886 500
1448 3847 1638 3888 eorum
1700 3834 1976 3902 corruptis
2028 3834 2083 3885 in
2142 3830 2374 3887 Mediam

799 3922 931 3974 abiit
958 3923 1022 3976 iis
1054 3923 1370 3985 comitatus,
1394 3930 1450 3978 et
1488 3938 1611 3977 cum
1677 3924 1954 3978 Samuelio
2000 3932 2130 3978 tunc
2175 3922 2376 3977 ibidem

798 4014 1027 4083 tit-gente
1068 4015 1194 4067 belli
1236 4014 1290 4067 in
1328 4013 1605 4069 Romanos
1634 4015 1857 4081 gerendi
1883 4016 2201 4071 societatem
2224 4016 2375 4069 coiit.

803 4104 875 4157 lia
943 4106 1181 4159 societas
1242 4120 1365 4159 cum
1432 4105 1753 4176 aliquandiu
1828 4107 2105 4171 durasset,
2159 4106 2380 4162 oll'cnstn

805 4194 949 4247 inter
974 4193 1215 4249 Francos
1254 4206 1307 4249 et
1336 4194 1545 4249 Turcos
1607 4197 1937 4258 inciderunt,
2006 4212 2070 4251 ac
2127 4197 2381 4251 nationes

803 4284 1035 4340 invicem
1063 4287 1164 4341 sibi
1196 4286 1442 4341 insidiari
1467 4298 1773 4356 coeperunt.
1805 4290 1883 4345 Ac
1922 4288 2230 4344 Samncltus
2260 4290 2383 4359 qui-

803 4376 925 4429 dem
986 4378 1160 4444 pactis
1218 4392 1277 4432 se
1334 4364 1853 4443 stare'sitnulabat,
1904 4378 2177 4433 Erbebius
2251 4394 2381 4432 vero

804 4485 1019 4538 semper
1052 4470 1105 4521 in
1135 4470 1542 4540 suspicionibus
1596 4482 1733 4535 erat,
1764 4473 2117 4543 subitumque
2168 4470 2381 4524 Turco-

2531 2363 2937 2432 Παραπλησίως
2975 2362 3030 2415 δὲ
3064 2362 3277 2432 διετέθη
3322 2364 3416 2414 καὶ
3476 2361 3613 2431 πρὸς
3657 2360 3933 2430 Ἐρϐἐϐιον
3960 2361 4049 2411 τὸν

2468 2455 2899 2523 Φραγγόπωλον,
2930 2455 3100 2524 ἄνδρα
3133 2454 3676 2523 συστρατευσάμενόν
3710 2470 3768 2503 τε
3817 2452 3895 2520 τῷ
3928 2453 4050 2503 MJ-

2470 2548 2634 2617 νιάκῃ
2669 2549 2727 2598 ὲν
2755 2546 2974 2616 Σικελίᾳ
3002 2546 3097 2598 καὶ
3126 2545 3341 2615 μεγάλα
3378 2545 3615 2615 τρόπαια
3660 2546 3933 2613 στήσαντα
3960 2544 4051 2593 καὶ

2468 2638 2565 2691 ἀπ’
2598 2640 2805 2691 ἐκείνου
2828 2640 2922 2691 καὶ
2945 2638 3049 2699 ἓως
3085 2639 3275 2690 τούτου
3321 2636 3613 2705 Ῥωμαίοις
3646 2635 3834 2686 εὔνουν
3860 2635 4048 2702 φαινό-

2474 2745 2654 2798 μενον.
2687 2727 3118 2800 Παρακαλοῦντα
3148 2727 3256 2796 γὰρ
3280 2728 3373 2780 καὶ
3415 2727 3579 2780 αὑτὸν
3619 2727 3711 2778 καὶ
3742 2726 4052 2778 ἱκετεύοντα

2470 2822 2568 2889 τῆς
2598 2821 2706 2873 τῶν
2733 2822 3047 2891 μαγίστρων
3078 2822 3242 2889 τιμῆς
3265 2822 3449 2889 τυχεῖν
3466 2821 3525 2871 οὑ
3554 2820 3709 2888 μόνον
3730 2820 3830 2871 οὑκ
3853 2819 4053 2885 ἠξίωσε

2469 2910 2651 2977 λόγου,
2702 2911 2839 2963 ἀλλά
2895 2910 3195 2962 καὶπολλὰ
3256 2908 3525 2977 χλευάσας
3576 2907 3669 2959 καὶ
3710 2906 4056 2974 μυκτηρίσας

2470 3002 2856 3070 ἀπεπέμψατο,
2913 3002 3025 3053 Καὶ
3053 3001 3226 3062 οὕτως
3260 2997 3325 3070 ἦν
3365 3000 3541 3069 ἀφυὴς
3570 3002 3663 3050 καὶ
3690 2999 4052 3067 δυσπρόσοδος

2472 3094 2705 3164 περἰτάς
2738 3093 3027 3159 ἐντεύξεις,
3048 3092 3105 3144 '0
3132 3092 3500 3161 δὲἘρϐἐϐιος,
3527 3088 3614 3145 οἷα
3647 3090 3928 3159 Βάρϐαρος
3961 3093 4053 3139 καὶ

2473 3185 2570 3255 τὴν
2622 3184 2792 3255 ὀργὴν
2839 3186 3229 3255 ἀκατάσχετος,
3289 3184 3349 3236 οὑ
3407 3183 3641 3252 μετρίως
3696 3182 3933 3249 ἐνεγκὼν
3959 3180 4055 3250 τὴν

2475 3276 2652 3347 ὓϐριν,
2710 3277 2921 3345 ἀγνοῶν
2956 3277 3010 3329 δὲ
3048 3277 3141 3330 καὶ
3195 3278 3294 3345 τὴν
3327 3275 3714 3346 μελετωμένην
3760 3274 3910 3343 παρᾶ
3944 3274 4052 3323 τῶν

2475 3371 2560 3441 [Ρ.
2613 3370 2737 3441 795]
2807 3370 3093 3440 Ῥωμαίων
3156 3369 3447 3438 συσκευὴν,
3506 3368 3605 3419 οὑκ
3655 3368 4054 3435 ἐκαρτέρησεν,

2475 3463 2612 3515 ἀλλά
2635 3463 2953 3526 σπουδάζων
2989 3462 3301 3532 ἀμύνασθαι
3328 3462 3416 3513 τὸν
3448 3461 3730 3531 ὑϐριστὴν,
3765 3461 4058 3526 ὲξαιτητά-

2479 3574 2637 3626 μενος
2669 3557 2754 3608 ἐπ’
2780 3556 2930 3608 οἴκου
2968 3555 3301 3625 πορευθῆναι
3335 3555 3429 3606 καὶ
3464 3553 3707 3619 ἀεικθεὶς,
3740 3553 3816 3620 τῷ
3848 3553 4055 3619 βασιλεῖ

2478 3649 2791 3718 προσειπὼν
2820 3647 2888 3700 τὰ
2912 3646 3181 3717 ἑξιτήρια,
3210 3647 3435 3716 ἐξῆλθεν
3460 3645 3643 3708 εὐθὺς,
3671 3646 3763 3696 καὶ
3796 3645 3928 3713 πρὶς
3958 3645 4057 3711 τὴν

2489 3742 2662 3812 Ἕῴαν
2708 3742 3037 3812 περαιωθεὶς
3086 3741 3316 3808 ἀνῆλθεν
3353 3741 3408 3791 ὲν
3438 3743 3503 3808 τῇ
3550 3741 3690 3790 κατὰ
3721 3738 3811 3789 τὸν
3862 3738 4059 3805 Ἀρμε-

2479 3836 2665 3889 νιακδν
2698 3835 2844 3905 οἰκία
2876 3833 3064 3896 αὑτοῦ,
3114 3837 3180 3902 τῇ
3214 3832 3541 3903 Δαϐαράμῃ.
3591 3832 3699 3883 Καὶ
3741 3831 4057 3897 κοινολογη-

2482 3926 2715 3996 σάμενός
2748 3942 2857 3977 τισι
2902 3924 3011 3977 τῶν
3064 3926 3331 3996 Φράγγων
3359 3927 3537 3977 ἐκεῖσε
3573 3924 3692 3976 τότε
3724 3923 4060 3989 διεσπαρμέ-

2481 4034 2591 4079 νοις
2615 4014 2767 4068 οὖσιν
2788 4016 2868 4077 εἱς
2885 4013 3352 4083 παραχειμασίαν,
3380 4016 3473 4066 καὶ
3498 4012 3838 4083 τριακοσίους
3864 4013 4060 4078 ἄνδρας

2482 4108 2547 4160 ὲκ
2575 4107 2779 4159 τούτων
2809 4105 3168 4174 ὑποφθείρας,
3204 4104 3419 4174 ἀπῆρεν
3446 4105 3676 4167 ἐκεῖθεν,
3701 4103 3797 4155 καὶ
3824 4103 4059 4156 ἀνελθὼν

2484 4200 2541 4252 ὲν
2571 4197 2753 4267 Μηδίᾳ
2802 4200 3155 4269 κοινοπραγεῖ
3179 4196 3256 4267 τῷ
3288 4197 3531 4267 Σαμοὺχ,
3571 4198 3747 4248 ἐκεῖσε
3795 4196 4059 4263 ἐνδιατρί-

2484 4289 2655 4355 ϐοντι,
2694 4287 2836 4342 ὥστε
2891 4288 3149 4357 πολεμεῖν
3196 4287 3508 4357 Ῥωμαίοις.
3565 4290 3675 4341 Καὶ
3728 4289 3918 4357 χρόνον
3960 4289 4060 4355 μέν

2484 4400 2605 4435 τινα
2622 4381 2917 4442 ἀσάλευτος
2940 4379 3156 4450 ἔμεινεν
3184 4382 3217 4449 ὴ
3243 4380 3501 4449 ὁμολογία
3519 4396 3531 4409 ·
3570 4382 4060 4451 προσκρούσματος

2486 4473 2543 4525 δέ
2575 4489 2715 4534 τινος
2753 4471 2958 4541 μεταξὺ
2989 4471 3099 4523 τῶν
3127 4471 3397 4539 Φρὰγγων
3430 4472 3724 4539 γενομένου
3766 4473 3856 4523 καὶ
3888 4471 4062 4539 Τούρ-

807 4577 925 4613 rum
960 4562 1196 4631 aliquem
1222 4563 1275 4615 in
1316 4578 1375 4617 se
1422 4564 1683 4633 itnpctum
1717 4566 2067 4633 exspectabat
2103 4583 2119 4632 ;
2155 4565 2384 4632 ideoque
2416 4576 2461 4629 ῐ)
2492 4586 2548 4620 xc

2320 4580 2384 4620 ue
2416 4576 2461 4629 Ι)
2492 4586 2622 4632 κων,
2652 4567 2744 4621 καὶ
2790 4569 2853 4619 ὲκ
2898 4564 3089 4618 τούτου
3140 4562 3603 4617 ἐπιϐουλευόντων
3650 4563 3897 4631 ἀλλήλοις
3957 4564 4061 4615 τῶν

804 4668 934 4706 suos
959 4654 1281 4707 hortabatur
1308 4670 1374 4709 ne
1409 4671 1620 4721 secure,
1650 4657 1744 4711 sed
1780 4658 1974 4710 armati
2006 4672 2221 4727 semper
2248 4657 2375 4711 dor-

807 4746 1027 4799 mirent.
1068 4745 1289 4800 Interim
1318 4758 1498 4803 tamen
1530 4749 1805 4803 Samucho
1836 4750 2042 4802 nullum
2106 4750 2379 4819 praebebat

808 4853 1031 4891 suarum
1063 4840 1454 4908 cogitationum
1491 4842 1777 4895 indicium.
1815 4842 1982 4912 618
2003 4839 2245 4895 Tandem
2275 4840 2375 4895 Sa-

810 4931 991 4983 mucbi
1016 4931 1227 4985 insiditc
1259 4932 1665 5001 eruperunt.Et
1696 4935 1930 5002 quadam
1987 4933 2075 4988 die
2125 4934 2381 4987 omnibus

810 5022 925 5075 suis
954 5020 1149 5077 Turcis
1183 5025 1409 5078 armatis
1441 5026 1771 5093 prandentes
1805 5024 2048 5080 Francos
2087 5025 2333 5079 adoritur
2363 5042 2378 5091 ;

810 5128 1044 5182 quorum
1086 5112 1139 5166 lii
1178 5115 1467 5169 adventum
1503 5118 1826 5181 sentientes,
1861 5116 2045 5171 statim
2096 5116 2151 5169 in
2184 5130 2379 5185 equos,

811 5223 950 5273 quos
978 5207 1131 5261 ducis
1177 5208 1338 5277 jussu
1392 5224 1609 5278 semper
1648 5219 1871 5280 paratos
1918 5210 2212 5273 habebant,
2249 5210 2383 5263 insi-

815 5299 974 5362 liuut,
1005 5306 1059 5352 ct
1088 5298 1281 5355 Turcis
1316 5312 1615 5355 occurrunt
1654 5320 1669 5368 ;
1705 5302 2001 5371 praelioqne
2061 5303 2178 5355 acri
2212 5301 2376 5367 facto,

818 5389 983 5442 Turci
1016 5405 1139 5444 cum
1171 5392 1489 5461 aliquandiu
1556 5396 1909 5460 restitissent,
1940 5394 2237 5463 pelluntur,
2270 5409 2381 5446 ma-

814 5483 1006 5550 jorque
1029 5498 1214 5536 eorum
1250 5501 1375 5554 pars
1398 5488 1594 5549 oceisa,
1616 5488 1807 5557 reliqui
1837 5488 2044 5557 pedites
2070 5487 2309 5555 nudique
2333 5485 2384 5538 in

824 5576 1013 5628 urbem
1044 5575 1233 5630 Citleat
1266 5577 1388 5648 fuga
1419 5578 1679 5633 cvadunt.
1720 5580 1984 5633 Erbcbius
2036 5593 2065 5630 a
2126 5592 2386 5646 persecu-

824 5667 969 5720 tione
1024 5667 1260 5721 hostium
1317 5680 1592 5725 revertens
1649 5689 1769 5725 cum
1808 5672 1921 5726 suis
1959 5671 2220 5725 suadebat
2246 5678 2303 5725 ut
2336 5672 2388 5724 in

828 5768 1001 5812 castra
1029 5776 1089 5811 sc.
1117 5762 1436 5829 reciperent.
1471 5764 1666 5816 Verum
1700 5764 1731 5815 ii
1775 5765 2035 5833 urgebant
2065 5773 2122 5815 ιιι
2159 5766 2211 5816 in
2243 5781 2391 5817 cam—

829 5847 949 5904 ὀειιι
984 5850 1165 5905 tttbcm
1200 5854 1343 5922 (nam
1384 5872 1501 5907 ιιιιιι
1558 5858 1671 5923 eju~
1726 5871 1904 5909 amcra
1938 5858 2169 5911 societas
2204 5871 2260 5909 ac
2297 5871 2390 5925 ρει-

2486 4660 2677 4728 γενῶν,
2714 4661 2741 4713 ὁ
2778 4658 2877 4729 μὲν
2908 4659 3129 4727 Σαμοὺχ
3181 4658 3562 4726 προσεποιεῖτο
3595 4658 3783 4725 τηρεῖν
3828 4656 3897 4707 τὰ
3939 4673 4062 4707 συν-

2480 4751 2792 4821 τεθειμένα,
2829 4750 2857 4801 ὁ
2876 4750 2932 4803 δὲ
2969 4747 3249 4817 Ἐρὸἐΰιος
3267 4746 3353 4798 διὰ
3384 4746 3581 4807 παντὸς
3607 4741 3673 4815 ἦν
3705 4748 3762 4797 ὲν
3785 4747 4063 4810 ὑπονοίαις

2484 4845 2579 4898 καὶ
2612 4843 2876 4911 αἰφνίδιον
2932 4842 3237 4911 προσεδόκα
3292 4838 3559 4902 ἐπίθεσιν,
3594 4840 3687 4891 καὶ
3724 4842 3847 4903 τοὺς
3879 4842 4060 4909 Φραγ-

2484 4956 2611 5006 γους
2636 4938 2936 5009 παρεκάλει
2966 4936 3042 5006 μὴ
3071 4936 3296 5001 ἀνέτως,
3325 4934 3441 4987 ἀλλ’
3472 4934 3694 4987 ἐπὶτῶν
3718 4934 3897 4986 ὃπλων
3929 4937 4063 4985 καθ-

2484 5031 2677 5084 εύδειν.
2708 5029 2878 5083 Τοῦτο
2907 5030 2963 5082 δὲ
2990 5030 3166 5083 ἐποίει
3189 5028 3452 5098 κρυφίως,
3482 5028 3755 5097 μηδεμίαν
3774 5026 4064 5088 συναίσθη-

2487 5140 2571 5173 σιν
2593 5121 2767 5180 διδοῖθς
2802 5121 2880 5191 τῷ
2910 5122 3151 5189 Σαμοὺχ,
3184 5120 3287 5182 ἓως
3308 5121 3516 5182 ἐκεῖνος
3548 5118 3834 5171 λανθάνειν
3860 5118 4063 5184 οἰηθεὶς

2485 5211 2858 5265 ἁνακαλύπτει
2896 5210 2955 5263 τὸ
3007 5210 3299 5281 βούλευμα,
3356 5209 3451 5262 καὶ
3496 5209 3627 5277 περὶ
3683 5209 3809 5276 μίαν
3851 5209 4065 5275 ἡμέραν

2486 5302 2774 5368 ὲξοπλίσας
2822 5302 3031 5363 πάντας
3104 5300 3197 5363 οὓς
3262 5297 3376 5369 εἶχε
3430 5299 3707 5367 Τούρκους
3762 5299 4064 5349 ἐπιτίθεται

2487 5395 3026 5463 ἀριστοποιουμένοις
3078 5396 3197 5456 τοῖς
3251 5392 3543 5461 Φράγγοις.
3591 5392 3653 5443 Οἱ
3715 5390 3769 5442 δὲ
3823 5391 3962 5442 κατὰ
4006 5390 4066 5438 το

2491 5487 2857 5555 παράγγελμα
2889 5485 2983 5538 τοῦ
3013 5484 3320 5554 στρατηγοῦ
3363 5484 3489 5547 τοὺς
3512 5485 3710 5545 ἵππους
3745 5484 3801 5533 ἐν
3823 5485 3933 5541 τοῖς
3970 5499 4067 5549 χι-

2490 5578 2652 5640 λινοῖς
2678 5579 2915 5647 ἔχοντες,
2944 5578 3017 5639 ὡς
3054 5577 3281 5647 ᾔσθοντο
3320 5578 3419 5645 τὴν
3450 5576 3731 5628 ὲπέλευσιν
3755 5575 3860 5624 τῶν
3896 5574 4068 5639 ἰὀ-ρρ·

2495 5687 2623 5731 κων,
2655 5672 2839 5737 ταχεῖς
2872 5686 2927 5720 τε
2961 5668 3149 5736 ἔποχοι
3203 5668 3445 5733 γίνονται
3477 5667 3568 5717 καὶ
3596 5666 3909 5733 ἐρχομένοις
3942 5664 4063 5715 τού-

2496 5781 2606 5825 τοις
2643 5762 3085 5829 προσυπαντῶσι.
3116 5762 3223 5812 Καὶ
3248 5760 3453 5826 γίνεται
3494 5760 3639 5827 μάχη
3673 5758 3933 5827 καρτερὰ,
3975 5758 4065 5806 καὶ

2500 5857 2632 5927 πρὶς
2668 5856 2858 5926 pas/.pr
2883 5855 3224 5924 ἀντισχόντες
3262 5857 3308 5906 οἱ
3350 5852 3581 5921 Τοῦρκοι
3616 5852 3785 5921 τρέπο
3822 5869 3928 5904 ται.
3963 5851 4070 5901 K1".
