4410 6442
324 386 429 446 349

1412 388 1953 450 HISTORIARUM
1982 388 2505 453 COMPENDIUM.

3475 399 3583 464 350

324 516 580 551 πιπτουσι
627 501 724 566 μὲν
781 501 829 553 οἱ
886 500 1125 565 πλείους,
1171 502 1217 552 οῖ
1266 501 1321 554 δὲ
1352 502 1529 555 λοιποὶ
1554 504 1896 573 διεσώθησαν
1931 511 1971 564 Α
2003 517 2065 559 ctl

1844 523 1896 557 ιν
1931 511 1971 564 Α
2003 517 2149 559 ctum
2181 507 2315 575 ipsis
2353 508 2744 573 intercedebat)
2770 508 3059 575 intrarent,
3097 511 3151 565 in
3186 526 3293 581 qua
3334 526 3585 569 recreare

333 598 457 660 *πρὸς
508 595 569 644 τὸ
624 593 799 646 Χλέατ
859 594 1017 657 πεζοὶ
1091 596 1184 647 καὶ
1246 595 1462 663 γυμνοί.
1525 595 1583 647 '0
1609 596 1665 647 δὲ
1710 596 1901 666 Ἐρϐέ-

326 688 439 746 ὄιος
472 685 820 753 ὑποστρέψας
840 683 948 738 ἀπὸ
971 683 1062 737 τοῦ
1091 685 1331 751 διωγμοῦ
1361 687 1497 755 μετὰ
1513 686 1621 737 τῶν
1638 688 1905 756 Φράγγων

326 777 751 845 κατασκηνῶσαι
797 778 854 829 ἐν
884 779 951 846 τῇ
994 777 1312 848 παρεμϐολῇ
1347 777 1755 833 συνεϐούλευεν.
1789 779 1906 831 Ἐν-

325 872 537 924 έκειντο
567 871 621 922 δὲ
644 872 693 924 οἱ
728 873 968 940 Φράγγοι
1011 872 1413 939 ἀναγκάζοντες
1450 874 1714 926 εἰσελθεῖν
1749 876 1806 926 ὲν
1836 877 1903 944 τῇ

331 962 485 1014 πόλει
530 962 625 1013 τοῦ
674 962 875 1021 Χλέατ,
909 965 1302 1033 κοινοπραγίαν
1340 965 1554 1033 ἔχοντες
1583 966 1677 1018 καὶ
1706 966 1905 1035 ὅρκους

328 1054 464 1123 μετά
486 1052 579 1105 τοῦ
614 1052 982 1123 ἀμηρεύοντος
1046 1056 1102 1107 ὲν
1148 1056 1316 1125 αὐτῇ,
1355 1057 1649 1119 εὐπαθείας
1673 1058 1733 1111 τέ
1760 1074 1904 1120 τινος

326 1146 419 1198 καὶ
450 1145 677 1213 λουτροῦ
702 1148 998 1215 μετασχεῖν
1033 1147 1127 1200 καὶ
1160 1148 1252 1199 τὸν
1280 1151 1343 1201 ὲκ
1376 1150 1469 1201 τοῦ
1495 1151 1730 1219 πολέμου
1765 1152 1905 1203 ἀπο-

325 1236 630 1292 πλύνασθαι
686 1238 901 1307 λύθρον.
948 1237 1008 1292 Ὀ
1034 1239 1091 1293 δὲ
1140 1241 1309 1305 πολὺς
1361 1238 1429 1311 ἦν
1461 1244 1780 1313 ἐγκείμενος
1809 1244 1905 1295 καὶ

324 1330 696 1383 καθικετεύων
728 1332 820 1383 τὸν
880 1332 1117 1387 τοιοῦτον
1164 1335 1596 1401 ἀποτινάξασθαι
1646 1336 1905 1405 λογισμὸν

325 1424 424 1476 καὶ
452 1423 527 1493 μὴ
556 1425 696 1477 πάνυ
729 1442 778 1476 τι
808 1429 1083 1480 πιστεύειν
1101 1429 1247 1497 ὅρκῳ
1278 1429 1615 1483 ἀλλοπίστων
1634 1432 1727 1482 καὶ
1751 1432 1906 1483 ἀλλο-

326 1514 512 1581 φύλων
558 1515 879 1583 ἀνθρώπων,
935 1521 1027 1571 καὶ
1058 1520 1303 1572 εὐσεϐεῖν
1342 1523 1832 1593 ἀναπεπεισμένων
1856 1526 1905 1576 εἰ

325 1606 559 1659 θανάτου
596 1607 811 1671 πολλοῖς
844 1610 1188 1677 Χριστιανοῖς
1230 1613 1394 1665 αἴτιοι
1423 1615 1687 1680 γένοιντο.
1738 1615 1825 1677 Ὠς
1849 1615 1905 1667 δὲ

326 1697 508 1762 λέγων
558 1698 749 1751 οὐδένα
796 1700 887 1751 τὸν
926 1701 1261 1771 προσέχοντα
1295 1700 1461 1771 εἶχεν,
1522 1704 1659 1758 ἀλλά
1707 1706 1907 1768 πάντες

329 1789 460 1855 μιᾶς
516 1788 798 1857 γενόμενοι
848 1788 1075 1860 γνώμης
1125 1794 1508 1859 ἀπαραίτητον
1549 1794 1647 1863 τὴν
1696 1794 1904 1846 εἴσοδον

2007 614 2066 653 se
2124 607 2184 652 et-
2221 600 2271 651 in
2320 600 2516 653 balneo
2585 616 2834 654 cruorem
2900 601 3023 655 belli
3067 604 3289 659 abluere
3339 616 3582 674 possent.

2006 687 2372 743 Vehementer
2404 690 2644 744 instabat
2673 699 2863 745 contra
2900 691 3188 757 Erbebius,
3215 701 3383 764 atque
3422 695 3586 748 obse-

2005 782 2195 835 crabat
2231 791 2289 835 ut
2316 781 2455 836 hanc
2504 782 2858 851 cupiditatem
2921 782 3281 853 deponerent,
3324 801 3459 839 neve
3503 785 3589 837 ni-

2014 875 2182 927 mium
2218 874 2447 930 ﬁderent
2478 875 2825 944 jurijnrando
2858 876 3136 930 hominum
3161 877 3395 931 diversae
3455 877 3581 931 reli-

2006 965 2186 1034 gionis
2214 980 2278 1020 ac
2315 968 2576 1032 nationis,
2607 977 2661 1022 et
2688 969 2889 1037 quibus
2948 983 3275 1036 persuasum
3332 976 3481 1022 esset
3528 981 3589 1022 se

2009 1059 2255 1127 piissime
2281 1074 2441 1130 agere
2463 1061 2510 1116 si
2569 1060 2775 1113 multos
2804 1061 3150 1115 Christianos
3187 1060 3586 1115 interimereut.

2008 1150 2113 1205 Sed
2150 1166 2297 1211 cum,
2323 1153 2582 1207 omnibus
2611 1154 2662 1205 in
2700 1153 2888 1207 eadem
2923 1154 3190 1207 sententia
3218 1154 3584 1217 manentibus,

2008 1242 2176 1296 surdo
2211 1241 2447 1295 fabulam
2474 1251 2742 1296 narraret.
2761 1244 2979 1296 tandem
3002 1258 3125 1297 cum
3149 1245 3283 1311 ipsis
3312 1246 3365 1297 in
3398 1244 3584 1298 urbem

2008 1332 2332 1401 ingreditur,
2374 1332 2565 1387 multis
2609 1347 2703 1386 eos
2736 1332 3047 1387 obtestatus
3079 1341 3138 1385 ut
3167 1333 3272 1387 sibi
3307 1348 3586 1401 nunquam

2008 1438 2115 1476 non
2140 1432 2401 1477 caverent
2434 1439 2762 1493 semperque
2795 1439 2945 1477 arma
2978 1423 3045 1478 ad
3078 1439 3273 1478 manus
3306 1424 3586 1477 baberent.

2010 1511 2115 1567 Sed
2167 1514 2363 1567 Franci
2419 1514 2613 1568 Cbleat
2663 1514 2919 1583 ingressi,
2994 1515 3323 1584 posthabitis
3372 1513 3586 1565 Erbrbii

2010 1603 2231 1659 monitis
2254 1604 2319 1657 ad
2355 1604 2597 1667 lavacra,
2625 1606 2820 1674 pocula
2842 1617 2895 1659 et
2914 1608 3159 1660 convivia
3194 1622 3255 1661 se
3281 1607 3584 1659 contulere.

2010 1694 2227 1749 Interim
2270 1694 2424 1749 urbis
2480 1710 2697 1750 amcras
2754 1695 3062 1764 Aponasar,
3093 1714 3151 1750 re
3208 1713 3330 1751 cum
3388 1697 3589 1750 Samu-

2009 1786 2113 1839 cho
2142 1794 2195 1839 et
2233 1784 2526 1839 Saracenis
2560 1785 2631 1839 ibi
2675 1785 3002 1855 degentibus
3025 1785 3222 1856 :619
3286 1785 3592 1837 communi-

326 1878 653 1943 ἐλογίζοντο,
691 1880 830 1947 ἄρας
848 1880 942 1930 καὶ
976 1881 1137 1939 αὐτὸς
1172 1881 1366 1932 εἴσεισι
1393 1882 1488 1933 σὺν
1506 1882 1708 1945 αὐτοῖς,
1734 1882 1906 1935 πολλὰ
1942 1865 1983 1918 Β
2013 1895 2067 1933 εει

1849 1883 1906 1935 λὰ
1942 1865 2156 1943 Beata,
2232 1877 2542 1946 hospitibus
2602 1878 3009 1945 peregrinorum
3084 1874 3305 1929 matulat
3362 1882 3419 1929 ut
3462 1873 3590 1928 dato

328 1970 593 2038 πρότερον
644 1968 1016 2036 θεοκλυτήσας
1081 1972 1174 2023 καὶ
1224 1974 1735 2043 διαμαρτυράμενος
1812 1975 1906 2025 καὶ

330 2061 709 2129 παραγγείλας
759 2061 851 2113 διὰ
894 2063 1093 2123 παντὸς
1147 2064 1432 2133 προσέχειν
1483 2067 1577 2117 καὶ
1622 2066 1680 2117 ὲν
1725 2070 1904 2135 χεροῖν

330 2152 581 2222 κατέχειν
610 2154 677 2205 τὰ
708 2154 865 2207 ὅπλα.
922 2156 1267 2219 Εἰσελθόντες
1295 2153 1387 2209 οὖν
1428 2159 1479 2209 οἱ
1521 2158 1783 2227 Φράγγοι,
1808 2160 1903 2211 καὶ

328 2243 435 2294 τῶν
464 2241 558 2295 τοῦ
592 2246 899 2313 στρατηγοῦ
935 2246 1412 2313 παραγγελμάτων
1457 2249 1901 2317 καταφρονήσαν-

330 2352 438 2397 τες,
468 2336 526 2387 ὲν
548 2335 789 2405 λουτροῖς
819 2338 911 2388 καὶ
940 2336 1121 2397 πότοις
1149 2337 1243 2390 καὶ
1266 2338 1522 2406 εὐωχίαις
1551 2333 1710 2405 ἦσαν.
1758 2340 1815 2391 Ὀ
1845 2339 1902 2391 δὲ

329 2433 549 2501 ἁμηρᾶς
600 2430 906 2500 Ἀπονάσαρ
939 2431 1055 2498 ἆμα
1102 2430 1178 2498 τῷ
1227 2431 1445 2499 Σαμούχ
1480 2431 1571 2482 καὶ
1608 2432 1721 2492 τοῖς
1753 2431 1812 2481 ὲν
1836 2432 1902 2499 τῇ

2012 1970 2169 2041 signo
2219 1970 2461 2036 hospites
2504 1983 2636 2024 suos
2685 1968 3155 2037 c0mprebcudant
3213 1983 3275 2020 ac
3322 1967 3588 2028 vinciant,

2011 2072 2105 2116 aut
2146 2062 2193 2115 si
2254 2062 2309 2115 id
2370 2060 2485 2115 fieri
2540 2076 2649 2115 non
2696 2061 2894 2130 possit,
2956 2060 3235 2114 occidant.
3287 2060 3587 2129 Postquam

2011 2156 2203 2210 Franci
2238 2155 2560 2211 deliciarum
2595 2156 2767 2209 saturi
2797 2171 2991 2211 somno
3043 2171 3102 2209 se
3167 2154 3459 2215 dederunt,
3512 2155 3588 2208 si-

2010 2267 2175 2323 gnum
2208 2252 2391 2315 datur,
2423 2260 2477 2305 et
2507 2266 2697 2304 eorum
2753 2251 2846 2303 alii
2901 2251 3083 2304 statim
3116 2250 3447 2303 occiduntur
3496 2249 3587 2301 alii

2004 2342 2321 2411 capiuntur,
2357 2341 2577 2409 quidam
2594 2340 2756 2394 etiam
2784 2339 2853 2394 de
2892 2339 3063 2393 muris
3090 2339 3238 2393 foras
3255 2336 3575 2391 desilientes

2003 2440 2319 2493 evaserunt,
2384 2428 2655 2483 Erbebius
2722 2434 2915 2496 captus
2986 2437 3073 2481 est
3127 2434 3182 2480 et
3241 2440 3294 2477 tn
3356 2421 3589 2475 vinculis

331 2522 482 2572 πόλει
519 2522 855 2591 Σαρακηνοῖς
886 2521 1338 2590 βουλευσάμενος,
1385 2521 1481 2572 καὶ
1527 2522 1906 2589 παραγγείλας
2008 2541 2068 2580 as

1848 2538 1906 2582 αις
2008 2532 2351 2580 asservatus.
2401 2523 2501 2576 His
2544 2523 2617 2576 ita
2652 2521 2809 2586 actis,
2869 2534 3084 2575 ameras
3128 2516 3441 2587 imperatori
3497 2529 3589 2583 per

329 2614 437 2673 τοῖς
477 2611 794 2679 ξενοδόχοις,
830 2612 918 2665 ὅτε
956 2613 1015 2663 τὸ
1047 2611 1301 2680 σύνθημα
1332 2611 1750 2681 δοθῇ,κατέχειν
1780 2613 1906 2674 τοὺς
2011 2617 2065 2670 in

1846 2613 1906 2674 ὺς
2011 2616 2384 2670 internuntios
2413 2613 2687 2683 signiﬁcat
2717 2628 2775 2667 se
2822 2614 2870 2668 ei
2906 2610 3108 2674 favere,
3151 2617 3207 2665 et
3265 2608 3358 2677 qui
3416 2607 3587 2675 ipsius

326 2703 751 2767 ὲπιξενωθέντας
773 2706 865 2757 καὶ
888 2705 1104 2773 δεσμεῖν
1128 2705 1182 2774 ἢ,
1212 2703 1402 2755 τούτου
1434 2704 1759 2773 φαινομένου
1781 2704 1910 2755 ἀδυ-
2014 2722 2067 2761 re

1852 2723 1910 2755 υ·
2014 2708 2179 2762 rebus
2211 2706 2455 2761 insidiati
2488 2706 2747 2769 fuissent,
2779 2720 2876 2759 eos
2896 2720 2955 2760 se
2982 2703 3311 2773 perdidisse.
3368 2701 3590 2755 ducem-

326 2796 507 2856 νατου,
542 2796 925 2863 ἀποσφάττειν,
968 2798 1105 2857 τέως
1137 2796 1241 2865 μὲν
1296 2797 1519 2865 ἠρέμειο
1552 2796 1677 2846 ἐπεὶ
1702 2795 1757 2847 δὲ
1791 2795 1912 2858 ἃλις
2021 2814 2067 2867 (ιι

1171 2796 1241 2848 ιὲν
1296 2797 1519 2865 ἠρέμειο
1552 2796 1677 2846 ἐπεὶ
1702 2795 1757 2847 δὲ
1791 2795 1912 2858 ἃλις
2021 2814 2129 2867 que
2168 2798 2365 2852 borum
2393 2807 2613 2868 captum
2647 2800 2912 2853 detinere.

328 2881 439 2953 εἶχε
477 2890 590 2948 τοῖς
634 2888 904 2956 Φράγγοις
939 2888 971 2956 ἡ
1004 2887 1309 2956 ἡδυπάθεια
1352 2884 1439 2955 [Ρ.
1470 2885 1595 2952 796]
1630 2886 1724 2936 καὶ
1769 2887 1905 2955 πρὸς
1945 2885 2147 2950 ὕπνους
2180 2890 2520 2959 ἐτράπησαν,
2545 2890 2668 2953 δοὺς
2702 2889 2759 2942 τὸ
2790 2888 3041 2957 σύνθημα
3090 2884 3413 2939 ἐπιτίθεται.
3481 2882 3591 2935 Καὶ

324 2977 373 3027 οί
411 2978 510 3045 μὲν
569 2978 678 3030 τῶν
721 2980 989 3047 Φράγγων
1040 2978 1202 3040 εὐθὺς
1258 2977 1718 3042 ἀποσφάττονται,
1762 2978 1811 3028 οἱ
1878 2978 1936 3030 δὲ
2004 2980 2436 3049 κατεσχέθησαν,
2468 2981 2613 3045 τινὲς
2639 2981 2693 3034 δὲ
2714 2982 2810 3033 καὶ
2827 2977 3054 3032 ἀπὸτοῦ
3086 2976 3297 3046 τείχους
3332 2972 3587 3044 ῥιπτοῦν-

325 3088 414 3131 τες
450 3071 680 3133 έαυτούς
725 3068 829 3135 ἔξω
861 3069 1199 3139 διασωθῆναι
1234 3068 1479 3140 ἴσχυσαν.
1526 3070 1699 3123 Ἐαλω
1724 3072 1779 3123 δὲ
1812 3074 1907 3123 καὶ
1946 3074 1973 3124 ὁ
1999 3073 2281 3141 Ἐρὸέὸιος
2305 3077 2400 3126 καὶ
2427 3074 2681 3141 πεδηθεὶς
2716 3074 3065 3142 ἐφυλάττετο.
3117 3071 3176 3123 Ὀ
3241 3069 3300 3121 δὲ
3369 3070 3589 3140 ἀμηρᾶς

325 3162 770 3231 διαπραξάμενος
795 3164 967 3215 ταῦτα
996 3164 1451 3233 διακηρυκεύεται
1488 3165 1623 3233 πρὸς
1652 3165 1743 3216 τὸν
1781 3164 2007 3232 βασιλέα
2043 3167 2120 3229 ὠς
2156 3169 2299 3237 τάχα
2336 3168 2524 3230 εὐνους
2572 3164 2697 3239 [div]
2738 3165 2888 3235 αὐτῷ
2954 3162 3234 3225 καθεστὼς
3303 3162 3398 3215 καὶ
3462 3162 3594 3216 τούς

325 3254 776 3316 ἐπιϐουλεύοντας
811 3255 921 3315 τοῖς
949 3253 1111 3305 αὐτοῦ
1146 3254 1433 3324 πράγμασι
1464 3254 1787 3324 διαφθείρας
1818 3258 1910 3308 καὶ
1943 3258 2033 3311 τὸν
2058 3258 2265 3313 τούτων
2291 3260 2534 3330 ἀρχηγὸν
2557 3258 2863 3328 κατασχών.
2904 3258 3015 3311 Καὶ
3042 3256 3112 3309 τὰ
3147 3256 3246 3326 μὲν
3316 3255 3443 3325 περὶ
3501 3252 3592 3305 τὸν

324 3347 729 3417 Φραγγόπωλον
762 3344 1060 3415 συνηνέχθη
1084 3338 1207 3399 ὦδε.

397 3443 463 3493 Οἱ
495 3441 553 3493 δὲ
599 3440 696 3509 τῆς
737 3439 909 3507 Ἐᾠας
959 3437 1257 3506 στρατηγοὶ
1306 3436 1781 3506 ἀποπεμφθέντες,
1831 3438 1905 3499 ὡς
1936 3443 1980 3504 C
2082 3440 2138 3495 C:

1845 3438 1905 3499 iu;
1936 3443 1980 3504 C
2082 3440 2351 3495 Craterum
2382 3438 2620 3495 Orientis
2646 3440 2813 3493 duces
2832 3438 2934 3493 hoc
2962 3452 3073 3506 quo
3102 3436 3390 3491 docuimus
3421 3434 3586 3489 modo

326 3531 639 3602 ἔμπροσθεν
698 3529 934 3598 εῖρηται,
987 3528 1137 3597 παρὰ
1179 3527 1275 3580 τοῦ
1332 3528 1599 3596 βασιλέως
1642 3530 1906 3597 δευτέραν
2013 3532 2063 3585 di

1850 3548 1906 3581 ιν
2013 3532 2226 3586 dimissi
2258 3532 2327 3585 ab
2368 3532 2697 3600 imperatore
2761 3530 2945 3584 denuo
2975 3528 3292 3583 tentandam
3325 3542 3439 3581 rem
3473 3536 3591 3582 sta-

326 3626 575 3692 ἔγνωσαν
592 3623 788 3690 πεῖραν
824 3623 1215 3688 προσαγαγεῖν,
1251 3620 1344 3673 καὶ
1390 3620 1454 3690 δὴ
1482 3621 1558 3689 τῷ
1596 3638 1883 3690 σμερωτοςυγ
2013 3631 2065 3674 ιη

1854 3640 1883 3688 γ
2013 3630 2251 3675 tueruut.
2277 3620 2465 3688 Itaque
2494 3634 2555 3674 se
2586 3617 2652 3671 ad
2677 3618 3001 3687 primarium
3034 3616 3335 3685 syncellum
3357 3613 3591 3669 Leonem

325 3717 506 3783 κέλλῳ
532 3714 723 3767 Λέοντι
778 3713 855 3783 τῷ
902 3712 1391 3783 Στριιδοσπονδύλῳ
1421 3714 1817 3782 προσελθόντες
1842 3715 1908 3765 τά
2012 3716 2066 3767 St

1853 3715 1908 3765 τὰ
2012 3712 2543 3783 Strabospondylnm
2601 3712 2923 3773 conterunt,
2959 3719 3089 3762 tunc
3146 3708 3459 3776 reipublicae
3498 3723 3594 3777 gu-

324 3808 482 3859 κοινά
532 3805 825 3858 διοικοῦντι
875 3804 953 3873 τῷ
997 3804 1120 3857 τότε
1168 3805 1395 3875 μεσίτην
1446 3805 1501 3866 ἐς
1553 3804 1644 3856 τὸν
1686 3804 1910 3874 βασιλέα

320 3899 513 3952 τοῦτον
559 3896 984 3968 προύϐάλλοντο,
1039 3898 1133 3949 καὶ
1201 3897 1275 3966 μὴ
1334 3896 1487 3966 παρά
1537 3897 1661 3958 τούς
1716 3895 1911 3958 ἀλλους

326 3990 696 4059 περιοφθῆναι
723 3987 962 4041 ἱκέτευον
997 3987 1117 4057 μηδ’
1149 3988 1361 4055 ἀτίμως
1390 3987 1784 4058 ἀπορῤιφῆναι,
1814 3986 1909 4037 καὶ

325 4085 463 4136 ἄλλα
485 4082 922 4152 προϐαλλόμενοι
944 4080 1146 4144 δίκαια,
1172 4079 1480 4132 τελευταῖον
1506 4079 1561 4131 δὲ
1593 4078 1907 4145 ἐπαγαγόν-

321 4191 412 4236 τες
450 4173 580 4241 μηδ’
616 4172 764 4237 ἀξιον
795 4165 935 4223 εἶναι
988 4171 1114 4231 τοὺς
1174 4170 1271 4239 μὲν
1305 4169 1530 4229 πολίτας
1559 4169 1667 4221 τῶν
1702 4167 1910 4237 βασιλι-

325 4267 438 4319 κῶν
469 4265 804 4333 εὐμοιρῆσαι
825 4261 1020 4330 τιμῶν,
1069 4264 1204 4331 μήτε
1242 4262 1371 4330 παρ’
1400 4260 1623 4325 ἔπαλξιν
1679 4262 1911 4322 στάντας

326 4360 466 4428 μήτε
502 4356 643 4428 πρὸς
671 4356 964 4423 πολεμίους
993 4355 1490 4423 διαγωνισαμένους
1532 4354 1683 4416 ποτὲ,
1716 4354 1912 4415 αὐτοὺς

321 4450 377 4503 δὲ
398 4451 529 4512 τοὺς
546 4451 615 4501 ἐκ
635 4449 839 4501 παίδων
864 4448 1342 4517 προπολεμοῦντας
1362 4448 1452 4499 καὶ
1474 4447 1910 4516 ἀγρυπνοῦντας,

324 4542 390 4595 ἶν’
459 4541 642 4605 ἀδεῶς
696 4532 844 4593 οὗτοι
884 4539 1217 4603 καθεύδοιεν,
1265 4538 1641 4609 παροραθῆναι
1679 4540 1773 4592 καὶ
1813 4540 1911 4607 τῆς

324 4634 624 4702 βασιλικῆς
655 4630 965 4701 φιλοτιμίας
998 4630 1322 4685 διεκπεσεῖν.
1362 4630 1501 4683 Ἀλλ’
1534 4623 1708 4695 οὗτος,
1749 4647 1914 4699 στρυ-

322 4728 454 4797 φνὸς
472 4726 553 4779 ὣν
573 4724 671 4778 καὶ
695 4725 1075 4794 δυσπρόσιτος,
1105 4722 1165 4773 οὐ
1186 4722 1348 4790 μόνον
1376 4723 1475 4775 οὐκ
1499 4722 1715 4785 ἐδέξατο
1734 4722 1912 4789 ἠπίως

319 4824 417 4889 τὴν
460 4818 898 4891 προσαγομένην
934 4816 1161 4877 ἱκεσίαν,
1192 4814 1327 4867 ἀλλὰ
1379 4814 1473 4867 καὶ
1528 4816 1644 4881 μεθ’
1698 4813 1911 4884 ὐόρεων

319 4907 703 4978 ἀπεπέμψατο
735 4908 861 4969 τοὺς
891 4905 1095 4969 ίκέτας,
1127 4902 1466 4970 ἐκφαυλίσας
1492 4903 1592 4955 οὐκ
1632 4903 1787 4969 ὀλίγα
1821 4904 1914 4955 καὶ

318 5003 375 5063 ἐς
399 5002 652 5054 ἕκαστον
696 4998 803 5049 τῶν
854 4994 1175 5065 ἀνδρῶν.οί
1233 4993 1288 5045 δὲ
1345 4994 1441 5045 καὶ
1506 4993 1756 5063 δεύτερον
1812 4994 1913 5061 ἤδη

321 5085 742 5159 παρῳνημένοι,
784 5085 962 5137 πᾶσαν
991 5082 1180 5135 ἐλπίδα
1214 5084 1635 5151 ἀποσεισάμενοι
1668 5082 1909 5149 ἐσφάδα-

321 5183 411 5245 ζον
440 5182 541 5233 καὶ
583 5177 899 5246 διεπρίοντο
950 5174 1029 5244 τῷ
1064 5174 1241 5244 θυμῷ.
1278 5176 1385 5226 Καὶ
1432 5175 1547 5226 κατ’
1581 5174 1752 5243 ἀρχὰς
1791 5175 1907 5243 μὲν,

318 5274 391 5334 ὣς
424 5290 499 5339 πη
528 5270 767 5329 ἕκαστος
792 5266 1003 5334 ἔτυχεν,
1035 5267 1092 5317 ὲν
1132 5267 1251 5327 ταῖς
1279 5266 1517 5333 ὁμιλίαις
1547 5265 1906 5334 ὑποτονθορύ-

320 5367 506 5429 ζοντες
540 5359 917 5430 ιλοιδοροῦντο
939 5358 1017 5426 τῷ
1043 5357 1272 5426 βασιλεῖ,
1310 5356 1402 5409 καὶ
1430 5356 1505 5425 μὴ
1537 5359 1722 5422 πράως
1754 5358 1908 5421 ὲνεγ-

318 5460 433 5511 κεῖν
462 5458 712 5507 ἕκαστον
743 5450 1089 5521 παρεκάλουν
1142 5449 1380 5516 ἑκάστην
1428 5449 1733 5514 παροινίαν,
1771 5449 1907 5499 ἀλλὰ

317 5550 679 5614 διαναστῆναι
748 5542 1085 5611 παρώρμουν
1154 5542 1287 5610 πρὸς
1345 5539 1560 5592 δικαίαν
1612 5540 1909 5607 ἐκδίκησιν.

319 5642 550 5691 Ἔπειτα
573 5634 674 5688 καὶ
698 5633 789 5701 ὐφ’
805 5633 930 5685 ἒνὲν
947 5636 1012 5700 τῇ
1046 5631 1270 5701 Μεγάλῃ
1288 5632 1564 5698 γενόμενοι
1591 5630 1905 5699 Ἐκκλησία,

317 5732 405 5783 καὶ
430 5733 633 5798 ὅρκους
701 5723 885 5787 δόντες
919 5727 1009 5775 καὶ
1048 5724 1301 5783 λαϐόντες
1346 5722 1418 5789 μὴ
1465 5722 1737 5788 σιωπῆσαι
1782 5723 1904 5789 μηδ’

314 5823 673 5893 ἀνασχέσθαι,
712 5817 849 5871 ἀλλὰ
889 5819 1006 5881 τοὺς
1031 5816 1421 5882 ἐνυϐίίσλντας
1454 5816 1896 5883 τιμωρήσασθαι,

2002 5812 2094 5866 δι)ιί
2162 5812 2385 5877 ιιιιιεῐιςιδ
2469 5811 2658 5865 ιιίςὶδνί
2722 5812 2993 5863 aversati.
3056 5820 3205 5871 sunt,

2014 3806 2384 3866 bernatorem,
2420 3818 2597 3871 eoque
2629 3801 2770 3870 apud
2804 3801 3190 3869 imperatorem
3219 3798 3593 3852 intercessore

2013 3905 2268 3958 utuntur,
2331 3903 2498 3963 atque
2533 3901 2695 3946 orant
2726 3908 2796 3948 ne
2827 3892 2976 3960 ipsos
3020 3892 3090 3944 ita
3120 3889 3397 3959 neglectos
3430 3897 3593 3956 atque

2015 3988 2385 4057 ignominiose
2440 3986 2689 4055 abjrctos
2745 3986 3045 4054 imperator
3099 3983 3248 4036 velit.
3303 3981 3593 4049 Multisque

2013 4079 2265 4133 adductis
2300 4080 2656 4149 argumentis,
2689 4078 2740 4133 id
2776 4094 2994 4150 quoque
3031 4078 3097 4132 ad
3132 4089 3433 4133 extremum
3466 4094 3591 4147 pro-

2013 4179 2246 4239 ponunt,
2285 4170 2566 4239 indignum
2598 4170 2769 4225 videri
2800 4171 2952 4225 cives
2986 4172 3053 4226 ab
3110 4171 3443 4239 imperatore
3495 4171 3592 4223 lm-

2014 4277 2178 4316 norcs
2208 4263 2493 4330 consequi,
2521 4277 2644 4315 cum
2687 4263 2723 4315 ii
2771 4278 2947 4331 neque
2987 4263 3395 4331 propugnacula
3432 4263 3592 4315 tutati

2014 4369 2194 4423 neque
2216 4369 2341 4408 cum
2370 4354 2526 4408 hoste
2555 4354 2836 4423 congressi
2881 4369 3121 4422 unquam
3176 4354 3310 4414 sint,
3346 4368 3406 4407 se
3438 4370 3589 4413 vero,

2014 4448 2107 4517 qui
2137 4449 2204 4502 ab
2239 4448 2462 4501 ineunte
2492 4456 2651 4501 aatate
2682 4462 2777 4516 pro
2804 4446 2939 4515 ipsis
3005 4446 3477 4516 propugnaverint
3532 4455 3590 4500 et

2014 4539 2362 4603 excubariut,
2400 4548 2455 4591 nt
2481 4552 2676 4593 secure
2726 4538 2816 4590 alii
2858 4539 3099 4591 dormire
3152 4547 3396 4607 possent,
3449 4553 3590 4605 prx-

2020 4631 2169 4684 teriri
2204 4645 2381 4698 neque
2417 4645 2481 4684 ex
2514 4630 2869 4698 imperatoris
2898 4630 3232 4700 benignitate
3269 4629 3437 4684 ullum
3466 4646 3589 4699 per-

2017 4723 2197 4791 cipere
2233 4722 2497 4776 fructum.
2528 4720 2727 4774 Verum
2780 4723 3098 4790 imperator,
3135 4736 3388 4776 morosus
3426 4722 3591 4776 homo

2015 4816 2277 4885 adituque
2300 4814 2557 4876 dimcilis,
2592 4814 2758 4884 620
2788 4828 2897 4868 non
2955 4814 3115 4868 modo
3146 4828 3253 4867 non
3286 4813 3461 4867 audiit
3492 4814 3589 4867 beo

2018 4908 2178 4976 niguc
2231 4921 2351 4960 eam
2402 4905 2867 4975 deprecationem,
2931 4905 3027 4959 sed
3086 4906 3362 4973 supplices
3420 4908 3583 4958 etiam

2014 4997 2414 5053 contumeliose
2444 4998 2674 5057 dimisit,
2713 4996 2961 5065 singulos
3016 4996 3199 5050 verbis
3258 4997 3582 5049 insectatus.

2015 5092 2085 5145 At
2113 5104 2241 5143 vero
2274 5089 2324 5143 hi
2359 5090 2545 5143 denuo
2574 5088 2889 5157 ignominiis
2925 5088 3159 5155 superbe
3208 5086 3410 5150 aﬂ‘ecti,
3436 5089 3584 5141 omni

2012 5196 2241 5236 excussa
2268 5194 2364 5247 spe
2390 5180 2625 5234 fremere
2682 5180 2975 5247 animoque
3039 5177 3460 5233 excandescere.
3505 5180 3583 5232 Ae

2013 5272 2279 5342 principio
2302 5270 2523 5340 quidem
2558 5285 2655 5339 pro
2688 5285 2747 5324 se
2766 5270 2999 5338 quisque
3045 5270 3292 5324 susurris
3345 5271 3581 5340 impera-

2011 5365 2110 5417 tori
2144 5363 2463 5425 conviciari,
2493 5363 2739 5429 alterque
2760 5360 2990 5413 alterum
3042 5360 3249 5413 hortari
3288 5375 3355 5414 ne
3380 5371 3578 5414 contu-

2010 5454 2221 5505 meliam
2253 5454 2411 5505 istam
2431 5452 2621 5505 leviter
2654 5450 2810 5511 ferat,
2842 5449 2935 5503 sed
2964 5448 3251 5515 adjuslam
3280 5449 3575 5503 vindictam

2018 5558 2142 5596 sese
2176 5551 2350 5609 paret.
2388 5541 2517 5595 Post
2547 5542 2601 5593 in
2634 5557 2799 5593 unum
2834 5540 3047 5592 collecti
3074 5549 3274 5593 emtum
3302 5541 3353 5593 in
3386 5539 3578 5608 Magne

2012 5633 2260 5700 'l'rmpln,
2301 5634 2461 5685 dictis
2508 5633 2650 5683 ultro
2683 5633 2931 5698 citroque
2960 5633 3316 5683 sacramentis
3361 5646 3465 5682 non
3501 5629 3579 5683 si—

2007 5720 2171 5773 lentio
2242 5730 2290 5772 et
2342 5720 2518 5771 otioque
2594 5728 2796 5770 tantam
2856 5717 3102 5785 perferre
3175 5716 3574 5787 indignitatem,

3275 5812 3577 5864 adamanti-
