4410 6442
764 378 863 440 351

766 494 963 561 Ιιὶδιιυιε

768 586 1122 639 ruborarnnt.
1189 586 1443 643 Ambusu
1502 592 1777 644 sententia
1847 603 1967 645 erat
2022 593 2354 664 Biyennium

766 691 988 744 quoque
1034 678 1085 730 in
1136 679 1456 734 societatem
1516 681 1925 747 asciscendum,
1981 685 2075 753 qtti
2126 686 2193 738 ad
2253 685 2356 737 hoc

769 769 1081 821 institutum
1120 769 1416 838 plurimtnn
1465 772 1659 828 aﬂerre
1696 777 1956 829 momenti
1991 787 2197 845 posset,
2256 794 2357 831 nuo

770 876 987 913 tnurttso
1013 862 1307 930 pra‘leetns
1373 866 1637 919 exercitui
1677 866 2049 923 Macedonico.
2088 870 2265 938 Atque
2316 872 2360 924 is

771 962 1019 1008 tentatus-
1059 954 1318 1011 facillime
1353 959 1612 1013 asseusit.
1642 959 1880 1015 Proinde
1907 963 1957 1015 in
2002 964 2358 1017 deliberatio-

771 1062 893 1100 nem
925 1051 1071 1102 venit
1121 1050 1209 1104 cui
1266 1052 1579 1121 imperium,
1642 1070 1700 1108 re
1736 1070 1800 1109 ex
1862 1056 2028 1108 animi
2087 1057 2355 1111 sententia

771 1144 1130 1207 succedente,
1160 1144 1486 1199 deferretur.
1510 1145 1656 1199 Idem
1687 1162 1912 1214 prorsus
1940 1149 2195 1202 omnibus
2222 1165 2353 1203 con-

766 1238 966 1297 iuratis
998 1236 1200 1299 visunt,
1232 1236 1499 1291 Ambusto
1528 1238 1575 1291 id
1603 1238 2008 1302 deberi,a:tate,
2034 1238 2358 1293 fortitudine

770 1338 825 1381 et
861 1329 1053 1396 peritia
1082 1331 1295 1385 caeteris
1327 1332 1629 1400 praestanti.
1668 1329 1867 1385 Verum
1910 1332 1996 1386 ltic
2046 1348 2185 1386 onus
2224 1333 2355 1387 illud

772 1428 1033 1475 ext-utero
1067 1424 1318 1491 cupiens,
1353 1422 1679 1489 compendio
1718 1424 2008 1477 verborum
2052 1424 2359 1479 multitudi-

775 1529 897 1567 ltum
924 1513 1170 1568 sustulit.
1210 1513 1455 1585 Surgens
1482 1514 1625 1567 enim
1662 1514 1807 1567 illico
1862 1514 2227 1568 Romanorum
2257 1518 2357 1569 im-

776 1614 1081 1673 peratorem
1128 1604 1437 1675 designavit
1470 1604 1787 1673 magistrum
1817 1602 2081 1657 lsaacium
2127 1606 2358 1659 ϐοηιιιο-

776 1710 930 1756 num,
956 1704 1258 1764 auctorque
1286 1695 1513 1764 reliquis
1549 1694 1649 1747 l'uit
1678 1695 1819 1748 idem
1852 1703 1909 1746 ut
1941 1694 2201 1749 facerent.
2245 1696 2357 1749 Hoc

777 1786 943 1839 modo
973 1802 1097 1840 enm
1131 1803 1188 1839 se
1217 1796 1409 1839 mutuo
1430 1786 1831 1847 devinxissent,
1878 1802 1941 1839 ac
1969 1796 2238 1856 quantum
2270 1805 2357 1844 res

2068 380 2387 441 GEORGII
2441 385 2775 445 CEDRENI
3932 395 4037 455 352

992 535 1003 555 ,
1064 493 1210 563 quod
1285 495 1489 559 aiunt,
1572 496 1809 554 viuenlis
1892 500 2356 568 conspirationem
2389 502 2434 559 Α
2462 502 2702 571 δεσμοῖς,

2297 502 2434 559 rmA
2462 502 2702 571 δεσμοῖς,
2761 504 2788 556 ὃ
2834 520 3018 568 φασιν,
3078 503 3457 572 ἀδαμαντίνοις
3518 504 3885 572 ἠσφαλίσαντο
3943 508 4038 576 τὴν

2461 595 2771 665 ἐπιϐουλήν,
2803 594 2892 664 Τῷ
2915 595 2972 647 δὲ
3002 595 3337 665 Κεκαυμένῳ
3378 596 3551 648 ἐδόκει
3587 596 3796 649 καὶτὸν
3832 598 4034 666 Βρυὲν-

2462 704 2575 738 νιον
2608 685 3010 755 προσλαϐέσθαι
3059 686 3395 754 συνωμότην,
3438 685 3570 738 λαοῦ
3607 703 3663 738 τε
3695 687 3894 739 πολλοῦ
3927 681 4028 757 ἶρ-

2461 797 2577 847 χειν
2622 780 2954 849 τεταγμένον
3002 778 3109 831 τῶν
3161 779 3548 831 Μακεδονικῶν
3590 781 3886 845 ταγμάτων
3942 780 4037 831 καὶ

2463 874 2609 938 μέγα
2659 872 2820 940 μέρος
2868 870 3083 923 ἔσεσθαι
3143 870 3403 938 μέλλοντα
3463 871 3556 923 τοῦ
3599 872 4035 939 σπουδάσματοξ.

2473 964 2557 1027 Ὠς
2591 966 2647 1017 δὲ
2684 967 2775 1017 καὶ
2826 959 2997 1027 οὗτος,
3034 963 3226 1034 πείρας
3260 964 3406 1034 αύτῷ
3434 964 3909 1035 προσενεχθείσης,
3936 981 4035 1015 τα-

2460 1058 2597 1126 χέως
2636 1059 2936 1129 ὑπήκουσε,
2985 1057 3168 1109 λοιπὸν
3205 1058 3327 1110 τίνα
3348 1057 3726 1110 διεσκοποῦντο
3775 1058 3852 1119 εἰς
3880 1058 4037 1125 ἔργον

2463 1149 2879 1216 προχωροῦντος
2910 1148 3089 1200 αὐτῶν
3142 1147 3234 1200 τοῦ
3270 1149 3637 1218 βουλεύματος
3666 1150 3909 1200 ἀνειπεῖν
3942 1147 4038 1214 βα-

2462 1237 2632 1289 σιλέα.
2670 1238 2778 1289 Καί
2825 1240 2991 1291 πᾶσιν
3034 1236 3217 1300 ἁπλῶς
3250 1238 3499 1307 ἐφαίνετο
3542 1240 3652 1299 τοῖς
3698 1236 4035 1305 συνωμόταις

2459 1327 2535 1390 ὼς
2563 1328 2656 1381 καὶ
2690 1331 2837 1397 γήρα
2897 1329 2990 1381 καὶ
3042 1329 3232 1398 ἀνδρία
3266 1330 3361 1380 καὶ
3413 1328 3677 1397 ἐμπειρία
3707 1328 3814 1380 τῶν
3863 1327 4036 1381 ἄλλων

2461 1418 2709 1487 προύχων
2760 1422 2788 1471 ὁ
2840 1419 3192 1489 Κεκαυμένος
3246 1418 3394 1485 ἄξιος
3442 1422 3520 1482 εἰς
3550 1418 3724 1471 τοῦτο.
3769 1419 3824 1469 ’0
3854 1418 3910 1470 δὲ
3944 1415 4036 1484 ἀφ’

2466 1509 2659 1561 ἑαυτοῦ
2719 1512 2780 1561 τὸ
2825 1509 2989 1580 βάρος
3047 1511 3439 1563 ἀποσείσασθαι
3488 1511 3734 1563 σπεύδων
3790 1509 4037 1578 συντόμῳ

2464 1599 2606 1669 λόγῳ
2638 1600 2844 1653 διέλυσε
2871 1603 2971 1665 τὰς
3018 1601 3371 1668 πολυλογία;’
3411 1603 3649 1662 ἀναστὰς
3685 1602 3791 1667 γὰρ
3834 1600 4035 1663 εὐθέως

2462 1690 2685 1761 βασιλέα
2744 1692 3031 1761 Ῥωμαίων
3066 1693 3256 1744 ἀνεῖπε
3307 1691 3397 1744 τὸν
3428 1693 3728 1761 μάγιστρον
3773 1689 4035 1767 Ἰσαάκιον

2459 1781 2549 1832 τὸν
2582 1782 2885 1850 Κομνηνδν,
2929 1781 3017 1852 [Ρ.
3050 1781 3177 1853 797]
3209 1783 3366 1834 τοῦτο
3418 1782 3474 1834 δὲ
3530 1781 3661 1834 αὐτὸ
3691 1783 3912 1848 ποιῆσαι
3942 1779 4037 1830 καὶ

781 1880 991 1933 lnrcbat
1042 1880 1351 1934 institutum
1382 1879 1541 1949 321
1593 1878 1969 1940 roborassent,
2026 1893 2252 1948 accepto
2288 1880 2357 1933 ab
2391 1848 2434 1907 Β
2460 1888 2520 1923 το

2294 1880 2357 1933 ab
2391 1848 2434 1907 Β
2460 1873 2586 1934 τοὺς
2644 1872 2864 1932 λοιποὺς
2927 1874 3360 1943 παρεσκεύασεν.
3396 1872 3553 1925 Οὕτω
3589 1873 3645 1924 δὲ
3682 1870 4035 1937 καταδεσμή-

782 1972 1109 2037 imperatore
1170 1981 1476 2021 commeatu
1543 1967 1763 2021 domum
1814 1967 1996 2037 quivis
2050 1982 2233 2032 suam,
2300 1978 2359 2023 ut

781 2063 1097 2130 putabatur,
1125 2060 1523 2115 discesserunt.

850 2239 967 2292 Jurtt
997 2249 1047 2291 et
1084 2237 1386 2309 Bryennius
1416 2238 1582 2292 rebus
1606 2235 1723 2293 suis
1750 2251 1816 2292 ex
1847 2238 2077 2292 arbitrio
2108 2240 2350 2308 impera-

782 2332 919 2384 tuiis
962 2330 1284 2383 constitutis
1316 2330 1365 2380 in
1403 2327 1682 2381 Orientem
1738 2329 1943 2382 abibat.
1979 2329 2359 2384 Comitabatur

782 2439 903 2475 eum
932 2422 1195 2491 patricias
1219 2418 1460 2474 Joannes
1497 2420 1759 2488 Opsaras,
1794 2422 1995 2475 missus
2029 2422 2096 2475 ab
2126 2423 2361 2491 impera-

784 2524 901 2566 tore
939 2528 1060 2565 cum
1096 2526 1254 2575 auro,
1313 2522 1371 2565 ιιι
1402 2512 1667 2567 militibus
1714 2514 1981 2580 stipendia
2020 2524 2356 2571 numeraret.

784 2609 917 2659 (lum
962 2607 1344 2673 pervenissent
1379 2605 1431 2656 in
1469 2606 1718 2673 supinam
1757 2607 2043 2673 quamdam
2078 2608 2356 2674 planitiem

785 2702 835 2749 iu
891 2694 1152 2750 Orientali
1216 2696 1535 2761 provincia,
1584 2695 2009 2764 Cappadocibus
2058 2699 2358 2768 Bryennius

788 2790 1023 2856 pondere
1050 2789 1215 2855 C(I‘pll
1240 2804 1360 2854 qum
1380 2804 1441 2839 ex
1472 2787 1801 2843 liberalitate
1825 2789 2173 2858 imperatoris
2198 2791 2359 2845 debe-

788 2881 1011 2933 bantur.
1044 2880 1120 2932 Ibi
1148 2895 1270 2932 cum
1304 2880 1459 2948 plura
1506 2880 1623 2933 dari
1655 2881 1870 2948 juberet
1907 2897 2069 2948 quam
2127 2882 2362 2950 imperav

788 2984 874 3026 tor
905 2975 1283 3036 mandaverat,
1307 2972 1677 3025 adversarium
1718 2972 1903 3025 habuit
1934 2974 2221 3041 Opsaram,
2250 2991 2357 3028 non

784 3065 982 3117 audere
1012 3079 1071 3116 se
1094 3064 1363 3116 dicentem
1389 3062 1684 3131 quidquam
1710 3063 1909 3117 addere
1939 3064 2152 3133 injussu
2186 3067 2358 3134 impe-

787 3155 1006 3209 raloris.
1026 3153 1272 3223 Cumque
1300 3152 1607 3224 Bryennius
1633 3170 1757 3207 eum
1794 3156 2077 3224 quiescere
2104 3164 2157 3210 et
2192 3158 2359 3209 omis-

788 3248 865 3300 sis
914 3246 1095 3299 verbis
1136 3260 1296 3303 suum
1355 3244 1669 3297 mandatum
1717 3245 1943 3313 exsequi
1992 3246 2231 3313 juberet,
2295 3263 2356 3300 ae

787 3342 1026 3405 Opsaras
1101 3335 1340 3391 ferocius
1414 3346 1773 3403 repugnaret,
1842 3337 1921 3389 ira
1988 3335 2357 3392 inﬂammatus

790 3430 1093 3500 Bryennins
1120 3445 1147 3481 a
1176 3429 1310 3483 sella
1334 3429 1590 3498 prosiluit
1618 3436 1671 3483 et
1709 3427 1970 3496 Opsaram
1997 3430 2192 3498 pugnis
2226 3430 2362 3483 ceci-

788 3524 889 3583 dit,
929 3522 1257 3589 tandemque
1299 3520 1546 3574 crinibus
1576 3528 1631 3576 et
1666 3522 1829 3574 barba
1860 3531 2166 3590 correptum
2212 3524 2361 3575 humi

792 3616 1112 3683 prostravit,
1138 3622 1191 3667 et
1235 3614 1471 3666 vinculis
1505 3612 1726 3681 injectis
1774 3616 1825 3665 in
1866 3628 1966 3667 suo
1991 3616 2227 3669 tentorio
2270 3630 2361 3667 as-

790 3706 1047 3761 servavit.
1081 3704 1198 3775 Ipse
1230 3721 1422 3758 aurum
1472 3704 1887 3774 imperatorium
1920 3706 2126 3771 accepit
2155 3722 2217 3760 ac
2258 3708 2359 3759 sti-

792 3797 987 3866 pendia
1040 3798 1339 3861 distribuit,
1376 3812 1579 3865 augens
1639 3812 1701 3851 ea
1735 3812 1833 3866 pro
1871 3812 1971 3852 suo
2006 3798 2257 3852 arbitrio.
2302 3797 2361 3853 In

792 3889 1102 3958 propinquo
1134 3897 1451 3943 castratum
1481 3886 1629 3941 Torte
1660 3888 1892 3941 habebat
1924 3886 2233 3957 Lycanthes
2266 3903 2363 3957 pa-

791 3979 1009 4043 tricius,
1042 3977 1395 4047 Lyeaonibus
1419 3988 1472 4033 et
1490 3977 1694 4033 Pisidis
1720 3980 2028 4048 prtelectus.
2059 3980 2106 4034 Is
2128 3981 2194 4034 de
2222 3982 2360 4035 male

794 4078 1025 4123 tractato
1056 4068 1262 4139 Opsara
1292 4071 1485 4123 nuntio
1512 4080 1755 4139 accepto,
1782 4072 2182 4141 suspicatus,id
2215 4072 2359 4141 quod

793 4160 1076 4229 probabile
1110 4169 1248 4226 erat,
1286 4176 1396 4214 rem
1428 4174 1547 4214 eam
1599 4160 1664 4213 ad
1700 4160 2007 4230 tyrannidis
2058 4161 2363 4216 aﬂ'ectatio-

792 4266 915 4305 netu
950 4260 1222 4320 spectare,
1254 4252 1477 4319 ignarus
1527 4253 1728 4322 quippe
1781 4255 1996 4307 consilii
2049 4270 2079 4307 a
2126 4256 2360 4310 ducibus

790 4342 1154 4396 orientalibus
1186 4343 1328 4407 initi,
1348 4344 1487 4397 duas
1504 4345 1801 4398 orientales
1821 4346 2072 4413 legionrs
2088 4345 2252 4414 622
2276 4361 2362 4397 ar-

795 4442 925 4495 mat,
958 4429 1393 4499 Micbaelumque
1438 4431 1817 4500 imperatorem
1854 4433 2138 4485 celebrans
2182 4440 2361 4485 tento-

2462 1980 2653 2022 σαντες
2679 1963 2964 2033 ἀλλήλους,
2991 1966 3085 2017 καὶ
3121 1965 3215 2033 τὴν
3246 1964 3437 2033 βουλὴν
3470 1964 3543 2026 ὡς
3576 1964 3705 2031 ἐνῆν
3734 1961 4036 2028 ἀσφαλισά-

2463 2071 2633 2122 μενοι,
2670 2055 2762 2108 καὶ
2804 2054 2881 2125 τῷ
2936 2055 3147 2124 βασιλεῖ
3209 2056 3596 2125 προσειπόντες
3650 2055 3718 2106 τὰ
3766 2054 4032 2122 ὲξιτήρια,

2459 2145 2687 2208 ἕκαστος
2714 2146 2893 2199 οἶκαδε
2915 2146 2990 2215 τῷ
3016 2147 3193 2198 δοκεῖν
3222 2147 3614 2217 ἀπεφοίτησεν.

2534 2236 2693 2305 ΙἈρτι
2737 2236 2793 2288 δὲ
2836 2237 2929 2288 καὶ
2961 2238 2988 2289 ὀ
3020 2237 3309 2305 Βρυέννιος
3353 2238 3461 2289 τῶν
3506 2238 3851 2305 πραγμάτων
3886 2236 4035 2302 αὐτῷ

2459 2324 2869 2395 καθισταμένων
2915 2326 2989 2387 ὥς
3042 2346 3117 2397 πη
3154 2328 3330 2381 ἐδόκει
3381 2328 3459 2397 τῷ
3526 2329 3754 2397 βασιλεῖ,
3800 2329 4035 2398 διαπερᾷ

2459 2418 2594 2486 πρὸς
2620 2418 2720 2487 τὴν
2746 2419 2890 2483 ”Εω,
2926 2419 3062 2484 ἔχων
3094 2420 3211 2489 μεθ’
3243 2421 3433 2473 ἑαυτοῦ
3476 2423 3570 2473 καὶ
3620 2421 3711 2473 τὸν
3748 2423 4034 2491 πατρίκιοι)

2472 2509 2727 2579 Ἰωάννην
2762 2509 2853 2563 τὸν
2907 2510 3170 2580 ὐψαρᾶν,
3224 2513 3633 2582 ἀπεσταλμένον
3678 2516 3741 2566 ἐκ
3772 2514 4035 2583 βασιλέως

2463 2598 2599 2667 μετά
2626 2598 2847 2668 χρυσίου
2881 2599 2965 2668 ἐφ’
2996 2593 3037 2666 ᾦ
3070 2604 3182 2664 τοῖς
3229 2602 3588 2671 στρατιώταις
3641 2603 4034 2670 διανεμηθῆναι

2458 2692 2517 2745 τὸ
2550 2691 2875 2759 σιτηρέσιον.
2928 2693 3221 2760 Γενόμενος
3253 2696 3308 2746 δὲ
3339 2696 3480 2746 κατά
3510 2712 3628 2747 τινα
3660 2696 3821 2747 τόπον
3853 2696 4036 2765 ήπλω-

2464 2785 2621 2853 μένον
2646 2788 2736 2835 καὶ
2772 2783 2961 2836 ὖπτιον
2978 2788 3033 2838 ὲν
3063 2787 3141 2855 τῷ
3172 2786 3365 2853 θέματι
3389 2787 3497 2839 τῶν
3534 2786 3887 2839 Ἀνατολικῶν
3925 2790 4036 2848 τοῖς

2462 2877 2858 2939 Καππαδόκαις
2896 2878 3130 2948 διένειμε
3162 2878 3259 2948 τὴν
3295 2879 3707 2949 φιλοξροσύνην.
3754 2878 4035 2941 Ἐπαύξων

2458 2966 2513 3016 δὲ
2540 2968 2636 3029 τὰς
2667 2968 2864 3030 δόσεις,
2889 2970 2986 3021 καὶ
3037 2971 3203 3022 πλείω
3238 2972 3345 3023 τῶν
3397 2988 3743 3038 τεταγμενων
3771 2974 4029 3039 παρέχειν

2462 3058 2716 3121 κελεύων,
2778 3061 3173 3114 ἀντιπίπτοντα
3222 3058 3333 3133 εἶχε
3394 3064 3483 3115 τὸν
3521 3064 3760 3131 Ὀψαρᾶν
3817 3066 3908 3114 καὶ
3960 3064 4033 3131 μὴ

2463 3151 2805 3204 ὑπακούοντα
2832 3170 2841 3179 ο
2868 3152 3073 3221 ἔφασκε
3094 3149 3372 3225 γὰροῦτος
3399 3155 3471 3225 μὴ
3494 3156 3695 3224 τολμᾷν
3726 3155 4037 3221 προσοὲκας

2462 3242 2661 3296 διδόναι
2706 3246 2818 3306 τοῖς
2875 3247 3256 3315 στρατιώταις,
3291 3249 3457 3316 μηδὲν
3486 3248 3577 3299 τοῦ
3613 3248 3874 3316 βασιλέως
3905 3249 4032 3315 περὶ

2465 3334 2650 3385 τούτου
2716 3332 3135 3403 προστάξαντος.
3197 3338 3301 3388 Τοῦ
3363 3338 3418 3389 δὲ.
3470 3339 3751 3407 Βρυεννῐου
3793 3338 4034 3405 ἀτρέμας

2466 3426 2612 3495 ἔχειν
2644 3428 2889 3490 εἰπόντος
2926 3430 3019 3479 καὶ
3078 3430 3250 3480 ποιεῖν
3296 3432 3473 3497 σιωπῇ
3524 3432 3583 3481 τὸ
3616 3429 4037 3497 κεκελευσμένον

2467 3520 2972 3590 παρεγγυήσαντος,
3033 3521 3423 3579 ἀντιτείνοντος
3458 3520 3512 3572 δὲ
3565 3519 3658 3572 τοῦ
3706 3522 3915 3587 Ὀψαρί
3947 3521 4036 3571 καὶ

2464 3612 2891 3681 θρασυνομένου,
2923 3610 3186 3681 ἀναφθεὶς
3215 3613 3421 3673 ἐκεῖνος
3441 3611 3515 3681 τῷ
3550 3612 3706 3681 θυμῴ
3728 3612 3818 3663 τοῦ
3845 3612 4035 3682 θρόνου

2462 3720 2522 3757 τε
2560 3703 2841 3757 ἀνίσταται
2881 3704 2977 3757 καὶ
3014 3704 3297 3767 κονδύλους
3342 3720 3517 3772 τούτῳ
3558 3704 3877 3773 προστρίϐει
3952 3722 4036 3754 τε-

2462 3793 2711 3847 λευταίον
2745 3796 2801 3847 δὲ
2831 3796 2925 3847 καὶ
2947 3795 3054 3847 τῶν
3085 3794 3286 3866 τριχῶν
3318 3795 3413 3847 καὶ
3448 3795 3546 3860 τῆς
3582 3796 3855 3861 γενειάδος
3887 3795 4026 3857 ἀψα-

2467 3904 2625 3958 μενος
2653 3887 2982 3941 καταϐάλλει
3004 3887 3191 3940 τοῦτον
3220 3891 3300 3951 εἰς
3328 3892 3452 3957 γῆν,
3475 3890 3570 3941 καὶ
3591 3889 3767 3957 δεσμά
3797 3890 4038 3958 περιθεζ

2465 3980 2524 4031 ὲν
2555 3984 2618 4050 τῇ
2657 3981 2761 4051 ἰδίᾳ
2808 3980 3062 4050 ἐφρούρει
3109 3984 3301 4051 σκηνῇ,
3347 3980 3509 4044 αὐτὸς
3552 3981 3609 4033 δὲ
3653 3985 3712 4034 τὸ
3764 3981 4037 4047 βασιλικὸν

2462 4072 2686 4142 χρυσίον
2714 4072 3022 4140 ἀνειληφὼς
3070 4074 3303 4126 ἐποιεῖτο
3341 4072 3440 4143 τὴν
3472 4072 3737 4143 διανομὴν
3762 4073 3836 4134 ὡς
3872 4072 4036 4141 ᾐδού-

2463 4164 2586 4217 λετο
2621 4164 2739 4233 μεθ’
2786 4165 3086 4236 ὑπεροχῶν.
3122 4166 3319 4234 Ἔτυχε
3373 4164 3431 4218 δὲ
3476 4164 3601 4217 τότε
3648 4180 4036 4235 παραστρατο-

2464 4255 2704 4309 πεδεύων
2731 4257 2897 4323 ἐγγὺς
2927 4258 2954 4309 ὁ
2991 4257 3280 4327 πατρίκιος
3329 4254 3637 4323 Λυκάνθης,
3670 4256 3764 4308 καὶ
3810 4272 3917 4307 των
3944 4257 4037 4307 Πι-

2468 4348 2626 4400 σιδῶν
2677 4349 2768 4400 καὶ⁵
2824 4348 3120 4402 Λυκαόνων
3162 4347 3484 4417 ἡγούμενος.
3520 4341 3689 4408 Οὗτος
3739 4347 3808 4398 τὰ
3842 4350 3921 4407 εἰς
3950 4348 4038 4397 τὸν

2478 4440 2718 4509 Ὀψαρᾶν
2763 4439 3146 4509 συμϐεϐηκότα
3176 4438 3541 4502 ἀκουτισθεὶς,
3596 4438 3693 4490 καὶ
3725 4437 4037 4505 τυραννίδος

792 4525 934 4576 rium
962 4522 1405 4592 Bryenniicapit,
1446 4520 1773 4592 Bryenniutn
1809 4522 1997 4587 vini-it,
2030 4538 2263 4591 einnque
2306 4522 2357 4575 in
2386 4555 2439 4615 D
2465 4532 2533 4581 ὲπ

2306 4522 2357 4575 in
2386 4532 2730 4615 Βὲπίοεσιν,
2788 4530 2978 4601 ὥσπερ
3020 4526 3089 4600 ἦν
3138 4530 3303 4591 εἰκὸς,
3353 4529 3451 4597 τὴν
3507 4528 3705 4596 πρᾶξιν
3754 4526 4035 4579 ὑπολαῢιὶιν

795 4623 1116 4683 potestatem
1159 4613 1385 4683 Opsarae
1413 4614 1649 4670 vinculis
1693 4616 1877 4669 soluto
1907 4615 2077 4669 dedit.
2108 4614 2207 4669 Hic
2240 4630 2358 4667 eam

794 4716 990 4760 nactus
1023 4707 1295 4760 licentiam
1321 4706 1592 4777 Bryeunio
1628 4710 1812 4762 statim
1853 4708 2047 4763 oculos
2075 4707 2281 4770 ell'odit,
2310 4713 2364 4761 et

795 4798 1037 4851 vinctum
1067 4796 1135 4849 ad
1165 4798 1547 4866 imperatorem
1580 4800 1765 4863 mittit,
1797 4797 2155 4853 defectionem
2191 4799 2260 4852 ab
2297 4814 2363 4854 eo

795 4899 1056 4945 tentatam
1079 4890 1241 4944 simul
1264 4907 1570 4960 exponens.
1596 4892 1715 4961 Ipse
1746 4909 1811 4947 eo
1843 4893 1944 4945 loci
1970 4902 2361 4959 commoratur,

796 4982 1006 5035 scilicet
1041 4989 1101 5033 ut
1135 4982 1397 5050 reliquam
1422 4982 1862 5037 distributionem
1898 4983 2214 5036 conficeret.
2256 4981 2363 5037 llas

798 5088 911 5127 sine
943 5074 1269 5128 temeritatis
1303 5090 1365 5127 ac
1395 5078 1731 5143 pertinaciae,
1769 5091 1837 5129 ne
1866 5076 2042 5130 dicam
2090 5076 2363 5132 Stolidita-

797 5166 887 5228 tis,
922 5180 1109 5231 pinnas
1154 5165 1301 5219 dedit
1332 5166 1665 5237 Bryennins.
1699 5171 1766 5220 At
1818 5170 2091 5238 principes
2127 5171 2226 5223 viri
2268 5168 2360 5237 qui

798 5256 850 5307 in
888 5257 1140 5308 orientali
1175 5258 1454 5323 provincia
1488 5260 1826 5322 habitabant,
1854 5277 2054 5328 prteses
2085 5262 2363 5315 Romanus

799 5348 974 5399 Durus
1004 5348 1150 5414 (nam
1179 5356 1233 5401 et
1255 5348 1301 5402 is
1323 5349 1720 5419 conjurationis
1745 5364 1860 5405 erat
1885 5354 2113 5419 socius),
2139 5353 2361 5418 Burtza,

801 5436 1161 5501 Bolanciates,
1198 5437 1383 5493 Basilii
1410 5439 1600 5513 Argyri
1637 5444 1751 5507 lilii,
1783 5458 1835 5497 et
1867 5446 2080 5512 reliqui,
2110 5461 2232 5497 cum
2270 5448 2363 5497 lia-

799 5538 990 5581 t-tenns
1023 5544 1079 5581 se
1118 5533 1525 5587 continuissent
1561 5544 1615 5588 et
1647 5535 1968 5589 defectionis
2011 5537 2223 5590 initium
2269 5538 2365 5589 ali-

801 5622 941 5674 unde
998 5634 1445 5691 exspectassent,
1507 5638 1789 5697 postquam
1865 5630 2251 5682 inaudiverunt
2311 5632 2361 5682 in

801 5727 961 5779 q'tam
1018 5730 1075 5768 se
1126 5731 1223 5770 sua
1284 5720 1551 5773 vaecordia
1616 5721 1943 5787 conjecisset
1999 5721 2361 5773 calamitatem

800 5802 1123 5871 Πνέοηιιίιις,
1180 5810 1375 5865 callide
1411 5822 1726 5881 reputantes
1762 5827 1884 5865 eum
1929 5814 2229 5881 quastione
2262 5811 2360 5865 ad-

2468 4618 2555 4693 (ἦν
2572 4622 2680 4692 γάρ
2701 4623 2808 4675 τῶν
2825 4626 2936 4683 τοῖς
2964 4621 3115 4691 ἑῴοις
3133 4620 3359 4691 ἄρχουσι
3390 4619 3828 4688 βεϐουλευμένων
3860 4620 4038 4687 ἀμύη-

2464 4713 2598 4782 τος),
2630 4712 2963 4775 καθοπλίσας
2993 4712 3061 4764 τά
3086 4712 3179 4765 δύο
3214 4711 3321 4763 τῶν
3367 4710 3733 4763 Ἀνατολικῶν
3784 4710 4037 4776 τάγματα

2463 4803 2766 4855 ἐπιτίθεται
2789 4806 2852 4871 τῇ
2892 4805 3062 4872 σκηνῇ
3093 4802 3183 4853 τοῦ
3208 4802 3523 4871 Βρυεννίου,
3547 4801 3921 4869 αὐτοκράτορα
3952 4802 4039 4850 τὶν

2463 4893 2684 4962 Μιχαὴλ
2719 4894 3004 4963 εὐφημῶν.
3042 4894 3150 4945 Καὶ
3171 4891 3359 4945 τοῦτον
3381 4892 3478 4961 μὲν
3508 4892 3699 4959 δεσμεῖ
3730 4891 4035 4959 κατασχὼν,

2464 4986 2688 5039 ἀπολύει
2718 4986 2773 5038 δὲ
2805 4987 2901 5038 καὶ
2935 4984 3024 5037 τὸν
3071 4985 3312 5054 Ὀψαρεῑν
3371 4985 3480 5035 τῶν
3524 4984 3759 5052 δεσμῶν,
3806 4984 3897 5034 καὶ
3949 4984 4037 5033 τον

2466 5077 2751 5147 Βρυέννιον
2814 5076 2962 5144 αὑτῷ
3002 5076 3274 5143 παραδοὺς
3340 5074 3512 5137 οὕτως
3555 5074 3628 5136 ὼς
3670 5069 3778 5143 εἶχε
3822 5074 4035 5135 κλοιῷ-ι,

2465 5170 2700 5241 χρῆσθαι
2728 5168 2901 5237 τούτῳ
2952 5166 3161 5219 κελεύει
3201 5166 3276 5228 ὡς
3316 5166 3584 5235 βούλεται.
3631 5166 3687 5218 '0
3718 5166 3773 5217 δὲ
3825 5165 4037 5226 ἁνεῧε“τς

2465 5262 2564 5328 τῆς
2612 5262 2778 5328 πέδης
2828 5262 2923 5311 καὶ
2951 5258 3211 5326 πράττειν
3232 5257 3259 5309 ὃ
3285 5257 3428 5309 θέλει
3456 5256 3643 5324 κύριος
3681 5255 3922 5321 γεγονὼς
3945 5254 4035 5304 τοῦ

2471 5353 2566 5421 μὲν
2592 5351 2876 5420 Βρυεννίου
2909 5350 3109 5410 εὐθέως
3144 5349 3418 5415 ὲξορύττει
3452 5348 3574 5409 τοὺς
3609 5346 3918 5413 ὁςθαλμοζς
3945 5347 4036 5395 καὶ

2466 5445 2521 5503 ὲς
2554 5442 2777 5511 βασιλέα
2811 5444 2997 5493 τοῦτον
3021 5438 3303 5508 δεσμώτην
3336 5437 3633 5505 ἐκπέμπει,
3678 5436 3919 5505 μηνύσας
3948 5437 4037 5485 καὶ

2466 5536 2564 5600 τὴν
2612 5530 2974 5600 τολμηθείσαν
3022 5529 3398 5583 ἀποστασίαν·
3441 5531 3467 5580 ὁ
3511 5528 3566 5579 δὲ
3624 5527 3920 5595 προσέμενε
3964 5525 4037 5593 τῷ

2465 5627 2616 5694 τότ-τῳ
2655 5625 2730 5685 ὡς
2756 5624 2892 5692 τάχα
2922 5623 3019 5692 τὴν
3059 5624 3135 5682 είς
3173 5622 3263 5673 τὸν
3296 5622 3481 5672 λοιπὸν
3518 5620 3644 5671 λαὸν
3672 5619 4037 5688 διενεργήσων

2465 5718 2744 5784 διανομήν.
2783 5718 2890 5769 Καὶ
2930 5718 2955 5766 δ
2991 5717 3089 5784 μὲν
3145 5716 3424 5784 Βρυέννιος
3487 5714 3737 5775 τοιαύτας
3791 5712 4035 5764 ἀπέδωκε

2468 5810 2620 5869 δίκας
2659 5810 2749 5878 τῆς
2800 5808 2994 5860 ἑαυτοῦ
3036 5808 3362 5876 προπετείας
3391 5807 3483 5859 καὶ
3516 5805 3821 5868 αὐθαδείας,
3850 5806 3934 5856 ἵκα
3964 5805 4034 5871 μὴ
