4410 6442
807 412 911 474 359

2112 398 2430 458 GEORGII
2464 398 2794 460 CEDRENI

3966 409 4071 471 3(ῑο

1008 529 1393 596 imperatorem
1431 540 1458 579 ο
1490 522 1771 577 Comiteno
1804 519 2095 572 deficerent
2151 529 2384 587 tyranno
2422 521 2456 574 Α
2495 533 2545 567 κε

2335 532 2384 568 ιο
2422 521 2456 574 Α
2495 517 2585 567 καὶ
2605 518 2653 569 οί
2678 519 2774 570 τοῦ
2803 518 3082 571 ἀντιίίέτου
3118 524 3340 591 μέρους,
3364 522 3456 575 καὶ
3484 522 3746 593 ἀλλήλους
3773 525 4070 596 ἐπιμιγνύ-

811 634 874 672 ac
909 618 1206 686 perduelle,
1240 632 1415 687 neque
1448 617 1516 667 ob
1547 612 1711 665 unius
1746 612 1983 665 hominis
2027 610 2379 678 cupiditatem

811 724 877 761 eo
907 725 964 761 se
993 709 1184 760 darent
1219 708 1309 761 ubi
1352 705 1508 775 patilo
1543 711 1665 772 post
1698 700 2034 756 cxaiirtorati
2089 714 2152 752 ac
2205 702 2378 753 fortu-

817 800 899 852 nis
932 798 1131 861 eversi,
1163 799 1327 850 etiam
1358 797 1423 848 tle
1464 796 1782 848 autitteudis
1816 792 1992 846 oculis
2029 802 2214 845 essent
2242 794 2385 859 peri-

813 890 1076 943 clitaturi.
1113 888 1316 943 Contra
1350 886 1635 939 Comumtii
1667 883 2036 953 imperatoriis
2076 883 2384 937 Suadebant

812 991 869 1035 ut
897 980 964 1034 ab
1023 1002 1085 1034 eo
1129 982 1218 1049 qui
1274 994 1470 1031 nomen
1525 980 1701 1032 solum
1744 978 2092 1045 iuiperaloris
2149 984 2379 1045 gereret,

814 1072 974 1127 homo
1002 1074 1202 1142 alioqui
1232 1071 1452 1139 putidus
1488 1080 1539 1123 et
1571 1070 1774 1123 delirus
1810 1086 1971 1123 senex
2013 1078 2175 1138 atque
2221 1069 2382 1121 inuti-

813 1164 898 1225 lis,
930 1173 981 1214 i-t
1012 1162 1102 1229 qui
1141 1176 1167 1211 a
1232 1158 1570 1228 spadonibus
1628 1167 1933 1225 regeretur,
1961 1159 2263 1210 transirent
2317 1158 2381 1209 ad

808 1251 1167 1309 (joinnenum,
1199 1248 1373 1299 virum
1402 1246 1540 1298 bello
1572 1247 1780 1299 clarum
1811 1255 1862 1299 et
1917 1247 2086 1316 gestis
2140 1246 2384 1314 imperiis

811 1339 1211 1402 Iiitaslrt'ltl;tib
1270 1353 1388 1406 qua:
1445 1336 1700 1390 universa
1763 1334 2135 1390 Romanorum
2191 1336 2271 1390 vis
2332 1336 2384 1388 in

812 1432 1015 1498 ipsum,
1053 1431 1215 1483 veluti
1245 1444 1273 1480 a
1308 1428 1522 1480 circulo
1555 1430 1619 1481 ad
1651 1444 1819 1481 unutn
1868 1438 2126 1497 punctum
2193 1440 2386 1481 omnes

809 1525 967 1576 linea:
1001 1524 1243 1577 unanimi
1274 1530 1329 1576 et
1352 1523 1627 1575 constanti
1650 1521 1926 1575 voluntate
1960 1516 2381 1572 conﬂuxissent.

808 1620 996 1672 Neutt'i
1038 1631 1217 1671 tamen
1282 1618 1487 1670 alteros
1536 1620 1940 1683 permoverunt.
1997 1614 2170 1679 Atque
2225 1609 2385 1662 fiebat

808 1713 909 1762 hoc
944 1710 1123 1763 tledlta
1157 1723 1321 1777 opera
1348 1709 1604 1774 utrinque
1637 1706 1871 1757 ducibus
1900 1718 1995 1757 eos
2044 1700 2383 1755 mittentibus

809 1804 899 1869 qui
933 1803 997 1853 ad
1031 1802 1159 1853 talia
1196 1799 1465 1866 colloquia
1514 1797 1797 1849 tractanda
1855 1803 2010 1847 erant
2074 1793 2273 1858 idonei,
2329 1804 2384 1844 ιιι

2495 627 2647 679 μενοι
2699 606 2787 665 οἷα
2837 613 3096 682 ὁμόφυλοι
3145 616 3235 667 καὶ
3278 617 3564 685 συγγενεῖς
3596 622 3691 671 καὶ
3738 620 3902 689 φίλοι,
3935 638 4075 693 πρε-

2493 704 2785 772 ετρέποντο
2816 704 3103 775 ἀλλήλους.
3142 708 3190 759 οἱ
3228 708 3328 777 μὲν
3354 709 3423 760 τὰ
3448 710 3714 777 βασιλέως
3742 714 4072 783 φρονοῦντες

2490 793 2580 843 τὸν
2619 793 2905 862 Κομνηνὸν
2955 795 3271 847 καταλιπεῖν
3304 796 3771 865 παρακαλοῦντες,
3808 800 4071 869 τύραννον

2492 884 2661 955 ἄνδρα
2691 886 2783 937 καὶ
2814 888 3154 955 ἀποστάτην,
3185 889 3280 941 xui
3300 888 3377 959 τῷ
3412 887 3626 958 βασιλεῖ
3658 892 4070 962 προσχωρῆσαι,

2495 979 2609 1031 και
2637 979 2710 1047 μὴ
2743 979 2808 1030 δι’
2852 980 3155 1047 ἐπιθυμίαν
3180 983 3273 1033 xui
3320 982 3501 1051 δρεξιν
3534 981 3652 1044 ἐνὸς
3682 982 3874 1051 ἀνδρὸς
3900 984 3954 1044 ἐς
3983 1001 4072 1057 τρο

2494 1069 2683 1121 σοῦτον
2709 1072 2950 1123 κίνδυνον
2994 1071 3166 1123 ἐλθεῖν
3203 1072 3343 1125 ὥστε
3382 1074 3518 1143 μετὰ
3554 1073 3748 1144 μικρὸν
3779 1076 3853 1144 μὴ
3911 1076 4070 1145 μόνον

2491 1158 2769 1212 ἔκπτωσιν
2807 1163 3065 1232 στρατιᾶς
3108 1162 3201 1215 καὶ
3228 1165 3545 1232 περιουσίας
3576 1165 3899 1233 ὑποστῆναι,
3936 1166 4072 1219 ἀλλὰ

2495 1249 2586 1300 καὶ
2616 1250 2748 1301 αὐτὸ
2790 1252 2851 1303 τὸ
2896 1252 3231 1320 γλυκύτατον
3263 1254 3558 1307 ἀποὸαλείν
3590 1256 3934 1309 κινδυνεῦσαι
3964 1259 4072 1310 τῶν

2492 1340 2757 1409 ὀμμάτων
2785 1342 3011 1409 φέγγος,
3049 1344 3273 1397 ἐκείνων
3296 1344 3349 1395 δέ
3382 1343 3545 1396 πάλιν
3580 1347 3903 1399 καταλιπεῖν
3928 1364 4072 1417 παρ-

2494 1432 2788 1485 αινούντων
2840 1433 2931 1484 τὸν
2984 1434 3231 1502 βασιλέα,
3296 1436 3463 1506 δνομα
3502 1436 3661 1504 μόνον
3692 1436 3881 1505 ἔχοντα
3919 1438 4073 1508 βασι-

2494 1524 2652 1588 λέως,
2680 1520 2851 1578 τᾶλλα
2883 1524 3051 1591 ἄνδρα
3093 1527 3301 1595 σαπρὸν
3331 1529 3426 1579 xui.
3466 1527 3793 1597 κρονόληρον
3831 1529 3943 1598 (51)
3976 1532 4071 1582 καὶ

2494 1616 2736 1685 ἀχρεῖον,
2776 1616 2879 1667 ὐπδ
2930 1614 3201 1683 εὐνούχων
3239 1616 3567 1685 ἀρχόμενον,
3613 1618 3706 1669 καὶ
3734 1618 4071 1687 προσρυῆναι

2490 1707 2568 1776 τῷ
2597 1708 2888 1776 Κομνηνῷ,
2910 1707 3064 1777 ἀνδρὶ
3096 1707 3237 1760 κατὰ
3268 1710 3424 1777 χεῖρα
3446 1710 3678 1778 γενναίῳ
3711 1709 3805 1762 xui.
3833 1709 4071 1779 λαμπρῷ

2496 1800 2590 1851 καὶ
2620 1798 2874 1865 διαφανεῖ
2908 1801 3019 1860 τοῖς
3071 1802 3553 1869 προηγησαμένοις
3594 1801 4068 1872 στρατηγήμασιν,

809 1892 1057 1943 oratione
1096 1890 1160 1941 ad
1200 1904 1257 1942 se
1294 1890 1498 1941 alteros
1565 1887 1925 1939 attralierent.
1988 1883 2235 1938 Tentatis
2287 1883 2354 1935 ali
2420 1886 2459 1938 Β
2490 1889 2550 1955 ἐφ

2327 1883 2354 1935 li
2420 1886 2459 1938 Β
2490 1887 2574 1955 ἐφ’
2602 1878 2645 1953 ᾧ
2678 1886 2882 1956 πᾶσαὴ
2911 1886 3021 1937 τῶν
3061 1886 3350 1955 Ῥωμαίων
3382 1889 3532 1958 ἰσχὺς
3558 1889 3747 1961 ὥσπερ
3777 1893 3840 1943 ἐκ
3868 1892 4068 1945 κύκλου

806 1981 1042 2049 quandiu
1081 1982 1339 2049 utrinque
1388 1978 1609 2039 animis,
1649 1986 1703 2029 ct
1756 1978 1973 2029 nrmine
2028 1975 2381 2039 assentiente,

804 2072 1120 2125 Cotuneuus
1155 2070 1371 2124 interim
1399 2084 1527 2121 suos
1559 2083 1718 2136 quam
1759 2065 2079 2134 parcissime
2122 2063 2382 2132 lignatum

806 2163 1230 2231 pabulattnnque
1258 2163 1335 2214 ire
1361 2160 1539 2227 jubet,
1575 2174 1751 2227 neque
1783 2156 2018 2223 procula
2048 2156 2246 2209 castris
2270 2155 2385 2209 dis-

804 2252 1019 2305 ei-dere.
1070 2250 1185 2305 Hoc
1236 2250 1575 2305 domesticus
1628 2259 1681 2302 et
1734 2248 2005 2317 praecipue.
2062 2246 2385 2301 Macedones

812 2358 925 2415 pia:
972 2354 1119 2397 metu
1188 2343 1303 2396 ﬁeri
1334 2342 1542 2411 Opinati
1594 2342 1778 2410 prtelio
1835 2337 2237 2391 deret-nendum
2280 2349 2390 2391 sta-

807 2442 994 2489 tuunt.
1016 2435 1228 2499 Quibus
1258 2449 1378 2486 cum
1406 2434 1599 2500 reliqui
1622 2433 1702 2485 vel
1740 2431 1890 2483 inviti
1930 2430 2387 2499 obtemperarent,

804 2536 983 2582 castra
1014 2527 1349 2594 imperatorii
1396 2524 1709 2578 tranferunt
1747 2523 1810 2576 ad
1840 2524 2115 2585 Petroam,
2169 2522 2260 2589 qui
2306 2522 2387 2573 Io-

809 2636 907 2673 cus
948 2635 975 2671 a
1007 2618 1171 2689 630
1206 2618 1406 2671 castris
1442 2616 1687 2669 hostium
1715 2616 1904 2667 aberat
1932 2615 1995 2667 15
2026 2614 2135 2666 fere
2170 2613 2385 2666 stadiis.

802 2713 939 2765 Cum
980 2710 1195 2763 adversi
1233 2708 1508 2762 exercitus
1543 2710 1615 2759 ita
1662 2705 1714 2758 iu
1760 2705 2067 2773 propinquo
2115 2712 2301 2757 essent
2332 2712 2386 2757 et

803 2820 833 2857 a
864 2804 1099 2857 ducibus
1130 2801 1404 2871 pugnandi
1442 2798 1755 2853 facultatem
1810 2803 2123 2865 poscerent,
2154 2797 2386 2849 (lemne-

806 2911 911 2949 nus
978 2894 1093 2948 suis
1161 2894 1469 2961 obsequens
1539 2890 1725 2944 educit
1793 2888 2077 2955 aciemque
2142 2886 2386 2951 instruit,

805 2990 1103 3044 etsiuistro
1132 2986 1325 3040 θοι-ιιιιί
1350 2986 1700 3045 Ambustum,
1730 2981 1922 3035 dextro
1944 2981 2247 3033 Romanum
2284 2980 2388 3031 Du-

807 3099 926 3135 rum
964 3083 1209 3150 prteliet,
1248 3080 1367 3147 ipse
1398 3078 1631 3129 medium
1658 3085 1838 3127 tuens.
1875 3073 2219 3126 Dosuesticus
2253 3087 2389 3140 quo-

807 3190 915 3242 que
948 3185 1000 3227 et
1051 3174 1234 3226 Aaron
1296 3169 1440 3239 passi
1493 3175 1622 3221 sunt
1681 3164 1997 3234 persuaderi
2037 3163 2139 3215 sibi
2198 3171 2255 3214 ut
2322 3161 2386 3213 ad

2492 1978 2753 2047 γραμμαὶ
2785 1978 2919 2046 πρὸς
2963 1979 3123 2030 αὑτὸν
3152 1978 3226 2040 ὡς
3275 1980 3353 2041 εἷς
3380 1997 3433 2030 τι
3489 1986 3714 2050 σημεῖον
3751 1982 4069 2037 νενεύκασιν

2490 2070 2552 2120 ἐν
2592 2068 2691 2136 τσῳ
2726 2070 2821 2119 xui.
2854 2068 3266 2138 ἀπαραλλάκτῳ
3308 2070 3632 2141 βουλήματι.
3694 2073 3857 2126 Ἀλλὰ
3900 2073 4071 2126 ταῦτα

2489 2160 2741 2227 λέγοντες
2775 2161 2876 2211 οὐκ
2922 2160 3139 2212 ἔπειθον
3196 2162 3483 2231 ἀλλήλους.
3520 2164 3692 2217 Τοῦτο
3736 2166 3792 2218 δέ
3862 2168 4070 2234 ἐγίνετο

2491 2254 2824 2324 ἐξεπίτηδες,
2862 2254 2969 2306 τῶν
3004 2255 3263 2323 ἁρχηγῶν
3290 2256 3568 2325 ἑκατέρων
3594 2260 3701 2310 τῶν
3725 2263 4070 2331 στρατευμά-

2492 2363 2600 2398 των
2635 2345 2968 2413 πεμπόντων
3006 2346 3158 2407 me;
3198 2346 3307 2398 τῶν
3354 2347 3677 2414 ἐπιτηδείων
3714 2355 3790 2411 εἰς
3826 2353 3884 2403 τὸ
3934 2371 4071 2422 προ.

2491 2436 2836 2505 διαλέγεσθαι
2867 2440 2977 2499 τοῖς
3013 2438 3106 2488 τοῦ
3139 2437 3432 2490 ἀντιπάλου
3470 2440 3881 2509 στρατεύματος
3906 2462 4001 2514 στρ
4022 2462 4071 2495 ιο

2491 2528 2714 2590 τιώταις
2748 2528 2841 2580 καὶ
2872 2528 3104 2581 καθόσον
3138 2524 3247 2580 οἶόν
3272 2546 3330 2579 τε
3373 2530 3499 2591 τους
3531 2531 3882 2599 πειθομένους
3915 2536 4071 2600 ἐφέλ-

2491 2619 2705 2672 κεσθαι.
2740 2620 2828 2682 Ὠς
2846 2620 2899 2671 δέ
2918 2620 3010 2670 ἐπὶ
3029 2620 3218 2688 χρόνον
3235 2621 3357 2671 τινὰ
3380 2622 3476 2688 τὴν
3491 2621 3778 2689 διάπειραν
3793 2625 4070 2677 ἐποιοῦντο

2492 2716 2587 2763 καὶ
2612 2711 2787 2773 οὐδεὶς
2835 2714 3088 2779 προσεῖχε
3117 2714 3228 2773 τοῖς
3276 2712 3591 2780 λεγομένοις
3622 2712 3716 2763 τὸν
3748 2715 3896 2778 νοῦν,
3932 2718 4070 2784 μετὰ

2494 2804 2752 2872 πλείστης
2778 2804 2832 2855 δέ
2860 2803 3074 2870 φειδοῦς
3103 2805 3197 2855 καὶ
3223 2804 3250 2855 ὁ
3282 2805 3565 2872 Κομνηνὸς
3594 2805 3690 2867 τάς
3725 2805 3940 2869 ξυλείας
3977 2810 4069 2859 καὶ

2492 2897 2589 2957 τὰς
2618 2895 2972 2965 χορτολογίας
3002 2894 3271 2947 ποιεῖσθαι
3320 2898 3621 2965 παρηγγύα
3652 2899 3746 2950 xui
3778 2900 3850 2968 μὴ
3886 2900 4072 2968 πόρρω

2490 2989 2590 3057 τῆς
2627 2988 3053 3058 στρατοπεδείας
3087 2989 3445 3055 ἀφίστασθαι,
3488 2990 3608 3041 τότε
3641 2991 3703 3061 δὴ
3739 2993 3787 3043 ot
3822 2994 3949 3061 περὶ
3979 2993 4069 3043 τὸν

2491 3080 2831 3149 δομέστικον,
2888 3081 2980 3131 xui.
3024 3080 3225 3147 μᾶλλον
3272 3081 3320 3130 oi
3368 3082 3700 3146 Μακεδόνες,
3756 3082 4068 3135 ὑπὸπτωσιν

2494 3172 2588 3223 καὶ
2619 3171 2821 3221 δειλίαν
2867 3166 3003 3220 εἶναι
3047 3169 3145 3237 τὴν
3180 3169 3482 3239 ὑποστολὴν
3514 3171 3789 3239 οἰηθέντες
3830 3172 4069 3241 πολεμη-

804 3280 1039 3334 pugnam
1096 3266 1382 3333 prodirent
1416 3262 1697 3327 aciemque
1752 3257 1883 3309 aciei
1929 3254 2165 3307 hostium
2214 3267 2385 3320 oppo-
2416 3239 2457 3294 C
2491 3261 2545 3313 τέ

2325 3239 2457 3302 O'c
2491 3261 2611 3313 τέον
2672 3256 2812 3313 εἷναι
2867 3261 3107 3313 ἐδόκουν.
3162 3255 3254 3322 Οἷς
3321 3262 3413 3313 xui.
3467 3261 3691 3324 ἄκοντες
3756 3264 4066 3324 πεισθέντες

803 3360 1019 3411 Pereunt.
1076 3356 1337 3408 Dextrum
1427 3367 1601 3405 cornu
1644 3348 1819 3402 tenuit
1860 3345 2091 3398 Basilius
2140 3342 2383 3395 Tracha-

808 3453 976 3510 niota,
1005 3447 1319 3503 Occidentis
1356 3454 1465 3497 tum
1490 3442 1713 3504 ductor,
1753 3441 2108 3503 omniumque
2139 3434 2383 3485 Macedo-

808 3557 937 3594 num
962 3554 1181 3608 genere,
1224 3535 1515 3606 prudentia
1557 3547 1619 3585 ac
1650 3530 1843 3601 peritia
1876 3526 2385 3587 excellentissimus,

807 3632 1249 3697 anetoritateque
1278 3627 1512 3697 primus.
1567 3622 1864 3677 Sinistrum
1917 3619 2116 3671 Aatoui
2167 3617 2388 3669 manda—

809 3736 923 3780 tum
963 3726 1084 3785 fuit,
1128 3722 1361 3776 ducibus
1408 3716 1685 3788 Lycantba
1732 3710 1991 3781 l’nyemio
2046 3720 2097 3763 et
2146 3708 2387 3760 Randol-

809 3821 916 3887 plio
946 3816 1170 3884 patricio
1215 3812 1450 3866 France.
1504 3808 1872 3862 Commissum
1910 3813 1994 3857 est
2037 3803 2279 3872 pradiqu
2334 3802 2387 3851 in

814 3910 935 3962 loco
969 3907 1060 3975 qui
1093 3905 1257 3967 Ades,
1297 3902 1354 3957 id
1377 3912 1460 3955 est
1489 3913 1676 3960 orcus,
1722 3896 2041 3949 nominatur
2074 3893 2144 3946 ab
2173 3892 2386 3945 incolis.

811 3999 889 4054 Ibi
922 4000 1107 4052 Aaron
1138 3997 1389 4050 dextrum
1424 4008 1591 4046 cornu
1637 3990 1875 4044 hostium
1909 3987 2077 4055 pellit,
2128 3984 2392 4052 fusosque

809 4093 876 4146 ad
903 4101 1091 4147 castra
1130 4104 1304 4158 usque
1334 4084 1705 4154 persequitur,
1738 4088 1895 4149 capto
1929 4076 2174 4131 Romano
2220 4076 2387 4129 Duro.

814 4185 970 4250 Quod
1016 4186 1123 4239 nisi
1155 4198 1279 4237 eum
1317 4180 1484 4233 nimia
1529 4174 1712 4228 cautio
1760 4187 1791 4225 a
1820 4171 2142 4241 diripiendis
2197 4169 2394 4223 castris

815 4278 1055 4331 hostium
1086 4274 1470 4336 abstinuisset,
1495 4270 1687 4336 utique
1718 4268 1932 4335 integra
1967 4266 2161 4320 fuisset
2186 4264 2393 4332 potitus

812 4370 1063 4429 vit-toria,
1118 4369 1229 4435 jam
1274 4364 1557 4419 Comueuo
1621 4360 1785 4413 etiam
1831 4372 2103 4412 concusso
2162 4369 2217 4411 et
2270 4355 2394 4425 fuga

809 4459 1045 4514 Nicaeam
1104 4467 1287 4527 petere
1330 4456 1625 4525 cogitante.
1673 4452 1743 4505 At
1795 4451 2098 4505 Ambustus
2129 4450 2266 4503 fusis
2303 4448 2394 4516 qui

2495 3352 3021 3421 στρατοπεδεύονται
3070 3353 3210 3404 κατά
3242 3352 3332 3402 τὸν
3373 3352 3666 3421 λεγόμενον
3700 3355 3963 3423 Πετρόην,
4007 3358 4068 3408 οὐ

2492 3446 2630 3493 πάνυ
2684 3442 2873 3511 ττάρρω
2918 3445 3171 3510 κείμενον
3227 3443 3325 3507 τῆς
3388 3444 3634 3506 ἐναντίας
3689 3446 4066 3515 παρεμόσλῆς,

2491 3533 2604 3585 ἀλλ’
2656 3534 2777 3585 ὅσον
2811 3534 2917 3585 ἀπὸ
2968 3534 3198 3585 σταδίων
3236 3534 3648 3588 πεντεκαίδεκα.
3687 3536 3842 3589 Οὕτω
3875 3539 3929 3591 δὲ
3960 3540 4067 3591 τῶν

2490 3625 2771 3693 δυνάμεων
2830 3624 3058 3691 ἔγγιστα
3111 3624 3419 3693 γενομένων
3454 3626 3732 3694 ἀλλήλαις,
3790 3630 3884 3680 xui.
3941 3630 4066 3693 τοὺς

2495 3715 2830 3783 στρατηγοὺς
2892 3712 3229 3784 βιαζομένων
3276 3713 3491 3780 ἐξάγειν
3544 3717 3638 3766 καὶ
3680 3718 3754 3785 μὴ
3811 3717 4065 3783 κωλύειν,

2492 3806 2843 3860 ἀναπείθεται
2876 3806 2972 3874 μὲν
2998 3807 3025 3855 ὁ
3044 3807 3326 3874 Κομνηνὸς
3353 3808 3446 3858 xui.
3473 3806 3570 3868 τὰς
3588 3807 3793 3870 οἰκείας
3817 3809 4068 3861 ἐκϐάλλει

2501 3897 2791 3966 φάλαγγας
2856 3898 2950 3949 καὶ
3002 3894 3137 3966 πρὸς
3192 3898 3502 3965 παράταξιν
3557 3898 3762 3968 ἵστησι,
3820 3900 3913 3952 τοῦ
3971 3901 4071 3969 μὲν

2494 3990 2775 4061 εὐωνύμου
2827 3989 3055 4058 κέρατος
3102 3987 3400 4057 κατάρχειν
3449 3990 3801 4058 προχειρίσας
3835 3991 3927 4041 τὸν
3960 3992 4071 4044 Κε-

2494 4100 2599 4135 καυ
2610 4082 2791 4151 μένον,
2817 4081 2876 4133 τὸ
2903 4080 3075 4145 δεξιὸν
3107 4080 3323 4148 ἔχοντος
3369 4078 3649 4148 Ῥωμανοῦ
3679 4080 3772 4132 τοῦ
3800 4080 4069 4150 Σκληροῦ,

2496 4174 2660 4236 αὐτὸς
2695 4173 2752 4225 δέ
2786 4174 2843 4225 ἐν
2874 4173 3059 4241 μέσοις
3094 4174 3369 4232 ἐτάττετο,
3413 4170 3773 4224 ἀναπείθεται
3822 4172 3877 4223 δέ
3922 4172 4015 4223 καὶ
4042 4175 4071 4223 ὁ

2496 4264 2817 4333 δομέστικος
2862 4264 2960 4315 σὺν
3001 4262 3079 4331 τῷ
3121 4261 3355 4330 Ἀαρὼν,
3389 4261 3483 4314 xui.
3523 4261 3615 4313 τὸν
3649 4264 3847 4315 οἰκεῖον
3875 4262 4074 4328 ἐξαγα-

2499 4356 2614 4424 γὼν
2643 4355 2771 4408 λαὸν
2808 4353 3185 4424 ἀντιμέτωπον
3247 4354 3429 4421 ἵστησι
3462 4354 3573 4414 τοῖς
3626 4353 3910 4414 ἐναντίοις.
3963 4354 4069 4406 Τοῦ

2502 4453 2600 4521 μὲν
2637 4446 2730 4501 οὖν
2761 4447 2934 4513 δεξιοῦ
2968 4446 3148 4517 κέρως
3174 4446 3357 4513 ἄρχων
3383 4441 3450 4514 ἧν
3485 4444 3762 4505 Βασίλειος
3795 4446 3821 4495 ό
3852 4445 4068 4514 Ταρχα-

812 4554 913 4622 ipsi
950 4560 1107 4605 erant
1148 4543 1852 4618 Oppositi,abinsequendo
1876 4542 2394 4613 631uequaquam
2435 4574 2475 4626 ο
2502 4561 2553 4595 νι

2328 4554 2394 4593 Im
2435 4574 2475 4626 ο
2502 4542 2725 4611 νιώτης,
2756 4538 3137 4609 στρατηλάτης
3169 4538 3291 4587 τότε
3318 4535 3600 4603 τυγχάνων
3623 4536 3718 4601 τῆς
3745 4534 3956 4595 Δύσεως
3980 4537 4069 4587 καὶ

815 4645 1043 4707 destitit,
1074 4642 1169 4697 sed
1207 4643 1273 4694 ad
1319 4649 1499 4694 castra
1553 4636 1772 4691 hostilia
1800 4650 1972 4704 usque
1993 4634 2207 4688 delatus
2264 4648 2388 4702 per-

812 4745 976 4805 rupto
1037 4735 1180 4787 vallo
1212 4732 1517 4802 penetravit
1554 4768 1571 4795 ,
1633 4728 1871 4783 tentoria
1931 4727 2141 4795 direpta
2198 4724 2392 4795 gladiis

813 4827 1121 4885 discidit.et
1146 4827 1196 4878 in
1232 4834 1433 4878 terram
1457 4821 1679 4890 dejecit.
1712 4820 1766 4873 ld
1800 4819 2015 4873 eminus
2038 4827 2391 4887 conspectum

813 4922 992 4988 (erant
1015 4915 1157 4969 enim
1189 4922 1370 4969 castra
1396 4912 1516 4967 loco
1556 4910 1728 4978 edito)
1759 4908 2098 4964 Comnenum
2128 4921 2251 4961 cum
2282 4907 2397 4959 suis

814 5009 1041 5063 audacia
1059 5007 1322 5076 implevit,
1342 5011 1395 5058 et
1417 5004 1507 5072 qui
1527 5005 1594 5056 ab
1613 5004 1827 5056 Aarone
1844 5001 2083 5065 stabant,
2107 5008 2276 5053 metu.
2295 4997 2397 5052 Ita-

815 5115 923 5167 que
957 5108 1010 5151 et
1040 5099 1429 5150 illiciatthth
1459 5094 2110 5154 sustuleruntalacres,et
2136 5092 2183 5144 lii
2213 5091 2394 5159 fugam

820 5191 1085 5243 fecerunt.
1117 5188 1327 5241 Cecidit
1351 5186 1403 5239 in
1429 5199 1607 5255 pugna
1631 5200 1661 5237 ει
1681 5191 1833 5252 parte
1877 5183 2222 5252 imperatoris
2280 5198 2396 5235 tua-

819 5294 923 5348 gna
965 5280 1280 5340 multitudo,
1311 5275 1667 5329 Macedonum
1711 5275 2029 5343 praesertim,
2058 5288 2167 5326 non
2201 5272 2399 5327 milites

824 5373 983 5423 nodo
1023 5370 1117 5425 sed
1168 5370 1339 5423 duces
1368 5369 1553 5431 etiam,
1587 5364 2046 5428 Maurocatacalo,
2102 5364 2401 5434 Pnyemius

822 5462 1210 5518 Cutzamuntes
1244 5460 1446 5528 aliique
1468 5474 1575 5515 non
1598 5457 1778 5529 pauci.
1810 5455 1964 5526 Capti
1989 5460 2160 5511 multo
2189 5457 2400 5525 plures.

2502 4634 2721 4685 πάντων
2746 4631 2853 4683 τῶν
2881 4628 3208 4683 Μακεδόνων
3234 4626 3309 4678 ὦν
3334 4625 3666 4694 ἐξοχώτατος
3696 4624 3771 4686 ὼς
3802 4624 3895 4676 xui.
3924 4625 4070 4691 γένει

2498 4726 2595 4777 xui.
2624 4724 2882 4793 φρονήσει
2900 4722 2992 4774 καὶ
3007 4718 3268 4789 ἐμπειρίᾳ
3288 4716 3375 4789 [Ρ.
3400 4716 3529 4788 802]
3549 4717 4017 4787 διαπρεπέστατος
4055 4735 4069 4749 ο

2502 4817 2562 4868 τὸ
2601 4818 2656 4869 δὲ
2695 4814 2974 4882 εὐώνυμον
3015 4812 3395 4881 ἐγκεχείριστο
3424 4808 3453 4860 ὁ
3492 4809 3789 4876 μάγιστρος
3841 4806 4069 4875 Ἀαρὼν,

2503 4909 2642 4979 ἔχων
2678 4907 3018 4976 στρατηγοὺς
3074 4903 3166 4955 τόν
3218 4899 3506 4968 Λυκάνθην
3556 4900 3649 4951 καὶ
3681 4899 3769 4950 τὸν
3804 4899 4071 4967 Πνυέμιον

2504 5003 2600 5053 xui.
2636 4998 2994 5065 Ῥανδοῦλφον
3029 4996 3318 5064 πατρίκιον
3348 4994 3438 5045 τὸν
3472 4993 3742 5059 Φράγγον.
3775 4991 3975 5044 Τοῦτον
4015 4992 4071 5041 δὲ

2502 5092 2594 5144 τὸν
2642 5090 2843 5161 τρόπον
2896 5089 3192 5157 γενομένης
3242 5088 3340 5156 τῆς
3376 5083 3730 5155 παρατάξεως
3780 5084 3922 5135 κατά
3953 5099 4072 5133 τινα

2504 5184 2668 5237 τόπον
2705 5183 2870 5254 ’ᾼδην
2899 5182 3047 5250 παρὰ
3088 5181 3197 5231 τῶν
3232 5178 3513 5247 ἐγχωρίων
3540 5176 3963 5244 ὀνομαζόμενον,
4000 5173 4073 5232 ὡς

2505 5276 2662 5343 ἐδόθη
2708 5276 2769 5326 τὸ
2811 5273 2907 5327 τοῦ
2960 5272 3199 5340 πολέμου
3252 5269 3502 5339 σύνθημα
3559 5268 3651 5320 καὶ
3694 5264 4075 5335 προσέρῤαξαν

2506 5369 2767 5437 ἀλλήλαις
2796 5371 2850 5419 αἱ
2898 5366 3179 5433 δυνάμεις,
3227 5363 3492 5431 τρέπεται
3546 5361 3643 5430 μέν
3687 5359 3714 5410 ὁ
3762 5357 3966 5425 Ἀαρὼν
4017 5356 4077 5406 τὸ

2523 5459 2696 5523 δεξιὸν
2732 5460 2894 5528 μέρος
2932 5460 3025 5511 καὶ
3059 5458 3250 5526 μέχρις
3284 5453 3449 5507 αὐτοῦ
3477 5453 3661 5504 διώκει
3691 5448 3783 5502 τοῦ
3816 5450 4073 5519 χάρακος,

823 5554 1112 5626 κατασχὼν
1138 5553 1382 5626 ζωγρίαν
1416 5554 1511 5606 καὶ
1558 5552 1838 5622 Ῥωμανὸν
1871 5549 1964 5602 τὸν
2000 5549 2276 5619 Σκληρόν⁶
2311 5548 2406 5602 καὶ
2441 5550 2579 5620 τάχα
2609 5554 2675 5603 ἂν
2723 5552 3075 5620 ἀπηνέγκατο
3096 5548 3343 5617 καθαρὰν
3374 5547 3469 5615 τὴν
3500 5545 3675 5615 νίκην,
3704 5543 3749 5593 εί
3818 5538 3893 5610 μὴ
3958 5539 4078 5590 λίαν

1982 5666 2336 5722 XYLAND‘RI
2367 5667 2454 5722 ΕΤ
2482 5667 2692 5723 GOARI
2726 5666 2947 5723 NOTAE.

901 5766 1010 5835 i5!)
1046 5762 1417 5836 Κρανόληρον,
1461 5765 1711 5833 delirum,
1748 5765 1903 5834 quasi
1957 5764 2169 5819 diceres
2200 5763 2427 5817 cerebro
2468 5766 2550 5817 vel
2579 5780 2635 5819 ia

2338 5764 2427 5817 bro
2468 5766 2550 5817 vel
2579 5767 2787 5819 ratione
2816 5763 2988 5818 delira
3008 5777 3215 5817 senem.
3255 5761 3359 5813 Τὸν
3389 5755 3714 5828 κρονόληρον
3745 5752 3811 5808 ad
3876 5749 4079 5820 Xylan-

828 5834 987 5891 drum
1026 5850 1263 5892 remitto.
1294 5834 1358 5878 €—
1390 5835 1555 5891 Com.
