4410 6442
822 336 923 399 363

2104 345 2416 404 GEURUH
2449 347 2777 408 CEDRENI

3944 362 4048 423 30l

818 446 1096 499 {\Lt'mtnt'ttt
1160 450 1335 500 lerunt
1394 457 1523 503 tunc
1570 452 1636 504 iis
1695 466 1998 506 assensum.
2052 451 2273 508 Revcrsi
2315 459 2380 507 ad
2411 461 2559 519 Ατοῐ

2315 459 2380 507 ad
2411 461 2593 520 Ατοῖς
2664 461 3091 529 συναπαχθείσιν
3158 464 3304 535 αὑτῷ
3362 466 3669 535 ἀμνηστίαν
3719 469 3905 523 κακῶν
3957 478 4050 523 καὶ

821 542 1197 606 imperatorem
1234 554 1423 594 rursus
1459 556 1579 596 cum
1610 543 1728 596 aliis
1764 542 2034 598 mandatis
2065 545 2376 611 mittuntur,

819 629 1169 696 inciduutque
1200 631 1253 684 itt
1295 633 1625 685 Comuenum
1650 635 1789 701 apud
1814 632 1974 690 Beas.
2006 634 2177 705 Hujus
2230 638 2374 707 legao

822 721 980 773 tionis
1013 723 1281 775 sententia
1317 731 1434 776 erat
1461 738 1579 777 esse
1608 722 1922 791 ad0ptatum
1954 726 2062 793 jam
2105 743 2165 780 ac
2194 728 2375 781 Cassa-

818 828 927 863 rem
966 812 1297 865 declaratum
1320 812 1679 879 Conrnenuni,
1712 826 1765 868 et
1794 817 2156 885 imperatoriis
2181 818 2374 871 litteris

813 901 1070 955 erunibus
1114 901 1203 968 qui
1252 914 1371 952 cum
1420 899 1537 969 ipso
1568 900 1809 956 fuissent
1859 905 2153 971 dignitates
2181 944 2195 967 ,
2237 920 2374 972 quas

813 1004 997 1049 essent
1033 993 1233 1061 adepti,
1265 993 1598 1048 confirmari.
1628 995 1732 1049 Eas
1764 994 2079 1051 Comnenus
2107 998 2376 1053 conditio-

815 1098 929 1141 nes.
961 1094 1014 1136 et
1043 1085 1132 1152 qui
1173 1099 1295 1137 eum
1336 1099 1402 1138 eo
1426 1096 1579 1139 erant
1602 1085 1790 1149 duces,
1823 1087 2224 1151 collaudarunt,
2253 1105 2375 1144 eas-

811 1192 915 1244 que
986 1191 1148 1230 aurea
1215 1176 1359 1230 bulla
1435 1176 1746 1229 conﬁrmari
1804 1178 2189 1245 postularunt,
2257 1179 2374 1232 solo

809 1270 1075 1323 Ambusto
1094 1271 1431 1339 improbante
1448 1270 1651 1323 omnia.
1672 1268 1924 1324 llicenim
1944 1287 2126 1326 senem
2151 1273 2375 1341 imperio

812 1377 1037 1431 prorsus
1067 1362 1287 1431 spoliari
1311 1360 1559 1426 volebat;
1602 1361 1990 1431 indignumque
2027 1363 2140 1417 fore
2165 1363 2375 1418 facinus

812 1454 1135 1516 uilirmabat,
1185 1453 1252 1514 si,
1297 1452 1383 1505 cui
1435 1451 1776 1520 interpositis
1820 1452 2184 1507 sanctissimis
2222 1454 2373 1522 jura.-

815 1544 1009 1597 mentis
1040 1543 1327 1611 imperium
1360 1543 1736 1612 abrogassent,
1760 1558 1883 1595 eum
1918 1559 2110 1597 rursus
2141 1544 2189 1596 id
2216 1560 2375 1597 occu-

812 1649 938 1701 pare
989 1640 1336 1700 paterentur,
1393 1629 1589 1698 Deique
1634 1633 1767 1683 iram
1813 1631 1882 1683 ob
1928 1631 2031 1685 hoc
2074 1632 2372 1701 perjurium

809 1726 1072 1777 adversus
1113 1724 1259 1792 ipsos
1294 1737 1636 1775 exarsurum.
1662 1720 1781 1774 Jam
1820 1721 1870 1775 id
1909 1739 1974 1776 ex
2013 1739 2111 1777 usu
2149 1725 2371 1777 minime

2482 552 2674 619 ἄφεσιν
2727 552 2835 604 τῶν
2888 554 3462 624 πεπλημμελημένων.
3528 557 3618 620 Ὣς
3650 557 3709 610 δὲ
3769 559 4044 627 λέγουσιν,

2481 641 2654 704 οὐδεὶς
2687 645 2985 712 προσέσχεν
3016 644 3218 707 αὑτοῖς,
3251 644 3635 710 ἐπανελθόντες
3659 646 3707 700 δ’
3730 648 3803 712 ὡς
3828 650 4051 719 βασιλέα

2482 737 2574 829 διςί
2609 736 2799 829 ἐτέροιν
2854 736 3153 803 πρεσϐείαν
3198 738 3481 829 εἰληφότες
3509 740 3925 810 ἐπανέρχονται,
3956 745 4052 795 καὶ

2482 823 2993 893 καταλαμϐάνουσιν
3038 827 3333 897 ἐρχόμενον
3377 827 3467 880 τὸν
3516 829 3800 899 Κομνηνδν
3862 833 3940 891 είς
3990 832 4050 883 τὸ

2482 916 2679 983 χωρίον
2726 915 2821 976 τὰς
2880 916 3057 978 Ῥέας.
3101 918 3323 987 Ἐδήλου
3364 918 3419 971 δὲ
3459 921 3492 989 ή
3539 920 3804 991 πρεσϐεία
3851 922 4048 987 ἀναγο-

2482 1002 2740 1073 ρευθῆναι
2771 1005 2868 1073 μὲν
2909 1006 2998 1055 τὸν
3045 1006 3328 1074 Κομνηνὸν
3370 1008 3593 1077 βασιλέα
3643 1012 4045 1082 υίοθετηθέντα,

2480 1094 2614 1145 πᾶσι
2643 1094 2700 1145 δὲ
2741 1099 2853 1157 τοῖς
2889 1100 3452 1166 συστρατευσαμένοις
3482 1101 3631 1171 αὑτῷ
3682 1101 4046 1172 βεϐαιωθῆναι

2478 1187 2576 1246 τὰς
2601 1188 2748 1255 παρὰ
2776 1186 2867 1239 τοῦ
2903 1189 3190 1258 Κομνηνοῦ
3220 1192 3387 1259 τιμὰς
3407 1194 3698 1264 γράμμασι
3726 1194 4042 1262 βασιλικοῖς.

2478 1276 2869 1346 Ἀγγελθείσης
2896 1279 2951 1330 δὲ
2979 1281 3075 1347 τῆς
3108 1284 3170 1332 ἐκ
3212 1281 3476 1350 βασιλέως
3504 1286 3851 1355 ὑποσχέσεως
3886 1286 4046 1347 αὑτὸς

2480 1368 2579 1437 μὲν
2609 1370 2635 1420 ὀ
2678 1369 2964 1437 Κομνηνὸς
3000 1372 3093 1422 καὶ
3140 1373 3337 1436 πάντες
3382 1375 3429 1425 οί
3464 1375 3561 1426 σὺν
3603 1376 3753 1444 αὑτῷ
3787 1378 4044 1446 ἄρχοντες

2478 1459 2899 1527 ἐπευφήμησαν,
2949 1460 3043 1512 καὶ
3089 1462 3188 1524 τὰς
3236 1463 3555 1531 ὑποσχέσεις
3611 1465 4043 1535 χρυσοϐουλλείῳ

2476 1553 2661 1618 γραφῇ
2700 1548 3060 1618 βεϐαιωθῆναι
3094 1552 3302 1619 ἠξίουν,
3357 1556 3513 1622 μόνος
3554 1556 3609 1607 δὲ
3641 1557 3668 1607 ὁ
3694 1558 4042 1624 Κεκαυμένος

2477 1638 2827 1707 ὰπηρέσκετο
2867 1640 2997 1707 πρὸς
3029 1641 3205 1692 πάντα
3230 1644 3324 1694 καὶ
3352 1645 3672 1697 καταλιπεῖν
3694 1646 3930 1698 ἐνέκειτο
3951 1647 4042 1698 τὸν

2475 1728 2706 1795 γέροντα
2745 1731 2841 1796 τὴν
2882 1730 3160 1797 βασιλείαν
3205 1733 3299 1784 καὶ
3332 1734 3724 1806 ὑποχωρῆσαι,
3780 1736 3855 1806 μὴ
3900 1735 4041 1789 εἶναι

811 1813 942 1873 fore,
978 1825 1030 1865 ut
1065 1815 1132 1865 ab
1171 1814 1337 1867 armis
1362 1812 1645 1866 discedant
1675 1831 1688 1865 :
1737 1829 1859 1865 mox
1892 1813 2035 1867 enim
2062 1823 2114 1869 et
2136 1813 2369 1868 Comne-
2403 1806 2442 1859 Β
2472 1817 2552 1880 ag:

2297 1832 2369 1868 ie-
2403 1806 2442 1859 Β
2472 1817 2621 1880 ἄξιον
2649 1818 2821 1885 λέγων
2852 1820 3042 1873 τοῦτον
3095 1824 3191 1890 μὲν
3219 1825 3319 1893 ἤδη
3359 1825 3750 1895 καθαιρεθέντα
3786 1830 3879 1882 καὶ⁵
3904 1831 4038 1882 διπο-

810 1920 936 1955 nueu
968 1918 1174 1957 veneno
1206 1914 1455 1958 necatum
1476 1905 1707 1958 etsociis
1739 1906 2167 1973 conspirationis
2186 1909 2372 1961 oculos

806 1994 1064 2047 cilossum
1101 1995 1185 2049 iri.
1217 1996 1289 2048 Ac
1318 1999 1589 2065 proditum
1621 2007 1704 2049 est
1724 1999 2017 2061 memoriae,
2044 1998 2186 2065 ipsos
2208 2001 2371 2052 etiam

806 2089 1015 2152 legatos
1057 2088 1439 2155 przevaricatos
1494 2087 1682 2149 fuisse,
1732 2088 1976 2141 etmodo
2023 2091 2167 2142 hunc
2210 2092 2373 2144 modo

805 2178 975 2248 θεῖά
1005 2178 1153 2230 illum
1194 2178 1428 2233 diversis
1479 2179 1816 2246 temporibus
1843 2181 2108 2234 Ambusto
2131 2184 2373 2236 suasisse

808 2282 863 2322 ut
914 2281 1255 2340 oppugnaret
1304 2271 1505 2325 acriter
1548 2272 1758 2324 oblatas
1811 2271 2155 2325 conditiones
2195 2288 2373 2341 neque

805 2362 1102 2429 quidquam
1153 2362 1493 2416 concederet.
1544 2361 1607 2415 Et
1645 2362 1860 2431 quidem
1904 2362 2003 2415 hor
2045 2378 2140 2416 eos
2171 2365 2369 2431 egisse,

806 2470 902 2521 pro
930 2462 1080 2506 certo
1109 2453 1390 2521 perhibent
1416 2455 1449 2504 ii
1480 2454 1678 2521 quibus
1704 2454 1805 2507 ista
1834 2457 2039 2522 Optime
2069 2464 2196 2509 sunt
2219 2466 2368 2520 nota,

806 2553 857 2594 et
891 2561 917 2594 a
953 2543 1215 2615 mendacii
1248 2544 1558 2611 suspicione
1579 2552 1708 2597 sunt
1744 2545 2015 2599 immunes
2050 2561 2065 2609 ;
2114 2547 2371 2615 aiuntque

805 2648 921 2692 eos,
959 2612 1284 2701 interposito
1312 2634 1691 2703 jurejurando,
1743 2635 2041 2690 allirruasse
2091 2636 2371 2691 Comneno

806 2723 917 2774 ardt
940 2732 1060 2776 nter
1103 2738 1226 2776 eum
1264 2725 1332 2776 ab
1384 2723 1591 2777 urbana
1626 2723 1973 2777 multitudine
2003 2722 2173 2791 di‘ligi,
2217 2741 2279 2778 ac
2324 2727 2367 2779 si

807 2825 1014 2865 tantum
1049 2813 1451 2867 accessissetad
1474 2816 1681 2876 urbem,
1715 2814 1827 2867 fore
1856 2818 2106 2881 utipsum
2131 2831 2214 2879 ea,
2241 2832 2369 2871 sene

805 2907 1111 2966 exturbato,
1160 2921 1282 2959 cum
1332 2908 1705 2975 gratulaturiis
1772 2910 2008 2962 victoria:
2052 2919 2105 2963 et
2158 2912 2367 2979 imperii

804 2998 1144 3053 eariuinabus
1192 3000 1446 3069 excipiat.
1503 2998 1628 3054 Haec
1682 3001 1735 3054 in
1791 3003 1986 3055 castris
2027 3010 2144 3055 acta
2181 3001 2369 3056 lerun-

806 3098 912 3142 ltll‘.

2476 1909 2817 1978 κηρυχθέντα
2846 1910 3029 1978 ὅρκοις
3060 1914 3515 1981 φρικωδεστάτοις
3563 1914 3718 1977 αὖθις
3749 1934 4039 1987 συγχωρη-

2476 1997 2633 2066 θῆναι
2686 2000 2988 2066 βασιλεύειν
3033 2002 3357 2071 Ῥωμαίων·
3413 2006 3570 2058 τοῦτο
3600 2008 3707 2077 γὰρ
3758 2008 3851 2059 καὶ
3899 2008 4037 2060 Θεοῦ

2474 2089 2641 2158 ὀργὴν
2684 2090 2835 2155 ἔλεγε
2881 2095 3121 2157 κινήσειν
3168 2094 3254 2147 διὰ
3292 2097 3391 2163 τὴν
3436 2098 3741 2167 ἐπιορκίαν,
3776 2100 3870 2151 καὶ
3917 2098 4037 2149 οὑδὲ

2475 2183 2656 2243 αὑτοῖς
2689 2183 2915 2236 ἔσεσθαι
2952 2187 3336 2254 συμφέρουσαν
3375 2188 3472 2257 τὴν
3510 2189 3617 2241 τῶν
3648 2190 3826 2241 ὃπλων
3871 2191 4038 2241 κατά-

2472 2272 2655 2323 θεσινο
2687 2274 2847 2336 αὑτός
2900 2293 2958 2327 τε
2996 2280 3103 2346 γάρ
3155 2278 3482 2349 υίοθετηθεὶς
3531 2280 3845 2348 φαρμάκοις
3899 2295 4034 2331 κατ⁹

2473 2361 2762 2430 εργασθεὶς
2820 2364 3097 2435 οἰχήσεται
3176 2367 3404 2429 θᾶττον,
3480 2370 3574 2421 καὶ
3647 2370 3872 2429 ἕκαστος
3928 2369 4038 2420 τῶν

2476 2454 2914 2521 συμπραξάντων
2974 2456 3121 2523 αὑτῷ
3176 2456 3255 2508 τὼ
3313 2457 3572 2527 ὀφθαλμὼ
3636 2457 4034 2527 διορυγήσεται.

2474 2547 2706 2608 Λέγεται
2741 2545 2797 2596 δὲ
2823 2545 2904 2596 ὃτι
2936 2547 3028 2597 καὶ
3060 2549 3107 2598 οἱ
3141 2547 3473 2616 πρεσϐευταὶ
3511 2548 4037 2617 παραπρεσϐεύσαν-

2470 2655 2581 2700 τες,
2614 2638 2801 2690 ἄλλοτε
2835 2640 2991 2702 ἄλλος
3019 2642 3195 2710 λάθρα
3226 2645 3303 2713 τῷ
3326 2647 3666 2714 Κεκαυμένῳ
3700 2646 4032 2713 προσιόντες.

2473 2730 2817 2798 παρεκάλουν
2857 2731 3076 2800 ἔχεσθαι
3127 2733 3222 2802 τῆς
3265 2735 3564 2797 ἐνστάσεως
3602 2736 3695 2786 καὶ
3746 2736 3866 2803 μηδ’
3900 2735 4035 2793 ὅλως

2469 2822 2734 2872 ἐνδοῦναι.
2787 2822 2957 2875 Τοῦτο
3016 2824 3072 2874 δὲ
3131 2826 3292 2877 αὑτὸν
3353 2830 3573 2893 ποιῆσαι
3621 2826 3713 2877 καὶ
3768 2828 3815 2877 οἱ
3857 2825 4034 2885 καλῶς

2474 2912 2669 2972 εἰδότες
2713 2911 3142 2980 ἐπληροφόρουν,
3173 2913 3359 2983 ἄνδρες
3381 2914 3477 2982 οὑχ
3494 2911 3593 2966 οἷοί
3622 2931 3678 2965 τε
3716 2912 4030 2980 ψεύδεσθαι,

2473 3004 2566 3053 καὶ
2585 3003 2660 3063 εἰς
2682 3004 2843 3053 αὑτὸν
2856 3003 2945 3053 τὸν
2961 3004 3242 3072 Κομνηνὸν
3261 3003 3662 3072 πληροφοροῦντ
3672 3022 3725 3065 ες
3748 3003 4033 3069 ἐνωμότως

2470 3093 2544 3153 ὼς
2595 3091 2739 3143 ἃπαν
2777 3096 2836 3144 τὸ
2871 3095 3093 3145 ἀστικὸν
3148 3094 3351 3161 πλῆθος
3402 3094 3679 3162 περικαῶς
3740 3096 3818 3155 εἰς
3869 3093 4031 3144 αὑτὸν

805 3184 936 3249 ἔχει,
972 3182 1063 3233 καὶ
1091 3180 1164 3242 ὼς
1193 3182 1241 3233 εἰ
1270 3179 1428 3249 μόνον
1464 3180 1673 3247 ἐγγίσει
1699 3184 1765 3250 τῇ
1794 3182 1964 3244 πόλει,
2000 3183 2089 3235 τὸν
2134 3184 2362 3251 γέροντα
2396 3185 2762 3253 ἐξωθήσαντες
2807 3187 2922 3253 μετ’
2951 3184 3231 3237 ἐπινικίων
3257 3187 3347 3237 καὶ
3405 3185 3588 3255 ὓμνων
3646 3186 3805 3239 αὑτὸν
3857 3202 4030 3254 προσ-

803 3273 1061 3336 δέξονται.
1091 3271 1200 3323 Καὶ
1232 3270 1402 3323 ταῦτα
1427 3272 1523 3338 μὲν
1550 3268 1801 3336 γενέσθαι
1832 3270 2046 3336 λέγεται
2077 3274 2168 3323 ἐπὶ
2200 3272 2581 3340 στρατοπέδου.

878 3362 1097 3413 luterim
1127 3375 1293 3415 senex
1330 3360 1622 3427 imperator
1650 3360 1845 3412 civium
1874 3374 1997 3428 erga
2042 3375 2097 3413 se
2135 3362 2368 3413 benevo-
2398 3367 2440 3423 c

806 3454 1050 3513 tentiam,
1074 3451 1231 3504 donis
1251 3449 1591 3509 muneribus,
1620 3449 1917 3503 honoribus
1946 3458 1997 3500 et
2021 3450 2140 3502 aliis
2164 3451 2364 3518 quibus

809 3548 956 3597 iuver
1011 3542 1189 3611 populi
1254 3551 1478 3609 paratur
1526 3554 1589 3593 ac
1643 3541 1906 3592 retinetur
1962 3538 2361 3603 conﬁrmabat;

808 3644 973 3702 utque
996 3632 1231 3683 arctiore
1261 3644 1379 3682 eam
1400 3628 1618 3682 vinculo
1649 3628 2066 3696 constringeret,
2130 3628 2365 3695 promul-

805 3734 929 3796 gata
971 3724 1188 3777 decreto
1255 3720 1615 3775 sacramentis
1680 3719 1929 3773 maximis
1979 3729 2032 3771 et
2074 3718 2366 3773 dirissimis

808 3812 1289 3884 imprecationibus
1329 3810 1600 3879 obligabat
1640 3808 1948 3879 Byzantios,
1986 3824 2258 3876 nunquam
2306 3823 2365 3863 se

805 3910 1143 3961 Conmenum
1167 3904 1544 3971 imperatorem
1576 3908 1669 3953 aut
1701 3900 1979 3954 dominum
2007 3901 2361 3964 salutaturos,

811 4006 905 4047 aut
938 3994 1251 4063 imperatori
1294 3990 1536 4045 debitum
1574 3992 1831 4043 honorent
1864 3988 2180 4053 delaturos;
2207 3989 2365 4057 eique

808 4086 1049 4154 singulos
1082 4092 1362 4136 senatores
1391 4079 1740 4133 subscribere
1782 4089 1834 4131 et
1864 4086 2039 4130 ratum
2081 4077 2132 4129 id
2166 4079 2365 4131 habere

807 4177 1005 4244 coegit.
1023 4173 1175 4238 Quod
1202 4172 1237 4224 ii
1263 4170 1503 4225 fecerunt
1524 4169 1773 4238 potentia:
1790 4166 2065 4231 cedentes,
2088 4166 2366 4219 Conmeno

810 4268 987 4321 adhuc
1032 4267 1216 4334 procul
1259 4264 1326 4317 ab
1369 4262 1502 4316 urbe
1543 4271 1813 4315 versante.
1848 4260 2041 4314 Verum
2088 4260 2177 4312 ubi
2220 4260 2266 4313 is
2299 4261 2362 4313 ad

808 4362 1024 4412 Aluicas
1061 4358 1311 4415 accessit,
1338 4364 1391 4409 el.
1426 4354 1688 4424 postridie
1717 4362 1833 4405 erat
1860 4353 1912 4405 in
1944 4352 2143 4420 palatio
2170 4350 2363 4404 Dama-

810 4459 960 4518 ιιι-ωε
998 4455 1437 4515 pernoctaturus,
1470 4444 1580 4511 jam
1615 4456 1812 4495 aurora
1842 4448 2146 4510 appetente,
2186 4441 2364 4495 subito

811 4540 1058 4606 Magnum
1124 4537 1215 4589 Dei
1268 4534 1525 4601 tentplum
1577 4531 2051 4584 circumsteterunt
2111 4531 2366 4598 magister

809 4629 1103 4682 blietiaelus
1153 4626 1426 4678 Anastasii
1494 4624 1678 4687 lilius,
1731 4622 1993 4692 patricius
2051 4620 2363 4673 Theodorus

2545 3359 2629 3429 [P.
2651 3358 2774 3422 804]
2806 3360 2862 3409 ὐ
2883 3359 2938 3410 δὲ
2968 3361 3143 3427 γέρων
3173 3362 3497 3427 συνέσφιγγε
3521 3363 3617 3429 μέν
3642 3365 3718 3424 εἰς
3741 3363 3901 3415 αὑτὸν
3924 3365 4032 3416 τῶν

2468 3449 2699 3501 πολιτῶν
2722 3448 2929 3500 εῦνοιαν
2953 3451 3045 3501 καὶ
3061 3450 3287 3518 δωρεαῖς
3307 3455 3396 3502 καὶ
3422 3454 3661 3519 χρήμασι
3681 3457 3769 3505 καὶ
3788 3454 4031 3523 ἀξιωμά-

2465 3558 2571 3593 των
2604 3541 2898 3609 ὑπεροχαῖς
2924 3540 3148 3603 καὶτοῖς
3170 3540 3429 3602 τοιούτοις
3443 3535 3522 3603 οἷς
3549 3541 3793 3609 θέλγεται
3817 3544 3910 3596 καὶ
3932 3562 4034 3597 κα-

2465 3630 2595 3696 ταδη
2605 3631 2937 3697 μαγωγεῖται
2954 3630 3014 3679 τὸ
3032 3627 3253 3696 πλῆθος,
3270 3630 3363 3680 καὶ
3383 3631 3515 3697 πρὸς
3532 3629 4031 3700 εὑνοιανδεσμεῖται

2466 3721 2561 3772 καὶ
2609 3722 2789 3772 πίστιν
2815 3736 2826 3747 ·
2863 3720 3079 3789 μείζονα
3105 3721 3161 3773 δὲ
3191 3720 3285 3771 καὶ
3302 3721 3700 3791 άρῤηκτότερον
3722 3723 3810 3773 τὸν
3835 3722 4030 3790 δεσμὸν

2464 3812 2563 3879 τῆς
2619 3813 2829 3873 εὐνοίας
2876 3812 3098 3880 ποιῆσαι
3146 3810 3488 3879 βουλόμενος,
3525 3813 3616 3863 καὶ
3653 3816 4029 3881 γραμματεῖον

2463 3902 2752 3971 ἐκθέμενος
2771 3902 2950 3971 ὅρκοις
2971 3905 3216 3971 φρικτοῖς
3232 3902 3326 3953 καὶ
3346 3903 3505 3973 ἀραῖς
3535 3902 4031 3972 παλαμναιοτάταις

2465 3994 2991 4063 κατησφαλισμένον,
3020 3994 3092 4055 ὡς
3123 3994 3375 4046 οὐδέποτε
3420 3992 3640 4060 βασιλέα
3690 3993 3722 4061 ἢ
3768 3992 4029 4061 δεσπότην

2466 4082 2555 4135 τὸν
2588 4084 2865 4152 Κομνηνὸν
2896 4084 3254 4150 ὀνομάσουσιν
3279 4085 3310 4151 ἦ
3339 4083 3435 4152 τὴν
3467 4082 3677 4150 βασιλεῖ
3715 4082 4028 4150 πρέπουσαν

2466 4177 2628 4244 τιμὴν
2656 4174 2803 4243 αὑτῴ
2837 4175 3235 4243 προσοίσουσιν,
3266 4174 3492 4226 ἕκαστον
3522 4172 3629 4224 τῶν
3654 4171 4028 4240 συγκλητικῶν

2466 4266 2769 4336 ἠνάγκαζεν
2801 4265 3136 4335 ὑπογράφειν
3165 4268 3221 4317 ἐν
3252 4263 3400 4333 αὑτῷ
3435 4267 3527 4317 καὶ
3568 4263 3637 4315 τὰ
3660 4266 4026 4333 γεγραμμένα

2466 4362 2683 4431 κυροῦν.
2718 4362 2826 4414 Καὶ
2871 4362 3065 4422 πάντες
3102 4360 3199 4428 μὲν
3229 4361 3295 4427 τῇ
3347 4357 3561 4426 ἐξουσίᾳ
3613 4356 4030 4426 πειθαρχοῦντες

2467 4453 2547 4504 ἔτι
2584 4453 2771 4521 πόρρω
2802 4450 2892 4500 τοῦ
2934 4448 3220 4517 Κομνηνοῦ
3251 4448 3525 4513 διάγοντος
3552 4446 3905 4514 ὑπέγραψανο
3953 4446 4029 4506 ὡς

2466 4544 2521 4595 δὲ
2554 4546 2756 4603 ἐκεῖνος
2790 4542 3013 4610 ήγγισεν
3048 4542 3127 4602 εἷς
3149 4557 3198 4592 τι
3220 4540 3416 4608 χωρίον
3461 4538 3689 4605 Ἀλμέας
3720 4538 4027 4607 λεγόμενον,

2469 4635 2728 4705 ἔμελλεδὲ
2763 4638 2826 4703 τῇ
2868 4633 3125 4701 ἐπαύριον
3184 4634 3240 4685 ἐν
3307 4634 3417 4693 τοῖς
3473 4630 3756 4693 παλατίοις
3820 4631 4029 4691 αὐλίζε-

810 4717 1141 4785 Cliryseiius,
1177 4715 1437 4783 patricius
1461 4712 1885 4780 Cltrist0phorus
1910 4709 2071 4781 635
2102 4710 2361 4778 Pyrrhus,
2397 4703 2443 4758 ι)
2471 4703 2551 4778 σοι

2288 4723 2361 4771 “5:
2397 4703 2443 4758 θ
2471 4727 2593 4778 σθαι
2662 4724 2753 4776 τοῦ
2792 4722 3130 4793 Δαματρὺος,
3174 4721 3434 4789 αἰφνίδιον
3497 4722 3852 4789 περιστάντες
3903 4724 4029 4791 περὶ

809 4822 999 4863 omnes
1025 4808 1368 4862 sodalitatum
1422 4805 1611 4869 duces,
1636 4805 1989 4879 nonuullique
2040 4803 2128 4855 alii
2169 4801 2367 4854 obscu-

810 4905 1003 4963 riores,
1052 4914 1244 4968 magna
1286 4911 1418 4951 voce
1448 4895 1781 4950 descendere
1812 4894 2170 4962 patriarcham
2208 4891 2270 4943 ad
2308 4906 2367 4944 se

806 4994 1059 5060 jubeutes
1089 5005 1105 5043 :
1136 4990 1202 5043 de
1224 4989 1473 5041 maximis
1500 4987 1663 5041 rebus
1686 4986 2094 5040 consulendum.
2132 4984 2366 5036 l‘atriar-

811 5083 909 5133 eha
944 5078 994 5131 id
1022 5082 1196 5130 lacere
1231 5092 1353 5129 cum
1388 5086 1682 5139 recusaret,
1711 5090 1949 5145 suasque
1977 5077 2195 5127 obderct
2224 5072 2366 5125 fores

810 5184 862 5228 et
891 5174 1113 5241 januam
1140 5171 1372 5224 cochlea:
1401 5183 1519 5237 qua:
1549 5169 1601 5221 in
1634 5170 1912 5237 superiora
1940 5168 2119 5236 templi
2147 5168 2364 5221 correla-

813 5270 895 5317 via
924 5265 1124 5329 educit,
1150 5278 1213 5317 ac
1238 5262 1598 5331 Nicephorum
1617 5260 1990 5314 tantummodo
2014 5271 2066 5313 et
2094 5258 2364 5313 Constan-

813 5357 983 5409 tinum
1018 5358 1232 5419 fratres,
1257 5353 1528 5423 patrueles
1548 5368 1698 5415 suos,
1729 5353 1962 5405 mitteret
1980 5367 2041 5404 ac
2068 5367 2163 5420 per
2191 5366 2285 5405 eos
2309 5365 2366 5405 se

812 5449 1021 5501 (otisuli
1056 5446 1359 5509 mandaret,
1382 5445 1417 5497 ii
1448 5444 1537 5513 qui
1562 5459 1626 5498 eo
1652 5452 2020 5497 convenerant
2048 5441 2366 5511 magnajant

814 5539 970 5590 turba
1009 5553 1093 5589 aut
1112 5537 1150 5587 ti
1191 5540 1335 5606 (nam
1368 5537 1505 5588 fama
1538 5535 1708 5588 didita
1747 5534 2100 5602 undiquaque
2128 5548 2368 5587 concur-

813 5631 1002 5681 rebant
1036 5643 1141 5680 non
1171 5629 1204 5678 ii
1232 5626 1388 5680 modo
1413 5626 1502 5695 qui
1539 5627 1694 5680 nmis
1723 5626 2030 5695 gaudebant
2060 5626 2243 5688 rebus,
2273 5623 2367 5677 sed

814 5731 863 5772 et
897 5719 1302 5786 prudentiorum
1330 5716 1469 5769 haud
1497 5717 1649 5785 pauci
1685 5729 1737 5771 et
1771 5717 1921 5767 multi
1953 5723 2235 5769 senatores
2258 5731 2366 5767 non

2469 4815 2528 4867 τὸ
2549 4814 2867 4883 περῖορθρον
2899 4818 2961 4882 τῇ
2992 4812 3084 4864 τοῦ
3135 4811 3266 4862 Θεοῦ
3302 4811 3528 4881 Μεγάλῃ
3563 4810 3821 4879 ἐκκλησίᾳ
3862 4814 3889 4863 ὁ
3926 4816 4029 4879 μά-

2472 4924 2689 4977 γιστρος
2753 4906 2925 4976 [καὶ]
2981 4904 3196 4973 Μιχαὴλ
3250 4904 3393 4955 ὁτοῦ
3438 4904 3783 4955 Ἀναστασίου
3829 4904 3961 4963 υίὸς,
4003 4905 4029 4953 ὁ

2475 5001 2756 5068 πατρίκιος
2845 4998 3114 5067 Θεόδωρος
3167 5000 3194 5049 ὁ
3258 4997 3579 5065 Χρυσήλιος,
3665 4999 3691 5048 ὁ
3747 4998 4030 5065 πατρίκιος

2474 5090 2843 5159 Χριστοςόρος
2888 5089 2915 5139 ὁ
2950 5088 3179 5157 Πυρρος,
3229 5090 3276 5139 οἱ
3335 5087 3441 5138 τῶν
3507 5085 3789 5154 ἑταιρειῶν
3834 5086 4031 5147 πάντες

2471 5182 2746 5248 ἄρχοντες,
2782 5180 2873 5231 καί
2900 5195 3039 5239 τινες
3071 5177 3217 5229 ἄλλοι
3250 5176 3355 5228 τῶν
3402 5177 3801 5244 ἀφανεστέρων,
3856 5176 4033 5225 κάτω-

2474 5269 2564 5321 θεν
2592 5270 2821 5338 ἔκραζον
2858 5269 3137 5321 κατελθεῖν
3179 5267 3312 5334 πρὸς
3343 5268 3536 5327 αὑτοὺς
3557 5266 3647 5316 τὸν
3692 5265 4032 5332 πατριάρχην

2474 5362 2547 5423 ὼς
2593 5360 2870 5427 μέλλοντες
2902 5361 3026 5428 περὶ
3077 5358 3386 5424 ἀναγκαίων
3425 5356 3572 5423 αὐτῷ
3623 5354 3843 5413 πεύσεις
3868 5368 4035 5420 προσ-

2476 5452 2734 5516 ἐνεγκεῖν.
2794 5451 2898 5501 Τοῦ
2932 5451 2987 5500 δὲ
3043 5450 3115 5517 μὴ
3188 5447 3490 5512 καταὸἧναι
3543 5442 3874 5502 πεισθέντος,
3918 5441 4033 5491 ἀλλ’

2477 5541 2894 5601 άποκλείσαντος
2917 5540 3011 5602 τὰς
3042 5539 3234 5591 ἐαυτοῦ
3266 5537 3435 5606 θύρας
3468 5536 3556 5589 καὶ
3591 5534 3686 5602 τὴν
3716 5532 3915 5584 εἰσοδον
3942 5527 4035 5581 τοῦ

2477 5630 2767 5697 ἀνάγοντος
2799 5631 2874 5690 εἰς
2894 5628 2959 5681 τὰ
2984 5629 3206 5698 ὑπερῷα
3232 5628 3326 5695 τῆς
3352 5626 3644 5691 ἐκκλησίας
3689 5619 4032 5687 λαϐυρίνθου,

2485 5724 2827 5789 πεπομφότος
2859 5720 2912 5772 δὲ
2949 5720 3081 5788 πρὸς
3112 5720 3329 5780 τούτους
3372 5716 3681 5785 Νικηεόρον
3738 5713 3831 5764 καὶ
3884 5714 4035 5762 κων·
