4410 6442
335 419 440 481 365

1428 386 1966 472 lllSTt’tlilAllUM
2001 408 2527 470 COMPENDIUM.

3469 405 3577 469 366

336 534 611 585 στα-πῖνον
643 529 764 593 τοὺς
804 528 1169 598 αὐταδέλφους
1202 532 1289 581 καὶ
1322 528 1482 592 ὶδίους
1511 528 1786 593 ἀκηψιους,
1810 528 1904 578 καὶ
1934 534 1976 587 Α
2010 526 2073 579 be

1839 528 1904 578 ,αἱ
1934 534 1976 587 Α
2010 526 2146 579 bene
2190 539 2218 578 a
2269 522 2591 578 Stratiotico
2637 520 2897 590 tractati)
2944 517 3217 589 patrueles
3254 518 3580 590 patriarcha:

332 624 398 675 δι’
445 623 624 676 αὐτῶν
658 621 757 684 τὰς
785 623 1006 683 πεύσεις
1048 620 1477 692 προσενεχθῆναι
1506 624 1553 671 οἱ
1580 618 1906 678 κελεύοντος.

335 715 382 764 οί
412 711 757 773 συνελθόντες
808 712 902 764 καὶ
942 711 1070 765 ἀλλο
1112 710 1313 779 πλῆθος
1348 710 1777 780 προσλαϐόμενοι
1810 710 1911 761 οὐκ

334 802 517 868 ὀλίγον
557 802 677 871 (ἤδη
711 800 820 871 γάρ
860 800 957 868 τῆς
999 806 1183 870 φήμης
1212 800 1546 868 διαδοθείσης
1592 804 1910 869 συνέτρεχον

335 890 599 951 πανσυδί),
644 889 703 940 οὐ
761 888 920 956 μόνον
964 889 1013 940 οί
1048 890 1160 949 τοῖς
1180 890 1565 957 νεωτερισμοῖς
1599 889 1909 955 ἐπιχαίρον-

334 999 443 1044 τες,
473 982 607 1033 ἀλλὰ
642 982 735 1033 καὶ
770 981 876 1035 τῶν
910 981 1285 1050 συνετωτέρων
1339 981 1439 1032 οὐκ
1464 979 1630 1046 ὀλίγοι
1684 979 1776 1031 καὶ
1805 980 1907 1031 τῶν

336 1073 712 1139 συγκλητικῶν
738 1072 960 1142 πλῆθος,
985 1073 1099 1124 ὅσοι
1119 1072 1192 1142 μὴ
1220 1072 1419 1133 ίκανῶς
1459 1071 1604 1141 παρὰ
1626 1069 1719 1122 τοῦ
1760 1070 1905 1139 βασι-

334 1164 473 1226 λέως
500 1164 968 1236 ἐθεραπεύθησαν)
993 1164 1345 1233 περισχόντες
1378 1163 1502 1225 τοὺς
1529 1161 1623 1215 τοῦ
1643 1164 1911 1233 πατριάρι

336 1273 432 1324 χου
477 1257 731 1324 ἀνεψιοὺς
758 1256 1025 1323 ἀπάγξειν
1056 1256 1334 1327 ἠπείλουν,
1363 1258 1409 1307 εί
1447 1254 1521 1325 μὴ
1553 1256 1734 1325 τάχιον
1753 1256 1909 1316 uoca;

338 1348 609 1417 καταϐαίη
640 1350 775 1417 πρὸς
804 1350 1047 1411 τούτους.
1106 1351 1164 1401 Ὀ
1204 1349 1260 1401 δὲ
1292 1348 1401 1400 εἴτε
1427 1346 1595 1414 ἄκων,
1624 1348 1723 1401 οὑκ
1767 1343 1906 1400 οἶδα.

336 1438 438 1489 εἴθ’
484 1438 644 1497 ἑκὼν,
676 1438 750 1499 ώς
778 1440 805 1489 ὁ
845 1439 952 1489 τῶν
995 1437 1256 1489 πλειόνων
1282 1433 1395 1505 είχε
1427 1436 1602 1503 λόγος,
1626 1437 1724 1506 τὴν
1757 1438 1903 1505 ἱερα-

248 1582 254 1589 _
334 1530 497 1597 τικὴν
564 1529 927 1598 περιθέμενος
994 1529 1239 1582 διπλοΐδα
1312 1526 1458 1599 (55)
1509 1527 1702 1580 καὶτὰ
1751 1527 1913 1579 λοιπά

343 1619 655 1689 παράσημα
707 1620 805 1687 τῆς
874 1621 1284 1690 ἀρχιερωσύνης
1351 1618 1634 1672 ἀναλαϐὼν
1671 1618 1913 1671 κάτεισιν

344 1711 706 1779 ἀκκιζόμενος
733 1714 828 1764 καὶ
866 1712 1014 1764 δεινά
1062 1712 1325 1781 πάσχοντι
1369 1711 1595 1772 ἐοικώς·
1666 1705 1806 1778 ἦσαν
1859 1710 1914 1761 δὲ

340 1797 510 1851 ταῦτα
540 1800 715 1852 πάντα
746 1800 941 1870 σκηνὴ,
963 1800 1036 1863 ώς
1070 1802 1137 1853 τά
1168 1801 1468 1871 πράγματα
1506 1800 1734 1865 ἔδειξαν.
1769 1802 1914 1854 Kar-

343 1888 562 1941 ελθόντα
642 1891 751 1959 γάρ
818 1891 1028 1943 ἐκεῖνον
1105 1890 1305 1953 εὐθέως
1370 1894 1417 1944 οί
1512 1892 1749 1945 ἀνάπται
1812 1892 1907 1944 τοῦ

346 1980 579 2049 πλήθους
611 1982 1027 2052 παρειληφότες,
1062 1985 1155 2034 καὶ
1188 1982 1376 2053 θρόνον
1425 1984 1762 2051 ἐνεγκόντες,
1816 1985 1909 2036 ἐπὶ

341 2071 433 2123 τοῦ
472 2073 647 2138 δεξιοῦ
703 2073 900 2143 μέρους
962 2074 1244 2137 καθίζουσι
1288 2075 1383 2127 τοῦ
1426 2076 1578 2143 ἁγίου
1646 2076 1907 2146 βήματος.

346 2163 451 2212 Καὶ
479 2163 690 2231 πρῶτον
725 2165 842 2233 μὲν,
874 2164 949 2226 ὡς
982 2166 1039 2217 ἐν
1071 2166 1421 2234 προσχήματι
1464 2167 1621 2236 τάχα,
1643 2166 1911 2237 πρεσϐευ-

345 2251 442 2320 τὴν
472 2252 632 2305 αὐτὸν
672 2254 1017 2322 παρεκάλουν
1048 2255 1123 2316 ώς
1155 2254 1379 2324 βασιλέα
1433 2257 1704 2323 γενέσθαι,
1762 2257 1909 2319 ὅπως

346 2341 633 2410 ἀποδοθείη
681 2344 864 2407 αὐτοῖς
893 2345 951 2397 τὸ
976 2345 1291 2414 ὐπογραφὲν
1326 2346 1455 2416 παρ’
1488 2348 1666 2399 αὐτῶν
1704 2346 1911 2416 ἔγγρα-

348 2450 463 2499 φον,
497 2433 571 2496 ὠς
608 2435 705 2505 ήδη
730 2436 821 2489 τοῦ
859 2436 1121 2505 βασιλέως
1145 2438 1505 2507 σπεισαμένου
1537 2439 1611 2507 τῷ
1646 2438 1912 2508 Κομνηνῷ

346 2524 438 2574 καὶ
474 2523 699 2591 βασιλέα
724 2525 1037 2588 ἀνειπόντος
1094 2526 1279 2579 αὐτόν.
1320 2527 1424 2579 Τοῦ
1480 2528 1587 2596 γὰρ
1632 2528 1909 2597 ἐγγράφου

349 2612 656 2682 σωζομένου
721 2614 1110 2686 ἀδιαρρήκτου,
1197 2616 1341 2668 δυοῖν
1397 2609 1616 2677 ἀτόποιν
1686 2616 1911 2685 θάτερον

346 2702 579 2770 ἔφασκον
608 2703 667 2769 ἐξ
695 2706 935 2775 ἀνάγκης
964 2706 1219 2774 ἕψεσθαι·
1272 2710 1305 2777 ἢ
1341 2705 1448 2777 γὰρ
1493 2707 1912 2776 εὐφημήσαντες

344 2793 508 2847 αὐτὸν
546 2794 621 2858 ὡς
654 2797 877 2865 βασιλέα
909 2798 1407 2869 ἐπιορκήσουσιν,ἢ
1460 2799 1532 2861 ώς
1594 2799 1911 2866 ἐνυϐρίσαν-

346 2905 435 2951 τες
484 2890 567 2950 εἰς
623 2888 845 2957 βασιλέα
878 2890 1327 2959 κολασθήσονται.
1370 2890 1430 2961 'Q
1470 2889 1527 2941 δὲ
1561 2890 1775 2959 πρῶτον
1818 2890 1913 2957 μὲν

351 2978 725 3048 ἀνελάμϐανεν
786 2981 1005 3042 αὐτοὺς,
1063 2982 1156 3033 καὶ
1229 2979 1539 3050 πληρώσειν
1592 2979 1653 3031 τὸ
1706 2979 1913 3048 αἴτημα

347 3071 552 3123 τούτων
592 3070 1086 3138 κατεπηγγέλλετο.
1144 3064 1277 3121 Εἶτα
1331 3070 1525 3140 μικροῦ
1584 3068 1915 3130 διαλιπόντος

347 3161 541 3230 καιροῦ
574 3164 787 3214 πάντων
815 3161 1075 3227 ἀφέμενοι
1121 3159 1495 3229 αὐτοκράτορα
1527 3159 1751 3228 βασιλέα
1781 3161 1913 3211 ἀνα-

349 3254 633 3323 γορεύουσι
662 3252 754 3305 τὸν
806 3253 1111 3322 Κομνηνὸν,
1150 3254 1247 3305 καὶ
1290 3253 1417 3315 τοὺς
1465 3252 1579 3304 ὅσοι
1635 3251 1710 3320 μὴ
1757 3250 1915 3303 τοῦτο

348 3344 628 3415 βούλονται
658 3345 887 3414 ἐχθροὺς
925 3343 1213 3412 Ῥωμαίων
1270 3343 1366 3395 καὶ
1414 3342 1732 3403 ἀποστάτας
1787 3341 1919 3395 ὠνό-

355 3438 544 3503 μαζον,
597 3436 689 3487 καὶ
745 3432 1141 3503 διαρπάζεσθαι
1203 3432 1301 3495 τάς
1346 3432 1526 3494 οἰκίας
1575 3433 1754 3485 αὐτῶν
1814 3434 1918 3486 ὑπὸ

354 3523 447 3577 τοῦ
508 3522 747 3592 πλήθους
807 3521 1151 3590 ἐδοκίμαζον,
1200 3521 1364 3573 αὑτοῦ
1430 3520 1523 3573 τοῦ
1583 3522 1916 3593 πατριάρχου

350 3615 567 3682 πρώτου
623 3614 710 3666 διά
748 3613 841 3666 τοῦ
891 3612 989 3681 τῆς
1037 3611 1329 3681 ἐκκλησίας
1374 3610 1775 3681 δευτερεύοντος
1806 3614 1917 3683 (54)

349 3704 1020 3774 Στεφάνου-συμπαρόντος
1051 3704 1142 3756 καί
1173 3702 1634 3768 συνευδοκοῦντος,
1673 3703 1765 3756 καὶ⁹
1790 3703 1920 3755 Θεο-

351 3800 522 3871 δώρου
578 3801 670 3853 τοῦ
712 3799 864 3873 [805]
895 3799 1216 3868 Ἀντιοχείας
1252 3800 1586 3870 πατριάρχου
1638 3799 1733 3870 τὴν
1756 3800 1922 3871 ἀνάρι-

356 3896 511 3963 ῥησιν
532 3892 629 3959 τῆς,
661 3890 938 3959 εὐφημίας
964 3891 1274 3959 βοήσαντος,
1302 3891 1396 3943 καὶ
1425 3898 1552 3951 τους
1586 3892 1767 3953 οῐκους
1813 3891 1922 3945 τῶν

353 3988 410 4037 ἐν
468 3986 787 4054 ὑπεροχαῖς,
829 3984 943 4036 ὅσοι
998 3982 1072 4053 μὴ
1120 3981 1413 4051 ἠρέσκοντο
1462 3984 1571 4045 τοῖς
1599 3982 1920 4050 γινομένοις,

353 4077 725 4129 ἀνασκάπτειν
743 4074 835 4128 καὶ
854 4073 1174 4144 διαρπάζειν
1200 4074 1733 4143 προτρέποντος.Καὶ
1752 4074 1922 4127 ταῦτα

357 4168 453 4235 μὲν
512 4167 784 4237 ἔπραττεν
841 4164 1043 4217 ἔσωθεν
1090 4162 1183 4215 τοῦ
1236 4164 1379 4215 θείου
1424 4164 1519 4215 καὶ
1578 4165 1920 4235 περιωνύμου

351 4257 479 4311 ναοῦ
514 4275 530 4289 ο
560 4257 792 4325 ἄγγελον
823 4256 879 4307 δὲ
903 4256 1037 4323 πρὸς
1066 4256 1155 4307 τὸν
1187 4255 1469 4324 Κομνηνὸν
1521 4255 1760 4323 πέμψας,
1820 4256 1916 4307 καὶ

354 4349 489 4417 πρὸς
521 4348 620 4399 τὸν
654 4346 884 4413 γέροντα
909 4344 1121 4411 ἄλλους,
1152 4344 1346 4410 ἐκείνῳ
1378 4344 1476 4412 μὲν
1528 4343 1718 4413 μηνύει
1760 4344 1925 4396 σπεύ-

354 4445 463 4497 δειν
520 4443 620 4496 καὶ
679 4441 755 4512 μὴ
807 4441 1110 4511 βραδύνειν,
1181 4441 1276 4492 καὶ
1338 4439 1526 4509 μισθὸν
1584 4438 1780 4507 ἀπῄτει
1826 4438 1925 4507 τῆς

2012 616 2351 685 corripuere,
2384 614 2823 685 strangulaturos
2860 612 3073 675 minati,
3112 613 3217 667 nisi
3248 613 3433 667 statim
3466 611 3583 681 ipse

2011 707 2386 762 descenderet.
2427 706 2618 776 Itaque
2652 703 2981 774 patriarcha,
3034 702 3151 758 sive
3197 704 3402 759 invitus
3447 702 3583 774 (non

2012 802 2155 856 enim
2199 799 2536 870 pronuntio)
2582 801 2719 864 sive,
2753 798 2895 867 quod
2939 796 3298 867 plurimorum
3330 812 3585 850 sermone

2014 893 2301 956 asseritur,
2353 892 2540 944 volens
2590 905 2653 945 ac
2710 898 2906 960 sponte
2952 905 3072 955 sua,
3122 897 3272 942 veste
3304 888 3584 957 pontiﬁci:

2015 984 2334 1053 reliquoque
2375 982 2561 1036 habitu
2592 989 2645 1035 et
2684 981 2990 1049 insignibus
3044 981 3243 1035 summi
3292 980 3585 1034 sacerdotii

2013 1087 2240 1131 ornatus
2283 1075 2586 1140 descvndit,
2620 1076 2888 1129 simulans
2922 1088 2981 1129 se
3026 1074 3176 1141 gravi
3220 1073 3419 1143 injuria
3449 1073 3585 1126 aﬂ‘e-

2014 1175 2162 1219 ctum
2198 1168 2487 1237 indignari.
2533 1164 2640 1220 Res
2677 1166 2793 1234 ipsa
2827 1166 3013 1221 docuit
3050 1164 3163 1217 Itmc
3190 1166 3395 1225 omnia,
3441 1174 3500 1220 ut
3530 1167 3587 1220 in

2015 1272 2201 1321 scena,
2258 1274 2352 1326 per
2410 1258 2811 1312 simulationem
2868 1265 3009 1310 aeta.
3059 1256 3178 1309 Mox
3223 1272 3345 1311 eum
3402 1256 3585 1327 poliuli

2014 1350 2380 1404 concitatores
2408 1354 2777 1419 arripuerunt.
2798 1349 3070 1417 allatoque
3093 1349 3229 1402 solio
3253 1352 3318 1402 ad
3336 1349 3584 1402 dextram

2017 1451 2221 1509 partem
2265 1456 2434 1494 sacrae
2472 1441 2619 1494 sella:
2654 1440 3014 1494 collocarunt.
3061 1440 3138 1493 Ac
3187 1442 3443 1508 primum,
3491 1439 3587 1492 sed

2016 1532 2118 1585 sub
2152 1539 2442 1600 prmtextu,
2496 1530 2786 1583 hortantur
2822 1544 2945 1581 Clllli
2977 1538 3033 1581 ut
3070 1543 3170 1598 pro
3216 1529 3347 1598 ipsis
3377 1530 3587 1599 legatus

2016 1625 2401 1692 imperatorem
2430 1622 2612 1686 adeat,
2642 1630 3001 1691 reposcatque
3030 1622 3302 1676 decretum
3333 1620 3497 1690 636
3520 1622 3589 1673 ab

2016 1715 2152 1784 ipsis
2216 1714 2610 1781 subscriptum,
2658 1712 3104 1782 quandoquidem
3140 1712 3253 1780 jam
3299 1713 3417 1782 ipse
3462 1726 3587 1764 cum

2016 1804 2293 1857 Comneno
2326 1802 2465 1857 facta
2498 1818 2628 1871 pace
2657 1818 2781 1856 eum
2824 1802 3033 1872 imperii
3073 1817 3452 1858 successorem
3487 1802 3588 1855 de-

2014 1894 2304 1961 signasset.
2339 1892 2470 1945 Nam
2506 1893 2610 1947 nisi
2641 1907 2705 1948 ea
2730 1894 2921 1947 charta
2952 1895 3379 1961 discerperetur,
3404 1908 3588 1949 neces-

2012 1984 2159 2039 sario
2185 1985 2416 2037 alterum
2446 1982 2582 2047 lore,
2602 1993 2657 2039 ut
2688 1984 3127 2039 autComnenum
3158 1984 3259 2054 ipsi
3289 1985 3585 2054 imperato-

2013 2092 2125 2130 rem
2158 2076 2445 2131 salutando
2476 2076 2711 2145 perlidia-
2735 2092 2794 2130 se
2820 2078 3148 2145 obligarent,
3185 2075 3269 2129 vel
3320 2078 3584 2130 honorem

2011 2170 2059 2223 ei
2088 2168 2327 2223 debitum
2356 2184 2461 2221 non
2491 2166 2788 2226 deferendo
2820 2182 3008 2237 pcenas
3042 2170 3252 2221 darent.
3267 2165 3587 2221 Patriarcha

2012 2257 2283 2326 principio
2313 2272 2407 2311 eos
2434 2257 2576 2311 bono
2612 2256 2793 2311 animo
2826 2272 2948 2311 esse
2974 2258 3156 2326 jussit,
3192 2272 3362 2326 seque
3393 2273 3585 2314 eorum

2015 2350 2292 2418 postulata
2334 2349 2683 2418 impleturum
2728 2350 3001 2418 promisit.
3035 2350 3209 2404 Paulo
3242 2359 3367 2419 post
3404 2360 3585 2405 autem

2013 2440 2114 2502 illi,
2163 2439 2418 2492 omnibus
2477 2439 2600 2491 aliis
2669 2441 2833 2493 rebus
2890 2440 3152 2504 omissis,
3203 2440 3585 2509 imperatorem

2011 2531 2319 2598 Augustum
2356 2530 2694 2598 proclamant
2730 2528 3091 2591 Comnenum,
3116 2541 3172 2583 et
3201 2532 3589 2586 dissentientes

2012 2636 2112 2689 pro
2145 2622 2390 2675 hostibus
2419 2621 2649 2674 Romani
2676 2622 2886 2690 imperii
2905 2622 3090 2676 haberi
3114 2638 3175 2676 ac
3196 2622 3587 2692 perduellibus,

2014 2721 2069 2765 et
2096 2727 2281 2766 eorum
2318 2711 2508 2765 domos
2549 2726 2579 2765 a
2609 2712 2955 2767 multitudine
2991 2714 3150 2781 diripi
3184 2714 3399 2781 jubent.
3430 2713 3590 2767 Prin-

2017 2820 2144 2872 ceps
2178 2805 2484 2873 patriarcha
2510 2818 2609 2872 per
2645 2803 3007 2874 Stephanum,
3051 2806 3143 2874 qui
3181 2807 3491 2874 proximum
3520 2809 3590 2859 ab

2018 2897 2140 2966 ipso
2170 2898 2220 2949 iu
2253 2896 2482 2949 ecclesia
2514 2894 2794 2964 dignitatis
2824 2899 3001 2949 locum
3025 2898 3324 2956 obtinebat,
3353 2913 3592 2964 praesen-

2022 2997 2129 3042 tem
2161 2988 2260 3040 hoc
2292 2988 2580 3056 approbat,
2615 3002 2676 3041 ac
2705 2988 3046 3041 Theodorum
3085 2990 3393 3043 Antiochea:
3417 2991 3590 3059 patri-

2018 3074 2268 3139 arcbam,
2326 3074 2756 3142 proclamantem
2819 3075 2956 3128 hanc
3005 3076 3483 3145 designationem,
3538 3095 3591 3134 et

2021 3165 2422 3232 permittentem
2457 3174 2514 3217 ut
2546 3180 2886 3220 summorum
2922 3167 3160 3222 virorum
3202 3171 3292 3236 qui
3333 3170 3445 3224 Late
3484 3171 3594 3224 im-

2026 3257 2317 3323 probarent
2350 3255 2491 3308 ardes
2524 3255 2815 3309 diruantur
2841 3268 3001 3327 atque
3033 3259 3379 3329 diripiantur.
3417 3262 3591 3331 Atque

2020 3347 2138 3400 haec
2190 3347 2381 3415 agebat
2424 3347 2736 3415 patriarcha
2794 3350 2937 3402 intra
2969 3364 3181 3404 sacram
3227 3353 3385 3407 istam
3428 3363 3591 3423 atque

2019 3435 2284 3489 celebrem
2317 3436 2643 3489 aedem.Mox
2667 3438 2807 3492 idem
2839 3441 3060 3495 nuntios
3086 3453 3138 3495 et
3159 3441 3225 3494 ad
3248 3441 3587 3498 Comnenum

2022 3526 2188 3579 mittit
2219 3535 2274 3580 et
2308 3526 2375 3578 ad
2424 3525 2821 3592 Stratioticum,
2855 3530 3003 3583 illum
3043 3546 3192 3584 mora
3225 3534 3374 3586 omni
3421 3550 3589 3603 repu—

2022 3618 2168 3672 diata
2191 3619 2498 3672 accelerare
2519 3618 2737 3687 jubens,
2762 3621 3153 3690 praemiumque
3179 3638 3359 3693 operte
3382 3626 3591 3693 praesti-

2022 3717 2091 3763 tae
2116 3716 2301 3778 utpote
2336 3726 2390 3762 re
2418 3710 2530 3777 jam
2564 3711 2815 3764 conlecta
2862 3714 3164 3779 postulans,
3200 3714 3345 3773 hunc
3385 3718 3591 3786 palatio

2022 3800 2279 3853 nimirum
2308 3800 2445 3853 nihil
2475 3801 2541 3854 ad
2581 3802 2756 3869 ipsum
2782 3801 2944 3871 637
2976 3803 3278 3871 pertinente
3307 3806 3590 3861 discedere

2025 3889 2311 3945 mandans.
2357 3888 2510 3946 Unde
2554 3891 2810 3949 onmibus
2835 3893 3007 3961 patuit
3044 3895 3407 3962 patriarcbam
3455 3898 3592 3953 nihil

2023 3994 2187 4049 posse
2232 3989 2545 4049 prmtexere,
2598 3982 2896 4051 quominus
2942 3998 3049 4037 non
3081 3985 3262 4040 socius
3292 3986 3454 4041 modo
3492 3987 3591 4043 sed

2024 4081 2220 4124 auctor
2242 4071 2626 4139 praecipuaqne
2664 4086 2830 4126 causa
2862 4072 3024 4142 hujus
3059 4073 3229 4128 fuisse
3268 4072 3593 4135 defectionis

2025 4161 2361 4216 crederetur.
2409 4161 2607 4216 Missos
2638 4172 2815 4217 autem
2846 4165 2913 4219 ad
2962 4180 3023 4219 se
3056 4170 3430 4237 metropolitas
3462 4186 3589 4223 eum

2026 4253 2393 4321 interrogaret
2435 4254 2807 4319 Stratioticus,
2845 4256 3036 4326 ecquid
3084 4258 3187 4312 sibi
3219 4274 3318 4329 pro
3357 4262 3589 4329 imperio

2025 4342 2336 4411 patriarcha
2386 4342 2658 4406 redderet,
2713 4359 2937 4413 regnum
2978 4346 3199 4401 cwleste
3248 4349 3588 4405 redditurum

2027 4434 2234 4488 dixere.
2288 4435 2467 4503 Atque
2502 4435 2549 4489 is
2589 4437 2861 4503 extemplo
2899 4452 3194 4505 purpuram
3227 4453 3291 4492 ac
3331 4441 3588 4494 coeciuos

355 4532 649 4603 συνεργίας
680 4532 755 4593 ὡς
786 4531 883 4600 ἠδη
906 4531 1056 4592 τέλος
1083 4529 1310 4597 ἐχούσης
1336 4530 1434 4597 τῆς
1468 4527 1630 4580 αὐτοῦ
1665 4527 1922 4595 ἐφέσεως,
1952 4533 2006 4592 D
2034 4542 2094 4581 ca

1844 4544 1922 4591 υς,
1952 4533 2006 4592 D
2034 4526 2249 4581 calceos
2278 4525 2495 4594 abjecit,
2516 4526 2817 4594 privatique
2841 4527 3063 4583 indutus
3094 4528 3275 4583 habitu
3308 4530 3585 4586 discessit.

354 4626 531 4692 τούτῳ
562 4623 623 4674 δὲ
655 4622 900 4673 κατιέναι
932 4620 1041 4672 τῶν
1072 4619 1384 4686 ἀνακτόρων
1439 4618 1558 4672 κατ’
1597 4617 1747 4671 οὐδὲν
1776 4617 1921 4688 αύτῷ

354 4714 769 4786 προσηκόντων.
816 4713 940 4764 Κάκ
969 4711 1157 4764 τούτου
1187 4712 1293 4772 τοῖς
1322 4712 1485 4764 πᾶσιν
1519 4710 1923 4781 ἀπροφάσιστος

355 4811 526 4877 ἐφάνη
557 4810 584 4861 ὁ
612 4805 954 4875 πατριάρχης
992 4802 1066 4872 μὴ
1094 4803 1250 4873 μόνον
1276 4802 1501 4873 μέτοχος
1545 4802 1621 4855 ὣν
1646 4802 1780 4857 ἀλλά
1827 4804 1925 4856 καὶ

357 4900 692 4969 πρωταίτιος
735 4896 834 4963 τῆς
860 4894 1214 4956 ἀποστασίας.
1266 4893 1371 4946 Τοῦ
1390 4893 1446 4945 δὲ
1492 4894 1617 4955 τοὺς
1650 4894 1922 4963 πεμφθέν-

356 5007 448 5053 τας
512 4990 595 5050 sic;
650 4986 811 5039 αὑτὸν
850 4984 1251 5055 μητροπολίτας
1300 4985 1707 5055 ἐρωτήσαντος·
1737 4987 1840 5039 Καὶ
1868 4987 1919 5038 τί

360 5097 446 5150 μοι
476 5080 599 5131 ἀντὶ
632 5075 731 5142 τῆς
788 5075 1061 5144 βασιλείας
1111 5077 1139 5126 ὁ
1185 5076 1527 5145 πατριάρχης
1585 5077 1919 5146 παρέχεται;

357 5171 577 5223 ἐκείνων
610 5167 670 5218 δὲ
713 5168 1181 5236 ἀποκριναμένων
1224 5166 1333 5237 Τὴν
1355 5167 1601 5235 οὐράνιον
1623 5167 1919 5237 βασιλείαν,

356 5262 467 5330 ἆμα
498 5260 574 5329 τῷ
607 5258 755 5325 λόγῳ
783 5258 880 5327 τὴν
912 5256 1194 5327 πορφύραν
1226 5256 1512 5309 ἀποϐαλὼν
1542 5261 1631 5309 καί
1679 5261 1745 5311 τά
1798 5276 1925 5311 κοκ-

356 5351 569 5421 κοϐαφῆ
612 5350 827 5414 πέδιλα,
858 5351 949 5401 καὶ
970 5350 1236 5418 ίδιωτικὴν
1257 5350 1457 5420 ἐσθῆτα
1483 5350 1922 5419 ἀμφιασάμενος,

357 5444 588 5494 κάτεισι.
620 5437 796 5492 Τοῦτο
836 5439 891 5492 δὲ
920 5442 1131 5501 πάντως
1162 5441 1376 5507 ἐγένετο
1417 5439 1483 5493 ἂν
1515 5440 1588 5503 ὡς
1628 5442 1831 5505 ἐκεῖνός
1865 5459 1921 5495 τε

2027 4617 2320 4669 Enimvero
2370 4619 2515 4685 quod
2570 4615 2781 4669 volebat
2826 4623 2881 4669 et
2922 4619 3278 4685 metropolita:
3317 4623 3592 4689 promitte-

2027 4710 2179 4772 bant,
2216 4708 2360 4768 haud
2386 4707 2549 4761 dubie
2578 4718 2904 4761 consecutus
2932 4706 3146 4772 fuisset,
3174 4710 3217 4762 si
3250 4712 3315 4764 ad
3352 4712 3587 4781 primum

2029 4810 2237 4855 motum
2304 4799 2633 4852 defectionis
2674 4799 2873 4867 regiam
2921 4798 3274 4859 deseruisstt.
3315 4801 3473 4858 Nunc
3522 4805 3589 4857 ad

2032 4893 2232 4948 bellum
2276 4904 2449 4957 usque
2481 4891 2533 4942 in
2561 4904 2623 4943 ea
2648 4899 2915 4955 moratus,
2966 4904 3089 4944 cum
3134 4892 3481 4947 sustinuisset
3512 4903 3590 4946 tot

2031 4986 2231 5040 civium
2265 4983 2448 5037 videre
2480 4981 2621 5035 bello
2653 4980 2922 5036 intestino
2953 4981 3182 5044 cladem,
3213 4993 3397 5052 postea
3425 4984 3589 5037 rebus

2029 5076 2216 5131 fractis
2236 5083 2290 5129 et
2321 5072 2556 5129 subditis
2580 5071 3009 5141 opprimentibus
3035 5072 3262 5143 imperio
3295 5074 3498 5128 invitus
3530 5090 3591 5128 se

2029 5169 2309 5233 abdicans,
2359 5165 2503 5219 haud
2557 5165 2672 5217 scio
2709 5179 2775 5217 an
2824 5164 3287 5232 compensationis
3326 5164 3445 5218 loco
3489 5180 3589 5234 p10

2027 5262 2235 5315 caduco
2265 5265 2529 5312 aeternum
2580 5255 2652 5311 sit
2701 5264 3097 5309 consecuturus
3132 5256 3440 5324 imperium.
3484 5257 3590 5310 Sed

2027 5354 2081 5407 in
2116 5354 2214 5406 hac
2246 5366 2301 5403 re
2330 5346 2575 5418 lietquod
2600 5346 2707 5401 Deo
2725 5346 2974 5415 placebit.
3004 5344 3317 5402 Stratiotico
3340 5348 3393 5401 in
3408 5363 3587 5408 suam,

2027 5459 2148 5513 qua:
2179 5448 2294 5495 erat
2344 5441 2397 5493 in
2433 5454 2578 5501 arce,
2641 5436 2860 5491 domum
2899 5435 3165 5507 digresso,
3205 5436 3337 5493 feria
3367 5449 3589 5505 quarta,

1524 5570 1875 5627 XYLANDRI
1902 5572 1990 5627 ET
2019 5570 2227 5629 COARI
2259 5568 2490 5626 NOTAE.

449 5676 563 5745 (53)
630 5670 920 5733 Φελώνιον,
985 5669 1036 5723 id
1091 5680 1174 5723 est
1229 5670 1620 5745 sacerdotalem
1668 5671 1929 5745 casulam

358 5741 735 5815 urrdequsque
797 5752 969 5796 totum
1006 5755 1207 5810 corpus
1239 5743 1543 5797 sacerdotis
1576 5741 1926 5796 ambientem.

360 5820 524 5872 (tum.

2113 5669 2224 5737 (5A)
2268 5666 2374 5719 Τοῦ
2403 5666 2749 5737 πρωτοπαπᾶ
2767 5664 3062 5737 nimirum,
3103 5662 3194 5731 qui
3229 5664 3495 5737 secundas
3533 5662 3587 5714 in

2038 5731 2293 5794 omnibus
2356 5731 2887 5804 pos'tgpatriarclnun
2950 5734 3179 5789 obtinet.
3238 5731 3479 5786 Codinus
3536 5742 3590 5784 et

2042 5802 2448 5877 Euchologium.
2481 5802 2650 5858 Goan.
