4424 6450
746 411 846 473 371

2006 420 2326 481 JOANNIS
2365 419 2734 477 SCYLITZJ‘J

3888 416 3991 479 372

750 534 866 575 tum
905 521 1017 590 ipse
1065 523 1297 579 feliciter
1342 525 1707 596 perduxisset,
1764 543 1869 582 non
1914 530 2090 584 solum
2125 529 2176 581 in
2204 542 2317 581 mo-
2348 527 2398 585 Δ
2424 543 2497 593 γει

2245 542 2317 581 ιοο
2348 527 2668 593 Λγείτονας
2728 528 2825 594 τῆς
2881 528 2944 579 ἐκ
3018 528 3125 579 τῶν
3198 526 3443 596 μοναχῶν
3515 525 3814 595 κακότητος
3897 529 3992 581 καὶ

749 614 1010 668 materiis
1088 618 1181 669 sed
1237 618 1290 670 in
1351 618 1617 672 omnibus
1682 620 1845 673 rebus
1904 620 1970 673 ad
2024 619 2323 673 Ecclesiam

752 706 987 760 omnino
1025 707 1422 775 spectantibus.
1451 708 1527 763 ita
1547 709 1714 778 igitur
1744 724 1833 764 res
1877 711 1945 763 ab
1999 710 2328 777 imperatore

755 799 1151 851 administratae
1206 807 1357 865 sunt,
1392 808 1448 853 et
1473 800 1617 870 regia
1643 803 1778 855 urbs
1806 802 1858 853 in
1885 800 1987 852 hoc
2013 806 2156 852 statu
2188 808 2325 853 erat.

754 882 1068 937 Patriurclta
1112 895 1299 940 autem
1365 888 1681 957 inexplebili
1736 888 2110 943 benevolentia
2157 889 2329 943 fretus

768 977 1120 1040 imperatoris
1159 989 1347 1032 contra
1368 980 1548 1049 ipsum
1572 982 1749 1035 elatus
1776 991 1881 1036 est.
1920 997 2027 1035 non
2055 983 2331 1049 petitioni-

757 1066 860 1117 bus
891 1066 1055 1120 tnodo
1083 1077 1135 1121 et
1164 1068 1637 1125 admonitionibus
1676 1082 1857 1135 utens,
1891 1074 1932 1125 si
1966 1074 2185 1140 quando
2231 1076 2331 1127 ali~

758 1157 919 1226 cujus
952 1160 1029 1213 rei
1054 1170 1109 1213 et
1142 1176 1240 1230 pro
1270 1162 1452 1233 aliquo
1484 1164 1773 1229 indigeret,
1803 1181 1990 1219 verum
2044 1182 2187 1236 saepe
2228 1167 2329 1219 mi-

761 1252 907 1303 nime
933 1252 1047 1306 voti
1079 1268 1309 1323 compos
1365 1265 1585 1323 propter
1636 1255 1951 1325 frequentes
2004 1267 2052 1311 et
2113 1259 2331 1312 odiosas

761 1342 1076 1411 petitiones,
1110 1345 1286 1398 minas
1304 1356 1356 1399 et
1381 1348 1645 1400 absurdas
1676 1348 2077 1417 iucrepationes
2107 1350 2332 1404 adhibe—

758 1437 874 1495 t-at,
905 1447 969 1487 ac
1003 1434 1107 1487 nisi
1128 1444 1361 1503 pareret,
1384 1435 1598 1505 imperii
1623 1438 1975 1492 amissionem
1997 1439 2328 1502 minabatur,

765 1523 989 1593 \nlgare
1041 1533 1095 1578 et
1127 1526 1315 1580 tritum
1363 1527 1466 1581 hoc
1498 1529 1704 1583 dictum
1741 1529 2025 1598 proferens
2062 1550 2075 1583 :
2113 1530 2225 1599 Ego
2281 1540 2331 1585 te

775 1613 1021 1677 condidi,
1073 1614 1255 1681 furne,
1287 1633 1385 1687 ego
1407 1627 1456 1671 et
1490 1627 1543 1671 te
1573 1618 1848 1686 dejiciam.
1902 1619 2208 1687 Aggressus
2248 1628 2333 1673 est

764 1706 929 1759 etiam
962 1722 1131 1761 cocco
1166 1710 1337 1763 tincta
1398 1709 1621 1764 induere
1682 1711 2071 1774 calceamenta,
2122 1712 2332 1780 antiqui

766 1798 1059 1853 sacerdotii
1094 1815 1298 1853 morem
1343 1802 1484 1854 hunc
1530 1817 1808 1864 asserens,
1869 1813 1921 1857 et
1955 1813 2208 1872 oportere
2250 1805 2334 1859 his

2430 618 2743 683 πλεονεξίας
2769 619 3102 689 ἐλευθεροῦν.
3142 620 3207 673 '0
3236 620 3329 672 καὶ
3354 619 3464 670 εἴθε
3508 620 3588 681 είς
3640 616 3793 678 τέλος
3844 615 3993 685 αύτῷ

2429 708 2775 776 κατώρθωτο,
2806 709 2905 761 οὐκ
2938 710 3027 762 ἐπὶ
3054 712 3165 771 τοῖς
3199 708 3470 777 σεμνείοις
3506 706 3709 776 μόνοις,
3744 706 3861 757 ἀλλ’
3894 705 3991 761 ἐπὶ

2428 802 2540 860 τοῖς
2570 799 3038 866 ἐκκλησιαστικαῖς
3081 801 3246 851 πᾶσιν
3270 799 3478 861 ἁπλῶς.
3524 796 3709 860 Οὕτως
3755 797 3853 864 μὲν
3900 791 3995 847 οὖν

2430 893 2600 944 ταῦτα
2632 893 2708 946 τῶ
2763 892 2972 960 βασιλεῖ
2996 894 3358 962 ᾠκονόμηται,
3381 894 3473 945 καὶ
3522 894 3555 962 ἡ
3614 894 3820 961 βασιλὶς
3869 891 3995 944 τοῦ·

2431 998 2521 1033 τον
2579 977 2683 1051 εἶχε
2748 981 2855 1033 τῶν
2903 983 3125 1035 πόλεων.
3197 985 3254 1035 '0
3300 984 3355 1036 δὲ
3400 985 3742 1053 πατριάρχης
3802 985 3867 1053 τῇ
3898 983 3993 1035 τοῦ

2436 1071 2697 1139 βασιλέως
2724 1073 2979 1143 ἀπλήστῳ
3002 1075 3183 1144 εὐνοίᾳ
3215 1075 3497 1146 θαρρήσας
3520 1075 3994 1144 έφρονηματίσατο

2433 1165 2553 1216 κατ’
2587 1165 2771 1223 αὐτοῦ,
2800 1167 2897 1218 οὐκ
2932 1166 3172 1235 αἰτήσεσι
3229 1170 3321 1219 καὶ
3368 1167 3722 1236 παραινέσεσι
3780 1165 3997 1237 χρώμε-

2434 1274 2542 1317 νος,
2613 1258 2662 1307 εἰ
2721 1258 2848 1309 ποτέ
2901 1274 3044 1317 τινος
3100 1258 3270 1311 δέοιτο
3329 1260 3421 1311 καὶ
3480 1257 3617 1329 ὑπέρ
3646 1274 3809 1320 τινος,
3862 1257 3999 1309 ἀλλά

2434 1341 2692 1404 πολλάκις
2727 1343 3116 1412 ἀποτυγχάνων
3150 1345 3236 1397 διὰ
3263 1344 3321 1398 τὸ
3350 1346 3458 1397 τῶν
3481 1348 3747 1416 αἰτήσεων
3779 1346 3999 1414 συνεχὲς

2436 1436 2527 1486 καὶ
2542 1434 2797 1501 φορτικὸν
2820 1435 3070 1497 ἀπειλαῖς
3096 1438 3294 1505 εχρῆτο
3316 1440 3411 1491 καὶ
3431 1439 3726 1507 ἐπιτιμίοις
3758 1438 3998 1501 ἀτόποις,

2436 1528 2530 1579 καὶ
2564 1528 2676 1593 εῖγε
2708 1530 2779 1595 μὴ
2814 1526 3070 1591 πείθοιτο,
3108 1530 3201 1581 καὶ
3232 1529 3328 1599 τῆς
3389 1528 3661 1598 βασιλείας
3729 1529 4000 1581 ἔκπτωσιν

2444 1616 2858 1686 ἀπειλούμενος,
2889 1619 2949 1671 τὸ
2976 1619 3222 1687 δημῶδες
3258 1620 3412 1672 τοῦτο
3436 1620 3531 1673 καὶ
3586 1619 4005 1687 καθημαξευμέ-

2436 1725 2525 1761 νον
2561 1708 2845 1776 ἐπιλέγων,
2887 1728 2905 1760 r
2964 1710 3067 1762 Ἐὦ
3118 1727 3176 1763 σε
3241 1710 3428 1762 ἐκτισα
3468 1710 3576 1779 (2),
3638 1710 3872 1779 φοῦρνε·
3927 1710 4002 1761 ἐῶ

2441 1800 2526 1852 ἵνα
2580 1816 2638 1852 σε
2693 1800 2927 1869 χαλάσω.
2963 1819 2980 1851 ι
3057 1802 3380 1854 Ἐπεϐἀλετο
3428 1800 3485 1853 δὲ
3543 1801 3637 1853 καὶ
3686 1802 4001 1869 κοκκοὸαφῆ

768 1890 846 1942 uti
907 1906 1103 1943 novum
1153 1908 1367 1960 quoque
1450 1893 1925 1962 archiepiscopum
1957 1868 2139 1947 suam
2195 1895 2337 1948 inter
2368 1868 2409 1923 Β
2440 1907 2515 1955 πεη

2257 1904 2337 1948 ter
2368 1868 2409 1923 Β
2440 1890 2749 1959 περιϐαλεῖν
2786 1891 2995 1954 πέδιλα,
3037 1891 3135 1959 τῆς
3176 1891 3407 1953 παλαιᾶς
3444 1892 3740 1960 ἱερωσύνης
3782 1892 4004 1958 φάσκων

770 1982 1137 2035 sacerdotium
1176 1993 1229 2037 et
1276 1999 1501 2052 regnum
1538 1984 1671 2036 nihil
1724 1985 1992 2037 interesse
2021 1986 2103 2038 vel
2148 1983 2337 2038 admo-

776 2071 907 2125 dum
942 2088 1154 2142 parutn,
1204 2084 1258 2127 et
1317 2075 1369 2128 in
1417 2075 1577 2128 rebus
1644 2075 2062 2143 pretiosioribus
2106 2076 2339 2143 amplius

774 2163 1014 2225 fortasse
1048 2175 1101 2219 ct
1128 2167 1296 2235 magis
1320 2167 1607 2220 colendum
1634 2168 2025 2221 sacerdotium.
2073 2166 2195 2221 Haec
2244 2183 2341 2220 uu-

774 2263 931 2318 diens
966 2262 1261 2328 imperator
1293 2258 1443 2310 illum
1512 2258 1891 2311 mussitantem
1925 2257 2132 2312 studuit
2162 2257 2342 2326 potius

776 2352 984 2422 aliquid
1020 2352 1136 2418 ipse
1174 2358 1490 2417 perpetrare
1514 2365 1677 2419 quam
1719 2350 1851 2419 pati.
1883 2349 2063 2414 Quare
2095 2363 2218 2401 cum
2253 2363 2341 2400 ar—

778 2441 1166 2507 ehangelorum
1194 2438 1311 2491 dies
1348 2436 1519 2492 festus
1569 2438 1903 2503 advenisset,
1939 2440 2216 2507 egreditur
2244 2452 2340 2507 pa-

778 2531 1017 2586 triarcha
1051 2529 1116 2583 ad
1152 2528 1468 2583 suburbana
1511 2529 1656 2589 loca,
1683 2538 1741 2581 ut
1771 2530 1845 2583 ibi
1876 2530 2120 2584 studiose
2138 2545 2201 2583 ac
2250 2545 2340 2583 so-

779 2623 923 2677 lenni
956 2622 1065 2675 ritu
1098 2635 1220 2690 qua:
1246 2619 1312 2672 ad
1338 2620 1479 2675 diem
1515 2623 1712 2674 festum
1756 2622 2088 2690 pertinerent
2116 2638 2342 2693 perage-

778 2724 881 2768 ret.
906 2711 1209 2780 Imperator
1240 2722 1424 2766 antem
1481 2712 1705 2766 utlucro
1725 2714 1829 2766 sibi
1858 2714 2038 2768 oblata
2056 2716 2344 2769 occasione

780 2812 1015 2873 arrepta,
1046 2804 1253 2857 veritus
1276 2816 1344 2855 ne
1388 2801 1513 2870 quis
1541 2804 1808 2856 tumultus
1863 2812 1955 2856 aut
2011 2806 2345 2873 perturbatio

781 2897 955 2959 ﬂeret,
987 2902 1222 2947 turmam
1277 2891 1442 2963 644
1469 2892 1705 2945 militum
1750 2892 1918 2957 misit,
1949 2894 2041 2961 qui
2066 2893 2343 2947 communi

781 2988 965 3054 lingua
1016 2982 1360 3051 appellantur
1386 2980 1658 3050 Baraugi;
1705 2982 1799 3049 qui
1846 2982 2021 3049 ipsum
2078 2996 2182 3035 non
2226 2983 2345 3037 sine

778 3075 1081 3146 ignominia
1118 3088 1148 3127 e
1190 3073 1388 3127 throno
1418 3084 1731 3141 correptum
1757 3088 1821 3127 ac
1850 3074 1994 3126 mulo
2028 3072 2340 3140 impositum

2440 1976 2578 2033 εἶναι
2608 1982 2667 2033 τὸ
2698 1980 2938 2034 τοιοῦτον
2968 1982 3106 2045 ἔθος,
3138 1984 3231 2033 καὶ
3273 1984 3382 2034 δεῖν
3412 1983 3621 2045 τούτοις
3672 1983 3777 2034 κάν
3820 1985 3883 2052 τῇ
3913 1982 4006 2052 νέᾳ

2440 2068 2740 2135 κεχρῆσθαι
2823 2069 2915 2120 τὸν
2982 2070 3275 2139 ἀρχιερέα·
3366 2072 3665 2140 ἱερωσύνης
3722 2072 3829 2140 γάρ
3912 2072 4007 2124 καὶ

2443 2158 2716 2227 βασιλείας
2741 2159 2800 2210 τὸ
2831 2160 3085 2230 διάφορον
3110 2162 3266 2213 οὐδὲν
3290 2162 3322 2233 ἦ
3354 2162 3446 2213 καὶ
3474 2162 3653 2229 ὀλίγον
3686 2158 3822 2215 εἶναι
3874 2163 3994 2213 ελε-

2439 2265 2554 2315 γεν,
2579 2251 2635 2299 έν
2665 2248 2720 2300 δέ
2748 2265 2811 2315 γε
2842 2252 2953 2310 τοῖς
3001 2252 3345 2320 τιμιωτέροις
3405 2252 3497 2304 καὶ
3540 2253 3599 2304 τὸ
3653 2253 3813 2304 πλέον
3862 2252 4001 2323 τάχα

2443 2342 2535 2392 καὶ
2576 2341 2836 2410 ἐρίτιμον.
2903 2341 3085 2393 Ταῦτα
3130 2342 3185 2394 δὲ
3230 2343 3259 2395 ὀ
3322 2342 3573 2411 βασιλεὺς
3620 2344 4006 2412 ένωτιζὸμενος

2443 2434 2534 2485 ὑπ’
2590 2434 2776 2486 ὀδόντα
2828 2434 3136 2503 λαλούμενα
3185 2435 3416 2487 ἔσπευσε
3477 2437 3673 2503 μᾶλλον
3720 2437 3914 2504 δρᾶσαι
3971 2436 4004 2504 ἢ

2442 2521 2654 2573 παθεῖν.
2698 2520 2862 2573 Ὅθεν
2884 2522 2983 2589 τῆς
3046 2522 3152 2574 τῶν
3220 2524 3576 2592 ἀρχαγγέλων
3638 2524 4006 2592 ἐφισταμένης

2442 2612 2637 2679 ἑορτῆς
2708 2612 2872 2675 ἔξεισι
2926 2612 3023 2679 μὲν
3062 2615 3090 2665 ὁ
3132 2614 3478 2683 πατριάρχης
3533 2614 3612 2674 είς
3669 2614 3729 2665 τὸ
3782 2614 3887 2683 πρὸ
3910 2613 4006 2677 τῆς

2444 2702 2650 2765 πόλεως
2703 2702 2999 2771 φιλοτίμως
3043 2703 3113 2756 τά
3144 2707 3240 2772 τῆς
3274 2706 3466 2772 ἑορτῆς
3512 2706 3795 2757 ἐκτελέσαι
3849 2721 4009 2757 σπου-

2443 2794 2619 2858 δάζων
2646 2811 2658 2825 ⁸
2707 2796 2735 2846 ὁ
2791 2796 2847 2847 δὲ
2886 2794 3135 2863 βασιλεὺς
3179 2797 3270 2846 τὸν
3294 2799 3482 2865 καιρὸν
3520 2797 3594 2860 ὡς
3636 2799 3863 2866 ἕρμαιον
3906 2798 4005 2865 ἀρα

2445 2885 2646 2945 πάσας,
2691 2884 2775 2936 ἴνα
2815 2881 2887 2953 μὴ
2918 2885 3144 2955 θόρυϐος
3172 2887 3261 2938 καὶ
3286 2886 3522 2955 τάραχος
3577 2888 3799 2957 γένηται
3861 2888 4011 2939 ὑπει-

2443 2975 2687 3041 δόμενος,
2729 2978 2911 3041 στῖφος
2975 2975 3359 3043 στρατιωτικὸν
3405 2977 3733 3038 ἀποστείλας
3768 2978 4007 3045 (Βαράγ-

2450 3083 2574 3132 γους
2620 3067 2978 3134 (5)αὑτοὺςή
3021 3067 3169 3133 κοινὴ
3196 3066 3448 3133 ὀνομάζει
3494 3066 3789 3137 διάλεκτος)
3839 3069 4009 3137 ἀνάρ-

782 3183 954 3237 usque
986 3168 1053 3221 ad
1082 3167 1232 3220 littus
1258 3164 1401 3234 quod
1424 3174 1508 3219 est
1538 3166 1593 3218 in
1626 3162 1945 3219 Blachernis
2006 3165 2343 3233 itnpelleutcs
2371 3204 2413 3258 ϐ
2448 3175 2523 3208 πα

2264 3173 2343 3217 (cs
2371 3204 2413 3258 Ο
2448 3173 2652 3258 παιστον
2687 3159 2749 3258 ἐκ
2777 3157 2867 3208 τοῦ
2897 3158 3087 3258 θρδνου
3131 3157 3465 3258 άτίμωςιμ).
3510 3158 3653 3258 8091.
3697 3158 4006 3258 ἐπαίρουσι,

780 3262 1141 3322 deduxerunt,
1183 3266 1237 3311 et
1264 3257 1440 3326 ipsum
1465 3263 1519 3310 et
1549 3255 1826 3324 patrueles
1855 3255 1996 3324 ejus,
2027 3264 2190 3323 atque
2222 3256 2345 3309 inde

783 3352 965 3404 lembo
1010 3348 1325 3419 impositum
1366 3346 1432 3400 ad
1465 3346 1899 3411 Proconnesum,
1934 3357 1995 3399 ut
2047 3346 2345 3409 essnlaret,

782 3441 1187 3512 perducendum
1214 3448 1430 3493 curant.
1463 3437 1583 3507 Ipse
1610 3452 1735 3492 cum
1764 3438 2039 3507 aliquibus
2074 3447 2348 3506 metropo-

785 3536 897 3589 litis
931 3533 1237 3587 collocutus
1275 3539 1331 3585 et
1380 3529 1449 3584 de
1474 3528 1593 3599 ipso
1624 3528 1933 3583 abdicando
1963 3568 1977 3592 ,
2003 3529 2346 3597 spectatissi-

787 3625 889 3677 mis
917 3624 1159 3692 ipsorum
1190 3623 1378 3679 electis
1406 3638 1596 3678 eorum
1628 3638 1794 3693 opera
1817 3623 2035 3677 nuntiat
2060 3633 2119 3677 ut
2167 3623 2351 3677 archi-

784 3715 1155 3785 episcopatum
1196 3714 1453 3784 deponat,
1487 3714 1805 3784 priusquam
1852 3714 2029 3783 ipsum
2080 3728 2200 3767 cum
2252 3713 2350 3767 de—

786 3805 984 3860 decore
1029 3805 1262 3868 amittat,
1327 3805 1396 3859 iis
1460 3819 1582 3873 qua:
1641 3813 1832 3859 contra
1890 3807 2066 3873 ipsum
2133 3804 2350 3858 decreta

787 3906 939 3951 erant
975 3896 1237 3967 expositis
1286 3903 1341 3950 et
1394 3894 1700 3965 propalatis
1730 3894 1953 3965 synodis
2012 3905 2063 3949 et
2096 3894 2349 3949 concilio.

792 3988 898 4044 Sed
931 4003 1054 4043 cum
1085 3988 1223 4056 ipsis
1257 3988 1410 4041 visus
1431 3996 1580 4043 esset
1612 3986 1886 4057 ejusmodi
1918 3986 2012 4056 qui
2047 3987 2351 4056 expugnari

792 4091 846 4135 et
880 4080 1110 4150 deprimi
1145 4095 1253 4134 non
1278 4087 1489 4149 posset,
1544 4088 1810 4147 quantum
1861 4079 1928 4133 ad
1990 4080 2165 4148 ipsum
2229 4079 2354 4132 atti-

796 4174 981 4237 nebat,
1010 4171 1293 4240 desperata
1326 4170 1430 4224 fuit
1467 4169 1738 4239 depositio
1768 4169 2099 4234 sacerdotii;
2143 4167 2210 4223 de
2247 4182 2353 4237 qua

798 4267 1125 4338 imperatore
1156 4261 1379 4321 assidue
1410 4263 1705 4335 cogitante,
1772 4262 1977 4315 interea
2015 4264 2181 4313 vitam
2232 4275 2355 4314 cum

795 4369 970 4415 morte
1021 4359 1328 4429 patriarcha
1414 4358 1706 4427 tranquille
1786 4361 2109 4411 commutat.
2188 4351 2357 4421 Cujus

799 4466 1002 4519 corpus
1030 4452 1346 4518 imperator,
1393 4448 1535 4516 quod
1585 4449 1761 4517 ipsum
1830 4446 1941 4516 jam
2005 4444 2354 4515 pmnituerat,

2449 3249 2540 3299 καὶ
2598 3247 2807 3317 ἡμιόνῳ
2871 3246 3191 3307 καθίσαντες
3238 3247 3569 3298 συνήλαυνον
3624 3248 3752 3316 ἄχρι
3798 3248 3896 3313 τῆς
3953 3248 4009 3297 ὲν

2447 3337 2616 3405 Βλαχέ
2626 3354 2772 3405 ρναις
2795 3336 2969 3403 ἀκτῆς
3000 3336 3162 3387 αὐτόν
3187 3352 3244 3387 τε
3268 3335 3362 3387 καὶ
3384 3337 3509 3397 τοὺς
3540 3334 3791 3404 ἀνεψιοὺς
3820 3334 4009 3395 αὐτοῦ,

2447 3426 2653 3478 ἐκεῖθεν
2701 3442 2760 3476 τε
2816 3424 2999 3494 λέμϐῳ
3075 3424 3415 3493 ἐμϐληθέντα
3468 3427 3545 3487 είς
3615 3426 4010 3493 Προικόννησον

2449 3514 2836 3586 περιορίζουσι.
2891 3513 3422 3582 Κοινολογησάμενος
3449 3513 3505 3565 δέ
3546 3529 3655 3565 τισι
3728 3515 3836 3565 τῶν
3901 3529 4010 3582 μη-

2447 3606 2782 3675 τροπολιτῶν
2807 3606 2897 3657 καὶ
2921 3605 3045 3674 περὶ
3078 3605 3175 3671 τῆς
3208 3604 3374 3657 αὑτοῦ
3405 3606 3775 3675 καθαιρέσεως
3802 3604 4012 3657 συνδιαο

2451 3699 2807 3765 σκεψάμενος,
2840 3695 2962 3757 τοὺς
2987 3696 3340 3765 λογιωτέρους
3389 3696 3572 3749 αὐτῶν
3626 3695 4012 3764 ἐπιλεξάμενος

2450 3788 2599 3856 δηλοῖ
2642 3787 2709 3840 δι’
2758 3787 2936 3839 αὐτῶν
2961 3786 3258 3840 ἀποθέσθαι
3290 3788 3388 3855 τὴν
3412 3787 3845 3857 ἀρχιερωσύνην.
3881 3788 4012 3857 πρὶν

2452 3884 2517 3937 ἂν
2552 3883 2762 3951 ἀτίμως
2796 3881 2964 3951 αὐτὴν
2994 3881 3332 3949 άποϐάληται
3376 3882 3575 3951 συνόδῳ
3627 3883 3719 3935 καὶ
3776 3881 4013 3949 συλλόγῳ

3603 3974 3900 4035 ’Δνάλωτος
3956 3973 4015 4025 δὲ

2454 4065 2663 4126 τούτοις
2707 4064 2893 4130 ὀφθεὶς
2946 4065 3039 4117 καὶ
3067 4065 3455 4126 ἀταπείνωτος,
3500 4062 3568 4116 τά
3607 4079 3669 4129 γε
3725 4062 3810 4113 ἐπ’
3866 4061 4017 4131 αὐτῷ

2454 4154 2774 4220 ἀπέγνωστο
2797 4152 2942 4221 αὑτῷ
2977 4154 3005 4220 ἡ
3053 4151 3392 4220 καθαίρεσις.
3440 4152 3816 4221 Φροντίξοντος
3844 4150 3898 4202 δὲ
3920 4150 4012 4200 τοῦ

2461 4248 2721 4319 βασιλέως
2757 4248 2883 4316 περὶ
2911 4246 3114 4313 ταύτης
3146 4244 3427 4313 διηνεκῶς,
3486 4246 3541 4297 ὲν
3569 4244 3644 4313 τῷ
3709 4245 3857 4313 μέσῳ
3892 4260 4019 4312 μετ-

2458 4338 2706 4391 αλλάττει
2770 4336 2862 4387 τὸν
2898 4334 3009 4404 βίον
3048 4336 3075 4388 ὁ
3104 4334 3449 4403 πατριάρχης
3511 4331 3821 4402 είρηνικῶς.
3860 4330 3920 4385 Ὀ
3957 4332 4015 4383 δὲ

2464 4431 2712 4502 βασιλεὺς
2746 4429 3001 4498 μετανοίᾳ
3037 4428 3250 4496 βληθεὶς
3286 4428 3346 4478 τὸ
3396 4424 3554 4493 σῶμα
3583 4423 3749 4477 αὺτοῦ
3807 4423 4016 4489 εἰσάγει

2452 3975 2565 4028 τῶν
2630 3973 2746 4026 κατ’
2796 3973 2959 4025 αὑτοῦ
3026 3973 3509 4043 δημοσιευθέντων.

798 4539 1095 4596 honoriﬁce
1130 4540 1531 4609 importandum
1561 4546 1616 4594 et
1658 4539 1712 4593 in
1758 4553 1859 4593 suo
1900 4537 2235 4592 monasterio
2267 4550 2351 4588 reo
2388 4544 2431 4601 ι)
2462 4526 2545 4577 ὲντ

2271 4550 2351 4588 ι-θ.
2388 4544 2431 4601 D
2462 4523 2692 4592 ἐντίμως
2722 4522 2812 4573 καὶ
2844 4522 2908 4588 τῇ
2942 4520 3075 4587 μονῇ
3111 4516 3276 4569 αὑτοῦ
3329 4515 3667 4577 ἀποτίθεται,
3723 4515 4018 4581 ἐκπλαγεὶς

796 4631 1107 4700 ponendum
1143 4641 1321 4696 curat,
1355 4631 1638 4699 perculsus
1675 4645 1740 4685 eo
1774 4628 2042 4684 miraculo
2083 4626 2231 4697 quod
2263 4640 2355 4681 ac-

795 4726 1023 4786 ciderat,
1053 4723 1295 4789 nonipse
1327 4723 1485 4777 modo
1511 4723 1604 4777 sed
1665 4736 1857 4777 omnes
1919 4721 2010 4790 qui
2069 4734 2191 4774 cum
2233 4720 2352 4788 ipso

796 4820 971 4865 erant.
1005 4808 1137 4864 Nam
1160 4808 1354 4875 dextra
1386 4809 1705 4879 patriarchae
1732 4822 1927 4862 manus
1957 4808 2009 4861 in
2052 4805 2234 4860 crucis
2291 4804 2351 4857 li-

2460 4617 2551 4670 ὲπὶ
2571 4614 2647 4683 τῷ
2679 4612 2943 4681 συμϐάντι
2964 4610 3202 4678 θαύματι
3241 4609 3398 4669 αὑτός
3433 4624 3490 4659 τε
3517 4607 3607 4658 καὶ
3637 4608 3684 4657 οί
3720 4606 3815 4657 σὺν
3838 4605 4015 4673 αὐτῷ·

2461 4711 2495 4776 ὴ
2529 4706 2635 4775 γὰρ
2682 4703 2803 4771 χεὶρ
2853 4699 3057 4769 ηδεξιά
3117 4699 3211 4750 τοῦ
3269 4697 3607 4764 πατριάρχου
3664 4693 4021 4762 σταυροειδὼς

2462 4795 2891 4868 σχηματισθεῖσα
2943 4790 3055 4861 (l),
3108 4784 3141 4862 ᾖ
3198 4789 3314 4846 ἔθος
3368 4788 3606 4855 εὐλογεῖν
3664 4784 4018 4854 ἐπιφωνοῦντι

2091 4913 2319 4969 JACOBI
2354 4909 2560 4968 GOARI
2595 4906 2820 4964 ΝΟΤΑΞ.

872 5018 950 5089 (2)
984 5015 1238 5073 Abundat
1264 5012 1520 5089 loquendi
1557 5012 1881 5089 Griecorum
1930 5026 2065 5067 usus
2124 5024 2347 5089 proser-

798 5080 943 5152 biié,
998 5102 1141 5155 quos
1212 5080 1413 5154 μύθους
1469 5092 1684 5138 vocant.
1752 5084 1808 5136 In
1868 5080 2349 5155 liocpartieulam

798 5162 873 5214 ἐῶ
926 5151 1311 5228 ίὰέρτιιναῐαιη
1364 5170 1585 5228 censeo.
1644 5151 2065 5228 cunt,_nonnisi
2114 5152 2207 5228 qui
2262 5162 2356 5228 ore

796 5238 927 5284 sunt
956 5222 1143 5288 blaeso,
1220 5226 1280 5277 τὸ
1298 5224 1407 5290 ἐγώ
1436 5226 1597 5278 etiam
1634 5222 1823 5275 rustici
1870 5223 2225 5289 pronuntient
2276 5222 2359 5269 in-

806 5300 1121 5367 tegerrime.
1192 5294 1479 5367 Particula}
1510 5293 1598 5367 ἵνα
1630 5293 1714 5345 vel
1769 5291 1845 5367 _vt_i
1888 5291 2237 5367 quandoque,
2298 5295 2358 5338 nt

799 5359 913 5429 hic,
945 5367 1108 5419 futuri
1134 5373 1260 5418 nota
1291 5372 1394 5418 est.
1426 5362 1663 5416 Verbum
1698 5360 1842 5428 χαλῶ
1858 5359 2035 5427 perdo,
2058 5372 2357 5422 corrumpe,

797 5439 1038 5496 destruo,
1066 5436 1252 5503 dejicio
1282 5433 1644 5503 communiter
1674 5431 1963 5503 signiﬁcat.

870 5507 947 5577 (3)
996 5497 1282 5577 Βάγέιγγοι
1312 5504 1465 5577 quasi
1496 5502 1645 5555 dicas
1683 5501 1944 5577 φράγγοι,
1973 5498 2163 5577 scribit
2188 5497 2351 5551 Gret-

801 5567 960 5630 serus
992 5567 1387 5627 in-Codinum.
1438 5574 1509 5624 At
1562 5567 1739 5639 quasi
1782 5570 1992 5621 divinat
2040 5567 2353 5632 Gretserns,

798 5646 893 5714 qui
935 5644 1157 5713 Anglos,
1190 5641 1505 5714 Grmcorum
1539 5641 1857 5714 auxiliarios
1910 5648 1963 5692 et
2010 5640 2353 5714 imperatoris

798 5709 1113 5766 satellitium
1181 5712 1262 5765 vel
1330 5712 1525 5764 \'irltlle
1591 5709 2049 5779 promeritusgvel
2102 5709 2164 5757 ad
2224 5709 2354 5761 illud

803 5786 969 5837 missa
1055 5782 1321 5852 legatione
1395 5777 1723 5837 advocatos,
1809 5777 2152 5853 Bapéyyou;_
2199 5782 2353 5853 quasi

796 5848 1372 5923 Φράγγουςἰὀο;ιιοδ
1432 5858 1639 5905 censet.
1690 5855 1767 5902 An
1832 5865 1935 5902 non
2002 5848 2358 5903 occidentalis

2461 5006 2711 5075 quilibet,
2772 5001 2977 5061 Gallus,
3033 4996 3551 5061 ltalus,Germanns
3581 4995 3785 5049 Grmcis
3847 4997 4023 5105 Φράγ-

2461 5093 2553 5105 ..λα
2588 5076 2610 5105 9
2664 5089 2762 5105 ιη..-
2820 5071 3099 5105 Ωηιπμιννηρ
3176 5068 3377 5105 Anulus
3405 5068 3557 5105 nnnci
3614 5067 3861 5105 Φηᾶνγη-
3948 5069 4018 5105 νγ

2460 5067 2553 5142 ¹γος
2588 5076 2610 5127 ?
2664 5089 2762 5125 cur
2819 5071 3099 5139 Βαράγγος
3169 5068 3377 5142 Anglus
3405 5068 3575 5142 quasi
3614 5067 3909 5142 (lipa'tyyog?
3948 5069 4020 5120 lix

2467 5134 2701 5198 Matthxi
2736 5134 3207 5206 Paris'Anglorum
3270 5136 3511 5188 historici
3562 5134 3737 5188 lexico
3799 5138 4019 5206 etluceo.

2465 5215 2846 5282 Barauagium.
2886 5213 2980 5271 ait,
3004 5204 3131 5282 Vsive
3168 5206 3475 5273 barimgium
3500 5243 3513 5265 ,
3553 5207 3692 5275 quod
3716 5213 3768 5257 et
3796 5204 4023 5282 barrina-

2468 5288 2633 5355 gium,
2659 5278 2942 5351 procerum
2967 5279 3118 5355 regni
3155 5286 3377 5355 senatus
3406 5282 3563 5355 estet
3622 5284 3818 5355 σφωε,
3859 5278 4021 5355 uulgo

2468 5344 2877 5416 imrlanientum,
2912 5363 2939 5399 a
2967 5344 3124 5415 cujus
3155 5346 3436 5416 nobilitate
3476 5344 3840 5416 stipe_ndiarii_
3871 5344 4018 5398 Grae-

2455 5413 2643 5477 corum
2676 5422 2855 5487 Angli,
2905 5413 3097 5469 vanam
3156 5415 3447 5487 titulorunt
3499 5413 4021 5487 libidinentGrj'ca-

2458 5496 2583 5547 nico
2618 5481 3005 5545 more'sectali,
3040 5500 3234 5537 nomen
3272 5484 3373 5535 sibi
3422 5481 3712 5550 βαράγγων
3748 5484 3797 5533 in
3856 5482 4021 5536 Curia

2456 5565 2565 5617 Cl‘.
2604 5562 2877 5613 ﬁtixerunt
2910 5565 2960 5609 et
2985 5551 3622 5620 adapmnuntBnrnngos
3662 5568 3822 5619 porro
3853 5553 4024 5605 fuisse

2459 5634 2666 5697 Anglos
2704 5645 2808 5680 non
2843 5624 3151 5697 dissimulat
3180 5622 3742 5697 Cndjltlts,qul_gl_ialli
3780 5637 3873 5675 eos
3916 5624 4021 5689 Ἰγ-

2459 5690 2687 5770 γλινιστί
2730 5700 3009 5764 loquentes
3038 5693 3261 5770 inducit.
3292 5690 3424 5743 Vide
3462 5707 3510 5754 [ι.

2532 5774 2608 5837 (4)
2642 5760 3028 5823 Οοιιίότιηιιιυτ
3061 5764 3391 5837 irt__crttcein_
3416 5762 3685 5837 pontii-iris
3718 5760 3797 5811 w-l
3846 5774 4025 5837 sacer-

2460 5830 2603 5897 dotis
2637 5852 2858 5902 manus,
2887 5849 3007 5888 cum
3031 5832 3223 5900 pollice
3256 5830 3431 5885 medio
3482 5831 3647 5901 digito
3673 5834 4017 5899 superposito
