  <div class='ocr_page' id='page_1' title='image "/cluster/home/n/w/nwhite01/storage/ocr_20150623/122/nnc1.0046979611/192.png"; bbox 0 0 4424 6450; ppageno 0'>
   <div class='ocr_carea' id='block_1_1' title="bbox 412 515 1856 591">
    <p class='ocr_par' dir='ltr' id='par_1_1' title="bbox 412 515 1856 591">
     <span class='ocr_line' id='line_1_1' title="bbox 412 515 1856 591; baseline -0.003 -16"><span class='ocrx_word' id='word_1_1' title='bbox 412 524 492 591; x_wconf 80' lang='grc' dir='ltr'>τῷ</span> <span class='ocrx_word' id='word_1_2' title='bbox 533 519 642 590; x_wconf 69' lang='grc' dir='ltr'>λαῷ</span> <span class='ocrx_word' id='word_1_3' title='bbox 689 518 784 588; x_wconf 75' lang='grc' dir='ltr'><strong>τὴν</strong></span> <span class='ocrx_word' id='word_1_4' title='bbox 819 517 1036 588; x_wconf 77' lang='grc' dir='ltr'>εἰρήνην</span> <span class='ocrx_word' id='word_1_5' title='bbox 1068 515 1168 585; x_wconf 79' lang='lat'><strong>(5),</strong></span> <span class='ocrx_word' id='word_1_6' title='bbox 1201 516 1507 587; x_wconf 76' lang='grc' dir='ltr'><strong>μεμένηκεν</strong></span> <span class='ocrx_word' id='word_1_7' title='bbox 1560 517 1856 587; x_wconf 80' lang='grc' dir='ltr'><strong>ἄτρεπτος,</strong></span> 
     </span>
    </p>
   </div>
   <div class='ocr_carea' id='block_1_2' title="bbox 415 607 1984 680">
    <p class='ocr_par' dir='ltr' id='par_1_2' title="bbox 415 607 1984 680">
     <span class='ocr_line' id='line_1_2' title="bbox 415 607 1984 680; baseline -0.003 -14"><span class='ocrx_word' id='word_1_8' title='bbox 415 611 866 666; x_wconf 80' lang='grc' dir='ltr'>συναλλοιωοεῖσα</span> <span class='ocrx_word' id='word_1_9' title='bbox 917 612 981 679; x_wconf 80' lang='grc' dir='ltr'>τῇ</span> <span class='ocrx_word' id='word_1_10' title='bbox 1033 607 1298 677; x_wconf 85' lang='grc' dir='ltr'>νεκρώσει</span> <span class='ocrx_word' id='word_1_11' title='bbox 1347 609 1440 660; x_wconf 85' lang='grc' dir='ltr'><strong>τοῦ</strong></span> <span class='ocrx_word' id='word_1_12' title='bbox 1513 609 1784 678; x_wconf 74' lang='grc' dir='ltr'>σώματος.</span> <span class='ocrx_word' id='word_1_13' title='bbox 1846 613 1984 680; x_wconf 83' lang='grc' dir='ltr'>Προ-</span> 
     </span>
    </p>
   </div>
   <div class='ocr_carea' id='block_1_3' title="bbox 411 698 1982 772">
    <p class='ocr_par' dir='ltr' id='par_1_3' title="bbox 411 698 1982 772">
     <span class='ocr_line' id='line_1_3' title="bbox 411 698 1982 772; baseline 0 -18"><span class='ocrx_word' id='word_1_14' title='bbox 411 704 708 772; x_wconf 78' lang='grc' dir='ltr'>χειρίζεται</span> <span class='ocrx_word' id='word_1_15' title='bbox 737 701 794 754; x_wconf 69' lang='grc' dir='ltr'>δὲ</span> <span class='ocrx_word' id='word_1_16' title='bbox 819 700 932 754; x_wconf 82' lang='grc' dir='ltr'>ἀντ’</span> <span class='ocrx_word' id='word_1_17' title='bbox 959 698 1124 752; x_wconf 79' lang='grc' dir='ltr'>αὐτοῦ</span> <span class='ocrx_word' id='word_1_18' title='bbox 1162 699 1510 770; x_wconf 74' lang='grc' dir='ltr'><strong>πατριάρχης</strong></span> <span class='ocrx_word' id='word_1_19' title='bbox 1579 703 1982 764; x_wconf 83' lang='grc' dir='ltr'>Κωνσταντίνος</span> 
     </span>
    </p>
   </div>
   <div class='ocr_carea' id='block_1_4' title="bbox 414 789 1980 864">
    <p class='ocr_par' dir='ltr' id='par_1_4' title="bbox 414 789 1980 864">
     <span class='ocr_line' id='line_1_4' title="bbox 414 789 1980 864; baseline -0.004 -16"><span class='ocrx_word' id='word_1_20' title='bbox 414 793 675 864; x_wconf 83' lang='grc' dir='ltr'>πρόεδρος</span> <span class='ocrx_word' id='word_1_21' title='bbox 700 793 791 845; x_wconf 71' lang='grc' dir='ltr'><strong>καὶ</strong></span> <span class='ocrx_word' id='word_1_22' title='bbox 831 789 1328 860; x_wconf 81' lang='grc' dir='ltr'>πρωτοσεστιάριος</span> <span class='ocrx_word' id='word_1_23' title='bbox 1351 793 1378 844; x_wconf 84' lang='grc'>6</span> <span class='ocrx_word' id='word_1_24' title='bbox 1437 790 1752 859; x_wconf 84' lang='grc' dir='ltr'>Λειχούδης,</span> <span class='ocrx_word' id='word_1_25' title='bbox 1787 792 1980 859; x_wconf 87' lang='grc' dir='ltr'>πρότε-</span> 
     </span>
    </p>
   </div>
   <div class='ocr_carea' id='block_1_5' title="bbox 417 879 1983 956">
    <p class='ocr_par' dir='ltr' id='par_1_5' title="bbox 417 879 1983 956">
     <span class='ocr_line' id='line_1_5' title="bbox 417 879 1983 956; baseline -0.003 -19"><span class='ocrx_word' id='word_1_26' title='bbox 417 903 510 956; x_wconf 87' lang='grc' dir='ltr'><strong>ρον</strong></span> <span class='ocrx_word' id='word_1_27' title='bbox 533 885 712 951; x_wconf 74' lang='grc' dir='ltr'>ψήφου</span> <span class='ocrx_word' id='word_1_28' title='bbox 761 881 1049 951; x_wconf 78' lang='grc' dir='ltr'>προδάσης</span> <span class='ocrx_word' id='word_1_29' title='bbox 1077 879 1162 933; x_wconf 78' lang='grc' dir='ltr'>ἐπ’</span> <span class='ocrx_word' id='word_1_30' title='bbox 1202 880 1351 950; x_wconf 86' lang='grc' dir='ltr'>αύτῷ</span> <span class='ocrx_word' id='word_1_31' title='bbox 1394 881 1543 949; x_wconf 88' lang='grc' dir='ltr'><strong>παρά</strong></span> <span class='ocrx_word' id='word_1_32' title='bbox 1573 880 1680 932; x_wconf 88' lang='grc' dir='ltr'><strong>τῶν</strong></span> <span class='ocrx_word' id='word_1_33' title='bbox 1710 898 1983 952; x_wconf 87' lang='grc' dir='ltr'>μητροπο-</span> 
     </span>
    </p>
   </div>
   <div class='ocr_carea' id='block_1_6' title="bbox 413 968 1982 1040">
    <p class='ocr_par' dir='ltr' id='par_1_6' title="bbox 413 968 1982 1040">
     <span class='ocr_line' id='line_1_6' title="bbox 413 968 1982 1040; baseline -0.002 -16"><span class='ocrx_word' id='word_1_34' title='bbox 413 973 572 1024; x_wconf 74' lang='grc' dir='ltr'>λιτῶν</span> <span class='ocrx_word' id='word_1_35' title='bbox 609 969 819 1023; x_wconf 75' lang='grc' dir='ltr'>καὶτοῦ</span> <span class='ocrx_word' id='word_1_36' title='bbox 851 970 1053 1038; x_wconf 85' lang='grc' dir='ltr'>κλήρου</span> <span class='ocrx_word' id='word_1_37' title='bbox 1103 970 1198 1022; x_wconf 78' lang='grc' dir='ltr'>καὶ</span> <span class='ocrx_word' id='word_1_38' title='bbox 1263 968 1357 1022; x_wconf 81' lang='grc' dir='ltr'><strong>τοῦ</strong></span> <span class='ocrx_word' id='word_1_39' title='bbox 1391 969 1520 1022; x_wconf 84' lang='grc' dir='ltr'>λαοῦ</span> <span class='ocrx_word' id='word_1_40' title='bbox 1555 970 1776 1034; x_wconf 76' lang='grc' dir='ltr'>παντὸς,</span> <span class='ocrx_word' id='word_1_41' title='bbox 1844 972 1982 1040; x_wconf 74' lang='grc' dir='ltr'>ἀνὴρ</span> 
     </span>
    </p>
   </div>
   <div class='ocr_carea' id='block_1_7' title="bbox 419 1056 1984 1130">
    <p class='ocr_par' dir='ltr' id='par_1_7' title="bbox 419 1056 1984 1130">
     <span class='ocr_line' id='line_1_7' title="bbox 419 1056 1984 1130; baseline -0.005 -17"><span class='ocrx_word' id='word_1_42' title='bbox 419 1061 673 1130; x_wconf 87' lang='grc' dir='ltr'>μέγιστον</span> <span class='ocrx_word' id='word_1_43' title='bbox 739 1057 1048 1125; x_wconf 73' lang='grc' dir='ltr'>δεαλάμψας</span> <span class='ocrx_word' id='word_1_44' title='bbox 1104 1057 1214 1117; x_wconf 82' lang='grc' dir='ltr'>τοῖς</span> <span class='ocrx_word' id='word_1_45' title='bbox 1299 1056 1596 1125; x_wconf 71' lang='grc' dir='ltr'><strong>βασιλικοῖς</strong></span> <span class='ocrx_word' id='word_1_46' title='bbox 1666 1056 1984 1125; x_wconf 81' lang='grc' dir='ltr'><strong>πράγμασιν</strong></span> 
     </span>
    </p>
   </div>
   <div class='ocr_carea' id='block_1_8' title="bbox 413 1147 1981 1218">
    <p class='ocr_par' dir='ltr' id='par_1_8' title="bbox 413 1147 1981 1218">
     <span class='ocr_line' id='line_1_8' title="bbox 413 1147 1981 1218; baseline -0.005 -12"><span class='ocrx_word' id='word_1_47' title='bbox 413 1152 522 1206; x_wconf 83' lang='grc' dir='ltr'>ἀπό</span> <span class='ocrx_word' id='word_1_48' title='bbox 568 1168 627 1202; x_wconf 82' lang='grc' dir='ltr'><strong>τε</strong></span> <span class='ocrx_word' id='word_1_49' title='bbox 689 1149 782 1201; x_wconf 82' lang='grc' dir='ltr'><strong>τοῦ</strong></span> <span class='ocrx_word' id='word_1_50' title='bbox 837 1148 1164 1218; x_wconf 84' lang='grc' dir='ltr'>Μονομάχου</span> <span class='ocrx_word' id='word_1_51' title='bbox 1219 1147 1312 1200; x_wconf 70' lang='lat' dir='ltr'><strong>xai</strong></span> <span class='ocrx_word' id='word_1_52' title='bbox 1383 1149 1546 1216; x_wconf 84' lang='grc' dir='ltr'>μέχρι</span> <span class='ocrx_word' id='word_1_53' title='bbox 1606 1147 1700 1200; x_wconf 74' lang='grc' dir='ltr'>τοῦ</span> <span class='ocrx_word' id='word_1_54' title='bbox 1767 1147 1981 1214; x_wconf 76' lang='grc' dir='ltr'>καιροῦ,</span> 
     </span>
    </p>
   </div>
   <div class='ocr_carea' id='block_1_9' title="bbox 415 1235 1986 1310">
    <p class='ocr_par' dir='ltr' id='par_1_9' title="bbox 415 1235 1986 1310">
     <span class='ocr_line' id='line_1_9' title="bbox 415 1235 1986 1310; baseline -0.005 -16"><span class='ocrx_word' id='word_1_55' title='bbox 415 1244 508 1295; x_wconf 79' lang='grc' dir='ltr'><strong>καὶ</strong></span> <span class='ocrx_word' id='word_1_56' title='bbox 567 1240 707 1310; x_wconf 87' lang='grc' dir='ltr'>μέγα</span> <span class='ocrx_word' id='word_1_57' title='bbox 769 1238 920 1299; x_wconf 80' lang='grc' dir='ltr'>κλέος</span> <span class='ocrx_word' id='word_1_58' title='bbox 960 1239 1053 1290; x_wconf 73' lang='grc' dir='ltr'>ἐπὶ</span> <span class='ocrx_word' id='word_1_59' title='bbox 1088 1235 1166 1306; x_wconf 85' lang='grc' dir='ltr'>τῷ</span> <span class='ocrx_word' id='word_1_60' title='bbox 1220 1235 1486 1306; x_wconf 85' lang='grc' dir='ltr'>μεσασμῷ</span> <span class='ocrx_word' id='word_1_61' title='bbox 1537 1237 1634 1304; x_wconf 83' lang='grc' dir='ltr'><strong>τῆς</strong></span> <span class='ocrx_word' id='word_1_62' title='bbox 1688 1237 1794 1288; x_wconf 89' lang='grc' dir='ltr'><strong>τῶν</strong></span> <span class='ocrx_word' id='word_1_63' title='bbox 1850 1237 1986 1288; x_wconf 74' lang='grc' dir='ltr'>ὅλων</span> 
     </span>
    </p>
   </div>
   <div class='ocr_carea' id='block_1_10' title="bbox 411 1329 1988 1402">
    <p class='ocr_par' dir='ltr' id='par_1_10' title="bbox 411 1329 1988 1402">
     <span class='ocr_line' id='line_1_10' title="bbox 411 1329 1988 1402; baseline -0.004 -17"><span class='ocrx_word' id='word_1_64' title='bbox 411 1333 727 1402; x_wconf 81' lang='grc' dir='ltr'><strong>διοικήσεως</strong></span> <span class='ocrx_word' id='word_1_65' title='bbox 759 1330 1200 1399; x_wconf 80' lang='grc' dir='ltr'><strong>ἀπενεγκάμενος</strong></span> <span class='ocrx_word' id='word_1_66' title='bbox 1253 1331 1348 1382; x_wconf 71' lang='grc' dir='ltr'>καὶ</span> <span class='ocrx_word' id='word_1_67' title='bbox 1412 1331 1511 1398; x_wconf 83' lang='grc' dir='ltr'><strong>τῆς</strong></span> <span class='ocrx_word' id='word_1_68' title='bbox 1537 1329 1645 1381; x_wconf 88' lang='grc' dir='ltr'><strong>τῶν</strong></span> <span class='ocrx_word' id='word_1_69' title='bbox 1678 1330 1988 1396; x_wconf 78' lang='grc' dir='ltr'>Μαγγάνων</span> 
     </span>
    </p>
   </div>
   <div class='ocr_carea' id='block_1_11' title="bbox 414 1418 1990 1493">
    <p class='ocr_par' dir='ltr' id='par_1_11' title="bbox 414 1418 1990 1493">
     <span class='ocr_line' id='line_1_11' title="bbox 414 1418 1990 1493; baseline -0.004 -17"><span class='ocrx_word' id='word_1_70' title='bbox 414 1423 695 1493; x_wconf 80' lang='grc' dir='ltr'><strong>προνοίας,</strong></span> <span class='ocrx_word' id='word_1_71' title='bbox 753 1422 847 1475; x_wconf 81' lang='grc' dir='ltr'><strong>καί</strong></span> <span class='ocrx_word' id='word_1_72' title='bbox 897 1421 1005 1474; x_wconf 87' lang='grc' dir='ltr'><strong>τῶν</strong></span> <span class='ocrx_word' id='word_1_73' title='bbox 1056 1420 1441 1488; x_wconf 81' lang='grc' dir='ltr'><strong>δικαιωμάτων</strong></span> <span class='ocrx_word' id='word_1_74' title='bbox 1500 1418 1675 1487; x_wconf 79' lang='grc' dir='ltr'>φύλαξ</span> <span class='ocrx_word' id='word_1_75' title='bbox 1705 1419 1780 1488; x_wconf 80' lang='grc'><strong>(6)</strong></span> <span class='ocrx_word' id='word_1_76' title='bbox 1838 1419 1990 1486; x_wconf 88' lang='grc' dir='ltr'><strong>παρά</strong></span> 
     </span>
    </p>
   </div>
   <div class='ocr_carea' id='block_1_12' title="bbox 415 1511 1992 1584">
    <p class='ocr_par' dir='ltr' id='par_1_12' title="bbox 415 1511 1992 1584">
     <span class='ocr_line' id='line_1_12' title="bbox 415 1511 1992 1584; baseline -0.004 -17"><span class='ocrx_word' id='word_1_77' title='bbox 415 1515 510 1567; x_wconf 84' lang='grc' dir='ltr'>τοῦ</span> <span class='ocrx_word' id='word_1_78' title='bbox 549 1514 838 1584; x_wconf 79' lang='grc' dir='ltr'><strong>εἰρημένου</strong></span> <span class='ocrx_word' id='word_1_79' title='bbox 873 1512 1136 1582; x_wconf 89' lang='grc' dir='ltr'>βασιλέως</span> <span class='ocrx_word' id='word_1_80' title='bbox 1197 1511 1594 1576; x_wconf 81' lang='grc' dir='ltr'>καταλειφθείς.</span> <span class='ocrx_word' id='word_1_81' title='bbox 1640 1512 1700 1566; x_wconf 84' lang='lat' dir='ltr'><strong>Ei</strong></span> <span class='ocrx_word' id='word_1_82' title='bbox 1732 1513 1822 1564; x_wconf 71' lang='grc' dir='ltr'><strong>καὶ</strong></span> <span class='ocrx_word' id='word_1_83' title='bbox 1860 1527 1992 1581; x_wconf 85' lang='grc' dir='ltr'>προ-</span> 
     </span>
    </p>
   </div>
   <div class='ocr_carea' id='block_1_13' title="bbox 415 1601 1990 1672">
    <p class='ocr_par' dir='ltr' id='par_1_13' title="bbox 415 1601 1990 1672">
     <span class='ocr_line' id='line_1_13' title="bbox 415 1601 1990 1672; baseline -0.003 -16"><span class='ocrx_word' id='word_1_84' title='bbox 415 1605 650 1672; x_wconf 73' lang='grc' dir='ltr'>ϐέϐλητο</span> <span class='ocrx_word' id='word_1_85' title='bbox 685 1604 837 1670; x_wconf 80' lang='grc' dir='ltr'>γοῦν,</span> <span class='ocrx_word' id='word_1_86' title='bbox 871 1605 968 1655; x_wconf 76' lang='grc' dir='ltr'><strong>οὐκ</strong></span> <span class='ocrx_word' id='word_1_87' title='bbox 1012 1602 1422 1670; x_wconf 84' lang='grc' dir='ltr'>ἁνενδοιάσιμον</span> <span class='ocrx_word' id='word_1_88' title='bbox 1450 1602 1548 1672; x_wconf 72' lang='grc' dir='ltr'>τὴν</span> <span class='ocrx_word' id='word_1_89' title='bbox 1582 1601 1990 1672; x_wconf 82' lang='grc' dir='ltr'><strong>ἀρχιερωσύνην</strong></span> 
     </span>
    </p>
   </div>
   <div class='ocr_carea' id='block_1_14' title="bbox 415 1691 1989 1764">
    <p class='ocr_par' dir='ltr' id='par_1_14' title="bbox 415 1691 1989 1764">
     <span class='ocr_line' id='line_1_14' title="bbox 415 1691 1989 1764; baseline -0.002 -17"><span class='ocrx_word' id='word_1_90' title='bbox 415 1696 510 1747; x_wconf 75' lang='grc' dir='ltr'>καὶ</span> <span class='ocrx_word' id='word_1_91' title='bbox 556 1695 653 1764; x_wconf 82' lang='grc' dir='ltr'>τὴν</span> <span class='ocrx_word' id='word_1_92' title='bbox 704 1694 1073 1764; x_wconf 85' lang='grc' dir='ltr'>πατριαρχίαν</span> <span class='ocrx_word' id='word_1_93' title='bbox 1128 1691 1393 1763; x_wconf 71' lang='grc' dir='ltr'>ἐκέκτητο</span> <span class='ocrx_word' id='word_1_94' title='bbox 1451 1694 1545 1746; x_wconf 74' lang='grc' dir='ltr'>καὶ</span> <span class='ocrx_word' id='word_1_95' title='bbox 1596 1694 1989 1762; x_wconf 78' lang='grc' dir='ltr'>ἀναμφήριτον,</span> 
     </span>
    </p>
   </div>
   <div class='ocr_carea' id='block_1_15' title="bbox 412 1785 1992 1856">
    <p class='ocr_par' dir='ltr' id='par_1_15' title="bbox 412 1785 1992 1856">
     <span class='ocr_line' id='line_1_15' title="bbox 412 1785 1992 1856; baseline -0.002 -15"><span class='ocrx_word' id='word_1_96' title='bbox 412 1787 530 1841; x_wconf 82' lang='grc' dir='ltr'>ἀλλ’</span> <span class='ocrx_word' id='word_1_97' title='bbox 559 1790 585 1839; x_wconf 81' lang='grc' dir='ltr'>ὁ</span> <span class='ocrx_word' id='word_1_98' title='bbox 613 1787 864 1856; x_wconf 82' lang='grc' dir='ltr'>βασιλεὺς</span> <span class='ocrx_word' id='word_1_99' title='bbox 898 1786 1206 1856; x_wconf 80' lang='grc' dir='ltr'><strong>φροντίζων</strong></span> <span class='ocrx_word' id='word_1_100' title='bbox 1235 1788 1384 1847; x_wconf 84' lang='grc' dir='ltr'>ὅπως</span> <span class='ocrx_word' id='word_1_101' title='bbox 1405 1785 1513 1837; x_wconf 88' lang='grc' dir='ltr'><strong>τῶν</strong></span> <span class='ocrx_word' id='word_1_102' title='bbox 1543 1785 1798 1839; x_wconf 84' lang='grc' dir='ltr'><strong>τοιούτων</strong></span> <span class='ocrx_word' id='word_1_103' title='bbox 1827 1787 1992 1838; x_wconf 76' lang='grc' dir='ltr'>δικαιο</span> 
     </span>
    </p>
   </div>
   <div class='ocr_carea' id='block_1_16' title="bbox 1833 411 2219 480">
    <p class='ocr_par' dir='ltr' id='par_1_16' title="bbox 1833 411 2219 480">
     <span class='ocr_line' id='line_1_16' title="bbox 1833 411 2219 480; baseline 0.018 -9"><span class='ocrx_word' id='word_1_104' title='bbox 1833 411 2219 480; x_wconf 62' lang='lat' dir='ltr'><strong>HISTORIA.</strong></span> 
     </span>
    </p>
   </div>
   <div class='ocr_carea' id='block_1_17' title="bbox 1919 515 3652 595">
    <p class='ocr_par' dir='ltr' id='par_1_17' title="bbox 1919 515 3652 595">
     <span class='ocr_line' id='line_1_17' title="bbox 1919 515 3652 595; baseline -0.01 -9"><span class='ocrx_word' id='word_1_105' title='bbox 1919 519 1992 589; x_wconf 82' lang='grc' dir='ltr'><strong>μὴ</strong></span> <span class='ocrx_word' id='word_1_106' title='bbox 2023 530 2064 585; x_wconf 79' lang='grc' dir='ltr'>Α</span> <span class='ocrx_word' id='word_1_107' title='bbox 2097 541 2284 595; x_wconf 83' lang='lat' dir='ltr'><strong>guram</strong></span> <span class='ocrx_word' id='word_1_108' title='bbox 2315 523 2674 585; x_wconf 84' lang='lat' dir='ltr'><strong>conforma&#39;a,</strong></span> <span class='ocrx_word' id='word_1_109' title='bbox 2710 525 2767 574; x_wconf 90' lang='lat' dir='ltr'><strong>ut</strong></span> <span class='ocrx_word' id='word_1_110' title='bbox 2799 534 2916 573; x_wconf 86' lang='lat' dir='ltr'><strong>mos</strong></span> <span class='ocrx_word' id='word_1_111' title='bbox 2944 524 3026 572; x_wconf 77' lang='lat' dir='ltr'><strong>est</strong></span> <span class='ocrx_word' id='word_1_112' title='bbox 3065 515 3418 570; x_wconf 71' lang='lat' dir='ltr'><strong>benediccttzli</strong></span> <span class='ocrx_word' id='word_1_113' title='bbox 3459 518 3652 582; x_wconf 85' lang='lat' dir='ltr'><strong>populo</strong></span> 
     </span>
    </p>
   </div>
   <div class='ocr_carea' id='block_1_18' title="bbox 3550 401 3655 466">
    <p class='ocr_par' dir='ltr' id='par_1_18' title="bbox 3550 401 3655 466">
     <span class='ocr_line' id='line_1_18' title="bbox 3550 401 3655 466; baseline -0.019 0"><span class='ocrx_word' id='word_1_114' title='bbox 3550 401 3655 466; x_wconf 62' lang='grc'><strong>374</strong></span> 
     </span>
    </p>
   </div>
   <div class='ocr_carea' id='block_1_19' title="bbox 2083 607 3650 681">
    <p class='ocr_par' dir='ltr' id='par_1_19' title="bbox 2083 607 3650 681">
     <span class='ocr_line' id='line_1_19' title="bbox 2083 607 3650 681; baseline -0.006 -14"><span class='ocrx_word' id='word_1_115' title='bbox 2083 613 2410 668; x_wconf 81' lang='lat' dir='ltr'><strong>acclamanti</strong></span> <span class='ocrx_word' id='word_1_116' title='bbox 2445 626 2652 681; x_wconf 89' lang='lat' dir='ltr'><strong>pacem.</strong></span> <span class='ocrx_word' id='word_1_117' title='bbox 2687 611 2760 662; x_wconf 87' lang='lat' dir='ltr'><strong>ita</strong></span> <span class='ocrx_word' id='word_1_118' title='bbox 2791 609 2941 662; x_wconf 82' lang='lat' dir='ltr'><strong>ﬁrma</strong></span> <span class='ocrx_word' id='word_1_119' title='bbox 2971 607 3294 678; x_wconf 85' lang='lat' dir='ltr'><strong>permansit,</strong></span> <span class='ocrx_word' id='word_1_120' title='bbox 3332 620 3507 673; x_wconf 85' lang='lat' dir='ltr'><strong>neque</strong></span> <span class='ocrx_word' id='word_1_121' title='bbox 3526 619 3650 658; x_wconf 82' lang='lat' dir='ltr'><strong>cum</strong></span> 
     </span>
    </p>
   </div>
   <div class='ocr_carea' id='block_1_20' title="bbox 2083 695 3652 772">
    <p class='ocr_par' dir='ltr' id='par_1_20' title="bbox 2083 695 3652 772">
     <span class='ocr_line' id='line_1_20' title="bbox 2083 695 3652 772; baseline -0.006 -14"><span class='ocrx_word' id='word_1_122' title='bbox 2083 713 2300 759; x_wconf 88' lang='lat' dir='ltr'><strong>mortuo</strong></span> <span class='ocrx_word' id='word_1_123' title='bbox 2329 717 2554 772; x_wconf 85' lang='lat' dir='ltr'><strong>corpore</strong></span> <span class='ocrx_word' id='word_1_124' title='bbox 2611 711 2696 758; x_wconf 84' lang='lat' dir='ltr'><strong>est</strong></span> <span class='ocrx_word' id='word_1_125' title='bbox 2753 701 3057 755; x_wconf 76' lang='lat' dir='ltr'><strong>immutata.</strong></span> <span class='ocrx_word' id='word_1_126' title='bbox 3099 696 3376 753; x_wconf 78' lang='lat' dir='ltr'><strong>Sullicitur</strong></span> <span class='ocrx_word' id='word_1_127' title='bbox 3414 698 3467 752; x_wconf 91' lang='lat' dir='ltr'><strong>in</strong></span> <span class='ocrx_word' id='word_1_128' title='bbox 3532 695 3652 765; x_wconf 83' lang='lat' dir='ltr'><strong>ejus</strong></span> 
     </span>
    </p>
   </div>
   <div class='ocr_carea' id='block_1_21' title="bbox 2089 788 3651 863">
    <p class='ocr_par' dir='ltr' id='par_1_21' title="bbox 2089 788 3651 863">
     <span class='ocr_line' id='line_1_21' title="bbox 2089 788 3651 863; baseline -0.005 -15"><span class='ocrx_word' id='word_1_129' title='bbox 2089 797 2269 850; x_wconf 89' lang='lat' dir='ltr'><strong>locum</strong></span> <span class='ocrx_word' id='word_1_130' title='bbox 2324 795 2632 863; x_wconf 75' lang='lat' dir='ltr'><strong>patriarcha</strong></span> <span class='ocrx_word' id='word_1_131' title='bbox 2687 793 3082 848; x_wconf 81' lang='lat' dir='ltr'><strong>Constantinus</strong></span> <span class='ocrx_word' id='word_1_132' title='bbox 3145 788 3414 844; x_wconf 79' lang='lat' dir='ltr'><strong>Lichudes</strong></span> <span class='ocrx_word' id='word_1_133' title='bbox 3451 803 3651 856; x_wconf 70' lang='lat' dir='ltr'><strong>prmses</strong></span> 
     </span>
    </p>
   </div>
   <div class='ocr_carea' id='block_1_22' title="bbox 2084 880 3647 957">
    <p class='ocr_par' dir='ltr' id='par_1_22' title="bbox 2084 880 3647 957">
     <span class='ocr_line' id='line_1_22' title="bbox 2084 880 3647 957; baseline -0.009 -16"><span class='ocrx_word' id='word_1_134' title='bbox 2084 899 2137 942; x_wconf 90' lang='lat' dir='ltr'><strong>et</strong></span> <span class='ocrx_word' id='word_1_135' title='bbox 2168 885 2646 957; x_wconf 83' lang='lat' dir='ltr'><strong>protovestiarius,</strong></span> <span class='ocrx_word' id='word_1_136' title='bbox 2687 885 2780 952; x_wconf 85' lang='lat' dir='ltr'><strong>qui</strong></span> <span class='ocrx_word' id='word_1_137' title='bbox 2812 884 2963 953; x_wconf 88' lang='lat' dir='ltr'><strong>prius</strong></span> <span class='ocrx_word' id='word_1_138' title='bbox 2995 880 3549 950; x_wconf 77' lang='lat' dir='ltr'><strong>metropolitanorum</strong></span> <span class='ocrx_word' id='word_1_139' title='bbox 3599 885 3647 930; x_wconf 88' lang='lat' dir='ltr'><strong>et</strong></span> 
     </span>
    </p>
   </div>
   <div class='ocr_carea' id='block_1_23' title="bbox 2084 967 3648 1044">
    <p class='ocr_par' dir='ltr' id='par_1_23' title="bbox 2084 967 3648 1044">
     <span class='ocr_line' id='line_1_23' title="bbox 2084 967 3648 1044; baseline -0.01 -10"><span class='ocrx_word' id='word_1_140' title='bbox 2084 979 2213 1034; x_wconf 63' lang='lat' dir='ltr'><strong>cldri</strong></span> <span class='ocrx_word' id='word_1_141' title='bbox 2269 978 2544 1044; x_wconf 84' lang='lat' dir='ltr'><strong>totiusque</strong></span> <span class='ocrx_word' id='word_1_142' title='bbox 2601 975 2782 1044; x_wconf 79' lang='lat' dir='ltr'><strong>populi</strong></span> <span class='ocrx_word' id='word_1_143' title='bbox 2840 973 3109 1042; x_wconf 82' lang='lat' dir='ltr'><strong>suffragiis</strong></span> <span class='ocrx_word' id='word_1_144' title='bbox 3165 973 3409 1026; x_wconf 87' lang='lat' dir='ltr'><strong>delectus</strong></span> <span class='ocrx_word' id='word_1_145' title='bbox 3453 967 3648 1024; x_wconf 84' lang='lat' dir='ltr'><strong>fuerat.</strong></span> 
     </span>
    </p>
   </div>
   <div class='ocr_carea' id='block_1_24' title="bbox 2086 1055 3656 1135">
    <p class='ocr_par' dir='ltr' id='par_1_24' title="bbox 2086 1055 3656 1135">
     <span class='ocr_line' id='line_1_24' title="bbox 2086 1055 3656 1135; baseline -0.01 -16"><span class='ocrx_word' id='word_1_146' title='bbox 2086 1069 2167 1120; x_wconf 87' lang='lat' dir='ltr'><strong>vir</strong></span> <span class='ocrx_word' id='word_1_147' title='bbox 2193 1065 2263 1119; x_wconf 91' lang='lat' dir='ltr'><strong>ob</strong></span> <span class='ocrx_word' id='word_1_148' title='bbox 2287 1064 2430 1135; x_wconf 90' lang='lat' dir='ltr'><strong>regia</strong></span> <span class='ocrx_word' id='word_1_149' title='bbox 2465 1069 2628 1130; x_wconf 88' lang='lat' dir='ltr'><strong>atque</strong></span> <span class='ocrx_word' id='word_1_150' title='bbox 2653 1061 2830 1115; x_wconf 75' lang='lat' dir='ltr'><strong>civilia</strong></span> <span class='ocrx_word' id='word_1_151' title='bbox 2861 1076 3088 1114; x_wconf 89' lang='lat' dir='ltr'><strong>munera</strong></span> <span class='ocrx_word' id='word_1_152' title='bbox 3115 1058 3459 1114; x_wconf 86' lang='lat' dir='ltr'><strong>clarissimus</strong></span> <span class='ocrx_word' id='word_1_153' title='bbox 3489 1071 3516 1107; x_wconf 85' lang='lat' dir='ltr'><strong>a</strong></span> <span class='ocrx_word' id='word_1_154' title='bbox 3543 1055 3656 1107; x_wconf 82' lang='lat' dir='ltr'><strong>Mu-</strong></span> 
     </span>
    </p>
   </div>
   <div class='ocr_carea' id='block_1_25' title="bbox 2089 1153 3650 1224">
    <p class='ocr_par' dir='ltr' id='par_1_25' title="bbox 2089 1153 3650 1224">
     <span class='ocr_line' id='line_1_25' title="bbox 2089 1153 3650 1224; baseline -0.011 -11"><span class='ocrx_word' id='word_1_155' title='bbox 2089 1158 2366 1212; x_wconf 87' lang='lat' dir='ltr'><strong>nomacho</strong></span> <span class='ocrx_word' id='word_1_156' title='bbox 2401 1170 2574 1224; x_wconf 91' lang='lat' dir='ltr'><strong>usque</strong></span> <span class='ocrx_word' id='word_1_157' title='bbox 2604 1153 2668 1207; x_wconf 81' lang='lat' dir='ltr'><strong>atl</strong></span> <span class='ocrx_word' id='word_1_158' title='bbox 2694 1153 2824 1208; x_wconf 90' lang='lat' dir='ltr'><strong>illttd</strong></span> <span class='ocrx_word' id='word_1_159' title='bbox 2863 1163 3112 1221; x_wconf 83' lang='lat' dir='ltr'><strong>tempus;</strong></span> <span class='ocrx_word' id='word_1_160' title='bbox 3169 1153 3372 1220; x_wconf 89' lang='lat' dir='ltr'><strong>quique</strong></span> <span class='ocrx_word' id='word_1_161' title='bbox 3402 1162 3650 1218; x_wconf 76' lang='lat' dir='ltr'><strong>magnam</strong></span> 
     </span>
    </p>
   </div>
   <div class='ocr_carea' id='block_1_26' title="bbox 2088 1242 3657 1319">
    <p class='ocr_par' dir='ltr' id='par_1_26' title="bbox 2088 1242 3657 1319">
     <span class='ocr_line' id='line_1_26' title="bbox 2088 1242 3657 1319; baseline -0.006 -17"><span class='ocrx_word' id='word_1_162' title='bbox 2088 1250 2316 1319; x_wconf 77' lang='lat' dir='ltr'><strong>gloriam</strong></span> <span class='ocrx_word' id='word_1_163' title='bbox 2348 1249 2415 1301; x_wconf 86' lang='lat' dir='ltr'><strong>ob</strong></span> <span class='ocrx_word' id='word_1_164' title='bbox 2463 1249 2539 1303; x_wconf 88' lang='lat' dir='ltr'><strong>rei</strong></span> <span class='ocrx_word' id='word_1_165' title='bbox 2576 1245 2803 1314; x_wconf 73' lang='lat' dir='ltr'><strong>publica:</strong></span> <span class='ocrx_word' id='word_1_166' title='bbox 2838 1242 3373 1298; x_wconf 88' lang='lat' dir='ltr'><strong>administrationem</strong></span> <span class='ocrx_word' id='word_1_167' title='bbox 3411 1246 3657 1309; x_wconf 85' lang='lat' dir='ltr'><strong>reporta-</strong></span> 
     </span>
    </p>
   </div>
   <div class='ocr_carea' id='block_1_27' title="bbox 2087 1333 3655 1409">
    <p class='ocr_par' dir='ltr' id='par_1_27' title="bbox 2087 1333 3655 1409">
     <span class='ocr_line' id='line_1_27' title="bbox 2087 1333 3655 1409; baseline -0.006 -16"><span class='ocrx_word' id='word_1_168' title='bbox 2087 1347 2239 1394; x_wconf 81' lang='lat' dir='ltr'><strong>verat</strong></span> <span class='ocrx_word' id='word_1_169' title='bbox 2289 1337 2453 1409; x_wconf 53' lang='lat'><strong>6&amp;5</strong></span> <span class='ocrx_word' id='word_1_170' title='bbox 2511 1347 2565 1390; x_wconf 88' lang='lat' dir='ltr'><strong>et</strong></span> <span class='ocrx_word' id='word_1_171' title='bbox 2616 1336 3006 1404; x_wconf 73' lang='lat' dir='ltr'><strong>Manganorum</strong></span> <span class='ocrx_word' id='word_1_172' title='bbox 3063 1333 3533 1404; x_wconf 74' lang='lat' dir='ltr'><strong>procurationem,</strong></span> <span class='ocrx_word' id='word_1_173' title='bbox 3592 1344 3655 1383; x_wconf 86' lang='lat' dir='ltr'><strong>ac</strong></span> 
     </span>
    </p>
   </div>
   <div class='ocr_carea' id='block_1_28' title="bbox 2086 1422 3655 1500">
    <p class='ocr_par' dir='ltr' id='par_1_28' title="bbox 2086 1422 3655 1500">
     <span class='ocr_line' id='line_1_28' title="bbox 2086 1422 3655 1500; baseline -0.008 -14"><span class='ocrx_word' id='word_1_174' title='bbox 2086 1432 2227 1500; x_wconf 90' lang='lat' dir='ltr'><strong>juris</strong></span> <span class='ocrx_word' id='word_1_175' title='bbox 2259 1439 2450 1485; x_wconf 86' lang='lat' dir='ltr'><strong>custos</strong></span> <span class='ocrx_word' id='word_1_176' title='bbox 2486 1430 2553 1483; x_wconf 89' lang='lat' dir='ltr'><strong>ab</strong></span> <span class='ocrx_word' id='word_1_177' title='bbox 2582 1444 2646 1484; x_wconf 90' lang='lat' dir='ltr'><strong>eo</strong></span> <span class='ocrx_word' id='word_1_178' title='bbox 2695 1428 3022 1496; x_wconf 90' lang='lat' dir='ltr'><strong>imperatore</strong></span> <span class='ocrx_word' id='word_1_179' title='bbox 3055 1441 3216 1495; x_wconf 87' lang='lat' dir='ltr'><strong>quem</strong></span> <span class='ocrx_word' id='word_1_180' title='bbox 3249 1425 3485 1478; x_wconf 82' lang='lat' dir='ltr'><strong>diximus</strong></span> <span class='ocrx_word' id='word_1_181' title='bbox 3528 1422 3655 1476; x_wconf 78' lang='lat' dir='ltr'><strong>reli-</strong></span> 
     </span>
    </p>
   </div>
   <div class='ocr_carea' id='block_1_29' title="bbox 2091 1514 3654 1587">
    <p class='ocr_par' dir='ltr' id='par_1_29' title="bbox 2091 1514 3654 1587">
     <span class='ocr_line' id='line_1_29' title="bbox 2091 1514 3654 1587; baseline -0.01 -10"><span class='ocrx_word' id='word_1_182' title='bbox 2091 1531 2212 1578; x_wconf 78' lang='lat' dir='ltr'><strong>ctus</strong></span> <span class='ocrx_word' id='word_1_183' title='bbox 2251 1521 2449 1574; x_wconf 79' lang='lat' dir='ltr'><strong>fuerat.</strong></span> <span class='ocrx_word' id='word_1_184' title='bbox 2514 1519 2579 1573; x_wconf 84' lang='lat' dir='ltr'><strong>Et</strong></span> <span class='ocrx_word' id='word_1_185' title='bbox 2639 1517 2888 1587; x_wconf 78' lang='lat' dir='ltr'><strong>quamvis</strong></span> <span class='ocrx_word' id='word_1_186' title='bbox 2949 1517 3190 1570; x_wconf 86' lang='lat' dir='ltr'><strong>delectus</strong></span> <span class='ocrx_word' id='word_1_187' title='bbox 3265 1514 3479 1575; x_wconf 80' lang='lat' dir='ltr'><strong>fuisset,</strong></span> <span class='ocrx_word' id='word_1_188' title='bbox 3549 1527 3654 1564; x_wconf 91' lang='lat' dir='ltr'><strong>non</strong></span> 
     </span>
    </p>
   </div>
   <div class='ocr_carea' id='block_1_30' title="bbox 2092 1603 3657 1676">
    <p class='ocr_par' dir='ltr' id='par_1_30' title="bbox 2092 1603 3657 1676">
     <span class='ocr_line' id='line_1_30' title="bbox 2092 1603 3657 1676; baseline -0.009 -8"><span class='ocrx_word' id='word_1_189' title='bbox 2092 1615 2211 1668; x_wconf 87' lang='lat' dir='ltr'><strong>sine</strong></span> <span class='ocrx_word' id='word_1_190' title='bbox 2240 1611 2583 1665; x_wconf 89' lang='lat' dir='ltr'><strong>contentione</strong></span> <span class='ocrx_word' id='word_1_191' title='bbox 2624 1608 3153 1676; x_wconf 87' lang='lat' dir='ltr'><strong>archiepiscopatum</strong></span> <span class='ocrx_word' id='word_1_192' title='bbox 3200 1613 3254 1660; x_wconf 89' lang='lat' dir='ltr'><strong>et</strong></span> <span class='ocrx_word' id='word_1_193' title='bbox 3313 1603 3657 1674; x_wconf 84' lang='lat' dir='ltr'><strong>patriarcha-</strong></span> 
     </span>
    </p>
   </div>
   <div class='ocr_carea' id='block_1_31' title="bbox 2094 1693 3654 1770">
    <p class='ocr_par' dir='ltr' id='par_1_31' title="bbox 2094 1693 3654 1770">
     <span class='ocr_line' id='line_1_31' title="bbox 2094 1693 3654 1770; baseline -0.011 -11"><span class='ocrx_word' id='word_1_194' title='bbox 2094 1713 2232 1767; x_wconf 90' lang='lat' dir='ltr'><strong>tum,</strong></span> <span class='ocrx_word' id='word_1_195' title='bbox 2268 1716 2444 1770; x_wconf 90' lang='lat' dir='ltr'><strong>neque</strong></span> <span class='ocrx_word' id='word_1_196' title='bbox 2475 1699 2592 1754; x_wconf 88' lang='lat' dir='ltr'><strong>sine</strong></span> <span class='ocrx_word' id='word_1_197' title='bbox 2638 1699 3013 1754; x_wconf 80' lang='lat' dir='ltr'><strong>controversia</strong></span> <span class='ocrx_word' id='word_1_198' title='bbox 3045 1697 3276 1764; x_wconf 86' lang='lat' dir='ltr'><strong>adeptus</strong></span> <span class='ocrx_word' id='word_1_199' title='bbox 3309 1706 3413 1749; x_wconf 79' lang='lat' dir='ltr'><strong>est.</strong></span> <span class='ocrx_word' id='word_1_200' title='bbox 3454 1693 3654 1746; x_wconf 79' lang='lat' dir='ltr'><strong>Verum</strong></span> 
     </span>
    </p>
   </div>
   <div class='ocr_carea' id='block_1_32' title="bbox 2096 1785 3657 1866">
    <p class='ocr_par' dir='ltr' id='par_1_32' title="bbox 2096 1785 3657 1866">
     <span class='ocr_line' id='line_1_32' title="bbox 2096 1785 3657 1866; baseline -0.01 -16"><span class='ocrx_word' id='word_1_201' title='bbox 2096 1798 2393 1866; x_wconf 85' lang='lat' dir='ltr'><strong>imperator</strong></span> <span class='ocrx_word' id='word_1_202' title='bbox 2429 1793 2656 1848; x_wconf 90' lang='lat' dir='ltr'><strong>studens</strong></span> <span class='ocrx_word' id='word_1_203' title='bbox 2713 1793 2844 1846; x_wconf 91' lang='lat' dir='ltr'><strong>talia</strong></span> <span class='ocrx_word' id='word_1_204' title='bbox 2887 1791 2988 1845; x_wconf 88' lang='lat' dir='ltr'><strong>sibi</strong></span> <span class='ocrx_word' id='word_1_205' title='bbox 3022 1790 3145 1859; x_wconf 87' lang='lat' dir='ltr'><strong>jura</strong></span> <span class='ocrx_word' id='word_1_206' title='bbox 3205 1787 3506 1847; x_wconf 67' lang='lat' dir='ltr'><strong>vindicare,</strong></span> <span class='ocrx_word' id='word_1_207' title='bbox 3555 1785 3657 1836; x_wconf 85' lang='lat' dir='ltr'><strong>hoc.</strong></span> 
     </span>
    </p>
   </div>
   <div class='ocr_carea' id='block_1_33' title="bbox 415 1876 2162 1957">
    <p class='ocr_par' dir='ltr' id='par_1_33' title="bbox 415 1876 2162 1957">
     <span class='ocr_line' id='line_1_33' title="bbox 415 1876 2162 1957; baseline 0.001 -29"><span class='ocrx_word' id='word_1_208' title='bbox 415 1879 651 1947; x_wconf 83' lang='grc' dir='ltr'>ωμάτων</span> <span class='ocrx_word' id='word_1_209' title='bbox 686 1879 960 1949; x_wconf 83' lang='grc' dir='ltr'>ἐγκρατὴς</span> <span class='ocrx_word' id='word_1_210' title='bbox 982 1880 1229 1946; x_wconf 87' lang='grc' dir='ltr'>γένηται,</span> <span class='ocrx_word' id='word_1_211' title='bbox 1261 1879 1454 1931; x_wconf 83' lang='grc' dir='ltr'>τοῦτον</span> <span class='ocrx_word' id='word_1_212' title='bbox 1482 1878 1670 1947; x_wconf 81' lang='grc' dir='ltr'>καιρὸν</span> <span class='ocrx_word' id='word_1_213' title='bbox 1692 1877 1993 1948; x_wconf 80' lang='grc' dir='ltr'>ἐπιτήδειον</span> <span class='ocrx_word' id='word_1_214' title='bbox 2027 1876 2067 1930; x_wconf 81' lang='grc' dir='ltr'><strong><em>Β</em></strong></span> <span class='ocrx_word' id='word_1_215' title='bbox 2098 1889 2162 1957; x_wconf 54' lang='lat' dir='ltr'><strong>ip,</strong></span> 
     </span>
    </p>
   </div>
   <div class='ocr_carea' id='block_1_34' title="bbox 1908 1876 3655 1957">
    <p class='ocr_par' dir='ltr' id='par_1_34' title="bbox 1917 1876 3655 1957">
     <span class='ocr_line' id='line_1_34' title="bbox 1917 1876 3655 1957; baseline -0.01 -14"><span class='ocrx_word' id='word_1_216' title='bbox 1917 1895 1993 1930; x_wconf 88' lang='grc' dir='ltr'>ιον</span> <span class='ocrx_word' id='word_1_217' title='bbox 2027 1876 2067 1930; x_wconf 75' lang='grc' dir='ltr'><strong><em>Β</em></strong></span> <span class='ocrx_word' id='word_1_218' title='bbox 2098 1889 2198 1957; x_wconf 91' lang='lat' dir='ltr'><strong>ipsi</strong></span> <span class='ocrx_word' id='word_1_219' title='bbox 2230 1896 2444 1955; x_wconf 90' lang='lat' dir='ltr'><strong>tempus</strong></span> <span class='ocrx_word' id='word_1_220' title='bbox 2475 1884 2727 1938; x_wconf 91' lang='lat' dir='ltr'><strong>idoneum</strong></span> <span class='ocrx_word' id='word_1_221' title='bbox 2760 1895 2930 1946; x_wconf 88' lang='lat' dir='ltr'><strong>ratus,</strong></span> <span class='ocrx_word' id='word_1_222' title='bbox 2950 1882 3326 1952; x_wconf 82' lang='lat' dir='ltr'><strong>presbyterum</strong></span> <span class='ocrx_word' id='word_1_223' title='bbox 3345 1877 3655 1931; x_wconf 81' lang='lat' dir='ltr'><strong>ordinatum</strong></span> 
     </span>
    </p>
   </div>
   <div class='ocr_carea' id='block_1_35' title="bbox 412 1970 1989 2042">
    <p class='ocr_par' dir='ltr' id='par_1_35' title="bbox 412 1970 1989 2042">
     <span class='ocr_line' id='line_1_35' title="bbox 412 1970 1989 2042; baseline -0.001 -20"><span class='ocrx_word' id='word_1_224' title='bbox 412 1970 641 2039; x_wconf 74' lang='grc' dir='ltr'>οἰηθεὶς,</span> <span class='ocrx_word' id='word_1_225' title='bbox 707 1971 1080 2042; x_wconf 76' lang='grc' dir='ltr'>πρεσϐύτερον</span> <span class='ocrx_word' id='word_1_226' title='bbox 1135 1970 1579 2040; x_wconf 77' lang='grc' dir='ltr'>χειροτονηθέντα</span> <span class='ocrx_word' id='word_1_227' title='bbox 1632 1971 1827 2038; x_wconf 88' lang='grc' dir='ltr'>ἐπέσχε</span> <span class='ocrx_word' id='word_1_228' title='bbox 1890 1970 1989 2037; x_wconf 83' lang='grc' dir='ltr'>τὴν</span> 
     </span>
    </p>
   </div>
   <div class='ocr_carea' id='block_1_36' title="bbox 411 2059 1986 2131">
    <p class='ocr_par' dir='ltr' id='par_1_36' title="bbox 411 2059 1986 2131">
     <span class='ocr_line' id='line_1_36' title="bbox 411 2059 1986 2131; baseline 0 -20"><span class='ocrx_word' id='word_1_229' title='bbox 411 2059 604 2129; x_wconf 84' lang='grc' dir='ltr'>ἐντελῆ</span> <span class='ocrx_word' id='word_1_230' title='bbox 642 2061 818 2129; x_wconf 83' lang='grc' dir='ltr'>χρίσιν</span> <span class='ocrx_word' id='word_1_231' title='bbox 878 2061 978 2128; x_wconf 84' lang='grc' dir='ltr'>τῆς</span> <span class='ocrx_word' id='word_1_232' title='bbox 1016 2060 1450 2131; x_wconf 75' lang='grc' dir='ltr'>ἀρχιερωσύνης,</span> <span class='ocrx_word' id='word_1_233' title='bbox 1493 2061 1651 2130; x_wconf 82' lang='grc' dir='ltr'>ἀχρις</span> <span class='ocrx_word' id='word_1_234' title='bbox 1704 2060 1794 2123; x_wconf 78' lang='grc' dir='ltr'>ἂν,</span> <span class='ocrx_word' id='word_1_235' title='bbox 1833 2061 1986 2129; x_wconf 65' lang='grc' dir='ltr'>φησι,</span> 
     </span>
    </p>
   </div>
   <div class='ocr_carea' id='block_1_37' title="bbox 411 2149 1991 2222">
    <p class='ocr_par' dir='ltr' id='par_1_37' title="bbox 411 2149 1991 2222">
     <span class='ocr_line' id='line_1_37' title="bbox 411 2149 1991 2222; baseline 0.001 -22"><span class='ocrx_word' id='word_1_236' title='bbox 411 2149 481 2201; x_wconf 87' lang='grc' dir='ltr'><strong>τά</strong></span> <span class='ocrx_word' id='word_1_237' title='bbox 516 2149 1057 2221; x_wconf 75' lang='grc' dir='ltr'>ύποτονθορυζόμενα</span> <span class='ocrx_word' id='word_1_238' title='bbox 1080 2151 1222 2204; x_wconf 85' lang='grc' dir='ltr'><strong>κατά</strong></span> <span class='ocrx_word' id='word_1_239' title='bbox 1253 2150 1347 2203; x_wconf 79' lang='grc' dir='ltr'>σοῦ</span> <span class='ocrx_word' id='word_1_240' title='bbox 1409 2153 1660 2222; x_wconf 81' lang='grc' dir='ltr'>σκοπηθῇ</span> <span class='ocrx_word' id='word_1_241' title='bbox 1698 2149 1991 2212; x_wconf 86' lang='grc' dir='ltr'>συνοδικῶς</span> 
     </span>
    </p>
   </div>
   <div class='ocr_carea' id='block_1_38' title="bbox 411 2242 1992 2313">
    <p class='ocr_par' dir='ltr' id='par_1_38' title="bbox 411 2242 1992 2313">
     <span class='ocr_line' id='line_1_38' title="bbox 411 2242 1992 2313; baseline 0.008 -22"><span class='ocrx_word' id='word_1_242' title='bbox 411 2257 472 2291; x_wconf 88' lang='grc' dir='ltr'><strong>τε</strong></span> <span class='ocrx_word' id='word_1_243' title='bbox 497 2242 590 2292; x_wconf 79' lang='grc' dir='ltr'>καὶ</span> <span class='ocrx_word' id='word_1_244' title='bbox 620 2244 942 2305; x_wconf 78' lang='grc' dir='ltr'>κανονικῶςο</span> <span class='ocrx_word' id='word_1_245' title='bbox 984 2243 1044 2296; x_wconf 83' lang='grc' dir='ltr'>Ὀ</span> <span class='ocrx_word' id='word_1_246' title='bbox 1067 2244 1124 2296; x_wconf 75' lang='grc' dir='ltr'>δὲ</span> <span class='ocrx_word' id='word_1_247' title='bbox 1165 2245 1568 2306; x_wconf 80' lang='grc' dir='ltr'>Κωνσταντῖνος</span> <span class='ocrx_word' id='word_1_248' title='bbox 1611 2245 1686 2312; x_wconf 75' lang='grc' dir='ltr'>μὴ</span> <span class='ocrx_word' id='word_1_249' title='bbox 1721 2244 1992 2313; x_wconf 80' lang='grc' dir='ltr'><strong>ἀγνοήσας</strong></span> 
     </span>
    </p>
   </div>
   <div class='ocr_carea' id='block_1_39' title="bbox 413 2331 1992 2405">
    <p class='ocr_par' dir='ltr' id='par_1_39' title="bbox 413 2331 1992 2405">
     <span class='ocr_line' id='line_1_39' title="bbox 413 2331 1992 2405; baseline 0.002 -22"><span class='ocrx_word' id='word_1_250' title='bbox 413 2331 484 2383; x_wconf 83' lang='grc' dir='ltr'>δι’</span> <span class='ocrx_word' id='word_1_251' title='bbox 517 2333 575 2384; x_wconf 89' lang='grc' dir='ltr'><strong>δν</strong></span> <span class='ocrx_word' id='word_1_252' title='bbox 600 2333 774 2386; x_wconf 87' lang='grc' dir='ltr'>ταῦτα</span> <span class='ocrx_word' id='word_1_253' title='bbox 821 2335 1022 2405; x_wconf 85' lang='grc' dir='ltr'>τρόπον</span> <span class='ocrx_word' id='word_1_254' title='bbox 1069 2335 1354 2404; x_wconf 85' lang='grc' dir='ltr'>τυρεύεται</span> <span class='ocrx_word' id='word_1_255' title='bbox 1386 2336 1506 2389; x_wconf 82' lang='grc' dir='ltr'>κατ’</span> <span class='ocrx_word' id='word_1_256' title='bbox 1565 2334 1756 2398; x_wconf 84' lang='grc' dir='ltr'>αὑτοῦ,</span> <span class='ocrx_word' id='word_1_257' title='bbox 1800 2337 1860 2386; x_wconf 79' lang='grc' dir='ltr'>τὸ</span> <span class='ocrx_word' id='word_1_258' title='bbox 1892 2334 1992 2401; x_wconf 84' lang='grc' dir='ltr'>τῆς</span> 
     </span>
    </p>
   </div>
   <div class='ocr_carea' id='block_1_40' title="bbox 412 2423 1983 2495">
    <p class='ocr_par' dir='ltr' id='par_1_40' title="bbox 412 2423 1983 2495">
     <span class='ocr_line' id='line_1_40' title="bbox 412 2423 1983 2495; baseline 0.004 -23"><span class='ocrx_word' id='word_1_259' title='bbox 412 2423 676 2492; x_wconf 74' lang='grc' dir='ltr'>αἰσχύνης</span> <span class='ocrx_word' id='word_1_260' title='bbox 702 2424 964 2495; x_wconf 68' lang='grc' dir='ltr'>ἀδόκητον</span> <span class='ocrx_word' id='word_1_261' title='bbox 991 2425 1369 2494; x_wconf 85' lang='grc' dir='ltr'>λογισάμενος.</span> <span class='ocrx_word' id='word_1_262' title='bbox 1439 2426 1622 2495; x_wconf 82' lang='grc' dir='ltr'>φέρων</span> <span class='ocrx_word' id='word_1_263' title='bbox 1677 2428 1744 2480; x_wconf 78' lang='grc' dir='ltr'><strong>τὰ</strong></span> <span class='ocrx_word' id='word_1_264' title='bbox 1801 2424 1983 2494; x_wconf 80' lang='grc' dir='ltr'>ζητού-</span> 
     </span>
    </p>
   </div>
   <div class='ocr_carea' id='block_1_41' title="bbox 416 2515 1991 2584">
    <p class='ocr_par' dir='ltr' id='par_1_41' title="bbox 416 2515 1991 2584">
     <span class='ocr_line' id='line_1_41' title="bbox 416 2515 1991 2584; baseline 0.004 -21"><span class='ocrx_word' id='word_1_265' title='bbox 416 2530 554 2578; x_wconf 91' lang='grc' dir='ltr'>μενα</span> <span class='ocrx_word' id='word_1_266' title='bbox 589 2515 665 2584; x_wconf 85' lang='grc' dir='ltr'>τῷ</span> <span class='ocrx_word' id='word_1_267' title='bbox 704 2515 917 2584; x_wconf 87' lang='grc' dir='ltr'>βασιλεῖ</span> <span class='ocrx_word' id='word_1_268' title='bbox 951 2517 1247 2570; x_wconf 71' lang='grc' dir='ltr'>ἐπιδίδωσι.</span> <span class='ocrx_word' id='word_1_269' title='bbox 1277 2517 1385 2570; x_wconf 76' lang='grc' dir='ltr'><strong>Καὶ</strong></span> <span class='ocrx_word' id='word_1_270' title='bbox 1413 2517 1595 2570; x_wconf 77' lang='grc' dir='ltr'>ἔκτοτε</span> <span class='ocrx_word' id='word_1_271' title='bbox 1655 2517 1991 2579; x_wconf 85' lang='grc' dir='ltr'>ἀδιστάκτως</span> 
     </span>
    </p>
   </div>
   <div class='ocr_carea' id='block_1_42' title="bbox 416 2605 1990 2676">
    <p class='ocr_par' dir='ltr' id='par_1_42' title="bbox 416 2605 1990 2676">
     <span class='ocr_line' id='line_1_42' title="bbox 416 2605 1990 2676; baseline 0.001 -19"><span class='ocrx_word' id='word_1_272' title='bbox 416 2607 513 2657; x_wconf 67' lang='grc' dir='ltr'><strong>καὶ</strong></span> <span class='ocrx_word' id='word_1_273' title='bbox 539 2605 659 2673; x_wconf 76' lang='grc' dir='ltr'>δίχα</span> <span class='ocrx_word' id='word_1_274' title='bbox 687 2608 830 2667; x_wconf 77' lang='grc' dir='ltr'>τινὸς</span> <span class='ocrx_word' id='word_1_275' title='bbox 870 2608 1192 2676; x_wconf 80' lang='grc' dir='ltr'>προφάσεως</span> <span class='ocrx_word' id='word_1_276' title='bbox 1241 2609 1418 2661; x_wconf 81' lang='grc' dir='ltr'>πάντα</span> <span class='ocrx_word' id='word_1_277' title='bbox 1460 2609 1802 2661; x_wconf 83' lang='grc' dir='ltr'>τελείταιέπ’</span> <span class='ocrx_word' id='word_1_278' title='bbox 1846 2607 1990 2676; x_wconf 83' lang='grc' dir='ltr'>αύτῷ</span> 
     </span>
    </p>
   </div>
   <div class='ocr_carea' id='block_1_43' title="bbox 412 2696 1990 2769">
    <p class='ocr_par' dir='ltr' id='par_1_43' title="bbox 412 2696 1990 2769">
     <span class='ocr_line' id='line_1_43' title="bbox 412 2696 1990 2769; baseline 0.001 -20"><span class='ocrx_word' id='word_1_279' title='bbox 412 2699 514 2749; x_wconf 86' lang='grc' dir='ltr'>ὃσα</span> <span class='ocrx_word' id='word_1_280' title='bbox 541 2696 659 2757; x_wconf 79' lang='grc' dir='ltr'>ἔθος</span> <span class='ocrx_word' id='word_1_281' title='bbox 680 2697 856 2748; x_wconf 82' lang='grc' dir='ltr'>τελεῖν</span> <span class='ocrx_word' id='word_1_282' title='bbox 916 2698 1009 2750; x_wconf 80' lang='grc' dir='ltr'>ἐπὶ</span> <span class='ocrx_word' id='word_1_283' title='bbox 1053 2701 1162 2761; x_wconf 79' lang='grc' dir='ltr'>τοῖς</span> <span class='ocrx_word' id='word_1_284' title='bbox 1217 2700 1734 2769; x_wconf 77' lang='grc' dir='ltr'>χειροτονουμένοις.</span> <span class='ocrx_word' id='word_1_285' title='bbox 1797 2701 1990 2766; x_wconf 85' lang='grc' dir='ltr'>Γέγονε</span> 
     </span>
    </p>
   </div>
   <div class='ocr_carea' id='block_1_44' title="bbox 414 2787 1994 2860">
    <p class='ocr_par' dir='ltr' id='par_1_44' title="bbox 414 2787 1994 2860">
     <span class='ocr_line' id='line_1_44' title="bbox 414 2787 1994 2860; baseline 0.002 -21"><span class='ocrx_word' id='word_1_286' title='bbox 414 2787 468 2840; x_wconf 80' lang='grc' dir='ltr'>δὲ</span> <span class='ocrx_word' id='word_1_287' title='bbox 501 2788 884 2856; x_wconf 75' lang='grc' dir='ltr'>δωρηματικὸς</span> <span class='ocrx_word' id='word_1_288' title='bbox 924 2791 1015 2840; x_wconf 77' lang='grc' dir='ltr'><strong>καὶ</strong></span> <span class='ocrx_word' id='word_1_289' title='bbox 1077 2791 1454 2858; x_wconf 82' lang='grc' dir='ltr'>προνοητικὺς,</span> <span class='ocrx_word' id='word_1_290' title='bbox 1486 2792 1545 2842; x_wconf 88' lang='grc' dir='ltr'><strong>ού</strong></span> <span class='ocrx_word' id='word_1_291' title='bbox 1598 2793 1706 2844; x_wconf 85' lang='grc' dir='ltr'><strong>τῶν</strong></span> <span class='ocrx_word' id='word_1_292' title='bbox 1731 2792 1827 2860; x_wconf 84' lang='grc' dir='ltr'>τῆς</span> <span class='ocrx_word' id='word_1_293' title='bbox 1872 2791 1994 2842; x_wconf 82' lang='grc' dir='ltr'><strong>Ἐκ-</strong></span> 
     </span>
    </p>
   </div>
   <div class='ocr_carea' id='block_1_45' title="bbox 413 2878 1991 2951">
    <p class='ocr_par' dir='ltr' id='par_1_45' title="bbox 413 2878 1991 2951">
     <span class='ocr_line' id='line_1_45' title="bbox 413 2878 1991 2951; baseline 0.003 -22"><span class='ocrx_word' id='word_1_294' title='bbox 413 2879 646 2945; x_wconf 73' lang='grc' dir='ltr'>κ).ησίας</span> <span class='ocrx_word' id='word_1_295' title='bbox 681 2878 862 2947; x_wconf 88' lang='grc' dir='ltr'>μόνον,</span> <span class='ocrx_word' id='word_1_296' title='bbox 890 2879 1025 2932; x_wconf 88' lang='grc' dir='ltr'><strong>ἀλλά</strong></span> <span class='ocrx_word' id='word_1_297' title='bbox 1061 2880 1156 2933; x_wconf 76' lang='grc' dir='ltr'>καὶ</span> <span class='ocrx_word' id='word_1_298' title='bbox 1183 2883 1398 2934; x_wconf 75' lang='grc' dir='ltr'>πάντων</span> <span class='ocrx_word' id='word_1_299' title='bbox 1428 2882 1634 2946; x_wconf 85' lang='grc' dir='ltr'>ἁπλῶς,</span> <span class='ocrx_word' id='word_1_300' title='bbox 1663 2881 1738 2944; x_wconf 84' lang='grc' dir='ltr'>ὡς</span> <span class='ocrx_word' id='word_1_301' title='bbox 1789 2881 1991 2951; x_wconf 68' lang='grc' dir='ltr'>μηδένα</span> 
     </span>
    </p>
   </div>
   <div class='ocr_carea' id='block_1_46' title="bbox 416 2967 1989 3042">
    <p class='ocr_par' dir='ltr' id='par_1_46' title="bbox 416 2967 1989 3042">
     <span class='ocr_line' id='line_1_46' title="bbox 416 2967 1989 3042; baseline 0.003 -24"><span class='ocrx_word' id='word_1_302' title='bbox 416 2967 806 3037; x_wconf 82' lang='grc' dir='ltr'>ὑπολειφθῆναι</span> <span class='ocrx_word' id='word_1_303' title='bbox 831 2969 928 3038; x_wconf 80' lang='grc' dir='ltr'>τῆς</span> <span class='ocrx_word' id='word_1_304' title='bbox 972 2970 1139 3023; x_wconf 77' lang='grc' dir='ltr'>αὑτοῦ</span> <span class='ocrx_word' id='word_1_305' title='bbox 1175 2973 1430 3039; x_wconf 77' lang='grc' dir='ltr'>προνοίας</span> <span class='ocrx_word' id='word_1_306' title='bbox 1456 2972 1746 3042; x_wconf 80' lang='grc' dir='ltr'>ἀμέτοχον,</span> <span class='ocrx_word' id='word_1_307' title='bbox 1783 2974 1873 3024; x_wconf 74' lang='grc' dir='ltr'>τὸν</span> <span class='ocrx_word' id='word_1_308' title='bbox 1915 2973 1989 3041; x_wconf 82' lang='grc' dir='ltr'>μὴ</span> 
     </span>
    </p>
   </div>
   <div class='ocr_carea' id='block_1_47' title="bbox 414 3060 1353 3132">
    <p class='ocr_par' dir='ltr' id='par_1_47' title="bbox 414 3060 1353 3132">
     <span class='ocr_line' id='line_1_47' title="bbox 414 3060 1353 3132; baseline 0.006 -21"><span class='ocrx_word' id='word_1_309' title='bbox 414 3061 519 3128; x_wconf 82' lang='grc' dir='ltr'><strong>τῆς</strong></span> <span class='ocrx_word' id='word_1_310' title='bbox 547 3060 713 3114; x_wconf 82' lang='grc' dir='ltr'>αὑτοῦ</span> <span class='ocrx_word' id='word_1_311' title='bbox 741 3063 920 3132; x_wconf 85' lang='grc' dir='ltr'>χειρὸς</span> <span class='ocrx_word' id='word_1_312' title='bbox 949 3062 1353 3117; x_wconf 87' lang='grc' dir='ltr'>ἀπολαύσαντα.</span> 
     </span>
    </p>
   </div>
   <div class='ocr_carea' id='block_1_48' title="bbox 487 3153 1987 3226">
    <p class='ocr_par' dir='ltr' id='par_1_48' title="bbox 487 3153 1987 3226">
     <span class='ocr_line' id='line_1_48' title="bbox 487 3153 1987 3226; baseline 0.001 -20"><span class='ocrx_word' id='word_1_313' title='bbox 487 3155 610 3206; x_wconf 86' lang='grc' dir='ltr'>Τῶν</span> <span class='ocrx_word' id='word_1_314' title='bbox 641 3154 940 3221; x_wconf 78' lang='grc' dir='ltr'>Ούγγάρων</span> <span class='ocrx_word' id='word_1_315' title='bbox 969 3153 1067 3223; x_wconf 85' lang='grc' dir='ltr'>τὴν</span> <span class='ocrx_word' id='word_1_316' title='bbox 1107 3157 1242 3224; x_wconf 84' lang='grc' dir='ltr'>πρὸς</span> <span class='ocrx_word' id='word_1_317' title='bbox 1282 3155 1586 3222; x_wconf 81' lang='grc' dir='ltr'>Ῥωμαίους</span> <span class='ocrx_word' id='word_1_318' title='bbox 1619 3157 1842 3226; x_wconf 87' lang='grc' dir='ltr'>εἰρηνην</span> <span class='ocrx_word' id='word_1_319' title='bbox 1875 3155 1987 3207; x_wconf 88' lang='grc' dir='ltr'>δια-</span> 
     </span>
    </p>
   </div>
   <div class='ocr_carea' id='block_1_49' title="bbox 415 3217 2058 3317">
    <p class='ocr_par' dir='ltr' id='par_1_49' title="bbox 415 3217 2058 3317">
     <span class='ocr_line' id='line_1_49' title="bbox 415 3217 2058 3317; baseline -0.001 -18"><span class='ocrx_word' id='word_1_320' title='bbox 415 3217 840 3316; x_wconf 34' lang='grc' dir='ltr'>λυσάντωνξῌ).</span> <span class='ocrx_word' id='word_1_321' title='bbox 880 3217 1268 3316; x_wconf 36' lang='grc' dir='ltr'><strong>810]-καί-τῶν</strong></span> <span class='ocrx_word' id='word_1_322' title='bbox 1299 3217 1652 3311; x_wconf 76' lang='grc' dir='ltr'>Πατζινάκων</span> <span class='ocrx_word' id='word_1_323' title='bbox 1671 3217 1739 3301; x_wconf 42' lang='grc' dir='ltr'>δὲ.</span> <span class='ocrx_word' id='word_1_324' title='bbox 1760 3217 1989 3317; x_wconf 61' lang='grc' dir='ltr'>ἐξερπυ-</span> <span class='ocrx_word' id='word_1_325' title='bbox 2015 3217 2058 3279; x_wconf 79' lang='lat' dir='ltr'><strong>C</strong></span> 
     </span>
    </p>
   </div>
   <div class='ocr_carea' id='block_1_50' title="bbox 417 3339 1989 3413">
    <p class='ocr_par' dir='ltr' id='par_1_50' title="bbox 417 3339 1989 3413">
     <span class='ocr_line' id='line_1_50' title="bbox 417 3339 1989 3413; baseline -0.001 -17"><span class='ocrx_word' id='word_1_326' title='bbox 417 3345 630 3398; x_wconf 80' lang='grc' dir='ltr'>σάντων</span> <span class='ocrx_word' id='word_1_327' title='bbox 667 3342 776 3394; x_wconf 87' lang='grc' dir='ltr'><strong>τῶν</strong></span> <span class='ocrx_word' id='word_1_328' title='bbox 801 3341 1026 3410; x_wconf 88' lang='grc' dir='ltr'>φωλεῶν</span> <span class='ocrx_word' id='word_1_329' title='bbox 1061 3339 1143 3406; x_wconf 76' lang='grc' dir='ltr'>οἷς</span> <span class='ocrx_word' id='word_1_330' title='bbox 1172 3342 1548 3413; x_wconf 78' lang='grc' dir='ltr'>ἐνεκρύϐησαν</span> <span class='ocrx_word' id='word_1_331' title='bbox 1571 3345 1664 3396; x_wconf 73' lang='grc' dir='ltr'><strong>καὶ</strong></span> <span class='ocrx_word' id='word_1_332' title='bbox 1689 3343 1788 3413; x_wconf 83' lang='grc' dir='ltr'><strong>τὴν</strong></span> <span class='ocrx_word' id='word_1_333' title='bbox 1811 3360 1989 3412; x_wconf 82' lang='grc' dir='ltr'>παρα-</span> 
     </span>
    </p>
   </div>
   <div class='ocr_carea' id='block_1_51' title="bbox 413 3431 1988 3504">
    <p class='ocr_par' dir='ltr' id='par_1_51' title="bbox 413 3431 1988 3504">
     <span class='ocr_line' id='line_1_51' title="bbox 413 3431 1988 3504; baseline 0 -17"><span class='ocrx_word' id='word_1_334' title='bbox 413 3434 681 3503; x_wconf 82' lang='grc' dir='ltr'>κειμένην</span> <span class='ocrx_word' id='word_1_335' title='bbox 711 3431 894 3502; x_wconf 85' lang='grc' dir='ltr'>χώραν</span> <span class='ocrx_word' id='word_1_336' title='bbox 927 3435 1201 3500; x_wconf 85' lang='grc' dir='ltr'>σινόντων,</span> <span class='ocrx_word' id='word_1_337' title='bbox 1232 3433 1298 3486; x_wconf 78' lang='grc' dir='ltr'><strong>τά</strong></span> <span class='ocrx_word' id='word_1_338' title='bbox 1329 3434 1464 3504; x_wconf 87' lang='grc' dir='ltr'>πρὸς</span> <span class='ocrx_word' id='word_1_339' title='bbox 1501 3433 1598 3504; x_wconf 77' lang='grc' dir='ltr'>τὴν</span> <span class='ocrx_word' id='word_1_340' title='bbox 1633 3435 1988 3504; x_wconf 79' lang='grc' dir='ltr'>ἐκστρατείαν</span> 
     </span>
    </p>
   </div>
   <div class='ocr_carea' id='block_1_52' title="bbox 415 3523 1988 3596">
    <p class='ocr_par' dir='ltr' id='par_1_52' title="bbox 415 3523 1988 3596">
     <span class='ocr_line' id='line_1_52' title="bbox 415 3523 1988 3596; baseline 0.001 -18"><span class='ocrx_word' id='word_1_341' title='bbox 415 3524 722 3592; x_wconf 76' lang='grc' dir='ltr'>ἐξαρτύσας</span> <span class='ocrx_word' id='word_1_342' title='bbox 765 3526 793 3577; x_wconf 85' lang='grc' dir='ltr'>ὁ</span> <span class='ocrx_word' id='word_1_343' title='bbox 828 3523 1080 3592; x_wconf 78' lang='grc' dir='ltr'>βασιλεὺς</span> <span class='ocrx_word' id='word_1_344' title='bbox 1113 3523 1279 3588; x_wconf 81' lang='grc' dir='ltr'>ἐξεισι</span> <span class='ocrx_word' id='word_1_345' title='bbox 1313 3526 1674 3596; x_wconf 78' lang='grc' dir='ltr'>πασίῥρωμος</span> <span class='ocrx_word' id='word_1_346' title='bbox 1708 3528 1792 3589; x_wconf 89' lang='grc' dir='ltr'><strong>εἰς</strong></span> <span class='ocrx_word' id='word_1_347' title='bbox 1823 3527 1988 3596; x_wconf 85' lang='grc' dir='ltr'>Τριά-</span> 
     </span>
    </p>
   </div>
   <div class='ocr_carea' id='block_1_53' title="bbox 413 3613 1984 3686">
    <p class='ocr_par' dir='ltr' id='par_1_53' title="bbox 413 3613 1984 3686">
     <span class='ocr_line' id='line_1_53' title="bbox 413 3613 1984 3686; baseline 0.001 -19"><span class='ocrx_word' id='word_1_348' title='bbox 413 3615 617 3679; x_wconf 76' lang='grc' dir='ltr'>διτζαν.</span> <span class='ocrx_word' id='word_1_349' title='bbox 671 3615 880 3667; x_wconf 83' lang='grc' dir='ltr'>Ἐκεῖσέ</span> <span class='ocrx_word' id='word_1_350' title='bbox 915 3630 975 3667; x_wconf 91' lang='grc' dir='ltr'><strong>τε</strong></span> <span class='ocrx_word' id='word_1_351' title='bbox 1012 3613 1273 3684; x_wconf 77' lang='grc' dir='ltr'>πρέσϐεις</span> <span class='ocrx_word' id='word_1_352' title='bbox 1314 3615 1452 3683; x_wconf 84' lang='grc' dir='ltr'>πρὸς</span> <span class='ocrx_word' id='word_1_353' title='bbox 1499 3614 1607 3667; x_wconf 90' lang='grc' dir='ltr'><strong>τῶν</strong></span> <span class='ocrx_word' id='word_1_354' title='bbox 1679 3617 1984 3686; x_wconf 84' lang='grc' dir='ltr'>Ούγγάρων</span> 
     </span>
    </p>
   </div>
   <div class='ocr_carea' id='block_1_54' title="bbox 415 3704 1987 3777">
    <p class='ocr_par' dir='ltr' id='par_1_54' title="bbox 415 3704 1987 3777">
     <span class='ocr_line' id='line_1_54' title="bbox 415 3704 1987 3777; baseline 0.001 -18"><span class='ocrx_word' id='word_1_355' title='bbox 415 3707 729 3775; x_wconf 84' lang='grc' dir='ltr'>δεξάμενος,</span> <span class='ocrx_word' id='word_1_356' title='bbox 771 3706 868 3777; x_wconf 79' lang='grc' dir='ltr'>τὴν</span> <span class='ocrx_word' id='word_1_357' title='bbox 932 3704 1048 3776; x_wconf 83' lang='grc' dir='ltr'>μετ’</span> <span class='ocrx_word' id='word_1_358' title='bbox 1103 3705 1284 3760; x_wconf 81' lang='grc' dir='ltr'>αὐτῶν</span> <span class='ocrx_word' id='word_1_359' title='bbox 1330 3707 1557 3777; x_wconf 87' lang='grc' dir='ltr'>εἰρήνην</span> <span class='ocrx_word' id='word_1_360' title='bbox 1617 3709 1873 3777; x_wconf 82' lang='grc' dir='ltr'>κυρώσας</span> <span class='ocrx_word' id='word_1_361' title='bbox 1912 3709 1987 3771; x_wconf 83' lang='grc' dir='ltr'>ὡς</span> 
     </span>
    </p>
   </div>
   <div class='ocr_carea' id='block_1_55' title="bbox 413 3796 1988 3869">
    <p class='ocr_par' dir='ltr' id='par_1_55' title="bbox 413 3796 1988 3869">
     <span class='ocr_line' id='line_1_55' title="bbox 413 3796 1988 3869; baseline 0.002 -20"><span class='ocrx_word' id='word_1_362' title='bbox 413 3798 565 3868; x_wconf 76' lang='grc' dir='ltr'>ἐνῆν,</span> <span class='ocrx_word' id='word_1_363' title='bbox 591 3797 684 3850; x_wconf 78' lang='grc' dir='ltr'>ἐπὶ</span> <span class='ocrx_word' id='word_1_364' title='bbox 709 3798 836 3860; x_wconf 79' lang='grc' dir='ltr'>τοὺς</span> <span class='ocrx_word' id='word_1_365' title='bbox 865 3797 1237 3860; x_wconf 75' lang='grc' dir='ltr'>Πατξινάκους</span> <span class='ocrx_word' id='word_1_366' title='bbox 1275 3796 1582 3868; x_wconf 82' lang='grc' dir='ltr'>ἐξώρμησε.</span> <span class='ocrx_word' id='word_1_367' title='bbox 1633 3802 1801 3869; x_wconf 75' lang='grc' dir='ltr'>Διπρη</span> <span class='ocrx_word' id='word_1_368' title='bbox 1813 3799 1988 3867; x_wconf 84' lang='grc' dir='ltr'>μένων</span> 
     </span>
    </p>
   </div>
   <div class='ocr_carea' id='block_1_56' title="bbox 415 3889 1988 3960">
    <p class='ocr_par' dir='ltr' id='par_1_56' title="bbox 415 3889 1988 3960">
     <span class='ocr_line' id='line_1_56' title="bbox 415 3889 1988 3960; baseline 0.001 -16"><span class='ocrx_word' id='word_1_369' title='bbox 415 3891 473 3944; x_wconf 66' lang='grc' dir='ltr'>δὲ</span> <span class='ocrx_word' id='word_1_370' title='bbox 502 3889 686 3942; x_wconf 81' lang='grc' dir='ltr'>αὐτῶν</span> <span class='ocrx_word' id='word_1_371' title='bbox 736 3889 883 3942; x_wconf 87' lang='grc' dir='ltr'><strong>κατά</strong></span> <span class='ocrx_word' id='word_1_372' title='bbox 929 3890 1124 3956; x_wconf 81' lang='grc' dir='ltr'>γενεὰς</span> <span class='ocrx_word' id='word_1_373' title='bbox 1152 3890 1246 3944; x_wconf 75' lang='grc' dir='ltr'><strong>καὶ</strong></span> <span class='ocrx_word' id='word_1_374' title='bbox 1292 3889 1546 3959; x_wconf 79' lang='grc' dir='ltr'>φατρίας,</span> <span class='ocrx_word' id='word_1_375' title='bbox 1579 3892 1627 3944; x_wconf 93' lang='grc' dir='ltr'><strong>οἱ</strong></span> <span class='ocrx_word' id='word_1_376' title='bbox 1685 3890 1783 3960; x_wconf 82' lang='grc' dir='ltr'><strong>μέν</strong></span> <span class='ocrx_word' id='word_1_377' title='bbox 1814 3891 1988 3945; x_wconf 72' lang='grc' dir='ltr'>λοιποὶ</span> 
     </span>
    </p>
   </div>
   <div class='ocr_carea' id='block_1_57' title="bbox 416 3977 1986 4054">
    <p class='ocr_par' dir='ltr' id='par_1_57' title="bbox 416 3977 1986 4054">
     <span class='ocr_line' id='line_1_57' title="bbox 416 3977 1986 4054; baseline 0.004 -23"><span class='ocrx_word' id='word_1_378' title='bbox 416 3978 685 4050; x_wconf 77' lang='grc' dir='ltr'>ἡγεμόνες</span> <span class='ocrx_word' id='word_1_379' title='bbox 721 3979 801 4050; x_wconf 85' lang='grc' dir='ltr'>τῷ</span> <span class='ocrx_word' id='word_1_380' title='bbox 852 3977 1062 4050; x_wconf 80' lang='grc' dir='ltr'>βασιλεῖ</span> <span class='ocrx_word' id='word_1_381' title='bbox 1095 3981 1480 4046; x_wconf 84' lang='grc' dir='ltr'>ύποκλιθέντες</span> <span class='ocrx_word' id='word_1_382' title='bbox 1516 3983 1765 4054; x_wconf 89' lang='grc' dir='ltr'>εἰρηνικά</span> <span class='ocrx_word' id='word_1_383' title='bbox 1796 4001 1854 4037; x_wconf 89' lang='grc' dir='ltr'><strong>τε</strong></span> <span class='ocrx_word' id='word_1_384' title='bbox 1893 3985 1986 4038; x_wconf 77' lang='grc' dir='ltr'>καὶ</span> 
     </span>
    </p>
   </div>
   <div class='ocr_carea' id='block_1_58' title="bbox 417 4070 1986 4145">
    <p class='ocr_par' dir='ltr' id='par_1_58' title="bbox 417 4070 1986 4145">
     <span class='ocr_line' id='line_1_58' title="bbox 417 4070 1986 4145; baseline 0.004 -23"><span class='ocrx_word' id='word_1_385' title='bbox 417 4070 571 4138; x_wconf 87' lang='grc' dir='ltr'>φίλια</span> <span class='ocrx_word' id='word_1_386' title='bbox 599 4070 926 4139; x_wconf 66' lang='grc' dir='ltr'>ἐφρόνησαν),</span> <span class='ocrx_word' id='word_1_387' title='bbox 977 4072 1136 4141; x_wconf 85' lang='grc' dir='ltr'>μόνος</span> <span class='ocrx_word' id='word_1_388' title='bbox 1164 4071 1220 4124; x_wconf 76' lang='grc' dir='ltr'>δὲ</span> <span class='ocrx_word' id='word_1_389' title='bbox 1257 4074 1284 4124; x_wconf 88' lang='grc' dir='ltr'><strong>δ</strong></span> <span class='ocrx_word' id='word_1_390' title='bbox 1317 4073 1480 4126; x_wconf 86' lang='grc' dir='ltr'>Σελτέ</span> <span class='ocrx_word' id='word_1_391' title='bbox 1512 4077 1673 4144; x_wconf 86' lang='grc' dir='ltr'>χεῖρα</span> <span class='ocrx_word' id='word_1_392' title='bbox 1701 4074 1884 4128; x_wconf 82' lang='grc' dir='ltr'>δοῦναι</span> <span class='ocrx_word' id='word_1_393' title='bbox 1909 4077 1986 4145; x_wconf 84' lang='grc' dir='ltr'>τῷ</span> 
     </span>
    </p>
   </div>
   <div class='ocr_carea' id='block_1_59' title="bbox 416 4161 1985 4236">
    <p class='ocr_par' dir='ltr' id='par_1_59' title="bbox 416 4161 1985 4236">
     <span class='ocr_line' id='line_1_59' title="bbox 416 4161 1985 4236; baseline 0.003 -21"><span class='ocrx_word' id='word_1_394' title='bbox 416 4161 630 4230; x_wconf 85' lang='grc' dir='ltr'>βασιλεί</span> <span class='ocrx_word' id='word_1_395' title='bbox 682 4163 782 4215; x_wconf 85' lang='grc' dir='ltr'><strong>οὐκ</strong></span> <span class='ocrx_word' id='word_1_396' title='bbox 823 4162 1081 4231; x_wconf 80' lang='grc' dir='ltr'>ἠθέλησε,</span> <span class='ocrx_word' id='word_1_397' title='bbox 1121 4165 1234 4226; x_wconf 84' lang='grc' dir='ltr'><strong>τοίς</strong></span> <span class='ocrx_word' id='word_1_398' title='bbox 1285 4164 1433 4217; x_wconf 78' lang='grc' dir='ltr'>ῑλεσι</span> <span class='ocrx_word' id='word_1_399' title='bbox 1477 4165 1571 4219; x_wconf 84' lang='grc' dir='ltr'><strong>τοῦ</strong></span> <span class='ocrx_word' id='word_1_400' title='bbox 1613 4168 1852 4236; x_wconf 86' lang='grc' dir='ltr'>Ἴστρου,</span> <span class='ocrx_word' id='word_1_401' title='bbox 1905 4161 1985 4229; x_wconf 81' lang='grc' dir='ltr'>οἷς</span> 
     </span>
    </p>
   </div>
   <div class='ocr_carea' id='block_1_60' title="bbox 415 4253 1986 4330">
    <p class='ocr_par' dir='ltr' id='par_1_60' title="bbox 415 4253 1986 4330">
     <span class='ocr_line' id='line_1_60' title="bbox 415 4253 1986 4330; baseline 0.004 -25"><span class='ocrx_word' id='word_1_402' title='bbox 415 4253 709 4320; x_wconf 77' lang='grc' dir='ltr'>συνέφυγε,</span> <span class='ocrx_word' id='word_1_403' title='bbox 747 4255 840 4307; x_wconf 76' lang='grc' dir='ltr'>καὶ</span> <span class='ocrx_word' id='word_1_404' title='bbox 879 4257 944 4324; x_wconf 79' lang='grc' dir='ltr'>τῇ</span> <span class='ocrx_word' id='word_1_405' title='bbox 972 4257 1150 4307; x_wconf 82' lang='grc' dir='ltr'>ἐκεῖσε</span> <span class='ocrx_word' id='word_1_406' title='bbox 1202 4257 1543 4328; x_wconf 84' lang='grc' dir='ltr'>ἀποκρήμνῳ</span> <span class='ocrx_word' id='word_1_407' title='bbox 1575 4257 1749 4329; x_wconf 78' lang='grc' dir='ltr'>πέτρᾳ</span> <span class='ocrx_word' id='word_1_408' title='bbox 1774 4259 1986 4330; x_wconf 87' lang='grc' dir='ltr'>ἐπερει-</span> 
     </span>
    </p>
   </div>
   <div class='ocr_carea' id='block_1_61' title="bbox 412 4338 1982 4420">
    <p class='ocr_par' dir='ltr' id='par_1_61' title="bbox 412 4338 1982 4420">
     <span class='ocr_line' id='line_1_61' title="bbox 412 4338 1982 4420; baseline 0.003 -23"><span class='ocrx_word' id='word_1_409' title='bbox 412 4344 670 4412; x_wconf 79' lang='grc' dir='ltr'>δόμενοςο</span> <span class='ocrx_word' id='word_1_410' title='bbox 731 4338 813 4407; x_wconf 71' lang='grc' dir='ltr'>οἷς</span> <span class='ocrx_word' id='word_1_411' title='bbox 847 4346 940 4398; x_wconf 75' lang='grc' dir='ltr'>καὶ</span> <span class='ocrx_word' id='word_1_412' title='bbox 981 4343 1265 4416; x_wconf 78' lang='grc' dir='ltr'>θαρρήσας</span> <span class='ocrx_word' id='word_1_413' title='bbox 1311 4349 1391 4409; x_wconf 84' lang='grc' dir='ltr'><strong>είς</strong></span> <span class='ocrx_word' id='word_1_414' title='bbox 1442 4349 1504 4400; x_wconf 81' lang='grc' dir='ltr'>τὸ</span> <span class='ocrx_word' id='word_1_415' title='bbox 1543 4348 1727 4402; x_wconf 85' lang='grc' dir='ltr'>πεδίον</span> <span class='ocrx_word' id='word_1_416' title='bbox 1771 4347 1982 4420; x_wconf 78' lang='grc' dir='ltr'>ἐξῆλθε,</span> 
     </span>
    </p>
   </div>
   <div class='ocr_carea' id='block_1_62' title="bbox 414 4433 1986 4509">
    <p class='ocr_par' dir='ltr' id='par_1_62' title="bbox 414 4433 1986 4509">
     <span class='ocr_line' id='line_1_62' title="bbox 414 4433 1986 4509; baseline 0.004 -23"><span class='ocrx_word' id='word_1_417' title='bbox 414 4433 683 4504; x_wconf 79' lang='grc' dir='ltr'>συρῤἀξαι</span> <span class='ocrx_word' id='word_1_418' title='bbox 724 4433 802 4504; x_wconf 85' lang='grc' dir='ltr'>τῷ</span> <span class='ocrx_word' id='word_1_419' title='bbox 838 4433 1046 4503; x_wconf 79' lang='grc' dir='ltr'>βασιλεῖ</span> <span class='ocrx_word' id='word_1_420' title='bbox 1093 4435 1565 4506; x_wconf 80' lang='grc' dir='ltr'>προθυμούμενος.</span> <span class='ocrx_word' id='word_1_421' title='bbox 1610 4438 1723 4491; x_wconf 81' lang='grc' dir='ltr'>Οὐκ</span> <span class='ocrx_word' id='word_1_422' title='bbox 1757 4440 1838 4502; x_wconf 82' lang='grc' dir='ltr'><strong>εἰς</strong></span> <span class='ocrx_word' id='word_1_423' title='bbox 1881 4457 1986 4509; x_wconf 87' lang='grc' dir='ltr'>μα-</span> 
     </span>
    </p>
   </div>
   <div class='ocr_carea' id='block_1_63' title="bbox 413 4523 2058 4606">
    <p class='ocr_par' dir='ltr' id='par_1_63' title="bbox 413 4523 2058 4606">
     <span class='ocr_line' id='line_1_63' title="bbox 413 4523 2058 4606; baseline 0.004 -30"><span class='ocrx_word' id='word_1_424' title='bbox 413 4525 553 4593; x_wconf 88' lang='grc' dir='ltr'><strong>κράν</strong></span> <span class='ocrx_word' id='word_1_425' title='bbox 585 4523 641 4577; x_wconf 75' lang='grc' dir='ltr'><strong>δέ</strong></span> <span class='ocrx_word' id='word_1_426' title='bbox 669 4523 769 4593; x_wconf 84' lang='grc' dir='ltr'>τῆς</span> <span class='ocrx_word' id='word_1_427' title='bbox 800 4523 1008 4588; x_wconf 88' lang='grc' dir='ltr'>οἰκείας</span> <span class='ocrx_word' id='word_1_428' title='bbox 1037 4524 1298 4588; x_wconf 84' lang='grc' dir='ltr'>ἀπονοίας</span> <span class='ocrx_word' id='word_1_429' title='bbox 1327 4526 1624 4596; x_wconf 80' lang='grc' dir='ltr'>ἐκομίσατο</span> <span class='ocrx_word' id='word_1_430' title='bbox 1673 4529 1744 4580; x_wconf 82' lang='grc' dir='ltr'><strong>τα</strong></span> <span class='ocrx_word' id='word_1_431' title='bbox 1772 4529 1978 4599; x_wconf 80' lang='grc' dir='ltr'>ἐπίχει·</span> <span class='ocrx_word' id='word_1_432' title='bbox 2014 4549 2058 4606; x_wconf 72' lang='grc' dir='ltr'><strong>ῃ</strong></span> 
     </span>
    </p>
   </div>
   <div class='ocr_carea' id='block_1_64' title="bbox 418 4614 1979 4686">
    <p class='ocr_par' dir='ltr' id='par_1_64' title="bbox 418 4614 1979 4686">
     <span class='ocr_line' id='line_1_64' title="bbox 418 4614 1979 4686; baseline 0.003 -17"><span class='ocrx_word' id='word_1_433' title='bbox 418 4632 488 4684; x_wconf 90' lang='grc' dir='ltr'><strong>ρα</strong></span> <span class='ocrx_word' id='word_1_434' title='bbox 507 4632 523 4647; x_wconf 78' lang='grc' dir='ltr'><strong>ο</strong></span> <span class='ocrx_word' id='word_1_435' title='bbox 565 4614 826 4685; x_wconf 83' lang='grc' dir='ltr'>βραχείας</span> <span class='ocrx_word' id='word_1_436' title='bbox 856 4615 963 4684; x_wconf 81' lang='grc' dir='ltr'>γὰρ</span> <span class='ocrx_word' id='word_1_437' title='bbox 1021 4614 1236 4686; x_wconf 85' lang='grc' dir='ltr'>μερίδος</span> <span class='ocrx_word' id='word_1_438' title='bbox 1267 4615 1379 4670; x_wconf 91' lang='grc' dir='ltr'><strong>τῶν</strong></span> <span class='ocrx_word' id='word_1_439' title='bbox 1437 4616 1733 4686; x_wconf 83' lang='grc' dir='ltr'>βασιλικῶν</span> <span class='ocrx_word' id='word_1_440' title='bbox 1763 4619 1979 4673; x_wconf 47' lang='grc' dir='ltr'>ἀντιτα.</span> 
     </span>
    </p>
   </div>
   <div class='ocr_carea' id='block_1_65' title="bbox 409 4705 1974 4778">
    <p class='ocr_par' dir='ltr' id='par_1_65' title="bbox 409 4705 1974 4778">
     <span class='ocr_line' id='line_1_65' title="bbox 409 4705 1974 4778; baseline 0.004 -21"><span class='ocrx_word' id='word_1_441' title='bbox 409 4705 638 4776; x_wconf 83' lang='grc' dir='ltr'>χθείσης</span> <span class='ocrx_word' id='word_1_442' title='bbox 656 4705 806 4775; x_wconf 86' lang='grc' dir='ltr'>αύτῷ</span> <span class='ocrx_word' id='word_1_443' title='bbox 840 4706 1019 4774; x_wconf 82' lang='grc' dir='ltr'>φυγὰς</span> <span class='ocrx_word' id='word_1_444' title='bbox 1046 4706 1239 4777; x_wconf 75' lang='grc' dir='ltr'>ᾤχετο,</span> <span class='ocrx_word' id='word_1_445' title='bbox 1275 4708 1370 4760; x_wconf 67' lang='grc' dir='ltr'>καὶ</span> <span class='ocrx_word' id='word_1_446' title='bbox 1399 4709 1780 4778; x_wconf 80' lang='grc' dir='ltr'>κρησφύγετον</span> <span class='ocrx_word' id='word_1_447' title='bbox 1809 4710 1974 4764; x_wconf 80' lang='grc' dir='ltr'>αὐτοῦ</span> 
     </span>
    </p>
   </div>
   <div class='ocr_carea' id='block_1_66' title="bbox 408 4793 1976 4870">
    <p class='ocr_par' dir='ltr' id='par_1_66' title="bbox 408 4793 1976 4870">
     <span class='ocr_line' id='line_1_66' title="bbox 408 4793 1976 4870; baseline 0.004 -22"><span class='ocrx_word' id='word_1_448' title='bbox 408 4795 615 4866; x_wconf 70' lang='grc' dir='ltr'>ληφθδν</span> <span class='ocrx_word' id='word_1_449' title='bbox 648 4797 984 4868; x_wconf 75' lang='grc' dir='ltr'>κατεριζῶθη</span> <span class='ocrx_word' id='word_1_450' title='bbox 1017 4799 1080 4851; x_wconf 88' lang='grc' dir='ltr'><strong>ἐκ</strong></span> <span class='ocrx_word' id='word_1_451' title='bbox 1111 4797 1327 4868; x_wconf 82' lang='grc' dir='ltr'>βάθρων</span> <span class='ocrx_word' id='word_1_452' title='bbox 1375 4793 1577 4855; x_wconf 82' lang='grc' dir='ltr'>αὐτῶν.</span> <span class='ocrx_word' id='word_1_453' title='bbox 1617 4800 1674 4853; x_wconf 90' lang='lat'><strong>&#39;0</strong></span> <span class='ocrx_word' id='word_1_454' title='bbox 1715 4801 1771 4854; x_wconf 68' lang='grc' dir='ltr'>δὲ</span> <span class='ocrx_word' id='word_1_455' title='bbox 1820 4800 1976 4870; x_wconf 84' lang='grc' dir='ltr'>βασι-</span> 
     </span>
    </p>
   </div>
   <div class='ocr_carea' id='block_1_67' title="bbox 409 4887 1974 4961">
    <p class='ocr_par' dir='ltr' id='par_1_67' title="bbox 409 4887 1974 4961">
     <span class='ocr_line' id='line_1_67' title="bbox 409 4887 1974 4961; baseline 0.004 -23"><span class='ocrx_word' id='word_1_456' title='bbox 409 4887 536 4948; x_wconf 78' lang='grc' dir='ltr'>λεὺς</span> <span class='ocrx_word' id='word_1_457' title='bbox 592 4888 730 4956; x_wconf 88' lang='grc' dir='ltr'><strong>μετά</strong></span> <span class='ocrx_word' id='word_1_458' title='bbox 775 4888 837 4941; x_wconf 79' lang='grc' dir='ltr'>τὸ</span> <span class='ocrx_word' id='word_1_459' title='bbox 885 4887 1074 4942; x_wconf 81' lang='grc' dir='ltr'>τοῦτον</span> <span class='ocrx_word' id='word_1_460' title='bbox 1120 4889 1508 4961; x_wconf 79' lang='grc' dir='ltr'>τροπώσασθαι</span> <span class='ocrx_word' id='word_1_461' title='bbox 1563 4892 1658 4945; x_wconf 72' lang='grc' dir='ltr'>καὶ</span> <span class='ocrx_word' id='word_1_462' title='bbox 1709 4892 1974 4960; x_wconf 79' lang='grc' dir='ltr'>ἀφανίσαι</span> 
     </span>
    </p>
   </div>
   <div class='ocr_carea' id='block_1_68' title="bbox 408 4978 1974 5054">
    <p class='ocr_par' dir='ltr' id='par_1_68' title="bbox 408 4978 1974 5054">
     <span class='ocr_line' id='line_1_68' title="bbox 408 4978 1974 5054; baseline 0.003 -24"><span class='ocrx_word' id='word_1_463' title='bbox 408 4978 578 5048; x_wconf 74' lang='grc' dir='ltr'>ἄρδην</span> <span class='ocrx_word' id='word_1_464' title='bbox 626 4979 926 5044; x_wconf 79' lang='grc' dir='ltr'>ἀναζεύξας</span> <span class='ocrx_word' id='word_1_465' title='bbox 967 4981 1278 5051; x_wconf 82' lang='grc' dir='ltr'>ἐσκήνωσεν</span> <span class='ocrx_word' id='word_1_466' title='bbox 1320 4984 1381 5035; x_wconf 77' lang='grc' dir='ltr'><strong>ἐν</strong></span> <span class='ocrx_word' id='word_1_467' title='bbox 1426 4982 1504 5052; x_wconf 83' lang='grc' dir='ltr'>τῷ</span> <span class='ocrx_word' id='word_1_468' title='bbox 1562 4983 1807 5053; x_wconf 80' lang='grc' dir='ltr'>Λοόιτζῷ</span> <span class='ocrx_word' id='word_1_469' title='bbox 1847 4985 1974 5054; x_wconf 68' lang='grc' dir='ltr'>περὶ</span> 
     </span>
    </p>
   </div>
   <div class='ocr_carea' id='block_1_69' title="bbox 407 5071 1974 5148">
    <p class='ocr_par' dir='ltr' id='par_1_69' title="bbox 407 5071 1974 5148">
     <span class='ocr_line' id='line_1_69' title="bbox 407 5071 1974 5148; baseline 0.004 -27"><span class='ocrx_word' id='word_1_470' title='bbox 407 5071 534 5132; x_wconf 81' lang='grc' dir='ltr'>τοὺς</span> <span class='ocrx_word' id='word_1_471' title='bbox 593 5071 790 5135; x_wconf 76' lang='grc' dir='ltr'>αὐτοὺς</span> <span class='ocrx_word' id='word_1_472' title='bbox 836 5073 1130 5142; x_wconf 71' lang='grc' dir='ltr'>πρότεοδας.</span> <span class='ocrx_word' id='word_1_473' title='bbox 1207 5073 1492 5143; x_wconf 82' lang='grc' dir='ltr'>Ῥαγδαίος</span> <span class='ocrx_word' id='word_1_474' title='bbox 1549 5075 1605 5130; x_wconf 86' lang='grc' dir='ltr'>δὲ</span> <span class='ocrx_word' id='word_1_475' title='bbox 1651 5076 1856 5148; x_wconf 74' lang='grc' dir='ltr'>ὄμϐρος</span> <span class='ocrx_word' id='word_1_476' title='bbox 1907 5079 1974 5146; x_wconf 80' lang='grc' dir='ltr'>τῇ</span> 
     </span>
    </p>
   </div>
   <div class='ocr_carea' id='block_1_70' title="bbox 409 5161 1974 5237">
    <p class='ocr_par' dir='ltr' id='par_1_70' title="bbox 409 5161 1974 5237">
     <span class='ocr_line' id='line_1_70' title="bbox 409 5161 1974 5237; baseline 0.004 -24"><span class='ocrx_word' id='word_1_477' title='bbox 409 5161 731 5234; x_wconf 71' lang='grc' dir='ltr'>παρεμϐολῇ</span> <span class='ocrx_word' id='word_1_478' title='bbox 806 5165 1274 5237; x_wconf 63' lang='grc' dir='ltr'>ἐπιηταρῤαγείς</span> <span class='ocrx_word' id='word_1_479' title='bbox 1352 5169 1445 5221; x_wconf 76' lang='grc' dir='ltr'>καὶ</span> <span class='ocrx_word' id='word_1_480' title='bbox 1506 5169 1720 5236; x_wconf 86' lang='grc' dir='ltr'>νιφετὸς</span> <span class='ocrx_word' id='word_1_481' title='bbox 1773 5168 1974 5236; x_wconf 68' lang='grc' dir='ltr'>ἔξωρος</span> 
     </span>
    </p>
   </div>
   <div class='ocr_carea' id='block_1_71' title="bbox 2094 1969 3656 2043">
    <p class='ocr_par' dir='ltr' id='par_1_71' title="bbox 2094 1969 3656 2043">
     <span class='ocr_line' id='line_1_71' title="bbox 2094 1969 3656 2043; baseline -0.009 -12"><span class='ocrx_word' id='word_1_482' title='bbox 2094 1982 2257 2032; x_wconf 80' lang='lat' dir='ltr'><strong>vetuit</strong></span> <span class='ocrx_word' id='word_1_483' title='bbox 2327 1993 2394 2031; x_wconf 92' lang='lat' dir='ltr'><strong>ne</strong></span> <span class='ocrx_word' id='word_1_484' title='bbox 2431 1975 2934 2043; x_wconf 83' lang='lat' dir='ltr'><strong>archiepiscopatus</strong></span> <span class='ocrx_word' id='word_1_485' title='bbox 2995 1974 3304 2026; x_wconf 91' lang='lat' dir='ltr'><strong>unctionem</strong></span> <span class='ocrx_word' id='word_1_486' title='bbox 3361 1969 3656 2040; x_wconf 82' lang='lat' dir='ltr'><strong>perfectam</strong></span> 
     </span>
    </p>
   </div>
   <div class='ocr_carea' id='block_1_72' title="bbox 2093 2059 3630 2136">
    <p class='ocr_par' dir='ltr' id='par_1_72' title="bbox 2093 2059 3630 2136">
     <span class='ocr_line' id='line_1_72' title="bbox 2093 2059 3630 2136; baseline -0.008 -14"><span class='ocrx_word' id='word_1_487' title='bbox 2093 2068 2383 2136; x_wconf 85' lang='lat' dir='ltr'><strong>acciperet,</strong></span> <span class='ocrx_word' id='word_1_488' title='bbox 2425 2067 2630 2136; x_wconf 83' lang='lat' dir='ltr'><strong>quoad,</strong></span> <span class='ocrx_word' id='word_1_489' title='bbox 2666 2065 2864 2134; x_wconf 86' lang='lat' dir='ltr'><strong>inquit,</strong></span> <span class='ocrx_word' id='word_1_490' title='bbox 2897 2078 2962 2119; x_wconf 90' lang='lat' dir='ltr'><strong>ea</strong></span> <span class='ocrx_word' id='word_1_491' title='bbox 2994 2078 3114 2132; x_wconf 82' lang='lat' dir='ltr'><strong>quae</strong></span> <span class='ocrx_word' id='word_1_492' title='bbox 3147 2069 3337 2115; x_wconf 83' lang='lat' dir='ltr'><strong>contra</strong></span> <span class='ocrx_word' id='word_1_493' title='bbox 3363 2070 3416 2112; x_wconf 87' lang='lat' dir='ltr'><strong>te</strong></span> <span class='ocrx_word' id='word_1_494' title='bbox 3447 2059 3630 2126; x_wconf 86' lang='lat' dir='ltr'><strong>jactan</strong></span> 
     </span>
    </p>
   </div>
   <div class='ocr_carea' id='block_1_73' title="bbox 2094 2151 3662 2230">
    <p class='ocr_par' dir='ltr' id='par_1_73' title="bbox 2094 2151 3662 2230">
     <span class='ocr_line' id='line_1_73' title="bbox 2094 2151 3662 2230; baseline -0.007 -16"><span class='ocrx_word' id='word_1_495' title='bbox 2094 2169 2182 2215; x_wconf 90' lang='lat' dir='ltr'><strong>tur</strong></span> <span class='ocrx_word' id='word_1_496' title='bbox 2201 2175 2296 2230; x_wconf 88' lang='lat' dir='ltr'><strong>per</strong></span> <span class='ocrx_word' id='word_1_497' title='bbox 2322 2159 2586 2230; x_wconf 77' lang='lat' dir='ltr'><strong>synodum</strong></span> <span class='ocrx_word' id='word_1_498' title='bbox 2621 2159 2887 2212; x_wconf 89' lang='lat' dir='ltr'><strong>canonice</strong></span> <span class='ocrx_word' id='word_1_499' title='bbox 2917 2155 3320 2210; x_wconf 80' lang='lat' dir='ltr'><strong>examinentur.</strong></span> <span class='ocrx_word' id='word_1_500' title='bbox 3348 2151 3662 2206; x_wconf 82' lang='lat' dir='ltr'><strong>Constanti-</strong></span> 
     </span>
    </p>
   </div>
   <div class='ocr_carea' id='block_1_74' title="bbox 2092 2247 3660 2321">
    <p class='ocr_par' dir='ltr' id='par_1_74' title="bbox 2092 2247 3660 2321">
     <span class='ocr_line' id='line_1_74' title="bbox 2092 2247 3660 2321; baseline -0.008 -13"><span class='ocrx_word' id='word_1_501' title='bbox 2092 2268 2196 2308; x_wconf 88' lang='lat' dir='ltr'><strong>nus</strong></span> <span class='ocrx_word' id='word_1_502' title='bbox 2228 2262 2408 2307; x_wconf 90' lang='lat' dir='ltr'><strong>autem</strong></span> <span class='ocrx_word' id='word_1_503' title='bbox 2443 2267 2548 2306; x_wconf 91' lang='lat' dir='ltr'><strong>non</strong></span> <span class='ocrx_word' id='word_1_504' title='bbox 2583 2254 2842 2321; x_wconf 82' lang='lat' dir='ltr'><strong>ignorans</strong></span> <span class='ocrx_word' id='word_1_505' title='bbox 2875 2251 2988 2303; x_wconf 62' lang='lat' dir='ltr'><strong>haec</strong></span> <span class='ocrx_word' id='word_1_506' title='bbox 3043 2247 3322 2317; x_wconf 87' lang='lat' dir='ltr'><strong>quomodo</strong></span> <span class='ocrx_word' id='word_1_507' title='bbox 3367 2255 3555 2298; x_wconf 86' lang='lat' dir='ltr'><strong>contra</strong></span> <span class='ocrx_word' id='word_1_508' title='bbox 3602 2258 3660 2297; x_wconf 90' lang='lat' dir='ltr'><strong>se</strong></span> 
     </span>
    </p>
   </div>
   <div class='ocr_carea' id='block_1_75' title="bbox 2093 2341 3658 2416">
    <p class='ocr_par' dir='ltr' id='par_1_75' title="bbox 2093 2341 3658 2416">
     <span class='ocr_line' id='line_1_75' title="bbox 2093 2341 3658 2416; baseline -0.01 -13"><span class='ocrx_word' id='word_1_509' title='bbox 2093 2347 2525 2416; x_wconf 89' lang='lat' dir='ltr'><strong>inquirerentur,</strong></span> <span class='ocrx_word' id='word_1_510' title='bbox 2547 2344 2888 2412; x_wconf 85' lang='lat' dir='ltr'><strong>iunpinatum</strong></span> <span class='ocrx_word' id='word_1_511' title='bbox 2910 2341 3145 2395; x_wconf 83' lang='lat' dir='ltr'><strong>dedecus</strong></span> <span class='ocrx_word' id='word_1_512' title='bbox 3161 2355 3346 2394; x_wconf 83' lang='lat' dir='ltr'><strong>secum</strong></span> <span class='ocrx_word' id='word_1_513' title='bbox 3375 2345 3658 2405; x_wconf 87' lang='lat' dir='ltr'><strong>reputans.</strong></span> 
     </span>
    </p>
   </div>
   <div class='ocr_carea' id='block_1_76' title="bbox 2093 2429 3661 2508">
    <p class='ocr_par' dir='ltr' id='par_1_76' title="bbox 2093 2429 3661 2508">
     <span class='ocr_line' id='line_1_76' title="bbox 2093 2429 3661 2508; baseline -0.007 -20"><span class='ocrx_word' id='word_1_514' title='bbox 2093 2453 2211 2508; x_wconf 68' lang='lat' dir='ltr'><strong>qua:</strong></span> <span class='ocrx_word' id='word_1_515' title='bbox 2237 2436 2626 2506; x_wconf 62' lang='lat' dir='ltr'><strong>querebantur</strong></span> <span class='ocrx_word' id='word_1_516' title='bbox 2655 2432 2880 2488; x_wconf 89' lang='lat' dir='ltr'><strong>tradidit</strong></span> <span class='ocrx_word' id='word_1_517' title='bbox 2922 2429 3262 2500; x_wconf 86' lang='lat' dir='ltr'><strong>imperatori.</strong></span> <span class='ocrx_word' id='word_1_518' title='bbox 3308 2429 3384 2482; x_wconf 81' lang='lat' dir='ltr'><strong>Ex</strong></span> <span class='ocrx_word' id='word_1_519' title='bbox 3413 2443 3482 2481; x_wconf 91' lang='lat' dir='ltr'><strong>eo</strong></span> <span class='ocrx_word' id='word_1_520' title='bbox 3524 2435 3661 2480; x_wconf 85' lang='lat' dir='ltr'><strong>tem-</strong></span> 
     </span>
    </p>
   </div>
   <div class='ocr_carea' id='block_1_77' title="bbox 2094 2520 3659 2594">
    <p class='ocr_par' dir='ltr' id='par_1_77' title="bbox 2094 2520 3659 2594">
     <span class='ocr_line' id='line_1_77' title="bbox 2094 2520 3659 2594; baseline -0.01 -10"><span class='ocrx_word' id='word_1_521' title='bbox 2094 2545 2226 2594; x_wconf 85' lang='lat' dir='ltr'><strong>pore</strong></span> <span class='ocrx_word' id='word_1_522' title='bbox 2250 2530 2369 2584; x_wconf 89' lang='lat' dir='ltr'><strong>sine</strong></span> <span class='ocrx_word' id='word_1_523' title='bbox 2394 2526 2768 2582; x_wconf 85' lang='lat' dir='ltr'><strong>controversia</strong></span> <span class='ocrx_word' id='word_1_524' title='bbox 2805 2534 2859 2578; x_wconf 89' lang='lat' dir='ltr'><strong>et</strong></span> <span class='ocrx_word' id='word_1_525' title='bbox 2915 2523 3034 2578; x_wconf 89' lang='lat' dir='ltr'><strong>sine</strong></span> <span class='ocrx_word' id='word_1_526' title='bbox 3083 2522 3438 2577; x_wconf 81' lang='lat' dir='ltr'><strong>excusatione</strong></span> <span class='ocrx_word' id='word_1_527' title='bbox 3475 2520 3659 2573; x_wconf 82' lang='lat' dir='ltr'><strong>omnia</strong></span> 
     </span>
    </p>
   </div>
   <div class='ocr_carea' id='block_1_78' title="bbox 2094 2611 3662 2689">
    <p class='ocr_par' dir='ltr' id='par_1_78' title="bbox 2094 2611 3662 2689">
     <span class='ocr_line' id='line_1_78' title="bbox 2094 2611 3662 2689; baseline -0.006 -16"><span class='ocrx_word' id='word_1_528' title='bbox 2094 2620 2162 2673; x_wconf 87' lang='lat' dir='ltr'><strong>ab</strong></span> <span class='ocrx_word' id='word_1_529' title='bbox 2217 2621 2334 2689; x_wconf 88' lang='lat' dir='ltr'><strong>ipso</strong></span> <span class='ocrx_word' id='word_1_530' title='bbox 2385 2618 2828 2687; x_wconf 81' lang='lat' dir='ltr'><strong>periit-iebantur,</strong></span> <span class='ocrx_word' id='word_1_531' title='bbox 2893 2629 3235 2685; x_wconf 70' lang='lat' dir='ltr'><strong>quaecunque</strong></span> <span class='ocrx_word' id='word_1_532' title='bbox 3286 2613 3337 2666; x_wconf 92' lang='lat' dir='ltr'><strong>in</strong></span> <span class='ocrx_word' id='word_1_533' title='bbox 3380 2611 3662 2666; x_wconf 87' lang='lat' dir='ltr'><strong>initiandis</strong></span> 
     </span>
    </p>
   </div>
   <div class='ocr_carea' id='block_1_79' title="bbox 2095 2701 3658 2780">
    <p class='ocr_par' dir='ltr' id='par_1_79' title="bbox 2095 2701 3658 2780">
     <span class='ocr_line' id='line_1_79' title="bbox 2095 2701 3658 2780; baseline -0.008 -16"><span class='ocrx_word' id='word_1_534' title='bbox 2095 2709 2444 2780; x_wconf 86' lang='lat' dir='ltr'><strong>pontificibus</strong></span> <span class='ocrx_word' id='word_1_535' title='bbox 2509 2721 2866 2762; x_wconf 84' lang='lat' dir='ltr'><strong>consuevere.</strong></span> <span class='ocrx_word' id='word_1_536' title='bbox 2939 2704 3064 2758; x_wconf 84' lang='lat' dir='ltr'><strong>Fuit</strong></span> <span class='ocrx_word' id='word_1_537' title='bbox 3111 2704 3276 2758; x_wconf 87' lang='lat' dir='ltr'><strong>etiam</strong></span> <span class='ocrx_word' id='word_1_538' title='bbox 3345 2701 3658 2760; x_wconf 83' lang='lat' dir='ltr'><strong>munificus,</strong></span> 
     </span>
    </p>
   </div>
   <div class='ocr_carea' id='block_1_80' title="bbox 2092 2791 3657 2856">
    <p class='ocr_par' dir='ltr' id='par_1_80' title="bbox 2092 2791 3657 2856">
     <span class='ocr_line' id='line_1_80' title="bbox 2092 2791 3657 2856; baseline -0.008 -1"><span class='ocrx_word' id='word_1_539' title='bbox 2092 2809 2146 2856; x_wconf 92' lang='lat' dir='ltr'><strong>et</strong></span> <span class='ocrx_word' id='word_1_540' title='bbox 2205 2801 2468 2854; x_wconf 87' lang='lat' dir='ltr'><strong>rationem</strong></span> <span class='ocrx_word' id='word_1_541' title='bbox 2528 2797 2714 2852; x_wconf 84' lang='lat' dir='ltr'><strong>habuit</strong></span> <span class='ocrx_word' id='word_1_542' title='bbox 2779 2813 2884 2851; x_wconf 92' lang='lat' dir='ltr'><strong>non</strong></span> <span class='ocrx_word' id='word_1_543' title='bbox 2940 2795 3198 2851; x_wconf 68' lang='lat' dir='ltr'><strong>Ecclesiae</strong></span> <span class='ocrx_word' id='word_1_544' title='bbox 3273 2802 3484 2848; x_wconf 88' lang='lat' dir='ltr'><strong>tantum</strong></span> <span class='ocrx_word' id='word_1_545' title='bbox 3563 2791 3657 2845; x_wconf 83' lang='lat' dir='ltr'><strong>sed</strong></span> 
     </span>
    </p>
   </div>
   <div class='ocr_carea' id='block_1_81' title="bbox 2093 2883 3662 2951">
    <p class='ocr_par' dir='ltr' id='par_1_81' title="bbox 2093 2883 3662 2951">
     <span class='ocr_line' id='line_1_81' title="bbox 2093 2883 3662 2951; baseline -0.01 -6"><span class='ocrx_word' id='word_1_546' title='bbox 2093 2891 2258 2945; x_wconf 86' lang='lat' dir='ltr'><strong>etiam</strong></span> <span class='ocrx_word' id='word_1_547' title='bbox 2311 2890 2555 2943; x_wconf 89' lang='lat' dir='ltr'><strong>omnium</strong></span> <span class='ocrx_word' id='word_1_548' title='bbox 2581 2887 2827 2951; x_wconf 90' lang='lat' dir='ltr'><strong>omnino,</strong></span> <span class='ocrx_word' id='word_1_549' title='bbox 2877 2887 2950 2940; x_wconf 92' lang='lat' dir='ltr'><strong>ita</strong></span> <span class='ocrx_word' id='word_1_550' title='bbox 3011 2895 3076 2938; x_wconf 92' lang='lat' dir='ltr'><strong>ut</strong></span> <span class='ocrx_word' id='word_1_551' title='bbox 3135 2899 3279 2938; x_wconf 71' lang='lat' dir='ltr'><strong>cura:</strong></span> <span class='ocrx_word' id='word_1_552' title='bbox 3336 2883 3482 2937; x_wconf 88' lang='lat' dir='ltr'><strong>illius</strong></span> <span class='ocrx_word' id='word_1_553' title='bbox 3504 2895 3662 2935; x_wconf 77' lang='lat' dir='ltr'><strong>nemo</strong></span> 
     </span>
    </p>
   </div>
   <div class='ocr_carea' id='block_1_82' title="bbox 2092 2977 3661 3050">
    <p class='ocr_par' dir='ltr' id='par_1_82' title="bbox 2092 2977 3661 3050">
     <span class='ocr_line' id='line_1_82' title="bbox 2092 2977 3661 3050; baseline -0.007 -13"><span class='ocrx_word' id='word_1_554' title='bbox 2092 2997 2285 3050; x_wconf 55' lang='lat' dir='ltr'><strong>expers</strong></span> <span class='ocrx_word' id='word_1_555' title='bbox 2337 2988 2503 3042; x_wconf 74' lang='lat' dir='ltr'><strong>esset,</strong></span> <span class='ocrx_word' id='word_1_556' title='bbox 2565 2981 2657 3048; x_wconf 91' lang='lat' dir='ltr'><strong>qui</strong></span> <span class='ocrx_word' id='word_1_557' title='bbox 2711 2980 2830 3049; x_wconf 87' lang='lat' dir='ltr'><strong>ejus</strong></span> <span class='ocrx_word' id='word_1_558' title='bbox 2873 2977 3253 3033; x_wconf 85' lang='lat' dir='ltr'><strong>liberalitatem</strong></span> <span class='ocrx_word' id='word_1_559' title='bbox 3307 2990 3414 3030; x_wconf 89' lang='lat' dir='ltr'><strong>non</strong></span> <span class='ocrx_word' id='word_1_560' title='bbox 3474 2988 3661 3043; x_wconf 88' lang='lat' dir='ltr'><strong>perce-</strong></span> 
     </span>
    </p>
   </div>
   <div class='ocr_carea' id='block_1_83' title="bbox 2092 3075 2280 3141">
    <p class='ocr_par' dir='ltr' id='par_1_83' title="bbox 2092 3075 2280 3141">
     <span class='ocr_line' id='line_1_83' title="bbox 2092 3075 2280 3141; baseline 0.021 -17"><span class='ocrx_word' id='word_1_561' title='bbox 2092 3075 2280 3141; x_wconf 82' lang='lat' dir='ltr'><strong>pisset.</strong></span> 
     </span>
    </p>
   </div>
   <div class='ocr_carea' id='block_1_84' title="bbox 2164 3155 3659 3234">
    <p class='ocr_par' dir='ltr' id='par_1_84' title="bbox 2164 3155 3659 3234">
     <span class='ocr_line' id='line_1_84' title="bbox 2164 3155 3659 3234; baseline -0.007 -16"><span class='ocrx_word' id='word_1_562' title='bbox 2164 3164 2294 3218; x_wconf 91' lang='lat' dir='ltr'><strong>Cum</strong></span> <span class='ocrx_word' id='word_1_563' title='bbox 2330 3179 2457 3219; x_wconf 84' lang='lat' dir='ltr'><strong>vero</strong></span> <span class='ocrx_word' id='word_1_564' title='bbox 2485 3163 2688 3234; x_wconf 78' lang='lat' dir='ltr'><strong>Ungari</strong></span> <span class='ocrx_word' id='word_1_565' title='bbox 2721 3177 2908 3233; x_wconf 89' lang='lat' dir='ltr'><strong>pacem</strong></span> <span class='ocrx_word' id='word_1_566' title='bbox 2945 3161 3246 3215; x_wconf 88' lang='lat' dir='ltr'><strong>violassent</strong></span> <span class='ocrx_word' id='word_1_567' title='bbox 3293 3173 3421 3227; x_wconf 83' lang='lat' dir='ltr'><strong>erga</strong></span> <span class='ocrx_word' id='word_1_568' title='bbox 3455 3155 3659 3210; x_wconf 81' lang='lat' dir='ltr'><strong>Roma-</strong></span> 
     </span>
    </p>
   </div>
   <div class='ocr_carea' id='block_1_85' title="bbox 2095 3249 3658 3321">
    <p class='ocr_par' dir='ltr' id='par_1_85' title="bbox 2095 3249 3658 3321">
     <span class='ocr_line' id='line_1_85' title="bbox 2095 3249 3658 3321; baseline -0.007 -12"><span class='ocrx_word' id='word_1_569' title='bbox 2095 3271 2213 3319; x_wconf 88' lang='lat' dir='ltr'><strong>nos,</strong></span> <span class='ocrx_word' id='word_1_570' title='bbox 2245 3266 2298 3311; x_wconf 90' lang='lat' dir='ltr'><strong>et</strong></span> <span class='ocrx_word' id='word_1_571' title='bbox 2337 3254 2642 3310; x_wconf 69' lang='lat' dir='ltr'><strong>Patziuacaa</strong></span> <span class='ocrx_word' id='word_1_572' title='bbox 2676 3271 2704 3309; x_wconf 88' lang='lat' dir='ltr'><strong>e</strong></span> <span class='ocrx_word' id='word_1_573' title='bbox 2744 3254 2958 3318; x_wconf 82' lang='lat' dir='ltr'><strong>lustris,</strong></span> <span class='ocrx_word' id='word_1_574' title='bbox 2986 3253 3036 3306; x_wconf 95' lang='lat' dir='ltr'><strong>in</strong></span> <span class='ocrx_word' id='word_1_575' title='bbox 3080 3251 3280 3321; x_wconf 90' lang='lat' dir='ltr'><strong>quibus</strong></span> <span class='ocrx_word' id='word_1_576' title='bbox 3310 3249 3658 3309; x_wconf 81' lang='lat' dir='ltr'><strong>delituerant,</strong></span> 
     </span>
    </p>
   </div>
   <div class='ocr_carea' id='block_1_86' title="bbox 2093 3338 3664 3416">
    <p class='ocr_par' dir='ltr' id='par_1_86' title="bbox 2093 3338 3664 3416">
     <span class='ocr_line' id='line_1_86' title="bbox 2093 3338 3664 3416; baseline -0.008 -14"><span class='ocrx_word' id='word_1_577' title='bbox 2093 3347 2425 3415; x_wconf 86' lang='lat' dir='ltr'><strong>erupissent,</strong></span> <span class='ocrx_word' id='word_1_578' title='bbox 2461 3347 2831 3416; x_wconf 72' lang='lat' dir='ltr'><strong>ltederentque</strong></span> <span class='ocrx_word' id='word_1_579' title='bbox 2878 3345 3162 3399; x_wconf 74' lang='lat' dir='ltr'><strong>finitimam</strong></span> <span class='ocrx_word' id='word_1_580' title='bbox 3214 3342 3516 3411; x_wconf 76' lang='lat' dir='ltr'><strong>regionem,</strong></span> <span class='ocrx_word' id='word_1_581' title='bbox 3562 3338 3664 3390; x_wconf 81' lang='lat' dir='ltr'><strong>im-</strong></span> 
     </span>
    </p>
   </div>
   <div class='ocr_carea' id='block_1_87' title="bbox 2090 3428 3662 3508">
    <p class='ocr_par' dir='ltr' id='par_1_87' title="bbox 2090 3428 3662 3508">
     <span class='ocr_line' id='line_1_87' title="bbox 2090 3428 3662 3508; baseline -0.009 -14"><span class='ocrx_word' id='word_1_582' title='bbox 2090 3449 2312 3508; x_wconf 88' lang='lat' dir='ltr'><strong>perator</strong></span> <span class='ocrx_word' id='word_1_583' title='bbox 2344 3440 2550 3507; x_wconf 90' lang='lat' dir='ltr'><strong>paratis</strong></span> <span class='ocrx_word' id='word_1_584' title='bbox 2587 3440 2655 3493; x_wconf 90' lang='lat' dir='ltr'><strong>iis</strong></span> <span class='ocrx_word' id='word_1_585' title='bbox 2681 3453 2800 3508; x_wconf 67' lang='lat' dir='ltr'><strong>quae</strong></span> <span class='ocrx_word' id='word_1_586' title='bbox 2838 3437 2903 3491; x_wconf 93' lang='lat' dir='ltr'><strong>ad</strong></span> <span class='ocrx_word' id='word_1_587' title='bbox 2933 3435 3316 3505; x_wconf 80' lang='lat' dir='ltr'><strong>perfectionem</strong></span> <span class='ocrx_word' id='word_1_588' title='bbox 3381 3428 3662 3483; x_wconf 83' lang='lat' dir='ltr'><strong>exercitus</strong></span> 
     </span>
    </p>
   </div>
   <div class='ocr_carea' id='block_1_88' title="bbox 2092 3521 3657 3594">
    <p class='ocr_par' dir='ltr' id='par_1_88' title="bbox 2092 3521 3657 3594">
     <span class='ocr_line' id='line_1_88' title="bbox 2092 3521 3657 3594; baseline -0.008 -11"><span class='ocrx_word' id='word_1_589' title='bbox 2092 3533 2218 3583; x_wconf 90' lang='lat' dir='ltr'><strong>usui</strong></span> <span class='ocrx_word' id='word_1_590' title='bbox 2254 3539 2461 3594; x_wconf 88' lang='lat' dir='ltr'><strong>essent,</strong></span> <span class='ocrx_word' id='word_1_591' title='bbox 2495 3545 2619 3584; x_wconf 91' lang='lat' dir='ltr'><strong>cum</strong></span> <span class='ocrx_word' id='word_1_592' title='bbox 2675 3530 2931 3584; x_wconf 91' lang='lat' dir='ltr'><strong>omnibus</strong></span> <span class='ocrx_word' id='word_1_593' title='bbox 2975 3525 3182 3581; x_wconf 86' lang='lat' dir='ltr'><strong>viribus</strong></span> <span class='ocrx_word' id='word_1_594' title='bbox 3234 3539 3294 3579; x_wconf 90' lang='lat' dir='ltr'><strong>se</strong></span> <span class='ocrx_word' id='word_1_595' title='bbox 3325 3521 3657 3576; x_wconf 85' lang='lat' dir='ltr'><strong>Triaditzam</strong></span> 
     </span>
    </p>
   </div>
   <div class='ocr_carea' id='block_1_89' title="bbox 2090 3613 3658 3690">
    <p class='ocr_par' dir='ltr' id='par_1_89' title="bbox 2090 3613 3658 3690">
     <span class='ocr_line' id='line_1_89' title="bbox 2090 3613 3658 3690; baseline -0.006 -18"><span class='ocrx_word' id='word_1_596' title='bbox 2090 3620 2321 3687; x_wconf 85' lang='lat' dir='ltr'><strong>confert,</strong></span> <span class='ocrx_word' id='word_1_597' title='bbox 2355 3621 2536 3690; x_wconf 84' lang='lat' dir='ltr'><strong>ibique</strong></span> <span class='ocrx_word' id='word_1_598' title='bbox 2578 3621 2647 3674; x_wconf 89' lang='lat' dir='ltr'><strong>ab</strong></span> <span class='ocrx_word' id='word_1_599' title='bbox 2677 3619 2908 3686; x_wconf 73' lang='lat' dir='ltr'><strong>lingaris</strong></span> <span class='ocrx_word' id='word_1_600' title='bbox 2955 3625 3176 3686; x_wconf 89' lang='lat' dir='ltr'><strong>accepta</strong></span> <span class='ocrx_word' id='word_1_601' title='bbox 3209 3613 3498 3680; x_wconf 85' lang='lat' dir='ltr'><strong>legatione,</strong></span> <span class='ocrx_word' id='word_1_602' title='bbox 3536 3626 3658 3664; x_wconf 85' lang='lat' dir='ltr'><strong>cunt</strong></span> 
     </span>
    </p>
   </div>
   <div class='ocr_carea' id='block_1_90' title="bbox 2092 3703 3658 3780">
    <p class='ocr_par' dir='ltr' id='par_1_90' title="bbox 2092 3703 3658 3780">
     <span class='ocr_line' id='line_1_90' title="bbox 2092 3703 3658 3780; baseline -0.006 -16"><span class='ocrx_word' id='word_1_603' title='bbox 2092 3726 2278 3780; x_wconf 88' lang='lat' dir='ltr'><strong>pacem</strong></span> <span class='ocrx_word' id='word_1_604' title='bbox 2308 3711 2688 3766; x_wconf 85' lang='lat' dir='ltr'><strong>confirmasset</strong></span> <span class='ocrx_word' id='word_1_605' title='bbox 2747 3725 2809 3763; x_wconf 91' lang='lat' dir='ltr'><strong>ac</strong></span> <span class='ocrx_word' id='word_1_606' title='bbox 2842 3725 2938 3778; x_wconf 89' lang='lat' dir='ltr'><strong>pro</strong></span> <span class='ocrx_word' id='word_1_607' title='bbox 2995 3709 3205 3761; x_wconf 84' lang='lat' dir='ltr'><strong>viribus</strong></span> <span class='ocrx_word' id='word_1_608' title='bbox 3248 3704 3568 3764; x_wconf 85' lang='lat' dir='ltr'><strong>stabilisset,</strong></span> <span class='ocrx_word' id='word_1_609' title='bbox 3606 3703 3658 3755; x_wconf 93' lang='lat' dir='ltr'><strong>in</strong></span> 
     </span>
    </p>
   </div>
   <div class='ocr_carea' id='block_1_91' title="bbox 2091 3795 3658 3872">
    <p class='ocr_par' dir='ltr' id='par_1_91' title="bbox 2091 3795 3658 3872">
     <span class='ocr_line' id='line_1_91' title="bbox 2091 3795 3658 3872; baseline -0.006 -16"><span class='ocrx_word' id='word_1_610' title='bbox 2091 3800 2414 3858; x_wconf 87' lang='lat' dir='ltr'><strong>Patzinacas</strong></span> <span class='ocrx_word' id='word_1_611' title='bbox 2447 3801 2726 3872; x_wconf 90' lang='lat' dir='ltr'><strong>profectus</strong></span> <span class='ocrx_word' id='word_1_612' title='bbox 2757 3811 2860 3856; x_wconf 85' lang='lat' dir='ltr'><strong>est.</strong></span> <span class='ocrx_word' id='word_1_613' title='bbox 2895 3799 3105 3866; x_wconf 87' lang='lat' dir='ltr'><strong>Quibus</strong></span> <span class='ocrx_word' id='word_1_614' title='bbox 3134 3798 3326 3853; x_wconf 82' lang='lat' dir='ltr'><strong>divisis</strong></span> <span class='ocrx_word' id='word_1_615' title='bbox 3360 3795 3658 3852; x_wconf 88' lang='lat' dir='ltr'><strong>secundum</strong></span> 
     </span>
    </p>
   </div>
   <div class='ocr_carea' id='block_1_92' title="bbox 2091 3884 3659 3963">
    <p class='ocr_par' dir='ltr' id='par_1_92' title="bbox 2091 3884 3659 3963">
     <span class='ocr_line' id='line_1_92' title="bbox 2091 3884 3659 3963; baseline -0.008 -14"><span class='ocrx_word' id='word_1_616' title='bbox 2091 3903 2279 3963; x_wconf 79' lang='lat' dir='ltr'><strong>gentes</strong></span> <span class='ocrx_word' id='word_1_617' title='bbox 2308 3904 2362 3948; x_wconf 92' lang='lat' dir='ltr'><strong>et</strong></span> <span class='ocrx_word' id='word_1_618' title='bbox 2391 3893 2588 3959; x_wconf 88' lang='lat' dir='ltr'><strong>tribus,</strong></span> <span class='ocrx_word' id='word_1_619' title='bbox 2659 3891 2856 3962; x_wconf 90' lang='lat' dir='ltr'><strong>reliqui</strong></span> <span class='ocrx_word' id='word_1_620' title='bbox 2918 3890 3084 3962; x_wconf 61' lang='lat'><strong>65.6</strong></span> <span class='ocrx_word' id='word_1_621' title='bbox 3119 3889 3287 3945; x_wconf 90' lang='lat' dir='ltr'><strong>duces</strong></span> <span class='ocrx_word' id='word_1_622' title='bbox 3343 3884 3659 3957; x_wconf 82' lang='lat' dir='ltr'><strong>imperatori</strong></span> 
     </span>
    </p>
   </div>
   <div class='ocr_carea' id='block_1_93' title="bbox 2091 3979 3655 4054">
    <p class='ocr_par' dir='ltr' id='par_1_93' title="bbox 2091 3979 3655 4054">
     <span class='ocr_line' id='line_1_93' title="bbox 2091 3979 3655 4054; baseline -0.008 -14"><span class='ocrx_word' id='word_1_623' title='bbox 2091 3999 2150 4040; x_wconf 87' lang='lat' dir='ltr'><strong>se</strong></span> <span class='ocrx_word' id='word_1_624' title='bbox 2179 3985 2563 4040; x_wconf 88' lang='lat' dir='ltr'><strong>submittentes</strong></span> <span class='ocrx_word' id='word_1_625' title='bbox 2614 3997 2802 4054; x_wconf 78' lang='lat' dir='ltr'><strong>parem</strong></span> <span class='ocrx_word' id='word_1_626' title='bbox 2830 3993 2881 4038; x_wconf 93' lang='lat' dir='ltr'><strong>et</strong></span> <span class='ocrx_word' id='word_1_627' title='bbox 2905 3982 3203 4037; x_wconf 87' lang='lat' dir='ltr'><strong>amicitiam</strong></span> <span class='ocrx_word' id='word_1_628' title='bbox 3235 3979 3468 4047; x_wconf 78' lang='lat' dir='ltr'><strong>amplexi</strong></span> <span class='ocrx_word' id='word_1_629' title='bbox 3489 3986 3612 4031; x_wconf 92' lang='lat' dir='ltr'><strong>sunt</strong></span> <span class='ocrx_word' id='word_1_630' title='bbox 3644 3993 3655 4027; x_wconf 90' lang='lat'>:</span> 
     </span>
    </p>
   </div>
   <div class='ocr_carea' id='block_1_94' title="bbox 2090 4066 3657 4141">
    <p class='ocr_par' dir='ltr' id='par_1_94' title="bbox 2090 4066 3657 4141">
     <span class='ocr_line' id='line_1_94' title="bbox 2090 4066 3657 4141; baseline -0.006 -13"><span class='ocrx_word' id='word_1_631' title='bbox 2090 4074 2244 4128; x_wconf 87' lang='lat' dir='ltr'><strong>solus</strong></span> <span class='ocrx_word' id='word_1_632' title='bbox 2283 4073 2432 4128; x_wconf 87' lang='lat' dir='ltr'><strong>Selte</strong></span> <span class='ocrx_word' id='word_1_633' title='bbox 2465 4089 2683 4128; x_wconf 91' lang='lat' dir='ltr'><strong>manum</strong></span> <span class='ocrx_word' id='word_1_634' title='bbox 2709 4072 2842 4127; x_wconf 85' lang='lat' dir='ltr'><strong>dare</strong></span> <span class='ocrx_word' id='word_1_635' title='bbox 2910 4071 3225 4141; x_wconf 85' lang='lat' dir='ltr'><strong>imperatori</strong></span> <span class='ocrx_word' id='word_1_636' title='bbox 3282 4071 3476 4132; x_wconf 90' lang='lat' dir='ltr'><strong>uoluit,</strong></span> <span class='ocrx_word' id='word_1_637' title='bbox 3535 4066 3657 4122; x_wconf 83' lang='lat' dir='ltr'><strong>lstri</strong></span> 
     </span>
    </p>
   </div>
   <div class='ocr_carea' id='block_1_95' title="bbox 2089 4159 3660 4233">
    <p class='ocr_par' dir='ltr' id='par_1_95' title="bbox 2089 4159 3660 4233">
     <span class='ocr_line' id='line_1_95' title="bbox 2089 4159 3660 4233; baseline -0.003 -18"><span class='ocrx_word' id='word_1_638' title='bbox 2089 4161 2380 4230; x_wconf 86' lang='lat' dir='ltr'><strong>paludibus</strong></span> <span class='ocrx_word' id='word_1_639' title='bbox 2411 4177 2520 4232; x_wconf 90' lang='lat' dir='ltr'><strong>quo</strong></span> <span class='ocrx_word' id='word_1_640' title='bbox 2568 4163 2912 4233; x_wconf 73' lang='lat' dir='ltr'><strong>confugerat,</strong></span> <span class='ocrx_word' id='word_1_641' title='bbox 2971 4170 3024 4216; x_wconf 89' lang='lat' dir='ltr'><strong>et</strong></span> <span class='ocrx_word' id='word_1_642' title='bbox 3057 4171 3327 4231; x_wconf 69' lang='lat' dir='ltr'><strong>prterupta</strong></span> <span class='ocrx_word' id='word_1_643' title='bbox 3355 4175 3479 4230; x_wconf 71' lang='lat' dir='ltr'><strong>qua:</strong></span> <span class='ocrx_word' id='word_1_644' title='bbox 3548 4159 3660 4212; x_wconf 90' lang='lat' dir='ltr'><strong>illic</strong></span> 
     </span>
    </p>
   </div>
   <div class='ocr_carea' id='block_1_96' title="bbox 2089 4251 3655 4324">
    <p class='ocr_par' dir='ltr' id='par_1_96' title="bbox 2089 4251 3655 4324">
     <span class='ocr_line' id='line_1_96' title="bbox 2089 4251 3655 4324; baseline -0.004 -15"><span class='ocrx_word' id='word_1_645' title='bbox 2089 4265 2203 4309; x_wconf 90' lang='lat' dir='ltr'><strong>erat</strong></span> <span class='ocrx_word' id='word_1_646' title='bbox 2227 4263 2379 4324; x_wconf 87' lang='lat' dir='ltr'><strong>petra</strong></span> <span class='ocrx_word' id='word_1_647' title='bbox 2417 4257 2601 4312; x_wconf 82' lang='lat' dir='ltr'><strong>nixus.</strong></span> <span class='ocrx_word' id='word_1_648' title='bbox 2629 4257 2844 4321; x_wconf 88' lang='lat' dir='ltr'><strong>Quibus</strong></span> <span class='ocrx_word' id='word_1_649' title='bbox 2865 4256 3029 4310; x_wconf 87' lang='lat' dir='ltr'><strong>etiam</strong></span> <span class='ocrx_word' id='word_1_650' title='bbox 3065 4257 3238 4310; x_wconf 87' lang='lat' dir='ltr'><strong>fretus</strong></span> <span class='ocrx_word' id='word_1_651' title='bbox 3272 4254 3330 4309; x_wconf 89' lang='lat' dir='ltr'><strong>in</strong></span> <span class='ocrx_word' id='word_1_652' title='bbox 3369 4251 3655 4322; x_wconf 85' lang='lat' dir='ltr'><strong>planitiem</strong></span> 
     </span>
    </p>
   </div>
   <div class='ocr_carea' id='block_1_97' title="bbox 2088 4343 3660 4416">
    <p class='ocr_par' dir='ltr' id='par_1_97' title="bbox 2088 4343 3660 4416">
     <span class='ocr_line' id='line_1_97' title="bbox 2088 4343 3660 4416; baseline -0.003 -17"><span class='ocrx_word' id='word_1_653' title='bbox 2088 4345 2293 4414; x_wconf 89' lang='lat' dir='ltr'><strong>erupit,</strong></span> <span class='ocrx_word' id='word_1_654' title='bbox 2327 4354 2579 4414; x_wconf 85' lang='lat' dir='ltr'><strong>prompto</strong></span> <span class='ocrx_word' id='word_1_655' title='bbox 2642 4347 2828 4401; x_wconf 89' lang='lat' dir='ltr'><strong>animo</strong></span> <span class='ocrx_word' id='word_1_656' title='bbox 2873 4348 3099 4416; x_wconf 88' lang='lat' dir='ltr'><strong>cupiens</strong></span> <span class='ocrx_word' id='word_1_657' title='bbox 3163 4359 3288 4400; x_wconf 89' lang='lat' dir='ltr'><strong>cum</strong></span> <span class='ocrx_word' id='word_1_658' title='bbox 3325 4343 3660 4412; x_wconf 83' lang='lat' dir='ltr'><strong>imperatore</strong></span> 
     </span>
    </p>
   </div>
   <div class='ocr_carea' id='block_1_98' title="bbox 2090 4431 3661 4504">
    <p class='ocr_par' dir='ltr' id='par_1_98' title="bbox 2090 4431 3661 4504">
     <span class='ocr_line' id='line_1_98' title="bbox 2090 4431 3661 4504; baseline -0.004 -15"><span class='ocrx_word' id='word_1_659' title='bbox 2090 4451 2310 4490; x_wconf 85' lang='lat' dir='ltr'><strong>manum</strong></span> <span class='ocrx_word' id='word_1_660' title='bbox 2359 4449 2674 4491; x_wconf 86' lang='lat' dir='ltr'><strong>conserere.</strong></span> <span class='ocrx_word' id='word_1_661' title='bbox 2700 4435 2803 4490; x_wconf 86' lang='lat' dir='ltr'><strong>Sed</strong></span> <span class='ocrx_word' id='word_1_662' title='bbox 2832 4435 2982 4490; x_wconf 91' lang='lat' dir='ltr'><strong>brevi</strong></span> <span class='ocrx_word' id='word_1_663' title='bbox 3015 4443 3260 4504; x_wconf 86' lang='lat' dir='ltr'><strong>tempore</strong></span> <span class='ocrx_word' id='word_1_664' title='bbox 3293 4446 3409 4488; x_wconf 62' lang='lat' dir='ltr'><strong>sum</strong></span> <span class='ocrx_word' id='word_1_665' title='bbox 3439 4431 3661 4485; x_wconf 83' lang='lat' dir='ltr'><strong>demen-</strong></span> 
     </span>
    </p>
   </div>
   <div class='ocr_carea' id='block_1_99' title="bbox 2089 4521 3658 4596">
    <p class='ocr_par' dir='ltr' id='par_1_99' title="bbox 2089 4521 3658 4596">
     <span class='ocr_line' id='line_1_99' title="bbox 2089 4521 3658 4596; baseline -0.003 -18"><span class='ocrx_word' id='word_1_666' title='bbox 2089 4526 2179 4580; x_wconf 69' lang='lat' dir='ltr'><strong>tia:</strong></span> <span class='ocrx_word' id='word_1_667' title='bbox 2217 4524 2437 4596; x_wconf 65' lang='lat' dir='ltr'><strong>premis</strong></span> <span class='ocrx_word' id='word_1_668' title='bbox 2473 4525 2621 4589; x_wconf 83' lang='lat' dir='ltr'><strong>tulit,</strong></span> <span class='ocrx_word' id='word_1_669' title='bbox 2656 4523 2928 4594; x_wconf 81' lang='lat' dir='ltr'><strong>siquidem</strong></span> <span class='ocrx_word' id='word_1_670' title='bbox 2969 4538 3094 4578; x_wconf 89' lang='lat' dir='ltr'><strong>cum</strong></span> <span class='ocrx_word' id='word_1_671' title='bbox 3128 4521 3324 4590; x_wconf 83' lang='lat' dir='ltr'><strong>exigua</strong></span> <span class='ocrx_word' id='word_1_672' title='bbox 3357 4521 3658 4591; x_wconf 86' lang='lat' dir='ltr'><strong>imperato-</strong></span> 
     </span>
    </p>
   </div>
   <div class='ocr_carea' id='block_1_100' title="bbox 2091 4611 3656 4687">
    <p class='ocr_par' dir='ltr' id='par_1_100' title="bbox 2091 4611 3656 4687">
     <span class='ocr_line' id='line_1_100' title="bbox 2091 4611 3656 4687; baseline -0.006 -15"><span class='ocrx_word' id='word_1_673' title='bbox 2091 4618 2167 4674; x_wconf 89' lang='lat' dir='ltr'><strong>ris</strong></span> <span class='ocrx_word' id='word_1_674' title='bbox 2199 4617 2430 4672; x_wconf 79' lang='lat' dir='ltr'><strong>militum</strong></span> <span class='ocrx_word' id='word_1_675' title='bbox 2478 4631 2674 4673; x_wconf 87' lang='lat' dir='ltr'><strong>manus</strong></span> <span class='ocrx_word' id='word_1_676' title='bbox 2714 4617 2815 4687; x_wconf 88' lang='lat' dir='ltr'><strong>ipsi</strong></span> <span class='ocrx_word' id='word_1_677' title='bbox 2848 4616 3162 4680; x_wconf 87' lang='lat' dir='ltr'><strong>restitisset,</strong></span> <span class='ocrx_word' id='word_1_678' title='bbox 3203 4613 3361 4684; x_wconf 90' lang='lat' dir='ltr'><strong>fugit,</strong></span> <span class='ocrx_word' id='word_1_679' title='bbox 3430 4619 3484 4668; x_wconf 86' lang='lat' dir='ltr'><strong>et</strong></span> <span class='ocrx_word' id='word_1_680' title='bbox 3535 4611 3656 4678; x_wconf 88' lang='lat' dir='ltr'><strong>ejus</strong></span> 
     </span>
    </p>
   </div>
   <div class='ocr_carea' id='block_1_101' title="bbox 2091 4703 3652 4778">
    <p class='ocr_par' dir='ltr' id='par_1_101' title="bbox 2091 4703 3652 4778">
     <span class='ocr_line' id='line_1_101' title="bbox 2091 4703 3652 4778; baseline -0.004 -17"><span class='ocrx_word' id='word_1_681' title='bbox 2091 4707 2359 4778; x_wconf 88' lang='lat' dir='ltr'><strong>refugium</strong></span> <span class='ocrx_word' id='word_1_682' title='bbox 2385 4717 2603 4776; x_wconf 81' lang='lat' dir='ltr'><strong>captum</strong></span> <span class='ocrx_word' id='word_1_683' title='bbox 2626 4709 2694 4763; x_wconf 85' lang='lat' dir='ltr'><strong>ab</strong></span> <span class='ocrx_word' id='word_1_684' title='bbox 2723 4709 2856 4778; x_wconf 85' lang='lat' dir='ltr'><strong>ipsis</strong></span> <span class='ocrx_word' id='word_1_685' title='bbox 2883 4705 3254 4762; x_wconf 87' lang='lat' dir='ltr'><strong>fundamentis</strong></span> <span class='ocrx_word' id='word_1_686' title='bbox 3286 4703 3652 4761; x_wconf 90' lang='lat' dir='ltr'><strong>estdirutum.</strong></span> 
     </span>
    </p>
   </div>
   <div class='ocr_carea' id='block_1_102' title="bbox 2089 4795 3650 4868">
    <p class='ocr_par' dir='ltr' id='par_1_102' title="bbox 2089 4795 3650 4868">
     <span class='ocr_line' id='line_1_102' title="bbox 2089 4795 3650 4868; baseline -0.003 -16"><span class='ocrx_word' id='word_1_687' title='bbox 2089 4801 2391 4867; x_wconf 88' lang='lat' dir='ltr'><strong>Imperator</strong></span> <span class='ocrx_word' id='word_1_688' title='bbox 2438 4807 2621 4854; x_wconf 87' lang='lat' dir='ltr'><strong>autem</strong></span> <span class='ocrx_word' id='word_1_689' title='bbox 2663 4808 2787 4868; x_wconf 91' lang='lat' dir='ltr'><strong>post</strong></span> <span class='ocrx_word' id='word_1_690' title='bbox 2854 4799 3032 4868; x_wconf 89' lang='lat' dir='ltr'><strong>ipsum</strong></span> <span class='ocrx_word' id='word_1_691' title='bbox 3085 4795 3424 4868; x_wconf 83' lang='lat' dir='ltr'><strong>profligatqu</strong></span> <span class='ocrx_word' id='word_1_692' title='bbox 3485 4802 3650 4863; x_wconf 85' lang='lat' dir='ltr'><strong>atque</strong></span> 
     </span>
    </p>
   </div>
   <div class='ocr_carea' id='block_1_103' title="bbox 2085 4888 3652 4961">
    <p class='ocr_par' dir='ltr' id='par_1_103' title="bbox 2085 4888 3652 4961">
     <span class='ocr_line' id='line_1_103' title="bbox 2085 4888 3652 4961; baseline -0.005 -15"><span class='ocrx_word' id='word_1_693' title='bbox 2085 4891 2321 4946; x_wconf 88' lang='lat' dir='ltr'><strong>deletum</strong></span> <span class='ocrx_word' id='word_1_694' title='bbox 2353 4889 2597 4946; x_wconf 90' lang='lat' dir='ltr'><strong>funditus</strong></span> <span class='ocrx_word' id='word_1_695' title='bbox 2633 4891 2758 4945; x_wconf 88' lang='lat' dir='ltr'><strong>inde</strong></span> <span class='ocrx_word' id='word_1_696' title='bbox 2789 4890 3064 4961; x_wconf 88' lang='lat' dir='ltr'><strong>profectus</strong></span> <span class='ocrx_word' id='word_1_697' title='bbox 3130 4889 3195 4943; x_wconf 80' lang='lat' dir='ltr'><strong>ad</strong></span> <span class='ocrx_word' id='word_1_698' title='bbox 3231 4888 3511 4943; x_wconf 83' lang='lat' dir='ltr'><strong>Lobitzum</strong></span> <span class='ocrx_word' id='word_1_699' title='bbox 3567 4895 3652 4939; x_wconf 90' lang='lat' dir='ltr'><strong>ta-</strong></span> 
     </span>
    </p>
   </div>
   <div class='ocr_carea' id='block_1_104' title="bbox 2087 4980 3654 5051">
    <p class='ocr_par' dir='ltr' id='par_1_104' title="bbox 2087 4980 3654 5051">
     <span class='ocr_line' id='line_1_104' title="bbox 2087 4980 3654 5051; baseline -0.002 -15"><span class='ocrx_word' id='word_1_700' title='bbox 2087 4982 2377 5037; x_wconf 90' lang='lat' dir='ltr'><strong>bernacula</strong></span> <span class='ocrx_word' id='word_1_701' title='bbox 2433 4982 2632 5051; x_wconf 86' lang='lat' dir='ltr'><strong>posuit,</strong></span> <span class='ocrx_word' id='word_1_702' title='bbox 2669 4985 2732 5036; x_wconf 88' lang='lat' dir='ltr'><strong>ad</strong></span> <span class='ocrx_word' id='word_1_703' title='bbox 2792 4982 2993 5037; x_wconf 89' lang='lat' dir='ltr'><strong>montis</strong></span> <span class='ocrx_word' id='word_1_704' title='bbox 3054 4981 3288 5036; x_wconf 84' lang='lat' dir='ltr'><strong>radices.</strong></span> <span class='ocrx_word' id='word_1_705' title='bbox 3353 4980 3654 5034; x_wconf 78' lang='lat' dir='ltr'><strong>Vehemens</strong></span> 
     </span>
    </p>
   </div>
   <div class='ocr_carea' id='block_1_105' title="bbox 2087 5071 3652 5138">
    <p class='ocr_par' dir='ltr' id='par_1_105' title="bbox 2087 5071 3652 5138">
     <span class='ocr_line' id='line_1_105' title="bbox 2087 5071 3652 5138; baseline -0.004 -10"><span class='ocrx_word' id='word_1_706' title='bbox 2087 5088 2264 5130; x_wconf 91' lang='lat' dir='ltr'><strong>autem</strong></span> <span class='ocrx_word' id='word_1_707' title='bbox 2295 5073 2467 5128; x_wconf 88' lang='lat' dir='ltr'><strong>imber</strong></span> <span class='ocrx_word' id='word_1_708' title='bbox 2499 5075 2552 5127; x_wconf 90' lang='lat' dir='ltr'><strong>in</strong></span> <span class='ocrx_word' id='word_1_709' title='bbox 2585 5083 2765 5129; x_wconf 80' lang='lat' dir='ltr'><strong>castra</strong></span> <span class='ocrx_word' id='word_1_710' title='bbox 2791 5075 3006 5128; x_wconf 84' lang='lat' dir='ltr'><strong>delatus</strong></span> <span class='ocrx_word' id='word_1_711' title='bbox 3042 5081 3096 5127; x_wconf 90' lang='lat' dir='ltr'><strong>et</strong></span> <span class='ocrx_word' id='word_1_712' title='bbox 3125 5073 3215 5126; x_wconf 87' lang='lat' dir='ltr'><strong>nix</strong></span> <span class='ocrx_word' id='word_1_713' title='bbox 3272 5071 3652 5138; x_wconf 87' lang='lat' dir='ltr'><strong>intempestiva</strong></span> 
     </span>
    </p>
   </div>
   <div class='ocr_carea' id='block_1_106' title="bbox 2087 5163 3648 5235">
    <p class='ocr_par' dir='ltr' id='par_1_106' title="bbox 2087 5163 3648 5235">
     <span class='ocr_line' id='line_1_106' title="bbox 2087 5163 3648 5235; baseline -0.004 -16"><span class='ocrx_word' id='word_1_714' title='bbox 2087 5166 2227 5235; x_wconf 84' lang='lat' dir='ltr'><strong>(erat</strong></span> <span class='ocrx_word' id='word_1_715' title='bbox 2261 5165 2403 5218; x_wconf 88' lang='lat' dir='ltr'><strong>enim</strong></span> <span class='ocrx_word' id='word_1_716' title='bbox 2435 5163 2775 5234; x_wconf 85' lang='lat' dir='ltr'><strong>Septembris</strong></span> <span class='ocrx_word' id='word_1_717' title='bbox 2794 5165 2912 5219; x_wconf 84' lang='lat' dir='ltr'><strong>dies</strong></span> <span class='ocrx_word' id='word_1_718' title='bbox 2956 5165 3210 5219; x_wconf 88' lang='lat' dir='ltr'><strong>vicesima</strong></span> <span class='ocrx_word' id='word_1_719' title='bbox 3273 5169 3489 5232; x_wconf 87' lang='lat' dir='ltr'><strong>quarta,</strong></span> <span class='ocrx_word' id='word_1_720' title='bbox 3543 5177 3648 5230; x_wconf 89' lang='lat' dir='ltr'><strong>qua</strong></span> 
     </span>
    </p>
   </div>
   <div class='ocr_carea' id='block_1_107' title="bbox 1694 5281 2424 5340">
    <p class='ocr_par' dir='ltr' id='par_1_107' title="bbox 1694 5281 2424 5340">
     <span class='ocr_line' id='line_1_107' title="bbox 1694 5281 2424 5340; baseline 0 -1"><span class='ocrx_word' id='word_1_721' title='bbox 1694 5282 1926 5340; x_wconf 80' lang='lat' dir='ltr'><strong>JACOBI</strong></span> <span class='ocrx_word' id='word_1_722' title='bbox 1954 5281 2162 5339; x_wconf 77' lang='lat' dir='ltr'><strong>GOARI</strong></span> <span class='ocrx_word' id='word_1_723' title='bbox 2195 5281 2424 5340; x_wconf 71' lang='lat' dir='ltr'><strong>NOTAE.</strong></span> 
     </span>
    </p>
   </div>
   <div class='ocr_carea' id='block_1_108' title="bbox 409 5401 1975 5473">
    <p class='ocr_par' dir='ltr' id='par_1_108' title="bbox 409 5401 1975 5473">
     <span class='ocr_line' id='line_1_108' title="bbox 409 5401 1975 5473; baseline 0.003 -23"><span class='ocrx_word' id='word_1_724' title='bbox 409 5411 471 5450; x_wconf 84' lang='lat' dir='ltr'><strong>ex</strong></span> <span class='ocrx_word' id='word_1_725' title='bbox 507 5404 737 5464; x_wconf 88' lang='lat' dir='ltr'><strong>utroque</strong></span> <span class='ocrx_word' id='word_1_726' title='bbox 779 5413 912 5473; x_wconf 83' lang='lat' dir='ltr'><strong>crux</strong></span> <span class='ocrx_word' id='word_1_727' title='bbox 949 5401 1333 5471; x_wconf 87' lang='lat' dir='ltr'><strong>componitur:</strong></span> <span class='ocrx_word' id='word_1_728' title='bbox 1367 5401 1561 5473; x_wconf 89' lang='lat' dir='ltr'><strong>reliqui</strong></span> <span class='ocrx_word' id='word_1_729' title='bbox 1611 5416 1775 5473; x_wconf 91' lang='lat' dir='ltr'><strong>porro</strong></span> <span class='ocrx_word' id='word_1_730' title='bbox 1823 5402 1975 5473; x_wconf 89' lang='lat' dir='ltr'><strong>digiti</strong></span> 
     </span>
    </p>
   </div>
   <div class='ocr_carea' id='block_1_109' title="bbox 409 5418 1976 5546">
    <p class='ocr_par' dir='ltr' id='par_1_109' title="bbox 409 5418 1976 5546">
     <span class='ocr_line' id='line_1_109' title="bbox 409 5418 1975 5473; baseline 0.003 -23"><span class='ocrx_word' id='word_1_731' title='bbox 409 5418 471 5450; x_wconf 79' lang='lat' dir='ltr'><strong>ex</strong></span> <span class='ocrx_word' id='word_1_732' title='bbox 507 5418 737 5464; x_wconf 71' lang='lat' dir='ltr'><strong>utroque</strong></span> <span class='ocrx_word' id='word_1_733' title='bbox 779 5418 912 5453; x_wconf 80' lang='lat' dir='ltr'><strong>crux</strong></span> <span class='ocrx_word' id='word_1_734' title='bbox 949 5418 1333 5471; x_wconf 79' lang='lat' dir='ltr'><strong>componitur:</strong></span> <span class='ocrx_word' id='word_1_735' title='bbox 1367 5418 1561 5472; x_wconf 82' lang='lat' dir='ltr'><strong>relquI</strong></span> <span class='ocrx_word' id='word_1_736' title='bbox 1611 5418 1775 5473; x_wconf 91' lang='lat' dir='ltr'><strong>porro</strong></span> <span class='ocrx_word' id='word_1_737' title='bbox 1823 5418 1874 5456; x_wconf 85' lang='lat' dir='ltr'><strong>0t</strong></span> <span class='ocrx_word' id='word_1_738' title='bbox 1921 5418 1975 5455; x_wconf 88' lang='lat' dir='ltr'><strong>Itt</strong></span> 
     </span>
     <span class='ocr_line' id='line_1_110' title="bbox 409 5418 1976 5546; baseline 0.004 -28"><span class='ocrx_word' id='word_1_739' title='bbox 409 5474 637 5546; x_wconf 51' lang='lat' dir='ltr'><strong>manent</strong></span> <span class='ocrx_word' id='word_1_740' title='bbox 659 5469 1209 5546; x_wconf 73' lang='lat' dir='ltr'><strong>ext_ensi,_e_unctique</strong></span> <span class='ocrx_word' id='word_1_741' title='bbox 1230 5472 1615 5546; x_wconf 32' lang='lat' dir='ltr'><strong>simul‘vocum</strong></span> <span class='ocrx_word' id='word_1_742' title='bbox 1642 5473 1836 5526; x_wconf 90' lang='lat' dir='ltr'><strong>harum</strong></span> <span class='ocrx_word' id='word_1_743' title='bbox 1872 5418 1976 5540; x_wconf 54' lang='grc' dir='ltr'><strong>’ἵη-</strong></span> 
     </span>
    </p>
   </div>
   <div class='ocr_carea' id='block_1_110' title="bbox 409 5535 1974 5610">
    <p class='ocr_par' dir='ltr' id='par_1_110' title="bbox 409 5535 1974 5610">
     <span class='ocr_line' id='line_1_111' title="bbox 409 5535 1974 5610; baseline 0.004 -24"><span class='ocrx_word' id='word_1_744' title='bbox 409 5535 535 5610; x_wconf 80' lang='grc' dir='ltr'>σοῦς</span> <span class='ocrx_word' id='word_1_745' title='bbox 555 5535 787 5610; x_wconf 72' lang='grc' dir='ltr'>Χριστὸς</span> <span class='ocrx_word' id='word_1_746' title='bbox 804 5539 929 5610; x_wconf 76' lang='grc' dir='ltr'>νικᾷ</span> <span class='ocrx_word' id='word_1_747' title='bbox 946 5535 1153 5596; x_wconf 81' lang='lat' dir='ltr'><strong>litteras</strong></span> <span class='ocrx_word' id='word_1_748' title='bbox 1176 5541 1552 5610; x_wconf 87' lang='lat' dir='ltr'><strong>primordiales</strong></span> <span class='ocrx_word' id='word_1_749' title='bbox 1577 5535 1974 5606; x_wconf 81' lang='lat' dir='ltr'><strong>demonstrant,</strong></span> 
     </span>
    </p>
   </div>
   <div class='ocr_carea' id='block_1_111' title="bbox 2153 5397 3648 5473">
    <p class='ocr_par' dir='ltr' id='par_1_111' title="bbox 2153 5397 3648 5473">
     <span class='ocr_line' id='line_1_112' title="bbox 2153 5397 3648 5473; baseline -0.004 -19"><span class='ocrx_word' id='word_1_750' title='bbox 2153 5400 2231 5468; x_wconf 65' lang='grc' dir='ltr'><strong>(Β)</strong></span> <span class='ocrx_word' id='word_1_751' title='bbox 2256 5400 2393 5473; x_wconf 84' lang='lat' dir='ltr'><strong>Pace</strong></span> <span class='ocrx_word' id='word_1_752' title='bbox 2435 5404 2690 5457; x_wconf 89' lang='lat' dir='ltr'><strong>nimirum</strong></span> <span class='ocrx_word' id='word_1_753' title='bbox 2717 5419 2742 5457; x_wconf 92' lang='lat' dir='ltr'><strong>a</strong></span> <span class='ocrx_word' id='word_1_754' title='bbox 2781 5403 3036 5473; x_wconf 78' lang='lat' dir='ltr'><strong>pontifice</strong></span> <span class='ocrx_word' id='word_1_755' title='bbox 3070 5401 3295 5456; x_wconf 80' lang='lat' dir='ltr'><strong>vocibus</strong></span> <span class='ocrx_word' id='word_1_756' title='bbox 3349 5400 3431 5452; x_wconf 90' lang='lat' dir='ltr'><strong>his</strong></span> <span class='ocrx_word' id='word_1_757' title='bbox 3461 5397 3648 5473; x_wconf 78' lang='grc' dir='ltr'>εἰρήνη</span> 
     </span>
    </p>
   </div>
   <div class='ocr_carea' id='block_1_112' title="bbox 2085 5469 3537 5539">
    <p class='ocr_par' dir='ltr' id='par_1_112' title="bbox 2085 5469 3537 5539">
     <span class='ocr_line' id='line_1_113' title="bbox 2085 5469 3537 5539; baseline -0.002 -17"><span class='ocrx_word' id='word_1_758' title='bbox 2085 5469 2211 5539; x_wconf 80' lang='grc' dir='ltr'>ύμῖν</span> <span class='ocrx_word' id='word_1_759' title='bbox 2245 5471 2461 5528; x_wconf 64' lang='lat' dir='ltr'><strong>coalitus</strong></span> <span class='ocrx_word' id='word_1_760' title='bbox 2492 5469 3226 5536; x_wconf 49' lang='lat' dir='ltr'><strong>invocata,&#39;benetlictiOnem</strong></span> <span class='ocrx_word' id='word_1_761' title='bbox 3274 5470 3537 5538; x_wconf 88' lang='lat' dir='ltr'><strong>poscenti.</strong></span> 
     </span>
    </p>
   </div>
   <div class='ocr_carea' id='block_1_113' title="bbox 2153 5538 3649 5613">
    <p class='ocr_par' dir='ltr' id='par_1_113' title="bbox 2153 5538 3649 5613">
     <span class='ocr_line' id='line_1_114' title="bbox 2153 5538 3649 5613; baseline 0 -21"><span class='ocrx_word' id='word_1_762' title='bbox 2153 5541 2230 5613; x_wconf 77' lang='lat'><strong>(6)</strong></span> <span class='ocrx_word' id='word_1_763' title='bbox 2264 5541 2408 5596; x_wconf 82' lang='lat' dir='ltr'><strong>Bona</strong></span> <span class='ocrx_word' id='word_1_764' title='bbox 2454 5543 2576 5612; x_wconf 88' lang='lat' dir='ltr'><strong>jure</strong></span> <span class='ocrx_word' id='word_1_765' title='bbox 2626 5545 2864 5613; x_wconf 89' lang='lat' dir='ltr'><strong>cuipiam</strong></span> <span class='ocrx_word' id='word_1_766' title='bbox 2916 5541 3279 5613; x_wconf 72' lang='lat' dir='ltr'><strong>obvenieutia,</strong></span> <span class='ocrx_word' id='word_1_767' title='bbox 3324 5556 3438 5613; x_wconf 83' lang='lat' dir='ltr'><strong>non</strong></span> <span class='ocrx_word' id='word_1_768' title='bbox 3485 5538 3649 5592; x_wconf 84' lang='lat' dir='ltr'><strong>modo</strong></span> 
     </span>
    </p>
   </div>
   <div class='ocr_carea' id='block_1_114' title="bbox 411 5605 3646 5683">
    <p class='ocr_par' dir='ltr' id='par_1_114' title="bbox 411 5605 3646 5683">
     <span class='ocr_line' id='line_1_115' title="bbox 411 5605 3646 5683; baseline -0.001 -21"><span class='ocrx_word' id='word_1_769' title='bbox 411 5605 744 5683; x_wconf 44' lang='lat' dir='ltr'><strong>.auricularis</strong></span> <span class='ocrx_word' id='word_1_770' title='bbox 771 5605 1022 5683; x_wconf 48' lang='lat' dir='ltr'><strong>videlicet</strong></span> <span class='ocrx_word' id='word_1_771' title='bbox 1051 5605 1231 5683; x_wconf 69' lang='lat' dir='ltr'><strong>rectus</strong></span> <span class='ocrx_word' id='word_1_772' title='bbox 1283 5611 1343 5663; x_wconf 82' lang='grc' dir='ltr'><strong>τὸ</strong></span> <span class='ocrx_word' id='word_1_773' title='bbox 1374 5610 1412 5683; x_wconf 83' lang='lat' dir='ltr'><strong>l,</strong></span> <span class='ocrx_word' id='word_1_774' title='bbox 1447 5611 1657 5683; x_wconf 82' lang='lat' dir='ltr'><strong>medius</strong></span> <span class='ocrx_word' id='word_1_775' title='bbox 1698 5620 1751 5665; x_wconf 89' lang='lat' dir='ltr'><strong>et</strong></span> <span class='ocrx_word' id='word_1_776' title='bbox 1800 5605 1976 5683; x_wconf 72' lang='lat' dir='ltr'><strong>pollex</strong></span> <span class='ocrx_word' id='word_1_777' title='bbox 2077 5605 2181 5683; x_wconf 76' lang='lat' dir='ltr'><strong>jus</strong></span> <span class='ocrx_word' id='word_1_778' title='bbox 2199 5605 2373 5683; x_wconf 83' lang='lat' dir='ltr'><strong>ipsum</strong></span> <span class='ocrx_word' id='word_1_779' title='bbox 2433 5605 2488 5668; x_wconf 76' lang='lat' dir='ltr'><strong>et</strong></span> <span class='ocrx_word' id='word_1_780' title='bbox 2519 5614 2690 5682; x_wconf 85' lang='lat' dir='ltr'><strong>legem</strong></span> <span class='ocrx_word' id='word_1_781' title='bbox 2722 5605 2926 5670; x_wconf 62' lang='lat' dir='ltr'><strong>&#39;vocaut</strong></span> <span class='ocrx_word' id='word_1_782' title='bbox 2959 5609 3202 5683; x_wconf 82' lang='lat' dir='ltr'><strong>moderni</strong></span> <span class='ocrx_word' id='word_1_783' title='bbox 3259 5609 3602 5683; x_wconf 83' lang='grc' dir='ltr'>δικαιώματα</span> <span class='ocrx_word' id='word_1_784' title='bbox 3633 5623 3646 5683; x_wconf 68' lang='grc' dir='ltr'><strong>ι</strong></span> 
     </span>
    </p>
   </div>
   <div class='ocr_carea' id='block_1_115' title="bbox 411 5677 2158 5752">
    <p class='ocr_par' dir='ltr' id='par_1_115' title="bbox 411 5677 2144 5752">
     <span class='ocr_line' id='line_1_116' title="bbox 411 5677 2144 5752; baseline 0.002 -26"><span class='ocrx_word' id='word_1_785' title='bbox 411 5677 464 5752; x_wconf 80' lang='lat' dir='ltr'><strong>in</strong></span> <span class='ocrx_word' id='word_1_786' title='bbox 488 5687 709 5752; x_wconf 54' lang='lat' dir='ltr'><strong>crucem</strong></span> <span class='ocrx_word' id='word_1_787' title='bbox 741 5677 936 5752; x_wconf 68' lang='lat' dir='ltr'><strong>:tct_i_1b</strong></span> <span class='ocrx_word' id='word_1_788' title='bbox 961 5678 1027 5752; x_wconf 76' lang='grc' dir='ltr'>Χ,</span> <span class='ocrx_word' id='word_1_789' title='bbox 1062 5681 1274 5752; x_wconf 80' lang='lat' dir='ltr'><strong>medius</strong></span> <span class='ocrx_word' id='word_1_790' title='bbox 1304 5690 1358 5735; x_wconf 93' lang='lat' dir='ltr'><strong>et</strong></span> <span class='ocrx_word' id='word_1_791' title='bbox 1378 5681 1536 5752; x_wconf 81' lang='lat' dir='ltr'><strong>index</strong></span> <span class='ocrx_word' id='word_1_792' title='bbox 1574 5677 1976 5752; x_wconf 57' lang='lat' dir='ltr'><strong>parumilissiti</strong></span> <span class='ocrx_word' id='word_1_793' title='bbox 2082 5677 2144 5730; x_wconf 81' lang='lat' dir='ltr'><strong>ac</strong></span> 
     </span>
    </p>
   </div>
   <div class='ocr_carea' id='block_1_116' title="bbox 1897 5677 3644 5752">
    <p class='ocr_par' dir='ltr' id='par_1_116' title="bbox 1897 5677 3644 5752">
     <span class='ocr_line' id='line_1_117' title="bbox 1897 5677 3644 5752; baseline -0.004 -16"><span class='ocrx_word' id='word_1_794' title='bbox 1897 5681 1976 5736; x_wconf 73' lang='lat' dir='ltr'><strong>siti</strong></span> <span class='ocrx_word' id='word_1_795' title='bbox 2082 5677 2290 5752; x_wconf 72' lang='lat' dir='ltr'><strong>acitleo</strong></span> <span class='ocrx_word' id='word_1_796' title='bbox 2349 5677 2734 5752; x_wconf 60' lang='grc' dir='ltr'>δικαιωμάτων</span> <span class='ocrx_word' id='word_1_797' title='bbox 2785 5683 2961 5751; x_wconf 80' lang='grc' dir='ltr'>φύλαξ</span> <span class='ocrx_word' id='word_1_798' title='bbox 2997 5681 3134 5752; x_wconf 83' lang='lat' dir='ltr'><strong>apud</strong></span> <span class='ocrx_word' id='word_1_799' title='bbox 3184 5681 3400 5752; x_wconf 76' lang='lat' dir='ltr'><strong>eosdem</strong></span> <span class='ocrx_word' id='word_1_800' title='bbox 3443 5682 3644 5746; x_wconf 87' lang='lat' dir='ltr'><strong>estqui</strong></span> 
     </span>
    </p>
   </div>
   <div class='ocr_carea' id='block_1_117' title="bbox 410 5741 1976 5866">
    <p class='ocr_par' dir='ltr' id='par_1_117' title="bbox 410 5741 1976 5866">
     <span class='ocr_line' id='line_1_118' title="bbox 410 5741 1976 5866; baseline 0.008 -74"><span class='ocrx_word' id='word_1_801' title='bbox 636 5741 756 5800; x_wconf 59' lang='lat' dir='ltr'><strong>&quot;ac</strong></span> <span class='ocrx_word' id='word_1_802' title='bbox 805 5741 1307 5807; x_wconf 84' lang='lat' dir='ltr'><strong>Thessalonicensis</strong></span> <span class='ocrx_word' id='word_1_803' title='bbox 1353 5761 1406 5806; x_wconf 83' lang='lat' dir='ltr'><strong>et</strong></span> <span class='ocrx_word' id='word_1_804' title='bbox 1459 5741 1717 5810; x_wconf 58' lang='lat' dir='ltr'><strong>Malaxus,</strong></span> <span class='ocrx_word' id='word_1_805' title='bbox 1759 5751 1822 5804; x_wconf 83' lang='lat' dir='ltr'><strong>de</strong></span> <span class='ocrx_word' id='word_1_806' title='bbox 1868 5766 1976 5820; x_wconf 84' lang='lat' dir='ltr'><strong>quo</strong></span> 
     </span>
    </p>
   </div>
   <div class='ocr_carea' id='block_1_118' title="bbox 2083 5748 3648 5822">
    <p class='ocr_par' dir='ltr' id='par_1_118' title="bbox 2083 5748 3648 5822">
     <span class='ocr_line' id='line_1_119' title="bbox 2083 5748 3648 5822; baseline 0.002 -22"><span class='ocrx_word' id='word_1_807' title='bbox 2083 5748 2240 5801; x_wconf 89' lang='lat' dir='ltr'><strong>nobis</strong></span> <span class='ocrx_word' id='word_1_808' title='bbox 2265 5752 2536 5820; x_wconf 85' lang='lat' dir='ltr'><strong>regiorum</strong></span> <span class='ocrx_word' id='word_1_809' title='bbox 2551 5748 2765 5822; x_wconf 62' lang='lat' dir='ltr'><strong>&#39;jurium</strong></span> <span class='ocrx_word' id='word_1_810' title='bbox 2791 5748 3065 5816; x_wconf 78' lang='lat' dir='ltr'><strong>defensor,</strong></span> <span class='ocrx_word' id='word_1_811' title='bbox 3117 5749 3209 5822; x_wconf 85' lang='lat' dir='ltr'><strong>qui</strong></span> <span class='ocrx_word' id='word_1_812' title='bbox 3241 5759 3288 5802; x_wconf 66' lang='grc' dir='ltr'><strong>ιι</strong></span> <span class='ocrx_word' id='word_1_813' title='bbox 3318 5753 3499 5818; x_wconf 72' lang='lat' dir='ltr'><strong>regius</strong></span> <span class='ocrx_word' id='word_1_814' title='bbox 3522 5763 3648 5817; x_wconf 84' lang='lat' dir='ltr'><strong>pro-</strong></span> 
     </span>
    </p>
   </div>
   <div class='ocr_carea' id='block_1_119' title="bbox 2080 5830 2318 5874">
    <p class='ocr_par' dir='ltr' id='par_1_119' title="bbox 2080 5830 2318 5874">
     <span class='ocr_line' id='line_1_120' title="bbox 2080 5830 2318 5874; baseline 0.004 -2"><span class='ocrx_word' id='word_1_815' title='bbox 2080 5830 2318 5874; x_wconf 66' lang='lat' dir='ltr'><strong>CUI&#39;NOI&#39;.</strong></span> 
     </span>
    </p>
   </div>
  </div>
