4424 6450
779 372 887 437 375

2056 379 2379 441 JOANNIS
2420 382 2791 443 SCYLITZJE

3908 382 4013 444 376

780 488 1198 556 protomartyris
1247 487 1460 543 Tlieclae
1492 490 1804 545 memoriam
1852 490 2131 548 celebrant
2187 496 2337 550 Cbri-
2373 500 2415 556 Α
2444 500 2527 567 (Σε

2262 497 2337 550 iri-
2373 500 2415 556 Α
2444 500 2837 568 (Σεπτέμϐριος
2883 498 2988 570 γὰρ
3025 493 3091 569 ἦν
3133 498 3346 569 ἡμέραν
3397 496 3545 564 ἀγων
3580 498 3678 553 κδ’.
3716 496 3837 551 καθ’
3881 498 3947 567 ῆν
3984 502 4009 564 η

780 579 967 647 stiani)
997 580 1225 633 multum
1280 580 1591 637 detrimenti
1619 591 1674 637 et
1716 582 2049 640 calamitatis
2076 586 2345 640 militibus

780 673 983 725 attulit.
1016 671 1150 726 Nam
1178 675 1356 729 omnis
1378 674 1490 729 fere
1551 677 1852 745 equitatus.
1908 686 1962 731 et
1994 693 2182 732 eorum
2252 681 2345 748 qui

781 765 1006 817 aderant
1037 765 1276 833 plurimi,
1305 767 1506 836 frigore
1545 774 1598 822 et
1622 769 1814 829 imbre,
1837 784 1961 823 cum
1994 770 2122 823 nudi
2162 780 2346 825 essent

778 863 831 905 et
860 854 1136 923 imparati,
1172 857 1524 919 interierunt.
1558 874 1620 911 ac
1655 869 1850 928 przrter
1908 875 2124 913 onmem
2193 875 2341 929 spem

778 947 844 999 ad
889 948 1089 1001 victum
1142 951 1451 1002 necessaria
1497 949 1833 1013 defecerunt,
1892 954 2095 1007 relictis
2132 962 2340 1007 tantum

778 1052 900 1104 qua:
941 1036 1226 1092 fluminum
1261 1040 1462 1108 impetu
1502 1040 1957 1105 superfuerautet
1990 1044 2169 1097 imbri.
2206 1044 2340 1099 Cum

778 1138 957 1183 autem
1010 1131 1356 1187 mediocriter
1386 1134 1559 1203 pluvia
1604 1136 1903 1189 remisisset
1937 1136 2197 1204 nivesque
2227 1152 2344 1190 ces-

782 1222 1310 1291 aasscnt,ingressus
1335 1226 1649 1293 imperator,
1669 1235 1723 1279 et
1758 1228 2010 1295 plurimis
2038 1230 2089 1279 in
2120 1227 2343 1282 flumine

778 1311 1018 1375 amissis,
1054 1314 1158 1366 sub
1188 1315 1435 1367 umbram
1468 1316 1752 1383 cujusdam
1786 1318 1997 1371 arboris
2027 1332 2149 1370 cum
2205 1333 2337 1387 pau-

776 1402 860 1454 cis
883 1403 1208 1468 quibusdam
1244 1404 1574 1471 primoribus
1600 1422 1659 1460 se
1685 1408 1911 1473 recepit;
1948 1422 2009 1460 ac
2040 1408 2201 1473 paulo
2223 1416 2341 1476 post

778 1494 924 1546 edito
952 1507 979 1545 a
1017 1510 1220 1561 quercu
1259 1511 1394 1548 sono
1431 1512 1618 1563 parum
1650 1498 1995 1564 progreditur
2026 1499 2337 1567 imperator,

779 1583 891 1638 fere
927 1594 1193 1653 quantum
1224 1588 1437 1641 arboris
1472 1588 1641 1656 ipsius
1673 1588 1955 1658 longitudo
1978 1590 2335 1657 contingeret,

776 1687 893 1736 qur
953 1673 1216 1727 radicitus
1259 1676 1445 1727 evulsa
1501 1676 1692 1743 supina
1765 1677 1817 1728 in
1868 1686 2066 1728 terram
2114 1677 2335 1731 decidit.

776 1762 1058 1815 Obmutuit
1084 1765 1400 1832 ititperalor,
1419 1764 1581 1835 647
1606 1766 1961 1819 considerans
1982 1767 2157 1834 qualis
2190 1783 2337 1822 mor-

2448 594 2546 661 τῆς
2599 592 2761 658 ἁγίας
2820 592 3287 661 πρωτομάρτυρος
3329 590 3537 652 Θέκλας
3584 590 3745 657 ἐορτὴ
3779 589 4015 643 τελεῖται

2448 685 2815 751 Χριστιανοῖς)
2841 703 2851 708 ·
2876 681 3033 751 ολλῆς
3052 679 3343 741 κακώσεως
3362 681 3453 733 καὶ
3479 679 3656 749 λύμης
3670 679 3932 749 ἐνέπλησε
3954 678 4014 731 τό

2430 774 2838 842 ,στρατιωτικόν
2863 788 2874 799 ·
2905 772 3007 841 ἦτε
3026 772 3132 839 γάρ
3161 771 3326 832 ἵππος
3357 770 3544 838 σχεδὸν
3572 770 3758 822 ἅπασα
3787 770 4007 821 καὶτῶν

2448 864 2727 931 παρόντων
2750 863 2797 914 oi
2818 862 3032 922 πλείους
3060 861 3136 929 τῷ
3167 859 3322 929 κρύει
3340 861 3434 932 καὶ
3463 858 3539 927 τῷ
3572 858 3783 928 ὄμϐρῳ,
3814 857 4012 925 γυμνοὶ

2448 958 2540 1006 καὶ
2572 953 2947 1020 ἀπαράσκευοι
2975 953 3353 1019 τυγχάνοντες,
3397 951 3456 1003 τὸ
3515 950 3614 1019 ζῇν
3662 950 4004 1019 ἀπέρρηξαν.

2460 1044 2856 1096 Ἐπιλελοίπασι
2884 1042 2939 1095 δέ
2968 1042 3116 1111 παρά
3145 1043 3325 1093 πᾶσαν
3350 1041 3448 1110 τὴν
3465 1040 3651 1092 ἐλπίδα
3678 1039 3767 1091 καὶ
3802 1041 3865 1091 τὰ
3894 1040 4012 1090 ἐπι-

2444 1136 2647 1204 τήδεια,
2674 1134 2952 1202 ποταμίων
2979 1133 3263 1203 ῥευμάτων
3289 1133 3459 1203 φορᾶς
3499 1130 3705 1185 καὶτοῦ
3742 1130 4009 1200 χειμῶνος

2444 1226 2709 1295 γενόμενα
2736 1226 3032 1296 πάρεργον.
3075 1225 3401 1293 Ἀναστολῆς
3430 1224 3487 1275 δὲ
3531 1223 3757 1292 μετρίας
3778 1224 4008 1290 γενομέ-

2444 1336 2539 1385 νης
2594 1317 2687 1368 καὶ
2721 1316 2828 1369 τῶν
2874 1317 3107 1385 νιφετῶν
3153 1317 3443 1385 ἀνακωχὴν
3495 1314 3767 1367 λαϐόντων
3802 1313 3947 1382 ἐξῄει
3981 1313 4010 1364 ό

2447 1408 2720 1477 βασιλεὺς,
2754 1410 3040 1470 πλείστους
3094 1408 3149 1460 δέ
3181 1407 3259 1476 τῷ
3296 1408 3524 1476 ποταμῷ
3576 1404 3865 1459 ἀποϐαλὼν
3900 1404 4008 1457 ὑπὸ

2448 1503 2603 1555 σκιὰν
2634 1502 2762 1568 ἕστη
2780 1502 2996 1569 δένδρου
3021 1500 3163 1562 τινος
3194 1500 3309 1568 ἅμα
3326 1498 3433 1551 τῶν
3464 1498 3839 1567 ὑπερεχόντων
3874 1497 4004 1549 τισί.

2445 1596 2579 1647 Μετ’
2624 1593 2800 1659 ὀλίγον
2822 1592 2877 1643 δὲ
2908 1591 3046 1660 ὴχῆς
3070 1592 3365 1659 γενομένης
3389 1591 3450 1641 ἐκ
3479 1592 3575 1657 τῆς
3598 1589 3756 1657 δρυὸς
3786 1588 4001 1656 πρόεισι

2446 1684 2641 1749 μικρὸν
2664 1685 2691 1733 ὁ
2714 1681 2982 1750 βασιλεὺς,
3004 1682 3125 1732 ἔσαν
3152 1679 3225 1748 μὴ
3247 1678 3325 1747 τῷ
3356 1679 3516 1747 μήκει
3536 1677 3704 1745 αὐτῆς
3725 1676 4006 1745 καταλαμ-

2443 1772 2725 1834 ϐάνεσθαι,
2773 1774 2919 1841 ἤπερ
2990 1771 3198 1841 ῥιζόθεν
3255 1769 3662 1823 ἀνασπασθεῖσα
3720 1769 3885 1821 ὑπτία
3940 1770 4004 1837 τῇ

778 1854 849 1906 tis
878 1856 1178 1922 puriculttttt
1211 1854 1297 1907 v'x
1340 1856 1599 1909 evaserit.
1641 1854 1823 1922 Neque
1867 1857 1965 1909 hoc
1984 1868 2100 1910 erat
2136 1858 2334 1911 bonum
2372 1840 2413 1897 Β
2446 1865 2515 1932 γῇ

2260 1873 2334 1911 tm
2372 1840 2413 1897 Β
2446 1865 2515 1932 γῇ
2550 1840 3102 1933 προσήρισεβΓέγονε
3132 1860 3188 1913 δέ
3228 1860 3404 1922 ἐννεδς
3442 1862 3469 1911 ό
3507 1859 3763 1927 βασιλεὺς
3788 1859 4007 1925 λογισά-

778 1946 1089 2014 augurium.
1146 1946 1287 2014 quod
1324 1946 1617 2008 acciderat,
1649 1947 1740 1999 sed
1774 1948 1984 1999 initium
2019 1949 2344 2003 calamitatis

777 2050 939 2103 quam
978 2051 1098 2089 mox
1160 2046 1303 2090 esset
1343 2049 1686 2105 accepturus,
1734 2047 2004 2091 eteorum
2056 2056 2176 2107 quae
2229 2040 2341 2108 jam

776 2127 1145 2181 commisisset
1174 2143 1455 2195 poenarum
1488 2129 1721 2183 exactio.
1773 2128 1969 2182 Verum
2004 2145 2099 2199 pro
2131 2146 2194 2185 eo
2211 2146 2339 2184 casu

780 2222 984 2285 gratias
1016 2234 1183 2287 agens
1216 2218 1325 2272 Deo
1356 2219 1618 2287 templum
1650 2222 1701 2272 in
1767 2221 1968 2289 palatio
2012 2222 2341 2277 Blacberna-

782 2326 901 2362 tum
940 2312 1325 2380 protomartyri
1350 2309 1566 2364 Thecla:
1587 2310 1889 2364 dedicatum
1916 2315 2339 2379 pulcherrimum

777 2402 1111 2463 construxit,
1152 2410 1205 2455 et
1236 2402 1537 2455 exf‘l‘ciltttll
1566 2402 1865 2470 perducens
1920 2404 2029 2458 cito
2063 2419 2122 2457 se
2162 2405 2227 2457 ad
2260 2420 2343 2459 re-

775 2494 918 2563 giam
970 2495 1157 2547 urbem
1193 2494 1433 2562 recipere
1464 2493 1778 2557 festinabat,
1833 2496 2080 2565 cogitans
2126 2496 2194 2551 de
2252 2513 2333 2551 re-

777 2586 1010 2639 bellione
1071 2600 1233 2652 quam
1300 2584 1577 2638 audiverat
1635 2586 1687 2639 in
1739 2585 1981 2639 Oriente.
2036 2587 2151 2653 Qua
2205 2587 2339 2642 falsa

774 2684 1075 2745 comperta,
1106 2692 1226 2731 sese
1250 2678 1634 2732 venationibus
1657 2678 1929 2732 oblectare
1957 2679 2119 2746 cmpit
2143 2688 2194 2732 ct
2219 2679 2340 2734 aliis

774 2783 896 2837 quae
925 2768 1091 2821 animi
1133 2769 1412 2822 relaxandi
1456 2769 1632 2838 gratia
1662 2770 1817 2831 fiunt,
1850 2786 1944 2839 per
1961 2770 2339 2841 fretum,quod

777 2868 864 2913 est
944 2869 1071 2913 ante
1123 2862 1322 2929 regiam
1393 2859 1583 2913 urbem
1645 2861 1968 2915 ascendens.
2027 2860 2167 2914 Hora
2211 2876 2339 2915 vero

775 2949 987 3019 prandii
1022 2950 1223 3004 fulmen
1257 2952 1310 3003 in
1364 2965 1427 3005 ea
1457 2952 1569 3005 loca
1606 2952 1805 3020 quibus
1838 2951 2090 3021 Neapolis
2140 2968 2335 3006 nomen

775 3049 861 3095 est
892 3042 1083 3105 irruit;
1138 3050 1193 3096 et
1224 3056 1424 3110 porcus
1460 3043 1643 3096 nescio
1676 3043 1817 3096 unde
1848 3045 2141 3111 apparens,
2192 3044 2244 3097 in
2278 3059 2337 3098 se

775 3133 1089 3198 provocavit
1162 3132 1571 3201 imperatorem,
1627 3147 1787 3201 quem
1830 3148 2003 3200 usque
2063 3134 2131 3186 ad
2188 3148 2337 3187 mare

780 3234 1105 3289 persecutus
1192 3224 1487 3292 imperatur
1546 3224 1772 3293 expulit.
1856 3223 1957 3278 Ubi
2012 3240 2141 3278 vero
2190 3241 2338 3280 mare

774 3316 998 3369 subiens
1056 3330 1252 3383 porcus
1311 3316 1454 3369 baud
1521 3317 1751 3384 amplius
1811 3318 2081 3385 apparuit,
2130 3315 2338 3387 fulgore

772 3414 1010 3475 quadam
1050 3408 1223 3460 instar
1273 3406 1504 3474 fulguris
1544 3409 1874 3474 perstrictus
1916 3408 2209 3477 imperator
2271 3408 2339 3463 de

774 3513 917 3567 equo
934 3498 1174 3567 dejectus
1205 3508 1309 3561 est,
1331 3509 1384 3553 et
1416 3500 1565 3553 humi
1598 3515 1841 3569 spumam
1858 3516 1921 3553 ex
1944 3515 2037 3554 ore
2058 3500 2223 3555 edcus
2240 3500 2336 3555 de-

778 3590 1112 3643 volvebatur.
1166 3591 1222 3644 In
1272 3606 1495 3661 parvum
1538 3600 1717 3645 autem
1745 3592 2016 3661 navigium
2050 3592 2339 3660 impositus

775 3681 845 3734 ad
884 3683 1085 3751 regiam
1118 3682 1380 3737 defertur.
1401 3684 1678 3738 Attonitus
1708 3692 1887 3738 tamen
1917 3692 1969 3738 et
1997 3684 2067 3739 ob
2101 3683 2338 3737 afllatum

777 3789 837 3828 se
872 3775 1047 3843 ipsum
1076 3774 1302 3829 minime
1327 3777 1595 3837 sentiens,
1623 3776 1920 3845 morboque
1967 3776 2085 3829 dies
2131 3777 2341 3845 aliquot

775 3864 1030 3918 detentus
1050 3870 1279 3918 mortem
1322 3864 1694 3933 exspectabat,
1729 3873 1781 3919 et
1813 3864 2014 3917 idcirco
2034 3863 2097 3917 ad
2122 3864 2342 3933 placan-

776 3958 903 4010 dmn
940 3956 1041 4010 sibi
1062 3954 1231 4009 Deum
1268 3956 1645 4025 pmnitcntiam
1687 3957 2054 4025 amplectitur,
2084 3965 2138 4011 et
2170 3958 2341 4025 impe-

782 4049 1044 4101 ratoriam
1070 4055 1420 4117 potestatem,
1458 4062 1617 4116 quam
1636 4047 1736 4101 sibi
1773 4047 1970 4115 injuria
2015 4048 2337 4110 vindicarat,

778 4140 959 4194 libens
990 4140 1236 4208 deponit,
1256 4138 1358 4191 hoc
1384 4147 1533 4192 certe
1569 4148 1715 4193 recte
1737 4138 1968 4200 faciens,
2002 4146 2056 4193 et
2081 4139 2342 4194 monasti-

779 4248 858 4285 cze
888 4247 947 4285 se
996 4232 1120 4285 vine
1159 4231 1397 4293 dedicat,
1462 4230 1696 4298 priorem
1758 4229 1957 4285 fastum
2016 4245 2077 4284 ac
2113 4230 2339 4285 delicias

780 4324 1091 4376 voluntario
1110 4330 1423 4390 contentptu
1456 4330 1510 4375 et
1534 4321 1777 4375 molestia
1795 4322 2098 4391 corrigens.
2116 4320 2181 4374 Et
2197 4320 2340 4390 quod

775 4414 942 4486 648
982 4415 1149 4482 magis
1184 4413 1419 4468 ostendit
1444 4412 1594 4466 illum
1624 4427 1748 4466 vere
1784 4421 2004 4481 totoque
2049 4428 2113 4465 ex
2158 4412 2342 4466 animo

778 4505 1102 4575 pmnituisse
1134 4518 1323 4558 eorum
1356 4518 1477 4571 quae
1524 4510 1790 4571 patrarat,
1827 4502 2207 4573 imperatorem
2251 4501 2340 4556 de-

778 4598 907 4667 legit
942 4611 1050 4650 non
1081 4594 1347 4650 Joannem
1392 4593 1493 4648 sibi
1524 4595 1785 4665 sanguine
1811 4596 2185 4664 coniunctum,
2229 4610 2336 4648 non

781 4696 1032 4758 nepotem
1090 4703 1155 4743 ex
1213 4700 1401 4742 sorore
1433 4685 1777 4741 Theodorum
1830 4686 2185 4755 Docejanum,
2236 4702 2339 4739 non

780 4782 902 4837 filia?
956 4780 1231 4842 maritum,
1267 4793 1442 4847 neque
1484 4778 1650 4832 alium
1679 4779 1915 4847 aliquem
1949 4777 2051 4832 sibi
2113 4791 2344 4833 consan-

778 4870 1041 4938 guinitate
1080 4870 1407 4938 proximum,
1441 4868 1533 4923 sed
1567 4867 1850 4937 president
1896 4866 2337 4932 Constantinum,

775 4960 864 5015 c'ui
897 4962 1008 5030 jam
1056 4960 1179 5014 inde
1228 4974 1257 5012 a
1309 4960 1424 5015 suis
1484 4960 1786 5027 majoribus
1829 4958 2004 5015 Ducas
2036 4974 2335 5030 cognomen

774 5063 912 5118 erat,
953 5061 1213 5120 tanquam
1258 5054 1490 5121 peritum
1523 5060 1576 5106 et
1607 5052 1891 5106 conscium
1925 5059 1978 5107 et
2006 5052 2334 5117 adiutorem,

775 5148 981 5216 quique
1037 5144 1244 5214 optime
1290 5155 1475 5198 nosset
1511 5144 1751 5198 rationes
1799 5144 2052 5211 parandae
2104 5143 2341 5211 copiosa:

779 5236 1021 5306 pecunia:
1072 5235 1136 5288 ad
1205 5233 1417 5303 imperii
1477 5234 1973 5288 conservationem.
2025 5234 2338 5287 Comnenus

776 5335 954 5381 autem
992 5326 1327 5380 monasticas
1381 5333 1560 5380 vestes
1590 5326 1831 5393 indutus,
1867 5342 1989 5381 cum
2044 5344 2338 5397 parumper

776 5427 1149 5488 exspectasset
1183 5415 1231 5470 si
1264 5430 1370 5484 qua
1409 5416 1618 5469 ratione
1663 5430 1691 5468 a
1744 5417 1933 5470 morbo
1988 5418 2336 5484 liberaretur,

776 5509 864 5562 ubi
901 5508 1050 5560 novit
1079 5522 1136 5560 se
1171 5507 1464 5561 insanabili
1500 5506 1690 5560 morbo
1717 5514 1959 5576 captum,
1996 5507 2175 5561 adhuc
2217 5509 2337 5577 ipso

778 5609 1000 5654 vevatus
1049 5598 1225 5651 Studii
1278 5598 1676 5652 monasterium
1723 5598 2047 5668 ingreditur,
2104 5599 2335 5652 multum

798 5687 1092 5743 £caterina
1121 5688 1366 5758 Augusta
1417 5687 1537 5758 ejus
1569 5690 1858 5745 consilium
1928 5689 2241 5758 adjuvante,
2278 5699 2333 5743 et

776 5797 875 5855 pro
928 5789 1194 5837 terrarum
1244 5781 1455 5850 imperii
1508 5782 1830 5849 amissione,
1874 5782 2115 5837 caelestis
2153 5782 2333 5860 gaudii

2450 1968 2608 2017 μενος
2658 1951 2774 2011 οἵας
2808 1949 3067 2018 τελευτῆς
3093 1948 3367 2001 ἐπωδύνου
3421 1946 3571 2016 παρά
3602 1948 3796 2017 μικρὸν
3825 1951 4006 2017 τυχεῖν

2445 2042 2687 2108 ἔμελλεν.
2721 2037 2828 2094 Ἦν
2858 2042 2912 2093 δὲ
2944 2042 3043 2093 οὑκ
3073 2040 3275 2107 ἀγαθὸς
3296 2040 3485 2101 οἰωνὸς
3514 2040 3573 2092 τδ
3605 2039 3842 2106 συμϐὰν,
3869 2040 4004 2093 ἀλλά

2445 2132 2730 2201 προοίμιον
2784 2131 2882 2198 τῆς
2927 2128 3225 2199 μελλούσης
3271 2129 3431 2182 αὐτὸν
3471 2127 3800 2181 καταλαϐεῖν
3829 2129 4003 2195 τύχης

2444 2222 2538 2272 καὶ
2586 2221 2693 2272 τῶν
2753 2221 2851 2290 ἥδη
2905 2221 3215 2289 γενομένων
3270 2218 3555 2288 εἷσπραξις
3599 2219 3693 2272 καὶ
3744 2218 4004 2287 τιμωρία.

2444 2312 2795 2381 Εὐχαριστῶν
2830 2313 2874 2364 δ’
2914 2313 3006 2364 ἐπὶ
3058 2311 3135 2379 τῷ
3164 2310 3537 2379 συμϐεϐηκότι
3590 2310 3667 2378 τῷ
3706 2310 3848 2377 Θεῷ,
3880 2309 4007 2361 ναὸν

2443 2408 2501 2459 ἐν
2530 2405 2607 2474 τῷ
2645 2404 2891 2474 παλατίῳ
2920 2405 3026 2456 τῶν
3057 2404 3377 2473 Βλαχερνῶν
3409 2404 3499 2454 ἐπὶ
3529 2401 3605 2468 τῷ
3634 2402 3859 2471 ὀνόματι
3907 2401 4007 2469 τῆς

2443 2496 2906 2566 πρωτομάρτυρος
2952 2496 3164 2548 Θέκλας
3218 2496 3474 2563 ἀνήγειρε
3528 2493 3829 2546 κάλλιστον.
3863 2494 4006 2560 Προ-

2442 2592 2679 2656 ϐιϐἀζων
2708 2590 2764 2642 δέ
2790 2591 2879 2642 τὸν
2912 2590 3141 2659 στρατὸν
3162 2588 3327 2658 ἀπῄει
3359 2589 3565 2657 ταχέως
3596 2590 3692 2640 ἐπὶ
3722 2590 3819 2657 τὴν
3848 2587 4005 2656 βασι-

2439 2683 2701 2734 λεύουσαν
2740 2680 3215 2749 λογοποιούμενος,
3256 2680 3596 2733 ἀποστασίαν
3639 2680 3697 2730 ἐν
3729 2682 3795 2747 τῇ
3845 2679 4003 2730 Ἀνα-

2438 2773 2564 2843 τολῇ
2598 2771 3004 2841 ἐνωτιζόμενος.
3048 2770 3386 2823 Καταλαϐὼν
3412 2771 3467 2822 δὲ
3503 2771 3596 2822 καὶ
3626 2770 3803 2822 πάντα
3831 2768 4003 2837 ψευδῆ

2440 2864 2692 2933 εὑρηκὼς
2742 2862 3087 2932 κυνηγεσίοις
3135 2861 3327 2913 ἑαυτὸν
3359 2859 3756 2929 ἐψυχαγώγησε
3801 2862 3896 2912 καὶ
3936 2862 4001 2928 τῇ

2440 2955 2575 3025 ἄλλῃ
2638 2955 2843 3018 ἀνέσει,
2915 2954 3056 3006 κατά
3107 2954 3196 3005 τὸν
3232 2955 3299 3021 τῇ
3349 2951 3579 3020 βασιλίδι
3642 2952 4001 3021 προκείμενον

2442 3047 2688 3118 πορθμὸν
2742 3046 2927 3099 ἀνιών.
2978 3046 3064 3117 [Ρ.
3119 3044 3245 3115 8H]
3298 3045 3430 3114 Περὶ
3479 3044 3536 3096 δὲ
3585 3044 3732 3113 ὥραν
3776 3043 4000 3113 ἀρίστου

2441 3141 2552 3205 ιεὼς
2598 3128 3012 3209 ἀστραπήϐολον
3058 3140 3171 3199 τοῖς
3223 3138 3408 3199 τόποις
3454 3137 3682 3197 ἐκείνοις
3734 3134 4002 3204 ἐνέσκηψε

2366 3214 2407 3268 ί)
2442 3229 2734 3294 (Νεάπολις
2787 3229 2994 3291 τούτοις
3035 3228 3094 3280 τὸ
3139 3226 3471 3295 γνώρισμα),
3515 3226 3693 3295 χοῖρός
3747 3226 3807 3277 τέ
3836 3225 4003 3277 ποθεν

2439 3321 2720 3387 ἐπιφανεὶς
2767 3321 2851 3387 ἐφ’
2894 3320 3084 3372 ἐαυτὸν
3137 3318 3488 3387 τὸνβασιλέα
3539 3317 3919 3381 ἐξεκαλέσατο,
3943 3315 4003 3369 δν

2440 3413 2742 3465 ἐπιδιώκων
2766 3413 2791 3463 ό
2818 3411 3071 3481 βασιλεὺς
3098 3411 3224 3478 ἄχρι
3271 3410 3367 3461 καὶ
3396 3409 3668 3475 Θαλάσσης
3712 3406 3997 3474 ἐξήλασεν.

2454 3503 2542 3565 Ὠς
2582 3502 2636 3555 δὲ
2667 3503 2693 3553 ὁ
2752 3504 2932 3571 χοῖρος
2979 3501 3077 3566 τὴν
3120 3500 3397 3553 θάλασσαν
3426 3500 3605 3560 εἰσδὺς
3644 3497 3855 3566 ἀφανὴς
3884 3497 4003 3563 ἐγέ-

2441 3613 2582 3657 νετο,
2617 3598 2643 3648 ὁ
2678 3596 2927 3665 βασιλεὺς
2960 3596 3217 3665 ἐξαίφνης
3244 3595 3472 3661 πληγεὶς
3496 3593 3572 3661 τῷ
3606 3590 4003 3661 ἀστραπηϐόλῳ

2442 3690 2581 3754 φωτὶ
2632 3687 2727 3739 τοῦ
2782 3689 2948 3740 ἵππον
3006 3704 3066 3739 τε
3099 3685 3505 3753 ἀπεσφαιρίσθη
3562 3684 3653 3735 καὶ
3720 3682 3857 3749 πρὸς
3904 3681 4002 3749 τὴν

2442 3780 2543 3846 γῆν
2583 3779 2827 3847 ἀφρίζων
2855 3778 3121 3831 ἐκυλίετο.
3188 3776 3424 3844 Ἀκατίῳ
3459 3775 3515 3827 δὲ
3548 3774 3841 3844 ἐμϐληθεὶς
3869 3772 4003 3841 πρὸς

2440 3868 2507 3919 τά
2550 3868 2791 3935 βασίλεια
2818 3866 3140 3931 διασώζεται
3182 3866 3674 3937 παρακεκομμένος
3724 3864 3818 3916 καὶ
3873 3863 4003 3914 ἐαυ-

2441 3957 2534 4010 τοῦ
2578 3957 2698 4026 μηδ’
2747 3957 2883 4019 ὅλως
2941 3955 3421 4025 ἐπαισθανόμενος.
3490 3954 3897 4024 Νοσημαχήσας
3948 3951 4005 4003 δὲ

2442 4048 2526 4116 ἐφ’
2560 4049 2771 4119 ἡμέρας
2822 4050 2975 4112 τινὰς
3019 4049 3111 4101 τὸν
3168 4048 3332 4117 μόρον
3376 4046 3719 4116 ἐκαραδόκει,
3779 4044 3875 4097 καὶ
3916 4043 4002 4095 διὰ

2442 4138 2599 4191 τοῦτο
2630 4138 2765 4207 πρὸς
2801 4137 3077 4201 ἐξιλέωσιν
3109 4137 3204 4188 τοῦ
3230 4136 3373 4189 θείου
3433 4135 3739 4197 ἀσπάζεται
3783 4134 3883 4204 τὴν
3911 4149 4004 4200 με-

2442 4232 2680 4293 τάνοιαν,
2738 4232 2832 4283 καὶ
2881 4230 2981 4299 τὴν
3015 4227 3299 4298 βασιλικὴν
3337 4228 3606 4291 ἐξουσίαν,
3658 4222 3726 4296 ἧς
3768 4224 4007 4295 παρανό-

2448 4338 2560 4391 μως
2594 4322 2873 4393 ἐδράξατο,
2897 4322 3075 4374 ἑκοντὶ
3108 4320 3349 4389 μεθίησι,
3373 4318 3531 4371 τοῦτό
3555 4335 3616 4384 γε
3640 4317 3818 4379 καλῶς
3847 4332 4003 4383 ποιη-

2446 4415 2700 4483 σάμενος,
2762 4414 2858 4466 καὶ
2908 4413 2999 4465 τὸν
3041 4411 3324 4481 μοναδικόν
3374 4410 3681 4471 ἀσπάζεται
3730 4408 3864 4476 βίον,
3908 4407 4005 4472 τὴν

2447 4507 2577 4575 πρὶν
2607 4504 2851 4567 εὐδοξίαν
2881 4506 2977 4557 καὶ⁸
3022 4503 3237 4573 τρυφὴν
3295 4500 3611 4553 ἀποπτὼσει
3660 4499 3884 4567 ἑκουσίᾳ
3912 4496 4006 4551 καὶ

2451 4596 2765 4665 μετριότητι
2819 4592 3217 4664 διορθούμενος.
3277 4594 3340 4643 Ὃ
3388 4591 3443 4643 δὲ
3502 4591 3700 4659 μᾶλλον
3735 4588 4006 4641 δείκνυσιν

2446 4686 2520 4747 ὡς
2561 4685 2865 4756 εἰλικρινῶς
2927 4685 3021 4737 καὶ
3065 4684 3240 4753 ψυχῆς
3290 4682 3349 4746 ἐξ
3381 4683 3506 4751 ὅλης
3564 4679 4006 4750 μεταμεμϋ.ηται

2444 4777 2532 4845 ἐφ’
2572 4771 2651 4839 οἷς
2684 4777 2909 4846 ἔπραξε,
2943 4777 3164 4845 βασιλέα
3190 4776 3593 4844 προχειρίζεται
3625 4773 3684 4825 οὑ
3718 4775 3809 4825 τὸν
3843 4771 4005 4839 ὁμαίο

2446 4886 2584 4938 μονα
2638 4868 2802 4921 αὐτοῦ
2876 4868 3149 4936 Ἰωάννην,
3204 4868 3263 4919 οὐ
3316 4867 3406 4919 τὸν
3450 4862 3764 4932 ἀδελφιδοῦν
3812 4860 4004 4915 ἐαυτοῦ

2441 4959 2715 5029 Θεόδωρον
2764 4958 2857 5011 τὸν
2916 4958 3223 5021 Δοκειανὸν,
3284 4957 3384 5009 οὐκ
3449 4956 3617 5023 ἄνδρα
3669 4951 4005 5023 προσζεύξας

2440 5054 2507 5121 τῇ
2545 5052 2797 5121 θυγατρὶ,
2836 5050 2945 5105 οὔτ’
2973 5050 3130 5104 ἄλλον
3158 5050 3279 5102 τινὰ
3309 5050 3417 5102 τῶν
3460 5048 3581 5101 καθ’
3625 5042 3765 5115 αἷμα
3802 5046 4007 5114 ᾠκειω·

2446 5144 2621 5212 μένων
2666 5143 2837 5212 αὐτῷ,
2879 5141 3018 5195 ἀλλά
3066 5140 3158 5193 τὸν
3203 5141 3465 5210 πρόεδρον
3505 5140 3931 5197 Κωνσταντῖνον,
3961 5128 4005 5200 ᾧ

2441 5234 2646 5295 Δοῦκας
2674 5234 2733 5284 τὸ
2758 5232 3178 5303 πατρωνυμικὸν
3212 5231 3474 5283 ἀνέκαθεν
3504 5226 3591 5299 ἧν,
3619 5230 3689 5290 ὡς
3716 5228 4003 5292 συνίστορα

2442 5328 2536 5379 καὶ
2599 5326 3003 5396 συναγωνιστὴν
3057 5326 3151 5377 καὶ
3208 5323 3315 5375 τῶν
3379 5321 3676 5390 χρημάτων
3739 5320 4004 5386 ποριστὴν

2441 5417 2820 5486 ἀφθονώτατον
2859 5418 2938 5478 είς
2975 5418 3072 5486 τὴν
3097 5419 3193 5485 τῆς
3224 5414 3495 5483 βασιλείας
3534 5412 3885 5480 κατάσχεσιν.
3944 5407 4003 5458 Ὀ

2441 5511 2496 5563 δὲ
2555 5509 2837 5577 Κομνηνξς
2885 5508 3026 5579 ρἀη
3079 5508 3348 5576 μοναχικά
3409 5503 3857 5573 περιϐαλόμενος,
3916 5500 4004 5553 ἐπ’

2439 5582 2710 5664 ὀλίγον’τε
2752 5599 3205 5667 γνωσιμαχήσας,
3226 5596 3277 5648 εῐ
3304 5613 3419 5657 πως
3454 5594 3670 5661 ἀνεθείη
3695 5594 3791 5659 τῆς
3822 5594 4004 5653 νόσον,

2440 5692 2670 5759 ἐπείπερ
2693 5691 2829 5757 ἔγνω
2861 5692 2979 5741 κατ’
3012 5692 3184 5760 ἄκρας
3217 5688 3387 5757 ταύτῃ
3420 5688 3601 5747 ἁλοὺς,
3657 5684 3736 5736 ἔτι
3767 5686 3829 5752 τῇ
3861 5684 4003 5751 νόσῳ

2441 5784 2765 5853 τρυχόμενος
2817 5782 2911 5852 τὴν
2942 5781 3031 5835 τοῦ
3081 5780 3331 5833 Στονδίον
3368 5776 3782 5847 καταλαμϐάνει
3818 5775 4003 5845 μονὴ-ι,
