4424 6450
808 396 915 458 379

2109 403 2434 465 JtlANNlS
2461 406 2802 465 SCYLTZxE

3928 412 4033 476 380

807 528 961 562 suc-ra
1006 511 1212 580 peregit
1239 509 1603 577 imperatoris,
1635 521 1689 569 et
1728 513 1860 584 ipsis
1896 516 2151 573 omnibus
2189 516 2366 586 dupli-
2396 506 2440 569 A
2476 517 2554 587 βαι

2286 516 2366 571 )1ἰ-
2396 506 2440 569 Λ
2476 517 2739 587 βασιλέως
2779 519 2991 588 ἐτήσια,
3022 519 3183 575 διπλᾶ
3215 522 3269 575 δέ
3304 522 3511 587 τούτοις
3540 524 3716 579 πάντα
3748 529 3811 581 τὰ
3841 528 3904 580 ἐκ
3944 527 4033 580 tti-

804 598 890 652 cia
946 614 1177 669 eti-quae
1222 598 1336 653 dari
1405 611 1799 658 consueverant
1862 604 2098 673 persolvi
2157 604 2362 675 jussit:

810 692 1053 746 antistite
1085 697 1266 745 autem
1309 690 1594 747 dubitante
1624 703 1680 750 et
1727 697 1931 751 sensim
1979 696 2274 753 accedente
2306 711 2370 752 ac

807 781 1191 851 duplicationis
1216 784 1481 839 rationem
1502 792 1781 853 quaerente
1813 803 1826 840 :
1863 805 1880 839 ι
1916 786 2053 854 Quia
2083 804 2191 843 non
2218 790 2369 853 novi,

811 873 1009 939 inquit,
1044 889 1077 927 ο
1109 874 1343 928 maxime
1375 877 1705 942 venerande,
1746 891 1813 931 an
1870 878 2177 948 insequenti
2224 895 2369 935 anno

808 962 1092 1016 vobiscum
1114 962 1294 1016 futura
1326 963 1451 1028 sim,
1471 962 1575 1019 Deo
1597 964 1833 1020 fortasse
1863 967 2016 1020 aliter
2042 982 2129 1021 res
2153 976 2370 1023 nostras

809 1067 908 1120 pro
937 1067 1031 1105 sua
1053 1052 1326 1108 voluntate
1362 1054 1701 1117 moderante.
1720 1075 1738 1108 ι
1765 1057 1918 1123 Quod
1945 1058 2106 1112 ctiam
2137 1059 2329 1113 accidit
2354 1076 2367 1113 :

808 1141 898 1195 illa
949 1143 1094 1197 enim
1146 1153 1274 1198 ante
1320 1144 1450 1199 illml
1514 1154 1727 1218 tempus
1782 1149 1888 1202 vl.a
1937 1149 2196 1204 defuncta
2263 1161 2368 1212 est,

809 1234 1090 1303 voluitque
1123 1250 1246 1289 cum
1279 1236 1544 1293 fratribus
1578 1239 1632 1291 in
1684 1241 2002 1294 coemeterio
2051 1240 2372 1295 monasterii

809 1323 989 1378 Studii
1022 1325 1265 1395 sepeliri.
1312 1325 1595 1382 Ornarunt
1633 1338 1814 1381 autem
1871 1338 2120 1398 uterque,
2172 1338 2223 1383 et
2256 1331 2369 1399 ipsa

806 1424 861 1469 et
890 1417 1207 1487 imperator,
1239 1419 1686 1486 angustissimum
1723 1418 2083 1475 Prmeursoris
2111 1422 2371 1490 templum

812 1510 881 1564 iis
956 1525 1079 1579 qua:
1135 1525 1537 1565 connumerare
1601 1524 1665 1566 ac
1737 1510 2013 1581 sigillatim
2083 1528 2372 1568 recensere

809 1600 1106 1656 Herculeus
1130 1602 1283 1656 labor
1313 1612 1480 1656 ess-et.

878 1778 1004 1832 Fuit
1040 1780 1334 1849 imperator
1365 1779 1612 1835 moribus
1641 1792 1922 1842 consmns,
1949 1798 2139 1852 mquns
2163 1784 2367 1847 animo,

816 1879 995 1923 mente
1017 1879 1231 1935 acutus,
1268 1886 1431 1924 manu
1464 1879 1746 1933 strenuus,
1775 1873 2130 1941 intelligentia
2158 1889 2375 1944 promp-

815 1969 925 2023 tus,
954 1962 1006 2013 in
1033 1963 1196 2014 rebus
1229 1962 1441 2018 bellicis
1499 1965 1888 2034 peritissimus,
1927 1965 2181 2020 hostibus
2212 1972 2373 2020 terri-

814 2052 966 2115 bilis,
1020 2053 1242 2108 suis're
1301 2055 1623 2120 benevolus,
1679 2054 1862 2110 verbis
1918 2054 2176 2111 infestus.
2236 2057 2373 2112 Cum

812 2150 996 2195 tamen
1030 2157 1058 2195 a
1088 2144 1357 2213 principio
1388 2146 1634 2200 moribus
1665 2145 1750 2200 bis
1782 2146 2205 2219 haudquaquam
2234 2164 2374 2218 pra:-

811 2234 963 2287 clitus
997 2244 1163 2297 esset,
1195 2234 1369 2289 aiebat
1408 2244 1664 2306 oportere
1698 2239 2079 2308 imperatorem
2137 2242 2377 2297 externis

812 2336 935 2375 esse
966 2323 1262 2377 terribilem
1289 2364 1304 2388 ,
1349 2325 1467 2378 suis
1517 2324 1749 2380 facilem.
1804 2325 2014 2384 Rursus
2055 2330 2233 2385 aiebat
2282 2346 2377 2385 eos

813 2414 909 2480 qui
930 2412 1276 2484 tyrannidem
1316 2414 1656 2481 alfcctarent,
1707 2417 1933 2473 libertos
1986 2419 2375 2489 imperatorum

814 2506 928 2560 fieri
963 2504 1116 2558 velle.
1147 2504 1390 2574 Cumque
1418 2515 1773 2561 accusaretur
1823 2510 1966 2576 quod
2025 2508 2371 2578 tyrannidem

812 2597 1109 2650 invasisset
1147 2604 1337 2650 contra
1369 2596 1727 2651 Michaelem:
1762 2616 1778 2648 σ
1801 2596 2028 2669 Pigebat
2049 2615 2156 2661 me,
2179 2599 2376 2668 inquit,

811 2685 972 2755 651
1001 2700 1270 2741 conservo
1295 2687 1521 2753 servire,
1557 2702 1730 2756 neque
1758 2688 1905 2758 justa
1933 2690 2219 2760 consequi.
2254 2709 2273 2741 ι
2315 2690 2381 2744 Et

814 2776 1013 2829 cavillo
1056 2777 1218 2830 etiam
1278 2792 1502 2831 uxorem
1559 2784 1646 2833 est
1707 2794 2053 2848 prosecutus,
2108 2781 2376 2850 siquidem

814 2863 1030 2917 diccbat
1062 2863 1206 2917 illam
1239 2864 1395 2933 prius
1418 2879 1651 2929 servam,
1684 2882 1832 2922 nunc
1889 2883 1919 2922 a
1949 2885 2009 2924 se
2064 2870 2118 2923 in
2150 2870 2376 2925 liberta-

816 2962 925 3009 tem
959 2953 1316 3009 vindicatam.
1370 2954 1563 3009 Aiebat
1592 2956 1720 3010 item
1774 2967 2040 3029 cognatos
2072 2961 2195 3016 aliis
2256 2977 2381 3017 esse

815 3061 1059 3111 crucem,
1118 3054 1351 3117 tyranno
1404 3047 1721 3101 utilitatem.
1802 3048 2118 3108 Adcaterina
2192 3065 2379 3110 autem

2470 626 2575 661 που
2606 609 2854 681 διδόμενα
2891 612 3229 683 παραθέσθαι
3267 615 3588 686 προσέταξε.
3634 618 3741 672 Τοῦ
3772 620 3828 672 δέ
3868 618 4037 688 καθη-

2472 701 2736 769 γουμένου
2755 702 2828 770 (8)
2857 702 3306 775 διαπορήσαντος,
3331 708 3425 761 καὶ
3445 708 3537 761 τὸν
3553 707 3709 776 λόγον
3732 708 3822 763 τοῦ
3842 710 3889 763 δι
3899 709 4035 764 πλαυ·

2474 793 2711 862 σιασμοῦ
2767 795 2941 865 ήσυχῇ
2996 795 3386 867 προσελθόντος
3455 799 3548 851 καὶ
3608 800 4033 871 ἀπαιτήσαντος.

2476 904 2495 937 ι
2524 886 2646 939 Ὀτι
2689 887 2769 951 τὸ,
2805 886 2929 957 ἔφη,
2979 881 3025 942 ὦ
3046 888 3367 958 τιμιώτατε.
3400 889 3498 942 οὐκ
3532 885 3669 953 οἶδα,
3694 893 3740 943 ει
3775 891 3867 945 καὶ
3898 890 4038 943 κατὰ

2472 977 2533 1028 τὶ»
2581 975 2732 1029 ἐπιὸν
2775 976 2891 1038 ἔτος
2948 976 3075 1045 ὑμῖν
3107 977 3421 1046 συνέσομαι,
3480 976 3575 1030 τοῦ
3614 976 3750 1030 Θεοῦ
3807 977 3874 1029 τὰ
3913 975 4036 1030 καθ’

2474 1066 2619 1134 ἡμᾶς
2663 1065 2793 1128 ἴσως
2836 1064 3007 1127 ἄλλως
3049 1066 3145 1118 καὶ
3199 1065 3275 1127 ὡς
3313 1064 3460 1135 αύτῷ
3507 1064 3783 1135 βουλητὸν,
3829 1066 4037 1117 οἰκονο-

2478 1158 2765 1225 μήσαντος.
2828 1174 2845 1206 ι
2909 1158 2975 1207 Ὀ
3027 1155 3091 1224 δὴ
3150 1156 3246 1209 καὶ
3307 1156 3567 1220 γέγονεν’
3631 1154 4037 1221 ἐτετελευτήκει

2474 1247 2581 1318 γὰρ
2622 1249 2677 1300 ἐν
2732 1244 2810 1316 τῷ
2878 1246 3046 1316 μέσῳ,
3107 1245 3387 1310 ἀξιώσασα
3453 1247 3691 1315 ταφῆναι.
3753 1246 3849 1299 σὺν
3918 1246 4032 1307 τοῖς

2476 1339 2721 1406 ἀδελφοῖς
2769 1338 2826 1390 ἐν
2877 1336 2952 1406 τῷ
3012 1326 3356 1409 κοιμητηρίῳ
3389 1338 3486 1408 τῆς
3543 1336 3793 1391 Στουδῑου
3849 1336 4035 1405 μονῆς.

2477 1429 2910 1498 Κατεκόσμησαν
2939 1428 2993 1481 δὲ
3017 1431 3110 1482 καὶ
3141 1429 3461 1499 ἀμφότεροι,
3503 1429 3641 1497 αὐτή
3672 1444 3729 1480 τε
3758 1426 3851 1480 καὶ
3879 1426 3907 1477 ό
3943 1424 4040 1493 βα-

2478 1522 2678 1587 σιλεὺς,
2729 1524 2821 1575 τὸν
2876 1522 3186 1575 πάνσεπτον
3218 1521 3313 1575 τοῦ
3362 1522 3671 1591 προδρόμου
3717 1519 3863 1580 ναὸν,
3904 1517 3940 1571 ἃ
3976 1516 4040 1585 δὴ

2477 1614 2573 1665 καὶ
2622 1612 2943 1682 καταλέγειν
2980 1614 3074 1667 καὶ
3132 1612 3273 1667 κατὰ
3312 1612 3509 1667 λεπτὸν
3566 1611 3821 1676 διεξιέναι
3877 1604 4040 1668 ἆθλος

2487 1703 2720 1772 Ἦράκλε
2731 1720 2825 1766 ιος.

2545 1787 2653 1845 Ἦν
2684 1792 2739 1846 δὲ
2785 1794 2813 1845 ὁ
2846 1792 3101 1862 βασιλεὺς
3128 1790 3188 1846 τδ
3220 1788 3353 1863 ἦθος
3404 1792 3685 1857 στάσιμος,
3718 1791 3816 1861 τὴν
3864 1782 4045 1860 ψυχὴν

2478 1884 2748 1955 ἐπιεικὴς,
2776 1883 2874 1955 τὴν
2917 1883 3144 1954 γνώμην
3173 1883 3320 1948 ὀξὺς,
3356 1883 3473 1953 τὴνι
3496 1885 3651 1953 χεῖρα
3694 1882 4044 1953 δραστήριος.

2476 1977 2575 2045 τὴν
2619 1975 2836 2028 σύνεσιν
2864 1975 3100 2044 ἕτοιμος,
3146 1972 3658 2047 στρατηγικώτατος
3707 1972 3774 2024 τὰ
3809 1972 4045 2036 πολέμια

2478 2069 2574 2120 καὶ
2600 2069 2709 2131 τοῖς
2738 2067 2951 2138 ἐχθροῖς
2986 2065 3238 2136 φοϐερὸς,
3270 2067 3383 2128 τοῖς
3409 2063 3539 2135 περὶ
3594 2062 3757 2116 αὑτὸν
3787 2063 4045 2130 εὐμενὴς,

2476 2158 2656 2225 λόγοις
2687 2157 3104 2226 προσκείμενος,
3142 2154 3234 2208 καὶ
3259 2154 3430 2209 ταῦτα
3465 2154 3539 2225 μὴ
3570 2152 3726 2207 τοῦτο
3769 2152 3829 2215 ἐξ
3860 2151 4035 2220 ἀρχῆς

2479 2247 2598 2310 illo;
2656 2248 2817 2317 ἔχων.
2864 2246 2952 2318 [Ρ.
2995 2245 3123 2317 815]
3171 2246 3367 2314 Ἔλεγε
3410 2245 3467 2299 δέ
3507 2246 3619 2298 δεῖν
3676 2244 3768 2297 τδν
3815 2241 4042 2313 βασιλέα

2480 2338 2711 2407 φοϐερὸν
2767 2338 2864 2406 μέν
2926 2332 3211 2400 εἶναιτοῖς
3253 2336 3377 2402 ἐξω,
3442 2334 3768 2405 εὐπρόσιτον
3820 2334 3877 2386 δέ
3934 2333 4045 2392 τοῖς

2483 2430 2651 2492 ἰδίοις.
2692 2429 2859 2483 Πάλιν
2913 2427 3065 2496 ἐλεγε
3116 2428 3243 2491 τοὺς
3301 2425 3702 2497 τυραννιῶντας
3740 2424 3847 2476 τῶν
3893 2422 4047 2492 βασι-

2480 2521 2615 2574 λέων
2674 2520 3072 2590 ἀπελευθέρους
3112 2514 3251 2572 εἶναι
3290 2517 3563 2571 σπεύδειν.
3622 2514 3953 2582 Αἰτιώμενος
3989 2512 4048 2566 δέ

2480 2610 2560 2661 ὅτι
2588 2609 2955 2678 τετυράννηκε
2975 2610 3116 2661 κατὰ
3134 2607 3227 2659 τοῦ
3250 2604 3486 2676 Μιχαὴλ,
3520 2622 3539 2657 ι
3585 2604 3837 2665 Ὠκνουν,
3868 2601 4045 2665 ἐλεγε,

2482 2699 2561 2770 τῷ
2588 2699 2858 2769 συνδούλῳ
2889 2698 3161 2752 δουλεύειν
3192 2698 3285 2751 καὶ
3328 2695 3438 2748 τῶν
3464 2694 3695 2748 εἰκότων
3742 2692 3817 2763 μὴ
3844 2690 4050 2759 τυγχά-

2484 2806 2615 2843 νειν.
2656 2808 2674 2840 ι
2719 2789 3113 2842 Ἐπισκώπτων
3159 2788 3214 2841 δέ
3261 2789 3327 2857 τῇ
3387 2787 3606 2854 γυναικὶ
3647 2784 3801 2850 ἐλεγε
3853 2779 4053 2848 δούλην

2485 2882 2583 2949 μὲν
2610 2878 2746 2934 εἶναι
2771 2883 3057 2951 πρότερον,
3090 2880 3186 2933 νῦν
3213 2880 3269 2932 δέ
3302 2878 3708 2949 ἠλευθερῶσθαι
3738 2875 3830 2929 ὑπ’
3859 2870 4047 2927 αὑτοῦ.

2486 2974 2654 3027 Πάλιν
2688 2974 2839 3041 ἔλεγε
2871 2973 2998 3036 τοὺς
3026 2974 3311 3040 συγγενεῖς
3357 2973 3470 3033 τοῖς
3507 2971 3607 3040 μέν
3634 2968 3817 3030 ἄλλοις
3845 2966 4049 3035 τυγχάο

2484 3082 2597 3117 νειν
2630 3064 2922 3126 σκόλοπας,
2945 3063 3023 3132 τῷ
3060 3063 3119 3115 δὲ
3146 3061 3495 3131 τυραννοῦντι
3523 3059 3815 3129 ὠφέλειαν.
3854 3056 4048 3123 Ἔλεγε

816 3142 1061 3209 Augusta
1088 3140 1222 3195 nihil
1254 3142 1378 3195 novi
1410 3143 1512 3198 sibi
1541 3145 1810 3201 accidisse
1838 3146 2162 3212 aliirmabat,
2184 3150 2383 3219 quippe
2408 3170 2452 3233 ρ
2485 3157 2541 3210 δὲ

2302 3165 2383 3217 ipe
2408 3170 2452 3233 ρ
2485 3157 2541 3210 δέ
2575 3156 2671 3209 καὶ
2720 3157 2754 3225 ή
2807 3153 3013 3223 βασιλὶς
3045 3156 3375 3224 Αἱκατερῐνα
3422 3152 3586 3222 μηδὲν
3623 3149 3767 3214 ζῶον
3795 3148 3881 3202 ἐπ’
3910 3149 4049 3217 αὐτῇ

816 3245 939 3299 quae
977 3245 1205 3301 regnum
1239 3247 1365 3286 cum
1394 3248 1564 3305 regno
1594 3244 2007 3292 commutasset.

891 3320 1019 3375 Post
1096 3320 1436 3377 Comnenum
1498 3333 1679 3381 autem
1748 3325 2139 3381 Constantinus
2202 3325 2379 3382 Ducas

818 3426 1020 3483 praeses
1075 3413 1195 3468 sine
1258 3413 1528 3484 sanguine
1584 3424 1639 3469 et
1710 3429 1893 3470 rerum
1970 3417 2383 3485 perturbatione

816 3502 1027 3572 potitus
1064 3502 1317 3573 imperio,
1350 3502 1419 3558 ad
1470 3513 1725 3559 senatum
1768 3513 1822 3561 et
1870 3521 2087 3561 omnem
2142 3508 2383 3562 civitatis

819 3594 1080 3664 populum
1134 3594 1454 3650 concionem
1491 3594 1685 3649 habuit
1745 3595 2021 3666 aequitatis
2054 3597 2290 3667 plenam,
2331 3607 2385 3651 et

815 3684 1016 3741 deinde
1080 3699 1264 3740 rerum
1322 3684 1852 3743 administrationem
1919 3702 2211 3759 aggressus
2273 3696 2381 3757 est,

821 3776 972 3831 nulla
1011 3776 1066 3830 in
1094 3791 1208 3832 rea
1237 3778 1497 3833 modestia
1540 3785 1595 3834 et
1650 3780 1906 3849 aequitate
1964 3779 2263 3845 recedens;
2320 3792 2376 3835 et

819 3867 1124 3925 honoribus
1168 3879 1453 3925 senatores
1484 3878 1539 3925 et
1595 3870 1840 3940 plebeios
1893 3871 2092 3927 multos
2148 3874 2383 3941 ornavit,

823 3963 988 4024 atque
1014 3970 1110 4011 eos
1135 3956 1228 4026 qui
1250 3956 1554 4027 imperante
1577 3957 1861 4016 Camneno
1922 3961 2160 4032 propriis
2216 3962 2388 4017 hauo-

822 4043 978 4099 ribus
1007 4044 1325 4101 exciderant
1357 4046 1410 4101 in
1463 4047 1754 4117 pristinum
1806 4058 2007 4105 statum
2061 4053 2382 4107 vindicavit.

822 4134 1022 4189 Multos
1056 4135 1200 4190 enim
1235 4137 1328 4191 ille
1366 4152 1429 4192 ex
1480 4136 1786 4193 illustribus
1833 4142 2121 4209 obscuros,
2177 4158 2239 4197 ex
2268 4144 2387 4214 glo-

822 4225 987 4279 riosis
1041 4225 1315 4293 ignobiles
1373 4223 1521 4280 fecit.
1584 4224 1719 4281 Cum
1769 4227 1914 4282 enim
1970 4232 2144 4285 sancti
2200 4232 2383 4303 magni

824 4314 1084 4387 martyris
1117 4314 1337 4388 Georgii
1374 4317 1493 4373 dies
1539 4317 1711 4374 festus
1745 4319 2073 4387 advenisset,
2124 4338 2234 4392 quo
2265 4323 2388 4389 ejus

825 4404 1090 4459 memoria
1128 4405 1349 4471 colitur,
1384 4404 1454 4461 de
1491 4422 1641 4463 more
1672 4422 1731 4464 se
1752 4408 1967 4465 confert
2000 4410 2294 4481 imperator
2321 4413 2389 4467 ad

2489 3244 2814 3313 γεγενῆσθαι
2851 3242 3125 3313 βασιλείας
3158 3242 3435 3312 βασιλειαν
3465 3239 3838 3309 ἀλλαξαμένῃ.

2558 3334 2711 3388 Μετὰ
2753 3335 2808 3388 δὲ
2836 3334 2926 3387 τὸν
2969 3334 3251 3403 Κομνηνδν
3287 3334 3696 3393 Κωνσταντϊνος
3726 3328 3987 3400 πρόεδρος
4019 3329 4047 3380 ὁ

2491 3427 2694 3487 Δούκας
2720 3425 2829 3477 τῶν
2872 3427 3167 3495 σκήπτρων
3205 3422 3595 3491 ἐπιλαϐόμενος
3653 3419 3927 3487 ἀναιμωτὶ
3960 3419 4055 3471 καὶ

2489 3517 2609 3585 δίχα
2637 3515 2983 3587 πραγμάτων
3010 3513 3278 3581 ταραχῆς,
3302 3511 3491 3578 λόγους
3521 3510 3824 3572 ἐπιεικείας
3851 3509 4053 3577 γέμον-

2488 3624 2586 3669 τας
2604 3606 2981 3676 ἐδημηγόρησε
3001 3604 3138 3673 πρὸς
3153 3605 3252 3675 τὴν
3270 3603 3572 3673 σύγκλητον
3595 3602 3689 3656 καὶ
3716 3601 3851 3671 πρὸς
3903 3600 4051 3654 ἅπαν

2488 3698 2551 3751 τὸ
2579 3697 2871 3768 δημοτικόν
2894 3696 2972 3766 (9)
3034 3713 3093 3748 τε
3119 3697 3219 3765 τῆς
3271 3696 3479 3756 πόλεως
3529 3694 3625 3747 καὶ⁵
3682 3695 3877 3746 κοινόν.
3945 3691 4057 3745 Καὶ

2492 3786 2590 3839 ἀπ’
2612 3784 2824 3839 ἐκείνου
2866 3786 2963 3853 τῆς
3003 3784 3112 3837 τῶν
3154 3782 3499 3853 πραγμάτων
3534 3782 3797 3851 ἐνήρξατο
3839 3780 4056 3851 ἀντιλή-

2491 3876 2660 3948 ψεως,
2688 3874 2782 3928 τοῦ
2815 3874 3092 3937 ἐπιεικοῦς
3125 3874 3215 3927 καὶ
3239 3872 3463 3943 μετρίου
3488 3871 3609 3924 κατ’
3638 3870 3788 3924 οὐδὲν
3824 3873 4057 3939 ἀφιστά-

2496 3983 2675 4036 μενος,
2712 3965 2848 4018 ἁλλὰ
2878 3967 3013 4018 πᾶσι
3060 3964 3282 4034 τρόποις
3317 3962 3484 4016 αὑτοῦ
3531 3961 3869 4031 ἐξικόμενος.
3928 3960 4058 4012 Ἐτί-

2499 4072 2639 4126 μησε
2672 4054 2729 4107 δέ
2756 4054 2865 4107 τῶν
2891 4071 2949 4107 τε
2995 4053 3094 4122 τῆς
3133 4052 3439 4123 συγκλήτου
3460 4052 3558 4104 καὶ
3587 4050 3680 4103 τοῦ
3710 4051 3773 4117 δή
3784 4069 3884 4119 μου
3908 4052 4059 4103 ,πολ-

2496 4146 2641 4209 λούς.
2714 4143 3031 4214 ’Λνώρθωσε
3071 4143 3127 4196 δέ
3172 4144 3266 4196 καὶ
3323 4144 3449 4207 τοὺς
3490 4146 3589 4216 ήδη
3620 4146 3714 4196 ἐπὶ
3770 4142 4055 4213 Κομνηνοῦ

2496 4237 2915 4300 ἐκπεπτωκότας
3005 4235 3114 4289 τῶν
3175 4236 3565 4288 οἰκειωτικῶνο
3635 4235 3867 4298 πολλοὺς
3944 4234 4055 4303 γὰρ

2497 4332 2703 4392 ἐκεῖνος
2734 4328 2953 4392 ἀδόξους
3006 4326 3064 4392 ἐξ
3104 4325 3333 4390 ἐνδόξων
3366 4326 3460 4379 καὶ
3496 4326 3727 4394 ἀτίμους
3762 4326 3827 4377 ἐκ
3858 4324 4057 4392 τιμίων

2499 4420 2802 4484 ἀπέδειξεν.
2858 4417 3190 4485 Ἐπιστάσης
3225 4415 3334 4485 γὰρ
3371 4415 3470 4484 τῆς
3494 4414 3588 4468 τοῦ
3627 4415 3785 4482 ἁγίου
3829 4412 4059 4482 μεγαλο-

828 4495 1090 4567 llangana
1122 4497 1191 4551 ob
1214 4498 1417 4552 cultum
1448 4498 1728 4569 martyris.
1762 4500 1992 4554 Peracta
2028 4509 2208 4555 autem
2247 4502 2392 4559 cele-
2416 4513 2470 4574 1)
2504 4510 2575 4581 μά

2315 4502 2470 4574 le-D
2504 4510 2774 4581 μάρτυρος
2840 4506 3111 4576 Γεωργιου
3166 4507 3386 4575 μνήμης
3435 4503 3546 4575 (10)
3603 4504 3744 4557 κατὰ
3795 4504 3856 4556 τὸ
3935 4504 4056 4565 leo;

821 4584 1024 4641 britate
1056 4586 1279 4655 quidam
1316 4587 1540 4659 maligni
1570 4598 1624 4643 et
1650 4588 1885 4655 improbi
1941 4591 2143 4662 utalum
2205 4593 2388 4648 consi-

823 4676 960 4731 lium
984 4679 1229 4733 meditati
1256 4679 1483 4735 insidias
1527 4679 1845 4751 imperatori
1905 4693 2181 4739 struxere.
2238 4682 2387 4739 Nihil

821 4783 955 4825 vero
1010 4770 1375 4841 perfecerunt,
1426 4772 1536 4828 Deo
1584 4781 1787 4830 emtum
1840 4776 1992 4830 illum
2051 4778 2275 4847 impium
2332 4785 2388 4831 et

824 4873 1051 4928 pravum
1085 4872 1456 4917 commentum
1514 4863 1881 4920 dissolvente:
1952 4866 2054 4921 hoc
2080 4870 2223 4922 enim
2279 4870 2385 4925 sibi

822 4951 1584 5019 proposueruntfaciendum,
1616 4964 1673 5008 ut
1706 4956 1757 5008 in
1793 4954 2121 5025 profundum
2151 4959 2239 5014 ille
2260 4975 2384 5014 cum

822 5042 1079 5098 omnibus
1111 5045 1227 5099 suis
1270 5044 1700 5117 demergeretur,
1759 5055 1947 5116 utpote
1978 5064 2072 5117 pcr
2104 5064 2263 5105 mare
2319 5051 2384 5105 ad

825 5134 1084 5202 palatium
1116 5134 1494 5207 navigaturus.
1532 5136 1722 5191 llabita
1777 5146 1956 5192 autem
1989 5141 2293 5209 quaestione
2334 5150 2388 5194 rt

827 5235 1082 5278 accurata
1114 5227 1471 5297 inquisitione
1496 5227 1680 5296 plures
1722 5228 2035 5298 optimates,
2097 5232 2148 5283 iu
2185 5231 2387 5300 quibus

829 5314 990 5386 652
1021 5318 1137 5389 ipse
1167 5334 1382 5392 quoque
1412 5320 1704 5391 eparchus,
1734 5320 1973 5376 convicti
1999 5333 2127 5378 sunt
2162 5323 2392 5378 insidia-

2493 4603 2713 4656 ἄπεισιν
2739 4599 2766 4651 ὁ
2789 4597 3041 4668 βασιλεὺς
3068 4596 3148 4659 εἰς
3174 4594 3240 4647 τὰ
3266 4594 3536 4663 Μάγγανα
3567 4595 3707 4648 αιδοῐ
3726 4593 3820 4647 τοῦ
3850 4594 4059 4663 μάρτυ-

2497 4709 2607 4764 ρος,
2653 4691 2789 4761 μετὰ
2814 4690 2869 4742 δέ
2904 4688 2964 4741 τὸ
3005 4685 3329 4755 τελεσθῆναι
3376 4686 3475 4756 τὴν
3525 4686 3740 4756 ἑορτὴν,
3777 4685 3922 4747 τινές
3952 4683 4061 4736 τῶν

2494 4784 2782 4855 κακοήθων
2821 4782 2915 4835 καὶ
2948 4779 3183 4852 δολερῶν
3215 4780 3409 4851 βουλὴν
3456 4778 3696 4849 πονηρὰν
3723 4777 4058 4847 ἐξαρτύσαν-

2494 4893 2582 4939 τες
2613 4874 2691 4943 τῷ
2725 4871 2937 4943 βασιλεῖ
2961 4868 3360 4924 ἐπεϐούλευσαν
3405 4870 3523 4939 μὶν,
3561 4869 3766 4938 ήνυσαν
3788 4868 3845 4921 δέ
3880 4866 4055 4927 οὐδὲν,

2493 4966 2626 5019 Θεοῦ
2652 4964 2742 5017 τὸν
2782 4962 3036 5031 σύλλογον
3070 4964 3165 5017 καὶ
3213 4964 3274 5016 τὸ
3325 4962 3561 5031 πονηρὸν
3604 4962 3699 5013 καὶ
3729 4960 3889 5013 ἄθεον
3938 4957 4059 5009 διας

2493 5053 2801 5123 λυσαμένου
2852 5052 3213 5124 σκαιώρημα·
3255 5047 3323 5122 ἦν
3374 5051 3481 5119 γὰρ
3516 5051 3698 5111 αὐτοῖς
3724 5052 3919 5117 γνώμη
3980 5046 4057 5113 τῷ

2497 5139 2643 5209 βυθῷ
2674 5138 3043 5209 παραδοθῆναι
3087 5140 3249 5193 αὐτὸν
3300 5139 3562 5206 παγγενει
3594 5138 3691 5190 ἆτε
3723 5136 3812 5189 διὰ
3862 5134 4061 5190 θαλάσ-

2497 5247 2595 5299 σης
2632 5229 2766 5299 πρὸς
2794 5229 2856 5282 τὸ
2883 5230 3141 5285 παλάτιον
3161 5231 3423 5284 ἀποπλεῖν
3451 5229 3731 5299 μέλλοντα.
3772 5227 4062 5297 Ζητήσεως

2498 5322 2554 5375 δὲ
2593 5321 2689 5374 καὶ
2722 5320 2951 5392 ἐρεύνης
2972 5323 3100 5393 περὶ
3130 5323 3223 5375 τοῦ
3254 5322 3559 5392 συμϐάντος
3604 5319 3902 5391 γενομένης
3930 5316 4061 5369 πολ-

2102 5456 2332 5514 JACOBI
2371 5456 2580 5515 GOARI
2603 5454 2827 5511 ΝΟΤᾸΕ.

905 5567 981 5689 g8)
998 5566 1161 5637 Ἠγού
1170 5586 1325 5639 μενος
1337 5576 1421 5625 est
1434 5569 1745 5641 quicunque
1760 5570 2074 5627 monasterii
2090 5571 2395 5640 praefectus,

835 5656 906 5691 κα
943 5638 1245 5691 τιγούιιενοε
1271 5639 1362 5691 aui
1384 5640 1542 5691 simul
1579 5641 1749 5691 sacris
1791 5641 2078 5691 ordinibus
2107 5650 2191 5691 est
2218 5657 2385 5691 orna.

943 5638 1245 5708 ηγούμενος
1271 5639 1362 5708 qui
1384 5638 1542 5695 simul
1579 5638 1749 5697 sacris
1791 5641 2078 5696 ordinibus
2093 5638 2191 5698 est
2218 5657 2385 5697 orna-

839 5716 958 5781 tus.
968 5707 1385 5781 προηγούμενος
1406 5711 1496 5779 qui
1525 5710 1900 5781 exprzefectus.

909 5776 985 5847 (9)
1011 5776 1310 5849 Δημοτικόν
1329 5776 1471 5837 inter
1500 5791 1551 5837 et
1580 5776 1754 5836 κοινόν
1781 5781 2388 5847 illud'estdiscriminis,

2506 5569 2648 5640 quod
2678 5569 2818 5624 inter
2850 5568 3074 5639 collegia
3108 5568 3441 5625 iactionesve
3466 5576 3519 5625 et
3542 5566 3825 5625 confusam
3850 5566 4063 5638 plebem

2495 5642 2847 5696 observatur.

2568 5708 2679 5777 (l0)
2714 5707 2785 5763 De
2812 5722 2941 5777 qua,
2965 5717 3018 5763 et
3044 5708 3430 5778 imperatorum
3448 5721 3574 5778 erga
3603 5715 3848 5765 sanctum
3870 5705 4064 5762 fiducia

2496 5778 2737 5836 Codinus
2756 5794 2804 5834 ο.
2840 5794 2927 5845 ιν,
2967 5794 3019 5833 ιι.
3054 5778 3155 5835 9ct
3186 5792 3235 5835 c.
3264 5778 3347 5845 l7,
3378 5792 3433 5831 n.
3469 5778 3558 5833 50.
