4424 6450
368 426 465 487 331

1796 423 2182 485 HISTORIA.
3485 426 3589 490 382

366 542 460 608 ὶῆς
501 537 685 591 πολλοὶ
719 537 826 591 τῶν
866 535 1209 607 μεγιστάνων
1240 536 1333 588 καὶ
1360 535 1521 600 αὐτὸς
1566 539 1592 591 ὁ
1628 537 1925 605 τηνικαῦτα
1956 547 1998 603 Α
2032 558 2113 595 l'ttl

1843 537 1925 590 ἱτα
1956 547 1998 603 Α
2032 558 2151 595 rum
2185 550 2237 597 et
2272 543 2411 600 laesae
2446 543 2748 615 majestalis
2782 544 2857 598 rei
2893 542 3085 609 edocti,
3146 550 3199 597 et
3230 540 3438 600 idcirco
3465 557 3590 608 pos-

365 630 605 699 ἐπαρχςς
642 629 886 681 εάλωσαν
944 627 1020 691 ὡς
1067 628 1341 680 ἐπίϐουλοι
1398 631 1492 680 κοιλ⁵
1549 628 1925 693 καθοσιώσεως

365 721 512 777 αίτία
550 720 838 784 ΰπέπεσον,
875 720 982 773 τῶν
1036 719 1254 773 οίκείων
1295 719 1649 789 στερηθέντες
1684 721 1927 789 κτήσεων

368 808 464 865 καὶ
495 814 675 881 πάσης
713 814 811 881 τῆς
834 814 1153 882 περιουσίας
1203 812 1406 868 αὐτῶν.
1457 813 1719 882 Ἐπόθησε
1746 815 1801 867 δὲ
1833 814 1927 867 καὶ

364 906 617 972 ἠγάπησε
648 904 1013 972 διαφερόντως
1058 905 1166 957 τῶν
1209 904 1384 958 ἀλλων
1425 906 1681 959 ἀπάντων
1708 908 1734 958 ὁ
1772 906 1926 975 βασι-

372 998 490 1055 ιεὺς
548 998 645 1063 τήν
674 1011 731 1045 τε
764 995 874 1045 τῶν
922 994 1195 1061 δημοσίων
1228 996 1570 1065 πραγμάτων
1625 995 1926 1063 ἐπαύξησιν

372 1088 457 1138 (αἱ
486 1086 595 1137 τῶν
633 1085 918 1138 ἰδιωτικῶν
954 1086 1118 1137 δικῶν
1148 1086 1245 1155 τὴν
1277 1088 1563 1157 ἀκρόασιν,
1595 1088 1696 1139 κάν
1720 1084 1925 1148 τούτοις

359 1179 461 1243 τὴν
496 1176 715 1244 μείζονα
746 1175 1003 1245 φροντίδα
1027 1176 1319 1229 κατεκένου
1354 1176 1453 1246 τῆς
1494 1176 1790 1246 βασιλείας,
1819 1176 1926 1229 τῶν

368 1266 543 1317 ἀλλων
572 1261 734 1337 ἦττον
791 1266 1071 1335 ἐχόμενος,
1116 1268 1498 1337 στρατηγικῶν
1532 1283 1674 1336 φημι
1703 1266 1923 1318 πλεονε·

364 1357 659 1425 κτημάτων
741 1357 835 1409 καὶ
904 1358 1316 1426 στρατιωτικῶν
1396 1357 1923 1427 ἀνδραγαθημάτων.

364 1446 461 1499 Διά
516 1446 581 1514 δὴ
634 1446 807 1500 ταῦτα
864 1448 957 1500 καὶ
1014 1450 1438 1515 συκοφαντικαῖς
1503 1448 1788 1519 ἐπηρείαις
1833 1447 1926 1498 καὶ

363 1538 703 1604 σοφιστικαῖς
792 1538 1035 1607 μεθόδοις
1121 1540 1215 1591 καλ⁵
1306 1540 1598 1593 δικανικῶν
1683 1539 1926 1609 προϐλη-

364 1628 549 1698 μάτων
576 1629 732 1698 ἐσμῷ
760 1631 853 1682 καὶ
876 1632 1205 1699 σεκρετικών
1242 1631 1572 1701 ζητημάτων
1604 1632 1924 1693 ἐπιπλοκαῖς

362 1718 422 1769 τὸ
464 1716 767 1787 Ῥωμαϊκὸν
812 1719 1077 1772 ἐκλονεῑτο
1120 1722 1215 1774 καὶ
1274 1720 1359 1791 [Ρ.
1391 1722 1519 1792 814]
1555 1721 1920 1791 ἐκραδαίνετο,

360 1806 437 1870 ὡς
484 1808 579 1861 καὶ
628 1809 827 1872 αὐτοὺς
881 1812 1008 1872 τοὺς
1055 1810 1518 1879 στρατευομένους
1552 1812 1619 1864 τὰ
1652 1811 1792 1864 ὅπλα
1827 1810 1921 1865 καὶ

358 1898 460 1967 τὴν
510 1900 801 1969 στρατείαν
848 1903 1110 1971 μεθέντας
1156 1903 1489 1972 συνηγόρους
1523 1904 1615 1956 καί⁵
1680 1903 1918 1972 νομικῶν

363 1989 693 2059 ζητημάτων
767 1993 863 2045 καὶ
917 1992 1316 2063 προϐλημάτων
1368 1993 1621 2062 γενέσθαι
1656 1994 1918 2063 ἐραστὰς,

363 2082 549 2147 μακρά
587 2082 801 2152 χαίρειν
853 2084 1105 2147 εἰπόντας
1156 2086 1386 2153 ἐνυαλίῳ
1416 2103 1474 2137 τε
1524 2086 1629 2154 ἠχῇ
1682 2086 1775 2138 καὶ
1822 2102 1921 2137 πο-

364 2168 564 2241 λεμικῇ
637 2174 859 2243 ὀρχήσει
939 2176 1035 2227 καὶ
1118 2176 1454 2245 περιδινήσει
1546 2176 1919 2245 ἀγχιστρόφῳ.

361 2262 605 2332 Εὐσεϐὴς
634 2265 691 2318 δέ
743 2267 817 2319 ῶν
866 2268 1025 2337 εἴπερ
1071 2286 1155 2330 τις
1182 2268 1389 2336 ἔτερος,
1422 2267 1517 2319 καὶ
1543 2268 1921 2337 φιλομόναχος,

361 2352 696 2424 φιλόπτωχός
743 2375 800 2409 τε
856 2359 947 2410 καὶ¹
1002 2360 1129 2429 περὶ
1184 2359 1243 2411 τὸ
1273 2360 1429 2427 σῶμα
1471 2354 1631 2429 ἦττον
1684 2361 1925 2412 κολαστι-

360 2441 453 2502 κδς
483 2443 526 2511 (Ι
548 2446 614 2513 l),
652 2446 787 2514 πρὸς
809 2446 937 2500 ἀλλο
959 2465 1010 2499 τι
1035 2448 1245 2516 ἀμϐλὺς
1284 2449 1544 2517 ἐτύγχανε
1578 2449 1671 2501 καὶ
1696 2449 1917 2516 νωθρὸς,

360 2536 617 2603 φειδωλὸς
649 2536 692 2588 δ’
730 2540 955 2605 είσάγαν
990 2539 1085 2591 καὶ
1122 2540 1440 2608 ποριστικδς
1488 2540 1582 2593 καὶ
1616 2541 1727 2594 τῶν
1755 2540 1923 2609 δημο-

363 2629 492 2679 σίων
524 2630 821 2698 χρημάτων
878 2630 1189 2699 αὐξητικός.
1238 2630 1550 2697 Ἐξουσίαζε
1582 2633 1636 2685 δὲ
1669 2636 1760 2685 καὶ
1806 2636 1923 2697 ταῖς

361 2721 598 2789 κρίσεσι,
630 2720 727 2773 καὶ
757 2722 1015 2784 πολλάκις
1038 2721 1204 2784 αὐτάς
1234 2722 1321 2775 διά
1342 2724 1441 2785 τὴν
1470 2723 1578 2775 τῶν
1612 2724 1920 2795 προσώπων

361 2810 620 2879 ποιότητα
668 2810 995 2880 ὑπήλλαττε,
1034 2811 1202 2881 βαρὺς
1236 2813 1585 2881 δεικνύμενος
1616 2817 1727 2875 τοῖς
1761 2814 1920 2867 δυνα-

360 2903 471 2961 τοῖς
525 2901 618 2952 καὶ
668 2900 961 2970 ἀφόρητος.
1017 2901 1423 2969 Προσκειμένου
1481 2901 1536 2953 δὲ
1590 2902 1753 2955 αὐτοῦ
1810 2906 1922 2965 τοῖς

360 2992 621 3053 τοιούτοις
650 2992 931 3060 διηνεκῶς,
959 2992 1068 3043 τῶν
1106 2992 1163 3045 δὲ
1214 2995 1619 3063 στρατιωτικῶν
1651 2994 1919 3064 ἠμεληκόο

359 3100 448 3144 τος
482 3083 576 3134 καὶ
605 3082 1038 3152 ρᾳθυμήσαντος,
1073 3082 1142 3134 τὰ
1168 3085 1269 3152 τῆς
1321 3084 1629 3153 ’Δνατολῆς,
1668 3086 1759 3137 καὶ
1787 3085 1920 3153 μᾶλ-

2029 636 2369 691 sessionihus
2404 646 2459 692 et
2484 639 2599 694 suis
2627 638 2881 691 omnibus
2912 636 3069 690 bonis
3116 636 3338 704 privati.
3368 634 3589 689 Concu-

2028 726 2165 795 pivit
2192 734 2373 780 autem
2401 736 2453 781 et
2481 742 2590 795 prae
2618 728 2829 783 caneris
2855 726 3110 781 omnibus
3135 728 3368 780 maxime
3389 728 3592 779 amavit

2028 821 2325 889 imperator
2404 820 2740 888 publicarum
2803 835 2984 873 rerum
3043 818 3462 880 incrementum,
3531 828 3588 871 et

2028 911 2305 979 prmeipuo
2334 912 2517 965 studio
2552 912 2791 980 privatas
2822 926 3017 965 causas
3058 908 3313 963 audiendi
3361 911 3588 964 teneba-

2029 1010 2136 1063 tur,
2170 1004 2222 1055 in
2252 1005 2449 1071 quibus
2495 1002 2754 1069 majorem
2803 1018 2963 1071 quam
2995 1002 3046 1055 in
3089 1002 3317 1069 imperio
3346 999 3585 1052 admini-

2028 1095 2253 1146 strando
2313 1109 2499 1147 curam
2560 1093 2939 1154 exhauriebat,
2993 1092 3114 1145 aliis
3178 1091 3343 1144 rebus
3404 1090 3587 1144 minus

2029 1200 2250 1246 vacans,
2286 1185 2487 1238 ducum
2526 1187 2745 1253 inquam
2780 1183 3174 1252 amplificanda:
3222 1181 3498 1252 dignitati,
3532 1188 3586 1235 et

2029 1277 2096 1331 iis
2128 1292 2248 1345 qua:
2270 1275 2538 1330 militibus
2571 1290 2829 1345 prospere
2860 1289 2923 1327 ae
2953 1283 3175 1327 strenue
3195 1282 3343 1341 gesta
3374 1280 3584 1327 essent.

2030 1366 2089 1419 Et
2121 1375 2405 1435 propterea
2447 1366 2499 1418 iu
2530 1366 2989 1418 calumniatorutn
3020 1361 3285 1415 conviciis
3310 1370 3362 1414 et
3388 1360 3580 1428 sophi-

2028 1456 2181 1512 SIicis
2270 1454 2592 1509 continentis
2672 1468 2735 1507 ac
2810 1452 3148 1520 judicialium
3217 1448 3581 1512 quaestionum

2025 1547 2274 1603 examine
2304 1546 2549 1601 Romana
2582 1560 2667 1598 res
2690 1543 2906 1613 publica
2937 1555 3162 1596 versans
3186 1538 3579 1607 occupabatur.

2028 1638 2099 1691 ita
2158 1645 2215 1691 ut
2280 1638 2382 1704 ipsi
2441 1636 2643 1689 milites
2692 1632 2862 1687 armis
2905 1630 3169 1699 depositis
3220 1629 3471 1682 advocati
3528 1636 3584 1680 et

2025 1725 2239 1796 patroni
2267 1724 2627 1793 quaestionum
2662 1722 2726 1775 ad
2766 1721 2910 1789 leges
2950 1718 3314 1789 spectantium
3354 1726 3408 1771 et
3444 1730 3581 1769 cau-

2027 1830 2211 1871 sarum
2276 1814 2506 1877 tierent,
2569 1814 2773 1866 omisso
2822 1810 3016 1865 Martio
3066 1825 3204 1865 sono
3259 1816 3314 1863 et
3372 1807 3583 1862 bellicis

2026 1904 2512 1962 exercitationibus
2551 1910 2606 1957 et
2638 1918 2902 1971 equorum
2937 1902 3254 1971 agitatione.
3300 1898 3429 1951 Pius
3456 1911 3583 1950 vero

2024 2011 2151 2050 cum
2208 2002 2355 2049 esset
2408 2001 2464 2047 ut
2518 1993 2563 2047 si
2613 1992 2739 2062 quis
2787 1992 2948 2054 alius,
3001 2001 3055 2045 et
3100 1988 3496 2044 monachorum
3528 1996 3582 2041 et

2024 2102 2324 2156 pauperum
2378 2085 2683 2148 studiosus,
2751 2091 2805 2138 et
2872 2084 2925 2137 in
2983 2082 3049 2135 iis
3090 2098 3212 2152 qnte
3264 2081 3332 2134 ad
3377 2081 3582 2134 cultum

2025 2178 2274 2247 corporis
2334 2178 2610 2246 pertinent
2660 2190 2765 2229 non
2822 2173 3113 2229 admodum
3162 2181 3482 2241 occupatus,
3528 2172 3581 2223 in

2024 2272 2146 2325 aliis
2178 2285 2395 2338 quoque
2426 2269 2593 2322 hebes
2624 2283 2688 2321 ac
2718 2266 2900 2335 segnis
2945 2276 3097 2321 erat:
3134 2273 3189 2318 at
3244 2265 3296 2317 in
3322 2261 3586 2330 augendis

2024 2362 2258 2433 publicis
2285 2360 2529 2430 pecuniis
2551 2359 2840 2414 admodum
2871 2371 3075 2425 parcus
3100 2366 3153 2410 et
3177 2355 3374 2409 cirihs.
3408 2352 3583 2407 Nimis

2024 2456 2127 2511 sibi
2159 2454 2450 2523 arrogabat
2508 2454 2559 2506 in
2597 2452 2842 2520 judiciis,
2880 2459 2936 2505 et
2963 2465 3026 2504 ea
3077 2448 3310 2505 subinde
3358 2455 3583 2516 propter

2022 2560 2379 2617 personarum
2415 2544 2733 2612 qualitatem
2761 2541 3022 2602 mutabat,
3048 2554 3268 2611 gravem
3303 2552 3364 2593 se
3392 2546 3585 2605 poten-

2022 2640 2169 2692 tibus
2216 2636 2536 2697 ostendens,
2584 2643 2637 2687 et
2699 2632 2969 2702 ejusmodi
3039 2632 3127 2684 cui
3188 2644 3295 2684 non
3356 2635 3584 2697 possent

2023 2730 2297 2783 resistere.
2337 2727 2473 2780 Cum
2503 2727 2570 2780 iis
2604 2724 2768 2778 rebus
2813 2723 2903 2777 ille
2937 2732 3090 2776 totus
3142 2719 3499 2791 incumberet,
3528 2731 3588 2770 re

2026 2818 2249 2871 militari
2299 2816 2570 2882 neglecta,
2604 2829 2666 2868 ac
2692 2813 2918 2866 nimium
2969 2826 3027 2865 se
3058 2811 3171 2865 etio
3204 2808 3466 2867 dedisset,
3492 2819 3583 2859 res

2023 2906 2282 2970 Orientis,
2312 2906 2582 2975 praecipue
2618 2905 2736 2956 loca
2771 2905 2822 2955 in
2848 2901 3045 2955 llnibus
3082 2899 3477 2957 Romanorum.
3516 2897 3584 2951 ab

2026 3000 2277 3053 hostibus
2317 2996 2426 3065 agi,
2454 2996 2583 3049 ferri
2633 3009 2697 3047 ac
2750 2991 2937 3061 diripi,
2968 3001 3020 3044 et
3055 2990 3237 3044 omnia
3293 2987 3495 3043 vastari
3529 2996 3587 3041 et

2019 3088 2181 3158 653
2215 3086 2515 3139 Turcorum
2548 3081 2966 3137 excursionibus
3020 3088 3076 3133 et
3126 3078 3482 3147 oppressione
3516 3090 3582 3129 ac

362 3170 452 3222 λον
469 3170 535 3221 τὰ
552 3171 610 3221 ἐν
623 3173 733 3233 τοῖς
749 3170 983 3240 τέρμασι
998 3171 1103 3223 τῶν
1123 3172 1303 3241 μερῶν
1320 3173 1426 3224 τῶν
1452 3173 1798 3242 Ῥωμαϊκῶν,
1812 3174 1917 3226 ὐπὸ
1948 3201 1992 3261 c
2025 3181 2109 3232 vio

1837 3174 1917 3226 υπὸ
1948 3201 1992 3261 c
2025 3178 2262 3232 violenta
2301 3176 2426 3243 fuga
2451 3184 2505 3229 et
2530 3180 2739 3226 terrore
2760 3171 3131 3241 nrglectorum
3164 3167 3396 3219 militum
3417 3183 3430 3219 :
3454 3178 3584 3218 con-

360 3261 465 3313 τῶν
490 3261 761 3329 πολεμίων
791 3262 1046 3331 ἐφέροντό
1082 3278 1142 3314 τε
1171 3263 1262 3316 καὶ
1285 3264 1497 3331 ἤγοντο,
1526 3264 1621 3316 καὶ
1645 3264 1922 3334 ἐληΐζοντο

360 3355 452 3403 καὶ
468 3352 830 3421 διεφθείροντο
845 3352 1061 3406 ἅπαντα
1079 3355 1145 3423 τῇ
1167 3370 1225 3406 τι
1245 3354 1352 3406 τῶν
1369 3353 1627 3423 Τούρκων
1649 3354 1916 3425 ἐπιδρομῇ

359 3445 451 3496 καὶ
488 3443 803 3512 κατισχύσει
836 3444 929 3496 καὶ
953 3446 1018 3513 τῇ
1056 3443 1203 3515 βιαίᾳ
1232 3444 1579 3514 ὑποχωρήσει
1612 3446 1705 3496 καὶ
1729 3443 1920 3513 δειμα-

358 3536 522 3589 τώσει
551 3537 659 3589 τῶν
687 3536 1049 3605 ἠμελημένων
1100 3536 1447 3606 στρατιωτῶν
1472 3551 1485 3565 ⁸
1531 3538 1770 3605 συνεχεῖς
1813 3537 1920 3606 γὰρ

362 3628 607 3696 ὑπῆρχον
638 3629 901 3697 ἐκδρομαὶ
942 3627 1037 3680 καὶ
1086 3627 1365 3696 λεηλασίαι
1414 3629 1637 3696 συχναὶ,
1666 3628 1921 3695 ἀφανιζο-

362 3720 525 3786 μένου
559 3718 657 3771 τοῦ
704 3719 1095 3787 προστυχόντος
1115 3718 1333 3781 παντός.
1366 3718 1456 3771 Διδ
1481 3719 1574 3772 καὶ
1595 3719 1626 3787 ἠ
1650 3719 1920 3787 εὐδαίμων

360 3808 511 3878 χώρα
527 3809 626 3876 τῆς
668 3808 904 3877 Ἰϐηρίας
935 3808 1181 3878 ὴρίπωτο
1206 3809 1483 3871 παντελῶς
1513 3810 1605 3863 καὶ
1634 3811 1917 3879 ἠφάνιστο,

359 3899 457 3967 ηδτ,
513 3900 1065 3968 προκατειργασμένη
1113 3900 1209 3953 καὶ
1254 3900 1588 3970 ὴσθενηκυῖα
1637 3903 1730 3954 καὶ
1775 3902 1918 3952 κατὰ

362 3990 555 4058 μικρὸν
592 3989 948 4043 ὲπιλείπουσά
973 4006 1030 4041 τε
1056 3991 1150 4042 καὶ
1185 3988 1470 4058 φθίνουσα,
1516 3991 1918 4061 συμμεταλαμ-

360 4079 657 4147 ϐανομένου
692 4080 748 4132 δὲ
786 4079 880 4132 τοῦ
909 4079 1083 4133 δεινοῦ
1115 4082 1208 4131 καὶ
1242 4081 1363 4133 ὅσαι
1421 4081 1591 4152 ταύτῃ
1630 4083 1917 4153 παρέκειν-

360 4187 438 4231 το,
472 4172 868 4240 Μεσοποταμία
888 4188 943 4224 τε
977 4173 1069 4223 καὶ
1098 4171 1361 4234 Χαλδαία,
1387 4174 1521 4239 πρδς
1556 4174 1612 4227 δὲ
1640 4164 1915 4245 Μελιτηνῆ

360 4262 451 4314 καὶ
505 4260 780 4314 Κολώνεια
848 4262 941 4313 καὶ
999 4263 1067 4315 τά
1127 4262 1202 4331 τῷ
1267 4262 1526 4336 Εὐφράτῃ
1589 4265 1918 4334 συγκείμενα

361 4352 611 4421 ποταμῷ,
648 4351 785 4405 ἀλλά
832 4351 936 4421 μὴν
966 4352 1025 4406 τό
1067 4368 1124 4405 τε
1168 4353 1524 4421 Ἀρμενιακδν
1560 4359 1653 4406 καὶ
1687 4356 1745 4407 τὸ
1780 4355 1919 4408 Bad-

363 4445 635 4513 σπρακάν,
662 4444 757 4495 καὶ
783 4445 831 4495 εί
865 4443 939 4513 μὴ
970 4444 1230 4506 πολλάκις
1278 4444 1702 4517 στρατεύμασιν,
1746 4449 1915 4500 ἐνίοτε

360 4534 415 4588 δὲ
446 4537 542 4587 καὶ
574 4536 781 4606 ςήμαις
829 4534 1016 4603 μόναις
1048 4535 1329 4605 δυνάμεων
1365 4536 1679 4606 ἀνείργοντο
1707 4541 1773 4593 τὰ
1808 4540 1913 4591 τῶν
1942 4528 1993 4586 D

363 4624 680 4694 Βαρϐάρων.
729 4626 1004 4689 Καίτινες
1038 4627 1271 4695 ἀρχηγοὶ
1327 4626 1551 4691 τούτων,
1590 4621 1914 4698 Χωροσαλά-

362 4733 473 4785 ριος
514 4717 607 4767 καὶ
642 4715 879 4785 Σαμοὶιχ.
911 4718 958 4767 εί
1013 4718 1087 4785 μὴ
1122 4718 1298 4784 ἀγαθῇ
1326 4734 1431 4771 τινι
1460 4718 1598 4790 τύχῃ
1642 4720 1739 4789 τὴν
1771 4722 1916 4789 ἥττω

362 4807 729 4875 συμϐαλόντες
788 4807 1190 4877 ἐκληρώσαντο,
1251 4808 1355 4862 κᾶν
1418 4810 1581 4879 μέχρι
1650 4809 1913 4874 Γαλατίας

360 4901 453 4951 καὶ
514 4899 837 4968 Ὀνωριάδος
880 4900 970 4951 καὶ
1027 4900 1197 4968 αὐτῆς
1238 4901 1475 4971 Φρυγίας
1529 4901 1591 4954 τὸ
1625 4903 1916 4955 ἀντίπαλον

362 4989 744 5059 περιέδραμεν.
788 4989 1097 5042 Ἐστέλλετο
1133 4992 1229 5059 μὲν
1264 4991 1372 5058 γὰρ
1415 4992 1475 5043 τὸ
1506 4992 1913 5060 στρατιωτικὸν,

361 5081 512 5148 ψιλὸν
570 5081 625 5133 δὲ
681 5083 775 5133 καὶ
828 5080 1024 5133 ἀοπλον
1054 5083 1145 5135 καὶ
1179 5083 1405 5152 γυμνὸν,
1439 5083 1545 5134 τῶν
1593 5086 1915 5153 κρειττόνων

362 5171 815 5238 ἀπελαυνομένων
841 5172 1097 5225 ἑκάστοτε
1140 5172 1241 5241 τῆς
1276 5173 1602 5243 στρατηγίας
1651 5174 1744 5227 τοῦ
1777 5177 1913 5247 πλή-

363 5263 481 5325 θους
507 5262 617 5329 τῷν
635 5262 879 5331 ὀψωνίων
909 5264 1092 5319 ἕνεκεν
1119 5266 1210 5317 καὶ
1250 5266 1355 5318 τῶν
1384 5269 1644 5336 μειζόνων
1668 5269 1914 5338 βαθμῶν.

369 5356 429 5407 Ἃ
465 5354 558 5406 καὶ
609 5353 1001 5422 καταγνώσεως
1060 5357 1214 5419 ἐκτὸς
1247 5358 1347 5411 οὐκ
1389 5355 1476 5429 ἦν,
1519 5360 1744 5429 μηδενὸς
1792 5378 1915 5427 γεν-

362 5446 511 5497 ναίου
552 5446 645 5496 καὶ
685 5446 960 5514 ἀξιολόγου
994 5450 1365 5517 πραττομένου
1419 5450 1505 5501 διά
1532 5450 1708 5505 τοῦτο.
1754 5450 1913 5502 Συνέ-

363 5536 511 5590 fetv:
567 5537 625 5589 δὲ
671 5539 731 5591 ἐκ
761 5539 961 5592 τούτων
995 5542 1120 5603 τοὺς
1159 5540 1257 5610 μὲν
1306 5541 1608 5611 Ῥωμαίους
1640 5541 1920 5595 ταπεινοῦ-

2025 3270 2262 3324 tinentes
2328 3267 2471 3320 enim
2521 3263 2719 3317 ﬁebant
2750 3260 3125 3323 incursiones,
3188 3256 3394 3311 crebrae
3441 3255 3584 3309 dire-

2024 3363 2240 3433 ptiones
2274 3368 2327 3413 et
2357 3370 2697 3425 quascunque
2720 3353 3081 3408 occurrebant
3118 3350 3391 3411 hostibus,
3424 3362 3581 3402 ever-

2024 3455 2297 3515 tehantur,
2351 3460 2404 3505 ct
2468 3450 2675 3503 idcirco
2734 3446 2861 3501 felix
2911 3444 3102 3499 Iberia:
3147 3442 3296 3509 regio
3352 3440 3580 3493 omnino

2021 3545 2262 3600 desolata
2307 3542 2406 3595 fuit
2445 3552 2497 3596 et
2533 3553 2761 3611 prorsus
2794 3536 2991 3600 deleta,
3024 3535 3135 3604 jam
3184 3542 3308 3587 ante
3329 3529 3581 3587 confecta

2021 3644 2073 3689 et
2098 3634 2411 3693 imbecillis,
2441 3646 2505 3684 ac
2537 3631 2742 3684 sensim
2771 3627 2984 3682 deserta
3026 3634 3080 3679 ct
3101 3635 3378 3692 corrupta.
3400 3623 3579 3689 Atque

2022 3727 2185 3794 hujus
2228 3726 2359 3779 mali
2394 3723 2690 3793 participes
2721 3727 2878 3774 erant
2911 3716 3295 3786 Mesopotamia
3330 3722 3382 3767 et
3415 3712 3581 3767 Chal-

2023 3816 2133 3868 drea
2165 3822 2220 3867 et
2280 3813 2504 3881 insuper
2557 3810 2808 3863 Melitene
2863 3815 2916 3861 et
2945 3806 3170 3860 Colonia
3225 3814 3280 3858 et
3331 3805 3450 3857 loca
3509 3801 3575 3854 ad

2022 3905 2245 3959 [luvium
2293 3903 2623 3971 Euphratem
2669 3902 2792 3962 sita,
2834 3900 2964 3969 quin
3000 3900 3162 3952 etiam
3215 3894 3468 3949 Armenia
3528 3904 3582 3949 et

2021 3995 2441 4064 Baaspracania.
2483 3993 2559 4045 At:
2590 3991 2694 4046 nisi
2729 4005 2869 4059 saepe
2928 3988 3172 4043 exercitu
3201 3995 3254 4040 et
3304 3983 3577 4039 interdum

2021 4087 2133 4143 sola
2175 4086 2314 4137 fama
2343 4084 2623 4153 cepiarum
2653 4080 2953 4150 compressi
2983 4078 3218 4132 fuissent
3252 4076 3498 4138 Barbari,
3527 4086 3582 4129 et

2021 4179 2239 4249 quidam
2272 4180 2512 4245 ipsorum
2548 4176 2715 4229 duces
2761 4171 3181 4226 Chorosalarius
3222 4177 3276 4222 et
3328 4167 3571 4221 Samuch

2022 4272 2159 4325 bona
2225 4269 2455 4338 quadam
2499 4266 2716 4321 fortuna
2765 4266 3062 4318 commisso
3128 4261 3313 4331 praelio
3368 4260 3617 4314 cladem.

2021 4362 2198 4416 sortiti
2237 4367 2443 4422 essent,
2476 4358 2637 4411 etiam
2673 4371 2848 4422 usque
2879 4354 2943 4407 ad
2976 4353 3239 4408 Galatiam
3274 4359 3326 4405 et
3348 4350 3580 4405 Onoria-

2020 4452 2139 4506 dem
2175 4459 2339 4519 atque
2406 4455 2575 4517 ipsam
2629 4446 2915 4516 Phrygiam
2958 4442 3254 4498 adversarii
3312 4440 3583 4495 excurris-

2022 4552 2178 4597 sent:
2220 4540 2536 4593 mittebatur
2591 4536 2733 4592 enim
2770 4534 3046 4590 exercitus
3097 4533 3237 4586 male
3282 4538 3583 4584 instructus

2021 4642 2074 4687 et
2108 4631 2352 4694 inermis,
2385 4628 2528 4697 quod
2563 4642 2778 4695 semper
2804 4625 3211 4694 praestantiores
3260 4621 3583 4675 abdicaren-

2024 4734 2113 4776 tur
2147 4720 2463 4790 przeiectura
2504 4721 2769 4785 majorum
2802 4716 3199 4784 stipendiorum
3227 4722 3281 4767 et
3314 4714 3581 4767 honorum

2023 4829 2218 4879 causa;
2248 4827 2367 4882 qua:
2398 4810 2615 4879 quidem
2645 4811 2802 4876 culpa
2846 4806 3070 4860 minime
3124 4807 3414 4869 vacabant,
3458 4818 3582 4856 cum

2026 4906 2161 4958 nihil
2220 4911 2501 4957 strenuum
2562 4910 2657 4953 aut
2707 4898 3060 4952 memorabile
3110 4898 3209 4952 hac
3271 4896 3340 4951 de
3415 4910 3583 4951 causa

2022 5002 2323 5065 gereretur.
2358 4992 2567 5057 Quibus
2597 4991 2761 5044 rebus
2801 4988 3052 5043 effectum
3092 5002 3177 5043 est
3234 4996 3291 5041 ut
3346 4987 3577 5042 Romani

2023 5086 2405 5141 imbecilliores
2431 5083 2625 5137 redditi
2655 5092 2863 5136 terrore
2892 5080 3321 5150 complerentur,
3346 5078 3574 5133 Barbari

2025 5194 2152 5233 vero
2184 5176 2354 5230 innati
2378 5176 2559 5229 animo
2586 5172 2913 5228 efferrentur
2956 5182 3009 5225 et
3058 5173 3225 5225 multa
3258 5170 3583 5226 confidentia

2026 5272 2355 5339 irruptiones
2390 5266 2671 5331 facerent;
2706 5280 2830 5318 cum
2864 5264 3029 5319 etiam
3056 5263 3123 5316 ad
3152 5263 3346 5315 Anium
3381 5263 3586 5317 missus

2024 5359 2190 5414 fuerit
2230 5361 2335 5412 dux
2370 5356 2662 5410 Armenius
2702 5355 2944 5424 quidam,
2979 5355 3201 5407 nomine
3240 5352 3585 5414 Pancratius,

2028 5450 2299 5521 pollicitus
2326 5464 2410 5501 res
2438 5448 2501 5499 ad
2522 5447 2819 5501 exercitum
2849 5446 2939 5509 qui
2959 5444 3029 5498 ibi
3066 5445 3253 5498 aderat
3276 5452 3584 5512 spectantes

2030 5558 2087 5597 se
2123 5557 2219 5611 pro
2268 5540 2404 5593 virili
2463 5548 2616 5607 parte
2673 5536 3205 5591 administraturum.
3263 5534 3396 5589 Cum
3458 5548 3587 5587 vero

1623 5698 1852 5754 JACOBI
1892 5696 2098 5753 COARI
2125 5696 2350 5753 ΝΟΤᾸΞ.

436 5817 546 5887 (ll)
603 5817 798 5887 Corpus
837 5821 1078 5875 edomare
1127 5831 1175 5875 ct
1236 5821 1626 5877 austeritatibus
1679 5820 1913 5888 subigere
1954 5826 2213 5882 assuetus,
2256 5819 2399 5872 circa
2422 5818 2760 5888 quodcunque
2780 5818 2926 5872 aliud
2957 5820 3126 5890 segnia
3150 5833 3211 5872 ac
3229 5817 3401 5874 hebes.
