4424 6450
821 425 928 488 383

2041 419 2359 484 JOANNIS
2399 416 2769 480 ΞΟΥῌΤΖίΕ

3946 421 4045 486 385

822 543 1072 595 sultanus
1128 541 1251 595 illac
1301 541 1400 595 iter
1472 540 1713 604 faceret,
1772 535 1936 609 εει
1966 552 2142 606 neque
2199 531 2569 589 tamenAch

2297 548 2380 588 ten
2410 531 2462 589 A
2490 534 2610 587 σθαι
2641 538 2732 587 καὶ
2757 538 3180 607 κατεπτηχέναι,
3209 540 3331 601 τοὺς
3361 538 3676 609 Βαρϐάρους
3700 540 3752 593 δὲ
3777 542 4044 608 φυσᾶσθαι

823 630 1195 687 Romanorum
1238 634 1511 702 regionem
1538 633 1777 695 vexaret,
1808 630 2027 698 quidam
2070 643 2134 681 ex
2168 628 2232 681 iis
2292 628 2384 696 qui

823 736 947 774 cum
976 720 1263 775 Pancratio
1291 730 1467 783 erant,
1491 728 1839 790 erumpentes
1856 728 2159 773 extremum
2191 732 2382 785 agmen

827 814 1081 867 sultanici
1122 816 1398 868 exercitus
1431 814 1697 867 laedehant
1736 823 1790 868 et
1836 812 2137 866 caedebant.
2173 810 2384 874 Quibus

825 903 893 957 de
943 904 1124 957 eausis
1174 906 1422 957 sultanus
1482 905 1723 973 graviter
1776 904 2095 971 indignatus
2154 903 2383 955 ulterius

823 995 1073 1063 progredi
1106 996 1373 1048 (lesislens
1409 996 1473 1047 ad
1504 996 1701 1047 Anium
1735 1010 1995 1047 reversus
2025 1003 2127 1056 est,
2162 1002 2214 1048 et
2253 1010 2386 1063 pau-

823 1088 903 1138 cis
944 1087 1135 1140 diebus
1170 1094 1282 1137 tum
1320 1088 1497 1154 ipsum
1540 1087 1757 1148 Anium,
1794 1095 1905 1137 tum
1950 1084 2174 1137 lin‘tima
2203 1085 2383 1138 omnia

824 1175 944 1226 loca
1015 1177 1065 1227 in
1131 1190 1285 1229 suam
1351 1185 1674 1245 potestatem
1736 1177 1957 1228 redacta
2017 1184 2070 1229 et
2129 1175 2385 1243 praesidio

822 1266 1077 1334 imposito
1107 1271 1313 1320 munita
1340 1284 1401 1319 ac
1440 1268 1670 1320 ducibus
1704 1268 1915 1320 idoneis
1951 1268 2147 1319 tradita
2186 1266 2385 1318 Roma-

820 1371 1015 1407 norum
1053 1359 1250 1409 exemit
1312 1357 1560 1423 imperio.
1598 1356 1726 1409 Haec
1786 1358 1953 1423 igitur
1994 1356 2045 1408 in
2081 1355 2185 1407 hoc
2242 1364 2383 1409 statu

822 1454 1003 1508 erant,
1034 1458 1085 1500 et
1113 1459 1273 1499 tanta:
1306 1448 1581 1499 vexationi
1630 1448 1861 1499 obnoxia
1894 1456 2051 1499 erant
2105 1446 2386 1500 Romano-

820 1552 940 1588 rum
972 1538 1086 1590 loca
1116 1539 1167 1589 in
1202 1538 1326 1590 Asia
1356 1548 1407 1588 et
1443 1539 1495 1589 in
1533 1540 1677 1590 omni
1736 1536 1981 1591 Orientis
2037 1540 2287 1607 regione:
2331 1539 2383 1590 in

821 1626 1116 1680 Occidente
1178 1642 1308 1680 vero
1359 1629 1503 1682 circa
1542 1630 1755 1680 tertiam
1821 1630 2198 1689 indictionem,
2260 1643 2383 1681 cum

820 1726 1121 1785 pra-essent
1148 1719 1361 1786 oppidis
1384 1718 1449 1771 ad
1479 1720 1671 1772 Istrum
1706 1719 1924 1772 [luvium
1976 1719 2098 1771 sitis
2129 1721 2385 1785 magister

845 1807 1056 1861 Basilius
1086 1808 1367 1876 Apocapes
1414 1819 1469 1862 et
1529 1812 1787 1879 magister
1834 1809 2177 1877 Nicephorus
2218 1810 2382 1864 Botu-

822 1901 1017 1952 niates.
1091 1896 1331 1951 UZUI'IIIII
1399 1901 1547 1952 natio
1632 1901 1706 1962 (hi
1766 1900 1929 1953 etiam
2004 1909 2131 1953 sunt
2182 1916 2379 1969 genere

820 1988 1058 2056 St‘ythm,
1119 1998 1171 2041 ct
1229 1990 1541 2043 Patzinacis
1578 1990 1871 2043 nobiliores
1923 1999 1975 2044 et
2032 1992 2383 2044 multitudine

823 2081 1159 2149 superiores)
1192 2098 1313 2135 cum
1340 2092 1449 2134 tota
1485 2093 1644 2151 gente
1671 2092 1721 2135 et
1767 2084 2001 2150 propriis
2030 2084 2383 2151 impedimen-

823 2172 894 2224 tis
942 2174 1267 2226 trau.:z.isso
1315 2172 1455 2225 Istro
1504 2175 1677 2241 longis
1737 2176 1967 2227 navibus
2014 2182 2065 2227 et
2130 2175 2321 2227 lembis
2353 2190 2383 2227 e

822 2264 1047 2317 caudice
1076 2274 1269 2318 cavato
1304 2266 1465 2321 factis
1500 2276 1551 2319 et
1585 2268 1819 2329 utribus,
1860 2268 2058 2322 milites
2086 2268 2378 2321 transitum

822 2356 1197 2423 prohibentes,
1245 2358 1505 2427 Bnlgaros
1560 2362 1778 2427 inquam
1822 2366 1876 2410 et
1913 2358 2186 2413 Romanos
2215 2360 2381 2425 etqui

819 2462 942 2498 cum
998 2446 1135 2515 ipsis
1189 2459 1367 2512 erant,
1424 2450 1602 2503 statim
1656 2450 2025 2513 debellaruul,
2091 2466 2155 2504 ae
2215 2451 2382 2504 duces

819 2537 1061 2604 ipsorunt
1100 2538 1357 2591 Basilium
1391 2542 1701 2608 Aporapem
1736 2549 1787 2592 et
1830 2538 2193 2609 Nicephorum
2226 2540 2385 2593 Bola-

820 2626 1023 2677 niatem
1073 2627 1320 2694 captivos
1368 2630 1661 2693 abduxere,
1696 2644 2021 2697 omnemque
2056 2631 2120 2682 ad
2186 2628 2381 2684 Istrum

823 2714 1101 2781 planitiem
1137 2716 1497 2785 complerunt.
1538 2718 1867 2772 Excreverat
1928 2719 2070 2772 cnim
2120 2721 2289 2782 natio,
2326 2730 2381 2775 ttt

821 2806 854 2857 ii
890 2808 978 2873 qui
1006 2807 1256 2859 viderant
1286 2810 1700 2866 conﬁrmabant.
1743 2811 1808 2864 ad
1852 2821 2107 2865 sexcenta
2158 2813 2383 2866 bellico-

820 2913 1003 2951 sorum
1040 2900 1281 2952 virorum
1314 2902 1502 2953 tnillia.
1541 2901 1885 2971 Et'quredam
1917 2905 2061 2957 haud
2093 2905 2256 2974 655
2285 2907 2383 2958 mi-

822 2988 965 3041 nima
996 3005 1120 3058 pars
1148 2991 1387 3059 ipsormn
1418 2993 1588 3046 divisa
1627 3009 1796 3061 usque
1827 2995 1891 3048 ad
1933 2994 2379 3049 Thessalonicam

822 3089 873 3131 et
899 3080 1067 3147 ipsam
1100 3080 1361 3135 Graeciam
1398 3084 1613 3152 irrupit.
1653 3095 1707 3139 et
1734 3088 1891 3139 obvia
1938 3090 2120 3141 omnia
2169 3090 2381 3141 rexavit

2487 625 2579 675 xu).
2629 625 2947 695 ἐπαίρεσθαι
3000 630 3095 679 καὶ
3159 630 3295 696 μετά
3345 629 3546 698 πολλῆς
3600 631 4046 699 προσρηγνυσθαι

2487 716 2892 784 πεποιθήσεως·
2921 719 3007 770 ὅτε
3039 719 3101 788 δὴ
3129 721 3220 771 καὶ
3250 723 3304 781 ἐς
3333 720 3393 770 τὸ
3428 722 3610 772 ’Δνιον
3653 721 4046 774 ἀποστέλλεται

2485 802 2610 869 δοὺξ
2673 807 2954 875 Ἀρμένιός
3005 825 3088 869 τις
3142 809 3485 875 Παγκράτιος
3528 809 3788 878 τοῦνομα,
3846 814 3908 862 ἐκ
3939 812 4047 863 τῶν

2486 895 2715 947 ἐνόντων
2756 898 3127 966 ὑποσχόμενος
3159 902 3227 950 τὰ
3286 901 3462 951 ἐκεῖσε
3504 902 3887 970 στρατεύματα
3918 903 4032 955 διοιο

2487 990 2623 1040 κεῖν.
2668 989 2773 1039 Τοῦ
2830 989 2883 1040 δὲ
2920 990 3203 1042 σουλτάνου
3238 992 3353 1058 (1⁸2)
3401 994 3710 1059 παριόντος,
3758 994 3832 1063 μὴ
3866 995 4045 1062 μέντοι

2487 1096 2550 1146 γε
2602 1084 3011 1149 πημαινομένου
3046 1083 3144 1152 τὴν
3194 1083 3376 1151 χώραν
3409 1084 3506 1153 τὴν
3567 1084 3903 1155 Ῥωμαϊκὴν,
3942 1088 4049 1138 τῶν

2488 1172 2613 1239 περὶ
2642 1173 2729 1223 τὸν
2774 1174 3120 1241 Παγκράτιον
3166 1175 3401 1239 ἐξιόντες
3436 1177 3579 1236 τινές
3633 1175 3731 1244 τὴν
3784 1178 4048 1246 οὐραγίαν

2486 1261 2577 1311 τοῦ
2638 1262 2989 1314 σουλτανικοῦ
3042 1266 3409 1333 στρατοπέδου
3458 1266 3692 1318 ἐσίνοντο
3745 1268 3837 1319 καὶ
3889 1268 4047 1320 κατέ-

2488 1370 2689 1406 καινον.
2722 1353 2804 1424 [Ρ.
2853 1354 2977 1423 815]
3013 1356 3128 1423 Ἐφ’
3158 1353 3239 1419 οἷς
3276 1357 3367 1408 καὶ
3397 1356 3745 1425 δυσθυμήσας
3771 1360 3798 1410 ό
3827 1360 4048 1412 σουλτά-

2486 1460 2572 1503 νος
2595 1445 2777 1513 ἐφίησι
2806 1445 2897 1497 τοῦ
2926 1447 3113 1514 πρόσω
3144 1447 3306 1501 ίέναι.
3353 1449 3494 1517 Πρὸς
3534 1448 3593 1500 τὸ
3623 1451 3803 1500 ’Ἄνιον
3837 1450 3892 1501 δὲ
3923 1451 4048 1501 ἀνθ-

2489 1535 2818 1603 υττέστρεψε,
2857 1538 2948 1587 καὶ
2973 1538 3037 1589 δι’
3071 1538 3266 1605 ὀλίγων
3300 1538 3519 1607 ἡμερῶν
3552 1540 3681 1593 αὑτό
3711 1557 3767 1591 τε
3800 1540 4049 1593 τὸἋνιον

2488 1627 2580 1675 καὶ
2603 1627 2671 1675 τά
2716 1627 2842 1694 περὶ
2886 1628 3017 1680 αὐτὸ
3066 1630 3243 1681 πάντα
3279 1630 3781 1698 περιποιησάμενος
3830 1632 4044 1698 στρατῷ

2486 1734 2542 1767 τε
2568 1718 2867 1785 ὀχυρώσας,
2901 1720 2995 1771 καὶ
3030 1722 3355 1787 στρατηγοῖς
3404 1721 3703 1788 ἀξιολόγοις
3749 1724 3815 1775 τὰ
3868 1725 4045 1776 ἐκεῖσε

2487 1806 2786 1874 παραδοὺς,
2814 1810 2911 1874 τῆς
2961 1807 3068 1859 τῶν
3108 1809 3395 1877 Ῥωμαίων
3427 1810 3783 1879 ἐπικρατείας
3816 1812 3944 1865 αὐτό
3987 1830 4044 1865 τε

2485 1897 2579 1946 καὶ
2622 1897 2718 1965 τὴν
2756 1898 2887 1949 αὐτὸ
2933 1898 3554 1969 χιῦρανηάπεστέρησεν.
3604 1899 3725 1969 Εἶχε
3787 1904 3884 1969 μὲν
3952 1903 4046 1955 οὖν

2484 1984 2622 2037 οὕτω
2678 1986 2867 2049 ταῦτα,
2939 1989 3033 2040 καὶ
3088 1990 3167 2051 είς
3222 1989 3472 2042 τοσοῦτον
3531 1990 3906 2059 mamma)
3976 1998 4043 2047 ti

2496 2074 2777 2143 Ῥωμαϊκά
2811 2079 3141 2146 περιήγοντο
3178 2080 3319 2132 κατά
3361 2097 3420 2131 τε
3449 2080 3545 2150 τὴν
3590 2082 3772 2133 Ἀσίαν
3812 2084 3905 2135 καὶ
3947 2084 4045 2150 τὴν

2483 2165 2647 2234 ἀλλην
2689 2169 2867 2219 πᾶσαν
2925 2168 3231 2237 Ἀνατολήν.
3277 2168 3361 2219 Ἐν
3394 2169 3449 2221 δέ
3488 2173 3552 2238 τῇ
3593 2169 3751 2221 Δύσει
3784 2171 3923 2223 κατά
3950 2171 4046 2237 τὴν

2483 2258 2671 2325 τρίτην
2714 2258 3038 2321 ίνδικτιῶνα,
3071 2259 3348 2326 ἀρχόντων
3382 2258 3489 2310 τῶν
3526 2262 3654 2326 περὶ
3698 2261 3786 2311 τὸν
3830 2261 4042 2329 Ἴστρον

2486 2348 2725 2415 ποταμὸν
2767 2347 2859 2400 τοῦ
2905 2352 3209 2417 μαγίστρου
3260 2348 3540 2401 Βισιλείου
3584 2351 3677 2403 τοῦ
3727 2353 4042 2405 Ἀποκάπου

2484 2440 2578 2491 καὶ
2619 2439 2711 2491 τοῦ
2760 2442 3056 2509 μαγίστρου
3088 2441 3401 2510 Νικηφόρον
3440 2443 3531 2494 τοῦ
3568 2444 3941 2507 Βοτανειάτον,
3976 2448 4035 2497 τὸ

2483 2530 2592 2581 τῶν
2620 2530 2805 2594 Οὖξων
2828 2532 2977 2595 ἔθνος
3022 2534 3199 2601 (γένος
3239 2534 3295 2584 δέ
3338 2534 3431 2584 καὶ
3464 2530 3607 2586 οὗτοι
3638 2536 3903 2587 Σκυθικὸν
3951 2538 4043 2589 καὶ

2484 2621 2591 2672 τῶν
2620 2621 2971 2681 Πατζινάκων
3006 2622 3384 2692 εὑγενέστερόν
3416 2639 3473 2673 τε
3497 2623 3588 2673 καὶ
3614 2623 4042 2693 πιλυπληθέστε-

2489 2713 2599 2779 ρον)
2655 2713 2917 2777 παγγενεὶ
2962 2711 3101 2779 μετά
3152 2712 3248 2779 τῆς
3309 2713 3517 2773 οίκείας
3576 2714 3892 2782 ἀποσκευῆς
3951 2716 4044 2765 τὸν

2490 2804 2699 2871 Ἴστρον
2734 2802 3036 2871 περαιωθὲν
3083 2802 3261 2866 ξύλοις
3301 2806 3530 2874 μακροῖς
3561 2804 3654 2855 καὶ
3685 2804 3902 2872 λέμϐοις
3946 2807 4042 2856 αὐ-

2484 2895 2807 2961 τοπρέμνοις
2857 2894 2969 2960 (Η)
3018 2893 3111 2945 καὶ
3164 2893 3411 2962 βύρσαις,
3469 2897 3594 2956 τοὺς
3643 2894 4044 2958 διακωλύοντας

2483 2982 2581 3051 τὴν
2626 2982 2804 3033 αὐτῶν
2844 2984 3140 3049 περαίωσιν
3190 2983 3549 3051 στρατιώτας,
3607 2984 3948 3055 Βουλγάρους
3982 2986 4042 3037 τέ

2486 3088 2625 3140 φημι
2660 3073 2754 3123 καὶ
2800 3072 3103 3140 Ῥωμαίους
3153 3073 3245 3124 καὶ
3276 3072 3495 3135 λοιποὺς
3548 3076 3671 3137 τοὺς
3722 3076 3881 3137 ὄντας
3941 3078 4037 3128 σὺν

820 3168 1174 3239 diripuitque,
1220 3174 1432 3227 infinita
1497 3177 1688 3228 abacta
1750 3180 1950 3244 przetla.
2010 3176 2114 3231 Sed
2172 3195 2293 3232 cum
2327 3181 2378 3232 in
2410 3187 2452 3244 (ζ
2487 3164 2567 3215 ac"

2327 3181 2378 3232 in
2410 3187 2452 3244 ρ
2487 3164 2691 3224 αὐτοῖς,
2735 3163 3177 3229 κατηγωνίσαντο
3206 3164 3509 3230 αἰφνιδίως,
3557 3166 3650 3216 καὶ
3680 3168 3805 3226 τοὺς
3837 3167 4042 3235 ἡγεμό-

822 3265 1191 3318 vehementem
1226 3266 1456 3320 hiemem
1500 3267 1802 3332 incidisset,
1864 3270 2079 3337 quando
2120 3272 2183 3324 ad
2250 3288 2379 3327 suos

823 3352 1053 3417 redibat,
1079 3371 1187 3413 non
1218 3358 1392 3410 solum
1426 3359 1597 3411 aliena
1629 3360 1720 3413 sed
1748 3361 1909 3413 etiam
1933 3376 2029 3413 sua
2062 3360 2172 3415 fere
2198 3365 2378 3417 omnia

825 3444 1029 3509 amisit,
1059 3454 1112 3497 ct
1145 3446 1444 3501 infortunio
1472 3459 1697 3518 accepto
1732 3451 1782 3503 in
1814 3462 1991 3502 caSIra
2030 3466 2244 3505 reversa
2278 3465 2378 3507 ρει.

823 3533 1122 3602 Imperator
1187 3547 1367 3589 autem
1415 3539 1479 3591 de
1533 3554 1721 3591 eorum
1780 3540 2128 3594 multitudine
2180 3544 2382 3596 certior

826 3624 1003 3680 factus
1023 3627 1375 3681 cinciabatur
1392 3630 1572 3681 animo
1590 3639 1642 3681 et
1664 3646 1800 3699 :cgre
1830 3630 2052 3693 ferebat,
2082 3634 2378 3686 exercitum

825 3728 1003 3769 tamen
1042 3732 1233 3786 cogere
1264 3728 1317 3771 et
1347 3719 1568 3774 idoneas
1628 3722 1814 3788 Copias
1850 3730 2040 3774 contra
2078 3724 2227 3791 ipsos
2262 3726 2382 3777 mit-

828 3817 941 3860 tere
1005 3811 1399 3874 cum-labatur,
1462 3827 1524 3863 ac
1578 3813 1759 3879 segnis
1816 3821 1971 3877 erat,
2042 3822 2099 3865 ut
2160 3815 2379 3882 quidam

825 3898 1062 3955 aii-bant.
1099 3902 1410 3969 sumptibus
1462 3916 1717 3969 parcens:
1762 3912 1879 3956 erat
1940 3903 2107 3969 enim,
2157 3906 2382 3957 utdixi-

828 4004 972 4051 mus,
1005 4004 1224 4052 avarus,
1258 4001 1309 4044 ct
1336 4008 1615 4044 nutnmum
1656 3994 1908 4046 omnibus
1959 3994 2121 4047 rebus
2154 4005 2382 4063 antepo-

828 4078 1025 4142 nebat;
1058 4088 1117 4131 ιιι
1151 4096 1279 4135 vero
1310 4082 1428 4143 alii,
1461 4081 1602 4149 qttod
1638 4096 1743 4135 non
1793 4083 2090 4137 conlideret
2122 4086 2382 4140 adversus

825 4178 1005 4223 tantas
1068 4172 1210 4226 vires
1264 4188 1425 4240 posse
1486 4174 1601 4226 acie
1632 4174 1941 4227 decertare:
2000 4190 2189 4230 omnes
2238 4178 2381 4229 enim

827 4264 1143 4317 asserebant
1171 4265 1609 4318 adversariorum
1666 4266 2063 4319 multitudinem
2118 4268 2381 4336 inexpug—

830 4354 1463 4423 nabilem,omnibusque
1484 4356 1833 4423 impossibilis
1858 4358 2153 4424 redemptio
2183 4359 2381 4410 ducmn

827 4444 1133 4510 videbatur,
1171 4457 1222 4500 et
1256 4445 1321 4499 de
1350 4447 1792 4515 migrationejam
1828 4448 2009 4515 plures
2045 4449 2381 4517 cogitabant.

2488 3269 2582 3313 νας
2613 3250 2790 3302 αὐτῶν
2832 3252 2923 3303 τόν
2976 3268 3033 3303 τε
3107 3253 3426 3321 ’Λποκάπην
3484 3252 3763 3307 Βασίλειον
3814 3258 3907 3307 καὶ
3953 3257 4045 3308 τὸν

2486 3343 2843 3410 Βοτανειάτην
2915 3343 3227 3412 Νικηφόρον
3282 3344 3658 3411 αἰχμαλώτους
3727 3346 4039 3413 ἀπήγαγον,

2488 3434 2698 3503 καὶτὴν
2717 3436 2845 3503 περὶ
2863 3434 2952 3486 τὸν
2976 3434 3188 3502 Ἴστρον
3214 3434 3391 3486 πᾶσαν
3413 3433 3741 3503 ἐπλήρωσαν
3757 3434 4042 3504 ὕπαιθρον·

2489 3525 2847 3577 συνεποσοῦτο
2906 3524 3013 3591 γὰρ
3068 3524 3127 3575 τὸ
3180 3523 3351 3587 ἔθνος,
3396 3524 3471 3586 ὡς
3519 3526 3567 3576 oi
3623 3525 3822 3585 ειδότες
3870 3526 4045 3578 διεϐε-

2486 3617 2758 3677 ϐαιοῦντο,
2814 3618 2893 3678 είς
2950 3617 3215 3685 ἐξήκοντα
3255 3616 3520 3687 μυριάδας
3559 3617 3811 3686 μαχίμων
3839 3618 4045 3686 ἀνδρῶν

2486 3715 2577 3762 καὶ
2611 3711 2968 3778 πολεμιστῶν.
3009 3712 3186 3775 Μοῖρα
3224 3710 3280 3761 δέ
3321 3727 3402 3770 τις
3427 3710 3607 3762 αὐτῶν
3652 3712 3751 3763 οὐκ
3789 3712 4043 3781 ἐλαχίστη

2486 3803 2687 3853 τούτων
2726 3800 3101 3869 ἀποτμηθεῖσα
3150 3801 3279 3868 ἄχρι
3311 3801 3706 3867 Θεσσαλονίκης
3740 3805 3829 3853 καὶ
3879 3804 4045 3870 αὐτῆς

2499 3898 2744 3959 Ἑλλάδος
2774 3898 3088 3965 εἰσήρῤησε,
3122 3897 3216 3947 καὶ
3248 3898 3355 3948 πᾶν
3382 3896 3441 3947 τὸ
3471 3897 3777 3965 προστυχὸν
3809 3897 4041 3949 κατελν-

2490 3995 2691 4061 μήνατο
2719 3990 2810 4041 καὶ
2836 3990 3108 4054 ἐκεράῖσε,
3138 3991 3229 4039 καὶ
3274 3988 3423 4039 λείαν
3455 3989 3652 4056 ἤλασεν
3681 3989 3780 4040 οὐκ
3810 3990 4048 4057 ἀριθμηο

2484 4088 2602 4149 τήν.
2656 4081 2897 4150 Χειμῶνι
2926 4082 2979 4132 δὲ
3036 4084 3493 4149 περιπεπτιοκυῖα
3532 4082 3730 4150 πολλῷ,
3778 4083 3863 4133 ὅτε
3908 4083 4046 4152 πρδς

2484 4176 2608 4235 τοὺς
2644 4174 2935 4243 σφετέρους
2981 4171 3340 4241 ὑπέστρεφεν,
3380 4173 3438 4223 οὗ
3479 4172 3638 4240 μόνον
3664 4172 4040 4241 τα-ἀλλότρια.

2485 4266 2621 4319 ἀλλὰ
2673 4267 2766 4317 καὶ
2798 4266 2863 4317 τά
2916 4264 3113 4330 ἑαυτῆς
3158 4264 3342 4332 σχεδὸν
3380 4263 3653 4316 ἀπέϐαλεν
3684 4263 3919 4325 ἅπαντα,
3953 4264 4049 4317 καὶ

2485 4356 2751 4425 δυστυχὴς
2806 4357 2883 4417 είς
2932 4356 3030 4423 τὴν
3079 4354 3431 4422 παρεμϐολὴν
3478 4354 3851 4417 ἐπανέζευξεν.
3898 4355 3957 4408 ’0
3992 4356 4047 4407 δὲ

2490 4448 2741 4517 βασιλεὺς
2773 4448 3171 4514 πυνθανόμενος
3198 4448 3323 4515 περὶ
3343 4445 3435 4497 τοῦ
3467 4445 3783 4513 πληθυσμοῦ
3813 4446 4046 4515 ἤσχαλλε

827 4536 1126 4604 Imperator
1191 4546 1370 4590 autem
1446 4540 1628 4593 missis
1708 4540 1899 4606 legatis
1966 4540 2029 4593 ad
2102 4517 2574 4611 prittcipestéi

2301 4558 2378 4595 )cs
2416 4517 2460 4575 ο
2491 4541 2587 4610 μὲν
2611 4539 2704 4592 καὶ
2734 4539 3011 4608 ἠδημόνει,
3041 4536 3367 4605 στρατιὰνδέ
3403 4536 3649 4605 ἀθροῖσαι
3677 4538 3769 4587 καὶ
3793 4536 4048 4603 δυνάμεις

829 4627 1359 4689 uationistentabat,
1414 4628 1460 4681 si
1515 4626 1659 4682 factu
1714 4629 1970 4697 possibile
2028 4640 2196 4693 esset,
2234 4632 2381 4700 ipsos

829 4718 1100 4773 abducere
1128 4729 1179 4773 et
1208 4719 1308 4772 sibi
1342 4719 1659 4782 conciliare,
1697 4719 1882 4773 multis
1927 4719 2107 4775 missis
2142 4722 2383 4775 muneri-

827 4812 950 4873 bus,
986 4811 1187 4877 quibus
1240 4810 1627 4873 delinirentur,
1676 4820 1838 4877 atque
1863 4811 1997 4864 adeo
2052 4814 2263 4880 aliquos
2320 4829 2383 4867 ex

825 4905 959 4973 ipsis
981 4904 1190 4957 crebris
1209 4904 1482 4957 beneﬁciis
1501 4915 1809 4972 exceperat.
1832 4904 1935 4959 Sed
1959 4907 2105 4960 natio
2127 4908 2381 4972 maxima,

824 5001 877 5044 et
909 4991 1113 5044 ideirco
1146 4992 1388 5059 quotidie
1415 4992 1772 5062 irruptionem
1817 4992 2042 5053 faciens.
2079 5004 2136 5048 ut
2170 4998 2380 5063 stipen-

824 5082 972 5133 dium
1007 5081 1136 5134 illud
1200 5080 1441 5143 haberet,
1480 5082 1531 5134 in
1591 5082 1787 5135 multas
1854 5083 2116 5152 Bulgariae
2176 5097 2379 5154 partes,

820 5173 932 5241 jam
962 5173 1132 5239 ipsam
1158 5189 1376 5243 quoque
1404 5173 1691 5227 Thraciam
1717 5183 1769 5228 et
1800 5174 2169 5230 Macedoniam
2198 5182 2382 5247 Oppri—

826 5264 1025 5317 mebat.
1058 5262 1173 5318 Non
1204 5264 1381 5319 ferens
1408 5274 1585 5319 autem
1620 5266 1862 5319 convicia
1892 5268 2209 5335 imperator,
2240 5272 2379 5337 quod

826 5356 893 5408 ab
951 5356 1204 5411 oumibus
1266 5357 1435 5425 palam
1518 5364 1575 5409 ιιι
1629 5373 1826 5413 avarus
1898 5371 2059 5429 atque
2126 5363 2381 5417 sordidus

2488 4632 2814 4699 ἀξιομάχους
2850 4632 3063 4695 ἀφεῖναι
3110 4628 3227 4679 κατ’
3258 4627 3437 4679 αὐτῶν
3473 4628 3831 4696 ὀκνηρότερος
3855 4625 3941 4697 ἦν.
3974 4630 4049 4692 ὠς

2490 4724 2587 4792 μὲν
2621 4738 2761 4782 τινες
2792 4721 2996 4787 ἔλεγον,
3032 4719 3139 4771 τῶν
3173 4718 3541 4785 ἀναλωμάτων
3574 4720 3744 4785 φειδοῖ
3776 4716 3863 4788 (ἦν
3913 4721 4045 4789 γᾶρν

2488 4816 2562 4877 ὼς
2593 4815 2822 4881 ἔφαμεν,
2881 4812 3287 4881 φιλοχρήματος
3335 4812 3427 4862 καὶ
3474 4811 3564 4862 τὸν
3617 4812 3798 4863 ὀϐολὸν
3850 4814 4046 4875 παντὸς

2487 4905 2809 4975 προτιμῶν),
2842 4904 2914 4965 ὼς
2944 4903 2987 4953 δ’
3019 4902 3167 4964 ἔνιοι,
3208 4902 3279 4971 μὴ
3322 4901 3651 4971 ἀποθαρῤὦν
3688 4903 3819 4970 πρὸς
3852 4902 4047 4975 toga-3-

2485 5014 2581 5067 την
2610 4994 2761 5059 ἰσχὺν
2788 4990 3340 5061 ἀντιπαρατάξασθαι·
3368 4992 3600 5053 άπαντες
3629 4992 3735 5059 γὰρ
3766 4973 4050 5062 ἀπρόσμα-

2488 5102 2581 5154 χον
2631 5086 2690 5136 τὸ
2736 5083 2843 5134 τῶν
2895 5082 3154 5133 ἐναντίων
3208 5080 3412 5149 πλῆθος
3478 5082 3891 5152 διισχυρίζοντο,
3956 5086 4050 5136 καὶ

2488 5178 2766 5244 ἀμήχανος
2808 5176 2979 5225 ἐδόκει
3029 5176 3194 5225 πᾶσιν
3240 5175 3271 5242 ἠ
3328 5172 3611 5241 λύτρωσις.
3648 5173 3738 5226 καὶ
3773 5178 4051 5243 μετοικίαν

2489 5269 2587 5336 ἤδη
2611 5270 2657 5319 οἱ
2673 5267 2889 5327 πλείους
2912 5265 3279 5319 ἐϐουλεύοντο,
3316 5264 3375 5317 'O
3400 5265 3455 5317 δὲ
3482 5264 3731 5333 βασιλεὺς
3755 5268 4049 5334 πρεσϐείαν

2488 5362 2624 5429 πρὸς
2672 5360 2799 5420 τοὺς
2832 5357 3100 5426 ἐθνάρχας
3148 5357 3328 5410 αὐτῶν
3360 5357 3638 5419 ἐσταλκὼς
3678 5359 3933 5427 ἐπειρᾶτο
3975 5358 4047 5422 ὡς

2064 5472 2292 5528 JACOBI
2341 5473 2547 5531 GOAl’il
2581 5470 2807 5526 NOTAE.

895 5557 1009 5634 (12)
1068 5559 1275 5634 Sullani
1341 5563 1661 5616 vocabulum
1721 5565 1997 5618 Cedrenus
2074 5567 2375 5634 signiﬁcare

832 5628 962 5701 dicit
995 5633 1405 5701 παντοκράτορα
1458 5635 1549 5685 καὶ
1578 5634 1798 5701 βασιλέα
1846 5628 2267 5701 βασιλέωνίιιου
2294 5647 2375 5691 est

826 5700 1210 5773 i”'|'e"_-'N0l_‘CIll
1245 5712 1297 5753 et
1332 5700 1507 5769 regem
1546 5700 1749 5773 regum.
1790 5709 1823 5757 Α
1848 5700 2049 5759 Turcis
2079 5709 2185 5773 jam
2217 5708 2377 5773 vulgo

831 5780 926 5832 pro
982 5768 1197 5844 domino
1256 5768 1578 5844 usurpatur;
1610 5768 1692 5827 ὀι
1738 5790 1932 5827 nomen
1987 5768 2090 5828 hoe
2128 5768 2379 5844 princeps

829 5851 1013 5890 eorum
1071 5839 1223 5895 habet
1272 5840 1388 5893 κατ’
1444 5840 1626 5913 ἐξοχὴν
1678 5863 1775 5901 ceu
1819 5846 1965 5903 solus
2012 5855 2060 5900 et
2115 5839 2380 5900 titaxnuus

2482 5566 2757 5621 dominus.
2792 5564 2863 5615 Ita
2892 5561 3275 5617 Leunclavins.

2578 5636 2665 5703 15)
2698 5634 2838 5703 Lego
2888 5630 3309 5703 κατακλυσμόν,
3340 5645 3444 5699 qua
3486 5644 3616 5703 voce
3672 5628 3916 5683 moderni
3949 5646 4044 5703 ne-

2484 5699 2755 5777 gotiorum
2778 5699 3077 5777 iingentcm
3107 5701 3404 5777 procellam
3458 5701 3636 5777 solent
3665 5699 4042 5777 interpretari.

2558 5776 2668 5837 ‘Hi
2699 5773 2977 5827 Cedrenus
3008 5783 3055 5826 et
3084 5772 3477 5826 Constantinus
3505 5770 3564 5823 de
3595 5772 3725 5824 .ltlm
3780 5769 3912 5833 Ιιιιμι.
3952 5785 4044 5837 μοι

2488 5845 2681 5901 »ὁὶ-λλ).
2714 5852 2929 5898 vocant.
