4424 6450
360 389 465 451 355

1801 381 2187 442 HISTORIA.

3490 387 3600 452 386

360 488 473 548 οἷόν
499 509 557 545 τε
587 493 953 564 παρενεγκεῖν
992 491 1192 555 αὐτοὺς
1227 494 1321 546 καὶ
1360 492 1731 555 καταστεῖλαι,
1762 491 1932 545 πολλὰ
1962 499 2005 553 Α
2036 491 2107 545 int

1857 491 1932 544 ,λὰ
1962 499 2005 553 Α
2036 491 2410 547 incessebatur
2463 500 2516 548 et
2545 491 2931 559 accusabatur,
2979 491 3125 562 regia
3184 491 3317 547 urbe
3348 506 3604 559 egressus

361 585 567 647 τούτοις
602 584 929 646 ἀποστείλας
961 585 1227 651 ἐπαγωγὰ
1265 586 1359 637 καὶ
1402 583 1729 652 θελκτήριαο
1769 582 1929 652 χαρί-

364 692 531 745 σμασι
555 675 664 746 γὰρ
686 676 856 738 ἐνίους
879 674 1058 729 αὐτῶν
1089 676 1268 745 ἁδραῖς
1298 674 1637 742 ἐδεξιώσατο.
1662 675 1933 741 Μέγιστον

362 767 417 819 δὲ
448 766 597 830 ἔθνος
633 766 713 831 δν,
748 771 843 821 καὶ
880 767 969 820 διὰ
997 767 1154 820 τοῦτο
1184 769 1319 833 πρὸς
1349 768 1617 838 πορισμὸν
1654 768 1957 835 ὁσημέραςη

364 855 855 927 ἐπιρρηγνύμενον,
889 856 947 908 ἐν
974 855 1189 916 πολλοῖς
1223 856 1418 925 μέρεσι
1444 854 1543 924 τὴν
1571 853 1928 922 Βουλγαρίαν,

364 948 452 1019 [Ρ.
484 946 614 1018 816]
646 948 748 1017 ἤδη
779 948 835 998 δέ
857 948 956 1017 τήν
992 964 1049 999 τε
1076 946 1300 1018 Θρᾴκην
1333 947 1426 1000 καὶ
1453 946 1553 1017 τὴν
1588 943 1932 1000 Μακεδονίαν

366 1040 664 1093 συνέθλιϐε.
718 1039 809 1109 Μὴ
862 1040 1045 1110 φέρων
1095 1039 1151 1091 δέ
1198 1040 1227 1091 ὁ
1273 1038 1524 1107 βασιλεὺς
1558 1038 1624 1090 τὰ
1661 1036 1932 1106 λεγόμενα

366 1134 577 1202 (ἀνέδην
600 1135 709 1203 γὰρ
738 1135 887 1202 παρὰ
920 1134 1138 1186 πάντων
1161 1133 1234 1195 ὡς
1268 1133 1525 1200 φειδωλὸς
1556 1132 1648 1183 καὶ
1673 1132 1931 1199 γλίσχρος

362 1223 643 1292 διεσύρετό
670 1240 729 1275 τε
775 1224 869 1275 καὶ
913 1221 1247 1291 διεϐάλλετο)
1295 1220 1462 1285 ἔξεισι
1506 1220 1604 1290 τῆς
1638 1220 1929 1288 βασιλίδος,

364 1317 461 1366 καὶ
490 1317 619 1383 περὶ
648 1314 742 1366 τὸν
795 1316 959 1366 τόπον
1003 1312 1062 1375 ὃς
1115 1312 1478 1382 Χοιροϐάκχοι
1529 1311 1775 1365 καλεῖται
1834 1307 1932 1377 τὴν

368 1410 576 1476 σκηνὴν
637 1407 930 1474 πήγνυσιν,
982 1405 1044 1456 οὐ
1083 1404 1301 1465 πλείους
1354 1404 1461 1455 τῶν
1501 1402 1695 1455 ἑκατὸν
1731 1400 1930 1470 πεντή-

366 1516 531 1551 κοντα
570 1497 920 1566 στρατιωτῶν
965 1495 1306 1564 ἐπαγόμενος
1363 1493 1483 1563 μεθ’
1538 1489 1733 1546 ἑαυτοῦ
1757 1507 1773 1522 ο
1810 1492 1931 1544 ὃθεν

366 1591 463 1642 καὶ
500 1589 715 1649 πολλοῖς
754 1587 1055 1655 θαυμάζειν
1106 1585 1261 1655 ἐπῄει
1300 1586 1450 1646 ὅπως
1494 1582 1630 1653 μετὰ
1660 1582 1931 1636 τοσούτων

366 1679 672 1747 ἀνδραρίων
702 1677 837 1747 πρὸς
868 1677 1138 1745 τοσαύτην
1156 1675 1364 1744 πληθὺν
1393 1672 1795 1725 ἀπεδειλίασεν.
1841 1670 1931 1723 Ἐν

367 1771 588 1837 τοιαύτῃ
615 1769 669 1819 δὲ
702 1770 1023 1837 παρασκευῇ
1058 1766 1209 1827 ὄντος
1259 1764 1425 1817 αὐτοῦ
1463 1764 1558 1815 καὶ
1594 1762 1723 1832 περὶ
1762 1777 1924 1813 συνα-

2036 584 2103 637 ad
2155 585 2334 638 locum
2394 586 2485 653 qui
2523 584 2884 640 Cbmrobachi
2946 590 3176 639 vocatur
3210 581 3377 654 656
3414 592 3600 639 castra

2035 674 2208 743 ponii,
2243 675 2386 728 haud
2420 676 2605 736 plures
2632 684 2852 729 centum
2878 682 2933 730 et
2983 675 3380 744 quinquaginta
3410 675 3603 730 militi-

2035 764 2139 819 bus
2192 779 2378 818 secum
2431 765 2733 828 adduceus,
2788 780 2854 818 ex
2930 780 3041 835 quo
3097 766 3283 834 plures
3338 766 3602 820 admirari

2034 854 2311 925 quomodo
2340 868 2462 907 cum
2491 855 2641 910 hisee
2692 856 3045 909 homunculis
3076 857 3342 909 adversus
3392 865 3598 909 tantam

2038 945 2447 999 multitudinem
2490 946 2746 1015 congredi
2783 944 3033 998 auderet.
3078 943 3279 999 Verum
3330 959 3452 998 cum
3508 945 3602 999 ille

2035 1033 2089 1087 in
2127 1034 2507 1102 hujuscemodi
2534 1044 2794 1103 apparatu
2824 1042 3135 1088 versaretur
3164 1049 3227 1089 ac
3264 1034 3332 1087 de
3354 1036 3599 1103 cogendo

2035 1126 2278 1179 exercitu
2314 1126 2652 1187 consuleret,
2682 1125 2901 1194 quidam
2932 1124 2999 1177 ad
3032 1124 3207 1192 ipsum
3240 1135 3602 1180 accurrentes

2037 1230 2347 1277 accessere,
2403 1226 2567 1286 atque
2609 1216 2776 1270 duces
2834 1216 3143 1283 redemptos
3197 1217 3518 1272 nuntiarunt
3547 1229 3602 1271 et

2035 1306 2205 1361 totius
2233 1306 2472 1359 nationis
2499 1305 2801 1370 interitum,
2828 1314 3141 1360 asserentes
3163 1305 3330 1361 duces
3354 1306 3594 1375 ipsorum

2035 1398 2353 1451 conscensis
2396 1395 2628 1465 navigiis
2661 1397 2853 1449 Istrum
2891 1395 3287 1460 transmisisse,
3333 1397 3597 1465 reliquam

2032 1501 2166 1541 vero
2198 1486 2604 1540 multitudinem
2660 1486 2801 1539 fame
2854 1499 2917 1539 ac
2951 1496 3102 1553 peste
3164 1494 3218 1540 et
3278 1501 3307 1539 a
3353 1486 3600 1541 ﬁnitimis

2036 1578 2286 1647 Bulgaris
2312 1584 2365 1630 et
2399 1575 2709 1630 Patzinacis
2757 1574 3082 1629 debellatam
3126 1576 3376 1632 funditus
3427 1579 3600 1632 inter-

2037 1670 2187 1733 iisse,
2244 1669 2355 1723 Deo
2406 1682 2568 1722 omne
2626 1668 2756 1721 illud
2803 1682 2942 1736 opus
2999 1679 3347 1736 procurante.
3403 1667 3599 1722 Fertur

2033 1761 2178 1816 enim
2200 1760 2515 1828 imperator,
2530 1758 2833 1827 desperatis
2858 1756 3042 1819 rebus,
3057 1758 3320 1812 indixisse
3332 1759 3596 1827 jejunium

367 1861 549 1926 γωγῆς
581 1859 968 1927 βουλευομένου
1000 1855 1256 1926 στρατοῦ,
1284 1855 1557 1925 δρομαίως
1601 1851 1924 1924 προσελθόν-
1960 1848 2001 1904 Β
2031 1859 2085 1905 et
2111 1874 2114 1900 :

1846 1851 1924 1904 όν·
1960 1848 2001 1904 Β
2031 1859 2085 1905 et
2111 1850 2217 1904 sibi
2242 1860 2294 1904 et
2328 1848 2548 1918 populo,
2591 1856 2645 1901 et
2677 1848 2931 1901 assiduas
2965 1847 3398 1917 supplicationes
3431 1850 3593 1902 adhi-

364 1966 455 2009 τες
484 1948 625 2009 τινές
672 1947 893 2016 ἐδήλουν
941 1946 1019 2017 τῷ
1070 1944 1281 2014 βασιλεῖ
1305 1944 1404 2013 τήν
1431 1960 1491 1995 τε
1514 1943 1623 1996 τῶν
1647 1941 1928 2010 ἡγεμόνων

366 2038 635 2106 λύτρωσιν
689 2038 782 2090 καὶ
836 2035 929 2088 τοῦ
980 2037 1169 2094 ἔθνους
1218 2033 1417 2097 παντὸς
1463 2034 1564 2104 τὴν
1621 2031 1927 2093 ἀπώλειαν,

368 2130 662 2198 φράζοντες
695 2128 770 2190 ὠς
799 2129 847 2180 οί
877 2128 975 2197 μὲν
1000 2126 1264 2195 ἡγεμόνες
1290 2124 1468 2178 αὐτῶν
1493 2124 1761 2193 ἐμϐάντες
1796 2124 1928 2176 σκά-

368 2237 491 2288 φεσι
532 2220 622 2272 τὸν
671 2220 882 2288 Ἴστρον
933 2217 1311 2286 διαϐεϐήκασι,
1355 2217 1417 2267 τὸ
1469 2215 1525 2268 δέ
1579 2214 1927 2284 περιλειφθὲν

367 2310 569 2378 πλῆθος
627 2307 771 2376 λιμῷ
819 2324 876 2359 τε
918 2309 1011 2359 καὶ
1047 2305 1221 2375 λοιμῷ
1267 2308 1376 2366 τοῖς
1409 2321 1467 2356 τε
1507 2305 1928 2374 παρακειμένοις

367 2398 696 2465 Βουλγάροις
762 2395 855 2447 καὶ
940 2395 1299 2458 Πατζινάκοις
1387 2394 1927 2462 καταπολεμηθέντες

364 2489 533 2557 ἄρδην
556 2486 852 2549 ἀπώλοντο,
884 2486 1019 2538 Θεοῦ
1044 2486 1105 2537 τὸ
1128 2487 1235 2539 πᾶν
1270 2486 1669 2556 ἐργασαμένου.
1699 2485 1926 2553 Λέγεται

366 2579 471 2646 γὰρ
520 2577 595 2638 ὡς
642 2578 909 2643 ἀπογνοὺς
943 2578 971 2628 ὁ
1018 2575 1271 2645 βασιλεὺς
1302 2578 1364 2628 ἐκ
1392 2577 1633 2639 πάντων,
1675 2575 1928 2645 νηστείαν

366 2666 745 2736 παραγγείλας
785 2665 862 2733 τῷ
909 2682 966 2717 τε
1016 2666 1211 2734 πλήθει
1244 2665 1339 2717 καὶ
1388 2664 1592 2734 ἐαυτῷ,
1650 2664 1926 2718 λιτανείαν

366 2754 559 2820 ἐκτενῆ
618 2754 933 2819 ἐποιήσατο,
986 2753 1147 2816 αὐτὸς
1216 2750 1379 2815 πεζὸς
1448 2754 1924 2824 συμπορευόμενος

368 2846 505 2911 μετα
541 2842 791 2910 δακρύων
848 2842 942 2895 καὶ
990 2842 1460 2913 συντετριμμένης
1519 2844 1766 2913 καρδίας,
1799 2844 1924 2899 καθ’

366 2934 432 3001 ἠν
463 2932 681 3001 ἡμέραν
712 2932 886 3003 ἐφάνη
926 2934 1040 2995 τοῖς
1074 2934 1131 2985 ἐν
1175 2933 1254 3003 τῷ
1293 2933 1580 3003 Τξουρολῴ
1609 2936 1925 3005 ἐσκηνωμέ-

365 3041 477 3087 νοις
524 3023 632 3077 τῶν
723 3023 913 3088 Otiva
975 3024 1176 3092 πλῆθος
1250 3025 1639 3094 στρατιωτικὸν
1696 3026 1925 3080 ἐπιστὰν

364 3114 631 3187 ἐναέριον,
691 3116 902 3169 διᾶττον
956 3115 1053 3167 σὺν
1114 3115 1343 3184 σπουδῇ,
1386 3114 1514 3184 βέλη
1563 3115 1685 3169 κατ’
1748 3117 1928 3170 αὐτῶν

365 3208 584 3274 ἀφιέναι
634 3206 853 3275 συνεχῆ,
917 3205 1056 3259 ὥστε
1091 3206 1297 3276 μηδένα
1332 3205 1392 3269 ἐξ
1425 3206 1604 3259 αὐτῶν
1633 3208 1926 3277 ἀπομεῖναι
1954 3190 1996 3246 ὖ

363 3299 628 3365 ἄτρωτον.
675 3298 734 3351 Ὀ
764 3299 823 3351 δὲ
844 3298 1097 3367 βασιλεὺς
1125 3297 1201 3364 τῷ
1230 3297 1349 3366 Θεῷ
1374 3297 1541 3360 θύσας
1566 3298 1635 3351 τὰ
1662 3300 1925 3369 χαριστή-

366 3405 457 3456 ρια
511 3387 641 3441 εὐθὺ
700 3389 798 3458 τῆς
857 3387 1125 3459 βασιλίδος
1176 3389 1497 3459 πεπόρευτο.
1542 3385 1682 3459 Εὗρε
1728 3390 1785 3443 δέ
1835 3392 1929 3443 καὶ

362 3479 569 3548 ταύτην
600 3479 917 3549 ἐκπλήξεως
947 3479 1223 3548 γέμουσαν
1247 3483 1340 3531 καὶ
1376 3479 1445 3530 τὰ
1467 3479 1683 3550 σῶστρα
1703 3480 1781 3549 τῷ
1809 3481 1928 3551 Θεῷ

362 3572 713 3627 ἐπιθύουσαν.
774 3572 933 3626 Ἀλλὰ
965 3574 1168 3637 πάντες
1196 3573 1381 3636 ἁπλῶς
1427 3572 1725 3643 θεοσημίαν
1749 3574 1811 3627 τὸ
1833 3591 1927 3642 γε-

362 3664 517 3731 γονὸς
552 3665 857 3732 ἐλογίζοντο
888 3664 980 3718 καὶ
1003 3667 1070 3735 τῇ
1092 3664 1191 3739 τοῦ
1235 3664 1500 3733 βασιλέως
1521 3666 1648 3735 περὶ
1678 3666 1737 3717 τὸ
1772 3666 1927 3719 Θεῖον

362 3755 614 3826 εὐσεϐείᾳ
666 3755 729 3809 τὸ
774 3757 883 3808 πᾶν
925 3754 1266 3819 ἀνετίθεσαν,
1305 3754 1475 3824 ἀρετῇ
1517 3755 1591 3824 μὴ
1633 3755 1798 3825 κακίᾳ
1830 3756 1925 3810 καὶ

360 3850 424 3916 τῇ
446 3846 709 3916 ἄρχοντος
728 3849 866 3916 ῥοπῇ
890 3847 1129 3914 καὶπερὶ
1156 3847 1215 3899 τὸ
1236 3846 1388 3899 Θεῖον
1406 3845 1659 3917 εὐλαϐείᾳ
1684 3846 1744 3900 τὸ
1768 3847 1921 3900 Θεῖον

2032 1944 2242 2009 buisse,
2270 1944 2385 2011 ipse
2412 1942 2577 2010 pedes
2612 1940 2775 1995 simul
2809 1955 2933 1993 cum
2964 1941 3223 2009 lacryniis
3261 1942 3524 1996 incedens
3544 1950 3599 1994 et

2032 2033 2270 2089 contrito
2297 2032 2483 2086 corde.
2518 2030 2633 2096 Qua
2666 2030 2753 2084 die
2786 2038 3079 2098 conspecta
3138 2039 3223 2083 est
3273 2031 3327 2083 in
3360 2028 3598 2084 Tzurolo

2032 2124 2099 2179 ab
2132 2124 2260 2179 Uzis
2296 2123 2350 2177 in
2402 2120 2776 2176 tabernaculis
2828 2120 3301 2175 commorantibus
3363 2120 3596 2173 militum

2031 2216 2325 2271 multitudo
2363 2215 2418 2267 in
2446 2215 2564 2268 acie
2606 2217 2844 2269 emicare
2874 2226 3071 2268 etcum
3119 2226 3331 2266 summa
3368 2210 3598 2265 festina-

2032 2310 2181 2363 tione
2204 2307 2394 2361 crebra
2421 2315 2612 2361 contra
2636 2306 2785 2374 ipsos
2806 2305 2909 2359 tela
2928 2305 3133 2373 jacere,
3171 2305 3245 2355 ita
3278 2312 3339 2356 ut
3366 2320 3429 2357 ex
3460 2304 3597 2373 ipsis

2032 2414 2192 2453 nemo
2234 2398 2437 2453 illaesus
2494 2398 2846 2460 remanserit,
2882 2396 3015 2463 quin
3060 2394 3257 2448 vulnus
3296 2396 3592 2463 acceperit.

2033 2486 2337 2555 Imperator
2396 2494 2574 2538 autem
2623 2483 2732 2539 Deo
2794 2483 3064 2539 sacriﬁcio
3117 2499 3241 2537 cum
3293 2486 3591 2553 gratiarum

2030 2582 2242 2635 actione
2280 2588 2519 2649 peracto,
2556 2588 2703 2633 recta
2731 2578 2798 2631 ad
2835 2578 3037 2643 regiam
3092 2577 3281 2630 urbem
3309 2592 3368 2631 se
3397 2586 3594 2631 contu-

2028 2673 2112 2732 lit.
2148 2686 2312 2739 quam
2345 2671 2547 2740 reperit
2576 2671 2958 2724 admirationis
2990 2682 3053 2721 ac
3103 2667 3346 2736 stuporis
3376 2668 3591 2736 plenam

2028 2771 2271 2831 votaque
2324 2761 2432 2815 Deo
2490 2748 2589 2828 pro
2650 2769 2872 2829 accepta
2929 2760 3107 2813 salute
3165 2759 3592 2827 persolventem.

2028 2849 2230 2905 Verum
2266 2865 2456 2904 omnes
2486 2849 2629 2919 quod
2667 2850 2869 2903 factum
2917 2856 3036 2903 erat
3066 2848 3313 2902 divinqu
3354 2848 3592 2902 miracu-

2028 2944 2139 2997 lum
2206 2951 2518 3007 censentes,
2567 2941 2916 3010 imperatoris
2985 2956 3115 3009 erga
3176 2940 3346 2995 Deum
3400 2940 3590 3010 pietati

2030 3034 2411 3096 ascribebant,
2447 3032 2591 3102 quod
2625 3033 2823 3086 virtute
2856 3042 2908 3085 et
2935 3046 3045 3087 non
3078 3032 3207 3086 vitio
3236 3039 3329 3086 aut
3353 3034 3592 3100 potentia

2031 3129 2401 3197 imperatoris,
2436 3128 2528 3182 sed
2562 3126 2822 3196 religione
2862 3124 3007 3179 Deus
3064 3124 3183 3192 ipse
3219 3120 3394 3177 ﬂexus
3424 3135 3591 3175 esset.

2030 3218 2161 3274 Post
2191 3218 2572 3288 hujuscemodi
2596 3217 2803 3271 cladem
2831 3215 3052 3284 quidam
3084 3228 3147 3269 ex
3169 3212 3495 3283 657‘ipsis
3520 3210 3587 3264 ad

2031 3310 2415 3378 imperatorem
2462 3323 2522 3363 se
2574 3308 2877 3371 contulere,
2917 3321 2948 3359 a
2991 3320 3102 3374 quo
3143 3304 3389 3371 acceptis
3444 3304 3590 3371 agris

2031 3400 2268 3469 publicis
2298 3397 2629 3451 Macedoniae
2686 3395 2952 3451 Romanis
3003 3401 3295 3455 steterunt,
3343 3398 3399 3446 et
3451 3391 3588 3446 socii

2036 3490 2281 3558 ipsorum
2339 3497 2505 3559 atque
2563 3488 2644 3542 eis
2713 3487 3027 3541 obedientes
3089 3485 3355 3538 hactenus
3418 3480 3591 3545 fuere,

2034 3580 2343 3637 honoribus
2407 3578 2701 3635 senatoriis
2757 3582 2921 3647 atque
2985 3562 3291 3630 illustribus
3354 3572 3588 3641 dignati.

2032 3672 2311 3741 Agebatur
2364 3680 2546 3724 autem
2606 3678 2735 3723 tunc
2801 3676 2989 3723 sextus
3052 3680 3229 3720 annus
3297 3661 3591 3733 imperanti

2038 3764 2222 3831 Ducat,
2260 3762 2560 3818 indictione
2615 3760 2798 3825 tertia,
2830 3774 2971 3814 anno
3001 3757 3141 3814 6573
3180 3757 3248 3812 ab
3290 3757 3424 3812 orbe
3459 3770 3595 3812 con-

2030 3851 2166 3904 dito.

358 3939 792 4009 ἐπικλινόμενον.
825 3940 1136 4010 Προσῆλθον
1162 3940 1219 3993 δέ
1250 3940 1454 3995 τούτων
1486 3943 1628 4003 τινὲς
1655 3943 1791 4011 μετὰ
1821 3944 1920 4007 ,τὸν
1948 3944 2189 3998 τοιοῦτον
2257 3944 2475 4013 ὄλεθρον
2539 3942 2621 4013 τῷ
2659 3942 2887 4013 βασιλεῖ,
2961 3943 3055 3996 καὶ
3101 3940 3284 4013 χώραν
3339 3940 3598 4005 λαϐόντες

358 4033 626 4101 δημοσίαν
660 4033 768 4085 ἀπὸ
788 4032 885 4102 τῆς
912 4031 1291 4099 Μακεδονικῆς
1316 4031 1385 4085 τὰ
1431 4033 1715 4103 Ῥωμαίων
1749 4036 2075 4106 ἐφρόνησαν,
2107 4037 2198 4089 καὶ
2232 4037 2514 4106 σύμμαχοι
2540 4034 2638 4088 καὶ
2698 4034 2933 4103 ὑπήκοοι
2996 4032 3204 4086 τούτων
3273 4034 3435 4104 μέχρι
3478 4034 3580 4102 τῆς

359 4123 519 4193 δεῦρο
550 4124 829 4190 γεγόνασι,
879 4124 975 4175 καὶ
1010 4123 1337 4191 ἀξιωμάτων
1404 4124 1783 4193 συγκλητικῶν
1820 4127 1915 4179 καὶ
1954 4126 2222 4197 λαμπρῶν
2250 4126 2587 4196 ὴξίώθησαν.
2615 4121 2724 4177 Ἦν
2767 4124 2824 4177 δὲ
2858 4124 2919 4177 τὸ
2943 4122 3241 4193 τηνικαῦτα
3304 4125 3425 4186 ἔτος
3483 4124 3583 4191 μὲν

357 4214 519 4268 ἕκτον
541 4214 882 4282 βασιλεύοντι
912 4212 990 4281 τῷ
1019 4214 1490 4277 Δουκὶ,ίνδικτιὼν
1508 4222 1576 4281 γ’,
1611 4216 1726 4277 ἔτος
1758 4218 1929 4285 ςφογ¹
1961 4219 2058 4290 τῆς
2091 4221 2362 4287 κοσμικῆς
2402 4216 2654 4277 κτίσεως.

426 4307 544 4377 Πρὸ
591 4305 650 4357 δὲ
693 4304 881 4357 τούτου
915 4304 1007 4356 τοῦ
1060 4306 1212 4367 ἔτους
1258 4305 1400 4358 κατὰ
1428 4304 1518 4358 τὸν
1554 4307 1925 4379 Σεπτέμϐριον

361 4397 529 4465 μῆνα,
579 4395 679 4463 τῆς
721 4394 980 4464 δευτέρας
1023 4396 1416 4464 ὲπινεμήσεως,
1464 4394 1545 4463 κγ’
1575 4398 1796 4465 ἄγοντος
1828 4398 1921 4451 τοῦ

2100 4311 2256 4363 Anno
2279 4323 2408 4363 vero
2434 4306 2718 4377 superiore
2739 4305 2885 4360 circa
2916 4320 3156 4360 mensem
3191 4304 3560 4375 Septembrem

2032 4401 2329 4455 indictione
2374 4398 2641 4463 secunda,
2697 4397 2958 4452 vicesima
3003 4397 3163 4451 tertia
3221 4396 3310 4452 die
3367 4401 3591 4466 mensis,

359 4487 526 4540 αὑτοῦ
561 4487 754 4557 μηνὸς,
792 4486 919 4555 περὶ
962 4485 1216 4555 δευτέραν
1254 4486 1503 4556 φυλακην
1547 4488 1644 4554 τῆς
1698 4491 1924 4554 νυκτὸς,
1960 4496 2003 4552 D
2032 4493 2106 4547 cit

1845 4494 1890 4552 ὃς
1910 4528 1924 4554 ,
1960 4496 2003 4552 D
2032 4493 2178 4547 circa
2208 4490 2500 4547 secundam
2533 4488 2708 4543 noctis
2735 4488 2994 4558 vigiliam,
3016 4496 3173 4541 terrae
3191 4496 3369 4543 motus
3400 4491 3592 4559 ingens

360 4579 586 4649 σεισμδς
618 4577 850 4642 ἐξαίσιος
894 4576 1084 4644 γέγονε
1114 4576 1221 4629 τῶν
1246 4577 1465 4631 πώποτε
1496 4580 1800 4649 γενομένων
1832 4581 1925 4633 ἐκ·

358 4667 827 4739 πληκτικώτερος,
854 4667 915 4717 ἐκ
933 4667 1041 4719 τῶν
1074 4667 1374 4736 Ἐσπερίων
1402 4670 1581 4739 μερῶν
1603 4671 1923 4740 ἀρξάμενος.

360 4758 627 4819 Τοσοῦτος
652 4757 706 4808 δέ
731 4754 799 4825 ἦν
828 4756 889 4809 τὸ
930 4756 1159 4826 μέγεθος
1197 4758 1272 4820 ὡς
1304 4761 1398 4811 καὶ
1425 4761 1602 4823 οἰκίας
1629 4762 1925 4831 ἀνατρέψαι

358 4849 561 4910 πολλὰς
618 4846 713 4899 καὶ
756 4848 914 4909 ναους
951 4850 1047 4900 καὶ
1104 4847 1310 4911 κίονας.
1368 4849 1447 4902 Τὰ
1496 4851 1656 4917 ὃμοια
1711 4852 1766 4904 δέ
1817 4855 1927 4914 τοῖς

357 4939 680 5010 εἰρημένοις
711 4937 1009 4990 πεπόνθασι
1047 4937 1349 5001 Ῥαιδεστός
1396 4955 1455 4991 τε
1482 4942 1575 4992 καὶ
1608 4940 1802 4994 Πάνιον
1831 4944 1926 4995 καὶ

359 5031 420 5082 τὸ
456 5028 831 5097 Μυριόφυτον,
871 5027 945 5089 ὡς
980 5028 1073 5079 καὶ
1105 5028 1247 5098 μέρη
1292 5030 1485 5099 τειχῶν
1518 5028 1603 5101 [Ρ.
1639 5031 1763 5102 817]
1793 5034 1923 5085 ἀνα.

358 5121 638 5189 τραπῆναι
674 5118 831 5185 ἄχρις
857 5118 1168 5189 ὑποϐάθρας
1204 5121 1293 5171 καὶ
1323 5120 1578 5182 πλείστας
1606 5123 1805 5186 οἰκίας,
1834 5123 1927 5176 καὶ

360 5213 519 5279 φόνον
549 5209 806 5278 γενέσθαι
862 5210 1047 5262 πολύν.
1095 5211 1253 5263 Ἀλλὰ
1296 5212 1405 5280 μὴν
1448 5213 1543 5264 καὶ
1592 5214 1927 5282 ήΚύζικος,

359 5304 519 5356 ὁπότε
568 5301 670 5353 καὶ
713 5300 773 5352 τὸ
820 5300 878 5353 ἐν
903 5300 1041 5370 αὐτῇ
1081 5300 1388 5369 Ἑλληνικὸν
1436 5303 1576 5370 ἱερὸν
1604 5306 1926 5375 κατεσείσθη

360 5394 454 5447 καὶ
485 5392 564 5462 τῷ
594 5390 837 5460 πλείστῳ
871 5391 1024 5461 μέρει
1055 5392 1343 5454 κατέπεσε,
1381 5392 1631 5461 μέγιστον
1656 5393 1715 5446 δν
1741 5396 1930 5465 χρῆμα

361 5486 496 5555 πρὸς
523 5485 660 5536 θέαν
695 5479 762 5535 δι’
794 5482 1094 5553 ὀχυρότητα
1126 5484 1218 5537 καὶ
1249 5484 1399 5538 λίθου
1425 5485 1517 5538 τοῦ
1551 5485 1836 5539 καλλίστου
1871 5503 1929 5539 τε

358 5579 450 5629 καὶ
482 5574 756 5644 μεγίστου
806 5575 1072 5644 ἁρμονίαν
1110 5576 1202 5629 καὶ
1246 5576 1599 5647 ἀνοικοδομὴν
1638 5576 1729 5629 καὶ
1764 5575 1930 5646 ὕψους

358 5670 449 5721 καὶ
483 5665 764 5737 μεγέθους
805 5665 1103 5737 διάρκειαν.
1138 5668 1244 5720 Καὶ
1274 5668 1435 5737 μέχρι
1463 5669 1519 5719 δὲ
1550 5667 1642 5721 δύο
1670 5668 1931 5720 ἐνιαυτῶν

351 5761 533 5813 ικτοτε
593 5757 847 5827 φοράδην
902 5758 1201 5828 ἐπεφοίτων
1261 5759 1478 5827 σεισμοὶ
1536 5759 1757 5830 μηδαμῆ
1816 5762 1929 5821 τοῖς

2031 4582 2209 4637 factus
2230 4590 2284 4636 et
2317 4581 2562 4635 omnium
2593 4580 2687 4649 qui
2711 4593 2951 4648 unquam
2987 4577 3140 4632 fuere
3166 4580 3400 4634 maxime
3432 4582 3594 4634 terri-

2032 4672 2179 4732 bilis.
2218 4671 2286 4725 ab
2316 4670 2626 4724 Occidentis
2658 4668 2906 4737 partibus
2950 4668 3237 4736 incipiens,
3266 4677 3432 4738 atque
3456 4671 3592 4726 adeo

2031 4764 2324 4818 vehemens
2362 4771 2421 4814 ut
2458 4767 2511 4814 et
2545 4761 2735 4814 domos
2769 4760 2968 4812 multas
2995 4758 3252 4813 everterit
3299 4767 3354 4813 et
3391 4761 3591 4830 templa

2030 4863 2086 4909 et
2111 4854 2417 4908 columnas.
2450 4852 2516 4905 Et
2549 4851 2749 4905 similia
2774 4849 2843 4904 iis
2876 4848 3130 4918 quatiam
3163 4848 3402 4905 diximus
3446 4852 3592 4905 acci-

2031 4944 2162 4999 dere
2210 4944 2461 4998 Raadesto
2506 4952 2559 4997 et
2589 4941 2758 4996 Panio
2790 4950 2953 5010 atque
2998 4940 3358 5012 Myriophyto,
3420 4942 3493 4995 ita
3535 4951 3593 4995 ut

2031 5051 2312 5090 murorum
2374 5045 2557 5105 partes
2613 5048 2785 5103 usque
2834 5034 2902 5087 ad
2947 5033 3123 5101 ipsum
3180 5032 3590 5088 fundamentum

2029 5126 2225 5181 dirutae
2255 5127 2363 5180 sint
2391 5137 2446 5180 et
2496 5126 2692 5180 domus
2749 5123 3017 5192 plurimm,
3078 5130 3134 5177 et
3188 5124 3357 5177 multa
3416 5124 3591 5179 caedes

2035 5216 2196 5269 facta.
2230 5215 2539 5279 Quinetiam
2579 5214 2809 5284 Cyzicus
2852 5214 2994 5267 haud
3031 5227 3228 5282 expers
3251 5214 3432 5267 damni
3464 5214 3589 5277 fuit,

2032 5307 2298 5376 siquidem
2331 5309 2589 5375 templum
2641 5304 2977 5367 Graecorum,
3009 5306 3152 5373 quod
3198 5305 3251 5358 in
3289 5306 3407 5373 ipsa
3449 5316 3589 5369 erat,

2033 5410 2365 5453 commotum
2396 5405 2479 5451 est
2511 5397 2582 5449 ita
2620 5405 2677 5449 ut
2709 5396 2945 5449 maxima
2972 5394 3118 5448 illius
3153 5407 3280 5463 pars
3303 5392 3589 5461 deciderit,

2031 5504 2153 5544 cum
2187 5497 2332 5543 esset
2362 5486 2653 5542 maximum
2681 5486 3075 5556 spectaculum,
3098 5492 3212 5539 tum
3232 5484 3375 5553 quod
3405 5484 3591 5539 muni-

2033 5581 2308 5637 tissimum
2345 5587 2486 5641 erat,
2511 5588 2626 5632 tum
2660 5576 2805 5646 quod
2836 5592 2899 5631 ex
2934 5575 3301 5645 pulcherrimo
3332 5575 3508 5645 lapide
3536 5581 3592 5629 et

2031 5673 2270 5726 maximo
2300 5668 2677 5725 admirabilem
2724 5675 3016 5722 structura:
3056 5664 3301 5719 ordinem
3340 5665 3587 5728 habebat,

2034 5772 2147 5817 tum
2196 5778 2324 5819 vero
2381 5761 2527 5830 quod
2558 5758 2848 5816 aedilicium
2892 5756 3169 5812 videretur
3218 5765 3273 5814 et
3305 5754 3592 5814 altitudine
