4424 6450
782 385 883 451 387

785 507 839 552 et
869 490 1240 562 magnitudine
1267 488 1457 543 idonea
1491 485 1543 539 in
1567 493 1883 555 perpetuum
1906 497 1937 551 p
1956 493 2348 535 3rmansurum.

794 590 858 642 Et
892 600 1066 657 usque
1096 584 1165 638 ad
1198 583 1335 637 duos
1366 593 1539 633 annos
1568 593 1632 632 ex
1663 592 1728 632 eo
1764 585 2008 643 tempore
2048 572 2362 640 frequentes

799 693 958 736 terra:
1015 687 1198 732 motus
1241 676 1441 730 ﬁebant
1494 671 1631 725 adeo
1688 671 1934 737 ingentes
1985 675 2040 719 ut
2095 661 2364 733 ejusmodi

797 771 1034 837 majores
1063 775 1193 818 natu
1228 763 1452 815 minime
1487 759 1883 822 meminissent.
1928 754 2127 809 Eadem
2164 752 2363 805 damna

795 874 1052 931 perpessa
1086 867 1168 911 est
1214 857 1420 919 Nicaaa,
1456 854 1509 905 iu
1551 868 1656 920 qua
1705 850 1964 917 templum
2003 856 2207 899 sanctae
2260 846 2363 901 So-

796 955 936 1021 phim
982 952 1221 1004 dicatum
1280 954 1335 1001 et
1385 953 1698 999 sanctorum
1744 942 1967 993 Patrum
2015 938 2182 1008 658
2224 938 2365 991 aedes

795 1054 1163 1112 ionqnassata
1207 1052 1360 1102 sunt,
1413 1045 1465 1090 et
1512 1037 1652 1088 muri
1699 1032 2064 1112 cumcivium
2109 1031 2364 1083 domibus

798 1134 1022 1200 cn!|::p,~i
1079 1141 1227 1192 sum,
1264 1139 1316 1182 ct
1359 1128 1475 1180 loca
1511 1140 1728 1195 quoque
1772 1122 1953 1175 limini
1995 1122 2211 1189 penitus
2241 1136 2366 1172 cor-

798 1236 1043 1277 ruerunt.
1102 1221 1267 1274 Erant
1308 1221 1421 1272 hinc
1472 1226 1820 1287 peccatorum
1855 1224 2043 1268 exacta
2097 1214 2363 1283 supplicia

794 1325 848 1368 ct
878 1329 1103 1382 prorsus
1158 1316 1228 1364 ita
1281 1310 1487 1371 divina,
1520 1319 1573 1362 et
1634 1308 1932 1360 innuebant
1990 1307 2151 1358 modo
2205 1306 2365 1359 dictae

795 1405 1039 1458 nationis
1074 1403 1369 1455 adventum
1425 1411 1478 1454 ct
1520 1401 1796 1452 interitum
1831 1414 1843 1449 :
1875 1398 1929 1449 in
1966 1396 2171 1450 divinis
2220 1399 2363 1451 enim

797 1494 1060 1563 portentis
1104 1508 1211 1546 non
1248 1506 1486 1562 praesens
1518 1498 1724 1541 tantum
1759 1488 1853 1541 sed
1905 1492 2067 1541 etiam
2119 1486 2363 1541 futurum

796 1588 1125 1655 praeviiletnr
1149 1593 1201 1637 et
1231 1581 1698 1651 prmsigniﬁcatur.

870 1674 1008 1726 Maio
1044 1687 1261 1741 quoque
1291 1685 1500 1729 mense.
1532 1679 1726 1738 quarta
1774 1670 1986 1724 decima
2043 1667 2363 1727 indictione,

801 1766 1053 1832 apparuit
1112 1765 1310 1816 crinita
1366 1764 1529 1816 stella
1576 1771 1697 1830 post
1766 1762 1936 1815 solem
2004 1760 2361 1822 occidentem,

802 1858 941 1906 lunae
972 1852 1371 1923 magnitudine,
1410 1853 1629 1918 quando
1678 1853 1791 1919 ipsa
1828 1851 1983 1919 plena
2013 1858 2094 1903 est
2126 1849 2363 1911 lumine;
2395 1874 2442 1933 Β

798 1960 921 2012 qme
946 1960 1011 1998 eo
1047 1956 1290 2015 tempore
1328 1944 1533 1996 fumum
1561 1944 1812 2010 emittere
1836 1950 1890 1996 et
1931 1942 2188 1995 nebulam
2217 1943 2367 1995 vide-

802 2038 986 2099 batur,
1023 2045 1077 2089 et
1119 2036 1426 2103 insequenti
1481 2035 1567 2089 die
1621 2036 1787 2105 coapit
1836 2036 2017 2089 crines
2053 2034 2366 2096 ostendi-re,

802 2127 895 2194 qni
940 2132 1208 2193 quantum
1260 2124 1748 2193 protendebantnr,
1794 2133 2002 2176 tantum
2036 2124 2207 2178 stellae
2251 2137 2368 2175 ma-

802 2216 1028 2285 gnitude
1053 2216 1339 2270 deﬁciebat
1364 2232 1378 2279 ;
1415 2215 1637 2268 immisit
1666 2224 1845 2268 autem
1877 2216 2056 2269 radios
2086 2216 2151 2267 ad
2180 2213 2372 2269 Oricu-

802 2318 933 2372 tcm,
962 2319 1014 2361 et
1041 2312 1109 2361 ad
1147 2322 1269 2361 eam
1300 2316 1512 2376 partem
1552 2306 1809 2377 progredi
1847 2306 2212 2376 quadraginta
2249 2307 2368 2361 die-

800 2398 905 2453 bus
937 2415 999 2466 pc
1009 2399 1324 2451 rseveravit.

878 2489 1092 2541 Mortuo
1157 2504 1286 2542 vero
1346 2489 1662 2557 patriarcha
1716 2487 2098 2551 Constantino,
2136 2486 2371 2541 Joannes

802 2580 1130 2642 monachus,
1168 2588 1533 2647 cognomento
1581 2576 1891 2646 Xiphilinus
1916 2577 2187 2646 deligitur,
2233 2577 2369 2630 Tra-

804 2676 1039 2738 pezunte
1072 2678 1258 2732 natus,
1313 2672 1396 2721 vir
1428 2669 1648 2737 sapiens
1671 2678 1724 2721 et
1769 2669 2177 2722 eruditissimus
2216 2679 2269 2724 et
2319 2672 2371 2723 in

807 2761 968 2814 rebus
1012 2759 1248 2827 politicis
1280 2768 1561 2826 spectatus
1592 2767 1645 2811 et
1675 2759 1925 2812 virtutem
1968 2760 2156 2813 sedulo
2195 2772 2373 2815 secta-

808 2861 919 2908 tus,
954 2850 1089 2901 adeo
1120 2856 1175 2900 ut
1204 2849 1255 2899 in
1305 2848 1572 2915 principio
1626 2846 1869 2900 ﬂorentis
1901 2849 2077 2901 aetatis
2110 2849 2373 2902 monasti-

803 2956 922 2993 eam
947 2939 1475 2991 administrationem
1499 2940 1802 3007 susceperit
1824 2943 2051 2991 ctvitaui
2076 2940 2374 2993 Solitariam

804 3032 1001 3097 degere
1036 3029 1340 3082 instituerit
1370 3036 1613 3098 tempore
1650 3029 1793 3083 haud
1834 3032 2030 3099 exiguo
2054 3032 2107 3084 in
2151 3033 2375 3101 Olympo

809 3129 994 3172 monte
1021 3137 1035 3175 :
1070 3135 1240 3189 quare
1268 3135 1430 3173 nemo
1468 3131 1663 3188 pra:ter
1696 3123 1874 3190 ipsum
1901 3123 2103 3191 dignus
2137 3124 2375 3177 habeba-

2111 361 2428 425 Jt):\NNlS
2460 360 2828 419 StiYIJTLE

2396 541 2438 597 Α

2468 473 2821 544 ἑξωροτέροις
2853 473 3331 542 μνημονευόμενοι.
3382 470 3459 524 Τὰ
3492 470 3628 523 αὐτὰ
3656 469 3712 523 δὲ
3744 469 3837 524 καὶ
3867 472 3899 540 ή
3933 470 4033 522 Νί-

2469 586 2600 623 καια
2632 566 2898 619 πέπονθε·
2932 565 3258 634 κατεσείσθη
3308 564 3415 633 γὰρ
3446 563 3538 616 καὶ
3567 563 3740 633 ταύτῃ
3777 562 3805 614 ὃ
3851 578 3909 615 τε
3951 560 4036 614 ἐπ’

2467 659 2687 728 ὀνόματι
2721 658 2821 725 τῆς
2852 659 3011 725 ἁγίας
3039 656 3237 724 Σοφίας
3266 656 3391 717 ναὸς
3432 655 3527 708 καὶ¹
3553 657 3580 708 ὁ
3616 654 3906 722 λεγόμενος
3930 653 4038 707 τῶν

2467 752 2638 817 ἁγίων
2674 750 2932 817 Πατέρων
2963 747 3149 817 σηκὸς,
3182 747 3277 799 καὶ
3307 746 3375 799 τὰ
3403 744 3559 815 τείχη
3590 744 3645 798 δὲ
3677 746 3773 797 σὺν
3800 746 3907 805 τοῖς
3939 760 4037 794 πο-

2468 839 2691 902 λιτικοῖς
2736 839 3000 908 οἰκήμασι
3048 836 3569 899 καταπεπτώκασιν,
3618 835 3707 886 ὅτε
3740 834 3804 905 δὴ
3840 836 3933 887 καὶ
3971 836 4039 886 τὰ

2467 931 2561 983 τοῦ
2606 932 2805 1002 τρόμου
2856 931 3117 1002 κατέληξε
3168 930 3366 982 τέλεον.
3419 925 3601 980 Ἦσαν
3626 927 3681 978 δὲ
3735 926 3905 978 ταῦτα
3947 928 4041 978 καὶ

2467 1022 2753 1093 εἴσπραξις
2806 1022 2904 1091 μὲν
2970 1023 3383 1092 ἁμαρτημάτων
3436 1023 3531 1073 καὶ
3589 1019 3740 1089 χόλος
3794 1018 3931 1079 θεῖος
3981 1017 4041 1082 ea

2468 1114 2724 1177 ἅπαντος,
2775 1115 3050 1186 ᾑνίττοντο
3079 1114 3133 1167 δὲ
3179 1114 3270 1165 καὶ
3300 1112 3397 1183 τὴν
3444 1111 3538 1163 τοῦ
3567 1110 3817 1181 ῥηθέντος
3852 1109 4037 1171 ἔθνους

2466 1207 2749 1259 ὲπέλευσιν
2784 1208 2877 1260 καὶ
2921 1207 3249 1258 κατάλυσινο
3299 1206 3358 1258 ἐν
3404 1205 3512 1273 γὰρ
3554 1206 3674 1264 ταῖς
3721 1202 4039 1270 θεοσημίαις

2467 1296 2526 1347 οὐ
2558 1296 2616 1347 τὸ
2658 1295 2887 1357 ἐνεστὼς
2921 1296 3102 1364 μόνον,
3128 1295 3263 1348 ἀλλὰ
3302 1294 3396 1348 καὶ
3422 1294 3480 1346 τὸ
3512 1292 3703 1363 μέλλον
3735 1290 4039 1362 προτεθεώ-

2470 1404 2631 1456 ρηται
2655 1388 2749 1439 καὶ
2776 1387 3225 1457 προσημαίνεται.

2539 1657 2648 1709 Καὶ
2696 1656 2854 1726 Μαΐῳ
2894 1656 2950 1709 δὲ
2986 1657 3115 1726 μηνὶ
3146 1657 3244 1725 τῆς
3296 1658 3354 1710 ιδ’
3386 1656 3711 1721 Ξνδικτιῶνος
3741 1659 3912 1727 ἐφάνη
3944 1676 4038 1710 κο-

2470 1749 2643 1816 μήτης
2676 1749 2905 1801 κατόπιν
2938 1747 3032 1801 τοῦ
3082 1749 3232 1818 ἡλίου
3278 1749 3546 1812 δύνοντος,
3587 1751 3648 1802 τὸ
3691 1751 3917 1818 μέγεθος
3952 1768 4039 1802 σεο

2470 1840 2689 1905 ληναῖον
2733 1840 2938 1909 φέρων,
2992 1841 3079 1892 ὅτε
3123 1840 3221 1909 ἤδη
3280 1841 3592 1910 πλησιφαὴς
3630 1841 3876 1910 γένηται.
3932 1843 4041 1894 Καὶ

2470 1928 2631 1999 ἐῴκει
2664 1929 2761 1999 μὲν
2783 1930 3084 1999 τηνικαῦτα
3104 1930 3408 1999 ἐκπέμπειν
3437 1931 3640 1983 καπνὸν
3665 1932 3755 1984 καὶ
3788 1932 4039 2000 ὁμίχλην,

2473 2022 2527 2073 ὲν
2556 2022 2611 2073 δὲ
2645 2025 2710 2091 τῇ
2740 2021 2969 2090 ἐπιούσῃ
3017 2021 3220 2092 ἦρξατο
3259 2021 3679 2092 παραδεικνύειν
3714 2022 4042 2092 βοστρύχους

2469 2113 2643 2174 τινας,
2685 2116 2775 2165 καὶ
2814 2115 2937 2166 ὅσον
2967 2108 3113 2167 οὗτοι
3146 2115 3563 2182 προετέωνυντο,
3594 2115 3654 2166 τὸ
3688 2116 3916 2183 μέγεθος
3944 2116 4037 2167 τοῦ

2472 2204 2698 2270 ἀστέρος
2727 2203 3019 2271 ύπέληγεν.
3055 2205 3329 2256 Ἀπέτεινε
3357 2204 3413 2257 δὲ
3442 2203 3538 2265 τὰς
3563 2206 3785 2266 ἀκτῖνας
3805 2204 3876 2266 ὡς
3904 2206 4039 2274 πρδς

2482 2291 2673 2361 Ἐῲαν,
2711 2295 2804 2346 καὶ
2832 2294 2966 2364 πρὸς
2994 2296 3206 2365 ἐκείνην
3232 2295 3561 2365 προήρχετο,
3591 2295 3687 2348 καὶ
3710 2291 3778 2366 ἦν
3800 2298 4038 2365 ἐπικρα-

2471 2383 2578 2434 τῶν
2604 2383 2761 2452 ἄχρις
2788 2384 3011 2452 ἡμερῶν
3051 2391 3124 2453 μ’.

2542 2475 2952 2527 Κωνσταντίνου
2977 2476 3032 2528 δὲ
3060 2476 3154 2528 τοῦ
3189 2477 3526 2549 πατριάρχου
3554 2478 3829 2538 θανόντος.
3862 2476 4044 2529 Ἰωάν-

2472 2583 2567 2633 νης
2600 2566 2833 2633 μοναχὸς
2860 2569 2887 2619 ὁ
2920 2568 3148 2636 ἐπίκλην
3191 2567 3460 2636 Ξιφιλῖνος
3507 2568 3935 2638 προχειρίζεται,
3982 2570 4045 2617 ἐκ

2474 2657 2887 2725 Τραπεζοῦντος
2936 2660 3033 2727 μὲν
3084 2658 3425 2728 ὁρμώμενος,
3470 2661 3607 2729 ἀνὴρ
3657 2660 3712 2711 δὲ
3748 2659 3909 2726 σοφὸς
3950 2659 4045 2709 καὶ

2476 2749 2609 2815 πρὸς
2634 2748 2801 2817 ἄκρον
2824 2750 3154 2811 παιδεύσεως
3178 2750 3455 2818 ἐληλακὼς
3478 2751 3580 2802 κάν
3605 2753 3716 2812 τοῖς
3749 2752 4045 2810 πολιτικοῖς

2477 2839 2835 2909 περίῦλεπτος
2873 2840 3111 2907 γεγονὼς
3159 2843 3253 2893 καὶ⁸
3291 2843 3491 2910 ἀρετῆς
3535 2842 3813 2911 εὐφρόνως
3853 2843 4044 2909 ἐπιμε-

2474 2930 2755 2999 λούμενος,
2783 2930 2924 2981 ὦστε
2951 2932 3008 2981 ἐν
3040 2933 3181 3000 ἀρχῇ
3217 2932 3315 2999 τῆς
3346 2931 3646 2999 εὐημερίας
3679 2930 3770 2982 καὶ
3800 2931 3893 2997 τῆς
3930 2931 4046 2997 ἡλι-

2475 3023 2597 3083 κίας
2635 3021 2730 3091 τὴν
2776 3024 3075 3091 μοναχικὴν
3112 3023 3387 3075 πολιτείαν
3427 3022 3779 3076 ἀσπάσασθαι
3818 3023 3911 3074 καὶ
3953 3024 4043 3073 τὸν

2477 3114 2915 3181 ἀναχωρητικδν·
2943 3114 3157 3166 ἑλέσθαι
3207 3113 3320 3182 βίον
3365 3114 3553 3184 χρόνον
3592 3115 3689 3166 οὐκ
3723 3117 3813 3166 ἐπὶ
3849 3116 4044 3183 μικρὸν

807 3222 891 3263 ιιιι·
927 3212 1020 3280 qui
1054 3213 1119 3265 ad
1149 3212 1317 3264 altum
1351 3213 1675 3279 patriarcha:
1693 3215 1922 3281 gradum
1958 3216 2370 3281 perduceretur,
2404 3206 2447 3266 C
2484 3222 2554 3256 πα

2297 3232 2370 3280 μιν,
2404 3206 2447 3266 c
2484 3204 2630 3274 παρά
2653 3204 2711 3255 τὸ
2734 3204 2826 3255 τοῦ
2863 3204 3136 3271 Ὀλύμπου
3174 3204 3317 3274 ὅρος.
3360 3205 3524 3258 Ὅθεν
3555 3207 3650 3258 καὶ
3682 3205 3854 3268 οὐδεὶς
3893 3206 4044 3270 ἄξιος

807 3308 1023 3359 tametsi
1080 3318 1348 3358 recusans
1398 3319 1462 3356 ac
1531 3303 1744 3371 fugiens
1791 3307 1857 3356 ad
1933 3320 2056 3357 eum
2111 3304 2372 3359 honorem

808 3398 1127 3464 compulsus
1150 3403 1254 3448 est.
1283 3394 1427 3459 Quin
1452 3394 1616 3448 etiam
1666 3396 1779 3449 vita
1839 3396 2030 3450 functo
2094 3396 2374 3451 Theodle

818 3488 1085 3556 Bulgariae
1148 3489 1566 3557 archiepiscopo
1613 3486 1779 3556 659
1828 3488 2029 3559 delegit
2081 3490 2376 3556 imperator

808 3578 1071 3633 Joannem
1156 3581 1469 3649 quemdam,
1553 3580 1878 3634 monachum
1976 3578 2374 3648 Lampensem,

808 3672 902 3738 qui
973 3670 1115 3725 idem
1202 3668 1601 3724 monasterium
1660 3683 1786 3723 cum
1857 3669 2136 3740 Xipbilino
2196 3671 2378 3725 colue-

808 3767 916 3811 rat.

884 3934 929 3987 A
953 3948 1140 3989 mense
1166 3944 1347 3988 autem
1377 3932 1599 3988 Octobri
1629 3934 1853 3989 morbus
1875 3936 2053 4004 gravis
2085 3936 2377 4005 imperato-

809 4042 925 4081 rem
978 4026 1202 4091 invasit,
1251 4026 1345 4093 qui
1376 4039 1503 4080 eum
1537 4028 1778 4095 graviter
1813 4026 2080 4097 aﬂligebat
2113 4042 2283 4096 usque
2310 4030 2375 4081 ad

812 4120 1189 4187 insequentem
1223 4132 1468 4171 mensem
1515 4116 1736 4181 Maium,
1779 4133 1889 4187 quo
1919 4120 2093 4188 ipsum
2126 4119 2378 4190 proﬂiga-

814 4211 892 4261 vit
921 4219 975 4261 et
1006 4209 1114 4260 vita
1166 4208 1417 4273 privavit.
1470 4209 1598 4275 Ejus
1653 4224 1782 4262 vero
1819 4210 2091 4278 exsequiae
2132 4226 2238 4265 non
2285 4213 2375 4264 ubi

813 4300 1166 4369 exspectabat
1193 4300 1479 4353 celebratae
1529 4310 1678 4366 sunt,
1725 4301 1821 4355 sed
1858 4318 1951 4371 per
1979 4318 2130 4357 mare
2182 4304 2377 4359 ductus

817 4399 870 4447 in
912 4392 1252 4445 monasterio
1289 4392 1466 4445 sancti
1497 4391 1725 4457 Nicolai,
1758 4395 1902 4462 quod
1933 4395 2249 4451 Molibotum
2280 4412 2377 4451 vo-

2476 3296 2614 3363 πλὴν
2664 3296 2828 3349 αὐτοῦ
2873 3295 3151 3365 ἐνομίζετο
3215 3297 3349 3366 πρὸς
3411 3297 3504 3350 τὸν
3551 3297 3753 3367 ὑψηλὸν
3802 3297 3897 3351 τοῦ
3946 3316 4048 3349 πα-

2478 3386 2741 3455 τριάρχου
2780 3385 3015 3455 βαθμὸν,
3046 3389 3093 3437 εἰ
3116 3388 3209 3440 καὶ
3240 3388 3669 3459 ἀπαναινόμενος
3698 3389 3793 3442 καὶ
3830 3389 4046 3457 φεύγων

2477 3476 2705 3544 ἐδιώχθη
2738 3477 2875 3546 πρὸς
2907 3478 3004 3543 τῆς
3052 3478 3238 3546 τιμῆς.
3291 3479 3451 3532 Ἀλλὰ
3494 3479 3598 3549 μὴν
3634 3482 3726 3533 καὶ
3753 3480 4042 3533 Θεοδούλου

2476 3566 2568 3618 τοῦ
2589 3566 2924 3637 Βουλγαρίας
2943 3569 3240 3638 ἀρχιερέως
3262 3570 3613 3639 κοιμηθέντος
3638 3574 4042 3644 προχειρίζεται

2476 3660 2502 3710 ὁ
2548 3657 2800 3725 βασιλεὺς
2854 3658 3105 3728 Ἰωάννην
3161 3659 3281 3712 τινὰ
3314 3662 3547 3731 μοναχὸν
3576 3666 3639 3716 ἐκ
3680 3664 3779 3733 τῆς
3808 3667 4045 3734 Λάμπης

2482 3750 2580 3817 μὲν
2622 3749 2973 3818 ὡρμημένον,
3012 3752 3351 3822 συνασκητὴν
3397 3753 3454 3806 δὲ
3496 3754 3591 3808 καὶ
3635 3755 3907 3825 σύμπονον
3950 3756 4043 3810 τοῦ

2477 3843 2770 3911 Ξιφιλίνου.

2561 3936 2692 3987 Ἀπὸ
2723 3936 2777 3987 δὲ
2832 3935 2997 4005 μηνὸς
3058 3935 3389 4005 Ὀκτωὸρίου
3430 3938 3582 4001 νόσος
3614 3940 3933 4009 ὲνσκήψασα
3966 3943 4044 4013 τῷ

2480 4024 2692 4094 βασιλεῖ
2722 4027 3050 4096 κατέτρεχεν
3092 4025 3257 4078 αὑτὸν
3295 4026 3483 4089 δεινῶς
3516 4028 3643 4098 ἄχρι
3672 4030 3765 4082 τοῦ
3800 4034 4043 4096 ἐπιόντος

2479 4118 2657 4169 Μαΐου
2695 4118 2861 4186 μηνός
2884 4133 2897 4145 ·
2945 4117 3002 4166 ὲν
3028 4116 3177 4185 αὐτῷ
3204 4117 3262 4169 δὲ
3295 4117 3479 4169 τοῦτον
3506 4122 3903 4189 κατειργάσατο
3953 4127 4045 4176 καὶ

2478 4209 2577 4276 τῆς
2605 4208 2852 4260 ἐντεῦθεν
2884 4209 3027 4278 ζωῆς
3054 4209 3361 4277 ἀπήγαγεν.
3405 4209 3468 4264 Ἦ
3498 4211 3552 4263 δὲ
3575 4213 3697 4265 ὁσία
3725 4215 3913 4268 τούτου
3943 4218 4043 4269 οὐκ

2479 4300 2605 4353 ἔνθα
2634 4300 2999 4370 προσεδόκησε
3030 4300 3272 4366 γέγονεν,
3309 4300 3392 4371 [Ρ.
3428 4300 3553 4373 818]
3581 4303 3714 4355 ἀλλὰ
3741 4304 4044 4370 διαπόντιος

2477 4391 2663 4459 ἀχθεὶς
2691 4392 2747 4441 ἐν
2779 4393 2845 4459 τῇ
2878 4392 3011 4457 μονῇ
3044 4390 3136 4440 τοῦ
3169 4390 3321 4455 ἁγίου
3360 4390 3627 4445 Νικολάου
3658 4394 3979 4463 ἐναπτέθη,
4011 4397 4042 4464 ἢ

812 4496 991 4549 catur,
1033 4485 1175 4539 situs
1222 4493 1328 4539 est.
1365 4484 1508 4538 Vixit
1559 4486 1613 4538 in
1654 4486 1883 4555 imperio
1922 4504 2093 4543 annos
2144 4500 2369 4559 septem,
2399 4529 2451 4588 Β
2480 4482 2559 4536 καῖ

2299 4507 2369 4556 ηι,
2399 4529 2451 4588 D
2480 4482 2724 4588 καλεῖται
2768 4478 3102 4588 διολιϐωτόν.
3132 4478 3340 4588 ΣΞζησε
3468 4481 3524 4587 εν
3553 4484 3618 4583 τῇ
3651 4481 3903 4588 βασιλίδι,
3921 4489 4046 4588 χξρ-

813 4589 1030 4627 menses
1053 4589 1169 4626 sex.
1205 4571 1385 4627 Fuere
1407 4575 1507 4641 ipsi
1553 4574 1707 4629 liberi
1738 4592 1803 4631 ex
1837 4575 2074 4633 Eudocia
2109 4581 2370 4650 Angusta,

812 4679 979 4732 quam
1022 4664 1201 4717 adhuc
1233 4665 1480 4732 privatus
1505 4664 1736 4720 duxerat
1764 4684 2007 4731 uxorem,
2040 4687 2215 4727 mares
2241 4681 2371 4737 tres,

814 4756 1068 4818 Michael,
1099 4755 1446 4808 Andronicus
1473 4766 1527 4809 et
1583 4757 1993 4816 Constantinus.
2018 4760 2217 4816 ﬂorum
2251 4780 2374 4833 por-

814 4847 1210 4916 phyrngenitus
1256 4857 1374 4900 erat
1405 4848 1822 4913 Constantinus,
1853 4867 2151 4923 omnesque
2203 4858 2375 4926 impe-

814 4947 1025 4990 ratores
1090 4934 1405 4992 declaravit.
1467 4936 1703 4995 Femina:
1763 4951 1942 4997 autem
2000 4954 2132 5009 tres,
2196 4949 2372 5013 Anna,

813 5026 1102 5079 'l‘heodora
1164 5036 1215 5080 et
1248 5026 1379 5081 Zoe.
1423 5028 1630 5083 Etcum
1658 5031 1924 5087 Caesarem
1965 5050 2122 5089 suum
2154 5036 2373 5091 fratrem

810 5114 1075 5169 Joannem
1116 5117 1430 5185 delegisset,
1494 5121 1703 5174 socium
1756 5138 2078 5180 arcanorum
2120 5131 2376 5184 consilio-

813 5219 931 5257 rum
977 5212 1031 5257 et
1069 5204 1524 5261 deliberationum
1571 5212 1786 5265 ascivit.
1842 5214 1976 5269 Cum
2028 5218 2172 5271 diem
2213 5235 2375 5273 suum

815 5296 1072 5351 obiturus
1104 5307 1273 5359 esset,
1306 5302 1375 5353 ab
1400 5304 1655 5357 omnibus
1701 5309 2063 5376 syngrapham
2112 5312 2287 5379 petiit,
2322 5314 2375 5365 in

815 5402 922 5457 qua
952 5389 1344 5457 pollicerentur
1366 5407 1642 5462 nunquam
1669 5412 1726 5451 se
1753 5407 1949 5466 praeter
1980 5400 2149 5468 ipsius
2177 5402 2375 5457 liberos

811 5481 975 5532 aiium
1005 5484 1387 5551 imperatorem
1414 5497 1800 5556 suscepturos:
1831 5500 1885 5545 et
1917 5507 2107 5549 omnes
2137 5496 2380 5551 subscri-

815 5586 990 5637 psete.
1030 5569 1169 5635 Quin
1203 5574 1366 5626 etiam
1423 5576 1737 5644 imperatrix
1789 5578 2030 5634 Eudocia
2096 5599 2373 5651 nunquam

814 5660 880 5709 ail
947 5661 1173 5713 alterum
1226 5664 1539 5735 coniugium
1596 5682 1655 5721 se
1707 5672 2058 5725 transituram
2104 5675 2371 5741 promisit.

816 5749 1226 5821 Perfectanzque
1256 5757 1427 5823 ipsam
1460 5760 1827 5828 syngrapham
1879 5763 2201 5828 patriarcha:
2259 5782 2373 5821 scrv-

2478 4591 2601 4637 νους
2629 4574 2672 4637 ζ’
2700 4572 2795 4626 καὶ
2827 4572 3000 4641 μῆνας
3026 4571 3104 4636 ἓξ.
3132 4568 3313 4624 Ἦσαν
3357 4571 3415 4623 δὲ
3442 4571 3591 4641 αύτῷ
3634 4576 3821 4639 παῖδες
3846 4576 3905 4641 ἐξ
3944 4579 4045 4630 E5.

2476 4665 2658 4727 δοκίας
2688 4665 2784 4731 τῆς
2818 4661 3104 4730 βασιλίδος,
3134 4661 3200 4729 ῆν
3229 4659 3311 4713 ἔτι
3340 4661 3627 4714 ἰδιωτεύων
3651 4663 3909 4731 ἠγάγετο,
3944 4666 4043 4736 ἀρ.

2478 4761 2630 4827 ρενες
2662 4756 2759 4824 μὲν
2780 4756 2951 4822 τρεῖς,
2970 4752 3209 4821 Μιχαὴλ,
3239 4752 3571 4822 Ἀνδρόνικος
3624 4755 3721 4806 καὶ
3755 4756 4043 4809 Κωνσταν-

2478 4852 2620 4911 τίνος
2643 4847 2881 4917 (τούτων
2910 4843 3416 4914 πορφυρογέννητος
3458 4840 3525 4914 ἦν
3552 4847 3579 4898 ό
3617 4847 4039 4913 Κωνσταντῖνος,

2480 4945 2685 5005 πάντας
2714 4942 2768 4994 δὲ
2810 4940 3050 5010 βασιλεῖς
3094 4940 3483 5009 ἀνηγόρευσε)’
3520 4938 3728 5007 θήλειαι
3764 4940 3820 4993 δὲ
3857 4945 4004 5009 τρεῖς
4026 4981 4040 5004 ,

2483 5037 2650 5086 ’Ἄννα
2666 5050 2725 5085 τε
2756 5035 2847 5085 καὶ
2879 5031 3149 5101 Θεοδώρα,
3180 5034 3273 5084 καὶ
3291 5030 3433 5099 Ζωή.
3469 5031 3716 5101 Καίσαρα
3740 5033 3796 5085 δὲ
3830 5034 3920 5085 τὸν
3949 5035 4043 5087 αύ-

2478 5127 2568 5179 τοῦ
2592 5127 2813 5193 ἀδελφὺν
2851 5125 3100 5190 Ἰωάννην
3134 5124 3620 5193 προχειρισάμενος
3644 5125 3895 5177 κοινωνὸν
3920 5126 4043 5193 βου-

2479 5217 2761 5286 λευμάτων
2830 5215 3217 5283 μυστηριωδῶν
3269 5215 3361 5266 καλ⁵
3416 5216 3749 5283 σκεμμάτων
3813 5217 4037 5269 ἐτίθετο.

2478 5310 2701 5362 Μέλλων
2737 5307 2790 5359 δε
2832 5305 3087 5373 τελευτᾷν
3120 5304 3393 5371 ἔγγραφον
3420 5304 3697 5374 ἀπῄτησεν
3726 5307 3789 5357 ἐκ
3825 5307 4041 5358 πάντων

2477 5404 2551 5466 ὡς
2599 5403 2698 5454 οὐκ
2740 5401 2804 5453 ἄν
2849 5414 2988 5453 ποτεῖ
3025 5398 3173 5466 παρὰ
3221 5399 3346 5460 τοὺς
3388 5397 3553 5450 αὐτοῦ
3602 5399 3793 5461 παῖδας
3821 5399 4042 5467 βασιλέα

2443 5496 2661 5563 ’ἕτερον
2717 5492 2993 5554 δέξαιντο·
3051 5493 3109 5543 ἐν
3165 5483 3211 5557 ᾧ
3272 5490 3704 5560 ωθυπέγραψαν
3769 5494 4039 5555 ἅπαντες,

2476 5586 2595 5653 ἅμα
2622 5584 2725 5653 μὴν
2754 5583 2847 5634 καὶ
2870 5583 2902 5651 ὴ
2931 5582 3138 5651 βασιλὶς
3171 5581 3399 5633 Εύδοκια
3432 5582 3506 5644 ὡς
3534 5585 3634 5635 οὐκ
3662 5583 3729 5637 ἂν
3754 5584 3873 5636 οὐδὲ
3902 5586 4040 5651 αὐτὴ

2476 5676 2612 5745 πρὸς
2662 5674 2911 5743 δεύτερον
2952 5673 3239 5741 ὲλεύσηται
3285 5675 3639 5738 συνοικέσιον,
3689 5678 3778 5726 καὶ
3810 5678 4044 5743 ἀπαρτι-

2482 5768 2606 5820 σθὲν
2636 5766 2711 5835 τῷ
2742 5766 3056 5836 πατριάρχη
3085 5766 3368 5833 φυλάττειν
3401 5764 3714 5818 δεδώκασιν.
3754 5766 3913 5818 Ὅθεν
3951 5766 4041 5819 καὶ
