4424 6450
338 385 443 445 380

1794 376 2177 435 HISTORIA.

3472 382 3576 445 390

338 496 486 567 παρὰ
536 496 601 563 τῇ
648 491 867 561 γυναικὶ
901 490 993 543 καὶ
1028 488 1258 559 βασιλίδι
1300 488 1365 540 τὰ
1406 487 1579 539 πάντα
1617 485 1905 553 πεποίηκε,
1937 490 1987 549 Α
2015 502 2085 538 val

1827 502 1905 547 κε,
1937 488 2239 549 Avalttlant
2291 488 2578 543 tradidere.
2630 487 2812 552 Quare
2868 498 2920 544 ct
2969 492 3100 547 dum
3150 507 3288 547 uxor
3342 503 3397 549 et
3445 496 3574 551 dum

340 586 760 657 σωφρονεστάτῃ
804 601 862 636 τε
910 581 1238 652 νομιζομένῃ
1285 579 1472 647 τάνδρὶ
1506 578 1601 631 καὶ
1632 578 1911 647 παιδοτρι-

336 680 496 749 ϐἧναι
543 676 917 748 ἀκριόεστάτῃ
963 676 1058 725 καὶ
1113 675 1248 743 πρὸς
1302 672 1362 725 τὸ
1405 671 1476 723 τὰ
1518 670 1668 723 κοινά
1691 670 1912 722 διοικεῖν

338 768 668 839 ἱκανωτάτη.
701 767 938 836 τελευτᾴ
972 765 1027 817 δὲ
1060 767 1154 818 καὶ
1177 765 1205 815 ὁ
1228 762 1481 833 βασιλεὺς
1505 762 1641 814 ὲτῶν
1671 762 1746 814 ὢν
1782 762 1910 829 est)»

335 876 503 912 κοντα
556 861 653 911 καὶ⁸
700 857 897 927 μικρόν
929 873 979 909 τι
1013 857 1169 925 πρός.
1218 854 1433 908 Είθιστο
1469 854 1524 906 δὲ
1562 853 1740 921 λέγειν
1787 850 1915 920 περὶ

335 952 449 1004 τῶν
480 948 939 1002 ἐπιϐουλευόντων
963 946 1112 1016 αὐτῷ
1145 947 1219 1008 ὼς
1244 946 1408 1015 τιμῆς
1445 946 1541 1014 μὲν
1572 947 1663 996 καὶ
1692 942 1912 1012 χρημάο

338 1060 450 1094 των
480 1042 579 1092 οὐκ
607 1041 975 1111 ἀποστερήσει
1005 1037 1248 1100 τούτους,
1284 1036 1397 1089 ἀντ’
1429 1035 1728 1103 ἐλευθέρων
1754 1034 1807 1084 δὲ
1840 1032 1915 1094 ὡς

337 1132 744 1202 ἀργυρωνήτων
796 1129 1098 1199 ὲχρήσατο’
1155 1145 1173 1178 ι
1224 1127 1547 1195 Ἀφειλόμην
1580 1125 1635 1177 δὲ
1669 1125 1767 1176 οὐκ
1808 1123 1915 1191 ἐγὼ

340 1226 442 1291 τὴν
494 1222 808 1285 ἐλευθερίαν
861 1219 1079 1283 αὐτοὺς,
1132 1219 1246 1271 ἀλλ’
1299 1221 1347 1271 oi
1400 1218 1553 1287 νόμοι
1605 1216 1915 1278 ἐκπτώτους

337 1317 438 1383 τῆς
471 1313 742 1375 πολιτείας
789 1312 1133 1381 ποιήσαντες.
1171 1329 1189 1361 ι
1225 1312 1349 1372 Τοῖς
1392 1309 1449 1362 δὲ
1496 1309 1672 1376 λόγοις
1714 1307 1915 1377 ἐξόχως

340 1404 757 1475 προσκείμενος,
789 1422 807 1455 ι
834 1403 1082 1471 Ὄφελον,
1102 1402 1304 1469 ἔλεγεν,
1326 1403 1388 1452 ὲκ
1413 1400 1616 1452 τούτων
1646 1402 1677 1469 ἢ
1707 1401 1800 1468 τῆς
1820 1398 1916 1468 βα-

347 1498 551 1558 σιλείας
602 1496 1000 1566 ὲγνωριζόμην.
1048 1512 1065 1545 ι
1119 1494 1157 1545 Γ
1163 1494 1367 1553 εκιναῖος
1402 1491 1459 1543 δὲ
1504 1490 1578 1543 ὣν
1612 1490 1707 1560 τὴν
1740 1492 1917 1559 ψυχὴν

344 1588 478 1653 πρός
523 1603 642 1639 τινα
683 1585 941 1654 εἰρηκότα
974 1581 1049 1645 ὡς
1084 1581 1247 1643 αὐτὸς
1281 1580 1346 1632 ἂν
1386 1581 1556 1650 ἡδέως
1613 1580 1917 1648 μαχόμενος

343 1678 554 1729 ἐκείνου
584 1677 645 1727 τὸ
682 1675 813 1727 ίδιον
843 1674 1001 1741 σῶμα
1028 1673 1372 1742 προδάλοιτο,
1412 1691 1429 1723 ι
1471 1672 1739 1738 Εὐφήμει,
1772 1664 1914 1732 εἷπε,

343 1770 440 1820 καὶ
488 1771 537 1820 εί
586 1766 794 1835 βούλοιό
846 1783 910 1834 γε
955 1768 1172 1819 πεσόντι
1233 1768 1524 1830 ἐπένεγκαι
1563 1763 1773 1832 πληγὴν
1824 1762 1917 1813 καὶ

2013 579 2259 648 Augusta
2296 578 2418 640 fuit,
2446 581 2628 634 omnia
2662 580 2735 634 ita
2768 579 2895 635 fecit
2924 592 2983 637 ut
3014 590 3068 638 et
3101 584 3220 638 viro
3266 585 3579 641 castissima

2016 678 2072 723 et
2114 669 2166 722 in
2201 668 2555 724 instituendis
2610 671 2801 726 liberis
2841 671 3262 743 diligentissima
3296 684 3351 729 et
3399 677 3454 730 in
3486 679 3585 730 adn

2015 760 2379 813 ministranda
2430 762 2708 828 republica
2756 764 2992 815 maxime
3032 762 3226 817 idonea
3264 764 3577 820 haberetur.

2018 851 2245 904 Moritur
2280 851 2578 918 imperator
2610 867 2781 908 annos
2821 854 2987 924 660
3019 862 3183 910 natus
3213 858 3497 925 sexaginta
3527 868 3581 912 et

2015 938 2178 1004 paulo
2230 936 2489 1004 amplius.
2550 938 2922 994 Consueverat
2986 950 3167 996 autem
3205 944 3388 999 dicere
3417 946 3484 999 de
3516 949 3582 1001 iis

2016 1028 2108 1097 qui
2151 1029 2252 1082 sibi
2282 1030 2703 1092 insidiarentur,
2740 1046 2797 1085 se
2828 1031 3031 1088 honore
3055 1043 3107 1087 et
3136 1037 3384 1103 pecuniis
3414 1038 3584 1092 haud-

2017 1135 2290 1187 quaquam
2324 1138 2417 1176 ees
2468 1124 2834 1191 privaturum,
2869 1126 2962 1177 sed
2998 1133 3056 1178 ut
3081 1128 3310 1195 captivis
3354 1141 3585 1198 argento

2016 1212 2217 1277 emptis
2251 1225 2501 1271 usurum,
2531 1227 2636 1263 non
2665 1221 2845 1265 autem
2879 1226 2976 1266 eos
3006 1221 3066 1266 ut
3097 1214 3297 1270 liberos
3332 1217 3583 1271 homines

2018 1300 2328 1352 habiturum
2365 1317 2378 1351 :
2418 1318 2435 1350 ι
2476 1302 2663 1356 Adetni
2702 1311 2907 1369 autem,
2940 1306 3139 1370 aiebat,
3174 1320 3280 1359 non
3315 1321 3416 1377 ego
3451 1311 3585 1379 ipsis

2018 1392 2350 1451 libertatem,
2391 1392 2483 1445 sed
2546 1393 2711 1462 leges,
2786 1410 2908 1462 qua:
2957 1394 3079 1464 jure
3126 1397 3370 1452 civitatis
3437 1400 3586 1467 ipsos

2016 1484 2268 1536 excidere
2299 1482 2563 1536 fecerunt.
2592 1501 2611 1533 ι
2643 1483 2953 1554 Disciplinis
2974 1488 3174 1543 eximie
3203 1488 3441 1553 deditus,
3471 1491 3585 1543 aie-

2017 1572 2129 1633 bat,
2169 1592 2186 1623 ‹
2235 1573 2450 1627 Utinam
2475 1589 2537 1628 ex
2563 1575 2629 1628 iis
2650 1576 2832 1643 potius
2848 1591 3009 1644 quam
3039 1595 3102 1633 cx
3135 1580 3365 1649 imperio
3388 1596 3589 1650 cogno-

2019 1678 2221 1718 scerer.
2263 1685 2279 1715 ι
2317 1667 2562 1735 Cumque
2591 1669 2701 1721 alto
2730 1670 2913 1721 animo
2930 1680 3096 1733 esset,
3122 1672 3338 1725 cuidam
3358 1670 3453 1739 qui
3482 1671 3587 1724 sibi

2018 1757 2225 1810 dixerat
2282 1773 2340 1812 se
2387 1759 2622 1812 libenter
2676 1770 3005 1829 pugnantem
3047 1765 3327 1832 pr0prium
3386 1778 3589 1833 corpus

344 1860 525 1921 αὐτός.
563 1827 596 1911 ι.
616 1860 758 1930 Πρὸς
780 1859 836 1912 δὲ
855 1827 946 1911 τὸν
974 1860 1097 1921 τοὺς
1122 1860 1316 1927 νόμους
1345 1827 1800 1925 ἐξακριὸοὐμενον
1825 1855 1916 1906 ἐπὶ
1948 1827 1989 1883 Β
2021 1863 2091 1916 pl‘l

1840 1855 1916 1906 mi.
1948 1827 1989 1883 Β
2021 1863 2116 1916 pro
2143 1848 2233 1901 illo
2251 1848 2579 1914 oblaturum,
2604 1869 2622 1901 ι
2666 1827 2905 1917 Meliora,
2940 1827 3419 1923 inqriitiloquere,
3453 1827 3516 1907 εἰς
3542 1854 3587 1907 si

343 1952 418 2018 τῷ
451 1950 731 2020 βούλεσθαι
757 1951 984 2015 ἀδικεῖν,
1018 1968 1035 2000 ι
1059 1943 1241 2012 Οὗτοι,
1274 1947 1494 2016 ἔφησεν,
1521 1948 1569 1998 οί
1601 1947 1750 2015 νόμοι
1770 1945 1915 2016 ἡμᾶς

346 2042 745 2097 ἀπολωλέκασι.
792 2060 810 2092 ο

418 2312 695 2380 Κατέσχον
723 2310 778 2362 δὲ
826 2309 896 2362 τά
927 2325 1178 2379 σκηπτρα
1209 2309 1306 2376 τῆς
1354 2306 1625 2377 βασιλείας
1664 2307 1697 2376 ἦ
1738 2323 1794 2359 τε
1826 2305 1919 2357 σύ-

350 2406 510 2470 ζυγος
538 2401 701 2453 αὐτοῦ
732 2402 826 2452 καὶ
873 2402 923 2452 οἱ
959 2400 1169 2462 παῖδες.
1213 2402 1273 2452 Oi
1305 2400 1360 2450 δὲ
1392 2404 1491 2466 τὴν
1539 2398 1712 2466 Ἐᾡαν
1748 2414 1921 2449 κατα-

348 2496 632 2561 τρέχοντες
682 2492 915 2559 Τοῦρκοι
948 2492 1107 2542 πάλιν
1136 2492 1245 2551 τοῖς
1293 2490 1421 2557 περὶ
1471 2487 1568 2557 τὴν
1600 2490 1916 2541 Μεσοποτα·

358 2584 483 2649 μίαν
534 2580 851 2650 ἐφήδρευον,
883 2581 978 2633 καὶ
1025 2580 1258 2649 μάλιστα
1303 2582 1412 2642 τοῖς
1440 2581 1569 2647 περὶ
1616 2580 1920 2649 Μελιτηνὴν

352 2673 937 2743 ἐστρατοπεδευμένοις
970 2673 1293 2742 Ῥωμαϊκοῖς
1320 2673 1740 2741 στρατεύμασιν,
1765 2674 1881 2723 οῖπε
1892 2690 1923 2743 ρ

353 2764 445 2816 τοῦ
474 2764 786 2833 όψωνισμοῦ
827 2764 1175 2832 ὲνδεήσαντες
1228 2764 1457 2814 καὶτῶν
1499 2766 1743 2833 συνήθως
1778 2780 1921 2831 παρ-

356 2857 627 2923 εχομένων
654 2855 834 2915 αὐτοῖς
850 2854 1171 2923 σιτηρεσίων
1190 2854 1536 2923 στερούμενοι
1564 2856 1752 2915 ἐνδεῶς
1781 2852 1922 2923 εἶχον

358 2948 450 2997 καὶ
491 2946 784 3009 ταπεινῶς,
823 2945 958 3015 πρὸς
989 2945 1195 3005 τούτοις
1225 2945 1279 2996 δὲ
1315 2948 1406 2997 καὶ
1436 2946 1668 3014 ὀργίλως
1715 2946 1801 2998 διὰ
1827 2948 1923 3014 τήν

356 3038 583 3100 ἔνδειαν,
620 3036 711 3088 καὶ
750 3029 831 3104 ’μή
878 3040 989 3097 τοῖς
1030 3036 1301 3103 ἱθαγενέσι
1341 3036 1695 3105 στρατιώταις
1743 3036 1925 3105 βούλε-

2019 1954 2103 1993 me
2128 1941 2337 2007 lapsum
2375 1940 2592 2006 videris,
2614 1941 2839 2010 ipsemet
2866 1945 2997 1998 mihi
3030 1945 3235 2014 plagam
3260 1944 3419 2000 infer.
3454 1962 3473 1997 ι
3504 1945 3587 1996 A-l

2017 2044 2140 2083 eum
2173 2030 2263 2099 qui
2297 2029 2543 2085 studiose
2574 2030 2718 2100 leges
2751 2032 3065 2101 inquirebat
3121 2043 3408 2103 propterea
3438 2034 3585 2103 quod

2019 2136 2247 2190 peccare
2306 2131 2552 2192 cuperet,
2616 2122 2770 2186 dixit,
2811 2142 2829 2174 ι
2879 2124 2999 2178 Ista:
3068 2140 3170 2179 nos
3219 2126 3363 2195 leges
3403 2126 3586 2194 perdi-

2017 2213 2164 2269 dere.
2207 2232 2226 2265 ι

2089 2302 2386 2358 Obtinuere
2417 2312 2598 2358 autem
2626 2304 2839 2375 imperii
2872 2313 3087 2374 sceptra
3107 2315 3158 2360 et
3179 2306 3381 2376 conjux
3414 2307 3587 2375 ipsius

2021 2406 2074 2454 et
2108 2397 2287 2454 liberi.
2324 2398 2486 2453 Turci
2530 2414 2656 2453 vero
2684 2398 2923 2454 Orientis
2963 2400 3236 2470 regionem
3262 2414 3589 2470 percurren-

2024 2499 2105 2544 tes
2160 2504 2355 2544 rnrsus
2390 2505 2485 2544 eas
2518 2490 2889 2544 Romanorum
2923 2494 3112 2561 c0pias
3146 2507 3265 2561 qua:
3299 2492 3365 2545 ad
3412 2491 3590 2548 Mestr-

2024 2582 2315 2650 potamiam
2340 2590 2519 2645 erant,
2557 2582 2649 2637 sed
2671 2583 2904 2636 maxime
2927 2598 3018 2638 eas
3035 2598 3156 2653 quae
3186 2585 3250 2637 ad
3280 2583 3587 2639 Melitenem

2024 2682 2203 2727 castra
2260 2684 2581 2742 posuerunt,
2642 2674 3010 2739 obsidebant;
3079 2692 3200 2746 quae
3250 2685 3590 2732 commeatus

2025 2767 2350 2831 indigentes.
2382 2774 2433 2819 ct
2468 2767 2533 2820 iis
2576 2766 2715 2821 cibis
2756 2767 2845 2833 qui
2891 2768 2992 2821 sibi
3039 2767 3350 2837 frequenter
3391 2783 3593 2839 suppe-

2023 2858 2184 2910 ditari
2210 2868 2608 2911 consueverant
2650 2860 2871 2927 privati,
2900 2860 3083 2928 inopia
3132 2860 3592 2916 conﬂictabantur

2025 2962 2087 3000 ac
2122 2950 2316 3000 misere
2376 2946 2665 3015 degebant.
2728 2948 2805 2999 Ad
2843 2947 2955 3000 haec
2990 2948 3114 3001 irati
3162 2950 3232 3002 ob
3274 2966 3457 3003 rerum
3511 2950 3598 3003 in-

2027 3040 2205 3105 Opiam
2246 3053 2370 3090 cum
2406 3038 2675 3107 indigenis
2712 3036 2975 3091 militibus
3011 3039 3267 3108 conjungi
3293 3054 3354 3093 ac
3375 3037 3596 3093 ﬂuvium

358 3130 480 3177 σθαι
507 3126 781 3177 συνελθεῖν
802 3126 895 3177 καὶ¹
922 3126 1013 3176 τὸν
1037 3126 1325 3193 Εὐφράτην
1354 3129 1449 3176 σὺν
1476 3128 1655 3187 αὐτοῖς
1686 3125 1922 3195 περαιώ-
1949 3150 1993 3207 C
2034 3128 2105 3181 Eu

1848 3125 1922 3178 ,ὠ-
1949 3150 1993 3207 C
2034 3128 2357 3197 Euphratem
2392 3143 2513 3180 cum
2554 3129 2686 3195 ipsis
2717 3130 2952 3181 transire
2982 3130 3255 3183 nolebant.
3288 3129 3595 3184 Advenien-

361 3218 578 3269 σασθαι.
626 3217 1036 3284 Ἐπερχομένων
1067 3211 1158 3268 οὖν
1206 3216 1313 3267 τῶν
1354 3217 1633 3288 Τούρκων,
1674 3217 1825 3284 μόνοι
1874 3220 1924 3269 oi.

358 3308 650 3376 Μελιτηνοὶ
672 3306 1020 3367 ἀντιστάντες
1043 3306 1175 3375 ἄτερ
1203 3305 1380 3357 αὐτῶν
1400 3308 1653 3376 εὐμαρῶς
1687 3309 1791 3359 ὐπὸ
1817 3309 1923 3359 τῶν

360 3399 661 3468 Βαρϐάρων
706 3396 781 3458 ὡς
835 3396 1111 3463 ἑκηϐόλων
1159 3398 1507 3462 ἐλυμαίνοντο
1556 3399 1649 3449 καὶ
1714 3414 1927 3450 κατετι-

359 3490 688 3559 τρὼσκοντο,
731 3487 958 3541 ἀπαθῶν
987 3487 1163 3539 αὐτῶν
1191 3486 1573 3550 διανιενόντων,
1622 3487 1727 3550 ἕως
1759 3492 1929 3555 ἀναγ-

361 3582 650 3643 κασθέντες
679 3580 764 3651 [Ρ.
798 3578 923 3648 819]
969 3580 1050 3640 είς
1103 3576 1195 3628 τῖον
1234 3576 1475 3644 ποταμόν
1505 3594 1563 3628 τε
1608 3577 1806 3644 ἔφυγον
1838 3581 1927 3631 καὶ

361 3671 499 3739 πρὸς
537 3672 719 3741 μάχην
756 3670 854 3722 καὶ
886 3671 1111 3731 ἄκοντες
1162 3667 1395 3736 ἔστησαν
1434 3667 1527 3719 καὶ
1574 3668 1716 3720 νῶτα
1746 3669 1925 3721 δοῦναι

364 3760 828 3828 παρεδιάσθησαψ
851 3762 945 3812 καὶ
968 3756 1177 3827 τροπῆς
1197 3758 1495 3826 γενομένης
1524 3756 1718 3810 ἔπεσον
1748 3762 1929 3828 συχνοὶ

364 3848 423 3912 ἐξ
443 3848 649 3911 αὐτῶν,
682 3849 823 3911 τινὲς
864 3848 922 3901 δὲ
963 3847 1057 3901 καὶ
1092 3846 1324 3918 ζωγρίαι
1354 3847 1456 3899 ὐπὸ
1489 3849 1597 3899 τῶν
1632 3849 1929 3918 Βαρϐάρων

362 3936 694 4008 ἐλήφθησαν.
746 3940 809 3991 0t
859 3938 916 3991 δὲ
962 3932 1143 3992 λοιποῖ
1189 3939 1267 4010 τῷ
1297 3939 1450 3993 άστει
1495 3940 1591 4009 τῆς
1623 3940 1929 4009 Μελιτηνῆς

365 4029 722 4097 άνεδύθησαν.
784 4029 1287 4099 Περιφρονήσαντες
1334 4030 1389 4082 δὲ
1439 4030 1661 4094 τούτους
1705 4032 1754 4083 οἱ
1788 4031 1927 4101 Βάρ-

367 4121 522 4188 6αροι
576 4122 647 4184 ὡς
679 4122 779 4192 ήδη
812 4121 1288 4191 καταστραφέντας
1329 4123 1420 4173 καὶ
1466 4122 1710 4185 ἀσθενεῖς
1741 4124 1928 4193 ὲκτρέο

367 4228 553 4279 χουσιν
587 4211 717 4280 άχρι
762 4212 1117 4282 Καισαρείας,
1154 4212 1599 4281 καταληῖζόμενοι
1632 4215 1810 4265 πάντα
1842 4218 1931 4267 καὶ

370 4305 838 4373 καταστρέφοντες
867 4306 961 4355 καὶ
1011 4305 1120 4374 πῦρ
1154 4305 1333 4368 αὐτοῖς
1367 4306 1789 4368 ὐπανάπτοντες.
1825 4306 1933 4359 Καὶ

366 4397 443 4462 τῷ
502 4394 658 4464 σηκῷ
702 4394 796 4447 τοῦ
830 4395 1064 4463 μεγάλου
1107 4396 1199 4447 καὶ
1247 4397 1596 4467 περιωνύμου
1652 4395 1930 4449 Βασ.λείου

2032 3219 2179 3274 tibus
2215 3219 2381 3288 igitur
2412 3218 2632 3286 Turcis,
2663 3234 2785 3272 cum
2824 3220 2923 3273 soli
2976 3218 3212 3273 Meliteni
3263 3221 3597 3277 restitissent

2031 3310 2147 3363 sine
2199 3310 2353 3380 ipsis,
2402 3310 2558 3364 facile
2602 3326 2629 3363 a
2679 3309 2936 3364 Barbaris
2995 3312 3185 3381 procul
3223 3312 3599 3379 iaculantibus

2035 3400 2372 3454 lwdebantur
2398 3409 2451 3453 et
2486 3402 2717 3454 vulnera
2760 3402 3126 3470 accipiebant,
3156 3402 3314 3473 661
3348 3417 3471 3457 cum
3518 3404 3597 3457 illi

2036 3488 2168 3541 nihil
2203 3490 2511 3542 detrimenti
2551 3490 2883 3557 acciperent,
2926 3490 3108 3558 quoad
3165 3491 3338 3545 coacti
3387 3490 3453 3544 ad
3498 3489 3600 3543 ﬂu-

2034 3580 2180 3631 vium
2234 3578 2515 3649 fugernnt,
2552 3591 2605 3634 et
2657 3581 2722 3632 ad
2763 3581 3113 3648 pugnandum
3162 3584 3462 3638 constitere
3514 3583 3602 3637 vel

2034 3670 2210 3734 inviti,
2248 3679 2301 3723 et
2358 3682 2505 3739 terga
2558 3671 2689 3723 dare
2727 3673 2777 3723 vi
2830 3671 3098 3741 compulsi
3151 3681 3298 3727 sunt.
3354 3673 3602 3744 Cumque

2037 3761 2275 3828 superati
2314 3769 2517 3822 essent,
2555 3760 2713 3814 multi
2745 3775 2811 3814 ex
2847 3761 2983 3830 ipsis
3012 3762 3291 3825 cecidere,
3317 3764 3535 3832 quidam
3568 3779 3597 3817 a

2036 3850 2293 3905 Barbaris
2340 3851 2445 3903 vivi
2502 3852 2667 3920 capti,
2705 3851 2898 3919 reliqui
2947 3852 3001 3906 in
3046 3852 3234 3908 urbem
3290 3852 3600 3910 Melitenen:

2038 3957 2097 3996 se
2152 3942 2457 3995 incolumes
2516 3952 2878 4011 receperunt;
2921 3958 3061 4010 quos
3142 3943 3363 3997 Barbari
3410 3954 3601 3999 conte-

2038 4041 2287 4085 mnentes
2314 4031 2474 4085 veluti
2515 4032 2809 4088 debellatos
2853 4041 2906 4086 et
2932 4032 3252 4099 imbecilles,
3281 4044 3605 4103 percurrunt

2036 4135 2213 4188 usque
2252 4120 2319 4173 ad
2351 4120 2666 4175 Caesaream
2698 4122 2882 4176 omnia
2912 4123 3236 4193 diripientes
3264 4132 3320 4178 et
3346 4134 3597 4179 everten-

2038 4219 2119 4263 tes
2150 4218 2313 4278 atque
2345 4210 2466 4279 igne
2490 4225 2756 4266 succenso
2786 4223 3114 4267 cremantes.
3142 4213 3351 4282 lmpetu
3382 4229 3601 4284 quoque

2038 4298 2255 4355 factoin
2283 4300 2466 4370 magni
2501 4314 2566 4354 ac
2592 4302 2930 4356 celeberrimi
2964 4301 3153 4357 Basilii
3186 4305 3446 4372 templum
3478 4319 3601 4359 om-

2041 4392 2129 4444 nia
2158 4392 2458 4445 incendunt
2495 4400 2549 4446 et
2589 4406 2745 4446 sacra
2797 4392 3101 4461 diripiunt;
3147 4404 3202 4447 et
3236 4396 3604 4463 irrumpentes

367 4486 798 4554 εἰσπηδήσαντες
826 4486 1012 4559 δῃοῦσι
1055 4486 1153 4555 μὲν
1181 4486 1397 4540 ἅπαντα
1427 4488 1521 4540 καὶ
1549 4488 1617 4541 τὰ
1646 4488 1765 4557 ἱερά
1796 4487 1934 4540 καθ·
1967 4488 2011 4542 D
2045 4485 2114 4553 ips

1856 4487 1934 4540 ιθ-
1967 4488 2011 4542 D
2045 4485 2215 4553 ipsius
2271 4485 2449 4538 sancti
2507 4485 2854 4553 sepulchrum
2915 4484 3120 4538 sanctis
3173 4486 3293 4554 ejus
3354 4486 3603 4556 reliquiis

367 4576 695 4645 αρπάζουσι,
726 4579 1125 4648 προσραγέντες
1149 4577 1205 4630 δὲ
1247 4579 1340 4630 καὶ
1367 4581 1432 4649 τῇ
1481 4579 1575 4631 τοῦ
1608 4580 1761 4645 ἁγίου
1793 4580 1934 4650 σορῷ

365 4665 443 4734 τῷ
481 4666 623 4733 άγίῳ
654 4666 818 4718 αὐτοῦ
850 4668 1087 4737 λειψάνῳ
1119 4668 1314 4737 δρᾶσαί
1343 4685 1395 4720 τι
1429 4669 1662 4739 πονηρὸν
1685 4669 1934 4739 οὐδαμῶς

368 4756 746 4826 ἠδυνήθησαν·
800 4760 1312 4827 προκατησφάλιστο
1366 4761 1474 4831 γὰρ
1505 4763 1601 4814 καὶ
1638 4762 1936 4832 περιεδεδό-

373 4864 511 4913 μητο
542 4847 836 4915 κτίσμασιν
877 4847 1087 4918 ὀχυροῖς
1124 4848 1229 4919 [οὐ]
1272 4849 1464 4919 χρόνου
1501 4850 1770 4920 δεομένοις
1805 4851 1935 4901 πολ-

368 4936 461 4989 λοῦ
495 4938 633 5006 πρὸς
669 4937 1004 5007 καθαίρεσιν.
1037 4939 1116 4990 Τὰ
1144 4940 1200 4991 δὲ
1230 4942 1327 5003 τὰς
1353 4940 1489 5002 ὀπὰς
1523 4942 1936 5011 περιστέλλοντα

371 5029 586 5099 θυρίδια
622 5029 803 5097 χρυσῷ
837 5030 927 5081 καὶ
960 5031 1265 5101 μαργάροις
1299 5032 1692 5101 ἐξειργασμένα
1731 5034 1820 5085 καὶ
1859 5033 1937 5083 λί-

369 5120 480 5181 θοις
510 5120 821 5189 ἐξαίρουσι,
867 5123 959 5172 καὶ
988 5123 1078 5175 τὸν
1107 5123 1227 5174 ὅλον
1266 5124 1467 5191 κόσμον
1495 5122 1628 5191 ὁμοῦ
1659 5126 1937 5193 συμφορή-

369 5225 563 5274 σαντες
616 5213 857 5281 αῐρουσιν
909 5213 1139 5274 ἐκεῖθεν,
1187 5215 1515 5283 παραδόντες
1568 5215 1793 5277 πολλοὺς
1832 5215 1937 5268 τῶν

368 5304 695 5373 Καισαρέων
762 5309 943 5375 σφαγῇ
1005 5305 1099 5358 καὶ
1149 5305 1239 5356 τὸν
1295 5306 1423 5359 ναὸν
1481 5308 1931 5376 καταχράναντες.

369 5396 646 5448 Κάκεῖθεν
687 5398 1125 5466 ὑποστρέψαντες
1163 5397 1466 5469 διέρχονται
1514 5398 1637 5461 τοὺς
1669 5401 1746 5461 είς
1791 5400 1938 5449 Κιλι-

365 5490 492 5543 κίαν
530 5487 762 5554 ἄγοντας
820 5492 1148 5553 στενωποὺς,
1211 5491 1435 5559 μηδενὸς
1486 5490 1809 5558 προγνόντος
1841 5489 1938 5558 τὴν

365 5578 574 5633 τούτων
608 5577 817 5646 ἔφοδον,
848 5582 941 5632 καὶ
970 5584 1081 5643 τοῖς
1118 5578 1326 5646 Κίλιξιν
1354 5582 1708 5649 ἐπιφανέντες
1734 5580 1938 5648 ἐκπλή-

367 5688 511 5735 mm;
560 5672 835 5741 ιμφόὸους
873 5673 1218 5742 εἰργάσαντο,
1252 5674 1411 5741 φόνον
1467 5672 1631 5724 πολὺν
1662 5670 1938 5733 ποιοῦντες

367 5763 474 5816 τῶν
524 5763 1022 5833 παρεμπιπτόντων
1083 5764 1286 5825 αὐτοῖς.
1347 5763 1711 5834 Χρονίσαντες
1764 5760 1820 5813 δὲ
1868 5764 1937 5831 τῇ

2036 4574 2171 4627 nihil
2222 4573 2534 4627 detrimenti
2588 4573 2791 4627 inferre
2859 4581 3154 4643 potuerunt
3214 4592 3230 4629 :
3286 4584 3405 4629 erat
3454 4577 3602 4630 enim

2037 4665 2320 4734 diligenter
2354 4665 2757 4733 praemunitum,
2783 4673 2839 4718 et
2865 4666 3072 4718 circum
3112 4672 3319 4720 structa
3348 4670 3600 4734 quaedam

2035 4755 2263 4810 aedilicia
2312 4755 2385 4808 ita
2435 4756 2806 4815 corroborata,
2850 4766 2909 4809 ut
2937 4756 3002 4807 ad
3043 4756 3444 4811 dcmoliendum
3478 4758 3602 4812 diu-

2040 4859 2199 4901 turno
2237 4855 2482 4914 tempore
2518 4846 2843 4915 indigerent.
2873 4844 3026 4899 Ostia
3065 4862 3194 4899 vero
3227 4862 3349 4915 qua:
3372 4846 3602 4901 forami-

2037 4939 2197 4992 nibus
2219 4939 2463 5005 apposita
2490 4937 2724 5001 fuerant,
2753 4952 2887 4990 auro
2913 4946 2967 4991 et
3000 4941 3307 5006 margaritis
3329 4938 3604 4993 elaborata

2039 5029 2404 5097 pretiosisqne
2496 5030 2807 5097 lapidibus,
2896 5028 3186 5095 adimunt;
3238 5030 3604 5100 omnibusque

2038 5120 2267 5172 sublatis
2330 5120 2689 5181 ornamentis,
2744 5118 2869 5171 inde
2921 5119 3360 5187 proﬁciscuntur,
3420 5121 3606 5174 multis

2041 5209 2338 5262 iiiterlertis
2392 5208 2826 5263 Caesariensibus
2896 5211 3205 5279 temploque
3255 5208 3481 5276 polluto.
3543 5209 3607 5262 Et

2042 5303 2165 5357 inde
2197 5303 2398 5355 reversi
2434 5310 2721 5355 transeunt
2771 5316 2867 5369 per
2916 5308 3177 5369 angustas
3213 5300 3331 5353 vias
3377 5301 3447 5353 ad
3476 5297 3607 5352 Cili-

2040 5396 2175 5447 ciam
2220 5394 2500 5453 ducentes,
2554 5394 2628 5446 ita
2677 5402 2736 5446 ut
2776 5407 2932 5447 nemo
2964 5393 3318 5460 praesenserit
3358 5391 3603 5461 ipsorum

2041 5485 2353 5538 adventum.
2411 5488 2659 5553 Cumque
2703 5491 2926 5553 repente
2978 5489 3360 5552 comparentes
3403 5481 3606 5536 Cilicas

2040 5577 2208 5629 multo
2250 5584 2455 5630 terrore
2486 5580 2874 5643 complessent,
2909 5574 3135 5627 multam
3169 5586 3357 5627 eorum
3381 5572 3472 5640 qui
3500 5572 3601 5625 sibi

2040 5677 2395 5721 occurrerent
2441 5668 2641 5720 caadem
2692 5666 2955 5720 fecerunt.
2995 5665 3316 5732 Diutiusque
3380 5664 3433 5716 in
3486 5664 3602 5731 ipsa

2040 5757 2322 5823 provincia
2369 5757 2692 5812 commorati
2732 5772 2858 5811 cum
2897 5770 3017 5812 eam
3054 5762 3367 5820 vexassent,
3414 5754 3603 5822 spoliis
