  <div class='ocr_page' id='page_1' title='image "/cluster/home/n/w/nwhite01/storage/ocr_20150623/122/nnc1.0046979611/202.png"; bbox 0 0 4424 6450; ppageno 0'>
   <div class='ocr_carea' id='block_1_1' title="bbox 322 355 433 420">
    <p class='ocr_par' dir='ltr' id='par_1_1' title="bbox 322 355 433 420">
     <span class='ocr_line' id='line_1_1' title="bbox 322 355 433 420; baseline -0.063 1"><span class='ocrx_word' id='word_1_1' title='bbox 322 355 433 420; x_wconf 74' lang='lat'><strong>393</strong></span> 
     </span>
    </p>
   </div>
   <div class='ocr_carea' id='block_1_2' title="bbox 1753 343 2143 404">
    <p class='ocr_par' dir='ltr' id='par_1_2' title="bbox 1753 343 2143 404">
     <span class='ocr_line' id='line_1_2' title="bbox 1753 343 2143 404; baseline -0.008 -1"><span class='ocrx_word' id='word_1_2' title='bbox 1753 343 2143 404; x_wconf 73' lang='lat' dir='ltr'><strong>lIlSTORlA.</strong></span> 
     </span>
    </p>
   </div>
   <div class='ocr_carea' id='block_1_3' title="bbox 3481 348 3587 408">
    <p class='ocr_par' dir='ltr' id='par_1_3' title="bbox 3481 348 3587 408">
     <span class='ocr_line' id='line_1_3' title="bbox 3481 348 3587 408; baseline 0.009 -1"><span class='ocrx_word' id='word_1_3' title='bbox 3481 348 3587 408; x_wconf 71' lang='grc'><strong>394</strong></span> 
     </span>
    </p>
   </div>
   <div class='ocr_carea' id='block_1_4' title="bbox 324 444 2071 532">
    <p class='ocr_par' dir='ltr' id='par_1_4' title="bbox 324 444 2070 532">
     <span class='ocr_line' id='line_1_4' title="bbox 324 444 2070 532; baseline -0.007 -17"><span class='ocrx_word' id='word_1_4' title='bbox 324 482 417 527; x_wconf 81' lang='grc' dir='ltr'><strong>τος</strong></span> <span class='ocrx_word' id='word_1_5' title='bbox 448 461 594 532; x_wconf 79' lang='grc' dir='ltr'>αύτῷ</span> <span class='ocrx_word' id='word_1_6' title='bbox 612 456 705 516; x_wconf 71' lang='grc' dir='ltr'>τοῦ</span> <span class='ocrx_word' id='word_1_7' title='bbox 731 457 993 531; x_wconf 80' lang='grc' dir='ltr'>βασιλέως</span> <span class='ocrx_word' id='word_1_8' title='bbox 1018 455 1092 519; x_wconf 82' lang='grc' dir='ltr'>ὡς</span> <span class='ocrx_word' id='word_1_9' title='bbox 1124 456 1264 509; x_wconf 66' lang='grc' dir='ltr'>«Οὐκ</span> <span class='ocrx_word' id='word_1_10' title='bbox 1295 453 1425 523; x_wconf 63' lang='grc' dir='ltr'>ἐμὸν</span> <span class='ocrx_word' id='word_1_11' title='bbox 1451 451 1641 520; x_wconf 77' lang='grc' dir='ltr'>δῶρον,</span> <span class='ocrx_word' id='word_1_12' title='bbox 1667 444 1905 519; x_wconf 65' lang='grc' dir='ltr'><strong>ὧΔιό-ίεο</strong></span> <span class='ocrx_word' id='word_1_13' title='bbox 1944 462 1985 513; x_wconf 75' lang='grc' dir='ltr'><strong>Α</strong></span> <span class='ocrx_word' id='word_1_14' title='bbox 2019 454 2070 504; x_wconf 89' lang='lat' dir='ltr'><strong>in</strong></span> 
     </span>
    </p>
   </div>
   <div class='ocr_carea' id='block_1_5' title="bbox 1841 444 3588 532">
    <p class='ocr_par' dir='ltr' id='par_1_5' title="bbox 1841 454 3588 526">
     <span class='ocr_line' id='line_1_5' title="bbox 1841 454 3588 526; baseline 0.005 -21"><span class='ocrx_word' id='word_1_15' title='bbox 1841 470 1905 505; x_wconf 76' lang='grc' dir='ltr'><strong>ἐ’</strong></span> <span class='ocrx_word' id='word_1_16' title='bbox 1944 462 1985 513; x_wconf 72' lang='grc' dir='ltr'><strong>Α</strong></span> <span class='ocrx_word' id='word_1_17' title='bbox 2019 454 2347 518; x_wconf 79' lang='lat' dir='ltr'><strong>imperatore</strong></span> <span class='ocrx_word' id='word_1_18' title='bbox 2376 460 2594 517; x_wconf 86' lang='lat' dir='ltr'><strong>creatus</strong></span> <span class='ocrx_word' id='word_1_19' title='bbox 2646 458 2764 517; x_wconf 86' lang='lat' dir='ltr'><strong>est;</strong></span> <span class='ocrx_word' id='word_1_20' title='bbox 2822 454 2913 523; x_wconf 89' lang='lat' dir='ltr'><strong>qui</strong></span> <span class='ocrx_word' id='word_1_21' title='bbox 2964 454 3185 524; x_wconf 73' lang='lat' dir='ltr'><strong>quidem</strong></span> <span class='ocrx_word' id='word_1_22' title='bbox 3244 456 3290 509; x_wconf 89' lang='lat' dir='ltr'><strong>ei</strong></span> <span class='ocrx_word' id='word_1_23' title='bbox 3326 457 3588 526; x_wconf 73' lang='lat' dir='ltr'><strong>scripsit:</strong></span> 
     </span>
    </p>
   </div>
   <div class='ocr_carea' id='block_1_6' title="bbox 326 544 1905 620">
    <p class='ocr_par' dir='ltr' id='par_1_6' title="bbox 326 544 1905 620">
     <span class='ocr_line' id='line_1_6' title="bbox 326 544 1905 620; baseline -0.009 -12"><span class='ocrx_word' id='word_1_24' title='bbox 326 556 622 618; x_wconf 78' lang='grc' dir='ltr'>νες,τοῦτο.</span> <span class='ocrx_word' id='word_1_25' title='bbox 649 554 784 607; x_wconf 86' lang='grc' dir='ltr'><strong>ἀλλά</strong></span> <span class='ocrx_word' id='word_1_26' title='bbox 805 551 901 620; x_wconf 85' lang='grc' dir='ltr'>τῆς</span> <span class='ocrx_word' id='word_1_27' title='bbox 926 551 1133 611; x_wconf 78' lang='grc' dir='ltr'>οἰκείας</span> <span class='ocrx_word' id='word_1_28' title='bbox 1160 547 1363 617; x_wconf 82' lang='grc' dir='ltr'>ἀρετῆς</span> <span class='ocrx_word' id='word_1_29' title='bbox 1380 546 1473 597; x_wconf 73' lang='grc' dir='ltr'><strong>καὶ</strong></span> <span class='ocrx_word' id='word_1_30' title='bbox 1488 544 1871 612; x_wconf 79' lang='grc' dir='ltr'>ἀνδραγαθίας.</span> <span class='ocrx_word' id='word_1_31' title='bbox 1888 562 1905 593; x_wconf 69' lang='grc' dir='ltr'><strong>ι</strong></span> 
     </span>
    </p>
   </div>
   <div class='ocr_carea' id='block_1_7' title="bbox 325 634 1914 716">
    <p class='ocr_par' dir='ltr' id='par_1_7' title="bbox 325 634 1914 716">
     <span class='ocr_line' id='line_1_7' title="bbox 325 634 1914 716; baseline -0.008 -19"><span class='ocrx_word' id='word_1_32' title='bbox 325 645 633 716; x_wconf 73' lang='grc' dir='ltr'>Διατρίϐων</span> <span class='ocrx_word' id='word_1_33' title='bbox 662 643 717 694; x_wconf 81' lang='grc' dir='ltr'>δὲ</span> <span class='ocrx_word' id='word_1_34' title='bbox 758 642 937 693; x_wconf 80' lang='grc' dir='ltr'>ὲκεῖσε</span> <span class='ocrx_word' id='word_1_35' title='bbox 979 639 1256 709; x_wconf 68' lang='grc' dir='ltr'>ἠϐουλήθη</span> <span class='ocrx_word' id='word_1_36' title='bbox 1293 635 1391 703; x_wconf 85' lang='grc' dir='ltr'><strong>μὲν</strong></span> <span class='ocrx_word' id='word_1_37' title='bbox 1437 636 1669 706; x_wconf 75' lang='grc' dir='ltr'><strong>ἀντᾶραι</strong></span> <span class='ocrx_word' id='word_1_38' title='bbox 1709 634 1783 701; x_wconf 77' lang='grc' dir='ltr'>τῷ</span> <span class='ocrx_word' id='word_1_39' title='bbox 1820 634 1914 702; x_wconf 73' lang='grc' dir='ltr'>βα-</span> 
     </span>
    </p>
   </div>
   <div class='ocr_carea' id='block_1_8' title="bbox 328 724 1915 804">
    <p class='ocr_par' dir='ltr' id='par_1_8' title="bbox 328 724 1915 804">
     <span class='ocr_line' id='line_1_8' title="bbox 328 724 1915 804; baseline -0.009 -13"><span class='ocrx_word' id='word_1_40' title='bbox 328 741 489 803; x_wconf 87' lang='grc' dir='ltr'>σιλεῖ,</span> <span class='ocrx_word' id='word_1_41' title='bbox 518 737 656 790; x_wconf 85' lang='grc' dir='ltr'><strong>ἀλλά</strong></span> <span class='ocrx_word' id='word_1_42' title='bbox 686 736 746 787; x_wconf 75' lang='grc' dir='ltr'><strong>τὸ</strong></span> <span class='ocrx_word' id='word_1_43' title='bbox 791 733 1166 804; x_wconf 83' lang='grc' dir='ltr'><strong>μελετώμενον</strong></span> <span class='ocrx_word' id='word_1_44' title='bbox 1211 730 1292 791; x_wconf 90' lang='grc' dir='ltr'>εἰς</span> <span class='ocrx_word' id='word_1_45' title='bbox 1326 729 1440 795; x_wconf 78' lang='grc' dir='ltr'><strong>φῶς</strong></span> <span class='ocrx_word' id='word_1_46' title='bbox 1470 729 1699 794; x_wconf 83' lang='grc' dir='ltr'>ἀγαγεῖν</span> <span class='ocrx_word' id='word_1_47' title='bbox 1728 724 1915 787; x_wconf 83' lang='grc' dir='ltr'>δεδιὼς</span> 
     </span>
    </p>
   </div>
   <div class='ocr_carea' id='block_1_9' title="bbox 324 816 1910 899">
    <p class='ocr_par' dir='ltr' id='par_1_9' title="bbox 324 816 1910 899">
     <span class='ocr_line' id='line_1_9' title="bbox 324 816 1910 899; baseline -0.009 -19"><span class='ocrx_word' id='word_1_48' title='bbox 324 829 417 899; x_wconf 74' lang='grc' dir='ltr'><strong>ἦν.</strong></span> <span class='ocrx_word' id='word_1_49' title='bbox 444 830 632 897; x_wconf 86' lang='grc' dir='ltr'>Ὅμως</span> <span class='ocrx_word' id='word_1_50' title='bbox 660 826 847 894; x_wconf 83' lang='grc' dir='ltr'>ἐπειδὴ</span> <span class='ocrx_word' id='word_1_51' title='bbox 879 826 906 876; x_wconf 89' lang='grc' dir='ltr'>ὁ</span> <span class='ocrx_word' id='word_1_52' title='bbox 940 821 1191 891; x_wconf 81' lang='grc' dir='ltr'>βασιλεὺς</span> <span class='ocrx_word' id='word_1_53' title='bbox 1221 820 1370 887; x_wconf 80' lang='grc' dir='ltr'>ἀπῆν</span> <span class='ocrx_word' id='word_1_54' title='bbox 1404 819 1498 871; x_wconf 69' lang='grc' dir='ltr'><strong>καὶ</strong></span> <span class='ocrx_word' id='word_1_55' title='bbox 1527 817 1595 868; x_wconf 83' lang='grc' dir='ltr'>τὰ</span> <span class='ocrx_word' id='word_1_56' title='bbox 1617 817 1717 884; x_wconf 78' lang='grc' dir='ltr'>τῆς</span> <span class='ocrx_word' id='word_1_57' title='bbox 1756 816 1910 884; x_wconf 84' lang='grc' dir='ltr'>βασι-</span> 
     </span>
    </p>
   </div>
   <div class='ocr_carea' id='block_1_10' title="bbox 325 910 1914 989">
    <p class='ocr_par' dir='ltr' id='par_1_10' title="bbox 325 910 1914 989">
     <span class='ocr_line' id='line_1_10' title="bbox 325 910 1914 989; baseline -0.011 -15"><span class='ocrx_word' id='word_1_58' title='bbox 325 924 477 982; x_wconf 80' lang='grc' dir='ltr'>λείας</span> <span class='ocrx_word' id='word_1_59' title='bbox 503 922 786 989; x_wconf 80' lang='grc' dir='ltr'>ἐχήρευον,</span> <span class='ocrx_word' id='word_1_60' title='bbox 812 914 1200 979; x_wconf 78' lang='grc' dir='ltr'>κοινολογεῖταί</span> <span class='ocrx_word' id='word_1_61' title='bbox 1223 931 1328 965; x_wconf 87' lang='grc' dir='ltr'>τινι</span> <span class='ocrx_word' id='word_1_62' title='bbox 1359 912 1469 965; x_wconf 84' lang='grc' dir='ltr'><strong>τῶν</strong></span> <span class='ocrx_word' id='word_1_63' title='bbox 1497 910 1914 961; x_wconf 82' lang='grc' dir='ltr'>πιστικωτάτων</span> 
     </span>
    </p>
   </div>
   <div class='ocr_carea' id='block_1_11' title="bbox 322 996 1913 1080">
    <p class='ocr_par' dir='ltr' id='par_1_11' title="bbox 322 996 1913 1080">
     <span class='ocr_line' id='line_1_11' title="bbox 322 996 1913 1080; baseline -0.013 -15"><span class='ocrx_word' id='word_1_64' title='bbox 322 1014 385 1064; x_wconf 75' lang='grc' dir='ltr'><strong>τὸ</strong></span> <span class='ocrx_word' id='word_1_65' title='bbox 418 1013 673 1080; x_wconf 82' lang='grc' dir='ltr'>πρᾶγμα,</span> <span class='ocrx_word' id='word_1_66' title='bbox 706 1008 801 1059; x_wconf 79' lang='grc' dir='ltr'>καὶ</span> <span class='ocrx_word' id='word_1_67' title='bbox 825 1005 891 1057; x_wconf 83' lang='grc' dir='ltr'>δι’</span> <span class='ocrx_word' id='word_1_68' title='bbox 917 1003 1081 1057; x_wconf 76' lang='grc' dir='ltr'>αὑτοῦ</span> <span class='ocrx_word' id='word_1_69' title='bbox 1106 1006 1217 1064; x_wconf 79' lang='grc' dir='ltr'>τοῖς</span> <span class='ocrx_word' id='word_1_70' title='bbox 1247 1002 1680 1069; x_wconf 79' lang='grc' dir='ltr'>παρακειμένοις</span> <span class='ocrx_word' id='word_1_71' title='bbox 1704 996 1913 1047; x_wconf 78' lang='grc' dir='ltr'>ἔθνεσιν</span> 
     </span>
    </p>
   </div>
   <div class='ocr_carea' id='block_1_12' title="bbox 324 1088 1914 1173">
    <p class='ocr_par' dir='ltr' id='par_1_12' title="bbox 324 1088 1914 1173">
     <span class='ocr_line' id='line_1_12' title="bbox 324 1088 1914 1173; baseline -0.011 -17"><span class='ocrx_word' id='word_1_72' title='bbox 324 1103 594 1173; x_wconf 73' lang='grc' dir='ltr'><strong>ὁμιλήσας</strong></span> <span class='ocrx_word' id='word_1_73' title='bbox 626 1099 754 1169; x_wconf 79' lang='grc' dir='ltr'><strong>περὶ</strong></span> <span class='ocrx_word' id='word_1_74' title='bbox 779 1097 983 1152; x_wconf 79' lang='grc' dir='ltr'>ταυτοῦ</span> <span class='ocrx_word' id='word_1_75' title='bbox 1028 1095 1378 1162; x_wconf 84' lang='grc' dir='ltr'>πράγματος,</span> <span class='ocrx_word' id='word_1_76' title='bbox 1407 1092 1595 1161; x_wconf 76' lang='grc' dir='ltr'>φιλίως</span> <span class='ocrx_word' id='word_1_77' title='bbox 1620 1090 1768 1158; x_wconf 81' lang='grc' dir='ltr'>αὐτῴ</span> <span class='ocrx_word' id='word_1_78' title='bbox 1801 1088 1914 1140; x_wconf 83' lang='grc' dir='ltr'>δια-</span> 
     </span>
    </p>
   </div>
   <div class='ocr_carea' id='block_1_13' title="bbox 326 1180 1913 1263">
    <p class='ocr_par' dir='ltr' id='par_1_13' title="bbox 326 1180 1913 1263">
     <span class='ocr_line' id='line_1_13' title="bbox 326 1180 1913 1263; baseline -0.009 -16"><span class='ocrx_word' id='word_1_79' title='bbox 326 1196 627 1263; x_wconf 81' lang='grc' dir='ltr'>κειμένοις,</span> <span class='ocrx_word' id='word_1_80' title='bbox 661 1187 827 1261; x_wconf 74' lang='grc' dir='ltr'>ἦρξεν</span> <span class='ocrx_word' id='word_1_81' title='bbox 857 1185 1085 1257; x_wconf 80' lang='grc' dir='ltr'>ἡμερῶν</span> <span class='ocrx_word' id='word_1_82' title='bbox 1118 1202 1302 1249; x_wconf 78' lang='grc' dir='ltr'>τινων,</span> <span class='ocrx_word' id='word_1_83' title='bbox 1336 1185 1438 1252; x_wconf 75' lang='grc' dir='ltr'>τῆς</span> <span class='ocrx_word' id='word_1_84' title='bbox 1476 1182 1640 1235; x_wconf 70' lang='grc' dir='ltr'><strong>αὖτοῦ</strong></span> <span class='ocrx_word' id='word_1_85' title='bbox 1672 1180 1913 1250; x_wconf 73' lang='grc' dir='ltr'><strong>γεννοιιό⁴</strong></span> 
     </span>
    </p>
   </div>
   <div class='ocr_carea' id='block_1_14' title="bbox 325 1273 1913 1354">
    <p class='ocr_par' dir='ltr' id='par_1_14' title="bbox 325 1273 1913 1354">
     <span class='ocr_line' id='line_1_14' title="bbox 325 1273 1913 1354; baseline -0.008 -17"><span class='ocrx_word' id='word_1_86' title='bbox 325 1302 490 1354; x_wconf 85' lang='grc' dir='ltr'>τητος</span> <span class='ocrx_word' id='word_1_87' title='bbox 531 1287 721 1353; x_wconf 84' lang='grc' dir='ltr'>πεῖραν</span> <span class='ocrx_word' id='word_1_88' title='bbox 762 1282 945 1351; x_wconf 79' lang='grc' dir='ltr'>ἔχουσι</span> <span class='ocrx_word' id='word_1_89' title='bbox 998 1278 1216 1348; x_wconf 73' lang='grc' dir='ltr'>δαψιλῆ.</span> <span class='ocrx_word' id='word_1_90' title='bbox 1274 1278 1382 1329; x_wconf 80' lang='grc' dir='ltr'>Καὶ</span> <span class='ocrx_word' id='word_1_91' title='bbox 1440 1276 1703 1346; x_wconf 76' lang='grc' dir='ltr'>μηνύεται</span> <span class='ocrx_word' id='word_1_92' title='bbox 1764 1273 1913 1341; x_wconf 88' lang='grc' dir='ltr'>παρά</span> 
     </span>
    </p>
   </div>
   <div class='ocr_carea' id='block_1_15' title="bbox 324 1364 1911 1445">
    <p class='ocr_par' dir='ltr' id='par_1_15' title="bbox 324 1364 1911 1445">
     <span class='ocr_line' id='line_1_15' title="bbox 324 1364 1911 1445; baseline -0.007 -16"><span class='ocrx_word' id='word_1_93' title='bbox 324 1394 471 1440; x_wconf 89' lang='grc' dir='ltr'>τινος</span> <span class='ocrx_word' id='word_1_94' title='bbox 513 1374 801 1445; x_wconf 73' lang='grc' dir='ltr'>Ἀρμενίου</span> <span class='ocrx_word' id='word_1_95' title='bbox 837 1372 898 1425; x_wconf 83' lang='grc' dir='ltr'>τὸ</span> <span class='ocrx_word' id='word_1_96' title='bbox 930 1373 1105 1439; x_wconf 79' lang='grc' dir='ltr'>γένος,</span> <span class='ocrx_word' id='word_1_97' title='bbox 1131 1373 1227 1424; x_wconf 72' lang='grc' dir='ltr'><strong>καὶ</strong></span> <span class='ocrx_word' id='word_1_98' title='bbox 1254 1370 1319 1439; x_wconf 85' lang='grc' dir='ltr'>δὴ</span> <span class='ocrx_word' id='word_1_99' title='bbox 1348 1368 1672 1436; x_wconf 70' lang='grc' dir='ltr'><strong>συλληφθεὶς</strong></span> <span class='ocrx_word' id='word_1_100' title='bbox 1695 1364 1911 1436; x_wconf 78' lang='grc' dir='ltr'>δεσμώ-</span> 
     </span>
    </p>
   </div>
   <div class='ocr_carea' id='block_1_16' title="bbox 325 1458 1913 1537">
    <p class='ocr_par' dir='ltr' id='par_1_16' title="bbox 325 1458 1913 1537">
     <span class='ocr_line' id='line_1_16' title="bbox 325 1458 1913 1537; baseline -0.008 -16"><span class='ocrx_word' id='word_1_101' title='bbox 325 1486 425 1537; x_wconf 79' lang='grc' dir='ltr'><strong>της</strong></span> <span class='ocrx_word' id='word_1_102' title='bbox 456 1470 590 1537; x_wconf 78' lang='grc' dir='ltr'>πρὸς</span> <span class='ocrx_word' id='word_1_103' title='bbox 619 1468 716 1537; x_wconf 79' lang='grc' dir='ltr'><strong>τὴν</strong></span> <span class='ocrx_word' id='word_1_104' title='bbox 754 1465 1001 1537; x_wconf 79' lang='grc' dir='ltr'>βασιλίδα</span> <span class='ocrx_word' id='word_1_105' title='bbox 1033 1463 1329 1529; x_wconf 86' lang='grc' dir='ltr'>ἀπάγεται.</span> <span class='ocrx_word' id='word_1_106' title='bbox 1369 1458 1681 1528; x_wconf 72' lang='grc' dir='ltr'>Ἐλεγχθεὶς</span> <span class='ocrx_word' id='word_1_107' title='bbox 1711 1458 1768 1510; x_wconf 88' lang='grc' dir='ltr'>δὲ</span> <span class='ocrx_word' id='word_1_108' title='bbox 1814 1458 1913 1509; x_wconf 76' lang='grc' dir='ltr'><strong>καὶ</strong></span> 
     </span>
    </p>
   </div>
   <div class='ocr_carea' id='block_1_17' title="bbox 323 1548 1913 1628">
    <p class='ocr_par' dir='ltr' id='par_1_17' title="bbox 323 1548 1913 1628">
     <span class='ocr_line' id='line_1_17' title="bbox 323 1548 1913 1628; baseline -0.009 -16"><span class='ocrx_word' id='word_1_109' title='bbox 323 1559 701 1628; x_wconf 80' lang='grc' dir='ltr'>καταθέμενος</span> <span class='ocrx_word' id='word_1_110' title='bbox 735 1560 829 1609; x_wconf 65' lang='grc' dir='ltr'>καὶ</span> <span class='ocrx_word' id='word_1_111' title='bbox 860 1556 950 1608; x_wconf 73' lang='grc' dir='ltr'>διὰ</span> <span class='ocrx_word' id='word_1_112' title='bbox 979 1553 1140 1605; x_wconf 81' lang='grc' dir='ltr'>τοῦτο</span> <span class='ocrx_word' id='word_1_113' title='bbox 1176 1549 1534 1621; x_wconf 77' lang='grc' dir='ltr'>κατακριθεὶς</span> <span class='ocrx_word' id='word_1_114' title='bbox 1563 1548 1795 1602; x_wconf 88' lang='grc' dir='ltr'>θανάτου</span> <span class='ocrx_word' id='word_1_115' title='bbox 1836 1548 1913 1609; x_wconf 83' lang='grc' dir='ltr'><strong>ῶς</strong></span> 
     </span>
    </p>
   </div>
   <div class='ocr_carea' id='block_1_18' title="bbox 324 1639 1906 1716">
    <p class='ocr_par' dir='ltr' id='par_1_18' title="bbox 324 1639 1906 1716">
     <span class='ocr_line' id='line_1_18' title="bbox 324 1639 1906 1716; baseline -0.008 -14"><span class='ocrx_word' id='word_1_116' title='bbox 324 1651 610 1710; x_wconf 76' lang='grc' dir='ltr'>ἐπίϐουλος</span> <span class='ocrx_word' id='word_1_117' title='bbox 644 1645 1031 1716; x_wconf 73' lang='grc' dir='ltr'>ὑπερορίζεται</span> <span class='ocrx_word' id='word_1_118' title='bbox 1066 1644 1163 1697; x_wconf 71' lang='grc' dir='ltr'><strong>καὶ</strong></span> <span class='ocrx_word' id='word_1_119' title='bbox 1189 1644 1286 1712; x_wconf 84' lang='grc' dir='ltr'><strong>τῆς</strong></span> <span class='ocrx_word' id='word_1_120' title='bbox 1327 1642 1535 1704; x_wconf 88' lang='grc' dir='ltr'>πόλεως</span> <span class='ocrx_word' id='word_1_121' title='bbox 1565 1639 1906 1699; x_wconf 80' lang='grc' dir='ltr'>ἐκϐάλλεται,</span> 
     </span>
    </p>
   </div>
   <div class='ocr_carea' id='block_1_19' title="bbox 324 1730 1910 1803">
    <p class='ocr_par' dir='ltr' id='par_1_19' title="bbox 324 1730 1910 1803">
     <span class='ocr_line' id='line_1_19' title="bbox 324 1730 1910 1803; baseline -0.006 -12"><span class='ocrx_word' id='word_1_122' title='bbox 324 1743 493 1793; x_wconf 75' lang='grc' dir='ltr'>πᾶσιν</span> <span class='ocrx_word' id='word_1_123' title='bbox 528 1740 683 1791; x_wconf 83' lang='grc' dir='ltr'>ἀνίαν</span> <span class='ocrx_word' id='word_1_124' title='bbox 716 1738 1003 1801; x_wconf 77' lang='grc' dir='ltr'>ἐνθέμενος</span> <span class='ocrx_word' id='word_1_125' title='bbox 1038 1736 1151 1787; x_wconf 82' lang='grc' dir='ltr'>ὅσοι</span> <span class='ocrx_word' id='word_1_126' title='bbox 1194 1736 1291 1803; x_wconf 78' lang='grc' dir='ltr'><strong>τῆς</strong></span> <span class='ocrx_word' id='word_1_127' title='bbox 1318 1732 1483 1785; x_wconf 76' lang='grc' dir='ltr'>αὐτοῦ</span> <span class='ocrx_word' id='word_1_128' title='bbox 1528 1730 1910 1800; x_wconf 77' lang='grc' dir='ltr'>γενναιότητος</span> 
     </span>
    </p>
   </div>
   <div class='ocr_carea' id='block_1_20' title="bbox 323 1805 1984 1895">
    <p class='ocr_par' dir='ltr' id='par_1_20' title="bbox 323 1805 1984 1895">
     <span class='ocr_line' id='line_1_20' title="bbox 323 1805 1984 1895; baseline -0.007 -14"><span class='ocrx_word' id='word_1_129' title='bbox 323 1831 418 1882; x_wconf 75' lang='grc' dir='ltr'><strong>καὶ</strong></span> <span class='ocrx_word' id='word_1_130' title='bbox 466 1828 687 1895; x_wconf 79' lang='grc' dir='ltr'>ἀνδρίας</span> <span class='ocrx_word' id='word_1_131' title='bbox 733 1829 789 1878; x_wconf 81' lang='grc' dir='ltr'>ἐν</span> <span class='ocrx_word' id='word_1_132' title='bbox 842 1826 1009 1895; x_wconf 82' lang='grc' dir='ltr'>πείρᾳ</span> <span class='ocrx_word' id='word_1_133' title='bbox 1060 1823 1407 1877; x_wconf 87' lang='grc' dir='ltr'>καθίσταντο.</span> <span class='ocrx_word' id='word_1_134' title='bbox 1451 1820 1536 1891; x_wconf 78' lang='lat' dir='ltr'><strong>lP.</strong></span> <span class='ocrx_word' id='word_1_135' title='bbox 1572 1819 1699 1890; x_wconf 65' lang='lat'><strong>8‘21]</strong></span> <span class='ocrx_word' id='word_1_136' title='bbox 1758 1821 1823 1872; x_wconf 87' lang='grc' dir='ltr'><strong>Οἱ</strong></span> <span class='ocrx_word' id='word_1_137' title='bbox 1863 1820 1906 1871; x_wconf 72' lang='grc' dir='ltr'><strong>δ’</strong></span> <span class='ocrx_word' id='word_1_138' title='bbox 1939 1805 1984 1857; x_wconf 75' lang='grc' dir='ltr'><strong><em>Β</em></strong></span> 
     </span>
    </p>
   </div>
   <div class='ocr_carea' id='block_1_21' title="bbox 324 1912 1908 1988">
    <p class='ocr_par' dir='ltr' id='par_1_21' title="bbox 324 1912 1908 1988">
     <span class='ocr_line' id='line_1_21' title="bbox 324 1912 1908 1988; baseline -0.008 -15"><span class='ocrx_word' id='word_1_139' title='bbox 324 1920 652 1988; x_wconf 74' lang='grc' dir='ltr'>ἀγνοοῦντες</span> <span class='ocrx_word' id='word_1_140' title='bbox 692 1919 756 1969; x_wconf 82' lang='grc' dir='ltr'>ὲκ</span> <span class='ocrx_word' id='word_1_141' title='bbox 786 1918 894 1969; x_wconf 85' lang='grc' dir='ltr'><strong>τῶν</strong></span> <span class='ocrx_word' id='word_1_142' title='bbox 923 1917 1142 1969; x_wconf 82' lang='grc' dir='ltr'><strong>εἰδότων</strong></span> <span class='ocrx_word' id='word_1_143' title='bbox 1178 1915 1352 1967; x_wconf 72' lang='grc' dir='ltr'>ταῦτα</span> <span class='ocrx_word' id='word_1_144' title='bbox 1385 1912 1908 1982; x_wconf 81' lang='grc' dir='ltr'>παραλαμϐάνοντες</span> 
     </span>
    </p>
   </div>
   <div class='ocr_carea' id='block_1_22' title="bbox 324 2002 1907 2079">
    <p class='ocr_par' dir='ltr' id='par_1_22' title="bbox 324 2002 1907 2079">
     <span class='ocr_line' id='line_1_22' title="bbox 324 2002 1907 2079; baseline -0.005 -19"><span class='ocrx_word' id='word_1_145' title='bbox 324 2010 574 2079; x_wconf 75' lang='grc' dir='ltr'>ὑπῆρχον</span> <span class='ocrx_word' id='word_1_146' title='bbox 603 2011 661 2076; x_wconf 78' lang='grc' dir='ltr'>ἐξ</span> <span class='ocrx_word' id='word_1_147' title='bbox 697 2010 942 2077; x_wconf 78' lang='grc' dir='ltr'>ἀνάγκης</span> <span class='ocrx_word' id='word_1_148' title='bbox 970 2005 1213 2075; x_wconf 76' lang='grc' dir='ltr'>ἐρασταί.</span> <span class='ocrx_word' id='word_1_149' title='bbox 1251 2007 1361 2057; x_wconf 78' lang='grc' dir='ltr'><strong>Καὶ</strong></span> <span class='ocrx_word' id='word_1_150' title='bbox 1398 2003 1487 2056; x_wconf 68' lang='grc' dir='ltr'>διὰ</span> <span class='ocrx_word' id='word_1_151' title='bbox 1526 2002 1683 2055; x_wconf 81' lang='grc' dir='ltr'>τοῦτο</span> <span class='ocrx_word' id='word_1_152' title='bbox 1709 2002 1776 2054; x_wconf 76' lang='grc' dir='ltr'>δι’</span> <span class='ocrx_word' id='word_1_153' title='bbox 1816 2003 1907 2053; x_wconf 84' lang='grc' dir='ltr'>εύ-</span> 
     </span>
    </p>
   </div>
   <div class='ocr_carea' id='block_1_23' title="bbox 325 2082 1908 2172">
    <p class='ocr_par' dir='ltr' id='par_1_23' title="bbox 325 2082 1908 2172">
     <span class='ocr_line' id='line_1_23' title="bbox 325 2082 1908 2172; baseline -0.012 -15"><span class='ocrx_word' id='word_1_154' title='bbox 325 2104 424 2171; x_wconf 83' lang='grc' dir='ltr'>χῆς</span> <span class='ocrx_word' id='word_1_155' title='bbox 458 2097 527 2172; x_wconf 82' lang='grc' dir='ltr'>ἦν</span> <span class='ocrx_word' id='word_1_156' title='bbox 566 2103 678 2163; x_wconf 90' lang='grc' dir='ltr'>τοῖς</span> <span class='ocrx_word' id='word_1_157' title='bbox 721 2099 865 2159; x_wconf 78' lang='grc' dir='ltr'>ὅλοις</span> <span class='ocrx_word' id='word_1_158' title='bbox 910 2082 1182 2166; x_wconf 68' lang='grc' dir='ltr'>ἀνώτερον</span> <span class='ocrx_word' id='word_1_159' title='bbox 1209 2096 1299 2148; x_wconf 80' lang='grc' dir='ltr'><strong>τὸν</strong></span> <span class='ocrx_word' id='word_1_160' title='bbox 1330 2095 1498 2163; x_wconf 81' lang='grc' dir='ltr'>ἄνδρα</span> <span class='ocrx_word' id='word_1_161' title='bbox 1525 2094 1778 2162; x_wconf 82' lang='grc' dir='ltr'>γενέσθαι</span> <span class='ocrx_word' id='word_1_162' title='bbox 1815 2110 1908 2145; x_wconf 85' lang='grc' dir='ltr'>κο-</span> 
     </span>
    </p>
   </div>
   <div class='ocr_carea' id='block_1_24' title="bbox 322 2184 1906 2261">
    <p class='ocr_par' dir='ltr' id='par_1_24' title="bbox 322 2184 1906 2261">
     <span class='ocr_line' id='line_1_24' title="bbox 322 2184 1906 2261; baseline -0.004 -18"><span class='ocrx_word' id='word_1_163' title='bbox 322 2193 637 2261; x_wconf 73' lang='grc' dir='ltr'>λαστηρῖων</span> <span class='ocrx_word' id='word_1_164' title='bbox 690 2190 787 2243; x_wconf 74' lang='grc' dir='ltr'><strong>καὶ</strong></span> <span class='ocrx_word' id='word_1_165' title='bbox 843 2189 1168 2260; x_wconf 84' lang='grc' dir='ltr'>χαρισθῆναι</span> <span class='ocrx_word' id='word_1_166' title='bbox 1221 2190 1287 2258; x_wconf 83' lang='grc' dir='ltr'>τῇ</span> <span class='ocrx_word' id='word_1_167' title='bbox 1356 2186 1647 2256; x_wconf 80' lang='grc' dir='ltr'>Ῥωμαίων</span> <span class='ocrx_word' id='word_1_168' title='bbox 1716 2184 1906 2239; x_wconf 80' lang='grc' dir='ltr'>τοῦτον</span> 
     </span>
    </p>
   </div>
   <div class='ocr_carea' id='block_1_25' title="bbox 323 2274 1906 2353">
    <p class='ocr_par' dir='ltr' id='par_1_25' title="bbox 323 2274 1906 2353">
     <span class='ocr_line' id='line_1_25' title="bbox 323 2274 1906 2353; baseline -0.004 -18"><span class='ocrx_word' id='word_1_169' title='bbox 323 2286 492 2353; x_wconf 82' lang='grc' dir='ltr'>ἀρχῇ.</span> <span class='ocrx_word' id='word_1_170' title='bbox 532 2282 685 2335; x_wconf 75' lang='grc' dir='ltr'>Ἐπεὶ</span> <span class='ocrx_word' id='word_1_171' title='bbox 717 2282 774 2334; x_wconf 84' lang='grc' dir='ltr'>δὲ</span> <span class='ocrx_word' id='word_1_172' title='bbox 801 2282 829 2333; x_wconf 87' lang='grc' dir='ltr'><strong>ό</strong></span> <span class='ocrx_word' id='word_1_173' title='bbox 859 2282 1061 2342; x_wconf 80' lang='grc' dir='ltr'>σκοπὸς</span> <span class='ocrx_word' id='word_1_174' title='bbox 1092 2279 1258 2349; x_wconf 77' lang='grc' dir='ltr'>ζήλου</span> <span class='ocrx_word' id='word_1_175' title='bbox 1292 2279 1437 2332; x_wconf 82' lang='grc' dir='ltr'>θείου</span> <span class='ocrx_word' id='word_1_176' title='bbox 1461 2274 1530 2349; x_wconf 79' lang='grc' dir='ltr'>ἦν</span> <span class='ocrx_word' id='word_1_177' title='bbox 1560 2278 1655 2330; x_wconf 73' lang='grc' dir='ltr'><strong>καὶ</strong></span> <span class='ocrx_word' id='word_1_178' title='bbox 1690 2278 1749 2330; x_wconf 81' lang='grc' dir='ltr'><strong>ού</strong></span> <span class='ocrx_word' id='word_1_179' title='bbox 1782 2276 1906 2342; x_wconf 84' lang='grc' dir='ltr'>φιλ-</span> 
     </span>
    </p>
   </div>
   <div class='ocr_carea' id='block_1_26' title="bbox 323 2366 1909 2443">
    <p class='ocr_par' dir='ltr' id='par_1_26' title="bbox 323 2366 1909 2443">
     <span class='ocr_line' id='line_1_26' title="bbox 323 2366 1909 2443; baseline -0.005 -17"><span class='ocrx_word' id='word_1_180' title='bbox 323 2375 550 2436; x_wconf 82' lang='grc' dir='ltr'>αυτίας,</span> <span class='ocrx_word' id='word_1_181' title='bbox 601 2373 913 2443; x_wconf 83' lang='grc' dir='ltr'>περιαλγῶς</span> <span class='ocrx_word' id='word_1_182' title='bbox 959 2376 1059 2443; x_wconf 79' lang='grc' dir='ltr'>τῆς</span> <span class='ocrx_word' id='word_1_183' title='bbox 1103 2372 1211 2426; x_wconf 81' lang='grc' dir='ltr'><strong>τῶν</strong></span> <span class='ocrx_word' id='word_1_184' title='bbox 1268 2368 1614 2439; x_wconf 77' lang='grc' dir='ltr'>Χριστιανῶν</span> <span class='ocrx_word' id='word_1_185' title='bbox 1667 2366 1909 2436; x_wconf 80' lang='grc' dir='ltr'>πληθύος</span> 
     </span>
    </p>
   </div>
   <div class='ocr_carea' id='block_1_27' title="bbox 327 2458 1909 2533">
    <p class='ocr_par' dir='ltr' id='par_1_27' title="bbox 327 2458 1909 2533">
     <span class='ocr_line' id='line_1_27' title="bbox 327 2458 1909 2533; baseline -0.003 -18"><span class='ocrx_word' id='word_1_186' title='bbox 327 2465 646 2533; x_wconf 70' lang='grc' dir='ltr'>πασχούσης</span> <span class='ocrx_word' id='word_1_187' title='bbox 680 2467 773 2518; x_wconf 74' lang='grc' dir='ltr'><strong>καὶ</strong></span> <span class='ocrx_word' id='word_1_188' title='bbox 814 2464 1000 2525; x_wconf 85' lang='grc' dir='ltr'>κακῶς</span> <span class='ocrx_word' id='word_1_189' title='bbox 1048 2460 1444 2531; x_wconf 73' lang='grc' dir='ltr'>κεραῖξομένης</span> <span class='ocrx_word' id='word_1_190' title='bbox 1472 2458 1743 2528; x_wconf 80' lang='grc' dir='ltr'>ὁσημέραι</span> <span class='ocrx_word' id='word_1_191' title='bbox 1774 2459 1909 2525; x_wconf 77' lang='grc' dir='ltr'>πρὸς</span> 
     </span>
    </p>
   </div>
   <div class='ocr_carea' id='block_1_28' title="bbox 320 2549 1908 2624">
    <p class='ocr_par' dir='ltr' id='par_1_28' title="bbox 320 2549 1908 2624">
     <span class='ocr_line' id='line_1_28' title="bbox 320 2549 1908 2624; baseline -0.001 -21"><span class='ocrx_word' id='word_1_192' title='bbox 320 2554 430 2605; x_wconf 78' lang='grc' dir='ltr'><strong>τῶν</strong></span> <span class='ocrx_word' id='word_1_193' title='bbox 466 2554 806 2624; x_wconf 75' lang='grc' dir='ltr'>Ἀγαρηνῶν,</span> <span class='ocrx_word' id='word_1_194' title='bbox 840 2552 1119 2624; x_wconf 81' lang='grc' dir='ltr'>ὲνηργήθη</span> <span class='ocrx_word' id='word_1_195' title='bbox 1151 2552 1336 2604; x_wconf 80' lang='grc' dir='ltr'>λοιπὸν</span> <span class='ocrx_word' id='word_1_196' title='bbox 1358 2553 1471 2614; x_wconf 89' lang='grc' dir='ltr'>τοῖς</span> <span class='ocrx_word' id='word_1_197' title='bbox 1499 2549 1808 2619; x_wconf 77' lang='grc' dir='ltr'>εὐχομένοις</span> <span class='ocrx_word' id='word_1_198' title='bbox 1840 2550 1908 2601; x_wconf 74' lang='grc' dir='ltr'>τὰ</span> 
     </span>
    </p>
   </div>
   <div class='ocr_carea' id='block_1_29' title="bbox 321 2643 1907 2716">
    <p class='ocr_par' dir='ltr' id='par_1_29' title="bbox 321 2643 1907 2716">
     <span class='ocr_line' id='line_1_29' title="bbox 321 2643 1907 2716; baseline 0.001 -22"><span class='ocrx_word' id='word_1_199' title='bbox 321 2643 421 2711; x_wconf 76' lang='grc' dir='ltr'>τῆς</span> <span class='ocrx_word' id='word_1_200' title='bbox 458 2646 645 2716; x_wconf 77' lang='grc' dir='ltr'>εὐχῆς.</span> <span class='ocrx_word' id='word_1_201' title='bbox 686 2648 1072 2716; x_wconf 81' lang='grc' dir='ltr'>Παραστάντος</span> <span class='ocrx_word' id='word_1_202' title='bbox 1104 2645 1214 2713; x_wconf 75' lang='grc' dir='ltr'><strong>γάρ</strong></span> <span class='ocrx_word' id='word_1_203' title='bbox 1247 2643 1402 2706; x_wconf 76' lang='grc' dir='ltr'>αὖθις</span> <span class='ocrx_word' id='word_1_204' title='bbox 1440 2643 1606 2696; x_wconf 83' lang='grc' dir='ltr'>αὐτοῦ</span> <span class='ocrx_word' id='word_1_205' title='bbox 1640 2643 1718 2713; x_wconf 79' lang='grc' dir='ltr'>τῷ</span> <span class='ocrx_word' id='word_1_206' title='bbox 1749 2643 1907 2712; x_wconf 84' lang='grc' dir='ltr'>βασι·-</span> 
     </span>
    </p>
   </div>
   <div class='ocr_carea' id='block_1_30' title="bbox 322 2735 1906 2808">
    <p class='ocr_par' dir='ltr' id='par_1_30' title="bbox 322 2735 1906 2808">
     <span class='ocr_line' id='line_1_30' title="bbox 322 2735 1906 2808; baseline 0 -19"><span class='ocrx_word' id='word_1_207' title='bbox 322 2739 458 2807; x_wconf 82' lang='grc' dir='ltr'>λικῷ</span> <span class='ocrx_word' id='word_1_208' title='bbox 487 2740 691 2808; x_wconf 82' lang='grc' dir='ltr'>βήματι</span> <span class='ocrx_word' id='word_1_209' title='bbox 725 2739 1013 2807; x_wconf 76' lang='grc' dir='ltr'>περιέσχεν</span> <span class='ocrx_word' id='word_1_210' title='bbox 1046 2737 1193 2800; x_wconf 77' lang='grc' dir='ltr'>ἔλεος</span> <span class='ocrx_word' id='word_1_211' title='bbox 1219 2738 1445 2806; x_wconf 78' lang='grc' dir='ltr'>ἄσχετον</span> <span class='ocrx_word' id='word_1_212' title='bbox 1470 2735 1569 2804; x_wconf 84' lang='grc' dir='ltr'>τὴν</span> <span class='ocrx_word' id='word_1_213' title='bbox 1590 2736 1906 2803; x_wconf 76' lang='grc' dir='ltr'>Αὐγούσταν</span> 
     </span>
    </p>
   </div>
   <div class='ocr_carea' id='block_1_31' title="bbox 327 2826 1902 2900">
    <p class='ocr_par' dir='ltr' id='par_1_31' title="bbox 327 2826 1902 2900">
     <span class='ocr_line' id='line_1_31' title="bbox 327 2826 1902 2900; baseline -0.001 -18"><span class='ocrx_word' id='word_1_214' title='bbox 327 2833 588 2884; x_wconf 73' lang='grc' dir='ltr'>Εὑδοκίαν</span> <span class='ocrx_word' id='word_1_215' title='bbox 608 2848 623 2861; x_wconf 85' lang='grc'><strong>·</strong></span> <span class='ocrx_word' id='word_1_216' title='bbox 669 2828 736 2900; x_wconf 81' lang='grc' dir='ltr'>ἦν</span> <span class='ocrx_word' id='word_1_217' title='bbox 766 2833 874 2899; x_wconf 88' lang='grc' dir='ltr'><strong>γάρ</strong></span> <span class='ocrx_word' id='word_1_218' title='bbox 926 2830 955 2880; x_wconf 84' lang='grc' dir='ltr'><strong><em>ὁ</em></strong></span> <span class='ocrx_word' id='word_1_219' title='bbox 974 2830 1113 2899; x_wconf 77' lang='grc' dir='ltr'>ἀνὴρ</span> <span class='ocrx_word' id='word_1_220' title='bbox 1147 2830 1284 2898; x_wconf 82' lang='grc' dir='ltr'><strong>μετά</strong></span> <span class='ocrx_word' id='word_1_221' title='bbox 1314 2829 1423 2880; x_wconf 88' lang='grc' dir='ltr'><strong>τῶν</strong></span> <span class='ocrx_word' id='word_1_222' title='bbox 1454 2826 1630 2882; x_wconf 75' lang='grc' dir='ltr'>ἄλλων</span> <span class='ocrx_word' id='word_1_223' title='bbox 1660 2829 1750 2880; x_wconf 73' lang='grc' dir='ltr'><strong>καὶ</strong></span> <span class='ocrx_word' id='word_1_224' title='bbox 1782 2829 1902 2881; x_wconf 88' lang='grc' dir='ltr'>θεα-</span> 
     </span>
    </p>
   </div>
   <div class='ocr_carea' id='block_1_32' title="bbox 325 2917 1909 2989">
    <p class='ocr_par' dir='ltr' id='par_1_32' title="bbox 325 2917 1909 2989">
     <span class='ocr_line' id='line_1_32' title="bbox 325 2917 1909 2989; baseline 0 -17"><span class='ocrx_word' id='word_1_225' title='bbox 325 2923 481 2989; x_wconf 64' lang='grc' dir='ltr'>θῆναι</span> <span class='ocrx_word' id='word_1_226' title='bbox 514 2922 739 2987; x_wconf 72' lang='grc' dir='ltr'>ἀγαθὸς,</span> <span class='ocrx_word' id='word_1_227' title='bbox 770 2920 1050 2989; x_wconf 73' lang='grc' dir='ltr'>ἐπιμήκης</span> <span class='ocrx_word' id='word_1_228' title='bbox 1072 2936 1129 2971; x_wconf 88' lang='grc' dir='ltr'><strong>τε</strong></span> <span class='ocrx_word' id='word_1_229' title='bbox 1160 2921 1257 2987; x_wconf 76' lang='grc' dir='ltr'><strong>τὴν</strong></span> <span class='ocrx_word' id='word_1_230' title='bbox 1290 2917 1506 2989; x_wconf 76' lang='grc' dir='ltr'>ἡλικίαν</span> <span class='ocrx_word' id='word_1_231' title='bbox 1539 2918 1615 2971; x_wconf 84' lang='grc' dir='ltr'><strong>ὢν</strong></span> <span class='ocrx_word' id='word_1_232' title='bbox 1638 2922 1731 2972; x_wconf 74' lang='grc' dir='ltr'>καὶ</span> <span class='ocrx_word' id='word_1_233' title='bbox 1752 2919 1909 2989; x_wconf 84' lang='grc' dir='ltr'>στέρ-</span> 
     </span>
    </p>
   </div>
   <div class='ocr_carea' id='block_1_33' title="bbox 327 3009 1908 3080">
    <p class='ocr_par' dir='ltr' id='par_1_33' title="bbox 327 3009 1908 3080">
     <span class='ocr_line' id='line_1_33' title="bbox 327 3009 1908 3080; baseline 0 -19"><span class='ocrx_word' id='word_1_234' title='bbox 327 3030 430 3061; x_wconf 79' lang='grc' dir='ltr'><strong>νων</strong></span> <span class='ocrx_word' id='word_1_235' title='bbox 471 3014 565 3064; x_wconf 71' lang='grc' dir='ltr'><strong>καὶ</strong></span> <span class='ocrx_word' id='word_1_236' title='bbox 598 3011 785 3063; x_wconf 87' lang='grc' dir='ltr'>νώτων</span> <span class='ocrx_word' id='word_1_237' title='bbox 829 3013 887 3063; x_wconf 85' lang='grc' dir='ltr'>ὲν</span> <span class='ocrx_word' id='word_1_238' title='bbox 927 3010 1075 3080; x_wconf 83' lang='grc' dir='ltr'>καλῷ</span> <span class='ocrx_word' id='word_1_239' title='bbox 1108 3009 1519 3079; x_wconf 77' lang='grc' dir='ltr'>καθορώμενος,</span> <span class='ocrx_word' id='word_1_240' title='bbox 1565 3011 1908 3080; x_wconf 84' lang='grc' dir='ltr'>εὐόφθαλμός</span> 
     </span>
    </p>
   </div>
   <div class='ocr_carea' id='block_1_34' title="bbox 2022 539 3589 614">
    <p class='ocr_par' dir='ltr' id='par_1_34' title="bbox 2022 539 3589 614">
     <span class='ocr_line' id='line_1_34' title="bbox 2022 539 3589 614; baseline 0.008 -24"><span class='ocrx_word' id='word_1_241' title='bbox 2022 562 2038 590; x_wconf 74' lang='grc' dir='ltr'><strong>ι</strong></span> <span class='ocrx_word' id='word_1_242' title='bbox 2068 539 2184 594; x_wconf 83' lang='grc' dir='ltr'>Νοη</span> <span class='ocrx_word' id='word_1_243' title='bbox 2219 557 2395 593; x_wconf 87' lang='lat' dir='ltr'><strong>meum</strong></span> <span class='ocrx_word' id='word_1_244' title='bbox 2423 544 2650 610; x_wconf 90' lang='lat' dir='ltr'><strong>donum,</strong></span> <span class='ocrx_word' id='word_1_245' title='bbox 2682 560 2713 595; x_wconf 84' lang='grc' dir='ltr'><strong>ο</strong></span> <span class='ocrx_word' id='word_1_246' title='bbox 2738 543 3024 614; x_wconf 65' lang='lat' dir='ltr'><strong>Diogenes,</strong></span> <span class='ocrx_word' id='word_1_247' title='bbox 3060 548 3183 611; x_wconf 88' lang='lat' dir='ltr'><strong>hoc,</strong></span> <span class='ocrx_word' id='word_1_248' title='bbox 3220 547 3313 602; x_wconf 87' lang='lat' dir='ltr'><strong>sed</strong></span> <span class='ocrx_word' id='word_1_249' title='bbox 3347 557 3449 602; x_wconf 68' lang='lat' dir='ltr'><strong>tum</strong></span> <span class='ocrx_word' id='word_1_250' title='bbox 3479 551 3589 602; x_wconf 82' lang='lat' dir='ltr'><strong>vir-</strong></span> 
     </span>
    </p>
   </div>
   <div class='ocr_carea' id='block_1_35' title="bbox 2019 632 3597 696">
    <p class='ocr_par' dir='ltr' id='par_1_35' title="bbox 2019 632 3597 696">
     <span class='ocr_line' id='line_1_35' title="bbox 2019 632 3597 696; baseline 0.008 -13"><span class='ocrx_word' id='word_1_251' title='bbox 2019 632 2149 687; x_wconf 86' lang='lat' dir='ltr'><strong>tutis</strong></span> <span class='ocrx_word' id='word_1_252' title='bbox 2180 642 2231 687; x_wconf 89' lang='lat' dir='ltr'><strong>ct</strong></span> <span class='ocrx_word' id='word_1_253' title='bbox 2264 632 2621 691; x_wconf 62' lang='lat' dir='ltr'><strong>fortitudinis.</strong></span> <span class='ocrx_word' id='word_1_254' title='bbox 2652 655 2669 686; x_wconf 75' lang='grc' dir='ltr'><strong>ι</strong></span> <span class='ocrx_word' id='word_1_255' title='bbox 2702 636 2781 691; x_wconf 92' lang='lat' dir='ltr'><strong>lbi</strong></span> <span class='ocrx_word' id='word_1_256' title='bbox 2818 648 2999 692; x_wconf 85' lang='lat' dir='ltr'><strong>autem</strong></span> <span class='ocrx_word' id='word_1_257' title='bbox 3042 655 3392 696; x_wconf 89' lang='lat' dir='ltr'><strong>commorans</strong></span> <span class='ocrx_word' id='word_1_258' title='bbox 3424 644 3597 695; x_wconf 80' lang='lat' dir='ltr'><strong>voluit</strong></span> 
     </span>
    </p>
   </div>
   <div class='ocr_carea' id='block_1_36' title="bbox 2016 724 3594 802">
    <p class='ocr_par' dir='ltr' id='par_1_36' title="bbox 2016 724 3594 802">
     <span class='ocr_line' id='line_1_36' title="bbox 2016 724 3594 802; baseline 0.006 -27"><span class='ocrx_word' id='word_1_259' title='bbox 2016 731 2211 777; x_wconf 88' lang='lat' dir='ltr'><strong>contra</strong></span> <span class='ocrx_word' id='word_1_260' title='bbox 2246 724 2625 793; x_wconf 78' lang='lat' dir='ltr'><strong>imperatorem</strong></span> <span class='ocrx_word' id='word_1_261' title='bbox 2651 726 2819 799; x_wconf 65' lang='grc'><strong>664</strong></span> <span class='ocrx_word' id='word_1_262' title='bbox 2854 728 3160 799; x_wconf 81' lang='lat' dir='ltr'><strong>insurgere.</strong></span> <span class='ocrx_word' id='word_1_263' title='bbox 3184 730 3288 787; x_wconf 87' lang='lat' dir='ltr'><strong>Sed</strong></span> <span class='ocrx_word' id='word_1_264' title='bbox 3316 734 3594 802; x_wconf 87' lang='lat' dir='ltr'><strong>inceptum</strong></span> 
     </span>
    </p>
   </div>
   <div class='ocr_carea' id='block_1_37' title="bbox 2019 814 3594 893">
    <p class='ocr_par' dir='ltr' id='par_1_37' title="bbox 2019 814 3594 893">
     <span class='ocr_line' id='line_1_37' title="bbox 2019 814 3594 893; baseline 0.008 -27"><span class='ocrx_word' id='word_1_265' title='bbox 2019 814 2071 867; x_wconf 90' lang='lat' dir='ltr'><strong>in</strong></span> <span class='ocrx_word' id='word_1_266' title='bbox 2106 815 2280 870; x_wconf 87' lang='lat' dir='ltr'><strong>lucem</strong></span> <span class='ocrx_word' id='word_1_267' title='bbox 2340 814 2587 884; x_wconf 80' lang='lat' dir='ltr'><strong>proferre</strong></span> <span class='ocrx_word' id='word_1_268' title='bbox 2637 820 2950 873; x_wconf 73' lang='lat' dir='ltr'><strong>verebatur.</strong></span> <span class='ocrx_word' id='word_1_269' title='bbox 2997 820 3249 875; x_wconf 83' lang='lat' dir='ltr'><strong>Attamen</strong></span> <span class='ocrx_word' id='word_1_270' title='bbox 3308 831 3594 893; x_wconf 85' lang='lat' dir='ltr'><strong>postquam</strong></span> 
     </span>
    </p>
   </div>
   <div class='ocr_carea' id='block_1_38' title="bbox 2016 905 3592 977">
    <p class='ocr_par' dir='ltr' id='par_1_38' title="bbox 2016 905 3592 977">
     <span class='ocr_line' id='line_1_38' title="bbox 2016 905 3592 977; baseline 0.006 -19"><span class='ocrx_word' id='word_1_271' title='bbox 2016 905 2191 960; x_wconf 82' lang='lat' dir='ltr'><strong>abfuit</strong></span> <span class='ocrx_word' id='word_1_272' title='bbox 2245 908 2544 977; x_wconf 83' lang='lat' dir='ltr'><strong>imperator</strong></span> <span class='ocrx_word' id='word_1_273' title='bbox 2589 918 2642 960; x_wconf 88' lang='lat' dir='ltr'><strong>et</strong></span> <span class='ocrx_word' id='word_1_274' title='bbox 2694 909 2982 977; x_wconf 84' lang='lat' dir='ltr'><strong>imperium</strong></span> <span class='ocrx_word' id='word_1_275' title='bbox 3037 910 3233 964; x_wconf 88' lang='lat' dir='ltr'><strong>orbum</strong></span> <span class='ocrx_word' id='word_1_276' title='bbox 3284 922 3423 976; x_wconf 90' lang='lat' dir='ltr'><strong>erat,</strong></span> <span class='ocrx_word' id='word_1_277' title='bbox 3482 931 3592 969; x_wconf 89' lang='lat' dir='ltr'><strong>rem</strong></span> 
     </span>
    </p>
   </div>
   <div class='ocr_carea' id='block_1_39' title="bbox 2015 999 3597 1074">
    <p class='ocr_par' dir='ltr' id='par_1_39' title="bbox 2015 999 3597 1074">
     <span class='ocr_line' id='line_1_39' title="bbox 2015 999 3597 1074; baseline 0.006 -23"><span class='ocrx_word' id='word_1_278' title='bbox 2015 1012 2140 1051; x_wconf 90' lang='lat' dir='ltr'><strong>cum</strong></span> <span class='ocrx_word' id='word_1_279' title='bbox 2189 1014 2291 1053; x_wconf 93' lang='lat' dir='ltr'><strong>suo</strong></span> <span class='ocrx_word' id='word_1_280' title='bbox 2321 999 2560 1068; x_wconf 86' lang='lat' dir='ltr'><strong>quodam</strong></span> <span class='ocrx_word' id='word_1_281' title='bbox 2607 999 2926 1056; x_wconf 89' lang='lat' dir='ltr'><strong>ﬁdelissimo</strong></span> <span class='ocrx_word' id='word_1_282' title='bbox 2969 1004 3364 1066; x_wconf 84' lang='lat' dir='ltr'><strong>communicat,</strong></span> <span class='ocrx_word' id='word_1_283' title='bbox 3406 1014 3461 1059; x_wconf 92' lang='lat' dir='ltr'><strong>et</strong></span> <span class='ocrx_word' id='word_1_284' title='bbox 3498 1022 3597 1074; x_wconf 89' lang='lat' dir='ltr'><strong>per</strong></span> 
     </span>
    </p>
   </div>
   <div class='ocr_carea' id='block_1_40' title="bbox 2016 1092 3597 1169">
    <p class='ocr_par' dir='ltr' id='par_1_40' title="bbox 2016 1092 3597 1169">
     <span class='ocr_line' id='line_1_40' title="bbox 2016 1092 3597 1169; baseline 0.005 -25"><span class='ocrx_word' id='word_1_285' title='bbox 2016 1092 2194 1160; x_wconf 86' lang='lat' dir='ltr'><strong>ipsum</strong></span> <span class='ocrx_word' id='word_1_286' title='bbox 2244 1109 2366 1147; x_wconf 89' lang='lat' dir='ltr'><strong>cum</strong></span> <span class='ocrx_word' id='word_1_287' title='bbox 2424 1092 2755 1161; x_wconf 88' lang='lat' dir='ltr'><strong>quibusdam</strong></span> <span class='ocrx_word' id='word_1_288' title='bbox 2799 1094 3042 1151; x_wconf 87' lang='lat' dir='ltr'><strong>ﬁnitimis</strong></span> <span class='ocrx_word' id='word_1_289' title='bbox 3087 1098 3366 1168; x_wconf 87' lang='lat' dir='ltr'><strong>gentibus,</strong></span> <span class='ocrx_word' id='word_1_290' title='bbox 3395 1099 3597 1169; x_wconf 84' lang='lat' dir='ltr'><strong>quibus</strong></span> 
     </span>
    </p>
   </div>
   <div class='ocr_carea' id='block_1_41' title="bbox 2016 1183 3595 1258">
    <p class='ocr_par' dir='ltr' id='par_1_41' title="bbox 2016 1183 3595 1258">
     <span class='ocr_line' id='line_1_41' title="bbox 2016 1183 3595 1258; baseline 0.001 -18"><span class='ocrx_word' id='word_1_291' title='bbox 2016 1191 2166 1240; x_wconf 87' lang='lat' dir='ltr'><strong>esset</strong></span> <span class='ocrx_word' id='word_1_292' title='bbox 2200 1184 2374 1253; x_wconf 88' lang='lat' dir='ltr'><strong>ipsius</strong></span> <span class='ocrx_word' id='word_1_293' title='bbox 2399 1185 2682 1254; x_wconf 80' lang='lat' dir='ltr'><strong>explorata</strong></span> <span class='ocrx_word' id='word_1_294' title='bbox 2716 1183 2914 1250; x_wconf 89' lang='lat' dir='ltr'><strong>virtus,</strong></span> <span class='ocrx_word' id='word_1_295' title='bbox 2937 1188 3242 1245; x_wconf 90' lang='lat' dir='ltr'><strong>collocutus</strong></span> <span class='ocrx_word' id='word_1_296' title='bbox 3265 1190 3595 1258; x_wconf 87' lang='lat' dir='ltr'><strong>quibusdam</strong></span> 
     </span>
    </p>
   </div>
   <div class='ocr_carea' id='block_1_42' title="bbox 2017 1277 3592 1352">
    <p class='ocr_par' dir='ltr' id='par_1_42' title="bbox 2017 1277 3592 1352">
     <span class='ocr_line' id='line_1_42' title="bbox 2017 1277 3592 1352; baseline 0.003 -22"><span class='ocrx_word' id='word_1_297' title='bbox 2017 1277 2270 1346; x_wconf 85' lang='lat' dir='ltr'><strong>partibus</strong></span> <span class='ocrx_word' id='word_1_298' title='bbox 2322 1278 2629 1347; x_wconf 79' lang='lat' dir='ltr'><strong>imperavit.</strong></span> <span class='ocrx_word' id='word_1_299' title='bbox 2690 1279 2972 1333; x_wconf 89' lang='lat' dir='ltr'><strong>lndicatur</strong></span> <span class='ocrx_word' id='word_1_300' title='bbox 3012 1286 3192 1335; x_wconf 86' lang='lat' dir='ltr'><strong>autem</strong></span> <span class='ocrx_word' id='word_1_301' title='bbox 3255 1298 3284 1335; x_wconf 90' lang='lat' dir='ltr'><strong>a</strong></span> <span class='ocrx_word' id='word_1_302' title='bbox 3355 1284 3592 1352; x_wconf 89' lang='lat' dir='ltr'><strong>quodam</strong></span> 
     </span>
    </p>
   </div>
   <div class='ocr_carea' id='block_1_43' title="bbox 2018 1369 3595 1443">
    <p class='ocr_par' dir='ltr' id='par_1_43' title="bbox 2018 1369 3595 1443">
     <span class='ocr_line' id='line_1_43' title="bbox 2018 1369 3595 1443; baseline 0.004 -22"><span class='ocrx_word' id='word_1_303' title='bbox 2018 1369 2302 1432; x_wconf 77' lang='lat' dir='ltr'><strong>Armenio,</strong></span> <span class='ocrx_word' id='word_1_304' title='bbox 2340 1375 2395 1424; x_wconf 89' lang='lat' dir='ltr'><strong>et</strong></span> <span class='ocrx_word' id='word_1_305' title='bbox 2421 1371 2859 1440; x_wconf 87' lang='lat' dir='ltr'><strong>comprehensus</strong></span> <span class='ocrx_word' id='word_1_306' title='bbox 2888 1371 2954 1425; x_wconf 92' lang='lat' dir='ltr'><strong>ad</strong></span> <span class='ocrx_word' id='word_1_307' title='bbox 3001 1374 3191 1426; x_wconf 88' lang='lat' dir='ltr'><strong>urbem</strong></span> <span class='ocrx_word' id='word_1_308' title='bbox 3224 1374 3426 1441; x_wconf 82' lang='lat' dir='ltr'><strong>regiam</strong></span> <span class='ocrx_word' id='word_1_309' title='bbox 3471 1391 3595 1443; x_wconf 89' lang='lat' dir='ltr'><strong>per-</strong></span> 
     </span>
    </p>
   </div>
   <div class='ocr_carea' id='block_1_44' title="bbox 2016 1460 3597 1536">
    <p class='ocr_par' dir='ltr' id='par_1_44' title="bbox 2016 1460 3597 1536">
     <span class='ocr_line' id='line_1_44' title="bbox 2016 1460 3597 1536; baseline 0.007 -27"><span class='ocrx_word' id='word_1_310' title='bbox 2016 1460 2258 1524; x_wconf 83' lang='lat' dir='ltr'><strong>ducitur,</strong></span> <span class='ocrx_word' id='word_1_311' title='bbox 2296 1462 2696 1529; x_wconf 81' lang='lat' dir='ltr'><strong>convictusque</strong></span> <span class='ocrx_word' id='word_1_312' title='bbox 2731 1471 2783 1516; x_wconf 90' lang='lat' dir='ltr'><strong>et</strong></span> <span class='ocrx_word' id='word_1_313' title='bbox 2816 1465 3012 1534; x_wconf 84' lang='lat' dir='ltr'><strong>capitis</strong></span> <span class='ocrx_word' id='word_1_314' title='bbox 3050 1465 3346 1520; x_wconf 91' lang='lat' dir='ltr'><strong>damnatus</strong></span> <span class='ocrx_word' id='word_1_315' title='bbox 3381 1474 3440 1520; x_wconf 91' lang='lat' dir='ltr'><strong>ut</strong></span> <span class='ocrx_word' id='word_1_316' title='bbox 3472 1483 3597 1536; x_wconf 88' lang='lat' dir='ltr'><strong>pro-</strong></span> 
     </span>
    </p>
   </div>
   <div class='ocr_carea' id='block_1_45' title="bbox 2014 1553 3595 1626">
    <p class='ocr_par' dir='ltr' id='par_1_45' title="bbox 2014 1553 3595 1626">
     <span class='ocr_line' id='line_1_45' title="bbox 2014 1553 3595 1626; baseline 0.004 -20"><span class='ocrx_word' id='word_1_317' title='bbox 2014 1553 2165 1607; x_wconf 87' lang='lat' dir='ltr'><strong>ditor</strong></span> <span class='ocrx_word' id='word_1_318' title='bbox 2218 1556 2272 1605; x_wconf 92' lang='lat' dir='ltr'><strong>in</strong></span> <span class='ocrx_word' id='word_1_319' title='bbox 2303 1553 2558 1607; x_wconf 80' lang='lat' dir='ltr'><strong>exsilium</strong></span> <span class='ocrx_word' id='word_1_320' title='bbox 2614 1554 2869 1616; x_wconf 90' lang='lat' dir='ltr'><strong>mittitur,</strong></span> <span class='ocrx_word' id='word_1_321' title='bbox 2905 1556 3041 1610; x_wconf 89' lang='lat' dir='ltr'><strong>urbe</strong></span> <span class='ocrx_word' id='word_1_322' title='bbox 3084 1557 3379 1626; x_wconf 79' lang='lat' dir='ltr'><strong>expellitur</strong></span> <span class='ocrx_word' id='word_1_323' title='bbox 3407 1599 3421 1619; x_wconf 89' lang='lat'><strong>,</strong></span> <span class='ocrx_word' id='word_1_324' title='bbox 3483 1574 3595 1612; x_wconf 93' lang='lat' dir='ltr'><strong>non</strong></span> 
     </span>
    </p>
   </div>
   <div class='ocr_carea' id='block_1_46' title="bbox 2013 1646 3595 1719">
    <p class='ocr_par' dir='ltr' id='par_1_46' title="bbox 2013 1646 3595 1719">
     <span class='ocr_line' id='line_1_46' title="bbox 2013 1646 3595 1719; baseline 0.004 -20"><span class='ocrx_word' id='word_1_325' title='bbox 2013 1648 2132 1699; x_wconf 85' lang='lat' dir='ltr'><strong>sine</strong></span> <span class='ocrx_word' id='word_1_326' title='bbox 2168 1647 2407 1698; x_wconf 79' lang='lat' dir='ltr'><strong>maximo</strong></span> <span class='ocrx_word' id='word_1_327' title='bbox 2439 1646 2627 1700; x_wconf 90' lang='lat' dir='ltr'><strong>dolore</strong></span> <span class='ocrx_word' id='word_1_328' title='bbox 2656 1660 2846 1701; x_wconf 77' lang='lat' dir='ltr'><strong>eet-um</strong></span> <span class='ocrx_word' id='word_1_329' title='bbox 2881 1650 3122 1701; x_wconf 89' lang='lat' dir='ltr'><strong>omnium</strong></span> <span class='ocrx_word' id='word_1_330' title='bbox 3151 1651 3293 1717; x_wconf 88' lang='lat' dir='ltr'><strong>apud</strong></span> <span class='ocrx_word' id='word_1_331' title='bbox 3318 1665 3457 1719; x_wconf 89' lang='lat' dir='ltr'><strong>quos</strong></span> <span class='ocrx_word' id='word_1_332' title='bbox 3482 1667 3595 1705; x_wconf 69' lang='lat' dir='ltr'><strong>sum.</strong></span> 
     </span>
    </p>
   </div>
   <div class='ocr_carea' id='block_1_47' title="bbox 2012 1734 3595 1805">
    <p class='ocr_par' dir='ltr' id='par_1_47' title="bbox 2012 1734 3595 1805">
     <span class='ocr_line' id='line_1_47' title="bbox 2012 1734 3595 1805; baseline 0.003 -19"><span class='ocrx_word' id='word_1_333' title='bbox 2012 1735 2235 1789; x_wconf 86' lang='lat' dir='ltr'><strong>virtutis</strong></span> <span class='ocrx_word' id='word_1_334' title='bbox 2262 1750 2326 1788; x_wconf 90' lang='lat' dir='ltr'><strong>ac</strong></span> <span class='ocrx_word' id='word_1_335' title='bbox 2361 1736 2706 1790; x_wconf 89' lang='lat' dir='ltr'><strong>strenuitatis</strong></span> <span class='ocrx_word' id='word_1_336' title='bbox 2737 1734 3013 1805; x_wconf 84' lang='lat' dir='ltr'><strong>specimen</strong></span> <span class='ocrx_word' id='word_1_337' title='bbox 3053 1736 3296 1791; x_wconf 82' lang='lat' dir='ltr'><strong>dederat.</strong></span> <span class='ocrx_word' id='word_1_338' title='bbox 3330 1738 3433 1803; x_wconf 84' lang='lat' dir='ltr'><strong>Qui</strong></span> <span class='ocrx_word' id='word_1_339' title='bbox 3465 1755 3595 1793; x_wconf 81' lang='lat' dir='ltr'><strong>vero</strong></span> 
     </span>
    </p>
   </div>
   <div class='ocr_carea' id='block_1_48' title="bbox 2014 1826 3593 1900">
    <p class='ocr_par' dir='ltr' id='par_1_48' title="bbox 2014 1826 3593 1900">
     <span class='ocr_line' id='line_1_48' title="bbox 2014 1826 3593 1900; baseline 0.003 -22"><span class='ocrx_word' id='word_1_340' title='bbox 2014 1828 2193 1895; x_wconf 78' lang='lat' dir='ltr'><strong>ipsum</strong></span> <span class='ocrx_word' id='word_1_341' title='bbox 2265 1826 2624 1894; x_wconf 78' lang='lat' dir='ltr'><strong>ignorabant,</strong></span> <span class='ocrx_word' id='word_1_342' title='bbox 2678 1827 2876 1881; x_wconf 84' lang='lat' dir='ltr'><strong>famam</strong></span> <span class='ocrx_word' id='word_1_343' title='bbox 2923 1829 2991 1882; x_wconf 85' lang='lat' dir='ltr'><strong>ab</strong></span> <span class='ocrx_word' id='word_1_344' title='bbox 3046 1830 3170 1883; x_wconf 85' lang='lat' dir='ltr'><strong>aliis</strong></span> <span class='ocrx_word' id='word_1_345' title='bbox 3229 1832 3593 1900; x_wconf 83' lang='lat' dir='ltr'><strong>percipientes</strong></span> 
     </span>
    </p>
   </div>
   <div class='ocr_carea' id='block_1_49' title="bbox 2014 1914 3595 1982">
    <p class='ocr_par' dir='ltr' id='par_1_49' title="bbox 2014 1914 3595 1982">
     <span class='ocr_line' id='line_1_49' title="bbox 2014 1914 3595 1982; baseline 0.002 -14"><span class='ocrx_word' id='word_1_346' title='bbox 2014 1914 2200 1968; x_wconf 83' lang='lat' dir='ltr'><strong>Statim</strong></span> <span class='ocrx_word' id='word_1_347' title='bbox 2236 1914 2413 1982; x_wconf 85' lang='lat' dir='ltr'><strong>ipsius</strong></span> <span class='ocrx_word' id='word_1_348' title='bbox 2440 1928 2626 1968; x_wconf 84' lang='lat' dir='ltr'><strong>amore</strong></span> <span class='ocrx_word' id='word_1_349' title='bbox 2656 1915 3035 1982; x_wconf 87' lang='lat' dir='ltr'><strong>capiebantur.</strong></span> <span class='ocrx_word' id='word_1_350' title='bbox 3073 1916 3138 1968; x_wconf 81' lang='lat' dir='ltr'><strong>Et</strong></span> <span class='ocrx_word' id='word_1_351' title='bbox 3167 1916 3373 1970; x_wconf 88' lang='lat' dir='ltr'><strong>idcirco</strong></span> <span class='ocrx_word' id='word_1_352' title='bbox 3403 1932 3595 1971; x_wconf 85' lang='lat' dir='ltr'><strong>omnes</strong></span> 
     </span>
    </p>
   </div>
   <div class='ocr_carea' id='block_1_50' title="bbox 2015 2004 3593 2075">
    <p class='ocr_par' dir='ltr' id='par_1_50' title="bbox 2015 2004 3593 2075">
     <span class='ocr_line' id='line_1_50' title="bbox 2015 2004 3593 2075; baseline 0.004 -19"><span class='ocrx_word' id='word_1_353' title='bbox 2015 2005 2283 2075; x_wconf 85' lang='lat' dir='ltr'><strong>optabant</strong></span> <span class='ocrx_word' id='word_1_354' title='bbox 2324 2007 2503 2060; x_wconf 88' lang='lat' dir='ltr'><strong>virum</strong></span> <span class='ocrx_word' id='word_1_355' title='bbox 2556 2004 2829 2075; x_wconf 85' lang='lat' dir='ltr'><strong>supplicio</strong></span> <span class='ocrx_word' id='word_1_356' title='bbox 2878 2006 3098 2060; x_wconf 88' lang='lat' dir='ltr'><strong>liberari</strong></span> <span class='ocrx_word' id='word_1_357' title='bbox 3128 2017 3183 2061; x_wconf 90' lang='lat' dir='ltr'><strong>et</strong></span> <span class='ocrx_word' id='word_1_358' title='bbox 3221 2004 3593 2062; x_wconf 75' lang='lat' dir='ltr'><strong>Romanorum</strong></span> 
     </span>
    </p>
   </div>
   <div class='ocr_carea' id='block_1_51' title="bbox 2012 2092 3593 2166">
    <p class='ocr_par' dir='ltr' id='par_1_51' title="bbox 2012 2092 3593 2166">
     <span class='ocr_line' id='line_1_51' title="bbox 2012 2092 3593 2166; baseline 0.004 -22"><span class='ocrx_word' id='word_1_359' title='bbox 2012 2095 2244 2162; x_wconf 84' lang='lat' dir='ltr'><strong>imperio</strong></span> <span class='ocrx_word' id='word_1_360' title='bbox 2273 2095 2490 2148; x_wconf 89' lang='lat' dir='ltr'><strong>donari.</strong></span> <span class='ocrx_word' id='word_1_361' title='bbox 2517 2092 2582 2147; x_wconf 87' lang='lat' dir='ltr'><strong>Et</strong></span> <span class='ocrx_word' id='word_1_362' title='bbox 2606 2096 2731 2164; x_wconf 85' lang='lat' dir='ltr'><strong>quia</strong></span> <span class='ocrx_word' id='word_1_363' title='bbox 2764 2095 2933 2149; x_wconf 79' lang='lat' dir='ltr'><strong>divini</strong></span> <span class='ocrx_word' id='word_1_364' title='bbox 2965 2096 3063 2149; x_wconf 82' lang='lat' dir='ltr'><strong>zeli</strong></span> <span class='ocrx_word' id='word_1_365' title='bbox 3088 2098 3452 2166; x_wconf 89' lang='lat' dir='ltr'><strong>propositum,</strong></span> <span class='ocrx_word' id='word_1_366' title='bbox 3484 2114 3593 2152; x_wconf 88' lang='lat' dir='ltr'><strong>non</strong></span> 
     </span>
    </p>
   </div>
   <div class='ocr_carea' id='block_1_52' title="bbox 2012 2187 3593 2257">
    <p class='ocr_par' dir='ltr' id='par_1_52' title="bbox 2012 2187 3593 2257">
     <span class='ocr_line' id='line_1_52' title="bbox 2012 2187 3593 2257; baseline 0.004 -20"><span class='ocrx_word' id='word_1_367' title='bbox 2012 2194 2194 2238; x_wconf 85' lang='lat' dir='ltr'><strong>autem</strong></span> <span class='ocrx_word' id='word_1_368' title='bbox 2228 2188 2436 2255; x_wconf 85' lang='lat' dir='ltr'><strong>prOprii</strong></span> <span class='ocrx_word' id='word_1_369' title='bbox 2487 2187 2692 2241; x_wconf 89' lang='lat' dir='ltr'><strong>amoris</strong></span> <span class='ocrx_word' id='word_1_370' title='bbox 2727 2195 2868 2249; x_wconf 89' lang='lat' dir='ltr'><strong>erat,</strong></span> <span class='ocrx_word' id='word_1_371' title='bbox 2915 2189 3118 2257; x_wconf 90' lang='lat' dir='ltr'><strong>quippe</strong></span> <span class='ocrx_word' id='word_1_372' title='bbox 3158 2203 3283 2243; x_wconf 90' lang='lat' dir='ltr'><strong>cum</strong></span> <span class='ocrx_word' id='word_1_373' title='bbox 3325 2188 3593 2245; x_wconf 85' lang='lat' dir='ltr'><strong>Christia-</strong></span> 
     </span>
    </p>
   </div>
   <div class='ocr_carea' id='block_1_53' title="bbox 2015 2277 3596 2348">
    <p class='ocr_par' dir='ltr' id='par_1_53' title="bbox 2015 2277 3596 2348">
     <span class='ocr_line' id='line_1_53' title="bbox 2015 2277 3596 2348; baseline 0.004 -20"><span class='ocrx_word' id='word_1_374' title='bbox 2015 2292 2212 2330; x_wconf 91' lang='lat' dir='ltr'><strong>norum</strong></span> <span class='ocrx_word' id='word_1_375' title='bbox 2261 2278 2420 2331; x_wconf 88' lang='lat' dir='ltr'><strong>turba</strong></span> <span class='ocrx_word' id='word_1_376' title='bbox 2471 2277 2719 2347; x_wconf 86' lang='lat' dir='ltr'><strong>quotidie</strong></span> <span class='ocrx_word' id='word_1_377' title='bbox 2774 2278 2847 2332; x_wconf 86' lang='lat' dir='ltr'><strong>ab</strong></span> <span class='ocrx_word' id='word_1_378' title='bbox 2880 2280 3154 2348; x_wconf 82' lang='lat' dir='ltr'><strong>Agarenis</strong></span> <span class='ocrx_word' id='word_1_379' title='bbox 3206 2282 3596 2336; x_wconf 85' lang='lat' dir='ltr'><strong>miserabiliter</strong></span> 
     </span>
    </p>
   </div>
   <div class='ocr_carea' id='block_1_54' title="bbox 2012 2368 3593 2443">
    <p class='ocr_par' dir='ltr' id='par_1_54' title="bbox 2012 2368 3593 2443">
     <span class='ocr_line' id='line_1_54' title="bbox 2012 2368 3593 2443; baseline 0.006 -24"><span class='ocrx_word' id='word_1_380' title='bbox 2012 2374 2207 2421; x_wconf 85' lang='lat' dir='ltr'><strong>vexata</strong></span> <span class='ocrx_word' id='word_1_381' title='bbox 2234 2368 2603 2433; x_wconf 86' lang='lat' dir='ltr'><strong>cruciaretur,</strong></span> <span class='ocrx_word' id='word_1_382' title='bbox 2625 2370 2885 2439; x_wconf 85' lang='lat' dir='ltr'><strong>deinceps</strong></span> <span class='ocrx_word' id='word_1_383' title='bbox 2914 2380 3098 2440; x_wconf 81' lang='lat' dir='ltr'><strong>Optata</strong></span> <span class='ocrx_word' id='word_1_384' title='bbox 3124 2387 3316 2428; x_wconf 85' lang='lat' dir='ltr'><strong>eorum</strong></span> <span class='ocrx_word' id='word_1_385' title='bbox 3346 2376 3438 2443; x_wconf 91' lang='lat' dir='ltr'><strong>qui</strong></span> <span class='ocrx_word' id='word_1_386' title='bbox 3468 2386 3593 2429; x_wconf 87' lang='lat' dir='ltr'><strong>vota</strong></span> 
     </span>
    </p>
   </div>
   <div class='ocr_carea' id='block_1_55' title="bbox 2011 2461 3593 2532">
    <p class='ocr_par' dir='ltr' id='par_1_55' title="bbox 2011 2461 3593 2532">
     <span class='ocr_line' id='line_1_55' title="bbox 2011 2461 3593 2532; baseline 0.003 -18"><span class='ocrx_word' id='word_1_387' title='bbox 2011 2461 2283 2517; x_wconf 81' lang='lat' dir='ltr'><strong>faciebant</strong></span> <span class='ocrx_word' id='word_1_388' title='bbox 2307 2462 2374 2517; x_wconf 88' lang='lat' dir='ltr'><strong>ad</strong></span> <span class='ocrx_word' id='word_1_389' title='bbox 2404 2462 2615 2518; x_wconf 82' lang='lat' dir='ltr'><strong>exitum</strong></span> <span class='ocrx_word' id='word_1_390' title='bbox 2646 2464 2911 2532; x_wconf 87' lang='lat' dir='ltr'><strong>perducta</strong></span> <span class='ocrx_word' id='word_1_391' title='bbox 2940 2472 3088 2518; x_wconf 89' lang='lat' dir='ltr'><strong>sunt.</strong></span> <span class='ocrx_word' id='word_1_392' title='bbox 3126 2463 3263 2518; x_wconf 91' lang='lat' dir='ltr'><strong>Cum</strong></span> <span class='ocrx_word' id='word_1_393' title='bbox 3290 2468 3434 2520; x_wconf 90' lang='lat' dir='ltr'><strong>enim</strong></span> <span class='ocrx_word' id='word_1_394' title='bbox 3468 2482 3593 2521; x_wconf 89' lang='lat' dir='ltr'><strong>rur-</strong></span> 
     </span>
    </p>
   </div>
   <div class='ocr_carea' id='block_1_56' title="bbox 2011 2554 3595 2625">
    <p class='ocr_par' dir='ltr' id='par_1_56' title="bbox 2011 2554 3595 2625">
     <span class='ocr_line' id='line_1_56' title="bbox 2011 2554 3595 2625; baseline 0.002 -17"><span class='ocrx_word' id='word_1_395' title='bbox 2011 2569 2108 2611; x_wconf 88' lang='lat' dir='ltr'><strong>sus</strong></span> <span class='ocrx_word' id='word_1_396' title='bbox 2156 2554 2222 2607; x_wconf 89' lang='lat' dir='ltr'><strong>ad</strong></span> <span class='ocrx_word' id='word_1_397' title='bbox 2280 2554 2485 2624; x_wconf 76' lang='lat' dir='ltr'><strong>regium</strong></span> <span class='ocrx_word' id='word_1_398' title='bbox 2537 2565 2855 2625; x_wconf 75' lang='lat' dir='ltr'><strong>suggestum</strong></span> <span class='ocrx_word' id='word_1_399' title='bbox 2899 2555 3169 2612; x_wconf 87' lang='lat' dir='ltr'><strong>adductus</strong></span> <span class='ocrx_word' id='word_1_400' title='bbox 3218 2558 3442 2621; x_wconf 79' lang='lat' dir='ltr'><strong>fuisset,</strong></span> <span class='ocrx_word' id='word_1_401' title='bbox 3482 2560 3595 2612; x_wconf 83' lang='lat' dir='ltr'><strong>Au-</strong></span> 
     </span>
    </p>
   </div>
   <div class='ocr_carea' id='block_1_57' title="bbox 2010 2642 3589 2713">
    <p class='ocr_par' dir='ltr' id='par_1_57' title="bbox 2010 2642 3589 2713">
     <span class='ocr_line' id='line_1_57' title="bbox 2010 2642 3589 2713; baseline 0.004 -18"><span class='ocrx_word' id='word_1_402' title='bbox 2010 2653 2168 2713; x_wconf 87' lang='lat' dir='ltr'><strong>gusta</strong></span> <span class='ocrx_word' id='word_1_403' title='bbox 2197 2642 2439 2697; x_wconf 86' lang='lat' dir='ltr'><strong>Eudocia</strong></span> <span class='ocrx_word' id='word_1_404' title='bbox 2467 2643 2733 2697; x_wconf 89' lang='lat' dir='ltr'><strong>immensa</strong></span> <span class='ocrx_word' id='word_1_405' title='bbox 2760 2644 3138 2699; x_wconf 87' lang='lat' dir='ltr'><strong>misericordia</strong></span> <span class='ocrx_word' id='word_1_406' title='bbox 3170 2655 3440 2701; x_wconf 87' lang='lat' dir='ltr'><strong>commota</strong></span> <span class='ocrx_word' id='word_1_407' title='bbox 3469 2660 3549 2701; x_wconf 87' lang='lat' dir='ltr'><strong>est</strong></span> <span class='ocrx_word' id='word_1_408' title='bbox 3575 2668 3589 2701; x_wconf 87' lang='lat'><strong>:</strong></span> 
     </span>
    </p>
   </div>
   <div class='ocr_carea' id='block_1_58' title="bbox 2008 2737 3590 2811">
    <p class='ocr_par' dir='ltr' id='par_1_58' title="bbox 2008 2737 3590 2811">
     <span class='ocr_line' id='line_1_58' title="bbox 2008 2737 3590 2811; baseline 0.004 -21"><span class='ocrx_word' id='word_1_409' title='bbox 2008 2746 2130 2791; x_wconf 87' lang='lat' dir='ltr'><strong>erat</strong></span> <span class='ocrx_word' id='word_1_410' title='bbox 2176 2738 2325 2790; x_wconf 88' lang='lat' dir='ltr'><strong>enim</strong></span> <span class='ocrx_word' id='word_1_411' title='bbox 2355 2739 2439 2789; x_wconf 81' lang='lat' dir='ltr'><strong>vir</strong></span> <span class='ocrx_word' id='word_1_412' title='bbox 2476 2745 2677 2806; x_wconf 70' lang='lat' dir='ltr'><strong>praater</strong></span> <span class='ocrx_word' id='word_1_413' title='bbox 2700 2737 2805 2790; x_wconf 88' lang='lat' dir='ltr'><strong>alia</strong></span> <span class='ocrx_word' id='word_1_414' title='bbox 2835 2747 3087 2807; x_wconf 89' lang='lat' dir='ltr'><strong>spectatu</strong></span> <span class='ocrx_word' id='word_1_415' title='bbox 3116 2754 3337 2810; x_wconf 89' lang='lat' dir='ltr'><strong>quoque</strong></span> <span class='ocrx_word' id='word_1_416' title='bbox 3368 2742 3590 2811; x_wconf 89' lang='lat' dir='ltr'><strong>dignus,</strong></span> 
     </span>
    </p>
   </div>
   <div class='ocr_carea' id='block_1_59' title="bbox 2009 2828 3596 2899">
    <p class='ocr_par' dir='ltr' id='par_1_59' title="bbox 2009 2828 3596 2899">
     <span class='ocr_line' id='line_1_59' title="bbox 2009 2828 3596 2899; baseline 0.005 -21"><span class='ocrx_word' id='word_1_417' title='bbox 2009 2832 2221 2879; x_wconf 88' lang='lat' dir='ltr'><strong>statura</strong></span> <span class='ocrx_word' id='word_1_418' title='bbox 2274 2838 2563 2893; x_wconf 89' lang='lat' dir='ltr'><strong>procerus,</strong></span> <span class='ocrx_word' id='word_1_419' title='bbox 2617 2835 2840 2894; x_wconf 89' lang='lat' dir='ltr'><strong>pectore</strong></span> <span class='ocrx_word' id='word_1_420' title='bbox 2876 2836 2929 2881; x_wconf 90' lang='lat' dir='ltr'><strong>et</strong></span> <span class='ocrx_word' id='word_1_421' title='bbox 2981 2828 3227 2884; x_wconf 90' lang='lat' dir='ltr'><strong>humeris</strong></span> <span class='ocrx_word' id='word_1_422' title='bbox 3287 2832 3596 2899; x_wconf 88' lang='lat' dir='ltr'><strong>pulcherri—</strong></span> 
     </span>
    </p>
   </div>
   <div class='ocr_carea' id='block_1_60' title="bbox 2009 2917 3593 2992">
    <p class='ocr_par' dir='ltr' id='par_1_60' title="bbox 2009 2917 3593 2992">
     <span class='ocr_line' id='line_1_60' title="bbox 2009 2917 3593 2992; baseline 0.006 -22"><span class='ocrx_word' id='word_1_423' title='bbox 2009 2933 2151 2981; x_wconf 92' lang='lat' dir='ltr'><strong>mus,</strong></span> <span class='ocrx_word' id='word_1_424' title='bbox 2184 2924 2237 2972; x_wconf 90' lang='lat' dir='ltr'><strong>et</strong></span> <span class='ocrx_word' id='word_1_425' title='bbox 2299 2917 2717 2986; x_wconf 87' lang='lat' dir='ltr'><strong>pulchritudine</strong></span> <span class='ocrx_word' id='word_1_426' title='bbox 2750 2918 3037 2972; x_wconf 90' lang='lat' dir='ltr'><strong>oculorum</strong></span> <span class='ocrx_word' id='word_1_427' title='bbox 3084 2928 3144 2973; x_wconf 92' lang='lat' dir='ltr'><strong>ut</strong></span> <span class='ocrx_word' id='word_1_428' title='bbox 3192 2922 3238 2975; x_wconf 90' lang='lat' dir='ltr'><strong>si</strong></span> <span class='ocrx_word' id='word_1_429' title='bbox 3271 2923 3396 2992; x_wconf 90' lang='lat' dir='ltr'><strong>quis</strong></span> <span class='ocrx_word' id='word_1_430' title='bbox 3453 2925 3593 2979; x_wconf 88' lang='lat' dir='ltr'><strong>alius</strong></span> 
     </span>
    </p>
   </div>
   <div class='ocr_carea' id='block_1_61' title="bbox 2009 3009 3596 3077">
    <p class='ocr_par' dir='ltr' id='par_1_61' title="bbox 2009 3009 3596 3077">
     <span class='ocr_line' id='line_1_61' title="bbox 2009 3009 3596 3077; baseline 0.006 -17"><span class='ocrx_word' id='word_1_431' title='bbox 2009 3019 2297 3077; x_wconf 64' lang='lat' dir='ltr'><strong>praestans,</strong></span> <span class='ocrx_word' id='word_1_432' title='bbox 2334 3009 2419 3063; x_wconf 85' lang='lat' dir='ltr'><strong>his</strong></span> <span class='ocrx_word' id='word_1_433' title='bbox 2460 3011 2716 3063; x_wconf 88' lang='lat' dir='ltr'><strong>omnibus</strong></span> <span class='ocrx_word' id='word_1_434' title='bbox 2766 3011 3009 3065; x_wconf 85' lang='lat' dir='ltr'><strong>levamen</strong></span> <span class='ocrx_word' id='word_1_435' title='bbox 3052 3014 3386 3071; x_wconf 88' lang='lat' dir='ltr'><strong>calamitatis</strong></span> <span class='ocrx_word' id='word_1_436' title='bbox 3448 3019 3596 3072; x_wconf 84' lang='lat' dir='ltr'><strong>cllla-</strong></span> 
     </span>
    </p>
   </div>
   <div class='ocr_carea' id='block_1_62' title="bbox 324 3102 2071 3183">
    <p class='ocr_par' dir='ltr' id='par_1_62' title="bbox 324 3102 2071 3183">
     <span class='ocr_line' id='line_1_62' title="bbox 324 3102 2071 3183; baseline 0 -31"><span class='ocrx_word' id='word_1_437' title='bbox 324 3119 402 3164; x_wconf 79' lang='grc' dir='ltr'><strong>τε,</strong></span> <span class='ocrx_word' id='word_1_438' title='bbox 434 3105 595 3168; x_wconf 77' lang='grc' dir='ltr'>εἴπερ</span> <span class='ocrx_word' id='word_1_439' title='bbox 634 3120 718 3164; x_wconf 85' lang='grc' dir='ltr'><strong>τις</strong></span> <span class='ocrx_word' id='word_1_440' title='bbox 756 3102 935 3163; x_wconf 84' lang='grc' dir='ltr'>ἄλλος,</span> <span class='ocrx_word' id='word_1_441' title='bbox 978 3102 1072 3154; x_wconf 77' lang='grc' dir='ltr'><strong>καὶ</strong></span> <span class='ocrx_word' id='word_1_442' title='bbox 1103 3102 1197 3153; x_wconf 78' lang='grc' dir='ltr'><strong>τοῦ</strong></span> <span class='ocrx_word' id='word_1_443' title='bbox 1238 3102 1443 3164; x_wconf 85' lang='grc' dir='ltr'>πάθους</span> <span class='ocrx_word' id='word_1_444' title='bbox 1471 3102 1695 3155; x_wconf 82' lang='grc' dir='ltr'>αὐτόθεν</span> <span class='ocrx_word' id='word_1_445' title='bbox 1728 3102 1906 3171; x_wconf 86' lang='grc' dir='ltr'>παρά·</span> <span class='ocrx_word' id='word_1_446' title='bbox 1933 3123 1978 3183; x_wconf 76' lang='lat' dir='ltr'><strong>C</strong></span> <span class='ocrx_word' id='word_1_447' title='bbox 2010 3103 2071 3171; x_wconf 86' lang='lat' dir='ltr'><strong>gil</strong></span> 
     </span>
    </p>
   </div>
   <div class='ocr_carea' id='block_1_63' title="bbox 1845 3102 3592 3183">
    <p class='ocr_par' dir='ltr' id='par_1_63' title="bbox 1845 3102 3592 3183">
     <span class='ocr_line' id='line_1_63' title="bbox 1845 3102 3592 3183; baseline 0.005 -27"><span class='ocrx_word' id='word_1_448' title='bbox 1845 3102 1906 3156; x_wconf 86' lang='grc' dir='ltr'>ά·</span> <span class='ocrx_word' id='word_1_449' title='bbox 1933 3123 1978 3183; x_wconf 76' lang='lat' dir='ltr'><strong>C</strong></span> <span class='ocrx_word' id='word_1_450' title='bbox 2010 3103 2209 3171; x_wconf 88' lang='lat' dir='ltr'><strong>gitans,</strong></span> <span class='ocrx_word' id='word_1_451' title='bbox 2246 3116 2421 3171; x_wconf 89' lang='lat' dir='ltr'><strong>neque</strong></span> <span class='ocrx_word' id='word_1_452' title='bbox 2446 3117 2672 3171; x_wconf 86' lang='lat' dir='ltr'><strong>prorsus</strong></span> <span class='ocrx_word' id='word_1_453' title='bbox 2701 3102 2884 3156; x_wconf 90' lang='lat' dir='ltr'><strong>album</strong></span> <span class='ocrx_word' id='word_1_454' title='bbox 2918 3118 3097 3172; x_wconf 90' lang='lat' dir='ltr'><strong>neque</strong></span> <span class='ocrx_word' id='word_1_455' title='bbox 3117 3121 3344 3175; x_wconf 81' lang='lat' dir='ltr'><strong>prorsus</strong></span> <span class='ocrx_word' id='word_1_456' title='bbox 3377 3110 3592 3180; x_wconf 75' lang='lat' dir='ltr'><strong>nigrum</strong></span> 
     </span>
    </p>
   </div>
   <div class='ocr_carea' id='block_1_64' title="bbox 322 3191 1901 3263">
    <p class='ocr_par' dir='ltr' id='par_1_64' title="bbox 322 3191 1901 3263">
     <span class='ocr_line' id='line_1_64' title="bbox 322 3191 1901 3263; baseline 0 -18"><span class='ocrx_word' id='word_1_457' title='bbox 322 3194 518 3263; x_wconf 79' lang='grc' dir='ltr'>κλησιν</span> <span class='ocrx_word' id='word_1_458' title='bbox 565 3192 985 3260; x_wconf 83' lang='grc' dir='ltr'>ἐκκαλούμενος,</span> <span class='ocrx_word' id='word_1_459' title='bbox 1032 3191 1157 3262; x_wconf 83' lang='grc' dir='ltr'>μήτ’</span> <span class='ocrx_word' id='word_1_460' title='bbox 1184 3192 1411 3259; x_wconf 85' lang='grc' dir='ltr'>ἀκριϐὲς</span> <span class='ocrx_word' id='word_1_461' title='bbox 1438 3194 1500 3245; x_wconf 78' lang='grc' dir='ltr'>τὸ</span> <span class='ocrx_word' id='word_1_462' title='bbox 1538 3193 1731 3246; x_wconf 74' lang='grc' dir='ltr'>λευκον</span> <span class='ocrx_word' id='word_1_463' title='bbox 1763 3194 1901 3262; x_wconf 87' lang='grc' dir='ltr'>μήτε</span> 
     </span>
    </p>
   </div>
   <div class='ocr_carea' id='block_1_65' title="bbox 322 3281 1900 3357">
    <p class='ocr_par' dir='ltr' id='par_1_65' title="bbox 322 3281 1900 3357">
     <span class='ocr_line' id='line_1_65' title="bbox 322 3281 1900 3357; baseline 0.002 -23"><span class='ocrx_word' id='word_1_464' title='bbox 322 3285 381 3337; x_wconf 81' lang='grc' dir='ltr'><strong>τὸ</strong></span> <span class='ocrx_word' id='word_1_465' title='bbox 413 3286 583 3353; x_wconf 78' lang='grc' dir='ltr'>μέλαν</span> <span class='ocrx_word' id='word_1_466' title='bbox 625 3285 947 3350; x_wconf 78' lang='grc' dir='ltr'>ἀποσώςων,</span> <span class='ocrx_word' id='word_1_467' title='bbox 995 3285 1110 3339; x_wconf 81' lang='grc' dir='ltr'>ἀλλ’</span> <span class='ocrx_word' id='word_1_468' title='bbox 1156 3281 1268 3337; x_wconf 77' lang='grc' dir='ltr'>οἷον</span> <span class='ocrx_word' id='word_1_469' title='bbox 1305 3287 1728 3357; x_wconf 83' lang='grc' dir='ltr'>συγκεκραμένα</span> <span class='ocrx_word' id='word_1_470' title='bbox 1780 3286 1900 3339; x_wconf 88' lang='grc' dir='ltr'>κατ’</span> 
     </span>
    </p>
   </div>
   <div class='ocr_carea' id='block_1_66' title="bbox 322 3376 1899 3447">
    <p class='ocr_par' dir='ltr' id='par_1_66' title="bbox 322 3376 1899 3447">
     <span class='ocr_line' id='line_1_66' title="bbox 322 3376 1899 3447; baseline 0.003 -22"><span class='ocrx_word' id='word_1_471' title='bbox 322 3378 435 3429; x_wconf 79' lang='grc' dir='ltr'>ἴσον</span> <span class='ocrx_word' id='word_1_472' title='bbox 484 3379 797 3447; x_wconf 79' lang='grc' dir='ltr'>ἀμφότερα.</span> <span class='ocrx_word' id='word_1_473' title='bbox 843 3378 932 3439; x_wconf 86' lang='grc' dir='ltr'>Ὣς</span> <span class='ocrx_word' id='word_1_474' title='bbox 964 3376 1057 3429; x_wconf 78' lang='grc' dir='ltr'><strong>οὖν</strong></span> <span class='ocrx_word' id='word_1_475' title='bbox 1087 3378 1183 3429; x_wconf 84' lang='grc' dir='ltr'>κα).</span> <span class='ocrx_word' id='word_1_476' title='bbox 1208 3379 1241 3445; x_wconf 83' lang='grc' dir='ltr'><strong>ἡ</strong></span> <span class='ocrx_word' id='word_1_477' title='bbox 1273 3378 1606 3446; x_wconf 86' lang='grc' dir='ltr'>παρεστῶσα</span> <span class='ocrx_word' id='word_1_478' title='bbox 1638 3378 1899 3447; x_wconf 81' lang='grc' dir='ltr'>γερουσία</span> 
     </span>
    </p>
   </div>
   <div class='ocr_carea' id='block_1_67' title="bbox 320 3467 1903 3538">
    <p class='ocr_par' dir='ltr' id='par_1_67' title="bbox 320 3467 1903 3538">
     <span class='ocr_line' id='line_1_67' title="bbox 320 3467 1903 3538; baseline 0.001 -18"><span class='ocrx_word' id='word_1_479' title='bbox 320 3469 644 3532; x_wconf 83' lang='grc' dir='ltr'>συνέπαθεν,</span> <span class='ocrx_word' id='word_1_480' title='bbox 684 3468 847 3531; x_wconf 85' lang='grc' dir='ltr'>εὐθὺς</span> <span class='ocrx_word' id='word_1_481' title='bbox 878 3467 1318 3537; x_wconf 75' lang='grc' dir='ltr'>ἐπηκολούθησεν</span> <span class='ocrx_word' id='word_1_482' title='bbox 1350 3470 1382 3538; x_wconf 79' lang='grc' dir='ltr'>ἡ</span> <span class='ocrx_word' id='word_1_483' title='bbox 1423 3467 1762 3538; x_wconf 84' lang='grc' dir='ltr'>συμπάθεια.</span> <span class='ocrx_word' id='word_1_484' title='bbox 1807 3469 1903 3522; x_wconf 79' lang='grc' dir='ltr'>καὶ</span> 
     </span>
    </p>
   </div>
   <div class='ocr_carea' id='block_1_68' title="bbox 324 3560 1902 3629">
    <p class='ocr_par' dir='ltr' id='par_1_68' title="bbox 324 3560 1902 3629">
     <span class='ocr_line' id='line_1_68' title="bbox 324 3560 1902 3629; baseline 0.001 -18"><span class='ocrx_word' id='word_1_485' title='bbox 324 3560 646 3629; x_wconf 68' lang='grc' dir='ltr'>περισωθεὶς</span> <span class='ocrx_word' id='word_1_486' title='bbox 695 3560 789 3612; x_wconf 84' lang='grc' dir='ltr'>τοῦ</span> <span class='ocrx_word' id='word_1_487' title='bbox 839 3561 1086 3613; x_wconf 86' lang='grc' dir='ltr'>κινδύνου</span> <span class='ocrx_word' id='word_1_488' title='bbox 1138 3560 1286 3629; x_wconf 68' lang='grc' dir='ltr'>παρὰ</span> <span class='ocrx_word' id='word_1_489' title='bbox 1342 3561 1523 3611; x_wconf 80' lang='grc' dir='ltr'>πᾶσαν</span> <span class='ocrx_word' id='word_1_490' title='bbox 1574 3560 1764 3611; x_wconf 81' lang='grc' dir='ltr'>ἐλπίδα</span> <span class='ocrx_word' id='word_1_491' title='bbox 1808 3563 1902 3613; x_wconf 83' lang='grc' dir='ltr'><strong>καὶ</strong></span> 
     </span>
    </p>
   </div>
   <div class='ocr_carea' id='block_1_69' title="bbox 321 3649 1898 3719">
    <p class='ocr_par' dir='ltr' id='par_1_69' title="bbox 321 3649 1898 3719">
     <span class='ocr_line' id='line_1_69' title="bbox 321 3649 1898 3719; baseline 0.003 -18"><span class='ocrx_word' id='word_1_492' title='bbox 321 3652 648 3719; x_wconf 80' lang='grc' dir='ltr'>προσδοκίαν</span> <span class='ocrx_word' id='word_1_493' title='bbox 681 3650 966 3719; x_wconf 78' lang='grc' dir='ltr'>βασιλικῆς</span> <span class='ocrx_word' id='word_1_494' title='bbox 1001 3649 1278 3715; x_wconf 82' lang='grc' dir='ltr'>ἀξιώσεως</span> <span class='ocrx_word' id='word_1_495' title='bbox 1312 3649 1492 3718; x_wconf 80' lang='grc' dir='ltr'>ἔτυχε.</span> <span class='ocrx_word' id='word_1_496' title='bbox 1525 3650 1616 3702; x_wconf 86' lang='grc' dir='ltr'>Διὸ</span> <span class='ocrx_word' id='word_1_497' title='bbox 1648 3652 1743 3702; x_wconf 75' lang='grc' dir='ltr'>καὶ</span> <span class='ocrx_word' id='word_1_498' title='bbox 1764 3654 1898 3705; x_wconf 86' lang='grc' dir='ltr'>ἀπο-</span> 
     </span>
    </p>
   </div>
   <div class='ocr_carea' id='block_1_70' title="bbox 321 3734 1898 3810">
    <p class='ocr_par' dir='ltr' id='par_1_70' title="bbox 321 3734 1898 3810">
     <span class='ocr_line' id='line_1_70' title="bbox 321 3734 1898 3810; baseline -0.001 -18"><span class='ocrx_word' id='word_1_499' title='bbox 321 3742 498 3803; x_wconf 78' lang='grc' dir='ltr'>λυθεὶς</span> <span class='ocrx_word' id='word_1_500' title='bbox 542 3742 693 3810; x_wconf 75' lang='grc' dir='ltr'>παρὰ</span> <span class='ocrx_word' id='word_1_501' title='bbox 724 3741 946 3793; x_wconf 87' lang='grc' dir='ltr'>πάντων</span> <span class='ocrx_word' id='word_1_502' title='bbox 980 3740 1279 3809; x_wconf 78' lang='grc' dir='ltr'>ἠσπάζετο.</span> <span class='ocrx_word' id='word_1_503' title='bbox 1336 3737 1527 3802; x_wconf 81' lang='grc' dir='ltr'>Ἐξιὼν</span> <span class='ocrx_word' id='word_1_504' title='bbox 1553 3734 1647 3792; x_wconf 82' lang='grc' dir='ltr'><strong>οὖν</strong></span> <span class='ocrx_word' id='word_1_505' title='bbox 1678 3741 1759 3802; x_wconf 77' lang='grc' dir='ltr'>εἰς</span> <span class='ocrx_word' id='word_1_506' title='bbox 1799 3742 1898 3808; x_wconf 83' lang='grc' dir='ltr'><strong>τὴν</strong></span> 
     </span>
    </p>
   </div>
   <div class='ocr_carea' id='block_1_71' title="bbox 325 3824 1899 3901">
    <p class='ocr_par' dir='ltr' id='par_1_71' title="bbox 325 3824 1899 3901">
     <span class='ocr_line' id='line_1_71' title="bbox 325 3824 1899 3901; baseline -0.002 -16"><span class='ocrx_word' id='word_1_507' title='bbox 325 3832 729 3895; x_wconf 82' lang='grc' dir='ltr'>Καππαδοκῶν,</span> <span class='ocrx_word' id='word_1_508' title='bbox 783 3832 843 3894; x_wconf 77' lang='grc' dir='ltr'>ἐξ</span> <span class='ocrx_word' id='word_1_509' title='bbox 888 3824 957 3901; x_wconf 75' lang='grc' dir='ltr'>ἧς</span> <span class='ocrx_word' id='word_1_510' title='bbox 1012 3830 1107 3882; x_wconf 74' lang='grc' dir='ltr'><strong>καὶ</strong></span> <span class='ocrx_word' id='word_1_511' title='bbox 1150 3830 1407 3899; x_wconf 81' lang='grc' dir='ltr'>γέννησιν</span> <span class='ocrx_word' id='word_1_512' title='bbox 1461 3829 1692 3899; x_wconf 76' lang='grc' dir='ltr'>ἔσχηκε,</span> <span class='ocrx_word' id='word_1_513' title='bbox 1736 3831 1899 3883; x_wconf 84' lang='grc' dir='ltr'>πάλιν</span> 
     </span>
    </p>
   </div>
   <div class='ocr_carea' id='block_1_72' title="bbox 326 3922 1897 3994">
    <p class='ocr_par' dir='ltr' id='par_1_72' title="bbox 326 3922 1897 3994">
     <span class='ocr_line' id='line_1_72' title="bbox 326 3922 1897 3994; baseline -0.002 -17"><span class='ocrx_word' id='word_1_514' title='bbox 326 3924 740 3994; x_wconf 68' lang='grc' dir='ltr'>μεταπεμφθεὶς</span> <span class='ocrx_word' id='word_1_515' title='bbox 770 3926 849 3986; x_wconf 81' lang='grc' dir='ltr'><strong>είς</strong></span> <span class='ocrx_word' id='word_1_516' title='bbox 882 3925 980 3993; x_wconf 83' lang='grc' dir='ltr'><strong>τὴν</strong></span> <span class='ocrx_word' id='word_1_517' title='bbox 1005 3922 1395 3992; x_wconf 85' lang='grc' dir='ltr'>βασιλεύουσαν</span> <span class='ocrx_word' id='word_1_518' title='bbox 1432 3922 1766 3991; x_wconf 77' lang='grc' dir='ltr'>εἰσελήλυθε,</span> <span class='ocrx_word' id='word_1_519' title='bbox 1805 3923 1897 3976; x_wconf 76' lang='grc' dir='ltr'><strong>καὶ</strong></span> 
     </span>
    </p>
   </div>
   <div class='ocr_carea' id='block_1_73' title="bbox 319 4012 1893 4085">
    <p class='ocr_par' dir='ltr' id='par_1_73' title="bbox 319 4012 1893 4085">
     <span class='ocr_line' id='line_1_73' title="bbox 319 4012 1893 4085; baseline -0.001 -16"><span class='ocrx_word' id='word_1_520' title='bbox 319 4019 430 4078; x_wconf 78' lang='grc' dir='ltr'>τοῖς</span> <span class='ocrx_word' id='word_1_521' title='bbox 463 4016 758 4084; x_wconf 84' lang='grc' dir='ltr'>γενεθλίοις</span> <span class='ocrx_word' id='word_1_522' title='bbox 785 4014 880 4066; x_wconf 76' lang='grc' dir='ltr'>τοῦ</span> <span class='ocrx_word' id='word_1_523' title='bbox 908 4014 1159 4083; x_wconf 83' lang='grc' dir='ltr'>Σωτῆρος</span> <span class='ocrx_word' id='word_1_524' title='bbox 1187 4013 1299 4084; x_wconf 80' lang='grc'>(15)</span> <span class='ocrx_word' id='word_1_525' title='bbox 1323 4012 1561 4082; x_wconf 83' lang='grc' dir='ltr'>Χριστοῦ</span> <span class='ocrx_word' id='word_1_526' title='bbox 1594 4013 1893 4085; x_wconf 85' lang='grc' dir='ltr'>μάγιστρος</span> 
     </span>
    </p>
   </div>
   <div class='ocr_carea' id='block_1_74' title="bbox 321 4105 1895 4178">
    <p class='ocr_par' dir='ltr' id='par_1_74' title="bbox 321 4105 1895 4178">
     <span class='ocr_line' id='line_1_74' title="bbox 321 4105 1895 4178; baseline -0.001 -18"><span class='ocrx_word' id='word_1_527' title='bbox 321 4109 547 4178; x_wconf 84' lang='grc' dir='ltr'>τιμᾶται</span> <span class='ocrx_word' id='word_1_528' title='bbox 593 4107 689 4159; x_wconf 79' lang='grc' dir='ltr'>καὶ</span> <span class='ocrx_word' id='word_1_529' title='bbox 738 4105 1115 4175; x_wconf 83' lang='grc' dir='ltr'>στρατηλάτης</span> <span class='ocrx_word' id='word_1_530' title='bbox 1174 4105 1549 4174; x_wconf 79' lang='grc' dir='ltr'>προϐέϐληται</span> <span class='ocrx_word' id='word_1_531' title='bbox 1606 4106 1758 4174; x_wconf 83' lang='grc' dir='ltr'><strong>παρά</strong></span> <span class='ocrx_word' id='word_1_532' title='bbox 1795 4106 1895 4175; x_wconf 76' lang='grc' dir='ltr'>τῆς</span> 
     </span>
    </p>
   </div>
   <div class='ocr_carea' id='block_1_75' title="bbox 325 4195 1898 4267">
    <p class='ocr_par' dir='ltr' id='par_1_75' title="bbox 325 4195 1898 4267">
     <span class='ocr_line' id='line_1_75' title="bbox 325 4195 1898 4267; baseline -0.001 -17"><span class='ocrx_word' id='word_1_533' title='bbox 325 4199 596 4267; x_wconf 75' lang='grc' dir='ltr'>βασιλίδος</span> <span class='ocrx_word' id='word_1_534' title='bbox 617 4197 989 4267; x_wconf 84' lang='grc' dir='ltr'>προελθούσης</span> <span class='ocrx_word' id='word_1_535' title='bbox 1007 4195 1302 4265; x_wconf 83' lang='grc' dir='ltr'>βασιλικῶς</span> <span class='ocrx_word' id='word_1_536' title='bbox 1326 4196 1465 4265; x_wconf 84' lang='grc' dir='ltr'><strong>μετά</strong></span> <span class='ocrx_word' id='word_1_537' title='bbox 1484 4195 1591 4249; x_wconf 88' lang='grc' dir='ltr'><strong>τῶν</strong></span> <span class='ocrx_word' id='word_1_538' title='bbox 1615 4196 1759 4248; x_wconf 84' lang='grc' dir='ltr'>ιδίων</span> <span class='ocrx_word' id='word_1_539' title='bbox 1776 4198 1898 4249; x_wconf 87' lang='grc' dir='ltr'>παί-</span> 
     </span>
    </p>
   </div>
   <div class='ocr_carea' id='block_1_76' title="bbox 321 4288 1893 4359">
    <p class='ocr_par' dir='ltr' id='par_1_76' title="bbox 321 4288 1893 4359">
     <span class='ocr_line' id='line_1_76' title="bbox 321 4288 1893 4359; baseline -0.003 -14"><span class='ocrx_word' id='word_1_540' title='bbox 321 4293 423 4345; x_wconf 86' lang='grc' dir='ltr'><strong>δων</strong></span> <span class='ocrx_word' id='word_1_541' title='bbox 453 4293 531 4354; x_wconf 81' lang='grc' dir='ltr'>εἰς</span> <span class='ocrx_word' id='word_1_542' title='bbox 570 4293 661 4343; x_wconf 81' lang='grc' dir='ltr'><strong>τὸν</strong></span> <span class='ocrx_word' id='word_1_543' title='bbox 709 4290 965 4359; x_wconf 80' lang='grc' dir='ltr'>μέγιστον</span> <span class='ocrx_word' id='word_1_544' title='bbox 1004 4290 1098 4341; x_wconf 82' lang='grc' dir='ltr'><strong>καί</strong></span> <span class='ocrx_word' id='word_1_545' title='bbox 1124 4288 1457 4358; x_wconf 82' lang='grc' dir='ltr'>περίπυστον</span> <span class='ocrx_word' id='word_1_546' title='bbox 1485 4289 1585 4356; x_wconf 85' lang='grc' dir='ltr'>τῆς</span> <span class='ocrx_word' id='word_1_547' title='bbox 1629 4288 1723 4340; x_wconf 73' lang='grc' dir='ltr'>τοῦ</span> <span class='ocrx_word' id='word_1_548' title='bbox 1758 4288 1893 4341; x_wconf 79' lang='grc' dir='ltr'>Θεοῦ</span> 
     </span>
    </p>
   </div>
   <div class='ocr_carea' id='block_1_77' title="bbox 321 4377 1896 4450">
    <p class='ocr_par' dir='ltr' id='par_1_77' title="bbox 321 4377 1896 4450">
     <span class='ocr_line' id='line_1_77' title="bbox 321 4377 1896 4450; baseline -0.003 -17"><span class='ocrx_word' id='word_1_549' title='bbox 321 4381 520 4450; x_wconf 78' lang='grc' dir='ltr'>Σοφίας</span> <span class='ocrx_word' id='word_1_550' title='bbox 546 4382 732 4448; x_wconf 85' lang='grc' dir='ltr'>σηκόν.</span> <span class='ocrx_word' id='word_1_551' title='bbox 752 4379 1061 4439; x_wconf 79' lang='grc' dir='ltr'>Δεδοικυίας</span> <span class='ocrx_word' id='word_1_552' title='bbox 1080 4377 1134 4428; x_wconf 80' lang='grc' dir='ltr'><strong>δὲ</strong></span> <span class='ocrx_word' id='word_1_553' title='bbox 1158 4377 1257 4444; x_wconf 75' lang='grc' dir='ltr'>τῆς</span> <span class='ocrx_word' id='word_1_554' title='bbox 1281 4377 1549 4445; x_wconf 79' lang='grc' dir='ltr'>βασιλίδος</span> <span class='ocrx_word' id='word_1_555' title='bbox 1564 4378 1663 4445; x_wconf 82' lang='grc' dir='ltr'>τήν</span> <span class='ocrx_word' id='word_1_556' title='bbox 1682 4394 1735 4429; x_wconf 90' lang='grc' dir='ltr'><strong>τε</strong></span> <span class='ocrx_word' id='word_1_557' title='bbox 1768 4378 1896 4445; x_wconf 89' lang='grc' dir='ltr'>σύγ-</span> 
     </span>
    </p>
   </div>
   <div class='ocr_carea' id='block_1_78' title="bbox 2014 3192 3593 3264">
    <p class='ocr_par' dir='ltr' id='par_1_78' title="bbox 2014 3192 3593 3264">
     <span class='ocr_line' id='line_1_78' title="bbox 2014 3192 3593 3264; baseline 0.008 -19"><span class='ocrx_word' id='word_1_558' title='bbox 2014 3192 2108 3246; x_wconf 89' lang='lat' dir='ltr'><strong>sed</strong></span> <span class='ocrx_word' id='word_1_559' title='bbox 2156 3207 2221 3245; x_wconf 80' lang='lat' dir='ltr'><strong>ex</strong></span> <span class='ocrx_word' id='word_1_560' title='bbox 2274 3200 2507 3260; x_wconf 90' lang='lat' dir='ltr'><strong>utroque</strong></span> <span class='ocrx_word' id='word_1_561' title='bbox 2552 3192 2839 3261; x_wconf 60' lang='lat' dir='ltr'><strong>aequaliter</strong></span> <span class='ocrx_word' id='word_1_562' title='bbox 2884 3193 3048 3264; x_wconf 78' lang='lat'><strong>665</strong></span> <span class='ocrx_word' id='word_1_563' title='bbox 3091 3197 3312 3251; x_wconf 86' lang='lat' dir='ltr'><strong>mistum</strong></span> <span class='ocrx_word' id='word_1_564' title='bbox 3352 3202 3593 3258; x_wconf 80' lang='lat' dir='ltr'><strong>colorem</strong></span> 
     </span>
    </p>
   </div>
   <div class='ocr_carea' id='block_1_79' title="bbox 2011 3281 3595 3354">
    <p class='ocr_par' dir='ltr' id='par_1_79' title="bbox 2011 3281 3595 3354">
     <span class='ocr_line' id='line_1_79' title="bbox 2011 3281 3595 3354; baseline 0.008 -19"><span class='ocrx_word' id='word_1_565' title='bbox 2011 3296 2371 3338; x_wconf 84' lang='lat' dir='ltr'><strong>conservans.</strong></span> <span class='ocrx_word' id='word_1_566' title='bbox 2410 3281 2481 3336; x_wconf 91' lang='lat' dir='ltr'><strong>Ut</strong></span> <span class='ocrx_word' id='word_1_567' title='bbox 2520 3283 2687 3354; x_wconf 83' lang='lat' dir='ltr'><strong>igitur</strong></span> <span class='ocrx_word' id='word_1_568' title='bbox 2718 3286 2882 3337; x_wconf 87' lang='lat' dir='ltr'><strong>etiam</strong></span> <span class='ocrx_word' id='word_1_569' title='bbox 2917 3300 3159 3353; x_wconf 76' lang='lat' dir='ltr'><strong>praesens</strong></span> <span class='ocrx_word' id='word_1_570' title='bbox 3184 3299 3409 3346; x_wconf 87' lang='lat' dir='ltr'><strong>senatus</strong></span> <span class='ocrx_word' id='word_1_571' title='bbox 3439 3308 3595 3346; x_wconf 84' lang='lat' dir='ltr'><strong>com-</strong></span> 
     </span>
    </p>
   </div>
   <div class='ocr_carea' id='block_1_80' title="bbox 2010 3378 3590 3449">
    <p class='ocr_par' dir='ltr' id='par_1_80' title="bbox 2010 3378 3590 3449">
     <span class='ocr_line' id='line_1_80' title="bbox 2010 3378 3590 3449; baseline 0.009 -20"><span class='ocrx_word' id='word_1_572' title='bbox 2010 3386 2193 3431; x_wconf 88' lang='lat' dir='ltr'><strong>motus</strong></span> <span class='ocrx_word' id='word_1_573' title='bbox 2218 3384 2324 3442; x_wconf 89' lang='lat' dir='ltr'><strong>est,</strong></span> <span class='ocrx_word' id='word_1_574' title='bbox 2358 3378 2545 3433; x_wconf 86' lang='lat' dir='ltr'><strong>statim</strong></span> <span class='ocrx_word' id='word_1_575' title='bbox 2585 3379 2967 3433; x_wconf 88' lang='lat' dir='ltr'><strong>misericordia</strong></span> <span class='ocrx_word' id='word_1_576' title='bbox 2997 3380 3267 3449; x_wconf 90' lang='lat' dir='ltr'><strong>judicium</strong></span> <span class='ocrx_word' id='word_1_577' title='bbox 3301 3386 3590 3442; x_wconf 84' lang='lat' dir='ltr'><strong>subsecuta</strong></span> 
     </span>
    </p>
   </div>
   <div class='ocr_carea' id='block_1_81' title="bbox 2010 3468 3590 3549">
    <p class='ocr_par' dir='ltr' id='par_1_81' title="bbox 2010 3468 3590 3549">
     <span class='ocr_line' id='line_1_81' title="bbox 2010 3468 3590 3549; baseline 0.006 -27"><span class='ocrx_word' id='word_1_578' title='bbox 2010 3476 2115 3524; x_wconf 90' lang='lat' dir='ltr'><strong>est.</strong></span> <span class='ocrx_word' id='word_1_579' title='bbox 2143 3468 2207 3521; x_wconf 85' lang='lat' dir='ltr'><strong>Et</strong></span> <span class='ocrx_word' id='word_1_580' title='bbox 2265 3486 2293 3522; x_wconf 89' lang='lat' dir='ltr'><strong>a</strong></span> <span class='ocrx_word' id='word_1_581' title='bbox 2336 3472 2586 3539; x_wconf 85' lang='lat' dir='ltr'><strong>periculo</strong></span> <span class='ocrx_word' id='word_1_582' title='bbox 2638 3480 2893 3527; x_wconf 86' lang='lat' dir='ltr'><strong>servatus</strong></span> <span class='ocrx_word' id='word_1_583' title='bbox 2939 3484 3137 3541; x_wconf 59' lang='lat' dir='ltr'><strong>prater</strong></span> <span class='ocrx_word' id='word_1_584' title='bbox 3166 3490 3387 3532; x_wconf 89' lang='lat' dir='ltr'><strong>omnem</strong></span> <span class='ocrx_word' id='word_1_585' title='bbox 3434 3495 3590 3549; x_wconf 86' lang='lat' dir='ltr'><strong>spem</strong></span> 
     </span>
    </p>
   </div>
   <div class='ocr_carea' id='block_1_82' title="bbox 2010 3563 3590 3634">
    <p class='ocr_par' dir='ltr' id='par_1_82' title="bbox 2010 3563 3590 3634">
     <span class='ocr_line' id='line_1_82' title="bbox 2010 3563 3590 3634; baseline 0.008 -21"><span class='ocrx_word' id='word_1_586' title='bbox 2010 3571 2175 3630; x_wconf 83' lang='lat' dir='ltr'><strong>atque</strong></span> <span class='ocrx_word' id='word_1_587' title='bbox 2202 3563 2674 3631; x_wconf 80' lang='lat' dir='ltr'><strong>exspectationem</strong></span> <span class='ocrx_word' id='word_1_588' title='bbox 2720 3563 2923 3632; x_wconf 80' lang='lat' dir='ltr'><strong>regiam</strong></span> <span class='ocrx_word' id='word_1_589' title='bbox 2951 3563 3319 3634; x_wconf 82' lang='lat' dir='ltr'><strong>dignationem</strong></span> <span class='ocrx_word' id='word_1_590' title='bbox 3345 3581 3429 3624; x_wconf 89' lang='lat' dir='ltr'><strong>est</strong></span> <span class='ocrx_word' id='word_1_591' title='bbox 3459 3586 3590 3626; x_wconf 88' lang='lat' dir='ltr'><strong>cou-</strong></span> 
     </span>
    </p>
   </div>
   <div class='ocr_carea' id='block_1_83' title="bbox 2008 3654 3591 3733">
    <p class='ocr_par' dir='ltr' id='par_1_83' title="bbox 2008 3654 3591 3733">
     <span class='ocr_line' id='line_1_83' title="bbox 2008 3654 3591 3733; baseline 0.006 -26"><span class='ocrx_word' id='word_1_592' title='bbox 2008 3663 2266 3718; x_wconf 88' lang='lat' dir='ltr'><strong>secutus;</strong></span> <span class='ocrx_word' id='word_1_593' title='bbox 2324 3662 2378 3708; x_wconf 90' lang='lat' dir='ltr'><strong>et</strong></span> <span class='ocrx_word' id='word_1_594' title='bbox 2432 3654 2638 3709; x_wconf 88' lang='lat' dir='ltr'><strong>idcirco</strong></span> <span class='ocrx_word' id='word_1_595' title='bbox 2687 3656 3002 3710; x_wconf 88' lang='lat' dir='ltr'><strong>absolutum</strong></span> <span class='ocrx_word' id='word_1_596' title='bbox 3053 3674 3243 3716; x_wconf 86' lang='lat' dir='ltr'><strong>omnes</strong></span> <span class='ocrx_word' id='word_1_597' title='bbox 3297 3666 3591 3733; x_wconf 80' lang='lat' dir='ltr'><strong>amplecte-</strong></span> 
     </span>
    </p>
   </div>
   <div class='ocr_carea' id='block_1_84' title="bbox 2010 3746 3591 3821">
    <p class='ocr_par' dir='ltr' id='par_1_84' title="bbox 2010 3746 3591 3821">
     <span class='ocr_line' id='line_1_84' title="bbox 2010 3746 3591 3821; baseline 0.008 -23"><span class='ocrx_word' id='word_1_598' title='bbox 2010 3746 2229 3800; x_wconf 90' lang='lat' dir='ltr'><strong>bantur.</strong></span> <span class='ocrx_word' id='word_1_599' title='bbox 2283 3746 2551 3814; x_wconf 83' lang='lat' dir='ltr'><strong>Egressus</strong></span> <span class='ocrx_word' id='word_1_600' title='bbox 2611 3748 2774 3816; x_wconf 87' lang='lat' dir='ltr'><strong>igitur</strong></span> <span class='ocrx_word' id='word_1_601' title='bbox 2838 3751 2889 3803; x_wconf 91' lang='lat' dir='ltr'><strong>in</strong></span> <span class='ocrx_word' id='word_1_602' title='bbox 2940 3749 3384 3821; x_wconf 86' lang='lat' dir='ltr'><strong>Cappadociam,</strong></span> <span class='ocrx_word' id='word_1_603' title='bbox 3445 3757 3591 3811; x_wconf 82' lang='lat' dir='ltr'><strong>unde</strong></span> 
     </span>
    </p>
   </div>
   <div class='ocr_carea' id='block_1_85' title="bbox 2009 3834 3588 3909">
    <p class='ocr_par' dir='ltr' id='par_1_85' title="bbox 2009 3834 3588 3909">
     <span class='ocr_line' id='line_1_85' title="bbox 2009 3834 3588 3909; baseline 0.009 -22"><span class='ocrx_word' id='word_1_604' title='bbox 2009 3834 2277 3891; x_wconf 87' lang='lat' dir='ltr'><strong>oriundus</strong></span> <span class='ocrx_word' id='word_1_605' title='bbox 2313 3846 2450 3898; x_wconf 88' lang='lat' dir='ltr'><strong>erat,</strong></span> <span class='ocrx_word' id='word_1_606' title='bbox 2486 3853 2687 3891; x_wconf 87' lang='lat' dir='ltr'><strong>rursus</strong></span> <span class='ocrx_word' id='word_1_607' title='bbox 2714 3839 2780 3891; x_wconf 88' lang='lat' dir='ltr'><strong>ad</strong></span> <span class='ocrx_word' id='word_1_608' title='bbox 2815 3841 3018 3909; x_wconf 83' lang='lat' dir='ltr'><strong>regiam</strong></span> <span class='ocrx_word' id='word_1_609' title='bbox 3059 3843 3248 3898; x_wconf 89' lang='lat' dir='ltr'><strong>urbem</strong></span> <span class='ocrx_word' id='word_1_610' title='bbox 3282 3848 3588 3901; x_wconf 81' lang='lat' dir='ltr'><strong>accersitus</strong></span> 
     </span>
    </p>
   </div>
   <div class='ocr_carea' id='block_1_86' title="bbox 2010 3928 3587 3999">
    <p class='ocr_par' dir='ltr' id='par_1_86' title="bbox 2010 3928 3587 3999">
     <span class='ocr_line' id='line_1_86' title="bbox 2010 3928 3587 3999; baseline 0.008 -19"><span class='ocrx_word' id='word_1_611' title='bbox 2010 3940 2134 3981; x_wconf 83' lang='lat' dir='ltr'><strong>sese</strong></span> <span class='ocrx_word' id='word_1_612' title='bbox 2180 3929 2388 3997; x_wconf 88' lang='lat' dir='ltr'><strong>recepit</strong></span> <span class='ocrx_word' id='word_1_613' title='bbox 2429 3928 2517 3983; x_wconf 91' lang='lat' dir='ltr'><strong>die</strong></span> <span class='ocrx_word' id='word_1_614' title='bbox 2552 3930 2718 3983; x_wconf 86' lang='lat' dir='ltr'><strong>natali</strong></span> <span class='ocrx_word' id='word_1_615' title='bbox 2765 3930 3067 3987; x_wconf 83' lang='lat' dir='ltr'><strong>Salvatoris</strong></span> <span class='ocrx_word' id='word_1_616' title='bbox 3097 3934 3325 3999; x_wconf 88' lang='lat' dir='ltr'><strong>Christi,</strong></span> <span class='ocrx_word' id='word_1_617' title='bbox 3361 3948 3413 3992; x_wconf 89' lang='lat' dir='ltr'><strong>et</strong></span> <span class='ocrx_word' id='word_1_618' title='bbox 3472 3954 3587 3991; x_wconf 87' lang='lat' dir='ltr'><strong>ma—</strong></span> 
     </span>
    </p>
   </div>
   <div class='ocr_carea' id='block_1_87' title="bbox 2004 4016 3587 4095">
    <p class='ocr_par' dir='ltr' id='par_1_87' title="bbox 2004 4016 3587 4095">
     <span class='ocr_line' id='line_1_87' title="bbox 2004 4016 3587 4095; baseline 0.008 -27"><span class='ocrx_word' id='word_1_619' title='bbox 2004 4016 2165 4086; x_wconf 85' lang='lat' dir='ltr'><strong>gistri</strong></span> <span class='ocrx_word' id='word_1_620' title='bbox 2202 4017 2410 4073; x_wconf 84' lang='lat' dir='ltr'><strong>honore</strong></span> <span class='ocrx_word' id='word_1_621' title='bbox 2444 4020 2739 4075; x_wconf 86' lang='lat' dir='ltr'><strong>decoratus</strong></span> <span class='ocrx_word' id='word_1_622' title='bbox 2776 4021 2885 4074; x_wconf 81' lang='lat' dir='ltr'><strong>dux</strong></span> <span class='ocrx_word' id='word_1_623' title='bbox 2922 4026 3198 4079; x_wconf 74' lang='lat' dir='ltr'><strong>exercitus</strong></span> <span class='ocrx_word' id='word_1_624' title='bbox 3234 4027 3301 4078; x_wconf 77' lang='lat' dir='ltr'><strong>ali</strong></span> <span class='ocrx_word' id='word_1_625' title='bbox 3340 4028 3587 4095; x_wconf 80' lang='lat' dir='ltr'><strong>Augusta</strong></span> 
     </span>
    </p>
   </div>
   <div class='ocr_carea' id='block_1_88' title="bbox 2004 4110 3585 4186">
    <p class='ocr_par' dir='ltr' id='par_1_88' title="bbox 2004 4110 3585 4186">
     <span class='ocr_line' id='line_1_88' title="bbox 2004 4110 3585 4186; baseline 0.008 -26"><span class='ocrx_word' id='word_1_626' title='bbox 2004 4116 2246 4171; x_wconf 85' lang='lat' dir='ltr'><strong>creatur,</strong></span> <span class='ocrx_word' id='word_1_627' title='bbox 2276 4124 2398 4178; x_wconf 46' lang='lat' dir='ltr'><strong>quae</strong></span> <span class='ocrx_word' id='word_1_628' title='bbox 2426 4110 2773 4177; x_wconf 89' lang='lat' dir='ltr'><strong>imperatoris</strong></span> <span class='ocrx_word' id='word_1_629' title='bbox 2806 4128 2957 4167; x_wconf 88' lang='lat' dir='ltr'><strong>more</strong></span> <span class='ocrx_word' id='word_1_630' title='bbox 2990 4130 3112 4169; x_wconf 92' lang='lat' dir='ltr'><strong>cum</strong></span> <span class='ocrx_word' id='word_1_631' title='bbox 3146 4116 3261 4169; x_wconf 90' lang='lat' dir='ltr'><strong>suis</strong></span> <span class='ocrx_word' id='word_1_632' title='bbox 3304 4116 3427 4171; x_wconf 84' lang='lat' dir='ltr'><strong>ﬁliis</strong></span> <span class='ocrx_word' id='word_1_633' title='bbox 3459 4134 3585 4186; x_wconf 92' lang='lat' dir='ltr'><strong>pro-</strong></span> 
     </span>
    </p>
   </div>
   <div class='ocr_carea' id='block_1_89' title="bbox 2006 4200 3585 4279">
    <p class='ocr_par' dir='ltr' id='par_1_89' title="bbox 2006 4200 3585 4279">
     <span class='ocr_line' id='line_1_89' title="bbox 2006 4200 3585 4279; baseline 0.007 -26"><span class='ocrx_word' id='word_1_634' title='bbox 2006 4210 2248 4254; x_wconf 84' lang='lat' dir='ltr'><strong>cesserat</strong></span> <span class='ocrx_word' id='word_1_635' title='bbox 2293 4200 2360 4254; x_wconf 90' lang='lat' dir='ltr'><strong>ad</strong></span> <span class='ocrx_word' id='word_1_636' title='bbox 2410 4203 2708 4256; x_wconf 82' lang='lat' dir='ltr'><strong>maximum</strong></span> <span class='ocrx_word' id='word_1_637' title='bbox 2770 4212 2826 4259; x_wconf 85' lang='lat' dir='ltr'><strong>et</strong></span> <span class='ocrx_word' id='word_1_638' title='bbox 2876 4207 3298 4263; x_wconf 83' lang='lat' dir='ltr'><strong>celeberrimum</strong></span> <span class='ocrx_word' id='word_1_639' title='bbox 3368 4210 3585 4279; x_wconf 75' lang='lat' dir='ltr'><strong>Sophia:</strong></span> 
     </span>
    </p>
   </div>
   <div class='ocr_carea' id='block_1_90' title="bbox 2006 4288 3585 4368">
    <p class='ocr_par' dir='ltr' id='par_1_90' title="bbox 2006 4288 3585 4368">
     <span class='ocr_line' id='line_1_90' title="bbox 2006 4288 3585 4368; baseline 0.006 -22"><span class='ocrx_word' id='word_1_640' title='bbox 2006 4288 2288 4360; x_wconf 77' lang='lat' dir='ltr'><strong>tempmm.</strong></span> <span class='ocrx_word' id='word_1_641' title='bbox 2315 4292 2451 4346; x_wconf 90' lang='lat' dir='ltr'><strong>Cum</strong></span> <span class='ocrx_word' id='word_1_642' title='bbox 2504 4305 2684 4349; x_wconf 84' lang='lat' dir='ltr'><strong>autem</strong></span> <span class='ocrx_word' id='word_1_643' title='bbox 2730 4308 3006 4351; x_wconf 86' lang='lat' dir='ltr'><strong>vereretur</strong></span> <span class='ocrx_word' id='word_1_644' title='bbox 3036 4299 3280 4368; x_wconf 78' lang='lat' dir='ltr'><strong>Augusta</strong></span> <span class='ocrx_word' id='word_1_645' title='bbox 3339 4311 3393 4353; x_wconf 89' lang='lat' dir='ltr'><strong>ct</strong></span> <span class='ocrx_word' id='word_1_646' title='bbox 3427 4318 3585 4357; x_wconf 86' lang='lat' dir='ltr'><strong>sena-</strong></span> 
     </span>
    </p>
   </div>
   <div class='ocr_carea' id='block_1_91' title="bbox 2005 4382 3581 4460">
    <p class='ocr_par' dir='ltr' id='par_1_91' title="bbox 2005 4382 3581 4460">
     <span class='ocr_line' id='line_1_91' title="bbox 2005 4382 3581 4460; baseline 0.01 -27"><span class='ocrx_word' id='word_1_647' title='bbox 2005 4390 2118 4434; x_wconf 89' lang='lat' dir='ltr'><strong>tum</strong></span> <span class='ocrx_word' id='word_1_648' title='bbox 2147 4391 2200 4435; x_wconf 90' lang='lat' dir='ltr'><strong>et</strong></span> <span class='ocrx_word' id='word_1_649' title='bbox 2247 4382 2614 4451; x_wconf 88' lang='lat' dir='ltr'><strong>patriarcham</strong></span> <span class='ocrx_word' id='word_1_650' title='bbox 2654 4394 2707 4438; x_wconf 89' lang='lat' dir='ltr'><strong>et</strong></span> <span class='ocrx_word' id='word_1_651' title='bbox 2749 4401 2843 4439; x_wconf 87' lang='lat' dir='ltr'><strong>eos</strong></span> <span class='ocrx_word' id='word_1_652' title='bbox 2885 4388 2980 4455; x_wconf 89' lang='lat' dir='ltr'><strong>qui</strong></span> <span class='ocrx_word' id='word_1_653' title='bbox 3013 4388 3180 4455; x_wconf 84' lang='lat' dir='ltr'><strong>jurati</strong></span> <span class='ocrx_word' id='word_1_654' title='bbox 3236 4390 3581 4460; x_wconf 86' lang='lat' dir='ltr'><strong>subscripse-</strong></span> 
     </span>
    </p>
   </div>
   <div class='ocr_carea' id='block_1_92' title="bbox 320 4467 2067 4551">
    <p class='ocr_par' dir='ltr' id='par_1_92' title="bbox 320 4467 2065 4539">
     <span class='ocr_line' id='line_1_92' title="bbox 320 4467 2065 4539; baseline 0 -17"><span class='ocrx_word' id='word_1_655' title='bbox 320 4472 515 4539; x_wconf 77' lang='grc' dir='ltr'>κλητον</span> <span class='ocrx_word' id='word_1_656' title='bbox 551 4470 645 4520; x_wconf 81' lang='grc' dir='ltr'>καὶ</span> <span class='ocrx_word' id='word_1_657' title='bbox 699 4470 789 4522; x_wconf 80' lang='grc' dir='ltr'><strong>τὸν</strong></span> <span class='ocrx_word' id='word_1_658' title='bbox 834 4469 1180 4539; x_wconf 84' lang='grc' dir='ltr'>πατριάρχην</span> <span class='ocrx_word' id='word_1_659' title='bbox 1206 4467 1444 4530; x_wconf 72' lang='grc' dir='ltr'>καὶτοὺς</span> <span class='ocrx_word' id='word_1_660' title='bbox 1477 4467 1899 4535; x_wconf 68' lang='grc' dir='ltr'>ὑπογράψαντας</span> <span class='ocrx_word' id='word_1_661' title='bbox 1933 4471 1976 4525; x_wconf 88' lang='lat' dir='ltr'>D</span> <span class='ocrx_word' id='word_1_662' title='bbox 2009 4486 2065 4522; x_wconf 88' lang='lat' dir='ltr'><strong>ra</strong></span> 
     </span>
    </p>
   </div>
   <div class='ocr_carea' id='block_1_93' title="bbox 1834 4467 3581 4551">
    <p class='ocr_par' dir='ltr' id='par_1_93' title="bbox 1836 4471 3581 4551">
     <span class='ocr_line' id='line_1_93' title="bbox 1836 4471 3581 4551; baseline 0.01 -32"><span class='ocrx_word' id='word_1_663' title='bbox 1836 4486 1899 4529; x_wconf 67' lang='grc' dir='ltr'><strong>ας</strong></span> <span class='ocrx_word' id='word_1_664' title='bbox 1933 4471 1976 4525; x_wconf 88' lang='lat' dir='ltr'>D</span> <span class='ocrx_word' id='word_1_665' title='bbox 2009 4478 2153 4535; x_wconf 88' lang='lat' dir='ltr'><strong>rant,</strong></span> <span class='ocrx_word' id='word_1_666' title='bbox 2186 4481 2239 4524; x_wconf 86' lang='lat' dir='ltr'><strong>et</strong></span> <span class='ocrx_word' id='word_1_667' title='bbox 2265 4472 2470 4527; x_wconf 91' lang='lat' dir='ltr'><strong>idcirco</strong></span> <span class='ocrx_word' id='word_1_668' title='bbox 2505 4488 2614 4527; x_wconf 92' lang='lat' dir='ltr'><strong>non</strong></span> <span class='ocrx_word' id='word_1_669' title='bbox 2645 4475 2873 4529; x_wconf 87' lang='lat' dir='ltr'><strong>auderet</strong></span> <span class='ocrx_word' id='word_1_670' title='bbox 2899 4492 3023 4530; x_wconf 87' lang='lat' dir='ltr'><strong>cum</strong></span> <span class='ocrx_word' id='word_1_671' title='bbox 3056 4478 3354 4535; x_wconf 80' lang='lat' dir='ltr'><strong>illustriOre</strong></span> <span class='ocrx_word' id='word_1_672' title='bbox 3398 4482 3581 4551; x_wconf 87' lang='lat' dir='ltr'><strong>aliquo</strong></span> 
     </span>
    </p>
   </div>
   <div class='ocr_carea' id='block_1_94' title="bbox 321 4557 1896 4631">
    <p class='ocr_par' dir='ltr' id='par_1_94' title="bbox 321 4557 1896 4631">
     <span class='ocr_line' id='line_1_94' title="bbox 321 4557 1896 4631; baseline -0.004 -16"><span class='ocrx_word' id='word_1_673' title='bbox 321 4563 413 4615; x_wconf 74' lang='grc' dir='ltr'>καὶ</span> <span class='ocrx_word' id='word_1_674' title='bbox 447 4564 775 4631; x_wconf 82' lang='grc' dir='ltr'>ὀμόσαντας,</span> <span class='ocrx_word' id='word_1_675' title='bbox 823 4561 917 4613; x_wconf 70' lang='grc' dir='ltr'><strong>κα)⁵</strong></span> <span class='ocrx_word' id='word_1_676' title='bbox 943 4560 1031 4611; x_wconf 86' lang='grc' dir='ltr'>διὰ</span> <span class='ocrx_word' id='word_1_677' title='bbox 1065 4558 1224 4611; x_wconf 82' lang='grc' dir='ltr'>τοῦτο</span> <span class='ocrx_word' id='word_1_678' title='bbox 1264 4557 1340 4627; x_wconf 81' lang='grc' dir='ltr'><strong>μὴ</strong></span> <span class='ocrx_word' id='word_1_679' title='bbox 1364 4557 1651 4627; x_wconf 83' lang='grc' dir='ltr'>τολμώσης</span> <span class='ocrx_word' id='word_1_680' title='bbox 1704 4559 1896 4621; x_wconf 69' lang='grc' dir='ltr'>συζευ-</span> 
     </span>
    </p>
   </div>
   <div class='ocr_carea' id='block_1_95' title="bbox 322 4650 1893 4723">
    <p class='ocr_par' dir='ltr' id='par_1_95' title="bbox 322 4650 1893 4723">
     <span class='ocr_line' id='line_1_95' title="bbox 322 4650 1893 4723; baseline -0.001 -18"><span class='ocrx_word' id='word_1_681' title='bbox 322 4654 512 4723; x_wconf 85' lang='grc' dir='ltr'>χθῆναί</span> <span class='ocrx_word' id='word_1_682' title='bbox 547 4672 653 4706; x_wconf 87' lang='grc' dir='ltr'>τινι</span> <span class='ocrx_word' id='word_1_683' title='bbox 684 4653 793 4706; x_wconf 88' lang='grc' dir='ltr'><strong>τῶν</strong></span> <span class='ocrx_word' id='word_1_684' title='bbox 828 4651 1107 4719; x_wconf 75' lang='grc' dir='ltr'>ἐπιφανῶν</span> <span class='ocrx_word' id='word_1_685' title='bbox 1136 4651 1231 4703; x_wconf 75' lang='grc' dir='ltr'><strong>καὶ</strong></span> <span class='ocrx_word' id='word_1_686' title='bbox 1262 4650 1486 4719; x_wconf 85' lang='grc' dir='ltr'>βασιλέα</span> <span class='ocrx_word' id='word_1_687' title='bbox 1528 4651 1893 4721; x_wconf 79' lang='grc' dir='ltr'>ἀναγορεῦσαι</span> 
     </span>
    </p>
   </div>
   <div class='ocr_carea' id='block_1_96' title="bbox 320 4743 1890 4813">
    <p class='ocr_par' dir='ltr' id='par_1_96' title="bbox 320 4743 1890 4813">
     <span class='ocr_line' id='line_1_96' title="bbox 320 4743 1890 4813; baseline 0 -16"><span class='ocrx_word' id='word_1_688' title='bbox 320 4746 500 4809; x_wconf 80' lang='grc' dir='ltr'>αὑτὸν,</span> <span class='ocrx_word' id='word_1_689' title='bbox 554 4748 696 4812; x_wconf 78' lang='grc' dir='ltr'>ἔγνω</span> <span class='ocrx_word' id='word_1_690' title='bbox 724 4745 834 4797; x_wconf 87' lang='grc' dir='ltr'>δεῖν</span> <span class='ocrx_word' id='word_1_691' title='bbox 866 4745 1008 4812; x_wconf 78' lang='grc' dir='ltr'>ὑπὲρ</span> <span class='ocrx_word' id='word_1_692' title='bbox 1042 4746 1277 4811; x_wconf 86' lang='grc' dir='ltr'>γυναῖκα</span> <span class='ocrx_word' id='word_1_693' title='bbox 1306 4743 1382 4813; x_wconf 82' lang='grc' dir='ltr'>μὴ</span> <span class='ocrx_word' id='word_1_694' title='bbox 1425 4743 1712 4812; x_wconf 77' lang='grc' dir='ltr'>φρονῆσαι,</span> <span class='ocrx_word' id='word_1_695' title='bbox 1751 4762 1890 4797; x_wconf 85' lang='grc' dir='ltr'>παν-</span> 
     </span>
    </p>
   </div>
   <div class='ocr_carea' id='block_1_97' title="bbox 318 4834 1891 4908">
    <p class='ocr_par' dir='ltr' id='par_1_97' title="bbox 318 4834 1891 4908">
     <span class='ocr_line' id='line_1_97' title="bbox 318 4834 1891 4908; baseline -0.001 -19"><span class='ocrx_word' id='word_1_696' title='bbox 318 4839 511 4908; x_wconf 78' lang='grc' dir='ltr'>ουργίᾳ</span> <span class='ocrx_word' id='word_1_697' title='bbox 560 4837 619 4889; x_wconf 81' lang='grc' dir='ltr'>δὲ</span> <span class='ocrx_word' id='word_1_698' title='bbox 664 4837 759 4889; x_wconf 79' lang='grc' dir='ltr'><strong>καὶ</strong></span> <span class='ocrx_word' id='word_1_699' title='bbox 805 4836 939 4905; x_wconf 88' lang='grc' dir='ltr'>δόλῳ</span> <span class='ocrx_word' id='word_1_700' title='bbox 984 4836 1075 4887; x_wconf 71' lang='grc' dir='ltr'><strong>τὸν</strong></span> <span class='ocrx_word' id='word_1_701' title='bbox 1121 4836 1472 4905; x_wconf 88' lang='grc' dir='ltr'>πατριάρχην</span> <span class='ocrx_word' id='word_1_702' title='bbox 1508 4834 1757 4889; x_wconf 83' lang='grc' dir='ltr'>ὑπελθεῖν</span> <span class='ocrx_word' id='word_1_703' title='bbox 1798 4838 1891 4888; x_wconf 79' lang='grc' dir='ltr'>καὶ</span> 
     </span>
    </p>
   </div>
   <div class='ocr_carea' id='block_1_98' title="bbox 320 4927 1888 4997">
    <p class='ocr_par' dir='ltr' id='par_1_98' title="bbox 320 4927 1888 4997">
     <span class='ocr_line' id='line_1_98' title="bbox 320 4927 1888 4997; baseline 0 -17"><span class='ocrx_word' id='word_1_704' title='bbox 320 4929 487 4992; x_wconf 74' lang='grc' dir='ltr'>οὕτως</span> <span class='ocrx_word' id='word_1_705' title='bbox 522 4930 661 4997; x_wconf 81' lang='grc' dir='ltr'>αὐτῇ</span> <span class='ocrx_word' id='word_1_706' title='bbox 691 4931 751 4981; x_wconf 63' lang='grc' dir='ltr'>τὸ</span> <span class='ocrx_word' id='word_1_707' title='bbox 796 4928 987 4997; x_wconf 71' lang='grc' dir='ltr'>ἐφετὸν</span> <span class='ocrx_word' id='word_1_708' title='bbox 1027 4927 1481 4997; x_wconf 84' lang='grc' dir='ltr'>καταπράξασθαι</span> <span class='ocrx_word' id='word_1_709' title='bbox 1529 4928 1624 4981; x_wconf 70' lang='grc' dir='ltr'><strong>καὶ</strong></span> <span class='ocrx_word' id='word_1_710' title='bbox 1652 4928 1749 4997; x_wconf 79' lang='grc' dir='ltr'>τὴν</span> <span class='ocrx_word' id='word_1_711' title='bbox 1781 4929 1888 4980; x_wconf 85' lang='grc' dir='ltr'><strong>τῶν</strong></span> 
     </span>
    </p>
   </div>
   <div class='ocr_carea' id='block_1_99' title="bbox 321 5017 1893 5088">
    <p class='ocr_par' dir='ltr' id='par_1_99' title="bbox 321 5017 1893 5088">
     <span class='ocr_line' id='line_1_99' title="bbox 321 5017 1893 5088; baseline -0.001 -18"><span class='ocrx_word' id='word_1_712' title='bbox 321 5018 487 5072; x_wconf 83' lang='grc' dir='ltr'>ἐθνῶν</span> <span class='ocrx_word' id='word_1_713' title='bbox 543 5019 725 5081; x_wconf 83' lang='grc' dir='ltr'>ποσῶς</span> <span class='ocrx_word' id='word_1_714' title='bbox 785 5019 1132 5087; x_wconf 81' lang='grc' dir='ltr'>ἀναχαιτίσαι</span> <span class='ocrx_word' id='word_1_715' title='bbox 1185 5018 1384 5088; x_wconf 85' lang='grc' dir='ltr'>ὁρμήν.</span> <span class='ocrx_word' id='word_1_716' title='bbox 1428 5017 1716 5070; x_wconf 84' lang='grc' dir='ltr'>Κοινοῦται</span> <span class='ocrx_word' id='word_1_717' title='bbox 1762 5019 1893 5085; x_wconf 81' lang='grc' dir='ltr'>γοῦν</span> 
     </span>
    </p>
   </div>
   <div class='ocr_carea' id='block_1_100' title="bbox 319 5108 1892 5182">
    <p class='ocr_par' dir='ltr' id='par_1_100' title="bbox 319 5108 1892 5182">
     <span class='ocr_line' id='line_1_100' title="bbox 319 5108 1892 5182; baseline -0.001 -19"><span class='ocrx_word' id='word_1_718' title='bbox 319 5114 378 5163; x_wconf 73' lang='grc' dir='ltr'>τὸ</span> <span class='ocrx_word' id='word_1_719' title='bbox 409 5114 650 5182; x_wconf 81' lang='grc' dir='ltr'>πρᾶγμά</span> <span class='ocrx_word' id='word_1_720' title='bbox 677 5131 787 5165; x_wconf 86' lang='grc' dir='ltr'>τινι</span> <span class='ocrx_word' id='word_1_721' title='bbox 818 5113 925 5164; x_wconf 85' lang='grc' dir='ltr'><strong>τῶν</strong></span> <span class='ocrx_word' id='word_1_722' title='bbox 960 5115 1021 5164; x_wconf 85' lang='grc' dir='ltr'>ὲκ</span> <span class='ocrx_word' id='word_1_723' title='bbox 1056 5112 1152 5179; x_wconf 77' lang='grc' dir='ltr'>τῆς</span> <span class='ocrx_word' id='word_1_724' title='bbox 1192 5108 1631 5176; x_wconf 87' lang='grc' dir='ltr'>γυναικωνίτιδος</span> <span class='ocrx_word' id='word_1_725' title='bbox 1662 5110 1736 5171; x_wconf 84' lang='grc' dir='ltr'>ὡς</span> <span class='ocrx_word' id='word_1_726' title='bbox 1776 5112 1892 5162; x_wconf 83' lang='grc' dir='ltr'>ἐπι-</span> 
     </span>
    </p>
   </div>
   <div class='ocr_carea' id='block_1_101' title="bbox 322 5188 1892 5273">
    <p class='ocr_par' dir='ltr' id='par_1_101' title="bbox 322 5188 1892 5273">
     <span class='ocr_line' id='line_1_101' title="bbox 322 5188 1892 5273; baseline -0.001 -18"><span class='ocrx_word' id='word_1_727' title='bbox 322 5188 675 5273; x_wconf 12' lang='grc' dir='ltr'>τηδείῳῆπρὸς</span> <span class='ocrx_word' id='word_1_728' title='bbox 698 5203 876 5255; x_wconf 78' lang='grc' dir='ltr'>τοῦτο.</span> <span class='ocrx_word' id='word_1_729' title='bbox 918 5205 974 5255; x_wconf 84' lang='grc' dir='ltr'><strong>ὐ</strong></span> <span class='ocrx_word' id='word_1_730' title='bbox 1000 5204 1055 5255; x_wconf 86' lang='grc' dir='ltr'>δὲ</span> <span class='ocrx_word' id='word_1_731' title='bbox 1084 5202 1423 5271; x_wconf 82' lang='grc' dir='ltr'>ὑπισχνεῖται</span> <span class='ocrx_word' id='word_1_732' title='bbox 1455 5202 1519 5250; x_wconf 79' lang='grc' dir='ltr'>ἐκ</span> <span class='ocrx_word' id='word_1_733' title='bbox 1545 5202 1744 5263; x_wconf 70' lang='grc' dir='ltr'>παντὸς</span> <span class='ocrx_word' id='word_1_734' title='bbox 1772 5203 1892 5271; x_wconf 84' lang='grc' dir='ltr'>τρό-</span> 
     </span>
    </p>
   </div>
   <div class='ocr_carea' id='block_1_102' title="bbox 323 5286 1891 5363">
    <p class='ocr_par' dir='ltr' id='par_1_102' title="bbox 323 5286 1891 5363">
     <span class='ocr_line' id='line_1_102' title="bbox 323 5286 1891 5363; baseline -0.002 -15"><span class='ocrx_word' id='word_1_735' title='bbox 323 5312 421 5348; x_wconf 77' lang='grc' dir='ltr'><strong>που</strong></span> <span class='ocrx_word' id='word_1_736' title='bbox 445 5286 785 5363; x_wconf 77' lang='grc' dir='ltr'>συμπράξειν</span> <span class='ocrx_word' id='word_1_737' title='bbox 817 5294 953 5363; x_wconf 72' lang='grc' dir='ltr'>αὐτῇ</span> <span class='ocrx_word' id='word_1_738' title='bbox 983 5294 1116 5361; x_wconf 81' lang='grc' dir='ltr'>πρὸς</span> <span class='ocrx_word' id='word_1_739' title='bbox 1147 5295 1207 5345; x_wconf 78' lang='grc' dir='ltr'><strong>τὸ</strong></span> <span class='ocrx_word' id='word_1_740' title='bbox 1239 5293 1691 5361; x_wconf 78' lang='grc' dir='ltr'>σπουδαζόμενον,</span> <span class='ocrx_word' id='word_1_741' title='bbox 1734 5294 1891 5363; x_wconf 76' lang='grc' dir='ltr'>ξυρὸς</span> 
     </span>
    </p>
   </div>
   <div class='ocr_carea' id='block_1_103' title="bbox 321 5382 1891 5455">
    <p class='ocr_par' dir='ltr' id='par_1_103' title="bbox 321 5382 1891 5455">
     <span class='ocr_line' id='line_1_103' title="bbox 321 5382 1891 5455; baseline 0 -18"><span class='ocrx_word' id='word_1_742' title='bbox 321 5388 396 5445; x_wconf 76' lang='grc' dir='ltr'><strong>εἰς</strong></span> <span class='ocrx_word' id='word_1_743' title='bbox 423 5387 650 5455; x_wconf 86' lang='grc' dir='ltr'>ἀκόνην,</span> <span class='ocrx_word' id='word_1_744' title='bbox 685 5386 741 5438; x_wconf 83' lang='grc' dir='ltr'><strong>τὸ</strong></span> <span class='ocrx_word' id='word_1_745' title='bbox 774 5386 869 5438; x_wconf 80' lang='grc' dir='ltr'>τοῦ</span> <span class='ocrx_word' id='word_1_746' title='bbox 905 5386 1082 5452; x_wconf 80' lang='grc' dir='ltr'>λόγου,</span> <span class='ocrx_word' id='word_1_747' title='bbox 1111 5382 1185 5435; x_wconf 80' lang='grc' dir='ltr'><strong>ὢν</strong></span> <span class='ocrx_word' id='word_1_748' title='bbox 1220 5389 1296 5448; x_wconf 82' lang='grc' dir='ltr'>εἰς</span> <span class='ocrx_word' id='word_1_749' title='bbox 1330 5386 1392 5436; x_wconf 82' lang='grc' dir='ltr'>τὰ</span> <span class='ocrx_word' id='word_1_750' title='bbox 1421 5384 1664 5438; x_wconf 74' lang='grc' dir='ltr'>τοιαῦτα.</span> <span class='ocrx_word' id='word_1_751' title='bbox 1715 5386 1891 5439; x_wconf 82' lang='grc' dir='ltr'>Ἀδελ-</span> 
     </span>
    </p>
   </div>
   <div class='ocr_carea' id='block_1_104' title="bbox 322 5472 1888 5546">
    <p class='ocr_par' dir='ltr' id='par_1_104' title="bbox 322 5472 1888 5546">
     <span class='ocr_line' id='line_1_104' title="bbox 322 5472 1888 5546; baseline 0 -19"><span class='ocrx_word' id='word_1_752' title='bbox 322 5474 416 5542; x_wconf 72' lang='lat' dir='ltr'><strong>(pb;</strong></span> <span class='ocrx_word' id='word_1_753' title='bbox 446 5472 511 5545; x_wconf 77' lang='grc' dir='ltr'>ἦν</span> <span class='ocrx_word' id='word_1_754' title='bbox 538 5476 619 5546; x_wconf 75' lang='grc' dir='ltr'>τῷ</span> <span class='ocrx_word' id='word_1_755' title='bbox 645 5478 957 5545; x_wconf 79' lang='grc' dir='ltr'>πατριάρχῃ</span> <span class='ocrx_word' id='word_1_756' title='bbox 984 5475 1193 5545; x_wconf 81' lang='grc' dir='ltr'>Βάρδας</span> <span class='ocrx_word' id='word_1_757' title='bbox 1224 5475 1415 5544; x_wconf 72' lang='grc' dir='ltr'>ὖνομα,</span> <span class='ocrx_word' id='word_1_758' title='bbox 1445 5474 1796 5541; x_wconf 82' lang='grc' dir='ltr'>λαγνίστατός</span> <span class='ocrx_word' id='word_1_759' title='bbox 1832 5493 1888 5527; x_wconf 85' lang='grc' dir='ltr'><strong>τε</strong></span> 
     </span>
    </p>
   </div>
   <div class='ocr_carea' id='block_1_105' title="bbox 2009 4560 3580 4638">
    <p class='ocr_par' dir='ltr' id='par_1_105' title="bbox 2009 4560 3580 4638">
     <span class='ocr_line' id='line_1_105' title="bbox 2009 4560 3580 4638; baseline 0.01 -26"><span class='ocrx_word' id='word_1_760' title='bbox 2009 4560 2358 4615; x_wconf 75' lang='lat' dir='ltr'><strong>matrimonio</strong></span> <span class='ocrx_word' id='word_1_761' title='bbox 2409 4564 2655 4633; x_wconf 79' lang='lat' dir='ltr'><strong>capulari</strong></span> <span class='ocrx_word' id='word_1_762' title='bbox 2709 4567 2999 4636; x_wconf 88' lang='lat' dir='ltr'><strong>ipsumque</strong></span> <span class='ocrx_word' id='word_1_763' title='bbox 3038 4570 3425 4638; x_wconf 89' lang='lat' dir='ltr'><strong>imperatorem</strong></span> <span class='ocrx_word' id='word_1_764' title='bbox 3484 4573 3580 4627; x_wconf 89' lang='lat' dir='ltr'><strong>de-</strong></span> 
     </span>
    </p>
   </div>
   <div class='ocr_carea' id='block_1_106' title="bbox 2004 4653 3575 4723">
    <p class='ocr_par' dir='ltr' id='par_1_106' title="bbox 2004 4653 3575 4723">
     <span class='ocr_line' id='line_1_106' title="bbox 2004 4653 3575 4723; baseline 0.008 -18"><span class='ocrx_word' id='word_1_765' title='bbox 2004 4653 2235 4713; x_wconf 87' lang='lat' dir='ltr'><strong>clarare,</strong></span> <span class='ocrx_word' id='word_1_766' title='bbox 2266 4657 2455 4706; x_wconf 87' lang='lat' dir='ltr'><strong>statuit</strong></span> <span class='ocrx_word' id='word_1_767' title='bbox 2509 4670 2671 4723; x_wconf 87' lang='lat' dir='ltr'><strong>supra</strong></span> <span class='ocrx_word' id='word_1_768' title='bbox 2706 4658 3029 4711; x_wconf 83' lang='lat' dir='ltr'><strong>muliebrem</strong></span> <span class='ocrx_word' id='word_1_769' title='bbox 3063 4661 3305 4713; x_wconf 88' lang='lat' dir='ltr'><strong>animum</strong></span> <span class='ocrx_word' id='word_1_770' title='bbox 3358 4663 3432 4715; x_wconf 92' lang='lat' dir='ltr'><strong>nil</strong></span> <span class='ocrx_word' id='word_1_771' title='bbox 3473 4666 3575 4717; x_wconf 91' lang='lat' dir='ltr'><strong>sibi</strong></span> 
     </span>
    </p>
   </div>
   <div class='ocr_carea' id='block_1_107' title="bbox 2004 4743 3577 4815">
    <p class='ocr_par' dir='ltr' id='par_1_107' title="bbox 2004 4743 3577 4815">
     <span class='ocr_line' id='line_1_107' title="bbox 2004 4743 3577 4815; baseline 0.008 -21"><span class='ocrx_word' id='word_1_772' title='bbox 2004 4743 2448 4813; x_wconf 83' lang='lat' dir='ltr'><strong>aggrediendum,</strong></span> <span class='ocrx_word' id='word_1_773' title='bbox 2477 4745 2571 4799; x_wconf 89' lang='lat' dir='ltr'><strong>sed</strong></span> <span class='ocrx_word' id='word_1_774' title='bbox 2622 4749 2808 4815; x_wconf 91' lang='lat' dir='ltr'><strong>potius</strong></span> <span class='ocrx_word' id='word_1_775' title='bbox 2854 4749 2981 4802; x_wconf 88' lang='lat' dir='ltr'><strong>dolo</strong></span> <span class='ocrx_word' id='word_1_776' title='bbox 3009 4766 3071 4803; x_wconf 90' lang='lat' dir='ltr'><strong>ac</strong></span> <span class='ocrx_word' id='word_1_777' title='bbox 3104 4751 3295 4804; x_wconf 78' lang='lat' dir='ltr'><strong>fraude</strong></span> <span class='ocrx_word' id='word_1_778' title='bbox 3337 4753 3577 4807; x_wconf 83' lang='lat' dir='ltr'><strong>circum-</strong></span> 
     </span>
    </p>
   </div>
   <div class='ocr_carea' id='block_1_108' title="bbox 2002 4832 3574 4913">
    <p class='ocr_par' dir='ltr' id='par_1_108' title="bbox 2002 4832 3574 4913">
     <span class='ocr_line' id='line_1_108' title="bbox 2002 4832 3574 4913; baseline 0.01 -31"><span class='ocrx_word' id='word_1_779' title='bbox 2002 4832 2331 4888; x_wconf 87' lang='lat' dir='ltr'><strong>veniendum</strong></span> <span class='ocrx_word' id='word_1_780' title='bbox 2377 4836 2779 4904; x_wconf 87' lang='lat' dir='ltr'><strong>patriarcham;</strong></span> <span class='ocrx_word' id='word_1_781' title='bbox 2825 4847 2879 4893; x_wconf 92' lang='lat' dir='ltr'><strong>et</strong></span> <span class='ocrx_word' id='word_1_782' title='bbox 2908 4840 2981 4894; x_wconf 89' lang='lat' dir='ltr'><strong>ita</strong></span> <span class='ocrx_word' id='word_1_783' title='bbox 3018 4856 3076 4894; x_wconf 91' lang='lat' dir='ltr'><strong>se</strong></span> <span class='ocrx_word' id='word_1_784' title='bbox 3127 4843 3234 4894; x_wconf 79' lang='lat' dir='ltr'><strong>voti</strong></span> <span class='ocrx_word' id='word_1_785' title='bbox 3267 4855 3574 4913; x_wconf 90' lang='lat' dir='ltr'><strong>compotem</strong></span> 
     </span>
    </p>
   </div>
   <div class='ocr_carea' id='block_1_109' title="bbox 2000 4924 3545 5006">
    <p class='ocr_par' dir='ltr' id='par_1_109' title="bbox 2000 4924 3545 5006">
     <span class='ocr_line' id='line_1_109' title="bbox 2000 4924 3545 5006; baseline 0.008 -29"><span class='ocrx_word' id='word_1_786' title='bbox 2000 4924 2239 4979; x_wconf 74' lang='lat' dir='ltr'><strong>futuram</strong></span> <span class='ocrx_word' id='word_1_787' title='bbox 2283 4936 2335 4981; x_wconf 90' lang='lat' dir='ltr'><strong>et</strong></span> <span class='ocrx_word' id='word_1_788' title='bbox 2376 4929 2620 4998; x_wconf 86' lang='lat' dir='ltr'><strong>gentium</strong></span> <span class='ocrx_word' id='word_1_789' title='bbox 2657 4930 2914 4999; x_wconf 90' lang='lat' dir='ltr'><strong>impetum</strong></span> <span class='ocrx_word' id='word_1_790' title='bbox 2955 4949 3358 5002; x_wconf 81' lang='lat' dir='ltr'><strong>repressuram,</strong></span> <span class='ocrx_word' id='word_1_791' title='bbox 3401 4946 3545 5006; x_wconf 71' lang='lat' dir='ltr'><strong>Quan</strong></span> 
     </span>
    </p>
   </div>
   <div class='ocr_carea' id='block_1_110' title="bbox 1998 5018 3572 5101">
    <p class='ocr_par' dir='ltr' id='par_1_110' title="bbox 1998 5018 3572 5101">
     <span class='ocr_line' id='line_1_110' title="bbox 1998 5018 3572 5101; baseline 0.011 -32"><span class='ocrx_word' id='word_1_792' title='bbox 1998 5025 2111 5070; x_wconf 89' lang='lat' dir='ltr'><strong>tum</strong></span> <span class='ocrx_word' id='word_1_793' title='bbox 2147 5018 2200 5071; x_wconf 88' lang='lat' dir='ltr'><strong>in</strong></span> <span class='ocrx_word' id='word_1_794' title='bbox 2229 5033 2288 5073; x_wconf 89' lang='lat' dir='ltr'><strong>se</strong></span> <span class='ocrx_word' id='word_1_795' title='bbox 2330 5029 2501 5083; x_wconf 82' lang='lat' dir='ltr'><strong>esset,</strong></span> <span class='ocrx_word' id='word_1_796' title='bbox 2549 5022 2916 5078; x_wconf 77' lang='lat' dir='ltr'><strong>existimabat.</strong></span> <span class='ocrx_word' id='word_1_797' title='bbox 2967 5026 3349 5083; x_wconf 86' lang='lat' dir='ltr'><strong>Commuuicat</strong></span> <span class='ocrx_word' id='word_1_798' title='bbox 3406 5033 3572 5101; x_wconf 75' lang='lat' dir='ltr'><strong>igitur</strong></span> 
     </span>
    </p>
   </div>
   <div class='ocr_carea' id='block_1_111' title="bbox 1999 5110 3567 5188">
    <p class='ocr_par' dir='ltr' id='par_1_111' title="bbox 1999 5110 3567 5188">
     <span class='ocr_line' id='line_1_111' title="bbox 1999 5110 3567 5188; baseline 0.01 -27"><span class='ocrx_word' id='word_1_799' title='bbox 1999 5124 2110 5162; x_wconf 88' lang='lat' dir='ltr'><strong>rem</strong></span> <span class='ocrx_word' id='word_1_800' title='bbox 2139 5110 2373 5178; x_wconf 90' lang='lat' dir='ltr'><strong>quodam</strong></span> <span class='ocrx_word' id='word_1_801' title='bbox 2412 5126 2532 5164; x_wconf 90' lang='lat' dir='ltr'><strong>cum</strong></span> <span class='ocrx_word' id='word_1_802' title='bbox 2586 5113 2840 5168; x_wconf 87' lang='lat' dir='ltr'><strong>eunucho</strong></span> <span class='ocrx_word' id='word_1_803' title='bbox 2875 5132 2937 5170; x_wconf 75' lang='lat' dir='ltr'><strong>ex</strong></span> <span class='ocrx_word' id='word_1_804' title='bbox 2999 5134 3253 5188; x_wconf 78' lang='lat' dir='ltr'><strong>gynteceo</strong></span> <span class='ocrx_word' id='word_1_805' title='bbox 3305 5130 3363 5174; x_wconf 91' lang='lat' dir='ltr'><strong>ut</strong></span> <span class='ocrx_word' id='word_1_806' title='bbox 3395 5126 3459 5177; x_wconf 87' lang='lat' dir='ltr'><strong>ad</strong></span> <span class='ocrx_word' id='word_1_807' title='bbox 3515 5125 3567 5177; x_wconf 87' lang='lat' dir='ltr'><strong>id</strong></span> 
     </span>
    </p>
   </div>
   <div class='ocr_carea' id='block_1_112' title="bbox 1998 5201 3569 5270">
    <p class='ocr_par' dir='ltr' id='par_1_112' title="bbox 1998 5201 3569 5270">
     <span class='ocr_line' id='line_1_112' title="bbox 1998 5201 3569 5270; baseline 0.01 -16"><span class='ocrx_word' id='word_1_808' title='bbox 1998 5201 2218 5265; x_wconf 86' lang='lat' dir='ltr'><strong>idoneo,</strong></span> <span class='ocrx_word' id='word_1_809' title='bbox 2264 5205 2354 5270; x_wconf 82' lang='lat' dir='ltr'><strong>qui</strong></span> <span class='ocrx_word' id='word_1_810' title='bbox 2409 5204 2635 5258; x_wconf 87' lang='lat' dir='ltr'><strong>omnino</strong></span> <span class='ocrx_word' id='word_1_811' title='bbox 2667 5220 2726 5260; x_wconf 91' lang='lat' dir='ltr'><strong>se</strong></span> <span class='ocrx_word' id='word_1_812' title='bbox 2767 5206 2817 5260; x_wconf 89' lang='lat' dir='ltr'><strong>ei</strong></span> <span class='ocrx_word' id='word_1_813' title='bbox 2857 5223 2969 5261; x_wconf 88' lang='lat' dir='ltr'><strong>rem</strong></span> <span class='ocrx_word' id='word_1_814' title='bbox 3015 5225 3043 5263; x_wconf 91' lang='lat' dir='ltr'><strong>c</strong></span> <span class='ocrx_word' id='word_1_815' title='bbox 3079 5214 3348 5266; x_wconf 85' lang='lat' dir='ltr'><strong>sententia</strong></span> <span class='ocrx_word' id='word_1_816' title='bbox 3380 5215 3569 5270; x_wconf 82' lang='lat' dir='ltr'><strong>conle-</strong></span> 
     </span>
    </p>
   </div>
   <div class='ocr_carea' id='block_1_113' title="bbox 1998 5293 3564 5365">
    <p class='ocr_par' dir='ltr' id='par_1_113' title="bbox 1998 5293 3564 5365">
     <span class='ocr_line' id='line_1_113' title="bbox 1998 5293 3564 5365; baseline 0.007 -19"><span class='ocrx_word' id='word_1_817' title='bbox 1998 5302 2216 5346; x_wconf 88' lang='lat' dir='ltr'><strong>cturum</strong></span> <span class='ocrx_word' id='word_1_818' title='bbox 2260 5293 2564 5361; x_wconf 88' lang='lat' dir='ltr'><strong>pollicetur,</strong></span> <span class='ocrx_word' id='word_1_819' title='bbox 2617 5304 2801 5365; x_wconf 89' lang='lat' dir='ltr'><strong>utpote</strong></span> <span class='ocrx_word' id='word_1_820' title='bbox 2846 5299 2937 5365; x_wconf 85' lang='lat' dir='ltr'><strong>qui</strong></span> <span class='ocrx_word' id='word_1_821' title='bbox 2975 5303 3241 5355; x_wconf 87' lang='lat' dir='ltr'><strong>novacula</strong></span> <span class='ocrx_word' id='word_1_822' title='bbox 3280 5302 3347 5358; x_wconf 85' lang='lat' dir='ltr'><strong>ad</strong></span> <span class='ocrx_word' id='word_1_823' title='bbox 3388 5314 3564 5358; x_wconf 86' lang='lat' dir='ltr'><strong>cotem</strong></span> 
     </span>
    </p>
   </div>
   <div class='ocr_carea' id='block_1_114' title="bbox 1998 5384 3569 5459">
    <p class='ocr_par' dir='ltr' id='par_1_114' title="bbox 1998 5384 3569 5459">
     <span class='ocr_line' id='line_1_114' title="bbox 1998 5384 3569 5459; baseline 0.009 -22"><span class='ocrx_word' id='word_1_824' title='bbox 1998 5392 2163 5445; x_wconf 85' lang='lat' dir='ltr'><strong>esset,</strong></span> <span class='ocrx_word' id='word_1_825' title='bbox 2196 5392 2251 5436; x_wconf 90' lang='lat' dir='ltr'><strong>ut</strong></span> <span class='ocrx_word' id='word_1_826' title='bbox 2287 5384 2392 5437; x_wconf 91' lang='lat' dir='ltr'><strong>dici</strong></span> <span class='ocrx_word' id='word_1_827' title='bbox 2429 5388 2587 5449; x_wconf 80' lang='lat' dir='ltr'><strong>solet,</strong></span> <span class='ocrx_word' id='word_1_828' title='bbox 2640 5388 2703 5440; x_wconf 92' lang='lat' dir='ltr'><strong>ad</strong></span> <span class='ocrx_word' id='word_1_829' title='bbox 2768 5389 2877 5442; x_wconf 69' lang='lat' dir='ltr'><strong>haec</strong></span> <span class='ocrx_word' id='word_1_830' title='bbox 2918 5393 3172 5459; x_wconf 80' lang='lat' dir='ltr'><strong>negotia:</strong></span> <span class='ocrx_word' id='word_1_831' title='bbox 3227 5394 3397 5449; x_wconf 82' lang='lat' dir='ltr'><strong>frater</strong></span> <span class='ocrx_word' id='word_1_832' title='bbox 3450 5410 3569 5451; x_wconf 88' lang='lat' dir='ltr'><strong>erat</strong></span> 
     </span>
    </p>
   </div>
   <div class='ocr_carea' id='block_1_115' title="bbox 2001 5478 3565 5552">
    <p class='ocr_par' dir='ltr' id='par_1_115' title="bbox 2001 5478 3565 5552">
     <span class='ocr_line' id='line_1_115' title="bbox 2001 5478 3565 5552; baseline 0.007 -23"><span class='ocrx_word' id='word_1_833' title='bbox 2001 5478 2348 5547; x_wconf 64' lang='lat' dir='ltr'><strong>patriarchae,</strong></span> <span class='ocrx_word' id='word_1_834' title='bbox 2388 5478 2592 5533; x_wconf 77' lang='lat' dir='ltr'><strong>Bardas</strong></span> <span class='ocrx_word' id='word_1_835' title='bbox 2642 5481 2880 5546; x_wconf 87' lang='lat' dir='ltr'><strong>nomine,</strong></span> <span class='ocrx_word' id='word_1_836' title='bbox 2918 5486 3149 5537; x_wconf 80' lang='lat' dir='ltr'><strong>maxime</strong></span> <span class='ocrx_word' id='word_1_837' title='bbox 3186 5486 3422 5542; x_wconf 82' lang='lat' dir='ltr'><strong>lascivus</strong></span> <span class='ocrx_word' id='word_1_838' title='bbox 3464 5488 3565 5552; x_wconf 81' lang='lat' dir='ltr'><strong>vir,</strong></span> 
     </span>
    </p>
   </div>
   <div class='ocr_carea' id='block_1_116' title="bbox 1579 5662 2327 5719">
    <p class='ocr_par' dir='ltr' id='par_1_116' title="bbox 1579 5662 2327 5719">
     <span class='ocr_line' id='line_1_116' title="bbox 1579 5662 2327 5719; baseline 0.007 -5"><span class='ocrx_word' id='word_1_839' title='bbox 1579 5662 1810 5717; x_wconf 81' lang='lat' dir='ltr'><strong>JACOBI</strong></span> <span class='ocrx_word' id='word_1_840' title='bbox 1863 5663 2071 5719; x_wconf 80' lang='lat' dir='ltr'><strong>GOARI</strong></span> <span class='ocrx_word' id='word_1_841' title='bbox 2103 5663 2327 5719; x_wconf 67' lang='grc' dir='ltr'><strong>ΝΟΤᾹΞ.</strong></span> 
     </span>
    </p>
   </div>
   <div class='ocr_carea' id='block_1_117' title="bbox 393 5751 2242 5825">
    <p class='ocr_par' dir='ltr' id='par_1_117' title="bbox 393 5751 2242 5825">
     <span class='ocr_line' id='line_1_117' title="bbox 393 5751 2242 5825; baseline 0.002 -19"><span class='ocrx_word' id='word_1_842' title='bbox 393 5751 506 5821; x_wconf 75' lang='grc'><strong>(15)</strong></span> <span class='ocrx_word' id='word_1_843' title='bbox 537 5753 660 5818; x_wconf 81' lang='lat' dir='ltr'><strong>Quo</strong></span> <span class='ocrx_word' id='word_1_844' title='bbox 690 5751 772 5808; x_wconf 86' lang='lat' dir='ltr'><strong>die</strong></span> <span class='ocrx_word' id='word_1_845' title='bbox 791 5769 913 5809; x_wconf 83' lang='lat' dir='ltr'><strong>sese</strong></span> <span class='ocrx_word' id='word_1_846' title='bbox 947 5758 1130 5809; x_wconf 90' lang='lat' dir='ltr'><strong>cuncti</strong></span> <span class='ocrx_word' id='word_1_847' title='bbox 1163 5755 1305 5823; x_wconf 89' lang='lat' dir='ltr'><strong>apud</strong></span> <span class='ocrx_word' id='word_1_848' title='bbox 1340 5754 1558 5812; x_wconf 72' lang='lat' dir='ltr'><strong>Grrecos</strong></span> <span class='ocrx_word' id='word_1_849' title='bbox 1588 5757 1907 5812; x_wconf 88' lang='lat' dir='ltr'><strong>muneribus</strong></span> <span class='ocrx_word' id='word_1_850' title='bbox 1941 5758 2242 5825; x_wconf 81' lang='lat' dir='ltr'><strong>excipiunt.</strong></span> 
     </span>
    </p>
   </div>
   <div class='ocr_carea' id='block_1_118' title="bbox 682 5843 1405 5907">
    <p class='ocr_par' dir='ltr' id='par_1_118' title="bbox 682 5843 1405 5907">
     <span class='ocr_line' id='line_1_118' title="bbox 682 5843 1405 5907; baseline 0.007 -6"><span class='ocrx_word' id='word_1_851' title='bbox 682 5843 947 5905; x_wconf 61' lang='lat' dir='ltr'><strong>Parnm.</strong></span> <span class='ocrx_word' id='word_1_852' title='bbox 998 5848 1113 5907; x_wconf 78' lang='lat' dir='ltr'><strong>Gn.</strong></span> <span class='ocrx_word' id='word_1_853' title='bbox 1165 5847 1405 5907; x_wconf 79' lang='lat' dir='ltr'><strong>CXXII.</strong></span> 
     </span>
    </p>
   </div>
   <div class='ocr_carea' id='block_1_119' title="bbox 3129 5844 3199 5903">
    <p class='ocr_par' dir='ltr' id='par_1_119' title="bbox 3129 5844 3199 5903">
     <span class='ocr_line' id='line_1_119' title="bbox 3129 5844 3199 5903; baseline 0 0"><span class='ocrx_word' id='word_1_854' title='bbox 3129 5844 3199 5903; x_wconf 82' lang='grc'>13</span> 
     </span>
    </p>
   </div>
  </div>
