4424 6450
407 415 506 478 39ῖ

1870 429 2147 487 ΗΙΒΊὉΗ
2162 431 2177 487 l
2191 432 2229 485 Α
2246 477 2259 490 .

3565 448 3670 510 393

404 534 497 582 καὶ
530 532 641 592 τοῖς
680 530 846 599 ἐρίοις
883 530 988 583 τῶν
1037 528 1322 601 Ῥωμαίων
1361 535 1437 605 τῷ
1491 537 1667 607 καιρῷ
1706 539 1797 591 τοῦ
1848 543 2000 607 ξθιν-
2030 551 2074 605 Α
2106 558 2151 598 st

1926 560 2000 592 ιν·
2030 551 2074 605 Α
2106 555 2276 606 serat,
2306 552 2361 597 ut
2393 548 2463 600 ibi
2499 548 2784 611 hiemaret,
2817 561 2869 606 cl
2911 554 3134 609 ineunte
3166 574 3289 613 vere
3326 573 3383 615 ut
3410 564 3577 634 668
3607 586 3668 620 ex

403 621 618 692 οπὼρου
644 623 982 691 προσήνωτο,
1012 622 1333 693 βουλόμενος
1356 631 1770 699 παραχειμάσαι
1804 634 1980 685 ἐκεῖσε

403 716 495 765 καὶ
527 714 831 784 ἀρχομένου
868 714 961 767 τοῦ
1007 716 1170 787 ἔαρος
1198 719 1485 788 προσεχῶς
1535 725 1862 793 προσδαλεῐν
1891 728 1982 777 καὶ

402 803 572 872 ἄρδην
608 804 910 873 ἀνατρέψαι
942 806 1038 873 τὴν
1080 808 1367 877 Ῥωμαίων
1397 812 1491 864 καὶ
1527 814 1792 869 καθελεῖν.
1845 817 1902 867 Ὀ
1926 817 1981 870 δὲ

401 894 651 963 βασιλεὺς
686 897 915 966 στρατὸν
948 898 1287 967 ἐπαγόμενος
1318 902 1415 971 οὐχ
1443 897 1555 955 οἷον
1586 905 1732 969 είκδς
1764 907 1852 959 τὸν
1886 908 1978 977 βα-

400 987 555 1039 σιλέα
596 987 899 1057 Ῥωμαίων,
955 989 1068 1042 ἀλλ’
1095 986 1207 1043 οἷον
1239 997 1499 1064 παρεῖχεν
1539 998 1566 1049 ὀ
1594 999 1782 1068 καιρὸς
1816 1000 1878 1053 ἔκ
1919 1020 1977 1054 τε

396 1080 723 1132 Μακεδόνων
778 1084 873 1135 καὶ
922 1084 1249 1153 Βουλγάρων
1303 1086 1397 1139 καὶ
1446 1088 1831 1144 Καππαδοκῶν
1885 1094 1977 1146 καὶ

395 1170 586 1234 υῦζων
626 1174 718 1226 καὶ
754 1175 860 1227 τῶν
889 1175 1063 1228 ἄλλων
1102 1178 1524 1248 παρατυχόντων
1558 1181 1810 1247 ἐθνικῶν,
1841 1185 1977 1254 πρὸς

392 1264 450 1317 δὲ
487 1268 581 1319 καὶ
606 1268 874 1336 Φράγγων
907 1270 1000 1321 καὶ
1029 1270 1353 1340 Βαράγγων,
1385 1274 1483 1343 τῆς
1512 1275 1633 1328 ὁδοῦ
1672 1280 1975 1341 σπουδαίως

392 1356 664 1423 ἐφήψατο.
715 1360 822 1411 Καὶ
860 1360 1205 1429 συνήχθησαν
1238 1362 1293 1414 δὲ
1345 1365 1393 1415 οἱ
1428 1366 1629 1429 πάντες
1678 1368 1975 1437 κελεύματι

393 1445 658 1517 βασιλικῷ
688 1450 745 1501 ἐν
776 1452 839 1517 τῇ
874 1451 1086 1519 Φρυγίᾳ.
1125 1452 1244 1519 ἤτοι
1274 1454 1351 1522 τῷ
1381 1454 1575 1523 θέματι
1603 1458 1711 1511 τῶν
1755 1462 1974 1513 Ἀνατο-

390 1538 577 1601 λικῶν,
612 1540 737 1592 ἔνθα
774 1542 868 1592 καὶ
895 1536 962 1610 ἦν
992 1543 1119 1594 ἰδεῖν
1149 1543 1207 1594 τὸ
1240 1546 1563 1613 παράδοξον,
1600 1552 1722 1611 τοὺς
1754 1550 1975 1620 διαϐοή-

387 1643 514 1691 τους
544 1631 857 1697 προμάχους
878 1631 985 1683 τῶν
1020 1630 1305 1700 Ῥωμαίων
1332 1634 1439 1686 τῶν
1467 1638 1645 1689 πᾶσαν
1666 1639 1762 1707 τὴν
1800 1640 1971 1709 Ἐῲαν

389 1721 485 1772 καὶ
513 1721 611 1789 τὴν
647 1721 921 1791 Ἑσπέραν
939 1726 1504 1794 καταδουλωσαμένων
1526 1728 1585 1791 ἐξ
1612 1729 1808 1798 ὀλίγων
1833 1750 1967 1801 συγ-

387 1813 672 1879 κειμένους
718 1813 946 1884 ἁνδρῶν,
1004 1817 1099 1867 καὶ
1155 1816 1358 1869 τούτων
1430 1823 1851 1888 συγκεκυφότων
1902 1831 1965 1896 τῇ

2091 636 2399 705 propinquo
2436 652 2619 707 posset
2646 642 2907 700 invadere
2938 655 2991 700 et
3028 650 3251 717 penitus
3294 650 3668 710 Romanorum

2093 740 2181 779 res
2224 736 2471 784 evertere
2525 746 2587 786 ac
2627 733 2905 790 demoliri.
2935 737 3242 807 imperator
3279 752 3459 798 autem
3496 747 3671 801 addu-

2089 832 2221 873 cens
2249 820 2574 885 exercitum,
2618 840 2725 878 non
2763 828 2977 895 qualem
3032 829 3262 887 decebat
3295 833 3668 893 Romanorum

2089 908 2502 977 imperatorem,
2547 914 2640 967 sed
2666 917 2884 984 qualem
2926 934 3164 987 praesens
3192 926 3413 980 occasio
3440 930 3672 997 praebuit

2085 1015 2147 1053 ex
2190 1001 2575 1059 Macedonibus
2601 1015 2653 1059 ct
2681 1006 2930 1078 Bulgaris
2953 1014 3431 1085 etCappadocibus
3460 1029 3513 1075 et
3538 1020 3668 1076 Uais

2086 1103 2140 1144 et
2171 1094 2311 1154 aliis,
2367 1109 2421 1149 ut
2460 1097 2572 1151 fors
2618 1101 2838 1167 tulerat,
2898 1105 3232 1173 nationibus,
3271 1109 3605 1183 insupcrquc
3637 1133 3668 1168 e

2085 1184 2313 1241 Francis
2335 1201 2388 1243 et
2420 1189 2708 1260 Barangis,
2733 1197 2982 1251 studiose
3012 1199 3117 1253 iter
3138 1202 3387 1271 arripuit,
3412 1213 3465 1259 et
3488 1208 3665 1261 coacti

2085 1286 2216 1328 sunt
2249 1277 2593 1346 imperatoris
2617 1280 2774 1349 jussu
2812 1299 3002 1341 omnes
3034 1289 3125 1356 qui
3160 1300 3315 1343 erant
3344 1290 3398 1345 in
3432 1290 3664 1364 Phrygia

2084 1381 2181 1421 seu
2234 1370 2517 1435 provincia
2570 1373 2951 1429 Orientalium.
3004 1377 3105 1433 Ubi
3165 1396 3392 1437 cernere
3453 1400 3667 1453 porerat

2086 1461 2273 1515 nescio
2295 1463 2426 1530 quid
2458 1462 2805 1532 incredibile,
2844 1469 3087 1526 celebres
3118 1473 3243 1528 illos
3270 1477 3664 1547 antesignanos

2086 1550 2486 1619 Romanorum,
2524 1559 2616 1626 qui
2649 1575 2865 1614 onmem
2900 1572 2952 1615 et
2994 1562 3268 1622 Orientem
3305 1577 3360 1623 et
3396 1569 3665 1624 Occiden-

2084 1652 2191 1695 tem
2234 1644 2285 1697 in
2320 1648 2640 1702 servitutem
2676 1650 3024 1720 redegerant,
3054 1671 3119 1709 ex
3152 1660 3343 1726 paucis
3373 1660 3507 1716 viris
3546 1665 3663 1717 col-

2078 1735 2271 1799 tectos,
2333 1738 2509 1807 iisque
2571 1754 2895 1810 paupertate
2952 1757 3006 1801 et
3054 1752 3343 1807 vexatione
3402 1754 3660 1811 demissis

2081 1832 2246 1892 atque
2282 1829 2430 1879 omni
2470 1845 2750 1885 armorum
2785 1848 2982 1902 genere
3022 1839 3293 1907 spoliatis,
3329 1858 3427 1910 pro
3465 1846 3658 1914 gladiis

387 1909 550 1977 πενία
598 1909 691 1960 καὶ
740 1911 1006 1979 κακουχίᾳ
1061 1911 1155 1963 καὶ
1217 1913 1521 1977 πανοπλίας
1567 1917 1969 1987 ἐστερημένων,
2006 1920 2047 1974 Β
2076 1924 2128 1969 et

1909 1937 1969 1984 iv,
2006 1920 2047 1974 Β
2076 1924 2128 1969 et
2174 1916 2295 1970 aliis
2351 1917 2564 1974 bellicis
2616 1924 2807 1987 armis,
2844 1934 2901 1978 ιιι
2932 1925 3214 1997 Scriptura
3263 1909 3418 1998 dicit,
3469 1909 3656 2006 jacula

386 2002 511 2052 ἀντὶ
561 2001 847 2071 μαχαιρῶν
897 2004 990 2054 καὶ
1022 2004 1197 2056 ἄλλων
1243 2006 1492 2073 ὀργάνων
1527 2011 1863 2077 πολεμικῶν,
1908 2013 1968 2063 τὸ

384 2092 486 2159 τῆς
511 2093 734 2162 Γραφῆς
757 2096 924 2164 ἐρεῖν,
951 2096 1173 2160 ςιῦύνας
1196 2098 1289 2149 καὶ
1310 2099 1551 2169 δρέπανα
1583 2103 1681 2154 οῦκ
1712 2105 1767 2155 ἐν
1795 2106 1970 2174 καιρῷ

384 2186 610 2254 εἰρήνης
658 2188 1053 2257 ἐπαγομένους,
1101 2189 1270 2241 ἵππου
1300 2207 1359 2242 τε
1408 2193 1712 2261 πολεμικοῦ
1743 2198 1835 2248 καὶ
1870 2199 1966 2265 τῆς

382 2275 548 2345 ἄλλης
597 2279 948 2347 παρασκευῆς
1001 2280 1197 2343 ἐνδεῶς
1248 2282 1491 2350 ἔχοντας,
1539 2284 1633 2337 ἆτε
1680 2286 1755 2355 μὴ
1801 2304 1965 2356 στρα-

380 2368 716 2436 τευσαμένου
758 2370 1022 2437 βασιλέως
1053 2372 1117 2423 ἐκ
1156 2372 1373 2438 πολλοῦ,
1426 2376 1521 2428 καὶ
1562 2376 1650 2429 διὰ
1702 2379 1859 2430 τοῦτο
1892 2379 1966 2442 ῶς

380 2461 669 2529 ἀχρήστων
707 2462 801 2513 καὶ
853 2462 1158 2516 ἀσυντελῶν
1208 2466 1299 2517 καὶ
1347 2467 1439 2519 τὸν
1485 2468 1750 2535 ὸψωνικὺν
1789 2470 1965 2522 αὐτῶν

380 2550 828 2621 παραιρεθέντων
880 2556 973 2604 καὶ
1019 2554 1080 2605 τὸ
1123 2552 1391 2607 ἀνέκαθεν
1439 2560 1745 2627 σιτηρέσιον
1782 2561 1964 2624 (δειλοὶ

379 2644 488 2710 γὰρ
522 2645 613 2693 καὶ
642 2642 927 2706 ἀνάλκιδες
973 2645 1067 2697 καὶ
1113 2646 1250 2715 πρὸς
1298 2648 1449 2702 οὐδὲν
1482 2654 1726 2718 γενναῖον
1770 2670 1962 2722 χρησιο

382 2735 639 2801 μευοντες
668 2737 1101 2803 κατεφαίνοντο)⁶
1124 2740 1216 2791 καὶ
1247 2740 1415 2803 αὑτάς
1448 2741 1548 2804 τὰς
1578 2744 1816 2812 σημαίας
1840 2761 1966 2796 σιω-

379 2826 572 2894 πηρῶς
624 2826 1073 2894 ἀποφθέγγεσθαι
1133 2830 1369 2897 πιναρὰς
1425 2832 1712 2900 ὁρωμένας
1772 2834 1965 2905 ῶσπερ

378 2916 486 2967 ἀπὸ
510 2916 724 2981 λιγνύος
742 2916 1092 2987 ἐζοςρωμένας
1111 2920 1342 2983 καπνοῦ,
1371 2922 1466 2975 καὶ
1483 2923 1713 2986 ὀπαδοὺς
1738 2926 1964 2994 ἐχούσας

376 3006 782 3076 εὖαριθμήτους
829 3012 920 3061 καὶ
955 3012 1264 3081 πενιχρούς.
1303 3012 1487 3065 Ταῦτα
1521 3016 1635 3076 τοῖς
1689 3017 1962 3087 παροῦσιν

375 3099 631 3169 ὁρώμενα
678 3101 879 3168 πολλὴν
927 3102 1165 3171 ἀθυμίαν
1201 3105 1483 3173 προσῆγον
1520 3106 1613 3158 καὶ
1658 3109 1960 3172 ἐνεποίουν,

376 3192 854 3261 ἀναλογιζομένοις
890 3194 947 3259 ἐξ
980 3195 1109 3247 οἴων
1164 3198 1255 3248 ποῖ
1285 3199 1660 3267 κατηντήκασι
1692 3199 1759 3251 τά
1819 3202 1953 3253 Ῥω-

2071 2013 2117 2055 et
2200 2003 2363 2059 falces
2449 2024 2557 2063 non
2634 2020 2881 2081 tempore
2975 2019 3122 2084 pacis
3202 2003 3601 2081 adducentibus
3639 2068 3654 2090 ,

2070 2105 2124 2148 et
2194 2098 2387 2151 bellico
2460 2102 2705 2170 equitatu
2774 2105 2989 2176 alioque
3056 2108 3427 2180 indigentibus
3485 2131 3655 2186 appa-

2075 2197 2216 2250 ratu,
2252 2189 2452 2258 quippe
2503 2206 2626 2246 cum
2682 2195 2982 2264 imperator
3038 2199 3170 2255 illuc
3224 2218 3348 2257 cum
3405 2209 3655 2262 exercitu

2070 2278 2401 2347 jampridem
2439 2281 2720 2349 profectus
2762 2302 2870 2339 non
2922 2300 3086 2355 esset,
3142 2303 3196 2345 et
3238 2296 3340 2349 hac
3383 2297 3448 2352 de
3486 2314 3654 2354 causa

2073 2368 2180 2423 illis
2213 2377 2470 2439 tanquam
2514 2373 2804 2432 inutilibus
2844 2380 3095 2451 adempta
3139 2395 3325 2439 essent
3359 2388 3566 2443 cibaria
3601 2402 3656 2446 et

2071 2460 2162 2527 qui
2198 2463 2425 2529 praeberi
2475 2480 2833 2523 consueverat
2863 2485 3208 2531 commeatus
3244 2496 3257 2531 :
3298 2479 3475 2535 timidi
3503 2483 3651 2537 enim

2068 2558 2123 2603 et
2181 2550 2484 2609 imbecilles
2535 2565 2589 2610 et
2641 2557 2707 2611 ad
2763 2561 2969 2616 nullam
3022 2580 3133 2619 rem
3181 2578 3463 2625 strenuam
3526 2575 3650 2629 usui

2070 2645 2482 2715 censebantur;
2547 2649 2620 2703 ita
2692 2660 2751 2703 ut
2815 2655 2981 2708 etiam
3039 2657 3159 2727 ipsa
3219 2661 3373 2730 signa
3431 2664 3652 2720 silentio

2071 2737 2507 2804 responderent,
2575 2743 2794 2797 sordida
2866 2759 3202 2815 conspecta,
3262 2762 3529 2824 tanquam
3582 2760 3652 2813 ab

2068 2828 2341 2883 exstincto
2392 2831 2597 2888 lumine
2647 2836 2944 2892 obscurato
2980 2838 3149 2905 tumo,
3206 2852 3259 2897 et
3300 2861 3503 2915 paucos
3554 2850 3653 2903 lia-

2068 2917 2246 2973 bentia
2311 2924 2598 2979 ministros
2644 2942 2849 2997 eosque
2907 2947 3199 3001 pauperes.
3254 2936 3379 2993 limo
3426 2939 3498 2995 iis
3553 2943 3649 3012 qui

2066 3013 2292 3063 aderant
2365 3015 2719 3071 cernentibus
2797 3035 2962 3074 causa
3039 3032 3195 3078 erant
3276 3041 3332 3082 ut
3412 3032 3647 3087 multum

2065 3097 2470 3168 desponderent
2509 3105 2755 3159 animum
2830 3117 2886 3161 et
2944 3121 3283 3181 metuerent,
3341 3120 3648 3189 cogitantes

2065 3208 2129 3245 ex
2177 3209 2286 3261 quo
2351 3204 2499 3249 statu
2548 3197 2603 3251 in
2654 3214 2814 3269 quem
2852 3201 3059 3259 redacti
3111 3208 3222 3261 sint
3269 3207 3645 3268 Romanorum

381 3252 946 3355 paiwv'cvtpiztdneéa,‘
966 3286 1060 3337 καὶ
1088 3282 1245 3348 αὖθις
1268 3288 1390 3339 τίνα
1412 3252 1616 3356 τρόπον
1650 3292 1756 3343 κάκ
1787 3292 1957 3345 ποίων
1986 3252 2027 3309 C

1894 3311 1957 3345 ut,
1986 3252 2027 3309 ο
2062 3284 2229 3354 669
2259 3288 2557 3352 exercitus,
2593 3300 2649 3344 et
2690 3306 2884 3348 rursus
2925 3310 3165 3364 quanam
3198 3301 3413 3356 ratione
3442 3315 3494 3358 et
3518 3307 3641 3376 qui-

377 3378 676 3446 χρημάτων
723 3382 817 3428 καὶ
846 3376 932 3428 διὰ
974 3377 1141 3429 πόσου
1169 3377 1262 3429 τοῦ
1292 3376 1483 3447 χρόνου
1525 3381 1605 3442 είς
1642 3381 1704 3433 τὸ
1732 3382 1955 3451 ἀρχαῖον

378 3467 853 3527 ἐπανελεύσονται,
891 3468 997 3520 τῶν
1028 3469 1127 3537 μὲν
1160 3470 1534 3537 γηραιοτέρων
1567 3470 1660 3522 καὶ
1690 3487 1953 3540 πεπειρα-

383 3561 556 3629 μένων
611 3561 872 3626 ἀφῐτιπων
920 3560 1089 3612 ὄντων
1125 3560 1217 3612 καὶ
1244 3559 1439 3627 ψιλῶν,
1483 3562 1580 3630 τῆς
1627 3562 1683 3614 δὲ
1732 3564 1953 3627 νεαλοῦς

379 3654 638 3721 στρατιᾶς
683 3652 1127 3719 άπειροπολέμου
1168 3651 1573 3719 καθεστηκυίας
1604 3655 1697 3705 καὶ
1724 3655 1829 3707 τῶν
1861 3675 1953 3709 πο-

378 3743 614 3812 λεμικῶν
651 3744 749 3793 οὐκ
787 3741 974 3801 ἐθάδος
1027 3741 1274 3805 ἀγώνων.
1307 3741 1416 3792 Καὶ
1446 3740 1599 3803 αὖθις
1632 3742 1690 3793 τὸ
1721 3743 1830 3793 τῶν
1860 3745 1953 3795 άν-

376 3834 779 3901 τιτεταγμένων
814 3831 1315 3901 φιλοκινδυνότατον
1355 3833 1413 3883 ἐν
1445 3832 1725 3900 πολέμοις,
1760 3835 1955 3904 ἐπίμο-

375 3946 464 3981 νον
510 3929 604 3979 καὶ
654 3927 913 3996 ἔμπειρον
960 3926 1053 3978 καὶ
1087 3926 1413 3994 ἐπιτήδειον.
1465 3926 1734 3980 Πάντοθεν
1778 3923 1870 3979 οὖν
1926 3930 1953 3979 ὁ

378 4019 632 4088 βασιλεὺς
679 4016 1115 4085 ἐξαπορούμενος
1146 4017 1293 4084 ὅμως
1326 4016 1413 4069 διὰ
1446 4017 1546 4086 τὴν
1575 4019 1758 4087 κοινὴν
1800 4017 1951 4069 λυσι-

374 4110 585 4162 τέλειαν
620 4109 833 4178 ἔκρινεν
864 4109 937 4169 ὡς
973 4108 1097 4175 ἐνῆν
1127 4110 1237 4169 τοῖς
1266 4108 1482 4177 ἐχθροῖς
1513 4110 1953 4178 ἀντιπαρατάξα-

377 4202 501 4255 σθαι
531 4201 625 4252 καὶ
652 4201 754 4267 τῆς
793 4200 995 4267 πολλῆς
1035 4200 1236 4261 αὐτοὺς
1268 4200 1448 4261 ποσῶς
1481 4200 1828 4269 ἀναχαιτίσαι
1860 4201 1953 4254 acati.

372 4290 681 4346 ἀναστεῖλαι
728 4290 927 4359 ὁρμῆς.
966 4290 1104 4351 Τοὺς
1152 4294 1260 4360 γὰρ
1307 4291 1581 4352 ἐναντίους
1624 4292 1952 4357 ἀγνοοῦντας

373 4386 442 4437 τὰ
470 4384 609 4435 οἴκοι
650 4382 740 4433 τὸν
772 4380 995 4449 βασιλέα
1030 4382 1284 4443 πιέζοντά
1327 4400 1385 4434 τε
1423 4381 1505 4453 [Ρ.
1548 4381 1673 4453 824]
1712 4383 1802 4435 καὶ
1838 4384 1949 4435 θλί-

370 4479 533 4531 ϐοντα
572 4480 605 4547 ἡ
649 4479 822 4545 ἁθρόα
869 4477 1055 4530 τούτου
1087 4481 1230 4548 ὁρμή
1278 4496 1336 4531 τε
1382 4482 1474 4532 καὶ
1519 4480 1706 4548 ἔφοδος
1750 4484 1949 4551 μᾶλλον

370 4570 685 4639 ἐξέπληξεν,
721 4570 1024 4639 οἰηθέντας,
1072 4569 1263 4639 ὥσπερ
1302 4572 1397 4623 καί
1440 4572 1665 4642 ὕστερον
1700 4574 1949 4643 μεμαθή-
1979 4591 2026 4648 υ

372 4678 569 4728 καμεν,
601 4662 680 4713 ὅτι
712 4662 970 4714 κινδύνων
998 4658 1149 4724 οὗτος
1181 4665 1207 4714 ὁ
1250 4661 1535 4732 ἄνθρωπος
1578 4664 1769 4717 οὐδένα
1795 4666 1951 4731 λόγον

372 4754 691 4822 πεποίηται,
718 4752 832 4805 ἀλλ’
866 4752 1025 4820 ἔαρος
1057 4752 1132 4804 ὢν
1168 4754 1426 4821 φοιτητὴς
1454 4755 1824 4824 καινοποιήσει
1859 4756 1951 4807 καὶ

372 4843 637 4914 ἀνηϐήσει
668 4843 736 4896 τὰ
790 4843 1081 4911 Ῥωμαίων
1116 4846 1413 4913 πράγματα
1460 4845 1549 4896 καί
1587 4844 1948 4913 ἁντισηκὼσει

368 4943 478 5001 τοῖς
505 4939 719 5007 ἐχθροῖς
741 4938 808 4989 τά
835 4938 1107 5006 ἐπίχειρα.
1148 4933 1293 5008 [Διὰ]
1314 4934 1483 4987 ταῦτά
1502 4935 1628 4986 τοιὸ
1660 4934 1759 5001 μὲν
1798 4932 1949 4986 σουλ-

366 5029 526 5089 τάνος
561 5025 964 5097 ὀπισθόρμητος
1000 5025 1212 5091 γέγονε,
1246 5025 1439 5093 μοῖραν
1466 5023 1520 5075 δέ
1551 5040 1671 5074 τινα
1705 5023 1949 5092 μεγάλην

368 5125 535 5176 ἁποτε
546 5123 797 5190 μόμενος,
815 5121 909 5173 καὶ
932 5118 1135 5187 ταύτην
1152 5117 1614 5188 διχῆδιε).ὼν,ζτὴν
1630 5117 1729 5187 μὲν
1750 5119 1830 5180 εἰς
1852 5119 1947 5184 τὴν

383 5213 569 5266 Ἀσίαν
619 5212 716 5281 τὴν
757 5212 869 5265 ἄνω
913 5210 1238 5280 νοτιωτέρα-ι
1272 5209 1586 5277 ἐκπέμπει,
1633 5209 1732 5278 τὴν
1769 5209 1826 5260 δὲ
1863 5210 1948 5278 βο·

371 5307 656 5377 ρειοτέραν
699 5306 1071 5376 παραγγέλλει
1104 5303 1376 5371 γενέσθαι.
1422 5300 1481 5357 Ὀ
1508 5303 1564 5355 δέ
1592 5303 1842 5372 βασιλεὺς
1873 5303 1948 5365 ὡς

370 5401 493 5468 ἐνῆν
523 5400 651 5461 τοὺς
688 5400 783 5451 σὺν
812 5399 961 5468 αὐτῷ
1006 5397 1315 5469 ἐπιρρώσας
1347 5397 1442 5465 ὅλη
1473 5396 1638 5464 χειρὶ,
1666 5398 1759 5449 καὶ
1784 5395 1947 5460 ἀξιώ-

376 5507 507 5559 μασι
540 5490 634 5543 καὶ
662 5488 856 5560 δώροις
890 5488 1268 5560 ἀναθαρρῆσαι
1296 5485 1636 5555 πεποιηκὼς,
1682 5488 1773 5539 καὶ
1820 5487 1946 5554 λοχ-

372 5584 537 5650 αγοῦς
588 5583 685 5635 καὶ
748 5583 1044 5653 ταξιάρχας
1105 5581 1359 5649 ἀρίστους
1414 5580 1631 5649 ἑκάστῳ
1700 5580 1942 5649 τάγματι

378 5670 650 5739 ἐπιμελῶς
698 5672 1163 5739 προστησάμενος,
1194 5673 1250 5723 ἐν
1283 5671 1447 5740 ὀλίγῳ
1476 5672 1651 5740 χρόνῳ
1688 5672 1946 5738 στρατιάν

380 5760 650 5828 ἀξιόλογον
683 5763 1073 5830 κατεστήσατο,
1122 5766 1217 5816 καὶ
1244 5763 1359 5831 μετ’
1400 5763 1566 5831 αὐτῆς
1611 5764 1701 5815 ἐπὶ
1734 5765 1946 5831 Πέρσας

384 5851 782 5923 προθυμότερον
818 5853 1064 5923 ἤλαυνεν.
1111 5856 1195 5918 Ὠς
1227 5855 1283 5908 δὲ
1319 5856 1378 5909 τὸ
1407 5855 1615 5927 βόρειον
1644 5857 1942 5926 στρατόπε-

2060 3375 2161 3428 bus
2186 3376 2385 3444 Opibus
2411 3386 2464 3432 et
2495 3389 2703 3447 quanto
2733 3394 2975 3453 tempore
3005 3387 3061 3441 in
3112 3392 3398 3460 antiquum
3433 3375 3640 3450 statum

2059 3468 2324 3522 vindicari
2379 3470 2614 3538 possint,
2671 3488 2795 3528 eum
2844 3477 3083 3545 majores
3109 3490 3241 3535 natu
3295 3492 3351 3538 et
3395 3490 3642 3542 veterani

2060 3558 2260 3613 milites
2319 3572 2374 3615 ct
2430 3564 2590 3631 periti
2655 3577 2912 3621 carerent
2972 3571 3224 3640 equitatu
3285 3585 3339 3628 et
3401 3577 3642 3635 inermes

2056 3660 2260 3715 essent,
2296 3653 2499 3709 tirones
2519 3665 2701 3711 autem
2738 3659 2973 3727 imperiti
3010 3679 3186 3732 neque
3221 3666 3430 3723 bellicis
3448 3681 3637 3725 certa-

2058 3744 2298 3799 minibus
2360 3748 2589 3801 assueti.
2652 3748 2731 3802 Ad
2809 3752 2910 3805 hoc
2982 3754 3335 3814 adversarios
3421 3777 3642 3831 quoque

2059 3839 2293 3893 maxime
2342 3850 2599 3897 strenuos
2654 3852 2707 3897 et
2758 3846 2998 3901 audaces
3055 3850 3125 3902 ab
3174 3852 3457 3909 subeunda
3513 3857 3640 3912 belli

2056 3934 2318 3998 pericula,
2362 3943 2416 3989 et
2468 3936 2697 3991 stabiles
2731 3949 2897 4008 atque
2928 3942 3134 4009 peritos
3168 3955 3223 3999 et
3274 3946 3505 4003 idoneos
3542 3968 3638 4004 nn-

2056 4030 2197 4075 rant.
2263 4024 2337 4077 Ex
2376 4028 2525 4079 omni
2577 4028 2742 4097 igitur
2799 4041 2953 4098 parte
3009 4048 3211 4105 anceps
3264 4048 3320 4091 et
3368 4040 3638 4096 sollicitus

2058 4115 2350 4180 imperator
2391 4126 2567 4171 tamen
2632 4124 2943 4179 communis
3003 4126 3255 4183 utilitatis
3291 4145 3480 4199 causa,
3522 4140 3640 4188 sta-

2059 4204 2182 4265 tuit,
2216 4217 2480 4274 quantum
2522 4210 2575 4262 in
2634 4227 2693 4266 se
2743 4224 2884 4278 erat,
2936 4226 3129 4270 contra
3183 4220 3369 4276 hostes
3411 4223 3632 4289 instrui,

2055 4306 2355 4363 eorumque
2413 4312 2477 4347 ex
2544 4298 2725 4367 aliqua
2797 4313 2951 4371 parte
3015 4307 3292 4375 ingentem
3366 4313 3636 4381 impetum

2054 4387 2439 4453 comprimere.
2497 4389 2561 4441 Et
2592 4391 2945 4449 adversarios
2982 4398 3225 4465 quidem,
3256 4402 3479 4468 ignaros
3510 4404 3634 4472 qui-

2054 4476 2154 4529 bus
2181 4476 2337 4531 malis
2357 4479 2501 4533 domi
2530 4492 2820 4539 vexaretur
2855 4501 2917 4539 ac
2949 4500 3292 4555 premeretur
3314 4494 3632 4562 imperator,

2056 4569 2375 4636 repentinus
2421 4571 2593 4640 ipsius
2626 4585 2861 4630 conatus
2901 4589 2953 4632 et
2990 4581 3259 4637 adventus
3301 4585 3475 4654 magis
3508 4600 3632 4653 per-

2057 4662 2270 4724 terruit,
2310 4672 2477 4726 ratns,
2513 4674 2568 4717 ut
2609 4678 2797 4735 postea
2820 4669 3140 4735 didicimus,
3178 4672 3456 4730 hominem
3487 4678 3631 4733 ltUllC

2057 4751 2421 4817 periculorum
2448 4757 2652 4808 nullam
2678 4759 2943 4813 rationem
2966 4762 3305 4829 habiturum,
3337 4766 3433 4821 sed
3467 4778 3636 4823 verno

2058 4853 2305 4912 tempore
2337 4846 2722 4914 adventurum,
2756 4860 3149 4925 auctoremque
3205 4856 3323 4911 fore
3354 4867 3411 4912 ut
3439 4875 3630 4916 rursus

2056 4932 2304 4988 ltnmaua
2336 4951 2423 4990 res
2447 4939 2751 4994 ctllorescat
2784 4951 2836 4996 et
2875 4945 3026 5012 paria
3062 4946 3313 5002 bostibus
3344 4953 3627 5020 rependat.

2053 5026 2265 5087 Quibus
2303 5026 2369 5079 de
2398 5028 2583 5083 causis
2618 5032 2865 5087 sultanus
2917 5036 3166 5091 recessit.
3210 5035 3408 5094 Verum
3453 5041 3627 5097 divisa

2060 5119 2203 5170 haud
2237 5120 2430 5189 exigua
2462 5124 2735 5177 exercitus
2784 5141 2946 5179 manu
2981 5128 3033 5180 in
3075 5131 3212 5183 duas
3242 5142 3449 5199 partes,
3493 5135 3632 5188 alte-

2055 5224 2167 5260 ram
2219 5211 2270 5263 in
2327 5212 2509 5265 Asiam
2544 5215 2888 5283 superiorem
2928 5220 2992 5273 ad
3026 5218 3223 5274 Istrum
3260 5225 3433 5292 magis
3466 5226 3623 5279 sitam

2052 5306 2305 5369 emittit,
2365 5309 2593 5362 alteram
2662 5310 2730 5365 ad
2786 5325 2973 5382 partes
3014 5317 3188 5385 magis
3250 5318 3624 5386 aquilonares.

2051 5400 2356 5471 Imperator
2386 5412 2569 5457 autem
2596 5407 2732 5470 suis,
2776 5419 3042 5476 quantum
3079 5410 3253 5473 licuit,
3284 5412 3625 5467 confirmatis

2052 5495 2199 5547 omni
2235 5503 2502 5563 potestate
2530 5504 2587 5551 et
2615 5498 2880 5568 dignitate
2917 5515 2981 5554 ac
3024 5502 3364 5569 muneribus,
3394 5513 3449 5556 et
3481 5503 3625 5558 bono

2053 5589 2235 5642 animo
2284 5602 2407 5642 esse
2430 5588 2623 5656 jussis,
2658 5591 3176 5661 manipulorumque
3210 5593 3540 5650 ductoribus
3569 5605 3624 5649 et

2051 5674 2273 5742 optimis
2302 5675 2575 5742 prmfectis
2601 5678 2899 5747 unicuique
2931 5681 3437 5753 legionidiligenter
3468 5686 3625 5738 attri—

2050 5766 2218 5828 butis,
2239 5767 2387 5821 brevi
2421 5780 2662 5837 tempore
2693 5770 2947 5825 idoneum
2986 5774 3262 5827 contraxit
3291 5776 3618 5831 exercitum.

2050 5864 2103 5907 et
2132 5869 2255 5909 cum
2296 5857 2416 5925 ipso
2446 5858 2497 5910 in
2534 5856 2727 5913 Persas
2760 5862 2999 5917 alacrius
3026 5862 3500 5933 proﬁciscebatur.
3558 5862 3622 5920 Ut
