4424 6450
790 290 897 355 403

2078 304 2208 367 ,ΐοΑ
2221 308 2319 367 NN
2335 311 2349 366 Ι
2363 312 2399 367 S
2444 314 2811 380 SCYLITZE

3930 336 4032 399 404

789 411 863 464 ita
898 412 1182 467 iu‘motum
1214 416 1415 481 stabat,
1445 420 1601 487 quasi
1640 430 1919 475 vereretur
1955 438 2018 475 nr
2068 425 2178 477 illir
2208 436 2353 482 stare
2380 432 2424 489 Δ
2459 458 2524 511 γη

796 501 1060 523 J-___l___-
1092 505 1233 523 I-__.,
1276 522 1283 523 ,
1376 520 1385 523 _
1439 508 1452 523 I
1559 516 1571 523 .
2099 516 2106 523 .
2220 517 2229 523 .

2282 445 2353 482 "‘8
2380 432 2424 489 Α
2459 458 2650 511 γηταν,
2690 447 2777 496 καὶ
2812 448 3170 513 παρελθόντες
3204 451 3262 501 τὸ
3292 451 3398 503 τῶν
3435 453 3638 521 σχολῶν
3660 454 3858 523 τάγμα
3916 456 4029 523 (l7)

789 501 1310 570 deprehenderetur,
1336 520 1388 562 et
1421 508 1577 563 daret
1610 524 1830 578 Operam
1869 523 1922 564 ιιι
1962 516 2187 568 omnino
2220 517 2354 570 late-

792 600 894 646 ret.
954 590 1058 645 Sed
1093 592 1277 651 hostes
1314 599 1514 653 reversi
1568 600 1676 653 cito
1730 601 1826 655 hos
1872 620 2087 673 quoque
2117 606 2355 660 debella-

790 691 938 745 runt,
972 692 1022 737 et
1053 685 1237 741 multis
1277 688 1602 752 interfectis,
1646 693 1871 760 reliquis
1910 696 1960 747 in
1991 696 2192 750 castris
2224 712 2357 752 con-

786 774 974 838 clusis,
1026 786 1077 829 et
1110 779 1257 846 signa
1310 780 1417 833 illis
1443 781 1697 835 militaria
1730 784 2069 842 ademerunt.
2106 796 2151 839 et
2189 789 2357 857 pluri-

785 879 996 919 morum
1022 867 1251 919 militum
1279 869 1522 923 abscissa
1557 872 1732 940 capita
1767 874 2031 927 miserunt
2056 876 2354 947 Chalepitis

783 958 1168 1011 ostentationis
1201 973 1380 1013 causa.
1447 959 1509 1011 Et
1560 961 1694 1015 illud
1729 965 1962 1017 maxima
1997 966 2218 1035 dignum
2272 978 2354 1022 est

784 1046 1162 1109 admiratione,
1200 1050 1341 1117 quod
1396 1050 1497 1105 hac
1552 1064 1769 1121 accepta
1834 1069 1860 1105 a
1911 1054 2172 1112 Romanis
2202 1058 2354 1114 clade

782 1137 963 1191 mullus
1002 1138 1143 1192 alius
1176 1140 1486 1208 manipulus
1514 1153 1605 1195 aut
1632 1143 1920 1211 praefectus
1966 1148 2031 1199 ad
2080 1150 2346 1215 repellen-

780 1228 878 1282 dos
903 1229 1089 1285 hostes
1123 1231 1321 1286 fuerint
1356 1234 1593 1302 impulsi.
1635 1233 1837 1290 Verum
1864 1254 2053 1293 omnes
2076 1239 2347 1305 sedentes,

779 1323 934 1387 quasi
995 1323 1046 1375 in
1084 1324 1255 1377 amica
1293 1324 1514 1392 regione
1562 1340 2066 1391 commorarentur,
2119 1331 2350 1399 privatis

778 1414 1083 1467 commodis
1134 1416 1465 1479 studebant;
1529 1418 1785 1486 nullaque
1839 1420 2088 1488 ips‘Orum
2154 1422 2348 1474 animis

779 1511 871 1556 aut
914 1505 1230 1559 sollicitudo
1283 1515 1377 1559 aut
1430 1508 1689 1560 alacritas
1742 1524 1969 1577 prorsus
2003 1511 2196 1563 inerat.
2245 1511 2346 1564 Sed

778 1593 1073 1661 imperator
1099 1596 1188 1663 qui
1216 1596 1267 1647 in
1302 1596 1432 1648 urbe
1466 1606 1605 1659 erat,
1640 1598 1827 1653 audito
1855 1613 2009 1662 casu,
2047 1601 2191 1654 haud
2232 1618 2344 1654 mc-

777 1684 948 1737 riiocri
981 1684 1169 1740 dolore
1202 1686 1545 1750 aﬂ'ectnscst,
1575 1691 1867 1757 statimque
1904 1705 2028 1744 cum
2058 1690 2341 1759 Cappado-

776 1775 930 1827 t-ibns
974 1791 1111 1842 quos
1158 1792 1343 1831 secum
1390 1778 1621 1831 habebat
1672 1794 1926 1835 reversus
1989 1781 2342 1836 offensionem

776 1874 1053 1934 acceptam
1088 1869 1356 1921 resarcire
1395 1872 1719 1933 conabatur,
1753 1870 1843 1922 illa
1882 1872 2147 1941 siquidem
2187 1883 2345 1929 nocte

775 1972 965 2010 omnes
988 1956 1055 2011 de
1088 1972 1182 2025 spe
1215 1958 1355 2011 bona
1381 1959 1717 2022 deciderant,
1765 1962 1907 2029 quod
1937 1966 2099 2016 etiam
2134 1966 2342 2034 pedita-

776 2056 863 2102 tns
895 2048 1188 2103 Armenius
1222 2048 1287 2102 ad
1332 2052 1534 2104 vallum
1570 2063 1903 2119 pernoctans
1935 2054 2001 2106 de
2046 2057 2342 2111 rebellione

773 2139 1054 2207 cogitavit.
1099 2140 1463 2211 Nondumque
1502 2143 1620 2198 dies
1664 2146 1987 2209 advenerat,
2042 2156 2095 2200 et
2159 2149 2341 2205 hostes

772 2233 970 2284 vallum
996 2233 1238 2287 cinxere.
1262 2233 1469 2303 Cbalep
1502 2235 1648 2288 enim
1674 2238 1931 2307 princeps
1964 2241 2186 2308 cognito
2209 2256 2337 2294 casn

773 2340 896 2375 eum
924 2324 1177 2380 omnibus
1208 2327 1324 2380 suis
1354 2328 1529 2392 copiis
1561 2330 1813 2391 accessit,
1851 2338 1908 2382 ut.
1938 2330 2084 2385 illico
2107 2333 2340 2398 impera-

772 2424 945 2468 torem
975 2425 1264 2485 capturus.
1298 2419 1601 2486 Imperator
1631 2428 1812 2473 autem
1848 2420 1986 2473 intra
2020 2423 2341 2476 tabernam-

774 2510 883 2561 lum
931 2525 993 2564 ea
1035 2511 1235 2579 quibus
1283 2511 1347 2565 ad
1399 2512 1600 2566 bellum
1657 2527 1794 2581 opus
1844 2513 1984 2568 foret
2020 2514 2337 2570 describens

773 2598 934 2651 tertia
974 2599 1197 2653 circiter
1236 2600 1371 2655 bora
1420 2602 1595 2653 noctis
1626 2616 1748 2655 cum
1804 2602 2052 2657 conferto
2091 2605 2335 2671 equitatu

772 2689 973 2759 erupit.
998 2689 1275 2759 Agebatur
1306 2701 1434 2744 tunc
1466 2693 1723 2748 vicesima
1748 2694 1910 2764 675
1942 2694 2059 2749 dies
2102 2693 2338 2749 Novem-

773 2781 886 2835 bris
917 2781 1144 2846 mensis,
1199 2783 1499 2838 indictione
1540 2785 1789 2852 septima,
1837 2786 2189 2841 buccinarum
2242 2798 2335 2841 aut

771 2873 1026 2925 tubarum
1091 2874 1241 2927 nullo
1291 2874 1434 2929 edito
1464 2886 1651 2943 aperto
1692 2876 1867 2945 signo.
1916 2874 2121 2929 Verum
2178 2877 2334 2933 elatis

770 2963 1009 3023 vexillis.
1042 2973 1096 3018 et
1133 2965 1436 3033 composito
1464 2965 1791 3033 procedente
1822 2967 2063 3021 exercitu
2086 3007 2100 3028 .
2146 2968 2332 3025 hostes

772 3054 825 3104 in
875 3067 1037 3105 unam
1094 3063 1299 3122 partem
1344 3054 1461 3123 cogi
1520 3067 1841 3124 coeperunt,
1895 3072 2006 3127 quo
2057 3057 2332 3113 Romanos

772 3143 1082 3209 equitantes
1122 3142 1387 3207 viderent,
1440 3155 1493 3197 et
1546 3155 1825 3198 certamen
1875 3160 1939 3199 ac
1979 3146 2055 3200 rei
2106 3155 2332 3203 eventus

768 3233 1173 3300 quodammodo
1204 3235 1385 3288 animo
1404 3234 1515 3303 jam
1539 3243 1837 3304 conceptus
1865 3246 2018 3291 erat:
2055 3254 2176 3291 nam
2214 3255 2333 3294 cum

768 3326 804 3380 ii
834 3326 925 3393 qui
957 3327 1008 3378 in
1044 3326 1221 3380 fronte
1243 3337 1400 3381 erant
1423 3329 1716 3382 clamorem
1744 3330 2121 3393 sustulissent,
2153 3333 2336 3401 plures

767 3416 1117 3473 adversarios
1163 3417 1394 3473 Romani
1468 3419 1813 3473 debellarnnt
1864 3429 1921 3475 et
1992 3423 2333 3485 occiderunt,

767 3522 1002 3577 cumque
1034 3508 1241 3578 reliqua
1276 3523 1495 3578 quoque
1523 3510 1817 3563 multitudo
1841 3510 2116 3572 irruisset,
2147 3512 2335 3575 ingens

767 3598 1012 3667 ipsorum
1064 3600 1187 3671 fuga
1229 3600 1366 3655 facta
1412 3611 1516 3654 est.
1576 3601 1645 3655 Et
1683 3603 1774 3671 qui
1820 3618 1847 3654 a
1889 3612 2041 3672 tergo
2067 3619 2160 3658 eos
2192 3604 2334 3659 inse-

766 3692 1096 3757 qnebantnr,
1145 3692 1331 3746 multis
1373 3692 1577 3748 occisis
1610 3694 1754 3747 haud
1796 3708 1926 3748 sane
1948 3710 2154 3763 paucos
2182 3698 2334 3750 vivos

769 3798 981 3851 cepere.
1034 3781 1233 3837 Verum
1284 3799 1406 3838 cum
1460 3784 1689 3837 multum
1719 3784 1863 3839 haud
1895 3785 2163 3854 persecuti
2200 3786 2335 3840 fuis~

766 3884 909 3938 sent,
959 3873 1163 3944 ingenti
1205 3889 1266 3928 ac
1303 3889 1569 3943 prospero
1604 3889 1783 3929 rerum
1818 3890 2077 3929 successu
2113 3875 2335 3930 defrau-

764 3966 874 4019 dati
946 3973 1075 4019 sunt
1129 3963 1407 4026 Romani,
1470 3966 1945 4034 pulcherrimaque
2000 3968 2225 4020 victoria
2281 3975 2335 4019 et

766 4057 999 4110 maxima
1042 4056 1213 4126 gloria
1274 4056 1517 4125 privati:
1559 4071 1683 4109 cum
1736 4057 1881 4110 enim
1936 4057 2154 4112 Arabici
2206 4059 2331 4127 equi

764 4151 1017 4204 celeriter
1052 4159 1338 4205 currentes
1379 4149 1521 4202 haud
1554 4158 1779 4217 possent
1815 4151 1958 4203 bono
2002 4151 2185 4203 animo
2212 4166 2332 4203 esse

764 4250 858 4293 aut
896 4256 1114 4295 cursum
1164 4242 1400 4295 tolerare
1432 4278 1446 4303 .
1491 4241 1787 4294 noluerunt
1834 4239 2067 4293 Romani
2111 4241 2327 4293 illcrmn

762 4332 1188 4387 imbecillitatem
1233 4347 1396 4385 suum
1440 4332 1718 4401 proprium
1763 4332 1929 4386 robur
1964 4331 2203 4396 efficere,
2238 4337 2328 4387 sed

762 4423 1108 4492 imperatoris
1148 4424 1305 4493 jussu
1351 4425 1579 4479 retentis
1608 4422 1781 4478 frenis
1816 4424 2192 4494 imperfectam
2216 4426 2317 4479 sibi
2356 4452 2397 4506 ο

758 4514 1043 4568 victoriam
1108 4522 1515 4580 compararunt,
1577 4512 1837 4567 contenti
1898 4516 2013 4568 sola
2079 4516 2321 4569 hostium

763 4608 907 4676 fuga,
949 4621 1197 4674 magnam
1263 4604 1575 4660 felicitatem
1628 4614 1913 4673 reputante
1972 4608 2320 4674 imperatore,

761 4700 904 4766 quod
963 4709 1089 4752 tunc
1129 4698 1375 4752 imbelles
1420 4698 1825 4753 conraluisscut
1875 4707 1927 4752 et
1982 4699 2201 4763 mortui,
2266 4709 2323 4753 ut

761 4792 833 4841 ita
862 4788 1114 4847 dixerint,
1162 4786 1509 4841 revixissent.
1548 4788 1849 4855 Imperator
1880 4798 2058 4842 autem
2112 4790 2164 4841 in
2200 4790 2319 4842 val-

762 4878 872 4932 lum
910 4893 1181 4941 rcversns,
1219 4888 1336 4945 post
1367 4880 1624 4945 expulsos
1679 4878 1886 4941 hostes,
1916 4878 2103 4932 statuit
2138 4894 2314 4934 arcem

766 4971 1066 5038 llierapolis
1097 4971 1540 5025 construendum.
1578 4969 1837 5025 Prwfecto
1881 4971 2045 5040 igitur
2092 4972 2320 5026 Phares-

761 5075 919 5115 mane
955 5061 1046 5115 illo
1079 5061 1232 5115 Beste
1286 5064 1537 5130 Apocape
1592 5062 1756 5131 676
1805 5078 1866 5114 ex
1919 5063 2086 5116 lberis
2150 5079 2320 5133 genus

770 5154 1022 5214 ducente,
1058 5153 1294 5221 spatium
1323 5152 1468 5206 dedit
1525 5152 1775 5206 bOstibus
1831 5163 1885 5205 et
1917 5153 2099 5205 damni
2139 5170 2317 5208 resar-

761 5244 935 5297 ciendi
974 5245 1286 5298 etvictorice
1343 5245 1410 5298 de
1468 5244 1797 5297 adversariis
1858 5245 2215 5310 reportandm.
2257 5247 2319 5300 Et

762 5332 941 5402 quoad
1010 5335 1378 5388 Romanorum
1432 5335 1701 5388 exercitus
1748 5334 2048 5387 instructus
2096 5335 2165 5385 ibi
2226 5354 2314 5390 os-

2461 534 2688 595 πολλοὺς
2716 537 2814 603 μὲν
2843 537 3070 602 ἀνεῖλον,
3100 540 3222 602 τοὺς
3240 539 3293 592 δὲ
3317 543 3534 605 λοιποὺς
3568 548 3760 612 φυγεῖν
3789 548 4027 615 αίσχρῶς

2460 628 2901 695 κατηνάγκασαν,
2944 631 3000 681 ἐν
3022 632 3169 702 δεξιᾷ
3197 636 3587 699 καταλιπόντες
3609 637 3669 689 τὸ
3697 639 3805 691 τῶν
3825 641 4023 708 σχολῶν.

2460 718 2763 789 σύνταγμα.
2794 721 2969 793 Ὅπερ
2998 724 3093 792 τὴν
3154 724 3262 777 τῶν
3309 726 3598 795 Ῥωμαίων
3651 724 3823 800 ἧτταν
3885 732 4027 799 ὀρῶν

2456 811 2563 862 οὐδ’
2598 811 2733 873 ὅλως
2758 815 3085 883 μετεκινήθη
3118 817 3216 881 τῆς
3246 817 3504 881 στάσεως,
3545 820 3660 871 ἀλλ’
3689 821 3764 883 ὡς
3804 822 4029 890 μηδενὸς

2456 902 2642 953 καινοῦ
2672 906 2955 970 γεγονότος
2977 908 3251 976 ἀτρεμοῦν
3280 910 3484 970 ἵστατο,
3518 910 3592 972 ῶς
3636 912 3703 963 ἂν
3751 914 3798 963 εἰ
3832 913 4028 965 ὲδεδοί»

2456 1013 2539 1046 κει
2578 996 2650 1065 μὴ
2678 998 2957 1068 φωραθείη
2992 1001 3166 1052 ἐκεῖσε
3206 1002 3510 1068 ἱστάμενον,
3555 1004 3650 1055 καὶ
3687 1006 3847 1056 παντὶ
3884 1005 4024 1073 τρό-

2456 1105 2541 1156 πῳ
2573 1088 2749 1141 λαϐεῖν
2791 1092 3199 1160 μηχανώμενον.
3251 1093 3717 1164 ’Υποττρέψαντες
3762 1096 3816 1147 δὲ
3857 1098 3905 1147 οἰ
3936 1114 4025 1148 πο-

2457 1179 2631 1246 λέμιοι
2659 1184 2793 1249 ταχῦ
2834 1181 3113 1235 καὶτοῦτο
3165 1186 3628 1253 κατηγωνίσαντο,
3685 1187 4022 1255 ἀνῃρηκότες

2459 1273 2555 1341 μὲν
2586 1274 2834 1337 πολλοὺς,
2884 1277 3009 1337 τοὺς
3040 1275 3096 1328 δὲ
3134 1274 3352 1340 λοιποὺς
3396 1278 3474 1341 εἰς
3521 1278 3618 1348 τὴν
3674 1280 4023 1349 παρεμϐολὴν

2455 1364 2928 1429 κατακλείσαντες,
2949 1366 3041 1419 καὶ
3072 1369 3135 1419 τὰ
3178 1372 3379 1439 σημεῖα
3409 1372 3613 1422 τούτων
3644 1372 4023 1441 στρατηγικῶς

2452 1455 2795 1523 ἀφελόμενοι.
2834 1460 3066 1521 Πολλοὺς
3097 1462 3150 1511 δὲ
3195 1463 3289 1512 καὶ
3328 1462 3433 1514 τῶν
3482 1464 3828 1531 στρατιωτῶν
3886 1482 4019 1533 τρα-

2452 1548 2922 1620 χηλοκοπῆσαντες
2950 1555 3029 1615 εἰς
3054 1553 3308 1622 ἔνδειγμα
3364 1559 3475 1617 τοῖς
3527 1556 3861 1616 Χαλεπίταις
3909 1559 4016 1607 ἁττ-

2449 1642 2716 1699 ἐστειλαν.
2754 1645 3064 1714 Θαυμάξειν
3087 1646 3141 1697 δὲ
3160 1644 3310 1709 ἄξιον
3337 1640 3403 1713 ἦν
3437 1647 3519 1697 ὅτι
3576 1646 3885 1712 καταφορᾶς
3927 1645 4020 1696 καὶ

2377 1766 2417 1820 Β
2448 1736 2619 1804 ἥττης
2648 1738 3021 1805 γεγενημένης
3059 1737 3371 1804 Ῥωμαϊκῆς
3402 1735 3487 1806 [Ρ.
3515 1736 3639 1805 827]
3680 1735 3852 1797 οὐδεὶς
3909 1735 4019 1785 τῶν

2455 1828 2653 1878 λοιπῶν
2685 1828 2856 1896 λόχων
2886 1845 2943 1880 τε
2978 1827 3070 1879 καὶ
3098 1827 3342 1897 λοχαγῶν
3386 1829 3463 1889 είς
3522 1827 3736 1895 ἄμυναν
3779 1827 4019 1894 διηρέθι-

2456 1936 2566 1979 στο,
2599 1920 2732 1971 ἀλλά
2762 1920 2957 1981 πάντες
2986 1919 3131 1971 ἔνδον
3152 1919 3470 1986 καθήμενοι,
3498 1919 3571 1980 ὡς
3602 1918 3687 1970 διὰ
3716 1918 3896 1986 φιλίας
3918 1920 4019 1985 γῆς

2452 2010 2891 2079 ἐνσκηνούμενοι,
2929 2012 3248 2081 ἰδιοτροπεῖν
3283 2012 3635 2072 ἐσπούδαζον,
3681 2013 3773 2063 καὶ
3805 2011 4018 2077 κίνησις

2449 2104 2626 2172 ψυχῆς
2650 2106 2744 2157 καὶ
2778 2104 3053 2173 προθυμία
3085 2109 3180 2156 καὶ
3212 2105 3417 2171 ἀγωνία
3438 2106 3644 2166 τούτοις
3674 2106 3733 2156 τὸ
3755 2106 4016 2175 παράπαν

2447 2200 2670 2265 οὐδεμία
2704 2194 2793 2267 ἦν.
2836 2199 2970 2251 Ἀλλ’
3004 2200 3032 2250 ό
3066 2198 3315 2266 βασιλεὺς
3344 2197 3491 2251 ἔνδον
3524 2198 3598 2250 ῶν
3629 2199 3724 2264 τῆς
3781 2198 4013 2256 πόλεως,

2448 2297 2605 2351 τοῦτο
2640 2296 2943 2367 πυθόμενος
2970 2297 3166 2367 ἠνιάθη
3205 2297 3303 2365 μὲν
3329 2296 3386 2348 οὐ
3425 2294 3679 2364 μετρίως,
3704 2292 4015 2345 ἐπανελθὼν

2446 2392 2502 2443 δὲ
2532 2392 2810 2459 συντόμως
2830 2392 2966 2457 μετὰ
2995 2391 3103 2441 τῶν
3142 2390 3406 2441 συνόντων
3434 2384 3817 2438 Καππαδοκῶν
3872 2381 4014 2436 ἴασιν

2446 2483 2625 2549 εὑρεῖν
2654 2482 2729 2549 τῷ
2760 2481 3058 2547 πταίσματι
3085 2480 3415 2549 ἐμηχανᾶτο.
3465 2477 3529 2528 Ἥ
3572 2476 3677 2545 γὰρ
3707 2475 3800 2539 νὺξ
3831 2475 4013 2541 ἐκεῖνη

2445 2576 2651 2636 πάντας
2684 2572 2829 2643 εἶχεν
2854 2576 2912 2626 ἐν
2932 2574 3144 2625 ἐλπίσιν
3191 2574 3289 2624 οὐκ
3329 2571 3581 2634 ἀγαθαῖς,
3614 2570 3802 2622 καθότι
3830 2569 3921 2621 καὶ
3952 2569 4013 2619 τὸ

2445 2670 2500 2733 ἐξ
2542 2668 2837 2737 Ἀρμενίων
2871 2664 3033 2728 πεζὸν
3069 2666 3194 2735 περὶ
3225 2665 3324 2731 τὴν
3364 2665 3565 2731 τάφρον
3599 2659 4011 2728 διανυκτερεῦον

2444 2764 2781 2817 ἀποστασίαν
2816 2763 3165 2833 ἐμελέτησεν.
3198 2762 3363 2814 Οὔπω
3390 2762 3432 2811 δ’
3456 2761 3636 2829 ἡμέρα
3668 2760 3877 2826 προῄει.
3917 2756 4009 2807 καὶ

2442 2858 2489 2908 οἱ
2525 2856 2769 2922 πολέμιοι
2794 2855 2885 2907 τὸν
2901 2855 3116 2925 χάρακα
3144 2854 3501 2922 περιέζωσαν.
3555 2851 3627 2904 Τὸ
3654 2852 3761 2919 γὰρ
3797 2850 4007 2919 συμϐὰν

2441 2950 2468 3001 ὁ
2497 2948 2589 2999 τοῦ
2613 2950 2799 3000 Χάλεπ
2826 2947 3006 3016 ἄρχων
3034 2944 3330 3013 ἀναμαθὼν
3373 2944 3491 3011 μεθ’
3552 2942 3679 3011 ὅλης
3714 2938 3849 3008 ἧκεν
3911 2941 4009 3007 τῆς

2442 3038 2634 3091 ἑαυτοῦ
2655 3039 2934 3106 δυνάμεως
2961 3038 3035 3099 ὡς
3057 3037 3304 3090 αὐτοϐοεὶ
3334 3036 3576 3105 αἱρήσων
3624 3034 3714 3085 τὸν
3764 3032 4008 3100 βασιλέα.

2451 3134 2509 3183 '0
2536 3132 2591 3184 δὲ
2622 3131 2874 3201 βασιλεὺς
2901 3131 3046 3181 ἔνδον
3074 3129 3172 3196 τῆς
3204 3129 3410 3195 σκηνῆς
3439 3124 3758 3195 διαγράιρων
3788 3124 3879 3174 τόν
3914 3123 4010 3172 πός

2438 3223 2601 3293 λεμον
2629 3222 2754 3292 περὶ
2789 3222 2978 3292 τρίτην
2996 3220 3142 3289 ὄιραν
3172 3219 3366 3288 ἀθρόον
3398 3216 3715 3285 ἐξελήλυθεν
3751 3214 4005 3280 ἔφιππος.

2442 3316 2707 3384 Είκοστὴν
2736 3316 2866 3383 ἣνυε
2892 3312 3192 3382 τηνικαῦτα
3224 3314 3252 3364 ό
3298 3311 3607 3379 Νοέμϐριος
3644 3310 3773 3379 μὴν,
3814 3308 3922 3378 ,τῆς
3965 3305 4009 3367 ζ’

2442 3410 2788 3472 ἱνδικτιῶνος.
2830 3408 3135 3461 Βουκκίνων
3167 3408 3199 3476 ἢ
3226 3405 3596 3472 σαλπίγγωνῆ
3641 3403 3802 3455 ἄλλου
3864 3400 4011 3462 τινος

2439 3503 2665 3572 σημείου
2701 3501 2773 3570 μὴ
2799 3501 3043 3561 δοθέντος
3092 3499 3324 3567 τρανῶς.
3357 3499 3467 3550 τῶν
3506 3498 3561 3549 δὲ
3625 3496 3877 3565 σημαιῶν
3917 3496 4009 3547 τοῦ

2439 3594 2674 3663 στρατοῦ
2705 3593 3036 3660 ὲξαρθεισῶν
3068 3594 3157 3645 καὶ
3190 3592 3285 3660 τῆς
3321 3593 3578 3654 στρατιᾶς
3607 3590 3853 3656 ἐξιούσης
3887 3606 4011 3639 συν-

2435 3688 2798 3757 τέτα·,’μέπ.ης,
2830 3687 3064 3756 ἤρξαντο
3086 3687 3132 3737 οἱ
3174 3685 3317 3753 παρά
3350 3684 3513 3753 μέρος
3550 3683 3607 3734 ἒν
3637 3681 4007 3750 ἁθροίζεσθαι,

2435 3773 2495 3833 οὗ
2528 3781 2652 3842 τοὺς
2694 3779 2995 3847 Ῥωμαίους
3049 3773 3186 3829 εἶδον
3234 3775 3647 3836 ἐπελαύνοντας,
3692 3775 3831 3825 καλό
3862 3772 4009 3837 ἀγὼν

2436 3876 2579 3936 ὅσος,
2614 3874 2762 3941 καὶὴ
2792 3872 2885 3924 τοῦ
2930 3871 3214 3941 μέλλοντος
3243 3870 3467 3931 ἔκϐασις
3508 3870 3615 3928 οἵα,
3661 3872 3778 3930 ταῖς
3805 3868 4005 3935 ψυχαῖς

2437 3967 2829 4018 ἐναπέστακτο.
2862 3965 2982 4016 Τῶν
3010 3963 3064 4015 δὲ
3100 3963 3238 4015 κατά
3272 3963 3519 4030 μέτωπον
3538 3962 3597 4013 τὸ
3618 3959 3857 4012 ἐνυάλιον
3878 3959 4006 4011 ἀλα-

2434 4058 2708 4122 λαξάντων
2744 4055 2971 4117 πολλοὺς
3008 4055 3115 4106 τῶν
3171 4054 3427 4106 ἐναντίοιν
3471 4054 3518 4105 οἱ
3560 4053 3817 4119 Ῥωμαῖοι
3874 4067 4008 4101 κατ-

2434 4148 2771 4216 ηγιονίσαντο
2804 4147 2895 4198 καὶ
2924 4147 3331 4214 διεχειρίσαντο.
3366 4144 3799 4213 Ἕξορμήσαντος
3822 4142 3874 4194 δὲ
3910 4142 4003 4193 καὶ

2432 4241 2527 4293 τοῦ
2562 4240 2746 4293 λοιποῦ
2778 4239 3011 4309 πλήθους
3058 4240 3200 4307 φυγὴ
3233 4238 3436 4290 τούτων
3463 4239 3833 4294 ἀνυπόστατος
3860 4236 4005 4302 γίνε-

2431 4352 2542 4386 ται.
2590 4336 2650 4385 Οἱ
2693 4334 2747 4383 δὲ
2778 4332 3005 4384 κατόπιν
3034 4332 3237 4383 τούτων
3268 4332 3582 4393 ἐλαύνοντες
3624 4329 3850 4389 πολλοὺς
3904 4332 4005 4396 μὲν

2431 4425 2659 4484 ἀνεῖλον,
2688 4424 2788 4475 οὐκ
2814 4422 3026 4490 ὀλίγους
3060 4422 3115 4473 δὲ
3149 4422 3533 4490 ζωγρήσαντες
3563 4422 3773 4474 ἔλαϐον.
3808 4421 3919 4489 Τῆς
3944 4420 4002 4471 δὲ

2434 4514 2667 4579 διώξεως
2699 4514 2770 4581 μὴ
2796 4513 3084 4580 γινομένης
3106 4512 3266 4580 μέχρι
3302 4512 3517 4575 πολλοῦ,
3548 4513 3791 4582 μεγάλης
3809 4514 4004 4583 εὐκλη-

2438 4612 2556 4677 ρίας
2600 4611 2647 4662 οἱ
2717 4610 2972 4678 Ῥωμαῖοι
3025 4609 3320 4677 διήμαρτον
3374 4608 3465 4661 καὶ
3506 4609 3662 4679 νίκης
3710 4610 4004 4682 καλλίστης

2432 4702 2611 4767 ἐξεστε
2623 4701 2864 4769 ρήθησαν
2890 4701 2978 4752 καὶ
2997 4701 3309 4768 αὐχήματος
3335 4700 3591 4767 μεγίστου
3610 4701 3700 4769 ἐξῇ
3712 4703 3998 4772 στόχησαν.

2429 4792 2676 4859 Τῶνγάρ
2700 4791 3001 4861 Ἄραϐικῶν
3038 4792 3217 4842 ἵππων
3261 4792 3739 4861 ταχυδρομούντων
3772 4796 3891 4861 μὲν,
3926 4797 4000 4867 μὴ

2424 4885 2797 4953 εὐθυχούντων
2827 4884 2880 4935 δὲ
2901 4884 3021 4952 μηδ’
3043 4884 3517 4953 ἐγκαρτερούντων
3548 4886 3621 4954 τῷ
3657 4886 3860 4954 δρόμῳ,
3902 4888 4001 4940 οὐκ

2429 4974 2696 5043 ἠθέλησαν
2713 4978 2759 5026 οί
2778 4976 3033 5044 Ῥωμαῖοι
3050 4977 3145 5046 τὴν
3158 4978 3176 5023 ἓ
3189 4977 3380 5028 κείνων
3392 4978 3603 5029 ἀτονίαν
3619 4979 3825 5030 οἰκείαν
3842 4980 3994 5031 εὐτοο

2425 5068 2544 5118 νίαν
2585 5066 2928 5137 ποιήσασθαι,
2964 5069 3386 5137 ἐπιστρέψαντες
3423 5070 3477 5120 δὲ
3503 5071 3626 5131 τοὺς
3668 5074 3905 5141 ῥυτῆρας
3940 5074 3997 5139 ἐξ

2426 5157 2793 5226 ἐπιτάγματος
2832 5159 3107 5226 βασιλικοῦ
3147 5160 3411 5228 ἀμϐλεῖαν
3457 5163 3669 5223 ἑαυτοῖς
3708 5164 3804 5232 τὴν
3841 5166 3997 5233 νίκην

2424 5251 2843 5320 ἀπηργάσαντ’),

2424 5342 2729 5413 ἀποτροπῇ,
2759 5345 2996 5414 μεγάλην
3025 5347 3276 5418 εὐτυχίαν
3300 5349 3391 5399 καὶ
3430 5348 3586 5401 τοῦτο
3608 5349 3696 5402 τοῦ
3739 5351 3994 5418 βασιλέως

2920 5254 3266 5323 κορεσθέντες
3330 5256 3459 5323 μόνῃ
3497 5259 3559 5325 τῇ
3607 5258 3712 5309 τῶν
3742 5259 3996 5313 ἐναντίων

2011 5470 2237 5526 JACOBI
2280 5475 2490 5533 GOARI
2518 5480 2743 5539 ΝΟΤᾹΣ.

842 5560 946 5629 (17)
996 5560 1300 5617 Satellitum
1368 5566 1775 5627 indigenarum.
1848 5584 2078 5633 quorum
2159 5570 2318 5623 varia:

762 5637 954 5706 turma:
982 5634 1255 5701 quondam
1284 5636 1506 5706 scholae
1541 5638 2015 5704 nuncupabantnr,
2051 5639 2312 5706 legionem

760 5703 1032 5772 mtclligo,
1062 5709 1239 5773 inqua
1276 5704 1545 5772 fmdet'ati,
1579 5721 1675 5762 ceu
1707 5703 1798 5776 qui
1832 5703 2139 5763 distinct-am
2172 5712 2316 5763 inter

2427 5581 2780 5702 przetoriancs
2813 5595 3199 5654 componerent
3260 5584 3529 5649 militiam,
3565 5600 3669 5643 non
3704 5595 3993 5646 censentur

2427 5666 2511 5702 tne
2542 5667 2641 5702 USL

2427 5666 2641 5705 lnClUSL
