  <div class='ocr_page' id='page_1' title='image "/cluster/home/n/w/nwhite01/storage/ocr_20150623/122/nnc1.0046979611/208.png"; bbox 0 0 4424 6450; ppageno 0'>
   <div class='ocr_carea' id='block_1_1' title="bbox 407 415 512 479">
    <p class='ocr_par' dir='ltr' id='par_1_1' title="bbox 407 415 512 479">
     <span class='ocr_line' id='line_1_1' title="bbox 407 415 512 479; baseline 0.029 -4"><span class='ocrx_word' id='word_1_1' title='bbox 407 415 512 479; x_wconf 67' lang='grc' dir='ltr'><strong>έθῦ</strong></span> 
     </span>
    </p>
   </div>
   <div class='ocr_carea' id='block_1_2' title="bbox 1815 406 2198 469">
    <p class='ocr_par' dir='ltr' id='par_1_2' title="bbox 1815 406 2198 469">
     <span class='ocr_line' id='line_1_2' title="bbox 1815 406 2198 469; baseline -0.008 0"><span class='ocrx_word' id='word_1_2' title='bbox 1815 406 2198 469; x_wconf 79' lang='lat' dir='ltr'><strong>HISTORIA.</strong></span> 
     </span>
    </p>
   </div>
   <div class='ocr_carea' id='block_1_3' title="bbox 3555 412 3659 474">
    <p class='ocr_par' dir='ltr' id='par_1_3' title="bbox 3555 412 3659 474">
     <span class='ocr_line' id='line_1_3' title="bbox 3555 412 3659 474; baseline -0.019 0"><span class='ocrx_word' id='word_1_3' title='bbox 3555 412 3659 474; x_wconf 77' lang='grc' dir='ltr'>ιοδ</span> 
     </span>
    </p>
   </div>
   <div class='ocr_carea' id='block_1_4' title="bbox 405 516 2152 595">
    <p class='ocr_par' dir='ltr' id='par_1_4' title="bbox 405 519 2152 595">
     <span class='ocr_line' id='line_1_4' title="bbox 405 519 2152 595; baseline -0.006 -15"><span class='ocrx_word' id='word_1_4' title='bbox 405 524 782 595; x_wconf 77' lang='grc' dir='ltr'>λογιζομένου.</span> <span class='ocrx_word' id='word_1_5' title='bbox 818 521 900 577; x_wconf 82' lang='grc' dir='ltr'>ὃτι</span> <span class='ocrx_word' id='word_1_6' title='bbox 943 522 1080 585; x_wconf 87' lang='grc' dir='ltr'>τέως</span> <span class='ocrx_word' id='word_1_7' title='bbox 1127 522 1175 574; x_wconf 86' lang='lat' dir='ltr'><strong>ol</strong></span> <span class='ocrx_word' id='word_1_8' title='bbox 1222 522 1502 584; x_wconf 81' lang='grc' dir='ltr'>ἀνάλκιδες</span> <span class='ocrx_word' id='word_1_9' title='bbox 1559 519 1986 592; x_wconf 77' lang='grc' dir='ltr'>ἀνερῤὡσθησαν</span> <span class='ocrx_word' id='word_1_10' title='bbox 2017 523 2060 578; x_wconf 78' lang='grc' dir='ltr'><strong>Α</strong></span> <span class='ocrx_word' id='word_1_11' title='bbox 2092 527 2152 571; x_wconf 77' lang='lat' dir='ltr'><strong>tet</strong></span> 
     </span>
    </p>
   </div>
   <div class='ocr_carea' id='block_1_5' title="bbox 1912 516 3659 595">
    <p class='ocr_par' dir='ltr' id='par_1_5' title="bbox 1912 516 3659 590">
     <span class='ocr_line' id='line_1_5' title="bbox 1912 516 3659 590; baseline 0.003 -22"><span class='ocrx_word' id='word_1_12' title='bbox 1912 537 1986 573; x_wconf 67' lang='grc' dir='ltr'>παν</span> <span class='ocrx_word' id='word_1_13' title='bbox 2017 523 2060 578; x_wconf 79' lang='grc' dir='ltr'><strong>Α</strong></span> <span class='ocrx_word' id='word_1_14' title='bbox 2092 516 2433 584; x_wconf 90' lang='lat' dir='ltr'><strong>tendebatnr,</strong></span> <span class='ocrx_word' id='word_1_15' title='bbox 2491 518 2696 576; x_wconf 79' lang='lat' dir='ltr'><strong>Arabes</strong></span> <span class='ocrx_word' id='word_1_16' title='bbox 2732 520 3090 590; x_wconf 90' lang='lat' dir='ltr'><strong>quiescebant</strong></span> <span class='ocrx_word' id='word_1_17' title='bbox 3126 539 3137 574; x_wconf 90' lang='lat'><strong>:</strong></span> <span class='ocrx_word' id='word_1_18' title='bbox 3173 521 3262 576; x_wconf 88' lang='lat' dir='ltr'><strong>ubi</strong></span> <span class='ocrx_word' id='word_1_19' title='bbox 3296 535 3424 576; x_wconf 86' lang='lat' dir='ltr'><strong>vero</strong></span> <span class='ocrx_word' id='word_1_20' title='bbox 3468 531 3659 575; x_wconf 84' lang='lat' dir='ltr'><strong>coactu</strong></span> 
     </span>
    </p>
   </div>
   <div class='ocr_carea' id='block_1_6' title="bbox 406 613 1983 686">
    <p class='ocr_par' dir='ltr' id='par_1_6' title="bbox 406 613 1983 686">
     <span class='ocr_line' id='line_1_6' title="bbox 406 613 1983 686; baseline -0.003 -17"><span class='ocrx_word' id='word_1_21' title='bbox 406 618 500 670; x_wconf 74' lang='grc' dir='ltr'>καὶ</span> <span class='ocrx_word' id='word_1_22' title='bbox 534 619 583 669; x_wconf 82' lang='grc' dir='ltr'>οἱ</span> <span class='ocrx_word' id='word_1_23' title='bbox 623 617 807 686; x_wconf 76' lang='grc' dir='ltr'>νεκροὶ</span> <span class='ocrx_word' id='word_1_24' title='bbox 834 615 910 677; x_wconf 87' lang='grc' dir='ltr'>ὡς</span> <span class='ocrx_word' id='word_1_25' title='bbox 943 616 1118 667; x_wconf 84' lang='grc' dir='ltr'>εἰπεῖν</span> <span class='ocrx_word' id='word_1_26' title='bbox 1153 613 1557 681; x_wconf 74' lang='grc' dir='ltr'>ἀνεζώσθησαν.</span> <span class='ocrx_word' id='word_1_27' title='bbox 1647 613 1705 666; x_wconf 79' lang='grc' dir='ltr'><strong>Ὀ</strong></span> <span class='ocrx_word' id='word_1_28' title='bbox 1739 614 1795 666; x_wconf 85' lang='grc' dir='ltr'>δὲ</span> <span class='ocrx_word' id='word_1_29' title='bbox 1827 613 1983 680; x_wconf 83' lang='grc' dir='ltr'>βασι-</span> 
     </span>
    </p>
   </div>
   <div class='ocr_carea' id='block_1_7' title="bbox 408 701 1982 772">
    <p class='ocr_par' dir='ltr' id='par_1_7' title="bbox 408 701 1982 772">
     <span class='ocr_line' id='line_1_7' title="bbox 408 701 1982 772; baseline -0.006 -15"><span class='ocrx_word' id='word_1_30' title='bbox 408 709 534 768; x_wconf 79' lang='grc' dir='ltr'>λεὺς</span> <span class='ocrx_word' id='word_1_31' title='bbox 603 704 917 758; x_wconf 76' lang='grc' dir='ltr'>ἐπανελθὼν</span> <span class='ocrx_word' id='word_1_32' title='bbox 975 705 1055 766; x_wconf 82' lang='grc' dir='ltr'><strong>είς</strong></span> <span class='ocrx_word' id='word_1_33' title='bbox 1115 703 1204 756; x_wconf 66' lang='grc' dir='ltr'>τὸν</span> <span class='ocrx_word' id='word_1_34' title='bbox 1270 704 1486 772; x_wconf 72' lang='grc' dir='ltr'>χάρακα</span> <span class='ocrx_word' id='word_1_35' title='bbox 1539 701 1674 770; x_wconf 84' lang='grc' dir='ltr'><strong>μετά</strong></span> <span class='ocrx_word' id='word_1_36' title='bbox 1729 701 1828 770; x_wconf 74' lang='grc' dir='ltr'>τὴν</span> <span class='ocrx_word' id='word_1_37' title='bbox 1874 701 1982 753; x_wconf 83' lang='grc' dir='ltr'><strong>τῶν</strong></span> 
     </span>
    </p>
   </div>
   <div class='ocr_carea' id='block_1_8' title="bbox 408 791 1984 864">
    <p class='ocr_par' dir='ltr' id='par_1_8' title="bbox 408 791 1984 864">
     <span class='ocr_line' id='line_1_8' title="bbox 408 791 1984 864; baseline -0.01 -16"><span class='ocrx_word' id='word_1_38' title='bbox 408 797 617 864; x_wconf 76' lang='grc' dir='ltr'>ἐχθρῶν</span> <span class='ocrx_word' id='word_1_39' title='bbox 650 795 983 862; x_wconf 77' lang='grc' dir='ltr'>ἀποσόὸησιν</span> <span class='ocrx_word' id='word_1_40' title='bbox 1010 793 1151 860; x_wconf 78' lang='grc' dir='ltr'>ἔγνω</span> <span class='ocrx_word' id='word_1_41' title='bbox 1182 793 1279 860; x_wconf 69' lang='grc' dir='ltr'><strong>τὴν</strong></span> <span class='ocrx_word' id='word_1_42' title='bbox 1309 793 1606 860; x_wconf 57' lang='grc' dir='ltr'>ἀκρόπολιν</span> <span class='ocrx_word' id='word_1_43' title='bbox 1637 791 1738 858; x_wconf 73' lang='grc' dir='ltr'>τῆς</span> <span class='ocrx_word' id='word_1_44' title='bbox 1807 791 1984 860; x_wconf 80' lang='grc' dir='ltr'>Ἰερα-</span> 
     </span>
    </p>
   </div>
   <div class='ocr_carea' id='block_1_9' title="bbox 408 879 1983 950">
    <p class='ocr_par' dir='ltr' id='par_1_9' title="bbox 408 879 1983 950">
     <span class='ocr_line' id='line_1_9' title="bbox 408 879 1983 950; baseline -0.003 -14"><span class='ocrx_word' id='word_1_45' title='bbox 408 887 610 946; x_wconf 59' lang='lat' dir='ltr'><strong>silem;</strong></span> <span class='ocrx_word' id='word_1_46' title='bbox 649 885 948 950; x_wconf 74' lang='grc' dir='ltr'>ἐνοικῆσαι.</span> <span class='ocrx_word' id='word_1_47' title='bbox 1011 884 1374 949; x_wconf 77' lang='grc' dir='ltr'>Καταστήσας</span> <span class='ocrx_word' id='word_1_48' title='bbox 1423 879 1516 932; x_wconf 74' lang='grc' dir='ltr'>οὖν</span> <span class='ocrx_word' id='word_1_49' title='bbox 1555 880 1644 930; x_wconf 74' lang='grc' dir='ltr'><strong>τὸν</strong></span> <span class='ocrx_word' id='word_1_50' title='bbox 1698 880 1983 950; x_wconf 71' lang='grc' dir='ltr'>ιιναρεσμά-</span> 
     </span>
    </p>
   </div>
   <div class='ocr_carea' id='block_1_10' title="bbox 405 971 1982 1044">
    <p class='ocr_par' dir='ltr' id='par_1_10' title="bbox 405 971 1982 1044">
     <span class='ocr_line' id='line_1_10' title="bbox 405 971 1982 1044; baseline -0.003 -18"><span class='ocrx_word' id='word_1_51' title='bbox 405 995 500 1041; x_wconf 62' lang='grc' dir='ltr'><strong>ιην</strong></span> <span class='ocrx_word' id='word_1_52' title='bbox 534 979 740 1028; x_wconf 70' lang='grc' dir='ltr'>ἐκεῖνον</span> <span class='ocrx_word' id='word_1_53' title='bbox 782 975 987 1044; x_wconf 81' lang='grc' dir='ltr'>Βέστην</span> <span class='ocrx_word' id='word_1_54' title='bbox 1021 974 1110 1026; x_wconf 75' lang='grc' dir='ltr'><strong>τὸν</strong></span> <span class='ocrx_word' id='word_1_55' title='bbox 1162 973 1498 1040; x_wconf 77' lang='grc' dir='ltr'>Ἀποκὰπης,</span> <span class='ocrx_word' id='word_1_56' title='bbox 1543 973 1600 1030; x_wconf 67' lang='lat' dir='ltr'><strong>se</strong></span> <span class='ocrx_word' id='word_1_57' title='bbox 1650 973 1872 1041; x_wconf 68' lang='grc' dir='ltr'>Ἰϐήρων</span> <span class='ocrx_word' id='word_1_58' title='bbox 1925 971 1982 1022; x_wconf 80' lang='grc' dir='ltr'><strong>τὸ</strong></span> 
     </span>
    </p>
   </div>
   <div class='ocr_carea' id='block_1_11' title="bbox 405 1065 1976 1134">
    <p class='ocr_par' dir='ltr' id='par_1_11' title="bbox 405 1065 1976 1134">
     <span class='ocr_line' id='line_1_11' title="bbox 405 1065 1976 1134; baseline -0.004 -14"><span class='ocrx_word' id='word_1_59' title='bbox 405 1069 558 1133; x_wconf 66' lang='grc' dir='ltr'>γένος</span> <span class='ocrx_word' id='word_1_60' title='bbox 583 1071 825 1130; x_wconf 69' lang='grc' dir='ltr'>ἕλκοντα,</span> <span class='ocrx_word' id='word_1_61' title='bbox 871 1065 1051 1134; x_wconf 72' lang='grc' dir='ltr'>χώραν</span> <span class='ocrx_word' id='word_1_62' title='bbox 1081 1065 1280 1117; x_wconf 78' lang='grc' dir='ltr'>δέδωκε</span> <span class='ocrx_word' id='word_1_63' title='bbox 1318 1067 1430 1126; x_wconf 87' lang='grc' dir='ltr'>τοῖς</span> <span class='ocrx_word' id='word_1_64' title='bbox 1468 1065 1731 1126; x_wconf 79' lang='grc' dir='ltr'>ἐναντίοις</span> <span class='ocrx_word' id='word_1_65' title='bbox 1771 1066 1976 1114; x_wconf 86' lang='grc' dir='ltr'>ἀνακα-</span> 
     </span>
    </p>
   </div>
   <div class='ocr_carea' id='block_1_12' title="bbox 405 1152 1978 1225">
    <p class='ocr_par' dir='ltr' id='par_1_12' title="bbox 405 1152 1978 1225">
     <span class='ocr_line' id='line_1_12' title="bbox 405 1152 1978 1225; baseline 0.001 -21"><span class='ocrx_word' id='word_1_66' title='bbox 405 1159 664 1210; x_wconf 67' lang='grc' dir='ltr'>ῐέτασθ-τί</span> <span class='ocrx_word' id='word_1_67' title='bbox 720 1175 778 1209; x_wconf 85' lang='grc' dir='ltr'><strong>τε</strong></span> <span class='ocrx_word' id='word_1_68' title='bbox 831 1161 926 1224; x_wconf 75' lang='grc' dir='ltr'><strong>τὴν</strong></span> <span class='ocrx_word' id='word_1_69' title='bbox 974 1152 1145 1225; x_wconf 85' lang='grc' dir='ltr'>ἧτταν</span> <span class='ocrx_word' id='word_1_70' title='bbox 1185 1156 1279 1208; x_wconf 76' lang='grc' dir='ltr'>καὶ</span> <span class='ocrx_word' id='word_1_71' title='bbox 1338 1155 1629 1209; x_wconf 78' lang='grc' dir='ltr'>ἀντίπαλον</span> <span class='ocrx_word' id='word_1_72' title='bbox 1696 1153 1978 1223; x_wconf 70' lang='grc' dir='ltr'>φέρεσθαι.</span> 
     </span>
    </p>
   </div>
   <div class='ocr_carea' id='block_1_13' title="bbox 409 1246 1981 1317">
    <p class='ocr_par' dir='ltr' id='par_1_13' title="bbox 409 1246 1981 1317">
     <span class='ocr_line' id='line_1_13' title="bbox 409 1246 1981 1317; baseline -0.002 -19"><span class='ocrx_word' id='word_1_73' title='bbox 409 1249 642 1310; x_wconf 64' lang='grc' dir='ltr'>Καὶὲως</span> <span class='ocrx_word' id='word_1_74' title='bbox 685 1250 781 1316; x_wconf 75' lang='grc' dir='ltr'><strong>μὲν</strong></span> <span class='ocrx_word' id='word_1_75' title='bbox 825 1247 1382 1317; x_wconf 72' lang='grc' dir='ltr'>ἐστρατοπεδευμένος</span> <span class='ocrx_word' id='word_1_76' title='bbox 1451 1249 1478 1299; x_wconf 87' lang='grc' dir='ltr'>ὁ</span> <span class='ocrx_word' id='word_1_77' title='bbox 1533 1248 1642 1299; x_wconf 86' lang='grc' dir='ltr'><strong>τῶν</strong></span> <span class='ocrx_word' id='word_1_78' title='bbox 1696 1246 1981 1313; x_wconf 82' lang='grc' dir='ltr'>Ῥωμαίων</span> 
     </span>
    </p>
   </div>
   <div class='ocr_carea' id='block_1_14' title="bbox 408 1339 1980 1409">
    <p class='ocr_par' dir='ltr' id='par_1_14' title="bbox 408 1339 1980 1409">
     <span class='ocr_line' id='line_1_14' title="bbox 408 1339 1980 1409; baseline -0.001 -19"><span class='ocrx_word' id='word_1_79' title='bbox 408 1343 636 1408; x_wconf 64' lang='grc' dir='ltr'>εττρατὶς</span> <span class='ocrx_word' id='word_1_80' title='bbox 675 1341 1026 1401; x_wconf 81' lang='grc' dir='ltr'>διεδείκνυτο,</span> <span class='ocrx_word' id='word_1_81' title='bbox 1054 1339 1196 1392; x_wconf 82' lang='grc' dir='ltr'>κατᾶ</span> <span class='ocrx_word' id='word_1_82' title='bbox 1239 1341 1425 1409; x_wconf 85' lang='grc' dir='ltr'>χώραν</span> <span class='ocrx_word' id='word_1_83' title='bbox 1453 1340 1673 1391; x_wconf 81' lang='grc' dir='ltr'>ἐδόκουν</span> <span class='ocrx_word' id='word_1_84' title='bbox 1718 1339 1896 1407; x_wconf 80' lang='grc' dir='ltr'>μένειν</span> <span class='ocrx_word' id='word_1_85' title='bbox 1933 1340 1980 1389; x_wconf 86' lang='grc' dir='ltr'><strong>οί</strong></span> 
     </span>
    </p>
   </div>
   <div class='ocr_carea' id='block_1_15' title="bbox 410 1428 1982 1499">
    <p class='ocr_par' dir='ltr' id='par_1_15' title="bbox 410 1428 1982 1499">
     <span class='ocr_line' id='line_1_15' title="bbox 410 1428 1982 1499; baseline -0.001 -20"><span class='ocrx_word' id='word_1_86' title='bbox 410 1431 645 1498; x_wconf 64' lang='grc' dir='ltr'>’Ἄραϐες</span> <span class='ocrx_word' id='word_1_87' title='bbox 680 1447 694 1461; x_wconf 89' lang='grc'><strong>·</strong></span> <span class='ocrx_word' id='word_1_88' title='bbox 734 1428 818 1499; x_wconf 68' lang='grc' dir='ltr'><strong>[Ρ.</strong></span> <span class='ocrx_word' id='word_1_89' title='bbox 860 1428 988 1498; x_wconf 75' lang='lat'><strong>8‘28]</strong></span> <span class='ocrx_word' id='word_1_90' title='bbox 1027 1429 1100 1491; x_wconf 80' lang='grc' dir='ltr'>ὡς</span> <span class='ocrx_word' id='word_1_91' title='bbox 1136 1430 1180 1481; x_wconf 83' lang='grc' dir='ltr'>δ’</span> <span class='ocrx_word' id='word_1_92' title='bbox 1214 1430 1523 1497; x_wconf 83' lang='grc' dir='ltr'>ἀναστήσας</span> <span class='ocrx_word' id='word_1_93' title='bbox 1566 1431 1663 1497; x_wconf 80' lang='grc' dir='ltr'>τὴν</span> <span class='ocrx_word' id='word_1_94' title='bbox 1723 1429 1982 1496; x_wconf 74' lang='grc' dir='ltr'>στρατιὰν</span> 
     </span>
    </p>
   </div>
   <div class='ocr_carea' id='block_1_16' title="bbox 407 1519 1982 1590">
    <p class='ocr_par' dir='ltr' id='par_1_16' title="bbox 407 1519 1982 1590">
     <span class='ocr_line' id='line_1_16' title="bbox 407 1519 1982 1590; baseline 0.001 -19"><span class='ocrx_word' id='word_1_95' title='bbox 407 1523 532 1574; x_wconf 60' lang='grc' dir='ltr'>εὶθίι</span> <span class='ocrx_word' id='word_1_96' title='bbox 594 1520 686 1572; x_wconf 79' lang='grc' dir='ltr'>τοῦ</span> <span class='ocrx_word' id='word_1_97' title='bbox 743 1520 1003 1589; x_wconf 75' lang='grc' dir='ltr'>φρουρίου</span> <span class='ocrx_word' id='word_1_98' title='bbox 1060 1519 1154 1572; x_wconf 77' lang='grc' dir='ltr'>τοῦ</span> <span class='ocrx_word' id='word_1_99' title='bbox 1216 1522 1375 1584; x_wconf 80' lang='grc' dir='ltr'><strong>Ἀζᾶς</strong></span> <span class='ocrx_word' id='word_1_100' title='bbox 1423 1522 1686 1590; x_wconf 79' lang='grc' dir='ltr'>ἤλαυνεν,</span> <span class='ocrx_word' id='word_1_101' title='bbox 1747 1523 1982 1589; x_wconf 73' lang='grc' dir='ltr'>ἤρξαντο</span> 
     </span>
    </p>
   </div>
   <div class='ocr_carea' id='block_1_17' title="bbox 409 1613 1984 1682">
    <p class='ocr_par' dir='ltr' id='par_1_17' title="bbox 409 1613 1984 1682">
     <span class='ocr_line' id='line_1_17' title="bbox 409 1613 1984 1682; baseline 0.004 -23"><span class='ocrx_word' id='word_1_102' title='bbox 409 1615 684 1682; x_wconf 64' lang='grc' dir='ltr'>πῖςσρέιδην</span> <span class='ocrx_word' id='word_1_103' title='bbox 725 1616 786 1666; x_wconf 81' lang='grc' dir='ltr'><strong>ἐκ</strong></span> <span class='ocrx_word' id='word_1_104' title='bbox 818 1613 1183 1681; x_wconf 85' lang='grc' dir='ltr'>διαστήματος</span> <span class='ocrx_word' id='word_1_105' title='bbox 1235 1613 1378 1666; x_wconf 85' lang='grc' dir='ltr'>κατὰ</span> <span class='ocrx_word' id='word_1_106' title='bbox 1419 1613 1480 1665; x_wconf 84' lang='grc' dir='ltr'>τὸ</span> <span class='ocrx_word' id='word_1_107' title='bbox 1527 1614 1832 1680; x_wconf 79' lang='grc' dir='ltr'>εἰθισμένον</span> <span class='ocrx_word' id='word_1_108' title='bbox 1887 1614 1984 1665; x_wconf 77' lang='grc' dir='ltr'>αὑ-</span> 
     </span>
    </p>
   </div>
   <div class='ocr_carea' id='block_1_18' title="bbox 404 1699 1982 1772">
    <p class='ocr_par' dir='ltr' id='par_1_18' title="bbox 404 1699 1982 1772">
     <span class='ocr_line' id='line_1_18' title="bbox 404 1699 1982 1772; baseline -0.001 -19"><span class='ocrx_word' id='word_1_109' title='bbox 404 1707 515 1765; x_wconf 59' lang='grc' dir='ltr'>τοῖς</span> <span class='ocrx_word' id='word_1_110' title='bbox 544 1703 950 1770; x_wconf 62' lang='grc' dir='ltr'>ἐπιραίνεσθαι,</span> <span class='ocrx_word' id='word_1_111' title='bbox 983 1704 1077 1754; x_wconf 78' lang='grc' dir='ltr'>καὶ</span> <span class='ocrx_word' id='word_1_112' title='bbox 1112 1703 1240 1772; x_wconf 74' lang='grc' dir='ltr'>περὶ</span> <span class='ocrx_word' id='word_1_113' title='bbox 1295 1703 1394 1772; x_wconf 83' lang='grc' dir='ltr'><strong>τὴν</strong></span> <span class='ocrx_word' id='word_1_114' title='bbox 1431 1699 1688 1769; x_wconf 79' lang='grc' dir='ltr'>οὐραγίαν</span> <span class='ocrx_word' id='word_1_115' title='bbox 1725 1701 1982 1763; x_wconf 75' lang='grc' dir='ltr'><strong>πολλάκις</strong></span> 
     </span>
    </p>
   </div>
   <div class='ocr_carea' id='block_1_19' title="bbox 405 1791 1981 1861">
    <p class='ocr_par' dir='ltr' id='par_1_19' title="bbox 405 1791 1981 1861">
     <span class='ocr_line' id='line_1_19' title="bbox 405 1791 1981 1861; baseline -0.003 -16"><span class='ocrx_word' id='word_1_116' title='bbox 405 1794 790 1860; x_wconf 44' lang='grc' dir='ltr'>ἐπιτιθέμενοι,</span> <span class='ocrx_word' id='word_1_117' title='bbox 829 1795 954 1854; x_wconf 71' lang='grc' dir='ltr'>τοὺς</span> <span class='ocrx_word' id='word_1_118' title='bbox 983 1792 1047 1844; x_wconf 67' lang='grc' dir='ltr'>τὰ</span> <span class='ocrx_word' id='word_1_119' title='bbox 1077 1794 1219 1844; x_wconf 84' lang='grc' dir='ltr'>σιτία</span> <span class='ocrx_word' id='word_1_120' title='bbox 1254 1791 1719 1861; x_wconf 76' lang='grc' dir='ltr'><strong>μετακομίζοντας</strong></span> <span class='ocrx_word' id='word_1_121' title='bbox 1753 1791 1981 1844; x_wconf 76' lang='grc' dir='ltr'>κακοῦν-</span> 
     </span>
    </p>
   </div>
   <div class='ocr_carea' id='block_1_20' title="bbox 404 1879 1984 1949">
    <p class='ocr_par' dir='ltr' id='par_1_20' title="bbox 404 1879 1984 1949">
     <span class='ocr_line' id='line_1_20' title="bbox 404 1879 1984 1949; baseline 0 -18"><span class='ocrx_word' id='word_1_122' title='bbox 404 1899 513 1946; x_wconf 71' lang='grc' dir='ltr'>τῖς,</span> <span class='ocrx_word' id='word_1_123' title='bbox 538 1881 765 1933; x_wconf 70' lang='grc' dir='ltr'>ἐλύπουν</span> <span class='ocrx_word' id='word_1_124' title='bbox 802 1883 926 1942; x_wconf 69' lang='grc' dir='ltr'>τοὺς</span> <span class='ocrx_word' id='word_1_125' title='bbox 969 1880 1273 1948; x_wconf 79' lang='grc' dir='ltr'>Ῥωμαίους</span> <span class='ocrx_word' id='word_1_126' title='bbox 1327 1879 1400 1941; x_wconf 81' lang='grc' dir='ltr'>ὡς</span> <span class='ocrx_word' id='word_1_127' title='bbox 1464 1880 1528 1932; x_wconf 82' lang='grc' dir='ltr'>ἂν</span> <span class='ocrx_word' id='word_1_128' title='bbox 1575 1879 1634 1944; x_wconf 80' lang='grc' dir='ltr'>ἐξ</span> <span class='ocrx_word' id='word_1_129' title='bbox 1687 1879 1984 1949; x_wconf 78' lang='grc' dir='ltr'><strong>ἐπιδρομῆς</strong></span> 
     </span>
    </p>
   </div>
   <div class='ocr_carea' id='block_1_21' title="bbox 406 1970 1974 2040">
    <p class='ocr_par' dir='ltr' id='par_1_21' title="bbox 406 1970 1974 2040">
     <span class='ocr_line' id='line_1_21' title="bbox 406 1970 1974 2040; baseline 0 -18"><span class='ocrx_word' id='word_1_130' title='bbox 406 1972 673 2040; x_wconf 70' lang='grc' dir='ltr'>καὶλὸχου</span> <span class='ocrx_word' id='word_1_131' title='bbox 705 1972 799 2033; x_wconf 62' lang='grc' dir='ltr'><strong>τὰς</strong></span> <span class='ocrx_word' id='word_1_132' title='bbox 848 1970 1119 2033; x_wconf 78' lang='grc' dir='ltr'>ἐπιθέσεις</span> <span class='ocrx_word' id='word_1_133' title='bbox 1147 1972 1203 2021; x_wconf 78' lang='grc' dir='ltr'><strong>ἐν</strong></span> <span class='ocrx_word' id='word_1_134' title='bbox 1239 1971 1316 2037; x_wconf 68' lang='grc' dir='ltr'>τῷ</span> <span class='ocrx_word' id='word_1_135' title='bbox 1343 1971 1588 2040; x_wconf 75' lang='grc' dir='ltr'><strong>λεληθότι</strong></span> <span class='ocrx_word' id='word_1_136' title='bbox 1639 1971 1974 2040; x_wconf 75' lang='grc' dir='ltr'>ποιούμενοι.</span> 
     </span>
    </p>
   </div>
   <div class='ocr_carea' id='block_1_22' title="bbox 408 2061 1985 2132">
    <p class='ocr_par' dir='ltr' id='par_1_22' title="bbox 408 2061 1985 2132">
     <span class='ocr_line' id='line_1_22' title="bbox 408 2061 1985 2132; baseline 0 -19"><span class='ocrx_word' id='word_1_137' title='bbox 408 2062 915 2132; x_wconf 61' lang='grc' dir='ltr'>Καταφραξᾶμενος</span> <span class='ocrx_word' id='word_1_138' title='bbox 954 2061 1011 2114; x_wconf 78' lang='grc' dir='ltr'><strong>δὲ</strong></span> <span class='ocrx_word' id='word_1_139' title='bbox 1046 2064 1104 2113; x_wconf 85' lang='grc' dir='ltr'>ἐν</span> <span class='ocrx_word' id='word_1_140' title='bbox 1146 2065 1256 2123; x_wconf 88' lang='grc' dir='ltr'>τοῖς</span> <span class='ocrx_word' id='word_1_141' title='bbox 1304 2061 1586 2130; x_wconf 75' lang='grc' dir='ltr'>ἑκηϐόλοις</span> <span class='ocrx_word' id='word_1_142' title='bbox 1635 2065 1730 2114; x_wconf 75' lang='grc' dir='ltr'><strong>καὶ</strong></span> <span class='ocrx_word' id='word_1_143' title='bbox 1784 2063 1985 2113; x_wconf 87' lang='grc' dir='ltr'>πελτα-</span> 
     </span>
    </p>
   </div>
   <div class='ocr_carea' id='block_1_23' title="bbox 407 2153 1987 2222">
    <p class='ocr_par' dir='ltr' id='par_1_23' title="bbox 407 2153 1987 2222">
     <span class='ocr_line' id='line_1_23' title="bbox 407 2153 1987 2222; baseline -0.001 -18"><span class='ocrx_word' id='word_1_144' title='bbox 407 2156 557 2216; x_wconf 80' lang='grc' dir='ltr'>σταῖς</span> <span class='ocrx_word' id='word_1_145' title='bbox 610 2157 637 2204; x_wconf 85' lang='grc' dir='ltr'>ὁ</span> <span class='ocrx_word' id='word_1_146' title='bbox 689 2153 942 2221; x_wconf 70' lang='grc' dir='ltr'>βασιλεὺς</span> <span class='ocrx_word' id='word_1_147' title='bbox 967 2153 1026 2203; x_wconf 65' lang='lat' dir='ltr'><strong>rb</strong></span> <span class='ocrx_word' id='word_1_148' title='bbox 1075 2153 1459 2222; x_wconf 85' lang='grc' dir='ltr'>στρατόπεδον,</span> <span class='ocrx_word' id='word_1_149' title='bbox 1512 2153 1987 2221; x_wconf 77' lang='grc' dir='ltr'>τεθωρακισμένος</span> 
     </span>
    </p>
   </div>
   <div class='ocr_carea' id='block_1_24' title="bbox 403 2242 1982 2312">
    <p class='ocr_par' dir='ltr' id='par_1_24' title="bbox 403 2242 1982 2312">
     <span class='ocr_line' id='line_1_24' title="bbox 403 2242 1982 2312; baseline -0.009 -16"><span class='ocrx_word' id='word_1_150' title='bbox 403 2243 480 2310; x_wconf 77' lang='grc' dir='ltr'><strong>τῷ</strong></span> <span class='ocrx_word' id='word_1_151' title='bbox 509 2242 752 2312; x_wconf 68' lang='grc' dir='ltr'>φρουρίῳ</span> <span class='ocrx_word' id='word_1_152' title='bbox 781 2243 1110 2308; x_wconf 72' lang='grc' dir='ltr'>προσϐάλλει</span> <span class='ocrx_word' id='word_1_153' title='bbox 1144 2243 1306 2305; x_wconf 73' lang='grc' dir='ltr'><strong>’Λζᾶς</strong></span> <span class='ocrx_word' id='word_1_154' title='bbox 1362 2243 1480 2311; x_wconf 88' lang='grc' dir='ltr'>μεθ’</span> <span class='ocrx_word' id='word_1_155' title='bbox 1530 2244 1656 2311; x_wconf 81' lang='grc' dir='ltr'>ὅλης</span> <span class='ocrx_word' id='word_1_156' title='bbox 1683 2243 1784 2309; x_wconf 78' lang='grc' dir='ltr'>τῆς</span> <span class='ocrx_word' id='word_1_157' title='bbox 1820 2260 1982 2311; x_wconf 65' lang='grc' dir='ltr'>στρα..</span> 
     </span>
    </p>
   </div>
   <div class='ocr_carea' id='block_1_25' title="bbox 403 2331 1983 2402">
    <p class='ocr_par' dir='ltr' id='par_1_25' title="bbox 403 2331 1983 2402">
     <span class='ocr_line' id='line_1_25' title="bbox 403 2331 1983 2402; baseline 0 -18"><span class='ocrx_word' id='word_1_158' title='bbox 403 2335 545 2394; x_wconf 72' lang='grc' dir='ltr'>τεᾶς,</span> <span class='ocrx_word' id='word_1_159' title='bbox 574 2334 650 2394; x_wconf 82' lang='grc' dir='ltr'><strong>εἰς</strong></span> <span class='ocrx_word' id='word_1_160' title='bbox 707 2333 972 2401; x_wconf 80' lang='grc' dir='ltr'>ὑποδοχὴν</span> <span class='ocrx_word' id='word_1_161' title='bbox 1005 2333 1193 2400; x_wconf 84' lang='grc' dir='ltr'>μαθὼν</span> <span class='ocrx_word' id='word_1_162' title='bbox 1235 2331 1374 2385; x_wconf 83' lang='grc' dir='ltr'>εἶναι</span> <span class='ocrx_word' id='word_1_163' title='bbox 1423 2335 1513 2385; x_wconf 75' lang='grc' dir='ltr'>τὸν</span> <span class='ocrx_word' id='word_1_164' title='bbox 1574 2333 1736 2385; x_wconf 79' lang='grc' dir='ltr'>τόπον</span> <span class='ocrx_word' id='word_1_165' title='bbox 1794 2334 1983 2402; x_wconf 73' lang='grc' dir='ltr'>ἐπιτήο</span> 
     </span>
    </p>
   </div>
   <div class='ocr_carea' id='block_1_26' title="bbox 406 2420 1982 2493">
    <p class='ocr_par' dir='ltr' id='par_1_26' title="bbox 406 2420 1982 2493">
     <span class='ocr_line' id='line_1_26' title="bbox 406 2420 1982 2493; baseline 0.003 -21"><span class='ocrx_word' id='word_1_166' title='bbox 406 2424 566 2475; x_wconf 76' lang='grc' dir='ltr'>ἱειον.</span> <span class='ocrx_word' id='word_1_167' title='bbox 614 2424 697 2485; x_wconf 81' lang='grc' dir='ltr'>Ὡς</span> <span class='ocrx_word' id='word_1_168' title='bbox 749 2424 804 2475; x_wconf 80' lang='grc' dir='ltr'>δὲ</span> <span class='ocrx_word' id='word_1_169' title='bbox 837 2424 1204 2493; x_wconf 78' lang='grc' dir='ltr'>προσεγγίσας</span> <span class='ocrx_word' id='word_1_170' title='bbox 1263 2423 1414 2492; x_wconf 82' lang='grc' dir='ltr'>αὐτῷ</span> <span class='ocrx_word' id='word_1_171' title='bbox 1465 2425 1829 2491; x_wconf 81' lang='grc' dir='ltr'>ἐρυμνότατον</span> <span class='ocrx_word' id='word_1_172' title='bbox 1877 2420 1982 2476; x_wconf 84' lang='grc' dir='ltr'>εἶδε</span> 
     </span>
    </p>
   </div>
   <div class='ocr_carea' id='block_1_27' title="bbox 403 2514 1982 2585">
    <p class='ocr_par' dir='ltr' id='par_1_27' title="bbox 403 2514 1982 2585">
     <span class='ocr_line' id='line_1_27' title="bbox 403 2514 1982 2585; baseline 0.001 -21"><span class='ocrx_word' id='word_1_173' title='bbox 403 2516 500 2566; x_wconf 76' lang='grc' dir='ltr'><strong>καὶ</strong></span> <span class='ocrx_word' id='word_1_174' title='bbox 533 2514 900 2582; x_wconf 78' lang='grc' dir='ltr'>ὀχυρώτατον,</span> <span class='ocrx_word' id='word_1_175' title='bbox 949 2516 1034 2565; x_wconf 74' lang='grc' dir='ltr'><strong>ἐπ’</strong></span> <span class='ocrx_word' id='word_1_176' title='bbox 1099 2516 1409 2585; x_wconf 74' lang='grc' dir='ltr'>ἀκρωρείας</span> <span class='ocrx_word' id='word_1_177' title='bbox 1458 2517 1620 2584; x_wconf 73' lang='grc' dir='ltr'>λόφου</span> <span class='ocrx_word' id='word_1_178' title='bbox 1675 2517 1982 2582; x_wconf 73' lang='grc' dir='ltr'>ἱστάμενον,</span> 
     </span>
    </p>
   </div>
   <div class='ocr_carea' id='block_1_28' title="bbox 401 2603 1982 2675">
    <p class='ocr_par' dir='ltr' id='par_1_28' title="bbox 401 2603 1982 2675">
     <span class='ocr_line' id='line_1_28' title="bbox 401 2603 1982 2675; baseline 0.003 -23"><span class='ocrx_word' id='word_1_179' title='bbox 401 2603 607 2671; x_wconf 77' lang='grc' dir='ltr'>τείχεσι</span> <span class='ocrx_word' id='word_1_180' title='bbox 640 2603 845 2664; x_wconf 80' lang='grc' dir='ltr'>διπλοῖς</span> <span class='ocrx_word' id='word_1_181' title='bbox 885 2605 1324 2672; x_wconf 74' lang='grc' dir='ltr'>περιεζωσμένον</span> <span class='ocrx_word' id='word_1_182' title='bbox 1380 2607 1474 2657; x_wconf 81' lang='grc' dir='ltr'><strong>καὶ</strong></span> <span class='ocrx_word' id='word_1_183' title='bbox 1533 2606 1757 2675; x_wconf 83' lang='grc' dir='ltr'>πέτραις</span> <span class='ocrx_word' id='word_1_184' title='bbox 1790 2606 1982 2673; x_wconf 75' lang='grc' dir='ltr'>ὥσπερ</span> 
     </span>
    </p>
   </div>
   <div class='ocr_carea' id='block_1_29' title="bbox 401 2692 1982 2763">
    <p class='ocr_par' dir='ltr' id='par_1_29' title="bbox 401 2692 1982 2763">
     <span class='ocr_line' id='line_1_29' title="bbox 401 2692 1982 2763; baseline 0.001 -21"><span class='ocrx_word' id='word_1_185' title='bbox 401 2692 855 2761; x_wconf 64' lang='grc' dir='ltr'>τεγομφωμὲνον,</span> <span class='ocrx_word' id='word_1_186' title='bbox 889 2693 1098 2761; x_wconf 82' lang='grc' dir='ltr'>λιθίνην</span> <span class='ocrx_word' id='word_1_187' title='bbox 1143 2694 1237 2760; x_wconf 82' lang='grc' dir='ltr'><strong>τὴν</strong></span> <span class='ocrx_word' id='word_1_188' title='bbox 1271 2693 1456 2747; x_wconf 86' lang='grc' dir='ltr'>ἄνοδον</span> <span class='ocrx_word' id='word_1_189' title='bbox 1491 2694 1633 2763; x_wconf 80' lang='grc' dir='ltr'>πρὸς.</span> <span class='ocrx_word' id='word_1_190' title='bbox 1678 2693 1773 2763; x_wconf 79' lang='grc' dir='ltr'><strong>τὴν</strong></span> <span class='ocrx_word' id='word_1_191' title='bbox 1808 2693 1982 2759; x_wconf 80' lang='grc' dir='ltr'>πύλην</span> 
     </span>
    </p>
   </div>
   <div class='ocr_carea' id='block_1_30' title="bbox 402 2783 1980 2854">
    <p class='ocr_par' dir='ltr' id='par_1_30' title="bbox 402 2783 1980 2854">
     <span class='ocr_line' id='line_1_30' title="bbox 402 2783 1980 2854; baseline 0.001 -19"><span class='ocrx_word' id='word_1_192' title='bbox 402 2783 836 2852; x_wconf 75' lang='grc' dir='ltr'>ἀποφερόμενον,</span> <span class='ocrx_word' id='word_1_193' title='bbox 888 2785 1084 2852; x_wconf 83' lang='grc' dir='ltr'>μικρόν</span> <span class='ocrx_word' id='word_1_194' title='bbox 1131 2802 1189 2834; x_wconf 88' lang='grc' dir='ltr'><strong>τε</strong></span> <span class='ocrx_word' id='word_1_195' title='bbox 1253 2783 1395 2854; x_wconf 80' lang='grc' dir='ltr'>ὓδωρ</span> <span class='ocrx_word' id='word_1_196' title='bbox 1454 2786 1724 2854; x_wconf 73' lang='grc' dir='ltr'>ἀπορρέον</span> <span class='ocrx_word' id='word_1_197' title='bbox 1766 2787 1858 2837; x_wconf 78' lang='grc' dir='ltr'><strong>καὶ</strong></span> <span class='ocrx_word' id='word_1_198' title='bbox 1907 2786 1980 2854; x_wconf 82' lang='grc' dir='ltr'>μὴ</span> 
     </span>
    </p>
   </div>
   <div class='ocr_carea' id='block_1_31' title="bbox 404 2873 1977 2943">
    <p class='ocr_par' dir='ltr' id='par_1_31' title="bbox 404 2873 1977 2943">
     <span class='ocr_line' id='line_1_31' title="bbox 404 2873 1977 2943; baseline 0.001 -18"><span class='ocrx_word' id='word_1_199' title='bbox 404 2873 670 2942; x_wconf 75' lang='grc' dir='ltr'>ἐξαρκοῦν</span> <span class='ocrx_word' id='word_1_200' title='bbox 701 2873 836 2942; x_wconf 78' lang='grc' dir='ltr'>πρὸς</span> <span class='ocrx_word' id='word_1_201' title='bbox 872 2874 1136 2943; x_wconf 83' lang='grc' dir='ltr'>ὑποδοχὴν</span> <span class='ocrx_word' id='word_1_202' title='bbox 1167 2874 1423 2926; x_wconf 75' lang='grc' dir='ltr'>τοσούτου</span> <span class='ocrx_word' id='word_1_203' title='bbox 1454 2874 1704 2943; x_wconf 76' lang='grc' dir='ltr'>στρατοῦ,</span> <span class='ocrx_word' id='word_1_204' title='bbox 1743 2877 1977 2938; x_wconf 73' lang='grc' dir='ltr'>ἀναζεύ-</span> 
     </span>
    </p>
   </div>
   <div class='ocr_carea' id='block_1_32' title="bbox 403 2964 1980 3036">
    <p class='ocr_par' dir='ltr' id='par_1_32' title="bbox 403 2964 1980 3036">
     <span class='ocr_line' id='line_1_32' title="bbox 403 2964 1980 3036; baseline 0.001 -19"><span class='ocrx_word' id='word_1_205' title='bbox 403 2966 498 3029; x_wconf 83' lang='grc' dir='ltr'><strong>ξας</strong></span> <span class='ocrx_word' id='word_1_206' title='bbox 546 2969 625 3026; x_wconf 86' lang='grc' dir='ltr'>εἰς</span> <span class='ocrx_word' id='word_1_207' title='bbox 673 2965 836 3018; x_wconf 80' lang='grc' dir='ltr'>τόπον</span> <span class='ocrx_word' id='word_1_208' title='bbox 900 2964 1140 3033; x_wconf 77' lang='grc' dir='ltr'>ἐπήξατο</span> <span class='ocrx_word' id='word_1_209' title='bbox 1195 2967 1292 3032; x_wconf 82' lang='grc' dir='ltr'>τὴν</span> <span class='ocrx_word' id='word_1_210' title='bbox 1339 2966 1691 3036; x_wconf 76' lang='grc' dir='ltr'>παρεμϐολὴν</span> <span class='ocrx_word' id='word_1_211' title='bbox 1738 2966 1867 3018; x_wconf 82' lang='grc' dir='ltr'>ἔνθα</span> <span class='ocrx_word' id='word_1_212' title='bbox 1921 2967 1980 3018; x_wconf 86' lang='grc' dir='ltr'><strong>τὸ</strong></span> 
     </span>
    </p>
   </div>
   <div class='ocr_carea' id='block_1_33' title="bbox 405 3053 1979 3126">
    <p class='ocr_par' dir='ltr' id='par_1_33' title="bbox 405 3053 1979 3126">
     <span class='ocr_line' id='line_1_33' title="bbox 405 3053 1979 3126; baseline 0.001 -18"><span class='ocrx_word' id='word_1_213' title='bbox 405 3056 548 3126; x_wconf 75' lang='grc' dir='ltr'>ὕδωρ</span> <span class='ocrx_word' id='word_1_214' title='bbox 576 3053 952 3123; x_wconf 75' lang='grc' dir='ltr'>ἀφθονώτερον</span> <span class='ocrx_word' id='word_1_215' title='bbox 987 3054 1200 3122; x_wconf 64' lang='grc' dir='ltr'>ἔρρεεν.</span> <span class='ocrx_word' id='word_1_216' title='bbox 1241 3055 1510 3117; x_wconf 80' lang='grc' dir='ltr'>’Λναστὰς</span> <span class='ocrx_word' id='word_1_217' title='bbox 1535 3055 1590 3106; x_wconf 85' lang='grc' dir='ltr'>δὲ</span> <span class='ocrx_word' id='word_1_218' title='bbox 1620 3056 1828 3108; x_wconf 80' lang='grc' dir='ltr'>ἐκεῖθεν</span> <span class='ocrx_word' id='word_1_219' title='bbox 1867 3058 1979 3125; x_wconf 80' lang='grc' dir='ltr'>ῶρ-</span> 
     </span>
    </p>
   </div>
   <div class='ocr_carea' id='block_1_34' title="bbox 406 3143 1978 3216">
    <p class='ocr_par' dir='ltr' id='par_1_34' title="bbox 406 3143 1978 3216">
     <span class='ocr_line' id='line_1_34' title="bbox 406 3143 1978 3216; baseline -0.003 -18"><span class='ocrx_word' id='word_1_220' title='bbox 406 3163 544 3214; x_wconf 82' lang='grc' dir='ltr'>μησε</span> <span class='ocrx_word' id='word_1_221' title='bbox 576 3147 713 3216; x_wconf 84' lang='grc' dir='ltr'>πρὸς</span> <span class='ocrx_word' id='word_1_222' title='bbox 739 3145 806 3198; x_wconf 73' lang='grc' dir='ltr'>τὰ</span> <span class='ocrx_word' id='word_1_223' title='bbox 844 3147 944 3212; x_wconf 76' lang='grc' dir='ltr'>τῆς</span> <span class='ocrx_word' id='word_1_224' title='bbox 972 3143 1308 3205; x_wconf 74' lang='grc' dir='ltr'>Αὐσονίτιδος</span> <span class='ocrx_word' id='word_1_225' title='bbox 1357 3145 1497 3212; x_wconf 85' lang='grc' dir='ltr'>ὅρια,</span> <span class='ocrx_word' id='word_1_226' title='bbox 1538 3145 1632 3196; x_wconf 81' lang='grc' dir='ltr'><strong>καὶ</strong></span> <span class='ocrx_word' id='word_1_227' title='bbox 1691 3144 1978 3214; x_wconf 80' lang='grc' dir='ltr'>πυρπολή-</span> 
     </span>
    </p>
   </div>
   <div class='ocr_carea' id='block_1_35' title="bbox 405 3235 1977 3307">
    <p class='ocr_par' dir='ltr' id='par_1_35' title="bbox 405 3235 1977 3307">
     <span class='ocr_line' id='line_1_35' title="bbox 405 3235 1977 3307; baseline -0.001 -18"><span class='ocrx_word' id='word_1_228' title='bbox 405 3256 502 3298; x_wconf 78' lang='grc' dir='ltr'><strong>σας</strong></span> <span class='ocrx_word' id='word_1_229' title='bbox 525 3238 726 3306; x_wconf 78' lang='grc' dir='ltr'>χωρίον</span> <span class='ocrx_word' id='word_1_230' title='bbox 755 3238 1012 3305; x_wconf 77' lang='grc' dir='ltr'>μέγιστον</span> <span class='ocrx_word' id='word_1_231' title='bbox 1059 3237 1257 3306; x_wconf 78' lang='grc' dir='ltr'>Κάτμα</span> <span class='ocrx_word' id='word_1_232' title='bbox 1309 3237 1622 3304; x_wconf 80' lang='grc' dir='ltr'>λεγόμενον,</span> <span class='ocrx_word' id='word_1_233' title='bbox 1658 3235 1735 3306; x_wconf 78' lang='grc' dir='ltr'>τῷ</span> <span class='ocrx_word' id='word_1_234' title='bbox 1783 3238 1977 3307; x_wconf 77' lang='grc' dir='ltr'>ἀμηρᾷ</span> 
     </span>
    </p>
   </div>
   <div class='ocr_carea' id='block_1_36' title="bbox 402 3326 1978 3398">
    <p class='ocr_par' dir='ltr' id='par_1_36' title="bbox 402 3326 1978 3398">
     <span class='ocr_line' id='line_1_36' title="bbox 402 3326 1978 3398; baseline 0.001 -18"><span class='ocrx_word' id='word_1_235' title='bbox 402 3326 496 3380; x_wconf 80' lang='grc' dir='ltr'>τοῦ</span> <span class='ocrx_word' id='word_1_236' title='bbox 529 3327 716 3380; x_wconf 83' lang='grc' dir='ltr'>Χάλεπ</span> <span class='ocrx_word' id='word_1_237' title='bbox 770 3326 1148 3396; x_wconf 63' lang='grc' dir='ltr'>ἀφωρισμένον</span> <span class='ocrx_word' id='word_1_238' title='bbox 1211 3327 1276 3379; x_wconf 79' lang='grc' dir='ltr'>ἐκ</span> <span class='ocrx_word' id='word_1_239' title='bbox 1335 3326 1587 3390; x_wconf 83' lang='grc' dir='ltr'>παλαιοῦ,</span> <span class='ocrx_word' id='word_1_240' title='bbox 1654 3330 1735 3390; x_wconf 89' lang='grc' dir='ltr'><strong>είς</strong></span> <span class='ocrx_word' id='word_1_241' title='bbox 1794 3327 1978 3398; x_wconf 75' lang='grc' dir='ltr'>ἕτερον</span> 
     </span>
    </p>
   </div>
   <div class='ocr_carea' id='block_1_37' title="bbox 404 3416 1973 3488">
    <p class='ocr_par' dir='ltr' id='par_1_37' title="bbox 404 3416 1973 3488">
     <span class='ocr_line' id='line_1_37' title="bbox 404 3416 1973 3488; baseline 0 -18"><span class='ocrx_word' id='word_1_242' title='bbox 404 3419 601 3488; x_wconf 81' lang='grc' dir='ltr'>χωρίον</span> <span class='ocrx_word' id='word_1_243' title='bbox 633 3416 896 3470; x_wconf 86' lang='grc' dir='ltr'>κατέλυσε</span> <span class='ocrx_word' id='word_1_244' title='bbox 957 3416 1223 3486; x_wconf 86' lang='grc' dir='ltr'>Ταρχωλά</span> <span class='ocrx_word' id='word_1_245' title='bbox 1279 3419 1801 3487; x_wconf 72' lang='grc' dir='ltr'>κατονομαζόμενον.</span> <span class='ocrx_word' id='word_1_246' title='bbox 1864 3421 1973 3471; x_wconf 83' lang='grc' dir='ltr'><strong>Κο-</strong></span> 
     </span>
    </p>
   </div>
   <div class='ocr_carea' id='block_1_38' title="bbox 406 3495 1972 3578">
    <p class='ocr_par' dir='ltr' id='par_1_38' title="bbox 406 3495 1972 3578">
     <span class='ocr_line' id='line_1_38' title="bbox 406 3495 1972 3578; baseline 0.001 -20"><span class='ocrx_word' id='word_1_247' title='bbox 406 3509 668 3577; x_wconf 79' lang='grc' dir='ltr'>πτομένου</span> <span class='ocrx_word' id='word_1_248' title='bbox 693 3508 750 3561; x_wconf 89' lang='grc' dir='ltr'>δὲ</span> <span class='ocrx_word' id='word_1_249' title='bbox 776 3507 869 3559; x_wconf 82' lang='grc' dir='ltr'>τοῦ</span> <span class='ocrx_word' id='word_1_250' title='bbox 888 3507 1146 3577; x_wconf 81' lang='grc' dir='ltr'>χάρακος,</span> <span class='ocrx_word' id='word_1_251' title='bbox 1186 3509 1278 3560; x_wconf 71' lang='grc' dir='ltr'>καὶ</span> <span class='ocrx_word' id='word_1_252' title='bbox 1306 3508 1398 3560; x_wconf 84' lang='grc' dir='ltr'>τοῦ</span> <span class='ocrx_word' id='word_1_253' title='bbox 1437 3508 1699 3577; x_wconf 85' lang='grc' dir='ltr'>βασιλέως</span> <span class='ocrx_word' id='word_1_254' title='bbox 1749 3495 1972 3578; x_wconf 74' lang='grc' dir='ltr'>ίσταμέυ</span> 
     </span>
    </p>
   </div>
   <div class='ocr_carea' id='block_1_39' title="bbox 403 3597 1974 3668">
    <p class='ocr_par' dir='ltr' id='par_1_39' title="bbox 403 3597 1974 3668">
     <span class='ocr_line' id='line_1_39' title="bbox 403 3597 1974 3668; baseline 0.001 -18"><span class='ocrx_word' id='word_1_255' title='bbox 403 3616 492 3650; x_wconf 89' lang='grc' dir='ltr'><strong>νου</strong></span> <span class='ocrx_word' id='word_1_256' title='bbox 549 3599 687 3650; x_wconf 86' lang='grc' dir='ltr'><strong>κατά</strong></span> <span class='ocrx_word' id='word_1_257' title='bbox 733 3598 792 3650; x_wconf 84' lang='grc' dir='ltr'><strong>τὸ</strong></span> <span class='ocrx_word' id='word_1_258' title='bbox 829 3597 1000 3661; x_wconf 80' lang='grc' dir='ltr'>δεξιὸν</span> <span class='ocrx_word' id='word_1_259' title='bbox 1050 3599 1236 3668; x_wconf 82' lang='grc' dir='ltr'>μέρος,</span> <span class='ocrx_word' id='word_1_260' title='bbox 1298 3599 1536 3664; x_wconf 73' lang='grc' dir='ltr'>Ἄραϐες</span> <span class='ocrx_word' id='word_1_261' title='bbox 1582 3599 1674 3653; x_wconf 77' lang='grc' dir='ltr'>δύο</span> <span class='ocrx_word' id='word_1_262' title='bbox 1726 3600 1974 3664; x_wconf 80' lang='grc' dir='ltr'>λαθόντες</span> 
     </span>
    </p>
   </div>
   <div class='ocr_carea' id='block_1_40' title="bbox 405 3689 1978 3764">
    <p class='ocr_par' dir='ltr' id='par_1_40' title="bbox 405 3689 1978 3764">
     <span class='ocr_line' id='line_1_40' title="bbox 405 3689 1978 3764; baseline 0.002 -22"><span class='ocrx_word' id='word_1_263' title='bbox 405 3691 630 3742; x_wconf 85' lang='grc' dir='ltr'>κατόπιν</span> <span class='ocrx_word' id='word_1_264' title='bbox 669 3689 767 3757; x_wconf 82' lang='grc' dir='ltr'>τῆς</span> <span class='ocrx_word' id='word_1_265' title='bbox 789 3690 1121 3758; x_wconf 78' lang='grc' dir='ltr'>ἀκρωρείας,</span> <span class='ocrx_word' id='word_1_266' title='bbox 1154 3691 1247 3743; x_wconf 81' lang='grc' dir='ltr'>καὶ</span> <span class='ocrx_word' id='word_1_267' title='bbox 1275 3692 1400 3753; x_wconf 79' lang='grc' dir='ltr'>τοὺς</span> <span class='ocrx_word' id='word_1_268' title='bbox 1426 3691 1624 3753; x_wconf 79' lang='grc' dir='ltr'>ἵππους</span> <span class='ocrx_word' id='word_1_269' title='bbox 1660 3693 1776 3744; x_wconf 71' lang='grc' dir='ltr'>ἀπὸ</span> <span class='ocrx_word' id='word_1_270' title='bbox 1817 3695 1978 3764; x_wconf 79' lang='grc' dir='ltr'>ῥυτή-</span> 
     </span>
    </p>
   </div>
   <div class='ocr_carea' id='block_1_41' title="bbox 406 3781 1978 3853">
    <p class='ocr_par' dir='ltr' id='par_1_41' title="bbox 406 3781 1978 3853">
     <span class='ocr_line' id='line_1_41' title="bbox 406 3781 1978 3853; baseline 0.001 -19"><span class='ocrx_word' id='word_1_271' title='bbox 406 3798 512 3850; x_wconf 85' lang='grc' dir='ltr'><strong>ρων</strong></span> <span class='ocrx_word' id='word_1_272' title='bbox 551 3781 861 3844; x_wconf 72' lang='grc' dir='ltr'>ἐλάσαντες,</span> <span class='ocrx_word' id='word_1_273' title='bbox 899 3781 992 3834; x_wconf 86' lang='grc' dir='ltr'>δύο</span> <span class='ocrx_word' id='word_1_274' title='bbox 1021 3782 1129 3835; x_wconf 88' lang='grc' dir='ltr'><strong>τῶν</strong></span> <span class='ocrx_word' id='word_1_275' title='bbox 1166 3783 1347 3843; x_wconf 78' lang='grc' dir='ltr'>πεζῶν</span> <span class='ocrx_word' id='word_1_276' title='bbox 1402 3785 1517 3845; x_wconf 82' lang='grc' dir='ltr'>ταῖς</span> <span class='ocrx_word' id='word_1_277' title='bbox 1563 3783 1780 3853; x_wconf 77' lang='grc' dir='ltr'>λόγχαις</span> <span class='ocrx_word' id='word_1_278' title='bbox 1823 3787 1978 3838; x_wconf 90' lang='grc' dir='ltr'>ἀναι-</span> 
     </span>
    </p>
   </div>
   <div class='ocr_carea' id='block_1_42' title="bbox 406 3873 1976 3946">
    <p class='ocr_par' dir='ltr' id='par_1_42' title="bbox 406 3873 1976 3946">
     <span class='ocr_line' id='line_1_42' title="bbox 406 3873 1976 3946; baseline 0.002 -20"><span class='ocrx_word' id='word_1_279' title='bbox 406 3873 608 3942; x_wconf 76' lang='grc' dir='ltr'>ροῦσιν.</span> <span class='ocrx_word' id='word_1_280' title='bbox 662 3874 720 3927; x_wconf 84' lang='grc'><strong>’0</strong></span> <span class='ocrx_word' id='word_1_281' title='bbox 753 3873 1004 3943; x_wconf 80' lang='grc' dir='ltr'>βασιλεὺς</span> <span class='ocrx_word' id='word_1_282' title='bbox 1050 3875 1107 3926; x_wconf 84' lang='grc' dir='ltr'>δὲ</span> <span class='ocrx_word' id='word_1_283' title='bbox 1156 3875 1378 3938; x_wconf 80' lang='grc' dir='ltr'>τούτους</span> <span class='ocrx_word' id='word_1_284' title='bbox 1432 3874 1764 3945; x_wconf 76' lang='grc' dir='ltr'>θεασάμενος</span> <span class='ocrx_word' id='word_1_285' title='bbox 1824 3877 1976 3946; x_wconf 84' lang='grc' dir='ltr'>πρῶ-</span> 
     </span>
    </p>
   </div>
   <div class='ocr_carea' id='block_1_43' title="bbox 401 3964 1972 4036">
    <p class='ocr_par' dir='ltr' id='par_1_43' title="bbox 401 3964 1972 4036">
     <span class='ocr_line' id='line_1_43' title="bbox 401 3964 1972 4036; baseline 0.003 -18"><span class='ocrx_word' id='word_1_286' title='bbox 401 3983 490 4028; x_wconf 77' lang='grc' dir='ltr'><strong>τος</strong></span> <span class='ocrx_word' id='word_1_287' title='bbox 517 3964 834 4033; x_wconf 86' lang='grc' dir='ltr'>διανέστησε</span> <span class='ocrx_word' id='word_1_288' title='bbox 866 3965 1096 4032; x_wconf 83' lang='grc' dir='ltr'>πρώτως</span> <span class='ocrx_word' id='word_1_289' title='bbox 1119 3968 1244 4028; x_wconf 83' lang='grc' dir='ltr'>τοὺς</span> <span class='ocrx_word' id='word_1_290' title='bbox 1264 3966 1600 4036; x_wconf 82' lang='grc' dir='ltr'>στρατιώτας</span> <span class='ocrx_word' id='word_1_291' title='bbox 1652 3969 1729 4030; x_wconf 88' lang='grc' dir='ltr'>εἰς</span> <span class='ocrx_word' id='word_1_292' title='bbox 1773 3968 1972 4032; x_wconf 59' lang='grc' dir='ltr'>δίωξιν.</span> 
     </span>
    </p>
   </div>
   <div class='ocr_carea' id='block_1_44' title="bbox 403 4056 1977 4128">
    <p class='ocr_par' dir='ltr' id='par_1_44' title="bbox 403 4056 1977 4128">
     <span class='ocr_line' id='line_1_44' title="bbox 403 4056 1977 4128; baseline 0.004 -20"><span class='ocrx_word' id='word_1_293' title='bbox 403 4059 465 4108; x_wconf 81' lang='lat' dir='ltr'><strong>Ui</strong></span> <span class='ocrx_word' id='word_1_294' title='bbox 499 4058 552 4109; x_wconf 77' lang='grc' dir='ltr'>δὲ</span> <span class='ocrx_word' id='word_1_295' title='bbox 597 4056 902 4124; x_wconf 82' lang='grc' dir='ltr'>φθάσαντες</span> <span class='ocrx_word' id='word_1_296' title='bbox 944 4057 1163 4126; x_wconf 80' lang='grc' dir='ltr'>ἐξαισίῳ</span> <span class='ocrx_word' id='word_1_297' title='bbox 1192 4058 1376 4128; x_wconf 81' lang='grc' dir='ltr'>δρόμῳ</span> <span class='ocrx_word' id='word_1_298' title='bbox 1415 4059 1523 4111; x_wconf 88' lang='grc' dir='ltr'><strong>τῶν</strong></span> <span class='ocrx_word' id='word_1_299' title='bbox 1556 4060 1736 4112; x_wconf 84' lang='grc' dir='ltr'>ἵππων</span> <span class='ocrx_word' id='word_1_300' title='bbox 1783 4061 1860 4123; x_wconf 82' lang='grc' dir='ltr'><strong>είς</strong></span> <span class='ocrx_word' id='word_1_301' title='bbox 1917 4063 1977 4114; x_wconf 78' lang='grc' dir='ltr'><strong>τὸ</strong></span> 
     </span>
    </p>
   </div>
   <div class='ocr_carea' id='block_1_45' title="bbox 402 4150 1976 4223">
    <p class='ocr_par' dir='ltr' id='par_1_45' title="bbox 402 4150 1976 4223">
     <span class='ocr_line' id='line_1_45' title="bbox 402 4150 1976 4223; baseline 0.003 -22"><span class='ocrx_word' id='word_1_302' title='bbox 402 4152 597 4202; x_wconf 76' lang='grc' dir='ltr'>οἰκεῖον</span> <span class='ocrx_word' id='word_1_303' title='bbox 657 4150 1016 4218; x_wconf 84' lang='grc' dir='ltr'>στρατόπεδον</span> <span class='ocrx_word' id='word_1_304' title='bbox 1080 4150 1549 4219; x_wconf 79' lang='grc' dir='ltr'>διεσώθησαν....</span> <span class='ocrx_word' id='word_1_305' title='bbox 1607 4157 1856 4223; x_wconf 84' lang='grc' dir='ltr'>κατεῖχον</span> <span class='ocrx_word' id='word_1_306' title='bbox 1918 4153 1976 4206; x_wconf 81' lang='grc' dir='ltr'>δὲ</span> 
     </span>
    </p>
   </div>
   <div class='ocr_carea' id='block_1_46' title="bbox 401 4240 1977 4313">
    <p class='ocr_par' dir='ltr' id='par_1_46' title="bbox 401 4240 1977 4313">
     <span class='ocr_line' id='line_1_46' title="bbox 401 4240 1977 4313; baseline 0.004 -22"><span class='ocrx_word' id='word_1_307' title='bbox 401 4240 559 4293; x_wconf 81' lang='grc' dir='ltr'>τοῦτο</span> <span class='ocrx_word' id='word_1_308' title='bbox 609 4241 910 4309; x_wconf 75' lang='grc' dir='ltr'>Σαρακηνοὶ</span> <span class='ocrx_word' id='word_1_309' title='bbox 951 4242 1042 4292; x_wconf 89' lang='grc' dir='ltr'><strong>τὸν</strong></span> <span class='ocrx_word' id='word_1_310' title='bbox 1096 4243 1301 4294; x_wconf 82' lang='grc' dir='ltr'>ἑαυτῶν</span> <span class='ocrx_word' id='word_1_311' title='bbox 1345 4245 1645 4313; x_wconf 74' lang='grc' dir='ltr'>στρατηγὸν</span> <span class='ocrx_word' id='word_1_312' title='bbox 1691 4245 1977 4308; x_wconf 61' lang='grc' dir='ltr'>ὲξελάσαν»</span> 
     </span>
    </p>
   </div>
   <div class='ocr_carea' id='block_1_47' title="bbox 402 4334 1974 4406">
    <p class='ocr_par' dir='ltr' id='par_1_47' title="bbox 402 4334 1974 4406">
     <span class='ocr_line' id='line_1_47' title="bbox 402 4334 1974 4406; baseline 0.003 -20"><span class='ocrx_word' id='word_1_313' title='bbox 402 4352 512 4396; x_wconf 83' lang='grc' dir='ltr'>τες.</span> <span class='ocrx_word' id='word_1_314' title='bbox 551 4334 695 4402; x_wconf 83' lang='grc' dir='ltr'>Πλὴν</span> <span class='ocrx_word' id='word_1_315' title='bbox 715 4335 848 4386; x_wconf 83' lang='grc' dir='ltr'><strong>ἀλλά</strong></span> <span class='ocrx_word' id='word_1_316' title='bbox 888 4335 982 4386; x_wconf 68' lang='grc' dir='ltr'><strong>καὶ</strong></span> <span class='ocrx_word' id='word_1_317' title='bbox 1019 4335 1179 4387; x_wconf 58' lang='lat' dir='ltr'><strong>tam</strong></span> <span class='ocrx_word' id='word_1_318' title='bbox 1215 4353 1508 4401; x_wconf 64' lang='grc' dir='ltr'>φειλγουσιν</span> <span class='ocrx_word' id='word_1_319' title='bbox 1561 4339 1604 4388; x_wconf 75' lang='lat' dir='ltr'><strong>oi</strong></span> <span class='ocrx_word' id='word_1_320' title='bbox 1661 4337 1818 4390; x_wconf 83' lang='grc' dir='ltr'>τοῦτο</span> <span class='ocrx_word' id='word_1_321' title='bbox 1877 4355 1974 4406; x_wconf 70' lang='lat' dir='ltr'><strong>(PU--</strong></span> 
     </span>
    </p>
   </div>
   <div class='ocr_carea' id='block_1_48' title="bbox 403 4425 1973 4494">
    <p class='ocr_par' dir='ltr' id='par_1_48' title="bbox 403 4425 1973 4494">
     <span class='ocr_line' id='line_1_48' title="bbox 403 4425 1973 4494; baseline 0.004 -18"><span class='ocrx_word' id='word_1_322' title='bbox 403 4426 711 4489; x_wconf 67' lang='grc' dir='ltr'>λάσια-οντες,</span> <span class='ocrx_word' id='word_1_323' title='bbox 745 4426 839 4478; x_wconf 71' lang='grc' dir='ltr'>καὶ</span> <span class='ocrx_word' id='word_1_324' title='bbox 869 4425 946 4494; x_wconf 84' lang='grc' dir='ltr'>τῷ</span> <span class='ocrx_word' id='word_1_325' title='bbox 992 4425 1201 4494; x_wconf 86' lang='grc' dir='ltr'>βασιλεῖ</span> <span class='ocrx_word' id='word_1_326' title='bbox 1253 4427 1310 4478; x_wconf 75' lang='grc' dir='ltr'><strong>τὸ</strong></span> <span class='ocrx_word' id='word_1_327' title='bbox 1365 4429 1561 4480; x_wconf 76' lang='grc' dir='ltr'>οἰκεῖον</span> <span class='ocrx_word' id='word_1_328' title='bbox 1633 4430 1973 4494; x_wconf 75' lang='grc' dir='ltr'>ἀνασώζεται</span> 
     </span>
    </p>
   </div>
   <div class='ocr_carea' id='block_1_49' title="bbox 2084 608 3656 681">
    <p class='ocr_par' dir='ltr' id='par_1_49' title="bbox 2084 608 3656 681">
     <span class='ocr_line' id='line_1_49' title="bbox 2084 608 3656 681; baseline 0.001 -18"><span class='ocrx_word' id='word_1_329' title='bbox 2084 608 2328 664; x_wconf 75' lang='lat' dir='ltr'><strong>exercitu</strong></span> <span class='ocrx_word' id='word_1_330' title='bbox 2354 610 2519 680; x_wconf 79' lang='lat' dir='ltr'><strong>cmpit</strong></span> <span class='ocrx_word' id='word_1_331' title='bbox 2541 620 2685 666; x_wconf 89' lang='lat' dir='ltr'><strong>recta</strong></span> <span class='ocrx_word' id='word_1_332' title='bbox 2734 612 2801 667; x_wconf 88' lang='lat' dir='ltr'><strong>ad</strong></span> <span class='ocrx_word' id='word_1_333' title='bbox 2831 613 3087 681; x_wconf 79' lang='lat' dir='ltr'><strong>oppidum</strong></span> <span class='ocrx_word' id='word_1_334' title='bbox 3121 617 3242 668; x_wconf 84' lang='lat' dir='ltr'><strong>Azae</strong></span> <span class='ocrx_word' id='word_1_335' title='bbox 3301 611 3656 676; x_wconf 82' lang='lat' dir='ltr'><strong>contendere,</strong></span> 
     </span>
    </p>
   </div>
   <div class='ocr_carea' id='block_1_50' title="bbox 2083 703 3657 775">
    <p class='ocr_par' dir='ltr' id='par_1_50' title="bbox 2083 703 3657 775">
     <span class='ocr_line' id='line_1_50' title="bbox 2083 703 3657 775; baseline 0.003 -21"><span class='ocrx_word' id='word_1_336' title='bbox 2083 703 2368 768; x_wconf 79' lang='lat' dir='ltr'><strong>Coeperunt</strong></span> <span class='ocrx_word' id='word_1_337' title='bbox 2399 705 2574 768; x_wconf 82' lang='lat' dir='ltr'><strong>sparsi</strong></span> <span class='ocrx_word' id='word_1_338' title='bbox 2601 720 2666 758; x_wconf 85' lang='lat' dir='ltr'><strong>ex</strong></span> <span class='ocrx_word' id='word_1_339' title='bbox 2700 704 3011 770; x_wconf 89' lang='lat' dir='ltr'><strong>intervallo,</strong></span> <span class='ocrx_word' id='word_1_340' title='bbox 3045 720 3146 759; x_wconf 93' lang='lat' dir='ltr'><strong>suo</strong></span> <span class='ocrx_word' id='word_1_341' title='bbox 3211 722 3358 760; x_wconf 83' lang='lat' dir='ltr'><strong>more</strong></span> <span class='ocrx_word' id='word_1_342' title='bbox 3411 709 3462 760; x_wconf 92' lang='lat' dir='ltr'><strong>in</strong></span> <span class='ocrx_word' id='word_1_343' title='bbox 3507 706 3657 775; x_wconf 87' lang='lat' dir='ltr'><strong>ipsos</strong></span> 
     </span>
    </p>
   </div>
   <div class='ocr_carea' id='block_1_51' title="bbox 2085 791 3658 865">
    <p class='ocr_par' dir='ltr' id='par_1_51' title="bbox 2085 791 3658 865">
     <span class='ocr_line' id='line_1_51' title="bbox 2085 791 3658 865; baseline 0.004 -23"><span class='ocrx_word' id='word_1_344' title='bbox 2085 791 2363 856; x_wconf 76' lang='lat' dir='ltr'><strong>invadere,</strong></span> <span class='ocrx_word' id='word_1_345' title='bbox 2388 800 2758 847; x_wconf 80' lang='lat' dir='ltr'><strong>etcxtremum</strong></span> <span class='ocrx_word' id='word_1_346' title='bbox 2789 810 2979 865; x_wconf 88' lang='lat' dir='ltr'><strong>agmen</strong></span> <span class='ocrx_word' id='word_1_347' title='bbox 3013 811 3157 864; x_wconf 66' lang='lat' dir='ltr'><strong>saepe</strong></span> <span class='ocrx_word' id='word_1_348' title='bbox 3179 796 3353 848; x_wconf 89' lang='lat' dir='ltr'><strong>adorti</strong></span> <span class='ocrx_word' id='word_1_349' title='bbox 3381 811 3658 850; x_wconf 89' lang='lat' dir='ltr'><strong>connnca-</strong></span> 
     </span>
    </p>
   </div>
   <div class='ocr_carea' id='block_1_52' title="bbox 2086 881 3657 950">
    <p class='ocr_par' dir='ltr' id='par_1_52' title="bbox 2086 881 3657 950">
     <span class='ocr_line' id='line_1_52' title="bbox 2086 881 3657 950; baseline 0.002 -15"><span class='ocrx_word' id='word_1_350' title='bbox 2086 891 2171 935; x_wconf 92' lang='lat' dir='ltr'><strong>tus</strong></span> <span class='ocrx_word' id='word_1_351' title='bbox 2199 881 2507 937; x_wconf 80' lang='lat' dir='ltr'><strong>deferentes</strong></span> <span class='ocrx_word' id='word_1_352' title='bbox 2550 899 2768 950; x_wconf 78' lang='lat' dir='ltr'><strong>vexare,</strong></span> <span class='ocrx_word' id='word_1_353' title='bbox 2808 887 3080 940; x_wconf 68' lang='lat' dir='ltr'><strong>etlmdere</strong></span> <span class='ocrx_word' id='word_1_354' title='bbox 3149 886 3448 948; x_wconf 79' lang='lat' dir='ltr'><strong>Romanos,</strong></span> <span class='ocrx_word' id='word_1_355' title='bbox 3502 885 3657 950; x_wconf 74' lang='lat' dir='ltr'><strong>quasi</strong></span> 
     </span>
    </p>
   </div>
   <div class='ocr_carea' id='block_1_53' title="bbox 2083 973 3660 1044">
    <p class='ocr_par' dir='ltr' id='par_1_53' title="bbox 2083 973 3660 1044">
     <span class='ocr_line' id='line_1_53' title="bbox 2083 973 3660 1044; baseline 0.001 -18"><span class='ocrx_word' id='word_1_356' title='bbox 2083 988 2146 1026; x_wconf 71' lang='lat' dir='ltr'><strong>ex</strong></span> <span class='ocrx_word' id='word_1_357' title='bbox 2179 973 2393 1027; x_wconf 81' lang='lat' dir='ltr'><strong>insidiis</strong></span> <span class='ocrx_word' id='word_1_358' title='bbox 2419 976 2556 1026; x_wconf 89' lang='lat' dir='ltr'><strong>clam</strong></span> <span class='ocrx_word' id='word_1_359' title='bbox 2595 974 2967 1044; x_wconf 86' lang='lat' dir='ltr'><strong>&#39;irrnptionem</strong></span> <span class='ocrx_word' id='word_1_360' title='bbox 3016 976 3302 1031; x_wconf 74' lang='lat' dir='ltr'><strong>facientes.</strong></span> <span class='ocrx_word' id='word_1_361' title='bbox 3343 976 3660 1044; x_wconf 86' lang='lat' dir='ltr'><strong>Coustipato</strong></span> 
     </span>
    </p>
   </div>
   <div class='ocr_carea' id='block_1_54' title="bbox 2083 1064 3662 1138">
    <p class='ocr_par' dir='ltr' id='par_1_54' title="bbox 2083 1064 3662 1138">
     <span class='ocr_line' id='line_1_54' title="bbox 2083 1064 3662 1138; baseline 0.003 -23"><span class='ocrx_word' id='word_1_362' title='bbox 2083 1074 2264 1116; x_wconf 88' lang='lat' dir='ltr'><strong>autem</strong></span> <span class='ocrx_word' id='word_1_363' title='bbox 2313 1064 2613 1132; x_wconf 73' lang='lat' dir='ltr'><strong>sagittariis</strong></span> <span class='ocrx_word' id='word_1_364' title='bbox 2660 1077 2712 1119; x_wconf 89' lang='lat' dir='ltr'><strong>et</strong></span> <span class='ocrx_word' id='word_1_365' title='bbox 2764 1067 2995 1120; x_wconf 90' lang='lat' dir='ltr'><strong>scutatis</strong></span> <span class='ocrx_word' id='word_1_366' title='bbox 3056 1069 3323 1133; x_wconf 79' lang='lat' dir='ltr'><strong>exercitu,</strong></span> <span class='ocrx_word' id='word_1_367' title='bbox 3369 1069 3662 1138; x_wconf 79' lang='lat' dir='ltr'><strong>imperator</strong></span> 
     </span>
    </p>
   </div>
   <div class='ocr_carea' id='block_1_55' title="bbox 2085 1159 3660 1228">
    <p class='ocr_par' dir='ltr' id='par_1_55' title="bbox 2085 1159 3660 1228">
     <span class='ocr_line' id='line_1_55' title="bbox 2085 1159 3660 1228; baseline 0.006 -25"><span class='ocrx_word' id='word_1_368' title='bbox 2085 1163 2326 1207; x_wconf 90' lang='lat' dir='ltr'><strong>armatus</strong></span> <span class='ocrx_word' id='word_1_369' title='bbox 2361 1169 2484 1207; x_wconf 89' lang='lat' dir='ltr'><strong>cum</strong></span> <span class='ocrx_word' id='word_1_370' title='bbox 2513 1166 2625 1209; x_wconf 86' lang='lat' dir='ltr'><strong>toto</strong></span> <span class='ocrx_word' id='word_1_371' title='bbox 2677 1159 2924 1212; x_wconf 77' lang='lat' dir='ltr'><strong>exercitu</strong></span> <span class='ocrx_word' id='word_1_372' title='bbox 2976 1159 3040 1212; x_wconf 87' lang='lat' dir='ltr'><strong>ad</strong></span> <span class='ocrx_word' id='word_1_373' title='bbox 3077 1161 3332 1228; x_wconf 81' lang='lat' dir='ltr'><strong>Oppidum</strong></span> <span class='ocrx_word' id='word_1_374' title='bbox 3386 1161 3509 1213; x_wconf 71' lang='lat' dir='ltr'><strong>Am</strong></span> <span class='ocrx_word' id='word_1_375' title='bbox 3569 1175 3660 1213; x_wconf 84' lang='lat' dir='ltr'><strong>ac-</strong></span> 
     </span>
    </p>
   </div>
   <div class='ocr_carea' id='block_1_56' title="bbox 2095 1245 3658 1318">
    <p class='ocr_par' dir='ltr' id='par_1_56' title="bbox 2095 1245 3658 1318">
     <span class='ocr_line' id='line_1_56' title="bbox 2095 1245 3658 1318; baseline 0.003 -20"><span class='ocrx_word' id='word_1_376' title='bbox 2095 1245 2255 1299; x_wconf 85' lang='lat' dir='ltr'><strong>cedit.</strong></span> <span class='ocrx_word' id='word_1_377' title='bbox 2289 1257 2442 1300; x_wconf 87' lang='lat' dir='ltr'><strong>ratus</strong></span> <span class='ocrx_word' id='word_1_378' title='bbox 2497 1248 2676 1301; x_wconf 87' lang='lat' dir='ltr'><strong>locum</strong></span> <span class='ocrx_word' id='word_1_379' title='bbox 2725 1249 2788 1302; x_wconf 92' lang='lat' dir='ltr'><strong>ad</strong></span> <span class='ocrx_word' id='word_1_380' title='bbox 2859 1266 2918 1304; x_wconf 90' lang='lat' dir='ltr'><strong>se</strong></span> <span class='ocrx_word' id='word_1_381' title='bbox 2958 1251 3330 1318; x_wconf 86' lang='lat' dir='ltr'><strong>recipiendum</strong></span> <span class='ocrx_word' id='word_1_382' title='bbox 3383 1250 3658 1304; x_wconf 76' lang='lat' dir='ltr'><strong>idoneum.</strong></span> 
     </span>
    </p>
   </div>
   <div class='ocr_carea' id='block_1_57' title="bbox 2091 1336 3660 1408">
    <p class='ocr_par' dir='ltr' id='par_1_57' title="bbox 2091 1336 3660 1408">
     <span class='ocr_line' id='line_1_57' title="bbox 2091 1336 3660 1408; baseline 0.002 -19"><span class='ocrx_word' id='word_1_383' title='bbox 2091 1336 2196 1391; x_wconf 85' lang='lat' dir='ltr'><strong>Sed</strong></span> <span class='ocrx_word' id='word_1_384' title='bbox 2237 1337 2324 1389; x_wconf 71' lang='lat' dir='ltr'><strong>ubi</strong></span> <span class='ocrx_word' id='word_1_385' title='bbox 2360 1339 2459 1406; x_wconf 89' lang='lat' dir='ltr'><strong>ipsi</strong></span> <span class='ocrx_word' id='word_1_386' title='bbox 2503 1340 2948 1408; x_wconf 82' lang='lat' dir='ltr'><strong>appropinquans</strong></span> <span class='ocrx_word' id='word_1_387' title='bbox 3013 1341 3352 1395; x_wconf 80' lang='lat' dir='ltr'><strong>tutissimum</strong></span> <span class='ocrx_word' id='word_1_388' title='bbox 3419 1341 3546 1394; x_wconf 85' lang='lat' dir='ltr'><strong>vidit</strong></span> <span class='ocrx_word' id='word_1_389' title='bbox 3599 1357 3660 1392; x_wconf 77' lang='lat' dir='ltr'><strong>ac</strong></span> 
     </span>
    </p>
   </div>
   <div class='ocr_carea' id='block_1_58' title="bbox 2085 1430 3660 1501">
    <p class='ocr_par' dir='ltr' id='par_1_58' title="bbox 2085 1430 3660 1501">
     <span class='ocr_line' id='line_1_58' title="bbox 2085 1430 3660 1501; baseline 0.002 -22"><span class='ocrx_word' id='word_1_390' title='bbox 2085 1430 2514 1482; x_wconf 86' lang='lat' dir='ltr'><strong>munitissimum</strong></span> <span class='ocrx_word' id='word_1_391' title='bbox 2547 1431 2597 1483; x_wconf 92' lang='lat' dir='ltr'><strong>in</strong></span> <span class='ocrx_word' id='word_1_392' title='bbox 2625 1447 2838 1485; x_wconf 87' lang='lat' dir='ltr'><strong>sutnmo</strong></span> <span class='ocrx_word' id='word_1_393' title='bbox 2866 1432 3002 1486; x_wconf 88' lang='lat' dir='ltr'><strong>colle</strong></span> <span class='ocrx_word' id='word_1_394' title='bbox 3065 1433 3399 1497; x_wconf 83' lang='lat' dir='ltr'><strong>consistens,</strong></span> <span class='ocrx_word' id='word_1_395' title='bbox 3431 1433 3660 1501; x_wconf 44' lang='lat' dir='ltr'><strong>duplici.</strong></span> 
     </span>
    </p>
   </div>
   <div class='ocr_carea' id='block_1_59' title="bbox 2083 1519 3661 1591">
    <p class='ocr_par' dir='ltr' id='par_1_59' title="bbox 2083 1519 3661 1591">
     <span class='ocr_line' id='line_1_59' title="bbox 2083 1519 3661 1591; baseline 0.003 -22"><span class='ocrx_word' id='word_1_396' title='bbox 2083 1530 2188 1582; x_wconf 91' lang='lat' dir='ltr'><strong>que</strong></span> <span class='ocrx_word' id='word_1_397' title='bbox 2235 1531 2390 1569; x_wconf 88' lang='lat' dir='ltr'><strong>muro</strong></span> <span class='ocrx_word' id='word_1_398' title='bbox 2438 1520 2777 1584; x_wconf 86' lang='lat' dir='ltr'><strong>cinctum,et</strong></span> <span class='ocrx_word' id='word_1_399' title='bbox 2845 1519 3114 1589; x_wconf 83' lang='lat' dir='ltr'><strong>lapidibus</strong></span> <span class='ocrx_word' id='word_1_400' title='bbox 3148 1523 3491 1591; x_wconf 77' lang='lat' dir='ltr'><strong>quasiclavis</strong></span> <span class='ocrx_word' id='word_1_401' title='bbox 3539 1523 3661 1588; x_wconf 89' lang='lat' dir='ltr'><strong>qui-</strong></span> 
     </span>
    </p>
   </div>
   <div class='ocr_carea' id='block_1_60' title="bbox 2085 1608 3657 1681">
    <p class='ocr_par' dir='ltr' id='par_1_60' title="bbox 2085 1608 3657 1681">
     <span class='ocr_line' id='line_1_60' title="bbox 2085 1608 3657 1681; baseline 0.006 -21"><span class='ocrx_word' id='word_1_402' title='bbox 2085 1608 2312 1661; x_wconf 78' lang='lat' dir='ltr'><strong>busdam</strong></span> <span class='ocrx_word' id='word_1_403' title='bbox 2346 1619 2720 1673; x_wconf 86' lang='lat' dir='ltr'><strong>compactum,</strong></span> <span class='ocrx_word' id='word_1_404' title='bbox 2746 1625 3037 1664; x_wconf 81' lang='lat' dir='ltr'><strong>ascensum</strong></span> <span class='ocrx_word' id='word_1_405' title='bbox 3062 1612 3126 1664; x_wconf 87' lang='lat' dir='ltr'><strong>ad</strong></span> <span class='ocrx_word' id='word_1_406' title='bbox 3163 1623 3374 1681; x_wconf 88' lang='lat' dir='ltr'><strong>portatu</strong></span> <span class='ocrx_word' id='word_1_407' title='bbox 3395 1613 3657 1670; x_wconf 68' lang='lat' dir='ltr'><strong>referens.</strong></span> 
     </span>
    </p>
   </div>
   <div class='ocr_carea' id='block_1_61' title="bbox 2082 1701 3658 1772">
    <p class='ocr_par' dir='ltr' id='par_1_61' title="bbox 2082 1701 3658 1772">
     <span class='ocr_line' id='line_1_61' title="bbox 2082 1701 3658 1772; baseline 0.001 -20"><span class='ocrx_word' id='word_1_408' title='bbox 2082 1707 2134 1752; x_wconf 89' lang='lat' dir='ltr'><strong>ct</strong></span> <span class='ocrx_word' id='word_1_409' title='bbox 2158 1713 2345 1766; x_wconf 87' lang='lat' dir='ltr'><strong>parum</strong></span> <span class='ocrx_word' id='word_1_410' title='bbox 2397 1712 2548 1767; x_wconf 65' lang='lat' dir='ltr'><strong>aqua:</strong></span> <span class='ocrx_word' id='word_1_411' title='bbox 2577 1701 2701 1753; x_wconf 86' lang='lat' dir='ltr'><strong>inde</strong></span> <span class='ocrx_word' id='word_1_412' title='bbox 2735 1701 2984 1767; x_wconf 75' lang='lat' dir='ltr'><strong>efﬂuens,</strong></span> <span class='ocrx_word' id='word_1_413' title='bbox 3048 1717 3171 1772; x_wconf 66' lang='lat' dir='ltr'><strong>quas</strong></span> <span class='ocrx_word' id='word_1_414' title='bbox 3217 1719 3324 1756; x_wconf 91' lang='lat' dir='ltr'><strong>non</strong></span> <span class='ocrx_word' id='word_1_415' title='bbox 3385 1712 3528 1757; x_wconf 78' lang='lat' dir='ltr'><strong>esset</strong></span> <span class='ocrx_word' id='word_1_416' title='bbox 3594 1702 3658 1754; x_wconf 90' lang='lat' dir='ltr'><strong>ad</strong></span> 
     </span>
    </p>
   </div>
   <div class='ocr_carea' id='block_1_62' title="bbox 2088 1790 3664 1858">
    <p class='ocr_par' dir='ltr' id='par_1_62' title="bbox 2088 1790 3664 1858">
     <span class='ocr_line' id='line_1_62' title="bbox 2088 1790 3664 1858; baseline 0.003 -18"><span class='ocrx_word' id='word_1_417' title='bbox 2088 1796 2302 1842; x_wconf 91' lang='lat' dir='ltr'><strong>tantum</strong></span> <span class='ocrx_word' id='word_1_418' title='bbox 2381 1790 2763 1858; x_wconf 87' lang='lat' dir='ltr'><strong>accipiendum</strong></span> <span class='ocrx_word' id='word_1_419' title='bbox 2847 1793 3151 1847; x_wconf 80' lang='lat' dir='ltr'><strong>exercitum</strong></span> <span class='ocrx_word' id='word_1_420' title='bbox 3255 1793 3470 1855; x_wconf 70' lang='lat' dir='ltr'><strong>idonea,</strong></span> <span class='ocrx_word' id='word_1_421' title='bbox 3538 1791 3664 1845; x_wconf 87' lang='lat' dir='ltr'><strong>inde</strong></span> 
     </span>
    </p>
   </div>
   <div class='ocr_carea' id='block_1_63' title="bbox 2091 1879 3658 1952">
    <p class='ocr_par' dir='ltr' id='par_1_63' title="bbox 2091 1879 3658 1952">
     <span class='ocr_line' id='line_1_63' title="bbox 2091 1879 3658 1952; baseline 0.001 -19"><span class='ocrx_word' id='word_1_422' title='bbox 2091 1879 2386 1946; x_wconf 87' lang='lat' dir='ltr'><strong>profectus,</strong></span> <span class='ocrx_word' id='word_1_423' title='bbox 2453 1881 2543 1935; x_wconf 88' lang='lat' dir='ltr'><strong>ubi</strong></span> <span class='ocrx_word' id='word_1_424' title='bbox 2627 1882 2900 1951; x_wconf 90' lang='lat' dir='ltr'><strong>copiosior</strong></span> <span class='ocrx_word' id='word_1_425' title='bbox 2960 1897 3098 1952; x_wconf 90' lang='lat' dir='ltr'><strong>aqua</strong></span> <span class='ocrx_word' id='word_1_426' title='bbox 3183 1882 3395 1947; x_wconf 88' lang='lat' dir='ltr'><strong>ﬂueret,</strong></span> <span class='ocrx_word' id='word_1_427' title='bbox 3480 1890 3658 1935; x_wconf 85' lang='lat' dir='ltr'><strong>castra</strong></span> 
     </span>
    </p>
   </div>
   <div class='ocr_carea' id='block_1_64' title="bbox 2091 1973 3663 2046">
    <p class='ocr_par' dir='ltr' id='par_1_64' title="bbox 2091 1973 3663 2046">
     <span class='ocr_line' id='line_1_64' title="bbox 2091 1973 3663 2046; baseline 0.001 -21"><span class='ocrx_word' id='word_1_428' title='bbox 2091 1973 2290 2042; x_wconf 88' lang='lat' dir='ltr'><strong>posuit.</strong></span> <span class='ocrx_word' id='word_1_429' title='bbox 2339 1975 2406 2028; x_wconf 88' lang='lat' dir='ltr'><strong>Et</strong></span> <span class='ocrx_word' id='word_1_430' title='bbox 2460 1974 2585 2029; x_wconf 91' lang='lat' dir='ltr'><strong>inde</strong></span> <span class='ocrx_word' id='word_1_431' title='bbox 2653 1990 2870 2046; x_wconf 89' lang='lat' dir='ltr'><strong>quoque</strong></span> <span class='ocrx_word' id='word_1_432' title='bbox 2923 1975 3215 2030; x_wconf 89' lang='lat' dir='ltr'><strong>discedens</strong></span> <span class='ocrx_word' id='word_1_433' title='bbox 3278 1976 3478 2030; x_wconf 77' lang='lat' dir='ltr'><strong>invasit</strong></span> <span class='ocrx_word' id='word_1_434' title='bbox 3551 1975 3663 2027; x_wconf 85' lang='lat' dir='ltr'><strong>Att-</strong></span> 
     </span>
    </p>
   </div>
   <div class='ocr_carea' id='block_1_65' title="bbox 2089 2068 3660 2138">
    <p class='ocr_par' dir='ltr' id='par_1_65' title="bbox 2089 2068 3660 2138">
     <span class='ocr_line' id='line_1_65' title="bbox 2089 2068 3660 2138; baseline -0.001 -19"><span class='ocrx_word' id='word_1_435' title='bbox 2089 2069 2353 2121; x_wconf 71' lang='lat' dir='ltr'><strong>sonitides</strong></span> <span class='ocrx_word' id='word_1_436' title='bbox 2405 2068 2561 2132; x_wconf 90' lang='lat' dir='ltr'><strong>lines,</strong></span> <span class='ocrx_word' id='word_1_437' title='bbox 2629 2070 2962 2138; x_wconf 89' lang='lat' dir='ltr'><strong>iucensoque</strong></span> <span class='ocrx_word' id='word_1_438' title='bbox 3039 2083 3170 2137; x_wconf 87' lang='lat' dir='ltr'><strong>agro</strong></span> <span class='ocrx_word' id='word_1_439' title='bbox 3239 2069 3496 2128; x_wconf 75' lang='lat' dir='ltr'><strong>maximo,</strong></span> <span class='ocrx_word' id='word_1_440' title='bbox 3557 2081 3660 2119; x_wconf 88' lang='lat' dir='ltr'><strong>no-</strong></span> 
     </span>
    </p>
   </div>
   <div class='ocr_carea' id='block_1_66' title="bbox 2088 2157 3661 2230">
    <p class='ocr_par' dir='ltr' id='par_1_66' title="bbox 2088 2157 3661 2230">
     <span class='ocr_line' id='line_1_66' title="bbox 2088 2157 3661 2230; baseline -0.002 -19"><span class='ocrx_word' id='word_1_441' title='bbox 2088 2161 2231 2214; x_wconf 87' lang='lat' dir='ltr'><strong>mine</strong></span> <span class='ocrx_word' id='word_1_442' title='bbox 2301 2160 2510 2222; x_wconf 83' lang='lat' dir='ltr'><strong>Catma,</strong></span> <span class='ocrx_word' id='word_1_443' title='bbox 2568 2162 2874 2230; x_wconf 90' lang='lat' dir='ltr'><strong>antiquitus</strong></span> <span class='ocrx_word' id='word_1_444' title='bbox 2964 2159 3202 2229; x_wconf 88' lang='lat' dir='ltr'><strong>principi</strong></span> <span class='ocrx_word' id='word_1_445' title='bbox 3267 2158 3476 2226; x_wconf 75' lang='lat' dir='ltr'><strong>Clialcp</strong></span> <span class='ocrx_word' id='word_1_446' title='bbox 3528 2157 3661 2211; x_wconf 85' lang='lat' dir='ltr'><strong>assi-</strong></span> 
     </span>
    </p>
   </div>
   <div class='ocr_carea' id='block_1_67' title="bbox 2086 2250 3659 2320">
    <p class='ocr_par' dir='ltr' id='par_1_67' title="bbox 2086 2250 3659 2320">
     <span class='ocr_line' id='line_1_67' title="bbox 2086 2250 3659 2320; baseline 0.002 -20"><span class='ocrx_word' id='word_1_447' title='bbox 2086 2260 2272 2317; x_wconf 78' lang='lat' dir='ltr'><strong>gnato.</strong></span> <span class='ocrx_word' id='word_1_448' title='bbox 2314 2252 2366 2303; x_wconf 91' lang='lat' dir='ltr'><strong>in</strong></span> <span class='ocrx_word' id='word_1_449' title='bbox 2422 2253 2586 2305; x_wconf 83' lang='lat' dir='ltr'><strong>alium</strong></span> <span class='ocrx_word' id='word_1_450' title='bbox 2643 2253 2819 2307; x_wconf 84' lang='lat' dir='ltr'><strong>locum</strong></span> <span class='ocrx_word' id='word_1_451' title='bbox 2876 2267 2933 2305; x_wconf 87' lang='lat' dir='ltr'><strong>se</strong></span> <span class='ocrx_word' id='word_1_452' title='bbox 2981 2252 3205 2320; x_wconf 83' lang='lat' dir='ltr'><strong>recepit,</strong></span> <span class='ocrx_word' id='word_1_453' title='bbox 3259 2250 3659 2303; x_wconf 76' lang='lat' dir='ltr'><strong>‘l‘arcliulano-</strong></span> 
     </span>
    </p>
   </div>
   <div class='ocr_carea' id='block_1_68' title="bbox 2085 2338 3657 2409">
    <p class='ocr_par' dir='ltr' id='par_1_68' title="bbox 2085 2338 3657 2409">
     <span class='ocr_line' id='line_1_68' title="bbox 2085 2338 3657 2409; baseline -0.003 -17"><span class='ocrx_word' id='word_1_454' title='bbox 2085 2340 2247 2393; x_wconf 79' lang='lat' dir='ltr'><strong>mine.</strong></span> <span class='ocrx_word' id='word_1_455' title='bbox 2295 2340 2672 2409; x_wconf 81' lang='lat' dir='ltr'><strong>l’erruptoque</strong></span> <span class='ocrx_word' id='word_1_456' title='bbox 2717 2340 2884 2402; x_wconf 90' lang='lat' dir='ltr'><strong>vallo,</strong></span> <span class='ocrx_word' id='word_1_457' title='bbox 2947 2350 3001 2393; x_wconf 83' lang='lat' dir='ltr'><strong>et</strong></span> <span class='ocrx_word' id='word_1_458' title='bbox 3043 2340 3373 2407; x_wconf 84' lang='lat' dir='ltr'><strong>imperatore</strong></span> <span class='ocrx_word' id='word_1_459' title='bbox 3424 2339 3490 2389; x_wconf 91' lang='lat' dir='ltr'><strong>ad</strong></span> <span class='ocrx_word' id='word_1_460' title='bbox 3524 2338 3657 2389; x_wconf 73' lang='lat' dir='ltr'><strong>dex-</strong></span> 
     </span>
    </p>
   </div>
   <div class='ocr_carea' id='block_1_69' title="bbox 2086 2428 3658 2498">
    <p class='ocr_par' dir='ltr' id='par_1_69' title="bbox 2086 2428 3658 2498">
     <span class='ocr_line' id='line_1_69' title="bbox 2086 2428 3658 2498; baseline -0.001 -16"><span class='ocrx_word' id='word_1_461' title='bbox 2086 2441 2221 2483; x_wconf 91' lang='lat' dir='ltr'><strong>tram</strong></span> <span class='ocrx_word' id='word_1_462' title='bbox 2256 2441 2460 2498; x_wconf 90' lang='lat' dir='ltr'><strong>partem</strong></span> <span class='ocrx_word' id='word_1_463' title='bbox 2492 2432 2861 2496; x_wconf 83' lang='lat' dir='ltr'><strong>incumbente,</strong></span> <span class='ocrx_word' id='word_1_464' title='bbox 2886 2431 3095 2484; x_wconf 85' lang='lat' dir='ltr'><strong>Arabes</strong></span> <span class='ocrx_word' id='word_1_465' title='bbox 3132 2429 3262 2492; x_wconf 90' lang='lat' dir='ltr'><strong>duo,</strong></span> <span class='ocrx_word' id='word_1_466' title='bbox 3294 2429 3387 2496; x_wconf 88' lang='lat' dir='ltr'><strong>qui</strong></span> <span class='ocrx_word' id='word_1_467' title='bbox 3415 2428 3658 2481; x_wconf 86' lang='lat' dir='ltr'><strong>latebant</strong></span> 
     </span>
    </p>
   </div>
   <div class='ocr_carea' id='block_1_70' title="bbox 2085 2517 3661 2590">
    <p class='ocr_par' dir='ltr' id='par_1_70' title="bbox 2085 2517 3661 2590">
     <span class='ocr_line' id='line_1_70' title="bbox 2085 2517 3661 2590; baseline 0 -18"><span class='ocrx_word' id='word_1_468' title='bbox 2085 2535 2113 2572; x_wconf 86' lang='lat' dir='ltr'><strong>a</strong></span> <span class='ocrx_word' id='word_1_469' title='bbox 2142 2532 2291 2588; x_wconf 74' lang='lat' dir='ltr'><strong>lelgo</strong></span> <span class='ocrx_word' id='word_1_470' title='bbox 2319 2523 2540 2584; x_wconf 87' lang='lat' dir='ltr'><strong>montis,</strong></span> <span class='ocrx_word' id='word_1_471' title='bbox 2573 2524 2860 2576; x_wconf 84' lang='lat' dir='ltr'><strong>concitatis</strong></span> <span class='ocrx_word' id='word_1_472' title='bbox 2880 2523 3058 2590; x_wconf 91' lang='lat' dir='ltr'><strong>equis,</strong></span> <span class='ocrx_word' id='word_1_473' title='bbox 3094 2520 3308 2590; x_wconf 90' lang='lat' dir='ltr'><strong>pedites</strong></span> <span class='ocrx_word' id='word_1_474' title='bbox 3328 2519 3467 2573; x_wconf 93' lang='lat' dir='ltr'><strong>duos</strong></span> <span class='ocrx_word' id='word_1_475' title='bbox 3489 2517 3661 2572; x_wconf 86' lang='lat' dir='ltr'><strong>hastis</strong></span> 
     </span>
    </p>
   </div>
   <div class='ocr_carea' id='block_1_71' title="bbox 2082 2608 3653 2682">
    <p class='ocr_par' dir='ltr' id='par_1_71' title="bbox 2082 2608 3653 2682">
     <span class='ocr_line' id='line_1_71' title="bbox 2082 2608 3653 2682; baseline -0.001 -19"><span class='ocrx_word' id='word_1_476' title='bbox 2082 2612 2246 2681; x_wconf 77' lang='grc'><strong>677</strong></span> <span class='ocrx_word' id='word_1_477' title='bbox 2269 2613 2630 2677; x_wconf 78' lang='lat' dir='ltr'><strong>interﬁciunt;</strong></span> <span class='ocrx_word' id='word_1_478' title='bbox 2665 2629 2805 2682; x_wconf 85' lang='lat' dir='ltr'><strong>quos</strong></span> <span class='ocrx_word' id='word_1_479' title='bbox 2834 2613 3186 2680; x_wconf 82' lang='lat' dir='ltr'><strong>conSpicatus</strong></span> <span class='ocrx_word' id='word_1_480' title='bbox 3221 2611 3514 2680; x_wconf 81' lang='lat' dir='ltr'><strong>imperator</strong></span> <span class='ocrx_word' id='word_1_481' title='bbox 3540 2608 3653 2678; x_wconf 91' lang='lat' dir='ltr'><strong>pri-</strong></span> 
     </span>
    </p>
   </div>
   <div class='ocr_carea' id='block_1_72' title="bbox 2083 2700 3656 2773">
    <p class='ocr_par' dir='ltr' id='par_1_72' title="bbox 2083 2700 3656 2773">
     <span class='ocr_line' id='line_1_72' title="bbox 2083 2700 3656 2773; baseline -0.001 -20"><span class='ocrx_word' id='word_1_482' title='bbox 2083 2717 2205 2755; x_wconf 90' lang='lat' dir='ltr'><strong>mus</strong></span> <span class='ocrx_word' id='word_1_483' title='bbox 2241 2704 2422 2756; x_wconf 86' lang='lat' dir='ltr'><strong>statim</strong></span> <span class='ocrx_word' id='word_1_484' title='bbox 2459 2705 2655 2757; x_wconf 86' lang='lat' dir='ltr'><strong>milites</strong></span> <span class='ocrx_word' id='word_1_485' title='bbox 2685 2705 2750 2758; x_wconf 87' lang='lat' dir='ltr'><strong>ad</strong></span> <span class='ocrx_word' id='word_1_486' title='bbox 2795 2703 3204 2773; x_wconf 82' lang='lat' dir='ltr'><strong>persequendos</strong></span> <span class='ocrx_word' id='word_1_487' title='bbox 3252 2715 3349 2755; x_wconf 87' lang='lat' dir='ltr'><strong>eos</strong></span> <span class='ocrx_word' id='word_1_488' title='bbox 3387 2700 3656 2754; x_wconf 83' lang='lat' dir='ltr'><strong>incitavit.</strong></span> 
     </span>
    </p>
   </div>
   <div class='ocr_carea' id='block_1_73' title="bbox 2087 2791 3659 2863">
    <p class='ocr_par' dir='ltr' id='par_1_73' title="bbox 2087 2791 3659 2863">
     <span class='ocr_line' id='line_1_73' title="bbox 2087 2791 3659 2863; baseline 0 -21"><span class='ocrx_word' id='word_1_489' title='bbox 2087 2791 2280 2846; x_wconf 75' lang='lat' dir='ltr'><strong>Verum</strong></span> <span class='ocrx_word' id='word_1_490' title='bbox 2317 2794 2391 2846; x_wconf 82' lang='lat' dir='ltr'><strong>illi</strong></span> <span class='ocrx_word' id='word_1_491' title='bbox 2435 2803 2770 2863; x_wconf 82' lang='lat' dir='ltr'><strong>occupantes</strong></span> <span class='ocrx_word' id='word_1_492' title='bbox 2817 2794 3162 2848; x_wconf 70' lang='lat' dir='ltr'><strong>velocissimo</strong></span> <span class='ocrx_word' id='word_1_493' title='bbox 3191 2806 3458 2863; x_wconf 82' lang='lat' dir='ltr'><strong>equorum</strong></span> <span class='ocrx_word' id='word_1_494' title='bbox 3490 2805 3659 2844; x_wconf 88' lang='lat' dir='ltr'><strong>cursu</strong></span> 
     </span>
    </p>
   </div>
   <div class='ocr_carea' id='block_1_74' title="bbox 2084 2869 3658 2953">
    <p class='ocr_par' dir='ltr' id='par_1_74' title="bbox 2084 2869 3658 2953">
     <span class='ocr_line' id='line_1_74' title="bbox 2084 2869 3658 2953; baseline -0.001 -18"><span class='ocrx_word' id='word_1_495' title='bbox 2084 2884 2136 2936; x_wconf 93' lang='lat' dir='ltr'><strong>in</strong></span> <span class='ocrx_word' id='word_1_496' title='bbox 2180 2899 2277 2936; x_wconf 90' lang='lat' dir='ltr'><strong>sua</strong></span> <span class='ocrx_word' id='word_1_497' title='bbox 2321 2891 2500 2936; x_wconf 86' lang='lat' dir='ltr'><strong>castra</strong></span> <span class='ocrx_word' id='word_1_498' title='bbox 2553 2884 2859 2938; x_wconf 88' lang='lat' dir='ltr'><strong>incolumes</strong></span> <span class='ocrx_word' id='word_1_499' title='bbox 2917 2899 2977 2937; x_wconf 85' lang='lat' dir='ltr'><strong>se</strong></span> <span class='ocrx_word' id='word_1_500' title='bbox 3020 2869 3322 2953; x_wconf 86' lang='lat' dir='ltr'><strong>recepere,</strong></span> <span class='ocrx_word' id='word_1_501' title='bbox 3375 2882 3451 2953; x_wconf 91' lang='lat' dir='ltr'><strong>(et</strong></span> <span class='ocrx_word' id='word_1_502' title='bbox 3506 2882 3658 2934; x_wconf 87' lang='lat' dir='ltr'><strong>illinc</strong></span> 
     </span>
    </p>
   </div>
   <div class='ocr_carea' id='block_1_75' title="bbox 2083 2971 3657 3042">
    <p class='ocr_par' dir='ltr' id='par_1_75' title="bbox 2083 2971 3657 3042">
     <span class='ocr_line' id='line_1_75' title="bbox 2083 2971 3657 3042; baseline -0.001 -18"><span class='ocrx_word' id='word_1_503' title='bbox 2083 2973 2309 3042; x_wconf 80' lang='lat' dir='ltr'><strong>profecti</strong></span> <span class='ocrx_word' id='word_1_504' title='bbox 2344 2982 2490 3027; x_wconf 80' lang='lat' dir='ltr'><strong>recta</strong></span> <span class='ocrx_word' id='word_1_505' title='bbox 2525 2974 2588 3028; x_wconf 70' lang='lat' dir='ltr'><strong>at!</strong></span> <span class='ocrx_word' id='word_1_506' title='bbox 2633 2975 2831 3027; x_wconf 70' lang='lat' dir='ltr'><strong>Ameb</strong></span> <span class='ocrx_word' id='word_1_507' title='bbox 2863 2974 3286 3040; x_wconf 87' lang='lat' dir='ltr'><strong>contenderunt)</strong></span> <span class='ocrx_word' id='word_1_508' title='bbox 3318 2971 3464 3042; x_wconf 90' lang='lat' dir='ltr'><strong>quod</strong></span> <span class='ocrx_word' id='word_1_509' title='bbox 3495 2971 3657 3039; x_wconf 63' lang='grc' dir='ltr'>οριιία</span> 
     </span>
    </p>
   </div>
   <div class='ocr_carea' id='block_1_76' title="bbox 2078 3059 3652 3132">
    <p class='ocr_par' dir='ltr' id='par_1_76' title="bbox 2078 3059 3652 3132">
     <span class='ocr_line' id='line_1_76' title="bbox 2078 3059 3652 3132; baseline -0.003 -16"><span class='ocrx_word' id='word_1_510' title='bbox 2078 3064 2206 3116; x_wconf 90' lang='lat' dir='ltr'><strong>dum</strong></span> <span class='ocrx_word' id='word_1_511' title='bbox 2275 3064 2502 3131; x_wconf 80' lang='lat' dir='ltr'><strong>expulso</strong></span> <span class='ocrx_word' id='word_1_512' title='bbox 2549 3065 2769 3132; x_wconf 89' lang='lat' dir='ltr'><strong>pr0prio</strong></span> <span class='ocrx_word' id='word_1_513' title='bbox 2825 3064 2964 3118; x_wconf 88' lang='lat' dir='ltr'><strong>duce</strong></span> <span class='ocrx_word' id='word_1_514' title='bbox 3009 3063 3334 3118; x_wconf 87' lang='lat' dir='ltr'><strong>obtinebant</strong></span> <span class='ocrx_word' id='word_1_515' title='bbox 3375 3059 3652 3114; x_wconf 81' lang='lat' dir='ltr'><strong>Saraceni.</strong></span> 
     </span>
    </p>
   </div>
   <div class='ocr_carea' id='block_1_77' title="bbox 2083 3153 3654 3223">
    <p class='ocr_par' dir='ltr' id='par_1_77' title="bbox 2083 3153 3654 3223">
     <span class='ocr_line' id='line_1_77' title="bbox 2083 3153 3654 3223; baseline -0.003 -16"><span class='ocrx_word' id='word_1_516' title='bbox 2083 3153 2468 3207; x_wconf 75' lang='lat' dir='ltr'><strong>Verumtamen</strong></span> <span class='ocrx_word' id='word_1_517' title='bbox 2505 3169 2722 3207; x_wconf 89' lang='lat' dir='ltr'><strong>rursum</strong></span> <span class='ocrx_word' id='word_1_518' title='bbox 2769 3154 2979 3223; x_wconf 87' lang='lat' dir='ltr'><strong>fugiunt</strong></span> <span class='ocrx_word' id='word_1_519' title='bbox 3011 3155 3104 3223; x_wconf 92' lang='lat' dir='ltr'><strong>qui</strong></span> <span class='ocrx_word' id='word_1_520' title='bbox 3151 3153 3285 3208; x_wconf 90' lang='lat' dir='ltr'><strong>illud</strong></span> <span class='ocrx_word' id='word_1_521' title='bbox 3315 3153 3654 3213; x_wconf 84' lang='lat' dir='ltr'><strong>tutabantur,</strong></span> 
     </span>
    </p>
   </div>
   <div class='ocr_carea' id='block_1_78' title="bbox 2081 3243 3657 3312">
    <p class='ocr_par' dir='ltr' id='par_1_78' title="bbox 2081 3243 3657 3312">
     <span class='ocr_line' id='line_1_78' title="bbox 2081 3243 3657 3312; baseline -0.003 -16"><span class='ocrx_word' id='word_1_522' title='bbox 2081 3252 2136 3296; x_wconf 91' lang='lat' dir='ltr'><strong>et</strong></span> <span class='ocrx_word' id='word_1_523' title='bbox 2163 3243 2474 3312; x_wconf 83' lang='lat' dir='ltr'><strong>imperatori</strong></span> <span class='ocrx_word' id='word_1_524' title='bbox 2523 3259 2681 3298; x_wconf 91' lang='lat' dir='ltr'><strong>suum</strong></span> <span class='ocrx_word' id='word_1_525' title='bbox 2732 3255 3043 3298; x_wconf 81' lang='lat' dir='ltr'><strong>reservatur</strong></span> <span class='ocrx_word' id='word_1_526' title='bbox 3072 3244 3411 3312; x_wconf 88' lang='lat' dir='ltr'><strong>oppidulum,</strong></span> <span class='ocrx_word' id='word_1_527' title='bbox 3449 3243 3500 3294; x_wconf 93' lang='lat' dir='ltr'><strong>in</strong></span> <span class='ocrx_word' id='word_1_528' title='bbox 3546 3256 3657 3310; x_wconf 88' lang='lat' dir='ltr'><strong>quo</strong></span> 
     </span>
    </p>
   </div>
   <div class='ocr_carea' id='block_1_79' title="bbox 2081 3332 3656 3404">
    <p class='ocr_par' dir='ltr' id='par_1_79' title="bbox 2081 3332 3656 3404">
     <span class='ocr_line' id='line_1_79' title="bbox 2081 3332 3656 3404; baseline -0.001 -20"><span class='ocrx_word' id='word_1_529' title='bbox 2081 3335 2334 3404; x_wconf 78' lang='lat' dir='ltr'><strong>p::esidio</strong></span> <span class='ocrx_word' id='word_1_530' title='bbox 2360 3336 2633 3404; x_wconf 80' lang='lat' dir='ltr'><strong>imposito,</strong></span> <span class='ocrx_word' id='word_1_531' title='bbox 2659 3343 2714 3390; x_wconf 91' lang='lat' dir='ltr'><strong>et</strong></span> <span class='ocrx_word' id='word_1_532' title='bbox 2746 3335 2940 3389; x_wconf 89' lang='lat' dir='ltr'><strong>idoneo</strong></span> <span class='ocrx_word' id='word_1_533' title='bbox 2967 3344 3276 3389; x_wconf 90' lang='lat' dir='ltr'><strong>commeatu</strong></span> <span class='ocrx_word' id='word_1_534' title='bbox 3305 3332 3486 3386; x_wconf 88' lang='lat' dir='ltr'><strong>omnia</strong></span> <span class='ocrx_word' id='word_1_535' title='bbox 3516 3340 3656 3384; x_wconf 89' lang='lat' dir='ltr'><strong>tem-</strong></span> 
     </span>
    </p>
   </div>
   <div class='ocr_carea' id='block_1_80' title="bbox 2080 3421 3658 3493">
    <p class='ocr_par' dir='ltr' id='par_1_80' title="bbox 2080 3421 3658 3493">
     <span class='ocr_line' id='line_1_80' title="bbox 2080 3421 3658 3493; baseline -0.003 -19"><span class='ocrx_word' id='word_1_536' title='bbox 2080 3424 2197 3492; x_wconf 81' lang='lat' dir='ltr'><strong>pori</strong></span> <span class='ocrx_word' id='word_1_537' title='bbox 2235 3437 2540 3492; x_wconf 77' lang='lat' dir='ltr'><strong>Opportuna</strong></span> <span class='ocrx_word' id='word_1_538' title='bbox 2604 3424 2897 3492; x_wconf 82' lang='lat' dir='ltr'><strong>disposuit.</strong></span> <span class='ocrx_word' id='word_1_539' title='bbox 2959 3423 3077 3493; x_wconf 90' lang='lat' dir='ltr'><strong>lpso</strong></span> <span class='ocrx_word' id='word_1_540' title='bbox 3129 3424 3294 3493; x_wconf 77' lang='lat' dir='ltr'><strong>igitur</strong></span> <span class='ocrx_word' id='word_1_541' title='bbox 3351 3421 3658 3488; x_wconf 85' lang='lat' dir='ltr'><strong>imperante</strong></span> 
     </span>
    </p>
   </div>
   <div class='ocr_carea' id='block_1_81' title="bbox 2081 3512 3656 3582">
    <p class='ocr_par' dir='ltr' id='par_1_81' title="bbox 2081 3512 3656 3582">
     <span class='ocr_line' id='line_1_81' title="bbox 2081 3512 3656 3582; baseline -0.003 -15"><span class='ocrx_word' id='word_1_542' title='bbox 2081 3527 2363 3582; x_wconf 79' lang='lat' dir='ltr'><strong>coeperunt</strong></span> <span class='ocrx_word' id='word_1_543' title='bbox 2400 3515 2630 3567; x_wconf 73' lang='lat' dir='ltr'><strong>ltotnani</strong></span> <span class='ocrx_word' id='word_1_544' title='bbox 2664 3515 2928 3569; x_wconf 90' lang='lat' dir='ltr'><strong>audacter</strong></span> <span class='ocrx_word' id='word_1_545' title='bbox 2983 3515 3170 3568; x_wconf 86' lang='lat' dir='ltr'><strong>hostes</strong></span> <span class='ocrx_word' id='word_1_546' title='bbox 3219 3512 3423 3566; x_wconf 92' lang='lat' dir='ltr'><strong>intueri</strong></span> <span class='ocrx_word' id='word_1_547' title='bbox 3460 3520 3515 3565; x_wconf 90' lang='lat' dir='ltr'><strong>et</strong></span> <span class='ocrx_word' id='word_1_548' title='bbox 3546 3512 3656 3563; x_wconf 60' lang='lat' dir='ltr'><strong>vir»</strong></span> 
     </span>
    </p>
   </div>
   <div class='ocr_carea' id='block_1_82' title="bbox 2085 3600 3656 3659">
    <p class='ocr_par' dir='ltr' id='par_1_82' title="bbox 2085 3600 3656 3659">
     <span class='ocr_line' id='line_1_82' title="bbox 2085 3600 3656 3659; baseline -0.002 -2"><span class='ocrx_word' id='word_1_549' title='bbox 2085 3607 2213 3658; x_wconf 85' lang='lat' dir='ltr'><strong>tutis</strong></span> <span class='ocrx_word' id='word_1_550' title='bbox 2239 3620 2509 3659; x_wconf 89' lang='lat' dir='ltr'><strong>memores</strong></span> <span class='ocrx_word' id='word_1_551' title='bbox 2545 3621 2668 3659; x_wconf 90' lang='lat' dir='ltr'><strong>esse</strong></span> <span class='ocrx_word' id='word_1_552' title='bbox 2728 3620 2791 3659; x_wconf 89' lang='lat' dir='ltr'><strong>ac</strong></span> <span class='ocrx_word' id='word_1_553' title='bbox 2846 3605 3197 3659; x_wconf 89' lang='lat' dir='ltr'><strong>strenuitatis</strong></span> <span class='ocrx_word' id='word_1_554' title='bbox 3253 3603 3521 3656; x_wconf 88' lang='lat' dir='ltr'><strong>rationem</strong></span> <span class='ocrx_word' id='word_1_555' title='bbox 3557 3600 3656 3654; x_wconf 89' lang='lat' dir='ltr'><strong>ba-</strong></span> 
     </span>
    </p>
   </div>
   <div class='ocr_carea' id='block_1_83' title="bbox 2082 3694 3657 3766">
    <p class='ocr_par' dir='ltr' id='par_1_83' title="bbox 2082 3694 3657 3766">
     <span class='ocr_line' id='line_1_83' title="bbox 2082 3694 3657 3766; baseline -0.002 -15"><span class='ocrx_word' id='word_1_556' title='bbox 2082 3699 2207 3750; x_wconf 87' lang='lat' dir='ltr'><strong>bere</strong></span> <span class='ocrx_word' id='word_1_557' title='bbox 2233 3704 2286 3748; x_wconf 91' lang='lat' dir='ltr'><strong>et</strong></span> <span class='ocrx_word' id='word_1_558' title='bbox 2319 3697 2565 3751; x_wconf 79' lang='lat' dir='ltr'><strong>adversis</strong></span> <span class='ocrx_word' id='word_1_559' title='bbox 2611 3699 2938 3762; x_wconf 89' lang='lat' dir='ltr'><strong>consistere,</strong></span> <span class='ocrx_word' id='word_1_560' title='bbox 2989 3694 3435 3766; x_wconf 86' lang='lat' dir='ltr'><strong>quandoquidem</strong></span> <span class='ocrx_word' id='word_1_561' title='bbox 3496 3708 3657 3762; x_wconf 79' lang='lat' dir='ltr'><strong>supe-</strong></span> 
     </span>
    </p>
   </div>
   <div class='ocr_carea' id='block_1_84' title="bbox 2083 3787 3652 3857">
    <p class='ocr_par' dir='ltr' id='par_1_84' title="bbox 2083 3787 3652 3857">
     <span class='ocr_line' id='line_1_84' title="bbox 2083 3787 3652 3857; baseline -0.003 -17"><span class='ocrx_word' id='word_1_562' title='bbox 2083 3789 2317 3841; x_wconf 85' lang='lat' dir='ltr'><strong>rioribus</strong></span> <span class='ocrx_word' id='word_1_563' title='bbox 2367 3787 2814 3853; x_wconf 84' lang='lat' dir='ltr'><strong>imperatoribus,</strong></span> <span class='ocrx_word' id='word_1_564' title='bbox 2840 3788 2931 3857; x_wconf 91' lang='lat' dir='ltr'><strong>qui</strong></span> <span class='ocrx_word' id='word_1_565' title='bbox 2971 3787 3220 3857; x_wconf 82' lang='lat' dir='ltr'><strong>proxime</strong></span> <span class='ocrx_word' id='word_1_566' title='bbox 3271 3792 3652 3855; x_wconf 81' lang='lat' dir='ltr'><strong>regnaverant,</strong></span> 
     </span>
    </p>
   </div>
   <div class='ocr_carea' id='block_1_85' title="bbox 2083 3877 3653 3947">
    <p class='ocr_par' dir='ltr' id='par_1_85' title="bbox 2083 3877 3653 3947">
     <span class='ocr_line' id='line_1_85' title="bbox 2083 3877 3653 3947; baseline 0.001 -15"><span class='ocrx_word' id='word_1_567' title='bbox 2083 3894 2188 3932; x_wconf 93' lang='lat' dir='ltr'><strong>una</strong></span> <span class='ocrx_word' id='word_1_568' title='bbox 2241 3887 2464 3947; x_wconf 75' lang='lat' dir='ltr'><strong>excepta</strong></span> <span class='ocrx_word' id='word_1_569' title='bbox 2518 3881 2888 3934; x_wconf 88' lang='lat' dir='ltr'><strong>ostentatione</strong></span> <span class='ocrx_word' id='word_1_570' title='bbox 2944 3893 2992 3932; x_wconf 82' lang='lat' dir='ltr'><strong>e:</strong></span> <span class='ocrx_word' id='word_1_571' title='bbox 3061 3888 3249 3933; x_wconf 90' lang='lat' dir='ltr'><strong>coacta</strong></span> <span class='ocrx_word' id='word_1_572' title='bbox 3281 3877 3653 3943; x_wconf 86' lang='lat' dir='ltr'><strong>multitudine,</strong></span> 
     </span>
    </p>
   </div>
   <div class='ocr_carea' id='block_1_86' title="bbox 2082 3969 3655 4042">
    <p class='ocr_par' dir='ltr' id='par_1_86' title="bbox 2082 3969 3655 4042">
     <span class='ocr_line' id='line_1_86' title="bbox 2082 3969 3655 4042; baseline -0.001 -18"><span class='ocrx_word' id='word_1_573' title='bbox 2082 3975 2222 4024; x_wconf 44' lang='lat' dir='ltr'><strong>nam.</strong></span> <span class='ocrx_word' id='word_1_574' title='bbox 2264 3972 2313 4023; x_wconf 81' lang='lat' dir='ltr'><strong>in</strong></span> <span class='ocrx_word' id='word_1_575' title='bbox 2375 3986 2433 4024; x_wconf 89' lang='lat' dir='ltr'><strong>re</strong></span> <span class='ocrx_word' id='word_1_576' title='bbox 2491 3970 2664 4026; x_wconf 78' lang='lat' dir='ltr'><strong>fortes</strong></span> <span class='ocrx_word' id='word_1_577' title='bbox 2699 3988 2758 4025; x_wconf 85' lang='lat' dir='ltr'><strong>se</strong></span> <span class='ocrx_word' id='word_1_578' title='bbox 2785 3972 2849 4024; x_wconf 87' lang='lat' dir='ltr'><strong>ad</strong></span> <span class='ocrx_word' id='word_1_579' title='bbox 2894 3986 3128 4042; x_wconf 86' lang='lat' dir='ltr'><strong>pugnam</strong></span> <span class='ocrx_word' id='word_1_580' title='bbox 3161 3969 3538 4038; x_wconf 61' lang='lat' dir='ltr'><strong>praebuerant;</strong></span> <span class='ocrx_word' id='word_1_581' title='bbox 3580 3971 3655 4024; x_wconf 88' lang='lat' dir='ltr'><strong>ita</strong></span> 
     </span>
    </p>
   </div>
   <div class='ocr_carea' id='block_1_87' title="bbox 2078 4062 3655 4132">
    <p class='ocr_par' dir='ltr' id='par_1_87' title="bbox 2078 4062 3655 4132">
     <span class='ocr_line' id='line_1_87' title="bbox 2078 4062 3655 4132; baseline 0 -17"><span class='ocrx_word' id='word_1_582' title='bbox 2078 4069 2137 4115; x_wconf 93' lang='lat' dir='ltr'><strong>ut</strong></span> <span class='ocrx_word' id='word_1_583' title='bbox 2164 4064 2510 4131; x_wconf 81' lang='lat' dir='ltr'><strong>perspicuum</strong></span> <span class='ocrx_word' id='word_1_584' title='bbox 2563 4063 2632 4116; x_wconf 89' lang='lat' dir='ltr'><strong>sit</strong></span> <span class='ocrx_word' id='word_1_585' title='bbox 2685 4062 2843 4116; x_wconf 81' lang='lat' dir='ltr'><strong>ducis</strong></span> <span class='ocrx_word' id='word_1_586' title='bbox 2893 4063 3064 4130; x_wconf 83' lang='lat' dir='ltr'><strong>ipsws</strong></span> <span class='ocrx_word' id='word_1_587' title='bbox 3096 4076 3219 4116; x_wconf 86' lang='lat' dir='ltr'><strong>esse</strong></span> <span class='ocrx_word' id='word_1_588' title='bbox 3259 4071 3316 4116; x_wconf 94' lang='lat' dir='ltr'><strong>ut</strong></span> <span class='ocrx_word' id='word_1_589' title='bbox 3359 4062 3655 4132; x_wconf 89' lang='lat' dir='ltr'><strong>plurimum</strong></span> 
     </span>
    </p>
   </div>
   <div class='ocr_carea' id='block_1_88' title="bbox 2078 4152 3655 4222">
    <p class='ocr_par' dir='ltr' id='par_1_88' title="bbox 2078 4152 3655 4222">
     <span class='ocr_line' id='line_1_88' title="bbox 2078 4152 3655 4222; baseline 0.001 -18"><span class='ocrx_word' id='word_1_590' title='bbox 2078 4167 2396 4222; x_wconf 74' lang='lat' dir='ltr'><strong>prOSpCl‘Ulll</strong></span> <span class='ocrx_word' id='word_1_591' title='bbox 2450 4168 2626 4205; x_wconf 75' lang='lat' dir='ltr'><strong>rerum</strong></span> <span class='ocrx_word' id='word_1_592' title='bbox 2663 4168 2976 4207; x_wconf 70' lang='lat' dir='ltr'><strong>successum:</strong></span> <span class='ocrx_word' id='word_1_593' title='bbox 3055 4154 3188 4206; x_wconf 80' lang='lat' dir='ltr'><strong>Cum</strong></span> <span class='ocrx_word' id='word_1_594' title='bbox 3219 4167 3361 4209; x_wconf 72' lang='lat' dir='ltr'><strong>vero</strong></span> <span class='ocrx_word' id='word_1_595' title='bbox 3385 4152 3510 4206; x_wconf 89' lang='lat' dir='ltr'><strong>inde</strong></span> <span class='ocrx_word' id='word_1_596' title='bbox 3544 4167 3655 4206; x_wconf 89' lang='lat' dir='ltr'><strong>non</strong></span> 
     </span>
    </p>
   </div>
   <div class='ocr_carea' id='block_1_89' title="bbox 2079 4243 3654 4315">
    <p class='ocr_par' dir='ltr' id='par_1_89' title="bbox 2079 4243 3654 4315">
     <span class='ocr_line' id='line_1_89' title="bbox 2079 4243 3654 4315; baseline -0.001 -17"><span class='ocrx_word' id='word_1_597' title='bbox 2079 4245 2347 4312; x_wconf 71' lang='lat' dir='ltr'><strong>potuisset</strong></span> <span class='ocrx_word' id='word_1_598' title='bbox 2407 4245 2706 4310; x_wconf 76' lang='lat' dir='ltr'><strong>imperator</strong></span> <span class='ocrx_word' id='word_1_599' title='bbox 2759 4244 3107 4299; x_wconf 74' lang='lat' dir='ltr'><strong>Antiochiam</strong></span> <span class='ocrx_word' id='word_1_600' title='bbox 3157 4244 3351 4300; x_wconf 83' lang='lat' dir='ltr'><strong>reverti</strong></span> <span class='ocrx_word' id='word_1_601' title='bbox 3386 4243 3654 4315; x_wconf 79' lang='lat' dir='ltr'><strong>(confecta</strong></span> 
     </span>
    </p>
   </div>
   <div class='ocr_carea' id='block_1_90' title="bbox 2078 4334 3652 4405">
    <p class='ocr_par' dir='ltr' id='par_1_90' title="bbox 2078 4334 3652 4405">
     <span class='ocr_line' id='line_1_90' title="bbox 2078 4334 3652 4405; baseline -0.001 -16"><span class='ocrx_word' id='word_1_602' title='bbox 2078 4338 2222 4389; x_wconf 89' lang='lat' dir='ltr'><strong>enim</strong></span> <span class='ocrx_word' id='word_1_603' title='bbox 2291 4347 2406 4391; x_wconf 86' lang='lat' dir='ltr'><strong>erat</strong></span> <span class='ocrx_word' id='word_1_604' title='bbox 2454 4337 2591 4388; x_wconf 59' lang='lat' dir='ltr'><strong>fama</strong></span> <span class='ocrx_word' id='word_1_605' title='bbox 2663 4336 2940 4405; x_wconf 62' lang='grc' dir='ltr'>ιηιιιιιιςιιε-</span> <span class='ocrx_word' id='word_1_606' title='bbox 3009 4335 3338 4403; x_wconf 73' lang='lat' dir='ltr'><strong>vexatione),</strong></span> <span class='ocrx_word' id='word_1_607' title='bbox 3379 4334 3652 4404; x_wconf 84' lang='lat' dir='ltr'><strong>superatis</strong></span> 
     </span>
    </p>
   </div>
   <div class='ocr_carea' id='block_1_91' title="bbox 2081 4426 3652 4496">
    <p class='ocr_par' dir='ltr' id='par_1_91' title="bbox 2081 4426 3652 4496">
     <span class='ocr_line' id='line_1_91' title="bbox 2081 4426 3652 4496; baseline 0 -16"><span class='ocrx_word' id='word_1_608' title='bbox 2081 4428 2311 4480; x_wconf 83' lang='lat' dir='ltr'><strong>saltibus</strong></span> <span class='ocrx_word' id='word_1_609' title='bbox 2347 4436 2400 4482; x_wconf 88' lang='lat' dir='ltr'><strong>et</strong></span> <span class='ocrx_word' id='word_1_610' title='bbox 2435 4429 2765 4496; x_wconf 74' lang='lat' dir='ltr'><strong>quibusdam</strong></span> <span class='ocrx_word' id='word_1_611' title='bbox 2817 4442 3067 4480; x_wconf 76' lang='lat' dir='ltr'><strong>iocorum</strong></span> <span class='ocrx_word' id='word_1_612' title='bbox 3111 4428 3386 4496; x_wconf 84' lang='lat' dir='ltr'><strong>angustiis</strong></span> <span class='ocrx_word' id='word_1_613' title='bbox 3424 4426 3652 4480; x_wconf 88' lang='lat' dir='ltr'><strong>minime</strong></span> 
     </span>
    </p>
   </div>
   <div class='ocr_carea' id='block_1_92' title="bbox 403 4515 2150 4592">
    <p class='ocr_par' dir='ltr' id='par_1_92' title="bbox 403 4518 2146 4592">
     <span class='ocr_line' id='line_1_92' title="bbox 403 4518 2146 4592; baseline 0.005 -23"><span class='ocrx_word' id='word_1_614' title='bbox 403 4519 660 4585; x_wconf 82' lang='grc' dir='ltr'>πόλισμα.</span> <span class='ocrx_word' id='word_1_615' title='bbox 691 4518 936 4588; x_wconf 79' lang='grc' dir='ltr'>Φρουρὰν</span> <span class='ocrx_word' id='word_1_616' title='bbox 966 4518 1058 4571; x_wconf 75' lang='grc' dir='ltr'><strong>οὖν</strong></span> <span class='ocrx_word' id='word_1_617' title='bbox 1084 4519 1139 4571; x_wconf 84' lang='grc' dir='ltr'>ὲν</span> <span class='ocrx_word' id='word_1_618' title='bbox 1185 4519 1331 4586; x_wconf 75' lang='grc' dir='ltr'>αὐτῷ</span> <span class='ocrx_word' id='word_1_619' title='bbox 1361 4519 1538 4588; x_wconf 84' lang='grc' dir='ltr'>βαλὼν</span> <span class='ocrx_word' id='word_1_620' title='bbox 1600 4522 1695 4574; x_wconf 74' lang='grc' dir='ltr'><strong>καὶ</strong></span> <span class='ocrx_word' id='word_1_621' title='bbox 1739 4523 1976 4592; x_wconf 80' lang='grc' dir='ltr'>σιτήσεις</span> <span class='ocrx_word' id='word_1_622' title='bbox 2012 4522 2052 4576; x_wconf 90' lang='lat' dir='ltr'><strong>D</strong></span> <span class='ocrx_word' id='word_1_623' title='bbox 2082 4532 2146 4585; x_wconf 77' lang='lat' dir='ltr'><strong>De</strong></span> 
     </span>
    </p>
   </div>
   <div class='ocr_carea' id='block_1_93' title="bbox 1904 4515 3651 4592">
    <p class='ocr_par' dir='ltr' id='par_1_93' title="bbox 1904 4515 3651 4585">
     <span class='ocr_line' id='line_1_93' title="bbox 1904 4515 3651 4585; baseline -0.002 -12"><span class='ocrx_word' id='word_1_624' title='bbox 1904 4539 1976 4584; x_wconf 84' lang='grc' dir='ltr'><strong>εις</strong></span> <span class='ocrx_word' id='word_1_625' title='bbox 2012 4522 2052 4576; x_wconf 90' lang='lat' dir='ltr'>D</span> <span class='ocrx_word' id='word_1_626' title='bbox 2082 4519 2283 4585; x_wconf 76' lang='lat' dir='ltr'><strong>perviis</strong></span> <span class='ocrx_word' id='word_1_627' title='bbox 2315 4517 2378 4569; x_wconf 91' lang='lat' dir='ltr'><strong>ad</strong></span> <span class='ocrx_word' id='word_1_628' title='bbox 2412 4518 2600 4570; x_wconf 89' lang='lat' dir='ltr'><strong>urbem</strong></span> <span class='ocrx_word' id='word_1_629' title='bbox 2633 4516 2837 4570; x_wconf 73' lang='lat' dir='ltr'><strong>Cilicia:</strong></span> <span class='ocrx_word' id='word_1_630' title='bbox 2869 4517 3306 4572; x_wconf 79' lang='lat' dir='ltr'><strong>Alexandronam</strong></span> <span class='ocrx_word' id='word_1_631' title='bbox 3347 4515 3566 4569; x_wconf 87' lang='lat' dir='ltr'><strong>nomine</strong></span> <span class='ocrx_word' id='word_1_632' title='bbox 3593 4531 3651 4569; x_wconf 89' lang='lat' dir='ltr'><strong>se</strong></span> 
     </span>
    </p>
   </div>
   <div class='ocr_carea' id='block_1_94' title="bbox 401 4607 1971 4683">
    <p class='ocr_par' dir='ltr' id='par_1_94' title="bbox 401 4607 1971 4683">
     <span class='ocr_line' id='line_1_94' title="bbox 401 4607 1971 4683; baseline 0.003 -22"><span class='ocrx_word' id='word_1_633' title='bbox 401 4607 727 4677; x_wconf 81' lang='grc' dir='ltr'>ἀποχρώσας</span> <span class='ocrx_word' id='word_1_634' title='bbox 761 4609 1173 4677; x_wconf 80' lang='grc' dir='ltr'>ὲναποθέμενος,</span> <span class='ocrx_word' id='word_1_635' title='bbox 1204 4611 1379 4664; x_wconf 79' lang='grc' dir='ltr'>πάντα</span> <span class='ocrx_word' id='word_1_636' title='bbox 1409 4611 1478 4663; x_wconf 85' lang='grc' dir='ltr'><strong>τά</strong></span> <span class='ocrx_word' id='word_1_637' title='bbox 1509 4611 1582 4681; x_wconf 81' lang='grc' dir='ltr'>τῷ</span> <span class='ocrx_word' id='word_1_638' title='bbox 1608 4614 1781 4681; x_wconf 74' lang='grc' dir='ltr'>καιρῷ</span> <span class='ocrx_word' id='word_1_639' title='bbox 1805 4614 1971 4683; x_wconf 81' lang='grc' dir='ltr'>πρόσ-</span> 
     </span>
    </p>
   </div>
   <div class='ocr_carea' id='block_1_95' title="bbox 400 4697 1972 4770">
    <p class='ocr_par' dir='ltr' id='par_1_95' title="bbox 400 4697 1972 4770">
     <span class='ocr_line' id='line_1_95' title="bbox 400 4697 1972 4770; baseline 0.002 -20"><span class='ocrx_word' id='word_1_640' title='bbox 400 4715 542 4766; x_wconf 72' lang='grc' dir='ltr'>φορα</span> <span class='ocrx_word' id='word_1_641' title='bbox 574 4697 876 4760; x_wconf 78' lang='grc' dir='ltr'>διετάξατο.</span> <span class='ocrx_word' id='word_1_642' title='bbox 942 4698 1059 4750; x_wconf 83' lang='grc' dir='ltr'><strong>Ἐπ’</strong></span> <span class='ocrx_word' id='word_1_643' title='bbox 1103 4699 1268 4751; x_wconf 74' lang='grc' dir='ltr'>αὑτοῦ</span> <span class='ocrx_word' id='word_1_644' title='bbox 1334 4700 1514 4753; x_wconf 84' lang='grc' dir='ltr'>τοίνυν</span> <span class='ocrx_word' id='word_1_645' title='bbox 1560 4700 1652 4752; x_wconf 76' lang='grc' dir='ltr'>τοῦ</span> <span class='ocrx_word' id='word_1_646' title='bbox 1708 4701 1972 4770; x_wconf 85' lang='grc' dir='ltr'>βασιλέως</span> 
     </span>
    </p>
   </div>
   <div class='ocr_carea' id='block_1_96' title="bbox 399 4788 1974 4861">
    <p class='ocr_par' dir='ltr' id='par_1_96' title="bbox 399 4788 1974 4861">
     <span class='ocr_line' id='line_1_96' title="bbox 399 4788 1974 4861; baseline 0.004 -22"><span class='ocrx_word' id='word_1_647' title='bbox 399 4788 634 4857; x_wconf 67' lang='grc' dir='ltr'>ἤρξαντο</span> <span class='ocrx_word' id='word_1_648' title='bbox 682 4789 941 4858; x_wconf 84' lang='grc' dir='ltr'>Ῥωμαῖοι</span> <span class='ocrx_word' id='word_1_649' title='bbox 977 4789 1432 4859; x_wconf 78' lang='grc' dir='ltr'>ἀντοφθαλμίζειν</span> <span class='ocrx_word' id='word_1_650' title='bbox 1460 4792 1554 4844; x_wconf 66' lang='grc' dir='ltr'>καὶ</span> <span class='ocrx_word' id='word_1_651' title='bbox 1598 4793 1732 4861; x_wconf 84' lang='grc' dir='ltr'>πρὸς</span> <span class='ocrx_word' id='word_1_652' title='bbox 1762 4792 1822 4844; x_wconf 78' lang='grc' dir='ltr'>τὸ</span> <span class='ocrx_word' id='word_1_653' title='bbox 1851 4809 1974 4859; x_wconf 75' lang='grc' dir='ltr'>γενο</span> 
     </span>
    </p>
   </div>
   <div class='ocr_carea' id='block_1_97' title="bbox 397 4879 1973 4953">
    <p class='ocr_par' dir='ltr' id='par_1_97' title="bbox 397 4879 1973 4953">
     <span class='ocr_line' id='line_1_97' title="bbox 397 4879 1973 4953; baseline 0.005 -26"><span class='ocrx_word' id='word_1_654' title='bbox 397 4880 680 4932; x_wconf 85' lang='grc' dir='ltr'>ναιότατον</span> <span class='ocrx_word' id='word_1_655' title='bbox 709 4879 1002 4949; x_wconf 82' lang='grc' dir='ltr'>ἀναφέρειν</span> <span class='ocrx_word' id='word_1_656' title='bbox 1061 4879 1218 4946; x_wconf 84' lang='grc' dir='ltr'>λόγον</span> <span class='ocrx_word' id='word_1_657' title='bbox 1280 4881 1374 4932; x_wconf 74' lang='grc' dir='ltr'>καὶ</span> <span class='ocrx_word' id='word_1_658' title='bbox 1432 4882 1778 4934; x_wconf 85' lang='grc' dir='ltr'>συνίστασθαι</span> <span class='ocrx_word' id='word_1_659' title='bbox 1838 4883 1973 4953; x_wconf 75' lang='grc' dir='ltr'>πρὸς</span> 
     </span>
    </p>
   </div>
   <div class='ocr_carea' id='block_1_98' title="bbox 398 4969 1968 5041">
    <p class='ocr_par' dir='ltr' id='par_1_98' title="bbox 398 4969 1968 5041">
     <span class='ocr_line' id='line_1_98' title="bbox 398 4969 1968 5041; baseline 0.003 -21"><span class='ocrx_word' id='word_1_660' title='bbox 398 4969 687 5031; x_wconf 80' lang='grc' dir='ltr'>ἀντίθεσιν,</span> <span class='ocrx_word' id='word_1_661' title='bbox 717 4970 836 5021; x_wconf 80' lang='grc' dir='ltr'>ἐπεὶ</span> <span class='ocrx_word' id='word_1_662' title='bbox 869 4969 938 5022; x_wconf 78' lang='grc' dir='ltr'><strong>τά</strong></span> <span class='ocrx_word' id='word_1_663' title='bbox 959 4986 1020 5036; x_wconf 89' lang='grc' dir='ltr'><strong>γε</strong></span> <span class='ocrx_word' id='word_1_664' title='bbox 1050 4971 1195 5022; x_wconf 84' lang='grc' dir='ltr'><strong>κατά</strong></span> <span class='ocrx_word' id='word_1_665' title='bbox 1222 4971 1347 5032; x_wconf 75' lang='grc' dir='ltr'>τοὺς</span> <span class='ocrx_word' id='word_1_666' title='bbox 1374 4972 1656 5040; x_wconf 88' lang='grc' dir='ltr'>προσεχῶς</span> <span class='ocrx_word' id='word_1_667' title='bbox 1710 4971 1968 5041; x_wconf 86' lang='grc' dir='ltr'>βασιλεύ-</span> 
     </span>
    </p>
   </div>
   <div class='ocr_carea' id='block_1_99' title="bbox 399 5061 1973 5133">
    <p class='ocr_par' dir='ltr' id='par_1_99' title="bbox 399 5061 1973 5133">
     <span class='ocr_line' id='line_1_99' title="bbox 399 5061 1973 5133; baseline 0.004 -24"><span class='ocrx_word' id='word_1_668' title='bbox 399 5076 620 5120; x_wconf 79' lang='grc' dir='ltr'>σαντας,</span> <span class='ocrx_word' id='word_1_669' title='bbox 656 5061 794 5130; x_wconf 81' lang='grc' dir='ltr'>πλὴν</span> <span class='ocrx_word' id='word_1_670' title='bbox 837 5061 1149 5125; x_wconf 77' lang='grc' dir='ltr'>ἐπιδείξεως</span> <span class='ocrx_word' id='word_1_671' title='bbox 1203 5063 1370 5130; x_wconf 82' lang='grc' dir='ltr'>μόνης</span> <span class='ocrx_word' id='word_1_672' title='bbox 1422 5063 1513 5114; x_wconf 67' lang='grc' dir='ltr'><strong>καὶ</strong></span> <span class='ocrx_word' id='word_1_673' title='bbox 1562 5063 1798 5133; x_wconf 75' lang='grc' dir='ltr'>πλήθους</span> <span class='ocrx_word' id='word_1_674' title='bbox 1850 5081 1973 5116; x_wconf 76' lang='grc' dir='ltr'>συν·</span> 
     </span>
    </p>
   </div>
   <div class='ocr_carea' id='block_1_100' title="bbox 397 5151 1970 5226">
    <p class='ocr_par' dir='ltr' id='par_1_100' title="bbox 397 5151 1970 5226">
     <span class='ocr_line' id='line_1_100' title="bbox 397 5151 1970 5226; baseline 0.002 -23"><span class='ocrx_word' id='word_1_675' title='bbox 397 5151 639 5218; x_wconf 80' lang='grc' dir='ltr'>αγωγῆς,</span> <span class='ocrx_word' id='word_1_676' title='bbox 681 5153 738 5203; x_wconf 85' lang='grc' dir='ltr'>ἐν</span> <span class='ocrx_word' id='word_1_677' title='bbox 770 5152 945 5205; x_wconf 75' lang='grc' dir='ltr'>οὐδενὶ</span> <span class='ocrx_word' id='word_1_678' title='bbox 976 5155 1258 5223; x_wconf 81' lang='grc' dir='ltr'>καρτερῶς</span> <span class='ocrx_word' id='word_1_679' title='bbox 1307 5154 1442 5225; x_wconf 80' lang='grc' dir='ltr'>πρὸς</span> <span class='ocrx_word' id='word_1_680' title='bbox 1470 5157 1649 5223; x_wconf 74' lang='grc' dir='ltr'>μάχην</span> <span class='ocrx_word' id='word_1_681' title='bbox 1707 5155 1970 5226; x_wconf 74' lang='grc' dir='ltr'>συνέρρα-</span> 
     </span>
    </p>
   </div>
   <div class='ocr_carea' id='block_1_101' title="bbox 399 5239 1966 5312">
    <p class='ocr_par' dir='ltr' id='par_1_101' title="bbox 399 5239 1966 5312">
     <span class='ocr_line' id='line_1_101' title="bbox 399 5239 1966 5312; baseline 0.005 -21"><span class='ocrx_word' id='word_1_682' title='bbox 399 5243 516 5305; x_wconf 80' lang='grc' dir='ltr'>ξαν,</span> <span class='ocrx_word' id='word_1_683' title='bbox 548 5241 623 5303; x_wconf 85' lang='grc' dir='ltr'><strong>ὡς</strong></span> <span class='ocrx_word' id='word_1_684' title='bbox 662 5239 798 5293; x_wconf 78' lang='grc' dir='ltr'>εἶναι</span> <span class='ocrx_word' id='word_1_685' title='bbox 848 5243 1006 5310; x_wconf 75' lang='grc' dir='ltr'>δῆλον</span> <span class='ocrx_word' id='word_1_686' title='bbox 1042 5245 1121 5296; x_wconf 81' lang='grc' dir='ltr'><strong>ὅτι</strong></span> <span class='ocrx_word' id='word_1_687' title='bbox 1151 5244 1242 5296; x_wconf 80' lang='grc' dir='ltr'>τοῦ</span> <span class='ocrx_word' id='word_1_688' title='bbox 1276 5246 1539 5312; x_wconf 78' lang='grc' dir='ltr'>ἡγεμόνος</span> <span class='ocrx_word' id='word_1_689' title='bbox 1571 5247 1716 5296; x_wconf 71' lang='grc' dir='ltr'>ἐστὶν</span> <span class='ocrx_word' id='word_1_690' title='bbox 1745 5245 1819 5308; x_wconf 78' lang='grc' dir='ltr'><strong>ὡς</strong></span> <span class='ocrx_word' id='word_1_691' title='bbox 1849 5248 1966 5298; x_wconf 63' lang='grc' dir='ltr'>ὲπια</span> 
     </span>
    </p>
   </div>
   <div class='ocr_carea' id='block_1_102' title="bbox 398 5332 1968 5408">
    <p class='ocr_par' dir='ltr' id='par_1_102' title="bbox 398 5332 1968 5408">
     <span class='ocr_line' id='line_1_102' title="bbox 398 5332 1968 5408; baseline 0.006 -27"><span class='ocrx_word' id='word_1_692' title='bbox 398 5349 502 5382; x_wconf 83' lang='grc' dir='ltr'><strong>παν</strong></span> <span class='ocrx_word' id='word_1_693' title='bbox 530 5332 587 5382; x_wconf 72' lang='grc' dir='ltr'><strong>τὸ</strong></span> <span class='ocrx_word' id='word_1_694' title='bbox 615 5333 1045 5401; x_wconf 67' lang='grc' dir='ltr'>κατορθούμενον</span> <span class='ocrx_word' id='word_1_695' title='bbox 1078 5337 1133 5386; x_wconf 81' lang='grc' dir='ltr'><strong>ἐν</strong></span> <span class='ocrx_word' id='word_1_696' title='bbox 1172 5337 1300 5388; x_wconf 81' lang='grc' dir='ltr'>πᾶσι</span> <span class='ocrx_word' id='word_1_697' title='bbox 1338 5340 1448 5400; x_wconf 87' lang='grc' dir='ltr'>τοῖς</span> <span class='ocrx_word' id='word_1_698' title='bbox 1497 5338 1802 5408; x_wconf 81' lang='grc' dir='ltr'>πράγμασι.</span> <span class='ocrx_word' id='word_1_699' title='bbox 1855 5338 1968 5391; x_wconf 82' lang='grc' dir='ltr'>Κά-</span> 
     </span>
    </p>
   </div>
   <div class='ocr_carea' id='block_1_103' title="bbox 399 5423 1969 5500">
    <p class='ocr_par' dir='ltr' id='par_1_103' title="bbox 399 5423 1969 5500">
     <span class='ocr_line' id='line_1_103' title="bbox 399 5423 1969 5500; baseline 0.006 -27"><span class='ocrx_word' id='word_1_700' title='bbox 399 5423 576 5474; x_wconf 79' lang='grc' dir='ltr'>κεῖθεν</span> <span class='ocrx_word' id='word_1_701' title='bbox 636 5424 711 5494; x_wconf 78' lang='grc' dir='ltr'>μὴ</span> <span class='ocrx_word' id='word_1_702' title='bbox 758 5424 1006 5496; x_wconf 81' lang='grc' dir='ltr'>δυνηθεὶς</span> <span class='ocrx_word' id='word_1_703' title='bbox 1060 5427 1088 5478; x_wconf 84' lang='grc' dir='ltr'><strong>ὁ</strong></span> <span class='ocrx_word' id='word_1_704' title='bbox 1164 5426 1420 5495; x_wconf 78' lang='grc' dir='ltr'>βασιλεὺς</span> <span class='ocrx_word' id='word_1_705' title='bbox 1478 5430 1558 5492; x_wconf 84' lang='grc' dir='ltr'><strong>είς</strong></span> <span class='ocrx_word' id='word_1_706' title='bbox 1642 5431 1969 5500; x_wconf 81' lang='grc' dir='ltr'>Ἀντιόχειαν</span> 
     </span>
    </p>
   </div>
   <div class='ocr_carea' id='block_1_104' title="bbox 400 5513 1967 5590">
    <p class='ocr_par' dir='ltr' id='par_1_104' title="bbox 400 5513 1967 5590">
     <span class='ocr_line' id='line_1_104' title="bbox 400 5513 1967 5590; baseline 0.006 -26"><span class='ocrx_word' id='word_1_707' title='bbox 400 5513 652 5566; x_wconf 84' lang='grc' dir='ltr'>ἀπελθεῖν</span> <span class='ocrx_word' id='word_1_708' title='bbox 678 5515 1175 5584; x_wconf 83' lang='grc' dir='ltr'>(προκατείργαστο</span> <span class='ocrx_word' id='word_1_709' title='bbox 1207 5519 1312 5588; x_wconf 77' lang='grc' dir='ltr'>γᾴρ</span> <span class='ocrx_word' id='word_1_710' title='bbox 1344 5519 1486 5590; x_wconf 79' lang='grc' dir='ltr'>λιμῷ</span> <span class='ocrx_word' id='word_1_711' title='bbox 1515 5537 1572 5572; x_wconf 88' lang='grc' dir='ltr'><strong>τε</strong></span> <span class='ocrx_word' id='word_1_712' title='bbox 1602 5522 1696 5574; x_wconf 77' lang='grc' dir='ltr'>καὶ</span> <span class='ocrx_word' id='word_1_713' title='bbox 1727 5521 1967 5574; x_wconf 86' lang='grc' dir='ltr'>κακώσει</span> 
     </span>
    </p>
   </div>
   <div class='ocr_carea' id='block_1_105' title="bbox 403 5600 1965 5678">
    <p class='ocr_par' dir='ltr' id='par_1_105' title="bbox 403 5600 1965 5678">
     <span class='ocr_line' id='line_1_105' title="bbox 403 5600 1965 5678; baseline 0.008 -27"><span class='ocrx_word' id='word_1_714' title='bbox 403 5600 632 5671; x_wconf 76' lang='grc' dir='ltr'>πολλῇ),</span> <span class='ocrx_word' id='word_1_715' title='bbox 693 5603 937 5675; x_wconf 77' lang='grc' dir='ltr'>ὑπερϐὰς</span> <span class='ocrx_word' id='word_1_716' title='bbox 989 5606 1236 5672; x_wconf 86' lang='grc' dir='ltr'>αὐλῶνας</span> <span class='ocrx_word' id='word_1_717' title='bbox 1293 5611 1383 5662; x_wconf 74' lang='grc' dir='ltr'><strong>καὶ</strong></span> <span class='ocrx_word' id='word_1_718' title='bbox 1443 5609 1764 5678; x_wconf 79' lang='grc' dir='ltr'>κλεισούρας</span> <span class='ocrx_word' id='word_1_719' title='bbox 1813 5611 1965 5675; x_wconf 75' lang='grc' dir='ltr'>τινὰς</span> 
     </span>
    </p>
   </div>
   <div class='ocr_carea' id='block_1_106' title="bbox 405 5691 1966 5773">
    <p class='ocr_par' dir='ltr' id='par_1_106' title="bbox 405 5691 1966 5773">
     <span class='ocr_line' id='line_1_106' title="bbox 405 5691 1966 5773; baseline 0.01 -33"><span class='ocrx_word' id='word_1_720' title='bbox 405 5691 794 5756; x_wconf 77' lang='grc' dir='ltr'>ἀδιεξοδεύτους</span> <span class='ocrx_word' id='word_1_721' title='bbox 854 5696 933 5758; x_wconf 84' lang='grc' dir='ltr'><strong>είς</strong></span> <span class='ocrx_word' id='word_1_722' title='bbox 982 5697 1134 5750; x_wconf 88' lang='grc' dir='ltr'>πόλιν</span> <span class='ocrx_word' id='word_1_723' title='bbox 1201 5699 1298 5768; x_wconf 84' lang='grc' dir='ltr'>τῆς</span> <span class='ocrx_word' id='word_1_724' title='bbox 1369 5701 1614 5766; x_wconf 80' lang='grc' dir='ltr'>Κιλικίας</span> <span class='ocrx_word' id='word_1_725' title='bbox 1667 5703 1966 5773; x_wconf 83' lang='grc' dir='ltr'>λεγομένην</span> 
     </span>
    </p>
   </div>
   <div class='ocr_carea' id='block_1_107' title="bbox 420 5779 1983 5864">
    <p class='ocr_par' dir='ltr' id='par_1_107' title="bbox 420 5779 1983 5864">
     <span class='ocr_line' id='line_1_107' title="bbox 420 5779 1983 5864; baseline 0.01 -32"><span class='ocrx_word' id='word_1_726' title='bbox 420 5779 807 5854; x_wconf 75' lang='grc' dir='ltr'>’Δλεξανδρῶνα</span> <span class='ocrx_word' id='word_1_727' title='bbox 841 5790 1101 5859; x_wconf 82' lang='grc' dir='ltr'>καταντᾷ,</span> <span class='ocrx_word' id='word_1_728' title='bbox 1136 5793 1355 5844; x_wconf 81' lang='grc' dir='ltr'>κάκεῖσε</span> <span class='ocrx_word' id='word_1_729' title='bbox 1377 5793 1462 5848; x_wconf 74' lang='grc' dir='ltr'><strong>τὸν</strong></span> <span class='ocrx_word' id='word_1_730' title='bbox 1494 5794 1712 5863; x_wconf 82' lang='grc' dir='ltr'>χάρακα</span> <span class='ocrx_word' id='word_1_731' title='bbox 1760 5797 1983 5864; x_wconf 76' lang='grc' dir='ltr'><strong>πήγνυ-¹</strong></span> 
     </span>
    </p>
   </div>
   <div class='ocr_carea' id='block_1_108' title="bbox 2084 4606 3653 4678">
    <p class='ocr_par' dir='ltr' id='par_1_108' title="bbox 2084 4606 3653 4678">
     <span class='ocr_line' id='line_1_108' title="bbox 2084 4606 3653 4678; baseline -0.003 -16"><span class='ocrx_word' id='word_1_732' title='bbox 2084 4610 2296 4678; x_wconf 89' lang='lat' dir='ltr'><strong>recipit,</strong></span> <span class='ocrx_word' id='word_1_733' title='bbox 2330 4609 2510 4678; x_wconf 84' lang='lat' dir='ltr'><strong>ibique</strong></span> <span class='ocrx_word' id='word_1_734' title='bbox 2558 4610 2758 4662; x_wconf 73' lang='lat' dir='ltr'><strong>vallum</strong></span> <span class='ocrx_word' id='word_1_735' title='bbox 2795 4610 3105 4673; x_wconf 83' lang='lat' dir='ltr'><strong>constituit,</strong></span> <span class='ocrx_word' id='word_1_736' title='bbox 3139 4618 3194 4663; x_wconf 91' lang='lat' dir='ltr'><strong>et</strong></span> <span class='ocrx_word' id='word_1_737' title='bbox 3247 4615 3484 4661; x_wconf 90' lang='lat' dir='ltr'><strong>montem</strong></span> <span class='ocrx_word' id='word_1_738' title='bbox 3511 4606 3653 4659; x_wconf 83' lang='lat' dir='ltr'><strong>Tau—</strong></span> 
     </span>
    </p>
   </div>
   <div class='ocr_carea' id='block_1_109' title="bbox 2083 4697 3653 4768">
    <p class='ocr_par' dir='ltr' id='par_1_109' title="bbox 2083 4697 3653 4768">
     <span class='ocr_line' id='line_1_109' title="bbox 2083 4697 3653 4768; baseline -0.001 -16"><span class='ocrx_word' id='word_1_739' title='bbox 2083 4715 2201 4752; x_wconf 93' lang='lat' dir='ltr'><strong>rum</strong></span> <span class='ocrx_word' id='word_1_740' title='bbox 2238 4707 2616 4768; x_wconf 78' lang='lat' dir='ltr'><strong>transgressus</strong></span> <span class='ocrx_word' id='word_1_741' title='bbox 2659 4715 2781 4754; x_wconf 90' lang='lat' dir='ltr'><strong>eum</strong></span> <span class='ocrx_word' id='word_1_742' title='bbox 2814 4701 2961 4753; x_wconf 92' lang='lat' dir='ltr'><strong>omni</strong></span> <span class='ocrx_word' id='word_1_743' title='bbox 3013 4700 3256 4754; x_wconf 82' lang='lat' dir='ltr'><strong>exercitu</strong></span> <span class='ocrx_word' id='word_1_744' title='bbox 3289 4700 3343 4752; x_wconf 93' lang='lat' dir='ltr'><strong>in</strong></span> <span class='ocrx_word' id='word_1_745' title='bbox 3375 4697 3653 4753; x_wconf 81' lang='lat' dir='ltr'><strong>Romano-</strong></span> 
     </span>
    </p>
   </div>
   <div class='ocr_carea' id='block_1_110' title="bbox 2080 4790 3649 4860">
    <p class='ocr_par' dir='ltr' id='par_1_110' title="bbox 2080 4790 3649 4860">
     <span class='ocr_line' id='line_1_110' title="bbox 2080 4790 3649 4860; baseline 0 -16"><span class='ocrx_word' id='word_1_746' title='bbox 2080 4807 2200 4844; x_wconf 88' lang='lat' dir='ltr'><strong>rum</strong></span> <span class='ocrx_word' id='word_1_747' title='bbox 2261 4792 2537 4859; x_wconf 82' lang='lat' dir='ltr'><strong>regionem</strong></span> <span class='ocrx_word' id='word_1_748' title='bbox 2579 4790 2806 4844; x_wconf 82' lang='lat' dir='ltr'><strong>invadit.</strong></span> <span class='ocrx_word' id='word_1_749' title='bbox 2864 4792 3111 4860; x_wconf 77' lang='lat' dir='ltr'><strong>Cumque</strong></span> <span class='ocrx_word' id='word_1_750' title='bbox 3169 4790 3402 4845; x_wconf 79' lang='lat' dir='ltr'><strong>conferti</strong></span> <span class='ocrx_word' id='word_1_751' title='bbox 3442 4792 3493 4842; x_wconf 92' lang='lat' dir='ltr'><strong>in</strong></span> <span class='ocrx_word' id='word_1_752' title='bbox 3531 4790 3649 4844; x_wconf 86' lang='lat' dir='ltr'><strong>loca</strong></span> 
     </span>
    </p>
   </div>
   <div class='ocr_carea' id='block_1_111' title="bbox 2081 4880 3646 4952">
    <p class='ocr_par' dir='ltr' id='par_1_111' title="bbox 2081 4880 3646 4952">
     <span class='ocr_line' id='line_1_111' title="bbox 2081 4880 3646 4952; baseline 0.001 -18"><span class='ocrx_word' id='word_1_753' title='bbox 2081 4881 2274 4951; x_wconf 78' lang='lat' dir='ltr'><strong>frigida</strong></span> <span class='ocrx_word' id='word_1_754' title='bbox 2328 4881 2674 4936; x_wconf 80' lang='lat' dir='ltr'><strong>derenissent</strong></span> <span class='ocrx_word' id='word_1_755' title='bbox 2701 4897 2763 4936; x_wconf 78' lang='lat' dir='ltr'><strong>ex</strong></span> <span class='ocrx_word' id='word_1_756' title='bbox 2801 4880 3093 4936; x_wconf 91' lang='lat' dir='ltr'><strong>admodum</strong></span> <span class='ocrx_word' id='word_1_757' title='bbox 3121 4882 3314 4952; x_wconf 92' lang='lat' dir='ltr'><strong>tepidis</strong></span> <span class='ocrx_word' id='word_1_758' title='bbox 3347 4891 3399 4936; x_wconf 91' lang='lat' dir='ltr'><strong>et</strong></span> <span class='ocrx_word' id='word_1_759' title='bbox 3430 4881 3646 4944; x_wconf 88' lang='lat' dir='ltr'><strong>calidis.</strong></span> 
     </span>
    </p>
   </div>
   <div class='ocr_carea' id='block_1_112' title="bbox 2079 4971 3646 5041">
    <p class='ocr_par' dir='ltr' id='par_1_112' title="bbox 2079 4971 3646 5041">
     <span class='ocr_line' id='line_1_112' title="bbox 2079 4971 3646 5041; baseline 0.004 -19"><span class='ocrx_word' id='word_1_760' title='bbox 2079 4971 2348 5041; x_wconf 80' lang='lat' dir='ltr'><strong>ingentem</strong></span> <span class='ocrx_word' id='word_1_761' title='bbox 2380 4987 2598 5027; x_wconf 90' lang='lat' dir='ltr'><strong>sensere</strong></span> <span class='ocrx_word' id='word_1_762' title='bbox 2632 4973 3012 5035; x_wconf 85' lang='lat' dir='ltr'><strong>mutationem,</strong></span> <span class='ocrx_word' id='word_1_763' title='bbox 3048 4981 3104 5027; x_wconf 90' lang='lat' dir='ltr'><strong>et</strong></span> <span class='ocrx_word' id='word_1_764' title='bbox 3143 4973 3344 5027; x_wconf 86' lang='lat' dir='ltr'><strong>idcirco</strong></span> <span class='ocrx_word' id='word_1_765' title='bbox 3396 4973 3646 5028; x_wconf 85' lang='lat' dir='ltr'><strong>homines</strong></span> 
     </span>
    </p>
   </div>
   <div class='ocr_carea' id='block_1_113' title="bbox 2079 5063 3647 5133">
    <p class='ocr_par' dir='ltr' id='par_1_113' title="bbox 2079 5063 3647 5133">
     <span class='ocr_line' id='line_1_113' title="bbox 2079 5063 3647 5133; baseline 0.001 -20"><span class='ocrx_word' id='word_1_766' title='bbox 2079 5065 2266 5132; x_wconf 85' lang='lat' dir='ltr'><strong>plures</strong></span> <span class='ocrx_word' id='word_1_767' title='bbox 2312 5065 2630 5126; x_wconf 82' lang='lat' dir='ltr'><strong>interibant,</strong></span> <span class='ocrx_word' id='word_1_768' title='bbox 2675 5071 2730 5117; x_wconf 89' lang='lat' dir='ltr'><strong>et</strong></span> <span class='ocrx_word' id='word_1_769' title='bbox 2766 5065 3046 5133; x_wconf 90' lang='lat' dir='ltr'><strong>complura</strong></span> <span class='ocrx_word' id='word_1_770' title='bbox 3105 5063 3404 5117; x_wconf 89' lang='lat' dir='ltr'><strong>animantia</strong></span> <span class='ocrx_word' id='word_1_771' title='bbox 3445 5063 3647 5132; x_wconf 75' lang='lat' dir='ltr'><strong>frigore</strong></span> 
     </span>
    </p>
   </div>
   <div class='ocr_carea' id='block_1_114' title="bbox 2079 5153 3646 5224">
    <p class='ocr_par' dir='ltr' id='par_1_114' title="bbox 2079 5153 3646 5224">
     <span class='ocr_line' id='line_1_114' title="bbox 2079 5153 3646 5224; baseline 0.001 -18"><span class='ocrx_word' id='word_1_772' title='bbox 2079 5153 2324 5208; x_wconf 85' lang='lat' dir='ltr'><strong>confecta</strong></span> <span class='ocrx_word' id='word_1_773' title='bbox 2354 5161 2499 5209; x_wconf 89' lang='lat' dir='ltr'><strong>sunt.</strong></span> <span class='ocrx_word' id='word_1_774' title='bbox 2537 5154 2673 5208; x_wconf 82' lang='lat' dir='ltr'><strong>Cum</strong></span> <span class='ocrx_word' id='word_1_775' title='bbox 2716 5169 2843 5209; x_wconf 88' lang='lat' dir='ltr'><strong>vero</strong></span> <span class='ocrx_word' id='word_1_776' title='bbox 2888 5169 3145 5223; x_wconf 84' lang='lat' dir='ltr'><strong>egressus</strong></span> <span class='ocrx_word' id='word_1_777' title='bbox 3177 5161 3323 5209; x_wconf 87' lang='lat' dir='ltr'><strong>esset</strong></span> <span class='ocrx_word' id='word_1_778' title='bbox 3354 5154 3646 5224; x_wconf 89' lang='lat' dir='ltr'><strong>imperator</strong></span> 
     </span>
    </p>
   </div>
   <div class='ocr_carea' id='block_1_115' title="bbox 2078 5243 3645 5315">
    <p class='ocr_par' dir='ltr' id='par_1_115' title="bbox 2078 5243 3645 5315">
     <span class='ocr_line' id='line_1_115' title="bbox 2078 5243 3645 5315; baseline 0.001 -19"><span class='ocrx_word' id='word_1_779' title='bbox 2078 5245 2144 5297; x_wconf 90' lang='lat' dir='ltr'><strong>ad</strong></span> <span class='ocrx_word' id='word_1_780' title='bbox 2176 5245 2462 5314; x_wconf 90' lang='lat' dir='ltr'><strong>quemdam</strong></span> <span class='ocrx_word' id='word_1_781' title='bbox 2498 5245 2675 5299; x_wconf 91' lang='lat' dir='ltr'><strong>locum</strong></span> <span class='ocrx_word' id='word_1_782' title='bbox 2725 5247 3104 5315; x_wconf 81' lang='lat' dir='ltr'><strong>angustiarum</strong></span> <span class='ocrx_word' id='word_1_783' title='bbox 3134 5243 3399 5307; x_wconf 87' lang='lat' dir='ltr'><strong>Podandi,</strong></span> <span class='ocrx_word' id='word_1_784' title='bbox 3429 5245 3645 5298; x_wconf 88' lang='lat' dir='ltr'><strong>nomine</strong></span> 
     </span>
    </p>
   </div>
   <div class='ocr_carea' id='block_1_116' title="bbox 2076 5335 3644 5406">
    <p class='ocr_par' dir='ltr' id='par_1_116' title="bbox 2076 5335 3644 5406">
     <span class='ocr_line' id='line_1_116' title="bbox 2076 5335 3644 5406; baseline -0.001 -18"><span class='ocrx_word' id='word_1_785' title='bbox 2076 5335 2382 5405; x_wconf 81' lang='lat' dir='ltr'><strong>Gytarium,</strong></span> <span class='ocrx_word' id='word_1_786' title='bbox 2411 5335 2580 5406; x_wconf 73' lang='grc'><strong>678</strong></span> <span class='ocrx_word' id='word_1_787' title='bbox 2604 5335 2808 5389; x_wconf 88' lang='lat' dir='ltr'><strong>audivit</strong></span> <span class='ocrx_word' id='word_1_788' title='bbox 2840 5335 3123 5389; x_wconf 87' lang='lat' dir='ltr'><strong>Amorium</strong></span> <span class='ocrx_word' id='word_1_789' title='bbox 3171 5335 3440 5404; x_wconf 88' lang='lat' dir='ltr'><strong>direptum</strong></span> <span class='ocrx_word' id='word_1_790' title='bbox 3471 5335 3644 5388; x_wconf 87' lang='lat' dir='ltr'><strong>homi-</strong></span> 
     </span>
    </p>
   </div>
   <div class='ocr_carea' id='block_1_117' title="bbox 2078 5426 3642 5496">
    <p class='ocr_par' dir='ltr' id='par_1_117' title="bbox 2078 5426 3642 5496">
     <span class='ocr_line' id='line_1_117' title="bbox 2078 5426 3642 5496; baseline -0.001 -16"><span class='ocrx_word' id='word_1_791' title='bbox 2078 5442 2315 5496; x_wconf 89' lang='lat' dir='ltr'><strong>numque</strong></span> <span class='ocrx_word' id='word_1_792' title='bbox 2344 5427 2609 5480; x_wconf 87' lang='lat' dir='ltr'><strong>inlinitam</strong></span> <span class='ocrx_word' id='word_1_793' title='bbox 2637 5427 2862 5484; x_wconf 74' lang='lat' dir='ltr'><strong>cmdem.</strong></span> <span class='ocrx_word' id='word_1_794' title='bbox 2895 5426 3094 5482; x_wconf 87' lang='lat' dir='ltr'><strong>Positis</strong></span> <span class='ocrx_word' id='word_1_795' title='bbox 3126 5436 3306 5481; x_wconf 90' lang='lat' dir='ltr'><strong>autem</strong></span> <span class='ocrx_word' id='word_1_796' title='bbox 3348 5426 3548 5481; x_wconf 88' lang='lat' dir='ltr'><strong>castris</strong></span> <span class='ocrx_word' id='word_1_797' title='bbox 3575 5426 3642 5479; x_wconf 86' lang='lat' dir='ltr'><strong>ad</strong></span> 
     </span>
    </p>
   </div>
   <div class='ocr_carea' id='block_1_118' title="bbox 2075 5519 3643 5589">
    <p class='ocr_par' dir='ltr' id='par_1_118' title="bbox 2075 5519 3643 5589">
     <span class='ocr_line' id='line_1_118' title="bbox 2075 5519 3643 5589; baseline 0 -15"><span class='ocrx_word' id='word_1_798' title='bbox 2075 5521 2290 5574; x_wconf 85' lang='lat' dir='ltr'><strong>Cbalcei</strong></span> <span class='ocrx_word' id='word_1_799' title='bbox 2311 5519 2694 5585; x_wconf 86' lang='lat' dir='ltr'><strong>diversorium,</strong></span> <span class='ocrx_word' id='word_1_800' title='bbox 2725 5521 2815 5589; x_wconf 91' lang='lat' dir='ltr'><strong>qui</strong></span> <span class='ocrx_word' id='word_1_801' title='bbox 2857 5521 2908 5573; x_wconf 83' lang='lat' dir='ltr'><strong>in</strong></span> <span class='ocrx_word' id='word_1_802' title='bbox 2939 5519 3188 5576; x_wconf 81' lang='lat' dir='ltr'><strong>Melitene</strong></span> <span class='ocrx_word' id='word_1_803' title='bbox 3225 5521 3456 5574; x_wconf 81' lang='lat' dir='ltr'><strong>duxerat</strong></span> <span class='ocrx_word' id='word_1_804' title='bbox 3487 5535 3643 5574; x_wconf 77' lang='lat' dir='ltr'><strong>exer-</strong></span> 
     </span>
    </p>
   </div>
   <div class='ocr_carea' id='block_1_119' title="bbox 2075 5612 3641 5680">
    <p class='ocr_par' dir='ltr' id='par_1_119' title="bbox 2075 5612 3641 5680">
     <span class='ocr_line' id='line_1_119' title="bbox 2075 5612 3641 5680; baseline 0 -15"><span class='ocrx_word' id='word_1_805' title='bbox 2075 5613 2263 5674; x_wconf 87' lang='lat' dir='ltr'><strong>citum,</strong></span> <span class='ocrx_word' id='word_1_806' title='bbox 2294 5626 2632 5680; x_wconf 87' lang='lat' dir='ltr'><strong>nequaquam</strong></span> <span class='ocrx_word' id='word_1_807' title='bbox 2664 5613 2728 5666; x_wconf 91' lang='lat' dir='ltr'><strong>ad</strong></span> <span class='ocrx_word' id='word_1_808' title='bbox 2760 5612 2935 5680; x_wconf 91' lang='lat' dir='ltr'><strong>ipsum</strong></span> <span class='ocrx_word' id='word_1_809' title='bbox 2976 5612 3148 5666; x_wconf 87' lang='lat' dir='ltr'><strong>voluit</strong></span> <span class='ocrx_word' id='word_1_810' title='bbox 3188 5612 3470 5673; x_wconf 87' lang='lat' dir='ltr'><strong>accedere,</strong></span> <span class='ocrx_word' id='word_1_811' title='bbox 3501 5625 3641 5679; x_wconf 75' lang='lat' dir='ltr'><strong>prte-</strong></span> 
     </span>
    </p>
   </div>
   <div class='ocr_carea' id='block_1_120' title="bbox 2076 5702 3641 5771">
    <p class='ocr_par' dir='ltr' id='par_1_120' title="bbox 2076 5702 3641 5771">
     <span class='ocr_line' id='line_1_120' title="bbox 2076 5702 3641 5771; baseline -0.001 -14"><span class='ocrx_word' id='word_1_812' title='bbox 2076 5704 2261 5757; x_wconf 90' lang='lat' dir='ltr'><strong>sertim</strong></span> <span class='ocrx_word' id='word_1_813' title='bbox 2299 5717 2422 5755; x_wconf 91' lang='lat' dir='ltr'><strong>cum</strong></span> <span class='ocrx_word' id='word_1_814' title='bbox 2485 5705 2536 5755; x_wconf 94' lang='lat' dir='ltr'><strong>in</strong></span> <span class='ocrx_word' id='word_1_815' title='bbox 2570 5703 2768 5771; x_wconf 83' lang='lat' dir='ltr'><strong>Oppido</strong></span> <span class='ocrx_word' id='word_1_816' title='bbox 2795 5702 3102 5758; x_wconf 88' lang='lat' dir='ltr'><strong>Tzamando</strong></span> <span class='ocrx_word' id='word_1_817' title='bbox 3135 5712 3380 5759; x_wconf 90' lang='lat' dir='ltr'><strong>coactum</strong></span> <span class='ocrx_word' id='word_1_818' title='bbox 3416 5703 3641 5756; x_wconf 85' lang='lat' dir='ltr'><strong>haberet</strong></span> 
     </span>
    </p>
   </div>
   <div class='ocr_carea' id='block_1_121' title="bbox 2073 5793 3634 5866">
    <p class='ocr_par' dir='ltr' id='par_1_121' title="bbox 2073 5793 3634 5866">
     <span class='ocr_line' id='line_1_121' title="bbox 2073 5793 3634 5866; baseline -0.001 -16"><span class='ocrx_word' id='word_1_819' title='bbox 2073 5795 2400 5850; x_wconf 70' lang='lat' dir='ltr'><strong>exercitum.</strong></span> <span class='ocrx_word' id='word_1_820' title='bbox 2439 5794 2649 5860; x_wconf 85' lang='lat' dir='ltr'><strong>Quibus</strong></span> <span class='ocrx_word' id='word_1_821' title='bbox 2691 5797 2759 5852; x_wconf 90' lang='lat' dir='ltr'><strong>de</strong></span> <span class='ocrx_word' id='word_1_822' title='bbox 2790 5797 2971 5852; x_wconf 88' lang='lat' dir='ltr'><strong>causis</strong></span> <span class='ocrx_word' id='word_1_823' title='bbox 2995 5795 3184 5852; x_wconf 85' lang='lat' dir='ltr'><strong>dolore</strong></span> <span class='ocrx_word' id='word_1_824' title='bbox 3214 5795 3465 5862; x_wconf 70' lang='lat' dir='ltr'><strong>allectus,</strong></span> <span class='ocrx_word' id='word_1_825' title='bbox 3488 5793 3634 5866; x_wconf 89' lang='lat' dir='ltr'><strong>quod</strong></span> 
     </span>
    </p>
   </div>
  </div>
