4424 6450
776 379 881 442 407

2014 386 2250 443 JUANN
2267 386 2332 444 lS
2368 388 2736 449 SCYLITZJS

3917 388 4016 451 408

779 494 940 544 rebus
1008 505 1331 545 succurrere
1385 497 1438 542 ct
1505 489 1761 559 opitulari
1822 494 2091 560 nequiret,
2118 508 2236 561 qua:
2271 497 2337 545 ad
2366 497 2415 552 A
2444 515 2516 561 σι,

2271 497 2337 545 ad
2366 497 2415 552 A
2444 515 2516 561 σι,
2546 499 2639 550 καὶ
2670 498 2757 550 τὸν
2783 498 2990 566 Ταῦρον
3026 498 3081 547 τὸ
3109 498 3230 567 ὅρος
3254 498 3495 567 ὑπερϐάς
3534 501 3871 566 πανστρατιᾷ
3903 502 3985 551 εἰσ

779 581 1080 634 exercitum
1110 580 1470 649 pertinerent,
1516 590 1663 633 recte
1699 582 2037 647 compositis,
2081 592 2342 649 quantum

776 674 879 725 sibi
915 673 1089 736 licuit,
1121 680 1171 724 ct
1209 671 1444 723 maxima
1475 682 1626 740 parte
1656 673 1708 724 in
1754 669 1976 724 hiberna
2014 673 2199 735 missa,
2231 673 2345 741 ipsc

781 763 1094 831 Byzantium
1151 762 1434 815 contendit
1500 761 1564 814 ad
1608 761 1811 815 mensis
1861 760 2106 815 Januarii
2163 762 2341 812 finem.

790 856 885 907 libi
950 853 1219 920 quoddam
1282 863 1496 921 tempus
1523 863 1917 914 commoratus,
1950 868 2072 905 eum
2110 851 2345 905 civitatis

781 954 983 998 statum
1042 959 1137 1010 pro
1189 944 1397 995 viribus
1445 942 1905 1005 administrasset,
1941 941 2242 994 honoribus
2282 954 2346 993 ac

782 1035 1104 1088 muneribus
1157 1044 1437 1087 senatores
1470 1033 1736 1101 quosdam
1784 1044 2128 1102 prosecutus.
2159 1031 2349 1085 distri-

783 1129 927 1180 butis
979 1128 1175 1179 annuis
1205 1126 1363 1178 dnnis
1394 1139 1569 1194 neque
1617 1126 1947 1193 exspectatis
1984 1123 2347 1178 Pasclialibus

780 1224 975 1273 diebus
1032 1220 1095 1271 ad
1156 1217 1407 1270 Eriorum
1436 1217 1655 1271 domum
1692 1233 1718 1269 e
1743 1216 1962 1282 regione
2001 1216 2151 1268 urbis
2182 1213 2344 1265 sitam

785 1312 1073 1378 navigavit.
1117 1308 1309 1362 Evenit
1340 1308 1481 1360 cnim
1515 1307 1696 1361 nescio
1723 1305 1854 1375 quid
1885 1305 2054 1367 aliud,
2082 1303 2225 1371 quod
2260 1317 2351 1353 ne-

782 1402 1023 1456 cessario
1058 1402 1235 1467 ipsum
1264 1400 1327 1451 ad
1362 1397 1748 1467 profectionem
1796 1412 1915 1450 cum
1949 1394 2187 1448 exercitu
2225 1408 2350 1461 pro-

781 1493 1016 1546 vocavit.
1050 1492 1142 1544 Vir
1178 1492 1394 1558 quidam
1456 1486 1703 1543 Latinus.
1763 1486 2049 1553 Crispinus
2107 1486 2348 1543 nomine.

783 1601 846 1637 ex
909 1583 1060 1635 Italia
1117 1596 1239 1635 cum
1296 1579 1361 1633 ad
1442 1580 1824 1646 imperatorem
1886 1575 2223 1634 accessisset.
2284 1574 2349 1626 ad

785 1674 1026 1726 Orientis
1072 1681 1275 1740 partes,
1308 1678 1368 1723 ut
1411 1670 1483 1723 ibi
1538 1671 1826 1728 hiemaret,
1871 1666 2075 1720 missus
2108 1676 2213 1718 est.
2247 1664 2350 1729 Qui

789 1776 939 1819 ratus
985 1779 1043 1819 se
1102 1778 1207 1816 non
1266 1777 1332 1815 eo
1395 1762 1600 1813 honore
1666 1756 1915 1811 affectum
1964 1772 2060 1826 pro
2094 1756 2353 1825 dignitate

786 1871 947 1924 quem
988 1860 1321 1922 speraverat,
1364 1852 1429 1904 ad
1484 1850 1842 1903 rebellionem
1899 1849 2185 1917 spectavit,
2242 1857 2355 1901 sta-

788 1950 992 2013 titnque
1040 1952 1396 1999 occurrentes
1458 1941 1559 1999 sibi
1620 1941 1948 1993 tributorum
1991 1947 2273 1992 exactores
2306 1948 2358 1993 et

791 2038 1024 2105 reliquos
1098 2035 1293 2103 spoliat
1382 2047 1445 2086 ac
1512 2031 1735 2099 diripit;
1800 2030 2166 2084 Romanorum
2232 2045 2358 2083 vero

792 2127 1063 2180 neminem
1142 2124 1431 2186 interfecit,
1487 2121 1750 2188 multique
1809 2134 1932 2173 cum
2004 2120 2126 2187 ipso
2176 2119 2360 2186 praelio

793 2215 1069 2284 congressi
1144 2213 1269 2265 victi
1350 2220 1497 2266 sunt.
1567 2211 1671 2265 Sed
1727 2210 1779 2262 in
1846 2209 2225 2261 Armeniorum
2279 2223 2362 2261 re-

790 2313 947 2376 gionc
1010 2307 1305 2362 hibernans
1379 2305 1694 2359 bestarches
1776 2302 1992 2357 Samuel
2045 2302 2361 2355 Aluisianus

791 2401 1079 2471 Bzilgarus,
1153 2397 1499 2466 imperatoris
1557 2396 1743 2447 uxoris
1807 2392 1994 2459 frater,
2044 2407 2207 2462 quam
2256 2392 2365 2460 prio

793 2504 946 2545 vatus
1002 2490 1180 2543 adhuc
1250 2488 1451 2557 degens
1512 2485 1765 2548 duxerat,
1797 2500 1919 2537 cum
1962 2484 2205 2553 quinque
2260 2479 2365 2535 Oc-

793 2582 1024 2635 cidentis
1075 2578 1375 2647 legionibus
1438 2583 1659 2644 repente
1688 2574 1854 2644 679
1911 2573 2224 2642 Crispinum
2282 2572 2368 2624 in-

792 2674 942 2727 vadit
1000 2673 1117 2741 ipsa
1165 2670 1249 2723 die
1310 2666 1748 2722 Resurrectionis
1782 2707 1796 2729 ,
1855 2663 2063 2717 Pascha
2120 2664 2365 2731 inquam.

792 2763 949 2830 Quod
1003 2777 1124 2815 cum
1167 2759 1568 2829 persensissent
1618 2754 1837 2819 Franci,
1876 2754 2092 2823 fugiunt
2116 2754 2365 2817 Romani,

796 2861 1146 2925 ipsorumque
1200 2852 1258 2905 fit
1322 2850 1487 2903 multa
1550 2848 1747 2924 caedes,
1807 2862 1870 2901 ac
1922 2846 2027 2899 vivi
2080 2846 2371 2912 capiuntur

796 2960 1022 2999 numero
1083 2942 1303 2995 intiniti.
1370 2941 1622 2994 Attamen
1681 2952 1870 2991 omnes
1911 2937 2148 2990 humane
2178 2944 2372 2988 tracta-

797 3050 881 3091 tos
926 3035 1154 3096 dimisit,
1202 3035 1310 3086 imo
1357 3044 1485 3084 vero
1514 3030 1828 3083 vulneratos
1858 3026 2036 3081 curari
2102 3026 2367 3094 permisit.

796 3132 932 3183 Cum

795 3222 1051 3287 Crispino
1106 3219 1424 3286 legationem
1475 3214 1704 3281 accepit,
1764 3226 1869 3279 qua
1915 3209 2244 3264 deditionem
2289 3206 2366 3259 fa-

798 3314 1034 3374 tebatur,
1068 3318 1121 3365 et
1180 3310 1244 3363 de
1294 3306 1597 3361 defectione
1648 3320 1706 3358 se
1746 3305 1923 3371 ipsum
1960 3300 2277 3363 excusabat,
2312 3307 2367 3353 et

800 3403 1024 3458 omnino
1084 3400 1350 3453 malorum
1410 3410 1529 3465 qua:
1590 3395 1705 3449 sive
1754 3395 1964 3456 volens,
2000 3393 2114 3447 sive
2166 3392 2369 3445 invitus

801 3499 1164 3564 perpelrasset
1224 3488 1555 3543 oblivionem
1626 3486 1861 3554 petebat.
1914 3483 2127 3547 Quibus
2181 3493 2369 3550 postu-

802 3586 927 3639 latis
962 3583 1152 3635 annuit
1187 3582 1506 3648 impcrator,
1541 3585 1593 3631 et
1620 3576 1802 3629 omnia
1837 3589 1958 3643 quae
1993 3574 2081 3627 ille
2142 3574 2371 3642 petierat

804 3675 1070 3747 perfecit,
1136 3673 1237 3726 viri
1298 3671 1635 3725 nobilitatem
1701 3676 1756 3720 et
1821 3666 1874 3719 in
1946 3666 2088 3719 bello
2146 3665 2371 3734 gloriam

804 3767 1011 3823 veritus
1057 3781 1071 3816 :
1116 3764 1315 3819 etenim
1385 3760 1706 3815 defectionis
1765 3768 2045 3825 tempore,
2117 3771 2240 3808 cum
2296 3757 2376 3807 in—

804 3857 1027 3911 cidisset
1082 3855 1135 3907 in
1212 3853 1502 3905 maximam
1536 3848 1837 3901 Turcorum
1883 3861 2125 3909 manum,
2182 3846 2374 3914 ingen-

806 3949 879 4003 tia
942 3960 1105 3999 manu
1143 3958 1238 3997 sua
1294 3942 1537 3995 facinora
1583 3940 1847 3993 ediderat.
1903 3938 1969 3991 Et
2018 3937 2372 4005 progredien-

807 4033 849 4085 ti
905 4029 1221 4099 imperatori
1283 4030 1458 4082 instar
1512 4026 1654 4081 servi
1706 4026 1920 4080 obviam
1962 4026 2039 4078 fit.
2076 4025 2379 4093 Subitoque

809 4132 871 4175 ut
901 4121 1108 4173 amicus
1158 4133 1220 4171 ac
1251 4117 1547 4170 benevolus
1595 4116 1944 4184 sequebatur,
1981 4118 2165 4183 paucis
2192 4129 2377 4168 secum

808 4209 1139 4268 quibusdam
1194 4208 1457 4259 militibus
1493 4206 1741 4259 adductis
1771 4224 1783 4257 :
1814 4206 1947 4257 alios
1999 4205 2143 4258 enim
2172 4205 2227 4257 in
2280 4220 2380 4273 ορ-

812 4300 939 4369 pido
1036 4298 1389 4351 Maurocastri
1464 4296 1777 4365 reliquerat,
1870 4296 2010 4364 quod
2085 4304 2383 4363 occuparat

812 4395 866 4447 in
915 4392 1209 4456 Armenia,
1258 4392 1309 4445 in
1370 4390 1482 4443 alto
1535 4390 1673 4443 colle
1742 4389 1995 4457 positum.
2052 4387 2155 4442 Sed
2222 4387 2382 4455 paulo

2447 588 2625 640 ϐάλλει
2654 590 2719 655 τῇ
2767 588 3071 655 Ῥωμαίων,
3101 586 3182 655 ip.
3211 586 3335 657 89.9]
3381 586 3725 654 Ἐντυχόντες
3758 586 3803 638 δ’
3825 587 4007 655 ἀθρόοι

2448 678 2631 739 τόποις
2659 680 2882 746 ψυχροῖς
2905 678 2961 742 ἐξ
2995 680 3129 744 άγαν
3162 678 3414 729 ἀλεεινῶν
3448 678 3543 729 καὶ
3574 677 3793 747 θερμῶν
3816 678 4015 744 πολλῆς

2452 766 2755 841 μεταϐολῆς
2782 765 3007 834 ᾔσθοντο
3034 784 3045 795 ·
3076 767 3152 817 διὸ
3198 767 3291 817 καὶ
3338 766 3611 834 ἄνθρωποι
3676 767 3859 818 πολλοὶ
3911 769 4011 818 ἀπ-

2451 855 2637 907 έθανον
2662 857 2755 909 καὶ
2784 857 2895 919 ζῶα
2926 857 3093 909 πολλὰ
3123 857 3487 925 ὲναπέῷυξαν.
3532 858 3791 922 Ἐξιόντος
3820 859 3876 911 δὲ
3922 858 4018 911 τοῦ

2453 944 2716 1011 βασιλέως
2744 946 2823 1007 εἴς
2863 964 2913 997 τι
2954 948 3152 1014 χωρίον
3204 948 3299 1015 τῆς
3353 947 3616 999 Ποδανδοῦ
3677 948 4019 1017 κλεισοὺρας,

2451 1036 2711 1104 Γυτάριον
2746 1038 3267 1106 κατονομαζόμενον,
3311 1040 3543 1107 ἦκουσεν
3580 1041 3607 1089 ὁ
3643 1039 3891 1107 βασιλεὺς
3921 1040 4022 1108 τήν

2451 1143 2509 1176 τε
2550 1128 2642 1179 τοῦ
2687 1128 2938 1196 Ἀμοίρου
2969 1128 3394 1195 λαφυραγωγίαν
3453 1129 3545 1179 καὶ
3604 1130 3763 1195 φόνον
3812 1128 4024 1197 ἀνδρῶν

2452 1218 2749 1287 ἀμύθητον.
2776 1221 3260 1288 Κατεστηκηκυίας
3288 1221 3344 1272 δὲ
3371 1222 3468 1285 τῆς
3494 1220 3840 1289 παρεμϐολῆς
3873 1221 3927 1271 ἐν
3947 1219 4026 1285 τῷ

2451 1305 2543 1356 τοῦ
2600 1305 2857 1366 Χαλκέως
2920 1307 3141 1377 σταθμῷ
3178 1309 3205 1359 ὁ
3238 1308 3294 1358 ὲν
3351 1308 3624 1377 Μελιτηνῇ
3660 1309 3877 1377 κρατῶν
3928 1307 4024 1360 τοῦ

2457 1396 2687 1465 στρατοῦ
2719 1398 2827 1448 οὐδ’
2852 1398 2985 1458 ὅλως
3014 1399 3161 1467 αὐτῷ
3202 1399 3524 1467 προσϐαλεῖν
3554 1398 3842 1467 ἠθέλησεν,
3887 1398 4027 1467 ἔχων

2456 1488 2737 1540 καὶταῦτα
2768 1490 2863 1557 τὴν
2893 1492 3149 1557 στρατιάν
3178 1494 3236 1542 ὲν
3280 1491 3355 1557 τῷ
3384 1490 3475 1543 τοῦ
3520 1490 3839 1558 Τζαμανδρῦ
3900 1507 4028 1541 συνο

2455 1578 2819 1645 ηθροισμένην
2851 1580 3163 1649 πολίσματι.
3215 1583 3326 1649 Ἐφ’
3350 1578 3427 1644 οἷς
3461 1582 3723 1644 ἀνιαθεὶς,
3759 1581 3833 1651 μὴ
3863 1580 4027 1647 δυνη-

2457 1668 2568 1729 θεὶς
2603 1669 2657 1720 δὲ
2689 1670 2950 1739 βοηθῆσαι
2983 1672 3061 1742 τῷ
3092 1673 3396 1740 πράγματι,
3432 1673 3499 1724 τά
3533 1672 3673 1724 κατά
3724 1673 3811 1723 τὸν
3863 1688 4027 1741 στραη

2457 1760 2545 1809 τὸν
2574 1760 2646 1821 ὡς
2678 1762 2801 1829 ἐνῆν
2844 1763 3030 1826 δεξιῶς
3078 1764 3407 1831 διαθέμενος,
3468 1766 3547 1826 εἰς
3587 1763 4030 1833 παραχειμασίαν

2458 1850 2515 1899 τὸ
2559 1850 2736 1903 πλεῖον
2764 1852 2944 1905 αὐτῶν
2985 1854 3307 1916 ἀποστείλας
3342 1854 3501 1915 αὐτὸς
3534 1854 3625 1905 ἐπὶ
3650 1855 3709 1906 τὸ
3740 1854 4030 1916 Βυζάντιον

2460 1941 2590 2001 ἵετο,
2618 1941 2755 2009 πρὸς
2783 1943 2859 2011 τῷ
2887 1944 3031 1996 τέλει
3054 1945 3144 1996 τοῦ
3163 1945 3487 2012 Ίανουαρίου
3522 1945 3685 2013 μηνὸς
3709 1944 4031 1998 καταλαϐὼν

2460 2032 2516 2081 ὲν
2546 2032 2709 2099 αὐτῷ.
2730 2035 3007 2100 Διαγαγὼτ
3030 2038 3206 2088 τοίνυν
3241 2036 3299 2088 ἐν
3341 2037 3487 2103 αὐτῴ
3521 2037 3730 2105 χρόνον,
3796 2038 3888 2087 καὶ
3930 2037 4030 2097 τὰς

2463 2119 2743 2181 πολιτικὰς
2772 2120 3062 2190 διοικήσεις
3101 2123 3176 2185 ὡς
3200 2123 3421 2177 δυνατὸν
3453 2124 3888 2194 διοικησάμενος,
3938 2124 4031 2177 καλ

2462 2210 2623 2276 τιμάς
2690 2211 2779 2263 καὶ
2835 2212 3110 2276 δεξιώσεις
3154 2216 3233 2277 εἰς
3294 2232 3445 2277 τινας
3494 2217 3603 2268 τῶν
3655 2215 4035 2285 συγκλητικῶν

2464 2301 2849 2369 ποιησάμενος,
2880 2304 3089 2366 καὶτὰς
3124 2306 3371 2374 ἐτησίους
3422 2307 3641 2377 δωρεάς,
3680 2307 4033 2376 διανειμάμε-

2464 2410 2573 2456 νος,
2610 2395 2699 2444 καὶ
2730 2394 2850 2445 οὐδὲ
2893 2395 2990 2458 τὰς
3039 2398 3372 2465 πασχαλίους
3419 2399 3631 2467 ἡμέρας
3688 2399 4031 2468 περιμείνας,

2466 2485 2544 2544 εἰς
2600 2483 2689 2535 τὸν
2736 2484 3035 2553 ἀντιπέραν
3092 2488 3190 2555 τῆς
3246 2490 3455 2551 πόλεως
3504 2486 3650 2542 οἷκον
3683 2491 3790 2542 τῶν
3834 2491 4035 2558 Ἥρίων

2466 2575 2827 2628 ἀπέπλευσεν.
2874 2578 3199 2648 Ἐπςσυνέϐη
3231 2581 3335 2649 γάρ
3366 2599 3417 2634 τι
3451 2583 3544 2634 καὶ
3570 2582 3754 2651 ἕτερον
3780 2583 3915 2651 πρὸς
3939 2586 4031 2637 ὲκ-

2470 2669 2755 2736 στρατείαν
2786 2670 3099 2737 ἀναγκαίως
3129 2672 3329 2725 καλοῦν
3363 2674 3543 2726 αὐτόν.
3596 2673 3755 2744 Ἀνὴρ
3800 2676 3908 2744 γάρ
3949 2693 4035 2737 τις

2469 2760 2715 2825 Λατῖνος,
2738 2762 3033 2830 Κρισπῖνος
3060 2762 3155 2831 τὴν
3186 2764 3396 2831 κλῆσιν,
3424 2764 3484 2828 ἐξ
3528 2765 3758 2826 Ἰταλίας
3816 2766 3912 2833 τῷ·
3933 2766 4031 2833 βα-

2471 2853 2608 2905 σιλεῖ
2642 2855 2953 2922 προσελθὼν
3009 2856 3143 2925 πρὸς
3190 2857 3288 2926 τὴν
3359 2857 3531 2927 Ἐᾡαν
3580 2859 3882 2925 ἀπεστάλη,
3917 2876 4029 2926 χει-

2473 2946 2661 3011 μάσων
2692 2944 2920 2996 ἐκεῖθεν.
2985 2945 3151 3009 Δόξας
3186 2946 3239 2998 δὲ
3278 2948 3351 3015 μὴ
3410 2947 3709 3016 τιμηθῆναι
3750 2948 3914 3013 ἀξίως
3960 2944 4035 3002 ὧν

2470 3032 2698 3103 ἤλπιζεν
2761 3036 3099 3088 ἀποστασίαν
3153 3036 3463 3106 ὲσκόπησε,
3515 3039 3609 3090 καὶ
3656 3038 3853 3090 αὐτίκα
3911 3040 4033 3097 τοὺς

1035 3129 1329 3195 imperator
1397 3123 1464 3176 ad
1536 3122 1825 3191 Doryleum
1888 3119 2230 3189 pervenisset
2267 3158 2281 3181 ,
2338 3132 2440 3204 ac
2475 3124 2782 3177 συναντῶντ

2338 3132 2366 3171 8
2398 3147 2440 3204 ο
2475 3124 2842 3187 συναντῶντας
2895 3126 3219 3195 φορολόγους
3268 3145 3325 3178 τε
3362 3128 3455 3179 καὶ
3506 3128 3725 3189 λοιποὺς
3784 3129 4032 3180 σκυλεύει

2471 3218 2563 3271 καὶ
2588 3218 2898 3287 διαρπάζει,
2926 3219 3090 3284 φόνον
3114 3220 3169 3271 δὲ
3203 3220 3488 3287 Ῥωμαίων
3504 3220 3693 3272 οὐδένα
3716 3220 4028 3287 εἰργάσατο.

2470 3310 2659 3362 Πολλοὶ⁵
2676 3310 2731 3361 δὲ
2748 3308 2920 3377 τούτῳ
2935 3308 3068 3377 πρὸς
3089 3310 3265 3377 μάχην
3289 3310 3578 3372 συστάντες
3594 3311 3925 3380 ἡττήθησαν.
3945 3310 4032 3363 Ἐν

2471 3400 2527 3449 δὲ
2547 3398 2623 3466 τῷ
2651 3398 2843 3465 θέματι
2884 3398 2991 3449 τῶν
3044 3398 3413 3465 Ἀρμενιακῶν
3443 3399 3868 3467 παραχειμάζων
3896 3403 3923 3452 ὁ
3950 3401 4036 3467 βε-

2476 3486 2710 3554 στάρχης
2733 3484 2980 3553 Σαμουὴλ
2999 3486 3026 3536 ὁ
3042 3485 3400 3546 Ἀλουῐσιανδς
3424 3488 3451 3536 ὀ
3473 3486 3795 3553 Βούλγαρος,
3813 3488 4037 3555 ἀδελφὸς

2473 3577 2547 3629 ὢν
2560 3578 2654 3644 τῆς
2669 3576 2761 3627 τοῦ
2786 3576 3043 3644 βασιλέως
3060 3578 3330 3643 γυναικὸς,
3349 3577 3413 3645 ἥν
3437 3576 3514 3629 ἔτι
3534 3577 3820 3630 ἰδιωτεύων
3836 3581 4036 3648 ἠγάγε-

2474 3685 2554 3727 το,
2582 3666 2716 3733 μετά
2740 3666 2845 3717 τῶν
2883 3665 3185 3733 Ἑσπερίων
3209 3666 3366 3718 πέντε
3388 3668 3683 3733 ταγμάτων
3713 3669 4038 3738 προσϐάλλει

2476 3757 2550 3823 τῷ
2590 3755 2873 3823 Κρισπίνῳ
2924 3754 2983 3816 ἐξ
3018 3754 3207 3822 ἐφόδου
3257 3754 3375 3807 κατ’
3441 3756 3607 3822 αὐτὴν
3655 3757 3751 3823 τὴν
3825 3758 4038 3826 ἡμέραν

2478 3850 2575 3914 τῆς
2603 3846 2975 3905 ἀναστάσεως,
3006 3861 3095 3893 του
3126 3844 3316 3912 Πάσχα
3345 3846 3503 3913 φημί.
3539 3846 3949 3909 Συναισθήσεως
3982 3848 4037 3901 δὲ

2480 3934 2778 4002 γενομένης
2806 3934 2921 3993 τοῖς
2954 3932 3222 4001 Φράγγοις
3251 3931 3540 3998 φεύγουσιν
3570 3934 3619 3983 οί
3637 3934 3909 4000 Ῥωμαῖοι,
3944 3938 4038 3989 καὶ

2481 4026 2638 4092 φόνος
2664 4023 2866 4076 τούτων
2908 4022 3115 4089 γίνεται
3152 4020 3316 4082 πολὺς
3349 4021 3442 4073 καὶ
3469 4019 3705 4091 ζωγρεία
3741 4026 4036 4093 ἀμύθητος.

2484 4117 2672 4183 Ὅμως
2703 4115 2766 4181 δὴ
2806 4109 2897 4167 οὖν
2919 4112 3310 4181 φιλανθρώπως
3341 4111 3522 4172 αὐτοῖς
3545 4111 3806 4176 διατεθεὶς
3834 4118 4040 4178 πάντας

2484 4206 2683 4273 ἀφῆκε,
2729 4204 2929 4269 μᾶλλον
2963 4203 3061 4271 μὲν
3110 4202 3204 4253 οὖν
3249 4201 3341 4253 καὶ
3394 4202 3516 4261 τοὺς
3559 4201 3862 4269 πληγέντας
3890 4222 4038 4258 νοσοη

2485 4295 2766 4365 κομείσθαι
2792 4294 3125 4363 παρέδωκεν.
3167 4290 3253 4343 Ἐν
3274 4291 3350 4358 τῷ
3375 4292 3649 4361 Δορυλαίῳ
3675 4293 3730 4344 δὲ
3753 4298 4037 4364 γενόμενος

2484 4392 2510 4441 ὁ
2540 4388 2789 4457 βασιλεὺς
2839 4385 3133 4454 πρεσϐείαν
3179 4381 3273 4435 τοῦ
3318 4384 3616 4449 Κρισπῖνον
3647 4384 3877 4450 ἐδέξατο,
3916 4390 4041 4456 opo-

814 4492 975 4553 pnst,
1044 4497 1167 4535 cum
1245 4480 1299 4533 in
1379 4481 1747 4548 suspicionem
1829 4481 2109 4542 venisset,
2188 4479 2375 4531 nescio
2412 4465 2561 4545 Dim

2292 4479 2375 4531 cio
2412 4465 2451 4516 Ῑ)
2482 4480 2664 4545 λογίαν
2688 4496 2743 4529 τε
2766 4477 2863 4544 τῆς
2888 4476 3193 4545 δουλώσεως
3219 4475 3311 4526 καὶ
3334 4473 3427 4540 τὴν
3460 4474 3752 4539 ἀπολογίαν
3774 4482 3868 4536 τίς
3892 4480 4039 4530 ἀντι-

812 4573 942 4638 quid
998 4571 1220 4625 crudele
1273 4570 1325 4623 in
1378 4570 1652 4639 propriam
1692 4569 1892 4622 tribum
1945 4578 2374 4636 perpetraturus,

814 4663 957 4733 quod
1028 4678 1138 4714 sua:
1203 4660 1469 4714 voluntati
1522 4676 1628 4713 non
1680 4660 2073 4727 obsequeretur
2125 4658 2373 4726 (etenim

815 4754 1077 4821 perfidum
1134 4764 1187 4806 et
1256 4752 1575 4819 inexplebile
1646 4749 1977 4804 Francorum
2047 4763 2218 4816 genus
2275 4758 2377 4809 est,

816 4849 925 4899 imo
963 4846 1125 4898 etiam
1175 4843 1467 4912 ingratum,
1493 4852 1545 4895 et
1594 4843 1778 4896 multis
1834 4839 2229 4894 offensionibus
2260 4854 2379 4891 ma-

818 4954 920 5005 gna
1014 4936 1238 4989 crimina
1320 4933 1619 4987 exsuscitat
1692 4942 1743 4985 et
1828 4931 2258 4998 perturbationes
2319 4944 2381 4982 ac

818 5029 1135 5086 seditiones,
1192 5024 1392 5093 quibus
1443 5034 1696 5088 tanquam
1755 5022 1967 5076 deliciis
2019 5022 2378 5085 oblectatur),

818 5120 1089 5175 exercitus
1158 5116 1383 5184 imperio
1464 5114 1743 5168 abdicatus
1796 5114 1941 5185 fuit,
2002 5129 2106 5167 non
2172 5113 2382 5165 sincere

820 5214 1140 5271 (onvictus,
1178 5210 1269 5261 sed
1310 5215 1517 5258 tantum
1548 5222 1575 5257 a
1612 5207 1842 5269 quodam
1888 5204 2140 5258 Nernizzo
2187 5204 2381 5257 illustri

820 5311 1127 5357 accusatus.
1162 5299 1387 5353 Sodales
1412 5297 1577 5366 680
1606 5314 1729 5351 vero
1758 5299 1929 5365 ipsius
1983 5298 2169 5365 iniquo
2204 5297 2385 5349 animo

821 5396 873 5450 id
934 5393 1075 5463 passi
1118 5407 1180 5444 ex
1233 5391 1432 5459 oppido
1496 5389 1716 5458 profecti
1813 5390 1865 5441 in
1944 5388 2383 5455 Mesopotamiam

826 5500 885 5539 se
926 5483 1215 5548 recipiunt,
1247 5481 1523 5548 multaque
1554 5478 1749 5531 danma
1806 5478 1877 5530 ibi
1921 5476 2383 5531 eommorautihus

828 5577 1080 5628 intulere.
1117 5572 1217 5626 Ubi
1239 5587 1364 5626 vero
1389 5572 1684 5640 imperator
1704 5586 1822 5622 cum
1849 5569 2086 5622 exercitu
2117 5569 2179 5619 ad
2202 5567 2385 5621 Ca'sa-

829 5682 972 5721 ream
1025 5665 1290 5736 pervenit,
1356 5663 1716 5732 cognovitque
1771 5662 2042 5730 ingentem
2079 5659 2382 5712 Turcorum

834 5772 1049 5812 manum
1100 5758 1372 5829 regionem
1421 5755 1743 5826 depraedari.
1784 5753 2071 5823 quamdam
2108 5752 2385 5807 exercitus

2483 4571 2702 4630 στασίας
2729 4570 3020 4636 φέρουσαν,
3049 4566 3141 4618 καὶ
3171 4565 3355 4627 ἁπλῶς
3384 4566 3687 4634 ἀμνηστίαν
3718 4568 3901 4620 κακῶν
3930 4567 4040 4619 τῶν

2482 4662 2609 4730 παρ’
2633 4660 2796 4711 αὐτοῦ
2820 4657 3219 4727 πεπραγμένων
3250 4657 3359 4707 εἴτε
3401 4657 3616 4718 ἑκόντος
3658 4659 3765 4708 εἴτε
3796 4657 4038 4717 ἄκοντος.

2482 4748 2573 4814 Οἷς
2600 4753 2871 4819 ὑπήκουσε
2904 4750 2997 4801 καὶ
3028 4752 3055 4801 ὁ
3087 4748 3355 4817 βασιλεὺς,
3390 4747 3483 4798 καὶ
3518 4748 3693 4798 πάντα
3723 4748 3821 4798 ὅσα
3850 4748 4043 4816 ἐξῃτήο

2486 4860 2615 4895 σατο
2646 4840 3045 4909 κατεπράξατο,
3082 4839 3141 4889 τὸ
3168 4837 3257 4888 τοῦ
3284 4837 3473 4906 ἀνδρὸς
3508 4839 3750 4902 γενναῖον
3778 4838 3867 4887 καὶ
3902 4839 4033 4904 πρὸς

2486 4934 2610 4993 τοὺς
2653 4932 2921 4998 πολέμους
2963 4927 3238 4995 περίδοξον
3260 4925 3697 4991 καταιδούμενος
3731 4925 3953 4993 καὶγὰρ
3987 4926 4044 4975 ἐν

2484 5025 2560 5093 τῷ
2594 5026 2688 5091 τῆς
2713 5020 3045 5081 ἀποστασίας
3077 5020 3249 5086 καιρῷ
3289 5019 3545 5086 Τούρκων
3572 5016 3808 5085 ἐντυχὼν
3844 5018 4047 5086 πληθυῖ

2486 5116 2653 5183 πολλῇ
2687 5113 2923 5183 μεγάλας
2962 5110 3323 5179 ἀνδραγαθίας
3348 5110 3408 5158 ἐκ
3440 5110 3617 5176 χειρὸς
3659 5110 4041 5176 ἀπειργάσατο.

2490 5205 2576 5276 [Ρ.
2645 5204 2769 5275 850]
2835 5206 2942 5256 Καὶ
2994 5201 3239 5272 προῖόντι
3283 5199 3357 5267 τῷ
3408 5200 3615 5267 βασιλεί
3668 5199 4046 5266 δουλοπρεπῶς

2491 5298 2742 5363 ἀπαντᾷ,
2782 5295 2873 5346 καὶ
2908 5290 3061 5355 αὖθις
3113 5293 3186 5354 ὡς
3244 5290 3429 5351 εὔνους
3483 5290 3799 5353 συνείπετο,
3837 5290 4049 5355 ὀλίγους

2489 5389 2638 5451 τινάς
2697 5385 3027 5454 στρατιώτας
3080 5384 3446 5449 ὲπαγὸμενος’
3489 5382 3636 5432 εἴασε
3669 5381 3774 5449 γὰρ
3810 5382 3932 5441 τοὺς
3957 5382 4050 5434 ἆλ-

2491 5482 2613 5539 λους
2670 5481 2727 5531 ἐν
2772 5478 2848 5546 τῷ
2885 5476 2980 5528 τοῦ
3037 5476 3469 5543 Μαυροκάστρου
3522 5473 3831 5540 πολίσματι,
3864 5465 3923 5523 οὗ
3952 5473 4048 5540 τὴν

2493 5570 2816 5636 κατάσχεσιν
2851 5568 3144 5635 ἐποιήσατο
3171 5569 3227 5617 ὲν
3260 5564 3334 5632 τῷ
3372 5563 3740 5631 Ἀρμενιακῴ,
3765 5564 3855 5615 ἐπὶ
3886 5564 4047 5629 λὸτου

2495 5660 2728 5727 κειμένῳ
2757 5656 2981 5724 ὑψηλοῦ.
3014 5658 3146 5710 Μετ’
3184 5656 3360 5721 ὀλίγον
3388 5654 3441 5705 δὲ
3472 5653 3787 5721 ὑπονοηθεὶς
3821 5652 3968 5721 ὠμόν
4000 5670 4051 5705 τι

2496 5742 2891 5815 διαπράξασθαι
2937 5745 3013 5806 εἰς
3046 5742 3141 5813 τὴν
3182 5742 3382 5794 οἰκείαν
3416 5741 3584 5809 φυλὴν
3619 5738 3691 5810 μὴ
3730 5740 4052 5810 συναιρομέ⁴
