4424 6450
346 396 454 461 409

1800 410 2162 471 HISTORIA
2176 461 2189 474 .

3501 436 3606 492 410

344 531 442 581 νην
472 513 619 583 αὑτῷ
650 515 708 567 ἐν
749 518 861 579 τοῖς
899 517 1247 587 βουλομένοις
1279 522 1393 588 (καὶ
1422 522 1526 592 γὰρ
1572 523 1664 575 καὶ
1693 525 1919 578 ἄπιστον
1948 529 1993 585 Α
2025 542 2089 597 pa

1861 541 1919 578 ον
1948 529 1993 585 Α
2025 537 2233 597 partem
2264 532 2530 589 adversus
2595 534 2743 605 ipsos
2778 536 2960 602 misit;
3004 553 3166 607 quam
3200 539 3402 595 infecta
3438 556 3496 595 re
3523 540 3608 595 fu-

346 602 439 655 καὶ
468 604 744 673 ἄπληστον
770 606 830 659 τὸ
853 608 1010 675 γένος
1041 609 1147 663 τῶν
1176 612 1463 681 Φράγγων,
1502 614 1698 681 μᾶλλον
1731 615 1788 668 δὲ
1828 616 1921 670 καὶ

343 692 660 763 ἀχάριστον,
721 696 811 747 καὶ
854 699 1067 762 πολλοῖς
1114 703 1420 771 πταίσμασι
1471 705 1711 773 μεγάλας
1739 707 1920 770 αἰτίας

342 785 631 853 ἐπεγεῖρον
662 790 755 841 καὶ
786 792 1030 859 ταραχάς
1068 795 1162 845 καὶ
1212 795 1569 859 ἀποστασὶας,
1605 792 1691 859 αἷς
1730 799 1919 868 ἐντρυ-

340 876 551 943 φήματι
579 878 861 945 γάννυται)
898 882 1233 954 ἀπεπέμφθη
1276 884 1369 937 τοῦ
1415 888 1798 954 στρατοπέδου,
1842 890 1916 959 μὴ

340 969 593 1036 καθαρῶς
624 972 724 1038 μὲν
747 972 1046 1042 ἐλεγχθεὶς,
1080 975 1195 1027 ἀλλ’
1219 975 1251 1044 ἢ
1285 978 1445 1044 μόνον
1470 979 1617 1046 παρά
1642 978 1915 1047 Νεμίτζου

336 1062 480 1122 τινὸς
508 1063 782 1131 ἐπισήμου
826 1063 1249 1135 κατηγορηθείς.
1297 1069 1357 1119 Οἱ
1382 1068 1438 1120 δὲ
1468 1070 1688 1138 ἑταῖροι·
1723 1070 1915 1123 τούτου

338 1154 432 1204 ἐπὶ
465 1154 544 1222 τῷ
573 1155 821 1222 γεγονότι
870 1157 1385 1228 δεινοπαθήσαντες,
1442 1163 1676 1230 ἄραντες
1720 1165 1784 1215 ἐκ
1822 1163 1914 1215 τοῦ

334 1247 620 1313 φρουρίου,
667 1246 766 1317 τὴν
818 1250 1245 1316 Μεσοποταμίαν
1298 1252 1776 1321 καταλαμὸάνουσι
1824 1256 1915 1306 καὶ

334 1338 509 1388 πολλὰ
544 1339 689 1390 κακὰ
721 1343 831 1401 τοῖς
864 1343 1041 1393 ἐκεῖσε
1087 1343 1434 1410 εἰργάσαντο.
1480 1344 1635 1397 Ἐπεὶ
1686 1344 1729 1397 δ’
1755 1346 1783 1396 ό
1814 1346 1912 1413 βα-

332 1428 520 1490 σιλεὺς
562 1432 698 1497 μετὰ
729 1430 967 1501 πλήθους
997 1430 1133 1503 ἧκεν
1164 1436 1242 1497 είς
1273 1435 1630 1504 Καισάρειαν,
1658 1438 1915 1507 Τούρκων

331 1518 540 1585 πλῆθος
590 1522 725 1574 πολὺ
776 1522 962 1590 μαθὼν
1019 1526 1119 1591 τὴν
1179 1524 1363 1592 χώραν
1405 1527 1719 1595 λεηλατοῦν,
1776 1531 1909 1581 ἀπέ-

330 1608 512 1660 στειλε
568 1610 733 1678 μέρος
792 1628 842 1664 τι
881 1612 979 1677 τῆς
1029 1615 1287 1682 στρατιᾶς
1338 1615 1458 1666 κατ’
1488 1616 1686 1667 αὐτῶν.
1731 1615 1912 1684 Μηδὲν

330 1702 561 1764 ἀνύσας,
608 1702 742 1753 ἀλλά
779 1701 984 1768 φεῦγον
1031 1705 1450 1774 ὑποδεξάμενος,
1503 1712 1910 1775 συντεταμένως

328 1792 430 1857 τῆς
461 1794 649 1859 πρόσω
700 1795 869 1861 φορᾶς
923 1796 1118 1863 εἴχετο.
1187 1797 1367 1864 Μήπω
1421 1797 1476 1848 δὲ
1519 1798 1654 1866 μήτε
1700 1800 1906 1866 τάφρου

2026 620 2262 689 gientem
2298 625 2601 694 excipiens,
2632 629 2937 683 commenti
2974 630 3171 685 itinere
3221 631 3452 687 ulterius
3480 647 3607 701 pro-

2024 713 2177 781 gredi
2211 729 2503 783 aggressus
2543 731 2648 774 est.
2697 720 2833 772 Cum
2891 720 3136 774 nondum
3193 737 3368 790 neque
3400 723 3602 776 vallum

2023 822 2202 876 neque
2257 809 2668 866 tabernaculum
2731 824 3113 868 constructmn
3179 824 3350 879 esset,
3411 816 3598 871 hostes

2023 914 2347 969 apparuere,
2372 903 2464 971 qui
2502 907 2774 960 tutissima
2799 908 2915 961 loca
2946 909 3288 977 occupabant
3325 915 3379 963 et
3420 918 3601 962 tumuo

2024 992 2127 1044 los.
2150 992 2313 1048 Edito
2344 1005 2525 1049 autem
2552 999 2791 1052 clamore
2814 1014 2937 1053 cum
2965 1000 3261 1067 imperator
3277 1016 3400 1055 sese
3431 1000 3598 1068 quieti

2022 1085 2247 1140 minime
2306 1088 2628 1155 dedidisSet,
2686 1108 2872 1147 verum
2932 1092 3222 1148 classicum
3282 1093 3598 1151 cecinisset.

2022 1190 2338 1243 processere
2407 1181 2601 1234 ordine
2641 1182 2961 1252 phalanges,
3018 1186 3359 1254 sublatisque
3423 1184 3598 1255 signis

2020 1284 2335 1335 processere
2369 1273 2810 1329 adversariorum
2839 1276 3172 1345 plures.Scd
3205 1293 3326 1331 cum
3352 1279 3596 1347 legiones

2019 1372 2404 1431 occupassent,
2435 1380 2538 1418 una
2576 1365 2890 1437 Lycaonnm
2947 1379 3076 1423 tunc
3112 1370 3403 1438 appellata,
3428 1370 3594 1422 altera

2019 1451 2450 1509 Occidentalium
2492 1459 2773 1525 copiarum
2807 1460 2974 1513 solito
3012 1460 3292 1523 audacior,
3335 1460 3597 1515 adversus

2022 1545 2207 1598 hostes
2254 1545 2487 1610 irruere,
2538 1562 2634 1601 eos
2662 1548 2728 1601 ad
2767 1549 2949 1619 fugam
2983 1551 3166 1604 statim
3201 1561 3451 1619 spectare
3472 1566 3597 1604 coe-

2019 1642 2233 1700 gerunt.
2264 1635 2326 1688 Et
2359 1651 2481 1688 cum
2515 1636 2813 1703 imperator
2833 1640 3108 1708 reliquum
3141 1634 3438 1695 exercitum
3476 1649 3598 1695 ante

2017 1726 2360 1794 produceret,
2390 1730 2654 1797 reliquam
2681 1744 2900 1799 quoque
2920 1732 3161 1785 hostium
3193 1733 3593 1791 multitudinem

2017 1832 2140 1868 cum
2164 1816 2288 1871 aliis
2322 1816 2660 1887 fugientibus
2686 1821 2851 1874 simul
2887 1821 3075 1890 fugere
3100 1821 3391 1889 compulit.
3425 1823 3598 1875 Acce-

332 1885 472 1949 μήτε
514 1883 840 1951 σκηνώσεως
876 1887 1196 1954 γενομένης,
1248 1887 1523 1956 ἐφάνησαν
1567 1890 1615 1940 οἱ
1654 1890 1913 1956 ⁴πολέμιοι
1948 1875 1986 1927 Β
2018 1908 2079 1962 de

1851 1906 1913 1940 λοι
1948 1875 1986 1927 Β
2018 1908 2276 1963 dentibus
2315 1917 2499 1962 autem
2553 1910 2817 1966 militibus
2848 1921 2899 1965 et
2940 1912 3270 1982 Scytharum
3308 1925 3598 1965 mercena-

331 1978 391 2026 τὰ
433 1978 777 2045 ἐρυμνότατα
817 1978 922 2030 τῶν
970 1980 1151 2031 τόπων
1200 1981 1523 2048 κατέχοντες
1556 1982 1650 2032 καὶ
1688 1982 1785 2042 τὰς
1821 1981 1908 2033 λο-

329 2071 478 2132 φιᾶς.
518 2070 658 2134 Boi;
685 2070 740 2120 δὲ
770 2072 1089 2140 γενομένης,
1125 2074 1200 2140 μὴ
1231 2074 1588 2135 ἐκδεδωκότος
1633 2074 1725 2125 τοῦ
1757 2073 1911 2143 βατι-

329 2162 464 2223 λέως
488 2163 681 2214 ἑαυτὸν
708 2164 1040 2225 ἀναπαύσει,
1072 2165 1204 2218 ἁλλὰ
1230 2167 1287 2217 τὸ
1318 2168 1564 2219 ἐνυάλιον
1608 2167 1908 2218 σαλπίσαν-

328 2270 435 2315 τος,
497 2252 772 2323 προῄεσαν
808 2256 946 2307 κατὰ
982 2258 1135 2323 τάξιν
1184 2259 1240 2311 αί
1271 2259 1572 2325 φάλαγγες.
1618 2258 1910 2327 Ἀρθεισῶν

327 2346 380 2395 δέ
410 2345 524 2396 τῶν
558 2347 805 2414 σημαιῶν
853 2349 1165 2418 προέκοψαν
1214 2352 1313 2419 μὲν
1350 2350 1457 2401 τῶν
1495 2351 1750 2403 ἐναντίων
1783 2352 1911 2403 πολ-

328 2433 422 2485 λοί·
488 2437 869 2505 προλαϐόντων
920 2440 977 2492 δὲ
1034 2440 1144 2492 τῶν
1181 2442 1505 2509 ταγμάτων,
1560 2442 1619 2494 ἓν
1655 2444 1752 2510 μὲν
1800 2442 1909 2495 τῶν

328 2527 620 2579 Λυκαόνων
680 2528 974 2597 λεγόμενον
1009 2570 1024 2594 ,
1086 2531 1276 2603 ἕτερον
1330 2534 1386 2585 δὲ
1437 2534 1544 2585 τῶν
1605 2533 1908 2604 Ἐσπερίων

329 2617 605 2685 ἀριθμῶν,
638 2619 731 2670 καὶ
767 2621 862 2672 τοῦ
926 2621 1192 2692 συνήθους
1227 2624 1587 2695 ⁵θρασύτερον
1625 2626 1768 2680 κατά
1798 2626 1907 2679 τῶν

330 2707 588 2759 ἐναντίων
626 2707 897 2761 ἐλάσαντα
946 2709 1084 2780 πρὸς
1130 2713 1310 2781 φυγὴν
1350 2711 1513 2774 εὐθὺς
1542 2713 1753 2765 ἀπιδεῖν
1776 2729 1907 2765 κατ-

330 2797 671 2863 ηνάγκασαν.
743 2800 1183 2869 Προδιὸἀζοντος
1239 2803 1296 2855 δὲ
1351 2803 1443 2855 τοῦ
1504 2803 1767 2873 βασιλέως
1807 2805 1907 2874 τὴν

329 2888 519 2960 λοιπὴν
556 2893 838 2959 στρατιὰν,
886 2897 980 2946 καὶ
1035 2895 1093 2947 τὸ
1135 2895 1321 2949 λοιπὸν
1360 2897 1559 2965 πλῆθος
1592 2897 1701 2949 τῶν
1749 2898 1907 2949 πολε-

331 2982 462 3046 μίων
487 2986 603 3046 τοῖς
642 2985 902 3053 φεύγουσι
960 2988 1302 3056 συνδιέφυγε.
1346 2989 1661 3060 Παριόντων
1702 2991 1759 3043 δὲ
1798 2991 1906 3042 τῶν

330 3075 679 3142 στρατιωτῶν
734 3078 829 3128 καὶ
876 3076 972 3129 τοῦ
1042 3078 1437 3148 μισθοφορικοῧ
1499 3082 1607 3133 τῶν
1659 3083 1902 3145 Σκυθῶν,

2016 2002 2132 2062 riis,
2170 2001 2300 2056 Uzis
2335 2002 2582 2071 inquam,
2621 2005 2765 2056 haud
2813 2007 3008 2073 exigua
3058 2003 3363 2057 Turcorum
3395 2002 3596 2056 cohors

2016 2095 2066 2147 in
2104 2093 2381 2149 Romanos
2432 2097 2671 2161 invasit;
2706 2110 2845 2166 quos
2899 2096 3239 2164 excipientes
3293 2094 3470 2148 relicti
3528 2094 3594 2147 ad

2013 2188 2318 2240 custodiam
2365 2189 2588 2253 milites,
2621 2198 2674 2243 et
2707 2198 2834 2243 ante
2888 2204 3079 2242 omnes
3142 2186 3367 2251 Franci,
3425 2186 3599 2240 eomi-

2014 2294 2227 2346 nusque
2258 2280 2539 2348 congressi
2559 2289 2611 2335 et
2638 2280 2857 2335 abunde
2878 2280 3103 2350 prmliati
3137 2280 3418 2341 fuderunt,
3447 2278 3595 2331 nulla

2012 2387 2075 2426 ex
2110 2369 2371 2427 Romanis
2401 2372 2729 2441 legionibus,
2763 2388 2883 2442 qua:
2916 2373 2987 2426 ibi
3010 2372 3201 2441 posita:
3225 2370 3591 2433 erant,Fran-

2011 2461 2089 2513 eis
2122 2460 2205 2513 vel
2236 2461 2475 2530 simplici
2510 2463 2715 2531 impetu
2757 2476 2914 2529 Opem
2946 2460 3171 2514 ferente.
3216 2460 3422 2514 Interea
3451 2475 3593 2527 quo-

2008 2568 2117 2620 que
2153 2568 2181 2605 a
2222 2554 2599 2621 persequendo
2659 2554 2900 2608 redierat
2972 2555 3267 2620 imperator
3309 2553 3471 2622 681
3527 2551 3594 2603 ad

2010 2658 2295 2712 vesperam
2331 2661 2344 2695 :
2373 2660 2498 2697 nam
2551 2644 2877 2713 crepusculo
2934 2646 3111 2698 noctis
3145 2644 3440 2697 conﬂatum
3471 2645 3591 2698 fue-

2011 2742 2093 2788 rat
2129 2736 2398 2804 praelium.
2434 2734 2707 2790 Postridie
2750 2750 2878 2790 vero
2931 2734 3152 2805 publice
3178 2749 3281 2805 pro
3333 2735 3592 2790 tribunali

2008 2828 2204 2881 sedens
2244 2836 2434 2897 captos
2501 2828 2689 2882 hostes
2721 2837 2963 2881 extrema
2991 2828 3261 2881 sententia
3288 2826 3592 2889 damnavit,

2011 2919 2215 2972 nemini
2253 2934 2482 2987 prorsus
2523 2934 2773 2989 parcens,
2806 2935 2871 2974 ac
2932 2934 2998 2972 ne
3052 2920 3153 2988 ipsi
3192 2918 3416 2987 quidem
3447 2923 3593 2988 ipso-

2010 3026 2130 3063 rum
2179 3011 2327 3074 duci,
2366 3011 2583 3065 tametsi
2635 3012 2805 3065 multo
2838 3012 3013 3079 pretio
3070 3026 3128 3065 se
3177 3012 3590 3081 redempturum

2010 3101 2393 3168 pollicebatur.
2426 3100 2695 3156 Triduum
2726 3116 2857 3155 vero
2894 3102 2949 3154 in
2980 3103 3178 3156 castris
3210 3111 3457 3155 moratus
3491 3101 3593 3154 itu-

327 3165 429 3215 τῶν
459 3165 652 3229 Οΰζων
699 3168 865 3235 φημὶ,
898 3168 1052 3236 λόχος
1087 3169 1391 3239 Τουρκικος
1443 3172 1542 3223 οὐκ
1576 3172 1755 3239 ὀλίγος
1792 3178 1903 3236 τοῖς
1934 3201 1977 3260 C
2012 3165 2074 3265 bc

1845 3178 1903 3236 ’ῖς
1934 3201 1977 3260 c
2012 3202 2252 3265 perator,
2284 3195 2389 3247 hoc
2422 3209 2693 3263 prospero
2748 3208 3011 3248 successu
3054 3194 3310 3256 satiatus.
3345 3192 3592 3261 pluribus

338 3259 629 3325 Ῥωμαίοις
676 3259 1054 3328 προσέπεσεν’
1100 3260 1193 3323 οὓς
1242 3262 1524 3331 δεξάμενοι
1574 3266 1624 3316 οἱ
1659 3264 1897 3335 περιλει-

327 3350 544 3416 φθέντες
580 3352 659 3412 εἰς
697 3350 947 3421 φυλακὴν
1002 3354 1373 3422 στρατιῶται,
1418 3355 1521 3424 πρὸ
1588 3357 1806 3410 πάντων
1853 3359 1899 3411 δ’

324 3443 372 3494 οἱ
402 3444 668 3511 Φράγγοι,
714 3445 809 3494 καὶ
840 3445 1169 3513 ἀγχεμάχως
1204 3447 1617 3513 συμπλακέντες
1661 3450 1753 3501 καὶ
1782 3451 1899 3503 ἱκα-

324 3533 425 3594 νῶς
471 3533 965 3604 ἀνθαμιλληθέντες
993 3537 1313 3605 ἐτρέψαντο,
1348 3538 1575 3607 μηδενὸς
1612 3540 1720 3592 τῶν
1746 3542 1897 3593 ἱστα-

329 3626 497 3691 μένων
541 3625 841 3691 ταγμάτων
892 3625 1217 3693 Ῥωμαῗκῶν
1268 3632 1380 3691 τοῖς
1413 3630 1685 3699 Φράγγοις
1736 3631 1898 3702 μέχρι

327 3719 415 3769 καὶ
461 3717 642 3785 ἁπλῆς
686 3716 866 3786 ὁρμῆς
925 3718 1467 3787 παραϐοηθήσαντος.
1513 3721 1600 3773 Ἐν
1646 3721 1820 3791 τούτῳ
1853 3722 1898 3774 δ’

328 3812 634 3880 ὑπέστρεψε
681 3813 778 3862 καὶ
808 3814 833 3863 ὁ
874 3812 1125 3880 βασιλεὺς
1149 3812 1246 3879 τῆς
1272 3813 1505 3877 διώξεως
1553 3814 1687 3883 πρὸς
1723 3815 1889 3867 ἐσπέ-

326 3919 455 3971 ραν·
514 3904 646 3972 περὶ
687 3903 867 3971 δείλην
927 3905 1035 3973 γὰρ
1096 3908 1323 3975 συνέστη
1361 3909 1388 3959 ὁ
1421 3906 1678 3975 πόλεμος.
1742 3907 1822 3976 Τῇ
1854 3908 1898 3960 δ’

325 3997 582 4065 ἐπαύριον
621 3994 857 4065 δημοσίᾳ
902 3996 1132 4059 καθίσας
1161 3998 1286 4060 τοὺς
1318 3998 1628 4063 ἑαλωκότας
1656 3999 1765 4051 τῶν
1796 4016 1899 4052 πο·

323 4088 519 4155 λεμῐων
566 4092 634 4158 τῇ
700 4088 985 4157 τελευταία
1023 4089 1188 4159 ψήφῳ
1222 4092 1523 4161 παρέδωκε,
1562 4092 1790 4161 μηδενὸς
1836 4094 1898 4145 τὸ

324 4181 584 4249 παράπαν
634 4181 986 4247 φεισάμενος,
1022 4180 1142 4247 μηδ’
1176 4182 1345 4233 αὑτοῦ
1372 4183 1465 4235 τοῦ
1503 4184 1769 4251 ἡγεμόνος
1798 4186 1898 4236 αὑ-

320 4271 445 4334 τῶν,
474 4272 521 4321 εί
550 4271 645 4322 καὶ
675 4269 884 4321 πολλῶν
910 4269 1120 4334 λύτρων
1153 4269 1311 4322 ὢνιον
1341 4272 1535 4325 ἑαυτὸν
1564 4274 1895 4341 ποιήσασθαι

321 4360 706 4429 ἐπηγγέλλετο.
757 4358 846 4428 [Ρ.
878 4359 1006 4429 851]
1052 4361 1468 4429 Τριημερεύσας
1498 4363 1551 4415 δέ
1580 4366 1607 4415 ὁ
1645 4364 1895 4431 βασιλεὺς

321 4452 375 4501 ἐν
402 4454 464 4519 τῇ
498 4450 849 4519 παρεμϐολῇ,
875 4449 953 4517 τῷ
986 4455 1364 4520 προτερήματι
1411 4452 1584 4523 τούτῳ
1607 4456 1767 4524 κόρον
1797 4456 1894 4509 λα-

321 4541 445 4603 εὼν,
484 4542 699 4602 πολλοῖς
729 4540 915 4594 ἄδειαν
935 4541 1132 4593 δέδωκε
1160 4542 1267 4594 τῶν
1292 4544 1550 4596 ἐναντίων
1575 4547 1891 4615 ἀποφυγῆς,
1924 4529 1974 4587 D

320 4631 389 4693 ὡς
423 4633 559 4701 μηδέ
612 4632 713 4699 τῆς
743 4632 893 4694 λείας
938 4633 1294 4702 ἀποσχέσθαι.
1326 4636 1434 4686 Καὶ
1477 4637 1714 4700 ἀναστὰς
1750 4642 1895 4691 ἐκεῖ·

321 4722 407 4774 θεν
436 4724 675 4775 κατόπιν
707 4722 885 4774 αὐτῶν
915 4723 1151 4787 ἐϐάδιζε.
1185 4727 1796 4797 Στρατοπεδευσάμενος
1836 4732 1893 4784 δὲ

318 4813 389 4876 ὡς
422 4816 531 4867 ἀπὸ
584 4815 957 4883 διαστήματος
1003 4818 1225 4885 ἡμερῶν
1268 4819 1363 4871 δύο
1416 4821 1515 4889 τῆς
1562 4821 1890 4893 Μελιτηνῆς,

322 4905 635 4958 ἐϐουλεύετο
681 4907 873 4975 μοῖράν
921 4924 1043 4960 τινα
1088 4908 1182 4960 τοῦ
1237 4912 1470 4980 στρατοῦ
1529 4914 1895 4983 μερισάμενος

318 4996 531 5065 ἀφεῖναι
588 4998 709 5058 τοῖς
760 4998 1024 5061 ἐναντίοις
1082 5000 1449 5069 ἐπιτείχισμα,
1482 5004 1642 5065 αὐτὸς
1684 5005 1738 5057 δὲ
1778 5008 1895 5074 ἆμα

318 5091 478 5144 παντὶ
538 5091 617 5157 τῷ
659 5092 877 5162 στρατῷ
939 5094 1272 5163 ὑποστρέψαι
1310 5097 1441 5165 πρὸς
1489 5099 1557 5149 τὰ
1621 5098 1892 5167 βασίλεια.

329 5184 610 5251 Ἀγεννοῦς
659 5184 719 5236 δὲ
775 5187 873 5253 τῆς
916 5187 1108 5255 βουλῆς
1150 5188 1378 5259 δοξάσης
1442 5193 1536 5243 καὶ
1573 5193 1893 5263 ἀσυμφόρου

318 5277 688 5345 μεταθέμενος
749 5278 879 5330 εὐθὺ
933 5279 1024 5330 τοῦ
1073 5280 1357 5349 Εὐφράτου
1411 5283 1699 5336 ὲὸἀδισεν·
1756 5282 1895 5355 ἦσαν

316 5370 417 5439 γάρ
443 5370 594 5437 παρὰ
629 5368 734 5429 τὰς
761 5369 927 5438 ὄχθας
953 5372 1115 5423 αὐτοῦ
1147 5376 1514 5443 ἐσκηνωμένοι
1536 5378 1584 5428 οἱ
1624 5377 1893 5448 πολέμιοι,

310 5456 357 5508 οἷ
394 5460 485 5510 καὶ
534 5459 743 5511 αὐτίκα
817 5461 1113 5529 πυθόμενοι
1170 5464 1268 5531 τὴν
1329 5465 1424 5517 τοῦ
1468 5466 1731 5535 βασιλέως
1772 5472 1894 5524 κατ’

312 5550 484 5603 αὐτῶν
528 5551 755 5619 κίνησιν
818 5551 1189 5624 ἀνεχώρησαν.
1228 5556 1286 5608 '0
1346 5558 1402 5610 δὲ
1452 5557 1707 5627 βασιλεὺς
1762 5563 1891 5617 εὐθὺ

322 5641 796 5711 Ῥωμανοπόλεως
831 5644 1093 5709 ἐλαύνων,
1127 5647 1381 5701 κάκεῖθεν
1432 5651 1565 5719 πρὸς
1616 5652 1677 5703 τὸ
1715 5654 1893 5707 Χλέατ

316 5730 653 5801 διαγενέσθαι
698 5734 1042 5807 βουλόμενος,
1080 5740 1138 5793 ἕν
1183 5758 1286 5795 τινι
1333 5744 1483 5814 τόπῳ
1536 5751 1889 5818 κατασκηνοῖ,

322 5824 408 5877 καὶ
431 5825 519 5881 τὸν
535 5828 734 5899 Φιλάρε
747 5846 834 5881 τον
866 5828 951 5902 (ἦν
978 5834 1033 5887 δέ
1056 5834 1145 5888 τοῦ
1188 5836 1292 5890 τῶν
1328 5838 1653 5909 Βραχαμίων
1680 5841 1891 5913 γένους)

2006 3287 2256 3341 hostibus
2288 3284 2603 3355 aufugicndi
2648 3286 2878 3340 liberam
2930 3286 3162 3356 praebuit
3216 3286 3588 3347 occasionem,

2004 3380 2079 3432 ita
2121 3388 2176 3432 ut
2223 3394 2291 3432 ne
2351 3394 2380 3432 a
2426 3379 2606 3449 praeda
2664 3378 2886 3448 quidem
2945 3394 3068 3433 sese
3101 3379 3494 3433 abstinuerint.
3523 3379 3592 3433 Et

2003 3468 2127 3522 inde
2161 3466 2441 3536 profectus
2478 3483 2506 3520 a
2533 3476 2686 3535 tergo
2732 3470 2977 3535 ipsorum
3014 3468 3320 3531 incedebat,
3351 3479 3405 3521 et
3438 3468 3589 3521 bidui

2002 3562 2181 3630 spatio
2223 3576 2253 3613 a
2281 3559 2537 3614 Melitene
2579 3560 2779 3615 castris
2818 3560 3015 3629 positis
3049 3562 3331 3615 statuebat
3369 3570 3581 3628 partem

2001 3651 2295 3719 quamdam
2332 3652 2611 3707 exercitus
2663 3652 2895 3707 divisam
2948 3654 3281 3722 relinquere,
3338 3664 3395 3707 ut
3441 3663 3589 3708 esset

2002 3742 2252 3796 hostibus
2280 3743 2772 3811 propugnaculum.
2798 3741 2955 3810 Quod
2988 3746 3279 3799 consilium
3314 3761 3438 3798 cum
3483 3747 3587 3799 mi—

2002 3836 2149 3889 nime
2208 3849 2536 3903 generosum
2598 3836 2778 3890 visum
2830 3845 2975 3890 esset
3011 3847 3063 3890 et
3099 3836 3313 3901 inutile,
3378 3845 3585 3892 mutata

2001 3926 2294 3989 sententia,
2322 3935 2470 3981 recta
2512 3927 2577 3981 ad
2613 3926 2947 3997 Euphratem
2982 3930 3286 3983 contendit.
3322 3930 3400 3984 Ad
3426 3930 3586 3997 cujus

2002 4020 2149 4089 ripas
2200 4018 2555 4073 tabernacula
2618 4020 2807 4075 hostes
2868 4032 3189 4091 posuerant,
3240 4022 3334 4092 qui
3397 4024 3582 4076 stati-tt

2000 4110 2185 4164 audito
2214 4110 2561 4179 imperatoris
2596 4121 2789 4166 contra
2812 4120 3038 4167 setnotu
3076 4121 3443 4167 recesserunt.
3475 4113 3584 4166 lm-

2000 4212 2219 4270 perator
2244 4212 2425 4256 autem
2468 4210 2616 4256 recta
2666 4204 2732 4257 ad
2763 4202 3180 4274 Romanopolim
3223 4207 3582 4266 contendens.

2000 4301 2054 4345 et
2114 4292 2238 4346 inde
2274 4294 2340 4347 ad
2379 4294 2574 4349 Chleat
2618 4298 2891 4364 proficisci
2948 4299 3197 4361 studens,
3235 4298 3467 4366 quodam
3525 4299 3579 4353 in

2001 4384 2120 4433 loco
2151 4392 2329 4434 castra
2379 4383 2571 4451 ponit;
2606 4392 2658 4436 et
2703 4383 3040 4437 Philarclum
3103 4387 3242 4455 (erat
3272 4387 3358 4439 hic
3384 4403 3584 4455 genere

2001 4474 2383 4543 Brachamius)
2417 4477 2612 4529 ducem
2652 4491 2774 4528 cum
2811 4494 3023 4530 sut‘nma
3065 4486 3334 4546 potestate
3390 4478 3579 4533 decla-

2003 4575 2083 4618 rat
2113 4582 2124 4617 :
2153 4566 2332 4620 diviso
2366 4567 2512 4619 enim
2547 4565 2801 4620 bifariam
2858 4570 3103 4622 exercitu
3156 4570 3436 4623 fortiorem
3476 4570 3580 4638 ipsi

1998 4666 2203 4725 partem
2266 4658 2537 4719 attribuit,
2604 4657 2813 4711 homini
2884 4659 3173 4712 militarem
3233 4660 3578 4729 prudentiam

1997 4748 2229 4814 gloi-iose
2283 4749 2583 4819 profitenti,
2618 4751 2714 4804 sed
2763 4751 2942 4819 turpis
2998 4766 3061 4806 ac
3101 4752 3388 4807 dissolutae
3429 4753 3575 4817 vitat,

1998 4840 2421 4909 turpissimeque
2473 4842 2636 4893 vitam
2670 4854 2824 4893 suam
2856 4842 3197 4910 transigenti,
3231 4843 3433 4913 quique
3452 4858 3577 4897 cum

1997 4930 2197 4985 Turcis
2260 4935 2408 4986 varie
2439 4939 2752 5001 ‘pugnarat,
2815 4932 2911 4987 sed
2946 4935 3000 4985 in
3034 4935 3257 4987 maximi
3312 4934 3575 4987 momenti

1998 5025 2160 5076 rebus
2191 5024 2491 5077 debellatus
2544 5023 2757 5087 fuerat,
2791 5034 2843 5079 ct
2873 5026 2994 5079 ideo
3042 5026 3378 5095 contemptui
3414 5026 3578 5081 habe-

1997 5116 2191 5181 bultll';
2236 5132 2341 5169 non
2375 5123 2555 5169 tamen
2600 5117 2672 5170 ab
2710 5118 2776 5171 iis
2806 5133 2864 5171 se
2892 5119 3229 5182 continebat,
3262 5117 3357 5172 sed
3398 5118 3575 5189 impe-

1999 5207 2137 5260 rium
2198 5209 2428 5261 militare
2471 5209 2541 5263 ob
2590 5209 2754 5279 682
2808 5211 3090 5264 avaritiam
3160 5220 3213 5263 ct
3274 5213 3575 5281 peregrinae

1998 5300 2206 5353 militiae
2243 5300 2519 5368 stipendia
2572 5305 2945 5370 exspectabat.
2998 5305 3304 5371 Imperator
3330 5319 3461 5356 vero
3504 5305 3569 5354 ad

1997 5403 2179 5457 partes
2203 5391 2374 5459 magis
2391 5392 2579 5445 Boreae
2615 5392 2891 5461 subjectas
2927 5396 3185 5457 accessit,
3219 5403 3276 5446 ut
3309 5395 3380 5449 ibi
3415 5395 3570 5449 nives

1996 5492 2049 5534 et
2081 5496 2275 5550 aquam
2309 5480 2590 5551 frigidam,
2631 5497 2657 5533 a
2683 5484 2907 5550 quibus,
2939 5484 3085 5552 quod
3138 5493 3286 5537 esset
3338 5500 3570 5553 corpore

1998 5570 2290 5623 admodum
2340 5572 2571 5633 calidus,
2614 5572 2715 5625 sibi
2752 5584 3054 5643 temperare
3097 5576 3379 5643 nequibat,
3418 5579 3569 5630 inve-

1998 5663 2159 5716 niret.
2218 5664 2653 5732 Pragressusque
2690 5680 2787 5733 per
2819 5682 3011 5731 aspera
3050 5666 3298 5734 quaedam
3340 5676 3394 5721 et
3436 5668 3568 5722 ditii-

1998 5755 2118 5809 cilia
2177 5756 2293 5809 loca
2337 5755 2403 5809 ad
2457 5756 2636 5810 locum
2701 5759 2989 5826 quemdam
3057 5761 3290 5815 Anthias
3345 5760 3572 5816 nomine

1998 5847 2264 5915 pervenit,
2300 5846 2591 5903 herbarum
2632 5858 2683 5903 et
2737 5848 2903 5904 tritici
2972 5848 3251 5905 fertilitate
3307 5858 3569 5920 praestan-
