4424 6450
409 412 510 472 41³1

1858 416 1904 473 Il
1922 412 2167 473 lSTl‘lRI
2184 418 2247 474 Α.

3559 408 3660 471 618

418 523 696 593 ροιεδῆσαι
724 524 817 574 καὶ
843 521 1232 592 άνερῤίξασθαι
1269 520 1361 573 καὶ
1407 520 1612 582 πάντας
1662 521 1830 589 ἄρδην
1862 524 1985 583 τους
2022 531 2059 581 Α
2095 529 2163 572 stt

1908 524 1985 583 iu;
2022 531 2059 581 Α
2095 518 2278 572 studio
2337 526 2389 569 ct
2450 519 2617 571 animi
2668 518 2951 571 alacritate
3005 516 3412 586 quamprimum
3474 519 3655 586 egredi

414 616 899 681 καταπεφευγότας
931 612 1271 666 κατακλύσαι
1302 611 1395 662 καὶ
1425 612 1509 663 διά
1546 610 1715 678 ξηρᾶς
1750 612 1983 676 ύποὶῖρυ-

412 710 559 777 χίους
597 707 948 778 ποιήσασθαι.
992 704 1175 756 Ταῦτα
1228 701 1517 771 τοιγαροῦν
1561 702 1984 769 ἐπιδιτεγηθέντα

412 801 612 866 πολλὴν
672 800 871 866 ἐνῆκαν
920 796 1021 864 τὴν
1070 794 1306 861 ἀθυμίαν
1372 796 1539 860 ἡμῖν,
1612 790 1981 859 λογιζομένοις

423 889 725 957 θεοσημίαν
760 882 897 938 εἶναι
918 886 978 937 τὸ
995 884 1213 954 γεγονὸς
1238 884 1329 934 καὶ
1353 883 1508 950 μῆνιν
1533 883 1626 933 καὶ
1651 882 1802 949 χόλον
1829 879 1983 942 Θεοῦ,

413 977 487 1038 ὡς
514 977 585 1045 μὴ
618 976 774 1043 μόνον
794 977 899 1025 τῶν
934 972 1207 1040 πολεμίων
1240 972 1372 1025 ἀλλὰ
1401 970 1538 1042 [καὶ]
1567 970 1671 1022 τῶν
1708 971 1983 1037 στοιχείων

419 1054 869 1135 ἀντιμαχομένων
908 1066 1060 1132 ἡμῖν.
1096 1064 1363 1134 Πρότερον
1395 1064 1502 1130 γὰρ
1539 1064 1571 1130 ἡ
1608 1063 1839 1127 τοσαύτη
1880 1063 1985 1114 τῶν

413 1159 583 1209 ὲθνῶν
629 1157 774 1227 ὁρμὴ
833 1158 925 1209 καὶ
975 1158 1203 1224 ἔπαρσις
1264 1154 1489 1207 καὶτῶν
1546 1154 1650 1204 ὑπὸ
1683 1153 1984 1222 Ῥωμαίους

413 1242 712 1301 τελούντων
764 1247 1050 1313 κατακοπὴ
1092 1246 1228 1315 ὀργὴ
1266 1247 1363 1313 μὲν
1398 1243 1490 1296 τοῦ
1521 1245 1676 1302 Θεοῦ,
1707 1246 1849 1297 κατὰ
1878 1246 1987 1296 τῶν

414 1336 708 1405 αἱρετικῶν
765 1336 843 1397 δὲ,
900 1336 948 1386 οἳ
1009 1337 1108 1401 τὴν
1154 1333 1395 1405 Ἰϐηρίαν
1429 1333 1523 1386 καὶ
1561 1335 1987 1402 Μεσοποταμίαν

417 1428 581 1495 μέχρι
618 1426 898 1478 Λυκανδοῦ
933 1427 1023 1476 καὶ
1056 1423 1365 1490 Μελιτηνῆς
1396 1424 1490 1475 καὶ
1512 1424 1610 1490 τὴν
1644 1423 1984 1490 παρακειμέ’

414 1534 515 1585 νην
556 1516 797 1568 οἰκοῦσιν
840 1515 1154 1583 Ἀρμενίαν,
1188 1514 1283 1563 καὶ
1326 1514 1375 1564 οἳ
1420 1514 1516 1581 τὴν
1564 1514 1859 1581 Ίουδαῖκὴν
1891 1513 1984 1565 τοῦ

416 1608 712 1676 Νεστορίου
747 1607 840 1657 καὶ
879 1606 987 1656 τῶν
1047 1604 1364 1671 Ἀκεφάλων
1399 1604 1792 1674 θρησκεύουσιν
1838 1605 1985 1673 αἵρεε

416 1716 503 1750 σιν
529 1715 540 1726 ·
578 1699 668 1750 xei".
697 1698 804 1766 γὰρ
837 1696 1130 1765 πλήθουσιν
1161 1696 1275 1747 αἵδε
1305 1698 1358 1748 ai
1390 1697 1564 1764 χῶραι
1588 1697 1683 1763 τῆς
1731 1696 1984 1761 τοιαύτης

416 1790 753 1852 κακοδοξίας.
794 1789 961 1841 Ἐπὰν
1003 1788 1057 1839 δὲ
1097 1786 1188 1839 καὶ
1219 1788 1328 1838 τῶν
1374 1786 1669 1854 ὸρθοδὸξων
1696 1788 1873 1855 ἥψατο
1921 1788 1981 1838 τὸ

2090 618 2143 661 et
2200 607 2368 676 688
2400 622 2511 660 suae
2546 609 2747 673 regioni
2776 622 2932 675 apem
2967 607 3104 659 ferre
3134 608 3408 672 cupiebat.
3472 606 3578 660 Sed
3627 624 3657 659 a

2091 698 2423 750 consiliariis
2471 705 2523 748 ct
2583 698 2919 764 ignoratione
2998 696 3359 748 multitudinis
3413 696 3652 749 hostium

2093 787 2504 854 prohibebatur.
2568 783 2627 836 lli
2675 797 2828 838 erant
2902 784 3246 852 NilCPIIOI'IIS
3298 783 3653 853 Palmologus.

2090 877 2173 929 vir
2223 876 2617 931 honestissimo
2669 874 2791 927 loco
2842 886 3025 936 natus.
3092 884 3146 927 et
3203 874 3649 943 philosophorum

2088 969 2344 1038 princeps
2401 965 2799 1021 Constantinus
2859 966 3089 1026 Pscllus,
3131 975 3295 1034 atque
3351 966 3403 1018 in
3463 966 3656 1032 primis

2094 1058 2274 1113 Caesar
2340 1060 2486 1112 illius
2560 1060 2653 1128 qui
2719 1067 2877 1111 antea
2941 1057 3298 1125 imperaverat
3353 1063 3656 1127 cognatus,

2090 1153 2181 1220 qui
2219 1159 2478 1220 quantmn
2508 1151 2560 1203 in
2605 1151 2741 1219 ipsis
2790 1160 2926 1211 erat,
2958 1165 3025 1202 ne
3074 1150 3253 1203 vivere
3282 1150 3500 1218 quidem
3531 1165 3653 1202 eum

2090 1242 2576 1309 cupiebant,quod
2634 1241 2737 1295 sibi
2798 1242 2981 1309 gravis
3031 1250 3195 1301 esset,
3226 1250 3279 1292 et
3332 1240 3485 1293 valde
3530 1254 3653 1293 cum

2086 1334 2317 1387 oderant
2361 1343 2419 1384 ut
2459 1333 2635 1383 virum
2703 1330 3027 1397 generosum
3084 1344 3147 1382 ac
3192 1328 3407 1391 fortem,
3452 1328 3656 1396 quique.

2088 1423 2241 1490 regni
2296 1436 2608 1475 assessores
2677 1421 2897 1474 haberet
2960 1420 3116 1474 ducis
3172 1420 3354 1481 filios;
3412 1426 3655 1471 attamen

2091 1522 2277 1580 aperte
2309 1510 2767 1578 verebanturipsi
2819 1509 3034 1562 inutilia
3068 1509 3375 1562 consulere.
3422 1509 3645 1576 Aliquot

2088 1613 2209 1671 post
2241 1601 2439 1655 diebus
2462 1602 2603 1654 venit
2636 1602 2761 1654 item
2799 1600 3018 1653 Manuel
3072 1600 3435 1669 curopalates,
3468 1615 3654 1657 secum
3690 1630 3693 1633 -

2085 1692 2364 1745 adducens
2399 1690 2636 1744 Turcum
2669 1691 2819 1744 illum
2849 1705 2878 1743 a
2908 1705 3018 1759 quo
3044 1690 3294 1744 detentus
3326 1690 3521 1751 fuerat,
3546 1705 3653 1743 non

2086 1781 2336 1843 invitum,
2374 1780 2467 1833 sed
2501 1789 2693 1847 sponte
2733 1794 2791 1835 se
2832 1781 2884 1832 in
2930 1780 3249 1834 servitutem
3314 1780 3657 1847 imperatoris

414 1879 611 1943 δεινὸν,
667 1881 724 1931 ἐν
760 1878 1061 1946 ἀμηχάνοις
1110 1874 1250 1945 ἦσαν
1290 1878 1485 1940 πάντες
1514 1879 1562 1929 οἱ
1603 1879 1668 1930 τά
1699 1879 1981 1945 Ῥωμαίων
2010 1868 2057 1925 Β
2085 1871 2161 1923 det

1908 1895 1981 1930 ων
2010 1868 2057 1925 Β
2085 1870 2446 1923 dedicantem.
2488 1870 2621 1922 Nam
2652 1885 2774 1923 cum
2810 1870 3054 1923 sultanus
3081 1885 3205 1938 erga
3230 1871 3402 1937 ipsum
3433 1869 3655 1921 inimico

414 1975 838 2042 θρησκεύοντες,
885 1972 1274 2041 πεπληρῶσθαι
1335 1972 1428 2023 καὶ
1470 1972 1526 2022 τὸ
1558 1971 1734 2023 αὐτῶν
1788 1971 1985 2039 μέτρον

414 2059 506 2115 οἷα
554 2066 647 2114 καὶ
701 2062 763 2114 τὸ
811 2062 917 2113 τῶν
984 2060 1324 2130 Ἀμορραίων
1374 2059 1731 2127 λογιζόμενοι,
1778 2058 1872 2109 καὶ
1907 2075 1984 2108 πι-

418 2155 700 2215 στεύοντες
729 2152 1028 2221 τηνικαῦτα
1076 2152 1150 2213 ῶς
1180 2153 1285 2219 ἄρα
1320 2151 1379 2202 οὐ
1424 2151 1582 2218 μόνον
1608 2150 1786 2210 πίστις
1821 2151 1985 2201 άπαι-
2030 2174 2035 2178 ~

416 2248 771 2315 τεῖταιόρθὴ.
815 2247 947 2298 ἀλλὰ
984 2246 1077 2297 καὶ
1126 2245 1235 2313 βίος
1261 2247 1328 2313 τῇ
1376 2244 1554 2294 πίστει
1579 2242 1983 2309 ἀνθιστάμενος.

417 2339 511 2388 Διὸ
538 2338 631 2388 καὶ
669 2337 989 2404 ἀμφότεροι.
1025 2336 1053 2386 ὅ
1088 2352 1145 2387 τε
1181 2334 1308 2402 περὶ
1342 2334 1440 2401 τὴν
1476 2333 1652 2384 πίστιν
1683 2331 1987 2400 σφαλλόμε-

421 2444 512 2486 νος
560 2425 759 2494 δηλαδὴ
791 2426 881 2477 καὶ
915 2426 942 2475 ὁ
970 2425 1097 2491 περὶ
1122 2423 1214 2474 τὸν
1250 2422 1361 2490 βίον
1396 2422 1719 2484 ὑποσκάζων
1757 2422 1849 2473 καὶ
1881 2439 1986 2489 χω·

418 2517 614 2578 λεύων,
649 2519 704 2567 ἐν
737 2517 826 2586 ἴσῃ
858 2514 1097 2585 τιμωρία
1146 2514 1522 2565 καθίστανται·
1557 2514 1584 2563 6
1615 2512 1721 2581 γὰρ
1757 2512 1989 2577 ποιήσας

420 2610 510 2658 καὶ
540 2605 755 2668 διδάξας
777 2607 1079 2657 ἐπαινεῖται
1114 2606 1207 2655 καὶ
1242 2604 1621 2671 μακαρίζεται.
1650 2601 1832 2653 Ταῦτα
1858 2602 1990 2653 ἑνω-

419 2692 714 2759 τισάμενος
774 2692 803 2740 6
855 2688 1106 2757 βασιλεὺς
1144 2687 1454 2756 προθυμίαν
1498 2680 1790 2754 μὲννεῖχεν
1844 2684 1983 2736 ὣστε

422 2782 625 2832 αὐτίκα
683 2780 979 2849 ἐξορμῆσαι
1032 2780 1125 2830 καὶ
1185 2781 1249 2845 τῇ
1284 2777 1474 2829 ἑαυτοῦ
1509 2776 1662 2845 χώρα
1706 2775 1987 2845 βοηθῆσαι,

421 2871 719 2938 ἀπείργετο
756 2869 811 2920 δὲ
844 2871 952 2929 τοῖς
986 2885 1043 2919 τε
1086 2867 1409 2935 συμὸούλοις
1453 2869 1545 2919 καὶ
1575 2870 1638 2935 τῇ
1673 2867 1865 2935 ἀγνοίᾳ.
1895 2865 1991 2918 τοῦ

421 2959 663 3029 πλήθους
696 2958 804 3011 τῶν
850 2960 1128 3011 ἐναντίων.
1154 2954 1335 3009 Ἦσαν
1367 2958 1419 3009 δὲ
1467 2958 1494 3008 ὃ
1538 2974 1595 3008 τε
1632 2957 1991 3022 Παλαιολόγος

422 3053 735 3120 Νικηφόρος
770 3053 797 3103 6
826 3052 1145 3118 ὑπέρτιμυε,
1179 3052 1270 3101 καὶ
1315 3051 1424 3102 τῶν
1454 3050 1758 3118 φιλοσόφων
1789 3051 1992 3113 ὕπατος

425 3145 832 3203 Κωνσταντῖνος
886 3144 913 3193 6
958 3142 1185 3202 Ψελλὸς.
1224 3141 1308 3212 [Ρ.
1348 3140 1473 3209 855]
1511 3144 1603 3193 καὶ
1644 3143 1735 3193 ἐπὶ
1772 3144 1935 3195 πᾶσιν
1962 3144 1991 3194 ὁ

2093 1964 2270 2016 animo
2300 1974 2446 2017 esset
2473 1964 2540 2015 oh
2564 1962 2828 2030 quasdam
2868 1977 3090 2024 causas,
3128 1965 3425 2015 exercitqu
3461 1964 3653 2015 adver—

2091 2066 2187 2105 sus
2214 2068 2334 2105 eum
2369 2067 2491 2106 cum
2528 2052 2764 2118 quodam
2794 2052 2931 2105 duce
2965 2052 3211 2115 miserat,
3247 2052 3297 2103 id
3330 2052 3558 2104 moliens
3597 2061 3657 2103 ut.

2092 2158 2214 2210 eum
2242 2142 2437 2209 quovis
2466 2142 2627 2196 modo
2653 2150 2873 2211 caperet
2902 2159 2917 2206 ;
2956 2142 3113 2208 cujus
3149 2150 3294 2195 metu
3346 2143 3435 2195 ille
3504 2158 3658 2195 com-

2094 2242 2276 2286 motus
2336 2232 2405 2285 ad
2460 2234 2844 2301 imperatorem
2896 2235 3157 2303 confugit.
3235 2232 3539 2301 Statimque
3590 2249 3656 2287 eo

2094 2323 2300 2376 honore
2321 2322 2550 2376 all'ectus
2591 2332 2675 2377 est
2719 2330 2775 2376 ut
2813 2339 3012 2391 praises
3074 2335 3240 2377 esset.
3288 2323 3417 2376 Erat
3473 2332 3652 2378 autem

2094 2412 2271 2480 specie
2297 2411 2536 2479 juvenis,
2570 2420 2779 2466 statura
2812 2427 2938 2465 vero
2972 2411 3081 2466 fere
3107 2427 3383 2482 pygmtens
3431 2421 3485 2466 et
3513 2412 3653 2467 facie

2097 2504 2296 2572 Scytha
2335 2514 2389 2557 et
2412 2504 2677 2573 ingratus.
2726 2504 2917 2573 Deligi’t
2973 2515 3152 2558 autem
3197 2505 3374 2572 ipsum
3425 2507 3659 2574 impera-

2097 2604 2204 2656 tor,
2262 2609 2492 2662 sperans
2549 2596 2668 2649 fore
2748 2606 2807 2648 ut
2880 2611 3005 2650 cum
3067 2595 3265 2650 Turcis
3345 2605 3400 2649 ct
3457 2598 3652 2652 adver-

2097 2688 2243 2740 sario
2321 2688 2564 2741 exercitu
2650 2688 2742 2742 ille
2820 2696 3107 2757 pugnaret.
3186 2687 3489 2757 llabitoque
3563 2690 3659 2744 de-

2100 2781 2241 2833 lectu
2271 2778 2526 2842 militum,
2548 2790 2833 2847 appetente
2870 2796 2994 2833 vere
3024 2781 3301 2847 trajiciens
3354 2782 3655 2833 exercitum

2098 2868 2163 2921 ad
2189 2868 2439 2923 Eriorum
2471 2872 2671 2938 palatia
2691 2872 3001 2937 perducitur
3026 2872 3140 2939 ipsa
3180 2871 3268 2925 die
3299 2872 3660 2934 orthodoxiaz.

2097 2974 2219 3011 cum
2323 2960 2498 3028 pridie
2560 2961 2825 3014 exercitui
2892 2970 2947 3014 et
3030 2962 3243 3014 senatui
3321 2963 3657 3031 largitionem

2101 3066 2335 3103 annuam
2414 3050 2651 3115 fecisset,
2722 3068 2830 3105 non
2888 3066 3008 3106 eam
3068 3061 3236 3105 totam
3312 3068 3469 3114 auro,
3566 3055 3661 3107 sed

2098 3140 2264 3209 689
2281 3140 2421 3208 quod
2441 3142 2675 3202 deesset,
2698 3141 2888 3195 sericis
2910 3141 3041 3194 velis
3069 3143 3359 3210 supplevit.
3380 3142 3514 3196 Cum
3534 3157 3664 3195 vero

424 3230 645 3297 Καῖσαρ
674 3230 702 3277 6
750 3229 841 3280 τοῦ
880 3227 1433 3296 προϐεϐασιλευκότος
1479 3230 1758 3297 σύναιμος
1783 3232 1831 3283 οἳ
1866 3232 1987 3282 ὅσον
2016 3213 2056 3268 C
2091 3227 2171 3296 ips

1912 3213 2056 3282 πονο
2091 3227 2205 3296 ipse
2263 3229 2565 3294 trajicerct,
2608 3229 2858 3281 columba
2910 3229 3154 3296 quaedam
3214 3243 3317 3281 non
3372 3228 3659 3280 admodum

429 3322 529 3387 μὲν
560 3322 656 3372 ἐπ’
686 3322 889 3382 αὐτοῖς,
922 3322 1038 3372 οὐδὲ
1074 3324 1172 3389 ζῇν
1207 3321 1436 3389 ᾑροῦντο
1463 3322 1622 3373 αὐτὸν
1655 3321 1845 3390 (βαρὺς
1888 3324 1995 3391 γάρ

420 3408 488 3479 ἦν
513 3413 704 3471 αὐτοῖς
738 3411 831 3462 καὶ
861 3410 1188 3478 βλεπόμενος
1210 3410 1329 3462 λίαν
1360 3409 1507 3477 αὺτῷ
1536 3411 1995 3479 ἁπεχθανομένοις

419 3501 495 3561 ὡς
548 3500 710 3567 ἀνδρὶ
756 3501 988 3567 γενναίῳ
1017 3499 1111 3551 iui.
1142 3500 1435 3567 θυμοειδεῖ,
1464 3500 1557 3550 καὶ
1582 3504 1707 3561 τοὺς
1738 3500 1995 3567 ἐφέδρους

422 3593 520 3659 τῆς
556 3590 839 3659 βασιλείας
862 3590 1058 3657 ἔχοντι,
1084 3590 1206 3650 τοὺς
1232 3589 1426 3651 παῖδάς
1459 3606 1600 3658 φημι
1624 3589 1715 3641 τοῦ
1745 3590 1987 3657 Δουκὸς),

422 3682 573 3750 ὅμως
610 3682 655 3734 δ’
687 3680 782 3733 οὖν
833 3680 895 3731 ἐκ
954 3679 1046 3731 τοῦ
1106 3678 1415 3748 προφανοῦς
1471 3679 1695 3747 ᾐδοῦντο
1760 3680 1997 3748 συμϐου-

424 3773 603 3823 λεύειν
640 3768 786 3838 αὑτῷ
831 3769 901 3819 τά
950 3768 1261 3835 ἀσύμφορα.
1320 3767 1454 3821 Μεθ’
1492 3767 1711 3836 ἡμέρας
1761 3768 1817 3821 δέ
1848 3786 1995 3832 τινας

418 3860 559 3927 ἦλθε
591 3865 689 3915 καὶ
753 3864 781 3914 6
830 3862 1248 3930 κουροπαλάτης
1302 3860 1557 3929 Μανουὴλ
1588 3899 1602 3923 ,
1660 3863 1996 3930 ἐπαγόμενος

419 3954 541 4020 μεθ’
605 3951 802 4004 εαυτοῦ
847 3952 937 4003 τὸν
1002 3954 1333 4021 κατασχόντα
1397 3952 1559 4003 αὑτὸν
1610 3952 1848 4021 Τοῦρκον
1898 3952 1998 4004 οὐκ

420 4042 653 4103 ἄκοντα,
690 4040 805 4093 ἀλλ’
844 4040 1035 4093 ἑκόντα
1068 4043 1165 4110 τὴν
1212 4041 1315 4093 ὑπὸ
1364 4042 1454 4092 τὸν
1493 4041 1720 4108 βασιλέα
1753 4042 1996 4095 δουλείαν

424 4133 866 4200 ιίρετισάμενον.
903 4131 1195 4198 Δυσμενῶς
1229 4130 1274 4182 δ’
1301 4131 1528 4199 ἔχοντος
1572 4130 1666 4182 τοῦ
1706 4132 1996 4183 σουλτάνου

418 4223 556 4290 πρὸς
594 4222 765 4274 αὐτὸν
795 4221 883 4273 διά
908 4238 1028 4273 τινα
1071 4221 1353 4289 συμϐάντα
1390 4221 1712 4284 αἰτιάματα,
1740 4218 1998 4288 στρατιὰν

420 4312 751 4367 κατάὑτοῦ
815 4313 952 4381 μετά
1025 4329 1170 4373 τινος
1222 4312 1564 4381 στρατάρχου
1627 4312 1996 4375 ἐξαπέστειλε,

417 4405 587 4455 παντὶ
619 4403 812 4472 τρόπῳ
836 4402 975 4454 ἑλεῖν
1006 4402 1167 4454 αὑτὸν
1196 4403 1610 4473 μηχανώμενος,
1637 4397 1697 4455 οὗ
1731 4404 1807 4472 τῷ
1851 4404 2001 4473 φόϐῳ

2097 3319 2237 3380 alba,
2280 3318 2373 3371 sed
2406 3320 2637 3370 maxima
2663 3334 2725 3371 ex
2768 3330 2919 3386 parte
2969 3319 3145 3386 nigra,
3177 3319 3425 3371 alzcnnde
3452 3319 3662 3379 volans,

2096 3409 2304 3461 circum
2343 3410 2619 3462 triremem
2653 3425 2774 3476 qua:
2826 3410 3054 3462 vehebat
3090 3412 3494 3477 imperatorem,
3527 3411 3661 3464 voli-

2098 3502 2246 3554 tabat
2298 3500 2476 3569 quoad
2541 3501 2605 3552 ad
2654 3500 2830 3568 ipsum
2882 3500 3029 3553 illum
3089 3502 3380 3554 deveniens
3442 3501 3494 3553 in
3545 3499 3665 3567 ejus

2098 3605 2293 3645 manus
2343 3591 2609 3653 delluxit;
2665 3605 2831 3659 quam
2881 3591 2970 3644 ille
3021 3593 3352 3660 imperatrici
3405 3594 3553 3646 misit
3608 3595 3662 3647 in

2098 3681 2355 3749 palatium
2394 3690 2588 3749 praeter
2622 3696 2825 3735 morem
2874 3682 3235 3736 commoranti
3281 3684 3352 3736 oh
3400 3684 3661 3751 quasdam

2102 3771 2394 3824 muliebres
2452 3771 2680 3826 delicias
2732 3779 2786 3824 et
2840 3772 3238 3827 simulationes.
3301 3774 3368 3828 Et
3414 3776 3527 3830 visa
3579 3784 3663 3829 est

2099 3860 2267 3930 igitur
2295 3862 2548 3917 columba
2584 3861 2890 3931 symbolum
2923 3863 3067 3918 haud
3099 3866 3225 3918 boni
3272 3878 3498 3927 chlll_lIS
3548 3878 3661 3920 tum

2101 3954 2203 4021 ipsi
2252 3954 2344 4022 qui
2409 3962 2651 4021 ceperat,
2702 3962 2817 4007 tum
2869 3956 2943 4007 illi
2979 3956 3044 4008 ad
3091 3972 3254 4025 quam
3315 3959 3480 4012 missa
3538 3958 3660 4013 fuit.

2102 4038 2298 4091 Verum
2335 4040 2579 4107 Augusta
2637 4054 2760 4093 cum
2822 4052 3018 4110 praeter
3066 4044 3284 4097 modum
3348 4061 3407 4101 se
3457 4047 3665 4101 deliciis

2101 4130 2371 4193 satiasset,
2403 4130 2615 4184 tandem
2653 4133 2972 4200 poenitentia
3004 4133 3164 4189 ducta
3187 4137 3250 4188 ad
3278 4136 3661 4206 imperatorem

2101 4222 2273 4285 venit,
2303 4231 2362 4275 ut
2388 4222 2640 4290 precibus
2670 4222 2929 4277 adhibitis
2957 4239 3080 4277 eum
3111 4226 3177 4278 ad
3203 4229 3501 4281 exercitum
3526 4229 3664 4282 edu-

2102 4310 2332 4363 cendutn
2402 4312 2775 4378 praemitteret.
2843 4310 2996 4367 Illinc
3055 4313 3218 4381 igitur
3255 4314 3529 4383 profectus
3563 4318 3663 4369 im-

2102 4410 2322 4469 perator
2362 4415 2471 4453 non
2518 4400 2776 4456 Neocomi
2822 4418 2995 4469 neque
3042 4405 3094 4457 in
3149 4404 3284 4459 locis
3336 4408 3662 4475 quibusdam

420 4492 817 4555 κατασεισθεὶς
844 4492 922 4563 τῷ
948 4494 1157 4562 βασιλεῖ
1190 4494 1593 4559 καταπέφευγε,
1618 4496 1709 4545 καὶ
1744 4495 1998 4557 πρόεδρος
2030 4537 2073 4592 D
2104 4510 2167 4555 re1

1913 4511 1998 4556 ρος
2030 4537 2073 4592 D
2104 4495 2268 4561 regiis
2319 4493 2553 4547 classem
2608 4495 2659 4547 in
2689 4496 2923 4548 statione
2955 4494 3165 4559 habuit,
3215 4496 3308 4550 sed
3361 4496 3660 4566 Elenopoli,

416 4580 751 4651 παραυτίκα
788 4582 1096 4649 τετίμηται.
1132 4576 1240 4632 Ἦν
1296 4581 1351 4632 δὲ
1408 4581 1466 4631 τὸ
1516 4583 1611 4649 μὲν
1675 4584 1996 4649 φαινόμενον

416 4674 559 4738 νέος,
593 4674 877 4738 πυγμαῖος
907 4672 963 4723 δὲ
1004 4673 1192 4741 σχεδὸν
1219 4672 1315 4743 τὴν
1348 4672 1581 4741 ἡλικίαν,
1617 4676 1707 4725 καὶ
1746 4675 1841 4741 τὴν
1878 4675 1999 4739 ὄψιν

416 4764 636 4833 Σκύθης
672 4764 771 4815 καὶ
795 4765 1217 4832 ἄχαρις.1Διεῖπε
1242 4763 1297 4814 δὲ
1324 4765 1480 4816 αὑτὸν
1513 4767 1540 4814 6
1571 4765 1839 4831 βασιλεὺς,
1866 4782 2000 4832 συμ-

416 4855 685 4909 ϐαλέσθαι
724 4854 871 4923 αὐτῷ
907 4854 1045 4909 κατὰ
1074 4855 1181 4906 τῶν
1216 4854 1471 4923 Τούρκων
1505 4858 1758 4917 ἐλπίζων,
1810 4858 1901 4907 καὶ
1932 4860 1995 4924 τῇ

416 4945 781 5017 προκειμένῃ
827 4946 1076 5013 στρατιᾷ.
1119 4943 1432 5010 Κατά),ογον
1486 4944 1539 4995 δὲ
1585 4945 1691 4995 τῶν
1741 4962 2000 5011 στρατιω-

412 5038 525 5090 τῶν
576 5038 965 5104 ποιησάμενος
995 5075 1009 5099 ,
1058 5035 1181 5103 ἄρτι
1247 5033 1339 5085 τοῦ
1391 5036 1549 5104 ἔαρος
1617 5037 1999 5104 ύπανοίγοντος

414 5125 864 5198 διαπεραιωθεὶς
912 5129 990 5189 εἰς
1025 5126 1091 5179 τά
1141 5126 1249 5179 τῶν
1290 5126 1489 5195 Ἦρίων
1543 5126 1773 5179 παλάτια
1839 5128 1999 5178 κατά-

417 5238 577 5286 γεται
640 5217 785 5287 περὶ
848 5216 1014 5284 αὐτὴν
1080 5216 1179 5285 τὴν
1258 5215 1469 5283 ἡμέραν
1531 5216 1627 5282 τῆς
1677 5214 1997 5284 ὁρθοδοξίας,

411 5315 476 5382 τῇ
529 5311 642 5381 πρὸ
710 5308 891 5375 αὐτῆς
960 5307 1146 5376 ἡμέρᾳ
1229 5309 1326 5374 τὴν
1394 5306 1616 5373 ἐτησίαν
1682 5288 1862 5374 ὶώραν
1924 5307 2001 5375 τῷ

410 5421 467 5456 τε
528 5400 765 5472 στρατῴ
828 5400 923 5452 καὶ
986 5402 1051 5467 τῇ
1109 5400 1396 5467 συγκλήτῳ
1452 5398 1895 5467 διανειμάμενος,
1939 5401 1997 5451 οὐ

407 5496 496 5548 διὰ
546 5495 792 5565 χρυσῐου
842 5494 1042 5554 πᾶσαν,
1075 5492 1208 5545 ἀλλὰ
1257 5493 1317 5543 τὸ
1360 5491 1533 5545 ἐνδέον
1586 5495 1825 5562 οηρικοῖ,Δ
1866 5495 2001 5559 ὑφά-

407 5605 607 5656 σμασιν
634 5582 824 5640 άναπλ
844 5585 1211 5653 ηρωσάμενος.
1246 5586 1737 5653 Διαπεραιουμένου
1766 5585 1809 5635 δ’
1836 5584 1998 5636 αὑτοῦ

406 5678 716 5747 περιστερά
760 5690 862 5733 τις
911 5673 972 5724 οὐ
1028 5674 1164 5724 πάνυ
1217 5672 1402 5740 λευκὴ,
1435 5672 1568 5741 πρὸς
1616 5674 1673 5722 τὸ
1735 5675 1898 5739 μέλαν
1943 5674 1996 5723 6:

416 5772 674 5824 πλεῖστον
711 5763 893 5830 αὐτῆς
939 5764 1331 5832 ὑποᾳαὶνουσα,
1387 5764 1545 5815 ποθὲν
1589 5766 1853 5833 ἱπταμένης
1902 5769 1995 5815 τιν

2103 4597 2263 4650 quam
2289 4581 2553 4651 indigenae
2581 4585 2784 4638 rustice
2810 4584 3169 4654 Eleinopolim
3192 4587 3481 4655 appellant.
3517 4591 3660 4658 quod

2103 4674 2280 4741 ipsum
2316 4689 2534 4742 quoque
2561 4674 2847 4741 augurium
2880 4675 3021 4728 haud
3062 4676 3326 4743 Optimum
3356 4679 3532 4732 visum
3558 4690 3664 4734 est.

2100 4764 2317 4817 Accidit
2375 4765 2537 4817 etiam
2590 4765 2774 4818 nescio
2824 4764 2954 4833 quid
2994 4767 3179 4819 aliud:
3241 4781 3370 4820 nam
3429 4769 3662 4822 maxima

2103 4855 2276 4917 navis,
2321 4868 2439 4922 quae
2473 4855 2787 4909 continebat
2818 4856 3022 4924 regium
3060 4856 3496 4922 tabernaculum,
3527 4873 3662 4913 con-

2104 4946 2271 4997 fracta
2310 4946 2493 5000 statim
2541 4945 2669 4999 illud
2712 4961 2967 5001 corruere
2999 4947 3144 5001 fecit.
3178 4947 3559 5005 Verumtamen
3595 4966 3663 5005 ne

2101 5040 2166 5091 ad
2210 5054 2377 5091 unum
2406 5038 2624 5106 quidem
2650 5038 2844 5091 horum
2877 5039 3159 5093 hominum
3200 5043 3429 5095 stultitia
3478 5052 3552 5107 et,
3603 5052 3661 5096 ut

2103 5131 2176 5183 ita
2213 5129 2469 5194 dixerim,
2500 5128 2815 5197 depravatio
2843 5128 3008 5181 animi
3050 5136 3104 5183 et
3148 5129 3454 5199 importuna
3498 5142 3661 5199 atque

2104 5222 2314 5276 inutilis
2347 5236 2459 5275 non
2501 5218 2757 5274 credendi
2808 5221 3106 5288 pertinacia
3162 5223 3433 5289 reSpieere
3467 5224 3658 5285 voluit,

2105 5317 2218 5367 fato
2250 5314 2575 5383 impediente
2610 5320 2663 5365 et
2692 5312 2740 5365 ei
2785 5327 3003 5366 sensum
3035 5328 3249 5367 onmem
3292 5314 3570 5369 auferente
3606 5318 3661 5368 in

2102 5420 2264 5472 quem
2318 5417 2380 5456 ea
2432 5402 2613 5454 omnia
2672 5403 2969 5455 deventura
3010 5409 3184 5454 erant.
3221 5401 3548 5470 Progressus
3579 5412 3663 5458 est

2104 5498 2269 5563 igitur
2294 5496 2608 5564 imperator,
2662 5500 2715 5546 et
2750 5493 2975 5546 ulterius
3012 5492 3065 5545 in
3115 5491 3354 5547 Orientis
3384 5496 3659 5564 regionem

2103 5587 2454 5656 procedebat,
2485 5584 2660 5652 quoad
2700 5584 2751 5636 in
2791 5586 3166 5652 prtefecturam
3200 5583 3439 5638 Orientis
3472 5600 3661 5651 perve-

2103 5679 2197 5737 nit,
2243 5678 2294 5729 in
2359 5689 2572 5735 omnes,
2627 5683 2815 5741 pnetcr
2873 5672 2925 5725 id
2988 5672 3131 5741 quod
3182 5688 3279 5741 par
3313 5681 3450 5734 erat,
3498 5672 3664 5742 690

2112 5769 2243 5822 nire
2295 5780 2514 5836 parcus;
2572 5763 3021 5833 intelligensque,
3078 5774 3129 5817 ut
3192 5762 3482 5818 verisimile
3539 5775 3660 5827 cst,
