4424 6450
401 419 512 489 423

1834 410 2227 471 HISTORIA.

3538 418 3637 482 I26

409 526 747 593 ὑπέστρεψεν
800 526 877 587 είς
920 527 1019 594 τὴν
1053 523 1430 595 παρεμίὲολήν.
1462 523 1569 573 Καὶ
1594 523 1787 573 αὐτίκα
1820 537 1977 589 περι-
2012 536 2053 582 Α
2089 536 2156 571 ltll

1905 539 1977 572 οι-
2012 536 2053 582 Α
2089 528 2476 588 imperatorem
2525 538 2582 577 se
2632 523 2799 579 alacri
2841 522 3024 575 animo
3058 524 3398 589 conferebat,
3441 527 3652 593 :ognito

408 617 661 686 χυοέντες
680 618 727 667 oi
755 615 986 684 Τοῦρκοι
1012 614 1181 678 τόξων
1214 614 1393 683 βολαῖς
1433 612 1516 683 [Ρ.
1569 613 1694 684 839]
1726 617 1817 665 καὶ
1842 631 1917 663 πα
1928 633 1983 683 ρ.

410 706 694 758 ιπττεύσεσι
735 706 897 773 φόϐον
932 706 992 758 οὑ
1050 706 1245 777 μικρὸν
1295 707 1361 774 τῇ
1393 707 1618 773 στρατιᾷ
1641 706 1984 771 ἐνεποίησαν,

408 798 553 859 ἐντὸς
586 798 681 850 τοῦ
720 796 955 866 χάρακος
986 797 1316 866 βιαζόμενοι.
1368 796 1482 860 Νὺξ
1514 791 1583 864 ἦν
1611 796 1864 863 ἀσέληνος
1898 796 1986 847 ὅτε

406 888 573 939 ταῦτα
613 890 838 955 ἐγίνετο,
877 890 968 943 καὶ
1000 889 1274 958 διάκρισις
1322 888 1547 940 ὀθνείων
1576 888 1668 939 καὶ
1704 891 1981 956 γνωστῶν,

410 981 714 1047 φευγόντων
740 984 833 1034 καὶ
863 979 1165 1033 διωκόντων
1209 980 1308 1033 οὑκ
1334 976 1421 1048 ἦν.
1454 980 1553 1031 Διὰ
1584 980 1760 1049 πάσης
1788 981 1845 1033 δὲ
1895 1002 1987 1033 ν)-

406 1070 531 1130 κεδς
564 1070 946 1139 περιηχοῦντες
968 1066 1105 1140 ἦσαν
1129 1071 1391 1139 ὑλαγμοῖς
1424 1070 1655 1141 ἀσήμοις
1676 1073 1735 1123 τὸ
1766 1073 1989 1139 στρατό-

412 1165 589 1225 πεδον,
622 1166 696 1225 ὡς
725 1163 968 1225 ἅπαντας
995 1161 1441 1234 διανυκτερεῦσαι
1497 1163 1860 1233 ἠνεῳγμένοις
1894 1166 1988 1216 καὶ

410 1256 711 1324 ἀγρύπνοις
738 1257 849 1317 τοῖς
884 1255 1119 1324 ὄμμασι.
1154 1255 1375 1325 Πρωΐας
1407 1255 1463 1307 δὲ
1493 1257 1792 1324 γενομένης
1821 1256 1988 1325 μοῖρά

405 1361 486 1404 τις
511 1344 736 1414 uagus],
767 1344 997 1413 ἔξαρχον
1046 1343 1244 1413 ἔχουσα,
1280 1345 1473 1413 Ταμῆν
1506 1360 1633 1398 τινα
1663 1345 1835 1409 οὕτως
1864 1349 1982 1399 ὀνο-

421 1434 728 1503 μαζόμενον
770 1436 873 1487 ὑπὸ
900 1436 1169 1506 Τορνικίῳ
1200 1434 1277 1505 τῷ
1312 1436 1593 1508 Κοτέρτζῃ
1624 1438 1981 1508 ταττόμενον,

405 1530 516 1587 τοῖς
573 1527 831 1588 ἐναντίοις
887 1526 1239 1596 προσερῤύη·
1298 1528 1437 1597 ὅπερ
1482 1529 1583 1582 οὑκ
1640 1532 1719 1591 είς
1780 1529 1984 1597 μικρὰν

889 1617 1194 1685 Ῥωμαίους
1252 1619 1521 1680 ἐνέόαλεν,
1584 1619 1988 1683 ὑποπτεύοντες

394 1710 504 1777 ,καὶ
544 1709 602 1759 τὸ
662 1708 846 1760 λοιπὸν
903 1708 1054 1771 ἔθνος
1095 1710 1169 1772 ὠς
1223 1711 1504 1779 πολέμιον.
1562 1710 1719 1774 Τινὲς
1770 1712 1827 1764 δὲ
1878 1714 1986 1765 τῶν

407 1798 590 1858 πεζῶν
647 1795 882 1861 ἐξιόντες
928 1799 1187 1865 Τούρκων
1236 1799 1447 1852 ἀνεῖλον
1503 1800 1730 1857 πολλοὺς
1777 1801 1986 1869 βέλεσιν

408 1617 645 1682 ἀγωνίαν
693 1620 819 1679 τοὺς

408 1888 691 1957 ἑκηϐόλοις
750 1889 843 1942 καὶ
877 1890 1212 1958 ἀγχεμάχοις
1258 1892 1615 1961 ἀμυντηρίοις
1648 1866 1852 1957 ὅπλοις,
1896 1894 1988 1947 καὶ
2023 1866 2061 1918 η

400 1981 506 2047 τῆς
564 1978 917 2049 παρεμεολῆς
948 1980 1210 2049 ἐκστῆναι
1264 1983 1620 2052 παρέπεισαν.
1668 1984 1723 2036 Ὀ
1747 1984 1803 2036 δὲ
1836 1984 1990 2053 βασι-

402 2069 532 2130 λεὺς
578 2069 956 2139 ταχυδρόμους
1015 2071 1344 2134 ἀποστείλας
1397 2076 1476 2136 είς
1532 2074 1592 2126 τὸ
1648 2075 1817 2126 Χλίατ
1864 2075 1991 2136 τοὺς

404 2163 590 2212 ἐκεῖσε
626 2162 900 2230 ἡγεμόνας
948 2161 1130 2215 ἐκάλει
1163 2164 1301 2231 μετά
1340 2164 1447 2215 τῶν
1490 2166 1580 2216 ὑπ’
1609 2164 1803 2225 αὑτοὺς
1828 2165 1986 2218 δυνά-

412 2269 584 2319 μεων,
638 2253 948 2320 παραυτίκα
981 2253 1148 2306 θέλων
1189 2255 1490 2322 ἀγχεμάχῳ
1525 2253 1745 2324 πολέμῳ
1777 2255 1988 2325 διακρί-

403 2364 493 2396 ναι
537 2346 604 2397 τὰ
659 2346 981 2414 πράγματα.
1035 2347 1144 2397 Καὶ
1193 2345 1477 2413 ἀναμένων
1535 2348 1633 2415 τὴν
1684 2348 1742 2411 ἐξ
1803 2348 1981 2400 αὑτῶν

406 2432 663 2502 βοήθειαν
694 2434 784 2486 τὸν
808 2434 995 2500 καιρὸν
1036 2432 1307 2501 τηνάλλως
1341 2433 1551 2502 ἕτριϐεν
1578 2450 1590 2462 ο
1627 2430 1765 2505 ἦσαν
1793 2436 1899 2506 γὰρ
1933 2439 1983 2490 οί

404 2526 517 2576 τῶν
544 2524 719 2576 ἄλλων
757 2524 989 2593 μάλιστα
1026 2525 1122 2593 τὴν
1156 2524 1442 2595 πυρῤίχιον
1474 2526 1983 2595 ἐκμεμελετηκότες

404 2616 654 2685 ὄρχησιν.
701 2616 785 2675 Ὠς
815 2617 858 2668 δ’
888 2616 1194 2682 ἀπεγνώκει
1222 2616 1322 2684 τὴν
1351 2617 1459 2668 ἀπὸ
1483 2617 1681 2670 τούτων
1713 2619 1984 2687 βοήθειαν,

408 2707 639 2774 κώλυμα
684 2723 736 2758 τι
790 2701 931 2757 εἶναι
987 2706 1331 2767 ὑποπτεύσας
1371 2708 1664 2760 ἐσκέπτετο
1695 2712 1838 2778 μετά
1877 2710 1986 2763 τῶν

407 2795 674 2844 συνόντων
721 2795 798 2854 είς
839 2796 937 2864 τὴν
986 2795 1274 2865 ὑστεραίαν
1300 2796 1741 2863 διαγωνίσασθαι.
1772 2802 1983 2867 Ἥγνόει

408 2884 463 2935 δὲ
488 2884 596 2952 ἄρα
623 2884 693 2943 ὡς
722 2886 748 2934 ό
780 2885 1197 2952 Ἰἀρχανειώτης
1222 2886 1565 2953 παραπείσας
1594 2889 1687 2939 καὶ
1710 2889 1799 2940 τὶν
1838 2889 1985 2941 Ῥουα

408 2975 587 3025 σέλιον
622 2974 900 3026 συνελθεῖν
941 2975 1015 3040 τῷ
1049 2973 1261 3041 βασιλεῖ
1294 2976 1763 3045 προθυμούμενον,
1798 2978 1985 3046 μαθὼν

407 3068 510 3135 τὴν
544 3065 637 3116 τοῦ
696 3065 984 3119 σουλτάνου
1046 3066 1228 3135 ἄφιξιν
1260 3068 1354 3119 καὶ
1387 3066 1483 3135 τὴν
1517 3068 1680 3120 αὑτοῦ
1712 3071 1854 3122 κατὰ
1889 3070 1984 3123 τοῦ

408 3156 671 3223 βασιλέως
701 3155 1005 3215 ἐπέλευσιν,
1032 3157 1166 3223 ἄρας
1197 3158 1323 3217 τοὺς
1350 3159 1490 3225 ἀμφ’
1521 3159 1685 3210 αὑτὸν
1732 3159 1980 3224 ἅπαντας

402 3245 492 3298 διὰ
525 3246 622 3313 τῆς
674 3244 1095 3311 Μεσοποταμίας
1132 3245 1306 3311 φυγὰς
1362 3245 1604 3311 ἀγεννῶς
1632 3249 1710 3309 εἰς
1734 3251 1802 3299 τε
1841 3250 1977 3300 Ῥω-

410 3337 586 3407 μαίων
648 3335 887 3395 ἐνέϐαλε,
935 3334 1137 3400 μηδένα
1191 3334 1345 3401 λόγον
1378 3336 1471 3388 τοῦ
1503 3337 1792 3403 δεσπότιυ,
1836 3342 1977 3408 μήτε

410 3428 514 3496 μὴν
540 3425 635 3477 τοῦ
670 3426 881 3486 εἰκότος
910 3427 937 3477 ό
961 3425 1189 3487 δείλαιος
1222 3428 1605 3497 ποιησάμενος.
1647 3430 1704 3481 '0
1726 3430 1855 3496 γοῦν
1882 3431 1977 3500 βα.

408 3515 587 3576 σιλεὺς
636 3515 778 3566 κατὰ
827 3515 888 3566 τὸ
943 3516 1321 3583 συγκείμενον,
1362 3517 1460 3586 τὴν
1496 3520 1574 3580 είς
1622 3520 1711 3573 τὸν
1743 3522 1976 3591 πόλεμον

406 3604 760 3674 παρασκευὴν
798 3605 853 3663 ἐς
904 3604 1000 3671 τὴν
1031 3602 1217 3674 αὔριον
1255 3606 1578 3675 ἐξαρτύσας,
1609 3609 1677 3661 τὰ
1722 3612 1842 3663 κατ’
1884 3614 1977 3663 αὑ-

404 3700 494 3749 τὸν
523 3698 848 3760 διετάττετο,
878 3697 956 3748 ἑτι
990 3700 1087 3766 τῆς
1116 3697 1384 3765 βασιλείου
1413 3703 1616 3771 σκηνῆς
1656 3704 1805 3765 ἐντὸς
1835 3703 1972 3757 καθι-

408 3788 715 3857 ιστάμενος,
746 3789 905 3841 όπότε
940 3790 1031 3840 καὶ
1088 3790 1149 3841 τὸ
1182 3791 1244 3841 ἐκ
1274 3791 1381 3843 τῶν
1435 3795 1700 3847 συνόντων
1733 3796 1972 3861 Σκυθῶν,

404 3880 511 3929 τῶν
547 3878 760 3939 Ούζων,
800 3879 961 3946 φημὶ,
988 3878 1101 3941 δέος
1134 3880 1533 3949 ἀφαιρούμενος
1571 3884 1718 3953 ὅρκῳ
1751 3886 1970 3954 συνήθει

406 3968 499 4035 τῆς
525 3968 694 4035 αὐτῆς
716 3966 1009 4035 θρησκείας
1038 3970 1200 4021 αὑτὸν
1243 3973 1702 4042 κατησφαλίσατο.
1754 3977 1837 4029 Ἑν
1865 3978 1973 4047 ὅσῳ

401 4056 459 4107 δὲ
498 4058 564 4108 τὰ
607 4055 830 4108 τοιαῦτα
873 4058 1170 4127 ἐπράττετο
1225 4062 1318 4111 καὶ
1366 4062 1419 4113 oi.
1468 4064 1798 4132 στρατιῶται
1832 4068 1972 4119 κατὰ

404 4148 588 4211 τάξεις
621 4147 712 4199 καὶ
745 4146 931 4215 λόχους
966 4150 1058 4199 ἐπὶ
1080 4148 1189 4202 τῶν
1216 4149 1397 4203 ἵππων
1424 4152 1712 4219 ἐφίσταντο
1735 4154 1968 4221 ἔνοπλοι,

406 4236 663 4305 πρέσϐεις
692 4230 830 4307 ἧκον
876 4240 940 4289 ὲκ
970 4238 1064 4290 τοῦ
1100 4240 1390 4293 σουλτάνου
1421 4241 1518 4311 τὴν
1550 4245 1772 4315 εἰρήνην
1797 4247 1974 4314 ἀμερο-

404 4331 576 4398 τὲροις
627 4329 1183 4398 ἐπικηρυκευόμενοι.
1250 4332 1309 4384 Ὀ
1346 4332 1401 4385 δὲ
1448 4334 1703 4401 βασιλεὺς
1756 4335 1971 4400 ἐδέξατο

407 4418 503 4485 μὲν
548 4418 742 4479 αὐτοὺς
778 4418 870 4469 καὶ
902 4417 1075 4485 λόγων
1108 4421 1291 4482 αὐτοῖς
1349 4424 1439 4474 καὶ
1473 4423 1652 4492 νόμων
1684 4425 1791 4477 τῶν
1838 4445 1971 4497 πρε-

2091 612 2304 665 Sullani
2340 614 2604 667 adversus
2636 616 3017 684 imperatorem
3050 616 3279 669 adventu
3318 630 3442 669 cum
3474 618 3656 668 omni-

2091 709 2190 757 bus
2215 708 2331 761 suis
2362 722 2453 775 per
2474 709 2915 775 IlleSOpotamiam
2936 708 3076 761 haud
3100 707 3335 777 gloriose
3360 709 3657 779 fugienti-nt

2092 795 2144 846 in
2185 792 2555 847 Romanorum
2616 794 2887 863 regionem
2938 795 3227 857 invasisse,
3280 796 3426 848 nulla
3482 809 3659 862 neque

2089 886 2391 941 dominisui
2426 901 2603 955 neque
2636 885 2849 939 honesti
2890 885 3071 939 habita
3105 886 3338 939 ratione.
3359 884 3658 954 Imperator

2090 978 2273 1046 igitur,
2308 984 2366 1029 ut
2406 977 2787 1040 constituerat,
2822 975 2989 1045 696
3019 978 3285 1031 instructo
3311 975 3378 1029 ad
3412 979 3655 1046 praelium

2092 1071 2144 1121 in
2170 1079 2443 1136 posterum
2492 1067 2634 1121 diem
2672 1070 2936 1132 exercitu,
2969 1083 3097 1122 suas
3139 1085 3227 1124 res
3273 1072 3658 1139 componebat,

2089 1160 2266 1212 adhuc
2286 1160 2424 1211 intra
2450 1159 2653 1228 regium
2677 1160 3085 1213 tabernaculum
3106 1162 3659 1231 consistens,quamlo

2092 1268 2120 1307 a
2154 1252 2393 1325 Scythis,
2431 1252 2571 1308 Uzisl
2594 1254 2840 1321 inquam,
2872 1254 3116 1321 quicum
3158 1254 3273 1321 ipso
3304 1262 3479 1314 erant,
3514 1266 3657 1307 metu

2091 1346 2376 1408 liberatus,
2406 1352 2668 1397 consueto
2694 1343 3055 1411 jurejurando
3080 1344 3258 1413 ipsum
3292 1344 3654 1397 canﬁrmavit.

2094 1436 2307 1488 Interea
2360 1436 2487 1487 dum
2540 1435 2653 1488 haec
2706 1435 2894 1488 fierent
2942 1443 2993 1487 et
3033 1437 3231 1489 milites
3267 1435 3568 1489 etordines
3597 1453 3657 1487 ae

2091 1525 2352 1592 manipuli
2406 1524 2599 1577 armati
2645 1525 2700 1577 in
2744 1527 2899 1593 equis
2936 1526 3318 1590 consisterent,
3370 1540 3397 1577 a
3432 1525 3657 1577 Sullano

2092 1618 2251 1684 legati
2300 1631 2516 1681 venere,
2563 1616 2656 1685 qui
2701 1630 2886 1684 pacem
2934 1616 3182 1684 utrisque
3224 1618 3655 1681 annuntiarent;

2088 1721 2228 1775 quos
2261 1705 2479 1773 quidem
2509 1705 2808 1773 imperator
2828 1706 3059 1774 excepit,
3088 1714 3141 1759 et
3163 1705 3489 1774 colloquium
3526 1707 3657 1774 ipsis

2090 1797 2394 1852 secundum
2428 1798 2718 1867 legationis
2742 1797 2834 1863 jus
2866 1799 3178 1867 impertitus
3209 1806 3315 1861 est,
3343 1786 3656 1851 nontamen

2090 1902 2185 1942 eos
2216 1886 2449 1956 benigne
2482 1896 2536 1940 et
2567 1887 2802 1942 humane
2831 1888 3102 1942 tractavit.
3122 1886 3506 1942 Verumtamen
3532 1903 3655 1942 cum

2091 1969 2524 2044 consensissent,
2568 1993 2787 2032 crucem
2818 1980 2929 2034 illis
2957 1980 3196 2044 tradidit,
3229 1996 3332 2050 qua
3366 1980 3657 2035 ostenden—

2091 2071 2157 2121 da
2217 2067 2624 2124 reverterentur
2667 2071 2969 2125 incolumes
3013 2079 3067 2125 et
3109 2071 3282 2138 illaesi,
3350 2089 3380 2126 a
3430 2074 3656 2127 Sultauo

2091 2176 2349 2230 responsa
2378 2160 2699 2216 referentes.
2723 2160 3132 2231 Speravitenim
3162 2163 3437 2232 insperato
3463 2169 3655 2219 nuntio

2087 2252 2281 2314 elatus,
2320 2250 2437 2305 fore
2465 2260 2522 2302 ut
2549 2252 2812 2306 Sullanus
2848 2254 3041 2308 relicto
3081 2255 3302 2324 proprio
3345 2265 3653 2309 castrorum

2087 2343 2205 2397 loco
2243 2344 2475 2396 ulterius
2500 2359 2825 2413 progressus
2860 2355 3039 2399 castra
3071 2356 3310 2415 poneret,
3333 2357 3387 2402 et
3412 2349 3526 2416 ipse
3558 2363 3621 2402 eo
3644 2378 3656 2387 ι

2085 2434 2208 2487 dem
2269 2433 2325 2486 in
2384 2434 2506 2487 loco
2563 2435 2654 2488 ubi
2704 2437 2854 2505 prius
2894 2430 3157 2491 Sult'anus
3211 2438 3404 2491 fuisset
3452 2439 3650 2492 vallum

2086 2532 2450 2590 construeret,
2473 2535 2525 2580 et
2557 2536 2691 2583 tunc
2723 2528 2789 2583 ad
2818 2530 3267 2585 consentiendum
3300 2530 3402 2584 sibi
3431 2539 3485 2585 et
3502 2532 3655 2599 pacis

2086 2614 2263 2671 foedus
2290 2617 2705 2685 percutiendum
2746 2618 3031 2673 accederet
3062 2637 3076 2683 ;
3102 2634 3277 2690 neque
3309 2622 3655 2675 animadver-

2086 2706 2151 2757 tit
2181 2722 2240 2760 se
2273 2709 2569 2776 βίαιοιιίιηὶ
2594 2710 2831 2765 elatione
2856 2711 3143 2765 victoriam
3177 2713 3426 2768 hosdbus
3451 2727 3652 2767 conce-

2086 2797 2239 2862 dere,
2279 2800 2740 2868 quemadmodum
2789 2803 2824 2855 ii
2858 2803 2949 2871 qui
2998 2804 3123 2857 talia
3163 2814 3419 2859 accurate
3447 2806 3657 2858 exami-

2086 2901 2220 2944 nant
2249 2892 2523 2961 conjicere
2553 2908 2908 2959 consuevere,
2939 2908 3062 2949 cum
3088 2895 3325 2950 misisset
3359 2897 3459 2967 ipsi
3487 2901 3652 2951 telum

2082 2982 2225 3051 quod
2282 2984 2517 3038 maxime
2571 2985 2641 3039 ad
2695 2986 2983 3040 victoriam
3028 2989 3263 3055 pertinet
3293 2995 3348 3042 et
3396 2990 3545 3044 illius
3570 3002 3653 3043 est

2084 3075 2413 3144 symbolum,
2443 3092 2664 3131 crucem
2686 3077 2958 3133 videlicet.
2984 3078 3232 3134 Nondum
3254 3081 3410 3135 finem
3441 3082 3651 3146 habuit,

2086 3181 2263 3235 neque
2312 3170 2607 3237 legatorum
2659 3182 3007 3240 exspectatus
3058 3174 3234 3228 fuerat
3274 3180 3561 3241 adventus,
3600 3187 3654 3229 et

2082 3258 2301 3325 quidam
2343 3275 2407 3313 ex
2456 3261 2522 3315 iis
2553 3261 2645 3329 qui
2690 3265 2926 3318 maxime
2963 3264 3259 3321 familiares
3287 3276 3445 3320 erant
3476 3270 3649 3338 impe-

2081 3348 2271 3409 ratori,
2304 3350 2350 3401 ei
2388 3352 2719 3418 persuadent
2749 3362 2806 3405 ut
2840 3369 3027 3423 ρηοιτιιι
3054 3357 3311 3426 negligat,
3342 3359 3499 3426 quasi
3537 3375 3648 3414 rem

2078 3452 2199 3504 quae
2251 3441 2518 3493 mendacii
2570 3440 2714 3495 haud
2752 3457 2947 3511 expers
2999 3446 3290 3516 deceptura
3342 3450 3414 3503 sit
3470 3451 3651 3518 potius

2078 3541 2241 3594 quam
2288 3528 2541 3582 utilitatis
2572 3530 2777 3598 aliquid
2798 3531 2961 3601 697
2991 3535 3220 3588 allatura
3249 3554 3261 3588 :
3290 3538 3482 3592 timere
3502 3540 3647 3593 enim

2079 3617 2503 3684 suspicabantur
2536 3620 2822 3674 Sullanqu
2852 3662 2865 3683 ,
2898 3624 3043 3690 quod
3071 3639 3180 3679 non
3208 3626 3432 3683 idoneas
3462 3630 3649 3699 copias

2081 3706 2323 3775 haberet,
2351 3712 2444 3764 sed
2473 3724 2792 3781 exspectare
2809 3729 2903 3768 eos
2928 3717 3018 3784 qui
3051 3733 3080 3771 a
3117 3728 3269 3790 tergo
3299 3722 3649 3792 insequeren-

2079 3802 2188 3861 tur,
2218 3806 2273 3852 et
2297 3801 2518 3854 obtentu
2550 3803 2696 3871 pacis
2731 3813 2942 3873 tempus
2969 3806 3208 3863 diflerre.
3242 3809 3322 3862 Illi
3363 3811 3529 3880 igitur
3550 3816 3641 3882 qui

2081 3903 2206 3941 cum
2249 3889 2477 3944 Sullano
2505 3904 2659 3946 erant
2700 3909 2797 3963 per
2828 3908 2888 3949 se
2920 3899 3159 3952 reversis
3192 3899 3379 3970 legatis
3408 3902 3475 3956 de
3510 3918 3644 3973 pace

2077 3980 2551 4047 colloquebantur,
2584 3999 2814 4052 eamque
2839 3987 3063 4041 omnino
3100 3990 3361 4052 integram
3385 3992 3498 4046 fieri
3530 4008 3646 4049 stu-

2077 4071 2295 4125 debant.
2327 4072 2625 4141 Imperator
2657 4086 2835 4129 autem
2861 4093 2967 4131 non
2994 4080 3196 4135 indicto
3226 4099 3320 4151 per
3338 4066 3646 4153 prmi-onem-

2078 4163 2239 4227 bello,
2277 4179 2400 4217 cum
2442 4167 2734 4221 classicum
2772 4170 3086 4236 cecinisset,
3124 4182 3324 4230 temere
3347 4178 3641 4233 clamorem

2076 4256 2315 4308 sustulit.
2344 4256 2476 4321 Quae
2506 4257 2649 4312 fama
2680 4276 2804 4313 cum
2826 4262 2891 4316 ad
2926 4264 3111 4320 hostes
3144 4268 3501 4335 pervenisset,
3547 4284 3644 4324 eos

2077 4348 2309 4401 maxime
2367 4352 2618 4418 perculit.
2677 4351 2754 4405 Illi
2811 4354 2978 4423 igitur
3029 4357 3296 4412 instructa
3334 4370 3387 4413 et
3429 4376 3640 4417 arulam

2077 4437 2252 4490 inutili
2275 4439 2618 4495 multitudine
2639 4444 2869 4498 ulterius
2894 4449 3459 4515 progrediebantur.A
3485 4461 3642 4522 tergo

404 4508 681 4578 σῦυτέρων
729 4510 1051 4577 μετέδωκεν,
1079 4512 1137 4562 οὑ
1168 4513 1305 4564 πάνυ
1332 4512 1387 4565 δὲ
1424 4514 1643 4577 τούτους
1668 4516 1967 4585 φιλανθρώο
1992 4536 2045 4595 D
2074 4544 2151 4581 γει

1888 4516 1967 4569 id»
1992 4536 2045 4595 D
2074 4544 2197 4581 vero
2224 4531 2357 4583 aciei
2385 4532 2450 4585 ad
2474 4533 2713 4599 prndium
2736 4534 3017 4591 instructae
3040 4540 3274 4607 speciem
3304 4543 3635 4609 praebebant.

402 4616 517 4662 πως
538 4600 771 4662 ἐδέξατο.
797 4601 983 4669 Ὅμως
1015 4599 1059 4652 δ’
1090 4601 1183 4654 οὖν
1220 4604 1606 4668 συνεπινεύσας
1628 4607 1717 4659 καὶ
1742 4611 1969 4678 σταυρὶν

401 4691 582 4752 αὐτοῖς
616 4691 942 4743 ἐπιδέδωκεν
973 4692 1108 4761 (24),
1163 4693 1249 4746 ἵνα
1297 4698 1362 4765 τῇ
1417 4697 1671 4761 ἐπιδείξει
1715 4699 1969 4763 ἀϐλαϐεῖς

401 4781 536 4848 πρός
592 4781 752 4832 αὑτὸν
806 4783 1208 4851 ὑποστρέψωσι,
1263 4787 1579 4856 κομίζοντες
1621 4791 1873 4857 ἀγγελίας
1901 4791 1967 4853 ἃς

399 4869 463 4921 ἂν
496 4873 562 4924 ἐκ
614 4872 708 4924 τοῦ
752 4873 1041 4927 σουλτάνου
1084 4876 1361 4928 πύθοιντο.
1411 4880 1689 4949 Δεδήλωκε
1742 4883 1851 4951 γὰρ
1890 4883 1967 4951 τῷ

398 4962 705 5032 ἀνελπίστῳ
737 4965 833 5017 τοῦ
863 4966 1177 5037 μηνύματος
1210 4968 1492 5039 ἐπαρθεὶς,
1520 4972 1585 5022 ἵν’
1617 4975 1643 5025 ὁ
1672 4974 1959 5036 σουλτάνος

399 5054 714 5106 καταλιπὼν
752 5057 843 5108 τὸν
874 5059 1036 5111 τόπον
1068 5060 1166 5129 τῆς
1208 5061 1339 5123 ἰδίας
1372 5064 1721 5132 παρεμϐολῆς
1756 5068 1967 5136 πορῤω-

397 5145 536 5214 τέρω
571 5150 1122 5220 στρατοπεδεύσηται,
1156 5153 1183 5202 ό
1213 5154 1269 5205 δὲ
1310 5154 1564 5223 βασιλεὺς
1589 5160 1645 5210 ἐν
1678 5160 1867 5227 ἐκείνῳ
1888 5159 1963 5228 τῷ

394 5238 542 5307 τόπῳ
588 5237 648 5300 ὃς
691 5241 783 5293 τὸν
818 5243 1105 5296 σουλτάνον
1134 5240 1245 5315 εἶχε
1279 5248 1545 5317 πρότερον
1575 5251 1960 5322 ἐπικαταπήξῃ

394 5328 482 5380 τὸν
513 5334 755 5399 χάρακα,
786 5332 871 5405 [Ρ.
930 5334 1063 5406 8401
1090 5338 1391 5406 τηνικαῦτα
1434 5341 1572 5411 πρὸς
1608 5345 1962 5412 συμϐιϐάσεις

398 5420 542 5489 αὑτῷ
587 5425 869 5493 χωρήσας.
909 5427 1105 5481 Ἐλαθε
1139 5429 1194 5482 δὲ
1222 5430 1321 5501 τὴν
1351 5432 1506 5501 νίκην
1539 5434 1641 5486 ὑπὸ
1664 5436 1960 5504 ὑψηλοφρο-

400 5510 559 5582 σύνης
593 5518 705 5574 τοῖς
737 5517 998 5581 ἐναντίοις
1048 5522 1514 5592 καταπροέμενος,
1540 5524 1719 5586 καθὼς
1748 5528 1798 5577 οί
1826 5528 1957 5597 περὶ

2072 4617 2174 4671 Sed
2216 4622 2388 4689 magis
2433 4622 2510 4675 illi
2545 4623 2611 4675 ad
2643 4622 2959 4692 fugiendum
2999 4631 3445 4697 concitabantur,
3488 4638 3635 4701 quod

2073 4712 2319 4765 viderent
2351 4712 2721 4770 Romanorum
2750 4720 3044 4789 phalanges
3073 4724 3369 4781 instructas
3398 4728 3463 4782 ad
3499 4746 3637 4799 pue—

2072 4804 2200 4856 lmm
2226 4806 2419 4859 ordine
2449 4809 2720 4877 progredi.
2769 4810 2834 4862 Et
2865 4814 2941 4866 illi
2979 4816 3198 4884 quidem
3242 4828 3388 4874 retro
3419 4838 3637 4890 proces-

2070 4906 2279 4948 Scrunt.
2315 4898 2609 4967 imperator
2631 4911 2811 4973 autem
2840 4918 2962 4957 cum
2995 4908 3138 4960 oruni
3162 4913 3401 4966 exercitu
3430 4931 3458 4966 a
3487 4928 3636 4984 tergo

2071 4986 2217 5053 ipsos
2274 4999 2589 5056 persecutus
2638 5001 2742 5054 est,
2779 4995 2960 5062 quoad
3017 5002 3193 5054 noctis
3247 5006 3631 5071 crepusculum

2068 5077 2303 5132 advenit.
2337 5079 2470 5134 Cum
2508 5082 3292 5150 imperatoradversar-ioSnon
3330 5097 3630 5159 habuisset,

2069 5184 2245 5238 neque
2275 5173 2368 5240 qui
2394 5173 2496 5227 sibi
2523 5179 2761 5245 Oppositi
2792 5196 3171 5253 repugnarent,
3206 5185 3630 5259 oﬂ‘endissetque

2066 5275 2234 5314 vacua
2270 5280 2297 5313 a
2326 5264 2591 5321 militibus
2625 5280 2804 5323 castra
2829 5282 2881 5325 et
2908 5288 2936 5325 a
2962 5276 3299 5340 custodibus,
3334 5280 3477 5347 quod
3508 5282 3626 5335 ido-

2067 5366 2168 5404 neo
2196 5370 2423 5409 numero
2456 5360 2639 5414 minus
2673 5363 2993 5428 abundaret,
3034 5376 3093 5421 ut
3118 5380 3302 5437 posset
3333 5371 3405 5425 ibi
3447 5375 3632 5440 praesi-

2067 5441 2154 5495 dia
2194 5445 2524 5514 relinquere,
2573 5456 2761 5507 statuit
2802 5455 2943 5509 haud
2977 5460 3211 5514 amolius
3261 5478 3387 5517 esse
3439 5479 3626 5533 perse-

2064 5537 2363 5601 quendum,
2402 5554 2467 5593 ne
2500 5558 2558 5595 se
2592 5543 3009 5615 incompositum
3042 5548 3235 5606 Turcae
3269 5556 3629 5623 aggrederen-

1639 5633 1870 5692 JACOBI
1909 5641 2114 5698 bOAIII
2147 5646 2373 5703 ΝΟὙᾸΕ.

464 5714 573 5823 βξ.)
598 5715 1011 5823 ἓςξξξίίξξίθτυκ
1069 5724 1120 5774 ί¹¹
1182 5723 1369 5778 τιιθιῑίι
1401 5727 1703 5796 do[3301:1531
1728 5729 1851 5787 ﬁdei
1885 5733 2023 5791 data?
2063 5742 2256 5806 pignus
2279 5755 2332 5798 et
2386 5749 2748 5818 jurisjurandi
2782 5755 3109 5823 symbolum,
3147 5768 3269 5811 nota
3300 5758 3366 5813 ad
3394 5757 3626 5817 (Σαίηηὶ

394 5798 445 5852 p.
469 5786 571 5838 527
598 5784 883 5843 ediss-rtti.

745 5885 1013 5949 Ριτιιοῐ..
1057 5891 1173 5949 Gn.
1222 5891 1479 5952 CXXII.

3182 5914 3253 5973 ιδ
