4424 6450
701 384 708 389 '
747 369 851 433 4.27

2009 378 2249 439 JUANN
2268 384 2334 438 IS
2374 385 2500 439 StlY
2516 386 2549 440 I.
2564 386 2630 442 l'l'
2648 387 2753 444 Z35

3885 405 3992 469 428

729 502 837 553 tur.
881 494 1055 548 simul
1109 494 1487 561 considerans,
1541 500 1587 551 si
1640 498 1872 567 amplius
1925 509 2300 565 cunctaretur,
2337 510 2375 559 Α
2410 503 2473 549 τὰ

2243 519 2300 565 ,r,
2337 510 2375 559 Α
2410 503 2473 549 τα
2532 502 2758 555 τοιαῦτα
2814 508 3223 575 διακριεοῦντες
3264 512 3646 582 συμϐάλλουσι,
3695 521 3752 572 24‘,
3784 540 3990 595 νικητι-

728 584 832 639 sibi
869 593 1324 655 superventuram
1361 598 1596 653 noctem,
1630 598 1685 642 et
1715 591 2068 644 tuncTurcos
2091 595 2307 645 eminus

723 675 989 743 iacientes
1018 690 1049 732 e
1086 675 1211 745 fuga
1239 679 1533 733 redituros.
1577 679 1673 734 His
1702 682 1768 736 de
1807 682 2009 744 causis,
2042 696 2309 738 converso

730 766 882 832 regio
922 767 1098 833 signo,
1129 770 1384 837 pracepit
1427 770 1630 825 milites
1666 773 1862 825 redire.
1900 770 2100 826 Verum
2137 774 2173 826 ii
2214 776 2307 842 qui

732 854 920 920 procul
951 854 1123 926 698
1156 857 1454 927 phalanges
1492 860 1787 921 habebant,
1820 862 2124 931 conspicati
2152 864 2306 932 signa

725 953 875 997 retro
934 961 1196 1001 conversa
1265 948 1474 1003 cladem
1530 951 1599 1005 ab
1648 951 1972 1019 imperatore
2026 965 2306 1024 acceptam

726 1038 992 1105 suspicati
1010 1038 1288 1093 suntJmo
1312 1055 1438 1094 vero
1452 1040 1671 1108 quidam
1698 1058 1764 1096 ex
1782 1045 1848 1099 iis
1865 1048 1957 1114 qui
1985 1047 2033 1100 ei
2057 1047 2303 1116 aderant,

723 1128 1074 1183 Andronicus
1139 1131 1372 1187 Caesaris
1422 1132 1569 1188 ﬁlius
1620 1136 1970 1205 imperatoris
2011 1144 2299 1210 patruelis,

722 1226 849 1271 ante
881 1220 1172 1275 meditatus
1204 1223 1452 1283 insidias,
1491 1225 1607 1293 ipse
1641 1242 1734 1293 per
1784 1243 1843 1281 se
1888 1229 2049 1282 talem
2103 1231 2301 1286 fatuam

720 1307 1119 1376 disseminavit,
1142 1320 1194 1365 et
1223 1327 1346 1366 cum
1374 1316 1639 1370 militibus
1670 1332 1805 1384 quos
1834 1318 2064 1373 habebat
2090 1322 2200 1377 cito
2235 1324 2300 1378 ad

726 1408 908 1453 castra
936 1417 993 1456 se
1024 1403 1256 1458 contulit
1292 1423 1307 1471 ;
1347 1421 1507 1475 quem
1540 1408 1733 1476 reliqui
1763 1426 1983 1480 quoque
2017 1415 2209 1470 imitati
2235 1417 2299 1471 ad

727 1506 895 1542 unum
935 1508 1129 1548 omnes
1161 1494 1370 1564 fugere.
1410 1498 1713 1565 Imperator
1740 1511 1920 1554 autem
1952 1507 2301 1575 conspicatus

722 1580 774 1632 id
808 1583 953 1649 quod
991 1591 1195 1638 temere
1230 1588 1401 1651 fieret,
1438 1604 1666 1643 suorum
1702 1589 1910 1660 fugam,
1952 1606 2008 1648 ut
2048 1613 2166 1653 mos
2196 1611 2299 1664 est,

720 1687 817 1726 eos
852 1690 1140 1738 revocans,
1171 1676 1436 1731 sistebat:
1467 1696 1655 1733 verum
1688 1698 1850 1735 nemo
1867 1683 2127 1740 obediens
2157 1699 2295 1745 erat.

722 1765 1042 1818 Adversarii
1070 1782 1204 1820 vero
1236 1768 1287 1820 in
1320 1770 1542 1823 tumulis
1571 1773 1956 1838 consistentes.
1982 1792 2105 1829 cum
2130 1779 2296 1836 vidis-

722 1865 844 1908 sent
879 1856 929 1908 id
965 1856 1109 1924 quod
1142 1860 1287 1910 nulla
1323 1860 1530 1913 ratione
1559 1860 1732 1923 lieret,
1762 1877 1984 1933 repente
2018 1866 2293 1924 Romano-

722 1962 841 1998 rum
892 1948 1249 2002 infortunium
1281 1949 1512 2003 Sultano
1554 1954 1798 2009 studiose
1847 1961 2161 2013 renuntiant
2196 1979 2206 2012 :
2241 1970 2294 2015 et

722 2039 785 2088 ad
818 2040 1151 2091 redeundum
1173 2043 1469 2105 concitant,
1497 2044 1696 2113 quippe
1719 2046 1829 2112 jam
1860 2057 1911 2101 et
1942 2048 2057 2116 ipse
2082 2052 2294 2119 fugiens

722 2145 749 2177 a
785 2128 900 2182 suis
938 2132 1134 2183 castris
1165 2132 1351 2199 procul
1382 2135 1589 2185 aberat.
1618 2136 1811 2187 Statim
1845 2137 2010 2205 igitur
2039 2155 2161 2194 cum
2192 2143 2291 2194 itit-

723 2229 972 2287 pr-ratore
1006 2236 1129 2274 at-re
1161 2224 1402 2289 prtelium
1433 2223 1623 2277 initur.
1662 2224 1904 2296 Cumque
1935 2244 2065 2285 suos
2094 2233 2292 2301 jussis-

722 2321 802 2366 .~.vt
860 2314 1080 2367 minime
1124 2312 1317 2367 cedere
1350 2330 1526 2383 neque
1561 2318 1796 2372 molliter
1837 2322 2043 2391 aliquid
2093 2326 2290 2388 facere,

720 2404 813 2456 sed
847 2415 1100 2458 strenuos
1131 2412 1184 2458 et
1218 2405 1380 2459 fortes
1412 2407 1559 2461 viros
1598 2424 1658 2463 se
1686 2412 1949 2480 praebere,
1982 2417 2293 2484 aliquandiu

720 2496 932 2547 fortiter
982 2496 1204 2548 restitit.
1242 2495 1347 2550 Sed
1378 2512 1501 2549 cum
1545 2498 1759 2553 interim
1788 2503 1875 2555 alii
1905 2513 2055 2558 extra
2094 2508 2290 2560 vallum

720 2591 987 2653 lugeri-nt,
1019 2587 1305 2654 explorata
1336 2587 1481 2640 fama
1518 2589 1703 2642 minus
1730 2592 2292 2665 audiebatur,quippe

717 2694 840 2731 eum
866 2680 956 2730 alii
981 2678 1125 2732 aliud
1146 2680 1481 2746 nuntiarent,
1518 2682 1569 2735 hi
1600 2684 1829 2747 cladem,
1862 2685 1937 2738 illi
1982 2689 2289 2752 victoriam,

717 2779 767 2819 et
802 2770 1031 2822 obscura
1071 2779 1233 2837 atque
1258 2770 1463 2824 incerta
1502 2770 1881 2839 dissererent;
1915 2779 2093 2843 quoad
2128 2779 2288 2830 etiam

714 2874 776 2910 ex
826 2859 1238 2926 Cappadocibus
1284 2860 1452 2928 aliqui
1496 2876 1591 2930 per
1627 2863 1801 2916 tribus
1832 2874 1885 2916 et
1933 2868 2112 2920 curias
2140 2870 2290 2921 abire

715 2960 1019 3017 emperunt,
1056 2960 1107 3005 et
1142 2952 1294 3003 multi
1328 2966 1392 3005 ex
1416 2954 1580 3022 regiis
1609 2957 1965 3023 equisonihus
1999 2974 2121 3013 cum
2155 2962 2288 3029 ipsis

713 3043 870 3110 equis
899 3043 1335 3107 revertebantur,
1370 3060 1438 3098 ne
1470 3046 1715 3100 viderent
1749 3047 2131 3115 imperatorem
2158 3066 2288 3106 con-

714 3130 999 3185 tendentes
1042 3132 1277 3202 Eratque
1308 3134 1471 3187 veluti
1506 3144 1687 3191 motus
1714 3146 1765 3189 et
1796 3139 1973 3193 luctus
2004 3151 2288 3211 metusque

716 3222 1051 3277 incredibilis
1082 3264 1097 3289 ,
1143 3222 1337 3279 Turcis
1369 3226 1612 3295 undique
1645 3227 1814 3297 699
1859 3231 2280 3289 confluentibus.

713 3317 893 3378 Quare
952 3316 1153 3385 singuli
1203 3317 1433 3385 perinde
1479 3332 1543 3371 ac
1602 3328 1851 3387 poterant
1898 3323 1999 3374 sibi
2049 3326 2281 3379 salutem

714 3412 1047 3478 quaerebant.
1074 3412 1473 3481 Persequentes
1491 3428 1618 3466 vero
1634 3413 1825 3470 hostes
1852 3418 1987 3471 alios
2012 3420 2280 3484 occidere,

717 3504 853 3556 alios
882 3504 1031 3558 vivos
1054 3517 1269 3573 capere,
1311 3504 1449 3558 alios
1483 3505 1714 3574 pedibus
1747 3511 2091 3563 conculcare.
2126 3510 2281 3564 Erat-

715 3609 818 3661 que
859 3608 947 3647 res
1000 3594 1291 3648 admodum
1341 3596 1690 3651 miseratione
1736 3600 1919 3668 digna,
1956 3616 2283 3671 omnemque

718 3686 1159 3741 lamentationem
1194 3703 1531 3757 exsuperans
1559 3700 1719 3758 atque
1760 3708 1973 3748 omnem
2014 3696 2280 3753 dolorem.

712 3779 845 3830 Cum
870 3794 997 3833 vero
1017 3779 1402 3850 imperatorem
1429 3784 1929 3839 circumstetissent
1949 3786 2155 3850 hostes,
2173 3804 2280 3843 non

714 3872 895 3923 statim
930 3872 1107 3939 ipsum
1134 3887 1348 3941 cepere,
1385 3874 1584 3942 quippe
1613 3876 1706 3943 qui
1747 3877 1822 3929 rei
1858 3878 2106 3933 militaris
2142 3882 2283 3947 peri-

716 3974 800 4015 tus
818 3978 883 4016 ac
908 3963 1200 4019 bellicosus
1220 3966 1498 4033 multaque
1518 3968 1755 4035 pericula
1790 3978 2048 4037 expertus
2063 3980 2282 4028 strenue

713 4072 769 4108 se
797 4054 1147 4120 defendebat,
1177 4056 1471 4125 multisque
1502 4058 1705 4112 occisis
1746 4059 1811 4111 ad
1836 4067 2138 4114 extremum
2166 4063 2282 4131 ipse

718 4148 769 4198 iu
805 4161 967 4199 manu
994 4149 1173 4215 gladio
1199 4164 1495 4217 percussus
1514 4157 1619 4209 est,
1651 4157 1703 4201 et
1732 4164 1872 4219 equo
1896 4151 2076 4219 jaculo
2110 4162 2281 4208 trans-

717 4240 823 4291 lixo
870 4240 1031 4307 pedes
1069 4239 1361 4308 pugnabat.
1404 4237 1788 4293 Verumtamen
1838 4240 2163 4311 defatigatus
2213 4241 2279 4295 ad

712 4346 995 4400 \esperam
1031 4333 1265 4400 capitur,
1294 4339 1347 4384 et
1378 4338 1591 4401 captus,
1614 4347 1648 4385 o
1669 4331 2037 4388 incredibilem
2064 4335 2283 4387 calami-

712 4434 900 4489 tatem,
955 4425 1293 4478 clarissimus
1346 4422 1717 4477 Romanorum
1772 4424 2067 4493 imperator
2125 4436 2283 4479 nocte

2425 598 2667 644 κιῑλτατον
2723 597 2990 663 σύμϐολον
3023 600 3136 669 (‘25)
3172 604 3497 666 ἀποστείλας
3528 609 3673 679 αύτῷ
3701 613 3792 667 τον
3825 631 3989 668 σταυ-

2416 686 2530 753 ρόν.
2569 686 2732 738 Οὔπω
2784 689 2937 751 τέλος
2970 692 3126 763 ἔσχεν
3160 695 3272 747 οὐδ’
3297 699 3572 771 ἁναμονὴν
3605 706 3635 772 ἡ
3701 707 3810 760 τῶν
3848 712 3981 778 πρέ·

2416 775 2587 827 σϐεων
2634 777 2837 845 ἄφιξις,
2871 781 2964 833 καί
3014 800 3158 847 τινες
3200 788 3308 840 τῶν
3336 791 3650 857 ἐγγυτάτων
3680 796 3754 865 τῷ
3780 798 3989 867 βασιλεῖ

2413 868 2693 921 πείθουσιν
2740 873 2900 924 αὑτὸν
2949 874 3319 933 ἀποϐαλέσθαι
3361 884 3457 950 τὴν
3488 887 3713 956 εἰρήνην
3747 890 3821 952 ὠ;
3848 891 3981 959 ψευν

2410 957 2642 1029 δομένην
2681 964 2740 1013 τὸ
2774 965 2933 1035 ἔργον
2965 970 3057 1020 καὶ
3088 970 3386 1025 ἁπατῶσαν
3433 977 3635 1041 μᾶλλον
3669 982 3700 1050 ἢ
3739 983 3799 1033 τὸ
3844 957 3981 1054 ruu-

2412 1050 2574 1118 φέρον
2606 1051 2900 1109 ἐθέλουσαν
2926 1071 2940 1085 ·
2970 1060 3197 1112 δεδιέναι
3252 1064 3362 1132 γὰρ
3410 1068 3679 1122 ὑπέλαϐον
3708 1071 3800 1124 τὸν
3829 1050 3975 1128 σουλ-

2408 1140 2567 1193 τάνον
2602 1141 2688 1195 διὰ
2716 1144 2773 1195 τὸ
2809 1146 2883 1215 μὴ
2918 1148 3197 1217 ἀξιόλογον
3225 1154 3369 1223 ἔχειν
3390 1156 3643 1225 δύναμιν,
3668 1167 3981 1233 περιμένειν

2407 1231 2463 1282 δὲ
2496 1235 2621 1295 τοὺς
2675 1238 2903 1289 κατόπιν
2956 1241 3324 1310 ἀφικομένους
3360 1249 3453 1299 καὶ
3517 1251 3593 1319 τῷ
3628 1259 3979 1327 προσχήματι

2405 1322 2506 1388 τῆς
2558 1326 2782 1395 εἰρήνης
2846 1332 3202 1401 μετεωρίζειν
3254 1338 3346 1389 τὸν
3385 1342 3591 1408 χρόνον.
3630 1346 3692 1397 Ui
3740 1322 3978 1415 οὖν

2405 1414 2533 1483 περὶ
2572 1416 2663 1468 τὸν
2702 1420 3015 1486 σουλτάνον,
3055 1426 3196 1477 κατὰ
3249 1430 3390 1494 σφᾶς
3426 1434 3621 1497 αὐτοὺς
3652 1438 3977 1492 ἐπανελθόν-

2403 1517 2510 1553 των
2536 1503 2646 1556 τῶν
2675 1508 2988 1576 πρέσϐεων,
3019 1513 3090 1564 τὰ
3146 1517 3272 1584 περὶ
3319 1520 3415 1586 τῆς
3458 1522 3679 1590 εἰρήνης
3736 1527 3974 1593 ὡμίλουν

2406 1597 2498 1646 καὶ
2544 1598 2749 1667 ταύτην
2801 1601 3102 1671 ὁλοσχερῶς
3136 1606 3619 1678 ἐπραγματεύοντο
3640 1631 3652 1643 ’
3682 1618 3709 1667 ὀ
3733 1616 3787 1667 ea
3821 1617 3971 1685 βασι-

2402 1685 2524 1747 λεὺς
2556 1690 2827 1757 ἀκήρυκτί
2860 1692 3129 1757 σαλπίσας
3166 1695 3222 1747 τὸ
3271 1698 3516 1751 ἐνυάλιον
3541 1703 3630 1753 τὸν
3663 1704 3830 1771 μῦθον
3867 1723 3972 1757 πα-

2402 1776 2644 1843 ραλόγως
2680 1781 2964 1851 ἐκρότησε.
3016 1786 3412 1840 Καταλαϐούσα
3447 1790 3491 1841 δ’
3549 1796 3578 1859 ἡ
3635 1798 3788 1864 φήμη
3845 1801 3970 1861 τοὺς

2398 1868 2672 1931 ἐναντίους
2724 1870 3009 1942 ἐξέπληξε.
3073 1878 3219 1940 Τέως
3285 1877 3446 1933 δὀύν
3507 1885 3968 1954 καθοπλισάμενοι

2401 1960 2491 2008 καὶ
2538 1960 2690 2011 αὐτοὶ
2741 1963 2801 2014 τὸ
2849 1964 3121 2033 ἄχρηστον
3168 1970 3372 2037 πλῆθος
3416 1975 3493 2035 εἰς
3530 1978 3769 2028 τούπίσω
3800 1996 3963 2046 προσ·

2399 2050 2649 2117 ἠλαύνον,
2679 2055 2830 2106 αὐτοὶ
2864 2056 2918 2107 δὲ
2960 2058 3191 2110 κατόπιν
3222 2062 3424 2115 ἐδίδουν
3472 2069 3774 2133 φαντασίαν
3810 2072 3965 2121 πολε-

2400 2142 2567 2209 μικῆς
2614 2147 2991 2214 παρατάξεως,
3030 2150 3089 2201 τὸ
3117 2149 3172 2201 δὲ
3209 2152 3391 2204 πλεῖον
3421 2157 3563 2224 φυγή
3605 2176 3685 2220 τις
3717 2164 3965 2230 κατεῖχεν

2400 2230 2600 2291 αὑτοὺς
2649 2240 3089 2304 συντεταγμένας
3143 2240 3345 2303 ἰδόντας
3386 2245 3493 2295 τῶν
3539 2244 3823 2315 Ῥωμαίων
3866 2255 3963 2312 τὰς

2396 2323 2681 2389 φάλαγγας
2734 2327 2793 2376 ἐν
2847 2330 2998 2392 τάξει
3042 2333 3135 2383 καὶ
3170 2335 3356 2404 κόσμῳ
3385 2338 3686 2409 πολεμικῆς
3718 2346 3965 2411 παρατά-

2396 2413 2551 2478 ξεως.
2586 2417 2696 2469 Καὶ
2722 2418 2769 2469 οἱ
2805 2419 2904 2487 μὲν
2952 2423 3231 2490 προῄεσαν
3262 2429 3341 2489 είς
3372 2431 3634 2497 τούπίσω,
3662 2436 3688 2486 ὁ
3719 2435 3774 2487 δέ
3808 2437 3960 2504 βασι-

2395 2502 2519 2564 λεὺς
2551 2511 2893 2578 πανστρατιᾷ
2916 2513 3145 2565 κατόπιν
3172 2516 3352 2569 αὐτῶν
3381 2520 3693 2585 ἐπεδίωκεν,
3724 2526 3827 2588 ’έως
3856 2528 3960 2598 ἄρα

2393 2598 2590 2665 καιρὸς
2625 2598 2807 2668 δείλης
2842 2601 3001 2669 ὀψίας
3035 2608 3270 2658 κατέλαϐ
3317 2634 3349 2661 ι.
3402 2612 3551 2663 Ἐπεί
3575 2616 3618 2666 δ’
3646 2617 3673 2665 ὁ
3708 2617 3962 2686 βασιλεὺς

2390 2692 2515 2751 τοὺς
2550 2692 3039 2760 ἀντιτεταγμένους
3069 2698 3168 2749 οὐκ
3199 2693 3310 2767 εἶχε
3330 2703 3423 2753 καὶ
3442 2706 3959 2776 ἁντιπολεμοῦντας,

2390 2779 2488 2847 τὴν
2542 2781 2597 2833 δὲ
2644 2786 2998 2856 παρεμϐολὴν
3052 2789 3396 2865 ἐψιλωμένην
3451 2800 3798 2865 στρατιωτῶν
3864 2803 3959 2853 καὶ

2392 2870 2785 2938 πεζοφυλάκων
2823 2878 3088 2944 ἐγίνωσκε
3140 2880 3227 2933 διὰ
3256 2885 3316 2934 τὸ
3343 2886 3466 2954 μηδ’
3489 2890 3742 2957 εὐπορεῖν
3772 2892 3955 2943 ἰκανοῦ

2390 2962 2623 3033 πλήθους
2655 2964 2795 3020 ὥστε
2845 2970 2938 3021 καί¹
2972 2972 3305 3040 παρατάξεις
3338 2978 3395 3027 ἐν
3418 2979 3587 3048 ταύτῃ
3617 2982 3958 3047 καταλιπεῖν,

2389 3053 2489 3122 ήδη
2523 3056 3090 3125 προεξαντληθέντων,
3119 3061 3194 3124 ὡς
3226 3066 3661 3136 προδιείληπται,
3689 3069 3829 3135 ἔγνω
3881 3074 3954 3140 μὴ

2390 3144 2482 3195 ἐπὶ
2524 3145 2709 3199 πλεῖον
2745 3150 3131 3221 ἐπιτεῖναιτὴν
3151 3153 3354 3219 δίωξιν,
3388 3157 3477 3209 ἵνα
3510 3160 3583 3226 μὴ
3613 3160 3785 3233 ταύτῃ
3812 3162 3953 3229 ἀφυ-

2388 3234 2598 3299 λάκτως
2638 3238 2687 3289 οἰ
2723 3238 2955 3309 Τοῧρκοι
2994 3243 3311 3307 ἐπίθωνται,
3348 3249 3438 3298 καὶ
3465 3248 3580 3314 ἅμα
3626 3251 3952 3317 διασκοπῶν,

2384 3328 2430 3377 εί
2484 3328 2577 3379 ἐπὶ
2631 3328 2791 3381 πλέον
2839 3332 3265 3404 ἐκμακρυνθείη,
3299 3338 3665 3407 καταλήψεται
3728 3344 3887 3395 αὑτὸν
3920 3349 3953 3414 ἡ

2386 3416 2503 3479 νὺξ,
2544 3420 2652 3469 καίι
2671 3420 2967 3487 τηνικαῦτα
2997 3424 3045 3473 οἱ
3068 3422 3297 3493 Τοῦρκοι
3342 3427 3702 3497 παλίντροπον
3732 3431 3954 3499 θήσουσι

2385 3509 2483 3577 τὴν
2514 3510 2693 3575 φυγὴν
2727 3510 2977 3581 έκηόόλοι
3010 3516 3391 3583 τυγχάνοντες.
3421 3522 3518 3572 Διὰ
3558 3522 3617 3591 δὴ
3649 3522 3821 3577 ταῦτα
3861 3528 3953 3578 καὶ

2383 3600 2482 3667 τὴν
2511 3598 2795 3669 βασιλικὴν
2830 3602 3071 3671 σημαίαν
3120 3606 3456 3677 ἐπιστρέψας
3506 3613 3691 3665 νόστου
3718 3617 3952 3686 ἐπιμνηο

2386 3689 2578 3757 σθῆναι
2630 3692 3020 3759 παρήγγειλεν.
3055 3695 3119 3746 Ol
3173 3696 3229 3747 δὲ
3292 3700 3479 3769 πόρῤω
3530 3702 3630 3764 τὰς
3671 3704 3953 3772 φάλαγγας

2385 3778 2597 3847 ἔχοντες
2634 3783 2987 3850 στρατιῶται,
3018 3785 3115 3847 τὰς
3156 3789 3397 3855 σημαίας
3450 3791 3648 3855 ἰδόντες
3698 3795 3954 3864 όπισθυρ-

2389 3872 2613 3938 μήτους,
2646 3866 2817 3941 ἧτταν
2855 3870 2991 3927 εἶναι
3038 3876 3100 3928 τὸ
3150 3880 3384 3948 πρᾶγμα
3426 3882 3709 3955 βασιλικὴν
3762 3886 3954 3937 ὑπετά-

2384 3982 2583 4018 πασαν.
2614 3967 2829 4019 Μᾶλλον
2860 3968 2917 4020 δέ
2946 3986 3028 4032 τις
3063 3973 3169 4022 τῶν
3202 3975 3597 4042 ἐφεδρευόντων
3619 3981 3787 4045 αὐτῷ,
3832 3983 3950 4034 ’Λν-

2383 4056 2625 4124 δρόνικος
2654 4058 2682 4108 ὀ
2711 4057 2804 4108 τοῦ
2833 4059 3110 4129 Καίσαρος
3144 4061 3244 4130 μὲν
3278 4064 3414 4128 υἱὸς,
3442 4066 3549 4117 τῶν
3591 4068 3644 4118 δὲ
3690 4068 3953 4137 βασιλέων

2385 4144 2703 4212 ἐξάδελφος,
2746 4148 3287 4221 προϐεϐουλευμένην
3331 4154 3468 4222 ἔχων
3517 4157 3615 4225 τὴν
3662 4160 3952 4229 ἐπιϐουλήν

2385 4236 2547 4298 αὐτὸς
2576 4237 2642 4288 δι’
2670 4237 2866 4289 ἑαυτοῦ
2903 4238 2995 4291 τὸν
3042 4241 3283 4295 τοιοῦτον
3318 4243 3473 4310 λόγον
3514 4246 3809 4318 διέσπειρε,
3858 4252 3952 4303 καὶ

2382 4328 2508 4390 τοὺς
2561 4329 2691 4397 περί⁵
2740 4329 2903 4381 αὑτὸν
2950 4332 3289 4401 στρατιώτας
3338 4337 3623 4389 ἀναλαϐὼν
3674 4343 3840 4409 ταχὺς
3886 4346 3949 4411 τῇ

2386 4416 2702 4486 παρεμϐολῇ
2744 4419 3052 4486 ἐφοίτησεν.
3092 4423 3159 4473 Ὀ
3190 4424 3283 4475 καὶ
3316 4427 3365 4476 οἱ
3403 4426 3581 4479 λοιποὶ
3629 4432 3946 4497 μιμησάμε-

713 4518 825 4577 illa,
869 4532 1023 4585 atque
1062 4525 1224 4584 atque
1253 4516 1407 4568 multi
1438 4515 1549 4577 alii,
1599 4514 1750 4567 humi
1776 4514 1985 4582 jacens,
2010 4516 2126 4570 sine
2172 4518 2280 4571 ullo
2306 4535 2358 4595 D
2386 4524 2460 4557 νθε

2198 4518 2280 4571 Illo
2306 4535 2358 4595 D
2386 4524 2463 4557 νοι
2481 4503 2560 4569 εἷς
2577 4508 2769 4571 καθεὶς
2784 4511 3025 4579 ἀμαχητὶ
3041 4513 3138 4581 τὴν
3156 4514 3331 4583 φυγὴν
3354 4514 3437 4586 [Ρ.
3459 4516 3581 4587 841]
3616 4522 3945 4588 ἠσπάσαντο.

716 4608 944 4668 honore,
987 4607 1157 4659 multa
1203 4622 1328 4659 cum
1360 4607 1711 4660 miseratione
1742 4605 2018 4672 dormivit,
2053 4608 2281 4665 inﬁnitis

712 4712 1005 4762 oppressus
1041 4694 1468 4750 infortuniorum
1500 4694 1778 4749 ﬂuctibus.
1834 4694 2102 4751 Postridie
2151 4714 2280 4753 vero

712 4804 834 4839 cum
865 4789 1094 4841 Sullano
1127 4790 1478 4841 renuntiatus
1514 4786 1707 4841 fuisset
1735 4796 1929 4856 captus
1962 4788 2279 4857 imperator,

714 4878 1025 4946 inexplebili
1060 4877 1293 4945 quadam
1330 4878 1515 4931 laetitia
1550 4875 1804 4946 perfusus
1830 4886 1946 4941 est,
1975 4892 2148 4946 neque
2184 4880 2280 4932 ad-

710 4970 834 5023 duci
866 4976 1079 5039 poterat
1123 4979 1183 5022 ut
1241 4969 1493 5023 crederet
1530 4967 1757 5035 factum,
1793 4982 1905 5023 rem
1940 4984 2123 5023 secum
2156 4986 2279 5040 per-

713 5063 953 5130 pendens
977 5072 1179 5131 quanta
1213 5070 1378 5124 esset,
1398 5068 1523 5131 post
1547 5062 1749 5115 victum
1781 5060 1940 5115 talem
1975 5076 2038 5115 ac
2066 5072 2273 5117 tantum

709 5152 1007 5205 exercitum
1050 5152 1229 5219 ipsum
1262 5167 1479 5220 quoque
1507 5151 1893 5218 imperatorem
1930 5150 2275 5219 captivumet

710 5244 813 5297 sibi
873 5244 1182 5309 subjectum
1234 5243 1503 5311 accipere.
1557 5240 1805 5294 Humane
1848 5249 2026 5295 tamen
2073 5242 2272 5297 factum

712 5345 991 5404 reputans,
1026 5335 1420 5403 victoriamque
1450 5347 1605 5401 aquo
1634 5332 1817 5385 animo
1840 5330 2042 5395 ferens,
2064 5342 2119 5387 et
2152 5349 2278 5403 pro-

713 5443 929 5497 sperum
967 5440 1283 5481 successum
1318 5425 1501 5494 potius
1533 5423 1877 5480 occasionem
1907 5422 1974 5476 ad
2010 5439 2130 5479 sese
2158 5427 2275 5480 eol-

2395 4598 2451 4650 Ὀ
2468 4599 2521 4651 δὲ
2541 4600 2791 4668 βασιλεὺς
2811 4601 2935 4655 ἰδὼν
2951 4604 3009 4655 τὸ
3023 4606 3331 4674 παράλογον
3352 4608 3480 4676 ἔστη
3500 4610 3595 4679 τὴν
3610 4613 3719 4663 τῶν
3735 4615 3950 4666 οἰκείων

2383 4692 2582 4761 φυγὴν,
2613 4692 2688 4754 ὡς
2722 4692 2861 4757 έθος,
2893 4696 3355 4766 ἀνακαλούμενος.
3380 4699 3486 4752 Ἦν
3518 4702 3572 4753 δὲ
3605 4706 3631 4755 ό
3663 4705 3949 4757 ἐπακούων

2384 4781 2578 4843 οὐδείς.
2604 4781 2727 4834 Τῶν
2754 4782 2799 4833 δ’
2830 4784 3086 4837 ἐναντίων
3125 4788 3173 4836 οἱ
3216 4789 3308 4839 ἐπὶ
3349 4790 3526 4855 λόφων
3558 4792 3856 4861 ἱστάμενοι,
3890 4795 3948 4845 τὸ

2387 4873 2701 4942 παράλογον
2725 4874 2926 4937 ἰδόντες
2942 4877 3205 4947 ἐξαίφνης
3225 4878 3332 4931 τῶν
3374 4880 3654 4950 Ῥωμαίων
3673 4885 3947 4953 ἀτύχημα,

2382 4966 2458 5034 τῷ
2495 4966 2767 5035 σουλτάνῳ
2793 4968 2994 5038 σπουδῇ
3036 4970 3434 5038 ἀπαγγέλλουσι
3468 4974 3525 5026 τὸ
3552 4976 3826 5044 ὁρώμενον
3855 4978 3947 5028 καὶ

2383 5058 2481 5125 τὴν
2512 5059 2845 5127 ἐπιστροφὴν
2894 5059 3058 5111 αὐτού
3110 5064 3515 5129 κατεπείγουστ,
3550 5066 3799 5133 φεύγοντι
3852 5067 3946 5119 καὶ

2384 5147 2532 5215 αὺτῴ
2568 5147 2671 5217 ήδη
2709 5149 2803 5200 καὶ
2842 5150 3058 5218 μακρὰν
3091 5151 3189 5220 τῆς
3221 5154 3423 5215 οἰκείας
3456 5157 3728 5226 γενομένῳ
3775 5158 3944 5211 ἐπαύ-

2383 5239 2538 5301 λεως.
2582 5239 2757 5301 Εὐθὺς
2796 5238 2889 5291 οὖν
2940 5242 3280 5295 ἐπανελθόντι
3319 5245 3465 5316 αύτῷ
3497 5248 3639 5316 μάχη
3671 5266 3753 5310 τις
3777 5248 3945 5318 ἀθρόα

2383 5331 2461 5400 τῷ
2508 5331 2717 5400 βασιλεῖ
2772 5334 3211 5402 προσρήγνυται.
3251 5336 3527 5401 Κελεύσας
3570 5338 3625 5391 δὲ
3656 5339 3782 5402 τοὺς
3808 5342 3949 5411 ἀμφ’

2382 5422 2544 5475 αὐτὸν
2583 5422 2656 5489 μὴ
2706 5420 2949 5474 ἐνδοῦναι
3001 5422 3135 5492 μηδὲ
3191 5426 3432 5492 μαλακόν
3484 5445 3536 5480 τι
3582 5428 3797 5495 παθεῖν,
3832 5430 3951 5481 ἀλλ’

1958 5534 2189 5589 JACOBI
2222 5534 2431 5591 GOARI
2467 5530 2690 5587 ΝΟΤᾹΞ.

782 5653 894 5719 (25)
920 5649 1003 5703 Nil
1038 5650 1215 5730 minus
1249 5649 1348 5702 telo
1374 5647 1443 5730 ad
1468 5648 1741 5730 victorian:
1773 5651 2063 5717 pertinente
2088 5660 2279 5730 auctor

713 5723 983 5790 intelligit,
1016 5720 1366 5799 sed.c_ru_ce_nt,
1400 5720 1467 5773 de
1496 5734 1606 5799 qua
1641 5720 1716 5772 illi
1745 5735 1927 5773 sermo
1962 5730 2091 5799 cst.-
2118 5723 2278 5786 cujus

716 5789 910 5845 \irtute
947 5793 1126 5844 cutnti
1152 5789 1490 5844 debellantur
1525 5792 1731 5855 hostes,
1758 5804 1915 5859 quam
1953 5801 2004 5843 ut
2048 5792 2278 5846 ἡδίω-ια’

2383 5648 2694 5729 symbolum,
2720 5656 2837 5729 post
2857 5647 3273 5729 Constantinum
3294 5655 3517 5729 vocibus
3542 5656 3627 5729 bis
3652 5658 3740 5711 ‘Ev
3768 5660 3942 5729 τούτῳ

2383 5722 2503 5771 νίκα
2536 5719 2922 5797 cireumdatam
2954 5722 3083 5773 olim
3113 5739 3229 5775 eam
3260 5725 3540 5791 intuitum,
3587 5719 3943 5798 imperatores

2384 5790 2437 5841 in
2469 5789 2637 5855 signis
2675 5789 2881 5857 erigere
2906 5803 3325 5847 consueverunt.
