4424 6450
412 389 517 451 ιὶἒθ

1841 382 2236 445 lliS'l‘liilIA.

3542 397 3651 463 430

408 499 608 565 ἀνδρας
642 495 873 561 φανῆναι
901 492 1163 560 ἀγαθοὺς,
1208 493 1451 560 ἠμύνατο
1504 494 1603 561 μὲν
1644 495 1973 563 ὲρρωμένως
2005 502 2047 553 Α
2080 494 2149 560 lig

1905 511 1973 555 ως
2005 502 2047 553 Α
2080 494 2353 560 ligendum
2398 505 2448 548 et
2492 495 2619 548 boni
2662 497 2827 549 animi
2863 498 3120 552 iudicium
3158 514 3221 554 ac
3258 516 3471 556 tuorum
3504 507 3652 560 outui

415 590 575 656 μέχρι
607 585 822 637 πολλοῦ.
876 585 963 636 Ἐν
996 584 1168 653 τούτῳ
1214 585 1269 636 δὲ
1318 589 1412 654 τῆς
1449 585 1558 638 τῶν
1591 586 1763 640 ἄλλων
1798 586 1978 655 φυγῆς

412 678 889 747 περιαντλησάσης
936 676 1042 742 ἔξω
1072 676 1161 728 τὸν
1197 676 1412 746 χάρακα
1466 678 1623 744 λόγος
1664 679 1839 746 σαφὴς
1879 680 1977 731 οὐκ

410 770 660 836 ἠκούετο,
698 769 885 821 ἄλλοτε
923 770 1097 823 ἀλλων
1139 769 1266 823 ἀλλο
1294 770 1709 837 ἀφηγουμένων,
1739 772 1845 823 τῶν
1880 771 1979 840 μὲν

412 860 621 930 τροπὴν
664 862 771 912 τῶν
821 861 877 913 δὲ
930 860 1085 929 νίκην
1117 859 1594 928 ἀπαγγελλόντων,
1627 863 1719 913 καὶ
1752 863 1978 914 καταλεο

412 951 614 1015 γόντων
668 952 860 1019 ἀσημά
916 969 975 1003 τε
1036 950 1127 1002 καὶ
1176 950 1543 1018 ἀδιάγνωστα,
1574 951 1678 1013 ἕως
1734 953 1827 1004 καὶ
1871 953 1978 1004 τῶν

414 1041 794 1093 Καππαδοκῶν
821 1042 1053 1111 ἤρξαντό
1076 1059 1220 1103 τινες
1259 1042 1353 1095 καὶ
1386 1043 1542 1095 αὐτοὶ
1566 1044 1727 1097 αὐτοῦ
1754 1045 1979 1111 ἀποφοι-

410 1134 507 1201 τᾷν
546 1133 686 1185 κατὰ
709 1134 940 1203 φατρίας
974 1135 1064 1185 καὶ
1095 1134 1425 1203 συμμορίας.
1465 1135 1655 1188 Πολλοὶ
1677 1135 1730 1188 δὲ
1754 1137 1845 1188 καὶ
1873 1137 1977 1188 τῶν

412 1225 703 1294 βασιλικῶν
728 1227 1049 1295 ἱπποκόμων
1081 1228 1178 1279 σὺν
1203 1227 1383 1290 αὐτοῖς
1401 1229 1587 1289 ἵπποις
1614 1228 1975 1297 ὑπέστρεφον,

414 1318 487 1385 μὴ
537 1318 661 1368 ἰδεῖν
686 1318 777 1368 τὸν
814 1317 1037 1385 βασιλέα
1061 1317 1475 1387 διενιστάμενοι.
1512 1321 1620 1372 Καὶ
1652 1316 1719 1389 ἦν
1754 1322 1977 1391 σεισμὸς

408 1407 517 1463 οἷον
542 1414 634 1463 καὶ
660 1413 894 1481 ὀδυρμὸς
914 1414 1007 1464 καὶ
1029 1413 1189 1481 φόσος
1218 1414 1499 1484 ἀκίχητος,
1541 1416 1635 1467 καὶ
1668 1418 1716 1467 οἱ
1745 1415 1976 1485 Τοῦρκοι

406 1503 743 1570 πανταχόθεν
803 1503 1386 1573 ἐπιρῤἐοντες.”Ὅθεν
1448 1506 1541 1557 καὶ
1611 1505 1837 1568 ἕκαστος
1898 1508 1971 1569 ώς

410 1584 558 1658 εἶχεν
609 1591 808 1659 ὁρμῆς,
846 1591 1026 1660 ἑαυτῷ
1052 1593 1149 1661 τὴν
1195 1593 1465 1663 σωτηρίαν
1505 1596 1973 1663 ἐπραγματεύετο.

423 1680 836 1745 Ἐπιδιώκοντες
866 1684 921 1737 δὲ
945 1686 993 1736 οἱ
1025 1685 1256 1736 ἐναντίοι
1290 1685 1383 1747 οὓς
1413 1687 1511 1755 μὲν
1538 1687 1770 1757 ἀνῄρουν
1805 1688 1898 1752 οὓς
1921 1690 1975 1742 δὲ

402 1773 647 1840 ζωγρίας
691 1769 854 1838 εἷλον,
904 1775 1122 1842 ἑτέρους
1172 1774 1229 1828 δὲ
1283 1777 1637 1831 συνεπάτουν.
1684 1780 1794 1831 Καὶ
1816 1776 1885 1848 ἦν
1916 1780 1976 1832 τὸ

405 1866 638 1932 πρᾶγμα
688 1864 807 1916 λίαν
848 1864 1120 1918 ἐπώδυνον
1154 1867 1248 1920 καὶ
1278 1868 1453 1921 πάντα
1482 1869 1676 1938 θρῆνον
1700 1872 1972 1941 ὑπερϐάλ-

403 1955 496 2006 λον
529 1956 621 2007 καὶ
653 1957 900 2010 κοπετόν.
929 1957 1032 2009 Τὸν
1075 1958 1131 2010 δὲ
1196 1958 1421 2026 βασιλέα
1479 1963 1977 2032 περιστοιχίσαντες

400 2046 450 2095 οἱ
490 2045 735 2114 πολέμιοι
766 2047 867 2100 οὐκ
895 2048 1220 2118 εὐχείρωτον
1249 2044 1395 2119 εἶχον
1437 2052 1598 2105 αὐτὸν
1645 2055 1826 2117 εὐθὺς,
1859 2056 1973 2107 ἀλλ’

402 2136 498 2185 ac:
523 2138 927 2204 στρατιωτικῶν
960 2140 1053 2190 καὶ
1078 2138 1391 2208 πολεμικῶν
1420 2142 1655 2211 εἰδήμων
1680 2146 1773 2196 καὶ
1803 2146 1974 2198 κινδύ-

404 2242 515 2287 νοις
540 2226 946 2298 προσομιλήσας
990 2228 1203 2293 πολλοῖς
1240 2233 1522 2302 καρτερῶς
1560 2234 1825 2303 ἠμύνατο,
1878 2236 1973 2290 καὶ

403 2320 630 2383 πολλοὺς
660 2321 865 2373 ἀνελὼν
890 2323 1043 2387 τέλος
1074 2324 1287 2395 ἐπλήγη
1328 2327 1591 2397 φασγάνῳ
1642 2328 1741 2399 τὴν
1792 2333 1969 2401 χεῖρα,

400 2410 496 2463 τοῦ
522 2429 580 2463 τε
611 2412 778 2464 ἵππου
813 2417 1326 2479 κατακοντισθέντος
1373 2420 1436 2470 ἐκ
1471 2421 1628 2483 ποδὸς
1687 2422 1971 2491 ἱστάμενος

398 2503 704 2573 διεμάχετο.
746 2506 954 2573 Καμὼν
986 2507 1030 2559 δ’
1067 2508 1216 2577 ὅμως
1249 2510 1381 2579 πρὸς
1424 2512 1659 2581 ἑσπέραν
1698 2512 1970 2583 ἁλώσιμος

402 2595 528 2662 (φεῦ
563 2597 655 2648 τοῦ
712 2596 917 2660 πάθους
941 2600 981 2666 ι)
1022 2599 1117 2651 καὶ
1162 2600 1505 2669 αἰχμάλωτος
1560 2604 1589 2655 ὁ
1629 2604 1971 2673 περιώνυμος

407 2685 663 2751 βασιλεὺς
720 2688 1005 2758 Ῥωμαίων
1081 2691 1307 2758 γίνεται.
1369 2695 1473 2745 Καὶ
1526 2698 1593 2764 τῇ
1659 2698 1756 2765 μὲν
1818 2700 1972 2751 νυκτὶ

397 2780 578 2847 ἐκείνῃ
621 2781 706 2831 ἐπ’
749 2780 867 2849 ἴσης
916 2783 1029 2844 τοῖς
1064 2784 1277 2846 πολλοῖς
1340 2786 1433 2837 ἐπὶ
1471 2788 1572 2856 γῆς
1637 2788 1846 2856 ἀτίμως
1875 2792 1971 2843 καὶ

398 2869 738 2938 περιωδύνως
762 2871 1073 2940 κατέδραθε,
1099 2875 1309 2944 μυρίοις
1328 2878 1782 2947 περικλυζόμενος
1803 2880 1972 2951 λυπηο

401 2958 511 3025 ρῶν
532 2958 763 3027 κύμασι.
786 2962 862 3031 Τῇ
890 2962 933 3013 δ’
948 2963 1581 3038 έπαύριονίάγγελθείσης
1604 2970 1678 3038 τῷ
1699 2971 1970 3043 σουλτάνῳ

400 3050 612 3118 καὶτῆς
642 3052 736 3103 τοῦ
770 3052 1031 3119 βασιλέως
1062 3055 1332 3121 ἁλώσεως,
1368 3062 1511 3129 χαρά
1546 3079 1627 3124 τις
1684 3064 1961 3134 ἄπληστος

2087 586 2355 654 probitate
2406 588 2753 652 praeditorum
2816 598 2989 651 ratus,
3055 587 3164 644 Deo
3209 592 3260 645 id
3289 600 3462 646 totum
3499 609 3659 649 accc-

2086 685 2233 745 ptum
2271 676 2557 741 referebat,
2588 678 2731 748 quod
2764 678 2940 746 majus
2965 696 3128 749 quam
3158 696 3256 750 pro
3289 684 3407 737 suis
3441 685 3655 741 viribus

2085 779 2349 837 lrupzimm
2386 770 2669 824 erexisset.
2707 769 2916 824 Idcirco
2949 775 3210 840 perducto
3245 774 3312 827 ad
3356 777 3491 829 Asan
3530 778 3658 832 Sul-

2086 871 2271 912 tatttittt
2299 860 2462 929 700
2492 861 2861 916 Romanorum
2896 863 3249 932 imperatore,
3300 866 3391 919 viii
3425 882 3488 921 ac
3515 870 3657 922 mili-

2084 951 2183 1003 tari
2216 960 2363 1005 veste
2402 950 2697 1017 induto,de
2724 955 2843 1021 ipso
2871 953 3145 1007 dubitabat
3172 957 3655 1023 testimoniumque

2084 1042 2353 1110 exigi-bat.
2394 1041 2461 1096 Ut
2495 1051 2676 1095 autem
2703 1044 2905 1098 certior
2944 1058 2972 1095 a
3003 1045 3191 1113 legatis
3221 1047 3400 1103 factus
3432 1059 3582 1105 estet
3625 1066 3655 1104 α

2082 1130 2370 1196 Basilaeio,
2404 1135 2495 1202 qui
2530 1134 2593 1186 ad
2613 1134 2731 1202 ejus
2765 1134 2927 1202 pedes
2962 1137 3232 1190 acciderat
3269 1140 3655 1194 miserabiliter

2084 1223 2238 1285 llens,
2277 1224 2460 1276 statim
2492 1224 2648 1294 quasi
2682 1224 2867 1279 furore
2906 1234 3193 1294 correptus
3224 1228 3290 1282 de
3326 1230 3523 1284 throno
3560 1232 3658 1287 de-

2081 1314 2230 1371 siliit.
2276 1326 2563 1387 rectusque
2590 1327 2742 1371 stans
2773 1317 2950 1387 ipsum
2984 1319 3049 1372 ad
3088 1320 3251 1387 pedes
3281 1336 3409 1376 suns
3440 1322 3649 1391 lapsum

2081 1408 2379 1462 secundum
2431 1425 2631 1461 morem
2667 1411 3029 1466 conculcavit.
3077 1413 3320 1478 Cumque
3357 1428 3653 1483 exsurgere

2075 1499 2289 1567 jussum
2340 1500 2652 1568 coriiplexus
2682 1510 2847 1567 esset,
2868 1501 2941 1554 Ne
2971 1501 3180 1565 timeas,
3205 1505 3300 1565 ait,
3333 1504 3650 1572 imperator,

2080 1592 2176 1647 sed
2204 1592 2343 1645 bona
2369 1608 2463 1660 spe
2497 1592 2575 1645 sis
2608 1601 2732 1645 ante
2766 1594 2967 1655 omnia,
2997 1595 3122 1662 quia
3158 1595 3363 1648 nullum
3399 1598 3650 1664 corporis

2080 1684 2377 1753 periculum
2416 1684 2739 1748 sustinebis,
2775 1699 2963 1737 verum
2995 1700 3091 1752 pro
3139 1687 3354 1756 imperii
3390 1686 3651 1753 dignitate

2078 1773 2219 1842 apud
2247 1788 2331 1826 me
2355 1773 2408 1825 in
2446 1777 2649 1827 honore
2674 1774 2784 1828 eris
2821 1791 2834 1827 :
2871 1775 2961 1829 ille
2994 1777 3137 1830 enim
3174 1778 3305 1831 mihi
3332 1777 3650 1847 imprudens

2079 1868 2315 1929 videtur,
2356 1866 2447 1935 qui
2490 1881 2595 1919 non
2630 1880 2661 1920 e
2708 1868 2982 1921 contrario
3008 1868 3251 1923 adversm
3288 1870 3520 1923 fortuna:
3560 1884 3650 1922 ra.

2079 1956 2377 2009 tioeinetur
2424 1970 2486 2009 ac
2539 1955 2829 2025 provideat
2872 1955 3217 2011 incommoda
3258 1974 3320 2011 ac
3373 1967 3646 2013 vereatur.

2076 2047 2211 2102 Cum
2259 2048 2425 2115 igitur
2471 2047 2727 2114 jussisset
2768 2046 2870 2116 ipsi
2913 2048 3173 2102 constitui
3209 2048 3644 2113 tabernaculum,

2081 2140 2518 2209 imperassetque
2548 2139 2732 2193 curari
2762 2139 3075 2209 diligenter,
3096 2148 3155 2194 ut
3184 2156 3281 2209 par
3308 2148 3446 2203 erat,
3484 2154 3645 2193 suum

2078 2234 2506 2287 commensalem
2568 2248 2633 2286 ae
2688 2232 2900 2286 socium
2956 2240 3089 2286 tunc
3140 2248 3263 2288 esse
3304 2232 3498 2294 voluit,
3540 2247 3649 2286 non

2076 2326 2333 2379 deorsum
2366 2339 2490 2378 eum
2524 2323 2713 2378 sedere
2747 2321 2971 2391 jubens,
3000 2322 3093 2375 sed
3122 2322 3189 2375 ad
3215 2322 3461 2376 eamdem
3496 2338 3650 2375 men-

2075 2431 2191 2471 sam
2246 2426 2305 2469 ut
2344 2415 2528 2469 eximii
2578 2413 2791 2468 ordinis
2844 2412 3135 2481 collegam,
3170 2421 3224 2467 et
3268 2412 3383 2482 pari
3432 2413 3643 2469 honore

2074 2507 2340 2559 alliciens.
2358 2506 2450 2559 Bis
2467 2506 2553 2559 die
2573 2519 2697 2558 cum
2722 2504 2843 2573 ipso
2867 2502 3227 2571 congrediens
3251 2512 3303 2556 et
3327 2502 3647 2572 colloquens

2073 2607 2127 2651 et
2150 2598 2366 2650 hortatu
2398 2610 2499 2650 suo
2535 2607 2813 2656 recreans,
2850 2607 3024 2663 usque
3057 2591 3121 2645 ad
3150 2600 3276 2646 octo
3308 2593 3425 2646 dies
3457 2592 3644 2647 eadem

2074 2689 2238 2744 verba
2270 2697 2322 2742 et
2354 2688 2432 2742 sal
2474 2702 2595 2740 cum
2626 2687 2747 2755 ipso
2770 2683 3228 2751 communicabat,
3265 2684 3317 2737 in
3348 2685 3498 2738 nullo
3524 2685 3649 2753 qui-

2075 2781 2199 2835 dem
2240 2781 2324 2834 vel
2374 2779 2599 2831 minimo
2630 2777 2798 2831 verbo
2827 2778 2874 2831 ei
2917 2778 3213 2843 insultans,
3265 2776 3361 2832 sed
3409 2778 3477 2831 de
3521 2778 3648 2847 qui-

2076 2872 2305 2927 busdam
2337 2870 2639 2934 erroribus,
2672 2869 2764 2939 qui
2802 2870 2902 2923 sibi
2938 2868 3007 2923 ab
3033 2884 3097 2923 eo
3127 2869 3180 2923 in
3210 2868 3459 2924 ducendo
3488 2885 3647 2925 exer-

2072 2969 2183 3021 citu
2214 2965 2491 3020 commissi
2526 2964 2867 3027 viderentur,
2894 2961 3214 3017 admonens.
3242 2961 3377 3017 Cum
3410 2977 3541 3017 vero
3560 2963 3649 3016 die

2073 3059 2305 3129 quadam
2329 3056 2589 3111 Sultanus
2613 3055 2999 3123 interrogasset
3046 3054 3466 3125 imperatorem:
3501 3051 3646 3119 Quid

399 3140 493 3190 aui.
531 3142 755 3194 ἀπιστία
788 3148 1054 3214 κατέσχεν
1101 3148 1286 3210 αὐτὸν,
1336 3151 1601 3219 οἰόμενον,
1648 3152 1835 3224 ὥσπερ
1874 3156 1966 3209 καὶ
1996 3172 2039 3227 C
2072 3151 2143 3203 tui

1901 3156 1966 3209 :arl
1996 3172 2039 3227 ο
2072 3151 2203 3203 mihi
2241 3149 2485 3213 fecisses,
2541 3149 2583 3200 si
2626 3162 2711 3201 me
2743 3147 2795 3200 in
2832 3156 2922 3199 tua
2977 3152 3245 3213 potestate
3299 3145 3586 3200 habuisses
3624 3144 3648 3198 ι

397 3227 485 3296 ἦν,
522 3234 659 3299 μετά
680 3234 831 3303 νίκην
860 3237 1113 3291 τοσούτου
1144 3241 1237 3292 καὶ
1271 3242 1586 3309 τηλικούτου
1619 3248 1849 3315 στρατοῦ
1877 3250 1967 3301 καὶ

399 3321 559 3372 αὐτὸν
614 3322 702 3374 τον
733 3324 956 3393 βασιλέα
977 3328 1253 3399 ἁλώσιμον
1285 3332 1467 3385 λαϐεῖν
1494 3338 1588 3387 καὶ
1628 3338 1966 3408 ὑποχείριον·

403 3412 753 3481 ἀνθρωπίνως
788 3417 842 3467 δὲ
871 3419 1021 3487 ὅμως
1042 3421 1101 3473 τὸ
1134 3424 1354 3488 γεγονὸς
1383 3425 1737 3495 λογισάμενος
1757 3432 1852 3483 καὶ
1871 3432 1970 3502 τὴν

400 3502 553 3571 νίκην
575 3508 979 3578 μετριοερρόνως
991 3513 1345 3579 ὲνεγκὼν,κα“ι
1372 3516 1431 3567 τὸ
1452 3520 1670 3583 γεγονὸς
1687 3520 1969 3591 εὐτύχημα

402 3597 659 3668 συστολὴν
690 3601 891 3667 μᾶλλον
953 3604 1045 3655 καὶ
1096 3603 1272 3674 ψυχῆς
1328 3608 1539 3673 ἀγαθῆς
1599 3611 1820 3679 ἔνδειξιν
1875 3617 1969 3668 καὶ

398 3690 614 3757 τρόπων
644 3694 1047 3761 καλοκαγαθίας
1083 3699 1292 3766 μεστῶν
1325 3699 1571 3769 θέμενος,
1604 3703 1721 3772 Θεῷ
1751 3705 1809 3757 τὸ
1856 3709 1967 3760 πᾶν

398 3781 631 3834 ἀνετίθει
669 3783 742 3844 ώς
772 3786 958 3850 μεῖζον
991 3786 1022 3855 ἦ
1058 3790 1197 3839 κατά
1229 3789 1329 3857 τὴν
1360 3790 1555 3842 ἑαυτοῦ
1592 3793 1744 3862 ἰσχὺν
1774 3796 1969 3848 ἀποτε-

400 3870 558 3933 λέσας
593 3873 653 3925 τὸ
677 3874 958 3943 τρόπαιον.
990 3879 1089 3931 Διά
1117 3879 1275 3933 τοῦτο
1314 3883 1407 3933 καὶ
1448 3883 1843 3953 προσαχθέντος
1893 3887 1969 3957 τῷ

401 3963 671 4036 σουλτάνῳ
702 3969 930 4033 ἀξάντου
957 3970 1221 4039 βασιλέως
1255 3973 1539 4043 Ῥωμαίων
1563 3980 1619 4029 έν
1645 3980 1852 4032 εὐτελεῖ
1877 3982 1970 4035 καὶ

401 4062 763 4129 στρατιωτικῇ
810 4062 1115 4133 ἀμπεχόνῃ,
1143 4062 1229 4133 [Ρ.
1281 4065 1409 4134 8421
1458 4066 1729 4137 διαπορῶν
1770 4066 1837 4140 ἦν
1878 4074 1971 4125 καὶ

400 4148 529 4215 περὶ
562 4151 749 4202 τούτου
786 4156 1092 4223 μαρτυρίαν
1117 4154 1316 4225 ζητῶν.
1365 4159 1449 4221 Ὠς
1479 4160 1521 4211 δ’
1549 4162 1968 4235 ἐπέηροφορήθτ]

406 4239 552 4306 παρὰ
582 4241 691 4291 τῶν
737 4244 1020 4312 πρέσϐεων
1049 4249 1144 4299 καὶ
1204 4248 1299 4300 τοῦ
1363 4252 1685 4305 Βασιλακίου
1718 4257 1972 4319 πεσόντος

403 4329 500 4392 μὲν
533 4332 681 4401 παρά
712 4336 817 4386 τῶν
854 4338 1031 4390 ποδῶν
1079 4340 1264 4406 αὐτοῦ,
1304 4343 1520 4411 οἰκτρὸν
1553 4346 1607 4396 δέ
1649 4363 1698 4399 τι
1728 4348 1819 4399 καὶ
1849 4365 1970 4415 γοεο

404 4422 489 4485 μὸν
556 4426 997 4493 ἀνοιμώξαντος,
1083 4433 1242 4494 εὐθὺς
1315 4434 1505 4505 ὥσπερ
1567 4439 1816 4506 ἐμμανὴς
1874 4442 1969 4491 ἁν-

2073 3242 2398 3311 simpliciter
2459 3254 2523 3292 ac
2583 3239 2703 3293 sine
2755 3238 3068 3292 adulatione
3133 3236 3415 3304 restiondit
3473 3238 3645 3306 impe-

2070 3332 2453 3387 rator:Seito
2503 3331 2645 3397 quod
2712 3329 2895 3382 multis
2967 3328 3137 3397 plagis
3208 3335 3359 3380 tuum
3446 3341 3649 3396 corpus

2070 3422 2453 3477 confecissem.
2508 3420 2577 3474 At
2636 3434 2757 3488 ego,
2794 3418 2972 3487 inquit
3027 3418 3311 3482 Sultanus,
3351 3426 3497 3470 tuam
3555 3434 3647 3472 se-

2072 3516 2355 3569 veritatem
2428 3520 2521 3565 aut
2582 3510 2960 3564 crudelitatem
3029 3523 3137 3562 non
3210 3509 3487 3563 imitabor.
3548 3508 3647 3562 Ve-

2071 3612 2412 3659 rumtamen,
2462 3602 2618 3672 701
2669 3600 2836 3655 audio
2884 3608 3125 3653 vestrum
3164 3600 3319 3654 vobis
3373 3599 3646 3656 Christum

2077 3712 2265 3767 pacem
2312 3696 2608 3765 praecipere
2657 3701 2710 3748 et
2750 3692 3078 3746 oblivionem
3114 3692 3403 3757 maiorum,
3441 3708 3646 3764 super-

2077 3788 2275 3855 bisque
2301 3784 2645 3839 resistentem
2669 3781 2970 3835 humilibus
3000 3779 3232 3850 gratiam
3253 3778 3402 3830 dare.
3440 3777 3646 3835 Deinde

2074 3878 2406 3949 igituriuito
2447 3876 2667 3939 foedere,
2712 3882 2765 3928 et
2815 3872 2953 3927 facta
2982 3886 3114 3941 pace
3159 3879 3439 3941 perpetua,
3490 3872 3645 3925 habi-

2077 3978 2241 4038 tuque
2268 3970 2505 4022 filiorum
2544 3967 2755 4019 ratione
2782 3972 2835 4018 et
2863 3978 3053 4017 eorum
3095 3978 3215 4031 qua:
3243 3961 3309 4016 ad
3361 3965 3645 4032 utriusque

2076 4061 2287 4130 imperii
2318 4060 2441 4129 jura
2475 4063 2811 4125 spectarent,
2845 4053 3078 4124 pristina
3108 4053 3319 4109 fmdera
3347 4055 3644 4108 conﬁrma-

2076 4162 2227 4211 runt.
2258 4162 2319 4205 ut
2378 4159 2566 4204 mutua
2598 4156 2745 4203 esset
2804 4147 3067 4210 amicitia,
3095 4162 3274 4215 neque
3312 4148 3546 4217 amplius
3576 4148 3644 4201 ab

2076 4244 2187 4296 ullo
2212 4242 2516 4295 Turcorum
2548 4256 2635 4293 res
2659 4238 2875 4306 imperii
2910 4236 3139 4292 Romani
3173 4237 3333 4307 diripi
3367 4241 3644 4305 permitte-

2078 4342 2249 4395 retur,
2283 4347 2470 4385 verum
2504 4344 2699 4381 omnes
2720 4328 3034 4397 quicunque
3059 4328 3322 4382 adversus
3367 4326 3643 4383 [lamauns

2078 4425 2234 4478 missi
2296 4422 2511 4476 fuerant
2568 4428 2996 4483 reverterentur,
3058 4430 3111 4472 et
3164 4434 3353 4473 omnes
3414 4422 3642 4490 captivi,

405 4513 559 4582 έθορε
582 4516 674 4568 τοῦ
735 4518 926 4587 θρόνου
997 4525 1087 4575 καὶ
1136 4524 1295 4593 ὀρθὸς
1358 4526 1506 4595 ἔστη.
1566 4530 1801 4581 Πεσόντα
1838 4530 1967 4597 γοῦν
2001 4542 2043 4597 ι)
2080 4533 2152 4569 ¹¹¹²

1896 4530 1967 4584 ,ὗν
2001 4542 2043 4597 D
2080 4518 2312 4569 maxime
2363 4512 2639 4583 principes
2691 4520 2743 4565 et
2770 4512 2956 4565 etiiuii
3014 4510 3411 4576 Romanorum,
3445 4513 3643 4567 libera-

399 4605 547 4669 ὅμως
573 4609 676 4675 πρὸ
694 4610 801 4661 τῶν
830 4612 1001 4663 ποδῶν
1019 4615 1183 4666 αὐτοῦ
1202 4621 1448 4684 πατήσας
1476 4619 1664 4689 ὧσπερ
1695 4620 1813 4683 ἔθος
1834 4622 1967 4690 (26),

405 4697 494 4744 rati.
549 4698 861 4766 ἀναστήσας
918 4704 1013 4755 καὶ
1060 4708 1573 4777 περιπτυξάμενος,
1622 4714 1712 4781 Μὴ
1775 4713 1964 4778 δέδιθι,

402 4784 621 4855 ἔνιςησεν,
664 4784 708 4842 ῶ
758 4792 997 4861 βασιλεῦ,
1035 4798 1149 4849 ἀλλ’
1180 4800 1395 4861 εῡελπις
1430 4804 1520 4855 ἔσο
1576 4805 1683 4873 πρὸ
1725 4806 1963 4867 πάντων,

404 4875 477 4934 ὡς
503 4876 677 4929 οὐδενὶ
716 4888 1135 4955 προοομιλήσεις
1168 4891 1396 4961 κινδύνῳ
1445 4894 1762 4963 σωματικῷ,
1803 4912 1966 4964 τιμη·

405 4968 541 5038 θήσῃ
575 4968 622 5021 δ’
664 4973 825 5037 ἀξίως
875 4977 971 5044 τῆς
1006 4980 1097 5031 τοῦ
1134 4985 1365 5051 κράτους
1424 4986 1716 5055 ὑπεροχῆς.
1753 4988 1972 5056 Ἄφρων

406 5061 509 5129 γὰρ
570 5065 772 5127 ἐκεῖνοὶ
826 5070 949 5136 ἐμοὶ
993 5072 1263 5140 λογίζεται
1303 5079 1328 5128 ὁ
1384 5077 1458 5147 μὴ
1515 5080 1613 5140 τὰς
1665 5080 1967 5149 προόπτους

2074 4619 2286 4670 rentur,
2323 4606 2674 4675 promittente
2703 4603 2937 4655 Sultauo
2962 4617 3021 4655 se
3054 4601 3287 4672 benigue
3343 4602 3638 4672 imperato-

2072 4717 2184 4755 rem
2220 4714 2431 4767 semper
2453 4702 2830 4748 tractaturum.
2851 4693 3121 4747 Interfecti
3152 4702 3281 4746 sunt
3312 4709 3378 4747 eo
3399 4708 3640 4764 tempore

2074 4794 2203 4855 Leo,
2256 4792 2348 4859 qui
2386 4787 2729 4857 supplicibus
2753 4794 2984 4855 praeerat
3014 4785 3234 4848 libellis,
3288 4796 3341 4839 et
3382 4789 3639 4857 magister

2075 4881 2400 4938 EUstathius
2464 4890 2515 4933 et
2552 4878 2763 4949 primus
2796 4890 2823 4929 a
2874 4878 3127 4931 secretis.
3156 4879 3362 4946 Captus
3393 4886 3477 4934 est
3508 4881 3636 4934 item

2077 4978 2308 5030 Basilius
2371 4970 2824 5041 protovestiarius
2888 4968 3136 5023 Maleses.
3180 4967 3481 5037 Postquam
3520 4972 3635 5025 haec

2076 5069 2147 5123 ita
2205 5076 2361 5137 gesta
2414 5072 2541 5120 sunt
2572 5072 2624 5117 et
2680 5063 2751 5115 ita
2812 5062 2954 5113 inter
2986 5076 3081 5112 eos
3115 5059 3399 5120 convenit,
3430 5056 3639 5111 dimisit

1644 5209 1875 5265 JACUBI
1900 5205 2100 5263 GOARI
2134 5201 2361 5257 NOTAE.

476 5313 583 5381 (9-6)
626 5316 843 5394 Persis,
878 5340 940 5379 ex
1003 5327 1203 5394 quibus
1260 5328 1510 5381 sultanus
1556 5328 1665 5386 hic,
1724 5327 1967 5379 devictus

411 5382 591 5439 hostes
617 5382 842 5454 pedibus
872 5382 1147 5460 protr-rere
1181 5397 1448 5451 familiare
1485 5398 1607 5459 fuit,
1635 5382 1699 5449 ex
1728 5412 1836 5460 quo
1867 5398 1966 5447 Sa-

410 5467 504 5517 βοι·
534 5460 723 5537 eo'rtnn
756 5478 846 5537 rex
876 5465 1224 5520 Valerianum
1266 5471 1644 5536 imperatorem
1697 5468 1761 5519 ad
1788 5465 1840 5518 id
1874 5482 1969 5517 ne-

407 5534 679 5605 cessrtatis
706 5535 906 5588 malum
956 5538 1192 5605 conjecit
1246 5550 1303 5589 ut
1341 5534 1619 5592 'serviliter
1649 5538 1968 5590 incurvatus

407 5592 696 5676 {dicuntum
726 5592 1311 5676 iuSeensuru'gradum
1358 5625 1455 5663 sua
1498 5610 1707 5663 cervice
1740 5607 1960 5676 faceret.

407 5660 599 5737 flre-lius
620 5667 799 5742 Autiq.
839 5674 988 5730 Lect.
1022 5660 1115 5740 18‘:
1138 5660 1237 5732 l8.
1263 5660 1602 5733 Justinianits
1654 5677 1714 5735 II,
1771 5675 1962 5728 l’etsas

412 5742 651 5817 {irritatus
676 5740 957 5817 Leontium
999 5760 1052 5802 et
1095 5750 1449 5817 Aps-imarum,
1504 5750 1817 5817 priusquam
1845 5746 1961 5814 ejus

416 5814 559 5862 Iussu
596 5816 771 5877 capite
828 5814 1220 5884 plecterentur,
1278 5822 1452 5871 ferino
1495 5814 1691 5871 ductus
1742 5818 1962 5868 ultionis

2069 5322 2264 5373 ardore.
2297 5331 2401 5369 non
2461 5312 2673 5365 modico
2716 5311 2978 5379 temporis
3027 5314 3206 5378 spatio
3240 5314 3470 5380 pedibus
3501 5323 3638 5371 con-

2068 5390 2322 5444 eulcavit.
2357 5384 2636 5437 (ludi-enus
2674 5384 2727 5434 in
2760 5382 2881 5447 ejus
2939 5380 3080 5450 Vita.
3112 5382 3206 5436 His
3246 5385 3545 5450 provinciis
3580 5398 3636 5440 et

2071 5465 2285 5514 feritate
2308 5471 2469 5523 quam
2494 5464 2737 5519 tempore
2766 5449 3379 5523 viciniorg'l‘aiuerlaues
3417 5458 3635 5521 quoties

2069 5521 2733 5600 equumconsectuleret,
2763 5521 3017 5600 prostrati
3050 5521 3139 5600 ad“
3167 5523 3339 5600 pedes
3363 5523 3633 5600 Bajazetis

2071 5592 2379 5654 cervicibus
2414 5609 2512 5647 ceu
2536 5592 2773 5645 scabello
2809 5593 3077 5645 utebatur.
3108 5592 3413 5646 Dubravius
3444 5596 3479 5647 Ι.
3504 5609 3631 5649 xxv.

2073 5671 2256 5724 Victus
2288 5669 2473 5719 hostes
2495 5663 2747 5730 ephippio
2796 5663 3027 5730 instrato
3058 5675 3088 5714 a
3116 5660 3337 5716 Francis
3362 5663 3636 5723 Nor-man-

2074 5745 2266 5807 nisque
2301 5729 2573 5807 quondam
2625 5732 2865 5807 calcatus
2908 5729 3151 5785 referunt
3196 5732 3633 5788 Normannorum

2070 5800 2331 5867 chronica
2365 5808 2415 5857 in
2449 5804 2678 5855 llobi-rlo
2704 5800 2899 5869 primo.
