4424 6450
751 362 854 427 431

2007 356 2245 416 JOANN
2259 354 2327 414 IS
2359 356 2733 415 SCYLITZAS

3884 355 3997 420 432

750 481 1009 533 Sullanus
1066 478 1449 545 imperatorem
1502 474 1734 535 multum
1778 471 2143 541 amplexatus.
2177 471 2317 524 mul-
2350 479 2392 531 Α
2423 472 2497 540 τύ;

2259 471 2317 524 ιΙ-
2350 479 2392 531 Α
2423 472 2671 540 τύχαςὲξ
2712 474 3081 542 άντεπιψρᾶς
3137 474 3481 545 λογιζόμενός
3522 492 3578 529 τε
3618 476 3708 529 καὶ
3747 474 4006 528 εὑλαδού-

752 583 914 639 tuque
947 583 1067 625 cum
1092 566 1510 633 honorejubens
1535 581 1563 617 a
1598 566 1711 619 suis
1733 563 1929 633 legalis
1953 578 2077 617 eum
2103 563 2320 616 deduci.

756 660 1065 714 Tenebatur
1120 664 1301 711 autem
1354 654 1628 709 Matzicier
1654 670 1683 708 a
1718 652 2001 707 Romanis.
2040 651 2106 705 Ut
2144 661 2322 703 autem

754 752 1049 817 imperator
1076 748 1339 802 dimissus
1368 745 1472 797 alia
1498 746 1585 797 via
1614 758 1865 797 reversus
1900 750 2007 807 est,
2033 741 2107 794 illi
2134 740 2325 793 relicto

752 839 955 910 oppido
1004 848 1169 895 noctu
1229 838 1562 906 eﬂugerunt,
1601 849 1838 903 cumque
1879 834 1934 887 in
1968 834 2151 886 hostes
2184 831 2323 885 inci-

752 933 985 993 d:ssent,
1041 929 1225 985 adiere
1267 928 1526 998 pericula.
1560 926 1859 995 Imperator
1886 935 2063 979 autem
2092 964 2107 986 ,
2132 924 2223 978 ubi
2257 926 2322 978 ad

757 1022 1242 1093 Theodosiopolim
1298 1019 1546 1089 pervenit
1596 1032 1721 1071 cum
1778 1017 2009 1071 Turcica
2041 1014 2323 1069 Sultanica

756 1126 927 1177 veste.
966 1115 1275 1170 liberaliter
1301 1124 1565 1181 exceptus
1597 1110 1724 1164 fuit.
1758 1110 1947 1177 lbique
1980 1108 2097 1163 dies
2118 1110 2325 1175 aliquot

754 1216 1126 1262 commoratus
1152 1214 1261 1278 est,
1290 1203 1422 1258 dum
1452 1218 1673 1258 manum
1709 1209 1930 1255 curaret
1955 1214 2123 1268 seque
2147 1200 2323 1267 ipsum

756 1314 853 1368 pro
874 1298 1087 1353 viribus
1129 1296 1383 1351 reﬁciens
1432 1294 1629 1349 melius
1659 1292 1904 1347 haberet.
1930 1289 2169 1359 Indeque
2196 1302 2322 1356 pro-

758 1390 933 1446 fectus
966 1389 1296 1461 peragrabat
1328 1386 1488 1456 702
1510 1385 1714 1439 lberios
1735 1385 1880 1438 vicos
1907 1398 2013 1437 una
2042 1397 2163 1434 cum
2198 1380 2324 1435 Sul-

755 1483 895 1548 tani,
934 1482 1028 1552 qui
1061 1496 1245 1537 secum
1280 1479 1530 1543 aderant,
1566 1476 1774 1545 legatis,
1809 1484 1861 1528 et
1894 1474 2017 1528 inde
2059 1488 2232 1542 usque
2259 1472 2324 1525 ad

759 1576 935 1645 ipsam
968 1574 1251 1629 Coloniam
1300 1569 1593 1641 processit.
1624 1566 1873 1634 Cumque
1909 1566 1975 1618 ad
2007 1564 2324 1633 Melissope-

764 1668 928 1721 trium
958 1665 1319 1735 pervenisset,
1353 1662 1559 1717 Paulus
1582 1673 1786 1731 praeses
1815 1658 2116 1725 snperioris
2152 1658 2321 1710 Edes-

763 1774 837 1816 saa
888 1770 1049 1814 noctu
1092 1759 1209 1828 ipso
1268 1756 1460 1811 relicto
1494 1755 1561 1807 ad
1620 1752 1827 1820 Cpolim
1862 1750 2018 1819 fugit,
2058 1748 2325 1818 perceptis

763 1857 831 1910 iis
862 1869 981 1923 qua:
1013 1850 1083 1905 ibi
1110 1848 1420 1917 composita
1454 1844 1687 1897 fuerant.
1717 1840 1851 1894 Nam
1881 1837 2118 1892 Joannes
2145 1836 2327 1892 Cmsar

762 1956 816 2003 et
846 1946 965 2015 ejus
994 1944 1112 2006 lilii,
1146 1949 1199 1995 et
1229 1955 1293 1995 ex
1320 1936 1671 1993 senatoribus
1699 1934 2015 2002 quicunque
2048 1932 2171 1997 ejus
2202 1946 2329 1999 par-

764 2051 844 2095 tes
871 2036 1267 2106 sequebantur,
1330 2030 1572 2101 reginam
1634 2028 1688 2080 in
1716 2026 1967 2080 exsilium
1997 2024 2223 2077 mittunt
2274 2026 2330 2077 in

767 2125 1163 2183 monasterium
1189 2122 1255 2176 ab
1289 2122 1402 2190 ipsa
1428 2117 1707 2174 conditum
1732 2116 2060 2186 Piperudum
2093 2115 2330 2179 nomine,

765 2220 852 2273 vel
880 2218 1105 2273 invitam
1138 2212 1454 2275 tondentes,
1483 2218 1538 2263 et
1559 2208 1823 2263 Michaele
1854 2208 2134 2262 declarato
2163 2208 2333 2277 impe-

770 2319 955 2365 ratore
984 2308 1039 2361 in
1068 2320 1265 2361 omnes
1298 2313 1480 2374 partes
1503 2302 1796 2371 scripsere,
1826 2314 2109 2353 reversum
2161 2298 2334 2369 impe-

774 2412 1011 2457 ratorem
1042 2413 1154 2455 non
1184 2412 1306 2453 esse
1341 2394 1719 2465 excipiendum
1748 2406 1926 2462 neque
1950 2397 2011 2445 ut
2041 2390 2335 2460 imperato-

768 2506 885 2547 rem
909 2488 1224 2546 colendum.
1258 2484 1517 2553 Princeps
1560 2489 1617 2536 et
1641 2489 1832 2535 auctor
1861 2478 1966 2534 fuit
2014 2479 2340 2534 declaratio-

768 2584 857 2637 nis
884 2579 1335 2651 philosophorum
1359 2574 1595 2630 eximius
1618 2572 1855 2639 Psellus,
1879 2570 2338 2641 quemadmodum

769 2675 891 2743 ipse
930 2682 1148 2741 quoque
1202 2668 1259 2722 in
1298 2665 1543 2735 quodam
1604 2664 1811 2731 scripto
1835 2661 2121 2731 gloriatur.
2149 2658 2343 2715 Fertur

774 2766 903 2817 item
960 2762 1151 2831 regina
1191 2760 1432 2828 ejusdem
1481 2758 1759 2826 particeps
1780 2752 1999 2807 consilii
2048 2751 2241 2814 fuisse,
2276 2766 2343 2804 ne

773 2867 1056 2909 reversum
1090 2849 1385 2919 Diogenem
1416 2848 1706 2916 reciperet.
1743 2843 1849 2898 Sed
1880 2845 2174 2898 immatura
2198 2841 2343 2895 cele-

777 2947 939 2998 ritate
960 2943 1043 2996 his
1075 2941 1311 3010 cognitis
1330 2939 1599 3007 Diogenes
1614 2946 1668 2991 et
1683 2937 1884 2991 certior
1904 2934 2079 2990 factus
2098 2948 2346 2988 commu-

775 3038 917 3089 niter
935 3050 993 3089 se
1014 3049 1107 3102 per
1127 3046 1431 3103 praeconem
1456 3030 1688 3097 imperio
1702 3029 2040 3088 abdicatutn,
2059 3026 2347 3094 occupavit

2430 584 2607 634 μενος.
2675 566 2963 631 Ἐπιτὰξας
3014 564 3107 620 οὖν
3166 569 3313 638 αὑτῷ
3365 568 3569 641 σκηνὴν
3638 569 4008 641 ἀποταχθῆναι

2428 658 2523 707 καὶ
2556 656 2858 726 θεραπείαν
2901 656 3266 725 ἁρμόζουσαν.
3321 657 3632 713 σύνδειπνον
3674 661 3834 714 αὑτὸν
3860 678 4008 729 τηνι-

2430 748 2607 800 καῦτα
2634 750 2727 799 καὶ
2750 748 3055 816 ὁμοδίαιτον
3092 750 3485 819 ἀπειργάσατο.
3520 753 3595 820 μὴ
3651 750 3800 822 παρά
3847 752 4007 821 μέρος

2432 838 2686 900 καθίσας,
2728 837 2865 889 ἀλλὰ
2898 838 3186 905 σύνθρονον
3217 841 3275 891 ἐν
3328 840 3581 910 εὑθύτητι
3611 841 3709 909 τῆς
3751 842 4005 909 ἐκκρίτου

2433 929 2643 993 τάξεως
2691 930 2786 981 καὶ
2841 928 3093 998 ὁμόδοξον
3127 932 3266 982 κατὰ
3291 932 3455 1001 τιμὴν
3502 933 3888 1001 ποιησάμενοο,
3930 932 4009 992 δὶς

2430 1023 2529 1090 τῆς
2565 1022 2777 1092 ⁴ἡμέρας
2811 1022 3207 1092 συνερχόμενος
3256 1023 3405 1090 αὑτῷ
3447 1026 3541 1075 καὶ
3593 1024 3870 1076 συλλαλῶν
3919 1029 4010 1076 καὶ

2428 1114 2841 1183 παρακλήσεσιν
2902 1112 3312 1183 ἀνακτώμενος,
3364 1113 3557 1184 μέχρις
3610 1114 3833 1185 ⁴ἡμερῶν
3891 1114 4006 1184 (‘37)

2426 1206 2571 1257 ὀκτὼ
2598 1207 2706 1259 τῶν
2741 1205 2942 1275 ὁμοίων
2974 1204 3249 1257 ἐκοινώνει
3291 1205 3437 1275 αὑτῷ
3492 1206 3666 1273 λόγων
3707 1206 3802 1258 καὶ
3836 1205 4000 1266 ἁλῶν,

2430 1296 2551 1366 μηδ’
2568 1295 2693 1365 ἄχρι
2724 1298 2817 1349 καὶ
2870 1296 3201 1365 βραχυτάτου
3232 1295 3388 1363 λόγου
3434 1296 3565 1366 πρὸς
3594 1294 3780 1349 τοῦτον
3805 1304 4021 1367 πεπαρ-

2428 1390 2674 1457 ῳνηκὼς,
2710 1388 2837 1457 περί
2865 1406 3025 1441 τινων
3048 1390 3105 1442 δὲ
3145 1388 3440 1441 δοκούντων
3487 1389 3812 1458 σφαλμάτων
3862 1389 3919 1440 ἐν
3943 1391 4010 1458 τῇ

2432 1476 2614 1530 ἐλάσει
2645 1477 2742 1545 τῆς
2771 1479 3030 1547 στρατιᾶς
3077 1479 3418 1548 ὑπομνήσας.
3469 1482 3903 1549 Διερωτήσαντος
3955 1482 4011 1533 δὲ

2437 1572 2536 1640 μιᾷ
2574 1570 2681 1622 τῶν
2715 1570 2937 1639 ἡμερῶν
2992 1569 3083 1622 τοῦ
3120 1570 3407 1623 σουλτάνου
3444 1570 3801 1639 τὸνβασιλέα,
3849 1572 3917 1622 Τί
3949 1573 4012 1623 Ξν

2442 1661 2695 1730 ἔδρασας,
2720 1663 2768 1713 εί
2797 1661 2951 1729 ἔσχες
2995 1661 3094 1731 ἐμὲ
3126 1662 3469 1731 ὑποχείριονς
3509 1662 3883 1733 ὰνυποκρίτως
3923 1665 4017 1715 καὶ

2440 1751 2773 1813 ἀθωπεύτως
2789 1752 2815 1801 6
2836 1751 3089 1820 βασιλεὺς
3134 1752 3481 1821 ἀπεκρίνατο,
3504 1754 3584 1804 ὅτι
3609 1772 3626 1803 ι
3648 1752 3872 1815 Πολλαῖς
3897 1757 4016 1813 ταῖς

2431 1844 2665 1913 πληγαῖς
2707 1843 3131 1911 κατεδαπάνησα
3165 1842 3229 1895 ἀν
3279 1859 3372 1895 σου
3402 1844 3462 1895 τὸ
3492 1843 3669 1912 σῶμα,
3706 1845 3958 1910 γίνωσκε.
3992 1865 4009 1894 ι

2444 1937 2580 1988 Ἀλλ’
2622 1934 2771 2002 ἐγὼ,
2819 1938 2981 2002 φησιν
3030 1936 3058 1986 6
3118 1934 3422 1996 σουλτάνος,
3474 1936 3534 1986 οὑ
3571 1936 3881 2005 μιμήσομαί
3923 1954 4015 1988 σου

2430 2028 2491 2081 τὸ
2524 2026 2799 2096 αὑστηρδν
2831 2026 2927 2078 καὶ
2969 2026 3261 2095 ἀπότομον.
3312 2026 3457 2096 Πλὴν
3511 2029 3697 2079 ἀκούω
3730 2029 3811 2080 ὅτι
3858 2031 3949 2081 καὶ
3986 2032 4013 2079 ὁ

2442 2117 2702 2188 ὑμέτερος
2736 2116 2970 2187 Χριστὸς
3002 2118 3226 2187 εἰρήνην
3259 2119 3387 2186 ὑμῖν
3415 2117 3694 2186 νομοθετεῖ
3722 2120 3815 2173 καὶ
3841 2119 4017 2187 ἀμνη-

2437 2210 2588 2263 στίαν
2628 2208 2836 2274 κακῶν,
2871 2210 2963 2260 καὶ
2986 2211 3095 2271 τοῖς
3146 2207 3515 2277 ὑπερηφάνοις
3544 2210 4016 2267 ἀντικαθίσταται.

2434 2303 2707 2363 ταπεινοῖς
2752 2301 2809 2354 δὲ
2862 2301 3043 2353 δίδωσι
3075 2300 3252 2371 χάριν.
3290 2303 3442 2354 Μετά
3497 2301 3653 2354 τοῦτο
3691 2303 3820 2369 γοῦν
3861 2320 4019 2355 σπον-

2441 2394 2537 2457 δάς
2573 2396 2933 2465 ποιησάμενοι
2959 2394 3055 2445 xa‘t
3102 2394 3377 2462 συνθήκας
3412 2394 3696 2463 εἰρηνικὰς
3729 2394 4017 2463 διηνεκεῖς,

2440 2483 2535 2536 καὶ
2566 2482 2729 2551 κῆδος
2760 2484 2853 2534 ἐπὶ
2883 2484 2995 2544 τοῖς
3024 2483 3177 2534 παισὶ
3229 2485 3649 2552 συστησάμενοι.
3695 2486 3789 2536 καὶ
3841 2486 3907 2537 τά
3937 2485 4019 2539 δί-

2442 2590 2571 2625 καια
2597 2573 2833 2639 ἑκάστης
2889 2572 3247 2640 ἐπικρατείας
3282 2571 3317 2624 ἃ
3344 2567 3410 2641 ἦν
3445 2571 3505 2635 ἐξ
3547 2572 3721 2641 ἀρχῆς
3776 2573 4019 2639 θέμενοεσ

2443 2661 2634 2730 φιλίως
2661 2678 2720 2714 τε
2760 2661 3020 2730 ἀλλήλους
3056 2660 3515 2730 προσμίγνυσοαι,
3560 2662 3759 2731 μηκέτι
3804 2662 3859 2714 δὲ
3888 2662 4010 2731 λεη-

2442 2754 2634 2807 λασίαν
2664 2752 2764 2821 τῆς
2826 2753 3113 2822 Ῥωμαίων
3169 2752 3519 2821 ἐπικρατείας
3546 2755 3675 2822 παρ’
3707 2755 4021 2805 οὖτινθσοῦν

2444 2846 2553 2899 τῶν
2604 2845 2863 2915 Τούρκων
2906 2844 3174 2910 γίνεσθαι,
3225 2844 3642 2913 ὑποπραφῆναί
3703 2863 3763 2897 τε
3815 2845 4015 2899 πάντας

2445 2939 2572 3000 τοὺς
2603 2937 2718 2990 ὅσοι
2757 2936 2885 2989 ποτὲ
2910 2935 3049 2988 κατὰ
3076 2935 3175 3004 τῆς
3220 2934 3506 3003 Ῥωμαίων
3554 2938 3880 3005 ἐστάλησαν,
3926 2939 4021 2987 καὶ

2446 3029 2545 3098 τὴν
2573 3027 2952 3097 αἰχμαλωσίαν
2987 3026 3226 3087 ἃπασαν,
3258 3030 3349 3078 και
3398 3026 3633 3092 μάλιστα
3681 3028 3741 3080 τὸ
3789 3028 4018 3095 προέχον

777 3126 1050 3196 quoddam
1082 3125 1336 3193 oppidum
1357 3123 1575 3176 nomine
1590 3120 1843 3181 Doceam,
1860 3120 2042 3188 ibique
2060 3126 2239 3172 castra
2253 3131 2349 3187 po—
2373 3146 2416 3203 C
2450 3121 2524 3173 τῶ

2272 3131 2349 3170 )0—
2373 3146 2416 3203 C
2450 3121 2559 3173 τῶν
2604 3119 2893 3188 Ῥωμαίων
2950 3119 3044 3170 καὶ
3098 3118 3372 3187 ἔκκριτον,
3434 3118 3678 3181 δεξίωσιν
3716 3120 3884 3189 ἁδρὰν
3926 3118 4019 3170 τοῦ

782 3220 913 3273 suit.
947 3217 1130 3271 Caesar
1144 3226 1323 3269 autem
1354 3221 1414 3267 ut
1439 3212 1546 3266 sibi
1576 3210 1859 3266 videbatur
1894 3209 2121 3279 imperio
2138 3208 2342 3278 Optime

781 3310 1007 3379 potitus,
1026 3306 1311 3376 praesidem
1330 3302 1751 3357 Constantinum
1769 3301 2003 3354 liJiorum
2023 3309 2152 3352 natu
2181 3298 2343 3351 mini-

778 3414 926 3455 itum
975 3413 1096 3453 cum
1148 3393 1524 3462 [requentihus
1543 3392 1718 3461 copiis
1752 3392 2018 3445 adversus
2047 3389 2339 3459 Diogenem

780 3491 1021 3543 immittit
1049 3505 1063 3552 ;
1092 3488 1370 3556 quietiam
1395 3485 1868 3552 conjttnctuscum
1892 3483 2009 3551 ipso
2031 3481 2342 3549 Doceahel-

781 3598 893 3637 tum
914 3582 1210 3635 metuebat.
1230 3576 1299 3631 At
1321 3574 1939 3645 Diogenessuperiorem
1966 3588 2023 3626 se
2070 3572 2342 3626 Constan-

782 3675 894 3727 tino
912 3685 1142 3724 cernens
1160 3668 1436 3738 profectus
1454 3665 1575 3719 inde
1589 3666 1829 3733 pervenit
1849 3663 1901 3715 in
1920 3662 2342 3732 Cappadociam.

783 3764 991 3816 lutetea
1020 3758 1311 3814 nittltitudo
1336 3758 1669 3812 Francorum
1698 3757 1761 3807 ad
1784 3754 2202 3809 Constantinum
2224 3768 2348 3807 con-

784 3854 921 3917 lluit,
973 3863 1025 3907 et
1068 3850 1354 3917 Crispinus
1385 3850 1499 3917 ipse
1528 3862 1649 3900 cum
1686 3849 1948 3915 cognatis,
1974 3860 2133 3915 quem
2165 3860 2351 3898 rever-

786 3961 880 3999 sus
933 3944 1089 4013 703
1128 3944 1392 4011 Diogenes
1440 3941 1592 4008 prius
1646 3939 1696 3991 in
1755 3939 2003 4007 Abydum
2061 3938 2345 4005 relegarat.

786 4033 1126 4087 'I‘hrodorum
1181 4032 1348 4101 igitur
1403 4030 1670 4098 Alyatem,
1706 4029 1879 4078 virn.n
1926 4041 2249 4095 generosum
2296 4034 2353 4078 et

788 4123 1073 4186 illustrem,
1102 4120 1474 4190 magnitudine
1501 4133 1564 4171 ac
1584 4119 1767 4186 specie
1788 4119 2016 4169 Inaxime
2048 4114 2347 4169 admirabi-

788 4216 911 4278 lem,
948 4215 1214 4268 adversus
1268 4214 1414 4281 ipsos
1455 4212 1640 4264 mittit.
1690 4200 1937 4278 Cumque
1970 4207 2185 4261 fortiter
2205 4224 2264 4263 se
2296 4208 2348 4260 in

787 4310 903 4360 acie
938 4306 1327 4375 apposuisscut
1382 4303 1416 4356 ii
1464 4304 1558 4370 qui
1596 4317 1718 4355 cum
1756 4301 2114 4354 Constantino
2164 4308 2352 4364 erant,

790 4400 1081 4452 vincuntur
1108 4398 1306 4450 milites
1336 4396 1565 4465 Alyatis,
1600 4404 1651 4447 ct
1684 4394 1796 4462 ipse
1818 4395 2047 4461 capitur,
2084 4403 2353 4460 captoque

2450 3210 2711 3281 βασιλέως
2724 3227 2827 3278 προ
2838 3208 3104 3277 σομολογή
3115 3225 3302 3270 σαντος
3324 3208 3397 3278 τῷ
3418 3210 3713 3280 σουλτάνῳι
3753 3212 4022 3278 Ἐσφάγη-

2444 3321 2541 3357 σαν
2576 3304 2632 3356 δὲ
2661 3302 2961 3373 τηνικαῦτα
2998 3302 3148 3354 Λέων
3182 3304 3209 3353 6
3253 3302 3349 3354 ἐπὶ
3390 3302 3500 3353 τῶν
3532 3303 3768 3371 δεήσεων
3793 3303 3905 3371 (28)
3931 3306 4021 3353 καὶ

2444 3397 2471 3446 6
2530 3395 2828 3463 μάγιστρος
2855 3393 3152 3454 Εὑστάθιος
3203 3395 3298 3446 καὶ
3349 3393 3835 3464 πρωτασηκρῆτις,
3882 3394 4023 3445 ἑάλω

2447 3486 2625 3537 δὲκαὶ
2688 3486 2717 3536 6
2766 3484 3265 3555 πρωτοόεστιάριος
3324 3484 3602 3547 Βασίλειος
3659 3486 3687 3537 6
3741 3486 4018 3553 Μαλέσης.

2445 3576 2597 3629 Μετὰ
2628 3576 2684 3628 δὲ
2710 3576 2769 3628 τὸ
2800 3575 2977 3629 ταῦτα
3004 3576 3147 3628 οὕτω
3180 3576 3490 3646 πραχθῆναί
3523 3594 3579 3628 τε
3610 3580 3699 3647 καὶ
3736 3596 4024 3647 συμφωνη-

2446 3667 2606 3735 θῆναι
2642 3667 2915 3720 ἀπέλυσεν
2943 3668 2971 3718 6
3001 3641 3406 3729 aoulrdvocv'tbr
3430 3641 3655 3736 βασιλέα
3708 3641 3816 3720 σὺν·
3854 3641 4021 3736 πολλῇ

2449 3754 2753 3825 περιπλοκῇ
2791 3756 2884 3807 καὶ
2919 3756 3300 3825 συντακτηρίῳ
3330 3760 3488 3825 τιμῇ,
3530 3757 3888 3826 προσεπιδοὺς
3931 3764 4023 3811 καὶ

2449 3845 2556 3897 τῶν
2593 3846 2810 3897 οἰκείων
2860 3846 3137 3914 πρέσϐεις.
3179 3847 3477 3915 Κατείχετο
3519 3846 3670 3901 δὲτὰ
3723 3848 4024 3917 Ματζικίερ

2450 3937 2553 3987 ὑπὸ
2591 3935 2900 4005 Ῥωμαίων.
2938 3936 3022 4007 [Ρ.
3052 3937 3176 4007 863]
3218 3936 3303 3999 Ὠς
3335 3938 3379 3990 δ’
3400 3940 3427 3989 ὀ
3458 3938 3705 4007 βασιλεὺς
3735 3940 4025 4003 ἀπολυθεὶς

2452 4027 2721 4094 ἐπανῆλθε
2774 4026 2842 4078 δι’
2887 4027 3055 4095 ἄλλης
3102 4026 3247 4091 ὁδοῦ,
3293 4028 3523 4094 ἀφέντες
3584 4028 3779 4080 ἐκεῖνοι
3828 4031 4025 4089 νυκτὸς

2451 4121 2672 4187 ἔφυγον,
2708 4121 3095 4190 περιτυχόντες
3134 4122 3190 4173 δὲ
3221 4121 3499 4190 πολεμίοις
3529 4120 3929 4174 ἐκινδύνευσαν.
3967 4121 4027 4171 '0

2451 4212 2507 4264 δὲ
2539 4212 2788 4281 βασιλεὺς
2845 4212 3201 4281 κατηντηκὼς
3258 4215 3337 4275 είς
3396 4213 3833 4266 Θεοδοσιούπολιν
3888 4213 4026 4281 μετὰ

2456 4302 2758 4373 Τουςικικῆς
2791 4305 3143 4373 σουλτανικῆς
3170 4305 3360 4373 στολῆς
3392 4305 3503 4375 (29)
3556 4305 3820 4375 ὑπεδέχθη
3879 4305 4026 4371 φιλοο

2453 4397 2651 4465 τίμως.
2696 4396 2941 4464 Ἡμέρας
2994 4396 3051 4448 δέ
3088 4414 3236 4459 τινας
3282 4397 3670 4465 διεκαρτέρησε
3722 4395 3819 4463 τὴν
3871 4398 4025 4463 χεῖρα

791 4488 933 4541 oeuli
984 4486 1316 4539 eilodiuntur
1364 4484 1507 4537 ferro
1574 4498 1683 4552 quo
1740 4484 1969 4536 tentoria
2021 4482 2348 4552 deliguntur.
2382 4487 2538 4557 οοεε

2277 4497 2348 4535 πο
2382 4491 2435 4549 D
2458 4487 2891 4557 θεραπευόμενος
2940 4486 3035 4539 καὶ
3071 4486 3259 4539 ἑαυτὸν
3292 4485 3693 4554 ἀνακτώμενος,
3742 4486 3832 4537 καὶ
3868 4487 4024 4537 πάλιν

793 4579 1055 4649 Diogenes
1084 4588 1263 4632 autem
1298 4578 1369 4631 ob
1424 4592 1495 4630 ea
1511 4592 1630 4645 qua:
1664 4577 1975 4629 acciderant
2003 4590 2351 4645 summopere

792 4670 982 4723 dolens
1050 4669 1102 4721 in
1156 4666 1555 4737 Cappadociam
1618 4668 1898 4736 ingressus
1948 4676 2053 4729 est,
2114 4666 2353 4734 undique

796 4773 1084 4813 accersens
1138 4761 1461 4812 exercitum.
1496 4758 1615 4827 Ipse
1649 4773 1777 4811 vero
1821 4758 2261 4811 commorabatur
2301 4762 2354 4809 in

794 4851 1084 4921 'l'yroptno.
1119 4850 1246 4904 Erat
1300 4850 1405 4904 hoc
1433 4850 1687 4918 oppidum
1747 4848 2035 4902 admodum
2089 4849 2357 4902 munitum

794 4952 845 4995 et
888 4943 1040 4996 Valde
1083 4956 1432 5011 pra-ruptum.
1488 4940 1655 5010 Igitur
1693 4938 2083 4994 Constantinus
2128 4941 2363 4994 accersi-

2462 4579 2821 4649 μεθαρμὸζων
2852 4579 2986 4647 πρὸς
3014 4579 3074 4630 τὸ
3114 4577 3584 4647 Ῥωμαῖκώτερον,
3607 4580 3681 4640 ὡς
3709 4578 3855 4645 ἐνῆν,
3903 4579 4027 4628 ἐαυ-

2457 4670 2567 4723 τόν.
2607 4672 2773 4739 ’Λρας
2804 4670 2848 4722 δ’
2887 4670 3092 4722 ἐκεῖθεν
3136 4670 3272 4739 διῄει
3316 4671 3413 4729 τὰς
3482 4668 3755 4737 Ἰϐηρικὰς
3798 4669 4024 4735 κώμας·

2463 4760 2697 4829 συνῆσαν
2730 4760 2785 4811 δ’
2821 4760 2969 4830 αὑτῷ
2998 4761 3091 4813 καὶ
3125 4763 3172 4813 οἱ
3205 4764 3268 4813 ἐκ
3297 4760 3391 4812 τοῦ
3419 4759 3710 4812 σουλτάνου
3740 4759 4017 4829 πρέσὸεις.

2463 4855 2731 4907 Κάκεῖθεν
2788 4854 3142 4921 προσελαύνει
3209 4854 3367 4924 μέχρι
3452 4853 3758 4914 Κολωνείας
3833 4853 4021 4920 αὑτῆς.

2466 4946 2763 5015 Γενομένου
2790 4946 2844 4998 δὲ
2866 4948 2922 4999 ἐν
2950 4945 3028 5015 τῷ
3051 4945 3513 5014 Μελισσοπετρίῳ,
3538 4945 3745 5004 Παῦλος
3771 4943 4025 5013 πρόεδρος

2035 5057 2264 5114 JACOBI
2292 5056 2509 5116 GOARIV
2554 5063 2780 5117 NOTAE.

872 5154 981 5217 (9.7)
1014 5152 1277 5221 Adagium
1316 5156 1503 5225 μέχρις
1532 5156 1703 5222 λόγων
1739 5158 1831 5209 καὶ
1858 5158 2000 5210 ἁλῶν
2022 5167 2356 5213 secretorum

800 5234 1184 5290 convrctusque
1205 5228 1517 5280 societatem
1556 5229 1731 5281 amico
1764 5244 2079 5281 concessam
2113 5231 2354 5284 denotat.

800 5296 921 5346 Sale
956 5303 1115 5346 tenus
1154 5304 1208 5348 et
1251 5297 1473 5349 cumino
1499 5297 1710 5349 dixerat
1752 5299 1879 5350 olim
1939 5298 2260 5351 Plutarchus
2304 5302 2357 5351 in

796 5366 1045 5487 Symp”.
1080 5362 1431 5419 Consortium
1469 5367 1600 5419 salis
1630 5368 1792 5420 etiam
1828 5367 1987 5423 hodie
2022 5369 2212 5421 Τείτοσι
2244 5371 2360 5419 lau-

835 5446 946 5486 aut.

835 5446 946 5486 aut.

870 5502 981 5572 (28)
1010 5503 1083 5577 De
1116 5520 1220 5573 quo
1275 5505 1517 5560 Codinus
1555 5520 1619 5577 c.)
1643 5522 1696 5567 ν,
1733 5522 1788 5559 n.
1841 5507 1910 5562 65
1941 5526 1952 5561 :
1990 5509 2209 5577 Δέχεται
2262 5511 2360 5571 τὰς

799 5574 905 5625 τῶν
936 5574 1235 5646 αιτούντων
1254 5578 1344 5627 καὶ
1367 5576 1734 5644 ἀδικουμένων
1762 5574 2067 5646 ἀναφορὰς,
2080 5574 2359 5631 ’καὸαλλαο

806 5650 918 5709 ρίου
952 5645 1301 5714 διερχομένου
1336 5648 1426 5698 τοῦ
1456 5647 1740 5715 βασιλέως.
1777 5645 2223 5701 Rel'ereudarinm
2260 5652 2361 5702 hoc

802 5728 1027 5766 munere
1052 5722 1361 5782 tuugentem
1392 5726 1543 5770 vocat
1578 5718 1944 5770 Cassnodurus
1984 5719 2109 5769 Var.
2160 5736 2232 5780 vr,
2276 5722 2356 5779 l7,

805 5798 911 5863 qua
934 5785 1050 5855 ejus
1077 5786 1247 5839 otlicia
1297 5802 1457 5855 quam
1486 5789 1746 5841 latissime
1777 5790 2019 5856 exponit.
2065 5789 2362 5859 Procopius

2466 5162 2655 5229 paucis
2684 5174 2806 5213 eum
2837 5173 2957 5213 esse
2980 5158 3048 5210 ait
3072 5159 3158 5227 qui
3181 5156 3585 5220 supplicantium
3612 5171 3783 5229 preces
3802 5155 4026 5229 principi

2466 5226 2715 5297 explicat.
2737 5238 2783 5282 et
2807 5230 2919 5297 ejus
2934 5230 3355 5296 responsionibus
3387 5238 3594 5297 purgat.
3632 5226 4021 5294 lie-gendarimn

2467 5295 2715 5353 eumdem
2746 5295 2862 5352 vult
2896 5295 3370 5352 diciPancirollus
3399 5300 3449 5347 in
3479 5295 3602 5349 Not.
3642 5298 3840 5364 lmp.c.
3873 5310 4021 5346 sun.

2472 5374 2539 5421 At
2582 5372 2737 5437 longe
2770 5378 2854 5422 est
2904 5368 3069 5436 hujus
3123 5370 3188 5421 de
3234 5382 3343 5434 quo
3384 5368 3763 5437 Cassiodorus,
3806 5378 4022 5434 quoque

2471 5437 2596 5513 Var.
2632 5436 2783 5501 Ιβιι,
2818 5440 2885 5490 ab
2932 5441 3125 5513 altero,
3154 5453 3252 5491 ceu
3282 5438 3533 5489 militaris
3569 5451 3595 5487 a
3624 5436 3792 5498 civili,
3830 5450 4027 5504 propo-

2472 5524 2659 5561 suum.

2541 5578 2651 5643 (29)
2684 5576 3035 5643 Quosaﬂ'ectu
3062 5578 3138 5630 vel
3171 5577 3374 5630 bonorc
3403 5584 3805 5643 prosequuntur
3832 5583 4030 5626 ornant

2469 5647 2860 5709 Mahumetani,
2886 5653 2929 5701 si
2973 5650 3167 5715 capitis
3192 5649 3435 5700 velamen
3475 5650 3741 5714 excipias,
3787 5645 3902 5697 suis
3937 5660 4026 5695 ve-

2470 5721 2666 5772 stibus.
2717 5717 2852 5771 llinc
2905 5720 3199 5787 imperator
3257 5716 3545 5777 sultanica,
3574 5718 3624 5768 id
3658 5729 3741 5768 est
3797 5719 3940 5787 regia
3978 5727 4027 5765 et

2470 5788 2819 5849 Saracenitm,
2852 5797 3001 5843 veste
3038 5788 3366 5849 conspicuus
3422 5789 3487 5839 ad
3552 5800 3681 5838 suos
3716 5786 4025 5837 revertitur.
