  <div class='ocr_page' id='page_1' title='image "/cluster/home/n/w/nwhite01/storage/ocr_20150623/122/nnc1.0046979611/220.png"; bbox 0 0 4424 6450; ppageno 0'>
   <div class='ocr_carea' id='block_1_1' title="bbox 425 398 532 464">
    <p class='ocr_par' dir='ltr' id='par_1_1' title="bbox 425 398 532 464">
     <span class='ocr_line' id='line_1_1' title="bbox 425 398 532 464; baseline 0.056 -8"><span class='ocrx_word' id='word_1_1' title='bbox 425 398 532 464; x_wconf 66' lang='grc' dir='ltr'>ιη</span> 
     </span>
    </p>
   </div>
   <div class='ocr_carea' id='block_1_2' title="bbox 1849 412 2239 471">
    <p class='ocr_par' dir='ltr' id='par_1_2' title="bbox 1849 412 2239 471">
     <span class='ocr_line' id='line_1_2' title="bbox 1849 412 2239 471; baseline 0 -2"><span class='ocrx_word' id='word_1_2' title='bbox 1849 412 2239 471; x_wconf 75' lang='lat' dir='ltr'><strong>HISTORIA.</strong></span> 
     </span>
    </p>
   </div>
   <div class='ocr_carea' id='block_1_3' title="bbox 3575 407 3679 469">
    <p class='ocr_par' dir='ltr' id='par_1_3' title="bbox 3575 407 3679 469">
     <span class='ocr_line' id='line_1_3' title="bbox 3575 407 3679 469; baseline 0 -1"><span class='ocrx_word' id='word_1_3' title='bbox 3575 407 3679 469; x_wconf 67' lang='lat'><strong>43‘.</strong></span> 
     </span>
    </p>
   </div>
   <div class='ocr_carea' id='block_1_4' title="bbox 425 518 2172 593">
    <p class='ocr_par' dir='ltr' id='par_1_4' title="bbox 425 518 2165 593">
     <span class='ocr_line' id='line_1_4' title="bbox 425 518 2165 593; baseline 0.007 -27"><span class='ocrx_word' id='word_1_4' title='bbox 425 518 454 562; x_wconf 64' lang='grc' dir='ltr'>ὁ</span> <span class='ocrx_word' id='word_1_5' title='bbox 488 519 583 585; x_wconf 79' lang='grc' dir='ltr'><strong>τῆς</strong></span> <span class='ocrx_word' id='word_1_6' title='bbox 632 518 883 589; x_wconf 79' lang='grc' dir='ltr'>Ἐδέσσης</span> <span class='ocrx_word' id='word_1_7' title='bbox 910 522 1199 575; x_wconf 82' lang='grc' dir='ltr'>κατεπάνω</span> <span class='ocrx_word' id='word_1_8' title='bbox 1242 523 1454 593; x_wconf 79' lang='grc' dir='ltr'><strong>νύκτωρ</strong></span> <span class='ocrx_word' id='word_1_9' title='bbox 1482 524 1643 576; x_wconf 70' lang='grc' dir='ltr'>αὑτὸν</span> <span class='ocrx_word' id='word_1_10' title='bbox 1694 527 2005 578; x_wconf 78' lang='grc' dir='ltr'>καταλιπὼν</span> <span class='ocrx_word' id='word_1_11' title='bbox 2033 529 2080 587; x_wconf 86' lang='grc' dir='ltr'><strong>Λ</strong></span> <span class='ocrx_word' id='word_1_12' title='bbox 2111 536 2165 579; x_wconf 84' lang='grc' dir='ltr'><strong>ιιι</strong></span> 
     </span>
    </p>
   </div>
   <div class='ocr_carea' id='block_1_5' title="bbox 1929 518 3676 593">
    <p class='ocr_par' dir='ltr' id='par_1_5' title="bbox 1933 521 3676 587">
     <span class='ocr_line' id='line_1_5' title="bbox 1933 521 3676 587; baseline -0.001 -10"><span class='ocrx_word' id='word_1_13' title='bbox 1933 527 2005 578; x_wconf 78' lang='grc' dir='ltr'>ὼν</span> <span class='ocrx_word' id='word_1_14' title='bbox 2033 529 2080 587; x_wconf 86' lang='grc' dir='ltr'><strong>Λ</strong></span> <span class='ocrx_word' id='word_1_15' title='bbox 2111 536 2223 579; x_wconf 89' lang='lat' dir='ltr'><strong>tum</strong></span> <span class='ocrx_word' id='word_1_16' title='bbox 2254 526 2554 579; x_wconf 64' lang='lat' dir='ltr'><strong>Antiochi»:</strong></span> <span class='ocrx_word' id='word_1_17' title='bbox 2584 526 2778 579; x_wconf 88' lang='lat' dir='ltr'><strong>ducem</strong></span> <span class='ocrx_word' id='word_1_18' title='bbox 2799 524 3223 577; x_wconf 84' lang='lat' dir='ltr'><strong>Chaehaturium</strong></span> <span class='ocrx_word' id='word_1_19' title='bbox 3254 521 3519 577; x_wconf 84' lang='lat' dir='ltr'><strong>adversus</strong></span> <span class='ocrx_word' id='word_1_20' title='bbox 3556 523 3676 576; x_wconf 77' lang='lat' dir='ltr'><strong>Iliu-</strong></span> 
     </span>
    </p>
   </div>
   <div class='ocr_carea' id='block_1_6' title="bbox 429 609 2001 687">
    <p class='ocr_par' dir='ltr' id='par_1_6' title="bbox 429 609 2001 687">
     <span class='ocr_line' id='line_1_6' title="bbox 429 609 2001 687; baseline 0.007 -28"><span class='ocrx_word' id='word_1_21' title='bbox 429 609 513 670; x_wconf 75' lang='grc' dir='ltr'>εἰς</span> <span class='ocrx_word' id='word_1_22' title='bbox 578 611 1153 667; x_wconf 79' lang='grc' dir='ltr'>Κωνσταντινούπολιν</span> <span class='ocrx_word' id='word_1_23' title='bbox 1196 617 1490 687; x_wconf 78' lang='grc' dir='ltr'>ἁπέδρατε,</span> <span class='ocrx_word' id='word_1_24' title='bbox 1571 618 1868 686; x_wconf 85' lang='grc' dir='ltr'>προμαθὼν</span> <span class='ocrx_word' id='word_1_25' title='bbox 1933 619 2001 671; x_wconf 74' lang='grc' dir='ltr'>τὰ</span> 
     </span>
    </p>
   </div>
   <div class='ocr_carea' id='block_1_7' title="bbox 430 701 2003 779">
    <p class='ocr_par' dir='ltr' id='par_1_7' title="bbox 430 701 2003 779">
     <span class='ocr_line' id='line_1_7' title="bbox 430 701 2003 779; baseline 0.006 -28"><span class='ocrx_word' id='word_1_26' title='bbox 430 701 605 753; x_wconf 83' lang='grc' dir='ltr'>ἐκεῖσε</span> <span class='ocrx_word' id='word_1_27' title='bbox 651 709 987 774; x_wconf 73' lang='grc' dir='ltr'>καττυομενα</span> <span class='ocrx_word' id='word_1_28' title='bbox 1018 724 1031 737; x_wconf 76' lang='grc'><strong><em>⁸</em></strong></span> <span class='ocrx_word' id='word_1_29' title='bbox 1065 709 1315 776; x_wconf 77' lang='grc' dir='ltr'>Ἰωάννης</span> <span class='ocrx_word' id='word_1_30' title='bbox 1349 709 1456 779; x_wconf 77' lang='grc' dir='ltr'><strong>γάρ</strong></span> <span class='ocrx_word' id='word_1_31' title='bbox 1483 712 1510 763; x_wconf 99' lang='lat'><strong>6</strong></span> <span class='ocrx_word' id='word_1_32' title='bbox 1561 712 1779 779; x_wconf 84' lang='grc' dir='ltr'>Καῖσαρ</span> <span class='ocrx_word' id='word_1_33' title='bbox 1836 711 1925 762; x_wconf 74' lang='grc' dir='ltr'><strong>καὶ</strong></span> <span class='ocrx_word' id='word_1_34' title='bbox 1956 713 2003 761; x_wconf 85' lang='grc' dir='ltr'>οἱ</span> 
     </span>
    </p>
   </div>
   <div class='ocr_carea' id='block_1_8' title="bbox 432 794 2027 870">
    <p class='ocr_par' dir='ltr' id='par_1_8' title="bbox 432 794 2027 870">
     <span class='ocr_line' id='line_1_8' title="bbox 432 794 2027 870; baseline 0.006 -26"><span class='ocrx_word' id='word_1_35' title='bbox 432 794 621 846; x_wconf 84' lang='grc' dir='ltr'>τούτου</span> <span class='ocrx_word' id='word_1_36' title='bbox 655 797 810 858; x_wconf 76' lang='grc' dir='ltr'>υξεῖς,</span> <span class='ocrx_word' id='word_1_37' title='bbox 840 798 932 850; x_wconf 71' lang='grc' dir='ltr'><strong>καὶ</strong></span> <span class='ocrx_word' id='word_1_38' title='bbox 949 799 1049 865; x_wconf 76' lang='grc' dir='ltr'>τῆς</span> <span class='ocrx_word' id='word_1_39' title='bbox 1078 801 1382 869; x_wconf 78' lang='grc' dir='ltr'><strong>συγκλήτου</strong></span> <span class='ocrx_word' id='word_1_40' title='bbox 1408 802 1520 853; x_wconf 81' lang='grc' dir='ltr'>ὅσοι</span> <span class='ocrx_word' id='word_1_41' title='bbox 1548 803 1615 854; x_wconf 71' lang='grc' dir='ltr'><strong>τὰ</strong></span> <span class='ocrx_word' id='word_1_42' title='bbox 1647 800 1814 855; x_wconf 69' lang='grc' dir='ltr'>αὐτοῦ</span> <span class='ocrx_word' id='word_1_43' title='bbox 1840 803 2027 870; x_wconf 60' lang='grc' dir='ltr'>ἐφρὸ-η</span> 
     </span>
    </p>
   </div>
   <div class='ocr_carea' id='block_1_9' title="bbox 434 887 2006 962">
    <p class='ocr_par' dir='ltr' id='par_1_9' title="bbox 434 887 2006 962">
     <span class='ocr_line' id='line_1_9' title="bbox 434 887 2006 962; baseline 0.006 -27"><span class='ocrx_word' id='word_1_44' title='bbox 434 887 697 955; x_wconf 73' lang='grc' dir='ltr'>ννιυν,τὴν</span> <span class='ocrx_word' id='word_1_45' title='bbox 726 889 822 956; x_wconf 83' lang='grc' dir='ltr'><strong>μὲν</strong></span> <span class='ocrx_word' id='word_1_46' title='bbox 892 889 1135 957; x_wconf 74' lang='grc' dir='ltr'><strong>βασιλίδα</strong></span> <span class='ocrx_word' id='word_1_47' title='bbox 1194 892 1482 962; x_wconf 74' lang='grc' dir='ltr'>ὑπερόριον</span> <span class='ocrx_word' id='word_1_48' title='bbox 1537 894 1774 947; x_wconf 74' lang='grc' dir='ltr'>τίθενται</span> <span class='ocrx_word' id='word_1_49' title='bbox 1824 897 1904 955; x_wconf 79' lang='grc' dir='ltr'>εἰς</span> <span class='ocrx_word' id='word_1_50' title='bbox 1946 892 2006 945; x_wconf 81' lang='grc' dir='ltr'><strong>τὸ</strong></span> 
     </span>
    </p>
   </div>
   <div class='ocr_carea' id='block_1_10' title="bbox 434 977 2006 1055">
    <p class='ocr_par' dir='ltr' id='par_1_10' title="bbox 434 977 2006 1055">
     <span class='ocr_line' id='line_1_10' title="bbox 434 977 2006 1055; baseline 0.005 -27"><span class='ocrx_word' id='word_1_51' title='bbox 434 977 562 1045; x_wconf 80' lang='grc' dir='ltr'>παρ’</span> <span class='ocrx_word' id='word_1_52' title='bbox 593 979 761 1047; x_wconf 76' lang='grc' dir='ltr'>αὐτῆς</span> <span class='ocrx_word' id='word_1_53' title='bbox 797 981 995 1033; x_wconf 80' lang='grc' dir='ltr'>συστὰν</span> <span class='ocrx_word' id='word_1_54' title='bbox 1045 985 1479 1053; x_wconf 80' lang='grc' dir='ltr'>φροντιστήριον.</span> <span class='ocrx_word' id='word_1_55' title='bbox 1538 986 1809 1055; x_wconf 75' lang='grc' dir='ltr'>Πιπεροὺς</span> <span class='ocrx_word' id='word_1_56' title='bbox 1863 983 2006 1037; x_wconf 75' lang='grc' dir='ltr'>οὕτω</span> 
     </span>
    </p>
   </div>
   <div class='ocr_carea' id='block_1_11' title="bbox 439 1068 2003 1147">
    <p class='ocr_par' dir='ltr' id='par_1_11' title="bbox 439 1068 2003 1147">
     <span class='ocr_line' id='line_1_11' title="bbox 439 1068 2003 1147; baseline 0.008 -29"><span class='ocrx_word' id='word_1_57' title='bbox 439 1068 792 1137; x_wconf 67' lang='grc' dir='ltr'>καλούμενον,</span> <span class='ocrx_word' id='word_1_58' title='bbox 824 1072 1217 1142; x_wconf 85' lang='grc' dir='ltr'>ἀποκείραντες</span> <span class='ocrx_word' id='word_1_59' title='bbox 1253 1076 1347 1128; x_wconf 73' lang='grc' dir='ltr'><strong>καὶ</strong></span> <span class='ocrx_word' id='word_1_60' title='bbox 1400 1077 1473 1146; x_wconf 79' lang='grc' dir='ltr'>μὴ</span> <span class='ocrx_word' id='word_1_61' title='bbox 1518 1076 1867 1147; x_wconf 78' lang='grc' dir='ltr'><strong>βουλομένην,</strong></span> <span class='ocrx_word' id='word_1_62' title='bbox 1914 1078 2003 1130; x_wconf 75' lang='grc' dir='ltr'>τὸν</span> 
     </span>
    </p>
   </div>
   <div class='ocr_carea' id='block_1_12' title="bbox 432 1160 2004 1239">
    <p class='ocr_par' dir='ltr' id='par_1_12' title="bbox 432 1160 2004 1239">
     <span class='ocr_line' id='line_1_12' title="bbox 432 1160 2004 1239; baseline 0.007 -29"><span class='ocrx_word' id='word_1_63' title='bbox 432 1160 487 1210; x_wconf 77' lang='grc' dir='ltr'>δὲ</span> <span class='ocrx_word' id='word_1_64' title='bbox 524 1163 739 1231; x_wconf 80' lang='grc' dir='ltr'>Μιχαὴλ</span> <span class='ocrx_word' id='word_1_65' title='bbox 806 1166 1068 1235; x_wconf 82' lang='grc' dir='ltr'><strong>μόναρχον</strong></span> <span class='ocrx_word' id='word_1_66' title='bbox 1116 1168 1579 1238; x_wconf 82' lang='grc' dir='ltr'><strong>ἀναγορεύσαντες</strong></span> <span class='ocrx_word' id='word_1_67' title='bbox 1625 1169 2004 1239; x_wconf 80' lang='grc' dir='ltr'>αὐτοκράτορα</span> 
     </span>
    </p>
   </div>
   <div class='ocr_carea' id='block_1_13' title="bbox 434 1253 2005 1331">
    <p class='ocr_par' dir='ltr' id='par_1_13' title="bbox 434 1253 2005 1331">
     <span class='ocr_line' id='line_1_13' title="bbox 434 1253 2005 1331; baseline 0.007 -29"><span class='ocrx_word' id='word_1_68' title='bbox 434 1253 676 1322; x_wconf 78' lang='grc' dir='ltr'>ἔγραψαν</span> <span class='ocrx_word' id='word_1_69' title='bbox 706 1257 1017 1326; x_wconf 73' lang='grc' dir='ltr'>ἁπανταχοῦ</span> <span class='ocrx_word' id='word_1_70' title='bbox 1051 1260 1341 1312; x_wconf 77' lang='grc' dir='ltr'>ἐπανιόντα</span> <span class='ocrx_word' id='word_1_71' title='bbox 1370 1262 1461 1312; x_wconf 82' lang='grc' dir='ltr'>τὸν</span> <span class='ocrx_word' id='word_1_72' title='bbox 1496 1260 1719 1329; x_wconf 88' lang='grc' dir='ltr'>βασιλέα</span> <span class='ocrx_word' id='word_1_73' title='bbox 1763 1261 1838 1331; x_wconf 84' lang='grc' dir='ltr'>μὴ</span> <span class='ocrx_word' id='word_1_74' title='bbox 1876 1261 2005 1313; x_wconf 84' lang='grc' dir='ltr'>ὑπο-</span> 
     </span>
    </p>
   </div>
   <div class='ocr_carea' id='block_1_14' title="bbox 432 1344 2002 1421">
    <p class='ocr_par' dir='ltr' id='par_1_14' title="bbox 432 1344 2002 1421">
     <span class='ocr_line' id='line_1_14' title="bbox 432 1344 2002 1421; baseline 0.006 -27"><span class='ocrx_word' id='word_1_75' title='bbox 432 1344 685 1407; x_wconf 78' lang='grc' dir='ltr'>δέξασθαι</span> <span class='ocrx_word' id='word_1_76' title='bbox 719 1350 852 1417; x_wconf 84' lang='grc' dir='ltr'>μήτε</span> <span class='ocrx_word' id='word_1_77' title='bbox 876 1349 949 1411; x_wconf 87' lang='grc' dir='ltr'>ὠς</span> <span class='ocrx_word' id='word_1_78' title='bbox 978 1349 1198 1418; x_wconf 80' lang='grc' dir='ltr'>βασιλέα</span> <span class='ocrx_word' id='word_1_79' title='bbox 1224 1352 1477 1420; x_wconf 80' lang='grc' dir='ltr'>τιμῆσαι.</span> <span class='ocrx_word' id='word_1_80' title='bbox 1525 1351 1765 1421; x_wconf 82' lang='grc' dir='ltr'>Ἤρξατο</span> <span class='ocrx_word' id='word_1_81' title='bbox 1807 1352 1863 1405; x_wconf 82' lang='grc' dir='ltr'>δὲ</span> <span class='ocrx_word' id='word_1_82' title='bbox 1903 1353 2002 1420; x_wconf 79' lang='grc' dir='ltr'>τῆς</span> 
     </span>
    </p>
   </div>
   <div class='ocr_carea' id='block_1_15' title="bbox 434 1437 2006 1511">
    <p class='ocr_par' dir='ltr' id='par_1_15' title="bbox 434 1437 2006 1511">
     <span class='ocr_line' id='line_1_15' title="bbox 434 1437 2006 1511; baseline 0.006 -26"><span class='ocrx_word' id='word_1_83' title='bbox 434 1437 823 1505; x_wconf 70' lang='grc' dir='ltr'>ἀποκηρύξεως</span> <span class='ocrx_word' id='word_1_84' title='bbox 892 1440 1158 1507; x_wconf 84' lang='grc' dir='ltr'>πρῶτοςό</span> <span class='ocrx_word' id='word_1_85' title='bbox 1209 1442 1317 1494; x_wconf 90' lang='grc' dir='ltr'><strong>τῶν</strong></span> <span class='ocrx_word' id='word_1_86' title='bbox 1375 1443 1677 1511; x_wconf 71' lang='grc' dir='ltr'>φιλοσόφων</span> <span class='ocrx_word' id='word_1_87' title='bbox 1724 1441 1925 1504; x_wconf 76' lang='grc' dir='ltr'>ὕπατος</span> <span class='ocrx_word' id='word_1_88' title='bbox 1978 1444 2006 1494; x_wconf 89' lang='lat'><strong>6</strong></span> 
     </span>
    </p>
   </div>
   <div class='ocr_carea' id='block_1_16' title="bbox 435 1525 2005 1602">
    <p class='ocr_par' dir='ltr' id='par_1_16' title="bbox 435 1525 2005 1602">
     <span class='ocr_line' id='line_1_16' title="bbox 435 1525 2005 1602; baseline 0.005 -25"><span class='ocrx_word' id='word_1_89' title='bbox 435 1525 660 1591; x_wconf 74' lang='grc' dir='ltr'>Ψελλὸς,</span> <span class='ocrx_word' id='word_1_90' title='bbox 686 1528 867 1592; x_wconf 84' lang='grc' dir='ltr'>καθὼς</span> <span class='ocrx_word' id='word_1_91' title='bbox 890 1531 983 1583; x_wconf 75' lang='grc' dir='ltr'><strong>καὶ</strong></span> <span class='ocrx_word' id='word_1_92' title='bbox 1004 1532 1163 1593; x_wconf 72' lang='grc' dir='ltr'>αὐτὸς</span> <span class='ocrx_word' id='word_1_93' title='bbox 1190 1532 1245 1585; x_wconf 77' lang='grc' dir='ltr'><strong>ἓν</strong></span> <span class='ocrx_word' id='word_1_94' title='bbox 1269 1550 1374 1585; x_wconf 86' lang='grc' dir='ltr'>τινι</span> <span class='ocrx_word' id='word_1_95' title='bbox 1402 1534 1510 1586; x_wconf 93' lang='grc' dir='ltr'><strong>τῶν</strong></span> <span class='ocrx_word' id='word_1_96' title='bbox 1546 1534 1688 1586; x_wconf 85' lang='grc' dir='ltr'>ἰδίων</span> <span class='ocrx_word' id='word_1_97' title='bbox 1723 1550 2005 1602; x_wconf 88' lang='grc' dir='ltr'>συγγραμ-</span> 
     </span>
    </p>
   </div>
   <div class='ocr_carea' id='block_1_17' title="bbox 437 1616 1998 1692">
    <p class='ocr_par' dir='ltr' id='par_1_17' title="bbox 437 1616 1998 1692">
     <span class='ocr_line' id='line_1_17' title="bbox 437 1616 1998 1692; baseline 0.005 -26"><span class='ocrx_word' id='word_1_98' title='bbox 437 1616 620 1682; x_wconf 74' lang='grc' dir='ltr'>μάτων</span> <span class='ocrx_word' id='word_1_99' title='bbox 662 1620 1014 1690; x_wconf 86' lang='grc' dir='ltr'>μεγαλαυχεῖ.</span> <span class='ocrx_word' id='word_1_100' title='bbox 1061 1623 1292 1689; x_wconf 78' lang='grc' dir='ltr'>Λέγεται</span> <span class='ocrx_word' id='word_1_101' title='bbox 1341 1625 1397 1677; x_wconf 78' lang='grc' dir='ltr'><strong>δὲ</strong></span> <span class='ocrx_word' id='word_1_102' title='bbox 1443 1626 1524 1677; x_wconf 85' lang='grc' dir='ltr'>ὃτι</span> <span class='ocrx_word' id='word_1_103' title='bbox 1576 1626 1668 1676; x_wconf 76' lang='grc' dir='ltr'><strong>καὶ</strong></span> <span class='ocrx_word' id='word_1_104' title='bbox 1697 1624 1730 1692; x_wconf 72' lang='grc' dir='ltr'>ἡ</span> <span class='ocrx_word' id='word_1_105' title='bbox 1786 1622 1998 1691; x_wconf 79' lang='grc' dir='ltr'>βασιλὶς</span> 
     </span>
    </p>
   </div>
   <div class='ocr_carea' id='block_1_18' title="bbox 434 1707 2001 1784">
    <p class='ocr_par' dir='ltr' id='par_1_18' title="bbox 434 1707 2001 1784">
     <span class='ocr_line' id='line_1_18' title="bbox 434 1707 2001 1784; baseline 0.005 -27"><span class='ocrx_word' id='word_1_106' title='bbox 434 1707 570 1776; x_wconf 71' lang='grc' dir='ltr'>αὑτὴ</span> <span class='ocrx_word' id='word_1_107' title='bbox 590 1708 681 1760; x_wconf 73' lang='grc' dir='ltr'>τοῦ</span> <span class='ocrx_word' id='word_1_108' title='bbox 708 1710 871 1763; x_wconf 76' lang='grc' dir='ltr'>αὑτοῦ</span> <span class='ocrx_word' id='word_1_109' title='bbox 900 1712 1102 1765; x_wconf 78' lang='grc' dir='ltr'>σκοποῦ</span> <span class='ocrx_word' id='word_1_110' title='bbox 1122 1710 1209 1781; x_wconf 85' lang='grc' dir='ltr'>ἦν,</span> <span class='ocrx_word' id='word_1_111' title='bbox 1230 1714 1366 1767; x_wconf 83' lang='grc' dir='ltr'>ὥστε</span> <span class='ocrx_word' id='word_1_112' title='bbox 1391 1717 1464 1784; x_wconf 84' lang='grc' dir='ltr'>μὴ</span> <span class='ocrx_word' id='word_1_113' title='bbox 1494 1712 1888 1784; x_wconf 78' lang='grc' dir='ltr'>προσδέξασθαι</span> <span class='ocrx_word' id='word_1_114' title='bbox 1912 1714 2001 1765; x_wconf 78' lang='grc' dir='ltr'><strong>τδν</strong></span> 
     </span>
    </p>
   </div>
   <div class='ocr_carea' id='block_1_19' title="bbox 434 1798 2000 1875">
    <p class='ocr_par' dir='ltr' id='par_1_19' title="bbox 434 1798 2000 1875">
     <span class='ocr_line' id='line_1_19' title="bbox 434 1798 2000 1875; baseline 0.007 -28"><span class='ocrx_word' id='word_1_115' title='bbox 434 1798 690 1866; x_wconf 73' lang='grc' dir='ltr'>Διογένην</span> <span class='ocrx_word' id='word_1_116' title='bbox 713 1801 1022 1855; x_wconf 77' lang='grc' dir='ltr'>ἐπανιόντα.</span> <span class='ocrx_word' id='word_1_117' title='bbox 1071 1802 1317 1874; x_wconf 81' lang='grc' dir='ltr'>Ἀπτέρῳ</span> <span class='ocrx_word' id='word_1_118' title='bbox 1343 1804 1398 1857; x_wconf 82' lang='grc' dir='ltr'>δὲ</span> <span class='ocrx_word' id='word_1_119' title='bbox 1425 1806 1580 1874; x_wconf 88' lang='grc' dir='ltr'>τάχει</span> <span class='ocrx_word' id='word_1_120' title='bbox 1614 1805 1797 1875; x_wconf 84' lang='grc' dir='ltr'>μαθὼν</span> <span class='ocrx_word' id='word_1_121' title='bbox 1843 1806 2000 1858; x_wconf 84' lang='grc' dir='ltr'>τ-ὖτο</span> 
     </span>
    </p>
   </div>
   <div class='ocr_carea' id='block_1_20' title="bbox 433 1889 2005 1965">
    <p class='ocr_par' dir='ltr' id='par_1_20' title="bbox 433 1889 2005 1965">
     <span class='ocr_line' id='line_1_20' title="bbox 433 1889 2005 1965; baseline 0.008 -30"><span class='ocrx_word' id='word_1_122' title='bbox 433 1889 524 1938; x_wconf 73' lang='grc' dir='ltr'>καὶ</span> <span class='ocrx_word' id='word_1_123' title='bbox 578 1890 606 1940; x_wconf 87' lang='lat'><strong>6</strong></span> <span class='ocrx_word' id='word_1_124' title='bbox 656 1891 930 1960; x_wconf 81' lang='grc' dir='ltr'>Διογένης,</span> <span class='ocrx_word' id='word_1_125' title='bbox 1000 1895 1091 1946; x_wconf 76' lang='grc' dir='ltr'><strong>καὶ</strong></span> <span class='ocrx_word' id='word_1_126' title='bbox 1166 1895 1603 1965; x_wconf 81' lang='grc' dir='ltr'>πληροφορηθεὶς</span> <span class='ocrx_word' id='word_1_127' title='bbox 1670 1897 1750 1949; x_wconf 81' lang='grc' dir='ltr'>ὅτι</span> <span class='ocrx_word' id='word_1_128' title='bbox 1814 1896 2005 1958; x_wconf 86' lang='grc' dir='ltr'>κοινῶς</span> 
     </span>
    </p>
   </div>
   <div class='ocr_carea' id='block_1_21' title="bbox 435 1980 2005 2056">
    <p class='ocr_par' dir='ltr' id='par_1_21' title="bbox 435 1980 2005 2056">
     <span class='ocr_line' id='line_1_21' title="bbox 435 1980 2005 2056; baseline 0.006 -28"><span class='ocrx_word' id='word_1_129' title='bbox 435 1980 907 2049; x_wconf 72' lang='grc' dir='ltr'>ἀποκεκήρυκται,</span> <span class='ocrx_word' id='word_1_130' title='bbox 971 1984 1233 2054; x_wconf 76' lang='grc' dir='ltr'>φρούριόν</span> <span class='ocrx_word' id='word_1_131' title='bbox 1298 2002 1353 2037; x_wconf 87' lang='grc' dir='ltr'><strong>τι</strong></span> <span class='ocrx_word' id='word_1_132' title='bbox 1425 1987 1715 2056; x_wconf 85' lang='grc' dir='ltr'>κατασχὼν</span> <span class='ocrx_word' id='word_1_133' title='bbox 1777 1986 2005 2039; x_wconf 85' lang='grc' dir='ltr'>Δόκειαν</span> 
     </span>
    </p>
   </div>
   <div class='ocr_carea' id='block_1_22' title="bbox 432 2069 2002 2148">
    <p class='ocr_par' dir='ltr' id='par_1_22' title="bbox 432 2069 2002 2148">
     <span class='ocr_line' id='line_1_22' title="bbox 432 2069 2002 2148; baseline 0.008 -29"><span class='ocrx_word' id='word_1_134' title='bbox 432 2069 831 2139; x_wconf 75' lang='grc' dir='ltr'>ὀνομαζόμενον</span> <span class='ocrx_word' id='word_1_135' title='bbox 853 2076 1030 2126; x_wconf 74' lang='grc' dir='ltr'>ἐκεῖσε</span> <span class='ocrx_word' id='word_1_136' title='bbox 1056 2075 1606 2145; x_wconf 80' lang='grc' dir='ltr'>ἐστρατοπεδεύσατο.</span> <span class='ocrx_word' id='word_1_137' title='bbox 1636 2077 1695 2130; x_wconf 89' lang='lat' dir='ltr'><strong>&#39;O</strong></span> <span class='ocrx_word' id='word_1_138' title='bbox 1715 2077 1770 2129; x_wconf 81' lang='grc' dir='ltr'>δὲ</span> <span class='ocrx_word' id='word_1_139' title='bbox 1790 2079 2002 2148; x_wconf 83' lang='grc' dir='ltr'>Καῖσαρ</span> 
     </span>
    </p>
   </div>
   <div class='ocr_carea' id='block_1_23' title="bbox 431 2162 1998 2239">
    <p class='ocr_par' dir='ltr' id='par_1_23' title="bbox 431 2162 1998 2239">
     <span class='ocr_line' id='line_1_23' title="bbox 431 2162 1998 2239; baseline 0.006 -28"><span class='ocrx_word' id='word_1_140' title='bbox 431 2163 497 2212; x_wconf 80' lang='grc' dir='ltr'>τὰ</span> <span class='ocrx_word' id='word_1_141' title='bbox 524 2162 619 2230; x_wconf 81' lang='grc' dir='ltr'>τῆς</span> <span class='ocrx_word' id='word_1_142' title='bbox 658 2162 955 2231; x_wconf 84' lang='grc' dir='ltr'>βασιλείας,</span> <span class='ocrx_word' id='word_1_143' title='bbox 985 2165 1060 2228; x_wconf 85' lang='grc' dir='ltr'>ὡς</span> <span class='ocrx_word' id='word_1_144' title='bbox 1094 2166 1291 2233; x_wconf 79' lang='grc' dir='ltr'>ἐδόκει,</span> <span class='ocrx_word' id='word_1_145' title='bbox 1323 2169 1517 2238; x_wconf 85' lang='grc' dir='ltr'>ἄριστα</span> <span class='ocrx_word' id='word_1_146' title='bbox 1572 2168 1998 2239; x_wconf 77' lang='grc' dir='ltr'>κρατυνάμενος,</span> 
     </span>
    </p>
   </div>
   <div class='ocr_carea' id='block_1_24' title="bbox 433 2254 2004 2330">
    <p class='ocr_par' dir='ltr' id='par_1_24' title="bbox 433 2254 2004 2330">
     <span class='ocr_line' id='line_1_24' title="bbox 433 2254 2004 2330; baseline 0.006 -27"><span class='ocrx_word' id='word_1_147' title='bbox 433 2255 523 2304; x_wconf 59' lang='grc' dir='ltr'>τὴν</span> <span class='ocrx_word' id='word_1_148' title='bbox 581 2254 844 2324; x_wconf 81' lang='grc' dir='ltr'>πρόεδρον</span> <span class='ocrx_word' id='word_1_149' title='bbox 891 2258 1299 2312; x_wconf 84' lang='grc' dir='ltr'>Κωνσταντίνον</span> <span class='ocrx_word' id='word_1_150' title='bbox 1353 2260 1444 2312; x_wconf 77' lang='grc' dir='ltr'><strong>τὸν</strong></span> <span class='ocrx_word' id='word_1_151' title='bbox 1514 2258 1845 2330; x_wconf 81' lang='grc' dir='ltr'>βραχύτερον</span> <span class='ocrx_word' id='word_1_152' title='bbox 1897 2260 2004 2312; x_wconf 88' lang='grc' dir='ltr'><strong>τῶν</strong></span> 
     </span>
    </p>
   </div>
   <div class='ocr_carea' id='block_1_25' title="bbox 433 2348 2005 2419">
    <p class='ocr_par' dir='ltr' id='par_1_25' title="bbox 433 2348 2005 2419">
     <span class='ocr_line' id='line_1_25' title="bbox 433 2348 2005 2419; baseline 0.006 -24"><span class='ocrx_word' id='word_1_153' title='bbox 433 2348 593 2398; x_wconf 71' lang='grc' dir='ltr'>υἱέων</span> <span class='ocrx_word' id='word_1_154' title='bbox 640 2349 777 2415; x_wconf 75' lang='grc' dir='ltr'>μετὰ</span> <span class='ocrx_word' id='word_1_155' title='bbox 840 2349 1119 2419; x_wconf 82' lang='grc' dir='ltr'>δυνάμεως</span> <span class='ocrx_word' id='word_1_156' title='bbox 1180 2352 1347 2419; x_wconf 77' lang='grc' dir='ltr'>ἁδρᾶς</span> <span class='ocrx_word' id='word_1_157' title='bbox 1397 2353 1538 2404; x_wconf 78' lang='grc' dir='ltr'>κατᾶ</span> <span class='ocrx_word' id='word_1_158' title='bbox 1576 2351 1669 2404; x_wconf 82' lang='grc' dir='ltr'><strong>τοῦ</strong></span> <span class='ocrx_word' id='word_1_159' title='bbox 1724 2353 2005 2419; x_wconf 88' lang='grc' dir='ltr'>Διογένους</span> 
     </span>
    </p>
   </div>
   <div class='ocr_carea' id='block_1_26' title="bbox 433 2440 2004 2514">
    <p class='ocr_par' dir='ltr' id='par_1_26' title="bbox 433 2440 2004 2514">
     <span class='ocr_line' id='line_1_26' title="bbox 433 2440 2004 2514; baseline 0.003 -23"><span class='ocrx_word' id='word_1_160' title='bbox 433 2441 681 2509; x_wconf 53' lang='grc' dir='ltr'>ἀφίησιν,</span> <span class='ocrx_word' id='word_1_161' title='bbox 713 2440 772 2504; x_wconf 75' lang='grc' dir='ltr'>ὃς</span> <span class='ocrx_word' id='word_1_162' title='bbox 798 2444 891 2494; x_wconf 80' lang='grc' dir='ltr'><strong>καὶ</strong></span> <span class='ocrx_word' id='word_1_163' title='bbox 923 2443 1140 2504; x_wconf 68' lang='grc' dir='ltr'>ὲνωθεὶς</span> <span class='ocrx_word' id='word_1_164' title='bbox 1166 2444 1385 2514; x_wconf 79' lang='grc' dir='ltr'>αύτῷεν</span> <span class='ocrx_word' id='word_1_165' title='bbox 1409 2448 1473 2514; x_wconf 82' lang='grc' dir='ltr'>τῇ</span> <span class='ocrx_word' id='word_1_166' title='bbox 1502 2444 1698 2512; x_wconf 72' lang='grc' dir='ltr'>Δοκείᾳ</span> <span class='ocrx_word' id='word_1_167' title='bbox 1727 2444 2004 2497; x_wconf 82' lang='grc' dir='ltr'>ἁπεδειλία</span> 
     </span>
    </p>
   </div>
   <div class='ocr_carea' id='block_1_27' title="bbox 435 2529 2002 2603">
    <p class='ocr_par' dir='ltr' id='par_1_27' title="bbox 435 2529 2002 2603">
     <span class='ocr_line' id='line_1_27' title="bbox 435 2529 2002 2603; baseline 0.005 -26"><span class='ocrx_word' id='word_1_168' title='bbox 435 2532 524 2578; x_wconf 70' lang='grc' dir='ltr'><strong>τον</strong></span> <span class='ocrx_word' id='word_1_169' title='bbox 555 2529 809 2598; x_wconf 73' lang='grc' dir='ltr'>πόλεμον.</span> <span class='ocrx_word' id='word_1_170' title='bbox 856 2531 1028 2599; x_wconf 87' lang='grc' dir='ltr'>Ὀρῶν</span> <span class='ocrx_word' id='word_1_171' title='bbox 1053 2531 1107 2583; x_wconf 64' lang='lat' dir='ltr'><strong>ae</strong></span> <span class='ocrx_word' id='word_1_172' title='bbox 1133 2534 1159 2584; x_wconf 90' lang='lat'><strong>6</strong></span> <span class='ocrx_word' id='word_1_173' title='bbox 1187 2532 1444 2601; x_wconf 83' lang='grc' dir='ltr'>Διογένης</span> <span class='ocrx_word' id='word_1_174' title='bbox 1464 2533 1870 2603; x_wconf 79' lang='grc' dir='ltr'>ὑπερτεροῦντα</span> <span class='ocrx_word' id='word_1_175' title='bbox 1904 2533 2002 2585; x_wconf 81' lang='grc' dir='ltr'>τοῦ</span> 
     </span>
    </p>
   </div>
   <div class='ocr_carea' id='block_1_28' title="bbox 436 2616 2005 2690">
    <p class='ocr_par' dir='ltr' id='par_1_28' title="bbox 436 2616 2005 2690">
     <span class='ocr_line' id='line_1_28' title="bbox 436 2616 2005 2690; baseline 0.005 -25"><span class='ocrx_word' id='word_1_176' title='bbox 436 2616 840 2670; x_wconf 74' lang='grc' dir='ltr'>Ιίωνσταντίνου</span> <span class='ocrx_word' id='word_1_177' title='bbox 873 2619 1084 2679; x_wconf 76' lang='grc' dir='ltr'>ἑαυτὸν.</span> <span class='ocrx_word' id='word_1_178' title='bbox 1128 2621 1267 2688; x_wconf 83' lang='grc' dir='ltr'>άρας</span> <span class='ocrx_word' id='word_1_179' title='bbox 1314 2621 1523 2673; x_wconf 78' lang='grc' dir='ltr'>ἐκεῖθεν</span> <span class='ocrx_word' id='word_1_180' title='bbox 1566 2622 1879 2690; x_wconf 80' lang='grc' dir='ltr'>ἀφικνεῖται</span> <span class='ocrx_word' id='word_1_181' title='bbox 1926 2622 2005 2685; x_wconf 85' lang='grc' dir='ltr'>εἰς</span> 
     </span>
    </p>
   </div>
   <div class='ocr_carea' id='block_1_29' title="bbox 435 2706 2004 2785">
    <p class='ocr_par' dir='ltr' id='par_1_29' title="bbox 435 2706 2004 2785">
     <span class='ocr_line' id='line_1_29' title="bbox 435 2706 2004 2785; baseline 0.005 -27"><span class='ocrx_word' id='word_1_182' title='bbox 435 2706 850 2761; x_wconf 81' lang='grc' dir='ltr'>Καππαδοκίαν.</span> <span class='ocrx_word' id='word_1_183' title='bbox 893 2708 981 2761; x_wconf 86' lang='grc' dir='ltr'>Ἐν</span> <span class='ocrx_word' id='word_1_184' title='bbox 1015 2710 1253 2780; x_wconf 82' lang='grc' dir='ltr'>τοσούτῳ</span> <span class='ocrx_word' id='word_1_185' title='bbox 1281 2711 1335 2762; x_wconf 84' lang='grc' dir='ltr'>δὲ</span> <span class='ocrx_word' id='word_1_186' title='bbox 1372 2710 1605 2781; x_wconf 81' lang='grc' dir='ltr'>πλῆθος·</span> <span class='ocrx_word' id='word_1_187' title='bbox 1628 2713 1894 2782; x_wconf 77' lang='grc' dir='ltr'>Φράγγων</span> <span class='ocrx_word' id='word_1_188' title='bbox 1926 2715 2004 2785; x_wconf 83' lang='grc' dir='ltr'>τῷ</span> 
     </span>
    </p>
   </div>
   <div class='ocr_carea' id='block_1_30' title="bbox 437 2797 2005 2873">
    <p class='ocr_par' dir='ltr' id='par_1_30' title="bbox 437 2797 2005 2873">
     <span class='ocr_line' id='line_1_30' title="bbox 437 2797 2005 2873; baseline 0.006 -25"><span class='ocrx_word' id='word_1_189' title='bbox 437 2797 829 2868; x_wconf 81' lang='grc' dir='ltr'>Κωνσταντίνῳ</span> <span class='ocrx_word' id='word_1_190' title='bbox 886 2801 1256 2867; x_wconf 80' lang='grc' dir='ltr'>προσγίνεται,</span> <span class='ocrx_word' id='word_1_191' title='bbox 1316 2802 1411 2856; x_wconf 72' lang='grc' dir='ltr'>καὶ</span> <span class='ocrx_word' id='word_1_192' title='bbox 1484 2804 1782 2873; x_wconf 79' lang='grc' dir='ltr'>Κρισπῖνος</span> <span class='ocrx_word' id='word_1_193' title='bbox 1842 2805 2005 2867; x_wconf 84' lang='grc' dir='ltr'>αὐτὸς</span> 
     </span>
    </p>
   </div>
   <div class='ocr_carea' id='block_1_31' title="bbox 438 2888 2006 2966">
    <p class='ocr_par' dir='ltr' id='par_1_31' title="bbox 438 2888 2006 2966">
     <span class='ocr_line' id='line_1_31' title="bbox 438 2888 2006 2966; baseline 0.008 -28"><span class='ocrx_word' id='word_1_194' title='bbox 438 2888 573 2954; x_wconf 78' lang='grc' dir='ltr'>μετὰ</span> <span class='ocrx_word' id='word_1_195' title='bbox 600 2890 708 2941; x_wconf 86' lang='grc' dir='ltr'><strong>τῶν</strong></span> <span class='ocrx_word' id='word_1_196' title='bbox 729 2890 1025 2957; x_wconf 84' lang='grc' dir='ltr'>ὁμογενῶν,</span> <span class='ocrx_word' id='word_1_197' title='bbox 1075 2891 1134 2943; x_wconf 85' lang='grc' dir='ltr'>ὃν</span> <span class='ocrx_word' id='word_1_198' title='bbox 1167 2892 1329 2946; x_wconf 82' lang='grc' dir='ltr'>ἀνιὼν</span> <span class='ocrx_word' id='word_1_199' title='bbox 1358 2896 1385 2946; x_wconf 85' lang='grc' dir='ltr'>ὁ</span> <span class='ocrx_word' id='word_1_200' title='bbox 1412 2894 1665 2965; x_wconf 74' lang='grc' dir='ltr'>Διογένης</span> <span class='ocrx_word' id='word_1_201' title='bbox 1706 2896 1763 2947; x_wconf 80' lang='grc' dir='ltr'><strong>ὲν</strong></span> <span class='ocrx_word' id='word_1_202' title='bbox 1802 2896 2006 2966; x_wconf 77' lang='grc' dir='ltr'>Ἀϐύδῳ</span> 
     </span>
    </p>
   </div>
   <div class='ocr_carea' id='block_1_32' title="bbox 435 2978 2003 3056">
    <p class='ocr_par' dir='ltr' id='par_1_32' title="bbox 435 2978 2003 3056">
     <span class='ocr_line' id='line_1_32' title="bbox 435 2978 2003 3056; baseline 0.007 -29"><span class='ocrx_word' id='word_1_203' title='bbox 435 2978 731 3048; x_wconf 84' lang='grc' dir='ltr'>περιώρισε</span> <span class='ocrx_word' id='word_1_204' title='bbox 774 2982 1059 3051; x_wconf 82' lang='grc' dir='ltr'>πρότερον.</span> <span class='ocrx_word' id='word_1_205' title='bbox 1112 2983 1381 3054; x_wconf 81' lang='grc' dir='ltr'>Θεόδωρον</span> <span class='ocrx_word' id='word_1_206' title='bbox 1434 2984 1528 3038; x_wconf 81' lang='grc' dir='ltr'><strong>οὖν</strong></span> <span class='ocrx_word' id='word_1_207' title='bbox 1569 2986 1659 3038; x_wconf 71' lang='grc' dir='ltr'>τὸν</span> <span class='ocrx_word' id='word_1_208' title='bbox 1719 2985 2003 3056; x_wconf 83' lang='grc' dir='ltr'>Ἀλυάτην,</span> 
     </span>
    </p>
   </div>
   <div class='ocr_carea' id='block_1_33' title="bbox 435 3069 2005 3147">
    <p class='ocr_par' dir='ltr' id='par_1_33' title="bbox 435 3069 2005 3147">
     <span class='ocr_line' id='line_1_33' title="bbox 435 3069 2005 3147; baseline 0.004 -25"><span class='ocrx_word' id='word_1_209' title='bbox 435 3069 604 3138; x_wconf 75' lang='grc' dir='ltr'>ἄνδρα</span> <span class='ocrx_word' id='word_1_210' title='bbox 633 3074 874 3137; x_wconf 83' lang='grc' dir='ltr'>γενναῖον</span> <span class='ocrx_word' id='word_1_211' title='bbox 928 3074 1021 3125; x_wconf 74' lang='grc' dir='ltr'><strong>καὶ</strong></span> <span class='ocrx_word' id='word_1_212' title='bbox 1067 3074 1328 3142; x_wconf 78' lang='grc' dir='ltr'>ἐπιφανῆ,</span> <span class='ocrx_word' id='word_1_213' title='bbox 1392 3075 1612 3144; x_wconf 82' lang='grc' dir='ltr'>μεγέθει</span> <span class='ocrx_word' id='word_1_214' title='bbox 1663 3093 1720 3129; x_wconf 86' lang='grc' dir='ltr'><strong>τε</strong></span> <span class='ocrx_word' id='word_1_215' title='bbox 1766 3078 1857 3129; x_wconf 68' lang='grc' dir='ltr'><strong>καὶ</strong></span> <span class='ocrx_word' id='word_1_216' title='bbox 1910 3077 2005 3147; x_wconf 73' lang='grc' dir='ltr'><strong>θέα</strong></span> 
     </span>
    </p>
   </div>
   <div class='ocr_carea' id='block_1_34' title="bbox 435 3160 2005 3238">
    <p class='ocr_par' dir='ltr' id='par_1_34' title="bbox 435 3160 2005 3238">
     <span class='ocr_line' id='line_1_34' title="bbox 435 3160 2005 3238; baseline 0.006 -28"><span class='ocrx_word' id='word_1_217' title='bbox 435 3160 899 3231; x_wconf 75' lang='grc' dir='ltr'>θαυμασιώτατον,</span> <span class='ocrx_word' id='word_1_218' title='bbox 943 3162 1147 3216; x_wconf 79' lang='grc' dir='ltr'>στέλλει</span> <span class='ocrx_word' id='word_1_219' title='bbox 1173 3165 1292 3216; x_wconf 88' lang='grc' dir='ltr'>κατ’</span> <span class='ocrx_word' id='word_1_220' title='bbox 1320 3166 1521 3219; x_wconf 84' lang='grc' dir='ltr'>αὐτῶν.</span> <span class='ocrx_word' id='word_1_221' title='bbox 1565 3164 1927 3238; x_wconf 79' lang='grc' dir='ltr'>Ἐρῤωμένως</span> <span class='ocrx_word' id='word_1_222' title='bbox 1959 3167 2005 3220; x_wconf 86' lang='grc' dir='ltr'>δ’</span> 
     </span>
    </p>
   </div>
   <div class='ocr_carea' id='block_1_35' title="bbox 437 3254 2008 3330">
    <p class='ocr_par' dir='ltr' id='par_1_35' title="bbox 437 3254 2008 3330">
     <span class='ocr_line' id='line_1_35' title="bbox 437 3254 2008 3330; baseline 0.005 -27"><span class='ocrx_word' id='word_1_223' title='bbox 437 3254 1030 3324; x_wconf 75' lang='grc' dir='ltr'>αντιπαραταξαμένων</span> <span class='ocrx_word' id='word_1_224' title='bbox 1057 3255 1163 3307; x_wconf 87' lang='grc' dir='ltr'><strong>τῶν</strong></span> <span class='ocrx_word' id='word_1_225' title='bbox 1187 3259 1313 3325; x_wconf 88' lang='grc' dir='ltr'><strong>περί</strong></span> <span class='ocrx_word' id='word_1_226' title='bbox 1339 3258 1769 3322; x_wconf 84' lang='grc' dir='ltr'>Κωνσταντῖνον,</span> <span class='ocrx_word' id='word_1_227' title='bbox 1800 3258 2008 3330; x_wconf 80' lang='grc' dir='ltr'>ἡττῶν-</span> 
     </span>
    </p>
   </div>
   <div class='ocr_carea' id='block_1_36' title="bbox 436 3348 2006 3418">
    <p class='ocr_par' dir='ltr' id='par_1_36' title="bbox 436 3348 2006 3418">
     <span class='ocr_line' id='line_1_36' title="bbox 436 3348 2006 3418; baseline 0.003 -21"><span class='ocrx_word' id='word_1_228' title='bbox 436 3364 522 3398; x_wconf 87' lang='grc' dir='ltr'><strong>ται</strong></span> <span class='ocrx_word' id='word_1_229' title='bbox 556 3348 605 3399; x_wconf 83' lang='grc' dir='ltr'><strong>οί</strong></span> <span class='ocrx_word' id='word_1_230' title='bbox 649 3348 777 3417; x_wconf 75' lang='grc' dir='ltr'>περὶ</span> <span class='ocrx_word' id='word_1_231' title='bbox 821 3349 911 3400; x_wconf 75' lang='grc' dir='ltr'>τὸν</span> <span class='ocrx_word' id='word_1_232' title='bbox 962 3348 1248 3418; x_wconf 82' lang='grc' dir='ltr'>Ἀλυάτην,</span> <span class='ocrx_word' id='word_1_233' title='bbox 1294 3349 1574 3402; x_wconf 80' lang='grc' dir='ltr'>ἁλίσκεται</span> <span class='ocrx_word' id='word_1_234' title='bbox 1604 3350 1661 3403; x_wconf 82' lang='grc' dir='ltr'>δὲ</span> <span class='ocrx_word' id='word_1_235' title='bbox 1698 3350 1795 3403; x_wconf 75' lang='grc' dir='ltr'><strong>καὶ</strong></span> <span class='ocrx_word' id='word_1_236' title='bbox 1823 3350 2006 3416; x_wconf 72' lang='grc' dir='ltr'>αὐτὸς,</span> 
     </span>
    </p>
   </div>
   <div class='ocr_carea' id='block_1_37' title="bbox 440 3439 2005 3511">
    <p class='ocr_par' dir='ltr' id='par_1_37' title="bbox 440 3439 2005 3511">
     <span class='ocr_line' id='line_1_37' title="bbox 440 3439 2005 3511; baseline 0.005 -22"><span class='ocrx_word' id='word_1_237' title='bbox 440 3441 531 3490; x_wconf 78' lang='grc' dir='ltr'><strong>καὶ</strong></span> <span class='ocrx_word' id='word_1_238' title='bbox 561 3440 687 3501; x_wconf 74' lang='grc' dir='ltr'>τοὺς</span> <span class='ocrx_word' id='word_1_239' title='bbox 721 3439 1029 3508; x_wconf 79' lang='grc' dir='ltr'>ὀφθαλμοὺς</span> <span class='ocrx_word' id='word_1_240' title='bbox 1048 3439 1390 3508; x_wconf 80' lang='grc' dir='ltr'>ἐξορύττεται</span> <span class='ocrx_word' id='word_1_241' title='bbox 1414 3443 1693 3511; x_wconf 85' lang='grc' dir='ltr'>σκηνικοῖς</span> <span class='ocrx_word' id='word_1_242' title='bbox 1722 3442 2005 3511; x_wconf 84' lang='grc' dir='ltr'>σιδηρίοις.</span> 
     </span>
    </p>
   </div>
   <div class='ocr_carea' id='block_1_38' title="bbox 446 3529 2011 3603">
    <p class='ocr_par' dir='ltr' id='par_1_38' title="bbox 446 3529 2011 3603">
     <span class='ocr_line' id='line_1_38' title="bbox 446 3529 2011 3603; baseline 0.004 -22"><span class='ocrx_word' id='word_1_243' title='bbox 446 3529 779 3599; x_wconf 80' lang='grc' dir='ltr'>ιιεριώδυνος</span> <span class='ocrx_word' id='word_1_244' title='bbox 807 3530 862 3582; x_wconf 82' lang='grc' dir='ltr'>δὲ</span> <span class='ocrx_word' id='word_1_245' title='bbox 888 3531 916 3581; x_wconf 87' lang='lat'><strong>6</strong></span> <span class='ocrx_word' id='word_1_246' title='bbox 938 3531 1193 3599; x_wconf 83' lang='grc' dir='ltr'>Διογένης</span> <span class='ocrx_word' id='word_1_247' title='bbox 1216 3533 1307 3584; x_wconf 66' lang='grc' dir='ltr'><strong>ἐπὶ</strong></span> <span class='ocrx_word' id='word_1_248' title='bbox 1325 3533 1439 3593; x_wconf 85' lang='grc' dir='ltr'>τοῖς</span> <span class='ocrx_word' id='word_1_249' title='bbox 1463 3549 1525 3584; x_wconf 93' lang='grc' dir='ltr'><strong>συ</strong></span> <span class='ocrx_word' id='word_1_250' title='bbox 1535 3532 1831 3603; x_wconf 78' lang='grc' dir='ltr'>μόεόηκόσι</span> <span class='ocrx_word' id='word_1_251' title='bbox 1854 3551 1982 3603; x_wconf 89' lang='grc' dir='ltr'>γεγο</span> <span class='ocrx_word' id='word_1_252' title='bbox 2000 3566 2011 3577; x_wconf 76' lang='grc' dir='ltr'><strong><em>ο</em></strong></span> 
     </span>
    </p>
   </div>
   <div class='ocr_carea' id='block_1_39' title="bbox 443 3620 2008 3693">
    <p class='ocr_par' dir='ltr' id='par_1_39' title="bbox 443 3620 2008 3693">
     <span class='ocr_line' id='line_1_39' title="bbox 443 3620 2008 3693; baseline 0.004 -21"><span class='ocrx_word' id='word_1_253' title='bbox 443 3620 549 3683; x_wconf 59' lang='grc' dir='ltr'><strong>»ὼς</strong></span> <span class='ocrx_word' id='word_1_254' title='bbox 580 3623 659 3684; x_wconf 75' lang='grc' dir='ltr'><strong>εἰς</strong></span> <span class='ocrx_word' id='word_1_255' title='bbox 716 3621 815 3690; x_wconf 81' lang='grc' dir='ltr'>τὴν</span> <span class='ocrx_word' id='word_1_256' title='bbox 854 3621 1240 3675; x_wconf 85' lang='grc' dir='ltr'>Καππαδοκῶν</span> <span class='ocrx_word' id='word_1_257' title='bbox 1292 3622 1532 3686; x_wconf 74' lang='grc' dir='ltr'>ἐνέϐαλε,</span> <span class='ocrx_word' id='word_1_258' title='bbox 1577 3625 1912 3693; x_wconf 75' lang='grc' dir='ltr'>πανταχόθεν</span> <span class='ocrx_word' id='word_1_259' title='bbox 1949 3626 2008 3678; x_wconf 78' lang='grc' dir='ltr'><strong>τὸ</strong></span> 
     </span>
    </p>
   </div>
   <div class='ocr_carea' id='block_1_40' title="bbox 444 3713 2007 3788">
    <p class='ocr_par' dir='ltr' id='par_1_40' title="bbox 444 3713 2007 3788">
     <span class='ocr_line' id='line_1_40' title="bbox 444 3713 2007 3788; baseline 0.004 -25"><span class='ocrx_word' id='word_1_260' title='bbox 444 3715 755 3782; x_wconf 74' lang='grc' dir='ltr'>στράτευμα</span> <span class='ocrx_word' id='word_1_261' title='bbox 797 3713 1288 3782; x_wconf 83' lang='grc' dir='ltr'>προσκαλούμενος.</span> <span class='ocrx_word' id='word_1_262' title='bbox 1323 3715 1493 3778; x_wconf 77' lang='grc' dir='ltr'>Αὐτὸς</span> <span class='ocrx_word' id='word_1_263' title='bbox 1524 3715 1580 3767; x_wconf 84' lang='grc' dir='ltr'>δὲ</span> <span class='ocrx_word' id='word_1_264' title='bbox 1618 3716 1802 3787; x_wconf 78' lang='grc' dir='ltr'>διῆγεν</span> <span class='ocrx_word' id='word_1_265' title='bbox 1832 3719 1889 3771; x_wconf 83' lang='grc' dir='ltr'>ὲν</span> <span class='ocrx_word' id='word_1_266' title='bbox 1930 3719 2007 3788; x_wconf 79' lang='grc' dir='ltr'><strong>τῷ</strong></span> 
     </span>
    </p>
   </div>
   <div class='ocr_carea' id='block_1_41' title="bbox 443 3803 2006 3878">
    <p class='ocr_par' dir='ltr' id='par_1_41' title="bbox 443 3803 2006 3878">
     <span class='ocr_line' id='line_1_41' title="bbox 443 3803 2006 3878; baseline 0.005 -24"><span class='ocrx_word' id='word_1_267' title='bbox 443 3804 727 3871; x_wconf 81' lang='grc' dir='ltr'>Τυροποιῷ</span> <span class='ocrx_word' id='word_1_268' title='bbox 754 3820 769 3833; x_wconf 78' lang='grc'><strong>’</strong></span> <span class='ocrx_word' id='word_1_269' title='bbox 810 3804 1067 3874; x_wconf 81' lang='grc' dir='ltr'>φρούριον</span> <span class='ocrx_word' id='word_1_270' title='bbox 1110 3805 1165 3858; x_wconf 84' lang='grc' dir='ltr'>δὲ</span> <span class='ocrx_word' id='word_1_271' title='bbox 1208 3803 1379 3869; x_wconf 77' lang='grc' dir='ltr'>οὕτως</span> <span class='ocrx_word' id='word_1_272' title='bbox 1431 3805 1761 3877; x_wconf 85' lang='grc' dir='ltr'>καλούμενον</span> <span class='ocrx_word' id='word_1_273' title='bbox 1812 3809 2006 3878; x_wconf 80' lang='grc' dir='ltr'>ὀχυρὸν</span> 
     </span>
    </p>
   </div>
   <div class='ocr_carea' id='block_1_42' title="bbox 441 3895 2007 3967">
    <p class='ocr_par' dir='ltr' id='par_1_42' title="bbox 441 3895 2007 3967">
     <span class='ocr_line' id='line_1_42' title="bbox 441 3895 2007 3967; baseline 0.006 -24"><span class='ocrx_word' id='word_1_274' title='bbox 441 3895 559 3946; x_wconf 80' lang='grc' dir='ltr'>λίαν</span> <span class='ocrx_word' id='word_1_275' title='bbox 592 3895 684 3945; x_wconf 72' lang='grc' dir='ltr'><strong>καὶ</strong></span> <span class='ocrx_word' id='word_1_276' title='bbox 711 3896 1091 3962; x_wconf 83' lang='grc' dir='ltr'>ἀπόκρημνον.</span> <span class='ocrx_word' id='word_1_277' title='bbox 1130 3896 1648 3967; x_wconf 80' lang='grc' dir='ltr'>Προσκαλεσάμενος</span> <span class='ocrx_word' id='word_1_278' title='bbox 1676 3898 1769 3952; x_wconf 77' lang='grc' dir='ltr'>οὖν</span> <span class='ocrx_word' id='word_1_279' title='bbox 1797 3902 1823 3952; x_wconf 91' lang='lat'><strong>6</strong></span> <span class='ocrx_word' id='word_1_280' title='bbox 1858 3904 2007 3953; x_wconf 86' lang='grc' dir='ltr'><strong>Κων-</strong></span> 
     </span>
    </p>
   </div>
   <div class='ocr_carea' id='block_1_43' title="bbox 444 3985 2007 4059">
    <p class='ocr_par' dir='ltr' id='par_1_43' title="bbox 444 3985 2007 4059">
     <span class='ocr_line' id='line_1_43' title="bbox 444 3985 2007 4059; baseline 0.005 -22"><span class='ocrx_word' id='word_1_281' title='bbox 444 3988 715 4049; x_wconf 82' lang='grc' dir='ltr'>σταντίνος</span> <span class='ocrx_word' id='word_1_282' title='bbox 740 3985 823 4057; x_wconf 81' lang='grc' dir='ltr'><strong>[Ρ.</strong></span> <span class='ocrx_word' id='word_1_283' title='bbox 847 3986 971 4057; x_wconf 65' lang='lat' dir='ltr'><strong>8M]</strong></span> <span class='ocrx_word' id='word_1_284' title='bbox 998 3988 1090 4041; x_wconf 76' lang='grc' dir='ltr'>καὶ</span> <span class='ocrx_word' id='word_1_285' title='bbox 1113 3989 1202 4040; x_wconf 82' lang='grc' dir='ltr'><strong>τὸν</strong></span> <span class='ocrx_word' id='word_1_286' title='bbox 1239 3990 1564 4059; x_wconf 82' lang='grc' dir='ltr'>Ἀντιοχείας</span> <span class='ocrx_word' id='word_1_287' title='bbox 1586 3990 1751 4044; x_wconf 85' lang='grc' dir='ltr'>δοῦκα</span> <span class='ocrx_word' id='word_1_288' title='bbox 1781 3993 1870 4043; x_wconf 74' lang='grc' dir='ltr'>τὸν</span> <span class='ocrx_word' id='word_1_289' title='bbox 1899 3999 2007 4045; x_wconf 78' lang='lat' dir='ltr'><strong>Aa-</strong></span> 
     </span>
    </p>
   </div>
   <div class='ocr_carea' id='block_1_44' title="bbox 443 4072 2010 4151">
    <p class='ocr_par' dir='ltr' id='par_1_44' title="bbox 443 4072 2010 4151">
     <span class='ocr_line' id='line_1_44' title="bbox 443 4072 2010 4151; baseline 0.007 -28"><span class='ocrx_word' id='word_1_290' title='bbox 443 4072 726 4142; x_wconf 79' lang='grc' dir='ltr'>χατούριον</span> <span class='ocrx_word' id='word_1_291' title='bbox 747 4072 1034 4143; x_wconf 87' lang='grc' dir='ltr'>σύμμαχον</span> <span class='ocrx_word' id='word_1_292' title='bbox 1065 4076 1210 4128; x_wconf 82' lang='grc' dir='ltr'>κατὰ</span> <span class='ocrx_word' id='word_1_293' title='bbox 1242 4076 1336 4129; x_wconf 83' lang='grc' dir='ltr'>τοῦ</span> <span class='ocrx_word' id='word_1_294' title='bbox 1386 4079 1671 4145; x_wconf 86' lang='grc' dir='ltr'>Διογένους</span> <span class='ocrx_word' id='word_1_295' title='bbox 1706 4081 1806 4134; x_wconf 77' lang='grc' dir='ltr'><strong>οὐκ</strong></span> <span class='ocrx_word' id='word_1_296' title='bbox 1853 4081 2010 4151; x_wconf 80' lang='grc' dir='ltr'>ἔσχεν</span> 
     </span>
    </p>
   </div>
   <div class='ocr_carea' id='block_1_45' title="bbox 446 4163 2011 4237">
    <p class='ocr_par' dir='ltr' id='par_1_45' title="bbox 446 4163 2011 4237">
     <span class='ocr_line' id='line_1_45' title="bbox 446 4163 2011 4237; baseline 0.007 -22"><span class='ocrx_word' id='word_1_297' title='bbox 446 4163 788 4217; x_wconf 77' lang='grc' dir='ltr'>ὑπακούοντα</span> <span class='ocrx_word' id='word_1_298' title='bbox 827 4181 840 4193; x_wconf 90' lang='grc'><strong>·</strong></span> <span class='ocrx_word' id='word_1_299' title='bbox 867 4164 1164 4234; x_wconf 84' lang='grc' dir='ltr'>προσέθετο</span> <span class='ocrx_word' id='word_1_300' title='bbox 1196 4167 1303 4237; x_wconf 78' lang='grc' dir='ltr'>γὰρ</span> <span class='ocrx_word' id='word_1_301' title='bbox 1333 4167 1409 4237; x_wconf 80' lang='grc' dir='ltr'>τῷ</span> <span class='ocrx_word' id='word_1_302' title='bbox 1446 4170 1705 4235; x_wconf 83' lang='grc' dir='ltr'>Διογένει.</span> <span class='ocrx_word' id='word_1_303' title='bbox 1747 4172 1854 4224; x_wconf 71' lang='grc' dir='ltr'>Καὶ</span> <span class='ocrx_word' id='word_1_304' title='bbox 1890 4172 2011 4226; x_wconf 78' lang='grc' dir='ltr'>τοῦ·</span> 
     </span>
    </p>
   </div>
   <div class='ocr_carea' id='block_1_46' title="bbox 447 4254 2011 4325">
    <p class='ocr_par' dir='ltr' id='par_1_46' title="bbox 447 4254 2011 4325">
     <span class='ocr_line' id='line_1_46' title="bbox 447 4254 2011 4325; baseline 0.007 -21"><span class='ocrx_word' id='word_1_305' title='bbox 447 4271 538 4305; x_wconf 86' lang='grc' dir='ltr'><strong>τον</strong></span> <span class='ocrx_word' id='word_1_306' title='bbox 562 4254 898 4323; x_wconf 76' lang='grc' dir='ltr'>παραλαϐὼν</span> <span class='ocrx_word' id='word_1_307' title='bbox 934 4255 1295 4325; x_wconf 86' lang='grc' dir='ltr'>παραγίνεται</span> <span class='ocrx_word' id='word_1_308' title='bbox 1325 4261 1403 4320; x_wconf 77' lang='grc' dir='ltr'>εἰς</span> <span class='ocrx_word' id='word_1_309' title='bbox 1438 4259 1711 4324; x_wconf 82' lang='grc' dir='ltr'>Κιλικίαν,</span> <span class='ocrx_word' id='word_1_310' title='bbox 1746 4260 1874 4314; x_wconf 76' lang='grc' dir='ltr'>ἔνθα</span> <span class='ocrx_word' id='word_1_311' title='bbox 1919 4264 2011 4315; x_wconf 72' lang='grc' dir='ltr'><strong>καὶ</strong></span> 
     </span>
    </p>
   </div>
   <div class='ocr_carea' id='block_1_47' title="bbox 451 4346 2012 4422">
    <p class='ocr_par' dir='ltr' id='par_1_47' title="bbox 451 4346 2012 4422">
     <span class='ocr_line' id='line_1_47' title="bbox 451 4346 2012 4422; baseline 0.007 -26"><span class='ocrx_word' id='word_1_312' title='bbox 451 4346 877 4415; x_wconf 74' lang='grc' dir='ltr'>προσεκαρτέρει</span> <span class='ocrx_word' id='word_1_313' title='bbox 932 4346 1031 4416; x_wconf 85' lang='grc' dir='ltr'>τὴν</span> <span class='ocrx_word' id='word_1_314' title='bbox 1073 4347 1178 4399; x_wconf 81' lang='grc' dir='ltr'>ἀπὸ</span> <span class='ocrx_word' id='word_1_315' title='bbox 1226 4348 1319 4400; x_wconf 81' lang='grc' dir='ltr'>τοῦ</span> <span class='ocrx_word' id='word_1_316' title='bbox 1386 4350 1675 4404; x_wconf 86' lang='grc' dir='ltr'>σουλτάνου</span> <span class='ocrx_word' id='word_1_317' title='bbox 1730 4353 2012 4422; x_wconf 82' lang='grc' dir='ltr'>ἀναμένων</span> 
     </span>
    </p>
   </div>
   <div class='ocr_carea' id='block_1_48' title="bbox 453 4436 2011 4511">
    <p class='ocr_par' dir='ltr' id='par_1_48' title="bbox 453 4436 2011 4511">
     <span class='ocr_line' id='line_1_48' title="bbox 453 4436 2011 4511; baseline 0.006 -23"><span class='ocrx_word' id='word_1_318' title='bbox 453 4436 722 4506; x_wconf 79' lang='grc' dir='ltr'>βοήθειαν,</span> <span class='ocrx_word' id='word_1_319' title='bbox 772 4436 905 4507; x_wconf 79' lang='grc' dir='ltr'>ὁμοῦ</span> <span class='ocrx_word' id='word_1_320' title='bbox 945 4438 1041 4505; x_wconf 87' lang='grc' dir='ltr'>μὲν</span> <span class='ocrx_word' id='word_1_321' title='bbox 1090 4439 1183 4490; x_wconf 72' lang='grc' dir='ltr'><strong>καὶ</strong></span> <span class='ocrx_word' id='word_1_322' title='bbox 1245 4438 1334 4491; x_wconf 85' lang='grc' dir='ltr'><strong>διά</strong></span> <span class='ocrx_word' id='word_1_323' title='bbox 1378 4440 1465 4492; x_wconf 77' lang='grc' dir='ltr'>τὸν</span> <span class='ocrx_word' id='word_1_324' title='bbox 1509 4444 1750 4510; x_wconf 86' lang='grc' dir='ltr'>χειμῶνα</span> <span class='ocrx_word' id='word_1_325' title='bbox 1812 4444 2011 4511; x_wconf 83' lang='grc' dir='ltr'>διάγων</span> 
     </span>
    </p>
   </div>
   <div class='ocr_carea' id='block_1_49' title="bbox 2106 614 3673 688">
    <p class='ocr_par' dir='ltr' id='par_1_49' title="bbox 2106 614 3673 688">
     <span class='ocr_line' id='line_1_49' title="bbox 2106 614 3673 688; baseline -0.003 -17"><span class='ocrx_word' id='word_1_326' title='bbox 2106 634 2293 688; x_wconf 82' lang='lat' dir='ltr'><strong>gcnem</strong></span> <span class='ocrx_word' id='word_1_327' title='bbox 2322 619 2421 671; x_wconf 85' lang='lat' dir='ltr'><strong>sibi</strong></span> <span class='ocrx_word' id='word_1_328' title='bbox 2462 620 2670 671; x_wconf 90' lang='lat' dir='ltr'><strong>socimn</strong></span> <span class='ocrx_word' id='word_1_329' title='bbox 2706 616 2843 669; x_wconf 85' lang='lat' dir='ltr'><strong>haud</strong></span> <span class='ocrx_word' id='word_1_330' title='bbox 2887 616 3229 669; x_wconf 76' lang='lat' dir='ltr'><strong>obedientem</strong></span> <span class='ocrx_word' id='word_1_331' title='bbox 3260 615 3408 669; x_wconf 87' lang='lat' dir='ltr'><strong>dicto</strong></span> <span class='ocrx_word' id='word_1_332' title='bbox 3465 614 3673 677; x_wconf 88' lang='lat' dir='ltr'><strong>habuit,</strong></span> 
     </span>
    </p>
   </div>
   <div class='ocr_carea' id='block_1_50' title="bbox 2104 704 3677 777">
    <p class='ocr_par' dir='ltr' id='par_1_50' title="bbox 2104 704 3677 777">
     <span class='ocr_line' id='line_1_50' title="bbox 2104 704 3677 777; baseline -0.002 -16"><span class='ocrx_word' id='word_1_333' title='bbox 2104 709 2250 777; x_wconf 92' lang='lat' dir='ltr'><strong>quod</strong></span> <span class='ocrx_word' id='word_1_334' title='bbox 2288 709 2354 763; x_wconf 88' lang='lat' dir='ltr'><strong>ad</strong></span> <span class='ocrx_word' id='word_1_335' title='bbox 2417 708 2709 776; x_wconf 75' lang='lat' dir='ltr'><strong>Diogenem</strong></span> <span class='ocrx_word' id='word_1_336' title='bbox 2765 723 2823 762; x_wconf 91' lang='lat' dir='ltr'><strong>se</strong></span> <span class='ocrx_word' id='word_1_337' title='bbox 2880 704 3211 768; x_wconf 81' lang='lat' dir='ltr'><strong>contulerat,</strong></span> <span class='ocrx_word' id='word_1_338' title='bbox 3237 721 3343 773; x_wconf 85' lang='lat' dir='ltr'><strong>quo</strong></span> <span class='ocrx_word' id='word_1_339' title='bbox 3368 720 3555 760; x_wconf 82' lang='lat' dir='ltr'><strong>secum</strong></span> <span class='ocrx_word' id='word_1_340' title='bbox 3591 704 3677 758; x_wconf 86' lang='lat' dir='ltr'><strong>ille</strong></span> 
     </span>
    </p>
   </div>
   <div class='ocr_carea' id='block_1_51' title="bbox 2106 795 3673 865">
    <p class='ocr_par' dir='ltr' id='par_1_51' title="bbox 2106 795 3673 865">
     <span class='ocr_line' id='line_1_51' title="bbox 2106 795 3673 865; baseline -0.005 -10"><span class='ocrx_word' id='word_1_341' title='bbox 2106 802 2272 855; x_wconf 86' lang='lat' dir='ltr'><strong>ducto</strong></span> <span class='ocrx_word' id='word_1_342' title='bbox 2304 800 2355 853; x_wconf 93' lang='lat' dir='ltr'><strong>in</strong></span> <span class='ocrx_word' id='word_1_343' title='bbox 2388 800 2636 853; x_wconf 82' lang='lat' dir='ltr'><strong>Ciliciam</strong></span> <span class='ocrx_word' id='word_1_344' title='bbox 2669 800 3054 865; x_wconf 83' lang='lat' dir='ltr'><strong>proficiscitur.</strong></span> <span class='ocrx_word' id='word_1_345' title='bbox 3086 797 3186 851; x_wconf 86' lang='lat' dir='ltr'><strong>Ubi</strong></span> <span class='ocrx_word' id='word_1_346' title='bbox 3210 795 3373 849; x_wconf 88' lang='lat' dir='ltr'><strong>etiam</strong></span> <span class='ocrx_word' id='word_1_347' title='bbox 3414 796 3673 849; x_wconf 68' lang='lat' dir='ltr'><strong>autilinm</strong></span> 
     </span>
    </p>
   </div>
   <div class='ocr_carea' id='block_1_52' title="bbox 2110 885 3675 959">
    <p class='ocr_par' dir='ltr' id='par_1_52' title="bbox 2110 885 3675 959">
     <span class='ocr_line' id='line_1_52' title="bbox 2110 885 3675 959; baseline -0.005 -16"><span class='ocrx_word' id='word_1_348' title='bbox 2110 905 2138 943; x_wconf 89' lang='lat' dir='ltr'><strong>a</strong></span> <span class='ocrx_word' id='word_1_349' title='bbox 2162 890 2390 945; x_wconf 75' lang='lat' dir='ltr'><strong>Sullano</strong></span> <span class='ocrx_word' id='word_1_350' title='bbox 2409 899 2733 959; x_wconf 78' lang='lat' dir='ltr'><strong>exspectans</strong></span> <span class='ocrx_word' id='word_1_351' title='bbox 2774 888 3239 947; x_wconf 81' lang='lat' dir='ltr'><strong>commorabatur,</strong></span> <span class='ocrx_word' id='word_1_352' title='bbox 3275 885 3439 939; x_wconf 86' lang='lat' dir='ltr'><strong>simul</strong></span> <span class='ocrx_word' id='word_1_353' title='bbox 3471 894 3523 938; x_wconf 88' lang='lat' dir='ltr'><strong>et</strong></span> <span class='ocrx_word' id='word_1_354' title='bbox 3546 900 3675 951; x_wconf 85' lang='lat' dir='ltr'><strong>pro-</strong></span> 
     </span>
    </p>
   </div>
   <div class='ocr_carea' id='block_1_53' title="bbox 2108 977 3669 1051">
    <p class='ocr_par' dir='ltr' id='par_1_53' title="bbox 2108 977 3669 1051">
     <span class='ocr_line' id='line_1_53' title="bbox 2108 977 3669 1051; baseline -0.004 -18"><span class='ocrx_word' id='word_1_355' title='bbox 2108 990 2227 1051; x_wconf 84' lang='lat' dir='ltr'><strong>pter</strong></span> <span class='ocrx_word' id='word_1_356' title='bbox 2262 982 2496 1035; x_wconf 81' lang='lat' dir='ltr'><strong>hiemem</strong></span> <span class='ocrx_word' id='word_1_357' title='bbox 2553 982 2622 1034; x_wconf 90' lang='lat' dir='ltr'><strong>ibi</strong></span> <span class='ocrx_word' id='word_1_358' title='bbox 2660 982 2882 1049; x_wconf 82' lang='lat' dir='ltr'><strong>degens,</strong></span> <span class='ocrx_word' id='word_1_359' title='bbox 2912 980 3230 1049; x_wconf 74' lang='lat' dir='ltr'><strong>tepidiorem</strong></span> <span class='ocrx_word' id='word_1_360' title='bbox 3272 991 3509 1032; x_wconf 88' lang='lat' dir='ltr'><strong>noscens</strong></span> <span class='ocrx_word' id='word_1_361' title='bbox 3543 977 3669 1029; x_wconf 86' lang='lat' dir='ltr'><strong>Cili-</strong></span> 
     </span>
    </p>
   </div>
   <div class='ocr_carea' id='block_1_54' title="bbox 2105 1069 3670 1139">
    <p class='ocr_par' dir='ltr' id='par_1_54' title="bbox 2105 1069 3670 1139">
     <span class='ocr_line' id='line_1_54' title="bbox 2105 1069 3670 1139; baseline -0.007 -10"><span class='ocrx_word' id='word_1_362' title='bbox 2105 1076 2281 1139; x_wconf 83' lang='lat' dir='ltr'><strong>ciam;</strong></span> <span class='ocrx_word' id='word_1_363' title='bbox 2319 1082 2370 1127; x_wconf 89' lang='lat' dir='ltr'><strong>et</strong></span> <span class='ocrx_word' id='word_1_364' title='bbox 2400 1089 2587 1127; x_wconf 88' lang='lat' dir='ltr'><strong>rursus</strong></span> <span class='ocrx_word' id='word_1_365' title='bbox 2617 1072 2671 1124; x_wconf 92' lang='lat' dir='ltr'><strong>in</strong></span> <span class='ocrx_word' id='word_1_366' title='bbox 2714 1072 2959 1139; x_wconf 83' lang='lat' dir='ltr'><strong>cogendo</strong></span> <span class='ocrx_word' id='word_1_367' title='bbox 3001 1070 3242 1124; x_wconf 79' lang='lat' dir='ltr'><strong>exercitu</strong></span> <span class='ocrx_word' id='word_1_368' title='bbox 3280 1069 3670 1137; x_wconf 76' lang='lat' dir='ltr'><strong>occupabatur.</strong></span> 
     </span>
    </p>
   </div>
   <div class='ocr_carea' id='block_1_55' title="bbox 2108 1158 3677 1234">
    <p class='ocr_par' dir='ltr' id='par_1_55' title="bbox 2108 1158 3677 1234">
     <span class='ocr_line' id='line_1_55' title="bbox 2108 1158 3677 1234; baseline -0.008 -14"><span class='ocrx_word' id='word_1_369' title='bbox 2108 1169 2175 1220; x_wconf 77' lang='lat' dir='ltr'><strong>At</strong></span> <span class='ocrx_word' id='word_1_370' title='bbox 2206 1166 2617 1229; x_wconf 81' lang='lat' dir='ltr'><strong>Constantinus,</strong></span> <span class='ocrx_word' id='word_1_371' title='bbox 2652 1172 2941 1234; x_wconf 83' lang='lat' dir='ltr'><strong>postquam</strong></span> <span class='ocrx_word' id='word_1_372' title='bbox 3001 1161 3265 1231; x_wconf 78' lang='lat' dir='ltr'><strong>Diogenes</strong></span> <span class='ocrx_word' id='word_1_373' title='bbox 3302 1161 3548 1221; x_wconf 73' lang='lat' dir='ltr'><strong>recessit,</strong></span> <span class='ocrx_word' id='word_1_374' title='bbox 3577 1158 3677 1228; x_wconf 61' lang='lat' dir='ltr'><strong>lly-</strong></span> 
     </span>
    </p>
   </div>
   <div class='ocr_carea' id='block_1_56' title="bbox 2107 1252 3674 1322">
    <p class='ocr_par' dir='ltr' id='par_1_56' title="bbox 2107 1252 3674 1322">
     <span class='ocr_line' id='line_1_56' title="bbox 2107 1252 3674 1322; baseline -0.005 -11"><span class='ocrx_word' id='word_1_375' title='bbox 2107 1258 2346 1311; x_wconf 91' lang='lat' dir='ltr'><strong>zantium</strong></span> <span class='ocrx_word' id='word_1_376' title='bbox 2387 1272 2637 1311; x_wconf 85' lang='lat' dir='ltr'><strong>reversus</strong></span> <span class='ocrx_word' id='word_1_377' title='bbox 2668 1265 2773 1310; x_wconf 90' lang='lat' dir='ltr'><strong>est.</strong></span> <span class='ocrx_word' id='word_1_378' title='bbox 2811 1254 2869 1308; x_wconf 80' lang='lat' dir='ltr'><strong>In</strong></span> <span class='ocrx_word' id='word_1_379' title='bbox 2911 1253 3030 1322; x_wconf 81' lang='lat' dir='ltr'><strong>ejus</strong></span> <span class='ocrx_word' id='word_1_380' title='bbox 3076 1253 3253 1307; x_wconf 85' lang='lat' dir='ltr'><strong>locum</strong></span> <span class='ocrx_word' id='word_1_381' title='bbox 3311 1252 3544 1305; x_wconf 85' lang='lat' dir='ltr'><strong>mittitur</strong></span> <span class='ocrx_word' id='word_1_382' title='bbox 3579 1255 3674 1303; x_wconf 87' lang='lat' dir='ltr'><strong>ad-</strong></span> 
     </span>
    </p>
   </div>
   <div class='ocr_carea' id='block_1_57' title="bbox 2107 1342 3671 1419">
    <p class='ocr_par' dir='ltr' id='par_1_57' title="bbox 2107 1342 3671 1419">
     <span class='ocr_line' id='line_1_57' title="bbox 2107 1342 3671 1419; baseline -0.004 -17"><span class='ocrx_word' id='word_1_383' title='bbox 2107 1367 2295 1405; x_wconf 61' lang='lat' dir='ltr'><strong>versus</strong></span> <span class='ocrx_word' id='word_1_384' title='bbox 2324 1350 2615 1419; x_wconf 77' lang='lat' dir='ltr'><strong>Diogenem</strong></span> <span class='ocrx_word' id='word_1_385' title='bbox 2641 1363 2845 1417; x_wconf 69' lang='lat' dir='ltr'><strong>praeses</strong></span> <span class='ocrx_word' id='word_1_386' title='bbox 2880 1344 3224 1401; x_wconf 82' lang='lat' dir='ltr'><strong>Andronicus</strong></span> <span class='ocrx_word' id='word_1_387' title='bbox 3248 1342 3480 1397; x_wconf 69' lang='lat' dir='ltr'><strong>Caesaris</strong></span> <span class='ocrx_word' id='word_1_388' title='bbox 3508 1342 3671 1395; x_wconf 81' lang='lat' dir='ltr'><strong>ﬁlius.</strong></span> 
     </span>
    </p>
   </div>
   <div class='ocr_carea' id='block_1_58' title="bbox 2109 1436 3672 1505">
    <p class='ocr_par' dir='ltr' id='par_1_58' title="bbox 2109 1436 3672 1505">
     <span class='ocr_line' id='line_1_58' title="bbox 2109 1436 3672 1505; baseline -0.007 -11"><span class='ocrx_word' id='word_1_389' title='bbox 2109 1444 2289 1495; x_wconf 85' lang='lat' dir='ltr'><strong>Diviso</strong></span> <span class='ocrx_word' id='word_1_390' title='bbox 2354 1452 2535 1495; x_wconf 83' lang='lat' dir='ltr'><strong>autent</strong></span> <span class='ocrx_word' id='word_1_391' title='bbox 2602 1440 2865 1493; x_wconf 89' lang='lat' dir='ltr'><strong>militibus</strong></span> <span class='ocrx_word' id='word_1_392' title='bbox 2898 1445 3197 1493; x_wconf 82' lang='lat' dir='ltr'><strong>commeatu</strong></span> <span class='ocrx_word' id='word_1_393' title='bbox 3228 1450 3324 1505; x_wconf 82' lang='lat' dir='ltr'><strong>per</strong></span> <span class='ocrx_word' id='word_1_394' title='bbox 3365 1436 3672 1488; x_wconf 85' lang='lat' dir='ltr'><strong>clausuram</strong></span> 
     </span>
    </p>
   </div>
   <div class='ocr_carea' id='block_1_59' title="bbox 2106 1527 3675 1603">
    <p class='ocr_par' dir='ltr' id='par_1_59' title="bbox 2106 1527 3675 1603">
     <span class='ocr_line' id='line_1_59' title="bbox 2106 1527 3675 1603; baseline -0.008 -15"><span class='ocrx_word' id='word_1_395' title='bbox 2106 1534 2344 1589; x_wconf 75' lang='lat' dir='ltr'><strong>l’odandi</strong></span> <span class='ocrx_word' id='word_1_396' title='bbox 2410 1534 2657 1603; x_wconf 76' lang='lat' dir='ltr'><strong>pervenit</strong></span> <span class='ocrx_word' id='word_1_397' title='bbox 2721 1534 2776 1586; x_wconf 92' lang='lat' dir='ltr'><strong>in</strong></span> <span class='ocrx_word' id='word_1_398' title='bbox 2824 1530 3089 1593; x_wconf 85' lang='lat' dir='ltr'><strong>Ciliciam,</strong></span> <span class='ocrx_word' id='word_1_399' title='bbox 3138 1528 3230 1582; x_wconf 89' lang='lat' dir='ltr'><strong>ubi</strong></span> <span class='ocrx_word' id='word_1_400' title='bbox 3280 1528 3383 1597; x_wconf 88' lang='lat' dir='ltr'><strong>ipsi</strong></span> <span class='ocrx_word' id='word_1_401' title='bbox 3437 1527 3675 1581; x_wconf 75' lang='lat' dir='ltr'><strong>occurrit</strong></span> 
     </span>
    </p>
   </div>
   <div class='ocr_carea' id='block_1_60' title="bbox 2102 1618 3679 1695">
    <p class='ocr_par' dir='ltr' id='par_1_60' title="bbox 2102 1618 3679 1695">
     <span class='ocr_line' id='line_1_60' title="bbox 2102 1618 3679 1695; baseline -0.008 -15"><span class='ocrx_word' id='word_1_402' title='bbox 2102 1625 2520 1689; x_wconf 85' lang='lat' dir='ltr'><strong>Chachaturius,</strong></span> <span class='ocrx_word' id='word_1_403' title='bbox 2548 1641 2729 1695; x_wconf 87' lang='lat' dir='ltr'><strong>quem,</strong></span> <span class='ocrx_word' id='word_1_404' title='bbox 2762 1639 2887 1678; x_wconf 92' lang='lat' dir='ltr'><strong>cmn</strong></span> <span class='ocrx_word' id='word_1_405' title='bbox 2914 1622 3063 1676; x_wconf 87' lang='lat' dir='ltr'><strong>brevi</strong></span> <span class='ocrx_word' id='word_1_406' title='bbox 3094 1618 3679 1690; x_wconf 85' lang='lat' dir='ltr'><strong>pugnasset,occidunt</strong></span> 
     </span>
    </p>
   </div>
   <div class='ocr_carea' id='block_1_61' title="bbox 2105 1709 3679 1782">
    <p class='ocr_par' dir='ltr' id='par_1_61' title="bbox 2105 1709 3679 1782">
     <span class='ocr_line' id='line_1_61' title="bbox 2105 1709 3679 1782; baseline -0.004 -15"><span class='ocrx_word' id='word_1_407' title='bbox 2105 1714 2309 1768; x_wconf 89' lang='lat' dir='ltr'><strong>milites</strong></span> <span class='ocrx_word' id='word_1_408' title='bbox 2326 1714 2617 1769; x_wconf 82' lang='lat' dir='ltr'><strong>Andronici</strong></span> <span class='ocrx_word' id='word_1_409' title='bbox 2647 1732 2662 1778; x_wconf 85' lang='lat'><strong>;</strong></span> <span class='ocrx_word' id='word_1_410' title='bbox 2696 1727 2934 1782; x_wconf 89' lang='lat' dir='ltr'><strong>cumque</strong></span> <span class='ocrx_word' id='word_1_411' title='bbox 2957 1711 3049 1765; x_wconf 85' lang='lat' dir='ltr'><strong>alii</strong></span> <span class='ocrx_word' id='word_1_412' title='bbox 3105 1712 3159 1765; x_wconf 91' lang='lat' dir='ltr'><strong>in</strong></span> <span class='ocrx_word' id='word_1_413' title='bbox 3201 1710 3445 1763; x_wconf 81' lang='lat' dir='ltr'><strong>Adanam</strong></span> <span class='ocrx_word' id='word_1_414' title='bbox 3471 1709 3594 1779; x_wconf 86' lang='lat' dir='ltr'><strong>fuga</strong></span> <span class='ocrx_word' id='word_1_415' title='bbox 3622 1724 3679 1761; x_wconf 88' lang='lat' dir='ltr'><strong>se</strong></span> 
     </span>
    </p>
   </div>
   <div class='ocr_carea' id='block_1_62' title="bbox 2104 1800 3677 1876">
    <p class='ocr_par' dir='ltr' id='par_1_62' title="bbox 2104 1800 3677 1876">
     <span class='ocr_line' id='line_1_62' title="bbox 2104 1800 3677 1876; baseline -0.004 -16"><span class='ocrx_word' id='word_1_416' title='bbox 2104 1806 2461 1876; x_wconf 83' lang='lat' dir='ltr'><strong>recepissent,</strong></span> <span class='ocrx_word' id='word_1_417' title='bbox 2498 1806 2588 1861; x_wconf 91' lang='lat' dir='ltr'><strong>ubi</strong></span> <span class='ocrx_word' id='word_1_418' title='bbox 2651 1806 2813 1861; x_wconf 87' lang='lat' dir='ltr'><strong>etiam</strong></span> <span class='ocrx_word' id='word_1_419' title='bbox 2853 1806 3121 1874; x_wconf 80' lang='lat' dir='ltr'><strong>Diogenes</strong></span> <span class='ocrx_word' id='word_1_420' title='bbox 3156 1802 3494 1866; x_wconf 88' lang='lat' dir='ltr'><strong>morabatur,</strong></span> <span class='ocrx_word' id='word_1_421' title='bbox 3524 1800 3677 1856; x_wconf 64' lang='lat' dir='ltr'><strong>obsi~</strong></span> 
     </span>
    </p>
   </div>
   <div class='ocr_carea' id='block_1_63' title="bbox 2036 1876 3680 1969">
    <p class='ocr_par' dir='ltr' id='par_1_63' title="bbox 2036 1876 3680 1969">
     <span class='ocr_line' id='line_1_63' title="bbox 2036 1876 3680 1969; baseline -0.004 -16"><span class='ocrx_word' id='word_1_422' title='bbox 2036 1876 2079 1935; x_wconf 72' lang='grc' dir='ltr'><em>Β</em></span> <span class='ocrx_word' id='word_1_423' title='bbox 2108 1899 2266 1953; x_wconf 87' lang='lat' dir='ltr'><strong>dione</strong></span> <span class='ocrx_word' id='word_1_424' title='bbox 2288 1900 2476 1953; x_wconf 86' lang='lat' dir='ltr'><strong>urbem</strong></span> <span class='ocrx_word' id='word_1_425' title='bbox 2517 1897 2681 1969; x_wconf 67' lang='grc'><strong>704</strong></span> <span class='ocrx_word' id='word_1_426' title='bbox 2700 1897 3025 1966; x_wconf 74' lang='lat' dir='ltr'><strong>expugnavit</strong></span> <span class='ocrx_word' id='word_1_427' title='bbox 3048 1895 3415 1949; x_wconf 88' lang='lat' dir='ltr'><strong>Andronicus.</strong></span> <span class='ocrx_word' id='word_1_428' title='bbox 3449 1892 3680 1947; x_wconf 87' lang='lat' dir='ltr'><strong>Percus-</strong></span> 
     </span>
    </p>
   </div>
   <div class='ocr_carea' id='block_1_64' title="bbox 2109 1984 3680 2057">
    <p class='ocr_par' dir='ltr' id='par_1_64' title="bbox 2109 1984 3680 2057">
     <span class='ocr_line' id='line_1_64' title="bbox 2109 1984 3680 2057; baseline -0.006 -13"><span class='ocrx_word' id='word_1_429' title='bbox 2109 2005 2278 2057; x_wconf 90' lang='lat' dir='ltr'><strong>soque</strong></span> <span class='ocrx_word' id='word_1_430' title='bbox 2318 1989 2544 2055; x_wconf 85' lang='lat' dir='ltr'><strong>foedere,</strong></span> <span class='ocrx_word' id='word_1_431' title='bbox 2614 2000 2673 2044; x_wconf 90' lang='lat' dir='ltr'><strong>ut</strong></span> <span class='ocrx_word' id='word_1_432' title='bbox 2720 1988 3009 2057; x_wconf 78' lang='lat' dir='ltr'><strong>Diogenes,</strong></span> <span class='ocrx_word' id='word_1_433' title='bbox 3042 1984 3294 2054; x_wconf 88' lang='lat' dir='ltr'><strong>deposito</strong></span> <span class='ocrx_word' id='word_1_434' title='bbox 3322 1984 3553 2053; x_wconf 89' lang='lat' dir='ltr'><strong>imperio</strong></span> <span class='ocrx_word' id='word_1_435' title='bbox 3588 1997 3680 2036; x_wconf 85' lang='lat' dir='ltr'><strong>ea-</strong></span> 
     </span>
    </p>
   </div>
   <div class='ocr_carea' id='block_1_65' title="bbox 2107 2073 3681 2153">
    <p class='ocr_par' dir='ltr' id='par_1_65' title="bbox 2107 2073 3681 2153">
     <span class='ocr_line' id='line_1_65' title="bbox 2107 2073 3681 2153; baseline -0.007 -19"><span class='ocrx_word' id='word_1_436' title='bbox 2107 2083 2341 2153; x_wconf 86' lang='lat' dir='ltr'><strong>pilisque</strong></span> <span class='ocrx_word' id='word_1_437' title='bbox 2393 2082 2659 2143; x_wconf 89' lang='lat' dir='ltr'><strong>detonsis,</strong></span> <span class='ocrx_word' id='word_1_438' title='bbox 2705 2081 2950 2150; x_wconf 89' lang='lat' dir='ltr'><strong>privatus</strong></span> <span class='ocrx_word' id='word_1_439' title='bbox 2993 2079 3232 2148; x_wconf 76' lang='lat' dir='ltr'><strong>degeret,</strong></span> <span class='ocrx_word' id='word_1_440' title='bbox 3264 2091 3293 2131; x_wconf 92' lang='lat' dir='ltr'><strong>e</strong></span> <span class='ocrx_word' id='word_1_441' title='bbox 3331 2084 3511 2129; x_wconf 89' lang='lat' dir='ltr'><strong>castro</strong></span> <span class='ocrx_word' id='word_1_442' title='bbox 3568 2073 3681 2127; x_wconf 77' lang='lat' dir='ltr'><strong>exit</strong></span> 
     </span>
    </p>
   </div>
   <div class='ocr_carea' id='block_1_66' title="bbox 2107 2162 3679 2243">
    <p class='ocr_par' dir='ltr' id='par_1_66' title="bbox 2107 2162 3679 2243">
     <span class='ocr_line' id='line_1_66' title="bbox 2107 2162 3679 2243; baseline -0.008 -16"><span class='ocrx_word' id='word_1_443' title='bbox 2107 2175 2263 2243; x_wconf 88' lang='lat' dir='ltr'><strong>nigra</strong></span> <span class='ocrx_word' id='word_1_444' title='bbox 2294 2182 2442 2227; x_wconf 90' lang='lat' dir='ltr'><strong>veste</strong></span> <span class='ocrx_word' id='word_1_445' title='bbox 2471 2171 2697 2226; x_wconf 91' lang='lat' dir='ltr'><strong>indutus</strong></span> <span class='ocrx_word' id='word_1_446' title='bbox 2764 2185 3003 2239; x_wconf 87' lang='lat' dir='ltr'><strong>suasque</strong></span> <span class='ocrx_word' id='word_1_447' title='bbox 3055 2166 3261 2222; x_wconf 83' lang='lat' dir='ltr'><strong>deﬂens</strong></span> <span class='ocrx_word' id='word_1_448' title='bbox 3315 2162 3679 2219; x_wconf 82' lang='lat' dir='ltr'><strong>calamitates.</strong></span> 
     </span>
    </p>
   </div>
   <div class='ocr_carea' id='block_1_67' title="bbox 2107 2255 3678 2317">
    <p class='ocr_par' dir='ltr' id='par_1_67' title="bbox 2107 2255 3678 2317">
     <span class='ocr_line' id='line_1_67' title="bbox 2107 2255 3678 2317; baseline -0.001 -2"><span class='ocrx_word' id='word_1_449' title='bbox 2107 2262 2302 2317; x_wconf 88' lang='lat' dir='ltr'><strong>Statim</strong></span> <span class='ocrx_word' id='word_1_450' title='bbox 2334 2272 2515 2317; x_wconf 88' lang='lat' dir='ltr'><strong>autem</strong></span> <span class='ocrx_word' id='word_1_451' title='bbox 2550 2262 2756 2317; x_wconf 87' lang='lat' dir='ltr'><strong>reditus</strong></span> <span class='ocrx_word' id='word_1_452' title='bbox 2782 2261 3112 2315; x_wconf 87' lang='lat' dir='ltr'><strong>mentionem</strong></span> <span class='ocrx_word' id='word_1_453' title='bbox 3150 2258 3277 2313; x_wconf 82' lang='lat' dir='ltr'><strong>facit</strong></span> <span class='ocrx_word' id='word_1_454' title='bbox 3304 2255 3678 2313; x_wconf 81' lang='lat' dir='ltr'><strong>Andronicus.</strong></span> 
     </span>
    </p>
   </div>
   <div class='ocr_carea' id='block_1_68' title="bbox 2105 2345 3682 2421">
    <p class='ocr_par' dir='ltr' id='par_1_68' title="bbox 2105 2345 3682 2421">
     <span class='ocr_line' id='line_1_68' title="bbox 2105 2345 3682 2421; baseline -0.008 -15"><span class='ocrx_word' id='word_1_455' title='bbox 2105 2361 2159 2406; x_wconf 89' lang='lat' dir='ltr'><strong>et</strong></span> <span class='ocrx_word' id='word_1_456' title='bbox 2185 2368 2367 2407; x_wconf 89' lang='lat' dir='ltr'><strong>secum</strong></span> <span class='ocrx_word' id='word_1_457' title='bbox 2389 2354 2665 2405; x_wconf 85' lang='lat' dir='ltr'><strong>attrahens</strong></span> <span class='ocrx_word' id='word_1_458' title='bbox 2701 2351 2989 2421; x_wconf 84' lang='lat' dir='ltr'><strong>Diogenem</strong></span> <span class='ocrx_word' id='word_1_459' title='bbox 3014 2349 3277 2418; x_wconf 86' lang='lat' dir='ltr'><strong>pullatum</strong></span> <span class='ocrx_word' id='word_1_460' title='bbox 3307 2347 3508 2415; x_wconf 88' lang='lat' dir='ltr'><strong>vilique</strong></span> <span class='ocrx_word' id='word_1_461' title='bbox 3536 2345 3682 2397; x_wconf 90' lang='lat' dir='ltr'><strong>mulo</strong></span> 
     </span>
    </p>
   </div>
   <div class='ocr_carea' id='block_1_69' title="bbox 2110 2438 3677 2513">
    <p class='ocr_par' dir='ltr' id='par_1_69' title="bbox 2110 2438 3677 2513">
     <span class='ocr_line' id='line_1_69' title="bbox 2110 2438 3677 2513; baseline -0.006 -15"><span class='ocrx_word' id='word_1_462' title='bbox 2110 2454 2322 2499; x_wconf 73' lang='lat' dir='ltr'><strong>Veclum</strong></span> <span class='ocrx_word' id='word_1_463' title='bbox 2359 2458 2452 2513; x_wconf 90' lang='lat' dir='ltr'><strong>per</strong></span> <span class='ocrx_word' id='word_1_464' title='bbox 2484 2444 2603 2497; x_wconf 93' lang='lat' dir='ltr'><strong>illos</strong></span> <span class='ocrx_word' id='word_1_465' title='bbox 2638 2444 2786 2497; x_wconf 87' lang='lat' dir='ltr'><strong>vicos</strong></span> <span class='ocrx_word' id='word_1_466' title='bbox 2842 2442 2945 2497; x_wconf 87' lang='lat' dir='ltr'><strong>iter</strong></span> <span class='ocrx_word' id='word_1_467' title='bbox 2990 2439 3225 2495; x_wconf 83' lang='lat' dir='ltr'><strong>habebat</strong></span> <span class='ocrx_word' id='word_1_468' title='bbox 3255 2447 3308 2493; x_wconf 90' lang='lat' dir='ltr'><strong>et</strong></span> <span class='ocrx_word' id='word_1_469' title='bbox 3341 2438 3612 2507; x_wconf 85' lang='lat' dir='ltr'><strong>regiones,</strong></span> <span class='ocrx_word' id='word_1_470' title='bbox 3651 2453 3677 2489; x_wconf 91' lang='lat' dir='ltr'><strong>a</strong></span> 
     </span>
    </p>
   </div>
   <div class='ocr_carea' id='block_1_70' title="bbox 2105 2527 3677 2606">
    <p class='ocr_par' dir='ltr' id='par_1_70' title="bbox 2105 2527 3677 2606">
     <span class='ocr_line' id='line_1_70' title="bbox 2105 2527 3677 2606; baseline -0.006 -17"><span class='ocrx_word' id='word_1_471' title='bbox 2105 2536 2305 2606; x_wconf 89' lang='lat' dir='ltr'><strong>quibus</strong></span> <span class='ocrx_word' id='word_1_472' title='bbox 2346 2535 2497 2604; x_wconf 90' lang='lat' dir='ltr'><strong>prius</strong></span> <span class='ocrx_word' id='word_1_473' title='bbox 2532 2549 2587 2587; x_wconf 91' lang='lat' dir='ltr'><strong>ut</strong></span> <span class='ocrx_word' id='word_1_474' title='bbox 2630 2534 2740 2588; x_wconf 88' lang='lat' dir='ltr'><strong>Deo</strong></span> <span class='ocrx_word' id='word_1_475' title='bbox 2797 2533 3023 2601; x_wconf 64' lang='lat' dir='ltr'><strong>aequalis</strong></span> <span class='ocrx_word' id='word_1_476' title='bbox 3054 2531 3137 2584; x_wconf 88' lang='lat' dir='ltr'><strong>vir</strong></span> <span class='ocrx_word' id='word_1_477' title='bbox 3187 2531 3440 2601; x_wconf 88' lang='lat' dir='ltr'><strong>cognitus</strong></span> <span class='ocrx_word' id='word_1_478' title='bbox 3480 2527 3677 2582; x_wconf 76' lang='lat' dir='ltr'><strong>fuerat-</strong></span> 
     </span>
    </p>
   </div>
   <div class='ocr_carea' id='block_1_71' title="bbox 2104 2618 3685 2695">
    <p class='ocr_par' dir='ltr' id='par_1_71' title="bbox 2104 2618 3685 2695">
     <span class='ocr_line' id='line_1_71' title="bbox 2104 2618 3685 2695; baseline -0.005 -16"><span class='ocrx_word' id='word_1_479' title='bbox 2104 2626 2239 2679; x_wconf 91' lang='lat' dir='ltr'><strong>Cum</strong></span> <span class='ocrx_word' id='word_1_480' title='bbox 2275 2639 2403 2679; x_wconf 89' lang='lat' dir='ltr'><strong>vero</strong></span> <span class='ocrx_word' id='word_1_481' title='bbox 2434 2640 2605 2694; x_wconf 86' lang='lat' dir='ltr'><strong>usque</strong></span> <span class='ocrx_word' id='word_1_482' title='bbox 2634 2624 2699 2678; x_wconf 83' lang='lat' dir='ltr'><strong>ad</strong></span> <span class='ocrx_word' id='word_1_483' title='bbox 2728 2622 3140 2695; x_wconf 50' lang='lat' dir='ltr'><strong>Cotyveumjter</strong></span> <span class='ocrx_word' id='word_1_484' title='bbox 3172 2619 3421 2675; x_wconf 89' lang='lat' dir='ltr'><strong>luctuose</strong></span> <span class='ocrx_word' id='word_1_485' title='bbox 3466 2618 3685 2674; x_wconf 83' lang='lat' dir='ltr'><strong>fecisset</strong></span> 
     </span>
    </p>
   </div>
   <div class='ocr_carea' id='block_1_72' title="bbox 2106 2710 3683 2787">
    <p class='ocr_par' dir='ltr' id='par_1_72' title="bbox 2106 2710 3683 2787">
     <span class='ocr_line' id='line_1_72' title="bbox 2106 2710 3683 2787; baseline -0.005 -18"><span class='ocrx_word' id='word_1_486' title='bbox 2106 2718 2415 2787; x_wconf 88' lang='lat' dir='ltr'><strong>(laborabat</strong></span> <span class='ocrx_word' id='word_1_487' title='bbox 2448 2717 2591 2769; x_wconf 91' lang='lat' dir='ltr'><strong>enim</strong></span> <span class='ocrx_word' id='word_1_488' title='bbox 2625 2716 2831 2769; x_wconf 87' lang='lat' dir='ltr'><strong>ventris</strong></span> <span class='ocrx_word' id='word_1_489' title='bbox 2858 2714 3049 2769; x_wconf 91' lang='lat' dir='ltr'><strong>morbo</strong></span> <span class='ocrx_word' id='word_1_490' title='bbox 3079 2728 3145 2766; x_wconf 80' lang='lat' dir='ltr'><strong>ex</strong></span> <span class='ocrx_word' id='word_1_491' title='bbox 3190 2712 3392 2777; x_wconf 86' lang='lat' dir='ltr'><strong>cicuta,</strong></span> <span class='ocrx_word' id='word_1_492' title='bbox 3434 2726 3552 2781; x_wconf 62' lang='lat' dir='ltr'><strong>quae</strong></span> <span class='ocrx_word' id='word_1_493' title='bbox 3582 2710 3683 2779; x_wconf 82' lang='lat' dir='ltr'><strong>ipsi</strong></span> 
     </span>
    </p>
   </div>
   <div class='ocr_carea' id='block_1_73' title="bbox 2107 2801 3683 2877">
    <p class='ocr_par' dir='ltr' id='par_1_73' title="bbox 2107 2801 3683 2877">
     <span class='ocr_line' id='line_1_73' title="bbox 2107 2801 3683 2877; baseline -0.004 -16"><span class='ocrx_word' id='word_1_494' title='bbox 2107 2823 2205 2877; x_wconf 87' lang='lat' dir='ltr'><strong>per</strong></span> <span class='ocrx_word' id='word_1_495' title='bbox 2240 2807 2468 2863; x_wconf 89' lang='lat' dir='ltr'><strong>insidias</strong></span> <span class='ocrx_word' id='word_1_496' title='bbox 2510 2808 2661 2875; x_wconf 90' lang='lat' dir='ltr'><strong>prius</strong></span> <span class='ocrx_word' id='word_1_497' title='bbox 2704 2807 2989 2876; x_wconf 88' lang='lat' dir='ltr'><strong>propinata</strong></span> <span class='ocrx_word' id='word_1_498' title='bbox 3048 2803 3269 2871; x_wconf 81' lang='lat' dir='ltr'><strong>fuerat),</strong></span> <span class='ocrx_word' id='word_1_499' title='bbox 3304 2801 3377 2856; x_wconf 90' lang='lat' dir='ltr'><strong>ibi</strong></span> <span class='ocrx_word' id='word_1_500' title='bbox 3432 2802 3683 2857; x_wconf 77' lang='lat' dir='ltr'><strong>detentus</strong></span> 
     </span>
    </p>
   </div>
   <div class='ocr_carea' id='block_1_74' title="bbox 2108 2894 3680 2968">
    <p class='ocr_par' dir='ltr' id='par_1_74' title="bbox 2108 2894 3680 2968">
     <span class='ocr_line' id='line_1_74' title="bbox 2108 2894 3680 2968; baseline -0.006 -14"><span class='ocrx_word' id='word_1_501' title='bbox 2108 2907 2213 2962; x_wconf 88' lang='lat' dir='ltr'><strong>est,</strong></span> <span class='ocrx_word' id='word_1_502' title='bbox 2245 2898 2421 2968; x_wconf 88' lang='lat' dir='ltr'><strong>quoad</strong></span> <span class='ocrx_word' id='word_1_503' title='bbox 2452 2899 2521 2953; x_wconf 90' lang='lat' dir='ltr'><strong>ab</strong></span> <span class='ocrx_word' id='word_1_504' title='bbox 2565 2898 2893 2967; x_wconf 83' lang='lat' dir='ltr'><strong>imperatore</strong></span> <span class='ocrx_word' id='word_1_505' title='bbox 2936 2896 3256 2951; x_wconf 84' lang='lat' dir='ltr'><strong>deliniretur</strong></span> <span class='ocrx_word' id='word_1_506' title='bbox 3285 2894 3545 2965; x_wconf 89' lang='lat' dir='ltr'><strong>quidnam</strong></span> <span class='ocrx_word' id='word_1_507' title='bbox 3581 2895 3680 2962; x_wconf 85' lang='lat' dir='ltr'><strong>ipsi</strong></span> 
     </span>
    </p>
   </div>
   <div class='ocr_carea' id='block_1_75' title="bbox 2110 2987 3681 3059">
    <p class='ocr_par' dir='ltr' id='par_1_75' title="bbox 2110 2987 3681 3059">
     <span class='ocr_line' id='line_1_75' title="bbox 2110 2987 3681 3059; baseline -0.01 -10"><span class='ocrx_word' id='word_1_508' title='bbox 2110 2992 2416 3049; x_wconf 87' lang='lat' dir='ltr'><strong>faciendum</strong></span> <span class='ocrx_word' id='word_1_509' title='bbox 2441 2998 2606 3046; x_wconf 89' lang='lat' dir='ltr'><strong>esset.</strong></span> <span class='ocrx_word' id='word_1_510' title='bbox 2637 2990 2740 3044; x_wconf 90' lang='lat' dir='ltr'><strong>Sed</strong></span> <span class='ocrx_word' id='word_1_511' title='bbox 2772 2990 2960 3059; x_wconf 87' lang='lat' dir='ltr'><strong>paucis</strong></span> <span class='ocrx_word' id='word_1_512' title='bbox 2994 2999 3117 3058; x_wconf 84' lang='lat' dir='ltr'><strong>post</strong></span> <span class='ocrx_word' id='word_1_513' title='bbox 3157 2988 3352 3043; x_wconf 91' lang='lat' dir='ltr'><strong>diebus</strong></span> <span class='ocrx_word' id='word_1_514' title='bbox 3382 2987 3528 3040; x_wconf 85' lang='lat' dir='ltr'><strong>venit</strong></span> <span class='ocrx_word' id='word_1_515' title='bbox 3555 3001 3681 3038; x_wconf 84' lang='lat' dir='ltr'><strong>sen-</strong></span> 
     </span>
    </p>
   </div>
   <div class='ocr_carea' id='block_1_76' title="bbox 2112 3075 3682 3151">
    <p class='ocr_par' dir='ltr' id='par_1_76' title="bbox 2112 3075 3682 3151">
     <span class='ocr_line' id='line_1_76' title="bbox 2112 3075 3682 3151; baseline -0.009 -13"><span class='ocrx_word' id='word_1_516' title='bbox 2112 3083 2275 3138; x_wconf 89' lang='lat' dir='ltr'><strong>tentia</strong></span> <span class='ocrx_word' id='word_1_517' title='bbox 2325 3081 2679 3151; x_wconf 73' lang='lat' dir='ltr'><strong>imperatoris</strong></span> <span class='ocrx_word' id='word_1_518' title='bbox 2714 3088 2904 3135; x_wconf 91' lang='lat' dir='ltr'><strong>contra</strong></span> <span class='ocrx_word' id='word_1_519' title='bbox 2940 3095 3088 3144; x_wconf 90' lang='lat' dir='ltr'><strong>eum,</strong></span> <span class='ocrx_word' id='word_1_520' title='bbox 3144 3079 3235 3147; x_wconf 91' lang='lat' dir='ltr'><strong>qui</strong></span> <span class='ocrx_word' id='word_1_521' title='bbox 3284 3076 3483 3131; x_wconf 75' lang='lat' dir='ltr'><strong>frustra</strong></span> <span class='ocrx_word' id='word_1_522' title='bbox 3521 3075 3682 3127; x_wconf 83' lang='lat' dir='ltr'><strong>miser</strong></span> 
     </span>
    </p>
   </div>
   <div class='ocr_carea' id='block_1_77' title="bbox 2108 3164 3679 3240">
    <p class='ocr_par' dir='ltr' id='par_1_77' title="bbox 2108 3164 3679 3240">
     <span class='ocr_line' id='line_1_77' title="bbox 2108 3164 3679 3240; baseline -0.006 -15"><span class='ocrx_word' id='word_1_523' title='bbox 2108 3181 2245 3236; x_wconf 89' lang='lat' dir='ltr'><strong>erat,</strong></span> <span class='ocrx_word' id='word_1_524' title='bbox 2275 3186 2394 3240; x_wconf 71' lang='lat' dir='ltr'><strong>qua:</strong></span> <span class='ocrx_word' id='word_1_525' title='bbox 2426 3170 2645 3239; x_wconf 84' lang='lat' dir='ltr'><strong>quidem</strong></span> <span class='ocrx_word' id='word_1_526' title='bbox 2680 3169 2783 3237; x_wconf 91' lang='lat' dir='ltr'><strong>ipsi</strong></span> <span class='ocrx_word' id='word_1_527' title='bbox 2813 3168 2999 3223; x_wconf 88' lang='lat' dir='ltr'><strong>oculos</strong></span> <span class='ocrx_word' id='word_1_528' title='bbox 3016 3167 3355 3223; x_wconf 69' lang='lat' dir='ltr'><strong>eﬂodiendos</strong></span> <span class='ocrx_word' id='word_1_529' title='bbox 3392 3164 3679 3227; x_wconf 83' lang='lat' dir='ltr'><strong>censebat;</strong></span> 
     </span>
    </p>
   </div>
   <div class='ocr_carea' id='block_1_78' title="bbox 2115 3258 3682 3333">
    <p class='ocr_par' dir='ltr' id='par_1_78' title="bbox 2115 3258 3682 3333">
     <span class='ocr_line' id='line_1_78' title="bbox 2115 3258 3682 3333; baseline -0.008 -14"><span class='ocrx_word' id='word_1_530' title='bbox 2115 3265 2411 3333; x_wconf 85' lang='lat' dir='ltr'><strong>statimque</strong></span> <span class='ocrx_word' id='word_1_531' title='bbox 2454 3264 2503 3317; x_wconf 87' lang='lat' dir='ltr'><strong>ei</strong></span> <span class='ocrx_word' id='word_1_532' title='bbox 2557 3262 2700 3316; x_wconf 89' lang='lat' dir='ltr'><strong>oculi</strong></span> <span class='ocrx_word' id='word_1_533' title='bbox 2748 3259 2928 3315; x_wconf 80' lang='lat' dir='ltr'><strong>eﬂ‘ussi</strong></span> <span class='ocrx_word' id='word_1_534' title='bbox 2965 3267 3109 3323; x_wconf 89' lang='lat' dir='ltr'><strong>sunt,</strong></span> <span class='ocrx_word' id='word_1_535' title='bbox 3138 3274 3261 3313; x_wconf 91' lang='lat' dir='ltr'><strong>cum</strong></span> <span class='ocrx_word' id='word_1_536' title='bbox 3308 3258 3441 3312; x_wconf 89' lang='lat' dir='ltr'><strong>nihil</strong></span> <span class='ocrx_word' id='word_1_537' title='bbox 3476 3259 3523 3313; x_wconf 94' lang='lat' dir='ltr'><strong>ei</strong></span> <span class='ocrx_word' id='word_1_538' title='bbox 3565 3258 3682 3326; x_wconf 87' lang='lat' dir='ltr'><strong>opis</strong></span> 
     </span>
    </p>
   </div>
   <div class='ocr_carea' id='block_1_79' title="bbox 2110 3347 3680 3421">
    <p class='ocr_par' dir='ltr' id='par_1_79' title="bbox 2110 3347 3680 3421">
     <span class='ocr_line' id='line_1_79' title="bbox 2110 3347 3680 3421; baseline -0.006 -12"><span class='ocrx_word' id='word_1_539' title='bbox 2110 3355 2423 3409; x_wconf 79' lang='lat' dir='ltr'><strong>attulissent</strong></span> <span class='ocrx_word' id='word_1_540' title='bbox 2481 3352 2919 3421; x_wconf 88' lang='lat' dir='ltr'><strong>archiepisc0pi,</strong></span> <span class='ocrx_word' id='word_1_541' title='bbox 2975 3352 3066 3420; x_wconf 87' lang='lat' dir='ltr'><strong>qui</strong></span> <span class='ocrx_word' id='word_1_542' title='bbox 3128 3349 3281 3404; x_wconf 90' lang='lat' dir='ltr'><strong>missi</strong></span> <span class='ocrx_word' id='word_1_543' title='bbox 3344 3348 3558 3401; x_wconf 83' lang='lat' dir='ltr'><strong>fuerant</strong></span> <span class='ocrx_word' id='word_1_544' title='bbox 3615 3347 3680 3400; x_wconf 87' lang='lat' dir='ltr'><strong>ad</strong></span> 
     </span>
    </p>
   </div>
   <div class='ocr_carea' id='block_1_80' title="bbox 2121 3438 3677 3507">
    <p class='ocr_par' dir='ltr' id='par_1_80' title="bbox 2121 3438 3677 3507">
     <span class='ocr_line' id='line_1_80' title="bbox 2121 3438 3677 3507; baseline -0.006 -8"><span class='ocrx_word' id='word_1_545' title='bbox 2121 3445 2448 3499; x_wconf 87' lang='lat' dir='ltr'><strong>reddendam</strong></span> <span class='ocrx_word' id='word_1_546' title='bbox 2474 3444 2738 3497; x_wconf 88' lang='lat' dir='ltr'><strong>rationem</strong></span> <span class='ocrx_word' id='word_1_547' title='bbox 2774 3457 2872 3495; x_wconf 84' lang='lat' dir='ltr'><strong>cur</strong></span> <span class='ocrx_word' id='word_1_548' title='bbox 2902 3441 3033 3496; x_wconf 90' lang='lat' dir='ltr'><strong>nihil</strong></span> <span class='ocrx_word' id='word_1_549' title='bbox 3066 3441 3113 3496; x_wconf 91' lang='lat' dir='ltr'><strong>ei</strong></span> <span class='ocrx_word' id='word_1_550' title='bbox 3161 3448 3307 3495; x_wconf 89' lang='lat' dir='ltr'><strong>esset</strong></span> <span class='ocrx_word' id='word_1_551' title='bbox 3340 3438 3677 3507; x_wconf 85' lang='lat' dir='ltr'><strong>patiendum.</strong></span> 
     </span>
    </p>
   </div>
   <div class='ocr_carea' id='block_1_81' title="bbox 2110 3529 3677 3604">
    <p class='ocr_par' dir='ltr' id='par_1_81' title="bbox 2110 3529 3677 3604">
     <span class='ocr_line' id='line_1_81' title="bbox 2110 3529 3677 3604; baseline -0.003 -14"><span class='ocrx_word' id='word_1_552' title='bbox 2110 3537 2277 3592; x_wconf 85' lang='lat' dir='ltr'><strong>Erant</strong></span> <span class='ocrx_word' id='word_1_553' title='bbox 2307 3537 2357 3589; x_wconf 92' lang='lat' dir='ltr'><strong>hi</strong></span> <span class='ocrx_word' id='word_1_554' title='bbox 2390 3535 2751 3590; x_wconf 88' lang='lat' dir='ltr'><strong>Chalcedonis</strong></span> <span class='ocrx_word' id='word_1_555' title='bbox 2800 3534 3249 3604; x_wconf 88' lang='lat' dir='ltr'><strong>archiepiscopus</strong></span> <span class='ocrx_word' id='word_1_556' title='bbox 3290 3541 3342 3584; x_wconf 90' lang='lat' dir='ltr'><strong>et</strong></span> <span class='ocrx_word' id='word_1_557' title='bbox 3386 3529 3677 3585; x_wconf 74' lang='lat' dir='ltr'><strong>Heracleae.</strong></span> 
     </span>
    </p>
   </div>
   <div class='ocr_carea' id='block_1_82' title="bbox 2108 3620 3677 3695">
    <p class='ocr_par' dir='ltr' id='par_1_82' title="bbox 2108 3620 3677 3695">
     <span class='ocr_line' id='line_1_82' title="bbox 2108 3620 3677 3695; baseline -0.009 -11"><span class='ocrx_word' id='word_1_558' title='bbox 2108 3639 2158 3684; x_wconf 78' lang='lat' dir='ltr'><strong>et</strong></span> <span class='ocrx_word' id='word_1_559' title='bbox 2191 3628 2427 3683; x_wconf 70' lang='lat' dir='ltr'><strong>Colonia:</strong></span> <span class='ocrx_word' id='word_1_560' title='bbox 2469 3626 2829 3695; x_wconf 86' lang='lat' dir='ltr'><strong>Theophilus,</strong></span> <span class='ocrx_word' id='word_1_561' title='bbox 2860 3625 3061 3695; x_wconf 88' lang='lat' dir='ltr'><strong>quibus</strong></span> <span class='ocrx_word' id='word_1_562' title='bbox 3092 3625 3253 3677; x_wconf 88' lang='lat' dir='ltr'><strong>etiam</strong></span> <span class='ocrx_word' id='word_1_563' title='bbox 3280 3623 3336 3675; x_wconf 91' lang='lat' dir='ltr'><strong>in</strong></span> <span class='ocrx_word' id='word_1_564' title='bbox 3366 3620 3677 3674; x_wconf 86' lang='lat' dir='ltr'><strong>memoriam</strong></span> 
     </span>
    </p>
   </div>
   <div class='ocr_carea' id='block_1_83' title="bbox 2110 3714 3674 3790">
    <p class='ocr_par' dir='ltr' id='par_1_83' title="bbox 2110 3714 3674 3790">
     <span class='ocr_line' id='line_1_83' title="bbox 2110 3714 3674 3790; baseline -0.007 -16"><span class='ocrx_word' id='word_1_565' title='bbox 2110 3719 2720 3790; x_wconf 78' lang='lat' dir='ltr'><strong>redegitjusjurandum</strong></span> <span class='ocrx_word' id='word_1_566' title='bbox 2753 3720 3025 3787; x_wconf 75' lang='lat' dir='ltr'><strong>etjnstam</strong></span> <span class='ocrx_word' id='word_1_567' title='bbox 3080 3715 3175 3770; x_wconf 88' lang='lat' dir='ltr'><strong>Dei</strong></span> <span class='ocrx_word' id='word_1_568' title='bbox 3230 3714 3674 3783; x_wconf 83' lang='lat' dir='ltr'><strong>indignationem.</strong></span> 
     </span>
    </p>
   </div>
   <div class='ocr_carea' id='block_1_84' title="bbox 2111 3803 3677 3881">
    <p class='ocr_par' dir='ltr' id='par_1_84' title="bbox 2111 3803 3677 3881">
     <span class='ocr_line' id='line_1_84' title="bbox 2111 3803 3677 3881; baseline -0.008 -15"><span class='ocrx_word' id='word_1_569' title='bbox 2111 3812 2217 3880; x_wconf 89' lang='lat' dir='ltr'><strong>Ipsi</strong></span> <span class='ocrx_word' id='word_1_570' title='bbox 2261 3827 2385 3866; x_wconf 89' lang='lat' dir='ltr'><strong>vero</strong></span> <span class='ocrx_word' id='word_1_571' title='bbox 2417 3811 2665 3881; x_wconf 87' lang='lat' dir='ltr'><strong>quamvis</strong></span> <span class='ocrx_word' id='word_1_572' title='bbox 2694 3810 2946 3878; x_wconf 84' lang='lat' dir='ltr'><strong>upitulari</strong></span> <span class='ocrx_word' id='word_1_573' title='bbox 3004 3806 3391 3867; x_wconf 86' lang='lat' dir='ltr'><strong>instituissent,</strong></span> <span class='ocrx_word' id='word_1_574' title='bbox 3436 3819 3577 3873; x_wconf 59' lang='grc' dir='ltr'>δἐι-υ</span> <span class='ocrx_word' id='word_1_575' title='bbox 3626 3803 3677 3853; x_wconf 91' lang='lat' dir='ltr'><strong>id</strong></span> 
     </span>
    </p>
   </div>
   <div class='ocr_carea' id='block_1_85' title="bbox 2111 3898 3677 3968">
    <p class='ocr_par' dir='ltr' id='par_1_85' title="bbox 2111 3898 3677 3968">
     <span class='ocr_line' id='line_1_85' title="bbox 2111 3898 3677 3968; baseline -0.006 -12"><span class='ocrx_word' id='word_1_576' title='bbox 2111 3900 2291 3957; x_wconf 87' lang='lat' dir='ltr'><strong>facere</strong></span> <span class='ocrx_word' id='word_1_577' title='bbox 2313 3910 2366 3957; x_wconf 89' lang='lat' dir='ltr'><strong>et</strong></span> <span class='ocrx_word' id='word_1_578' title='bbox 2393 3917 2516 3956; x_wconf 91' lang='lat' dir='ltr'><strong>cum</strong></span> <span class='ocrx_word' id='word_1_579' title='bbox 2545 3901 2858 3955; x_wconf 74' lang='lat' dir='ltr'><strong>difﬁcultate</strong></span> <span class='ocrx_word' id='word_1_580' title='bbox 2894 3898 3040 3953; x_wconf 91' lang='lat' dir='ltr'><strong>haud</strong></span> <span class='ocrx_word' id='word_1_581' title='bbox 3094 3906 3364 3968; x_wconf 89' lang='lat' dir='ltr'><strong>poterant,</strong></span> <span class='ocrx_word' id='word_1_582' title='bbox 3391 3910 3513 3949; x_wconf 88' lang='lat' dir='ltr'><strong>cum</strong></span> <span class='ocrx_word' id='word_1_583' title='bbox 3550 3910 3677 3947; x_wconf 88' lang='lat' dir='ltr'><strong>cru-</strong></span> 
     </span>
    </p>
   </div>
   <div class='ocr_carea' id='block_1_86' title="bbox 2109 3986 3680 4061">
    <p class='ocr_par' dir='ltr' id='par_1_86' title="bbox 2109 3986 3680 4061">
     <span class='ocr_line' id='line_1_86' title="bbox 2109 3986 3680 4061; baseline -0.004 -15"><span class='ocrx_word' id='word_1_584' title='bbox 2109 3994 2262 4047; x_wconf 84' lang='lat' dir='ltr'><strong>deles</strong></span> <span class='ocrx_word' id='word_1_585' title='bbox 2299 4002 2353 4047; x_wconf 90' lang='lat' dir='ltr'><strong>et</strong></span> <span class='ocrx_word' id='word_1_586' title='bbox 2418 3992 2569 4061; x_wconf 90' lang='lat' dir='ltr'><strong>impii</strong></span> <span class='ocrx_word' id='word_1_587' title='bbox 2630 3991 2883 4046; x_wconf 86' lang='lat' dir='ltr'><strong>homines</strong></span> <span class='ocrx_word' id='word_1_588' title='bbox 2918 3990 3019 4061; x_wconf 91' lang='lat' dir='ltr'><strong>ipsi</strong></span> <span class='ocrx_word' id='word_1_589' title='bbox 3063 3998 3315 4057; x_wconf 78' lang='lat' dir='ltr'><strong>correpto</strong></span> <span class='ocrx_word' id='word_1_590' title='bbox 3345 3988 3534 4042; x_wconf 90' lang='lat' dir='ltr'><strong>oculos</strong></span> <span class='ocrx_word' id='word_1_591' title='bbox 3564 3986 3680 4039; x_wconf 89' lang='lat' dir='ltr'><strong>sine</strong></span> 
     </span>
    </p>
   </div>
   <div class='ocr_carea' id='block_1_87' title="bbox 2110 4080 3678 4137">
    <p class='ocr_par' dir='ltr' id='par_1_87' title="bbox 2110 4080 3678 4137">
     <span class='ocr_line' id='line_1_87' title="bbox 2110 4080 3678 4137; baseline -0.004 0"><span class='ocrx_word' id='word_1_592' title='bbox 2110 4084 2216 4137; x_wconf 91' lang='lat' dir='ltr'><strong>ulla</strong></span> <span class='ocrx_word' id='word_1_593' title='bbox 2248 4084 2725 4137; x_wconf 87' lang='lat' dir='ltr'><strong>commiseratione</strong></span> <span class='ocrx_word' id='word_1_594' title='bbox 2753 4081 3073 4137; x_wconf 76' lang='lat' dir='ltr'><strong>effudissem</strong></span> <span class='ocrx_word' id='word_1_595' title='bbox 3113 4096 3176 4134; x_wconf 90' lang='lat' dir='ltr'><strong>ac</strong></span> <span class='ocrx_word' id='word_1_596' title='bbox 3204 4082 3321 4134; x_wconf 84' lang='lat' dir='ltr'><strong>sine</strong></span> <span class='ocrx_word' id='word_1_597' title='bbox 3353 4080 3458 4133; x_wconf 89' lang='lat' dir='ltr'><strong>ulla</strong></span> <span class='ocrx_word' id='word_1_598' title='bbox 3487 4080 3678 4132; x_wconf 84' lang='lat' dir='ltr'><strong>huma-</strong></span> 
     </span>
    </p>
   </div>
   <div class='ocr_carea' id='block_1_88' title="bbox 2111 4168 3677 4238">
    <p class='ocr_par' dir='ltr' id='par_1_88' title="bbox 2111 4168 3677 4238">
     <span class='ocr_line' id='line_1_88' title="bbox 2111 4168 3677 4238; baseline -0.007 -10"><span class='ocrx_word' id='word_1_599' title='bbox 2111 4176 2298 4229; x_wconf 78' lang='lat' dir='ltr'><strong>nitate.</strong></span> <span class='ocrx_word' id='word_1_600' title='bbox 2350 4173 2652 4228; x_wconf 87' lang='lat' dir='ltr'><strong>Perductns</strong></span> <span class='ocrx_word' id='word_1_601' title='bbox 2711 4182 2891 4227; x_wconf 90' lang='lat' dir='ltr'><strong>autem</strong></span> <span class='ocrx_word' id='word_1_602' title='bbox 2952 4173 3044 4225; x_wconf 85' lang='lat' dir='ltr'><strong>vili</strong></span> <span class='ocrx_word' id='word_1_603' title='bbox 3095 4172 3340 4238; x_wconf 75' lang='lat' dir='ltr'><strong>iumento</strong></span> <span class='ocrx_word' id='word_1_604' title='bbox 3383 4184 3555 4238; x_wconf 79' lang='lat' dir='ltr'><strong>usque</strong></span> <span class='ocrx_word' id='word_1_605' title='bbox 3613 4168 3677 4219; x_wconf 88' lang='lat' dir='ltr'><strong>ad</strong></span> 
     </span>
    </p>
   </div>
   <div class='ocr_carea' id='block_1_89' title="bbox 2110 4257 3676 4331">
    <p class='ocr_par' dir='ltr' id='par_1_89' title="bbox 2110 4257 3676 4331">
     <span class='ocr_line' id='line_1_89' title="bbox 2110 4257 3676 4331; baseline -0.004 -16"><span class='ocrx_word' id='word_1_606' title='bbox 2110 4261 2519 4329; x_wconf 88' lang='lat' dir='ltr'><strong>Pr0pontidem,</strong></span> <span class='ocrx_word' id='word_1_607' title='bbox 2557 4262 2724 4316; x_wconf 86' lang='lat' dir='ltr'><strong>veluti</strong></span> <span class='ocrx_word' id='word_1_608' title='bbox 2770 4260 3051 4331; x_wconf 89' lang='lat' dir='ltr'><strong>putridum</strong></span> <span class='ocrx_word' id='word_1_609' title='bbox 3105 4259 3360 4319; x_wconf 85' lang='lat' dir='ltr'><strong>cadaver,</strong></span> <span class='ocrx_word' id='word_1_610' title='bbox 3404 4259 3490 4312; x_wconf 91' lang='lat' dir='ltr'><strong>cui</strong></span> <span class='ocrx_word' id='word_1_611' title='bbox 3534 4257 3676 4310; x_wconf 86' lang='lat' dir='ltr'><strong>oculi</strong></span> 
     </span>
    </p>
   </div>
   <div class='ocr_carea' id='block_1_90' title="bbox 2111 4349 3679 4421">
    <p class='ocr_par' dir='ltr' id='par_1_90' title="bbox 2111 4349 3679 4421">
     <span class='ocr_line' id='line_1_90' title="bbox 2111 4349 3679 4421; baseline -0.004 -13"><span class='ocrx_word' id='word_1_612' title='bbox 2111 4362 2295 4408; x_wconf 89' lang='lat' dir='ltr'><strong>essent</strong></span> <span class='ocrx_word' id='word_1_613' title='bbox 2325 4354 2529 4415; x_wconf 78' lang='lat' dir='ltr'><strong>effossi,</strong></span> <span class='ocrx_word' id='word_1_614' title='bbox 2566 4362 2725 4421; x_wconf 84' lang='lat' dir='ltr'><strong>caput</strong></span> <span class='ocrx_word' id='word_1_615' title='bbox 2758 4364 2812 4407; x_wconf 87' lang='lat' dir='ltr'><strong>et</strong></span> <span class='ocrx_word' id='word_1_616' title='bbox 2854 4366 2916 4406; x_wconf 89' lang='lat' dir='ltr'><strong>os</strong></span> <span class='ocrx_word' id='word_1_617' title='bbox 2950 4351 3217 4411; x_wconf 84' lang='lat' dir='ltr'><strong>inﬂatum,</strong></span> <span class='ocrx_word' id='word_1_618' title='bbox 3242 4350 3517 4404; x_wconf 82' lang='lat' dir='ltr'><strong>vermibus</strong></span> <span class='ocrx_word' id='word_1_619' title='bbox 3568 4349 3679 4416; x_wconf 88' lang='lat' dir='ltr'><strong>plc-</strong></span> 
     </span>
    </p>
   </div>
   <div class='ocr_carea' id='block_1_91' title="bbox 2114 4442 3680 4513">
    <p class='ocr_par' dir='ltr' id='par_1_91' title="bbox 2114 4442 3680 4513">
     <span class='ocr_line' id='line_1_91' title="bbox 2114 4442 3680 4513; baseline -0.003 -15"><span class='ocrx_word' id='word_1_620' title='bbox 2114 4461 2241 4498; x_wconf 90' lang='lat' dir='ltr'><strong>nmn</strong></span> <span class='ocrx_word' id='word_1_621' title='bbox 2266 4456 2320 4498; x_wconf 92' lang='lat' dir='ltr'><strong>et</strong></span> <span class='ocrx_word' id='word_1_622' title='bbox 2343 4446 2554 4505; x_wconf 64' lang='lat' dir='ltr'><strong>fictore,</strong></span> <span class='ocrx_word' id='word_1_623' title='bbox 2578 4460 2699 4498; x_wconf 91' lang='lat' dir='ltr'><strong>cum</strong></span> <span class='ocrx_word' id='word_1_624' title='bbox 2720 4444 2907 4513; x_wconf 89' lang='lat' dir='ltr'><strong>paucis</strong></span> <span class='ocrx_word' id='word_1_625' title='bbox 2935 4444 3125 4498; x_wconf 80' lang='lat' dir='ltr'><strong>diebus</strong></span> <span class='ocrx_word' id='word_1_626' title='bbox 3150 4442 3559 4511; x_wconf 85' lang='lat' dir='ltr'><strong>supervixisset,</strong></span> <span class='ocrx_word' id='word_1_627' title='bbox 3583 4442 3680 4494; x_wconf 90' lang='lat' dir='ltr'><strong>mi-</strong></span> 
     </span>
    </p>
   </div>
   <div class='ocr_carea' id='block_1_92' title="bbox 451 4528 2198 4605">
    <p class='ocr_par' dir='ltr' id='par_1_92' title="bbox 451 4528 2197 4605">
     <span class='ocr_line' id='line_1_92' title="bbox 451 4528 2197 4605; baseline 0.005 -25"><span class='ocrx_word' id='word_1_628' title='bbox 451 4532 646 4593; x_wconf 80' lang='grc' dir='ltr'>ὲκεῖσε,</span> <span class='ocrx_word' id='word_1_629' title='bbox 676 4528 787 4581; x_wconf 83' lang='grc' dir='ltr'>ἀλλ’</span> <span class='ocrx_word' id='word_1_630' title='bbox 818 4530 1191 4600; x_wconf 84' lang='grc' dir='ltr'>ἁλεεινοτέραν</span> <span class='ocrx_word' id='word_1_631' title='bbox 1218 4531 1314 4598; x_wconf 84' lang='grc' dir='ltr'><strong>τὴν</strong></span> <span class='ocrx_word' id='word_1_632' title='bbox 1348 4533 1596 4586; x_wconf 78' lang='grc' dir='ltr'>Κιλικίαν</span> <span class='ocrx_word' id='word_1_633' title='bbox 1627 4537 2004 4605; x_wconf 85' lang='grc' dir='ltr'>ἐπιστάμενος,</span> <span class='ocrx_word' id='word_1_634' title='bbox 2044 4540 2084 4591; x_wconf 85' lang='lat' dir='ltr'><strong>D</strong></span> <span class='ocrx_word' id='word_1_635' title='bbox 2111 4553 2197 4591; x_wconf 91' lang='lat' dir='ltr'><strong>ser</strong></span> 
     </span>
    </p>
   </div>
   <div class='ocr_carea' id='block_1_93' title="bbox 1930 4528 3677 4605">
    <p class='ocr_par' dir='ltr' id='par_1_93' title="bbox 1930 4534 3677 4600">
     <span class='ocr_line' id='line_1_93' title="bbox 1930 4534 3677 4600; baseline -0.003 -9"><span class='ocrx_word' id='word_1_636' title='bbox 1930 4556 2004 4600; x_wconf 84' lang='grc' dir='ltr'><strong>ος,</strong></span> <span class='ocrx_word' id='word_1_637' title='bbox 2044 4540 2084 4591; x_wconf 85' lang='lat' dir='ltr'><strong>D</strong></span> <span class='ocrx_word' id='word_1_638' title='bbox 2111 4538 2412 4591; x_wconf 83' lang='lat' dir='ltr'><strong>serabiliter</strong></span> <span class='ocrx_word' id='word_1_639' title='bbox 2436 4546 2487 4589; x_wconf 87' lang='lat' dir='ltr'><strong>et</strong></span> <span class='ocrx_word' id='word_1_640' title='bbox 2512 4548 2637 4590; x_wconf 88' lang='lat' dir='ltr'><strong>ante</strong></span> <span class='ocrx_word' id='word_1_641' title='bbox 2657 4537 2861 4590; x_wconf 89' lang='lat' dir='ltr'><strong>obitum</strong></span> <span class='ocrx_word' id='word_1_642' title='bbox 2892 4537 3029 4591; x_wconf 88' lang='lat' dir='ltr'><strong>male</strong></span> <span class='ocrx_word' id='word_1_643' title='bbox 3054 4536 3205 4589; x_wconf 89' lang='lat' dir='ltr'><strong>olens</strong></span> <span class='ocrx_word' id='word_1_644' title='bbox 3229 4534 3466 4589; x_wconf 80' lang='lat' dir='ltr'><strong>excessit</strong></span> <span class='ocrx_word' id='word_1_645' title='bbox 3491 4549 3520 4587; x_wconf 91' lang='lat' dir='ltr'><strong>e</strong></span> <span class='ocrx_word' id='word_1_646' title='bbox 3548 4534 3677 4597; x_wconf 88' lang='lat' dir='ltr'><strong>vita,</strong></span> 
     </span>
    </p>
   </div>
   <div class='ocr_carea' id='block_1_94' title="bbox 453 4620 2012 4697">
    <p class='ocr_par' dir='ltr' id='par_1_94' title="bbox 453 4620 2012 4697">
     <span class='ocr_line' id='line_1_94' title="bbox 453 4620 2012 4697; baseline 0.008 -27"><span class='ocrx_word' id='word_1_647' title='bbox 453 4620 547 4671; x_wconf 70' lang='grc' dir='ltr'><strong>καὶ</strong></span> <span class='ocrx_word' id='word_1_648' title='bbox 572 4621 728 4672; x_wconf 80' lang='grc' dir='ltr'>πάλιν</span> <span class='ocrx_word' id='word_1_649' title='bbox 754 4621 887 4690; x_wconf 75' lang='grc' dir='ltr'>πρὸς</span> <span class='ocrx_word' id='word_1_650' title='bbox 918 4622 1177 4689; x_wconf 84' lang='grc' dir='ltr'>συλλογὴν</span> <span class='ocrx_word' id='word_1_651' title='bbox 1207 4624 1438 4692; x_wconf 73' lang='grc' dir='ltr'>στρατοῦ</span> <span class='ocrx_word' id='word_1_652' title='bbox 1474 4625 1664 4678; x_wconf 75' lang='grc' dir='ltr'>ἑαυτὸν</span> <span class='ocrx_word' id='word_1_653' title='bbox 1700 4629 2012 4697; x_wconf 80' lang='grc' dir='ltr'>άπησχόλει.</span> 
     </span>
    </p>
   </div>
   <div class='ocr_carea' id='block_1_95' title="bbox 468 4711 2017 4788">
    <p class='ocr_par' dir='ltr' id='par_1_95' title="bbox 468 4711 2017 4788">
     <span class='ocr_line' id='line_1_95' title="bbox 468 4711 2017 4788; baseline 0.006 -24"><span class='ocrx_word' id='word_1_654' title='bbox 468 4711 524 4764; x_wconf 92' lang='grc' dir='ltr'>Ὀ</span> <span class='ocrx_word' id='word_1_655' title='bbox 556 4712 609 4763; x_wconf 86' lang='grc' dir='ltr'><strong>δέ</strong></span> <span class='ocrx_word' id='word_1_656' title='bbox 638 4728 700 4778; x_wconf 91' lang='grc' dir='ltr'><strong>γε</strong></span> <span class='ocrx_word' id='word_1_657' title='bbox 734 4714 1138 4775; x_wconf 83' lang='grc' dir='ltr'>Κωνσταντίνος</span> <span class='ocrx_word' id='word_1_658' title='bbox 1172 4716 1307 4782; x_wconf 78' lang='grc' dir='ltr'>μετὰ</span> <span class='ocrx_word' id='word_1_659' title='bbox 1344 4717 1405 4767; x_wconf 84' lang='grc' dir='ltr'><strong>τὸ</strong></span> <span class='ocrx_word' id='word_1_660' title='bbox 1453 4719 1540 4769; x_wconf 77' lang='grc' dir='ltr'>τὸν</span> <span class='ocrx_word' id='word_1_661' title='bbox 1584 4719 1840 4788; x_wconf 83' lang='grc' dir='ltr'>Διογένην</span> <span class='ocrx_word' id='word_1_662' title='bbox 1888 4722 2017 4773; x_wconf 84' lang='grc' dir='ltr'>ὑπο-</span> 
     </span>
    </p>
   </div>
   <div class='ocr_carea' id='block_1_96' title="bbox 452 4803 2008 4871">
    <p class='ocr_par' dir='ltr' id='par_1_96' title="bbox 452 4803 2008 4871">
     <span class='ocr_line' id='line_1_96' title="bbox 452 4803 2008 4871; baseline 0.009 -23"><span class='ocrx_word' id='word_1_663' title='bbox 452 4805 690 4871; x_wconf 71' lang='grc' dir='ltr'>χωρῆσαι</span> <span class='ocrx_word' id='word_1_664' title='bbox 721 4803 1056 4871; x_wconf 70' lang='grc' dir='ltr'>ὑπέστρεψεν</span> <span class='ocrx_word' id='word_1_665' title='bbox 1091 4806 1168 4867; x_wconf 84' lang='grc' dir='ltr'><strong>είς</strong></span> <span class='ocrx_word' id='word_1_666' title='bbox 1196 4804 1253 4856; x_wconf 78' lang='grc' dir='ltr'><strong>τὸ</strong></span> <span class='ocrx_word' id='word_1_667' title='bbox 1282 4806 1597 4869; x_wconf 79' lang='grc' dir='ltr'>Βυζάντιον.</span> <span class='ocrx_word' id='word_1_668' title='bbox 1626 4808 1767 4860; x_wconf 80' lang='grc' dir='ltr'>Ἀντ’</span> <span class='ocrx_word' id='word_1_669' title='bbox 1797 4811 2008 4862; x_wconf 76' lang='grc' dir='ltr'>ἐκείνου</span> 
     </span>
    </p>
   </div>
   <div class='ocr_carea' id='block_1_97' title="bbox 449 4893 2017 4973">
    <p class='ocr_par' dir='ltr' id='par_1_97' title="bbox 449 4893 2017 4973">
     <span class='ocr_line' id='line_1_97' title="bbox 449 4893 2017 4973; baseline 0.006 -28"><span class='ocrx_word' id='word_1_670' title='bbox 449 4893 507 4945; x_wconf 81' lang='lat'><strong>6‘:</strong></span> <span class='ocrx_word' id='word_1_671' title='bbox 539 4894 815 4946; x_wconf 77' lang='grc' dir='ltr'>στέλλεται</span> <span class='ocrx_word' id='word_1_672' title='bbox 851 4896 991 4947; x_wconf 85' lang='grc' dir='ltr'>κατὰ</span> <span class='ocrx_word' id='word_1_673' title='bbox 1012 4896 1101 4949; x_wconf 81' lang='grc' dir='ltr'>τοῦ</span> <span class='ocrx_word' id='word_1_674' title='bbox 1132 4897 1413 4963; x_wconf 85' lang='grc' dir='ltr'>Διογένους</span> <span class='ocrx_word' id='word_1_675' title='bbox 1443 4901 1469 4951; x_wconf 91' lang='lat'><strong>6</strong></span> <span class='ocrx_word' id='word_1_676' title='bbox 1498 4900 1760 4973; x_wconf 84' lang='grc' dir='ltr'>πρόεδρος</span> <span class='ocrx_word' id='word_1_677' title='bbox 1802 4901 2017 4973; x_wconf 78' lang='grc' dir='ltr'>Ἀνδρό-</span> 
     </span>
    </p>
   </div>
   <div class='ocr_carea' id='block_1_98' title="bbox 450 4983 2018 5064">
    <p class='ocr_par' dir='ltr' id='par_1_98' title="bbox 450 4983 2018 5064">
     <span class='ocr_line' id='line_1_98' title="bbox 450 4983 2018 5064; baseline 0.008 -31"><span class='ocrx_word' id='word_1_678' title='bbox 450 5000 597 5045; x_wconf 72' lang='grc' dir='ltr'>νικος</span> <span class='ocrx_word' id='word_1_679' title='bbox 624 4984 651 5034; x_wconf 82' lang='grc' dir='ltr'>ὁ</span> <span class='ocrx_word' id='word_1_680' title='bbox 675 4983 768 5036; x_wconf 82' lang='grc' dir='ltr'><strong>τοῦ</strong></span> <span class='ocrx_word' id='word_1_681' title='bbox 802 4985 1079 5055; x_wconf 87' lang='grc' dir='ltr'>Καίσαρος</span> <span class='ocrx_word' id='word_1_682' title='bbox 1105 4987 1238 5049; x_wconf 77' lang='grc' dir='ltr'>υἱός.</span> <span class='ocrx_word' id='word_1_683' title='bbox 1270 4988 1561 5058; x_wconf 79' lang='grc' dir='ltr'>Διανείμας</span> <span class='ocrx_word' id='word_1_684' title='bbox 1613 4992 1668 5044; x_wconf 82' lang='grc' dir='ltr'>δὲ</span> <span class='ocrx_word' id='word_1_685' title='bbox 1697 4996 1808 5056; x_wconf 85' lang='grc' dir='ltr'>τοῖς</span> <span class='ocrx_word' id='word_1_686' title='bbox 1858 5012 2018 5064; x_wconf 88' lang='grc' dir='ltr'>στρα-</span> 
     </span>
    </p>
   </div>
   <div class='ocr_carea' id='block_1_99' title="bbox 456 5074 2018 5151">
    <p class='ocr_par' dir='ltr' id='par_1_99' title="bbox 456 5074 2018 5151">
     <span class='ocr_line' id='line_1_99' title="bbox 456 5074 2018 5151; baseline 0.01 -27"><span class='ocrx_word' id='word_1_687' title='bbox 456 5074 678 5137; x_wconf 83' lang='grc' dir='ltr'>τιώταις</span> <span class='ocrx_word' id='word_1_688' title='bbox 708 5076 991 5145; x_wconf 84' lang='grc' dir='ltr'>σιτηρέσια</span> <span class='ocrx_word' id='word_1_689' title='bbox 1025 5076 1113 5129; x_wconf 79' lang='grc' dir='ltr'>διὰ</span> <span class='ocrx_word' id='word_1_690' title='bbox 1138 5078 1233 5147; x_wconf 86' lang='grc' dir='ltr'>τῆς</span> <span class='ocrx_word' id='word_1_691' title='bbox 1253 5079 1575 5151; x_wconf 88' lang='grc' dir='ltr'>κλεισούρας</span> <span class='ocrx_word' id='word_1_692' title='bbox 1606 5082 1698 5134; x_wconf 82' lang='grc' dir='ltr'>τοῦ</span> <span class='ocrx_word' id='word_1_693' title='bbox 1755 5086 2018 5138; x_wconf 81' lang='grc' dir='ltr'>Ποδανδοῦ</span> 
     </span>
    </p>
   </div>
   <div class='ocr_carea' id='block_1_100' title="bbox 451 5169 2023 5245">
    <p class='ocr_par' dir='ltr' id='par_1_100' title="bbox 451 5169 2023 5245">
     <span class='ocr_line' id='line_1_100' title="bbox 451 5169 2023 5245; baseline 0.006 -25"><span class='ocrx_word' id='word_1_694' title='bbox 451 5170 767 5235; x_wconf 69' lang='grc' dir='ltr'>ἀφικνεῖται</span> <span class='ocrx_word' id='word_1_695' title='bbox 807 5170 886 5230; x_wconf 80' lang='grc' dir='ltr'><strong>είς</strong></span> <span class='ocrx_word' id='word_1_696' title='bbox 920 5169 1194 5234; x_wconf 83' lang='grc' dir='ltr'>Κιλικίαν,</span> <span class='ocrx_word' id='word_1_697' title='bbox 1242 5170 1367 5223; x_wconf 79' lang='grc' dir='ltr'>ἔνθα</span> <span class='ocrx_word' id='word_1_698' title='bbox 1413 5174 1644 5244; x_wconf 83' lang='grc' dir='ltr'>συναντᾷ</span> <span class='ocrx_word' id='word_1_699' title='bbox 1678 5174 1826 5245; x_wconf 78' lang='grc' dir='ltr'>αὐτῷ</span> <span class='ocrx_word' id='word_1_700' title='bbox 1862 5179 1889 5229; x_wconf 91' lang='grc' dir='ltr'><strong>ὁ</strong></span> <span class='ocrx_word' id='word_1_701' title='bbox 1915 5180 2023 5229; x_wconf 85' lang='grc' dir='ltr'><strong>Λα-</strong></span> 
     </span>
    </p>
   </div>
   <div class='ocr_carea' id='block_1_101' title="bbox 450 5258 2024 5336">
    <p class='ocr_par' dir='ltr' id='par_1_101' title="bbox 450 5258 2024 5336">
     <span class='ocr_line' id='line_1_101' title="bbox 450 5258 2024 5336; baseline 0.006 -26"><span class='ocrx_word' id='word_1_702' title='bbox 450 5258 757 5328; x_wconf 80' lang='grc' dir='ltr'>χατούριος,</span> <span class='ocrx_word' id='word_1_703' title='bbox 786 5259 845 5311; x_wconf 85' lang='grc' dir='ltr'>ὃν</span> <span class='ocrx_word' id='word_1_704' title='bbox 875 5262 969 5311; x_wconf 70' lang='grc' dir='ltr'><strong>καὶ</strong></span> <span class='ocrx_word' id='word_1_705' title='bbox 997 5261 1134 5329; x_wconf 75' lang='grc' dir='ltr'>πρὸς</span> <span class='ocrx_word' id='word_1_706' title='bbox 1163 5261 1334 5331; x_wconf 80' lang='grc' dir='ltr'>βραχῦ</span> <span class='ocrx_word' id='word_1_707' title='bbox 1378 5265 1754 5334; x_wconf 83' lang='grc' dir='ltr'>μαχεσάμενον</span> <span class='ocrx_word' id='word_1_708' title='bbox 1782 5266 2024 5336; x_wconf 75' lang='grc' dir='ltr'>αἱροῦσιν</span> 
     </span>
    </p>
   </div>
   <div class='ocr_carea' id='block_1_102' title="bbox 448 5350 2023 5425">
    <p class='ocr_par' dir='ltr' id='par_1_102' title="bbox 448 5350 2023 5425">
     <span class='ocr_line' id='line_1_102' title="bbox 448 5350 2023 5425; baseline 0.006 -23"><span class='ocrx_word' id='word_1_709' title='bbox 448 5353 502 5402; x_wconf 76' lang='grc' dir='ltr'>οἱ</span> <span class='ocrx_word' id='word_1_710' title='bbox 534 5350 622 5404; x_wconf 78' lang='grc' dir='ltr'><strong>τοῦ</strong></span> <span class='ocrx_word' id='word_1_711' title='bbox 650 5351 1014 5421; x_wconf 80' lang='grc' dir='ltr'>Ἀνδρονίκου.</span> <span class='ocrx_word' id='word_1_712' title='bbox 1053 5352 1175 5405; x_wconf 85' lang='grc' dir='ltr'>Τῶν</span> <span class='ocrx_word' id='word_1_713' title='bbox 1206 5354 1261 5405; x_wconf 76' lang='grc' dir='ltr'>δὲ</span> <span class='ocrx_word' id='word_1_714' title='bbox 1300 5354 1475 5407; x_wconf 79' lang='grc' dir='ltr'>ἄλλων</span> <span class='ocrx_word' id='word_1_715' title='bbox 1512 5357 1907 5425; x_wconf 66' lang='grc' dir='ltr'>συμφυγόντων</span> <span class='ocrx_word' id='word_1_716' title='bbox 1947 5360 2023 5420; x_wconf 82' lang='grc' dir='ltr'>εἰς</span> 
     </span>
    </p>
   </div>
   <div class='ocr_carea' id='block_1_103' title="bbox 457 5440 2025 5519">
    <p class='ocr_par' dir='ltr' id='par_1_103' title="bbox 457 5440 2025 5519">
     <span class='ocr_line' id='line_1_103' title="bbox 457 5440 2025 5519; baseline 0.004 -25"><span class='ocrx_word' id='word_1_717' title='bbox 457 5440 713 5507; x_wconf 82' lang='grc' dir='ltr'>Ἀδαναν,</span> <span class='ocrx_word' id='word_1_718' title='bbox 738 5442 870 5495; x_wconf 72' lang='grc' dir='ltr'>ἔνθα</span> <span class='ocrx_word' id='word_1_719' title='bbox 899 5444 1035 5495; x_wconf 82' lang='grc' dir='ltr'><strong>καὶὸ</strong></span> <span class='ocrx_word' id='word_1_720' title='bbox 1061 5445 1315 5512; x_wconf 82' lang='grc' dir='ltr'>Διογένης</span> <span class='ocrx_word' id='word_1_721' title='bbox 1338 5445 1595 5516; x_wconf 76' lang='grc' dir='ltr'>διέτριϐε,</span> <span class='ocrx_word' id='word_1_722' title='bbox 1618 5448 1904 5519; x_wconf 68' lang='grc' dir='ltr'>πολιορκία</span> <span class='ocrx_word' id='word_1_723' title='bbox 1929 5450 2025 5518; x_wconf 80' lang='grc' dir='ltr'>τὴν</span> 
     </span>
    </p>
   </div>
   <div class='ocr_carea' id='block_1_104' title="bbox 439 5532 2025 5608">
    <p class='ocr_par' dir='ltr' id='par_1_104' title="bbox 439 5532 2025 5608">
     <span class='ocr_line' id='line_1_104' title="bbox 439 5532 2025 5608; baseline 0.005 -23"><span class='ocrx_word' id='word_1_724' title='bbox 439 5554 457 5585; x_wconf 76' lang='grc' dir='ltr'><strong>τ</strong></span> <span class='ocrx_word' id='word_1_725' title='bbox 478 5533 606 5585; x_wconf 70' lang='grc' dir='ltr'>όλιν</span> <span class='ocrx_word' id='word_1_726' title='bbox 634 5532 876 5585; x_wconf 71' lang='grc' dir='ltr'>διέλαϐεν</span> <span class='ocrx_word' id='word_1_727' title='bbox 905 5536 931 5587; x_wconf 87' lang='lat'><strong>6</strong></span> <span class='ocrx_word' id='word_1_728' title='bbox 972 5534 1325 5604; x_wconf 82' lang='grc' dir='ltr'>Ἀνδρόνικος.</span> <span class='ocrx_word' id='word_1_729' title='bbox 1374 5536 1668 5608; x_wconf 84' lang='grc' dir='ltr'>Συνθηκῶν</span> <span class='ocrx_word' id='word_1_730' title='bbox 1710 5538 1767 5591; x_wconf 83' lang='grc' dir='ltr'>δὲ</span> <span class='ocrx_word' id='word_1_731' title='bbox 1798 5541 2025 5608; x_wconf 86' lang='grc' dir='ltr'>γενομέ-</span> 
     </span>
    </p>
   </div>
   <div class='ocr_carea' id='block_1_105' title="bbox 436 5618 2025 5700">
    <p class='ocr_par' dir='ltr' id='par_1_105' title="bbox 436 5618 2025 5700">
     <span class='ocr_line' id='line_1_105' title="bbox 436 5618 2025 5700; baseline 0.003 -22"><span class='ocrx_word' id='word_1_732' title='bbox 436 5641 560 5678; x_wconf 67' lang='grc' dir='ltr'>νων</span> <span class='ocrx_word' id='word_1_733' title='bbox 585 5626 666 5694; x_wconf 71' lang='grc' dir='ltr'><strong>ἐφ’</strong></span> <span class='ocrx_word' id='word_1_734' title='bbox 686 5618 730 5692; x_wconf 85' lang='grc' dir='ltr'>ᾧ</span> <span class='ocrx_word' id='word_1_735' title='bbox 753 5628 845 5676; x_wconf 66' lang='grc' dir='ltr'><strong>τδν</strong></span> <span class='ocrx_word' id='word_1_736' title='bbox 875 5627 1131 5695; x_wconf 84' lang='grc' dir='ltr'>Διογένην</span> <span class='ocrx_word' id='word_1_737' title='bbox 1167 5628 1468 5681; x_wconf 76' lang='grc' dir='ltr'>ἀποθέσθαι</span> <span class='ocrx_word' id='word_1_738' title='bbox 1493 5631 1591 5698; x_wconf 81' lang='grc' dir='ltr'><strong>μὲν</strong></span> <span class='ocrx_word' id='word_1_739' title='bbox 1618 5630 1714 5700; x_wconf 80' lang='grc' dir='ltr'><strong>τὴν</strong></span> <span class='ocrx_word' id='word_1_740' title='bbox 1733 5630 2025 5700; x_wconf 84' lang='grc' dir='ltr'>βασιλείαν,</span> 
     </span>
    </p>
   </div>
   <div class='ocr_carea' id='block_1_106' title="bbox 455 5714 2028 5787">
    <p class='ocr_par' dir='ltr' id='par_1_106' title="bbox 455 5714 2028 5787">
     <span class='ocr_line' id='line_1_106' title="bbox 455 5714 2028 5787; baseline 0.006 -20"><span class='ocrx_word' id='word_1_741' title='bbox 455 5714 563 5783; x_wconf 79' lang='grc' dir='ltr'><strong>τὴν</strong></span> <span class='ocrx_word' id='word_1_742' title='bbox 592 5718 747 5785; x_wconf 83' lang='grc' dir='ltr'>τρίχα</span> <span class='ocrx_word' id='word_1_743' title='bbox 780 5715 841 5769; x_wconf 77' lang='grc' dir='ltr'>δὲ</span> <span class='ocrx_word' id='word_1_744' title='bbox 861 5718 1095 5787; x_wconf 82' lang='grc' dir='ltr'>καρέντα</span> <span class='ocrx_word' id='word_1_745' title='bbox 1122 5718 1331 5785; x_wconf 86' lang='grc' dir='ltr'>διάγειν</span> <span class='ocrx_word' id='word_1_746' title='bbox 1385 5721 1687 5787; x_wconf 84' lang='grc' dir='ltr'>ἰδιωτικῶς,</span> <span class='ocrx_word' id='word_1_747' title='bbox 1738 5721 1903 5784; x_wconf 76' lang='grc' dir='ltr'>ἔξεισι</span> <span class='ocrx_word' id='word_1_748' title='bbox 1936 5724 2028 5776; x_wconf 82' lang='grc' dir='ltr'>τοῦ</span> 
     </span>
    </p>
   </div>
   <div class='ocr_carea' id='block_1_107' title="bbox 455 5807 2027 5881">
    <p class='ocr_par' dir='ltr' id='par_1_107' title="bbox 455 5807 2027 5881">
     <span class='ocr_line' id='line_1_107' title="bbox 455 5807 2027 5881; baseline 0.005 -19"><span class='ocrx_word' id='word_1_749' title='bbox 455 5808 696 5878; x_wconf 77' lang='grc' dir='ltr'>κάστρου</span> <span class='ocrx_word' id='word_1_750' title='bbox 736 5807 1135 5881; x_wconf 67' lang='grc' dir='ltr'>μελανειμονῶν</span> <span class='ocrx_word' id='word_1_751' title='bbox 1170 5813 1260 5867; x_wconf 72' lang='grc' dir='ltr'>καὶ</span> <span class='ocrx_word' id='word_1_752' title='bbox 1290 5811 1357 5867; x_wconf 84' lang='grc' dir='ltr'><strong>τά</strong></span> <span class='ocrx_word' id='word_1_753' title='bbox 1403 5813 1521 5867; x_wconf 86' lang='grc' dir='ltr'>καθ’</span> <span class='ocrx_word' id='word_1_754' title='bbox 1556 5814 1744 5870; x_wconf 72' lang='grc' dir='ltr'>ἑαυτὸν</span> <span class='ocrx_word' id='word_1_755' title='bbox 1770 5814 2027 5870; x_wconf 80' lang='grc' dir='ltr'>ἀποκλαι-</span> 
     </span>
    </p>
   </div>
   <div class='ocr_carea' id='block_1_108' title="bbox 2119 4624 3676 4696">
    <p class='ocr_par' dir='ltr' id='par_1_108' title="bbox 2119 4624 3676 4696">
     <span class='ocr_line' id='line_1_108' title="bbox 2119 4624 3676 4696; baseline -0.004 -17"><span class='ocrx_word' id='word_1_756' title='bbox 2119 4628 2169 4679; x_wconf 93' lang='lat' dir='ltr'><strong>in</strong></span> <span class='ocrx_word' id='word_1_757' title='bbox 2206 4626 2364 4696; x_wconf 77' lang='lat'><strong>705</strong></span> <span class='ocrx_word' id='word_1_758' title='bbox 2385 4626 2542 4678; x_wconf 84' lang='lat' dir='ltr'><strong>Prota</strong></span> <span class='ocrx_word' id='word_1_759' title='bbox 2572 4626 2750 4680; x_wconf 90' lang='lat' dir='ltr'><strong>insula</strong></span> <span class='ocrx_word' id='word_1_760' title='bbox 2771 4626 3002 4677; x_wconf 66' lang='lat' dir='ltr'><strong>cinerem</strong></span> <span class='ocrx_word' id='word_1_761' title='bbox 3035 4626 3342 4693; x_wconf 80' lang='lat' dir='ltr'><strong>deponens;</strong></span> <span class='ocrx_word' id='word_1_762' title='bbox 3369 4624 3455 4677; x_wconf 86' lang='lat' dir='ltr'><strong>ubi</strong></span> <span class='ocrx_word' id='word_1_763' title='bbox 3482 4638 3676 4675; x_wconf 87' lang='lat' dir='ltr'><strong>novum</strong></span> 
     </span>
    </p>
   </div>
   <div class='ocr_carea' id='block_1_109' title="bbox 2120 4712 3678 4777">
    <p class='ocr_par' dir='ltr' id='par_1_109' title="bbox 2120 4712 3678 4777">
     <span class='ocr_line' id='line_1_109' title="bbox 2120 4712 3678 4777; baseline -0.004 -7"><span class='ocrx_word' id='word_1_764' title='bbox 2120 4718 2207 4770; x_wconf 90' lang='lat' dir='ltr'><strong>ille</strong></span> <span class='ocrx_word' id='word_1_765' title='bbox 2236 4718 2621 4771; x_wconf 59' lang='lat' dir='ltr'><strong>monasterium</strong></span> <span class='ocrx_word' id='word_1_766' title='bbox 2676 4715 2991 4777; x_wconf 57' lang='lat' dir='ltr'><strong>aediﬁcarat,</strong></span> <span class='ocrx_word' id='word_1_767' title='bbox 3028 4715 3096 4768; x_wconf 90' lang='lat' dir='ltr'><strong>ab</strong></span> <span class='ocrx_word' id='word_1_768' title='bbox 3129 4728 3298 4768; x_wconf 74' lang='lat' dir='ltr'><strong>uxore</strong></span> <span class='ocrx_word' id='word_1_769' title='bbox 3348 4729 3443 4766; x_wconf 81' lang='lat' dir='ltr'><strong>sua</strong></span> <span class='ocrx_word' id='word_1_770' title='bbox 3473 4723 3526 4767; x_wconf 90' lang='lat' dir='ltr'><strong>et</strong></span> <span class='ocrx_word' id='word_1_771' title='bbox 3565 4712 3678 4764; x_wconf 81' lang='lat' dir='ltr'><strong>Au-</strong></span> 
     </span>
    </p>
   </div>
   <div class='ocr_carea' id='block_1_110' title="bbox 2118 4804 3679 4879">
    <p class='ocr_par' dir='ltr' id='par_1_110' title="bbox 2118 4804 3679 4879">
     <span class='ocr_line' id='line_1_110' title="bbox 2118 4804 3679 4879; baseline -0.001 -19"><span class='ocrx_word' id='word_1_772' title='bbox 2118 4818 2276 4879; x_wconf 76' lang='lat' dir='ltr'><strong>gusta</strong></span> <span class='ocrx_word' id='word_1_773' title='bbox 2308 4816 2629 4877; x_wconf 90' lang='lat' dir='ltr'><strong>sumptuose</strong></span> <span class='ocrx_word' id='word_1_774' title='bbox 2653 4815 2876 4861; x_wconf 91' lang='lat' dir='ltr'><strong>curatus</strong></span> <span class='ocrx_word' id='word_1_775' title='bbox 2906 4821 2969 4860; x_wconf 88' lang='lat' dir='ltr'><strong>ac</strong></span> <span class='ocrx_word' id='word_1_776' title='bbox 3003 4808 3271 4875; x_wconf 84' lang='lat' dir='ltr'><strong>sepultus,</strong></span> <span class='ocrx_word' id='word_1_777' title='bbox 3298 4805 3483 4858; x_wconf 89' lang='lat' dir='ltr'><strong>relicta</strong></span> <span class='ocrx_word' id='word_1_778' title='bbox 3512 4804 3679 4858; x_wconf 88' lang='lat' dir='ltr'><strong>mise-</strong></span> 
     </span>
    </p>
   </div>
   <div class='ocr_carea' id='block_1_111' title="bbox 2120 4893 3680 4967">
    <p class='ocr_par' dir='ltr' id='par_1_111' title="bbox 2120 4893 3680 4967">
     <span class='ocr_line' id='line_1_111' title="bbox 2120 4893 3680 4967; baseline -0.008 -12"><span class='ocrx_word' id='word_1_779' title='bbox 2120 4904 2326 4955; x_wconf 88' lang='lat' dir='ltr'><strong>riarum</strong></span> <span class='ocrx_word' id='word_1_780' title='bbox 2358 4907 2412 4955; x_wconf 88' lang='lat' dir='ltr'><strong>et</strong></span> <span class='ocrx_word' id='word_1_781' title='bbox 2443 4900 2838 4961; x_wconf 89' lang='lat' dir='ltr'><strong>calamitatum,</strong></span> <span class='ocrx_word' id='word_1_782' title='bbox 2870 4912 3006 4967; x_wconf 88' lang='lat' dir='ltr'><strong>quas</strong></span> <span class='ocrx_word' id='word_1_783' title='bbox 3042 4896 3325 4960; x_wconf 90' lang='lat' dir='ltr'><strong>sustinuit,</strong></span> <span class='ocrx_word' id='word_1_784' title='bbox 3358 4904 3411 4949; x_wconf 87' lang='lat' dir='ltr'><strong>et</strong></span> <span class='ocrx_word' id='word_1_785' title='bbox 3448 4893 3680 4946; x_wconf 91' lang='lat' dir='ltr'><strong>infortu-</strong></span> 
     </span>
    </p>
   </div>
   <div class='ocr_carea' id='block_1_112' title="bbox 2122 4990 3684 5060">
    <p class='ocr_par' dir='ltr' id='par_1_112' title="bbox 2122 4990 3684 5060">
     <span class='ocr_line' id='line_1_112' title="bbox 2122 4990 3684 5060; baseline -0.006 -13"><span class='ocrx_word' id='word_1_786' title='bbox 2122 4995 2335 5049; x_wconf 90' lang='lat' dir='ltr'><strong>niorum</strong></span> <span class='ocrx_word' id='word_1_787' title='bbox 2401 4991 2839 5060; x_wconf 80' lang='lat' dir='ltr'><strong>exsuperantiqu</strong></span> <span class='ocrx_word' id='word_1_788' title='bbox 2909 4990 3089 5043; x_wconf 86' lang='lat' dir='ltr'><strong>omnia</strong></span> <span class='ocrx_word' id='word_1_789' title='bbox 3143 5001 3480 5058; x_wconf 77' lang='lat' dir='ltr'><strong>quaecunque</strong></span> <span class='ocrx_word' id='word_1_790' title='bbox 3524 4994 3684 5039; x_wconf 88' lang='lat' dir='ltr'><strong>antea</strong></span> 
     </span>
    </p>
   </div>
   <div class='ocr_carea' id='block_1_113' title="bbox 2123 5079 3684 5141">
    <p class='ocr_par' dir='ltr' id='par_1_113' title="bbox 2123 5079 3684 5141">
     <span class='ocr_line' id='line_1_113' title="bbox 2123 5079 3684 5141; baseline -0.006 -2"><span class='ocrx_word' id='word_1_791' title='bbox 2123 5087 2307 5141; x_wconf 89' lang='lat' dir='ltr'><strong>audita</strong></span> <span class='ocrx_word' id='word_1_792' title='bbox 2342 5084 2543 5138; x_wconf 79' lang='lat' dir='ltr'><strong>fuerint</strong></span> <span class='ocrx_word' id='word_1_793' title='bbox 2603 5083 2883 5137; x_wconf 88' lang='lat' dir='ltr'><strong>memoria.</strong></span> <span class='ocrx_word' id='word_1_794' title='bbox 2932 5082 2987 5133; x_wconf 95' lang='lat' dir='ltr'><strong>In</strong></span> <span class='ocrx_word' id='word_1_795' title='bbox 3049 5079 3252 5134; x_wconf 88' lang='lat' dir='ltr'><strong>talibus</strong></span> <span class='ocrx_word' id='word_1_796' title='bbox 3282 5086 3461 5133; x_wconf 82' lang='lat' dir='ltr'><strong>autem</strong></span> <span class='ocrx_word' id='word_1_797' title='bbox 3512 5091 3576 5130; x_wconf 89' lang='lat' dir='ltr'><strong>ac</strong></span> <span class='ocrx_word' id='word_1_798' title='bbox 3606 5084 3684 5130; x_wconf 88' lang='lat' dir='ltr'><strong>tot</strong></span> 
     </span>
    </p>
   </div>
   <div class='ocr_carea' id='block_1_114' title="bbox 2125 5166 3685 5242">
    <p class='ocr_par' dir='ltr' id='par_1_114' title="bbox 2125 5166 3685 5242">
     <span class='ocr_line' id='line_1_114' title="bbox 2125 5166 3685 5242; baseline -0.01 -9"><span class='ocrx_word' id='word_1_799' title='bbox 2125 5180 2283 5233; x_wconf 91' lang='lat' dir='ltr'><strong>malis</strong></span> <span class='ocrx_word' id='word_1_800' title='bbox 2345 5176 2551 5231; x_wconf 91' lang='lat' dir='ltr'><strong>nullum</strong></span> <span class='ocrx_word' id='word_1_801' title='bbox 2604 5174 2953 5229; x_wconf 86' lang='lat' dir='ltr'><strong>maledictum</strong></span> <span class='ocrx_word' id='word_1_802' title='bbox 2985 5172 3227 5242; x_wconf 88' lang='lat' dir='ltr'><strong>protu!it,</strong></span> <span class='ocrx_word' id='word_1_803' title='bbox 3264 5183 3441 5239; x_wconf 87' lang='lat' dir='ltr'><strong>neque</strong></span> <span class='ocrx_word' id='word_1_804' title='bbox 3481 5166 3685 5236; x_wconf 87' lang='lat' dir='ltr'><strong>aliquid</strong></span> 
     </span>
    </p>
   </div>
   <div class='ocr_carea' id='block_1_115' title="bbox 2126 5262 3685 5333">
    <p class='ocr_par' dir='ltr' id='par_1_115' title="bbox 2126 5262 3685 5333">
     <span class='ocr_line' id='line_1_115' title="bbox 2126 5262 3685 5333; baseline -0.011 -9"><span class='ocrx_word' id='word_1_805' title='bbox 2126 5270 2318 5324; x_wconf 80' lang='lat' dir='ltr'><strong>nefarii</strong></span> <span class='ocrx_word' id='word_1_806' title='bbox 2358 5270 2570 5321; x_wconf 91' lang='lat' dir='ltr'><strong>locutus</strong></span> <span class='ocrx_word' id='word_1_807' title='bbox 2598 5275 2703 5330; x_wconf 90' lang='lat' dir='ltr'><strong>est,</strong></span> <span class='ocrx_word' id='word_1_808' title='bbox 2723 5265 2815 5319; x_wconf 87' lang='lat' dir='ltr'><strong>sed</strong></span> <span class='ocrx_word' id='word_1_809' title='bbox 2843 5263 2949 5318; x_wconf 89' lang='lat' dir='ltr'><strong>Deo</strong></span> <span class='ocrx_word' id='word_1_810' title='bbox 2972 5262 3173 5333; x_wconf 85' lang='lat' dir='ltr'><strong>gratias</strong></span> <span class='ocrx_word' id='word_1_811' title='bbox 3194 5274 3351 5331; x_wconf 87' lang='lat' dir='ltr'><strong>agere</strong></span> <span class='ocrx_word' id='word_1_812' title='bbox 3379 5272 3685 5328; x_wconf 79' lang='lat' dir='ltr'><strong>persevera-</strong></span> 
     </span>
    </p>
   </div>
   <div class='ocr_carea' id='block_1_116' title="bbox 2127 5350 3685 5425">
    <p class='ocr_par' dir='ltr' id='par_1_116' title="bbox 2127 5350 3685 5425">
     <span class='ocr_line' id='line_1_116' title="bbox 2127 5350 3685 5425; baseline -0.009 -11"><span class='ocrx_word' id='word_1_813' title='bbox 2127 5362 2219 5414; x_wconf 76' lang='lat' dir='ltr'><strong>hat</strong></span> <span class='ocrx_word' id='word_1_814' title='bbox 2251 5369 2303 5413; x_wconf 92' lang='lat' dir='ltr'><strong>et</strong></span> <span class='ocrx_word' id='word_1_815' title='bbox 2337 5374 2499 5413; x_wconf 86' lang='lat' dir='ltr'><strong>casus</strong></span> <span class='ocrx_word' id='word_1_816' title='bbox 2557 5373 2711 5425; x_wconf 66' lang='lat' dir='ltr'><strong>aequo</strong></span> <span class='ocrx_word' id='word_1_817' title='bbox 2763 5356 2951 5409; x_wconf 78' lang='lat' dir='ltr'><strong>animo</strong></span> <span class='ocrx_word' id='word_1_818' title='bbox 2982 5354 3142 5407; x_wconf 85' lang='lat' dir='ltr'><strong>ferre.</strong></span> <span class='ocrx_word' id='word_1_819' title='bbox 3179 5350 3445 5406; x_wconf 90' lang='lat' dir='ltr'><strong>Dicuntur</strong></span> <span class='ocrx_word' id='word_1_820' title='bbox 3504 5358 3685 5401; x_wconf 87' lang='lat' dir='ltr'><strong>autem</strong></span> 
     </span>
    </p>
   </div>
   <div class='ocr_carea' id='block_1_117' title="bbox 2127 5439 3689 5523">
    <p class='ocr_par' dir='ltr' id='par_1_117' title="bbox 2127 5439 3689 5523">
     <span class='ocr_line' id='line_1_117' title="bbox 2127 5439 3689 5523; baseline -0.008 -18"><span class='ocrx_word' id='word_1_821' title='bbox 2127 5468 2247 5523; x_wconf 76' lang='lat' dir='ltr'><strong>qua:</strong></span> <span class='ocrx_word' id='word_1_822' title='bbox 2284 5460 2475 5504; x_wconf 87' lang='lat' dir='ltr'><strong>contra</strong></span> <span class='ocrx_word' id='word_1_823' title='bbox 2528 5451 2703 5518; x_wconf 88' lang='lat' dir='ltr'><strong>ipsum</strong></span> <span class='ocrx_word' id='word_1_824' title='bbox 2754 5446 2896 5500; x_wconf 81' lang='lat' dir='ltr'><strong>facta</strong></span> <span class='ocrx_word' id='word_1_825' title='bbox 2932 5452 3059 5499; x_wconf 90' lang='lat' dir='ltr'><strong>sunt</strong></span> <span class='ocrx_word' id='word_1_826' title='bbox 3117 5442 3385 5497; x_wconf 88' lang='lat' dir='ltr'><strong>insciente</strong></span> <span class='ocrx_word' id='word_1_827' title='bbox 3421 5449 3475 5495; x_wconf 88' lang='lat' dir='ltr'><strong>et</strong></span> <span class='ocrx_word' id='word_1_828' title='bbox 3519 5439 3689 5493; x_wconf 88' lang='lat' dir='ltr'><strong>invito</strong></span> 
     </span>
    </p>
   </div>
   <div class='ocr_carea' id='block_1_118' title="bbox 2131 5530 3687 5611">
    <p class='ocr_par' dir='ltr' id='par_1_118' title="bbox 2131 5530 3687 5611">
     <span class='ocr_line' id='line_1_118' title="bbox 2131 5530 3687 5611; baseline -0.01 -15"><span class='ocrx_word' id='word_1_829' title='bbox 2131 5544 2453 5611; x_wconf 83' lang='lat' dir='ltr'><strong>imperatore</strong></span> <span class='ocrx_word' id='word_1_830' title='bbox 2486 5537 2745 5593; x_wconf 81' lang='lat' dir='ltr'><strong>Michaele</strong></span> <span class='ocrx_word' id='word_1_831' title='bbox 2797 5535 2961 5597; x_wconf 89' lang='lat' dir='ltr'><strong>facta,</strong></span> <span class='ocrx_word' id='word_1_832' title='bbox 3023 5541 3080 5585; x_wconf 93' lang='lat' dir='ltr'><strong>ut</strong></span> <span class='ocrx_word' id='word_1_833' title='bbox 3126 5540 3312 5602; x_wconf 84' lang='lat' dir='ltr'><strong>postea</strong></span> <span class='ocrx_word' id='word_1_834' title='bbox 3343 5530 3687 5601; x_wconf 81' lang='lat' dir='ltr'><strong>ipsejureju-</strong></span> 
     </span>
    </p>
   </div>
   <div class='ocr_carea' id='block_1_119' title="bbox 2131 5620 3689 5689">
    <p class='ocr_par' dir='ltr' id='par_1_119' title="bbox 2131 5620 3689 5689">
     <span class='ocr_line' id='line_1_119' title="bbox 2131 5620 3689 5689; baseline -0.012 0"><span class='ocrx_word' id='word_1_835' title='bbox 2131 5632 2300 5689; x_wconf 86' lang='lat' dir='ltr'><strong>rando</strong></span> <span class='ocrx_word' id='word_1_836' title='bbox 2345 5629 2586 5684; x_wconf 83' lang='lat' dir='ltr'><strong>adhibito</strong></span> <span class='ocrx_word' id='word_1_837' title='bbox 2632 5625 2997 5685; x_wconf 87' lang='lat' dir='ltr'><strong>asseverabat,</strong></span> <span class='ocrx_word' id='word_1_838' title='bbox 3039 5621 3254 5677; x_wconf 74' lang='lat' dir='ltr'><strong>Caesare</strong></span> <span class='ocrx_word' id='word_1_839' title='bbox 3300 5623 3412 5675; x_wconf 68' lang='lat' dir='ltr'><strong>haec</strong></span> <span class='ocrx_word' id='word_1_840' title='bbox 3458 5620 3597 5673; x_wconf 85' lang='lat' dir='ltr'><strong>clam</strong></span> <span class='ocrx_word' id='word_1_841' title='bbox 3636 5627 3689 5673; x_wconf 90' lang='lat' dir='ltr'><strong>et</strong></span> 
     </span>
    </p>
   </div>
   <div class='ocr_carea' id='block_1_120' title="bbox 2131 5711 3690 5784">
    <p class='ocr_par' dir='ltr' id='par_1_120' title="bbox 2131 5711 3690 5784">
     <span class='ocr_line' id='line_1_120' title="bbox 2131 5711 3690 5784; baseline -0.009 -7"><span class='ocrx_word' id='word_1_842' title='bbox 2131 5722 2342 5777; x_wconf 83' lang='lat' dir='ltr'><strong>occulte</strong></span> <span class='ocrx_word' id='word_1_843' title='bbox 2366 5718 2783 5774; x_wconf 88' lang='lat' dir='ltr'><strong>administrante</strong></span> <span class='ocrx_word' id='word_1_844' title='bbox 2811 5730 2872 5770; x_wconf 87' lang='lat' dir='ltr'><strong>ac</strong></span> <span class='ocrx_word' id='word_1_845' title='bbox 2900 5712 3236 5784; x_wconf 83' lang='lat' dir='ltr'><strong>perficiente.</strong></span> <span class='ocrx_word' id='word_1_846' title='bbox 3267 5711 3364 5765; x_wconf 88' lang='lat' dir='ltr'><strong>Hic</strong></span> <span class='ocrx_word' id='word_1_847' title='bbox 3397 5712 3690 5780; x_wconf 81' lang='lat' dir='ltr'><strong>imperator</strong></span> 
     </span>
    </p>
   </div>
   <div class='ocr_carea' id='block_1_121' title="bbox 2133 5802 3688 5883">
    <p class='ocr_par' dir='ltr' id='par_1_121' title="bbox 2133 5802 3688 5883">
     <span class='ocr_line' id='line_1_121' title="bbox 2133 5802 3688 5883; baseline -0.015 -18"><span class='ocrx_word' id='word_1_848' title='bbox 2133 5812 2509 5883; x_wconf 75' lang='lat' dir='ltr'><strong>episcopatum</strong></span> <span class='ocrx_word' id='word_1_849' title='bbox 2564 5805 2821 5861; x_wconf 72' lang='lat' dir='ltr'><strong>Nazianzi</strong></span> <span class='ocrx_word' id='word_1_850' title='bbox 2855 5809 2920 5859; x_wconf 78' lang='lat' dir='ltr'><strong>ad</strong></span> <span class='ocrx_word' id='word_1_851' title='bbox 2954 5802 3076 5868; x_wconf 84' lang='lat' dir='ltr'><strong>jura</strong></span> <span class='ocrx_word' id='word_1_852' title='bbox 3127 5802 3543 5868; x_wconf 86' lang='lat' dir='ltr'><strong>metropolitana</strong></span> <span class='ocrx_word' id='word_1_853' title='bbox 3571 5818 3688 5874; x_wconf 67' lang='lat' dir='ltr'><strong>per.</strong></span> 
     </span>
    </p>
   </div>
  </div>
