4424 6450
414 393 508 452 l3?

414 592 732 661 συλληῳοεὶς
760 599 957 663 ἐκεῖσε,
988 605 1051 669 τῇ
1082 604 1174 654 τοῦ
1227 604 1462 673 θέματος
1503 615 1710 680 φρουρᾷ
1747 617 1979 678 παραδί-

408 683 560 735 δοται
591 702 604 716 ο
638 688 730 739 καὶ
773 685 839 759 ἦν
893 692 1203 763 ἔμφρουρος
1254 698 1345 749 ἐπὶ
1380 701 1568 768 χρόνον
1629 705 1744 754 τῖνᾶ
1780 721 1803 752 ο
1861 723 1981 758 πιεικι

413 778 688 845 περίδοξος
742 784 1155 851 γνωριζόμενος.
1228 788 1609 861 Ἀναρρυσθεὶς
1660 800 1715 848 δε
1771 802 1829 851 ti".
1898 804 1981 851 rei

413 869 695 935 Διογένους
724 873 1080 943 ἀναγορεύσει
1115 880 1209 929 καὶ
1236 882 1314 943 είς
1340 883 1504 949 νῆσόν
1520 901 1639 937 τινα
1658 889 1981 956 ἐξορισθεὶς,

408 959 696 1028 ὑποσχέσει
719 968 1015 1035 χρημάτων
1052 970 1312 1042 δτκαστὴς
1351 975 1594 1040 Ἑλλάδος
1620 981 1711 1031 καὶ
1747 982 1974 1051 Ἓλλησ-

412 1050 606 1103 πόντου
651 1056 1032 1124 προϐέϐληται.
1074 1064 1166 1114 καὶ
1187 1066 1253 1116 τά
1278 1068 1396 1119 κατ’
1426 1067 1723 1142 ἐκείνην-ἧν
1744 1073 1980 1129 διοικῶν.

414 1142 617 1196 Τοῦτον
653 1149 743 1199 ἐπὶ
767 1150 921 1219 κακῷ
953 1153 1060 1206 τῶν
1105 1155 1393 1224 Ῥωμαίων
1419 1162 1447 1213 ό
1476 1162 1728 1229 βασιλεὺς
1768 1167 1984 1237 Μιχαὴλ

416 1240 913 1310 μεταπεμψάμενος
938 1246 1016 1307 εἰς
1047 1246 1145 1315 τὴν
1174 1249 1281 1301 τῶν
1321 1254 1515 1305 κοινῶν
1559 1256 1821 1318 διοίκησιν
1856 1279 1987 1311 καῖ-

413 1329 702 1396 εστήσατο,
755 1332 839 1404 [Ρ.
866 1336 991 1409 846]
1028 1338 1315 1411 λογοθέτην
1350 1347 1509 1399 αὐτὸν
1558 1350 1981 1419 προϐαλόμενος.

414 1420 519 1472 Καὶ
551 1422 760 1488 γίνεται
794 1427 821 1477 ὁ
845 1427 1096 1495 βασιλεὺς
1122 1434 1397 1505 ἁλώσιμος
1448 1442 1565 1502 ταῖς
1621 1443 1784 1495 αὐτοῦ
1818 1463 1983 1514 τερα·

410 1513 579 1574 τείαις
618 1519 711 1569 καὶ
750 1522 1110 1587 μαγγανείαις
1153 1521 1240 1578 οἶα
1276 1528 1349 1597 μὴ
1393 1531 1663 1601 εὐμοιρῶν
1705 1513 1985 1605 φρονήμα-

409 1620 501 1663 τος
529 1606 776 1672 ἀνδρείου
817 1613 909 1663 καὶ
953 1615 1256 1686 σταθηροῦ·
1290 1620 1370 1672 διδ
1426 1623 1521 1674 καὶ¹
1568 1625 1846 1688 ἐξωθεῖται
1889 1629 1985 1697 μὲν

409 1696 437 1743 ὁ
468 1694 647 1764 Σίδης,
710 1699 889 1754 πάντα
945 1702 1001 1755 δὲ
1046 1706 1211 1769 αὐτὸς
1262 1710 1339 1769 είς
1407 1711 1595 1762 ἑαυτὸν
1639 1714 1980 1782 ἀναδέχεται,

411 1785 690 1855 ἁθύρμασι
728 1792 826 1843 τοῦ
884 1795 1102 1864 Μιχαὴλ
1169 1800 1261 1851 καὶ
1311 1802 1552 1865 παιδιαῖς
1605 1805 1983 1874 παιδαριώδεσι

412 1879 827 1944 προσκειμένου,
856 1884 949 1936 τοῦ
982 1886 1187 1939 ὑπάτου
1224 1889 1332 1941 τῶν
1365 1892 1669 1961 φιλοσόφων
1694 1895 1983 1950 Κωνσταν-

409 1966 555 2019 τίνου
583 1968 674 2021 τοῦ
705 1972 915 2026 Ψελλοῡ
942 1977 1075 2045 πρὸς
1106 1977 1250 2032 ἆπαν
1280 1981 1439 2051 ἔργον
1464 1984 1670 2050 assem
1703 1988 1864 2040 αὐτὸν
1887 1990 1979 2041 καὶ

408 2056 691 2124 ἄπρακτον
726 2064 1215 2135 ἀπεργασαμένου.
1266 2072 1747 2141 Παραγκωνίζεται
1785 2078 1840 2130 δέ
1889 2079 1980 2131 καὶ

408 2148 497 2198 τὸν
516 2149 610 2201 τοῦ
636 2150 1008 2219 βασιλεύοντος
1030 2158 1174 2213 θεῖον
1192 2160 1449 2233 Ἰωάννην
1474 2164 1565 2217 τὸν
1586 2166 1861 2237 Καίσαρα,
1888 2171 1980 2223 καὶ

408 2237 483 2306 τῷ
496 2241 698 2311 ἀνεψιῷ
717 2246 807 2296 καὶ
827 2245 890 2314 βα
902 2250 1038 2300 σιὶεί
1060 2249 1298 2305 ὕποπτον
1313 2255 1700 2326 ἀπεργάζεται.
1720 2261 1828 2313 Καὶ
1847 2263 1979 2314 πάν⁸

410 2346 501 2391 τας
522 2332 706 2396 ἀπλῶς
730 2337 855 2399 τοὺς
878 2340 1239 2405 οἰκειοτάτους
1263 2344 1339 2407 ὠς
1362 2348 1802 2417 πολεμιωτάτους
1828 2369 1978 2405 συκο-

409 2426 621 2487 φαντεῖ,
653 2426 743 2478 καὶ
767 2428 982 2482 πάντων
1003 2433 1259 2499 ἀποξενοῖ
1289 2438 1388 2505 τὴν
1430 2440 1524 2491 τοῦ
1561 2439 1822 2508 βασιλέως
1864 2445 1979 2497 διά-

408 2514 557 2565 θεσιν
584 2554 598 2577 ,
634 2518 753 2570 ὅλον
781 2537 838 2572 τε
865 2522 957 2573 τὸν
986 2526 1345 2591 μειρακίσκον
1368 2531 1705 2586 ὑποποιεῐται
1747 2536 1973 2590 ἄνακτα.

410 2607 647 2659 λιᾴᾶκεῖνο
684 2611 816 2663 πᾶσι
841 2611 1118 2680 βασιλικὴν
1152 2617 1429 2687 ἐνομίζετο
1461 2622 1810 2695 πρόσταγμα,
1848 2628 1874 2680 ὃ
1901 2627 1977 2699 τῷ

414 2700 824 2771 μηχανορράςιῳ
856 2704 1032 2775 τούτῳ
1086 2708 1279 2761 ἐδόκει.
1330 2711 1611 2766 Ἐντεῦθεν
1649 2719 1977 2787 κατηγορίαι

412 2784 507 2832 καὶ
547 2784 869 2856 ἀπαιτήσεις
900 2792 1091 2845 ἀθώων
1116 2796 1207 2847 καὶ
1233 2798 1617 2870 ἀκατακρίτων
1644 2804 1851 2874 ἀνδρῶν
1885 2810 1978 2862 καὶ

412 2874 582 2934 τίσεις
634 2879 1057 2949 ἁχρεωστήτων,
1121 2887 1214 2937 καὶ
1252 2888 1430 2957 κρίσις
1485 2891 1561 2960 τῷ
1617 2893 1864 2965 δημοσίῳ
1919 2899 1977 2950 τὸ

408 2963 590 3024 πλέον,
628 2967 688 3017 οὐ
725 2968 800 3036 τῷ
821 2970 1013 3039 δικαίῳ
1039 2973 1398 3042 βραϐεύουσα,
1440 2980 1532 3049 ἀφ’
1555 2975 1631 3036 ὧν
1686 2963 1977 3055 δημεόσεις

411 3052 695 3107 καθολικαί
722 3075 777 3110 τε
804 3062 896 3111 καὶ
921 3065 1146 3131 μερικαὶ
1177 3070 1507 3139 κατηγορίαι
1533 3052 1856 3141 συχναὶ-καὶ
1888 3080 1976 3130 πί-

410 3160 527 3204 στις
565 3146 723 3209 εὐθὺς
751 3150 1209 3223 ἀπαραλόγιστος,
1255 3160 1348 3213 καὶ
1376 3162 1482 3215 τῶν
1510 3166 1824 3235 πασχόντων
1853 3169 1977 3239 θρῆ-

409 3252 499 3296 νος
525 3236 773 3303 ἐλεεινὸς,
808 3245 901 3295 καὶ
941 3246 1048 3297 τῶν
1086 3251 1476 3318 γυμνουμένων
1507 3258 1750 3322 κωκυτὸς
1776 3260 1981 3331 ἀφόρη-

409 3341 499 3385 τος
526 3327 616 3377 καὶ
644 3330 1008 3403 πολύδακρυς.
1054 3337 1214 3393 Ἀλλά
1254 3341 1460 3396 τούτων
1480 3344 1624 3399 οὕτω
1668 3351 1977 3418 γυμνουμέ-

408 3432 515 3465 νων
551 3415 806 3484 θεήλατός
841 3440 922 3485 τις
961 3426 1097 3496 ὀργὴ
1136 3428 1233 3486 τὴν
1280 3431 1453 3502 Ἐᾠαν
1499 3415 1813 3507 κατείληφε.
1859 3415 1979 3495 Τῶν

409 3506 521 3573 γάρ
555 3508 688 3577 πρὸς
741 3514 998 3583 Διογένην
1067 3521 1357 3589 εἰρηνικῶν
1427 3506 1745 3595 συμφώνων
1793 3533 1979 3601 ἀργῶν

411 3599 712 3663 μεινάντων
741 3605 831 3655 καὶ
852 3606 1165 3673 ἀπράκτων,
1192 3611 1346 3682 θυμῷ
1369 3618 1782 3688 συνεχόμενοιοὶ
1805 3599 1978 3696 Τοῦρ-

411 3704 496 3738 κοι
546 3691 630 3757 ἐφ’
658 3686 758 3757 οἷς,
790 3693 855 3758 ,ὃν
884 3697 1038 3749 αὐτοὶ
1067 3698 1140 3763 ὡς
1170 3703 1363 3773 ἐχθρὸν
1389 3686 1670 3778 εἰληφότες
1714 3715 1805 3768 καὶ
1845 3686 1977 3771 ὑπο-

410 3778 613 3847 χείριον
651 3783 830 3854 πάσης
874 3790 1103 3859 κομιδῆς
1151 3794 1245 3847 καὶ
1287 3798 1451 3867 τιμῆς
1484 3800 1747 3869 ἠξιώκασι
1784 3809 1876 3861 καὶ
1912 3815 1976 3881 τῇ

418 3868 520 3939 ἰδία
580 3873 903 3947 ἐπικρατείᾳ
948 3876 1101 3944 αὖθις
1149 3886 1626 3962 ἀποκατέστησαν,
1682 3898 1730 3949 οἱ
1792 3903 1978 3955 οἰκεῖοι

416 3963 696 4027 μανιωδῶς
724 3966 798 4029 ὠς
828 3970 1002 4041 ἐχθρῷ
1020 3978 1466 4046 προσενεχθέντες
1492 3985 1756 4058 ἀσπόνδῳ,
1780 3989 1816 4043 ἃ
1848 3994 1976 4063 παρ’

414 4050 598 4116 αὐτοῖς
629 4056 791 4127 ἐχρῆν
822 4062 983 4115 αὐτὸν
1009 4065 1219 4132 παθεῖν,
1252 4072 1299 4121 oi
1327 4076 1558 4138 γνωστοὶ
1580 4080 1671 4131 καὶ
1702 4050 1977 4149 συγγενεῖς

416 4144 511 4194 καὶ
541 4148 649 4208 τοῖς
678 4148 779 4217 τῆς
820 4153 1040 4225 εἰρήνης
1073 4158 1258 4227 νόμοις
1282 4163 1541 4233 ἀγόμενοι
1569 4144 1979 4245 διαπεπράχασι

413 4236 507 4286 καὶ
543 4238 794 4310 οἰκτίστῳ
838 4246 928 4296 καὶ¹
962 4249 1218 4320 ἐπωδύνῳ
1258 4252 1473 4328 θανάτῳ
1534 4236 1978 4333 παραδεδιῦκασιν

414 4327 708 4397 (ὑπήλγουν
738 4334 844 4404 γὰρ
883 4337 1031 4407 αὑτῷ
1054 4342 1147 4394 καὶ
1175 4346 1223 4395 οἱ
1256 4327 1525 4418 ἀλλότριοι
1554 4327 1643 4406 διά
1667 4355 1727 4409 τὸ
1773 4357 1978 4428 πλῆθος

413 4418 523 4470 τῶν
568 4421 756 4498 δεινῶν
796 4428 890 4479 καὶ
917 4430 977 4482 τὸ
1025 4432 1124 4503 τῆς
1172 4442 1458 4508 συμφορᾶς
1512 4418 1973 4522 ἀπαρηγόρητον),

410 4509 642 4579 ἄραντες
669 4519 732 4570 ἐκ
756 4519 1017 4586 Περσίδος
1048 4529 1372 4598 παμπληθὲς

410 4601 506 4654 τοῦ
572 4604 894 4675 κωλύοντος,
958 4618 1070 4679 τοῖς
1126 4618 1454 4689 Ῥωμαϊκοῖς
1530 4629 1976 4701 ἐπιστρατεύουσι

411 4694 635 4765 θέμασι,
691 4703 784 4755 καὶ
830 4706 1002 4760 ταῦτα
1065 4712 1526 4784 κατελυμήναντο,
1596 4722 1655 4773 οὐ
1713 4729 1978 4795 σποράδες

410 4788 802 4857 ἐπιφοιτῶντες
830 4794 906 4858 ὡς
930 4798 989 4849 τὸ
1026 4802 1174 4869 πρὶν,
1213 4805 1306 4855 καὶ
1354 4808 1587 4873 φυγάδες
1635 4788 1973 4886 αὐτόχρημα,

416 4879 616 4944 μᾶλλον
654 4882 707 4935 δὲ
732 4884 807 4947 ὠς
833 4885 1087 4943 δεσπόται
1130 4893 1237 4947 τῶν
1286 4901 1696 4968 προστυχόντων
1744 4924 1979 4964 κατακυο

412 5062 648 5131 ἀγείρων
712 5071 1071 5135 στρατόπεδον
1118 5078 1297 5131 ἰκανὸν
1340 5087 1637 5153 στρατηγὸν
1686 5091 1847 5144 αὑτοῦ
1884 5095 1977 5162 ἐφ-

415 5153 593 5221 ίστησι
653 5158 742 5211 τὸν
790 5162 1072 5233 Κομνηνδν
1108 5167 1393 5227 ἰσαάκιον.
1426 5175 1705 5250 Συνίστησι
1730 5183 1773 5235 δ’
1828 5188 1976 5258 αὑτῷ

414 5249 505 5299 καὶ
542 5248 842 5308 Ῥουσέλιον
878 5258 970 5311 τὸν
996 5262 1225 5315 Λατῖνον
1259 5267 1397 5334 μετά
1429 5248 1740 5339 Φραγγικοῦ
1787 5248 1976 5332 συντάξ-

413 5354 641 5404 γματος,
674 5345 753 5407 εἰς
809 5353 1195 5420 τετρακοσίους
1243 5361 1525 5430 Φράγγους
1572 5367 1971 5434 ἀναϐαίνοντος.

426 5429 512 5479 Ἐν
534 5429 612 5498 τῷ
638 5433 839 5506 Ἰκονίῳ
861 5438 917 5492 δὲ
934 5442 1027 5495 τοῦ
1054 5452 1421 5515 στρατοπέδου
1440 5459 1728 5526 γενομένου
1755 5464 1972 5529 παντὸς,

412 5519 737 5589 φιλονεικίας
786 5532 1073 5604 συμὸάσης
1112 5541 1255 5603 τινος
1290 5544 1583 5599 ἀποστατεῖ
1618 5553 1915 5618 τηνικαῦτα
1948 5556 1975 5607 ό

428 5610 723 5683 Ῥουσὲὶιος
748 5629 1061 5692 προφανῶς,
1090 5632 1179 5683 καὶ
1201 5635 1325 5696 τοὺς
1343 5638 1625 5707 Φράγγους
1649 5646 1975 5712 παραλαϐὼν

416 5702 606 5769 ἑτέραν
627 5708 902 5779 ἐτράπετο,
921 5721 1013 5772 καὶ
1029 5722 1098 5774 τά
1116 5724 1235 5777 καθ’
1253 5726 1442 5782 ἐαυτδν
1462 5732 1539 5801 τῷ
1562 5732 1674 5801 ἰδίῳ
1693 5735 1972 5803 ἐπιτρέπει

416 5796 791 5866 θελήματιιιτ.
819 5808 942 5875 M7]
976 5812 1236 5869 Ἀνελθὼν
1264 5816 1319 5869 δὲ
1344 5821 1421 5881 είς
1451 5796 1773 5894 Μελιτηνὴν,
1805 5796 1972 5897 ’θούρ-

1847 416 2155 477 illS’l'Ulil
2183 423 2234 480 —\.

320 562 327 567 _
410 505 472 569 τῇ
506 503 668 572 Συρίᾳ
695 504 914 572 γέγονεν
939 508 1126 571 αἴτιος.
1153 512 1340 581 Ὅμως
1361 514 1409 566 δ’
1433 511 1524 569 οὖν
1565 525 1983 588 κατηγορηθείς,
2024 540 2062 588 Α

858 524 914 557 εν
939 508 1126 571 αἴτιος.
1153 512 1340 581 Ὅμως
1361 514 1409 566 δ’
1433 511 1524 569 οὖν
1565 525 1983 588 κατηγορηθείς,
2024 540 2062 588 Α
2097 530 2337 585 claratus
2364 536 2528 588 semel
2554 546 2605 588 at

3560 448 3662 508 ιιιι

2612 555 2717 607 que
2760 542 2956 596 iterum
3004 547 3338 605 infinitarum
3375 562 3661 624 perturba-

2086 620 2291 674 tionum
2322 632 2375 676 et
2410 627 2735 683 seditionum
2769 630 3149 702 Syrlteaut-tor
3178 641 3389 707 fuerat;
3424 657 3662 704 attamen

2086 725 2378 772 accusatus
2418 730 2469 773 et
2492 726 2919 791 comprehensus
2952 730 3057 781 illic
3111 734 3162 786 in
3205 738 3510 793 custodiam
3546 756 3658 795 tra-

2086 805 2231 861 ditus
2257 808 2454 872 fuerat,
2496 813 2583 865 ubi
2626 816 2940 885 aliquandiu
2994 824 3357 891 detinebatur,
3406 833 3553 899 prius
3591 837 3661 890 ibi

2087 895 2314 952 illustris
2347 904 2619 970 cognitus.
2649 907 2921 978 Effugiens
2956 931 3083 970 vero
3116 934 3221 986 quo
3260 929 3503 990 tempore
3538 924 3664 980 Dio-

2085 1004 2245 1055 genes
2269 991 2367 1045 fuit
2395 994 2723 1060 declaratus,
2760 1009 2811 1053 et
2842 1003 2893 1055 in
2934 1007 3224 1072 quamdam
3267 1011 3494 1065 insulam
3528 1016 3665 1067 rule»

2084 1088 2260 1147 gatus,
2302 1087 2658 1150 pecuniarum
2714 1092 3105 1159 pollicitatione
3146 1102 3310 1168 judex
3358 1104 3576 1159 Grtecite
3611 1118 3663 1160 et

2089 1169 2446 1242 Peloponnesi
2477 1179 2722 1237 delectus
2755 1194 2859 1247 est,
2881 1197 2933 1239 et
2965 1204 3050 1241 res
3080 1206 3142 1243 ao
3170 1211 3285 1246 eam
3324 1196 3613 1263 pCl'lillt'lili
3638 1220 3661 1254 s

2086 1266 2492 1323 moderabatur.
2525 1271 2675 1330 Hunc
2706 1275 3076 1332 Romanorum
3125 1287 3267 1340 malo
3298 1287 3525 1345 Michael
3560 1310 3662 1347 ac-

2086 1357 2344 1411 cersitum
2408 1362 2483 1414 rei
2565 1365 2794 1432 publica:
2874 1369 3335 1430 administrationi
3401 1381 3657 1447 przeiecit.

2086 1448 2412 1516 logothetam
2435 1453 2611 1521 ipsum
2644 1458 2954 1516 declarans.
2989 1462 3327 1534 Capiturque
3366 1470 3660 1538 imperator

2088 1539 2233 1596 illius
2258 1545 2549 1615 prtesdgiis
2583 1556 2636 1600 et
2668 1552 3192 1619 machinationilms,
3228 1572 3412 1628 utpote
3441 1563 3530 1629 qui
3583 1568 3656 1613 \i-

2086 1634 2205 1687 rilis
2264 1638 2462 1692 mentis
2512 1650 2565 1693 et
2630 1644 2846 1699 stabilis
2892 1665 3089 1716 expers
3148 1664 3318 1707 esset.
3364 1654 3427 1707 Et
3458 1658 3658 1709 idcirco

2087 1727 2377 1794 expellitur
2423 1729 2564 1786 Sida:
2625 1734 2933 1803 praefectus,
2988 1742 3283 1813 omniaque
3339 1747 3466 1815 ipse.
3502 1748 3564 1800 ad
3601 1765 3657 1801 se

2090 1833 2256 1871 unum
2276 1830 2515 1883 revocat,
2544 1822 2803 1882 Micbacle
2838 1829 3057 1885 interim
3092 1836 3250 1903 nugis
3275 1847 3329 1890 et
3360 1839 3502 1893 ludis
3527 1856 3650 1908 ptu-

2012 1903 2054 1957 B
2086 1910 2278 1965 rilibus
2310 1925 2571 1983 perpetuo
2609 1930 2853 1984 vacante,
2885 1936 3008 1975 cum
3042 1926 3491 1996 philosophorum
3524 1946 3654 1999 p:'1t:~

2082 2002 2454 2059 stantissimus
2507 2005 2908 2067 Constantinus
2950 2013 3161 2071 Psellus
3207 2018 3382 2087 ipsum
3423 2022 3656 2087 impera-

2083 2100 2254 2145 torem
2287 2094 2352 2148 ad
2384 2110 2545 2151 omne
2576 2113 2713 2168 opus
2759 2101 3005 2159 inutilem
3047 2115 3101 2160 et
3156 2110 3339 2163 minus
3397 2112 3650 2165 idoneum

2080 2182 2239 2251 ’107
2313 2185 2656 2244 reddidisset.
2723 2189 2826 2247 Sed
2882 2205 2936 2248 et
3006 2196 3347 2266 imperatoris
3401 2212 3650 2269 patruum

2078 2269 2339 2324 Joannem
2374 2271 2642 2329 Caesarem
2675 2279 2948 2334 submovit
2979 2294 3032 2337 et
3074 2284 3261 2341 fratris
3306 2289 3417 2343 lilio
3445 2294 3653 2359 ipsique

2082 2358 2398 2426 imperatori
2432 2375 2748 2432 suspectum
2804 2368 3001 2425 effecit.
3066 2374 3131 2426 lit
3178 2392 3367 2431 omnes
3428 2396 3652 2447 prorsu-z

2084 2451 2320 2506 maxime
2360 2452 2661 2510 familiares
2704 2469 2761 2512 ut
2813 2459 3225 2519 inimicissimos
3264 2467 3650 2535 calumniatur,

2080 2557 2380 2612 omnesque
2413 2546 2765 2615 imperatoris
2828 2552 3203 2610 benevolentia
3239 2558 3439 2627 privat,
3476 2577 3537 2615 ac
3565 2572 3649 2613 to—

2079 2640 2191 2686 tum
2220 2634 2686 2690 adolescentulum
2715 2640 2814 2693 sibi
2838 2657 3019 2712 regem
3047 2646 3286 2715 subjicit.
3315 2651 3485 2719 Atque.
3520 2653 3649 2706 illud

2079 2727 2335 2784 omnibus
2363 2743 2463 2798 pro
2503 2729 2851 2800 imperatoris
2905 2734 3083 2792 edicto
3146 2740 3445 2796 habebatur
3478 2747 3652 2813 quod-

2079 2832 2294 2887 cunque
2328 2820 2451 2875 huic
2495 2825 2860 2879 macltinatori
2911 2828 3209 2887 videretur.
3260 2834 3394 2890 llinc
3428 2852 3654 2892 accusa-

2080 2909 2253 2962 tiones.
2285 2920 2337 2964 et
2389 2911 2702 2981 frequentes
2756 2916 3061 2975 delationes
3096 2938 3281 2977 eorum
3328 2930 3419 2995 qui
3450 2928 3652 2982 indit-ta

2078 3015 2242 3054 causa
2296 3001 2707 3070 damnarentur,
2757 3021 2808 3063 et
2861 3024 3036 3077 prima:
3076 3016 3297 3070 minime
3331 3018 3543 3085 debitw,
3598 3034 3653 3073 τι

2072 3092 2340 3160 judicium
2372 3096 2570 3164 smpius
2606 3098 2671 3151 ad
2710 3101 3043 3156 voluntatem
3104 3108 3245 3175 vulgi
3296 3126 3457 3178 quam
3512 3113 3654 3179 juste

2081 3184 2369 3252 prolatum.
2424 3185 2576 3242 Unde
2621 3189 2887 3246 bonorum
2944 3195 3341 3263 publicationes
3372 3210 3483 3255 tum
3538 3205 3653 3257 uui-

2084 3287 2391 3341 versorum,
2427 3287 2537 3331 tum
2566 3280 2926 3349 singulorum,
2964 3287 3569 3347 crebtzeaccusationcs
3601 3302 3653 3346 et

2086 3363 2218 3419 fides
2241 3368 2425 3420 statim
2455 3374 2767 3436 temeraria,
2800 3390 2987 3430 eorum
3032 3379 3126 3447 qui
3170 3382 3519 3448 patiebantur
3552 3387 3652 3439 mi-

2082 3454 2338 3511 serabilis
2367 3457 2708 3525 lamentatio,
2733 3471 2787 3517 et
2810 3465 3165 3533 spoliatormn
3196 3470 3376 3525 luctus
3400 3474 3651 3529 intolera.

2082 3542 2207 3598 bilis
2224 3556 2277 3598 et
2298 3547 2480 3602 multa:
2504 3550 2773 3621 lacrymae.
2800 3556 2997 3611 Verum
3031 3559 3112 3613 his
3148 3562 3220 3615 ita
3253 3565 3498 3631 spoliatis
3516 3567 3651 3620 divi-

2084 3636 2231 3692 nitus
2256 3640 2501 3708 qumdam
2536 3643 2779 3701 immissa
2824 3648 2901 3701 ira
2938 3650 3211 3706 Orientem
3256 3654 3470 3710 invasit.
3515 3657 3648 3712 Nam

2082 3741 2203 3780 cum
2238 3732 2386 3798 pacis
2414 3730 2593 3789 foedus
2625 3751 2752 3805 erga
2816 3738 3105 3807 Diogenem
3155 3744 3450 3801 violaretur
3486 3758 3647 3818 atque

2083 3820 2297 3874 irritum
2344 3834 2510 3890 esset,
2538 3827 2614 3880 ira
2673 3831 2862 3898 perciti
2920 3830 3104 3899 Turci,
3157 3846 3446 3905 propterea
3502 3839 3647 3908 quod

2081 3928 2241 3980 quem
2284 3914 2385 3983 ipsi
2423 3928 2478 3969 ut
2544 3919 2827 3974 inimicum
2860 3932 3078 3993 captum
3105 3935 3158 3980 ct
3199 3927 3250 3981 in
3303 3944 3457 3983 suam
3492 3942 3648 4000 pote-

2082 4014 2273 4057 statem
2325 4008 2606 4065 redactum
2656 4015 2803 4067 omni
2861 4031 2991 4071 cura
3048 4028 3100 4073 et
3163 4019 3369 4075 honore
3441 4021 3646 4092 dignati

2082 4096 2298 4151 fuerant
2326 4103 2713 4174 propriumque
2744 4108 2791 4160 ei
2831 4107 3119 4176 imperium
3160 4114 3534 4176 restituerant.
3561 4117 3645 4169 sui

2079 4203 2205 4259 erga
2226 4190 2404 4259 ipsum
2434 4180 2635 4250 furiose
2660 4205 2716 4249 ut
2741 4197 3021 4253 inimicum
3049 4202 3271 4258 minime
3298 4205 3645 4259 conciliatum

2080 4294 2140 4334 se
2163 4291 2466 4349 gesserant,
2496 4295 2545 4340 et
2576 4302 2695 4355 quae
2733 4290 2801 4341 ab
2830 4288 2965 4358 ipsis
2994 4291 3142 4346 illum
3175 4296 3283 4364 pati
3311 4306 3644 4365 oportuerat,

2080 4372 2307 4427 amiciet
2332 4377 2546 4445 cognati
2566 4377 2618 4430 in
2640 4392 2771 4446 pace
2786 4383 3084 4447 prmsertim
3114 4385 3370 4455 degentes
3407 4387 3461 4441 in
3494 4388 3644 4442 illum

2079 4476 2525 4537 perpetraverant
2572 4479 2627 4523 et
2684 4470 2983 4527 miserabili
3046 4490 3109 4530 ac
3171 4478 3420 4535 luctuosa
3477 4492 3646 4537 morte

1379 4573 1392 4595 .
1425 4535 1499 4597 ὡς
1549 4542 1772 4606 μηδενὸς
1828 4545 1976 4609 uno;
2010 4568 2050 4623 ο
2080 4535 2376 4610 affecerant
2424 4559 2571 4624 (nam
2621 4561 2834 4615 externi
2879 4576 3097 4632 quoque

1895 4563 1976 4609 τος
2010 4568 2050 4623 ο
2080 4535 2376 4610 affecerant
2424 4559 2571 4624 (nam
2621 4561 2834 4615 externi
2879 4576 3097 4632 quoque
3126 4564 3197 4619 ob
3244 4568 3642 4624 multitudinem

2078 4644 2446 4701 calamitatum
2476 4649 2644 4717 ipsius
2677 4660 2730 4705 et
2764 4651 3126 4708 infortunium
3183 4657 3266 4710 vix
3310 4661 3647 4716 consolabile

2079 4752 2425 4807 summopere
2479 4740 2782 4811 dolebant),
2818 4758 2846 4797 e
2884 4742 3103 4800 Perside
3132 4748 3295 4819 708
3323 4766 3443 4803 cum
3473 4756 3648 4812 omni-

2080 4827 2180 4881 bus
2212 4830 2383 4898 copiis
2439 4830 2666 4899 profecti
2721 4834 2873 4889 nullo
2929 4836 3090 4892 obvio
3148 4839 3532 4909 impedimento
3591 4846 3643 4901 in

2080 4917 2349 4974 Romanas
2390 4923 2640 4991 regiones
2670 4924 2956 4993 invadunt,
2984 4944 3184 4999 easque
3210 4946 3492 5000 vexarunt,
3536 4953 3640 4993 non

2077 5006 2306 5077 dispersi
2343 5011 2669 5068 accedentes
2692 5023 2749 5068 ut
2780 5017 2952 5085 prius,
2985 5027 3038 5072 et
3063 5021 3282 5077 exsules
3312 5028 3519 5092 statim,
3547 5029 3638 5083 sed

2079 5100 2256 5169 potius
2290 5108 2348 5153 ut
2402 5102 2607 5157 domini
2659 5119 2847 5159 eorum
2886 5107 2939 5161 in
2975 5123 3097 5178 qua;
3127 5111 3452 5169 inciderant.
3514 5117 3640 5173 Haec

2077 5188 2305 5245 audiens
2340 5192 2630 5261 imperator
2672 5206 2866 5250 coacto
2898 5198 3095 5253 idoneo
3153 5202 3394 5256 exercitu
3443 5205 3637 5261 ducem

2076 5280 2122 5333 ei
2180 5283 2402 5347 prazfirit
2450 5284 2713 5339 lsaacium
2758 5287 3117 5353 Comnenum,
3151 5296 3323 5361 reique
3380 5297 3638 5365 collegam

2078 5373 2242 5426 tradit
2291 5373 2571 5429 Rusclium
2634 5376 2883 5433 Latinum
2936 5397 3056 5435 cum
3111 5380 3373 5439 Francica
3431 5388 3640 5456 legione

2077 5467 2598 5535 quadringentorum
2668 5469 3003 5527 Francorum
3066 5490 3315 5530 numero.
3388 5477 3639 5549 Cumque

2078 5558 2312 5611 Iconium
2360 5561 2695 5626 pervenisset
2726 5564 2902 5617 omnis
2955 5566 3249 5631 exercitus,
3286 5578 3473 5624 exorta
3512 5586 3639 5640 qua-

2078 5651 2198 5703 dam
2231 5653 2602 5718 contentione,
2634 5654 2885 5711 Ruselius
2917 5666 3101 5728 aperte
3138 5661 3429 5728 rebellans,
3453 5680 3636 5719 secum

2080 5742 2315 5795 Francos
2344 5743 2639 5809 abducens,
2673 5746 2726 5799 in
2755 5747 2914 5801 aliam
2964 5759 3169 5818 partem
3232 5754 3335 5807 iter
3382 5756 3634 5824 arripuit,

2080 5832 2198 5883 data
2246 5832 2359 5886 suis
2393 5834 2545 5887 venia
2587 5850 2691 5903 quo
2725 5836 2921 5891 vellent
2953 5838 3182 5894 abeundi
3243 5842 3376 5895 Cum
3413 5860 3537 5897 vero
3568 5846 3633 5897 ad
