4424 6450
740 360 848 419 439

1995 374 2317 436 JOANNIS
2357 379 2732 439 SCYLi'I‘ZzE

3881 377 3985 436 ιιτ)

734 468 1041 527 Melitenem
1079 474 1439 542 pel‘velIISSt'l,
1474 478 1524 530 in
1557 480 1765 534 'rurcos
1788 491 2009 553 repente
2046 486 2306 539 invadens
2333 486 2381 544 Α
2410 505 2481 540 κοε

2235 501 2306 538 rus
2333 486 2381 544 Δ
2410 505 2525 549 κοις
2550 485 2855 557 περιτυχὼν
2886 484 3182 553 ἀριστεύει,
3204 484 3261 546 ἐξ
3293 482 3479 550 ἐφόδου
3501 482 3705 546 τούτοις
3732 488 3982 537 ἐπεισπε-

734 566 986 633 superior
1046 566 1245 631 evadit,
1277 577 1333 624 et
1365 571 1626 639 reliquam
1674 574 1946 628 exercitus
1998 585 2203 644 partem
2231 575 2299 629 ad

732 653 1036 712 Czcsaream
1065 659 1307 728 appellit.
1338 661 1651 715 Comuenus
1674 679 1891 735 quoque
1919 666 2210 721 meditatus
2246 668 2298 749 ip

735 750 918 805 hostes
975 764 1204 822 repente
1274 754 1535 824 impetum
1619 758 1798 814 facere
1853 760 2302 829 progrediebatur

734 851 912 904 nocte,
975 846 1130 910 quasi
1192 845 1486 911 imparatos
1550 847 1699 916 ipsos
1755 865 2118 918 aggressurus
2157 868 2168 901 :
2205 852 2298 905 sed

730 932 888 986 aliter
920 944 1080 1003 atque
1101 937 1356 1004 opinatus
1390 938 1565 993 fuerat
1602 941 1647 992 ei
1676 940 1894 994 accidit.
1926 940 2123 995 Incidit
2155 944 2297 996 enim

729 1023 782 1075 in
815 1024 960 1093 ipsos
996 1029 1329 1095 compositos
1350 1038 1401 1083 et
1434 1040 1673 1100 paratos,
1699 1040 1752 1085 ct
1779 1032 1978 1087 invitus
2013 1048 2135 1087 cum
2168 1035 2300 1104 ipsis

728 1131 1061 1185 congressus
1097 1133 1388 1189 superatur
1418 1134 1471 1179 et
1504 1125 1651 1179 illico
1687 1126 1922 1194 capitur.
1952 1125 2143 1181 Omnia
2172 1143 2303 1195 quo-

728 1224 974 1277 quequ
1013 1212 1154 1265 intra
1206 1216 1403 1268 vallum
1437 1225 1613 1281 erant,
1670 1219 2069 1287 corripiuntur,
2115 1221 2299 1277 multis

729 1299 1029 1357 interfectis
1108 1304 1409 1373 Romanis,
1482 1310 1618 1365 vivis
1682 1310 2007 1381 quibusdam
2071 1313 2295 1383 captis:

726 1390 911 1459 plures
937 1404 1116 1450 autem
1166 1398 1265 1453 sibi
1329 1399 1455 1470 fuga
1508 1403 1739 1457 salutem
1784 1404 2101 1472 quaesivere.
2130 1404 2299 1459 Cum-

724 1500 833 1553 que
906 1486 1047 1540 fama
1113 1490 1178 1541 ad
1249 1492 1635 1561 imperatorem
1701 1496 2089 1561 pervenisset,
2150 1499 2300 1551 visus

723 1588 809 1631 est
838 1580 1045 1631 tristior
1068 1591 1123 1634 et
1154 1581 1343 1637 dolore
1376 1584 1625 1637 alfectus.
1669 1584 1784 1638 Non
1840 1597 2018 1641 tamen
2074 1590 2301 1643 omnino

725 1671 794 1722 ab
848 1670 1131 1725 inferenda
1164 1675 1374 1729 civibus
1402 1676 1599 1743 injuria
1654 1694 1827 1747 neque
1868 1694 1894 1731 a
1944 1679 2167 1733 nefariis
2212 1696 2299 1733 rc-

725 1760 826 1814 bus
863 1776 984 1814 scse
1037 1763 1340 1829 abstinuit,
1390 1766 1533 1832 quod
1585 1765 1874 1836 Niccpliori
1933 1769 2154 1822 monitis
2204 1786 2299 1839 pa-

731 1857 896 1902 reret.
929 1848 1093 1918 709
1127 1851 1259 1903 Cum
1286 1852 1429 1904 enim
1460 1869 1527 1907 eo
1572 1866 1716 1909 esset
1758 1857 1975 1926 ingenia
2006 1866 2061 1912 ut
2087 1857 2293 1910 disiter-

726 1954 853 1992 ncre
887 1956 993 2019 non
1020 1951 1205 2010 posset
1239 1942 1423 2010 facile,
1477 1960 1651 2014 neque
1707 1963 1769 1999 ea
1826 1959 2009 2001 mente
2060 1960 2206 2003 esset
2239 1958 2295 2002 ut

728 2032 1003 2099 vigilaret,
1060 2049 1222 2088 omne
1273 2036 1419 2105 quod
1480 2037 1855 2107 imperabatur
1906 2054 1933 2091 a
1984 2038 2295 2110 Niceplioro

725 2123 961 2177 faciebat
1010 2127 1167 2194 quasi
1216 2128 1576 2196 mancipium.
1629 2128 1704 2182 Ex
1739 2146 1802 2184 co
1851 2145 2091 2201 tempore
2129 2135 2293 2203 igitur

723 2214 999 2267 licentiam
1033 2214 1176 2267 nacti
1208 2214 1442 2284 Agareni
1471 2216 1714 2270 Orientis
1764 2220 2038 2286 regionem
2076 2238 2294 2288 peri-ur-

722 2316 905 2363 rentes
932 2324 1040 2361 non
1067 2308 1409 2362 desistebant
1441 2326 1560 2362 eam
1615 2327 1810 2365 vexare
1843 2321 2005 2381 atque
2053 2323 2288 2368 vastare.

718 2401 855 2453 Cum
882 2410 1061 2454 autem
1094 2400 1338 2455 Isaacius
1368 2403 1558 2455 multis
1586 2419 1708 2458 sese
1741 2406 1990 2473 pecuniis
2026 2408 2295 2460 redemis-

719 2502 799 2546 set
833 2501 885 2545 et
911 2492 1070 2562 pleno
1097 2494 1398 2561 niarsupio,
1421 2496 1606 2548 statim
1640 2512 1887 2549 summus
1919 2498 2025 2549 dux
2055 2495 2294 2551 Joannes

720 2587 905 2639 tia-sar
961 2587 1313 2649 declaratur;
1372 2587 1464 2655 qui
1514 2604 1637 2641 cum
1689 2589 1979 2642 transisset
2022 2604 2196 2656 usque
2227 2588 2293 2641 ad

722 2674 1055 2747 Dorylaeum,
1081 2677 1364 2745 profectus
1392 2676 1521 2730 inde
1552 2677 1785 2732 ulterius
1834 2693 2159 2747 progressus
2187 2687 2291 2740 est,

719 2783 770 2827 et
799 2790 968 2842 usque
1001 2775 1066 2827 ad
1090 2773 1279 2841 Zompi
1310 2781 1529 2843 pontem
1558 2775 1826 2842 pervenit.
1858 2774 1964 2829 Sed
1998 2784 2293 2844 antequam

722 2866 1051 2936 Sangarinum
1070 2867 1351 2929 transiret,
1374 2865 1591 2921 advenit
1610 2865 1869 2921 Ruselius
1889 2882 1953 2919 ex
1968 2866 2299 2919 Armeniaca

724 2958 901 3013 multo
928 2958 1131 3021 studio,
1169 2966 1223 3011 et
1254 2958 1328 3011 ibi
1360 2967 1537 3012 castra
1568 2958 1736 3013 locat.
1770 2957 2019 3027 Cumque
2048 2959 2294 3012 misisset

718 3047 904 3102 Ctesar
963 3048 1167 3117 legatos
1217 3056 1474 3115 tanquam
1535 3046 1601 3101 ad
1662 3062 1785 3103 eum
1826 3048 1918 3117 qui
1975 3047 2293 3103 offendisset

2406 578 2531 633 σὼν.
2559 580 2631 631 Τὸ
2650 580 2704 632 δὲ
2728 578 2911 630 λοιπὸν
2934 577 3251 646 στράτευμα
3271 579 3335 646 τῇ
3360 576 3684 647 Καισαρέων
3704 578 3984 646 παραϐάλ-

2404 671 2502 723 λει.
2524 670 2870 739 Σκεψάμενος
2889 669 2941 723 δὲ
2961 670 3053 722 καὶ
3066 670 3093 721 6
3112 668 3390 738 Κομνηνὸς
3404 670 3515 731 τοῖς
3533 669 3793 733 ἐναντίοις
3811 686 3980 740 προσ-

2403 760 2584 813 ϐαλεῖν
2636 761 2693 825 ἐξ
2724 761 2913 829 ἐφόδου
2939 802 2952 824 ,
2990 761 3184 829 προῄει
3237 760 3334 829 μὲν
3369 758 3487 831 Ιώς]
3514 759 3599 814 διὰ
3626 760 3724 828 τῆς
3766 759 3980 822 νυκτὸς,

2401 855 2477 917 ὡς
2514 853 2922 924 ἀπαρασκεύοις
2958 852 3025 904 ἂν
3049 852 3306 904 ἐπιπέσοι
3340 854 3544 914 αὐτοῖς,
3568 850 3627 903 τὸ
3661 850 3704 903 δ’
3738 850 3980 903 ἐναντίον

2404 946 2606 1016 πάσχει
2642 947 2738 1015 τῆς
2770 945 2977 1006 οἰκείας
3012 943 3209 1013 βουλῆς
3232 958 3245 972 ⁸
3276 943 3718 1013 ἐμπαρασκεύοις
3744 942 3852 1013 γὰρ
3886 948 3980 993 καὶ

2402 1040 2834 1109 ἡτοιμασμένοις
2890 1037 3210 1106 ἐντυγχάνει
3259 1038 3463 1099 αὐτοῖς.
3533 1036 3874 1106 Συρῤήγνυσι
3924 1035 3979 1086 δὲ

2402 1130 2613 1194 τούτοις
2645 1133 2737 1185 καὶ
2774 1130 2849 1202 μὴ
2882 1130 3224 1201 βουλόμενος,
3261 1131 3355 1181 xui
3390 1130 3618 1199 ἡττᾶται
3646 1129 3831 1189 εὐθὺς,
3885 1130 3978 1178 καὶ

2402 1223 2600 1276 αὐτίκα
2624 1222 2964 1294 αἰχμάλωτος
2993 1224 3221 1289 γίνεται.
3266 1221 3573 1273 ’Δλίσκεται
3612 1219 3667 1271 δὲ
3699 1220 3792 1271 xui
3816 1218 3884 1269 τὰ
3923 1218 3978 1267 ἐν

2402 1316 2477 1385 τῷ
2503 1318 2702 1387 χάρακι
2730 1316 2965 1375 ἅπαντα,
2996 1315 3203 1367 πολλῶν
3228 1316 3325 1383 μὲν
3358 1314 3643 1382 Ῥωμαίων
3680 1313 3974 1366 πεσόντων.

2402 1408 2612 1478 ζωγρίᾳ
2641 1409 2697 1461 δὲ
2727 1408 3039 1477 ληφθέντων
3101 1408 3284 1469 τινῶν,
3324 1407 3588 1458 πλειόνων
3617 1406 3673 1457 δὲ
3733 1403 3832 1472 τὴν
3874 1420 3976 1454 σω-

2402 1501 2596 1570 τηρίαν
2629 1501 2945 1569 εύραμένων
2974 1503 3136 1568 φυγῇ.
3162 1499 3273 1567 Τῆς
3301 1498 3355 1550 δέ
3387 1498 3573 1565 φήμης
3608 1495 3699 1548 τὸν
3749 1493 3974 1564 βασιλέα

2402 1590 2814 1661 καταλαϐούσης
2872 1590 3018 1653 ἔδοξε
3081 1590 3180 1657 μέν
3235 1606 3287 1641 τι
3363 1586 3689 1656 σκυθρωπὸν
3737 1584 3975 1644 παθεῖν,

2399 1687 2461 1738 οὐ
2501 1687 2609 1755 μὴν
2642 1686 2697 1737 δέ
2729 1684 3042 1737 παντάπασι
3110 1682 3219 1734 τῶν
3274 1682 3567 1734 πολιτικῶν
3628 1679 3977 1746 ἀδικημάτων

2402 1776 2494 1828 xui
2547 1774 2655 1827 τῶν
2726 1773 3004 1841 κοσμικῶν
3066 1772 3334 1840 ἀπέσχετο
3390 1774 3507 1833 ταῖς
3570 1769 3663 1820 τοῦ
3731 1767 3977 1834 Νικηφό-

2400 1885 2496 1937 ρου
2550 1863 3032 1934 ὑποθημοσύναις·
3076 1864 3149 1932 μὴ
3188 1863 3326 1931 ἔχων
3382 1862 3490 1930 γὰρ
3542 1861 3704 1928 φύσιν
3750 1861 3978 1925 διαγνω-

2400 1960 2593 2028 στικὴν
2641 1960 2735 2010 xui
2776 1957 2888 2021 ’έξιν
2930 1956 3274 2025 διακριτικὴν
3309 1956 3404 2008 καὶ
3447 1956 3835 2023 ἐγρηγορυῖαν,
3869 1954 3976 2003 πᾶν

2396 2052 2455 2104 τὸ
2508 2050 2981 2121 προσταττόμενον
3049 2047 3201 2115 παρὰ
3256 2048 3349 2101 τοῦ
3423 2046 3740 2115 Νικηφόρον
3801 2045 3976 2097 ἐποίει

2395 2145 2583 2212 ὥσπερ
2607 2141 2959 2205 ἀνδράποδον.
3012 2140 3239 2193 Ἐκτοτε
3270 2138 3361 2190 οὖν
3394 2138 3577 2200 ἀδείας
3608 2137 3899 2206 λαϐόμενοι
3927 2138 3976 2189 oi

2395 2238 2493 2305 τὴν
2542 2233 2714 2304 Ἐᾠαν
2752 2231 3185 2301 κατατρέχοντες
3235 2229 3528 2299 Ἀγιιιρηνολ⁸
3560 2229 3662 2281 οὐκ
3712 2227 3979 2280 ἐπαύοντο

2396 2326 2517 2379 καθ’
2571 2328 2808 2394 ἑκάστην
2850 2323 3202 2394 κεραΐζοντες
3241 2326 3337 2375 καὶ
3395 2321 3602 2391 ταύτην
3633 2321 3975 2389 καταλυμαιο

2397 2417 2631 2485 νόμενοι.
2692 2416 3087 2485 Ἀλλαξαμένου
3113 2415 3169 2466 δὲ
3229 2414 3323 2469 τοῦ
3365 2414 3635 2468 Ἰσαακίου
3682 2415 3779 2483 τὴν
3814 2414 3978 2481 αἰχμ-

2397 2509 2635 2563 αλωσίαν
2687 2509 2984 2578 χρημάτων
3033 2506 3239 2561 πολλῶν
3291 2507 3386 2559 xui
3446 2505 3731 2575 βαλαντίου
3789 2503 3975 2573 ἁδροῦ,

2397 2595 2550 2660 αὖθις
2617 2598 2926 2666 στρατηγὸς
2978 2596 3338 2666 αὐτοκράτωρ
3385 2595 3413 2645 6
3459 2597 3677 2663 Καῖσαρ
3726 2593 3978 2658 Ἰωάννης

2398 2689 2845 2761 προχειρίζεται,
2918 2689 2976 2751 ὃς
3024 2686 3454 2758 διαπεραιωθεὶς
3507 2688 3605 2739 xui
3668 2684 3827 2755 μέχρι
3880 2683 3977 2736 τοῦ

2396 2784 2690 2854 Δορυλαίου
2741 2782 2944 2852 προῖὼν
2983 2782 3122 2849 ἄρας
3175 2779 3383 2832 ἐκεῖθεν
3414 2778 3750 2850 πορρωτέρω
3806 2776 3979 2829 πεπό-

2400 2891 2612 2943 ρευται,
2646 2876 2741 2926 xui
2796 2874 2961 2943 μέχρι
2992 2874 3091 2941 τῆς
3138 2873 3380 2942 γεφύρας
3430 2870 3525 2923 τοῦ
3578 2871 3797 2939 Ζόμπου
3848 2885 3978 2921 κατε

2397 2964 2580 3018 έλαὸε.
2612 2964 2727 3033 Πρὸ
2758 2964 2815 3015 δὲ
2870 2963 2963 3017 τοῦ
2999 2964 3373 3035 περαιωθῆναι
3403 2963 3494 3016 τὸν
3527 2965 3834 3033 Σαγγάριον
3870 2966 3974 3031 ἀφ-

2399 3059 2624 3109 ικνεῖται
2677 3056 2705 3107 ὁ
2754 3056 3043 3125 Ῥουσέλης
3093 3058 3157 3107 ἐκ
3210 3055 3302 3108 τοῦ
3358 3056 3718 3127 Ἀρμενιακοῦ
3769 3056 3974 3124 σπουδῇ

720 3149 884 3209 atque
932 3148 1233 3209 peccasset,
1269 3141 1313 3196 si
1365 3148 1574 3194 mutato
1610 3140 1844 3194 consilio
1897 3156 1957 3195 se
2012 3142 2291 3209 proprium
2317 3160 2364 3224 α
2398 3166 2467 3203 πο

2226 3156 2291 3193 Im
2317 3160 2364 3224 α
2398 3150 2565 3219 πολλῇ
2601 3149 2694 3201 xui
2736 3148 3161 3217 στρατοπεδείαν
3204 3149 3385 3201 ἐκεῖσε
3428 3150 3687 3218 πήγνυσι.
3744 3147 3973 3216 Πέμψας

671 3264 676 3268 -
721 3229 1007 3284 dominum
1039 3237 1383 3299 agnosceret,
1420 3230 1629 3284 veniam
1677 3238 1731 3284 et
1763 3230 2030 3284 malorum
2061 3231 2291 3285 oblivio-

725 3337 844 3376 nein
872 3322 1141 3391 promisit.
1172 3319 1461 3377 Fremente
1489 3339 1621 3378 vero
1651 3322 1889 3379 barbaro
1920 3325 2086 3379 veluti
2109 3339 2174 3380 eo
2197 3325 2290 3396 qui

719 3414 959 3484 propriis
992 3415 1247 3469 manibus
1281 3423 1335 3469 et
1367 3415 1510 3469 bello
1545 3415 1747 3470 fidebat
1780 3427 1833 3471 et
1878 3433 2103 3472 suorum
2154 3420 2293 3472 mul-

696 3506 958 3559 'titudine
1014 3507 1314 3571 nitebatur,
1370 3508 1566 3577 legatio
1618 3521 1677 3560 re
1732 3507 1932 3561 infecta
1990 3517 2045 3562 et
2113 3509 2293 3565 inanis

718 3596 899 3651 rediit.
940 3594 1147 3648 Idcirco
1173 3596 1359 3663 prmlio
1401 3596 1467 3649 de
1496 3612 1708 3651 summa
1777 3612 1961 3650 rerum
2011 3597 2294 3652 decertan-

720 3689 849 3741 dum
887 3687 1101 3741 Statuit.
1127 3685 1297 3756 Igitur
1331 3686 1513 3741 Caesar
1547 3704 1671 3741 cum
1714 3686 1940 3743 fluvium
1973 3690 2291 3752 transisset,

721 3793 774 3835 ct
802 3782 1010 3851 collega
1030 3782 1203 3850 ipsius
1223 3781 1567 3851 Niccpliorus
1596 3782 1911 3837 Iiotauiatcs
1936 3797 2058 3837 cum
2083 3784 2292 3853 reliquo

719 3872 987 3936 exercitu,
1037 3873 1223 3925 statim
1279 3873 1465 3940 praelio
1507 3887 1630 3924 curn
1682 3871 1908 3926 Ruselio
1963 3887 2293 3941 congressus

720 3973 827 4038 est.
857 3962 975 4018 Non
1005 3964 1405 4018 sustinentibus
1433 3972 1613 4017 autem
1648 3965 1911 4018 Romanis
1954 3965 2288 4019 Francorum

721 4058 1007 4126 impetum,
1050 4057 1229 4111 omnis
1260 4058 1541 4111 exercitus
1571 4058 1622 4111 in
1657 4056 1840 4126 fugam
1874 4058 2126 4124 vertitur,
2158 4066 2213 4112 et
2261 4073 2289 4110 a

722 4147 947 4202 Ruselio
974 4146 1161 4200 Caesar
1183 4147 1395 4215 capitur
1418 4147 1618 4216 aliique
1640 4148 1829 4213 multi;
1864 4147 2017 4202 solus
2040 4147 2292 4202 Botania-

720 4249 804 4293 tes
835 4253 960 4292 cum
997 4240 1183 4307 paucis
1230 4237 1559 4305 quibusdam
1620 4237 1779 4307 fugit.
1823 4237 1899 4291 Ex
1930 4254 1995 4295 eo
2051 4248 2293 4310 tempore

722 4332 885 4401 710
914 4348 996 4384 u.-..
1044 4348 1141 4385 .ius
1170 4329 1425 4383 Rusclius
1460 4342 1514 4383 et
1542 4331 1779 4386 celebris
1828 4334 2004 4386 evasit
2041 4335 2290 4404 prosperi

722 4437 1017 4477 successus
1044 4422 1446 4488 magnitudine,
1487 4434 1747 4491 rectaque
1805 4423 2128 4494 Byzantium
2162 4440 2293 4478 con-

2396 3240 2441 3291 δ¹
2472 3243 2498 3292 ὁ
2538 3242 2753 3310 Καῖσαρ
2785 3241 2859 3303 ὡς
2909 3240 3052 3293 καθά
3101 3239 3539 3311 προσκρούσαντι
3591 3242 3686 3294 xui
3730 3239 3974 3309 ἐξαμαρο

2395 3332 2562 3395 τόντι,
2618 3334 2667 3383 εί
2717 3332 3134 3401 γνωσιμαχήσοι
3188 3334 3283 3385 xui
3337 3332 3427 3385 τὸν
3479 3333 3679 3385 οἰκεῖον
3722 3330 3973 3398 ἐπιγνοίη

2395 3423 2685 3492 δεσπότην,
2724 3423 3070 3491 συμπάθειαν
3102 3423 3197 3476 xui
3230 3424 3538 3493 ἀμνηστίαν
3578 3422 3765 3477 κακῶν
3802 3425 3974 3491 ἐπηγ-

2395 3516 2635 3585 γέλλετο.
2667 3516 3055 3587 Φρυαξαμένου
3085 3516 3139 3567 δέ
3170 3516 3265 3567 τοῦ
3294 3515 3584 3586 Βαρϐάρου
3616 3508 3705 3567 οἷα
3736 3514 3829 3566 ἐπὶ
3850 3515 3973 3574 ταῖς

2399 3611 2556 3672 ἰδίαις
2608 3609 2765 3679 χερσὶ
2823 3610 2917 3661 xui
2970 3608 3046 3677 τῷ
3106 3608 3329 3677 πολέμῳ
3389 3607 3720 3679 θαρροῦντος
3758 3605 3851 3658 xui
3897 3604 3973 3671 τις,

2396 3703 2590 3773 πλήθει
2649 3703 2759 3754 τῶν
2808 3701 2905 3753 σὺν
2970 3699 3118 3769 αύτῴ
3163 3700 3544 3768 ἐρειδομένου,
3592 3698 3872 3767 ἄπρακτος
3939 3698 3969 3763 ἡ

2398 3795 2664 3866 πρεσϐεία
2712 3792 2926 3863 ἐδείχθη
2964 3795 3057 3845 xui
3098 3794 3229 3862 κενή
3280 3810 3292 3822 ·
3352 3790 3432 3844 διδ
3480 3792 3575 3844 xui
3602 3791 3822 3859 πολέμῳ
3852 3806 3971 3857 κρι-

2396 3887 2553 3957 θῆναι
2610 3887 2668 3940 τὸ
2719 3887 2827 3939 πᾶν
2875 3884 3043 3951 ἔδοξε.
3102 3886 3305 3947 Διαϐὰς
3344 3884 3435 3937 οὖν
3494 3886 3587 3937 τὸν
3644 3882 3889 3952 ποταμόν
3946 3884 3972 3934 ό

2395 3982 2610 4047 Καῖσαρ
2678 3981 2773 4031 xui
2837 3981 2865 4030 6
2919 3979 3298 4046 συστράτηγος
3351 3975 3516 4029 αὑτοῦ
3584 3975 3896 4044 Νικηφόρος
3945 3977 3972 4025 ό

2395 4072 2767 4140 Βοτανειάτης
2821 4069 2957 4138 μετὰ
2990 4071 3086 4139 τῆς
3116 4070 3305 4137 λοιπῆς
3339 4068 3577 4137 πληθύος
3606 4068 3803 4120 αὐτίκα
3838 4067 3971 4135 προς

2396 4163 2631 4232 πόλεμον
2662 4162 2739 4231 τῷ
2784 4160 3076 4229 Ῥουσιτλίῳ
3111 4161 3436 4229 προσέϐαλε.
3498 4160 3591 4229 Μὴ
3637 4160 3970 4225 ἐνεγκόντων

2394 4254 2450 4305 δὲ
2477 4254 2586 4305 τῶν
2627 4254 2916 4320 Ῥωμαίων
2951 4253 3049 4321 τὴν
3088 4252 3198 4304 τῶν
3234 4252 3499 4321 Φράγγων
3526 4250 3787 4309 ἐπίθεσιν,
3824 4249 3968 4317 φυγὴ

2395 4346 2606 4413 γίνεται
2633 4346 2831 4407 παντὸς
2857 4344 2951 4397 τοῦ
2985 4345 3239 4414 στρατοῦ,
3276 4344 3369 4395 xui
3405 4344 3679 4411 ἁλώσιμος
3700 4345 3727 4394 6
3754 4344 3968 4410 Καῖσαρ

2395 4438 2473 4506 τῷ
2538 4436 2827 4505 Ῥουσελίῳ
2886 4435 3211 4488 καθίσταται
3262 4434 3354 4486 xui
3406 4435 3553 4487 ἄλλοι
3596 4434 3817 4495 πολλοὶ,
3872 4434 3965 4484 τοῦ

720 4515 951 4571 tendens
995 4515 1267 4571 Caesarem
1308 4516 1547 4567 vinctum
1599 4515 1855 4579 habebat,
1913 4517 2099 4571 multis
2148 4515 2285 4568 aﬂii-
2321 4515 2363 4569 υ
2394 4528 2467 4580 Βοη

2219 4516 2285 4568 ιί-
2321 4515 2363 4569 υ
2394 4528 2746 4581 Βοτανειὰτου
2778 4528 2940 4596 μόνου
2970 4527 3235 4593 φυγόντος
3266 4528 3360 4578 σὺν
3383 4524 3585 4589 ὀλίγοις
3611 4524 3773 4577 τισίν.
3813 4524 3966 4590 Ἐγε-

718 4618 865 4663 ctum
930 4609 1090 4662 malis
1169 4619 1221 4661 et
1294 4606 1552 4661 ﬂuctibus
1625 4608 2000 4661 calamitatum
2053 4608 2287 4662 subinde

719 4694 1133 4749 succedentium
1163 4696 1524 4763 exagitatum.
1559 4693 1661 4749 Ubi
1696 4703 1878 4749 autem
1909 4696 2012 4751 hoc
2068 4713 2287 4767 quoque

717 4784 1076 4838 domesticum
1109 4784 1475 4839 infortunium
1503 4786 1817 4855 imperatori
1846 4790 2157 4841 nuntiatum
2184 4787 2287 4842 fuit

717 4887 771 4932 ct
808 4877 1005 4931 Franci
1037 4879 1304 4933 adventus
1338 4896 1530 4933 omnes
1562 4881 1851 4943 deterruit,
1904 4884 2097 4951 ingens
2127 4885 2279 4938 solli-

718 4969 906 5021 citudo
923 4976 977 5020 et
1016 4983 1148 5021 cura
1178 4970 1390 5023 animos
1416 4970 1661 5026 omnium
1693 4975 1984 5040 occupavit
2025 4984 2076 5028 ct
2115 4976 2288 5044 ipsius

719 5058 1093 5126 imperatoris.
1128 5058 1384 5114 Ruselius
1414 5063 1575 5130 igitur
1603 5064 1728 5116 inde
1767 5065 2071 5132 profectus,
2097 5082 2281 5121 secum

718 5151 970 5205 adductis
1009 5151 1224 5207 Caesare
1271 5161 1323 5206 et
1370 5153 1571 5208 Basilio
1624 5153 1845 5217 Malcse,
1898 5159 1989 5226 qui
2046 5174 2221 5228 nuper
2255 5176 2282 5212 a

721 5244 1035 5311 captivitate
1056 5260 1180 5298 cum
1221 5244 1456 5314 Diogene
1496 5248 1763 5302 liberatus
1788 5249 1986 5311 fuerat,
2029 5251 2079 5304 in
2110 5252 2284 5323 Chry-

723 5338 897 5406 sopoli
930 5338 1344 5391 tabernaculum
1379 5340 1635 5404 collocat,
1678 5352 1732 5395 et
1768 5343 1999 5398 a'diticia
2024 5361 2144 5413 qua:
2177 5347 2285 5403 illic

721 5438 880 5483 erant
916 5430 1041 5499 igne
1075 5430 1339 5485 incendit.
1379 5431 1497 5497 Quo
1525 5432 1673 5487 facto
1712 5436 1987 5503 ingentem
2027 5438 2285 5492 excitavit

720 5522 1013 5575 clamorem
1047 5533 1100 5576 et
1127 5523 1329 5576 luctum
1355 5524 1757 5592 indigenarum.
1782 5526 2081 5595 Imperator
2104 5538 2282 5584 autem

720 5612 933 5666 mollire
979 5616 1205 5668 studens
1250 5614 1466 5671 barbari
1518 5617 1824 5682 audaciam,
1896 5621 2184 5687 pollicetur
2231 5622 2280 5674 ei

722 5704 1055 5774 curopalataa
1107 5706 1393 5769 bonorcm,
1450 5717 1503 5762 et
1538 5710 1763 5779 insuper
1812 5714 1877 5765 ad
1929 5728 2051 5766 cum
2116 5714 2281 5765 mittit

721 5806 945 5849 uxorem
969 5805 1021 5851 et
1055 5795 1279 5852 liberos.
1318 5798 1423 5854 Sed
1462 5801 1600 5854 clam
1636 5812 1827 5855 contra
1865 5804 2039 5871 ipsum
2070 5803 2279 5858 Turcos

2392 4620 2541 4686 γόνει
2573 4620 2751 4672 τοίνυν
2788 4622 2816 4671 ὁ
2857 4619 3159 4678 Ῥουσέλιος
3206 4620 3270 4669 ἐκ
3296 4616 3486 4669 τούτου
3525 4617 3697 4686 μέγας
3724 4616 3816 4669 xui
3846 4616 3964 4667 δια-

2394 4711 2585 4780 ϐόητος
2634 4710 2712 4779 τῷ
2764 4710 2984 4777 μεγέθει
3038 4708 3132 4761 τοῦ
3179 4709 3625 4778 κατορθώματος.
3678 4710 3885 4780 Χωρῶν
3909 4710 3964 4763 δὲ

2392 4803 2627 4856 κατευθὺ
2666 4802 2760 4854 τοῦ
2789 4802 3085 4865 Βυζαντίου
3115 4803 3206 4853 τὸν
3246 4803 3503 4870 Καίσαρα
3538 4797 3651 4871 εἶχε
3690 4802 3961 4871 σιδηρόδε-

2389 4914 2479 4948 τον
2509 4898 2600 4947 xui
2631 4896 2845 4957 πολλοῖς
2879 4897 3119 4963 ἀνιαροῖς
3170 4894 3603 4963 ἐπαντλούμενον
3651 4895 3746 4946 xui
3787 4896 3961 4962 λυπη-

2392 4989 2501 5057 ρῶν
2536 4988 2773 5055 κύμασιν
2820 4987 3238 5056 ἀλλεπαλλήλοις
3295 4988 3379 5057 [Ρ.
3429 4985 3557 5058 848]
3607 4987 3954 5056 βαλλόμενον.

2401 5080 2490 5141 Ὠς
2514 5079 2570 5131 δέ
2602 5078 2986 5148 προσηγγέλθη
3010 5080 3106 5131 xui
3130 5078 3288 5131 τοῦτο
3318 5079 3377 5131 τὺ
3398 5081 3670 5132 οἱκειακδν
3700 5081 3957 5151 ἀτύχημα

2387 5170 2466 5238 τῷ
2524 5169 2734 5239 βασιλεῖ
2789 5171 2881 5222 καὶ
2944 5171 2977 5237 ἡ
3040 5169 3134 5221 τοῦ
3196 5172 3452 5240 Φράγγου
3511 5172 3773 5241 ἐπιδημία
3832 5175 3957 5233 τοὺς

2389 5260 2598 5318 πάντας
2652 5258 2933 5328 ἐξέπληξε,
2989 5260 3155 5329 πολλή
3188 5277 3272 5323 τις
3326 5259 3532 5327 ἀθυμία
3575 5264 3665 5312 xui
3717 5262 3956 5331 μέριμνα

2388 5353 2637 5419 κατεῖχεν
2665 5352 2824 5403 αὐτόν
2860 5368 2917 5402 τε
2965 5351 3057 5402 xui
3102 5352 3227 5413 τοὺς
3276 5352 3496 5413 λοιποὺς
3534 5353 3800 5414 ἅπαντας.
3845 5355 3954 5421 Τὴν

2386 5444 2445 5509 ἐξ
2497 5444 2706 5495 ἐκείνου
2751 5441 2843 5494 οὖν
2890 5442 3199 5511 ὁδοιπορίαν
3252 5442 3514 5511 διηνεκῶς
3560 5443 3587 5493 6
3645 5443 3953 5505 Ῥοντέλιος

2386 5536 2720 5605 ἐπαγόμενος
2770 5534 2888 5602 μεθ’
2947 5534 3141 5586 ἑαυτοῦ
3188 5535 3278 5587 τόν
3324 5552 3382 5586 τε
3434 5535 3687 5603 Καίσαρα
3723 5537 3815 5587 xui
3864 5538 3951 5586 τὸν

2387 5629 2643 5695 Μαλὲσην
2700 5627 3016 5689 Βασίλειον,
3081 5626 3205 5697 ἄρτι
3257 5627 3353 5694 τῆς
3422 5628 3518 5676 σὺν
3576 5624 3653 5693 τῷ
3712 5627 3949 5691 Διογένει

2385 5718 2755 5787 αἰχμαλωσίας
2807 5716 3168 5773 ἀπολυθέντα,
3228 5717 3561 5781 κατασκηνοῖ
3618 5716 3674 5765 ἐν
3732 5714 3943 5783 Χρυσο-

2388 5811 2558 5875 πόλει,
2594 5809 2686 5863 καὶ
2720 5812 2836 5870 ταῖς
2886 5810 3059 5861 ἐκεῖσε
3116 5807 3315 5871 οἰκίαις
3360 5808 3514 5875 ἐνῆκε
3566 5807 3624 5859 τὸ
3668 5806 3803 5866 πῦο,
3857 5807 3950 5857 καὶ
