4424 6450
397 398 488 460 Hi

1806 400 2200 460 HISTORIA.

3522 405 3588 468 44
3600 406 3638 468 9.

398 510 595 581 πολλὴν
643 512 901 580 ἀνήγειρε
954 514 1063 574 τοῖς
1119 512 1358 573 ἐποίκοις
1416 510 1514 580 τήν
1561 509 1693 580 βοὴν
1743 509 1836 560 καὶ
1880 507 1969 559 τὸν
1996 507 2049 565 Α
2077 522 2145 558 ac:

1887 507 1969 559 τὸν
1996 507 2049 565 Α
2077 510 2329 569 accersit,
2388 509 2576 564 multis
2622 508 3117 577 pollicitationibus
3183 508 3519 577 persuadens
3575 522 3634 564 ut

396 601 659 656 κωκυτόν.
724 602 1120 671 Καταμαλάξαι
1154 602 1209 654 δὲ
1252 600 1496 654 σπεύδων
1523 603 1550 653 ὁ
1582 599 1831 670 βασιλεὺς
1863 599 1961 667 τήν

393 693 487 747 τοῦ
541 693 825 763 Βαρϐἀρου
872 692 1187 761 Θρασύτητα
1236 690 1455 761 ἀξίωμά
1507 707 1565 742 τε
1622 690 1962 757 ὑπισχνεῖται

392 783 575 836 δοῦναι
609 784 759 853 αὑτῷ
791 784 1202 852 κουροπαλάτου
1229 823 1243 844 ,
1282 780 1731 851 προσεπιπέμπει
1777 779 1833 831 δὲ
1869 778 1962 830 καὶ

390 880 490 948 ’τὴν
522 884 758 945 γυναῖκα
789 882 883 933 καὶ
924 882 991 933 τὰ
1023 881 1210 933 τέκνα.
1266 878 1703 946 Μεταπέμπεται
1760 874 1816 927 δὲ
1867 874 1960 925 καὶ

392 971 667 1037 Τούρκους
698 972 815 1023 κατ’
846 971 1012 1024 αὑτοῦ
1037 971 1329 1037 λαθραίως,
1375 970 1596 1029 πολλαῖς
1630 965 1955 1034 ὑποσχέσεσι

394 1065 593 1117 πείθων
635 1067 725 1117 τὸν
794 1064 1093 1117 Ῥουσέλιον
1142 1063 1641 1130 καταγωνίσασθαι.
1697 1060 1868 1129 Ὁρῶν
1902 1057 1958 1110 δὲ

388 1149 539 1217 οὗτος
572 1157 760 1208 ἑαυτὸν
790 1157 985 1224 ἀσθενῆ
1008 1158 1141 1225 πρὸς
1176 1155 1448 1224 τοσαύτην
1478 1153 1708 1223 πληθὺν,
1749 1148 1956 1203 ἀπολύ-

390 1262 490 1305 σας
532 1246 641 1296 τῶν
684 1245 897 1313 δεσμῶν
936 1246 1025 1296 τὸν
1069 1246 1326 1313 Καίσαρα
1359 1242 1681 1309 ἀναγορεύει
1709 1238 1951 1309 βασιλέα,

386 1334 689 1403 εὐφημίαις
739 1335 1178 1403 μεγαλοπρεπέσι
1233 1336 1328 1385 καὶ
1361 1332 1627 1401 διατόροις
1658 1332 1715 1381 τὸ
1756 1328 1955 1398 κράτος

386 1427 539 1493 αὐτῷ
596 1427 1202 1494 συγκαταστήσὰμενος.
1274 1425 1457 1493 Μήπω
1509 1424 1565 1475 δὲ
1615 1424 1713 1491 τῆς
1766 1422 1954 1490 φήμης

386 1519 735 1587 ἀπλωθείσης
784 1518 918 1586 μηδὲ
963 1517 1359 1584 πλατυνθείσής
1396 1516 1491 1583 τῆς
1531 1514 1625 1566 τοῦ
1676 1515 1952 1580 Καίσαρος

379 1609 755 1677 ἀναρρήσεως,
787 1610 876 1660 καὶ
922 1607 1008 1660 διὰ
1037 1607 1192 1659 τοῦτο
1237 1608 1370 1675 μήτε
1398 1604 1743 1674 στρατιωτῶν
1784 1619 1950 1670 προσ-

381 1701 749 1767 χωρησάντων
780 1738 794 1760 ,
843 1699 1099 1766 ἐξαίφνης
1156 1702 1283 1767 περὶ
1328 1698 1388 1749 το
1431 1697 1554 1765 ὅρος
1597 1696 1685 1748 τὸν
1730 1695 1950 1761 Σόφωνα

380 1788 597 1855 πληθὺς
632 1788 905 1857 Τουρκικὴ
968 1789 1393 1857 παραφαίνεται,
1452 1787 1610 1836 πέντε
1655 1785 1686 1853 ἢ
1738 1786 1829 1835 καὶ
1890 1782 1948 1846 ἓξ

2072 598 2347 652 Ruselium
2377 600 2665 655 debellent.
2707 598 2909 651 Videtis
2940 608 3118 652 autem
3166 601 3266 654 iste
3299 614 3357 654 se
3387 599 3633 653 imbecil-

2070 690 2173 742 lem
2208 689 2470 743 adversus
2501 688 2829 756 ejuscemodi
2882 691 3305 754 multitudinem,
3361 688 3630 744 Caesarem

2068 797 2097 834 e
2134 782 2369 835 vinculis
2408 781 2697 834 liberatum
2747 786 3137 852 imperatorem
3166 782 3430 845 declarat,
3458 783 3634 836 laudi-

2068 873 2167 926 bus
2197 874 2499 942 magnificis
2522 881 2575 927 et
2603 875 2766 927 claris
2788 875 3094 937 celebrans,
3130 873 3292 939 eique
3338 875 3627 942 imperium

2067 962 2284 1015 tribuit.
2344 961 2594 1017 Nondum
2656 971 2838 1017 autem
2912 965 3189 1032 divulgata
3248 964 3389 1017 fama
3453 978 3629 1030 neque

2065 1054 2289 1107 dilatata
2340 1054 2570 1111 Ctesaris
2629 1057 3020 1117 declaratione.
3090 1064 3143 1111 et
3196 1056 3404 1110 idcirco
3454 1069 3629 1122 neque

2066 1146 2268 1198 milites
2302 1156 2714 1209 concurrerant,
2751 1148 2933 1200 statim
2962 1148 3026 1200 ad
3054 1159 3289 1201 montem
3310 1147 3625 1214 Sophonem

2063 1251 2261 1290 manus
2292 1237 2520 1291 Turcica
2582 1246 2828 1306 apparet,
2864 1252 2986 1305 qua;
3042 1239 3330 1291 videbatur
3383 1240 3627 1306 quinque

2062 1336 2156 1380 aut
2189 1345 2277 1380 sax
2311 1329 2562 1382 millium.
2603 1332 2778 1398 Atque
2813 1346 2843 1385 θ
2889 1330 3120 1398 vestigio
3177 1329 3432 1382 Ruselius
3464 1343 3524 1382 Ie
3556 1327 3623 1384 ad
3669 1366 3677 1371 -

2063 1420 2299 1485 praelium
2340 1423 2694 1487 comparavit.
2744 1421 2938 1474 Verum
2974 1422 3122 1475 illius
3178 1421 3435 1487 impetum
3462 1433 3621 1471 coer-

2059 1513 2256 1564 celiaut
2311 1520 2381 1578 et.
2412 1510 2593 1565 Caesar
2626 1520 2681 1565 ct
2730 1512 2949 1580 quidam
3008 1528 3072 1565 cx
3126 1510 3621 1581 praestantioribus,

2058 1603 2215 1670 711
2254 1613 2310 1655 ut
2346 1604 2495 1670 prius
2525 1603 2911 1672 dignoscerent
2938 1612 3136 1670 quanta
3179 1613 3326 1655 esset
3379 1601 3615 1654 hostium

2056 1696 2156 1744 vis.
2209 1691 2315 1744 Sed
2374 1693 2464 1746 ille
2518 1693 2660 1745 haud
2712 1693 3015 1757 sustinens,
3074 1692 3204 1762 quin
3270 1692 3453 1759 potius
3499 1691 3620 1743 loco

2056 1797 2281 1835 summa:
2324 1784 2637 1851 ignominiae
2680 1784 2909 1847 ducens,
2968 1784 3012 1838 si
3062 1784 3337 1837 adversus
3382 1797 3474 1835 sex
3525 1790 3620 1834 aut

379 1878 620 1947 χιλιάσιν
655 1855 998 1946 εἰκαζομένη.
1039 1855 1146 1930 Καὶ
1177 1876 1371 1930 αὐτίκα
1401 1877 1427 1926 ὁ
1471 1875 1774 1936 Ῥουσέλιος
1799 1874 1950 1942 ὲξήρ⁴
1982 1855 2021 1908 Β
2052 1874 2126 1927 (ἰὼ

1862 1875 1950 1942 ήρ⁴
1982 1855 2021 1908 Β
2052 1874 2237 1927 decem
2274 1875 2439 1926 millia
2464 1888 2695 1943 pugnam
2733 1874 2981 1930 Ruselius
3015 1882 3392 1938 cunctaretur,
3437 1872 3609 1926 multo

378 1987 478 2021 τυε
533 1969 599 2021 τὰ
655 1970 791 2039 πρὸς
847 1970 1103 2038 πόλεμον.
1179 1967 1517 2020 Ἀνέστελλον
1547 1967 1603 2018 δὲ
1640 1966 1737 2035 τὴν
1776 1964 1951 2035 ὁρμὴν

378 2063 550 2117 αὑτοῦ
591 2064 618 2116 δ
664 2080 722 2115 τε
766 2065 980 2131 Καῖσαρ
1022 2063 1113 2114 καί
1150 2080 1290 2123 τινες
1318 2062 1425 2112 τῶν
1463 2058 1831 2128 ὲξοχωτέρων,
1874 2056 1952 2119 ὡς

377 2156 450 2208 ἂν
479 2155 746 2222 διαγνοῖεν
775 2157 1037 2225 πρότερον
1065 2156 1161 2225 τὴν
1190 2153 1396 2221 πληθὺν
1427 2153 1599 2220 ὁπόση
1631 2168 1713 2215 τις
1736 2151 1822 2218 εἴη
1842 2150 1951 2202 τῶν

379 2249 681 2315 φανέντων.
734 2248 824 2316 Μὴ
877 2246 1137 2314 ἐνεγκὼν,
1195 2246 1312 2299 ἀλλ’
1346 2245 1559 2309 ἀδοξίαν
1585 2246 1761 2313 ἄκραν
1787 2242 1950 2312 ἡγού-

384 2358 543 2408 μενος
597 2342 644 2392 εἰ
690 2340 822 2408 πρὸς
869 2339 926 2404 ἒξ
958 2340 989 2407 ἢ
1025 2339 1154 2391 δέκα
1194 2336 1433 2407 χιλιάδας
1474 2337 1891 2405 ἀμφιγνωμονεῖ
1920 2333 1949 2383 ὁ

388 2431 716 2493 Ῥουσέλιος.
770 2434 865 2484 σῦν
906 2431 1072 2499 πολλῇ
1115 2431 1262 2500 ῥύμῃ
1302 2433 1413 2491 τοῖς
1447 2428 1712 2489 ἐναντίοις
1745 2426 1946 2495 ἐπῆλθε

381 2527 522 2593 μετὰ
569 2524 675 2576 τῶν
724 2526 1008 2593 Φρὰγγων.
1079 2525 1315 2575 Ἐπεσον
1372 2518 1465 2574 οὖν
1517 2521 1626 2573 τῶν
1682 2518 1945 2588 Τούρκων

378 2616 585 2675 πολλοὶ,
636 2616 861 2684 μηδενὸς
894 2614 1002 2666 τῶν
1054 2614 1321 2683 Φράγγων
1354 2610 1509 2664 κενὸν
1543 2611 1602 2663 τὸ
1630 2610 1754 2678 δόρυ
1780 2612 1947 2678 ἐσχη-

379 2708 557 2768 κότος,
592 2708 640 2757 οἱ
670 2707 725 2758 δὲ
757 2707 933 2758 λοιποὶ
976 2706 1108 2774 πρὸς
1143 2706 1320 2772 φυγὴν
1360 2704 1647 2772 ὥρμησαν.
1684 2701 1794 2769 Τῆς
1826 2700 1949 2752 διώ-

376 2797 507 2861 ξεως
563 2797 617 2848 δὲ
674 2798 766 2848 ἐπὶ
818 2796 951 2848 πολὺ
1008 2799 1307 2863 γενομένης
1350 2795 1500 2863 παρά
1546 2797 1605 2845 τὸ
1639 2793 1947 2859 εἰθισμένον

374 2886 565 2950 αὐτοῦ,
595 2885 886 2938 καὶταῦτα
926 2885 992 2936 δι’
1030 2884 1200 2963 ὀρέων
1239 2885 1455 2936 ἀόἀτων
1487 2885 1581 2936 καὶ
1611 2883 1945 2951 δυσδιεξιτὴο

373 2994 496 3041 των,
540 2975 696 3028 ἔλαθε
744 2978 868 3037 τοὺς
901 2976 1116 3037 πλείους
1172 2976 1278 3033 τῷν
1322 2977 1417 3027 σὺν
1465 2973 1613 3043 αὑτῷ
1656 2974 1939 3027 ἀπολιπὼν

372 3068 565 3131 ὀπίσω,
603 3069 766 3131 αὐτὸς
809 3068 864 3119 δὲ
906 3068 1042 3136 μετά
1088 3067 1332 3135 βραχέων
1382 3065 1543 3118 τινῶν
1600 3064 1944 3133 ὑπολειφθεὶς

374 3164 462 3213 καὶ
499 3161 595 3213 τοῦ
637 3160 911 3229 Καίσαρος
955 3161 1012 3211 ἐν
1044 3158 1229 3220 ἵπποις
1261 3158 1569 3227 κεκμηκόσι
1611 3158 1691 3228 τῷ
1729 3161 1944 3229 συνεχεῖ

372 3256 465 3320 τῆς
509 3250 746 3316 διώξεως
795 3251 889 3303 καὶ
953 3250 1344 3320 ἐπ.τεταμένῳ.
1441 3250 1597 3302 Οὕτω
1648 3250 1704 3302 δὲ
1762 3250 1939 3320 ἔχοντι

372 3345 614 3412 ἀνεφάνη
638 3343 837 3411 πλῆθος
865 3343 1050 3413 ἕτερον
1076 3340 1332 3410 Τούρκων
1355 3342 1601 3411 ἄπειρον,
1632 3344 1711 3404 είς
1744 3341 1938 3394 ἑκατὸν

372 3433 611 3501 χιλιάδας
670 3431 966 3484 ποσοῦσϐαι
1012 3432 1430 3500 στοχαζόμενον.
1473 3431 1935 3501 Περιστοιχισθεὶς

372 3524 459 3577 οὖν
493 3522 761 3576 πάντοθεν
794 3522 888 3574 καὶ
938 3523 1085 3575 ἄκων
1125 3524 1309 3585 αὐτοῖς
1352 3522 1764 3592 προσρήγνυται
1821 3524 1936 3590 μετ’

372 3616 560 3683 ὀλίγων
594 3614 734 3666 πάνυ
770 3614 877 3665 τῶν
913 3614 1041 3681 περὶ
1065 3614 1248 3666 αὐτόν.
1324 3614 1606 3683 Ἀντέσχον
1642 3615 1739 3683 μὲν
1769 3612 1860 3667 οὖν
1888 3616 1935 3667 οἱ

373 3709 621 3779 Τοὖρκοι,
673 3707 869 3758 ἔπεσον
914 3706 1094 3775 μέντοι
1149 3707 1243 3757 καὶ
1300 3707 1422 3757 τότε
1482 3706 1685 3760 πολλοί.
1749 3708 1937 3774 Ὅμως

372 3798 738 3859 κυκλωθέντες
787 3797 890 3849 ὑπὸ
943 3798 1201 3849 τοσούτου
1239 3798 1472 3866 πλήθους
1512 3797 1795 3865 ἑκηϐόλοις
1828 3800 1939 3858 τοῖς

374 3888 602 3956 βέλεσιν,
658 3886 1019 3949 ἀποϐαλόντες
1058 3889 1184 3949 τοὺς
1236 3887 1430 3949 ἵππους
1476 3889 1569 3942 καὶ
1601 3887 1753 3952 πεζοὶ
1803 3890 1938 3941 ὑπο-

371 3982 678 4048 λειφθέντες
725 3978 1038 4049 σύμπαντες
1094 3978 1266 4042 οὕτως
1321 3980 1611 4033 ἐνέδωκαν.
1669 3981 1937 4034 Πίπτουσι

370 4075 411 4125 δ’
440 4074 590 4142 ὅμως
621 4071 825 4133 πολλοὶ,
874 4071 969 4121 καὶ
1018 4070 1249 4139 Τοῦρκοι
1297 4070 1354 4123 δὲ
1401 4070 1622 4133 δεκάκις
1670 4070 1933 4125 τοσοῦτοι.

381 4166 687 4218 Ἀλίσκεται
732 4164 787 4215 δὲ
824 4163 851 4213 ὃ
881 4180 939 4214 τε
976 4165 1189 4232 Καῖσαρ
1220 4164 1313 4215 καὶ
1347 4166 1374 4215 ὁ
1425 4162 1724 4225 Ῥουσέλιος
1755 4165 1850 4216 καὶ
1886 4165 1937 4217 οἱ

372 4252 669 4322 σὺναύτῷ.
724 4250 807 4321 [Ρ.
847 4251 973 4321 849]
1028 4253 1088 4304 Οί
1142 4252 1198 4304 δὲ
1249 4252 1356 4304 τῶν
1409 4253 1677 4323 Φράγγων
1728 4255 1939 4307 ὑπολει-

371 4345 589 4412 φθέντες
623 4347 703 4403 εἰς
735 4344 796 4395 τὸ
828 4344 926 4411 τῆς
958 4344 1276 4412 Μετασολῆς
1321 4345 1578 4414 φρούριον
1632 4347 1939 4415 συμφυγόν-

367 4454 451 4497 τες
478 4436 617 4506 μετά
640 4438 737 4505 τῆς
764 4434 857 4487 τοῦ
892 4435 1195 4487 Ῥουσελίου
1231 4436 1489 4502 γυναικὸς
1519 4437 1588 4488 δι’
1621 4437 1937 4505 ἐπιμελείας

368 4530 644 4582 ἐποιοῦντο
677 4528 776 4598 τὴν
821 4527 1010 4581 τούτου
1048 4528 1291 4597 φυλακὴν
1326 4530 1419 4581 καὶ
1456 4530 1805 4599 συντήρησιν.
1874 4532 1937 4583 Οἱ

365 4622 419 4673 δὲ
452 4620 687 4689 Τοῦρκοι
716 4620 805 4671 τὸν
841 4620 939 4687 μὲν
983 4619 1286 4671 Ῥουσὲλιον
1314 4619 1591 4692 ποδοκάκῃ
1624 4619 1931 4688 ἀσφαλισά·

370 4729 534 4779 μενοι,
567 4712 662 4764 τὸν
697 4711 948 4779 Καίσαρα
975 4712 1164 4765 ἄνετον
1195 4707 1340 4781 εἶχον
1372 4713 1465 4765 καὶ
1494 4714 1551 4764 ὲν
1579 4716 1645 4783 τῇ
1674 4713 1779 4783 ἰδίᾳ
1802 4709 1936 4783 ἦγον

365 4807 515 4873 τιμῇ.
557 4802 668 4857 Τοῦ
720 4803 776 4857 δὲ
808 4805 1115 4873 τιμήματος
1144 4803 1252 4856 τῶν
1294 4804 1613 4859 ἑαλωκότων
1646 4805 1935 4874 ἐπιζητου-

369 4896 528 4963 μένο·.›
576 4895 807 4948 ἔσπευδε
845 4897 945 4965 μὲν
977 4896 1294 4965 ὠνήσασθαι
1341 4896 1528 4949 τοῦτον
1576 4899 1604 4949 ὁ
1652 4896 1932 4965 βασιλεύς⁹

365 4987 728 5042 ὲπικατὲλαϐε
768 4988 875 5058 γὰρ
925 4988 1020 5041 καὶ
1074 4990 1102 5040 ὁ
1159 4989 1418 5059 Ὰίαλὲσης
1466 4989 1594 5057 ἄρτι
1645 4989 1934 5052 ἀπολυθεὶς

367 5081 509 5150 παρᾶ
563 5080 659 5132 τοῦ
724 5081 1001 5150 Καίσαρος
1025 5093 1053 5144 ,‘
1102 5080 1198 5133 καὶ
1249 5081 1446 5133 αὐτίκα
1510 5083 1590 5142 εἰς
1638 5080 1935 5150 ὑπερορίαν

366 5174 641 5227 στέλλεται
672 5172 935 5241 δημεύσει
966 5190 1022 5224 τε
1048 5171 1539 5235 καθυποῦἀλλεται,
1562 5171 1935 5241 αἰχμαλωσίαν

364 5264 742 5332 αἰχμαλωσίας
772 5263 870 5330 τῆς
912 5264 1006 5316 σὺν
1057 5262 1135 5328 τῷ
1166 5264 1403 5330 Διογένει
1436 5262 1535 5333 τὴν
1578 5264 1672 5315 τοῦ
1717 5265 1937 5316 Ῥουσεο

363 5352 469 5404 λίου
498 5354 592 5406 καὶ
614 5353 882 5421 δήμευσιν
917 5355 1010 5407 καὶ
1040 5354 1256 5421 ἐξορίαν
1289 5355 1495 5408 τούτων
1518 5356 1932 5424 ἀνταλλαξάμε-

369 5463 451 5506 νος
481 5486 495 5507 ,
529 5445 646 5497 ἀλλ’
677 5446 710 5513 ἠ
765 5444 856 5496 τοῦ
904 5445 1204 5498 Ῥουσελίου
1278 5448 1413 5513 γυνὴ
1442 5487 1456 5510 ,
1514 5449 1715 5516 σπουδῇ
1765 5450 1931 5519 πολλῇ

359 5533 540 5586 τοῦτον
600 5532 971 5598 ἑλυτρώσατο.
1024 5536 1186 5587 Ὅθεν
1226 5537 1274 5586 οἱ
1325 5538 1472 5606 παρὰ
1527 5538 1619 5589 τοῦ
1670 5538 1933 5606 βασιλέως

363 5625 641 5685 σταλέντες
697 5622 792 5674 τὸν
844 5626 1095 5691 Καίσαρα
1151 5627 1308 5692 μόνον
1372 5627 1772 5697 λυτρωσάμενοι
1812 5628 1936 5679 ἀνο-

358 5714 720 5784 υπέστρεψαν.
771 5714 865 5767 Ἑν
894 5716 947 5769 δὲ
979 5721 1041 5784 τῇ
1082 5720 1398 5787 Προποντίδι
1444 5720 1751 5787 γενόμενος,
1779 5721 1936 5773 εὑλα-

354 5808 532 5876 σηθεὶς
564 5810 637 5876 μή
673 5823 819 5860 ποτε.
860 5809 931 5872 ὡς
977 5810 1284 5879 ἀποστάτης
1342 5812 1432 5863 καὶ
1484 5809 1725 5873 ὕποπτος
1775 5828 1931 5873 νομι-

1967 4571 2019 4630 Ι)

2054 1967 2258 2035 impetu
2287 1966 2338 2019 in
2392 1966 2579 2019 hostes
2624 1980 2747 2018 cum
2806 1964 3032 2020 Francis
3079 1967 3299 2020 invasit.
3353 1963 3615 2020 Cecidere

2052 2059 2217 2127 igitur
2259 2076 2323 2112 ex
2376 2057 2572 2111 Turcis
2614 2058 2821 2127 plures,
2884 2073 3008 2111 cum
3066 2058 3401 2111 Francorum
3456 2071 3617 2109 nemo

2058 2152 2214 2205 hasta
2258 2152 2406 2205 inani
2438 2166 2570 2206 usus
2593 2159 2757 2205 esset.
2794 2151 3006 2219 Reliqui
3032 2151 3085 2205 in
3133 2150 3315 2219 fugam
3378 2149 3614 2217 conjecti

2050 2252 2198 2296 sunt.
2226 2242 2359 2294 Cum
2414 2257 2544 2296 vero
2582 2241 2789 2295 diutius
2832 2254 3269 2311 persequeretur,
3306 2250 3503 2310 praeter
3556 2239 3612 2293 id

2056 2332 2198 2402 quod
2240 2342 2632 2397 consueverat,
2657 2333 2957 2402 praesertim
2994 2333 3413 2401 perinaccessos
3449 2339 3615 2400 atque

2051 2426 2228 2480 invios
2267 2434 2503 2487 montes,
2545 2436 2653 2477 non
2702 2423 3090 2477 animadvertit
3119 2439 3147 2475 a
3206 2430 3358 2492 tergo
3389 2438 3448 2475 se
3483 2438 3615 2475 suo-

2052 2533 2169 2570 rum
2202 2517 2383 2584 plures
2417 2516 2727 2585 reliquisse.
2755 2518 2875 2583 Ipse
2902 2524 3082 2568 autem
3111 2529 3235 2567 cum
3277 2515 3466 2581 paucis
3494 2515 3615 2580 qui-

2052 2607 2279 2661 busdam
2314 2608 2563 2669 relictus,
2592 2616 2646 2661 et
2672 2605 2887 2660 Czesare
2916 2605 3054 2658 inter
3075 2605 3288 2672 equites
3320 2603 3614 2672 defatigato

2050 2701 2309 2754 continua
2340 2709 2392 2752 et
2424 2700 2584 2768 longa
2613 2699 2852 2751 hostium
2890 2698 3273 2760 insectatione,
3330 2696 3524 2749 incidit
3554 2696 3606 2747 in

2049 2808 2165 2847 eam
2222 2792 2588 2846 calamitatem
2641 2805 2804 2859 quam
2848 2805 2972 2842 mox
3034 2790 3303 2843 dicemus.
3362 2787 3497 2841 Nam
3558 2788 3610 2840 in

2049 2880 2225 2948 ipsum
2280 2880 2351 2932 ita
2410 2879 2748 2932 laborantem
2816 2878 2986 2931 altera
3037 2878 3343 2932 Turcorum
3405 2877 3612 2930 infinita

2048 2986 2264 3036 manus,
2316 2972 2427 3025 fere
2482 2981 2699 3025 centum
2752 2970 2921 3033 mille,
2976 2977 3239 3039 quantum
3286 2969 3609 3038 conjectura

2047 3067 2266 3136 assequi
2304 3072 2580 3134 poterant,
2612 3064 2835 3118 invasit.
2867 3062 3123 3133 Undique
3168 3064 3333 3134 igitur
3375 3064 3615 3118 circum—

2049 3165 2246 3212 ventus
2272 3159 2353 3210 vel
2394 3156 2596 3210 invitus
2623 3170 2747 3209 cum
2777 3156 3032 3211 hostibus
3087 3155 3459 3224 congreditur,
3488 3169 3611 3208 cum

2049 3252 2235 3321 paucis
2289 3251 2580 3304 admodum
2651 3266 2791 3319 quos
2845 3251 3050 3304 circum
3116 3249 3372 3304 habebat.
3445 3247 3613 3315 Igitur

2049 3344 2301 3397 restitere
2329 3340 2600 3403 Turci,ct
2635 3351 2814 3397 tamen
2865 3341 3022 3395 multi
3092 3349 3222 3395 tunc
3265 3356 3485 3409 quoque
3545 3355 3613 3394 ex

2047 3434 2180 3504 ipsis
2204 3434 2471 3487 cecidere.
2499 3433 2697 3487 Verum
2716 3434 3000 3487 enimvero
3028 3433 3381 3485 circumventi
3409 3447 3437 3484 a
3463 3438 3612 3484 tanta

2046 3526 2395 3580 multitudine
2426 3526 2570 3589 telis,
2607 3541 2728 3595 qua:
2759 3527 2919 3594 longe
2963 3526 3331 3593 iaciebantur,
3390 3525 3611 3578 amissis

2042 3618 2220 3685 equis,
2246 3617 2459 3685 pedites
2482 3631 2673 3672 omnes
2696 3616 2870 3669 relicti
2902 3616 2973 3669 ita
3005 3622 3311 3669 cesserunt.
3359 3616 3610 3667 Attamen

2047 3707 2200 3759 multi
2237 3706 2460 3768 cadunt,
2494 3705 2730 3759 etTurci
2759 3705 2991 3774 decuplo
3046 3705 3252 3772 plures.
3305 3702 3614 3772 Capiuntur

2045 3798 2229 3851 Caesar
2285 3805 2340 3852 et
2381 3796 2637 3852 Rusclius
2685 3804 2740 3849 et
2793 3796 2886 3864 qui
2946 3812 3069 3850 cum
3120 3796 3237 3863 ipso
3294 3803 3470 3849 erant.
3534 3793 3612 3847 Ex

2048 3888 2273 3943 Francis
2296 3896 2475 3942 autem
2501 3887 2595 3957 qui
2622 3888 2795 3942 relicti
2824 3886 3040 3942 fuerant
3063 3886 3184 3955 fuga
3216 3887 3281 3941 ad
3309 3885 3610 3941 Metaboles

2045 3982 2307 4052 Oppidum
2340 3997 2399 4036 se
2432 3995 2710 4050 recepere,
2738 3995 2842 4032 una
2866 3995 2989 4032 cum
3025 3978 3233 4033 Ruselii
3261 3979 3608 4047 uxore,quod

2044 4089 2258 4128 summo
2314 4072 2498 4128 studio
2540 4072 2854 4127 servabant.
2910 4070 3077 4123 'I‘urci
3138 4085 3267 4126 vero
3326 4070 3608 4124 Rusclium

2043 4166 2403 4234 compedibus
2451 4166 2693 4218 vinctum
2722 4164 2882 4233 712
2928 4170 3294 4228 asscrvantes,
3336 4161 3611 4218 Caesarem

2045 4266 2225 4312 autem
2254 4258 2492 4312 solutqu
2527 4257 2580 4310 in
2604 4256 2811 4309 honore
2839 4245 3131 4307 habebant.
3159 4256 3403 4322 Cumque
3427 4255 3610 4322 exige-

2046 4358 2198 4403 retur
2227 4349 2564 4419 captivorum
2595 4349 2850 4416 pretium,
2876 4347 3129 4401 studebat
3157 4346 3453 4415 imperator
3483 4362 3605 4400 eum

2045 4442 2347 4495 redimere:
2381 4456 2502 4494 nam
2536 4440 2695 4509 paulo
2724 4448 2847 4492 ante
2889 4439 3114 4493 Maleses
3146 4454 3363 4507 quoque
3391 4438 3610 4491 absolu-

2047 4542 2135 4586 tus
2169 4548 2196 4585 a
2224 4533 2437 4586 Cmsare
2468 4531 2651 4584 statim
2686 4531 2739 4582 in
2780 4530 3032 4583 exsilium
3064 4532 3267 4585 missus
3320 4538 3404 4585 est
3432 4529 3608 4599 publi-

2044 4621 2180 4674 catis
2219 4622 2399 4683 honis,
2430 4620 2637 4674 Ruselii
2687 4622 3065 4688 captivitatem
3118 4638 3239 4674 cum
3288 4620 3606 4689 captivitate

2040 4712 2296 4780 Diogenis
2323 4719 2375 4766 et
2406 4712 2831 4779 publicationem
2875 4720 2929 4765 et
2954 4713 3207 4766 exsilium
3236 4721 3600 4769 commutans.

2040 4804 2238 4859 Verum
2267 4804 2477 4857 Ruselii
2506 4821 2645 4858 uxor
2672 4806 2846 4874 ipsum
2877 4805 3203 4860 redemerat.
3246 4805 3422 4869 Quare
3448 4806 3603 4861 missi

2038 4899 2106 4950 ab
2153 4897 2484 4966 imperatore
2525 4898 2743 4951 Caesare
2795 4899 2972 4952 solum
3032 4899 3310 4965 redempto
3371 4898 3599 4953 rediere.

2041 4987 2176 5041 Cum
2218 5003 2350 5042 vero
2385 4988 2450 5041 ad
2481 4988 2863 5057 Propontidem
2899 4987 3257 5057 pervenisset,
3304 4989 3511 5041 veritus
3540 5002 3604 5039 uc

2040 5078 2179 5133 forte
2212 5088 2269 5133 ut
2300 5079 2522 5134 rebellis
2559 5087 2612 5134 et
2642 5088 2931 5149 suspectus
2969 5080 3174 5149 aliquid
3203 5079 3327 5131 mali
3351 5086 3403 5131 et
3454 5077 3604 5144 ejus—

2038 5170 2242 5222 ccmodi
2285 5170 2368 5222 cui
2402 5169 2696 5223 remedium
2754 5169 2996 5223 adhiberi
3040 5185 3144 5221 non
3210 5174 3393 5235 posset
3438 5166 3604 5219 susti-

2040 5266 2213 5323 neret,
2268 5260 2511 5327 deposita
2552 5268 2699 5313 veste
2738 5259 2934 5312 usitata
2967 5258 3283 5325 capillisque
3331 5256 3618 5317 detonsis.~

2039 5350 2432 5404 monachorum
2463 5350 2708 5404 habitum
2744 5350 2939 5411 induit,
2968 5360 3023 5403 et
3054 5350 3126 5401 ita
3162 5349 3253 5401 vili
3283 5347 3599 5401 indumento

2039 5442 2104 5495 ad
2172 5442 2373 5510 regiam
2410 5456 2469 5494 se
2514 5442 2751 5509 recepit;
2785 5456 2851 5494 ex
2897 5440 3097 5509 quibus
3151 5440 3404 5493 omnibus
3450 5448 3597 5492 sana

2038 5535 2238 5586 mentis
2268 5532 2512 5586 homines
2547 5532 2783 5586 divinam
2832 5532 2967 5584 iram
3029 5530 3521 5593 ratiocinahantur,
3543 5538 3595 5583 et

2038 5622 2495 5692 quemadmodum
2528 5621 2666 5675 Deus
2706 5621 2835 5689 ipsis
2862 5620 3116 5674 inimicus
3155 5618 3382 5673 effectus
3414 5616 3593 5670 fuerat

2040 5723 2258 5783 propter
2284 5713 2592 5768 divinorum
2644 5714 3023 5766 mandaturum
3075 5726 3140 5765 ac
3200 5718 3592 5780 praeceptorum

2039 5806 2384 5862 violationcm
2439 5816 2492 5860 ct
2523 5812 2918 5872 contemptum,
2980 5819 3213 5873 quorum
3254 5801 3356 5855 sibi
3386 5797 3597 5855 conscii
