4424 6450
372 351 478 411 M5

1808 379 1859 437 II
1873 379 1889 437 l
1902 380 2089 439 S'l‘Ol‘.
2106 384 2191 441 l.\.

3512 394 3616 455 446

370 470 654 535 κερδαλέου
687 477 842 539 χάριν
872 476 1098 541 μηδενὸς
1128 481 1405 551 δυσφήμου
1436 487 1699 554 ὀνόματος
1723 493 1923 559 ἁπεχό-
1958 500 2000 552 Δ
2031 511 2117 564 gra

1868 493 1923 543 6-
1958 500 2000 552 Δ
2031 497 2201 564 gratia
2256 500 2394 552 nulli
2451 515 2680 568 parcens
2733 500 2992 565 infatuim,
3056 504 3321 560 ollicinam
3362 504 3414 558 in
3461 504 3613 559 Blue-

370 577 549 628 μενος,
585 563 861 627 φούνὸαιια
901 567 1013 635 (55)
1061 572 1119 623 ὲν
1152 576 1215 642 τῇ
1260 575 1553 647 Ῥαιδεστῷ
1580 581 1669 632 καὶ
1694 598 1937 650 μονοπω-

366 652 507 703 λιῖον
560 660 965 725 συνεστήσατο,
1030 663 1282 726 κωλύσας
1336 671 1429 719 καὶ
1492 671 1756 742 ἀπείρξας
1814 676 1940 738 τοὺς

370 744 684 809 πωλοῦντας
724 748 990 817 ἅπαντας,
1037 755 1099 806 τὸ
1128 755 1403 824 βασιλικὸν
1450 761 1505 813 δὲ
1541 766 1699 831 μόνον
1732 768 1940 837 πρατή-

370 851 483 902 ριον
516 837 899 907 ἐμηχανήσατο
922 859 935 872 ·
970 845 1113 914 παρὸ
1142 847 1235 899 καὶ
1265 849 1420 917 λιμὸν
1443 853 1939 923 ἐπραγματεύσατο

370 926 629 992 μέγιστον
672 932 765 981 καὶ
814 932 922 983 τῶν
970 934 1189 989 πώποτε
1239 945 1728 1012 μνημονευομένων
1762 950 1936 1001 ἀπαν-

368 1013 717 1083 θρωπότατον
750 1065 761 1081 ,
809 1022 885 1084 ὡς
939 1026 1032 1077 καὶ
1090 1028 1167 1096 τῷ
1221 1028 1433 1096 βασιλεί
1472 1034 1586 1085 ἀντ’
1621 1038 1937 1108 ἐπωνυμίας

363 1108 621 1171 γενέσθαι
672 1112 855 1173 αὑτὸν,
897 1117 986 1167 καὶ
1018 1118 1125 1168 ἀπὸ
1167 1119 1356 1173 τούτου
1397 1125 1650 1194 μᾶλλονῆ
1682 1127 1775 1179 τοῦ
1805 1146 1937 1198 προ-

362 1199 582 1262 γονικοῦ
625 1201 986 1268 γινώσκεσθαι
1032 1210 1142 1271 τοῖς
1181 1214 1474 1279 μετέπειτα
1510 1233 1523 1245 ·
1570 1219 1787 1288 Μιχαὴλ
1826 1224 1934 1291 γάρ

358 1304 446 1351 τις
480 1292 671 1355 εἰπὼν,
716 1296 763 1345 εί
809 1298 881 1366 μὴ
926 1300 1187 1370 προσθείη
1244 1305 1463 1358 καὶτὸν
1502 1309 1932 1378 Παραπινάκιον,

359 1380 462 1432 οὐκ
485 1382 551 1433 ἂν
578 1383 786 1448 γένοιτο
810 1391 1088 1457 συντόμως
1117 1397 1557 1466 γνωριμώτερος,
1582 1401 1668 1455 διὰ
1696 1404 1756 1455 τὸ
1785 1422 1935 1473 τηνι-

363 1470 539 1523 καῦτα
601 1473 688 1525 τὸν
749 1477 929 1543 μόδιον
979 1482 1130 1549 παρὰ
1198 1486 1448 1538 πινάκιον
1506 1490 1583 1558 τῷ
1643 1493 1933 1561 νομίσματι

360 1562 793 1629 πιπράσκεσθαι.

432 1652 525 1720 Τῷ
560 1653 615 1705 δὲ
643 1654 843 1725 πρώτῳ
875 1660 983 1710 ἔτει
1018 1663 1114 1729 τῆς
1142 1664 1415 1731 βασιλείας
1450 1671 1633 1733 αὑτοῦ,
1666 1674 1929 1726 ίνδικτιῶ-

361 1758 449 1803 νος
492 1742 580 1805 ια’,
623 1747 682 1797 τὸ
727 1749 834 1798 τῶν
864 1750 1080 1817 Σέρὸων
1111 1754 1281 1818 ἔθνος,
1313 1758 1403 1821 οὓς
1425 1761 1486 1830 δὴ
1516 1766 1609 1814 καὶ
1650 1766 1929 1830 Χροεάτας

359 1833 606 1923 καλοῦσι,
642 1836 738 1904 τὴν
770 1838 1108 1909 Βονλγαρίαν
1136 1845 1330 1912 ὲξῆλθε
1364 1852 1925 1923 καταδουλωσόμενον.

359 1922 466 1974 Τὸν
490 1923 543 1974 δὲ
588 1928 785 1992 τρόπον
822 1930 1027 1981 ἄνωθεν
1057 1932 1339 1986 ἀναλαϐὼν
1361 1938 1709 2009 διηγήσομαι.
1750 1922 1928 1996 Βασι-

359 2014 505 2065 λείου
553 2019 661 2083 γὰρ
695 2019 788 2070 τοῦ
838 2019 1101 2087 βασιλέως
1128 2065 1141 2087 ,
1190 2028 1423 2095 ὁπηνίκα
1463 2030 1559 2101 τὴν
1592 2034 1949 2105 Βουλγαρίανν

360 2107 698 2173 ὑπηγάγετο,
749 2111 821 2177 μὴ
875 2111 1197 2179 θελήσαντάς
1245 2135 1294 2169 τι
1333 2122 1631 2189 νεοχμῆσαι
1669 2124 1777 2176 τῶν
1821 2127 1927 2178 εοε-

362 2214 480 2262 μων
511 2199 697 2263 αὑτοῦ,
738 2202 849 2252 ἀλλ’
896 2203 999 2255 ὑπὸ
1021 2207 1130 2267 τοῖς
1161 2211 1444 2279 σφετέροις
1476 2212 1703 2281 ἄρχουσί
1740 2236 1797 2269 τε
1836 2221 1928 2272 καὶ

359 2289 512 2355 ἥθεσι
560 2291 625 2343 τὰ
678 2292 798 2343 καθ’
839 2294 1063 2356 ἑαυτοὺς
1095 2300 1373 2364 ὁρίσαντος
1408 2304 1768 2371 διεξάγεσθαι,
1797 2311 1928 2363 καθ-

358 2384 432 2443 ώς
492 2402 593 2436 που
635 2389 727 2439 καὶ
775 2390 865 2440 ἐπὶ
916 2392 1009 2443 τοῦ
1053 2394 1303 2463 Σαμουὴλ
1331 2436 1345 2460 ,
1382 2397 1440 2459 ὃς
1473 2400 1650 2451 αὐτῶν
1689 2404 1927 2472 ἀρχηγὸς

360 2474 595 2537 ἐγένετο,
631 2478 729 2545 ἤδη
773 2480 869 2546 μὲν
902 2481 994 2534 οὖν
1043 2485 1135 2534 καὶ
1175 2486 1434 2557 πρότερον
1479 2489 1539 2541 τὸ
1580 2491 1729 2555 ἔθνος
1772 2496 1929 2546 τετά-

362 2581 570 2629 ρακτο,
636 2567 721 2637 [Ρ.
780 2570 905 2642 851]
961 2575 1061 2641 τὴν
1126 2577 1432 2643 ἀπληστίαν
1489 2582 1563 2649 μὴ
1618 2583 1781 2651 φέρον
1834 2586 1926 2637 τοῦ

360 2658 788 2729 ὀρφανοτρὸῳου,
837 2665 926 2716 ὅτε
973 2667 1064 2717 τὸν
1122 2670 1380 2721 Δολεάνον
1435 2674 1642 2727 ἑαυτῶν
1705 2677 1927 2745 βασιλέα

362 2749 803 2819 ἐπευφήμησαν,
869 2756 997 2824 περὶ
1077 2753 1150 2809 ὧν
1208 2762 1348 2811 κατὰ
1411 2763 1573 2831 μέρος
1630 2766 1926 2836 δεδήλωται

359 2838 594 2903 ἄνωθεν,
659 2844 932 2913 ἀπέϐλεψε
990 2848 1178 2901 δὲκαὶ
1235 2851 1328 2902 νῦν
1378 2855 1513 2923 πρὸς
1567 2857 1922 2915 ἀποστασίαν.

360 2927 467 2995 Τὴν
503 2931 611 2998 γὰρ
632 2931 725 2983 τοῦ
758 2933 1074 3007 Νικηφόρον
1109 2940 1183 3008 μὴ
1223 2942 1385 3008 φέρον
1421 2946 1726 3013 ἀπληστίαν
1769 2952 1861 3003 καὶ
1891 2952 1925 3007 ἃ

360 3018 496 3068 κατὰ
529 3021 745 3071 πάντων
773 3024 921 3093 αὐτῷ
948 3029 1320 3098 μεμηχάνητο,
1359 3033 1571 3095 οὖδενὸς
1602 3037 1926 3107 ἐπιστρεφο-

363 3107 520 3173 μένου
554 3109 647 3161 τοῦ
672 3110 957 3179 βασιλέως,

361 3197 518 3257 μόνον
580 3201 1046 3269 προσανέχοντος,
1099 3208 1146 3257 οἱ
1208 3208 1349 3258 κατὰ
1428 3210 1527 3279 τὴν
1586 3211 1923 3282 Βουλγαρίαν

361 3290 679 3357 προέχοντες
734 3293 944 3357 ἀξιοῦσι
1007 3298 1099 3353 τὸν
1151 3300 1438 3369 Μιχαηλὶν
1494 3304 1735 3374 ἀρχηγὸν
1797 3307 1923 3360 ὄντα

362 3382 630 3450 ἐπαρῆξαι
666 3384 847 3445 αὐτοῖς
902 3389 995 3438 καὶ
1048 3392 1399 3458 συνεργῆσαι,
1439 3393 1621 3446 δοῦναί
1652 3414 1707 3447 τε
1743 3399 1924 3461 αὐτοῖς

358 3472 444 3522 τὸν
500 3475 615 3525 υἱὸν
662 3476 850 3540 αὑτοῦ,
903 3478 978 3540 ὡς
1021 3480 1085 3531 ἂν
1137 3482 1297 3533 αὑτὸν
1338 3482 1559 3552 βασιλέα
1591 3488 1921 3558 Βουλγαρίας

358 3565 738 3632 ἀνακηρύξωσι
792 3568 880 3619 καὶ
918 3570 1014 3637 τῆς
1049 3572 1111 3622 ὲκ
1142 3572 1248 3622 τῶν
1295 3574 1579 3642 Ῥωμαίων
1627 3578 1924 3649 ἐλευθερω-

359 3655 495 3707 θεῖεν
525 3657 985 3723 καταδυναστείας
1016 3664 1109 3714 καὶ
1136 3663 1455 3733 βαρύτητος.
1497 3668 1555 3719 Ὀ
1586 3668 1641 3720 δὲ
1672 3672 1921 3738 ἁσμένως

362 3748 623 3800 ὑπακούει
653 3751 852 3811 αὐτῶν,
885 3756 1231 3822 τριακοσίους
1256 3774 1312 3809 τε
1351 3760 1459 3810 τῶν
1492 3762 1684 3815 ἑαυτοῦ
1725 3765 1921 3816 ἀπολεη

361 3839 586 3906 ξάμενος
644 3844 739 3894 καὶ
791 3844 867 3913 τῷ
914 3847 1099 3917 οἰκείῳ
1134 3850 1233 3919 ult?)
1284 3853 1677 3924 Κωνσταντίνῳ
1714 3856 1789 3925 τῷ
1830 3859 1921 3909 καὶ

360 3931 554 4000 Βοδίνῳ
588 3933 973 4004 ὀνομαζομένῳ
1002 3943 1276 4009 παραδοὺς
1316 3948 1394 4007 εἰς
1464 3948 1796 4018 Βουλγαρίαν
1833 3951 1915 4017 ἐξ·

359 4026 699 4080 αποστέλλει.
736 4030 974 4095 Ἐξεισιν
1028 4032 1121 4085 οὖν
1179 4037 1255 4098 είς
1290 4038 1357 4089 τὰ
1410 4040 1743 4107 Πρισδίανα,
1795 4045 1924 4099 ἔνθα.

359 4119 831 4187 συναθροισθέντες
861 4126 909 4176 οἱ
941 4127 999 4179 ὲν
1023 4130 1135 4190 τοῖς
1169 4129 1419 4194 Σκοπίοις
1464 4136 1809 4202 προέχοντες,
1842 4134 1923 4200 οἷς

358 4208 580 4279 ἔξαρχος
609 4208 676 4283 ἦν
705 4214 973 4284 Γεώργιος
1000 4221 1027 4270 6
1066 4220 1343 4290 Βοῖτάχος,
1363 4224 1457 4276 τοῦ
1483 4226 1591 4278 τῶν
1623 4229 1922 4299 Κομχάνων

357 4304 539 4367 γένους
613 4309 1027 4376 καταγόμενος,
1084 4312 1308 4380 βασιλέα
1375 4315 1700 4387 Βουλγάρων
1759 4322 1920 4374 αὑτὸν

358 4397 722 4465 ἁνεκήρυξαν,
755 4400 958 4469 Πέτρον
1008 4403 1129 4455 ἀντὶ
1182 4407 1590 4461 Κωνσταντίνου
1624 4414 1921 4480 μετονομά-

359 4508 565 4555 σαντες.
625 4492 804 4561 Ὅπερ
848 4493 1087 4557 ἀκούσας
1122 4498 1173 4559 ό,
1199 4498 1255 4548 ἐν
1287 4499 1535 4564 Σκοπίοις
1586 4502 1785 4555 διέπων
1822 4505 1918 4573 τὴν
1953 4477 1996 4530 D

356 4583 524 4652 ἀρχὴν
571 4581 664 4633 τοῦ
724 4583 909 4646 δουκὺς
962 4585 1267 4657 Νικηφόρος
1313 4590 1341 4639 6
1381 4592 1753 4664 Καραντηνὺς,
1795 4596 1919 4657 τοὺς

356 4676 442 4741 ὑφ’
500 4674 664 4725 αὐτὸν
702 4676 1043 4744 στρατηγοὺς
1080 4679 1410 4747 παραλαϐὼν
1466 4681 1681 4735 ἄπεισιν
1728 4686 1806 4747 είς
1851 4686 1918 4739 τὰ

358 4767 649 4836 Πρισδίανα
699 4767 835 4835 μετὰ
887 4769 993 4820 τῶν
1036 4769 1416 4841 Βουλγαρικῶν
1455 4773 1754 4839 δυνάμεων.
1828 4777 1914 4831 Ἐν

357 4859 459 4925 ὅσῳ
492 4860 547 4911 δὲ
579 4877 736 4922 ουτος
766 4862 833 4912 τὰ
874 4863 1010 4931 πρὸς
1041 4867 1132 4915 τὸν
1182 4866 1420 4936 πόλεμον
1464 4867 1745 4938 ὲξήρτυεν,
1796 4871 1919 4923 ἐπι-

359 4950 625 5002 κατέλαὸε
675 4953 916 5023 διάδοχος
965 4956 1130 5015 αὐτοῦ
1173 4959 1441 5028 Δαμιανδς
1490 4962 1517 5013 6
1554 4962 1916 5033 Δαλασσηνός.

367 5042 615 5103 Ἐνωοεὶς
674 5045 854 5096 τοίνυν
913 5047 1050 5114 μετὰ
1092 5047 1185 5101 τοῦ
1238 5052 1613 5121 Καραντηνοῦ,
1666 5054 1834 5109 πολλά
1866 5073 1919 5109 τι

358 5135 696 5202 κερτομήσας
738 5138 923 5203 αὐτὸν,
972 5140 1064 5192 καὶ
1092 5141 1149 5203 ἐς
1174 5141 1401 5195 ἕκαστον
1427 5144 1482 5195 δὲ
1509 5144 1617 5197 τῶν
1643 5149 1737 5199 σὺν
1771 5149 1918 5217 αὐτῷ

360 5225 677 5293 στρατηγῶν
722 5229 1133 5301 ἐμπαροινὴσας
1179 5232 1279 5285 οὐκ
1323 5234 1477 5301 ὀλίγα
1513 5237 1605 5290 καὶ
1638 5238 1710 5300 ὡς
1759 5239 1912 5291 ἀνάν-

358 5318 510 5385 Epeo;
547 5323 885 5391 μυκτηρίσας
914 5326 1132 5391 αὐτοὺς,
1189 5328 1589 5398 συνταξάμενος
1622 5332 1917 5398 συμϐάλλει

354 5412 462 5471 τοῖς
490 5411 712 5478 Σέρϐοις
741 5414 966 5478 εὐθέως.
1013 5418 1123 5475 Καὶ
1167 5418 1380 5484 γίνεται
1412 5422 1558 5490 μάχη
1591 5425 1791 5492 φρικτὴ
1824 5426 1915 5477 καὶ

356 5500 522 5568 τροπὴ
553 5498 665 5551 τῶν
708 5502 993 5571 Ῥωμαίων
1022 5507 1433 5579 φρικωδεστὲρα
1465 5524 1478 5539 ⁸
1515 5512 1776 5563 πίπτουσι
1807 5514 1915 5584 γὰρ

2045 586 2198 643 desto
2227 598 2278 642 et
2330 591 2703 660 monopolium
2738 594 2997 659 instituit,
3032 597 3324 662 prohibens
3372 604 3426 651 et
3459 610 3613 650 coer-

2042 693 2174 735 cens
2227 697 2417 737 omnes
2489 685 2825 751 vendentes;
2903 688 3190 753 solumque
3262 690 3610 757 imperatoris

2048 769 2225 824 forum
2274 774 2465 827 venale
2530 776 2875 830 machinatus
2928 788 3032 829 est.
3089 776 3162 829 Ex
3208 793 3316 843 quo
3363 779 3612 830 maxima».

2042 859 2198 913 laniis
2245 872 2436 917 auctor
2492 863 2617 931 fuit,
2662 874 2713 916 et
2776 884 3004 933 quarum
3062 883 3299 933 unquam
3345 869 3609 922 memine-

2042 952 2417 1006 rinthomiues
2451 954 2873 1016 crudelissimm,
2909 957 2979 1009 ita
3041 966 3097 1009 ut
3135 958 3257 1011 inde
3315 958 3612 1026 imperatur

2040 1055 2457 1109 cognomentum
2516 1047 2809 1111 invenerit,
2876 1063 2903 1098 a
2961 1065 3067 1117 quo
3120 1048 3293 1115 magis
3366 1064 3527 1115 quam
3577 1064 3607 1101 a

2039 1132 2304 1199 majorum
2349 1148 2571 1187 suorum
2622 1136 2844 1189 nomine
2897 1136 3131 1203 posteris
3175 1144 3257 1189 est
3308 1136 3607 1205 cognitus:

2039 1238 2160 1274 nam
2187 1228 2229 1276 si
2266 1225 2387 1293 quis
2416 1225 2559 1279 dicat
2588 1227 2843 1287 Michael,
2895 1242 3071 1296 neque
3103 1229 3267 1282 addat
3307 1227 3610 1298 Parapiua-

2036 1315 2175 1377 cius,
2214 1316 2352 1371 haud
2377 1319 2558 1371 statim
2586 1320 2959 1387 cognoscitur,
2979 1334 3043 1374 eo
3064 1320 3208 1387 quod
3243 1329 3370 1373 tunc
3392 1319 3607 1373 modius

2038 1409 2366 1461 munismatt-
2406 1410 2752 1471 venderetur,
2821 1411 2914 1465 sed
2972 1410 3187 1480 pinacio
3238 1409 3460 1473 minus,
3511 1410 3604 1478 qui

2038 1497 2293 1551 lllt'dlllilli
2326 1493 2609 1570 quadrans
2637 1513 2742 1556 est.

2106 1691 2288 1745 Primo
2324 1701 2503 1745 autem
2566 1696 2773 1762 imperii
2832 1695 3005 1763 ipsius
3057 1711 3222 1758 anno,
3296 1695 3595 1749 indictione

2037 1781 2345 1841 undecima,
2400 1781 2695 1835 Servorqu
2730 1798 2884 1853 gens,
2915 1798 3053 1852 quos
3084 1786 3247 1838 etiam
3302 1785 3605 1839 Chrobatas

2040 1883 2256 1935 vocant,
2292 1875 2504 1927 exiitut
2538 1874 2848 1942 Bulgariam
2879 1875 2933 1927 in
2960 1876 3277 1929 servitutem
3321 1874 3481 1944 715
3520 1890 3605 1927 re-

2035 1965 2256 2017 dactura
2308 1981 2323 2017 :
2382 1964 2657 2034 quomodo
2718 1979 2871 2027 vero,
2933 1965 3097 2017 altius
3155 1965 3270 2033 ipse
3348 1973 3602 2034 repetens

2034 2054 2324 2108 enarrabo.
2362 2053 2495 2110 Nam
2529 2069 2653 2107 cum
2695 2052 2925 2107 Basilius
2987 2056 3301 2122 imperator,
3356 2069 3420 2111 eo
3465 2064 3603 2108 tem-

2036 2158 2165 2212 pore
2200 2157 2307 2211 quo
2341 2142 2647 2212 Bulgariam
2701 2144 2947 2212 subegit,
2987 2145 3153 2199 nollet
3209 2144 3412 2212 aliquid
3446 2145 3604 2198 inno-

2034 2251 2162 2289 vare
2212 2251 2400 2289 eorum
2462 2251 2583 2305 qua:
2624 2237 2725 2306 ipsi
2770 2238 2967 2292 usitata
2999 2247 3174 2303 erant,
3206 2254 3392 2292 verum
3422 2239 3603 2308 praeﬁ-

2033 2327 2204 2381 nisset
2258 2335 2317 2380 ut
2376 2341 2405 2379 a
2460 2329 2576 2381 suis
2641 2328 2981 2397 principibus
3032 2335 3312 2397 regeretur
3378 2330 3602 2398 suisque

2032 2420 2278 2472 moribus
2333 2418 2574 2487 degeret,
2626 2420 3085 2488 quemadmodum
3126 2421 3252 2475 item
3303 2421 3601 2487 imperante

2034 2507 2316 2569 Samuele,
2359 2507 2454 2575 qui
2500 2507 2612 2561 dux
2648 2508 2891 2577 ipsorum
2941 2508 3155 2563 fuit.....
3194 2510 3305 2578 jam
3340 2511 3507 2581 igitur
3547 2521 3601 2564 et

2034 2598 2186 2667 prius
2212 2598 2362 2650 natio
2394 2599 2711 2667 perturbata
2745 2600 2943 2664 fuerat,
2984 2602 3127 2667 quod
3172 2616 3278 2653 non
3310 2602 3475 2655 ferret
3506 2618 3598 2654 or-

2033 2691 2397 2759 pliauotrophi
2452 2692 2764 2756 avaritiam,
2803 2692 3024 2759 quando
3094 2692 3392 2745 Doleauum
3434 2708 3592 2747 suum

2031 2796 2209 2848 regem
2268 2780 2639 2843 declararunt,
2702 2798 2822 2851 qua:
2873 2784 3149 2852 sigillatim
3202 2789 3456 2853 superius
3510 2786 3602 2840 de-

2029 2881 2332 2925 monstrata
2369 2880 2517 2927 sunt.
2577 2873 2637 2927 Et
2672 2890 2817 2927 nunc
2861 2890 3078 2942 quoque
3128 2875 3193 2927 ad
3247 2876 3595 2931 rebellionem

2028 2968 2331 3033 spectavit:
2355 2982 2529 3035 neque
2560 2969 2707 3020 enim
2739 2967 3255 3039 ferebatNicepliori
3286 2970 3593 3034 avaritiam,
3642 2999 3645 3003 -

2026 3062 2079 3107 et
2105 3070 2225 3123 quae
2265 3065 2453 3109 contra
2478 3072 2669 3111 omnes
2711 3056 2827 3124 ipse
2862 3057 3212 3112 machinatus
3244 3057 3430 3121 luerit,
3457 3060 3593 3113 nihil

993 3120 1541 3214 ταῖς-παιδαριώδςσι
1582 3124 1638 3214 (Et
1683 3129 1917 3214 παιδιαῖς
1946 3148 1989 3205 c
2024 3153 2247 3198 curante
2275 3146 2618 3214 imperatore,
2638 3146 2729 3200 sed

1849 3133 1917 3191 ιῖς
1946 3148 1989 3205 c
2024 3153 2247 3198 curante
2275 3146 2618 3214 imperatore,
2638 3146 2729 3200 sed
2761 3147 2892 3199 solis
2923 3147 3218 3213 puerilibus
3257 3148 3399 3202 ludis
3428 3163 3596 3204 occu—

2030 3245 2174 3300 pato.
2224 3236 2488 3304 Bulgaria:
2520 3236 2797 3306 principes
2832 3237 3148 3291 Michaelem
3208 3255 3368 3294 suum
3404 3240 3597 3305 prtere-

2027 3336 2174 3380 ctum
2210 3334 2401 3397 petunt
2430 3329 2530 3382 sibi
2564 3343 2721 3396 opem
2773 3327 2917 3381 ferre
2947 3336 3000 3382 et
3044 3330 3326 3397 opitulari,
3377 3330 3593 3398 sibique

2028 3414 2243 3468 tradere
2272 3418 2463 3480 tilium,
2490 3429 2546 3469 ut
2582 3420 2755 3486 ipsum
2788 3418 3055 3487 Bulgaria:
3085 3434 3264 3488 regem
3294 3419 3593 3483 declarent,

2025 3514 2077 3559 et
2105 3521 2132 3557 a
2160 3506 2528 3561 Romanorum
2561 3508 2789 3575 imperio
2818 3517 2871 3562 et
2902 3509 3225 3562 crudelitate
3255 3524 3378 3561 eum
3418 3510 3596 3563 vindi-

2023 3606 2167 3650 cent.
2205 3596 2294 3650 llle
2326 3606 2507 3650 autem
2544 3598 2777 3652 libenter
2809 3599 2944 3668 ipsis
2976 3599 3412 3667 obtemperabat,
3445 3599 3597 3653 delc-

2024 3692 2240 3756 Ctisque
2274 3705 2301 3741 c
2332 3690 2447 3744 suis
2483 3691 2767 3753 trecentis.
2815 3701 2869 3744 et
2919 3707 3019 3745 suo
3064 3691 3173 3745 lilio
3206 3690 3591 3755 Constantino,

2024 3784 2109 3837 cui
2142 3782 2347 3833 Bodino
2377 3796 2674 3849 cognomen
2706 3791 2843 3846 erat,
2896 3781 3134 3844 traditis,
3194 3783 3246 3834 in
3282 3781 3589 3850 Bulgariam

2024 3888 2145 3926 eum
2181 3872 2366 3926 mittit.
2424 3870 2544 3925 Exit
2595 3873 2758 3941 igitur
2808 3872 2875 3925 ad
2926 3871 3235 3935 Prisdiana,
3273 3872 3360 3925 ubi
3413 3873 3590 3926 coacti

2024 3978 2279 4031 proceres
2305 3963 2395 4028 qui
2423 3963 2474 4014 in
2499 3961 2714 4032 Scepiis
2745 3973 2922 4028 erant,
2944 3978 3173 4031 quorum
3197 3964 3451 4032 princeps
3476 3974 3594 4017 erat

2023 4052 2291 4122 Georgius
2323 4052 2637 4115 Boitaclius,
2666 4068 2695 4104 a
2720 4052 3046 4106 Comcbanis
3068 4054 3332 4121 originem
3361 4053 3588 4116 ducens,

2023 4142 2383 4213 Bulgarorum
2422 4159 2600 4211 regem
2631 4145 2807 4211 ipsum
2836 4144 3209 4206 declararunt,
3242 4146 3463 4199 Petrum
3489 4158 3590 4213 pro

2022 4235 2382 4289 Constantino
2410 4242 2619 4289 mutato
2651 4236 2871 4289 nomine
2897 4244 3171 4291 vocantes.
3194 4234 3346 4301 Quod
3372 4236 3588 4304 quidem

2025 4328 2252 4381 audiens
2284 4328 2329 4381 is
2367 4327 2460 4394 qui
2488 4325 2702 4395 Scepiis
2730 4326 2886 4381 ducis
2917 4327 3202 4395 imperium
3240 4326 3591 4381 administra-

2026 4420 2141 4477 bat.
2200 4419 2541 4486 Nceplimus
2598 4418 2959 4482 Carautenus,
3020 4433 3144 4471 cum
3197 4418 3313 4472 suis
3358 4418 3590 4472 ducibus

2025 4527 2159 4580 quos
2204 4511 2458 4573 habebat,
2494 4511 2559 4563 ad
2604 4509 2887 4564 Prisdiaua
2920 4510 3083 4580 716
3121 4526 3177 4564 se
3216 4509 3426 4564 confert
3463 4526 3586 4563 cum

2027 4601 2334 4670 Bulgaricis
2373 4601 2564 4669 cogiis.
2599 4599 2808 4655 Interea
2848 4617 2977 4655 vero
3008 4602 3137 4655 dum
3164 4602 3251 4655 hic
3282 4602 3348 4655 ad
3388 4602 3587 4655 bellum

2024 4709 2083 4749 se.
2137 4694 2511 4759 comparabat,
2545 4695 2867 4761 supervenit
2916 4708 3208 4749 successor
3261 4694 3434 4763 ipsius
3486 4693 3590 4746 Da-

2024 4786 2237 4839 mianus
2269 4786 2628 4849 Dalasseuus;
2678 4787 2923 4855 quicum
2978 4803 3043 4842 eo
3101 4788 3426 4856 conjunctus
3460 4802 3583 4840 cum

2028 4877 2211 4930 multis
2244 4892 2366 4930 eum
2394 4877 2663 4930 conviciis
2694 4874 2967 4930 aﬂ‘ecisset
2995 4884 3051 4929 et
3074 4877 3214 4929 haud
3243 4876 3586 4930 mediocriter

2028 4965 2082 5017 in
2109 4964 2228 5033 ejus
2254 4965 2454 5018 milites
2510 4963 2883 5019 debacchatus
2922 4965 3139 5029 fuisset,
3190 4973 3449 5034 tanquam
3486 4965 3585 5017 im-

2025 5054 2190 5108 belles
2214 5069 2308 5110 eos
2338 5055 2597 5117 irridens,
2633 5056 2895 5108 instructa
2917 5057 3033 5108 acie
3050 5070 3171 5109 eum
3198 5055 3381 5109 Servis
3400 5054 3583 5108 statim

2026 5146 2267 5215 praelium
2304 5148 2611 5201 committit.
2672 5145 2866 5214 Fitque
2926 5146 3204 5200 horribilis
3244 5159 3446 5214 pugna,
3489 5144 3581 5197 sed

2026 5237 2195 5288 multo
2228 5234 2544 5288 horribilior
2574 5235 2943 5289 Romanorum
2971 5237 3181 5290 clades:
3209 5235 3410 5289 cadunt
3435 5235 3581 5289 enim

2026 5330 2179 5383 multi
2213 5345 2277 5383 ex
2308 5329 2569 5384 Romanis
2599 5341 2653 5384 et
2686 5330 2964 5399 Bulgaria,
2997 5337 3049 5382 et
3085 5329 3189 5382 vivi
3237 5327 3453 5397 plurimi
3494 5340 3585 5379 ca-

2024 5422 2273 5491 piuntur,
2304 5422 2355 5474 in
2388 5424 2589 5490 quibus
2620 5424 2733 5491 ipse
2766 5436 2981 5491 quoque
3020 5420 3129 5475 dux
3158 5419 3453 5473 Damianus
3484 5419 3585 5471 Da-

2026 5514 2298 5577 lasseuus,
2349 5521 2404 5566 et
2428 5514 2521 5583 qui
2554 5513 2835 5568 dicebatur
2862 5512 3144 5573 Probatas,
3201 5518 3256 5563 et
3284 5508 3583 5578 Longibar-

1596 5619 1829 5678 JACOBI
1859 5624 2070 5683 GOABI
2096 5623 2320 5679 ΝΟΤίΕ.

424 5700 530 5765 (35)
564 5699 801 5781 Mensam
832 5705 947 5781 sive
984 5710 1305 5781 negotialem
1335 5713 1714 5781 argentariam.
1748 5716 1909 5781 οίβεί·

356 5784 468 5820 nam
506 5775 840 5839 usumriam,
884 5776 950 5829 ab
983 5775 1128 5833 Italis
1173 5775 1415 5853 (malum;
1452 5784 1561 5835 ἀπὸ
1612 5785 1704 5835 τοῦ
1754 5775 1914 5851 estiv-

2018 5716 2129 5778 ὅου,
2159 5733 2188 5767 a
2208 5715 2391 5782 fundo,
2424 5716 2474 5769 id
2498 5725 2581 5770 est
2630 5733 2832 5770 summa
2859 5719 3194 5784 pecuniaria,
3225 5732 3354 5773 voce
3380 5713 3500 5775 Grae
3534 5715 3587 5776 ll

2024 5784 2419 5841 Jut'et'onsultis
2450 5796 2573 5841 nota
2602 5787 2813 5841 dictum.
