4424 6450
814 401 863 415 ο-

814 401 859 415 ⁸-

766 401 859 460 Si:

2027 398 2348 459 JOANNIS
2387 400 2759 460 SCYLI'I'ZJE

3904 400 4004 463 448

770 512 1001 577 ilnpulus
1059 520 1108 563 et
1162 512 1250 563 alii
1287 511 1597 579 frequentes
1627 526 1748 564 cum
1804 510 1955 579 ipsis.
1990 509 2157 578 Capta
2201 521 2327 565 sunt
2359 518 2401 573 Α
2436 514 2517 565 ποῖ

2256 521 2327 562 Int
2359 518 2401 573 Α
2436 513 2618 566 πολλοὶ
2643 513 2704 565 ἔκ
2734 531 2789 565 τε
2833 514 3116 582 Ῥωμαῐων
3160 515 3250 566 καὶ
3279 514 3623 582 Βουλγάρων,
3667 514 4003 583 ξιογροῦνται

773 603 897 653 item
951 604 1129 654 omnia
1180 609 1383 665 castra,
1419 612 1473 654 et
1510 605 1691 655 omnia
1723 618 1845 670 qua:
1904 602 1957 655 in
1993 603 2126 671 ipsis
2179 612 2334 656 erant

772 696 1002 761 direpta.
1063 694 1195 746 llinc
1227 703 1410 761 aperte
1445 693 1655 761 Bulgari
1710 693 1975 747 Bodinum
2010 710 2188 762 regem
2238 696 2336 748 dc-

771 788 998 846 clarant,
1065 795 1122 837 ut
1178 786 1383 838 dictum
1425 795 1528 849 est,
1584 794 1792 838 mutato
1844 786 2061 837 nomine
2119 784 2334 838 i'etrum

774 878 1127 945 appellantes.
1165 879 1230 931 Et
1259 880 1311 930 in
1344 880 1478 932 duas
1503 887 1684 946 partes
1721 879 1880 931 divisi
1908 918 1922 940 ,
1956 878 2045 930 alii
2080 893 2201 931 cum
2233 877 2336 930 Bo-

774 969 902 1019 diuo
934 970 999 1021 ad
1052 968 1234 1022 Nisum
1269 985 1325 1021 se
1355 969 1639 1022 contulere
1662 1006 1677 1030 ,
1710 970 1801 1022 alii
1842 968 2100 1022 Petrilum
2144 984 2336 1036 quem-

775 1064 919 1119 dum,
954 1059 1040 1110 cui
1073 1061 1257 1126 prima:
1290 1060 1427 1127 apud
1490 1060 1757 1111 Bodiuum
1803 1068 1983 1123 partes
2013 1057 2337 1111 defereban-

776 1159 884 1213 tur,
940 1152 1109 1203 secuti
1172 1151 1436 1204 adversus
1488 1152 1784 1212 Romanos,
1844 1150 1935 1218 qui
1983 1152 2037 1204 in
2092 1150 2336 1204 Castoria

777 1251 952 1304 erant,
982 1242 1210 1307 profecti
1272 1252 1395 1297 sunt
1426 1262 1438 1296 :
1474 1243 1584 1295 illic
1614 1244 1757 1296 enim
1796 1259 1950 1295 muro
1986 1242 2336 1296 muniendam

777 1338 961 1385 urbem
1010 1346 1358 1400 curaverant,
1416 1335 1678 1388 Romanis
1739 1334 2008 1398 faventes,
2048 1335 2335 1388 ntdictnm

774 1435 877 1486 est,
915 1437 968 1479 et
997 1427 1252 1480 Aeliridis
1288 1434 1485 1494 praetor
1515 1426 1793 1480 Mariauus
1824 1435 1876 1479 et
1914 1426 2175 1493 patricius
2212 1424 2340 1477 Dia-

778 1520 963 1572 boleos
1000 1529 1051 1572 et
1095 1519 1389 1587 proconsul
1422 1518 1806 1586 Tlieognostus
1839 1516 2085 1578 Burtzes,
2132 1525 2185 1568 et
2216 1529 2337 1568 cum

778 1610 895 1676 ipso
920 1609 1178 1662 Castoria:
1206 1609 1519 1677 prmfectus,
1556 1610 1881 1677 quibuscum
1919 1607 2137 1661 Borises
2165 1608 2336 1660 David

778 1711 829 1753 et
860 1701 947 1753 alii
978 1701 1154 1757 multi,
1206 1702 1296 1767 qui
1345 1700 1500 1753 veriti
1554 1699 1929 1767 indigenarum
1981 1698 2336 1767 Bulgarorum

782 1794 956 1845 minus
986 1792 1037 1844 in
1066 1791 1364 1845 Castoriam
1390 1798 1645 1858 tanquam
1679 1789 1745 1843 ad
1778 1790 1986 1860 asylum
2019 1789 2332 1857 confugere.

775 1880 911 1933 Cum
946 1881 1107 1949 igitur
1138 1879 1371 1934 Pt‘ll'iillS
1406 1880 1472 1932 ad
1511 1880 1811 1933 Castoriam
1845 1880 2180 1947 pervenisset
2212 1892 2333 1930 cum

783 1970 1163 2023 innumerabili
1204 1968 1556 2037 Bulgarorum
1616 1984 1803 2033 manu,
1853 1984 1971 2037 qua:
2019 1969 2085 2021 ad
2141 1969 2340 2022 bellum

786 2062 1113 2126 pertinerent
1142 2061 1301 2130 717
1334 2060 1705 2127 comparabat.
1752 2058 1977 2113 Romani
2021 2074 2149 2113 vero
2179 2060 2341 2113 etiam

783 2151 885 2219 ipsi
923 2152 1171 2204 instructi
1208 2150 1470 2204 adversus
1511 2164 1759 2217 erupere,
1792 2158 1846 2203 et
1883 2150 2085 2219 ingenti
2136 2150 2342 2217 impetu

783 2257 905 2294 cum
941 2242 1074 2307 ipsis
1101 2239 1382 2308 congressi
1425 2239 1657 2293 fundunt
1688 2238 1969 2305 Petrilum,
1995 2249 2049 2296 et
2077 2242 2127 2294 in
2161 2240 2339 2311 fugam

782 2334 1090 2399 conjectum
1132 2342 1337 2402 cogunt
1366 2348 1460 2401 per
1489 2332 1668 2385 invios
1705 2343 1918 2387 montes
1955 2334 2020 2387 ad
2049 2348 2208 2388 suum
2238 2334 2341 2386 do-

785 2425 987 2477 minum
1040 2423 1354 2477 Mieliaelem
1407 2428 1709 2493 pervenire,
1744 2434 1795 2479 et
1832 2426 2186 2495 Bulgaroruiu
2223 2426 2344 2493 plu-

792 2514 960 2567 rimus
988 2514 1263 2577 occidunt,
1296 2516 1625 2584 capiuntque
1654 2530 1775 2568 eum
1808 2516 1900 2584 qui
1938 2524 2058 2583 post
2079 2513 2340 2568 Petrilum

785 2606 838 2656 in
865 2605 1147 2659 Clirobatis
1166 2607 1464 2659 secundum
1487 2608 1726 2661 ordinem
1746 2607 1993 2669 ducebat,
2016 2614 2066 2660 ct
2085 2607 2147 2658 ad
2175 2608 2345 2675 impc-

787 2705 1018 2749 ratoreiu
1061 2697 1300 2749 vinctum
1351 2699 1673 2764 perducunt.
1718 2697 1957 2751 Bodinus
1998 2708 2175 2751 autem
2218 2714 2341 2752 cum

787 2787 850 2837 ad
882 2786 1067 2838 Nisum
1102 2789 1459 2855 pervenisset,
1514 2797 1572 2840 ut
1595 2790 1706 2856 jam
1747 2790 2125 2857 imperatorem
2160 2805 2187 2842 a
2220 2790 2344 2843 Bul-

786 2878 968 2945 garica
1008 2879 1286 2946 provincia
1318 2888 1618 2941 coerceret,
1666 2881 1849 2934 omnia
1871 2882 2028 2935 obvia
2062 2884 2343 2949 praedaba-

786 2980 894 3028 tur,
932 2984 1025 3023 eos
1054 2984 1082 3022 a
1112 2972 1309 3038 quibus
1341 2986 1444 3023 non
1480 2972 1841 3040 exciperetur,
1880 2974 2082 3042 quique
2119 2990 2337 3028 recusa-

785 3070 909 3112 rrnt
937 3061 1055 3128 ejus
1082 3062 1389 3130 imperium,
1421 3078 1620 3119 vexans
1646 3074 1698 3118 et
1728 3065 2022 3119 offendens.
2043 3068 2195 3131 Quod
2220 3083 2342 3120 cum

787 3153 1032 3207 audisset
1066 3154 1386 3223 imperator,
1424 3157 1631 3210 cladem
1668 3157 1923 3212 videlicet
1954 3159 2108 3213 ducis
2140 3166 2191 3211 et
2224 3160 2344 3226 ejus

786 3242 1230 3309 declarationem,
1293 3245 1599 3300 Saronitem
1660 3247 1924 3303 adversus
1971 3264 2093 3303 eum
2158 3249 2340 3311 mittit,

788 3343 1078 3403 antequam
1141 3337 1342 3390 malum
1400 3339 1793 3393 accenderetur
1859 3348 1914 3392 et
1986 3340 2039 3392 in
2096 3355 2342 3409 magnam

790 3423 1059 3477 ﬂammam
1094 3427 1369 3490 evaderet,
1403 3430 1747 3498 exstinguere
1795 3429 2089 3495 festinans;
2133 3439 2185 3484 et
2224 3447 2343 3483 cum

793 3516 911 3579 ipso
942 3516 1197 3571 idoneum
1227 3534 1446 3587 quoque
1477 3520 1627 3574 misit
1647 3521 1967 3583 exercitum,
1997 3537 2061 3574 ex
2096 3520 2347 3574 Macedo-

794 3608 953 3662 ribus
984 3618 1035 3661 et
1062 3607 1323 3663 Romanis
1355 3609 1687 3681 Francisque
1722 3620 1994 3667 coactum.
2023 3611 2222 3666 Verum
2265 3610 2349 3664 bic

794 3700 859 3751 ul
897 3698 1218 3767 Scopiorum
1253 3701 1440 3755 urbem
1472 3704 1770 3771 profectus,
1803 3704 2004 3756 nullam
2038 3719 2224 3757 eorum
2256 3704 2346 3771 qui

796 3790 908 3845 Nisi
963 3800 1119 3845 erant
1173 3794 1437 3847 rationem
1473 3795 1727 3847 habebat.
1757 3794 2041 3849 Profectus
2075 3796 2258 3863 igitur,
2299 3804 2353 3847 et

800 3882 1030 3951 Georgio
1078 3882 1359 3947 Boitaeho,
1389 3885 1476 3937 cui
1516 3885 1648 3938 urbs
1690 3887 1981 3940 commissa
2035 3895 2177 3949 erat,
2225 3888 2349 3940 data

800 3972 905 4025 lide
942 3974 1076 4026 nihil
1132 3990 1255 4027 eum
1305 3975 1615 4030 detrimenti
1668 3992 1976 4046 passurum,
2034 3976 2351 4047 Scopiorum

802 4064 992 4118 urbem
1042 4075 1337 4133 expugnat,
1373 4067 1554 4135 ibique
1585 4079 1763 4122 castra
1806 4070 1969 4133 locat,
2025 4078 2077 4124 et
2108 4071 2237 4138 quid
2280 4070 2355 4121 ia-

801 4157 1054 4211 ciendum
1096 4159 1161 4211 de
1186 4159 1253 4212 iis
1289 4160 1381 4228 qui
1411 4158 1524 4215 Nisi
1563 4168 1719 4213 erant
1774 4162 2117 4215 consultabat
2149 4177 2210 4213 ac
2240 4176 2355 4213 me—

801 4250 1101 4303 dilabatur.
1130 4248 1322 4304 Verum
1355 4250 1667 4315 Boitacbus,
1696 4267 1855 4321 quem
1885 4251 1995 4320 jam
2030 4251 2357 4321 pmnituerat

800 4352 906 4393 lnltl
951 4342 1041 4395 diu
1076 4344 1277 4396 bonum
1312 4343 1480 4398 fuisse
1514 4352 1568 4397 et
1598 4342 1874 4398 Romanos
1909 4356 2152 4397 secutum
2213 4359 2356 4408 esse,

800 4436 941 4486 clam
973 4434 1040 4486 iis
1070 4435 1160 4502 qui
1191 4435 1304 4487 Nisi
1338 4436 1604 4503 degebant
1645 4436 1905 4488 indicavit
1938 4447 1995 4487 ut
2026 4434 2092 4487 ad
2116 4450 2173 4488 se
2195 4449 2357 4503 quam

2438 604 2492 654 δὲ
2525 605 2762 655 πλεῖστοι
2792 605 2882 655 καὶ
2915 605 3074 665 αὐτὸς
3099 605 3127 656 6
3155 604 3281 668 δοὺξ
3309 606 3580 673 Δαμιανὸς
3605 606 3631 656 6
3662 606 4003 673 Δαλασσηνὺς

2438 694 2465 745 δ
2494 711 2550 744 τε
2590 694 2878 761 λεγόμενος
2916 694 3201 762 Προϐατᾶς
3254 696 3349 747 καὶ
3394 698 3421 748 ὀ
3469 696 4004 763 Λογγιϐαρδόπουλος

2441 786 2533 836 καὶ
2581 785 2756 851 ἕτεροι
2794 787 2975 853 συχνοὶ
3025 786 3121 837 σὺν
3180 786 3383 847 αὐτοῖς.
3452 786 3685 855 Ἐλήφθη
3740 786 3794 837 δὲ
3851 789 4001 855 καὶὴ

2442 875 2757 944 παρεμϐολὴ
2789 875 2994 935 ἅπασα,
3021 878 3112 928 καὶ
3142 877 3249 928 τῶν
3280 878 3336 927 ἐν
3366 879 3503 947 αὐτῇ
3543 880 3758 931 πάντων
3785 877 4005 929 διασκύ-

2440 967 2619 1030 λευσις
2651 968 2873 1035 γένεται.
2938 969 3218 1022 Ἐντεῦθεν
3248 970 3471 1039 ἀναίδην
3509 972 3557 1021 οἱ
3591 970 3887 1038 Βούλγαροι
3915 970 4004 1020 τὸν

2442 1059 2652 1111 Βοδίνον
2686 1059 2911 1127 βασιλέα
2951 1061 3395 1129 ἀναγορεύουσιν,
3426 1061 3499 1121 ὼς
3531 1060 3764 1129 εἴρηται,
3804 1061 4005 1129 Πέτρον

2444 1150 2926 1218 μετονομάσαντες.
2996 1153 3130 1219 Διχῆ
3166 1168 3221 1202 τε
3255 1150 3613 1215 διαιρεθέντες
3644 1152 3691 1201 oi
3735 1155 3831 1218 μὲν
3871 1152 4008 1217 μετᾶ

2438 1239 2534 1290 τοῦ
2568 1240 2779 1292 Βοδίνου
2830 1244 2908 1303 είς
2955 1240 3045 1291 τον
3076 1242 3240 1292 Νίσον
3266 1242 3531 1309 ἀπῄεσαν,
3577 1243 3622 1294 οί
3660 1241 3715 1292 δὲ
3750 1240 4005 1309 [ιετρίλον

2443 1333 2559 1384 τινα
2605 1334 2669 1385 τὰ
2718 1334 2906 1402 πρῶτα
2944 1334 3093 1402 παρὰ
3129 1332 3206 1403 τῷ
3252 1335 3449 1403 Βοδίνῳ
3487 1334 3721 1402 φέροντα
3757 1332 4004 1399 παραλα-

2443 1425 2625 1486 ϐόντες
2679 1428 2819 1477 κατὰ
2865 1426 2971 1477 τῶν
3006 1428 3061 1477 ἐν
3092 1427 3371 1494 Καστορία
3417 1426 3703 1492 Ῥωμαίων
3740 1427 3964 1476 ἀπίασιν
3991 1442 4001 1453 ·

2442 1516 2619 1567 ἐκεῖσε
2649 1517 2755 1586 γὰρ
2788 1516 3204 1584 διατετειχίσθαι
3238 1516 3333 1585 τὴν
3366 1516 3517 1567 πόλιν
3543 1518 3591 1567 oi
3618 1517 3684 1566 τὰ
3720 1516 4006 1584 Ῥωμαίων

2444 1608 2786 1675 φρονοῦντες,
2839 1608 2913 1669 ὠς
2982 1610 3214 1675 εἴρηται,
3249 1610 3275 1658 δ
3303 1625 3359 1659 τε
3390 1609 3487 1671 τῆς
3535 1607 3779 1677 Ἀχρίδος
3814 1624 4009 1676 στρατ-

2444 1698 2577 1765 ηγὸς
2610 1696 2887 1767 Μαριανὸς
2914 1700 3007 1750 καὶ
3038 1701 3064 1751 6
3096 1699 3191 1767 τῆς
3215 1698 3511 1761 Διαϐόλεως
3542 1701 3569 1751 6
3603 1699 3889 1767 πατρίκιος
3918 1698 4010 1749 καὶ

2443 1788 2749 1851 ἀνθύπατος
2780 1789 3121 1856 Θεόγνωστος
3152 1791 3179 1840 ὁ
3205 1790 3499 1860 Βούρτζης,
3530 1794 3625 1844 σὺν
3657 1791 3803 1859 αύτῷ
3831 1791 3886 1843 δὲ
3919 1792 4013 1842 καὶ

2441 1882 2467 1932 6
2504 1881 2560 1931 ἐν
2590 1882 2869 1951 Καστορίᾳ
2895 1881 3236 1951 στρατηγῶν.
3299 1884 3435 1935 Μεθ’
3476 1878 3549 1936 ὧν
3595 1884 3683 1936 καὶ
3723 1886 3749 1936 6
3780 1882 4012 1952 Βορίσης

2442 1970 2605 2024 Δαϐὶδ
2651 1970 2745 2023 καὶ
2774 1971 2922 2023 ἄλλοι
2956 1973 3162 2032 πολλοὶ.
3195 1973 3388 2033 οἵτινες
3415 1974 3646 2035 δεδιότες
3681 1973 3779 2043 τὴν
3814 1975 3876 2025 ἐκ
3900 1973 4011 2025 τῶν

2447 2062 2713 2129 ίθαγενῶν
2765 2062 3089 2132 Βουλγάρων
3130 2064 3357 2134 ἀπειλὴν
3390 2066 3463 2128 ὡς
3494 2067 3573 2126 είς
3630 2064 4010 2134 κρησφύγετον

2444 2151 2543 2219 τὴν
2573 2152 2880 2221 Καστορίαν
2910 2153 3231 2221 συνέφυγον.
3270 2154 3603 2206 Καταλαϐὼν
3638 2151 3731 2206 οὖν
3760 2155 3787 2205 6
3820 2154 4012 2223 Πετρί-

2443 2240 2534 2304 λος
2562 2244 2661 2311 τὴν
2697 2244 3007 2311 Καστορίαν
3044 2247 3181 2312 μετὰ
3235 2245 3473 2313 πλήθους
3524 2245 3847 2314 Βουλγάρων
3878 2247 4014 2312 ἀμυ-

2445 2334 2609 2401 θήτου
2630 2334 2697 2385 τα
2730 2334 2863 2402 πρὸς
2893 2335 2983 2387 τὸν
3016 2335 3252 2404 πόλεμον
3286 2336 3371 2405 ἶΡ.
3404 2336 3531 2407 85⁸2]
3567 2336 4008 2399 συνεσκευάζετο.

2446 2427 2511 2478 Οἱ
2559 2426 2615 2479 δὲ
2680 2426 2937 2494 Ῥωμαῖοι
2979 2429 3073 2480 καὶ
3121 2430 3170 2480 οἱ
3202 2429 3594 2497 συνταξάμενοι
3634 2428 3854 2496 ἐξῆλθον
3891 2428 4010 2480 κατ’

2443 2518 2647 2582 αὐτῶν,
2674 2521 2766 2571 καὶ
2800 2518 2937 2581 μετά
2962 2520 3141 2590 ῥύμης
3180 2522 3411 2591 σφοδρᾶς
3448 2520 3810 2590 συμϐαλόντες
3833 2520 4012 2582 αὐτοῖς

2443 2611 2705 2678 τρέπουσι
2738 2610 2826 2663 τὸν
2873 2612 3151 2679 Πετρίλον,
3189 2614 3282 2666 καὶ
3314 2616 3504 2680 φυγεῖν
3540 2612 4012 2679 καταναγκάζουτι

2442 2700 2511 2752 δι’
2566 2702 2735 2768 ὀρέων
2805 2702 3017 2755 ἀϐάτων
3075 2704 3214 2773 πρὸς
3277 2703 3367 2755 τὸν
3423 2703 3615 2755 ἐαυτοῦ
3672 2702 3859 2771 κύριον
3920 2703 4011 2754 τὸν

2444 2790 2734 2857 Μιχαηλᾶν
2784 2792 3133 2861 ἀφικόμενον.
3186 2792 3469 2845 κτείνουσι
3512 2792 3569 2844 δέ
3604 2793 3694 2843 καὶ
3727 2792 3832 2843 τῶν
3856 2790 4012 2843 Βουλ-

2443 2880 2629 2948 γάρων
2659 2878 2883 2943 πολλούς
2914 2896 2927 2909 ·
2963 2882 3174 2950 αἱροῦσι
3204 2882 3259 2934 δέ
3291 2882 3381 2934 καὶ
3412 2882 3500 2934 τὸν
3529 2882 3666 2950 μετὰ
3694 2881 3783 2934 τὸν
3818 2882 4009 2951 Πετρξ-

2444 2967 2533 3019 λον
2554 2969 2609 3019 ἐν
2648 2969 2944 3038 Χροϐἀτοις
2975 2972 3324 3040 τεταγμένον,
3357 2973 3447 3023 καὶ
3483 2972 3616 3041 πρὸς
3661 2972 3752 3023 τὸν
3794 2972 4013 3040 βασιλέα

2445 3056 2730 3125 δεσμώτην
2788 3058 3113 3125 ἀπάγουσιν.
3195 3061 3253 3112 Ὀ
3310 3062 3367 3112 δὲ
3442 3060 3652 3125 Βοδίιος
3712 3064 3803 3116 τὸν
3850 3062 4013 3114 Νίσσν

2446 3148 2766 3202 καταλαϐὼν
2803 3150 2877 3213 ὡς
2911 3151 3008 3221 ήδη
3037 3152 3287 3220 βασιλεὺς
3323 3153 3429 3206 τῶν
3463 3155 3844 3224 Βουλγαρικῶν
3876 3172 4012 3226 πρα-

2448 3243 2673 3307 γμάτιον
2726 3243 3023 3311 ἀντείχετο,
3084 3246 3190 3296 πᾶν
3232 3246 3292 3297 τὸ
3335 3248 3639 3316 προστυχὸν
3674 3248 4011 3315 ληϊζόμενος,

2449 3330 2700 3395 καὶτοὺς
2744 3332 2819 3402 μὴ
2870 3333 3194 3403 δεχομένους
3253 3336 3388 3405 μηδὲ
3439 3336 3827 3405 δουλουμένους
3864 3338 4013 3406 αὐτῷ

2449 3421 2719 3490 κεραΐζων
2749 3424 2841 3474 καὶ
2873 3424 2933 3474 λυ
2944 3424 3285 3495 μαινόμενος.
3324 3429 3497 3498 Ὅπερ
3524 3428 3776 3497 ἀκηκοὼς
3805 3432 3831 3482 6
3863 3428 4013 3497 βασι-

2450 3513 2593 3575 λεὺς,
2622 3516 2719 3585 τήν
2751 3531 2807 3567 τε
2838 3514 2931 3568 τοῦ
2957 3517 3145 3580 δουκὺς
3170 3515 3339 3590 ἧτταν
3367 3521 3565 3590 δηλαδὴ
3606 3523 3694 3573 καὶ
3725 3521 3820 3592 τὴν
3848 3519 4012 3573 αὑτοῦ

2451 3605 2839 3675 ἀναγόρευσιν,
2897 3606 2989 3659 τὸν
3068 3608 3380 3678 Σαρωνίτην
3434 3613 3551 3662 κατ’
3613 3610 3776 3663 αὑτοῦ
3848 3611 4014 3673 ἐξαπ-

2453 3696 2692 3760 έστειλε,
2728 3700 2854 3766 πρὶν
2900 3698 3106 3770 ἐξαφθῇ
3149 3700 3208 3751 τὸ
3270 3702 3437 3753 κακὸν
3501 3704 3590 3754 καὶ
3643 3704 3721 3764 είς
3774 3704 4016 3771 μεγάλην

2454 3789 2655 3859 ἐξαρθῇ
2694 3789 2883 3857 φλόγα,
2942 3792 3277 3844 κατασϐέσαι
3331 3792 3487 3845 τοῦτο
3534 3795 4013 3863 κατεπειγόμενος.

2456 3880 2909 3943 Συνεξαπέστειλε
2956 3881 3011 3933 δὲ
3064 3882 3213 3951 αὐτῷ
3262 3885 3355 3933 καὶ
3399 3885 3712 3951 στράτευμα
3740 3884 4016 3951 ἀξιόλογον

2459 3971 2811 4038 συγκείμενον
2842 3972 2904 4023 ἔκ
2950 3989 3007 4024 τε
3056 3974 3381 4025 Μακεδόνων
3434 3975 3525 4027 καὶ
3592 3975 3876 4043 Ῥωμαίων
3927 3979 4018 4031 καὶ

2456 4064 2739 4131 Φράγγων.
2790 4062 2927 4115 Ἀλλ’
2962 4058 3114 4126 οὗτος
3164 4064 3262 4133 μὲν
3310 4065 3446 4135 πρὸς
3496 4065 3747 4136 τὴνετῶν
3774 4069 4021 4121 Σκοπίων

2459 4155 2612 4206 πόλιν
2643 4154 2742 4222 τὴν
2770 4154 2945 4222 ὁρμὴν
2981 4156 3304 4224 ποιούμενος
3334 4157 3440 4209 τῶν
3484 4159 3542 4208 ἐν
3574 4157 3650 4226 τῷ
3682 4159 3833 4227 Νίσῳ
3869 4160 4020 4211 οὐδε-

2463 4242 2588 4311 μίαν
2631 4244 2886 4316 φροντίδα
2915 4244 3139 4298 ἐτίθετο.
3179 4247 3620 4315 Παραγενόμενος
3649 4244 3761 4311 οὖν,
3813 4250 3901 4301 καὶ
3945 4249 4021 4318 τῷ

2462 4336 2835 4405 πιστευομένῳ
2887 4336 3093 4405 ταύτην
3149 4337 3403 4407 Γεωργίῳ
3463 4339 3539 4407 τῷ
3586 4340 3827 4409 Βοῖτάχῳ
3869 4341 4022 4403 λόγον

2462 4424 2708 4486 δεδωκὼς
2743 4423 2818 4487 ὡς
2846 4426 2997 4478 οὐδὲν
3043 4426 3279 4494 φλαῦρον
3328 4427 3717 4493 ὑποστήσεται,
3746 4431 3845 4497 τὴν
3872 4430 4022 4480 πόλιν

799 4529 1081 4581 (ῗυῙιΊὛῙΙΙιθ
1129 4530 1393 4591 venirent,
1428 4538 1480 4581 et
1529 4544 1623 4583 eos
1670 4530 1762 4597 qui
1809 4529 1972 4598 718
2017 4544 2137 4581 cum
2192 4528 2357 4581 Saro-
2390 4517 2546 4583 Βτῶ⁴

2275 4543 2357 4580 τοο..
2390 4529 2433 4583 D
2460 4517 2569 4571 τῶν
2602 4516 2846 4569 Σκοπίων
2879 4518 3041 4585 αἱρεῖ,
3099 4518 3200 4567 κάν
3232 4516 3403 4586 ταύτῃ
3454 4518 3553 4584 τὴν
3606 4518 4022 4585 στρατοπεδείαν

803 4622 910 4670 nite
948 4627 1101 4671 erant
1136 4619 1384 4687 ignavius
1418 4619 1674 4687 degentes
1708 4633 1771 4671 ac
1804 4619 2057 4687 segnius,
2092 4618 2209 4671 sine
2250 4617 2354 4669 ulla

802 4710 1148 4762 miseratione
1190 4711 1482 4763 crudeliter
1521 4725 1711 4764 omnes
1758 4711 1821 4763 ad
1878 4726 2043 4763 unum
2089 4710 2358 4763 interlice-

804 4808 941 4851 rent.
989 4799 1114 4863 Qui,
1162 4811 1383 4867 accepto
1438 4802 1648 4862 nuntio,
1703 4800 1929 4869 profecti
1981 4799 2111 4854 Niso
2159 4800 2354 4870 Scopia

802 4888 1089 4958 petebant,
1133 4899 1381 4957 conperta
1423 4899 1564 4943 terra
1607 4893 1727 4944 nive
1758 4911 1769 4943 :
1806 4893 1975 4945 biems
2018 4894 2162 4945 enim
2205 4901 2355 4954 erat,

804 4980 1084 5033 Decembri
1131 4998 1332 5037 mense.
1376 4983 1528 5047 Quod
1570 4998 1691 5036 cum
1740 4983 2138 5051 persensisseut
2185 4984 2219 5036 ii
2264 4985 2356 5063 (ιυθὶ

802 5088 925 5123 cum
972 5070 1225 5126 Saronite
1269 5082 1452 5136 erant,
1508 5074 1768 5128 adversus
1822 5074 1967 5142 ipsos
2018 5089 2139 5127 cum
2185 5075 2361 5126 omni-

805 5162 906 5215 bus
964 5164 1132 5232 copiis
1189 5165 1536 5232 irrumpunt,
1593 5173 1646 5218 et
1707 5165 1760 5217 in
1820 5166 2011 5217 itinere
2066 5166 2358 5234 deprchen-

806 5270 895 5306 ειυς
957 5254 1022 5305 all
1077 5254 1365 5322 quemdam
1420 5256 1593 5310 locum
1644 5256 1863 5309 nomine
1920 5255 2208 5314 Taonimn,
2253 5255 2360 5310 fere

806 5362 995 5401 cmnes
1036 5346 1390 5400 interliciuut.
1417 5346 1641 5415 Capitur
1670 5348 1834 5401 etiam
1864 5346 2125 5398 Bodinus.
2162 5346 2361 5415 Longi-

811 5438 1142 5507 l.ar.lopulus
1171 5453 1319 5501 vero,
1352 5446 1409 5489 ut
1435 5439 1640 5493 dictum
1670 5446 1771 5504 est,
1804 5438 1867 5490 ad
1900 5436 2209 5491 Micliaelem
2243 5452 2363 5506 per-

810 5538 1027 5593 inn-Ius,
1060 5532 1179 5585 data
1221 5539 1549 5599 acceptaque
1599 5530 1721 5594 (ille,
1756 5531 1875 5599 ejus
1928 5530 2089 5582 tiliam
2132 5542 2359 5582 uxorem

811 5621 981 5671 tlttcil.
1021 5619 1187 5688 Eique
1220 5622 1412 5689 ingens
1434 5622 1794 5673 committitur
1834 5620 2130 5681 exercitus,
2165 5636 2194 5673 ε
2226 5619 2364 5672 Lon-

816 5710 1051 5775 eibardis
1076 5719 1133 5765 et
1161 5712 1344 5766 Suvis
1377 5711 1678 5777 conﬂatus;
1719 5727 1951 5781 quocum
1996 5712 2059 5763 ad
2099 5710 2359 5763 auxilium

819 5798 1008 5852 limlmi
1043 5800 1241 5857 missus
1273 5817 1463 5859 rursus
1484 5801 1742 5857 Romanis
1772 5810 2053 5870 repugnat.
2086 5801 2361 5856 Samnites

2460 4611 2717 4679 πήγνυσι,
2763 4610 2858 4661 καὶ
2916 4608 3046 4677 περὶ
3105 4607 3213 4659 τῶν
3266 4609 3323 4658 ἐν
3372 4606 3448 4675 τῷ
3489 4607 3637 4675 Νίσῳ
3678 4608 3736 4658 τὸ
3776 4608 4024 4676 ποιητέον

2458 4701 2678 4753 ἐσκόπει
2712 4701 2801 4752 καὶ
2833 4699 3083 4768 ἐμελέτα.
3137 4697 3277 4750 Ἀλλ’
3300 4700 3328 4750 6
3351 4698 3605 4767 Βοῖτάχος
3632 4699 4022 4768 μεταμεληθεὶς

2457 4796 2538 4847 ὅτι
2596 4795 2659 4862 δὴ
2708 4793 2891 4854 ποσῶς
2935 4790 3138 4858 ἀγαθὸς
3202 4790 3391 4857 γέγονε
3455 4791 3548 4842 καὶ
3605 4790 3673 4842 τὰ
3741 4790 4025 4859 Ῥωμαίων

2459 4886 2747 4957 ἐφρόνησε,
2792 4882 3065 4952 λαθραίως
3112 4883 3220 4943 τοῖς
3259 4882 3315 4931 ἐν
3365 4879 3441 4947 τῷ
3476 4879 3629 4948 Νίσῳ
3678 4879 3866 4948 ἐδήλου
3921 4881 4025 4949 ἀφ-

2462 4974 2722 5028 ικνεῖσθαι
2752 4973 2847 5042 μὲν
2896 4975 2954 5024 ἐν
2999 4971 3152 5041 τάχει
3208 4971 3342 5040 πρὸς
3372 4970 3553 5033 αὑτὸν,
3602 4972 3850 5033 καὶτοὺς
3896 4972 4024 5040 πιρὶ

2458 5067 2549 5120 τὸν
2604 5064 2914 5133 Σαρωνίτην
2969 5060 3339 5131 ῥαθυμότερον
3378 5058 3661 5125 διάγοντας
3692 5060 3786 5112 καὶ
3830 5060 4024 5128 ἀμελές

2461 5172 2649 5222 στερον
2694 5154 2952 5214 ἀνοίκτως
2999 5153 3091 5203 καὶ
3121 5151 3287 5220 ὠμῶς
3326 5151 3523 5218 ἡϐηδὸν
3565 5150 3893 5216 ἀποσφάξαι.
3962 5151 4024 5203 Οἳ

2458 5247 2523 5315 δὴ
2555 5248 2650 5314 τὴν
2678 5244 2935 5311 ἀγγελίαν
2980 5242 3284 5311 δεξάμενοι.
3319 5242 3549 5309 ἄραντες
3582 5242 3646 5293 ἐκ
3692 5241 3784 5293 τοῦ
3834 5242 4022 5305 Νίσου,

2462 5336 2591 5403 πρὸς
2640 5336 2707 5385 τὰ
2755 5334 2959 5384 Σκόπια
2992 5333 3152 5395 ἵεντο,
3205 5332 3340 5399 χιόνι
3386 5330 3803 5400 κεκαλυμμένης
3859 5330 4023 5399 οὔσης

2460 5428 2562 5495 τῆς
2613 5430 2755 5495 γῆς’
2806 5423 3013 5494 χειμὼν
3066 5423 3174 5492 γὰρ
3214 5418 3302 5492 ἦν’
3351 5422 3684 5491 Δεκεμϐρίου
3734 5424 4024 5491 ἱσταμένου

2466 5518 2652 5587 μηνός.
2701 5516 3108 5585 Συναισθήσεως
3144 5514 3198 5565 δὲ
3243 5516 3355 5575 τοῖς
3416 5515 3545 5583 περὶ
3591 5514 3681 5565 τὸν
3714 5513 4028 5583 Σαρωνίτην
4073 5584 4081 5593 .

2462 5609 2757 5679 γενομένης
2788 5607 2955 5671 ἔξεισι
2982 5605 3101 5657 κατ’
3134 5604 3312 5657 αὐτῶν
3348 5603 3691 5673 παμπληθεὶ,
3740 5605 3832 5656 καὶ
3863 5621 4028 5657 καταο

2462 5702 2641 5757 λαϐὼν
2670 5703 2866 5762 αὐτοὺς
2896 5699 3034 5752 κατά
3063 5701 3165 5766 τὴν
3192 5697 3311 5750 ὁδὸν
3339 5697 3394 5748 ἓν
3423 5713 3529 5749 τινι
3572 5696 3722 5765 τόπῳ
3753 5696 4028 5763 λεγομένῳ

2466 5793 2692 5865 Ταωνίῳ
2728 5792 2941 5862 ἀναιρεῖ
2972 5790 3156 5860 σχεδὸν
3186 5790 3310 5852 τοὺς
3338 5788 3653 5858 σύμπαντας
3685 5803 3702 5818 θ
3751 5786 4027 5840 ἁλίσκεται
