4424 6450
398 379 508 442 449

1830 370 2220 431 HISTORIA.

396 491 451 544 δὲ
509 489 604 541 καὶ
657 489 682 539 ὁ
736 485 968 546 Βοδίνος.
1040 485 1098 535 '0
1163 483 1218 534 δὲ
1274 479 1839 549 Λογγιῦαρδὸπουλος,
1900 479 1973 540 ὡς
2007 486 2048 538 Α
2083 493 2143 526 an

1905 479 1973 540 ὡς
2007 486 2048 538 Α
2083 485 2261 528 autem
2315 476 2581 528 Bodinum
2619 477 2770 530 misit
2814 477 3130 545 imperatori
3158 477 3420 531 vinctum.
3496 477 3652 532 llele-

398 581 635 648 εἴρηται,
680 576 865 646 ἀρθεὶς
914 575 1045 641 πρὸς
1092 574 1181 625 τὸν
1214 572 1502 640 Μιχαηλᾶν
1540 572 1633 623 καλ.
1664 571 1820 637 λόγον
1849 570 1971 630 δοὺς

399 672 495 723 καὶ
538 669 742 729 λαϐὼν,
782 666 1073 733 ζεύγνυται
1108 667 1173 735 τῇ
1222 663 1412 715 τούτου
1460 662 1689 731 θυγατρὶ
1723 662 1818 715 καὶ
1846 660 1972 712 λαὸν

398 762 480 813 ὅτι
538 759 788 811 πλεῖστον
843 756 1161 809 πιστεύεται
1236 755 1344 808 ἀπὸ
1414 753 1805 822 Λογγιϐἀρδων
1880 754 1975 805 καὶ

397 852 617 921 Σέρῦων
643 850 1023 919 συγκείμενον,
1061 846 1178 916 μεθ’
1208 840 1268 899 οὗ
1304 848 1398 899 καὶ
1431 846 1565 916 πρὸς
1595 844 1851 913 βοήθειαν
1878 842 1972 895 τοῦ

399 944 616 997 Βοδίνου
644 942 972 1004 ἀποσταλεὶς
1016 940 1172 1004 αὖθις
1221 942 1333 1002 τοῖς
1392 936 1689 1006 Ῥωμαίοις
1734 935 1975 989 ἀποκαθ-

401 1041 634 1093 ίσταται.
683 1040 741 1091 Ὀ
780 1038 837 1091 δὲ
871 1037 1183 1106 Σαρωνίτης
1227 1035 1317 1088 τὸν
1368 1033 1580 1087 Βοδίνον
1622 1033 1975 1098 ἐξαπέστειλε

402 1131 536 1193 πρὸς
581 1130 674 1183 τὸν
710 1130 949 1202 ,βασιλέα
1002 1131 1244 1198 δέσμιον.
1306 1125 1683 1197 Περιορισθεὲς
1721 1125 1776 1178 δὲ
1821 1128 1877 1179 ὲν
1906 1128 1973 1195 τῇ

399 1221 492 1274 τοῦ
552 1222 735 1289 ’Λγίου
784 1221 1008 1291 Σεργίου
1059 1222 1214 1291 μονῆ,
1252 1219 1389 1288 μετὰ
1424 1219 1595 1288 βραχὺ
1650 1220 1975 1291 παραδοθεὶς

401 1315 481 1384 τῷ
526 1312 800 1382 Κομνηνῷ
865 1310 1120 1380 Ἰσαακίῳ
1152 1310 1252 1379 ἠδη
1306 1308 1735 1379 προόεδλημένῳ
1777 1310 1978 1360 Ἀντιο-

404 1407 522 1473 γεῖα
582 1405 732 1456 eam
766 1401 984 1473 ἀπήχθη
1017 1403 1097 1464 είς
1153 1401 1500 1468 Ἀντιόχειαν.
1532 1401 1711 1469 Ὅπερ
1737 1399 1977 1461 ἀκούσας

403 1496 429 1547 ὁ
460 1495 651 1547 τούτου
683 1493 863 1563 πατὴρ
885 1496 911 1546 ὁ
940 1492 1249 1561 Μιχαηλᾶς.
1279 1491 1366 1561 [Ρ.
1398 1490 1525 1561 855]
1561 1491 1977 1559 μισθωσάμενος

402 1584 722 1645 Βενετέγους
761 1584 913 1644 τινάς
945 1582 1229 1651 βαλαντίου
1263 1581 1445 1650 ἀδροῦ,
1487 1577 1564 1642 οἷς
1592 1581 1752 1650 ἔργον
1784 1581 1979 1633 θαλατ-

400 1676 674 1741 τοπορεϊν,
708 1671 981 1737 ἀπέκλεψε
1010 1670 1195 1722 τοῦτον
1223 1670 1432 1722 ἐκεῖθεν
1464 1670 1560 1721 καλ.
1594 1673 1661 1740 τῇ
1703 1670 1809 1739 ἰδίᾳ
1836 1672 1975 1740 ἀρχῇ

402 1762 848 1832 ἀποκατέστησεν
879 1778 891 1790 ·
933 1760 992 1824 ὃς
1042 1762 1136 1814 καὶ
1188 1760 1327 1831 μετά
1358 1760 1587 1813 θάνατον
1629 1760 1721 1814 τοῦ
1769 1764 1975 1832 πατρὸς

401 1851 498 1920 τὴν
529 1852 704 1920 ἀρχὴν
736 1852 839 1903 κάν
866 1853 978 1912 τοῖς
1006 1850 1293 1919 ἡμετέροις
1330 1851 1542 1919 χρόνοις
1584 1852 1855 1921 διήνυσεν.
1918 1854 1974 1905 Ὀ

401 1938 457 1990 δὲ
494 1939 745 2009 Βοῖτάχος
784 1939 1027 2000 ὲτασθεὶς
1076 1937 1318 2007 σφοδρῶς
1354 1941 1411 1989 ὲν
1452 1938 1529 2007 τῷ
1580 1941 1802 1992 ἀπιέναι
1841 1941 1975 2009 πρὸς

399 2030 492 2081 rev
539 2030 761 2099 βασιλέα
814 2030 1065 2099 τελευτᾷ,
1120 2030 1196 2099 μὴ
1246 2029 1547 2099 ἐξαρκέσας
1592 2034 1712 2093 ταῖς
1758 2034 1823 2084 ὲκ
1868 2032 1975 2084 τῶν

403 2120 626 2189 πληγῶν
655 2120 887 2183 ὀδύναις.
918 2121 986 2174 Οῐ
1012 2139 1074 2189 γε
1112 2123 1219 2191 μὴν
1262 2122 1561 2189 Ἀλαμάνοι
1592 2122 1686 2174 καὶ
1736 2124 1975 2191 Φράγγοι

402 2211 557 2280 (γένη
594 2212 649 2263 δὲ
679 2205 825 2264 οὗτοι
858 2211 1068 2279 δυτικά)
1111 2215 1252 2264 κατὰ
1306 2212 1406 2281 τῆς
1460 2213 1641 2283 χώρας
1680 2215 1977 2280 ἀφεθέντες

402 2302 726 2371 καθαιροῦσι
788 2304 884 2374 μὲν
927 2303 995 2356 τὰ
1034 2306 1089 2356 ὲν
1120 2307 1189 2374 τῇ
1236 2304 1461 2375 Πρέσπα
1499 2305 1607 2356 τῶν
1653 2304 1978 2375 Βουλγάρων

405 2396 841 2466 ὑπολελειμμένα
894 2396 1161 2466 βασίλεια,
1227 2398 1558 2450 σκυλεύουσι
1611 2397 1667 2448 δὲ
1726 2398 1824 2451 καὶ
1884 2400 1978 2451 τὶν

404 2491 581 2540 ἐκεῖσε
636 2491 783 2553 ναὸν,
846 2490 905 2551 ὃς
958 2489 1042 2544 ἐπ’
1082 2490 1307 2559 ὀνόματι
1356 2489 1451 2542 τοῦ
1504 2490 1659 2557 ἁγίου
1713 2490 1977 2561 Ἀχιλλίου

406 2582 637 2651 ἵδρυται,
677 2583 903 2651 μηδενὸς
950 2584 1059 2635 τῶν
1103 2585 1160 2636 ὲν
1220 2582 1411 2652 ἐκείνῳ
1446 2584 1763 2653 φεισάμενοι
1796 2585 1977 2654 ίερῶν,

406 2665 479 2724 ὧν
540 2674 660 2725 τινὰ
733 2675 831 2742 μὲν
899 2673 1054 2735 αὖθις
1103 2673 1483 2745 ἀνεσώθησαν,
1531 2677 1597 2727 τὰ
1643 2676 1698 2729 δὲ
1744 2676 1903 2729 λοιπά
1950 2678 1979 2727 ὀ

413 2764 643 2831 στρατὸς
665 2763 1078 2834 διανειμάμενος
1113 2768 1192 2827 είς
1224 2766 1418 2833 χρῆσιν
1460 2765 1594 2818 ίδίαν
1631 2766 1934 2835 μετεσκεύα
1957 2797 1975 2805 -

410 2870 526 2908 σαν.
598 2855 694 2917 Τις
741 2854 834 2907 οὖν
884 2856 998 2907 τῶν
1048 2856 1392 2924 στρατιωτῶν
1456 2857 1555 2924 τῆς
1600 2857 1979 2925 Μακεδονικῆς

409 2943 688 3010 φάλαγγος
742 2944 838 3007 ὢν,
882 2943 1200 3013 ἀξιούμενος
1257 2946 1551 2999 ἀποδοῦναι
1583 2948 1719 3017 ὅπερ
1770 2948 1980 3018 εἰλήφει

410 3030 576 3099 ἱερὸν,
628 3033 746 3083 ἐπεὶ
780 3033 852 3102 μὴ
896 3034 1145 3103 ἐπείσθη,
1190 3034 1559 3103 ἀνθρακιάσας
1590 3039 1713 3098 τοὺς
1770 3035 1985 3105 ὤμους,

2075 574 2233 634 gatus
2275 562 2496 617 Sautem
2542 564 2593 617 in
2640 565 2782 618 ancti
2828 565 3001 633 Sergii
3048 569 3438 621 monasterium
3492 572 3655 635 paulo

2078 668 2196 723 post
2228 656 2438 710 lsaacio
2469 656 2751 710 Comneno
2785 656 3020 710 traditur
3049 657 3161 725 jam
3188 658 3495 713 Antiochia:
3515 662 3642 713 duci

2077 748 2382 802 declarato.
2419 747 2483 801 Et
2516 749 2814 815 perductus
2858 758 2940 803 est
2981 748 3035 802 in
3078 748 3453 804 Antiochiam.
3494 751 3649 816 Quol

2067 852 2197 899 ,cum
2260 839 2505 894 audisset
2534 840 2711 907 ipsius
2739 849 2889 908 pater
2921 839 3193 907 Michael,
3230 843 3407 910 pretio
3448 845 3649 911 ingenti

2078 933 2366 987 conductis
2402 931 2620 986 Venetis
2677 932 3027 1002 quibusdam,
3071 950 3303 1004 quorum
3354 952 3493 1004 opus
3532 946 3649 990 erat

2079 1040 2174 1093 per
2203 1041 2350 1078 mare
2376 1027 2653 1095 navigare,
2686 1041 2810 1079 eum
2864 1027 2986 1080 imle
3018 1026 3231 1083 furatus
3271 1030 3322 1082 in
3374 1032 3648 1099 propriam

2079 1118 2305 1187 patriam
2326 1117 2561 1181 reduxit,
2579 1121 2738 1186 eique
2764 1119 3002 1173 restituit
3026 1121 3341 1189 imperium.
3363 1124 3537 1189 Atque.
3564 1123 3650 1175 hic

2080 1221 2201 1280 post
2236 1212 2407 1280 patris
2443 1211 2649 1264 obitum
2689 1222 2986 1281 nostraque
3024 1221 3344 1282 tempestate
3382 1218 3649 1283 regnavit.

2078 1302 2373 1357 Boitachus
2417 1313 2597 1357 autem
2638 1303 2992 1357 vehementer
3032 1312 3233 1369 tortus,
3275 1306 3401 1358 dum
3452 1307 3652 1361 rediret

2080 1393 2145 1447 ad
2172 1395 2573 1462 imperatorem,
2606 1408 2715 1447 non
2749 1396 3028 1449 sustinens
3052 1396 3336 1450 verberum
3370 1399 3651 1451 cruciatus

2079 1487 2331 1541 moritur.
2378 1486 2665 1539 Alamanni
2729 1494 2909 1540 tamen
2967 1496 3019 1540 et
3085 1487 3281 1542 Franci
3334 1489 3506 1557 (sunt
3568 1492 3648 1539 lue

2082 1578 2334 1631 nationes
2388 1576 2745 1649 Occidentis)
2797 1593 2891 1647 per
2939 1579 3212 1647 regionem
3270 1579 3499 1634 immissi
3563 1596 3653 1634 re-

2081 1670 2264 1722 lictam
2322 1668 2678 1738 Bulgarorum
2744 1672 2947 1739 regiam
3007 1672 3058 1723 in
3097 1669 3299 1739 Prcspa
3337 1674 3651 1735 destruunt,

2083 1759 2454 1825 templumque
2513 1758 2627 1811 illic
2708 1769 2901 1811 sancto
2959 1759 3195 1815 Achillio
3273 1770 3648 1814 constructum

2077 1846 2241 1917 719
2271 1861 2334 1899 ac
2365 1846 2678 1902 dedicatum
2726 1852 3052 1917 exspoliant,
3115 1868 3146 1905 a
3208 1854 3354 1905 nulla
3404 1868 3463 1905 re.
3497 1865 3651 1905 sacra

2075 1941 2411 1993 abstinentes
2480 1955 2668 1995 earum
2762 1959 2883 2011 qua:
2955 1944 3025 1994 ibi
3099 1956 3313 2008 erant;
3390 1960 3457 1996 ex
3530 1946 3640 2011 qui-

2078 2030 2182 2084 bus
2223 2034 2468 2098 quzedam
2500 2045 2692 2084 rursus
2722 2038 2936 2083 servata
3005 2039 3155 2093 sunt,
3215 2032 3420 2098 reliqua
3479 2031 3648 2083 divisa

2075 2124 2361 2176 exercitus
2384 2124 2437 2176 in
2470 2124 2717 2191 proprius
2746 2136 2877 2175 usus
2901 2125 3189 2177 convertit.
3223 2121 3458 2187 Quidam
3488 2123 3650 2191 igitur

2076 2229 2141 2267 ex
2178 2214 2447 2269 militibus
2494 2214 2862 2268 Macedonica:
2901 2215 3206 2285 phalangis,
3275 2232 3399 2271 cum
3460 2217 3529 2269 ab
3586 2231 3652 2267 co

2075 2314 2412 2371 repeteretur
2454 2317 2612 2356 sacra
2662 2319 2773 2367 res,
2825 2318 3001 2372 neque
3052 2305 3244 2357 adduci
3295 2312 3565 2373 possetut
3598 2306 3649 2356 id

2080 2395 2305 2459 faceret,
2335 2395 2578 2450 humeris
2639 2396 2901 2450 anthrace
2966 2396 3208 2474 depastis
3257 2397 3393 2460 obit,
3436 2396 3654 2465 justitia

2078 2486 2224 2541 haud
2256 2486 2563 2551 diﬂ‘erente,
2605 2495 2665 2541 ut
2708 2502 2829 2542 mos
2879 2496 2984 2552 est,
3035 2489 3386 2557 supplicium,
3436 2489 3529 2543 sed
3583 2488 3654 2542 ad

2079 2578 2387 2648 exemplum
2410 2586 2759 2646 posterorum
2788 2579 2965 2648 ipsum
2995 2581 3278 2649 puniente.
3308 2580 3369 2634 ln
3419 2581 3652 2634 urbibus

2081 2677 2261 2722 autem
2324 2670 2641 2734 maritimis,
2689 2671 2951 2741 neglectis
3008 2672 3273 2725 militibus
3320 2681 3507 2741 utpote
3560 2674 3655 2740 qui

2080 2760 2214 2812 nihil
2292 2761 2603 2828 acciperent
2657 2776 2722 2814 ex
2778 2761 2987 2829 praeda,
3051 2762 3286 2816 mittitur
3330 2763 3657 2818 bestarches

2081 2848 2301 2915 Nestor,
2330 2854 2422 2920 qui
2458 2852 2636 2904 fuerat
2666 2866 2861 2905 servus
2889 2852 3059 2921 patris
3114 2853 3486 2921 imperatoris,
3539 2853 3653 2909 dux

2079 2958 2267 2996 eorum
2311 2944 2633 3011 populorum
2693 2944 2785 3012 qui
2845 2944 3141 2997 secundum
3204 2944 3400 2999 Istrum
3455 2948 3659 3015 degunt

2082 3046 2328 3091 vocatus.
2362 3035 2501 3088 lnita
2539 3049 2664 3087 cum
2719 3034 2864 3088 Tato
2897 3038 3187 3098 societate,
3242 3049 3301 3090 ut
3357 3054 3480 3091 cum
3539 3042 3656 3093 viro

410 3121 653 3190 τελευτᾷ,
688 3123 790 3190 τῆς
839 3123 993 3192 δίκης
1028 3123 1101 3191 μὴ
1166 3125 1543 3194 ἀνασχομένης
1572 3126 1647 3189 ὡς
1674 3126 1813 3190 ἔθος,
1846 3129 1979 3180 ἀλλά
2004 3147 2047 3209 C
2082 3126 2150 3194 ejt

1904 3129 1979 3180 .λὰ
2004 3147 2047 3209 C
2082 3126 2326 3194 ejusdem
2358 3126 2660 3192 sententiae,
2690 3141 2812 3179 cum
2844 3126 3089 3196 pluribus
3116 3127 3651 3185 Patzinacisinstru-

415 3214 775 3283 μετελθούσης
812 3215 975 3267 αὑτὸν
1021 3217 1102 3277 είς
1158 3216 1465 3284 ὑπόδειγμα
1518 3221 1629 3280 τοῖς
1685 3218 1972 3286 ὀψιγόνοις.

421 3306 510 3356 Ἕν
546 3305 602 3356 δὲ
655 3307 773 3368 ταῖς
829 3307 1263 3375 παρακειμέναις
1317 3310 1379 3376 τῇ
1437 3306 1579 3379 ὄχθῃ
1619 3308 1712 3359 τοῦ
1762 3309 1975 3377 Ἴστρου

408 3400 596 3449 πόλεσι
638 3398 745 3449 τῶν
777 3398 1123 3467 στρατιωτῶν
1171 3399 1534 3467 ἠμελημένων
1574 3394 1662 3451 οἷα
1705 3400 1767 3469 δὴ
1811 3401 1977 3467 μηδὲν

410 3489 486 3551 είς
543 3489 808 3559 διοίκησιν
842 3489 1264 3555 λαμὸανὸντων,
1308 3490 1585 3545 στέλλεται
1612 3492 1640 3543 ὁ
1680 3489 1975 3561 βεστάρχου

410 3580 662 3648 Νέστωρ,
698 3579 881 3640 δοῦλος
909 3579 1148 3645 γεγονὼς
1190 3580 1282 3631 τοῦ
1318 3582 1524 3648 πατρὸς
1563 3580 1656 3631 τοῦ
1691 3581 1973 3649 βασιλέως,

410 3671 535 3737 δοὺξ
581 3671 686 3723 τῶν
722 3672 1063 3741 Παριστρίων
1101 3672 1441 3740 ὀνομασθεὶς,
1475 3671 1568 3724 καὶ
1612 3675 1976 3741 συμφωνήσας

407 3762 483 3829 τῷ
537 3762 744 3823 Τάτους
800 3762 874 3824 ὡς
913 3762 1279 3831 ὁμογνώμονι,
1329 3763 1688 3825 Πατξινάκοις
1737 3763 1975 3815 πλείοσιν

409 3851 756 3912 ὁπλισθέντες
822 3854 902 3913 είς
969 3853 1071 3920 τὴν
1144 3851 1532 3920 βασιλεύουσαν
1594 3855 1974 3921 παρεγένοντο.

409 3942 739 3994 Καταθείναι
780 3942 835 3994 δὲ
878 3942 946 3994 τὰ
986 3942 1123 3995 ὅπλα
1153 3944 1575 4012 ἐγκελευόμενος
1611 3946 1684 4014 μὴ
1718 3945 1783 3997 ἂν
1810 3946 1978 4008 ἄλλως

408 4035 631 4102 ποιῆσαι
658 4034 814 4086 τοῦτο
851 4034 1056 4101 ἔλεγεν,
1101 4038 1148 4087 εί
1191 4038 1264 4104 μὴ
1295 4036 1383 4088 τὸν
1412 4035 1699 4105 λογοθέτην
1730 4037 1775 4088 Ν
1785 4041 1976 4105 ικηφό-

411 4144 500 4197 ρον
569 4129 632 4179 ἐκ
694 4130 860 4194 μέσου
929 4130 1205 4198 ποιήσειεν
1275 4129 1349 4192 ὡς
1399 4131 1574 4182 κοινὸν
1632 4132 1826 4202 ἐχθρὸν
1886 4135 1979 4185 καὶ

407 4219 670 4285 πολέμιον
703 4220 986 4287 κοσμικὸν,
1032 4223 1122 4272 καὶ
1151 4222 1313 4273 αὑτὸν
1342 4223 1439 4274 οὐκ
1480 4223 1635 4289 ὀλίγα
1664 4225 1979 4295 λυπήσαντα

408 4313 499 4362 καὶ
529 4310 627 4380 τὴν
660 4311 822 4363 αὑτοῦ
849 4314 1165 4381 περιουσίαν
1185 4314 1551 4383 δημεύσαντα.
1592 4317 1731 4369 Ἀλλ’
1766 4321 1793 4370 ὁ
1829 4319 1978 4387 βασι-

2082 3218 2153 3269 (-li
2196 3217 2262 3270 ad
2287 3218 2491 3284 regiam
2522 3217 2711 3271 urbem
2755 3218 2996 3286 prol'ceti
3025 3228 3173 3273 sunt.
3225 3218 3425 3275 Jussus
3474 3230 3657 3274 autem

2082 3324 2232 3362 arma
2259 3309 2536 3378 deponere
2561 3326 2668 3365 non
2700 3313 2861 3365 aliter
2916 3328 2975 3365 se
3002 3314 3271 3367 facturum
3295 3315 3397 3369 hoe
3419 3316 3660 3378 dicebat,-

2079 3401 2183 3455 nisi
2265 3401 2597 3470 logothetam
2660 3402 3026 3471 Nicephorum
3080 3419 3112 3459 e
3162 3404 3345 3459 medio
3396 3407 3648 3461 tollerent

2081 3502 2141 3545 ut
2205 3506 2549 3547 communem
2614 3493 2894 3548 inimicum
2950 3504 3004 3549 et
3080 3496 3292 3549 hostem
3343 3498 3664 3566 capitalem,

2079 3580 2282 3649 quique
2342 3582 2395 3635 in
2456 3598 2515 3636 se
2565 3583 2709 3637 haud
2796 3600 2973 3653 pauca
3036 3588 3403 3641 commisisset
3451 3603 3659 3658 suaque

2079 3670 2219 3725 bona
2256 3672 2611 3739 publicasset.
2672 3671 2867 3727 Verum
2906 3675 3203 3742 imperator
3263 3675 3404 3729 haud
3454 3679 3653 3744 paruit.

2079 3782 2203 3819 cum
2239 3766 2408 3821 semel
2450 3781 2508 3819 se
2549 3767 2728 3835 ipsum
2777 3766 2899 3832 ejus
2948 3768 3237 3835 prastigiis
3291 3777 3343 3829 et
3373 3769 3514 3824 dolis
3557 3770 3653 3823 de-

2079 3856 2274 3911 disset.
2314 3856 2509 3910 Nestor
2564 3865 2768 3919 autem,
2814 3857 2904 3911 cui
2944 3872 2971 3909 a
3023 3859 3139 3912 suis
3186 3868 3386 3928 parata:
3446 3858 3658 3913 insidia:

2080 3948 2319 4013 fuerant,
2354 3950 2478 4001 inde
2513 3948 2901 4016 proﬁciscitur,
2936 3948 3339 4019 Thraeiamque
3365 3950 3651 4018 deprarda-

2080 4048 2168 4093 tur
2219 4050 2271 4092 et
2299 4039 2667 4093 Macedoniam
2718 4048 2773 4092 et
2834 4039 3102 4109 Bulgaria:
3158 4041 3410 4104 llnitima,
3466 4050 3519 4094 et
3585 4043 3652 4092 ad

2080 4130 2500 4183 Patzinacormu
2549 4131 2826 4200 regionem
2876 4132 3105 4186 secedit.
3140 4131 3285 4187 Pars
3330 4144 3509 4185 autem
3544 4131 3655 4184 Ma-

2079 4221 2349 4275 cedonum
2395 4221 2625 4274 militum
2658 4221 2979 4275 defraudata
3005 4222 3240 4275 accessit
3295 4222 3359 4274 ad
3410 4223 3655 4289 impera-r

2082 4322 2276 4374 torem.
2307 4313 2358 4366 id
2401 4312 2600 4366 factum
2639 4313 2865 4367 deﬂens.
2907 4311 3070 4368 Jussu
3099 4314 3265 4383 igitur
3305 4314 3661 4382 imperatoris-

3541 372 3651 435 450
3756 396 3762 405 '

407 4401 530 4462 λεὺς
583 4403 683 4454 οὐκ
724 4402 991 4463 ἐπείθετο,
1054 4402 1200 4469 ἅπαξ
1250 4404 1439 4456 ἑαυτὸν
1478 4408 1598 4467 ταῖς
1638 4408 1799 4460 αὑτοῦ
1850 4425 1981 4477 γοη-
2081 4420 2151 4473 ptt

1905 4426 1981 4477 i1;-
2081 4406 2281 4473 pulsati
2313 4414 2367 4459 et
2415 4406 2748 4458 contumelia
2804 4405 2977 4458 allecti
3037 4405 3240 4472 repulsi
3291 4415 3442 4465 sunt,
3500 4406 3652 4457 nulla

406 4494 581 4555 τείαις
615 4495 705 4546 καὶ
738 4495 974 4557 ἀπάταις
1022 4494 1352 4558 ἐκδεδωκώς.
1414 4496 1472 4549 '0
1499 4497 1553 4549 δὲ
1600 4498 1827 4568 Νέστωρ
1861 4502 1978 4552 ὲπι-
2015 4480 2053 4532 ί)
2089 4496 2153 4563 ip:

1901 4518 1978 4552 πι-
2015 4480 2053 4532 ί)
2089 4496 2328 4563 ipsorum
2351 4495 2534 4547 habita
2563 4495 2793 4548 ratione.
2820 4495 2980 4563 720
3009 4493 3208 4547 Verum
3232 4496 3304 4547 illi
3330 4495 3381 4547 in
3414 4494 3648 4561 patriam

406 4584 719 4646 ϐουλευθεὶς
764 4585 868 4638 ὑπὸ
916 4586 1023 4638 τῶν
1054 4587 1267 4638 οἰκείων
1304 4587 1664 4640 ἀπανίσταται
1704 4582 1802 4657 μὲν
1835 4590 1977 4642 ἐκεῖ·
2089 4604 2153 4642 re‘

1904 4594 1977 4642 εῖ-
2089 4588 2313 4652 reversi,
2345 4587 2485 4640 haud
2534 4587 2793 4640 mediocri
2820 4586 3007 4640 dolore
3050 4586 3251 4646 allecti,
3278 4600 3386 4639 non
3414 4584 3650 4653 amplius

406 4674 518 4737 θεν,
558 4676 809 4744 ληῖζεται
838 4678 895 4729 δὲ
924 4679 1025 4744 τήν
1051 4696 1111 4730 τε
1141 4679 1478 4732 Μακεδονίαν
1508 4681 1601 4732 καὶ
1632 4681 1854 4751 Θρᾴκην
1886 4682 1981 4734 καὶ
2088 4680 2141 4732 in

1906 4682 1981 4734 ιαι
2088 4680 2141 4732 in
2170 4678 2358 4732 eadem
2394 4678 2662 4733 sententia
2691 4692 2908 4731 manere
2937 4679 3249 4741 voluerunt,
3274 4676 3379 4733 sed
3392 4676 3653 4730 omnibus

404 4765 471 4813 τά
504 4766 889 4835 παρακείμενα
942 4767 1041 4836 τῆς
1076 4768 1430 4838 Βουλγαρῑας,
1483 4770 1576 4822 καὶ
1621 4771 1699 4832 είς
1734 4770 1831 4841 τὴν
1875 4772 1980 4822 τῶν
2090 4785 2151 4821 ml

1318 4772 1430 4832 ιίας,
1483 4770 1576 4822 καὶ
1621 4771 1699 4832 είς
1734 4770 1831 4841 τὴν
1875 4772 1980 4822 τῶν
2090 4768 2262 4821 modis
2291 4767 2604 4836 cogitabant
2633 4767 2820 4823 hostes
2854 4768 3065 4822 ulcisci.

407 4858 765 4920 Ηατζινάκων
817 4859 1109 4929 ὑποχωρεῖ.
1147 4861 1325 4928 Μοῖρα
1374 4860 1430 4912 δὲ
1476 4862 1820 4931 στρατιωτῶν
1863 4860 2247 4916 Μακεδονικῶν
2300 4861 2630 4930 στερουμένη
2687 4861 2958 4930 προσῆλθε
2988 4861 3065 4929 τῷ
3100 4859 3331 4929 βασιλεῖ,
3390 4858 3489 4930 τὴν
3528 4858 3664 4911 στέο

407 4975 565 5029 ρησιν
640 4958 1071 5028 ἀποκλαιομένη.
1125 4959 1422 5028 Πῳστάξει
1501 4958 1595 5012 οὖν
1677 4958 1929 5030 βασιλικῇ
2002 4962 2293 5029 τυφθέντες
2351 4959 2446 5009 καὶ
2518 4956 2867 5028 ὑϐρισθέντες
2931 4957 3306 5027 ἐδιώχθησαν,
3376 4957 3657 5029 μηδεμιᾶς

405 5049 746 5118 ἐπιστροφῆς
800 5050 982 5104 αὐτῶν
1050 5052 1367 5120 γενομένης.
1425 5052 1564 5106 Ἀλλ’
1596 5055 1747 5120 οἶγε
1797 5055 1934 5125 πρὸς
1965 5056 2030 5107 τὰ
2073 5056 2245 5107 οἰκεῖα.
2293 5049 2471 5118 λύπης
2523 5052 2585 5103 οὐ
2644 5052 2843 5119 μικρᾶς
2887 5050 3310 5119 ἐπιστραφέντες
3345 5051 3642 5119 ἀνάμεστοι

405 5143 505 5195 οὐκ
548 5140 741 5211 ἧθελον
791 5144 973 5210 μένειν
1012 5143 1095 5195 ἔτι
1164 5144 1257 5196 ἐπὶ
1329 5144 1423 5197 τοῦ
1497 5145 1663 5199 αὐτοῦ
1736 5148 2105 5217 φρονήματος,
2143 5147 2275 5198 ἀλλά
2324 5145 2451 5206 τοὺς
2517 5142 2805 5212 πολεμίους
2846 5143 2982 5194 πᾶσι
3030 5142 3249 5212 τρόποις
3315 5138 3633 5209 ἀμύνασθαι

403 5237 807 5289 διεσκέπτοντο.

486 5332 920 5394 Ἀτσοστείλαςδὲ
962 5334 1101 5401 πρὸς
1133 5333 1225 5385 τὸν
1258 5334 1355 5402 τὴν
1401 5334 1795 5404 Λογγιϐαρδίαν
1850 5353 1982 5388 κατ·
2157 5334 2233 5387 ευ

1896 5353 1982 5387 ιτ·
2157 5334 2291 5387 Cum
2327 5341 2506 5386 autem
2539 5328 2776 5382 misisset
2813 5328 2881 5382 ad
2914 5342 3035 5382 eum
3062 5327 3154 5395 qui
3209 5326 3643 5398 Langobardiam

405 5424 600 5492 ἔχοντα
628 5423 879 5489 Φράγγον
944 5422 1311 5491 Ῥουμπέρτον
1342 5424 1452 5491 (56)
1492 5422 1825 5491 καλούμενον
1883 5424 1983 5493 τὴν
2088 5428 2152 5479 oh

1899 5424 1983 5493 τὴν
2088 5425 2368 5479 obtinebat
2397 5422 2687 5485 Francum,
2717 5419 3013 5475 Robertum
3049 5420 3286 5483 nomine,
3316 5422 3436 5488 ejus
3480 5418 3646 5471 tiliam

1696 5554 1922 5611 JACOBI
1952 5556 2155 5611 GOARI
2186 5556 2415 5610 NOT/E.

475 5649 588 5716 (5t?)
616 5648 922 5723 Rohertum
976 5649 1335 5723 Guiscardum
1380 5651 1685 5723 intelligitL
1704 5653 1974 5723 celebrem
2090 5651 2345 5723 Italorum
2379 5651 2666 5723 tyrannide
2700 5652 2751 5703 in
2803 5653 3105 5723 libertatem
3156 5652 3407 5723 asseruit,
3442 5653 3508 5723 τις
3542 5667 3649 5716 quo

400 5720 847 5774 Normannorum
875 5720 1092 5780 ducem.
1118 5722 1211 5787 qui
1237 5721 1615 5788 Campaniam.
1648 5721 1978 5782 Calabriam,
2089 5722 2208 5775 fuse
2240 5720 2590 5789 Pandulplms
2624 5724 2982 5779 Collenntius,
3020 5720 3128 5775 Leo
3146 5721 3432 5784 Ostiensis,
3464 5720 3654 5775 Paulo

394 5790 650 5859 Apuliam
683 5798 739 5841 et
766 5789 1006 5843 S:ei|iam
1059 5806 1086 5841 a
1123 5789 1543 5853 Saracenorum,
1574 5793 1885 5845 Graecorum
1928 5804 1980 5845 et
2091 5796 2173 5845 Ius
2204 5804 2251 5845 et
2294 5792 2727 5845 Normannornm
2762 5793 3021 5843 Annales.
