4424 6450
766 396 867 459 451

2025 390 2341 451 JU.—\NNIS
2377 392 2749 451 SIIYIJ'I‘ZE

3894 405 3995 466 55?.

758 531 859 566 suo
889 514 997 565 lilio
1047 512 1406 565 Constantino
1440 525 1662 565 usurcm
1698 510 1939 569 adduxit,
1979 523 2164 576 quam,
2201 523 2317 559 tntt-
2352 513 2393 566 Α
2426 510 2505 558 αἱδί

2247 523 2317 559 ιιι·
2352 513 2393 566 Α
2426 509 2589 558 αὑτοῦ
2626 510 2903 583 θυγατέρα
2942 516 3016 585 τῷ
3045 520 3143 587 υἱῷ
3167 519 3558 590 Κωνσταντίνῳ
3589 524 3821 589 γυναῖκα
3856 526 3994 593 ἠγά-

763 612 873 655 tato
897 604 1139 661 nomine,
1172 600 1676 654 llelcnamvocavit.
1711 599 1981 669 Occupata
2018 605 2198 650 autem
2228 598 2326 649 fuit

764 691 1143 760 Longobat'dia
1180 710 1205 743 a
1243 692 1481 746 ltoberto
1514 693 1564 743 in
1615 691 1758 744 hunc
1790 692 2030 743 modum.
2061 687 2329 758 Georgius

772 783 1045 836 Maniaccs
1098 783 1167 836 ab
1193 787 1431 853 Augusta
1456 782 1563 834 Zue
1598 784 1663 834 ad
1715 781 2123 851 componendas
2151 797 2239 835 res
2277 784 2328 834 in

776 876 921 928 Italia
955 875 1179 939 missus,
1215 876 1457 943 magistri
1484 874 1694 928 honore
1724 874 2038 936 decoratus,
2068 875 2333 928 concilia-

766 978 917 1019 verat
949 969 1050 1021 sibi
1087 969 1322 1021 Francos
1351 968 1561 1030 imultos
1591 1007 1606 1028 ,
1662 975 1715 1020 et
1768 967 1821 1018 in
1877 966 1993 1019 dies
2026 982 2119 1020 eos
2170 968 2260 1036 qui
2304 982 2331 1019 a

770 1056 1008 1111 Deciano
1033 1057 1209 1109 vexati
1240 1064 1395 1109 erant
1435 1042 1615 1111 cﬂ'ecit
1649 1058 1698 1109 in
1732 1056 1896 1110 Italia?
1930 1057 2336 1127 ﬁnibusqtties-

763 1151 1280 1202 cerczvcrebantur
1337 1152 1479 1203 cnim
1550 1151 1747 1217 ipsum,
1807 1152 1950 1219 quod
2001 1152 2119 1218 ejus
2165 1153 2333 1205 virtu-

772 1244 843 1293 tis
876 1244 924 1292 in
992 1241 1195 1307 pt-zcliis
1242 1242 1539 1306 periculum
1588 1241 1850 1293 fecerant.
1911 1242 2044 1294 Cum
2097 1257 2223 1294 vero
2279 1256 2335 1294 se

766 1333 1115 1398 opposuisset
1170 1332 1529 1385 Monomaclto
1558 1343 1611 1385 et
1660 1334 1960 1386 debellatus
1998 1333 2210 1397 fuisset,
2244 1334 2335 1401 qui

766 1439 890 1474 cum
950 1424 1068 1489 ipso
1098 1433 1253 1475 erant
1293 1423 1504 1489 trajecti
1535 1434 1587 1475 et
1650 1422 1701 1474 in
1734 1424 2050 1477 servitutem
2097 1425 2335 1493 impera-

770 1514 904 1565 loris
938 1512 1169 1576 redacti,
1212 1512 1524 1565 Mattiacataa
1547 1514 1803 1580 appellati
1856 1523 1984 1567 sunt
2016 1523 2068 1566 et
2113 1515 2167 1567 in
2207 1518 2337 1569 urbe

773 1603 1144 1657 Itonnanorum
1170 1619 1539 1673 permansere,
1569 1606 1764 1674 reliqui
1834 1606 1887 1659 in
1955 1608 2107 1659 Italia
2163 1610 2338 1662 relilti

770 1702 921 1746 sunt.
970 1694 1098 1746 Erat
1142 1704 1323 1748 autem
1357 1696 1579 1764 quidam
1618 1697 1671 1749 in
1718 1697 1851 1764 ipsis
1903 1695 2177 1752 Robertns
2238 1715 2338 1751 tto-

776 1788 922 1837 tnine
962 1786 1152 1837 fratris
1198 1786 1339 1839 illius
1382 1788 1626 1852 Ardoini,
1676 1790 1765 1856 qui
1812 1803 1840 1839 a
1882 1787 2119 1843 Deciano
2159 1788 2339 1859 ﬂagris

776 1892 951 1930 caesus
993 1876 1204 1935 fuerat,
1266 1878 1445 1944 gravis
1483 1886 1537 1931 et
1598 1879 1894 1933 iracundus
1946 1890 1999 1933 et
2058 1883 2337 1951 tyrannica

780 1977 960 2019 mente
993 1968 1272 2033 praeditus.
1310 1966 1411 2030 Qui
1480 1975 1667 2035 aperte
1735 1967 2010 2024 Romanos
2066 1974 2339 2041 expellere

777 2057 1153 2121 meditabatur,
1211 2064 1447 2111 attamen
1485 2059 1825 2127 provinciam
1888 2061 2102 2131 aggredi
2131 2072 2339 2117 metue-

782 2146 873 2196 bat
909 2144 1328 2214 differebatque,
1366 2162 1437 2201 se
1479 2148 1654 2216 ipsum
1693 2149 2019 2204 imbecillem
2084 2167 2336 2217 cernens,

773 2235 1165 2301 verebaturque
1188 2244 1377 2288 contra
1405 2235 1752 2304 imperatoris
1810 2241 2116 2306 potentiam
2154 2256 2211 2299 se
2239 2258 2339 2309 op-

776 2342 991 2393 ponere.
1037 2327 1168 2379 Cum
1198 2342 1326 2381 vero
1359 2343 1497 2381 uxor
1526 2328 1692 2389 illius,
1724 2343 1885 2395 quam
1920 2344 1949 2383 a
1985 2329 2211 2385 Francia
2242 2333 2341 2386 du-

777 2423 948 2476 xerat,
979 2414 1134 2468 Caita
1164 2417 1405 2477 nomine,
1439 2416 1547 2469 ﬁlia
1586 2418 1850 2486 principis
1884 2420 1973 2472 cui
2034 2420 2178 2474 haud
2225 2438 2341 2477 mc-

774 2504 977 2559 diocris
1007 2507 1153 2574 regio
1183 2506 1429 2573 subjecta
1464 2507 1621 2575 721
1661 2512 1801 2569 erat,
1858 2525 2050 2562 secum
2085 2518 2251 2577 esset,
2275 2519 2343 2566 ad

773 2612 867 2651 eas
904 2598 1065 2652 urbes
1094 2598 1364 2664 migravit,
1407 2614 1527 2667 quae
1542 2601 1694 2653 uxori
1720 2616 1833 2656 sua:
1850 2601 2178 2669 serviebant,
2206 2620 2341 2672 qua-

777 2703 897 2741 rum
924 2690 1178 2756 primaet
1213 2689 1449 2742 maxima
1487 2688 1749 2744 Salernus
1800 2693 2139 2747 nominatur.
2189 2695 2343 2748 Illinc

778 2777 941 2845 igitur
972 2779 1136 2830 veluti
1164 2776 1251 2830 fur
1300 2794 1593 2847 erumpens
1647 2780 1766 2834 loca
1825 2780 2197 2836 Romanorum
2241 2784 2343 2836 ἰηι-

784 2868 936 2934 perlo
958 2868 1205 2934 subjecta
1239 2868 1606 2934 prtedabatur,
1634 2871 1828 2937 partim
1853 2871 2163 2925 Calabriam
2190 2888 2343 2926 man-

781 2957 994 3024 cipans,
1049 2957 1248 3024 partim
1302 2957 1513 3009 Italiam
1572 2957 1823 3027 rcdigens
1888 2959 1944 3012 in
2002 2961 2340 3014 servitutem.

779 3047 980 3101 Eorum
1025 3064 1153 3103 vero
1185 3051 1524 3119 captivorum
1553 3065 1691 3117 quos
1736 3060 1956 3121 ceperat
1983 3052 2105 3107 aliis
2151 3068 2345 3108 manus

779 3154 1082 3209 amputare,
1127 3142 1251 3195 aliis
1303 3151 1575 3196 extremas
1610 3153 1789 3209 partes
1823 3143 2018 3212 pedum
2086 3145 2344 3208 incidere,

779 3234 901 3286 aliis
936 3241 1222 3301 utrasque,
1247 3235 1512 3302 quosdam
1540 3235 1704 3287 etiam
1735 3236 1937 3304 ingenti
1964 3238 2195 3304 pecunia
2216 3253 2347 3289 vcn-

780 3327 934 3385 dere,
984 3334 1251 3386 metuens,
1282 3328 1325 3378 si
1355 3342 1461 3378 non
1508 3321 1799 3394 proderent
1832 3328 1993 3383 urbes
2033 3330 2345 3398 etseseipsi

780 3415 1063 3481 dederent,
1097 3433 1163 3469 ne
1198 3431 1306 3469 non
1338 3418 1514 3471 solum
1554 3420 1690 3480 haec,
1731 3418 1825 3474 sed
1869 3420 2031 3473 etiam
2082 3421 2166 3475 Itis
2199 3422 2347 3476 dete-

785 3506 931 3558 riora
983 3514 1323 3573 patercntur.
1370 3507 1505 3560 Cum
1546 3523 1673 3562 vero
1700 3524 1788 3563 res
1817 3510 2029 3579 privata
2055 3510 2265 3580 imperii
2295 3512 2347 3564 in

780 3597 930 3664 regia
963 3596 1261 3661 laboraret,
1334 3599 1484 3650 nulla
1536 3598 1838 3654 habebatur
1877 3616 2063 3656 eorum
2113 3616 2235 3671 qua:
2294 3603 2349 3655 in

792 3686 941 3741 Italia
980 3689 1171 3741 ﬁerent
1233 3689 1393 3742 ratio.
1450 3689 1582 3743 Nam
1658 3693 1765 3744 vita
1808 3692 1969 3761 paulo
2007 3701 2129 3763 post
2163 3692 2350 3747 functo

785 3778 1178 3843 Monomacho,
1222 3795 1350 3834 cum
1376 3779 1662 3835 Theodora
1694 3784 1917 3838 circiter
1950 3799 2151 3838 annum
2185 3800 2349 3838 unum

785 3870 1117 3924 obtinuisset
1149 3873 1463 3941 imperium,
1511 3882 1563 3927 et
1590 3874 1821 3929 Michael
1843 3875 2154 3931 declaratus
2183 3885 2347 3939 esset,

783 3970 948 4029 atque
978 3961 1242 4017 adversus
1279 3964 1454 4031 ipsum
1487 3962 1801 4019 Comnenus
1828 3965 2353 4031 incitatus,etexer-

781 4053 926 4107 citus
971 4060 1158 4106 essent
1210 4053 1486 4108 intestinis
1534 4055 1694 4110 bellis
1750 4058 2029 4125 occupati,
2078 4072 2140 4111 ac
2189 4072 2348 4111 nemo

782 4141 1009 4199 Roberti
1046 4152 1281 4198 conatus
1339 4146 1669 4212 prohiberet,
1724 4161 1956 4214 magnus
2015 4162 2080 4201 ex
2140 4148 2243 4201 hoc
2296 4156 2352 4204 et

794 4236 1024 4290 illustris
1055 4237 1261 4300 evasit;
1321 4238 1571 4291 idoneum
1612 4239 1753 4292 enim
1791 4238 1970 4309 coegit
2032 4241 2352 4305 exercitum,

782 4338 833 4377 et
864 4340 1127 4394 equorum
1159 4334 1321 4395 atque
1346 4329 1589 4396 pecuniae
1610 4340 1661 4381 et
1682 4342 1963 4380 armorum
1992 4328 2195 4396 potitus
2247 4336 2351 4393 est,

786 4432 908 4468 cum
962 4419 996 4470 ii
1024 4419 1114 4486 qui
1150 4420 1216 4472 ab
1258 4420 1586 4488 imperatore
1607 4420 1774 4473 duces
1826 4420 2052 4473 urbibus
2114 4418 2352 4489 praefecti

2373 3186 2415 3247 C

2431 616 2579 665 γετο,
2636 602 2854 674 Ἑλένην
2881 611 3249 676 μετονομάσας
3274 610 3468 678 αὑτήν.
3512 614 3830 682 Κατεσχέθη
3886 616 3940 667 δὲ
3967 619 3999 683 ἡ

2433 692 2805 762 Λογγιΰαρδία
2838 698 2948 764 (37)
2979 699 3115 768 πρὸς
3163 702 3256 753 τοῦ
3298 701 3674 770 Ῥουμπέρτου
3704 699 3891 758 τοῦτον
3914 707 4003 759 τὸν

2430 786 2633 854 τρόπον
2664 788 2968 858 ·Γεώργιος
3003 794 3030 842 ὁ
3077 792 3362 859 δῐανιάκης
3398 795 3488 846 ἐπὶ
3525 798 3853 850 καταστάσει
3900 799 4005 851 τῶν

2433 875 2489 926 ὲν
2534 874 2729 945 Ἰταλίᾳ
2776 880 3114 947 πραγμάτων
3152 882 3478 944 ἀποσταλεὶς
3547 888 4006 955 προσηταιρίσατο

2436 965 2534 1032 μὲν
2564 966 2848 1034 Φράγγους
2879 968 3131 1034 πολλοὺς,
3193 972 3312 1023 καθ’
3346 974 3557 1043 ἡμέραν
3612 975 3666 1027 δὲ
3731 980 3823 1029 καὶ
3879 980 4005 1043 τοὺς

2435 1056 2586 1120 παρὰ
2608 1055 2702 1107 τοῦ
2733 1059 3017 1112 Δοκειανοῦ
3068 1060 3418 1124 κακωθέντας
3467 1066 3560 1117 καὶ
3594 1067 3823 1136 ἡσυχίαν
3856 1071 4008 1137 ἄγειν

2435 1142 2491 1194 ἐν
2572 1164 2678 1200 τισι
2754 1148 2985 1217 τέρμασι
3064 1152 3164 1217 τῆς
3244 1153 3474 1217 Ἰταλίας
3552 1160 4003 1227 παρεσκεύασε-ιο

2440 1230 2524 1302 [Ρ.
2570 1236 2696 1306 854]
2737 1238 3007 1291 ἐδεδίεσαν
3060 1242 3166 1310 γὰρ
3222 1244 3402 1307 αὑτὸν,
3467 1248 3661 1314 πεῖραν
3698 1252 3794 1315 τῆς
3843 1246 4005 1303 αὑτοῦ

2438 1325 2492 1373 ἐν
2523 1323 2773 1392 πολέμοις
2809 1329 3182 1396 γενναιότητος
3228 1332 3465 1398 ἔχοντες.
3544 1335 3900 1407 Ἀντᾶραντος
3950 1340 4006 1393 δὲ

2437 1412 2512 1480 τῷ
2542 1414 2853 1485 Μονομάχῳ
2884 1420 2975 1470 καὶ
3000 1423 3562 1488 κατηγωνισμένου,οί
3603 1427 3699 1495 μὲν
3733 1430 3830 1481 σὺν
3859 1430 4008 1500 αὑτῷ

2440 1505 2833 1574 περαιωθέντες
2860 1509 2934 1575 τῷ
2972 1510 3182 1577 βασιλεί
3207 1513 3562 1578 δουλωθέντες
3593 1520 3932 1573 Μανιακὰτοι
3950 1538 4010 1575 τε

2440 1597 2904 1669 ἐπωνομάσθησαν
2935 1601 3027 1652 καὶ
3069 1605 3134 1670 τῇ
3186 1604 3473 1671 Ῥωμαίων
3520 1608 3673 1659 πέλει
3717 1612 4010 1675 ὲναπέμει-

2439 1704 2559 1748 ναν,
2591 1688 2638 1739 οἱ
2702 1689 2756 1740 δὲ
2789 1690 2964 1742 λοιποὶ
3023 1693 3078 1743 ἐν
3132 1693 3328 1762 Ἰταλίᾳ
3357 1695 3779 1765 ὑπελείφθησαν.
3815 1694 3922 1752 Ἦν
3953 1698 4010 1753 δέ

2439 1793 2521 1839 τις
2550 1778 2606 1829 ἐν
2634 1778 2815 1841 αὐτοῖς
2876 1782 3244 1852 Ῥουμπέρτος
3274 1784 3529 1854 τοῦνομα,
3559 1788 3777 1856 ἀνεψιὸς
3807 1789 4011 1858 Ἀρδοῖ-

2446 1883 2535 1917 νου
2603 1866 2697 1919 τοῦ
2763 1869 2868 1920 ὑπὸ
2903 1872 3189 1923 Δοκειανοῦ
3235 1875 3646 1942 μαστιχθέντος,
3703 1878 3874 1940 δεινὸς
3918 1882 4011 1931 καί

2447 1955 2765 2027 θυμοειδὴς,
2828 1964 3150 2028 τυραννικὴν
3209 1964 3345 2031 ἔχων
3398 1966 3456 2017 τὸ
3510 1968 3765 2038 φρόνημα
3796 2011 3810 2033 ,
3865 1972 4013 2035 ὅστις

2448 2046 2694 2114 φανερῶς
2744 2047 2839 2115 μὲν
2866 2049 3111 2112 ἐξελάσαι
3140 2051 3238 2119 τῆς
3286 2052 3512 2117 Ἰταλίας
3544 2058 3666 2119 τοὺς
3710 2055 4010 2127 Ῥωμαίους

2445 2134 2695 2201 ἐμελέτα,
2728 2134 2889 2189 ὤκνει
2923 2140 2977 2190 δὲ
3010 2140 3158 2208 ὅμως
3185 2141 3282 2211 τὴν
3317 2144 3629 2214 ἐγχείρησιν
3662 2151 3753 2200 καὶ
3780 2150 4011 2202 ἀνεϐάλ-

2446 2223 2585 2285 λετο,
2626 2225 2825 2295 ἀσθενῆ
2861 2228 3052 2278 ἑαυτὸν
3082 2230 3244 2298 ὁρῶν,
3282 2232 3373 2283 καὶ
3428 2235 3563 2303 πρὶς
3587 2236 3685 2305 τὴν
3732 2238 3824 2290 τοῦ
3863 2239 4013 2307 βασι-

2448 2314 2583 2376 λέως
2642 2317 2791 2384 ἰσχὺν
2844 2318 3085 2388 ὠρρώδει
3131 2322 3323 2374 ἑαυτὸν
3377 2326 3785 2394 ἀντεξαγαγεῖν.
3819 2331 3926 2399 Τῆς
3954 2332 4011 2383 δὲ

2448 2406 2701 2472 γυναικὸς
2728 2408 2913 2475 αὑτοῦ,
2948 2410 3014 2479 ἥν
3048 2412 3155 2464 ἀπὸ
3208 2414 3486 2483 Φραγγίας
3518 2418 3775 2486 ἠγάγετο,
3830 2423 4014 2475 τελευ-

2448 2497 2690 2567 τησάσης
2730 2501 2922 2569 ἑτέραν
2976 2503 3191 2570 ἄγεται,
3243 2505 3442 2559 Γαῖταν
3502 2509 3600 2575 μὲν
3651 2513 4011 2582 καλουμένην,

2451 2588 2727 2661 θυγατέρα
2748 2591 2803 2643 δὲ
2834 2592 2996 2646 οὖσαν
3022 2596 3323 2665 πρίγκιπος
3352 2598 3537 2669 χώραν
3569 2603 3665 2654 οὐκ
3704 2603 3892 2672 ὀλίγην
3924 2607 4012 2671 ὑφ’

2451 2682 2641 2734 ἑαυτὸν
2667 2684 2899 2753 ἔχοντος.
2945 2687 3311 2757 Ἀγαγὸμενος
3333 2686 3424 2744 οὖν
3463 2694 3662 2762 ταύτην
3694 2696 4014 2766 κατῴκησεν

2452 2774 2508 2825 ὲν
2529 2776 2647 2835 ταῖς
2679 2775 2865 2827 πόλεσι
2891 2779 3008 2839 ταῖς
3047 2779 3433 2849 διαφερούσαις
3455 2786 3518 2850 τῇ
3560 2786 3723 2838 αὑτοῦ
3766 2789 4012 2853 γυναικὶ,

2450 2860 2525 2917 ὧν
2559 2866 2809 2936 ἡπρώτη
2845 2869 2941 2936 μὲν
2988 2870 3080 2922 καὶ
3124 2872 3351 2942 μεγίστη
3402 2876 3632 2945 Σαλερὸς
3670 2879 3985 2947 ὀνομάζεται

2466 2956 2699 3008 Ἐκεῖθεν
2730 2954 2822 3010 οὖν
2853 2954 2935 3010 οἷα
2974 2960 3209 3030 κλέπτης
3238 2966 3328 3017 καὶ
3358 2965 3557 3037 λῃστὴς
3615 2967 3769 3031 ἐξιὼν
3825 2971 3889 3020 τὰ
3946 2974 4010 3041 τῇ

2462 3046 2741 3119 Ῥωμανίᾳ
2796 3050 3129 3119 ὑποκείμενα
3164 3053 3426 3121 ὲληϊζετο,
3470 3056 3629 3108 τοῦτο
3684 3059 3779 3125 μὲν
3829 3059 4013 3111 Καλα-

2455 3138 2612 3208 6ρίαν
2634 3141 3069 3208 αἰχμαλωτίζων,
3104 3144 3262 3196 τοῦτο
3309 3145 3364 3198 δὲ
3404 3147 3501 3215 τὴν
3543 3148 3770 3200 Ἰταλίαν
3797 3149 4015 3203 δουλού-

2451 3247 2628 3299 μενος.
2686 3232 2804 3282 Τῶν
2870 3232 2932 3283 δ’·
2958 3234 3326 3302 ἁλισκομένων
3378 3238 3735 3304 αἰχμαλώτων
3794 3234 3867 3294 ῶν
3918 3243 4015 3311 μὲν

2449 3323 2635 3391 χεῖρας
2670 3324 2888 3393 ἁςεῄρει,
2914 3320 2987 3377 ῶν
3019 3327 3072 3378 δὲ
3097 3328 3260 3388 πόδας
3291 3330 3725 3398 ἠκρωτηρίαζεν,
3762 3332 3934 3384 ἄλλων
3959 3334 4013 3386 δὲ

2450 3414 2721 3465 ἀπέκοπτε
2775 3417 2866 3466 καὶ
2907 3418 3220 3487 ἀμφότερα,
3279 3421 3427 3475 τινὰς
3466 3421 3520 3472 δὲ
3571 3423 3663 3472 καὶ
3703 3423 4015 3491 ἁπημπόλει

2450 3502 2751 3571 χρημάτων
2782 3503 3015 3567 πολλῶν,
3044 3506 3411 3574 δεδιττόμενος
3439 3507 3513 3569 ὡς
3557 3510 3603 3559 εί
3647 3512 3722 3580 μὴ
3768 3514 4015 3580 προδοῖεν

2454 3595 2552 3657 τὰς
2599 3596 2782 3658 πόλεις
2815 3598 2907 3649 καὶ
2945 3597 3282 3650 ὐποκλιθείεν
3333 3599 3499 3668 αὐτῷ,
3534 3602 3593 3652 οὐ
3644 3604 3817 3655 ταῦτα
3853 3605 4012 3673 μόνα,

2452 3685 2589 3738 ἀλλὰ
2637 3688 2731 3739 καὶ
2766 3689 2983 3757 χείρονα
3016 3688 3313 3742 πείσονται.
3347 3690 3665 3746 Νοσούντων
3721 3696 3777 3747 δὲ
3817 3697 3875 3748 ὲν
3904 3701 4015 3758 τοῖς

2454 3776 2740 3844 βασιλείοις
2772 3779 2877 3830 τῶν
2897 3779 3108 3831 οίκείων
3141 3819 3156 3845 ,
3186 3781 3410 3850 οὐδεμία
3443 3784 3551 3835 τῶν
3604 3787 3899 3854 γινομένων
3960 3789 4015 3840 ἐν

2466 3868 2661 3939 Ἰταλίᾳ.
2714 3871 2920 3937 ἐγίνετο
2977 3871 3300 3943 ἐπιστροφή.
3356 3874 3460 3926 Τοῦ
3516 3876 3625 3945 γὰρ
3686 3877 4013 3948 Μονομὰχου

2457 3959 2592 4026 μετὰ
2626 3959 2797 4031 βραχὺ
2824 3962 3266 4031 τελευτήσαντος,
3331 3962 3612 4033 Θεοδώρας
3670 3965 3725 4017 δὲ
3772 3966 3868 4034 τῆς
3914 3968 4015 4019 Αὑ-

2453 4051 2687 4121 γούστης
2720 4052 2803 4120 ἐφ’
2825 4052 2921 4105 ἕνα
2946 4053 3135 4121 χρόνον
3160 4054 3259 4121 τὴν
3300 4052 3574 4121 βασιλείαν
3612 4057 4008 4126 κατασχούσηε,

2453 4140 2547 4193 τοῦ
2578 4158 2636 4194 τε
2660 4141 2875 4210 Μιχαὴλ
2908 4141 3280 4210 ἀναιρεθέντος
3310 4143 3403 4194 καὶ
3432 4143 3525 4195 τοῦ
3571 4144 3855 4213 Κομνηνοῡ
3913 4149 4009 4198 ὲπ-

2455 4233 2780 4294 αναστάντος
2801 4230 2964 4296 αὐτῷ,
2987 4233 3079 4285 καὶ
3099 4232 3205 4283 τῶν
3244 4234 3658 4302 στρατευμάτων
3685 4236 4014 4305 ἀσχολουμέ-

2458 4342 2561 4377 νων
2582 4328 2690 4386 τοῖς
2717 4324 3002 4393 ἐμφυλίοις
3043 4323 3322 4393 πολέμοις,
3355 4326 3577 4395 μηδενός
3611 4340 3670 4378 τε
3726 4328 3875 4389 ὄντος
3920 4328 4013 4381 to;

2456 4416 2555 4485 τὴν
2583 4416 2757 4486 ὁρμὴν
2797 4415 2888 4467 τοῦ
2936 4414 3313 4484 Ῥουμπέρτου
3363 4417 3717 4482 κωλύσοντος,
3754 4420 3925 4487 μέγας
3954 4422 4014 4472 ὲκ

784 4516 979 4571 erant,
1026 4524 1137 4562 non
1189 4520 1410 4578 possent
1461 4520 1652 4564 contra
1698 4525 1983 4578 erumpere
2015 4511 2083 4564 ob
2106 4512 2342 4578 paucita-
2386 4525 2531 4583 Dm

2271 4523 2342 4564 ιιι·
2386 4528 2430 4583 ι)
2456 4507 2644 4559 τούτου
2673 4505 2767 4559 καὶ
2804 4504 3127 4574 περιὸόητος
3157 4506 3346 4572 γέγονε
3377 4524 3390 4537 ·
3428 4508 3657 4577 στρατὸν
3682 4510 3789 4576 γὰρ
3812 4509 4016 4572 ἀξιόλο-

786 4606 892 4649 tem
926 4612 1147 4650 suorum
1172 4608 1226 4651 et
1253 4600 1517 4652 modicam
1546 4600 1824 4653 virtutem.
1856 4598 2135 4653 Comneno
2167 4609 2347 4654 autem

787 4689 981 4756 adepto
1010 4691 1323 4758 imperium,
1360 4690 1665 4743 Turcorum
1702 4690 1851 4742 natio
1907 4687 2183 4742 Orientem
2231 4704 2352 4758 pre-

793 4796 961 4844 mere,
1010 4780 1290 4833 Patzinaci
1348 4796 1477 4835 vero
1522 4778 1894 4834 Occidentem.
1974 4778 2125 4832 Cedit
2187 4781 2353 4849 igitur

789 4869 1094 4940 Thrymbus
1152 4872 1424 4934 Calabria,
1487 4872 1578 4939 qui
1607 4871 1718 4923 illic
1760 4869 2008 4923 duxerat
2056 4874 2350 4936 exercitus,

797 4972 984 5030 aperte
1008 4972 1196 5015 contra
1236 4962 1528 5016 Scribonas
1560 4961 1772 5015 facinus
1804 4976 1972 5015 ausus
2015 4963 2353 5031 :eum722

790 5056 932 5107 enim
981 5054 1248 5122 indigenis
1307 5054 1526 5108 minime
1567 5055 1780 5122 placere
1804 5063 2056 5107 cerneret
2098 5062 2239 5122 quod
2276 5055 2354 5106 fa-

791 5157 936 5199 ctum
980 5154 1142 5208 esset,
1208 5147 1362 5200 exsul
1410 5147 1476 5199 ad
1523 5145 1904 5214 imperatorem
1968 5144 2352 5213 proficiscitur.

794 5236 1023 5289 Mittitur
1062 5238 1227 5307 igitur
1269 5240 1379 5290 dux
1412 5238 1579 5289 Italiae
1636 5235 1932 5289 Abulchar.
1963 5234 2233 5289 Robertus
2260 5250 2355 5287 au—

793 5340 903 5384 tem
947 5344 1069 5382 cum
1127 5339 1349 5397 propter
1397 5329 1785 5383 Scribonarum
1835 5327 2035 5381 caedem
2092 5326 2355 5380 Calabros

793 5429 1149 5489 exasperatos
1179 5421 1408 5485 videret,
1450 5421 1552 5474 hac
1587 5435 1805 5489 quoque
1830 5420 1898 5474 de
1921 5433 2084 5472 causa
2107 5418 2355 5471 rebellio-

795 5527 914 5565 tem
952 5512 1268 5577 meditatus,
1326 5528 1437 5566 non
1472 5522 1531 5565 ιιι
1565 5511 1798 5581 amplius
1834 5523 2156 5565 reversurus
2200 5522 2352 5575 egre-

2456 4615 2549 4664 γον
2582 4597 2948 4666 συνεστήσατο
2970 4597 3062 4649 καὶ
3092 4597 3275 4649 ἵππων
3297 4599 3389 4650 καὶ
3406 4600 3703 4667 χρημάτων
3729 4602 3815 4652 καὶ
3840 4602 4015 4668 ἁρμά-

2457 4703 2563 4737 των
2595 4685 2809 4752 ὲγένετο
2835 4684 3043 4753 κύριος,
3083 4685 3193 4737 τῶν
3219 4686 3276 4737 ὲν
3304 4688 3421 4747 ταῖς
3461 4686 3647 4739 πόλεσι
3694 4692 4016 4756 στρατηγεῖν

2457 4776 2803 4845 τεταγμένων
2836 4776 2970 4845 πρὸς
3004 4776 3227 4845 βασιλέα
3284 4776 3357 4846 μὴ
3385 4777 3695 4845 δυναμένων
3719 4776 4017 4839 ἁντεξιέναι

2458 4867 2769 4936 ὁλιγανδρίᾳ
2815 4866 2911 4919 καὶ
2955 4868 3214 4935 κακότητι
3273 4866 3381 4918 τῶν
3426 4868 3522 4919 σὺν
3560 4869 3763 4929 αὐτοῖς.
3829 4867 3933 4919 Τοῦ
3965 4869 4018 4920 δὲ

2462 4954 2747 5022 Κομνηνοῦ
2781 4956 2877 5024 τῆς
2910 4954 3185 5024 βασιλείας
3243 4955 3546 5024 ἐγκρατοῦς
3602 4956 3891 5025 γενομένου
3954 4960 4019 5007 τὰ

2463 5047 2558 5114 μὲν
2587 5045 2695 5096 τῶν
2726 5045 2981 5114 Τούρκων
3021 5045 3118 5115 τὴν
3148 5045 3435 5115 Ἀνατολὴν
3478 5046 3705 5109 ἒθλιεεν,
3738 5048 3785 5097 oi
3820 5048 4018 5108 ηατζι-

2458 5140 2610 5188 νάκοι
2651 5136 2707 5188 δὲ
2776 5136 2871 5206 τὴν
2901 5136 3059 5188 Δύσιν
3118 5137 3353 5200 ὲπίεζον.
3392 5137 3699 5205 ’Υποχωρεῖ
3740 5136 3868 5203 γοῦν
3920 5136 4019 5203 τῆς

2460 5228 2777 5299 Καλαὸρίας
2820 5232 2847 5283 ὁ
2872 5229 3145 5299 Θρυμόὸς,
3174 5230 3229 5291 ὂς
3278 5232 3455 5281 ἐκεῖσε
3490 5229 3811 5297 στρατηγῶν
3856 5229 4017 5293 ἐτύγ-

2460 5339 2609 5390 χανε,
2638 5322 2695 5373 τὸ
2742 5322 2883 5374 κατὰ
2913 5322 3037 5384 τοὺς
3086 5321 3400 5391 Σκρίϐωνας
3430 5323 3560 5387 ἄγος
3614 5320 3807 5387 ἀνέδην
3840 5321 3977 5370 τετοί
3998 5345 4022 5356 ο

2467 5412 2658 5481 μηκώς
2688 5430 2702 5444 ⁸
2766 5414 2840 5482 μὴ
2863 5414 3094 5482 ἀρέσκον
3147 5415 3253 5481 γὰρ
3292 5416 3403 5475 τοῖς
3458 5412 3744 5481 ἐγχωρίοις
3773 5409 3914 5479 ὁρῶν
3960 5410 4023 5461 2t

2460 5505 2870 5576 πεπραγμένον,
2904 5506 3079 5574 φυγὰς
3107 5506 3181 5569 ὼς
3215 5504 3438 5575 βασιλέα
3472 5506 3701 5571 γίνεται.
3731 5500 4013 5554 Στέλλεται

2069 5620 2302 5677 JACOBI
2338 5619 2546 5675 GOABI
2578 5619 2806 5675 ΝΟΤᾹΕ.

874 5717 983 5784 (37)
1018 5718 1070 5772 ld
1111 5728 1193 5775 est
1219 5718 1410 5788 Apulia
1440 5727 1487 5773 et
1546 5719 1859 5786 adjacentcs
1905 5718 2220 5787 provinciar,
2249 5716 2447 5785 quibus
2474 5716 2667 5771 ultimo
2697 5716 2872 5772 Graeci
2929 5717 3353 5787 imperaverunt.
3421 5711 3728 5767 Recolenda
3781 5720 3907 5763 nata
3966 5710 4020 5761 in

892 5788 989 5814 l’Z'I'.’

799 5801 833 5855 p
890 5801 1011 5840 an.
