4424 6450
757 369 862 449 455

2028 365 2342 426 IUANNIS
2371 367 2743 427 SCYLl'l'Zi‘l

3898 369 3999 428 456

758 494 816 537 ut
853 484 1000 552 ipsos
1037 478 1248 538 Turcos
1278 498 1340 537 ex
1374 478 1595 535 Oriente
1641 478 1957 547 expelleret,
1994 478 2325 530 existimavit
2355 482 2404 539 Α
2438 496 2505 529 κα

2257 478 2325 529 ινίι
2355 482 2404 539 Α
2438 480 2531 529 καὶ
2566 477 2658 529 τοῦ
2685 475 2901 546 Μιχαὴλ
2952 474 3049 544 τὴν
3082 475 3360 544 βασιλείαν
3412 478 3627 545 ἀμελῶς
3666 479 3757 531 καὶ
3812 480 4004 531 παιδα·

755 576 856 628 sibi
899 573 1208 628 faciendum
1236 585 1356 626 esse
1385 578 1440 623 ιιι
1472 584 1598 623 cum
1638 569 1768 638 ipsis
1815 563 1997 621 [rebus
2064 575 2315 636 percute-

756 676 874 733 ret,
910 677 961 721 et
1002 667 1244 734 ipsorum
1273 677 1377 731 ope
1408 676 1471 715 ac
1501 661 1758 716 societate
1789 659 2097 711 Turcorum
2151 666 2321 713 teme-

756 761 961 811 rarium
1014 758 1067 810 in
1101 755 1475 808 Romanorum
1506 752 1781 819 regionem
1814 752 2072 804 insultum
2101 764 2323 805 coerce-

754 857 857 906 ret.
887 849 1069 913 Quare
1092 849 1252 902 etiam
1275 845 1589 899 afﬁnitatem
1612 857 1735 895 cum
1772 840 2007 895 Roberto
2031 847 2324 907 contraxit,

754 942 985 1008 ejusque
1053 939 1219 992 filiam
1303 938 1559 991 Ilelenam
1636 936 1940 1003 despondet
2024 948 2124 987 suo
2214 935 2326 988 tilio

753 1030 1140 1085 Constantino.
1173 1029 1400 1084 Volebat
1434 1028 1533 1081 hac
1584 1028 1795 1080 ratione
1828 1027 2124 1095 imperator
2158 1024 2321 1079 finem

753 1120 989 1187 aliquem
1047 1122 1213 1175 rebus
1243 1119 1470 1189 imponi,
1504 1118 1598 1174 sed
1653 1133 1682 1171 a
1739 1116 1847 1170 Deo
1880 1116 2186 1184 prohibitus
2218 1126 2322 1179 est,

754 1214 845 1280 qui
885 1213 997 1280 jam
1034 1213 1243 1282 pridem
1275 1210 1597 1266 decreverat
1648 1208 1888 1263 Orientis
1915 1207 2213 1275 perniciem
2268 1215 2322 1260 et

753 1305 1116 1357 eversionem.

755 1398 1096 1467 ἀποσοϐῆσαι
1132 1397 1311 1451 αὐτῶν
1332 1398 1427 1466 τὴν
1457 1396 1650 1463 ἄλογον
1696 1393 1839 1447 κατᾶ
1870 1394 1968 1462 τῆς
2012 1391 2320 1461 Ῥωμανίας
2360 1393 2663 1447 ἐπέλευσιν.
2694 1393 2854 1446 Ὅθεν
2895 1395 2989 1445 καὶ
3030 1396 3193 1462 κῆδος
3246 1398 3381 1466 πρὸς
3454 1399 3546 1450 τὸν

755 1493 1011 1547 ποιεῖται,
1048 1492 1142 1543 καὶ
1175 1492 1270 1558 τὴν
1317 1488 1480 1541 αὐτοῦ
1521 1487 1801 1556 θυγατέρα

2433 567 2640 636 ριωδῶς
2674 554 3021 629 διιθύνοντος,
3048 567 3122 631 ῶς
3150 566 3407 620 δεσπόται
3437 567 3646 636 βέϐαιοι
3669 569 3775 619 ἀπὸ
3806 568 4004 621 θαλάτ-

2430 673 2528 725 της
2553 657 2656 718 ἕως
2696 656 2967 726 Θαλάττης
2999 656 3096 725 τήν
3134 674 3194 708 τε
3214 656 3613 730 Λογγιϐαρδίαν
3646 657 3735 708 καὶ
3765 658 3863 725 τὴν
3896 660 4005 711 Κα-

2431 746 2659 817 λαϐρίαν
2694 749 2903 809 ἑαυτοῖς
2926 748 3350 816 ύπεποιήσαντο,
3403 750 3497 803 καὶ
3533 750 3740 819 ταύτην
3806 751 4006 803 διανει-

2438 840 2668 909 μάμενοι
2703 842 2798 892 καὶ
2832 841 2901 891 τα
2933 842 3148 911 κάστρα
3171 841 3623 912 διαμερισάμενοι
3657 844 3881 904 ἑαυτοὺς
3903 843 4002 911 μέν

2435 931 2704 1000 κόμητας,
2736 931 2825 982 τὸν
2856 931 2911 982 δέ
2945 931 3319 1002 Ῥουμπέρτον
3380 934 3547 988 δοῦκα
3584 935 4008 1005 προσωνομάκα-

2432 1043 2537 1078 σιν.
2577 1026 2635 1077 Ὀ
2657 1026 2711 1077 δὲ
2748 1026 2966 1094 Μιχαὴλ
2994 1027 3054 1078 οὐ
3087 1028 3245 1096 μόνον
3295 1029 3392 1081 οὐκ
3454 1032 3849 1100 ἀντεποιήσατο
3910 1033 4005 1100 τῆς

2428 1118 2792 1186 διαφερούσης
2830 1117 3005 1187 ἐαυτῷ
3043 1119 3245 1186 χώρας,
3277 1121 3350 1183 ῶς
3384 1122 3617 1190 εἴρηται,
3666 1122 3782 1175 ἀλλ’
3831 1122 3905 1185 ὡς
3939 1124 4006 1175 ἂν

2428 1211 2553 1268 τοὺς
2581 1209 2856 1277 Τούρκους
2880 1211 2975 1279 τῆς
3011 1211 3294 1278 Ἀνατολῆς
3320 1213 3615 1278 ἐξελάσειε,
3650 1215 3766 1267 δέον
3786 1217 4003 1285 ἐνόμισε

2432 1299 2757 1351 σπείσασθαι
2812 1300 2995 1362 αὐτοῖς
3045 1304 3138 1353 καὶ
3187 1302 3252 1355 δι’
3303 1305 3482 1357 αὐτῶν
3546 1308 3639 1358 καὶ
3693 1308 3788 1359 σὺν
3822 1308 4004 1368 αὐτοῖς

3633 1399 3868 1469 Ῥουμπέ
3879 1416 4006 1469 ρτον

1882 1485 2103 1553 Ἑλένην
2166 1488 2534 1551 κατεγγυᾶται
2597 1486 2676 1555 τῷ
2749 1486 2941 1539 ἐαυτοῦ
2968 1486 3068 1555 υἱῷ
3106 1488 3518 1559 Κωνσταντίνῳ.
3556 1489 3844 1541 Ἦϐούλετο
3906 1491 4004 1558 μὲν

752 1586 912 1636 ταυτὶ
964 1585 991 1635 ὁ
1048 1580 1321 1652 βασιλεὺς,
1382 1581 1579 1650 πέρατι
1620 1579 1674 1630 δὲ
1724 1577 1944 1643 δοθῆναι
1998 1576 2148 1644 παρὰ
2190 1576 2325 1627 Θεοῦ
2368 1577 2700 1642 κεκώλυται,
2754 1580 2922 1632 πάλαι
2964 1580 3343 1650 ψηφισαμένου
3389 1584 3484 1650 τῆς
3539 1585 3826 1655 Ἀνατολῆς
3871 1603 4007 1637 παν.

754 1678 1019 1747 ωλεθρίαν
1049 1677 1143 1728 καὶ
1178 1675 1496 1727 ἀνάστασιν.

829 1789 939 1842 lloc
969 1789 1274 1856 imperante
1303 1785 1453 1855 Cpnli
1479 1792 1596 1837 orta
1620 1795 1703 1838 est
1725 1785 1900 1854 tripes
1930 1788 2065 1845 avis,
2099 1794 2151 1839 et
2185 1798 2318 1852 puer
2352 1792 2390 1845 Β

766 1880 973 1933 habens
1003 1880 1055 1932 in
1094 1878 1270 1931 fronte
1299 1877 1520 1929 oculum
1550 1892 1725 1936 ,unum
1751 1886 1802 1930 et
1834 1875 1997 1944 pedes
2045 1875 2286 1927 hircinos
2313 1892 2326 1938 ;

762 1980 816 2025 et
844 1972 953 2023 duo
988 1984 1052 2023 ex
1097 1968 1503 2022 immortalibus
1537 1969 1803 2020 militibus
1838 1966 2059 2019 fulmine
2083 1965 2326 2034 percussi

759 2070 909 2114 sunt.
944 2060 1089 2113 Puer
1114 2067 1293 2113 autem
1328 2068 1711 2113 monstruosus
1745 2057 1797 2110 in
1824 2057 2043 2126 publico
2070 2058 2323 2127 ingressu

757 2152 1088 2205 Diacouissze
1125 2148 1307 2204 ﬂetum
1342 2150 1623 2202 emittebat
1654 2149 1868 2218 lugubri
1904 2148 2157 2201 similem.
2185 2146 2331 2199 Prae-

771 2255 920 2296 terea
955 2243 1165 2295 crinita:
1229 2254 1447 2309 quoque
1497 2238 1669 2294 stella:
1729 2238 1972 2307 plurimm
2029 2246 2081 2289 et
2138 2237 2331 2289 crebro

760 2349 1080 2402 apparuere.
1112 2332 1210 2386 Ubi
1231 2346 1358 2384 vero
1405 2331 1619 2383 barbari
1655 2346 1741 2384 res
1769 2328 2332 2398 Orientisprmdaban-

765 2436 875 2489 tur,
909 2434 962 2478 et
1004 2422 1295 2477 multitudo
1334 2422 1528 2490 partim
1554 2420 1860 2474 caedebatur
1890 2422 2085 2489 partim
2122 2420 2331 2489 fugiens

754 2517 945 2584 Cpolin
977 2513 1346 2582 confugiebat,
1384 2511 1542 2581 725
1579 2511 1861 2581 indigebat
1892 2519 2107 2577 tempus
2157 2520 2334 2565 mente

757 2607 916 2661 senili
949 2618 1000 2660 et
1053 2606 1265 2660 excelsa
1325 2605 1391 2657 ad
1454 2619 1541 2657 res
1593 2603 1998 2673 gubernandas,
2044 2602 2160 2671 ipse
2204 2617 2333 2655 vero

760 2708 870 2749 tam
906 2708 1024 2749 erat
1058 2709 1256 2747 avarus
1288 2709 1351 2746 ac
1384 2692 1505 2747 vilis
1527 2699 1586 2745 ut
1630 2707 1697 2746 ne
1724 2691 1942 2745 obolum
1976 2692 2197 2760 quidem
2224 2692 2335 2745 vel-

774 2788 847 2839 let
906 2785 1205 2848 eli‘undere,
1267 2798 1442 2850 neque
1499 2782 1763 2849 prmberet
1817 2781 1977 2832 alicui
2035 2780 2334 2849 quidpiam,

764 2874 1082 2943 quicunque
1111 2874 1157 2926 is
1196 2880 1366 2932 eSSel,
1398 2881 1491 2923 aut
1528 2870 1813 2940 providere
1852 2870 2079 2931 fructus,
2111 2870 2203 2937 qui
2233 2884 2334 2921 na-

768 2964 925 3032 vigiis
953 2963 1304 3023 veherentur,
1338 2960 1404 3013 ad
1431 2961 1634 3013 victum
1661 2959 2003 3013 neces~arios
2038 2960 2333 3025 importan.

765 3054 867 3107 dos
904 3071 919 3107 :
952 3066 1139 3106 verum
1174 3051 1323 3104 inani
1356 3059 1412 3105 et
1467 3049 1647 3103 inutili
1698 3050 2021 3118 eloquentiae
2074 3050 2259 3104 studio
2284 3058 2336 3104 et

2501 1779 2624 1832 Ἐπὶ
2654 1781 2841 1832 τούτου
2867 1779 3060 1848 ἐτέχθη
3079 1782 3135 1831 ἐν
3163 1782 3736 1836 Κωνσταντινουττοηει
3764 1788 4002 1854 τρίπους

2434 1870 2579 1941 ὄρνις
2609 1871 2703 1923 καὶ
2733 1872 2943 1923 παιδίον
2976 1872 3095 1940 ἕχον
3126 1871 3267 1923 κατά
3295 1872 3357 1924 τὸ
3392 1876 3642 1941 μέτωπον
3681 1876 3775 1928 ἕνα
3806 1876 4002 1943 ὀφθαλ-

2436 1960 2556 2029 μὸν,
2592 1962 2960 2028 τραγοσκελές
2985 1962 3040 2013 δὲ
3063 1962 3187 2023 τοὺς
3215 1962 3399 2025 πόδας.
3435 1962 3539 2015 Δύο
3583 1964 3638 2016 δὲ
3664 1966 3770 2016 τῶν
3802 1968 4005 2019 ἀθανά-

2430 2067 2539 2102 των
2570 2050 2916 2120 στρατιωτῶν
2949 2052 3209 2117 γεγόνασι
3234 2054 3680 2125 κεραυνόϐλητοι.
3717 2056 3790 2108 Τὸ
3821 2056 3877 2108 δὲ
3914 2075 4001 2109 τε-

2436 2143 2669 2211 ρατῶδες
2692 2140 2897 2195 παιδίον
2922 2143 2978 2194 ἐν
2998 2144 3063 2211 τῇ
3085 2142 3193 2195 τῶν
3225 2146 3583 2213 Διακονίσσης
3604 2147 3837 2215 δημοσίᾳ
3868 2167 4000 2217 παρ-

2431 2233 2532 2300 όδῳ
2585 2232 2862 2301 κλαυθμδν
2909 2234 3059 2303 ἠφίει
3091 2234 3323 2302 παιδικῷ
3380 2238 3758 2304 προσεοικότα.
3792 2241 3865 2291 Οὐ
3901 2241 4007 2308 μὴν

2431 2324 2487 2375 δὲ
2541 2324 2675 2376 ἀλλά
2729 2324 2823 2376 καὶ
2882 2326 3119 2394 κομῆται
3176 2328 3559 2394 παρετείνοντο
3624 2329 3864 2382 πλεῖστοι
3914 2334 4005 2383 καὶ

2433 2416 2634 2483 συχνοί.
2691 2414 2843 2467 Ἐπεὶ
2896 2415 2951 2466 δὲ
3010 2417 3105 2468 καὶ
3158 2417 3208 2468 οι
3244 2417 3517 2488 Βάρϐαροι
3577 2421 3645 2473 τέι
3698 2421 3797 2490 τῆς
3839 2419 4006 2493 Ἐᾠας

2435 2509 2710 2576 ἐληΐζοντο
2738 2508 2831 2558 καὶ
2884 2507 2945 2558 τδ
2977 2507 3177 2575 πλῆθος
3206 2508 3267 2560 τὸ
3305 2508 3401 2578 μὲν
3428 2512 3682 2580 ἀνῃρεῖτο
3711 2514 3770 2572 τὸ
3795 2514 3848 2565 δὲ
3878 2514 4006 2581 φεῦ-

2433 2616 2526 2666 γον
2548 2602 2611 2667 τῇ
2634 2599 2860 2649 Κωνστπ
2882 2598 3049 2650 ιτίνου
3078 2599 3474 2667 προσέφευγεν,
3508 2602 3677 2654 ἐδεῖτο
3710 2604 3808 2671 μὲν
3832 2606 3857 2655 ὁ
3881 2623 3971 2657 και
3990 2640 4004 2647 -

2438 2692 2529 2761 ρος
2563 2688 2915 2757 οἰκονομικῆς
2943 2691 3037 2741 καὶ
3062 2689 3434 2760 πρεσϐυτικῆς
3491 2693 3584 2744 καὶ
3631 2693 4005 2761 μεγαλοψύχου

2435 2777 2653 2847 φρενὸς,
2681 2779 2708 2828 ό
2746 2776 2801 2828 δὲ
2852 2778 3102 2829 τοσοῦτον
3152 2775 3218 2847 ἦν
3268 2780 3522 2845 φειδωλὸς
3554 2781 3648 2832 καὶ
3687 2783 4006 2854 μικρολόγος

2435 2869 2578 2921 ὥστε
2623 2867 2746 2935 μηδ’
2784 2868 2970 2920 ὀϐολὸν
3031 2869 3294 2937 προέσθαι
3343 2871 3516 2923 θέλειν
3566 2875 3698 2942 μηδέ
3749 2878 4007 2944 παρέχειν

2434 2960 2538 3013 τινὶ
2570 2959 2630 3011 τὸ
2662 2959 2886 3022 οἷονοῦν,
2923 2961 2955 3028 ἢ
2992 2961 3247 3029 πρόνοιαν
3288 2962 3419 3027 γοῦν
3452 2963 3669 3033 τροφῶν
3691 2965 4005 3035 διακομιδῆς

2437 3050 2795 3120 γεννημάτων
2845 3041 2957 3119 (38)
3001 3050 3087 3101 διὰ
3139 3052 3376 3119 σιτηγῶν
3424 3054 3626 3105 πλοίων
3654 3057 4005 3124 ποιήσασθαι,

767 3144 962 3197 iambis
994 3152 1157 3209 atque
1188 3139 1481 3209 anapaasris
1538 3138 1934 3207 componendis
1994 3140 2334 3193 continenter
2362 3124 2404 3183 (ἶ
2436 3141 2514 3191 ἀλῖ

2257 3150 2334 3193 ter
2362 3124 2404 3183 C
2436 3141 2574 3191 ἀλλὰ
2603 3143 2669 3209 τῇ
2701 3140 2908 3209 ματαίᾳ⁸
2948 3140 3041 3193 καὶ
3073 3142 3321 3211 ἀνηνύτῳ
3377 3144 3504 3211 περὶ
3563 3145 3751 3211 λόγους
3807 3147 4004 3215 σπουδῇ

765 3248 987 3297 vacans,
1014 3231 1267 3301 quamvis
1296 3246 1363 3283 ne
1397 3231 1450 3282 in
1496 3239 1620 3283 cute
1644 3228 1863 3298 quidem
1900 3236 2067 3282 artem
2126 3239 2331 3298 gustas-

764 3333 867 3385 ενι,
906 3339 934 3375 a
966 3323 1416 3391 philosophorum
1466 3322 1671 3374 eximio
1726 3320 1987 3389 deceptus
2029 3330 2084 3373 et
2138 3320 2333 3373 illusus

767 3426 966 3475 totum,
1005 3423 1062 3467 ut
1096 3414 1171 3466 ita
1224 3412 1475 3475 dixerim,
1513 3411 1773 3464 mundum
1828 3411 2083 3480 perdidit.
2147 3410 2336 3465 Oritur

764 3508 913 3561 enim
973 3509 1163 3573 ingens
1216 3503 1407 3567 fames,
1446 3518 1609 3571 quam
1650 3511 1943 3555 consecuta
1974 3512 2055 3556 est
2089 3503 2257 3570 pestis
2284 3511 2337 3555 et

766 3611 937 3657 mors,
973 3610 1093 3663 quae
1120 3593 1285 3647 simul
1330 3593 1651 3645 nutriuntur
1693 3600 1748 3644 et
1799 3599 2042 3659 cognata!
2089 3598 2215 3644 sunt
2269 3590 2335 3642 ad

773 3687 1053 3740 hominum
1075 3685 1366 3755 perniciem
1406 3691 1459 3737 et
1487 3681 1917 3751 consanguineae,
1938 3683 2338 3735 moriebantur-

766 3796 872 3849 que
938 3777 1183 3847 quotidie
1240 3776 1577 3845 frequentes,
1642 3775 1715 3825 ita
1757 3781 1816 3826 ut
1853 3788 1921 3826 ne
1956 3773 2063 3825 vivi
2123 3774 2336 3840 quidem

770 3879 1018 3924 mortuos
1049 3869 1242 3921 efferre
1281 3877 1527 3935 possent,
1582 3873 1636 3917 et
1688 3865 1741 3918 in
1805 3864 1870 3916 iis
1920 3878 2040 3932 qua:
2081 3864 2341 3916 dicuntur

769 3961 957 4027 Septa,
993 3956 1222 4026 neglecti
1249 3956 1515 4024 jacerent.
1547 3961 1602 4006 ct
1631 3952 1792 4006 simul
1816 3951 2159 4005 delerrentur
2185 3952 2338 4005 multi

774 4050 827 4101 iu
871 4065 981 4100 uno
1040 4047 1267 4111 lectulo,
1325 4060 1451 4099 cum
1512 4060 1655 4112 saepe
1702 4043 1947 4112 quinque
1993 4052 2085 4096 aut
2132 4059 2224 4097 sex
2266 4044 2343 4100 ibi

770 4144 1037 4193 cadavera
1093 4139 1271 4207 posita
1326 4145 1534 4201 essent,
1584 4142 1640 4189 et
1702 4135 1947 4203 undique
2005 4137 2344 4192 calamitates

773 4230 1132 4293 confluerent,
1182 4229 1442 4297 omnique.
1479 4227 1740 4281 mtestitia
1771 4227 1901 4283 urbs
1931 4229 2078 4295 regia
2110 4228 2344 4297 comple-

777 4331 947 4373 l‘etttr.
981 4321 1158 4386 Atque
1213 4318 1539 4385 injuriarum
1575 4332 1696 4386 qua:
1740 4318 1986 4386 quotidie
2049 4318 2259 4383 tierent,
2293 4326 2346 4369 et

779 4413 1092 4479 iniquorum
1150 4408 1488 4475 judiciorum
1563 4418 1618 4461 et
1672 4409 2022 4460 vexationem
2093 4409 2346 4463 remissio

779 4505 924 4556 nulla
960 4504 1028 4554 ali
1061 4502 1129 4555 iis
1162 4504 1254 4569 qui
1302 4503 1645 4569 imperabant
1677 4501 2112 4570 excogitabatur.
2144 4499 2343 4553 Verum

778 4596 934 4661 quasi
967 4595 1118 4646 nullo
1167 4592 1595 4659 alienigenarum
1642 4592 1863 4642 munitio
1896 4590 2157 4643 Romanis
2187 4592 2351 4644 mole-

777 4693 938 4743 stiam
972 4690 1272 4742 exhibente
1325 4687 1494 4749 bello,
1531 4687 1614 4739 vel
1646 4686 1829 4738 divina
1860 4686 1959 4747 ira,
1991 4685 2072 4738 vel
2106 4684 2353 4738 homines

778 4784 1053 4849 diligente
1086 4781 1264 4847 impia
1296 4787 1351 4831 et
1377 4779 1426 4830 vi
1454 4778 1520 4830 ad
1552 4778 1754 4829 victum
1789 4778 2116 4844 pertinente,
2141 4777 2213 4829 ita
2237 4776 2353 4829 sine

778 4885 924 4926 metu
960 4871 1345 4940 perpetrabant
1376 4883 1439 4921 ea
1472 4882 1591 4937 quae
1617 4868 1742 4919 odio
1770 4867 1953 4919 divino
1983 4868 2141 4934 digna
2168 4876 2356 4920 essent

780 4972 832 5016 ct
866 4962 1169 5032 tyrannica,
1209 4967 1269 5012 et
1294 4974 1455 5012 omne
1492 4957 1838 5025 imperatoris
1870 4959 2161 5009 consilium
2190 4965 2353 5022 atque

788 5057 1103 5109 institutum
1158 5052 1226 5108 ad
1273 5051 1628 5105 offendendos
1678 5062 1729 5102 et
1783 5051 1979 5118 injuria
2041 5048 2353 5103 adiciendos

793 5146 1045 5200 subditos
1105 5151 1158 5198 et
1219 5143 1597 5211 decipiendos,
1663 5149 1716 5194 ct
1777 5142 2055 5194 venandas
2108 5142 2351 5209 ipsorum

786 5238 950 5301 vitas,
989 5246 1042 5289 et
1082 5235 1431 5289 occasionem
1464 5233 1626 5302 726
1656 5231 1949 5285 insidiandi
1981 5233 2113 5301 ipsis
2139 5244 2356 5300 captau-

787 5326 911 5380 dzun
944 5328 1303 5391 referebatur,
1336 5327 1406 5379 ita
1437 5337 1492 5377 ut
1520 5327 1683 5378 etiam
1712 5338 1885 5391 usque
1931 5323 1996 5375 ad
2047 5338 2208 5378 sacra
2234 5340 2351 5379 mo-

2434 3234 2526 3282 καὶ
2549 3230 2624 3300 τῷ
2655 3229 2926 3298 ἰαμϐίζειν
2956 3232 3048 3282 καὶ
3084 3232 3449 3295 ἀναπαίστους
3506 3234 3807 3288 συντιθέναι
3842 3253 4005 3307 προσ-

2432 3323 2569 3391 έχων
2633 3322 2916 3391 διηνεκῶς,
2975 3322 3154 3375 καίτοι
3218 3325 3338 3393 μηδ’
3378 3326 3435 3377 ἐν
3490 3326 3606 3395 χρῷ
3657 3328 3754 3394 τῆς
3813 3328 4006 3397 τέχνης

2434 3414 2795 3481 γευσάμενος,
2837 3413 2950 3466 ἀλλ’
2983 3414 3087 3465 ὑπὸ
3117 3414 3211 3466 τοῦ
3232 3405 3339 3467 τῶν
3380 3417 3678 3483 φιλοσόφων
3701 3419 3906 3470 ὑπάτου
3927 3419 4008 3481 ἐξ·

2449 3502 2811 3571 ἀπατώμενος
2844 3506 2938 3553 καὶ
2969 3503 3522 3574 άποϐουκολούμενος,
3548 3508 3636 3558 τόν
3666 3507 3865 3576 κόσμον
3894 3508 4011 3559 ὅλον

2437 3593 2759 3663 διέφθειρεν,
2793 3596 2867 3656 ὡς
2890 3595 3085 3647 είπεῖν.
3107 3595 3320 3649 Γίνεται
3359 3599 3467 3668 γάρ
3496 3598 3651 3666 λιμὸς
3685 3599 3921 3668 ἰσχυρὸς,

2440 3686 2503 3755 δὴ
2534 3687 2627 3737 καὶ
2656 3686 2840 3753 λοιμὸς
2871 3686 3226 3739 ἐπακολουθεῖ
3249 3690 3344 3740 καὶ
3370 3689 3620 3753 Θάνατος,
3638 3690 3704 3741 τὰ
3736 3690 4009 3758 σύντροφα

2439 3779 2611 3830 ταῦτα
2639 3780 2732 3830 καὶ
2763 3778 2898 3846 πρὸς
2928 3778 3148 3847 ὀλεθρον
3185 3779 3489 3849 ἀνθρώπων
3522 3781 3726 3848 ἀδελφὰ
3767 3784 3859 3833 καὶ
3882 3781 4011 3848 ὀμό-

2441 3888 2598 3939 τιμα.
2632 3870 2740 3921 Καὶ
2770 3869 3035 3937 ἔθνησκον
3054 3869 3179 3921 καθ’
3218 3871 3455 3938 ἑκάστην
3485 3871 3689 3941 συχνοὶ,
3718 3870 3856 3923 ὥστε
3879 3870 4010 3939 μηδὲ

2442 3959 2701 4011 δύνασθαι
2757 3960 2883 4020 τοὺς
2940 3958 3147 4022 ζῶντας
3180 3960 3432 4029 ἐκφέρειν
3464 3962 3587 4022 τοὺς
3627 3961 3870 4028 νεκροὺς,
3919 3978 4013 4010 και

2445 4051 2556 4112 τοῖς
2593 4048 2678 4121 [Ρ.
2898 4048 3211 4118 λεγομένοις
3246 4049 3495 4118 ἐμϐόλοις
3550 4050 3761 4103 κεῖσθαι
3810 4052 4010 4117 ἀτημες

2446 4143 2661 4212 λήτους,
2698 4143 2791 4194 καὶ
2824 4142 3064 4211 φοράδην
3097 4141 3418 4211 κομίζεσθαι
3472 4140 3720 4203 πολλοὺς,
3758 4140 4013 4199 πολλάκις

2445 4235 2501 4286 ἐν
2537 4234 2631 4302 μιᾷ
2664 4231 2819 4302 κλίνῃ
2848 4233 3011 4284 πέντε
3065 4235 3160 4284 καὶ
3204 4232 3262 4296 ἓξ
3295 4233 3591 4301 τιθεμένων
3639 4233 3869 4302 νεκρῶν,
3919 4234 4014 4284 καὶ

2453 4324 2717 4376 πάντοθεν
2746 4325 3092 4394 ἐπισυρῤέειν
3115 4327 3182 4377 τά
3216 4326 3536 4393 σκυθρωπὰ,
3564 4326 3654 4378 καὶ
3692 4325 3868 4395 πάσης
3913 4343 4012 4377 κα-

2450 4415 2676 4483 τηφείας
2714 4413 3053 4483 πληροῦσθαι
3078 4415 3175 4483 τὴν
3209 4416 3615 4483 βασιλεύουσαν.
3644 4417 3763 4471 Τῶν
3797 4420 3850 4471 δὲ
3876 4420 4011 4471 καθ-

2451 4504 2733 4574 ημερινῶν
2764 4504 3115 4573 ἀδικημάτων
3148 4508 3236 4557 καὶ
3271 4509 3376 4558 τῶν
3432 4508 3759 4575 παρανόμων
3817 4511 4015 4577 κριμάι

2452 4612 2561 4647 των
2588 4595 2683 4648 καὶ
2715 4596 3054 4665 εἰσπράξεων
3079 4598 3302 4666 οὐδεμία
3328 4616 3409 4661 τις
3436 4600 3706 4670 ἀναστολὴ
3736 4602 3847 4663 τοῖς
3879 4617 4014 4669 κρα-

2450 4684 2636 4737 τοῦσιν
2666 4688 2961 4738 ἐπενοεῖτο.
3005 4687 3144 4737 Ἀλλ’
3177 4686 3365 4755 ῶσπερ
3395 4690 3620 4757 μηδενὸς
3665 4690 3724 4741 τὸ
3755 4690 4015 4759 παράπαν

2452 4775 2791 4845 ἐνοχλοῦντος
2844 4780 2954 4837 τοῖς
2993 4776 3283 4844 Ῥωμαίοις
3336 4777 3635 4843 ἀλλοφύλου
3684 4778 3923 4848 πολέμου
3982 4780 4015 4843 ἢ

2454 4866 2602 4928 θείας
2641 4867 2808 4936 ὀργῆς
2843 4869 2871 4938 ἧ
2907 4869 3028 4929 τοὺς
3078 4867 3399 4937 ἀνθρώπους
3438 4869 3882 4940 κατατρύχούσης
3934 4873 4016 4921 ὲν-

2450 4960 2599 5021 δείας
2625 4963 2717 5010 καὶ
2754 4960 2871 5027 βίας
2906 4958 3185 5027 βιωτικῆς,
3227 4958 3399 5020 οὓτως
3432 4959 3602 5020 ἀδεῶς
3633 4960 3901 5028 ἔπραττον
3951 4962 4016 5013 τά

2452 5051 2678 5121 θεομισῆ
2710 5051 2804 5102 καὶ
2824 5053 3145 5116 τυραννικά.
3181 5051 3289 5102 Καὶ
3342 5053 3450 5102 πᾶν
3480 5051 3862 5122 προϐούλευμα
3918 5052 4015 5122 βα·-

2454 5142 2661 5195 σιλικὸν
2685 5144 2776 5194 καὶ
2803 5143 3038 5210 ἐννόημα
3068 5143 3145 5203 εἰς
3168 5142 3227 5193 τὸ
3250 5144 3375 5203 τοὺς
3417 5144 3649 5205 οἰκείους
3674 5144 3877 5196 ἀδικεῖν
3928 5147 4017 5196 καὶ

2453 5232 2913 5299 κατασοφίζεσθαι
2941 5232 3031 5284 καὶ
3068 5232 3322 5300 θηρεύειν
3350 5233 3473 5294 τοὺς
3522 5231 3667 5301 βίους
3695 5234 3803 5302 (59)
3840 5233 4017 5286 αὐτῶν

2458 5326 2551 5377 καὶ
2588 5326 2686 5395 τὴν
2707 5327 2959 5395 ἀφορμὴν
2982 5325 3081 5393 τῆς
3110 5323 3253 5393 ζωῆς
3294 5325 3625 5392 κατεγίνετο,
3653 5324 3728 5387 ὡς
3758 5327 3849 5377 καὶ
3894 5327 4017 5395 ἄχρι

2045 5499 2276 5556 JACOBI
2337 5500 2544 5556 GOARI
2582 5501 2812 5557 ΝΟΤᾸΞ.

862 5622 970 5687 (58)
1014 5620 1306 5688 Legumina
1349 5623 1579 5674 maxime
1621 5631 1673 5675 et
1704 5636 2040 5690 quaecunque
2069 5632 2347 5687 seruntur,

798 5694 1110 5757 γεννήματα
1151 5702 1339 5742 vocant
1372 5692 1763 5759 Eucltologium
1799 5705 1850 5743 ct
1877 5690 1975 5743 lus
2002 5691 2098 5746 Gr.

860 5761 971 5827 ['59)
1005 5761 1251 5813 Biovno:i
1282 5762 1439 5812 vitam
1472 5764 1652 5827 modo,
1687 5761 1780 5816 sed
1801 5772 1851 5814 et
1877 5778 2019 5829 opes,
2045 5771 2236 5830 artem,
2267 5764 2352 5831 fa-

2460 5624 2700 5689 cultaies,
2732 5623 2929 5691 quibus
2950 5622 3171 5685 vivitur,
3208 5623 3540 5677 recentiores
3566 5623 4018 5690 interpretantur,

2460 5696 2790 5765 easdemque
2826 5696 2935 5765 hic,
2985 5698 3241 5745 damnata
3273 5695 3621 5761 imperatoris
3649 5693 3896 5755 avaritia,
3939 5693 3993 5744 in

2466 5765 2634 5833 telligi
2666 5763 3015 5819 manifestum
3042 5772 3144 5817 est.
