4424 6450
345 401 445 462 Ι.ῦῖ

1758 357 2146 419 HISTORIA.

3476 332 3587 395 458

352 511 457 564 τῶν
487 506 644 560 θείων
667 496 847 569 σηκῶν
878 488 1246 555 ἑπεκταθῆναι
1277 484 1373 554 τὴν
1398 475 1709 540 πλεονεξίαν
1728 469 1916 536 αὑτοῦ,
1949 479 1995 533 Α
2026 482 2097 569 η-ιι

1837 469 1916 536 οὔ,
1949 479 1995 533 Α
2026 472 2282 521 numenta
2312 462 2432 532 ejus
2463 456 2693 513 avaritia
2735 453 3059 525 pertineret,
3092 455 3149 504 et
3177 446 3323 503 sacri
3348 445 3584 516 ipsorum

2033 559 2067 569 Α.
2260 555 2271 566 ο
2338 561 2352 569 .
2410 547 2798 569 ,,,,,;_Il-_.!l:.a
2838 547 3187 569 -..ΓΑ-..Αηιηι-

350 603 442 656 καὶ
478 598 550 651 τὰ
583 593 703 665 ἱερὰ
723 564 934 643 τούτων
962 579 1219 650 κειμήλια
1251 577 1345 628 καὶ
1370 570 1571 625 ἔπιπλα
1601 564 1917 665 ἀφελέσθαι.

428 691 582 744 Οὕτω
619 653 676 737 δὲ
708 681 817 734 τῶν
845 675 1190 747 πραγμάτων
1223 661 1627 731 διοικουμένων,
1663 656 1757 711 καὶ
1782 653 1924 707 οὓτω

354 782 465 833 τῶν
500 795 557 829 τε
580 774 737 837 ὲκτδς
766 765 989 824 καὶτῶν
1037 761 1187 823 ἐντὸς
1216 751 1659 823 λεηλατουμένων
1699 748 1793 800 καὶ
1835 759 1925 837 κε-

360 868 698 943 ραῖζομένων
720 835 731 837 ﬁ
754 856 1047 925 δυσϐουλία
1080 852 1173 906 καὶ
1218 846 1480 915 κακότητι
1666 835 1929 943 κρατούν-

358 929 483 1026 των,
515 929 564 1013 οἱ
590 960 646 1010 ὲν
674 958 740 1026 τῇ
788 948 1045 1015 Ἀνατολῇ
1092 941 1434 1013 προέχοντες,
1485 929 1834 1026 Ἀλέξανδεὲὗς
1871 943 1928 980 τε

360 1054 452 1106 καὶ
470 1021 520 1104 ’ὁ
538 1021 851 1105 Καδασνιλᾶς
879 1040 929 1092 οἱ
953 1033 1268 1101 Συναδηνοὶ,
1298 1033 1325 1084 6
1365 1026 1667 1087 Γουδέλιος,
1695 1023 1722 1075 ὁ
1756 1021 1930 1088 Στρα-

371 1139 690 1213 6ορωμανδς
718 1136 812 1189 καὶ
841 1132 887 1183 οί
908 1128 1083 1182 λοιποὶ
1119 1123 1227 1175 τῶν
1252 1113 1629 1187 συγκλητικῶν
1660 1110 1931 1213 ἀρχόντων

375 1203 467 1300 λογ
480 1203 567 1295 ὰς,
586 1230 651 1298 ἣν
682 1230 745 1279 ὲκ
779 1220 973 1278 πολλοῦ
999 1212 1334 1274 ἀποστασίαν
1364 1209 1653 1280 ὠδίνησαν,
1680 1205 1758 1267 εἰς
1776 1203 1933 1300 ἔργον

369 1291 627 1389 ἐξάγουσι
663 1317 779 1383 νῦν,
814 1315 909 1368 καὶ
939 1311 1031 1362 τὸν
1071 1300 1483 1376 κουροπαλάτην
1513 1296 1824 1367 Νικηφόρον
1845 1291 1936 1345 τὸν

370 1386 733 1475 Βοτανειὰτην
790 1398 1133 1459 συνελθόντες
1190 1392 1412 1463 βασιλέα
1473 1386 1935 1455 ἀναγορεύουσιν,

383 1474 715 1563 Ὀκτωϐρίου
769 1488 935 1558 μηνὸς
994 1482 1307 1551 ἱσταμένου,
1356 1480 1453 1545 τῆς
1499 1476 1721 1546 πρώτης
1756 1474 1937 1563 ἐπινε-

374 1561 613 1658 μήσεωςξ
645 1584 821 1649 Ὅπερ
841 1580 919 1643 εἰς
952 1570 1064 1629 ὦτα
1091 1574 1167 1641 τῷ
1194 1571 1403 1639 βασιλεῖ
1429 1568 1591 1620 πεσὸν
1616 1566 1675 1617 ού
1706 1561 1940 1633 μετρίως

371 1652 533 1731 αὐτὸν
571 1667 884 1742 διετάραξεν
914 1682 927 1695 ·
952 1663 1021 1736 ἦν
1060 1664 1168 1732 γὰρ
1222 1663 1317 1715 καὶ
1351 1658 1454 1711 ὑπὸ
1507 1654 1714 1709 πολλῶν
1755 1652 1941 1721 προλε-

374 1770 608 1837 γόμενον
638 1765 712 1824 ὠς
739 1761 895 1813 ἔσται
930 1755 1060 1809 ποτὲ
1089 1757 1176 1808 ὅτε
1209 1750 1570 1823 ύπερτερήσει
1592 1746 1651 1799 τὸ
1681 1746 1728 1799 Ν
1748 1742 1840 1797 τοῦ
1860 1743 1935 1797 Μ.

2030 555 2275 612 thesauri
2304 561 2358 608 et
2395 547 2802 622 suppellectilia
2837 547 3207 598 anferrentur.

2097 648 2233 702 Cum
2285 659 2416 699 vero
2471 645 2545 695 ita
2603 654 2692 695 res
2733 635 3268 698 administrarentur,
3308 631 3489 700 itaque
3537 639 3592 684 et

2029 742 2241 795 interna
2295 745 2349 790 et
2402 740 2626 789 externa
2685 728 2895 800 rapinis
2947 740 3010 780 ac
3059 724 3238 795 praeda
3282 723 3595 777 laborarent

2028 832 2263 902 pessimo
2295 824 2526 881 consilio
2548 831 2602 877 et
2634 822 2844 892 ignavia
2878 816 3292 887 imperantium,
3320 814 3597 883 principes

2033 901 2088 977 in
2129 921 2352 975 Oriente
2373 912 2684 971 Alexander
2706 921 2760 966 et
2779 909 3063 965 Cabasilas
3089 903 3385 977 Synadeni.
3419 901 3593 958 Gude-

2034 1016 2160 1078 Iius,
2231 1009 2697 1064 Strahoromanus
2757 1010 2811 1055 et
2858 1000 3050 1069 reliqui
3098 998 3357 1052 senatorii
3391 996 3595 1051 ordinis

2035 1102 2309 1174 principes
2348 1097 2567 1161 delecti,
2601 1107 2765 1164 quam
2815 1091 3021 1160 pridem
3082 1089 3433 1145 rebellionem
3472 1102 3603 1140 con-

2036 1202 2292 1264 ceperant
2328 1191 2392 1243 ad
2434 1204 2571 1258 opus
2605 1186 2955 1257 perducunt;
2994 1189 3048 1235 et
3090 1181 3458 1249 curepalatem
3504 1177 3601 1233 Ni-

2039 1286 2334 1355 cephorum
2398 1280 2733 1333 Botaniatem
2779 1274 3166 1331 convenientes
3216 1274 3596 1342 imperatorem

2040 1379 2341 1439 declarant,
2374 1371 2595 1428 Octobri
2638 1383 2845 1434 mense,
2879 1365 3175 1422 indictione
3214 1364 3408 1433 prima.
3446 1363 3597 1429 Quod

2042 1487 2164 1525 cum
2200 1470 2264 1523 ad
2297 1466 2645 1539 imperatoris
2669 1476 2830 1517 aures
2853 1461 3171 1524 accidisset,
3218 1457 3361 1511 haud
3397 1456 3599 1510 medio-

2042 1565 2207 1618 criter
2246 1564 2422 1631 ipsum
2454 1556 2792 1629 perturbavit
2825 1571 2839 1620 ;
2875 1562 2989 1609 erat
3012 1554 3155 1607 enim
3189 1566 3218 1604 a
3254 1551 3441 1604 multis
3471 1563 3600 1617 quin.

2042 1668 2147 1723 que
2190 1651 2506 1721 przcdictum
2554 1646 2670 1700 fore
2713 1653 2771 1698 ut
2812 1644 2941 1698 olim
3003 1642 3045 1696 N
3099 1652 3381 1710 superaret
3428 1637 3499 1692 Μ.
3540 1638 3602 1690 Et

2045 1743 2227 1799 statim
2255 1740 2449 1794 Turcis
2482 1748 2736 1806 tanquam
2764 1733 3010 1805 cognatis
3036 1739 3092 1787 et
3122 1730 3446 1801 propinquis
3467 1733 3604 1783 scri-

374 1822 488 1911 ίιοῖι
518 1822 716 1909 αὐτίκα
752 1855 861 1913 τοῖς
878 1848 1142 1919 Τούρκοις
1181 1846 1255 1908 ὡς
1303 1822 1525 1901 οἰκείοις
1559 1838 1653 1891 καὶ
1702 1836 1943 1907 γνησίοις
1976 1824 2017 1878 Β
2051 1850 2114 1907 ps

1860 1838 1943 1896 οις
1976 1824 2017 1878 Β
2051 1833 2182 1907 psit,
2225 1833 2488 1903 pollicens
2517 1832 2658 1884 dona
2694 1845 2750 1882 se
2802 1829 3082 1888 daturum,
3123 1824 3171 1879 si
3225 1824 3379 1876 illum
3431 1822 3607 1875 solum

377 1941 638 2011 ἔγραψεν,
664 1937 1090 2007 ὑπισχνούμενος
1125 1934 1220 1987 καὶ
1266 1931 1416 2001 δῶρα
1455 1929 1658 1990 δοῦναι,
1694 1926 1742 1978 εί
1790 1923 1950 1994 μόνον

386 2032 739 2094 συλλαϐόντες
792 2031 953 2082 αὐτόν
1010 2045 1069 2080 τε
1123 2027 1218 2079 καὶ
1263 2024 1390 2085 τοὺς
1435 2022 1564 2092 περὶ
1609 2019 1771 2072 αὐτὸν
1816 2017 1951 2086 πρὸς

380 2126 540 2177 αὐτὸν
580 2120 1074 2185 ἐξαποστέλλουσιν.
1115 2114 1221 2169 Ἤν
1255 2116 1309 2168 δὲ
1364 2116 1390 2166 ὁ
1442 2112 1795 2181 Βοτανειάτης
1841 2108 1951 2163 τῶν

383 2212 742 2283 εὐπατριδῶν,
771 2213 833 2264 ὲκ
861 2211 956 2263 τοῦ
995 2210 1157 2261 Φωκᾶ
1187 2208 1245 2260 τὸ
1275 2208 1429 2274 γένος
1469 2204 1818 2266 πολυπλόκως
1853 2203 1951 2271 μὲν

386 2303 498 2354 ἀλλ’
519 2303 666 2372 ὅμως
694 2301 969 2365 κατάγων,
1031 2299 1124 2350 καὶ
1161 2297 1270 2348 τῶν
1306 2294 1665 2364 περιωνύμων
1716 2290 1950 2354 Φαϐίων,

388 2394 435 2447 οἳ
467 2394 527 2445 τὸ
554 2391 710 2459 γένος
740 2393 803 2442 ὲκ
833 2390 929 2457 τῆς
962 2387 1240 2458 περιδόεου
1277 2388 1369 2438 καὶ
1415 2382 1789 2451 πρεσϐυτέρας
1823 2379 1953 2432 Ῥώ-

393 2503 498 2554 μης
523 2484 779 2552 κατῆγον,
814 2481 956 2533 καθὰ
988 2481 1021 2546 ἡ
1070 2475 1335 2529 ἀνέκαθεν
1396 2474 1694 2544 παράδοσις
1768 2473 1955 2539 κρατεῖ

392 2568 524 2637 περὶ
549 2567 749 2621 αὐτῶν.
777 2564 818 2616 Τ
826 2565 979 2633 ρίτην
1009 2562 1064 2613 δὲ
1094 2560 1317 2628 ἄγοντος
1348 2560 1440 2611 τοῦ
1479 2557 1805 2627 Ὀκτωῦρίου
1850 2574 1955 2624 μη-

395 2657 504 2719 νὸς,
544 2654 826 2724 μέλλοντος
862 2651 961 2721 ἤδη
992 2650 1088 2721 τὴν
1122 2648 1405 2718 βασιλικὴν
1432 2646 1705 2717 πήξασθαι
1730 2646 1952 2715 σκηνὴν,

396 2748 512 2814 φῶς
580 2744 775 2812 ἀθρόον
828 2743 958 2809 περὶ
987 2742 1076 2792 τὸν
1116 2741 1253 2808 ἀέρα
1284 2740 1508 2806 διεφάνη
1545 2739 1672 2806 περὶ
1738 2737 1958 2805 πρώτας

396 2837 590 2899 νυκτὸς
603 2834 844 2903 φυλακὰς
868 2832 1028 2901 μέχρι
1047 2831 1384 2899 Χαλκηδόνος
1416 2831 1509 2883 καὶ
1538 2828 1958 2897 Χρυσουπόλεως

400 2930 493 2978 καὶ
541 2926 650 2976 τῶν
682 2926 740 2975 ὲν
784 2922 1118 2990 Βλαχέρναις
1174 2921 1485 2990 ἀνακτόρων
1524 2937 1536 2950 ·
1571 2920 1598 2969 ὃ
1646 2920 1737 2970 καὶ
1776 2919 1961 2978 οἰωνὸς

402 3017 566 3069 πᾶσιν
592 3014 793 3083 ἀγαθὸς
818 3011 1014 3077 ἔδοξεν,
1050 3012 1125 3072 ὼς
1160 3013 1251 3063 καὶ
1275 3008 1645 3079 ὲπιιροιὸάζειν
1671 3006 1823 3071 τινὰς
1857 3008 1963 3061 ἀπὸ

400 3106 622 3173 λάμπης
651 3100 950 3170 λαμπτῆρα
990 3103 1280 3169 φωσφόρον
1306 3098 1644 3166 ἐπιδημῆσαι
1672 3101 1785 3160 τοῖς
1812 3098 1965 3166 βασι-

401 3195 586 3254 θείοις.
648 3188 983 3260 Ωρμημένου
1008 3190 1062 3242 δὲ
1098 3190 1194 3258 ἢδη
1230 3189 1364 3258 πρὸς
1401 3188 1459 3239 τὸ
1489 3188 1800 3251 Βυζάντιον,
1830 3189 1968 3240 ἀπο-

404 3281 633 3350 στατικὴ
698 3282 859 3351 έτέρα
913 3282 1166 3334 κακόνοια
1220 3282 1316 3347 τὴν
1372 3279 1521 3331 δύσιν
1558 3279 1967 3350 περιεκλόνησε.

405 3374 720 3442 Νικηφόρος
750 3375 856 3441 γὰρ
902 3374 1157 3441 πρόεδρος
1188 3374 1214 3423 ὁ
1261 3372 1545 3441 Βρυέννιος
1577 3374 1676 3442 τὴν
1704 3371 1797 3423 τοῦ
1840 3374 1975 3442 Δυρο

407 3463 598 3531 ῥαχίου
640 3462 897 3530 δουκικὴν
931 3461 1132 3513 διέπων
1162 3460 1335 3531 ἀρχὴν
1370 3460 1456 3532 [Ρ.
1494 3460 1622 3531 858]
1654 3464 1746 3515 καὶ
1774 3461 1974 3531 ταύτης

406 3552 741 3617 κπαραλυθεὶς
768 3551 1031 3618 βασιλέως
1061 3551 1241 3619 ἑαυτῷ
1289 3550 1613 3619 περιέθηκεν
1650 3551 1840 3618 ὄνομα,
1882 3553 1976 3604 καὶ

407 3643 521 3701 τοῖς
553 3642 729 3693 ἐκεῖσε
766 3639 1126 3708 στρατιώταις
1152 3639 1368 3699 ὀπαδοῖς
1395 3641 1486 3690 καὶ
1533 3642 1812 3709 συνεργοῖς
1838 3656 1973 3709 χρη-

412 3733 648 3801 σάμενος
711 3730 877 3795 ἔξεισι
929 3732 1027 3801 μὲν
1075 3732 1317 3796 ἐκεῖθεν,
1376 3728 1654 3799 ἐπείγεται
1713 3730 1769 3784 δὲ
1842 3730 1976 3801 πρὸς

424 3821 879 3894 Ἀδριανούπολιν.
929 3822 986 3875 Ὀ
1014 3822 1123 3892 γὰρ
1155 3821 1489 3891 αὐτάδελφος
1512 3820 1675 3874 αὐτοῦ
1706 3822 1855 3885 τινὰς
1871 3822 1978 3877 τῶν

425 3915 729 3982 Ἐσπερίων
765 3913 1047 3982 δυνάμεων
1094 3915 1173 3974 είς
1208 3912 1306 3979 τὴν
1340 3912 1803 3983 προσδοκωμένην
1862 3914 1981 3966 sm-

410 3996 611 4074 ϐουλὴν
642 4004 1003 4072 καταρτύσας,
1036 4006 1175 4070 μετὰ
1209 4002 1510 4071 Βαράγγων
1564 4006 1656 4054 καὶ
1713 4005 1977 4073 Φρὰγγων

410 4096 653 4165 πλήθους
686 4093 878 4146 πολλοῦ
902 4093 979 4163 τῷ
1006 4093 1217 4162 ἀδελφῷ
1259 4094 1547 4147 συνθέσθαι
1574 4098 1973 4163 παρεσκεύασε.

411 4190 519 4241 Σὺν
548 4187 700 4256 αὐτῷ
733 4187 790 4239 δὲ
836 4187 929 4238 καὶ
957 4188 1047 4239 τὸν
1081 4186 1368 4240 κατεπάνω
1407 4189 1505 4257 τῆς
1535 4189 1707 4257 αὐτῆς
1773 4190 1979 4253 πόλεως

412 4278 683 4344 συγγενέα
723 4275 912 4328 τούτου
944 4275 1297 4345 τυγχάνοντα,
1332 4278 1426 4330 καὶ
1469 4277 1572 4347 πρὸ
1619 4278 1711 4329 τοῦ
1744 4278 1978 4331 καταλα-

402 4372 529 4422 ϐεῖν
560 4370 618 4422 δὲ
643 4372 722 4432 είς
761 4369 1195 4439 Ἀδριανούπολιν
1234 4370 1332 4438 τὴν
1371 4369 1643 4437 εὐφημίαν
1676 4370 1839 4422 αὑτοῦ
1884 4371 1976 4423 καὶ

2054 1924 2531 1994 comprehensum,
2571 1932 2624 1973 et
2660 1918 2898 1987 quicum
2938 1918 3055 1984 ipso
3079 1922 3264 1970 essent
3292 1912 3359 1965 ad
3394 1926 3454 1966 se
3480 1912 3608 1965 mit-

2056 2024 2186 2070 tant.
2228 2014 2557 2067 Eratautem
2601 2010 2916 2065 Botaniates
2952 2023 3014 2061 ex
3059 2007 3337 2061 nobilibus
3368 2020 3398 2058 a
3430 2003 3609 2059 Phoca

2054 2107 2338 2169 oriundus,
2373 2103 2541 2158 variis
2568 2104 2783 2171 quidem
2842 2101 3035 2164 modis,
3071 2109 3250 2152 tamen
3281 2098 3348 2150 al)
3382 2097 3612 2151 illustri-

2055 2199 2155 2251 bus
2186 2196 2366 2249 Fabiis
2401 2210 2569 2262 genus
2600 2194 2823 2253 (lucens,
2859 2190 2951 2259 qui
2981 2206 3043 2245 ex
3080 2189 3276 2245 illustri
3310 2198 3361 2243 et
3388 2188 3613 2257 antiqua

2059 2289 2228 2341 Iloma
2261 2287 2522 2354 originem
2564 2285 2853 2347 ducebant,
2886 2281 3338 2351 quemadmodum
3389 2283 3614 2351 antiqua

2058 2381 2125 2434 dc
2158 2379 2290 2447 ipsis
2319 2377 2553 2431 traditur
2581 2376 2741 2429 fama.
2798 2374 2977 2429 Tertia
3011 2388 3136 2427 vero
3169 2371 3419 2427 Octobris
3459 2386 3617 2425 men-

2060 2473 2136 2527 sis
2169 2471 2277 2534 die,
2299 2484 2420 2524 cum
2451 2469 2561 2537 jam
2597 2467 2863 2536 figendum
2892 2474 3035 2520 esset
3064 2464 3413 2535 imperatoris
3434 2465 3620 2519 taber-

2059 2563 2336 2625 naculum,
2384 2561 2613 2613 dcnsmn
2662 2560 2841 2612 Iumcu
2878 2558 2931 2610 in
2964 2571 3087 2611 aere
3126 2558 3375 2625 apparuit
3402 2554 3620 2609 circiter

2062 2656 2293 2721 primam
2336 2653 2513 2704 noctis
2573 2650 2830 2717 vigiliam,
2892 2663 3064 2716 usque
3109 2647 3175 2700 ad
3223 2646 3619 2701 Chalcedonem

2063 2742 2221 2811 727
2246 2751 2295 2794 οι
2315 2740 2690 2810 Chrysopolim
2714 2747 2767 2791 et
2798 2737 2941 2807 regia
2972 2737 3167 2807 palatia
3196 2736 3249 2789 in
3271 2734 3622 2790 Blachemis:

2062 2834 2206 2901 quod
2234 2831 2498 2900 optimum
2530 2829 2782 2883 omnibus
2810 2830 2985 2881 visum
3013 2835 3097 2882 est
3124 2826 3433 2895 augurium,
3464 2826 3538 2878 ita
3566 2831 3625 2877 ut

2063 2924 2489 2977 vaticinarentur
2523 2921 2745 2990 quidam
2785 2934 2813 2973 a
2839 2919 3127 2988 Splendore
3168 2915 3404 2972 Luciferi
3451 2915 3621 2970 facem

2064 3016 2130 3068 ad
2153 3015 2353 3084 regiam
2371 3013 2685 3068 accessisse.
2703 3012 2836 3065 Cum
2869 3020 3046 3063 autem
3072 3008 3386 3079 Byzantium
3408 3006 3630 3077 proﬁci-

2074 3113 2337 3166 sceretur,
2400 3105 2567 3157 altera
2632 3102 2875 3172 quaedam
2928 3099 3067 3154 male
3118 3100 3351 3171 cogitata
3406 3098 3628 3153 rebellio

2072 3196 2422 3251 Occidentem
2474 3193 2785 3263 exagitavit.
2820 3191 3163 3261 Nicephorus
3223 3190 3368 3245 enim
3423 3188 3630 3259 Bryen-

2073 3285 2196 3339 nius
2224 3297 2424 3353 praeses
2456 3280 2843 3335 administrans
2872 3278 3155 3349 Dyrrachii
3188 3278 3468 3337 ducatum.
3516 3280 3634 3346 ipso

2074 3375 2381 3437 abdicatus,
2410 3373 2516 3427 sibi
2560 3371 2903 3440 imperatoris
2961 3384 3159 3423 nomen
3210 3368 3524 3422 vindicavit.
3565 3368 3632 3424 Et

2076 3467 2339 3522 militibus
2379 3464 2473 3537 qui
2531 3463 2604 3518 ibi
2634 3470 2808 3527 erant,
2858 3461 3121 3515 minisuis
3167 3468 3329 3528 atque
3372 3459 3634 3528 adjutori-

2075 3560 2177 3613 bus
2206 3573 2361 3623 usus,
2398 3557 2528 3611 inde
2566 3555 2862 3625 egreditur,
2899 3561 2954 3607 et
2992 3552 3058 3606 ad
3097 3551 3505 3621 Adrianopolim
3554 3551 3634 3605 fe-

2077 3651 2359 3715 stinabat;
2432 3662 2555 3702 nam
2612 3660 2902 3715 germanus
2955 3643 3074 3713 ejus
3125 3643 3290 3697 frater
3342 3643 3635 3697 instructas

2079 3740 2336 3812 quasdam
2360 3740 2667 3794 Occidentis
2698 3739 2883 3806 copias
2913 3736 2978 3790 ad
3004 3743 3248 3804 speratas
3272 3733 3495 3788 insidias
3512 3749 3634 3787 cum

2078 3829 2446 3900 Barangorum
2471 3837 2522 3885 et
2558 3827 2894 3883 Francorum
2926 3824 3070 3877 haud
3096 3823 3353 3877 mediocri
3389 3822 3636 3877 multitu-

2081 3922 2206 3976 dine
2236 3921 2480 3983 adduxit,
2507 3928 2565 3973 ut
2587 3933 2711 3972 cum
2744 3917 2913 3971 fratre
2940 3912 3337 3986 conspirarent,
3370 3919 3423 3965 et
3450 3927 3634 3965 secum

2079 4012 2326 4081 ejusdem
2388 4025 2604 4081 quoque
2672 4009 2823 4063 urbis
2890 4007 3254 4079 prrefectum,
3313 4003 3638 4076 cognatione

2078 4106 2430 4172 conjunctum
2467 4122 2481 4166 ;
2513 4113 2569 4156 et
2603 4111 2892 4170 antequam
2935 4098 3003 4154 ad
3052 4098 3459 4167 Adrianopolim
3514 4114 3638 4167 per-

2078 4195 2309 4259 veniret,
2356 4195 2685 4247 celebratum
2717 4201 2772 4245 et
2820 4192 3156 4245 declaratum
3190 4193 3366 4261 ipsum
3408 4191 3641 4261 impera-

2081 4290 2252 4335 torem
2309 4283 2461 4350 prius
2506 4281 2740 4347 scripsit.
2798 4279 3099 4349 imperator
3147 4295 3273 4335 vero
3318 4281 3537 4335 mollius
3578 4296 3642 4335 ac

2080 4374 2297 4443 segnius
2346 4377 2502 4427 rebus
2562 4373 2813 4441 gerendis
2878 4374 3115 4426 intentus
3166 4371 3295 4440 (nisi
3346 4372 3489 4425 enim
3540 4372 3643 4426 hoc

413 4462 516 4529 τὴν
541 4462 847 4531 ἀνάρρησιν
884 4461 978 4529 τῆς
1019 4460 1290 4527 βασιλείας
1322 4458 1771 4527 προδιεγράψατο.
1812 4459 1869 4511 'O
1922 4461 1978 4513 δὲ
2013 4476 2055 4529 ί)
2085 4464 2159 4517 fui

1922 4461 1978 4513 δὲ
2013 4464 2300 4529 [)fuissct,
2358 4464 2514 4517 facile
2566 4466 2742 4532 ipsum
2820 4463 3145 4533 Brycmn’um
3191 4463 3536 4531 debellasset)
3589 4473 3644 4518 et

413 4552 673 4620 βασιλεὺς
706 4552 1088 4621 μαλακώτερον
1118 4551 1249 4620 πρὸς
1277 4549 1345 4602 τὰ
1379 4550 1675 4619 πράγματα
1702 4552 1982 4621 διακείμε-

411 4662 503 4706 νος
527 4660 540 4672 ·
577 4646 628 4695 εί
663 4644 737 4712 μὴ
770 4644 878 4712 γὰρ
898 4638 964 4711 ἦν
995 4640 1175 4705 τοῦτο,
1221 4641 1454 4704 εὐκόλως
1487 4642 1552 4693 ἂν
1588 4642 1677 4694 τὸν
1696 4643 1982 4712 Βρυέννιον

411 4733 860 4803 κατηγωνίσατο,
892 4733 1117 4803 στρατόν
1151 4749 1208 4785 τε
1242 4733 1527 4786 ίδιαὶτατον
1556 4734 1716 4803 ἔχων,
1754 4734 1844 4798 οὓς
1870 4737 1985 4789 ὀνο-

422 4825 698 4893 μάζουσιν
731 4824 1027 4886 ἀθανάτους
1054 4823 1190 4895 (40),
1251 4827 1344 4877 καὶ
1396 4825 1581 4893 ἕτερον
1632 4832 1731 4879 οὐκ
1785 4828 1981 4898 ἀγεννῆ

410 4918 519 4965 ἀπὸ
548 4915 862 4979 συγκλύδων
891 4916 1096 4982 ἀνδρῶν
1142 4914 1517 4984 συγκείμενον.
1570 4917 1680 4969 Καὶ
1707 4917 1794 4970 διὰ
1845 4918 1977 4971 πάν-

408 5022 519 5057 των
551 5004 793 5073 εὐχερῶς
818 5000 961 5073 εἶχεν
990 5003 1265 5056 ἐπιθέσθαι
1308 5007 1417 5066 τοῖς
1448 5008 1505 5057 έν
1550 5006 1981 5075 ’Λόριανουπόλει

413 5094 519 5161 μὲν
551 5094 841 5163 πρότερον,
866 5089 983 5145 εἶτα
1005 5092 1061 5147 δὲ
1089 5093 1182 5145 καὶ
1202 5093 1278 5162 τῷ
1309 5094 1580 5163 Βρυεννίῳ
1600 5097 1769 5166 αύτῷ.
1823 5096 1980 5161 Ἀλλ’,

410 5187 487 5247 ὡς
519 5187 762 5254 εἴρηται,
791 5184 1176 5254 ῥᾳθυμοτέρως
1204 5184 1340 5253 ἔχων
1366 5185 1568 5237 ἐκεῖνόν
1604 5202 1662 5237 τε
1694 5186 1873 5255 ὕψωσε
1899 5190 1989 5240 καὶ

410 5276 476 5326 ἐκ
521 5274 731 5345 μικροῦ
761 5276 936 5345 μέγαν
990 5274 1234 5343 ἐποίησε,
1267 5280 1353 5327 καὶ
1381 5277 1507 5327 έαυτ
1527 5279 1551 5344 ξ)
1581 5279 1822 5348 παρέσχε
1845 5279 1984 5348 πρά·

2087 4557 2362 4623 proprium
2394 4555 2695 4608 exercitum
2732 4554 2938 4607 habens
2968 4568 3156 4606 eorum
3189 4568 3326 4621 quos
3355 4555 3644 4608 nominant

2086 4644 2441 4706 immortales,
2471 4657 2523 4698 et
2546 4646 2774 4699 alterum
2799 4644 2945 4697 haud
2990 4644 3280 4713 ignobilem
3308 4660 3338 4699 e
3394 4645 3643 4700 collecti-

2084 4734 2184 4789 ciis
2232 4734 2365 4787 viris
2410 4746 2679 4797 coactum,
2718 4734 2874 4788 facile
2914 4738 3181 4802 potuisset
3229 4749 3353 4789 cum
3391 4736 3646 4793 omnibus

2076 4827 2201 4880 suis
2249 4826 2400 4894 prius
2445 4840 2540 4881 eos
2602 4826 2860 4880 invadere
2916 4826 3009 4895 qui
3060 4834 3216 4880 erant
3266 4827 3645 4897 AdrianOpuli,

2082 4916 2283 4971 deinde
2327 4917 2488 4971 etiam
2519 4916 2849 4986 Bryennium
2882 4916 3323 4987 ipsum.Verum,
3356 4927 3415 4972 ut
3442 4919 3645 4973 dictum

2088 5014 2193 5071 est,
2234 5008 2537 5077 segniorem
2582 5022 2641 5063 se
2683 5008 2926 5078 praebens
2972 5018 3022 5060 et
3049 5007 3199 5060 illum
3256 5009 3451 5062 extulit
3482 5019 3535 5062 et
3581 5025 3645 5062 ex

2090 5112 2260 5167 parvo
2291 5112 2541 5166 magnum
2576 5098 2724 5160 fecit,
2759 5105 2813 5151 ct
2836 5097 2938 5151 sibi
2968 5098 3186 5167 negotia
3239 5100 3513 5153 conﬂavit.
3551 5096 3646 5153 Ni-

2096 5188 2364 5257 cephorus
2397 5188 2539 5241 enim
2591 5201 2791 5255 prwses
2830 5186 3010 5257 regius
3041 5195 3094 5241 et
3120 5201 3404 5242 successor
3446 5188 3648 5242 missus

2092 5274 2495 5332 Thessalonicae
2555 5292 2677 5331 cum
2722 5279 2843 5347 ipso
2898 5292 3249 5349 congressus,
3297 5279 3344 5335 si
3394 5280 3650 5334 decenter

1648 5450 1885 5506 JACOBI
1914 5451 2124 5509 GOARI
2169 5453 2390 5508 ΝΟΤιΕ.

480 5587 598 5658 (40)
627 5582 705 5639 Ut
733 5600 822 5658 es
855 5583 1094 5653 antiquis
1145 5584 1593 5658 legionibus_haec
1619 5585 1846 5648 Victrix.
1890 5588 1978 5641 illa

409 5654 526 5717 Pia,
573 5659 684 5708 alia
728 5654 1105 5719 Fulminatrix,
1138 5658 1242 5707 alia
1281 5658 1404 5708 item
1432 5655 1601 5719 Felix,
1628 5661 1708 5710 vel
1739 5657 1847 5709 τῶν
1886 5675 1980 5724 με-

407 5727 705 5796 γαθύμων,
740 5740 804 5776 ex
837 5726 1014 5792 aliquo
1062 5728 1170 5793 jam
1200 5728 1473 5793 pra-terim
1504 5737 1720 5792 eventu,
1772 5726 1839 5780 de
1869 5744 1977 5797 quo

748 5818 1012 5877 Ρλτιιυι..
1062 5825 1175 5878 tLu.
1209 5818 1447 5880 CXXII.

2090 5588 2302 5658 Imperii
2335 5587 2556 5654 Neritia,
2626 5592 2928 5657 dicebatur,
2975 5593 3088 5647 haec
3128 5604 3444 5648 senescente
3482 5602 3529 5645 et
3581 5594 3650 5647 ad

2088 5659 2288 5731 lethum
2310 5659 2420 5713 fere
2445 5671 2696 5730 vergente
2715 5665 2937 5731 imperio
2963 5664 3418 5717 immortalitatem
3442 5665 3491 5715 in
3520 5679 3639 5731 pra:-

2088 5729 2173 5784 his
2208 5743 2339 5783 Vane
2363 5729 2581 5785 sibimet
2612 5729 2905 5786 ominatur.

3195 5828 3264 5887 15
