4424 6450
770 368 881 433 ἁῖιὶ)

2036 364 2168 422 JIJA
2182 364 2275 422 NN
2292 365 2361 423 IS
2388 365 2759 429 SCYLlTZ/E

3910 381 4013 445 460

778 489 943 543 rebus
974 486 1138 557 728
1166 498 1296 540 usus
1327 488 1491 547 esset,
1552 479 1707 537 facile
1759 480 1932 550 ipsum
1966 480 2019 534 in
2075 480 2341 551 principio
2375 493 2418 549 Α
2448 499 2525 554 γμ

2269 482 2341 548 iit)
2375 493 2418 549 Α
2448 499 2653 554 γματα.
2705 483 2813 535 Καὶ
2870 484 3175 555 Νικηφόρος
3217 488 3322 557 γάρ
3358 490 3617 562 πρόεδρος
3655 495 3683 548 6
3742 493 4016 565 βασιλικὸς

777 580 1101 634 defectionis
1138 573 1469 628 debellasset
1505 591 1516 626 :
1555 586 1680 625 cum
1704 585 1849 625 vero
1878 570 1944 624 ad
2002 569 2345 639 TrajanOpo-

779 676 870 728 lim
929 668 1286 740 pervenisset,
1322 666 1393 719 ibi
1425 680 1546 718 cum
1583 664 1753 718 fratre
1784 664 2001 719 Joanne
2018 673 2070 718 et
2098 662 2343 726 Francis,

779 764 870 831 qtti
908 759 1257 826 Atlrianopnli
1310 764 1487 816 erant,
1536 764 1588 807 et
1618 753 2010 809 Macedonibus
2038 765 2091 809 et
2136 755 2347 822 reliquo

778 853 1019 906 rxert'ittl
1077 864 1258 904 secum
1318 847 1666 914 conspirante
1721 860 2051 915 congressus
2104 856 2203 899 est.
2245 845 2346 899 Ubi

777 948 941 1001 etiam
977 943 1121 1012 regia
1148 940 1393 993 induitur
1440 938 1700 1008 insignia,
1730 938 2095 1006 omnibusque
2136 936 2349 1005 jureju-

781 1040 950 1092 rando
980 1045 1030 1089 et
1074 1032 1322 1086 horribili
1377 1030 1581 1085 laedere
1622 1028 1957 1083 contirmatis
1993 1030 2064 1081 ita
2102 1028 2347 1082 celebra-

781 1145 867 1182 tttr
928 1124 1179 1179 laudibus
1205 1122 1411 1187 multis,
1470 1121 1747 1189 multoque
1799 1120 2063 1173 satellitio
2114 1121 2349 1188 stipatus

782 1217 1124 1288 imperatoris
1154 1213 1316 1268 modo
1348 1229 1405 1268 se
1430 1213 1586 1283 gerit,
1620 1220 1673 1265 et
1712 1210 2127 1280 AdrianOpolim
2180 1210 2349 1262 multo

780 1326 903 1362 rum
934 1309 1138 1360 ltonore
1180 1321 1240 1360 se
1276 1305 1476 1372 recopit
1508 1312 1561 1355 et
1604 1302 1974 1366 observantia,
2020 1301 2233 1354 obviam
2273 1300 2349 1354 illi

782 1396 1181 1466 prodeuntibus
1228 1395 1341 1448 suis
1372 1393 1621 1446 tribubus
1647 1408 1710 1445 eo
1737 1392 1881 1460 quod
1913 1391 2089 1460 ipsum
2122 1406 2185 1445 ex
2228 1392 2347 1443 ani-

782 1505 869 1541 mo
894 1491 1132 1541 colerent
1162 1493 1212 1538 et
1240 1484 1613 1537 observarent.
1644 1481 1909 1552 Egressus
1939 1491 2117 1535 autem
2162 1492 2349 1533 contra

784 1580 1048 1648 quosdam
1087 1574 1341 1645 Bryennii
1385 1588 1581 1643 prteses
1613 1573 2003 1626 Constantinus
2034 1571 2348 1625 Theodoro-

778 1687 950 1724 ramts
1002 1670 1215 1738 capitur
1244 1674 1298 1720 ct
1347 1665 1411 1717 ad
1456 1665 1628 1733 ipsum
1683 1662 1931 1731 captivus
1984 1662 2223 1725 ducitur,
2268 1660 2350 1713 vir

780 1763 963 1815 clarus
1001 1769 1054 1813 et
1088 1772 1285 1827 genere
1336 1754 1732 1818 nubilissittttts,
1785 1753 2016 1822 vitaeque
2060 1752 2350 1818 Splendore

2450 574 2689 642 διάδοχος
2730 575 2877 643 αὐτῷ
2912 576 3123 639 σταλεὶς
3165 580 3219 629 ἐν
3259 578 3629 655 Θεσσαλονίκῃ
3680 588 4016 654 συναντήσας

2453 665 2620 734 αὐτῷ,
2657 665 2771 731 εἴγε
2796 665 2984 730 δεξιῶς
3027 669 3297 738 ἐχρήσατο
3332 675 3443 734 τοῖς
3480 673 3820 743 πράγμασιν,
3859 677 4017 730 e526-

2450 758 2555 820 λως
2586 758 2651 811 ἂν
2685 758 2845 809 αὐτὸν
2879 760 2936 809 ἐν
2966 760 3106 829 ἀρχῇ
3162 761 3259 829 τῆς
3309 761 3645 827 ἁποστασίας
3714 767 4019 836 κατηγωνί-

2455 864 2603 902 σατο.
2629 846 3046 900 Καταλαόὼνδέ
3086 850 3165 911 εἰς
3222 851 3675 920 Τραϊανοὺπολιν,
3718 858 3895 909 ἐκεῖσε
3937 858 4016 920 τῷ

2449 955 2508 990 τε
2540 937 2752 1009 ἀδελφῷ
2793 937 3009 1011 Ἰωάννῃ
3046 942 3139 992 καὶ
3186 944 3294 1004 τοῖς
3326 942 3381 993 ἐν
3425 943 3857 1012 Ἀδριανουπόλει
3888 913 4015 1001 συνί-

2452 1030 2651 1099 ήντησε
2683 1030 2951 1098 Φράγγοις
2974 1046 3034 1081 τε
3090 1032 3185 1082 καὶ
3215 1033 3492 1087 Μακεδόσι
3518 1036 3609 1088 καὶ
3634 1036 3711 1104 τῷ
3744 1037 3915 1108 λοιπῷ
3944 1039 4012 1092 τά

2451 1120 2614 1173 αὐτοῦ
2641 1120 2925 1189 φρονοῦντι
2961 1122 3351 1191 στρατεύματι,
3377 1125 3503 1179 ἔνθα
3531 1128 3622 1179 καὶ
3651 1128 3717 1180 τά
3764 1128 4016 1196 βασιλικά

2452 1211 2754 1279 παράσημα
2824 1211 3234 1281 περιϐάλλεται.
3313 1215 3876 1289 Κατασφαλισάμενός
3956 1237 4014 1272 τε

2451 1304 2627 1356 πάντα
2668 1303 2853 1373 ὅρκοις
2909 1302 3001 1355 καὶ
3061 1304 3361 1373 συνθήκαις
3415 1310 3690 1376 φρικταῖς,
3740 1309 3883 1362 οὕτω
3915 1311 4015 1380 τὴν

2452 1395 2726 1465 εὐφημίαν
2755 1394 3049 1464 ἀπειλήφει
3082 1397 3201 1465 μετ’
3224 1396 3498 1465 εὐφημίας
3554 1402 3647 1452 καὶ
3689 1402 4016 1472 δορυφορίας

2454 1487 2672 1553 πολλῆς,
2702 1486 2794 1539 καὶ
2818 1487 2917 1538 ὃσα
2946 1485 3197 1555 βασιλεὺς
3247 1488 3354 1541 τῶν
3390 1491 3726 1559 πραγμάτων
3772 1493 4016 1562 ἀπάρχει

2449 1594 2561 1640 ται,
2589 1579 2680 1627 καὶ
2710 1577 2807 1637 τῆς
2846 1578 3332 1645 Ἀδριανουπὸλεως
3364 1580 3655 1643 ἐπιϐαίνει,
3704 1583 3801 1635 σὺν
3840 1584 4008 1652 πολλῇ

2451 1672 2581 1737 τιμῇ
2607 1670 2699 1720 καὶ
2724 1668 3031 1736 σεϐάσματι
3056 1668 3278 1739 ἐξαισίῳ
3318 1672 3613 1743 ὑπάντησιν
3637 1675 4016 1746 ποιησαμένων

2452 1759 2600 1828 αὐτῴ
2620 1760 2726 1811 τῶν
2756 1758 3001 1828 φυλετῶν
3029 1760 3116 1812 διὰ
3145 1760 3204 1812 τὸ
3239 1761 3453 1824 οἰκείως
3481 1763 3623 1832 ἔχειν
3666 1765 3798 1834 πρὸς
3856 1767 4017 1818 αὐτὴν

783 1852 1032 1905 illustris.
1075 1849 1176 1901 Sed
1234 1847 1508 1915 neglectus
1557 1844 1655 1897 luit
1696 1853 1753 1896 ut
1822 1846 2041 1912 quidam
2097 1843 2352 1913 ignobilis
2384 1834 2423 1887 Β
2455 1853 2530 1903 κα·

2267 1843 2352 1897 ilis
2384 1834 2423 1887 Β
2455 1853 2545 1903 καὶ
2581 1851 3012 1918 θεραπευτικῶς.
3048 1852 3475 1918 Ἀντεπεξελθὼν
3532 1854 3590 1906 δέ
3629 1872 3769 1907 τισιν
3812 1858 3840 1908 6
3886 1860 4014 1927 πρό-

780 1956 833 2005 ‹·ι
861 1946 1098 1995 obscuro
1149 1944 1268 1993 loco
1308 1949 1489 2000 natus,
1523 1954 1695 2006 neque
1728 1937 1895 1989 ullunt
1934 1951 2164 2004 corpore
2221 1950 2349 2003 sup-

786 2039 1005 2105 plicium
1048 2037 1273 2099 subivit,
1323 2038 1575 2102 quamvis
1622 2033 2030 2084 existimaretur
2061 2032 2111 2083 id
2159 2045 2349 2100 passu-

783 2143 876 2180 rus
907 2135 1132 2194 propter
1160 2123 1472 2189 superiores
1520 2120 1835 2173 inimicitias
1859 2129 1911 2174 et
1954 2135 2163 2189 pugnas
2214 2119 2355 2186 capi-

784 2220 937 2270 tales.
987 2215 1184 2269 Verum
1216 2215 1418 2267 missus
1448 2213 1500 2264 in
1539 2212 1790 2265 exsilium
1828 2212 1881 2263 in
1916 2211 2208 2279 quamdam
2244 2212 2358 2264 Ma-

782 2308 1099 2363 cedonicam
1131 2306 1318 2359 urbem
1355 2303 1496 2356 baud
1525 2304 1695 2356 multo
1730 2312 1853 2371 post
1881 2312 2086 2354 natura:
2115 2303 2355 2355 debitum

786 2399 1066 2468 persolvit.
1105 2396 1255 2461 Quod
1289 2410 1413 2447 vero
1444 2394 1586 2461 regia
1637 2393 1868 2461 insignia
1901 2393 1952 2444 in
2006 2390 2358 2460 Trajanopoli

786 2487 1005 2538 indutus
1027 2484 1182 2536 fuerit
1206 2482 1524 2551 Bryetmius,
1547 2480 1723 2548 ibique
1739 2481 2000 2534 declarari
2027 2490 2081 2534 et
2100 2481 2360 2534 celebrari

785 2575 1193 2646 sepcrntiserit,
1230 2574 1371 2625 battd
1424 2573 1626 2625 bonum
1664 2573 1949 2641 augurium
1984 2573 2363 2641 prudentiores

784 2668 1190 2723 existimabant.
1233 2664 1351 2717 lliee
1384 2665 1525 2717 enim
1568 2664 1947 2732 Trajanopolis
1993 2680 2097 2716 non
2143 2662 2361 2731 Trajani

788 2758 1135 2827 imperatoris
1155 2756 1373 2807 nomine
1400 2754 1617 2807 condita
1648 2754 1766 2813 fuit,
1806 2754 1898 2807 sed
1932 2755 2150 2805 nomine
2181 2754 2364 2819 cujus-

802 2852 907 2901 lam
937 2865 998 2901 ex
1030 2847 1352 2916 primatibus
1372 2844 1593 2913 Traiani
1630 2846 1825 2907 vocati,
1862 2844 2104 2913 generosi
2135 2858 2199 2896 eo
2229 2850 2365 2896 tem-

790 2957 918 3010 pore
942 2939 1104 3008 729
1133 2938 1230 2990 viri
1274 2946 1387 2989 tum
1412 2951 1573 2988 manu
1614 2944 1724 2987 tum
1760 2936 1961 2996 animo,
1991 2949 2151 3003 quem
2182 2934 2366 2987 Ca'sar

789 3032 1058 3101 'l‘rajanus
1096 3032 1164 3083 ob
1206 3029 1392 3082 nescio
1434 3042 1596 3096 quam
1642 3026 1999 3080 oll‘ensionem
2058 3025 2358 3079 luminibus

788 3125 1042 3193 privavit.
1084 3123 1147 3175 Et
1182 3121 1236 3173 in
1263 3119 1457 3173 Persas
1493 3117 1849 3187 proﬁciscens
1875 3117 1963 3169 ltic
1992 3131 2113 3169 eum
2147 3116 2357 3183 primus

788 3213 1096 3281 conspexit,
1125 3225 1235 3279 quo
1269 3209 1584 3278 spectaculo
1605 3207 1895 3261 admodum
1930 3206 2143 3268 dolens,
2171 3219 2354 3259 recoro

789 3306 950 3357 datus
1002 3301 1411 3369 expeditionum
1459 3306 1513 3351 et
1547 3298 1761 3351 virtutis
1816 3297 2003 3359 illius,
2061 3295 2249 3349 eodem
2304 3295 2358 3347 in

792 3395 913 3447 loco
945 3392 1130 3445 urbem
1166 3388 1409 3443 construi
1437 3387 1602 3457 jussit
1625 3387 1692 3439 ad
1715 3385 2055 3439 indelebilem
2096 3385 2196 3439 viri
2250 3399 2359 3438 me-

793 3487 1043 3539 moriam.
1074 3481 1185 3535 liae
1220 3482 1381 3550 igitur
1408 3480 1473 3532 de
1506 3492 1670 3533 causa
1701 3476 1993 3546 prudentes
2020 3476 2118 3529 viri
2156 3473 2358 3527 laetum

793 3576 937 3629 baud
970 3577 1169 3627 bonum
1204 3572 1491 3640 augurium
1525 3570 1838 3622 censebant.
1871 3566 2125 3619 Attamen
2160 3564 2361 3635 Bryen-

794 3667 914 3719 nius
945 3666 1203 3733 ignorans
1230 3662 1504 3715 decretum
1536 3659 1737 3720 (cmcus
1769 3665 1853 3712 est
1880 3657 2024 3711 enim
2053 3656 2360 3707 futurorum

791 3756 1039 3826 eventus)
1077 3771 1162 3808 res
1191 3767 1445 3823 agressus
1483 3759 1585 3805 est.
1618 3748 1899 3803 Raedestus
1924 3761 2138 3817 quoque
2173 3744 2360 3799 eadem

796 3848 1075 3919 cogitavit,
1110 3845 1409 3913 opitulante
1441 3841 1544 3896 sibi
1584 3852 1815 3908 cognata
1847 3840 1981 3892 urbe
2012 3837 2356 3890 Batatzzene:

798 3955 919 3993 nam
955 3935 1249 3991 Raedestini
1280 3933 1545 3987 adversus
1602 3929 1832 3983 Panium
1901 3926 2124 3995 profecti
2171 3940 2364 3995 coege-

799 4038 925 4085 runt
954 4031 1131 4097 ipsum
1156 4039 1371 4095 quoque
1396 4020 1726 4091 Bryennium
1751 4018 2047 4073 celebrare.
2072 4016 2207 4070 Cum
2235 4029 2362 4070 vero

798 4136 956 4173 suum
988 4118 1213 4171 fratrem
1245 4128 1310 4167 eo
1344 4112 1551 4166 bonore
1585 4108 1859 4163 affecisset
1906 4115 1964 4161 ut
2003 4116 2148 4161 esset
2201 4120 2363 4160 euro-

802 4210 1028 4278 palates,
1085 4215 1138 4260 et
1193 4204 1333 4257 alios
1389 4215 1584 4256 omnes
1617 4199 1802 4255 babita
1860 4198 2074 4251 ratione
2134 4196 2364 4264 prepriae

802 4306 1044 4369 ipsorum
1068 4294 1376 4364 dignitatis,
1411 4291 1743 4346 existimavit
1768 4303 1828 4343 se
1871 4287 2268 4343 formidabilem
2297 4287 2363 4339 ad

805 4388 990 4440 urbem
1024 4387 1227 4453 regiam
1288 4393 1513 4452 propter
1547 4381 1781 4435 missum
1825 4378 2048 4433 fratrem
2100 4381 2365 4433 adventu-

2450 1945 2603 2013 εδρος
2631 1945 3035 2007 Κωνσταντῖνος
3056 1946 3083 1995 ὁ
3115 1945 3517 2015 Θεοδωροκάνος
3550 1946 3658 2000 τῶν
3689 1946 3781 1999 τοῦ
3817 1948 4012 2017 Βρυεν-

2452 2036 2565 2087 νίου
2599 2034 2881 2088 ἁλίσκεται
2914 2035 3011 2086 καὶ
3062 2035 3197 2105 πρὸς
3228 2037 3388 2088 αὐτὸν
3416 2036 3758 2106 αἰχμάλωτος
3790 2036 4017 2104 γίνεται,

2454 2127 2595 2197 ἀνὴρ
2619 2126 2825 2190 ἔνδοξος
2848 2126 2940 2178 καὶ
2966 2125 3157 2193 γένους
3185 2126 3549 2195 ἐπισημὸτητι
3609 2129 3703 2179 καὶ
3736 2127 3851 2196 βίου
3880 2127 4020 2195 λαμ-

2458 2220 2689 2288 πρότητι
2734 2217 3049 2288 καταφανὴς
3106 2218 3525 2285 γινωσκόμενος.
3590 2220 3900 2289 Παρωράθη
3964 2218 4021 2271 δὲ

2456 2309 2530 2373 ὡς
2558 2305 2637 2372 εἷς
2666 2310 2774 2363 τῶν
2819 2312 3031 2379 ἀτίμων
3061 2313 3154 2363 καὶ
3188 2312 3448 2379 ἀγεννῶν.
3492 2312 3565 2363 Οὐ
3612 2313 3719 2380 μὴν
3742 2312 3799 2365 δὲ
3836 2328 4022 2379 σωμα-

2456 2398 2615 2468 τιγὴν
2636 2398 2905 2468 τιμωρίαν
2939 2399 3169 2468 ὑπέστη,
3201 2400 3378 2452 καίτοι
3409 2417 3471 2467 γε
3503 2401 3744 2466 ἐπίδοξος
3788 2396 3854 2470 ἦν
3891 2400 4018 2451 ταύ-

2460 2504 2559 2557 την
2596 2490 2788 2542 παθεῖν
2818 2488 2907 2541 διὰ
2940 2490 3405 2560 προηγησαμένας
3450 2490 3649 2561 ἔχθρας
3704 2491 3799 2544 καὶ
3848 2492 4023 2560 μάχας

2460 2579 2785 2648 -κεφαλικάς.
2822 2579 3184 2647 Φυγαδευθεὶς
3212 2581 3269 2632 δὲ
3303 2582 3437 2651 πρός
3467 2599 3587 2634 τινα
3641 2582 3748 2633 τῶν
3782 2582 4026 2634 Mam-:60-

2464 2671 2627 2721 νικῶν
2656 2670 2861 2720 πόλεων
2896 2671 3013 2736 μετ’
3046 2671 3105 2719 οὐ
3130 2670 3262 2720 πολῦ
3288 2670 3363 2737 τῷ
3394 2671 3568 2738 χρεὼν
3620 2671 4023 2739 ἐλειτούργησε.

2464 2759 2536 2811 Τὸ
2572 2757 2627 2809 δὲ
2655 2758 2722 2809 τὰ
2750 2756 3001 2826 βασιλικά
3033 2758 3334 2827 παράσημα
3374 2760 3430 2811 ἐν
3463 2758 3885 2827 Τραϊανουπόλει
3934 2775 4028 2810 πε-

2468 2848 2780 2922 ριϐαλέσυαι
2836 2849 2926 2899 τὸν
2974 2848 3261 2915 Βρυέννιον
3312 2849 3405 2899 καὶ
3458 2848 3556 2917 τὴν
3606 2849 3883 2915 εὐφημίαν
3934 2849 4028 2901 καὶ

2464 2943 2562 3009 τὴν
2603 2941 2904 3008 ἀνάρρησιν
2936 2937 3187 3002 δέξασθαι
3243 2938 3341 2989 οὐκ
3371 2936 3572 3004 ἀγαθὸν
3603 2938 3791 2989 οἰωνὸν
3818 2937 3866 2988 οί
3898 2953 4025 2990 συνο

2466 3032 2722 3098 ετώτεροι
2753 3032 2845 3081 καὶ
2868 3028 3157 3097 ἐχέφρονες
3187 3028 3512 3095 ἐλογίζοντο.
3544 3026 3627 3098 [Ρ.
3663 3027 3789 3098 859]
3824 3020 3886 3080 Ἦ
3918 3029 4026 3098 γάρ

2467 3118 2891 3192 Τραϊανούπολις
2921 3118 3057 3186 αὐτη
3091 3118 3189 3170 οὐκ
3241 3119 3331 3170 ἐπὶ
3362 3117 3437 3187 τῷ
3466 3118 3691 3187 ὀνόματι
3744 3118 3837 3171 τοῦ
3871 3117 4027 3188 βασι-

2462 3212 2595 3273 λέως
2629 3210 2721 3262 τοῦ
2758 3209 3029 3278 Τραϊανοῦ
3061 3208 3427 3276 ᾠκοδόμηται,
3581 3208 3807 3274 ὀνόματι
3840 3208 3895 3258 δὲ
3917 3208 4025 3259 τῶν

2465 3301 2805 3371 μεγιστάνων
2864 3298 3007 3359 τινος
3043 3297 3309 3365 Τραϊανοῦ
3364 3294 3722 3363 καλουμένου,
3778 3297 4026 3361 γενναίου

2462 3395 2520 3446 τὸ
2548 3391 2848 3459 τηνικαῦτα
2883 3390 3023 3442 κατά
3051 3405 3109 3441 τι
3162 3390 3317 3456 χεῖρα
3365 3387 3458 3439 καὶ
3492 3386 3633 3440 κατά
3685 3387 3887 3457 ψυχὴν,
3912 3389 3969 3439 ὃν
3999 3390 4026 3439 6

2464 3486 2680 3551 Καῖσαρ
2729 3480 2993 3549 Τραϊανὸς
3055 3479 3143 3529 διά
3196 3496 3246 3529 τι
3302 3480 3550 3546 πταῖσμα
3601 3480 3707 3530 τῶν
3738 3479 4027 3549 ὀφθαλμῶν

2464 3571 2777 3641 ἐπέρησεν.
2818 3570 2939 3619 Ἐπὶ
2992 3569 3205 3635 Πέρσας
3239 3567 3293 3617 δὲ
3350 3566 3498 3618 διιὼν
3553 3566 3785 3619 ἐνταῦθα
3840 3569 4027 3620 τοῦτον

2464 3662 2721 3713 ἐθεάσατο
2745 3658 2997 3729 πρώτως.
3026 3656 3358 3727 Περιώδυνος
3391 3658 3447 3709 δὲ
3483 3660 3548 3727 τῇ
3582 3658 3678 3728 es;
3712 3660 4023 3727 γενόμενος,

2462 3751 2572 3803 τῶν
2592 3750 3060 3819 στρατηγημάτων
3088 3750 3178 3799 καὶ
3204 3748 3302 3816 τῆς
3355 3748 3579 3819 ἀνδρίας
3633 3749 4023 3817 ἁναμνησίεὶς,

2465 3840 2523 3891 ἐν
2547 3839 2695 3909 αὐτῷ
2716 3838 2791 3909 τῷ
2818 3838 2964 3907 τόπῳ
2998 3837 3150 3889 πόλιν
3180 3838 3429 3889 ἐκέλευσε
3456 3838 3669 3891 πολίσαι
3697 3841 3776 3900 είς
3811 3839 4029 3907 μνήμην

2465 3930 2696 3997 ἄληστον
2746 3927 2837 3979 τοῦ
2887 3926 3100 3995 ἀνδρός.
3160 3926 3254 3977 Διά
3298 3925 3469 3977 ταῦτα
3515 3925 3644 3992 γοῦν
3678 3927 3775 3978 οὐκ
3827 3925 4028 3992 ἀγαθὸν

2465 4023 2652 4074 οἰωνὸν
2674 4022 2721 4073 οἱ
2749 4019 3037 4089 ἐχέφρονες
3057 4018 3116 4070 τὺ
3148 4018 3370 4084 γεγονὸς
3403 4017 3726 4084 ἐλογίζοντο.
3763 4016 3949 4084 Ὅμως
3984 4016 4027 4068 δ’

2464 4111 2556 4165 οὖν
2587 4111 2647 4161 τὸ
2686 4109 3030 4178 ἀποτέλεσμα
3057 4108 3084 4158 6
3114 4107 3401 4177 Βρυὲννιος
3428 4106 3637 4173 ἀγνοῶν
3666 4105 3887 4177 (τυφλὸν
3920 4106 4027 4175 γάρ

2465 4204 2525 4254 τὸ
2547 4201 2756 4271 μέλλον)
2788 4200 2895 4252 τῶν
2920 4200 3259 4269 πραγμάτων
3304 4199 3599 4268 ἀντείχετο.
3641 4196 3937 4267 Ἐφρόνησε
3976 4197 4029 4248 δὲ

2467 4293 2536 4344 τά
2566 4292 2707 4345 αὐτὰ
2749 4290 3048 4351 Ῥαιδεστὸς
3076 4288 3334 4358 συνεργίᾳ
3378 4287 3476 4356 τῆς
3534 4285 3828 4354 συγγενοῦς
3866 4284 4029 4339 αὑτοῦ

2467 4388 2564 4454 τῆς
2594 4384 2964 4451 Βατατζαίνης
3002 4397 3015 4410 ·
3047 4383 3097 4433 οἱ
3124 4382 3231 4451 γὰρ
3268 4380 3626 4448 Ῥαιδεστηνοὶ
3654 4380 3747 4432 καὶ
3777 4379 3918 4431 κατά
3936 4376 4029 4430 τοῦ

804 4494 945 4533 rum.
986 4477 1087 4532 Cui
1124 4491 1247 4529 cum
1281 4472 1595 4529 tradidisset
1650 4471 1793 4524 baud
1830 4470 2157 4525 mediocrem
2211 4485 2365 4523 excr-
2393 4498 2444 4555 D
2473 4480 2551 4530 [ια

2284 4478 2668 4555 ιη’-Ι)Πανίου
2724 4474 3100 4545 ἐξωρμηκότες
3158 4472 3442 4523 ἐϐιάσαντο
3494 4470 3624 4522 αὐτὸ
3675 4469 4031 4537 ἀναγορεῦσαι

803 4571 994 4631 eitum,
1028 4568 1280 4637 sperabat
1312 4566 1426 4621 fore
1461 4574 1517 4618 ιιι
1549 4564 1765 4633 quando
1791 4564 1937 4616 cives
1985 4564 2362 4631 imperatorem

804 4671 858 4713 et
881 4659 1214 4726 logotitetam
1245 4657 1314 4708 ita
1349 4656 1577 4709 oderant
1606 4653 1946 4707 utadversus
1978 4654 2124 4721 ipsos
2147 4662 2366 4707 strenue

806 4765 865 4804 se
892 4755 1164 4818 gererent,
1193 4746 1297 4801 sibi
1331 4746 1431 4814 ipsi
1462 4744 1861 4807 consentirent,
1887 4753 1940 4797 et
1989 4745 2131 4797 intra
2173 4744 2365 4798 urbem

806 4858 865 4899 se
915 4856 1039 4895 cum
1068 4840 1247 4909 aliqua
1306 4837 1620 4892 conditione
1661 4838 1985 4905 reciperent,
2030 4844 2084 4890 et
2134 4837 2207 4890 ita
2248 4838 2368 4890 sine

808 4940 955 4986 metu
993 4930 1059 4983 ad
1114 4931 1262 4998 ipsos
1312 4942 1438 4982 cum
1482 4935 1749 4997 apparatu
1816 4926 1965 4995 regio
2026 4929 2364 4980 adventaret.

812 5023 1007 5079 Verum
1034 5022 1261 5076 ntultum
1285 5036 1315 5073 a
1344 5023 1626 5090 proposito
1647 5020 1877 5074 consilio
1900 5019 2173 5072 aberravit
2202 5036 2214 5069 :
2242 5033 2365 5071 nam

810 5114 1021 5167 tametsi
1050 5110 1365 5165 Heracleam
1398 5110 1737 5175 incenderat,
1771 5118 1823 5165 et
1866 5110 2051 5178 plures
2084 5123 2149 5161 ex
2187 5107 2252 5160 iis
2276 5107 2369 5176 qui

808 5206 881 5259 ibi
913 5213 1069 5258 erant
1099 5200 1451 5257 interfecerat
1487 5201 1654 5270 (quod
1684 5200 1848 5270 paulo
1884 5208 2011 5253 ante
2066 5207 2369 5253 secesserat

809 5310 1011 5366 praises
1044 5296 1267 5348 Alexius
1294 5293 1624 5357 Coumenus,
1649 5292 1740 5361 qui
1777 5293 1830 5345 in
1864 5290 2166 5361 Selymbria
2218 5305 2369 5345 com-

811 5386 1172 5455 morabatur),
1206 5394 1581 5440 verumtamen
1615 5384 1816 5453 regiam
1844 5385 2031 5438 urbem
2065 5382 2368 5437 incolentes

809 5492 1157 5547 t.equaquam
1241 5474 1496 5546 Bryennii
1562 5478 1796 5528 adventu
1878 5473 2123 5528 deterriti
2201 5481 2366 5527 sunt:

810 5571 1129 5625 accedentes
1154 5569 1297 5624 enim
1319 5566 1385 5620 ad
1421 5582 1634 5622 murum
1670 5564 2089 5619 Blacbernarum
2118 5563 2278 5633 73o
2303 5565 2370 5619 le-

812 5664 897 5715 via
954 5662 1135 5731 praalia
1189 5659 1439 5731 quzcdam
1492 5658 1687 5725 fecere,
1749 5667 1801 5710 et
1858 5657 2061 5724 repulsi
2102 5659 2370 5709 transiere

811 5758 990 5811 sancti
1048 5749 1478 5809 P-anteleemonis
1541 5760 1779 5819 pontem,
1818 5758 1870 5805 et
1914 5765 2033 5819 qua:
2084 5748 2156 5803 ibi
2211 5756 2367 5805 erant.

2468 4570 2557 4622 τὸν
2578 4568 2880 4637 Βρυέννιον.
2910 4566 3159 4633 Τιμήσας
3191 4564 3247 4615 δὲ
3280 4563 3379 4625 τὸν¹
3408 4562 3600 4613 ἑαυτοῦ
3637 4561 3861 4628 ἀδελφὸν
3911 4577 4029 4613 κου-

2474 4657 2783 4727 ροπαλάτην
2813 4655 3054 4714 καὶτοὺς
3096 4653 3286 4714 ἄλλους
3339 4651 3583 4712 ἅπαντας
3618 4650 3896 4717 ἀναλόγως
3940 4650 4035 4701 καὶ

2470 4750 2635 4813 ἀξίως
2664 4748 2763 4817 τῆς
2817 4746 3021 4806 οἰκείας
3061 4746 3471 4807 καταστάσεως,
3497 4740 3728 4809 φοόερδν
3765 4740 3898 4807 πρὸς
3935 4741 4032 4806 τὴν

2472 4840 2718 4910 βασιλίδα
2757 4837 2823 4890 δι’
2850 4835 3147 4890 ἀποστόλου
3190 4834 3283 4886 τοῦ
3331 4834 3461 4884 ἰδίου
3521 4828 3749 4897 ἀδελφοῦ
3801 4828 4033 4897 φανῆναι

2476 4933 2715 4999 ἐνόμισε.
2744 4927 3019 4997 Παραδοὺς
3045 4926 3152 4995 γὰρ
3182 4922 3330 4991 αὐτῴ
3368 4924 3593 4992 στρατὸν
3626 4923 3724 4973 οὐκ
3756 4920 3933 4987 ὀλίγον
3977 4922 4033 4971 ἐν

2475 5020 2685 5071 ἐλπίσιν
2713 5014 2779 5087 ἦν
2809 5018 2904 5079 ὠς,
2934 5016 3162 5082 ἐπείπερ
3192 5014 3240 5064 οἱ
3276 5013 3487 5063 πολῖται
3524 5012 3612 5063 τὸν
3647 5010 3937 5078 λογοθέτην
3968 5008 4033 5060 δι’

2472 5111 2641 5180 ὀργῆς
2669 5110 2761 5160 καὶ
2787 5108 2977 5177 μίσους
3020 5106 3119 5157 οὒκ
3147 5102 3387 5171 ἀγεννῶς
3436 5102 3640 5171 ἔχουσι,
3695 5099 4035 5170 προσεξίουσί

2472 5217 2529 5252 τε
2559 5199 2706 5270 αὐτῷ
2734 5198 2825 5251 καὶ
2847 5196 3227 5266 προσδέξονται
3259 5196 3353 5247 σὺν
3383 5194 3697 5262 ὁμολογίαις
3730 5192 3904 5257 ἐντος,
3940 5194 4035 5245 καὶ

2471 5290 2643 5353 οὕτως
2673 5290 2841 5352 ἀδεῶς
2883 5290 3225 5357 ἐπιφοιτήσει
3281 5288 3374 5339 καὶ
3424 5287 3581 5347 αὐτὸς
3636 5289 3691 5337 ἐν
3750 5286 4037 5353 ἑτοιμασίᾳ

2474 5381 2747 5451 βασιλικῇ.
2791 5379 2949 5431 Ἀλλά
3000 5378 3133 5430 πολὺ
3158 5377 3423 5446 διήμαρτε
3453 5376 3543 5428 τοῦ
3571 5374 3797 5428 σκοποῦ.
3832 5375 3892 5426 Ei
3928 5374 4036 5441 γὰρ

2473 5472 2565 5526 καὶ
2600 5472 2697 5541 τὴν
2734 5470 3063 5540 Ἡράκλειαν
3099 5468 3300 5538 ἐδῄωσε
3328 5468 3423 5520 καὶ
3467 5467 3694 5528 πολλοὺς
3718 5465 3893 5519 ἀνεῖλε
3925 5464 4033 5515 τῶν

2472 5566 2546 5632 ἐν,
2577 5565 2737 5632 αὐτῇ,
2799 5562 3257 5631 ὑποχωρήσαντος
3328 5558 3557 5626 ἔναγχος
3613 5554 3706 5608 τοῦ
3770 5553 4035 5625 προέδρου

2486 5654 2721 5719 Ἀλεξίου
2747 5653 2840 5704 τοῦ
2871 5648 3183 5719 Κομνηνοῦ,
3212 5649 3269 5711 ὃς
3300 5649 3357 5700 ὲν
3378 5646 3652 5717 Σηλυϐρία
3680 5645 4031 5715 ἐφήδρευσεν,

2477 5749 2591 5801 ἀλλ’
2620 5748 2768 5816 ὅμως
2796 5747 2842 5798 oi
2881 5744 2975 5814 τὴν
3008 5741 3249 5812 βασιλίδα
3290 5737 3563 5800 οἰκοῦντες
3608 5735 3851 5805 οὐδαμῶς
3904 5735 4033 5802 πρ“τς
