4424 6450
390 374 495 438 461

1831 366 2217 427 lllS'l'ORIA.

3532 374 3636 429 402.

389 485 483 555 τὴν
515 482 857 551 έπιιροίτησιν
887 484 984 551 τῆς
1032 481 1124 533 τοῦ
1171 479 1458 550 Βρυεννίου
1510 476 1768 545 στρατιᾶς
1824 489 1960 525 κατ·
1990 477 2037 531 Α
2065 487 2136 527 on

1885 489 1960 523 ιτ·
1990 477 2037 531 Α
2065 477 2250 529 omnia
2283 476 2395 547 igni
2449 479 2823 533 combusscre.
2866 479 3111 550 Cumque
3166 479 3299 534 nihil
3331 491 3632 536 memoratu

392 572 709 643 επλάγησαν
739 587 751 602 ο
786 571 1228 641 παραγινόμενοι
1248 569 1355 639 γάρ
1375 566 1798 638 ήκροὸολίσαντο
1826 561 1968 617 κατά

390 664 451 719 τὸ
468 666 644 734 τεῖχος
683 663 793 716 τῶν
828 661 1169 732 Βλαχερνῶν,
1202 662 1296 713 καὶ
1321 657 1785 729 ἀποκρουσθέντες
1835 656 1967 708 ἐπει

396 754 709 826 ραιώθησαν
736 753 834 823 τὴν
873 753 968 806 τοῦ
1015 752 1168 820 ἁγίου
1200 751 1640 820 Παντελεήμονος
1695 748 1962 817 γέφυραν,

392 846 485 898 καὶ
510 844 579 896 τά
608 845 787 895 ἐκεῖσε
818 844 996 897 πάντα
1035 842 1169 914 πυρὶ
1199 841 1667 911 κατελυμήναντο,
1700 841 1794 891 καὶ
1809 837 1958 891 οὐδὲν

391 937 541 999 ἄξιον
574 936 731 1000 λόγου
756 935 1099 1005 πεπραχότες
1146 933 1497 1004 ὑπέστρεψαν
1537 931 1767 986 ἐκεῖθεν.
1798 929 1967 993 Αὐτὸς

396 1025 495 1094 μὲν
517 1024 611 1077 δύο
644 1025 901 1094 τάγματα
938 1023 1117 1077 λαϐὼν
1146 1024 1223 1094 τῷ
1261 1022 1465 1094 Ἀθύρει⁵
1499 1023 1771 1091 ἐπιφοιτᾷ,
1793 1020 1891 1089 τὴν
1912 1020 1968 1072 δὲ

392 1116 584 1186 λοιπὴν
610 1117 871 1186 στρατιὰν
906 1118 986 1179 εἰς
1018 1116 1467 1187 παραχειμασίαν
1491 1113 1833 1168 ἀπέστειλεν.
1880 1112 1968 1166 Ἐν

392 1207 630 1277 τοσούτῳ
681 1207 738 1259 δὲ
794 1207 985 1261 κακῶν
1022 1209 1315 1277 γενόμενος
1342 1208 1371 1260 ό
1404 1204 1661 1275 βασιλεὺς
1693 1203 1847 1273 μόλις
1886 1204 1968 1266 εἰς

397 1300 618 1368 μνήμην
644 1292 747 1369 ἧκε
774 1298 868 1351 τοῦ
901 1298 1211 1351 Ῥουσελίου
1244 1299 1462 1368 φυλακῇ
1500 1298 1593 1350 καὶ
1616 1298 1839 1366 δεσμοῖς
1887 1296 1966 1348 ἔτι

397 1392 755 1459 συνεχομένου
778 1390 875 1444 καὶ
904 1390 981 1461 τῷ
1006 1390 1337 1463 Βοτανειάτῃ
1370 1388 1737 1459 αὐτομολῆσαι
1760 1390 1963 1457 ἐπιχει-

400 1482 687 1549 ρήσαντος.
762 1482 1080 1551 Ἐξαγαγὼν
1108 1480 1202 1535 οὖν
1239 1475 1404 1533 αὑτὸν
1459 1481 1556 1549 τῆς
1592 1478 1840 1549 φυλακῆς
1871 1477 1967 1530 καὶ

395 1571 578 1641 πάσης
618 1569 857 1637 ἀξιώσας
912 1572 1077 1642 τιμῆς
1131 1572 1225 1625 καὶ
1285 1572 1544 1635 ἀνέσεως,
1605 1571 1701 1623 καὶ
1752 1568 1967 1633 πολλοῖς

394 1662 704 1730 ἐπαγωγοῖς
731 1664 825 1715 καὶ
858 1662 1196 1732 θελκτηρίοις
1224 1661 1569 1731 χρησάμενος
1598 1661 1864 1730 ῥήμασιν,
1884 1662 1966 1723 είς

391 1751 491 1821 τὴν
514 1753 656 1806 κατά
695 1753 787 1805 τοῦ
818 1753 1108 1823 Βρυεννίου
1146 1751 1447 1822 παράταξιν
1504 1750 1816 1821 ἐξηρέθισεν
1873 1750 1966 1804 καὶ

393 1844 503 1898 ἀπὸ
559 1847 665 1896 τῶν
700 1844 897 1913 τειχῶν
929 1846 1042 1907 τοῖς
1088 1843 1185 1897 σὺν
1236 1843 1314 1914 τῷ
1372 1844 1644 1915 Βρυεννίῳ
1696 1844 1967 1913 Φράγγοις

394 1933 739 2004 διαλεχθῆναι
760 1933 1114 2002 παρέπεισεν.
1150 1934 1235 1997 Ὧς
1263 1934 1308 1986 δ’
1333 1936 1431 1987 οὐκ
1453 1934 1688 1998 ἔπεισεν,
1714 1935 1971 2001 ἐπιστρα-

392 2023 543 2077 τεύει
572 2026 648 2094 τῷ
671 2024 882 2093 ἀδελφῷ
913 2027 1007 2077 τοῦ
1036 2025 1325 2095 Βρυεννίου
1354 2027 1410 2079 ἐν
1435 2025 1510 2095 τῷ
1542 2024 1741 2096 Ἀθύρᾳ
1765 2025 1971 2096 διατρίο

398 2112 569 2177 σοντι,
603 2112 690 2185 [Ρ.
719 2114 849 2186 860]
881 2116 1314 2185 στρατηγοῦντος
1334 2115 1428 2170 τοῦ
1453 2116 1715 2188 προέδρου
1734 2114 1970 2180 Ἀλεξίου

395 2203 493 2255 τοῦ
524 2203 812 2273 Κομνηνοῦ
848 2205 989 2274 μετά
1018 2205 1125 2259 τῶν
1155 2209 1212 2261 ἐν
1235 2210 1300 2277 τῇ
1337 2208 1567 2277 βασιλίδι
1598 2206 1969 2278 στρατιωτῶν,

396 2294 581 2365 ὅρκοις
610 2294 878 2365 ἀσφαλέσι
912 2298 1179 2369 πρότερον
1224 2300 1291 2353 τά
1322 2299 1490 2352 πιστά
1537 2297 1807 2363 δεδωκὼς,
1849 2316 1973 2353 συν-

399 2386 817 2441 ἀποσταλέντων
848 2389 937 2441 διά
984 2389 1257 2460 θαλάσσης
1290 2390 1385 2443 κο.)⁵
1443 2390 1720 2443 Ῥωσικῶν
1771 2390 1973 2445 πλοίων

398 2480 519 2531 κατ’
558 2480 758 2544 αὐτῶν,
786 2481 967 2535 αὐτῶν
994 2481 1049 2534 δὲ
1079 2482 1217 2552 πεζῇ
1270 2482 1715 2546 κατεπειξάντων
1762 2487 1841 2547 εἰς
1880 2486 1971 2539 τὸν

414 2568 669 2639 ’Δθύραν.
747 2572 889 2624 Ἀλλ’
958 2571 1204 2640 ἔφθασαν
1274 2574 1598 2643 προγνόντες
1668 2574 1968 2642 διαφυγεῖν.

410 2660 724 2724 Ἐπιδιῶξαι
758 2662 814 2715 δὲ
845 2664 894 2715 οί
941 2664 1068 2733 περὶ
1100 2663 1189 2715 τὸν
1235 2664 1541 2717 Ῥουσέλιον
1579 2665 1672 2717 καὶ
1723 2666 1813 2718 τὸν
1868 2669 1973 2721 Κο-

403 2752 604 2821 μνηνὸν
630 2753 941 2823 βουλόμενοι
965 2755 1183 2807 καὶτῶν
1209 2754 1465 2809 ἐναντίων
1499 2756 1698 2826 σφῆλαι
1724 2757 1970 2824 πολλοὺς,

400 2846 500 2897 οὒκ
535 2845 692 2915 ἔσχον
720 2846 1075 2915 πειθομένους
1105 2848 1230 2911 τοὺς
1259 2848 1618 2919 στρατιώτας,
1650 2848 1889 2912 δεδιότας
1912 2852 1974 2904 τὸ

402 2937 792 3006 ἐκδησόμενον.
836 2938 1072 2992 Ἐπεσον
1120 2939 1176 2992 δὲ
1232 2940 1341 2992 τῶν
1390 2940 1715 2994 Μακεδόνων
1765 2942 1968 3008 πολλοὶ,

403 3027 494 3080 καὶ
526 3025 728 3089 ζῶντες
765 3027 863 3078 οὐκ
890 3027 1059 3094 ὀλίγοι
1117 3028 1383 3092 ἑάλωσαν,
1434 3030 1531 3081 καὶ
1576 3029 1971 3100 λαφυραγωγία

2069 568 2295 638 dignum
2344 571 2665 640 gessissent,
2709 570 2834 627 inde
2889 574 3091 629 reversi
3119 580 3268 628 sunt.
3333 575 3451 643 Ipse
3509 591 3633 628 Clllll

2069 658 2283 715 duabus
2316 660 2620 730 legionibus
2641 661 2706 715 ad
2730 660 2993 732 Athyram
3020 677 3079 716 se
3096 661 3331 729 confert,
3364 663 3632 731 reliquum

2066 750 2368 804 exercitum
2391 752 2455 805 in
2511 751 2741 807 hiberna
2780 751 3085 809 distribuit.
3146 754 3204 808 ln
3244 756 3414 809 tantis
3449 765 3633 809 autem

2069 841 2228 897 malis
2247 856 2472 899 versans
2496 842 2793 914 imperator
2815 846 2905 899 vix
2929 844 3253 900 recordatus
3288 854 3374 901 est
3398 845 3632 911 Ruselii,

2069 934 2160 1003 qui
2189 935 2369 989 adhuc
2413 936 2469 990 in
2518 952 2739 993 carcere
2796 938 3014 994 vinctus
3070 938 3414 994 detinebatur
3474 949 3527 993 et
3564 940 3631 994 ad

2068 1022 2410 1081 Botaniatem
2499 1026 2845 1097 transfugere
2931 1039 3163 1088 conatus
3235 1039 3375 1085 erat.
3464 1029 3634 1100 Igitur

2069 1116 2325 1169 eductum
2356 1117 2535 1186 ipsum
2574 1134 2605 1173 e
2650 1119 2903 1174 custodia
2935 1121 3192 1189 omnique
3234 1122 3440 1177 honore
3503 1120 3631 1177 aﬂ‘e-

2069 1217 2240 1269 ctum,
2278 1209 2448 1262 multa
2479 1210 2805 1266 remissione
2837 1226 2901 1265 ac
2931 1210 3142 1265 blandis
3171 1227 3296 1282 erga
3321 1213 3470 1266 illum
3501 1228 3631 1269 usu:

2069 1298 2277 1361 verbis,
2306 1300 2373 1353 ad
2408 1301 2649 1368 praelium
2678 1312 2864 1357 contra
2916 1302 3246 1373 Bryennium
3280 1304 3545 1369 incitavit,
3579 1310 3635 1358 et

2069 1391 2339 1458 persuasit
2400 1401 2457 1446 ut
2512 1395 2741 1449 amoris
2790 1410 2914 1450 cum
2977 1396 3045 1449 iis
3085 1394 3312 1451 Francis
3362 1397 3454 1465 qui
3507 1410 3634 1452 cum

2071 1482 2342 1552 Bryennio
2378 1494 2563 1539 essent
2606 1486 3030 1555 colloqueretur.
3089 1487 3195 1542 Sed
3227 1488 3315 1542 ubi
3368 1504 3478 1543 non
3512 1504 3631 1558 perw

2070 1575 2267 1635 suasit,
2296 1576 2361 1629 ad
2393 1576 2650 1646 Bryennii
2686 1578 2908 1632 fratrem
2939 1578 2991 1631 in
3036 1579 3241 1650 Athyra
3287 1595 3623 1634 commoran-

2069 1674 2176 1720 tam
2232 1682 2353 1719 cum
2407 1668 2651 1723 exercitu
2720 1668 3106 1738 proficiscitur,
3162 1670 3303 1725 duce
3361 1672 3631 1725 exercitus

2072 1757 2302 1828 przeside
2332 1759 2523 1813 Alexio
2549 1758 2853 1823 Comneno,
2889 1775 3015 1815 cum
3047 1760 3116 1816 iis
3155 1760 3418 1815 militibus
3448 1761 3539 1831 qui
3580 1763 3630 1815 ir:

2075 1850 2221 1919 regia
2246 1850 2378 1903 urbe
2438 1858 2618 1914 erant,
2665 1850 3025 1919 jurejurando
3076 1861 3430 1906 sacrosancto
3482 1853 3631 1922 prius

2072 1940 2178 1995 ﬁde
2207 1940 2354 2005 data,
2382 1949 2437 1993 et
2458 1939 2621 1994 simul
2656 1955 2751 2009 per
2784 1956 2932 1994 mare
2980 1942 3166 1995 missis
3198 1940 3462 1995 adversus
3488 1942 3634 2007 ipsos

2073 2030 2484 2085 Roxolanorum
2519 2030 2770 2098 navigiis,
2808 2031 3050 2101 ipsisque
3076 2031 3347 2099 peditibus
3381 2032 3445 2084 ad
3474 2032 3638 2100 Athy-

2072 2136 2187 2175 ram
2217 2120 2626 2175 festinantibus.
2668 2118 2867 2174 Verum
2911 2130 3182 2191 occupant
3213 2122 3290 2175 illi
3316 2137 3376 2176 re
3410 2122 3628 2192 cognita

2074 2212 2283 2281 fugere,
2312 2228 2546 2282 cumque
2570 2212 2769 2267 vellent
2790 2213 3040 2282 persequi
3071 2213 3105 2267 ii
3130 2212 3223 2283 qui
3254 2229 3377 2267 eum
3410 2211 3636 2268 Ruselio

2073 2315 2232 2359 erant
2258 2315 2311 2360 et
2334 2305 2705 2370 Comneno,et
2726 2305 2966 2359 hostium
2996 2306 3182 2375 plures
3214 2306 3491 2369 occidere,
3525 2321 3634 2360 non

2074 2396 2384 2450 habuerunt
2416 2395 2616 2450 milites
2676 2395 2782 2449 sibi
2854 2395 3002 2450 dicto
3063 2394 3418 2460 obedientes,
3472 2410 3637 2450 ever.-

2074 2498 2187 2541 tum
2220 2488 2296 2542 rei
2338 2488 2807 2557 pertimescentes.
2842 2486 3107 2541 Cecidere
3132 2492 3315 2540 autem
3365 2502 3429 2541 ex
3465 2485 3640 2541 Macc-

2073 2578 2308 2632 donibus
2342 2579 2548 2646 plures,
2582 2586 2635 2630 ct
2659 2577 2764 2630 vivi
2799 2576 2942 2629 haud
2989 2577 3147 2645 pauci
3199 2577 3342 2644 capti
3404 2584 3553 2639 sunt,
3586 2584 3641 2629 et

2077 2671 2257 2738 praeda
2310 2670 2475 2721 inulta
2524 2677 2721 2738 capta,
2753 2678 2806 2722 et
2834 2668 3141 2722 vehiculum
3188 2670 3393 2738 prasini
3441 2669 3641 2724 coloris

2075 2760 2220 2830 quod
2254 2760 2582 2829 curopalata:
2613 2766 2768 2822 erat;
2812 2758 2902 2825 qui
2946 2758 3109 2811 etiam
3142 2757 3357 2827 fugiens
3412 2756 3641 2812 Rhaede-

2075 2861 2214 2907 stuni
2250 2852 2517 2921 pervenit.
2571 2849 2843 2903 Γῖί’τὶιιαοί
2900 2860 3079 2903 autem
3128 2850 3285 2919 731
3333 2864 3455 2905 cum
3495 2848 3640 2902 haud

2075 2943 2270 3012 exigua
2304 2956 2465 2995 manu
2496 2939 2889 3009 Adrianopolin
2918 2940 3187 3001 invasere,
3215 2956 3378 3009 quam
3407 2942 3643 2995 circum-

2076 3035 2317 3089 sidentes
2343 3034 2605 3102 quosdam
2632 3047 2727 3100 per
2758 3034 3035 3101 regionem
3064 3031 3283 3092 misere,
3315 3031 3409 3100 qui
3433 3032 3642 3101 Optima

403 3116 613 3186 ἐλήφθη
653 3110 822 3187 πολλὴ
878 3118 973 3169 καὶ
1023 3118 1093 3170 τά
1138 3117 1377 3188 πράσινα
1422 3118 1516 3171 τοῦ
1562 3120 1968 3189 κουροπαλάτου
1999 3135 2045 3198 C
2077 3141 2150 3196 qu

1891 3135 2045 3198 couc
2077 3140 2307 3196 quaeque
2363 3123 2538 3192 ipsius
2594 3122 2711 3175 loca
2779 3129 3089 3184 vastarunt,
3145 3121 3396 3176 virorum.
3439 3122 3638 3176 caedent

402 3209 676 3279 ὀχήματα.
719 3211 813 3270 Ὃς
845 3210 939 3260 καὶ
966 3209 1181 3276 φεύγων
1211 3211 1614 3277 ἀφικνεῖταιεξς
1642 3213 1970 3268 Ῥαιδεστόν.

404 3302 468 3352 Ui
502 3300 557 3351 δὲ
596 3300 923 3363 Πατζινάκοι
955 3300 1093 3369 μετά
1134 3301 1375 3371 πλήθους
1428 3303 1528 3355 οὐκ
1558 3302 1844 3373 ἐλαχίστου
1903 3310 1969 3374 τῇ

418 3391 863 3460 Ἀδριανουπόλει
912 3393 1284 3461 ἐπεφάνησαν,
1333 3394 1427 3443 καὶ
1456 3392 1660 3461 ταύτην
1714 3395 1977 3464 περικαθ-

407 3481 623 3544 ίσαντες
658 3485 811 3544 τινὰς
863 3485 1004 3536 κατὰ
1035 3482 1135 3551 τῆς
1188 3481 1370 3553 χώρας
1409 3483 1735 3539 ἀπέστειλαν
1783 3486 1877 3537 καὶ
1907 3486 1976 3539 τὰ

406 3574 631 3643 ταύτης,
673 3575 936 3628 κάλλιστα
984 3573 1347 3641 ἐλωϐήσαντο,
1394 3574 1552 3640 φόνον
1608 3574 1707 3643 μὲν
1767 3576 1975 3646 ἀνδρῶν

408 3667 792 3735 ποιησάμενοι,
824 3666 978 3729 ζώων
1006 3665 1065 3718 δὲ
1116 3666 1319 3733 ἀγέλας
1360 3664 1621 3734 ἀπείρους
1662 3665 1974 3731 ἐλάσαντες,

407 3755 499 3806 καὶ
549 3755 669 3805 οῦδὲ
737 3755 795 3805 ἓν
843 3750 981 3816 εἶδος
1038 3754 1438 3824 παραλιπόντες
1487 3753 1797 3818 κακώσεως.
1836 3757 1893 3808 Ὀ
1921 3757 1975 3811 δὲ

408 3840 693 3912 Βρυέννιος
727 3844 819 3895 ἐπὶ
846 3843 1139 3913 συνθήκαις
1180 3843 1275 3896 καὶ
1327 3842 1529 3912 χρυσοῦ
1583 3843 1725 3897 δόσει
1758 3847 1851 3899 καὶ
1879 3849 1972 3915 ὑφ-

406 3934 669 4002 ασμάτων
695 3934 1049 4003 ὑποχωρῆσαι
1074 3935 1497 4003 παρασκευάσας
1519 3933 1713 3997 αὐτοὺς
1740 3938 1975 4008 ἠργυρο-

405 4023 552 4092 λόγει
586 4026 711 4087 τοὺς
745 4026 925 4087 ἰδίους,
962 4027 1124 4077 παντὶ
1152 4026 1337 4094 τρόπῳ
1362 4023 1454 4076 τοῦ
1488 4024 1631 4075 κατά
1657 4028 1857 4079 σκοπὸν
1895 4029 1970 4098 μὴ

2078 3219 2341 3273 facientes
2394 3223 2446 3269 et
2490 3213 2852 3267 animantium
2903 3213 3185 3283 abigentes
3240 3212 3486 3269 infinitos
3522 3228 3644 3283 gre-

2077 3326 2192 3379 ges,
2233 3322 2405 3377 neque
2443 3306 2586 3359 illius
2619 3306 2839 3373 generis
2863 3304 3199 3359 vexationem
3231 3306 3393 3359 ullam
3424 3318 3644 3376 praeter-

2082 3401 2380 3453 niittentcs.
2439 3395 2745 3465 Bryennius
2821 3403 3004 3449 autem
3072 3395 3367 3449 ftederibus
3426 3408 3479 3451 et
3523 3401 3643 3452 auri

2083 3488 2369 3557 largitione
2399 3495 2451 3539 et
2480 3484 2846 3553 stragulorum
2896 3481 3105 3537 efﬁcere
3166 3485 3391 3538 studens
3447 3491 3506 3536 ut
3541 3484 3642 3551 ipsi

2081 3578 2420 3637 secederent,
2477 3593 2505 3629 a
2557 3577 2672 3628 suis
2735 3582 3019 3643 argentum
3081 3573 3354 3645 exigebat,
3418 3574 3645 3628 omnino

2080 3670 2307 3738 cupiens
2343 3682 2370 3719 a
2413 3666 2694 3735 proposito
2718 3666 2949 3719 consilio
2977 3680 3085 3719 non
3123 3665 3397 3719 aberrare.
3426 3664 3645 3719 Missus-

2082 3776 2185 3829 que
2211 3758 2377 3811 frater
2404 3756 2574 3825 ipsius
2633 3752 2871 3809 Joannes
2902 3755 2965 3806 ad
3022 3753 3205 3823 Cyzici
3238 3751 3644 3807 Cherronesum

2079 3850 2384 3906 conabatur
2416 3847 2700 3916 indigenas
2733 3846 2796 3898 ad
2829 3860 2886 3899 se
2908 3845 3216 3899 adducere:
3269 3843 3366 3898 sed
3396 3843 3645 3897 incidens

2080 3944 2133 3997 in
2173 3942 2347 4010 ipsum
2378 3936 2634 3990 Ruselius
2664 3950 2757 4004 per
2796 3935 2901 3987 vim
2934 3950 3028 3989 eos
3092 3934 3316 4004 fugavit,
3375 3933 3646 4004 principio

2080 4034 2255 4087 Martii
2286 4030 2512 4095 mensis,
2554 4027 2852 4082 indictione
2884 4028 3080 4096 prima.

405 4119 726 4185 διαμαρτεῖν
760 4116 1227 4187 προθυμούμενος·
1277 4115 1632 4178 Ἀποσταλεὶς
1661 4116 1717 4169 δὲ
1771 4122 1797 4171 ὀ
1832 4122 2063 4195 ἁδελφὸς
2093 4125 2258 4181 αὑτοῦ
2304 4122 2552 4189 Ἰωάννης
2581 4121 2659 4181 είς
2715 4119 2812 4189 τὴν
2862 4119 2963 4187 τῆς
3025 4118 3263 4183 Κυζίκου
3314 4119 3644 4190 χερρόνησον

408 4215 667 4282 ἐπειρᾶτο
696 4214 816 4274 τοὺς
842 4213 1138 4283 ἐγχωρίους
1163 4213 1567 4282 ὑπαγαγέσθαι.
1616 4216 1883 4287 Ἐντυχὼν
1912 4220 1968 4274 δὲ
2008 4221 2156 4291 αὑτῷ
2187 4220 2216 4273 ό
2253 4216 2556 4279 Ῥουσέλιος
2588 4215 2726 4268 κατὰ
2756 4212 2955 4283 κράτος
3010 4213 3206 4277 αὐτοὺς
3270 4213 3642 4285 ἐτραπὼσατο,

409 4304 759 4372 ἐνισταμένου
793 4304 1038 4371 Μαρτίου
1065 4304 1251 4374 μηνὸς,
1279 4305 1378 4373 τῆς
1405 4303 1452 4356 α’
1477 4305 1824 4371 ίνδικτιῶνος.

482 4396 591 4448 Τοῦ
652 4396 709 4447 δὲ
739 4396 1077 4466 πατριάρχου
1119 4397 1365 4449 Ἰωάννου
1397 4398 1491 4450 τοῦ
1542 4396 1817 4467 Ξιφιλίνου
1865 4420 1977 4456 κοι-
2010 4412 2056 4466 ι)
2145 4406 2229 4475 Se]

1899 4421 1977 4456 οι-
2010 4412 2056 4466 ι)
2145 4406 2374 4475 Sepulto
2412 4410 2592 4457 autem
2625 4400 2943 4471 patriarcha
3000 4400 3209 4457 Joanne
3268 4401 3555 4472 Xiphilino
3590 4410 3645 4458 et

415 4485 680 4557 μήθέντος
721 4488 814 4539 καὶ
862 4486 998 4557 πρὸς
1028 4487 1126 4556 τὴν
1158 4489 1352 4557 ἀγήρω
1379 4488 1530 4557 λῆξιν
1582 4492 1974 4563 μεταθεμένου,

410 4581 437 4631 ὁ
466 4578 718 4649 βασιλεὺς
760 4579 945 4648 ἓτερον
982 4580 1426 4647 προυχειρίσατο,
1460 4580 1521 4633 οὐ
1555 4580 1662 4633 τῶν
1710 4584 1806 4653 τῆς
1841 4602 1976 4654 συγ-

413 4672 638 4742 κλήτου,
669 4671 729 4723 οὐ
779 4671 887 4724 τῶν
921 4670 1019 4739 τῆς
1062 4670 1403 4738 Ἐκκλησίας,
1439 4670 1539 4724 οὐκ
1582 4671 1740 4726 ἄλλον
1786 4676 1976 4730 οὐδένα

412 4762 517 4815 τῶν
546 4760 859 4825 Βυζαντίων
886 4760 994 4813 τῶν
1032 4760 1095 4814 εκ
1121 4776 1181 4813 τε
1206 4760 1364 4829 λόγου
1416 4763 1511 4816 καὶ
1556 4764 1802 4833 πράξεως
1861 4767 1976 4820 ovo—

414 4852 639 4923 μαστῶν
666 4853 757 4905 καὶ
782 4852 1171 4923 περιωνύμων,
1200 4854 1429 4921 Κοσμᾶν
1458 4853 1515 4906 δέ
1561 4870 1681 4907 τινα
1743 4856 1975 4927 μοναχὸν

411 4946 507 5016 τῆς
568 4945 732 5013 ἁγίας
810 4944 908 5015 μὲν
960 4943 1165 5007 πόλεως
1225 4946 1579 5015 ἀφικόμενον,
1631 4948 1863 5023 μεγίστῃ
1918 4948 1975 5002 δὲ

411 5041 544 5108 τιμῇ
580 5037 733 5108 παρά
760 5036 1022 5108 βασιλέως
1046 5036 1354 5107 τιμώμενον
1394 5038 1483 5091 διὰ
1515 5041 1613 5108 τὴν
1642 5041 1974 5111 ἐπιπρέπου-

416 5145 510 5181 σαν
547 5128 697 5197 αὐτῷ
728 5130 959 5200 ἀρετήν’
1002 5129 1050 5181 εί
1108 5128 1212 5200 γὰρ
1240 5131 1333 5183 καί⁵
1374 5130 1472 5199 τῆς
1526 5130 1725 5193 ἔξωθεν
1781 5132 1970 5201 σοφίας

414 5223 676 5290 ἄγευστος
719 5217 784 5291 ἦν
831 5222 926 5275 καὶ
962 5222 1224 5293 ἀμύητος,
1264 5223 1378 5276 ἀλλ’
1418 5225 1640 5292 ἀρεταῖς
1681 5226 1954 5289 ποικίλαις

415 5313 760 5384 ἐνωραῖξετο.
790 5314 882 5367 Διὸ
911 5315 1002 5367 καὶ
1028 5316 1243 5369 πάντων
1271 5314 1541 5385 ὑπεριδὼν
1576 5316 1738 5371 αὑτὸν
1761 5317 1969 5382 καθίζει

412 5408 503 5459 ἐπὶ
536 5406 647 5458 τῶν
678 5408 875 5459 οἰάκων
897 5407 994 5475 τῆς
1035 5405 1378 5476 Ἐκκλησίας.

491 5498 551 5552 Ὀ
574 5498 633 5551 δὲ
664 5496 1020 5569 Βοτανειάτης
1053 5498 1121 5552 τά
1169 5499 1292 5552 καθ’
1339 5498 1528 5552 ἑαυτὸν
1558 5494 1617 5552 εὖ
1671 5499 1976 5572 διατιθέμε-

415 5606 525 5656 νος,
554 5590 656 5644 xci.
704 5591 841 5661 πρὸς
886 5590 947 5644 τὸ
981 5590 1340 5661 προκείμενον
1372 5590 1532 5659 ἔργον
1576 5590 1605 5643 ὅ
1646 5591 1977 5662 ἀνερῤίψατο

417 5681 859 5754 ἐτοιμαζόμενος,
915 5682 1122 5747 πάντας
1173 5686 1287 5736 ὅσοι
1337 5684 1466 5736 ποτέ
1512 5684 1802 5754 στρατείας
1847 5700 1976 5753 μετ-

418 5776 747 5849 ιποιήσαντο
810 5774 1344 5845 προσκαλεσάμενος,
1394 5774 1648 5844 τάγματα
1683 5774 1744 5827 lx
1773 5772 1977 5828 τούτων

2081 4500 2146 4554 ad
2178 4500 2371 4554 domos
2408 4505 2642 4551 aeternas
2671 4493 2960 4558 translato,
3026 4492 3325 4563 imperator
3354 4495 3520 4549 alium
3550 4494 3647 4550 de-

2082 4592 2228 4661 legit,
2257 4603 2365 4642 non
2409 4603 2475 4641 ex
2527 4586 2802 4641 senatorio
2832 4584 3023 4640 ordine
3062 4600 3239 4654 neque
3282 4600 3347 4639 ex
3377 4585 3645 4651 Ecclesia,

2082 4696 2257 4751 neque
2294 4680 2462 4732 ullum
2491 4678 2658 4731 alium
2711 4675 3097 4745 Byzantiorum
3154 4676 3269 4730 sive
3334 4675 3647 4746 eloquentia

2080 4773 2194 4829 sive
2246 4770 2409 4825 rebus
2450 4769 2619 4837 gestis
2653 4767 2923 4822 clarorum
2979 4776 3033 4821 ct
3064 4766 3379 4831 celebrium,
3406 4768 3501 4823 sed
3536 4768 3645 4822 Co-

2080 4876 2251 4918 smam
2273 4860 2560 4930 quemdam
2596 4857 2949 4923 monachum,
2986 4856 3137 4927 quia
3172 4866 3365 4911 sancta
3422 4858 3647 4913 civitate

2080 4962 2319 5015 venerat,
2344 4961 2397 5006 et
2425 4953 2477 5005 in
2528 4950 2766 5005 maximo
2831 4948 3038 5003 honore
3093 4950 3235 5020 apud
3263 4950 3644 5019 imperatorem

2081 5045 2381 5100 habebatur
2448 5052 2673 5112 propter
2717 5043 2972 5095 virtutem
3026 5056 3131 5111 qua
3191 5041 3449 5110 praeditus
3503 5049 3643 5095 erat.

2080 5135 2212 5190 Nam
2245 5135 2460 5190 tametsi
2491 5142 2727 5189 externae
2745 5132 3024 5201 sapientia:
3048 5147 3242 5200 expers
3269 5139 3387 5186 erat
3414 5140 3469 5186 et
3498 5132 3645 5187 illius

2081 5227 2338 5298 mysteria
2370 5225 2595 5280 minime
2622 5230 2888 5295 gustarat,
2919 5232 3154 5278 attamen
3198 5224 3370 5279 variis
3426 5224 3645 5277 virtuti-

2081 5320 2185 5374 hus
2237 5317 2610 5373 elllorescebat
2642 5327 3013 5386 ;quapropter
3042 5315 3302 5370 omnibus
3366 5315 3487 5370 aliis
3548 5330 3644 5370 ne-

2073 5411 2262 5481 glectis
2295 5410 2470 5478 ipsum
2533 5408 2601 5462 ad
2669 5408 2923 5463 Ecclesiae
2968 5407 3338 5477 gubernacula
3388 5408 3640 5463 collocat.

2144 5502 2453 5557 Bolaniates
2474 5517 2605 5556 vero
2632 5502 2770 5555 bene
2800 5500 3120 5569 compositis
3147 5498 3262 5554 suis
3284 5500 3470 5561 rebus,
3496 5508 3548 5551 et
3574 5498 3643 5554 ad

2074 5592 2418 5665 propositum
2443 5607 2606 5663 opus,
2648 5590 2795 5660 quod
2827 5590 3136 5655 distulerat,
3186 5598 3429 5659 paratus,
3460 5590 3641 5641 omni-

2075 5686 2176 5740 bus
2235 5685 2548 5754 quicunque
2598 5697 2837 5751 unquam
2890 5681 3138 5735 militiam
3191 5678 3423 5750 professi
3478 5678 3640 5751 732

2076 5774 2292 5829 fuerant
2347 5774 2415 5827 ad
2463 5789 2523 5830 se
2584 5773 2890 5839 accersitis,
2924 5771 3168 5843 legiones
3228 5785 3293 5827 ex
3349 5771 3415 5826 iis
3444 5772 3640 5841 coegit.
