4424 6450
761 373 867 438 463

2016 362 2260 425 JOANN
2274 362 2340 421 lS
2370 362 2743 424 SCYLITZE
3911 366 4020 431 434

767 485 976 553 Quibus
1034 490 1088 540 et
1133 482 1393 554 pecunias
1454 488 1506 535 et
1563 479 1887 547 dignitatum
1944 474 2179 545 insignia
2206 474 2417 536 (τιον-Α
2452 492 2511 527 συ

2274 490 2343 527 tr—
2374 481 2417 536 Α
2452 479 2835 546 συνεστήσατο,
2861 470 2942 539 οἷς
2975 478 3067 531 καὶ
3112 478 3410 548 χρημάτων
3446 478 3674 547 δςανομῇ
3708 478 3802 530 καὶ
3842 476 4016 542 ἀξιω-

767 579 957 648 gitus,
1028 575 1189 631 etiam
1260 572 1595 643 negligentes
1671 574 1738 624 ad
1804 568 2143 639 propositum
2205 581 2343 636 opus

767 675 1051 736 promptos
1097 663 1333 717 reddidit
1384 672 1550 731 atque
1593 660 1820 714 alacres.
1882 656 2095 723 Quibus
2142 654 2344 709 auditis

764 760 842 813 illi
883 759 1044 812 etiam
1080 754 1175 825 qui
1200 754 1266 808 ab
1301 755 1629 822 imperatore
1679 750 1832 803 missi
1888 749 2101 803 fuerant
2154 756 2211 800 ut
2254 744 2347 798 Ni-

764 864 930 900 t'mattt
965 846 1329 907 cutodirent,
1365 858 1486 898 eum
1533 840 1789 895 omnibus
1822 840 1997 917 cupiis
2047 839 2113 891 ad
2165 838 2343 903 ipsum

767 939 1111 1009 transfugere
1134 948 1188 992 et
1220 938 1405 991 urbem
1461 936 1581 991 sine
1611 951 1789 1006 pugna
1833 933 2182 988 dediderunt.
2217 932 2345 985 Coe-

766 1036 841 1102 git
872 1034 999 1085 item
1036 1030 1328 1083 Tureicum
1363 1029 1662 1082 exercitum
1702 1029 1979 1088 idoneum,
2019 1025 2177 1093 cujus
2233 1023 2342 1075 dux

766 1132 884 1178 erat
914 1123 1201 1177 Cutlumus
1234 1121 1322 1174 ille
1346 1119 1579 1174 celebris
1608 1134 1731 1172 cum
1764 1118 1889 1170 [iliis
1928 1117 2190 1185 quinque.
2229 1112 2339 1167 llos

768 1214 871 1268 sibi
921 1213 1237 1267 conciliavit
1297 1210 1390 1279 qui
1436 1211 1652 1264 sultano
1699 1208 2021 1277 cognatione
2054 1204 2337 1273 conjuncti

770 1314 926 1361 erant
970 1313 1023 1358 et
1049 1302 1345 1356 studebant
1379 1303 1481 1356 sibi
1522 1302 1797 1353 vindicare
1843 1314 2006 1353 omne
2069 1299 2344 1352 Persicum

769 1399 1083 1468 imperium.
1111 1397 1217 1450 Sed
1252 1395 1396 1449 haud
1443 1402 1690 1463 poterant
1740 1392 2004 1447 adversus
2038 1392 2189 1445 illum
2244 1407 2344 1459 pu-

769 1508 957 1561 gnare,
1004 1500 1056 1543 et
1088 1488 1293 1542 ideirco
1322 1486 1385 1539 ad
1415 1485 1784 1539 Romanorum
1808 1485 2077 1553 regionem
2109 1482 2346 1536 advene—

767 1593 913 1647 rant,
948 1593 1006 1635 ut
1031 1598 1213 1652 parem
1240 1579 1306 1633 ad
1337 1580 1414 1632 illi
1450 1579 1817 1633 resistendum
1856 1578 2153 1646 potentiam
2207 1591 2344 1630 nan-

770 1678 1130 1731 ciscerentur.
1172 1672 1341 1739 Magis
1404 1685 1554 1733 vero,
1622 1670 1665 1721 si
1727 1683 1851 1721 vera
1923 1667 2105 1720 dicere
2180 1682 2349 1735 opor—

772 1780 889 1832 tet,
966 1780 1142 1836 pugna
1231 1767 1491 1817 adversus
1564 1762 1836 1814 snlzaiium
1913 1760 2204 1813 commissa
2277 1758 2343 1812 de

772 1874 885 1916 toto
954 1858 1180 1928 imperio
1255 1854 1699 1909 contendentium
1757 1853 1810 1905 in
1856 1852 1973 1905 loco
2020 1853 2113 1921 qui
2170 1851 2348 1905 Rheas

769 1952 1251 2020 VtDCiIlUI'julllquc
1285 1946 1627 2001 conﬂicturis
1659 1945 2017 2005 exercitibus,
2064 1944 2128 1995 ad
2188 1957 2350 1996 aures

776 2045 975 2099 :tccitlit
1023 2042 1249 2109 calipltm
1314 2038 1541 2103 factum,
1619 2036 1712 2105 qui
1764 2034 1905 2103 apud
1962 2036 2110 2102 ipsos
2160 2033 2349 2087 eodem

771 2136 965 2205 mquali
1012 2134 1220 2188 honore
1255 2147 1363 2198 quo
1402 2128 1543 2181 Dens
1575 2127 1926 2180 celebratur:
1962 2134 2013 2181 et
2055 2126 2141 2177 ille
2168 2126 2351 2177 statim

772 2236 959 2298 Spt‘elo
997 2226 1142 2278 omni
1173 2222 1315 2275 fastu
1344 2229 1397 2274 et
1426 2234 1576 2272 more
1606 2219 1735 2288 (nan
1769 2216 1913 2269 enim
1943 2214 2344 2269 concedebatur

773 2319 875 2388 ipsi
902 2327 1053 2370 extra
1074 2311 1350 2383 proprium
1373 2307 1666 2376 hospitium
1689 2304 1892 2374 egredi)
1914 2302 2161 2356 celeriter
2178 2300 2356 2356 liheas

776 2408 1101 2483 perveniens
1124 2403 1363 2465 divertit,
1389 2409 1443 2454 et
1468 2396 1733 2465 aciesjam
1759 2394 2217 2465 congressurasin
2242 2408 2356 2448 me-

774 2507 866 2557 dio
897 2512 1050 2556 stans
1081 2500 1148 2552 ad
1180 2512 1363 2566 pacem
1384 2496 1633 2547 hortatus
1655 2501 1737 2546 est
1761 2507 1859 2560 pro
1884 2491 2113 2543 utilitate
2141 2489 2357 2557 quidem

775 2595 1067 2650 Persarum
1104 2599 1158 2642 et
1189 2588 1431 2655 ipsorum
1466 2583 1703 2652 imperii,
1739 2583 1883 2634 malo
1912 2596 2038 2635 vero
2072 2580 2280 2649 imperii
2307 2588 2361 2633 et

777 2685 1033 2758 potentiae
1084 2680 1497 2733 Romanorum:
1568 2674 1738 2727 variis
1796 2672 1941 2726 enim
2012 2671 2361 2725 sermonibus

779 2782 923 2833 ultro
952 2777 1202 2842 citroque
1242 2769 1462 2833 habitis,
1492 2766 1556 2819 ad
1585 2775 1890 2820 extremum
1924 2763 2052 2815 vicit
2114 2761 2164 2815 id
2217 2763 2360 2830 quod

778 2874 825 2923 ei
864 2868 1089 2921 coriiiter
1126 2863 1259 2915 utile
1298 2861 1473 2913 visum
1540 2868 1646 2922 est,
1707 2865 1765 2909 ut
1825 2855 2078 2907 sultanus
2135 2851 2359 2906 Perside

781 2962 1072 3031 potiretur,
1099 2954 1256 3023 cujus
1297 2951 1458 3005 etiam
1520 2957 1674 3017 pater
1729 2947 1987 3001 dominus
2068 2944 2265 3006 fuerat,
2327 2940 2363 2995 ii

781 3046 940 3118 733
970 3060 1096 3097 vero
1127 3041 1217 3110 qui
1250 3054 1372 3093 cum
1404 3039 1659 3090 Cntlumo
1686 3044 1864 3099 erant,
1898 3034 2140 3103 acceptis
2187 3032 2362 3101 copiis

2453 571 2637 639 μάτων
2669 571 2919 640 περιωπῇ
2952 569 3017 621 τὸ
3048 572 3353 641 ἀμέριμνον
3385 570 3479 622 καὶ
3519 570 3654 640 πρὸς
3698 569 3760 622 τὸ
3792 570 4019 640 προκείο

2451 679 2611 732 μενον
2665 661 2947 732 ἐπέρρωσε
3000 662 3304 731 πρόθυμον.
3334 654 3434 715 Ὧν
3484 660 3817 723 ἀκούσαντες
3852 661 3944 714 καὶ
3970 662 4020 715 οι

2448 751 2547 821 τὴν
2586 751 2825 805 Νίκαιαν
2851 752 3036 821 τηρεῖν
3066 752 3201 821 πρὸς
3233 750 3502 821 βασιλέως
3532 751 3851 820 ἐσταλμένοι
3869 768 4021 820 παμ-

2449 842 2642 912 πληθεὶ
2693 841 2781 913 [Ρ.
2830 842 2957 914 861]
3008 842 3156 913 αύτῴ
3216 842 3656 913 προσειροίτησαν
3727 842 4021 912 αὐτόμολοι

2448 937 2539 988 καὶ
2576 935 2672 1005 τὴν
2709 935 2862 988 πόλιν
2894 939 3139 1007 ἀμαχητὶ
3194 937 3587 1006 προδεδώκασι.
3640 934 4020 999 Συνεστήσατο

2447 1028 2503 1080 δὲ
2533 1029 2627 1080 καὶ
2654 1028 2958 1098 Τουρκικὸν
2999 1029 3231 1099 στρατὸν
3270 1027 3571 1095 ἀξιόλογον,
3620 1019 3681 1079 οἶ)
3724 1026 4023 1095 καθηγεῖτο

2448 1120 2831 1189 Κουτλουμοῦς
2860 1122 3062 1182 ἐκεῖνος
3090 1121 3118 1171 ό
3152 1120 3484 1189 περιϐόητος
3520 1121 3616 1172 σὺν
3653 1117 3792 1169 υἱέσι
3840 1116 4022 1180 πέντε,

2447 1211 2669 1272 τούτους
2699 1213 3261 1283 προσεταιρισάμενος
3293 1211 3614 1281 προσγενεῖς
3647 1208 3742 1279 μὲν
3766 1207 3840 1277 τῷ
3868 1206 4025 1259 σουλ-

2447 1303 2590 1371 τάνῳ
2618 1304 2985 1371 τυγχάνοντας
3015 1305 3108 1356 καὶ
3130 1303 3614 1369 ἀντιποιουμένους
3646 1300 3744 1369 μὲν
3764 1299 3863 1367 τῆς
3893 1299 4028 1367 Περ-

2450 1394 2611 1462 σικῆς
2663 1396 2878 1466 ἁπάσης
2925 1396 3299 1467 ἐπικρατείας,
3334 1393 3773 1464 ἀδυνατήσαντας
3800 1390 3858 1444 δὲ
3890 1390 4027 1460 πρὸς

2447 1487 2651 1539 ἐκεῖνον
2707 1488 2995 1558 μάχεσθαι,
3039 1488 3131 1541 καὶ
3173 1486 3261 1539 διὰ
3290 1485 3447 1539 τοῦτο
3493 1488 3560 1555 τῇ
3604 1482 3878 1554 Ῥωμανία
3908 1484 4021 1534 ὲπι·

2449 1583 2801 1651 δημήσαντας
2851 1580 2987 1632 ὥστε
3021 1581 3219 1649 κράτος
3248 1579 3441 1645 ἐκείνῳ
3487 1578 3763 1629 ἀντίθετον
3825 1575 4021 1643 κτήσα-

2449 1674 2593 1737 σθαι,
2646 1670 2851 1741 μᾶλλον
2884 1672 2960 1735 δὲ,
3012 1672 3058 1721 εἰ
3104 1671 3185 1722 δεῖ
3207 1668 3436 1734 τάληθὲς
3466 1669 3659 1731 εἰπεῖν,
3690 1666 3870 1736 μάχην
3929 1681 4019 1716 συο

2450 1765 2818 1836 στησαμένους
2848 1764 2981 1833 πρὶς
3041 1761 3131 1815 τὸν
3161 1760 3448 1815 σουλτάνον
3487 1759 3579 1813 καὶ
3608 1759 3734 1827 περὶ
3770 1759 3868 1825 τῆς
3898 1754 4025 1823 ὅλης

2380 1827 2422 1881 Β
2454 1827 2902 1926 ζυγομαχοῦντας.
2938 1853 3110 1924 ἀρχῆς
3140 1851 3283 1904 κατὰ
3332 1851 3424 1903 τὸν
3461 1850 3625 1902 τόπον
3666 1848 3723 1910 ὃς
3783 1846 4027 1899 καλεῖται

2464 1950 2639 2008 Ῥέας.
2705 1947 2815 1997 Καὶ
2876 1947 2974 2015 ήῖη
3034 1940 3442 2013 συρῤήγνυσθαι
3526 1939 3826 2007 μελλόντων
3916 1934 4025 1987 τῶν

2454 2035 2898 2106 στρατευμάτων,
2952 2035 3029 2095 εἰς
3062 2027 3174 2085 ὦτα
3217 2031 3404 2083 πίπτει
3436 2029 3496 2081 τὸ
3539 2028 3771 2097 πρᾶγμα
3809 2022 3886 2093 τῷ
3922 2038 4018 2091 χα-

2452 2131 2602 2199 λιξᾷ,
2642 2128 2699 2189 ὃς
2735 2126 2863 2194 παρ’
2900 2125 3079 2186 αὐτοῖς
3107 2125 3164 2175 ὲν
3225 2120 3417 2190 ίσοθέῳ
3448 2120 3669 2187 τιμᾶται
3701 2117 3859 2185 τιμῇ.
3904 2113 4018 2166 Κά-

2456 2226 2630 2285 κεῖνος
2687 2219 2884 2274 αύτίκα
2951 2214 3370 2284 καταφρονήσας
3451 2211 3655 2272 παντὸς
3707 2209 3871 2275 ὄγκου
3934 2206 4029 2257 καὶ

2455 2317 2607 2377 ἔθους
2663 2314 2744 2383 (ού
2781 2312 2889 2381 γὰρ
2944 2310 3127 2377 ἐφεῖτο
3180 2304 3327 2375 αὐτῷ
3378 2302 3689 2375 προϐαίνειν
3744 2299 3842 2368 τῆς
3892 2297 4025 2359 ἰδίας

2458 2405 2785 2474 καταγωγῆς
2818 2403 2995 2470 ἐκτὸς)
3032 2401 3202 2468 ταχὺς
3234 2398 3431 2458 ἐλάσας
3462 2397 3539 2457 εἰς
3564 2394 3623 2446 τὸ
3662 2391 3750 2444 Ῥὲ
3786 2387 4025 2459 παραγί-

2458 2516 2629 2559 νεται,
2676 2497 2768 2547 καὶ
2811 2493 2947 2562 πρὸς
2995 2488 3328 2559 παρατάξεις
3385 2487 3483 2555 ἤδη
3538 2482 3838 2552 μελλούσας
3900 2478 4017 2547 συρο

2461 2584 2763 2657 ῥήγνυσθαι
2804 2584 2964 2652 μέσος
2996 2580 3125 2640 στὰς
3156 2580 3225 2630 τὰ
3258 2577 3391 2646 πρὸς
3442 2577 3664 2643 εἰρήνην
3724 2573 3913 2630 αὑταῖς
3958 2568 4029 2621 δι,

2458 2682 2681 2750 ῄτησεν,
2716 2677 2805 2727 ἐπὶ
2864 2673 3192 2743 συμφέροντι
3244 2670 3340 2739 μὲν
3377 2668 3483 2720 τῶν
3517 2665 3738 2737 Περσῶν
3784 2663 3879 2716 καὶ
3933 2661 4032 2729 τῆς

2458 2770 2640 2823 αὐτῶν
2696 2766 2891 2836 ἀρχῆς,
2930 2764 3023 2816 ἐπὶ
3084 2762 3239 2830 κακῴ
3295 2761 3351 2812 δὲ
3406 2759 3505 2826 τῆς
3571 2757 3680 2809 τῶν
3748 2753 4034 2822 Ῥωμαίων

2459 2859 2809 2929 ἐπικρατείας
2869 2857 2961 2907 καὶ
3008 2854 3272 2917 ἐξουσίας.
3324 2852 3511 2916 Λόγων
3598 2851 3706 2918 γάρ
3768 2844 4036 2913 διαφόρων

2462 2950 2793 3021 κινηθέντων
2850 2948 2945 3000 καλ.
3005 2945 3306 3015 λεχθέντων
3350 2943 3658 2993 τελευταῖον
3708 2938 3900 3007 κρατεῖ
3978 2932 4036 2983 τὸ

2473 3042 2630 3107 δόξαν
2670 3039 2816 3110 αὐτῷ
2844 3042 2995 3108 κοινῇ
3025 3036 3325 3097 λυσιτελὲς,
3349 3033 3489 3085 ὥστε
3509 3034 3599 3084 τὸν
3631 3030 3727 3100 μὲν
3758 3026 4041 3080 σουλτάνον

781 3150 835 3195 et
876 3136 1094 3191 auxiliis
1129 3147 1157 3184 a
1184 3132 1400 3186 sultano
1458 3130 1512 3183 in
1545 3144 1697 3183 suam
1729 3135 2049 3196 potestatem
2094 3124 2367 3177 Romano-
2396 3168 2438 3224 ὓ
2470 3136 2528 3206 ἄρ

2290 3137 2367 3176 ¹⁰’
2396 3168 2438 3224 C
2470 3136 2654 3206 ἄρχειν
2680 3133 2779 3201 τῆς
2809 3131 3065 3201 Περσίδος
3107 3124 3248 3199 ᾗπερ
3293 3129 3386 3179 καὶ
3432 3128 3457 3177 ὁ
3488 3124 3670 3192 πατὴρ
3700 3121 3887 3183 αὐτοῦ,
3914 3120 4037 3175 τους

783 3247 900 3286 rum
933 3230 1211 3298 regionem
1243 3224 1575 3292 redigerent,
1621 3231 1673 3274 et
1706 3221 1974 3273 haberent
2003 3218 2055 3270 in
2091 3215 2361 3284 propriam

788 3326 1067 3394 regionem
1119 3326 1442 3386 potestatem
1476 3322 1529 3366 et
1577 3311 1884 3381 imperium,
1916 3311 1989 3362 ita
2032 3320 2087 3361 ut
2125 3307 2274 3359 nullo
2313 3320 2372 3359 se

784 3423 977 3467 mutuo
1011 3408 1259 3465 convicio
1284 3404 1541 3458 alliciant.
1567 3403 1685 3455 Tali
1718 3400 2093 3455 admonitione.
2123 3414 2184 3450 ac
2207 3411 2373 3451 suasu

786 3504 1017 3573 caliplta:
1100 3502 1378 3555 dirimitur
1461 3514 1674 3569 pugna,
1743 3506 1798 3549 et
1876 3495 2017 3547 cedit
2080 3491 2370 3553 exercitus,

790 3595 1081 3662 omnisque
1140 3592 1418 3645 contentio
1472 3589 1847 3659 propulsatur,
1903 3595 1958 3639 et
2002 3582 2374 3636 Romanorum

792 3691 909 3742 loca
934 3686 1038 3739 sibi
1082 3684 1137 3737 in
1195 3684 1517 3738 servitutem
1555 3680 1825 3749 subjicere
1877 3685 2184 3746 cmperunt.
2262 3671 2373 3725 llos

792 3778 954 3848 igitur
984 3788 1108 3827 cum
1177 3773 1279 3827 sibi
1325 3771 1629 3835 ascivisset,
1683 3785 1807 3821 eum
1871 3766 2068 3819 idoneo
2129 3763 2373 3818 exercitu

791 3884 889 3937 pro
922 3867 1055 3920 inito
1080 3879 1267 3920 secum
1299 3862 1502 3916 findere
1527 3858 1843 3921 fesunabat,
1898 3864 1951 3910 et
1990 3855 2123 3908 inito
2180 3855 2375 3907 itinere

797 3962 861 4014 ad
930 3959 1165 4013 Nicceam
1212 3951 1595 4009 contendebat.
1653 3951 1848 4019 Ingens
1928 3956 2108 4000 autem
2188 3956 2376 3997 nume-

800 4069 894 4107 rus
972 4068 1036 4106 ex
1121 4046 1439 4117 Μοεοιοιιοιί
1520 4044 1585 4097 ad
1668 4042 1845 4112 ipsum
1911 4038 2153 4108 quotidie
2246 4050 2377 4088 con—

795 4148 982 4198 liuere.
1040 4142 1101 4195 Et
1154 4140 1298 4210 quod
1346 4139 1495 4192 dictu
1544 4138 1627 4190 est
1678 4131 2014 4194 incredibile,
2081 4144 2147 4182 ne
2209 4125 2373 4179 'l'urci

797 4233 1021 4302 quidem
1086 4230 1188 4298 ipsi
1271 4226 1659 4295 impedimento
1746 4221 1918 4282 fuere,
2008 4220 2117 4272 imo
2194 4217 2376 4286 potius

796 4340 920 4378 cum
990 4318 1291 4374 reverentia
1369 4318 1602 4385 quadam
1660 4322 1713 4367 et
1794 4309 2138 4365 observantia
2210 4305 2377 4359 comi-

799 4417 1074 4475 tabantur,
1144 4420 1197 4464 et
1286 4408 1474 4478 rrgina
1562 4406 1803 4469 urbium,
1860 4410 1915 4455 et
1973 4414 2163 4453 onmes
2208 4398 2377 4465 ipsius

2475 3230 2529 3281 δὲ
2558 3228 2680 3296 περὶ
2704 3227 2792 3277 τὸν
2820 3220 3200 3289 Κουτλουμοῦς
3228 3217 3491 3277 λαϐόντας
3522 3214 3749 3282 δύναμιν
3765 3209 3917 3278 παρὰ
3944 3207 4038 3259 τοῦ

2476 3317 2764 3371 σουλτάνου
2790 3318 2883 3369 καὶ
2916 3314 3239 3382 συγχέρειαν
3261 3310 3359 3378 τήν
3385 3308 3493 3359 τῶν
3534 3305 3819 3374 Ῥωμαίων
3858 3301 4042 3370 χώραν

2476 3412 2686 3471 ἑαυτοῖς
2719 3405 3189 3475 περιποιήσασθαι
3220 3404 3315 3455 καὶ
3368 3402 3514 3470 ἔχειν
3561 3400 3639 3459 είς
3682 3397 3816 3449 ίδίαν
3862 3393 4045 3462 χώραν

2477 3503 2569 3555 καὶ
2598 3500 2847 3566 ἐξουσίαν
2887 3498 2982 3549 καλ¹
3020 3494 3317 3564 βασιλείαν,
3349 3493 3488 3544 ὥστε
3522 3490 3685 3559 μηδὲν
3716 3484 4044 3554 ἐπηρεάζειν

2477 3591 2746 3660 ἀλλήλοις.
2772 3589 2880 3641 Καὶ
2913 3587 3005 3639 ἐπὶ
3032 3590 3098 3656 τῇ
3124 3584 3349 3653 τοιαύτῃ
3374 3582 3621 3650 ὑποθήκῃ
3658 3579 3751 3631 καὶ
3774 3576 4045 3643 διαιτήσει

2475 3683 2566 3736 τοῦ
2600 3683 2802 3752 χαλιφᾶ
2831 3681 2940 3749 (Μ)
2975 3679 3247 3731 διαλύεται
3286 3677 3381 3745 μὲν
3426 3675 3459 3742 ἡ
3496 3674 3639 3742 μάχη
3687 3670 3781 3721 καὶ
3815 3671 3842 3720 ὁ
3883 3682 4046 3734 στρα-

2476 3775 2566 3837 τὸς
2624 3774 2896 3841 ὑποχωρεῖ
2946 3771 3039 3822 καὶ
3096 3772 3245 3821 πᾶσα
3284 3769 3317 3836 ἡ
3375 3766 3485 3835 ἔρις
3536 3760 4046 3827 ἁποδιοπομπεῖται,

2478 3866 2571 3918 καὶ
2594 3864 2660 3917 τὰ
2701 3864 2809 3914 τῶν
2873 3860 3161 3929 Ῥωμαίων
3196 3854 3561 3911 καταδουλοῦν
3605 3854 3817 3913 ἑαυτοῖς
3872 3849 4050 3917 ἀπήρ-

2480 3956 2654 4019 ξαντο.
2698 3952 2932 4013 Τούτους
2972 3947 3065 4003 οὖν
3122 3946 3677 4019 προσεταιρισάμενος
3722 3940 3856 4009 μετὰ
3886 3954 4048 4005 στρα-

2476 4045 2596 4107 τιᾶς
2626 4040 2903 4107 ἀξιολόγου
2961 4039 3053 4091 καὶ
3081 4040 3169 4089 ἐπὶ
3198 4035 3492 4102 συνθήκαις
3521 4035 3715 4102 ῥηταῖς
3753 4027 3871 4098 μεθ’
3921 4029 4048 4078 ὲαυ⁹

2476 4136 2570 4189 τοῦ
2617 4134 2971 4202 συνεπήγετο,
2998 4132 3089 4181 καὶ
3125 4128 3222 4197 τῆς
3249 4126 3369 4179 ὁδοῦ
3398 4124 3702 4193 ἀρξάμενος
3728 4119 3923 4189 ἐχώρει
3956 4117 4045 4167 ἐπὶ

2480 4227 2576 4296 τὴν
2602 4224 2855 4277 Νίκαιαν.
2898 4222 3036 4273 Πολὺ
3090 4221 3147 4272 δὲ
3208 4218 3408 4285 πλῆθος
3470 4216 3567 4283 τῆς
3626 4210 4042 4283 μεγαλοπόλεως

2482 4316 2740 4367 ἑκάστοτε
2774 4314 3060 4381 συνέρρεον
3100 4310 3232 4379 πρὸς
3260 4308 3442 4360 αὐτόν.
3476 4307 3585 4358 Καὶ
3615 4306 3674 4357 τὸ
3704 4304 3768 4373 δὴ
3814 4300 4051 4371 παράδο-

2482 4405 2592 4472 ξον,
2616 4407 2694 4457 ὅτι
2730 4404 2849 4455 οὐδὲ
2880 4405 2928 4454 οἱ
2953 4399 3184 4470 Τοῦρκοι
3218 4398 3469 4468 ἐμποδὼν
3510 4395 3658 4465 αύτῷ
3698 4394 4050 4455 καθίσταντο,

800 4508 1098 4577 principes,
1136 4502 1343 4571 quique
1378 4498 1731 4567 magistratus
1767 4503 2042 4564 gererent,
2086 4492 2291 4559 quique
2317 4489 2371 4541 in
2406 4491 2449 4546 Ι)
2482 4515 2547 4568 πρ

2317 4489 2371 4541 in
2406 4491 2449 4546 1)
2482 4499 2834 4568 προέπεμπον
2874 4494 2927 4545 δὲ
2974 4493 3174 4561 μᾶλλον
3240 4491 3335 4541 σὺν
3383 4488 3520 4541 αἰδοῖ
3588 4488 3681 4537 καὶ
3731 4485 4050 4551 σεδάσματι.

801 4595 1136 4653 suburbanis
1167 4603 1219 4645 ct
1274 4593 1408 4645 vicis
1468 4597 1644 4643 erant.
1698 4586 1841 4653 Quin
1892 4588 2056 4639 etiam
2122 4581 2376 4635 Ecclesia:

802 4704 1057 4761 proceres
1102 4690 1154 4739 in
1192 4701 1359 4738 unum
1406 4682 1793 4737 convenientes
1845 4677 1908 4731 ad
1963 4674 2376 4729 celeberrimum

804 4783 899 4835 Dei
937 4779 1102 4835 Verbi
1135 4778 1353 4845 Sophia:
1388 4773 1676 4842 templum,
1740 4785 1913 4839 nuper
1969 4765 2377 4821 imminentibus

803 4871 1117 4943 epibateriis
1153 4867 1596 4921 Annuntiationis
1648 4865 1816 4917 beatae
1866 4860 2064 4923 Mariae,
2096 4858 2374 4912 declarant.

807 4968 1191 5034 imperatorem
1209 4959 1573 5022 Botaniatem,
1609 4964 1885 5025 praeeunte
1926 4953 2009 5005 his
2056 4950 2370 5019 patriarcha

808 5058 1005 5113 divina:
1025 5054 1176 5110 urbis
1208 5066 1416 5121 magna:
1446 5048 1771 5109 Antiocltiw,
1806 5046 2025 5098 nomine
2055 5040 2373 5102 1Emiliano,

2486 4590 2592 4640 Καὶ
2624 4588 2657 4655 ἡ
2692 4584 2901 4654 βασιλὶς
2946 4582 3002 4633 δὲ
3032 4581 3139 4633 τῶν
3185 4580 3390 4632 πόλεων
3445 4579 3539 4630 καὶ
3577 4578 3685 4627 πᾶν
3719 4576 3780 4627 τὸ
3813 4577 3869 4625 ἐν
3914 4575 4052 4642 αὐτῇ

2485 4677 2782 4747 ἐξαίρετον,
2820 4675 2943 4726 ὅσον
2976 4689 3035 4724 τε
3074 4673 3131 4723 ὲν
3164 4672 3386 4741 ἄρχουσι
3417 4669 3509 4720 καὶ
3540 4669 3662 4719 ὅσον
3712 4669 3768 4719 ὲν
3805 4666 4051 4725 ἀστικοῖς

2489 4769 2585 4827 καὶ
2616 4767 2923 4835 δημοτικοῖς
2946 4763 3079 4834 (42),
3110 4762 3243 4815 ἀλλὰ
3274 4763 3378 4829 μὴν
3406 4763 3498 4811 καὶ
3528 4761 3586 4811 τὸ
3608 4760 3703 4826 τῆς
3723 4756 4051 4824 Ἐκκλησίας

2492 4863 2769 4930 ἔκκριτον,
2814 4861 2965 4927 κοινῇ
2998 4854 3341 4915 συνελθόντες
3369 4855 3447 4915 είς
3477 4852 3567 4904 τὸν
3592 4852 3924 4921 περίπυστον
3957 4847 4057 4915 τῆς

2478 4951 2573 5005 τοῦ
2616 4950 2750 5003 Θεοῦ
2802 4949 2974 5015 Λόγου
3018 4946 3215 5014 Σοφίας
3242 4942 3396 5007 νεὼν,
3449 4944 3570 5011 ἄρτι
3603 4944 3709 4994 τῶν
3757 4940 3851 4993 τοῦ
3883 4939 4057 5005 Εὐαγ-

2484 5040 2747 5104 γελισμοῦ
2778 5040 2875 5104 τῆς
2917 5039 3258 5107 Θεομήτερος
3297 5034 3664 5103 ἐπιϐατηρίων
3697 5032 3805 5102 (45)
3836 5034 4055 5098 ε’ξισταο

2070 5180 2305 5239 JACOBI
2335 5179 2547 5236 GOARI
2578 5177 2805 5234 NOTAE.

883 5310 997 5379 (41)
1027 5309 1304 5365 Cedrenns
1361 5308 1416 5362 in
1464 5305 1812 5379 Monamacho
1864 5301 2065 5379 p.375
2093 5300 2372 5379 seriphum

811 5370 991 5435 vocat'
1026 5382 1326 5434 secundum
1379 5394 1409 5431 a
1469 5377 1703 5445 calipha,
1772 5370 1881 5428 ceu
1925 5373 2227 5445 dignitatis
2256 5370 2377 5445 eius

814 5466 1193 5505 successorem
1238 5466 1254 5500 :
1306 5449 1483 5517 ipsum
1549 5438 2008 5517 verocalipham'
2050 5442 2164 5497 sive
2217 5438 2380 5493 halife

812 5520 1175 5573 Lennelavius
1209 5520 1261 5571 in
1289 5513 1641 5572 Onomastico
1676 5516 1930 5568 vicarium
1962 5513 2376 5579 interpretatur,

816 5592 985 5642 locum
1039 5598 1316 5649 tenentem,
1366 5586 1617 5641 haeredem
1683 5594 1731 5638 et
1775 5598 2145 5637 successorem.
2203 5579 2382 5645 Halife

811 5658 1057 5719 Lulluhe,
1091 5659 1287 5725 inquit,
1313 5659 1539 5711 vicarius
1566 5656 1684 5717 Dei,
1716 5654 1969 5725 vicengei
1989 5668 2169 5725 gerens
2198 5650 2250 5700 in
2281 5660 2357 5701 ter

814 5733 908 5783 ris.
943 5728 1122 5799 Malife
1155 5723 1555 5799 Huhamedum,
1579 5726 1742 5780 lieres
1756 5723 2089 5785 Multamelis,
2115 5734 2382 5799 successor

816 5800 868 5854 Μ
878 5788 1156 5856 ιιΙιαιηεὶίι.
1176 5798 1203 5853 1
1212 5808 1264 5853 ta
1286 5798 1450 5868 prisci
1482 5788 1835 5867 Agarenornm
1862 5809 2003 5862 reges
2030 5809 2082 5847 se
2105 5788 2381 5843 vocabant.

2482 5298 2569 5352 Ita
2606 5295 2839 5349 Scachus
2898 5291 3083 5345 Ismail
3135 5287 3416 5357 affectabat
3443 5288 3571 5339 dici.
3607 5284 3799 5339 Eodem
3835 5284 4057 5351 denique

2485 5368 2641 5420 titulo
2676 5382 2730 5418 se
2760 5364 3047 5416 Turcorum
3087 5361 3343 5427 principes
3378 5369 3590 5411 ornant.

2558 5436 2668 5504 (ΔΞ)
2703 5435 2931 5504 Expone
2969 5423 3210 5498 :Quique
3248 5423 3311 5504 ea:
3338 5424 3814 5504 promiscrta'plelie
3870 5423 3946 5504 νει
3998 5436 4061 5473 (σε

2487 5492 3142 5575 νθᾴίοιὶιιηι,ἐοιίερὶοιῖυηί
3156 5492 3487 5575 partiumque
3501 5495 3775 5559 pra’cipuis
3794 5492 4061 5559 conﬂuxe-

2489 5567 2635 5637 ru'nt,
2670 5590 2767 5628 eos
2796 5567 3065 5640 siqui—dem
3119 5567 3449 5637 δημοτικούς
3494 5568 3807 5635 signiﬁcare
3851 5569 4059 5616 dictum

2491 5657 2575 5701 est
2607 5647 2660 5696 in
2701 5645 3033 5696 Cedrcnunt‘.

2565 5715 2675 5785 (45)
2712 5712 2900 5785 Prima
2952 5722 3138 5779 empta,
3187 5708 3354 5785 aperis
3394 5704 3735 5785 inauguralia
3765 5741 3780 5765 ,
3843 5701 4064 5782 actionis

2491 5774 2741 5853 eitcwtiia,
2763 5783 2938 5849 initia,
2969 5774 3164 5835 necnon
3190 5778 3367 5846 felicia
3399 5779 3635 5843 auspicia
3667 5775 3926 5829 dicuntur
3950 5774 4059 5822 ἐπι-
