4424 6450
393 375 501 435 ,ζίῖὸ

1829 369 1880 427 II
1895 368 2219 430 [STORLL

3521 354 3627 417 Llili

395 489 592 556 μένων,
628 482 1017 554 ἀναγορεύουσι
1046 481 1136 535 τὸν
1166 483 1531 552 Βοτανειάτην
1559 482 1959 553 αὐτοκράτορα,
1990 484 2037 544 Λ
2065 491 2118 539 et

1899 501 1959 548 ια,
1990 484 2037 544 Λ
2065 491 2118 539 ct
2150 481 2489 551 metropolita
2527 479 2730 540 lconii;
2770 478 3010 549 ipsisque
3058 476 3241 533 omnis
3292 474 3472 529 clerus
3511 488 3646 528 con-

391 576 821 645 προεξάρχοντος
859 573 1061 625 τούτων
1104 571 1197 625 τοῦ
1245 573 1589 642 πατριάρχου
1635 572 1969 632 θεουπόλεως

394 668 639 737 μεγάλης
685 665 1036 734 Ἀντιοχείας,
1064 663 1157 716 τοῦ
1190 663 1590 732 ὀνομαζομένου
1627 660 1967 732 Αἰμιλιανοῦ,

391 756 483 806 καὶ
534 752 628 805 τοῦ
680 751 1077 822 μητροπολίτου
1122 751 1365 804 Ἰκονίου.
1406 750 1665 803 Συννεύει
1712 768 1767 803 τε
1799 751 1908 812 πᾶς
1942 752 1969 803 ὁ

391 844 593 913 κλῆρος
626 843 809 905 αὐτοῖς
840 843 933 894 καὶ
966 843 999 910 ή
1031 840 1331 910 σύγκλητος
1364 843 1458 894 καὶ
1503 844 1536 912 ή
1588 842 1739 905 πόλις
1785 840 1969 909 σχεδὸν

392 936 602 988 ἅπασα.
636 932 721 1005 [Ρ.
748 931 877 1005 862]
893 934 1001 985 Καὶ
1025 932 1383 1004 διαιρεθέντες
1402 933 1539 988 κατά
1556 935 1785 1004 φατρίας
1805 932 1851 983 οἱ
1881 934 1972 999 τῆς

394 1027 669 1089 πολιτείας
720 1025 996 1095 ἐπώνυμοι
1018 1026 1508 1096 συνταγματάρχας
1552 1045 1610 1079 τε
1642 1025 1971 1097 προϐάλλον-

393 1134 484 1169 ται
521 1117 616 1170 καὶ
655 1116 849 1187 λόχους
888 1120 1171 1183 ἐπιφανεῖς
1202 1119 1616 1186 συνεστήσαντο.
1646 1116 1974 1187 κυριεύωσι

396 1208 580 1262 δὲκαὶ
619 1210 725 1261 τῶν
775 1209 1096 1278 ἀνακτόρων
1146 1207 1205 1273 ἐξ
1252 1209 1440 1277 ἐφόδου
1500 1210 1593 1261 καὶ
1640 1207 1975 1278 στρατιώτας

394 1299 677 1368 ὲφιστῶσι,
703 1300 829 1361 τοὺς
860 1298 953 1351 τοῦ
996 1298 1259 1368 βασιλέως
1312 1299 1528 1368 Μιχαὴλ
1583 1299 1973 1365 ὲκδιώξαντες,

395 1393 623 1460 πολέμῳ
674 1392 735 1445 τὸ
774 1392 1160 1462 μισθοφορικὸν
1210 1392 1739 1459 καταγωνισάμενοι.
1770 1391 1979 1444 Καθαι-

396 1482 551 1552 ροῦσι
585 1482 767 1534 δὲκαὶ
814 1483 905 1534 τὸν
956 1480 1313 1551 βασιλεύοντα
1364 1481 1582 1550 Μιχαὴλ
1632 1480 1872 1548 φυγόντα
1902 1480 1981 1544 είς

394 1572 468 1625 τὰ
505 1575 563 1625 ὲν
590 1573 921 1642 Βλαχέρναις
965 1572 1239 1641 ἀνάκτορα
1281 1572 1377 1625 σὺν
1404 1575 1469 1642 τῇ
1495 1572 1776 1643 Αύγούστῃ
1796 1571 1983 1642 Μαρία

392 1667 460 1733 τῇ
495 1664 553 1727 ἐξ
595 1664 831 1717 Ἀλάνων
878 1664 972 1716 καὶ
1023 1663 1100 1733 τῷ
1135 1662 1327 1716 τούτου
1390 1663 1540 1716 παιδὶ
1594 1664 1985 1732 Κωνσταντίνῳ

398 1755 482 1821 τῷ
535 1755 1055 1823 Πορφυρογεννήτῳ,
1092 1754 1186 1805 καὶ
1217 1754 1351 1821 πρὸς
1387 1752 1477 1805 τὸν
1517 1754 1725 1823 μονήρη
1788 1753 1985 1822 μεταλ-

2071 577 2263 639 sensit,
2297 586 2351 629 et
2382 585 2607 629 senatus
2637 584 2690 628 ct
2720 571 2901 627 omnis
2957 571 3069 625 fere
3099 570 3315 623 civitas.
3385 565 3450 620 Et
3490 566 3647 620 divisi

2072 683 2168 738 per
2199 666 2393 729 tribus,
2431 666 2521 733 qui
2554 674 2711 719 erant
2746 664 2799 717 in
2866 661 3142 730 republica
3176 660 3443 720 illustres,
3479 668 3534 712 et
3568 656 3648 711 le-

2074 758 2296 827 gionum
2329 755 2613 825 praefectos
2644 752 2949 815 declarant,
3006 757 3060 804 et
3122 748 3342 803 ordines
3398 747 3647 816 insignes

2075 849 2437 907 c0nstituunt,
2457 857 2509 900 ct
2528 844 2745 911 palatiis
2773 844 3066 910 derepente
3085 838 3390 908 potiuntur,
3417 836 3654 889 milites-

2074 952 2179 1006 que
2203 937 2498 1004 diSpouunt
2525 934 2615 1003 qui
2643 931 2989 1000 imperatoris
3019 927 3301 982 Michaelis
3331 925 3532 979 milites
3562 940 3656 978 cv-

2077 1031 2299 1099 pellant,
2344 1029 2527 1095 [ιταλιὶο
2562 1025 2722 1096 734
2750 1024 3113 1078 mercenaries
3163 1020 3522 1075 debellantes.
3552 1017 3656 1071 Ca-

2078 1122 2232 1191 piunt
2252 1128 2426 1174 autem
2452 1120 2835 1187 imperatorem
2866 1115 3204 1176 Michaelem,
3238 1113 3330 1183 qui
3358 1113 3422 1167 ad
3455 1110 3657 1182 palatia

2080 1213 2134 1265 in
2161 1210 2483 1264 Blacbernis
2514 1208 2723 1278 fugerat
2761 1223 2883 1261 cum
2912 1207 3152 1275 Augusta
3185 1204 3354 1258 Maria
3383 1218 3449 1258 ex
3468 1201 3657 1257 Alanis

2082 1317 2289 1371 suoque
2351 1300 2461 1354 tilio
2525 1298 2891 1352 Constantino
2950 1294 3442 1366 Porphyrogenito,
3498 1301 3553 1348 et
3592 1294 3660 1345 ad

2082 1395 2439 1448 monasticam
2477 1392 2643 1445 vitam
2706 1389 3001 1443 traducunt
3054 1387 3121 1441 ad
3157 1386 3337 1441 Studii
3378 1391 3661 1438 monaste-

2083 1485 2248 1546 rium,
2280 1498 2401 1536 cum
2438 1483 2525 1535 vili
2556 1483 2803 1551 jnmento
2838 1478 3250 1539 transmissum,
3307 1491 3430 1530 cum
3486 1488 3661 1528 annos

2085 1590 2181 1630 sex
2213 1574 2553 1642 imperasset,
2598 1571 2790 1626 eodem
2864 1570 3104 1624 Sabbato
3158 1582 3267 1637 quo
3324 1582 3355 1621 a
3410 1564 3664 1619 ﬁdelibus

2089 1665 2415 1719 miraculum
2457 1661 2649 1716 Lazari
2684 1662 3017 1716 celebratur.
3055 1660 3120 1712 Et
3148 1658 3492 1712 constituunt
3525 1670 3665 1725 prm-

2088 1755 2266 1811 t‘ectos
2310 1756 2400 1824 qui
2438 1754 2742 1809 continenti
2806 1754 3096 1821 imperent,
3131 1750 3263 1820 quin
3293 1742 3461 1803 etiam
3496 1748 3667 1801 drun-

398 1844 656 1898 λάττουσι
690 1844 824 1913 βίον,
868 1848 933 1913 τῇ
968 1844 1063 1896 τοῦ
1117 1843 1365 1896 Στουδίου
1409 1844 1526 1911 μετ’
1588 1843 1837 1907 εὐτελοῦς
1885 1844 1978 1897 τοῦ
2014 1837 2053 1890 Β
2087 1863 2145 1917 ga

1021 1844 1063 1896 νῦ
1117 1843 1365 1896 Στουδίου
1409 1844 1526 1911 μετ’
1588 1843 1837 1907 εὐτελοῦς
1885 1844 1978 1897 τοῦ
2014 1837 2053 1890 Β
2087 1849 2295 1917 garium
2329 1847 2528 1901 classis
2561 1853 2768 1899 creant.

397 1938 693 2005 ὑποζυγίου
750 1935 1223 2007 παραπέμψαντες
1290 1937 1426 2005 μονῇ
1467 1975 1480 1998 ,
1553 1937 1970 2005 μοναρχήσαντα
2009 1937 2232 2006 χρόνους
2291 1935 2371 2001 ἓξ,
2432 1940 2489 1990 ὲν
2544 1935 2694 2004 αὐτῷ
2753 1934 2831 2005 τῷ
2874 1932 3137 2000 Σαϐϐάτῳ
3175 1930 3289 1999 (44)
3357 1924 3401 1998 ᾧ
3454 1931 3485 2000 ἠ
3561 1933 3639 1983 ὲπ

396 2033 635 2102 Λαζάρῳ
695 2030 1113 2100 θαυματουργία
1147 2029 1297 2098 παρὰ
1323 2028 1430 2080 τῶν
1477 2029 1681 2081 πιστῶν
1746 2029 2069 2100 ἑορτάζεται
2139 2031 2250 2100 (45)
2284 2048 2295 2061 ·
2336 2032 2429 2083 καὶ
2480 2028 2811 2101 προῖστῶσιν
2865 2025 3041 2098 ἀρχάς
3068 2024 3166 2087 τάς
3223 2040 3281 2076 τε
3315 2023 3407 2076 ἐπὶ
3464 2023 3660 2094 ξηρᾶςκ

398 2124 537 2179 ἀλλὰ
566 2125 672 2194 μὴν
705 2122 917 2191 καὶτῆς
948 2121 1223 2187 θαλάσσης
1247 2120 1606 2188 δρουγγάριον
1633 2118 1726 2171 τοῦ
1781 2120 1967 2172 στόλου
2006 2122 2459 2192 προϐαλλόμενοι.

474 2219 632 2272 Οὕτω
674 2219 730 2270 δὲ
781 2217 891 2269 τῶν
927 2216 1069 2269 κατά
1094 2217 1192 2286 τὴν
1232 2215 1389 2267 πόλιν
1426 2215 1765 2285 πραγμάτων
1816 2232 1983 2286 φερο-

410 2313 590 2381 μένων
634 2309 785 2380 παρά
836 2311 1017 2362 πᾶσαν
1074 2306 1406 2377 προσδοκίαν
1469 2305 1561 2359 τοῦ
1609 2325 1668 2360 τε
1721 2306 1985 2375 βασιλέως

405 2403 847 2471 καθαιρεθέντος,
884 2403 912 2454 ό
937 2400 1297 2468 Βοτανειάτης
1331 2400 1605 2462 πεποιθὼς
1630 2398 1825 2469 ἐχώρει
1850 2398 1985 2468 πρὸς

403 2497 465 2550 τὸ
504 2496 822 2559 Βυζάντιον,
846 2492 1186 2560 ἀναίμακτον
1221 2491 1412 2563 ὥσπερ
1457 2492 1858 2562 ἀπολαμϐάνων
1891 2491 1987 2561 τὴν

405 2588 578 2658 ἀρχὴν
614 2586 713 2657 τὴν
749 2585 1149 2656 αὐτοκράτορα,
1184 2586 1231 2637 εί
1264 2584 1358 2638 καὶ
1409 2585 1570 2647 αὐτὸς
1622 2585 1759 2655 πρὸς
1812 2584 1988 2653 μάχας

406 2678 503 2730 καὶ
553 2676 826 2743 πολέμους
868 2674 1246 2738 διεσκευάζετο
1282 2676 1375 2726 καὶ
1408 2674 1467 2725 τ’)
1524 2674 1617 2725 ὑπ’
1658 2674 1821 2724 αὑτὸν
1854 2689 1986 2723 συν-

413 2769 636 2840 εκρότει
657 2768 1083 2836 στρατιωτικόν.’
1103 2768 1160 2818 '0
1175 2767 1231 2818 δὲ
1253 2766 1544 2834 λογοθέτης
1566 2765 1877 2834 Νικηφόρος
1900 2764 1993 2816 καὶ

408 2863 438 2913 ό
454 2861 647 2913 τούτου
664 2860 1017 2929 ὁμοιότροπος
1038 2857 1200 2911 Δαϐὶδ
1222 2858 1357 2927 πρὸς
1378 2858 1615 2926 ἑσπέραν
1645 2856 1993 2928 ἐξώρμησαν,

411 2952 506 3004 καὶ
538 2949 1015 3019 καταλαμϐάνουσι
1055 2948 1359 3001 Ῥουσέλιον
1394 2950 1449 3001 ὲν
1488 2947 1783 3017 Ἡρακλεία
1838 2948 1988 2999 αύλι-

413 3042 642 3111 ζὸμενον
670 3041 766 3093 καὶ
795 3040 863 3092 τὰ
912 3041 1010 3110 τῆς
1040 3039 1150 3092 τῶν
1176 3040 1486 3093 ἀντιπάλων
1541 3039 1695 3107 νίκης
1748 3038 1825 3103 τῷ
1878 3036 1995 3106 Θεῷ

2161 2218 2296 2272 Cum
2321 2220 2373 2272 in
2404 2219 2509 2272 hoc.
2539 2226 2682 2271 statu
2709 2223 2905 2285 praeter
2924 2230 3139 2269 omnem
3174 2213 3668 2283 exspectationem-

2094 2321 2448 2366 versarentur
2508 2325 2595 2363 res
2654 2308 2809 2363 urbis
2870 2315 2923 2362 et
2999 2307 3294 2377 imperator
3382 2306 3668 2360 abdicatus

2095 2412 2239 2459 esset
2271 2404 2522 2471 imperio,
2560 2400 2872 2454 Botaniates
2904 2399 3098 2453 ﬁducia
3125 2400 3317 2468 plenus
3344 2396 3666 2467 Byzantimn

2097 2496 2482 2558 contendebat,
2518 2494 2675 2561 quasi
2711 2493 2827 2545 sine
2848 2492 3115 2560 sanguine
3154 2502 3480 2558 accepturus
3514 2503 3669 2541 sum-

2101 2600 2247 2638 mum
2282 2583 2589 2652 imperium,
2629 2581 2844 2634 tatnctsi
2883 2582 2999 2649 ipse
3039 2579 3102 2633 ad
3138 2594 3347 2648 pugnas
3397 2588 3452 2633 et
3486 2577 3668 2647 prwlia

2100 2684 2325 2745 paratus
2353 2683 2491 2735 erat,
2523 2681 2577 2727 et
2612 2673 2814 2725 milites
2846 2686 2984 2739 quos
3012 2670 3247 2723 habebat
3279 2667 3673 2723 cohortabatur

2104 2773 2161 2816 ιιι
2190 2763 2422 2831 prompti
2458 2776 2522 2814 ac
2566 2762 2737 2829 parati
2807 2768 3016 2814 essent.
3083 2759 3425 2826 Nicephorius
3487 2763 3670 2809 autem

2103 2855 2397 2925 logotbeta,
2426 2862 2481 2907 el
2504 2852 2624 2920 ejus
2660 2865 2871 2904 morum
2907 2850 3187 2904 studiosus
3234 2847 3425 2910 David,
3477 2846 3543 2899 ad
3579 2860 3671 2899 ve-

2106 2960 2321 3015 speram
2352 2957 2608 3013 erupere,
2638 2950 2689 2994 et
2720 2942 2783 2993 ad
2821 2941 3098 2994 ltnselium
3128 2941 3180 2993 in
3235 2938 3491 2993 Heraclea
3523 2952 3674 2991 com-

2106 3044 2408 3089 morantem
2450 3035 2798 3104 perveniunt,
2840 3042 2893 3085 et
2944 3033 3054 3085 Deo
3083 3032 3346 3085 sacriﬁcia
3383 3032 3434 3084 in
3471 3031 3672 3100 quibus

414 3130 750 3201 χαριστήρια
798 3127 1103 3182 θύοντα.οί
1155 3128 1211 3180 δὲ
1263 3129 1362 3197 τῆς
1413 3128 1621 3190 πόλεως
1688 3127 1780 3177 ἐπὶ
1818 3127 1995 3195 τρισὶν
2025 3148 2067 3204 C
2102 3144 2161 3195 gr

1923 3127 2067 3204 :‘wC
2102 3128 2306 3195 gratias
2334 3134 2515 3195 ageret
2574 3125 2639 3177 de
2697 3123 2937 3177 hostium
3007 3122 3238 3177 victoria
3300 3132 3670 3193 peragentem.

416 3222 657 3289 ἡμέραις
682 3220 750 3272 τά
778 3220 1056 3289 ἀνάκτορα
1078 3220 1209 3284 ἄτερ
1263 3219 1527 3287 βασιλέως
1563 3218 1995 3287 συντηρήσειντες

416 3312 711 3378 γράμμασι
730 3309 821 3361 τὸν
845 3308 1203 3375 Βοτανειάτην
1223 3308 1574 3375 διαναστῆναι
1593 3309 1686 3359 καὶ
1712 3306 1883 3358 ἐλθεῖν
1905 3323 1998 3359 τα-

416 3400 711 3470 χινώτερον
738 3399 1017 3452 ἔσπευδον.
1048 3398 1261 3468 Σπουδῇ
1291 3398 1347 3450 δὲ
1372 3399 1452 3460 εἰς
1482 3399 1773 3467 Πραίνετον
1808 3399 1998 3467 ἀφικό-

418 3511 604 3564 μενος,
632 3492 727 3545 ἓνα
756 3492 866 3545 τῶν
885 3492 981 3545 σὺν
1016 3491 1165 3559 αὐτῷ
1182 3490 1350 3558 ἄνδρα
1370 3493 1615 3557 γενναῖον
1643 3492 1737 3542 καὶ
1757 3491 1992 3559 δραστή-

418 3600 535 3652 ριον
553 3582 876 3642 ἀποστείλας
892 3580 1109 3649 Βορίλον
1135 3579 1225 3631 τὸν
1266 3579 1464 3631 ἑαυτοῦ
1487 3579 1693 3645 δοῦλον,
1712 3583 1905 3648 κρατεί
1927 3580 1995 3631 τὰ

415 3674 720 3742 ἀνάκτορα.
753 3672 885 3725 Μετ’
918 3671 1096 3738 ὀλίγον
1126 3671 1181 3723 δὲ
1218 3670 1309 3723 καὶ
1345 3671 1508 3733 αὐτὸς
1535 3670 1728 3723 εἴσεισι
1758 3674 1878 3724 κατ’
1902 3673 1998 3723 αύ-

416 3764 518 3834 τὴν
560 3764 659 3834 τὴν
726 3764 970 3832 μεγάλην
1023 3762 1213 3832 τρίτην
1267 3762 1400 3831 (46),
1459 3762 1553 3815 καὶ
1595 3766 1715 3825 ταῖς
1760 3762 1852 3816 τοῦ
1892 3781 1997 3816 πα-

415 3857 687 3924 τριάρχου
712 3855 865 3923 χερσὶ
903 3854 980 3923 τῷ
1014 3854 1279 3922 βασιλικῷ
1330 3853 1631 3905 ταινιοῦται
1685 3854 1995 3923 διαδήματι.

416 3945 919 4015 Φιλοτιμησάμενος
975 3945 1032 3997 δὲ
1087 3946 1291 4008 πάντας
1336 3946 1463 4007 τοὺς
1521 3947 1617 3998 σὺν
1667 3944 1811 4013 αὐτῷ
1853 3945 1908 3997 έν
1938 3964 1997 3998 τε

415 4039 620 4105 δώροις
654 4040 747 4091 καὶ
783 4040 1026 4107 κτήμασι
1079 4038 1172 4089 καὶ
1200 4036 1494 4105 ἀξιώμασι,
1547 4038 1640 4090 καὶ
1673 4040 1796 4099 τοὺς
1828 4037 2001 4108 Τούρ..

418 4146 548 4191 κους
590 4129 648 4181 δὲ
709 4129 1131 4197 ὲσκηνωμένους
1154 4129 1294 4180 κατὰ
1322 4129 1421 4195 τὴν
1470 4128 1809 4197 Χρυσόπολιν
1849 4132 2000 4198 φιλο-

418 4219 860 4288 φρονησάμενος,
884 4220 992 4270 τῶν
1022 4219 1197 4271 ἄλλων
1231 4220 1572 4287 πραγμάτων
1595 4220 1691 4289 τῆς
1727 4220 2004 4289 βασιλείας

416 4310 695 4379 ἐφήψατο.
737 4309 919 4371 nisi;
945 4308 1000 4359 δὲ
1024 4311 1119 4369 τὰς
1152 4309 1491 4377 δημοσιακὲις
1523 4309 1745 4375 ὀφειλάς
1791 4310 2003 4379 ῥιζόθεν

416 4400 725 4468 ἀπέτεμεν,
767 4399 825 4450 οὔ
863 4400 1001 4467 μετά
1048 4399 1494 4467 προσδιορισμοῦ,
1531 4399 1663 4451 ἀλλά
1696 4400 2000 4469 συλλήϐδην

2105 3221 2263 3274 Cives
2295 3233 2422 3271 vero
2461 3233 2583 3271 cum
2622 3217 2798 3269 tribus
2829 3215 3024 3269 diebus
3055 3216 3251 3282 palatia
3285 3216 3403 3269 sine
3435 3216 3675 3285 impera-

2106 3320 2225 3366 tore
2304 3317 2632 3370 servassent,
2709 3308 2913 3362 litteris
2986 3307 3330 3361 Botaniatem
3394 3317 3453 3361 ut
3510 3323 3674 3375 quam

2106 3403 2391 3457 celerrime
2475 3402 2693 3457 veniret
2751 3403 3063 3469 urgebant;
3121 3403 3213 3472 qui
3261 3419 3384 3457 cum
3436 3404 3675 3457 adhibita

2107 3492 2388 3547 celeritate
2471 3492 2780 3547 Pirenetum
2870 3492 3225 3561 pervenisset,
3265 3509 3433 3546 unum
3494 3509 3558 3548 ex
3610 3494 3678 3547 iis

2104 3583 2197 3651 qui
2237 3598 2359 3637 cum
2394 3584 2511 3653 ipso
2582 3594 2760 3648 erant,
2817 3585 2993 3638 virum
3058 3599 3379 3652 generosum
3431 3591 3485 3637 et
3532 3592 3676 3639 stre-

2106 3691 2275 3730 nuum
2354 3677 2405 3729 in
2463 3677 2624 3730 rebus
2686 3676 2964 3745 gerendis,
3026 3675 3196 3740 misit,
3251 3674 3492 3728 Borilum
3515 3690 3675 3729 suum

2108 3768 2458 3833 familiarem,
2492 3771 2584 3838 qui
2652 3770 2853 3838 palatia
2897 3769 3209 3838 occupavit,
3239 3783 3302 3823 ac
3336 3769 3499 3838 paulo
3557 3775 3678 3835 post

2113 3862 2229 3930 ipse
2299 3878 2517 3931 quoque
2606 3862 2909 3932 ingreditur
2987 3862 3177 3915 eadem
3237 3876 3430 3931 magna
3519 3862 3676 3915 tertia

2110 3953 2267 4025 735
2288 3955 2394 4015 die,
2418 3962 2471 4007 et
2500 3953 2823 4021 patriarcha:
2848 3954 3100 4007 manibus
3126 3952 3473 4020 imperatoris
3497 3952 3664 4006 diade

2110 4053 2252 4096 male
2277 4051 2591 4098 coronatur.
2619 4040 2927 4109 Omnesque
2958 4056 3088 4096 suos
3113 4042 3273 4096 donis
3293 4050 3347 4095 et
3372 4042 3678 4107 posscssio-

2110 4132 2270 4185 nibus
2291 4142 2615 4200 prosecutus
2639 4142 2805 4199 atque
2832 4130 3155 4194 honoribus,
3172 4138 3226 4183 et
3244 4129 3451 4184 Turcos
3469 4129 3594 4183 item
3615 4130 3679 4184 ad

2113 4220 2495 4290 Chrysopolim
2536 4231 2939 4275 commorantes
2962 4220 3196 4289 benigne
3222 4221 3526 4289 amplexus,
3546 4221 3681 4274 alias

2116 4325 2203 4365 res
2235 4308 2303 4363 ad
2337 4309 2622 4377 impcrimn
2664 4311 2999 4377 pertinentes
3033 4325 3327 4380 aggressus
3355 4319 3457 4376 est,
3495 4325 3672 4365 omne.

2114 4415 2217 4470 que
2249 4400 2524 4469 publicum
2565 4416 2639 4455 ms
2682 4402 2919 4455 aliemun
2964 4402 3189 4455 sustulit
3238 4402 3524 4465 radicitus,
3571 4419 3680 4457 non

418 4491 651 4543 πάντων
679 4490 787 4541 τῶν
837 4489 1044 4558 χρόνων
1069 4489 1228 4558 ὁμοῦ,
1266 4489 1341 4551 ώς
1380 4490 1502 4558 μηδ’
1539 4489 1708 4558 ὄνομα
1734 4490 1940 4542 τούτων
1972 4492 2004 4559 ἢ
2041 4498 2085 4555 D
2116 4504 2165 4558 pl

1933 4510 1940 4536 ν
1972 4492 2004 4559 ἢ
2041 4498 2085 4555 ι)
2116 4489 2435 4558 praescripto
2459 4489 2643 4558 aliquo
2667 4500 2935 4559 tempore,
2956 4489 3051 4543 sed
3079 4491 3493 4561 comprehensis
3518 4492 3680 4548 simul

422 4584 661 4651 μνήμην
720 4579 1071 4649 εὑρίσκεσθαι
1110 4580 1142 4649 ἦ
1197 4580 1650 4649 μνημονεύεσθαι.
1688 4578 1841 4632 Ἐπεὶ
1878 4581 1935 4633 δὲ
1981 4584 2009 4635 ό

416 4675 719 4743 Βρυέννιος
763 4672 919 4735 ἐκτὸς
950 4672 1023 4724 ὢν
1070 4672 1137 4724 τά
1186 4674 1284 4741 τῆς
1348 4672 1637 4743 Ἑσπερίας
1683 4672 1857 4727 ἐκύκα
1914 4674 2008 4727 καὶ

418 4761 762 4825 συνεκλόνει,
798 4762 1073 4814 στέλλεται
1108 4764 1242 4833 πρὸς
1268 4763 1428 4815 αὑτὸν
1461 4763 1722 4833 πρεσϐεία
1750 4763 2007 4835 βασιλικὴ

416 4851 854 4920 ἀπαγγέλλουσα
888 4852 1147 4922 μεθέσθαι
1185 4855 1284 4925 μὲν
1324 4856 1420 4921 τὴν
1443 4854 1636 4925 ἄλογον
1669 4856 1869 4926 ὁρμὴν,
1908 4856 2005 4926 τὴν

417 4945 476 4998 δὲ
510 4943 611 4997 τοῦ
640 4941 923 5014 Καίσαρος
957 4943 1186 5009 λαϐόντα
1216 4944 1385 5015 τύχην
1426 4945 1617 5015 στῆναι
1649 4946 1749 5017 τὴν
1804 4946 2003 5016 ὄρεξιν.

2115 4581 2371 4635 omnibus
2398 4582 2756 4649 temporibus,
2783 4584 2852 4635 ita
2880 4590 2937 4635 ut
2964 4597 3142 4651 neque
3167 4596 3363 4637 nomen
3389 4583 3562 4652 ipsius
3590 4592 3679 4637 aut

2116 4670 2379 4724 memoria
2412 4672 2764 4740 reperiretur.
2794 4670 2898 4725 Sed
2932 4687 3057 4725 cum
3092 4671 3395 4742 Bryennius
3429 4672 3561 4728 foris
3596 4688 3679 4728 res

2115 4761 2431 4817 Occidentis
2460 4764 2802 4831 perturbaret
2832 4772 2885 4817 et
2926 4770 3315 4829 commoveret,
3348 4765 3583 4817 mittitur
3616 4764 3679 4818 ad

2115 4855 2294 4922 ipsum
2337 4856 2405 4909 ab
2436 4857 2766 4925 imperatore
2815 4855 3035 4923 legatio,
3085 4869 3207 4924 qua:
3239 4853 3590 4911 denuntiaret
3626 4866 3686 4911 ut

2118 4961 2145 5001 a
2176 4950 2467 5003 temerario
2500 4950 2717 5019 incepto
2755 4948 3050 5003 desisteret
3094 4957 3149 5002 et
3196 4956 3420 5018 accepta
3451 4948 3685 5004 Caesaris

1721 5141 1952 5197 JACOBI
2007 5139 2216 5196 GOARI
2248 5140 2478 5195 ΝΟΤΑΞ.

416 5256 692 5323 ϐατήρια.
728 5251 1001 5324 Cedrenus
1063 5253 1414 5323 ὲπιϐατήριον
1472 5257 1636 5324 εὐχήν
1700 5258 1995 5309 orationem
2046 5278 2055 5293 ε

416 5330 813 5395 inauguralum
841 5323 1011 5395 primo
1035 5324 1398 5395 imperatorem
1430 5324 1668 5393 felicibus
1700 5330 1830 5379 votis
1873 5342 1996 5393 pro-

416 5393 736 5463 sequentem
791 5393 1034 5465 scripsit.
1088 5394 1349 5465 Synesius
1379 5411 1596 5463 quoque
1637 5397 1810 5465 Epist.
1843 5412 1949 5450 Lvn
1979 5411 1993 5448 :

417 5466 581 5521 υῦτω
618 5464 846 5535 πικροῖς
886 5464 1031 5535 ἡμᾶς
1146 5463 1295 5535 πόλις
1327 5463 1703 5535 ἐπιϐατηρίοις
1735 5465 1991 5530 ἐξένισεν.

417 5536 521 5589 llic
556 5532 657 5587 τοῦ
707 5531 1126 5603 Ενὺαγγελισμοῦ
1160 5534 1491 5603 ὲπιϐατήρια
1531 5531 1658 5590 sunt
1690 5552 1843 5590 sacra
1878 5535 1997 5603 festi

414 5602 877 5660 Annunliatiouis
910 5604 1063 5655 initia
1094 5612 1141 5656 et
1182 5602 1441 5672 auspicia.

484 5676 603 5745 (Η)
642 5671 951 5745 Sabbannn
993 5673 1123 5727 illud
1167 5675 1304 5743 apud
1330 5674 1545 5731 Graecos
1566 5675 2010 5732 l‘estil‘almarum

414 5744 787 5815 pervigilium
823 5753 925 5797 cst.

2175 5258 2286 5327 (45)
2323 5258 2464 5330 Int_er
2490 5256 2827 5330 Δεσποτικὰς
2861 5257 3052 5330 έορτ-άς
3090 5255 3291 5330 Christi
3324 5258 3685 5330 Domiuifesla

2105 5325 2353 5381 numerat
2386 5326 2628 5380 Ecclesia
2653 5328 2936 5380 orientalis
2973 5325 3161 5379 Lazari
3193 5344 3221 5380 a
3251 5331 3481 5385 mortuis
3515 5325 3683 5385 exsu-

2103 5398 2468 5456 scitationem,
2488 5397 2647 5465 vulgo
2667 5396 2914 5467 Λαζάρου
2943 5396 3295 5467 τὴνήμέραν.

2173 5467 2285 5535 (46)
2332 5467 2504 5519 Tertia
2535 5476 2733 5519 sancta:
2764 5465 3115 5519 hebdomadas
3137 5465 3273 5532 [ei-ia
3305 5483 3324 5522 :
3354 5468 3502 5524 illius
3530 5475 3679 5527 cnim

2120 5534 2266 5589 ferite
2297 5543 2507 5589 cuncta:
2537 5536 2739 5589 Graecis
2773 5534 3007 5602 μεγάλαι
3045 5536 3323 5591 dicuntur.
3361 5538 3603 5597 Zonaras
3629 5545 3686 5599 in

2115 5605 2475 5681 constantino
2504 5604 2698 5681 Leonis
2718 5604 2989 5681 Sapientis
3012 5605 3121 5658 ﬁlio
3152 5619 3181 5664 :-
3204 5608 3359 5661 Κατὰ
3390 5610 3488 5679 τὴν
3525 5613 3678 5681 ίεράν

2118 5678 2215 5745 τῆς
2244 5676 2485 5746 μεγάλης
2519 5675 2775 5745 πέμπτης
2809 5676 3039 5746 ἡμέραν.
