4424 6450
787 380 883 441 Ni?

2039 374 2355 438 JOANNIS
2396 377 2765 440 SCYLITZE

3916 383 4019 445 £68

782 492 1044 561 dignitate
1086 486 1437 557 cupiditatem
1494 487 1897 558 comprimeret,
1931 496 1985 544 et
2023 505 2210 545 eorum
2246 492 2336 560 qui
2368 492 2414 549 Α
2452 492 2529 545 Ἐι

2272 492 2336 560 ιιιί
2368 492 2414 549 Α
2452 492 2753 562 Ἐπεκόρου
2774 492 2829 545 δὲ
2860 492 2951 545 καὶ
2969 491 3064 555 τάς
3094 490 3261 560 τιμὰς
3276 494 3383 554 τοῖς
3410 491 3506 545 σὺν
3541 493 3687 565 αὖτῷ
3713 496 4019 566 ἀποστατή-

786 598 903 635 ςιιιιι
938 582 1058 650 ipso
1103 578 1421 635 defecerant
1453 580 1689 634 honores
1739 589 1889 636 ratos
1930 596 2052 636 esse
2090 596 2347 652 compro-

785 674 957 728 baret.
992 672 1096 726 Sed
1145 673 1233 728 ubi
1269 673 1466 727 adduci
1501 687 1605 726 non
1641 675 1846 744 potuit,
1880 684 1933 728 et
1971 674 2022 727 in
2068 678 2351 745 pr0posito

791 766 1162 832 permanebat,
1196 774 1359 831 atque
1385 766 1658 834 superbus
1683 768 1909 835 imperio
1944 768 2167 823 minime
2189 770 2351 825 cede-

790 862 900 915 bat,
933 870 1110 923 neque
1145 855 1478 923 principatu,
1508 856 1669 925 cujus
1694 857 1913 911 minime
1960 873 2185 927 compos
2211 867 2349 923 erat,

791 945 1019 998 mittitur
1047 946 1173 999 item
1208 946 1376 999 altera
1409 947 1625 1016 legatio,
1658 964 1778 1017 quae
1828 948 2014 1003 itidem
2059 965 2117 1004 re
2153 950 2351 1005 inlecta

791 1032 969 1085 rediit.
992 1030 1286 1102 Postquam
1310 1033 1472 1088 etiam
1506 1038 1665 1090 tertia
1699 1036 1916 1091 advenit
1950 1039 2163 1108 legatio,
2184 1038 2352 1094 misso

790 1121 1031 1174 ltninano
1089 1123 1265 1191 primo
1328 1125 1559 1193 praeside
1612 1134 1667 1180 et
1737 1142 1934 1197 magno
1997 1130 2352 1185 hetmriarcha

790 1212 1244 1278 Straboromano,
1303 1232 1480 1285 neque
1538 1217 1684 1271 illam
1739 1221 2001 1285 admittit,
2032 1223 2124 1276 sed
2171 1224 2353 1292 potius

790 1301 1062 1358 hominem
1116 1305 1477 1375 ignominioso
1537 1310 1768 1379 accipit,
1816 1326 1921 1365 non
1974 1320 2230 1382 tanquam
2286 1318 2354 1369 ab

789 1398 1117 1462 imperatore
1158 1398 1250 1452 sed
1282 1399 1440 1467 quasi
1484 1414 1512 1452 a
1547 1400 1701 1457 ducis
1739 1401 1969 1471 alicujus
2020 1406 2194 1473 legato
2224 1406 2355 1461 mis-

789 1498 930 1547 sum,
960 1494 1216 1555 quamvis
1253 1500 1660 1545 sacrosanctum
1694 1507 1890 1563 corpus
1932 1495 2089 1565 legati
2125 1497 2355 1551 habetur

790 1575 870 1629 vel
908 1577 1048 1646 apud
1099 1578 1342 1634 inﬁdeles
1389 1582 1540 1650 ipsos
1585 1584 1739 1651 quasi
1779 1586 1928 1654 pacis
1972 1598 2266 1657 proreneta
2300 1598 2353 1645 et

790 1668 1145 1734 pugnantium
1186 1672 1512 1726 conciliator
1547 1674 1975 1740 bellicarumquc
2024 1678 2351 1733 seditionum

790 1759 1070 1825 rlepulsor.
1106 1759 1263 1815 Tunc
1295 1763 1455 1815 etiam
1487 1764 1713 1819 fortuito
1748 1766 1947 1821 eeeidit
1975 1766 2227 1838 Bryennii
2271 1780 2351 1825 ta-

792 1848 1167 1910 bernaculum,
1231 1859 1375 1905 tecto
1429 1854 1603 1921 ipsius
1647 1871 1675 1907 ιι
1729 1857 1979 1911 manibus
2017 1875 2137 1927 qu:e
2184 1860 2351 1915 videri

791 1935 1087 2001 nequibant
1114 1938 1275 2009 736
1305 1955 1517 1995 everso.
1540 1943 1751 1996 Accidit
1775 1946 1900 1998 item
1936 1946 2074 2000 lunae
2099 1948 2350 2012 defectio,

789 2040 909 2091 quae
942 2029 1007 2079 ad
1046 2026 1223 2096 ipsum
1256 2032 1513 2098 respexit,
1547 2034 1816 2101 siquidem
1866 2035 1981 2089 hmc
2024 2053 2353 2096 consuevere

793 2123 850 2167 ut
874 2117 1168 2185 plurimum
1192 2128 1542 2189 tyrannorum
1572 2125 1885 2179 eversiones
1913 2130 2351 2199 prmsigniﬁcarc,

790 2209 1244 2277 quemadmodum
1283 2210 1317 2264 ii
1356 2214 1445 2280 qui
1484 2214 1536 2267 in
1570 2224 1841 2270 astrorum
1872 2222 2063 2288 nugaci
2114 2225 2353 2277 vanitate

792 2309 1081 2353 versantur
1110 2301 1390 2357 declarant
1422 2315 1475 2357 ct
1506 2306 1891 2363 vaticinanlur.
1926 2310 2163 2366 Reverso
2192 2314 2354 2382 igitur

795 2390 1231 2447 Straboromano
1273 2409 1332 2448 re
1373 2394 1595 2460 inlecta,
1626 2397 1819 2452 bellica
1853 2402 2035 2455 munia
2065 2417 2352 2472 aggressus

792 2492 878 2535 est
920 2483 1229 2552 imperator,
1260 2494 1314 2539 et
1370 2486 1632 2541 adversus
1666 2489 1846 2557 ipsum
1898 2492 2157 2547 instruxit
2203 2512 2355 2550 exer-

793 2572 984 2636 citum,
1022 2588 1085 2627 ac
1127 2575 1337 2630 ﬁduciae
1384 2578 1575 2645 plenus
1614 2581 1762 2635 illius
1790 2582 2189 2639 demolitionem
2217 2603 2356 2655 ιιι-πει

793 2663 1012 2716 dicavit.
1065 2662 1408 2719 Celebralum
1458 2666 1601 2720 enim
1655 2668 1979 2724 elementum
2033 2671 2077 2723 N
2126 2674 2352 2741 simplex

795 2759 1003 2803 tantum
1035 2760 1089 2807 ct
1112 2768 1216 2807 non
1250 2754 1447 2823 duplex
1482 2771 1509 2808 a
1544 2758 1756 2811 vatibus
1788 2762 2153 2828 spectabatur.
2180 2765 2355 2833 Atque

796 2843 957 2895 etiam
987 2842 1180 2897 ducem
1206 2846 1508 2913 praelicicns
1545 2863 1712 2900 unum
1739 2864 1802 2902 cx
1842 2851 2168 2915 illustribus,
2203 2855 2354 2907 nobi-

799 2934 1066 2988 lissimum
1100 2936 1344 2989 Alexium
1371 2937 1735 3003 Comnenum,
1759 2955 2012 3010 magnum
2050 2942 2224 3011 ipsqu
2256 2944 2354 2997 do-

802 3027 1085 3079 mesticum
1115 3026 1422 3096 declarans,
1452 3030 1542 3099 qui
1580 3029 1859 3085 Ruselium
1901 3033 2179 3102 ingeniose
2206 3036 2356 3104 prius

2458 596 2634 634 σασιν.
2664 580 2752 652 [Ρ.
2776 577 2899 649 863]
2918 578 2974 633 Ὀ
2996 580 3050 632 δὲ
3072 578 3333 647 ἄτεγκτος
3354 576 3442 650 ἦν,
3464 582 3559 634 καὶ
3591 584 3906 653 ἀτεράμων,
3928 588 4021 641 καὶ

2455 668 2820 741 ὑπερήφανος,
2856 669 2953 722 καλ⁵
2986 670 3085 739 τῆς
3112 669 3386 739 βασιλείας
3412 670 3486 741 μὴ
3518 672 3866 744 ἐξιστάμενος
3887 677 4023 746 μηδὲ

2451 759 2560 813 τῶν
2585 762 2867 829 πρωτείων
2898 759 3263 829 παραχωρῶν,
3300 753 3375 813 ὢν
3396 761 3494 813 οὐκ
3524 757 3591 831 ἦν
3625 762 3831 833 κύριος.
3864 764 4023 817 Στέλ-

2453 850 2602 905 λεται
2636 850 2726 903 καὶ
2755 850 2982 917 δευτέρα
3016 851 3281 921 πρεσϐεία
3312 853 3446 922 πρὸς
3474 852 3655 919 αὐτὸν,
3692 857 3784 907 καὶ
3804 857 4023 924 γέγονεν

2452 938 2751 1009 ἄπρακτος.
2797 941 2917 993 Ἐπὶ
2946 942 3121 1014 ταύτῃ
3148 942 3319 995 δὲκαὶ
3353 944 3512 1013 τρίτη
3548 944 3811 1015 πρεσϐεία
3841 949 4019 1016 φοιτᾷ.

2457 1031 2736 1094 σταλέντος
2799 1031 3079 1102 Ῥωμανοῦ
3133 1036 3587 1106 πρωτοπροέδρου
3637 1038 3732 1089 καὶ
3789 1038 4022 1106 μεγάλου

2454 1121 2833 1193 ἑταιρειάρχου
2894 1122 3386 1193 Στραϐορωμανοῦ.
3446 1125 3571 1177 Οὐδ’
3640 1127 3854 1197 εκείνην
3928 1124 4021 1179 οὖν

2459 1213 2701 1281 δέχεται,
2758 1215 2959 1284 μᾶλλον
2995 1215 3093 1285 μὲν
3144 1215 3237 1268 οὖν
3264 1216 3357 1270 καὶ
3388 1216 3480 1268 τδν
3508 1216 3677 1286 ἄνδρα
3700 1217 3907 1286 ἀτίμως
3937 1218 4021 1269 δέ·

2456 1322 2628 1374 χεται,
2681 1306 2775 1358 καὶ
2814 1307 2922 1359 οὐδ’
2961 1306 3036 1370 ὼς
3064 1308 3128 1359 ὲκ
3160 1306 3423 1376 βασιλέως
3461 1308 3575 1361 ἀλλ’
3604 1309 4022 1378 ὑποστρατήγο·›

2459 1396 2603 1459 τινὸς
2630 1396 2999 1449 ἀποσταλέντα
3021 1414 3035 1427 ·
3066 1397 3244 1451 καίτοι
3297 1397 3440 1469 ἱερὸν
3486 1392 3625 1451 εἶναι
3651 1396 3809 1465 σῶμα
3834 1399 3861 1451 ό
3890 1398 4024 1469 πρέ-

2458 1486 2589 1551 σϐυς
2618 1487 2922 1555 λελόγισται
2977 1488 3072 1542 καὶ
3098 1489 3248 1557 παρά
3275 1490 3390 1551 τοῖς
3422 1488 3671 1551 ἀπίστοις
3720 1490 3906 1552 αὐτοῖς
3950 1489 4025 1553 ὡς

2457 1580 2674 1650 εἰρήνης
2740 1581 2966 1651 μεσίτης
3012 1580 3107 1634 καὶ
3153 1580 3480 1650 διαλλάκτης
3544 1583 3652 1634 τῶν
3707 1583 4025 1651 μαχομένων

2457 1669 2549 1722 καὶ
2610 1668 2912 1738 πολεμικὰς
2964 1669 3313 1740 περιστάσεις
3369 1668 3672 1724 ἀποσοϐῶν.
3709 1670 3909 1722 Ἐπεσε
3966 1667 4022 1721 δὲ

2457 1758 2756 1829 τηνικαῦτα
2802 1761 2911 1813 ἀπὸ
2970 1760 3309 1829 ταυτομάτου
3362 1760 3455 1812 καὶ
3503 1760 3534 1829 ἡ
3584 1758 3675 1812 τοῦ
3738 1758 4024 1829 Βρυεννίου

2458 1850 2652 1919 σκηνὴ,
2685 1849 2777 1902 τοῦ
2806 1848 3004 1919 ὀρόφου
3054 1848 3259 1917 ταύτης
3323 1847 3725 1918 παραλυθέντος
3773 1848 4023 1918 ἀοράτοις

2454 1944 2631 2011 χερσί.
2674 1945 2868 2009 Γέγονε
2900 1945 2954 1997 δὲ
2986 1944 3079 1996 καὶ
3107 1943 3349 2012 ἔκλειψις
3380 1942 3480 2011 τῆς
3511 1942 3761 2013 σελήνης,
3793 1943 3915 2012 ἥτις
3946 1943 4024 2002 εἰς

2454 2034 2613 2087 αὐτὸν
2652 2036 2980 2105 ἐπέσκηψεν,
3012 2035 3136 2087 ἐπεὶ
3167 2034 3259 2086 καὶ
3301 2033 3606 2101 πεφύκασιν
3630 2031 3705 2094 ὡς
3736 2032 3935 2084 ἐπίπαν
3960 2030 4023 2083 τὰ

2454 2122 2681 2177 τοιαῦτα
2715 2124 3121 2193 τυραννούντων
3156 2122 3501 2191 καθαιρέσεις
3532 2121 3741 2190 δηλοῦν,
3768 2120 3947 2182 καθὼς
3976 2122 4022 2171 ei

2456 2216 2584 2284 περὶ
2615 2215 2714 2286 τὴν
2742 2214 2852 2271 τῶν
2888 2214 3131 2285 ἀστέρων
3164 2214 3449 2282 ἀδόλεσχον
3488 2212 3827 2281 ματαιότητα
3856 2228 4023 2261 κατα-

2459 2308 2731 2377 γινόμενοι
2808 2305 3217 2375 τερατεύονται.
3288 2302 3706 2363 Ἐπανελθόντος
3765 2301 3857 2354 οὖν
3932 2301 4025 2353 τοῦ

2456 2397 2928 2470 Στραϐορωμανοῦ
2955 2397 3048 2449 καὶ
3074 2396 3171 2463 τῆς
3194 2393 3489 2463 πρεσϐείας
3519 2393 3801 2461 ἀπράκτου
3844 2392 4023 2460 μεινά-

2458 2507 2575 2558 σης,
2603 2489 2778 2558 ἔργων
2816 2486 3125 2556 πολεμικῶν
3145 2486 3173 2537 ὁ
3214 2483 3466 2554 βασιλεὺς
3490 2483 3667 2551 εἴχετο
3697 2484 3792 2535 καὶ
3815 2483 3899 2535 ἐπ’
3930 2482 4022 2534 αὖ·

2455 2580 2544 2632 τὸν
2569 2582 2852 2633 συνέταττε
2886 2579 2945 2630 τὸ
2999 2578 3331 2647 στράτευμα,
3364 2578 3456 2628 καὶ
3487 2576 3704 2645 θαρρῶν
3734 2575 3829 2644 τὴν
3860 2572 4024 2626 αὑτοῦ

2455 2669 2749 2721 κατάλυσιν
2790 2668 3161 2738 προηγόρευσε
3193 2684 3207 2696 ’
3266 2667 3327 2719 τὸ
3373 2668 3487 2735 γάρ
3552 2667 3807 2736 ᾀδόμενον
3878 2682 4023 2718 στοι⁴

2458 2762 2597 2829 χεῖον
2629 2758 2739 2828 (47)
2765 2758 2861 2810 τοῦ
2898 2759 2944 2810 Ν
2975 2757 3177 2809 ἁπλοῦν
3206 2757 3362 2826 μόνον
3391 2759 3483 2809 καὶ
3525 2758 3587 2809 οὗ
3630 2757 3853 2809 διπλοῦν
3906 2760 4021 2815 τοῖς

2458 2853 2627 2906 ταῦτα
2649 2850 2995 2919 φοιϐάζουσιν
3030 2851 3331 2902 ἐσκοπεῖτο.
3364 2849 3474 2901 Καὶ
3508 2848 3571 2917 δὴ
3596 2848 3691 2899 καὶ
3722 2848 4024 2917 στρατηγὼ

2458 2944 2756 3013 ἐπιστήσας
2796 2943 2890 2995 ἕνα
2940 2940 3047 2992 τῶν
3106 2938 3442 3007 εὐπατριδῶν
3500 2939 3591 2989 τὸν
3642 2938 4024 3007 νωῦελίσσιμοι.

2471 3036 2709 3097 Ἀλέξιον
2748 3034 2837 3086 τὸν
2888 3032 3172 3103 Κομνηνὸν
3207 3068 3222 3092 ,
3280 3031 3451 3097 μέγαν
3501 3030 3661 3081 αὑτὸν
3706 3030 4023 3099 δομέστικοι,

799 3117 1107 3187 subegerat,
1159 3119 1417 3175 adversus
1466 3120 1792 3191 Bryennium
1838 3124 2038 3185 mittit,
2071 3124 2355 3194 prudentia
2388 3161 2429 3218 ο
2464 3144 2546 3197 πρ

2275 3124 2355 3178 ιῐῘξὶ
2388 3161 2429 3218 C
2464 3126 2883 3197 προϐαλόμενος,
2912 3124 2969 3187 ὃς
2991 3124 3080 3176 τὸν
3120 3122 3419 3174 Ῥουσέλιον
3451 3121 3774 3189 εὐμηχάνως
3810 3121 3869 3172 τὸ
3900 3123 4022 3188 πρὶι

800 3217 853 3260 et
893 3208 1088 3265 mentis
1141 3211 1437 3265 stabilitate
1483 3214 1849 3267 venerandum
1897 3224 1949 3268 et
2001 3215 2067 3268 ad
2123 3216 2360 3283 pericula

801 3300 995 3355 bellica
1029 3302 1242 3355 firmum
1272 3312 1324 3356 et
1357 3303 1726 3375 intrepidum;
1768 3305 1858 3374 qui
1886 3320 2007 3358 cum
2042 3305 2156 3361 suis
2191 3307 2363 3375 c0piis

805 3392 1073 3447 adversus
1101 3391 1430 3463 Bryennium
1464 3398 1763 3464 profectus,
1803 3405 1856 3451 et
1888 3396 1941 3449 in
1977 3397 2094 3451 loco
2127 3397 2362 3466 quodam

803 3484 1065 3554 Calabrya
1105 3487 1325 3540 nomine
1354 3487 1637 3556 quiescere
1676 3486 1831 3556 jusso
1865 3489 2127 3554 exercitu,
2172 3488 2366 3543 didicit

805 3576 874 3629 ab
900 3578 1344 3644 exploratoribus
1376 3579 1706 3649 Bryennium
1742 3594 1771 3632 a
1803 3578 2022 3635 Mesene
2063 3579 2363 3647 profectum

806 3682 930 3719 eum
966 3668 1113 3721 omni
1149 3669 1391 3723 exercitu
1429 3669 1889 3739 appropinquare.
1928 3668 2236 3738 Statimque
2270 3686 2366 3722 no-

808 3758 1111 3814 bilissimus
1143 3758 1353 3815 Turcos
1387 3776 1415 3814 a
1472 3776 1532 3816 se
1586 3761 1827 3815 delectos
1864 3760 2034 3829 jussit
2084 3777 2255 3831 usque
2299 3762 2365 3814 ad

807 3849 1135 3920 Bryennium
1168 3853 1470 3921 pervenire,
1503 3868 1565 3907 ac
1604 3861 1811 3906 tantum
1848 3851 1940 3906 ubi
1985 3867 2044 3906 se
2093 3853 2367 3907 ostendis-

808 3951 952 4006 sent,
979 3943 1045 3997 ad
1078 3960 1137 4000 se
1168 3947 1388 3999 reverti.
1424 3944 1543 4015 Ipse
1573 3954 1753 3999 autem
1786 3945 2107 4014 opportunis
2140 3947 2192 3998 in
2236 3946 2368 4000 locis

811 4035 1091 4089 collocatis
1144 4034 1390 4102 insidiis,
1447 4038 1830 4105 instructoque
1890 4044 1948 4089 ut
2006 4035 2109 4091 sibi
2167 4036 2368 4106 optime

806 4126 1092 4180 videbatur
1124 4128 1389 4188 exercitu.
1418 4127 1670 4199 Bryennii
1707 4128 2025 4182 morabatur
2055 4127 2366 4182 adventum.

808 4216 943 4270 Cum
988 4232 1115 4271 vero
1143 4218 1297 4286 signa
1330 4218 1715 4288 apparuissent
1756 4218 2042 4287 utriusque
2072 4218 2367 4281 exercitus,

809 4318 864 4363 et
899 4308 1187 4362 classicum
1225 4309 1462 4363 clamore.
1510 4310 1725 4363 sublato
1766 4309 1980 4378 utrique
2018 4308 2366 4373 cecinissent,

811 4402 1005 4455 initum
1043 4408 1128 4456 est
1155 4401 1313 4471 737
1364 4415 1487 4456 acre
1528 4402 1794 4470 praelium.
1822 4400 2068 4467 Cumque
2126 4407 2371 4454 cerneret

2464 3217 2814 3288 ἐχειρώσατο,
2862 3216 3002 3268 κατὰ
3049 3213 3142 3266 τοῦ
3187 3212 3474 3283 Βρυεννίου
3529 3212 3743 3281 ἀφίησι,
3769 3211 4024 3280 φρονήσει

2465 3310 2559 3363 καὶ
2585 3310 2821 3371 διανοίας
2867 3308 3227 3376 σταθηρότητι
3266 3306 3500 3375 γεραρὸν
3547 3307 3639 3357 καὶ
3676 3305 3810 3372 πρὸς
3851 3303 4023 3356 κινδύ-

2468 3416 2591 3461 νους
2619 3398 2945 3467 πολεμικοὺς
2965 3397 3173 3464 ἑδραῖόν
3195 3412 3253 3447 τε
3280 3397 3373 3447 καὶ
3402 3395 3859 3463 ἀπερικτύπητον·
3892 3394 3949 3455 ὃς
3966 3395 4023 3445 δί*

2464 3490 2563 3551 τὰς
2585 3487 2837 3585 δυὸόιμεις
2863 3484 3164 3553 ἀνειληφὼς
3191 3482 3331 3536 κατά
3364 3483 3456 3535 τοῦ
3483 3482 3766 3553 Βρυεννίου
3794 3481 4027 3545 ἐϐάδιζε,

2465 3582 2560 3633 καὶ
2593 3574 2729 3649 πρὸς
2761 3578 2923 3629 τόπον
2958 3575 3289 3644 Καλαϐρύην
3342 3574 3811 3643 ἐπονομαζόμενον
3844 3574 4025 3625 διανα-

2469 3669 2659 3723 παύων
2703 3668 2792 3720 τδν
2828 3664 3056 3735 στρατὸν
3096 3663 3267 3734 ἔμαθε
3294 3664 3442 3732 παρὰ
3482 3664 3589 3716 τῶν
3644 3664 3860 3715 σκοπῶν
3892 3663 3965 3725 ὡς
4004 3667 4024 3711 Ι

2469 3759 2751 3828 Βρυέννιος
2777 3756 2983 3824 ἐγγίζει
3011 3755 3351 3823 πανστρατιᾷ
3374 3754 3471 3824 τῆς
3501 3753 3756 3821 Μεσύνης
3814 3753 4023 3804 ἀπανα-

2471 3851 2619 3912 στάς.
2650 3849 2756 3901 Καὶ
2809 3847 3004 3899 αὐτίκα
3053 3847 3081 3897 ὁ
3137 3844 3531 3913 νωϐελίσσιμος
3578 3843 3852 3913 Τούρκους
3906 3844 4029 3905 τοὺς

2469 3940 2663 3995 ἑαυτοῦ
2692 3938 3095 4008 ἀπολεξάμενος
3127 3935 3423 4003 ἀφικέσθαι
3442 3936 3540 4004 μὲν
3559 3934 3685 4004 ἄχρι
3710 3935 3803 3987 τοῦ
3830 3935 4020 4002 Βρυεν-

2469 4034 2579 4088 νίου
2635 4032 2938 4092 ἐκέλευσεν,
2969 4026 3228 4091 ἐπίδειξιν
3281 4027 3337 4079 δὲ
3408 4027 3807 4097 ποιησαμένους
3866 4026 4027 4095 μόνηκ

2472 4126 2633 4181 πάλιν
2685 4120 3091 4189 ἐπαναστρέψαι
3123 4118 3259 4188 πρὸς
3312 4117 3473 4170 αὐτόν
3502 4133 3515 4147 ·
3549 4117 3707 4179 αὐτὸς
3736 4116 3792 4168 δὲ
3848 4116 4025 4184 λόχους

2475 4220 2530 4271 ἒν
2554 4214 2864 4284 ἐπικαίροις
2890 4212 3132 4281 θέμενος,
3168 4209 3264 4263 καὶ
3287 4209 3354 4262 τά
3381 4206 3525 4261 κατά
3564 4208 3653 4261 τὸν
3680 4208 3907 4277 στρατὸν
3961 4207 4025 4267 ὡς

2472 4307 2691 4375 ἄριστον
2716 4302 2889 4356 ἐδόκει
2910 4300 3323 4369 διαταξάμενος,
3362 4296 3521 4365 ἔμενε
3545 4297 3661 4366 τὴν¹
3693 4295 3786 4348 τοῦ
3836 4296 4026 4365 Βρυεν-

2474 4398 2587 4451 νίου
2610 4396 2913 4448 ἐπέλευσιν.
2947 4392 3226 4445 Φανέντων
3248 4390 3304 4442 δὲ
3334 4388 3442 4441 τῶν
3474 4387 3713 4457 σημείων
3742 4387 3851 4439 τῶν
3883 4403 4026 4455 στρα-

812 4491 1113 4563 Bryennius
1142 4506 1363 4545 suarum
1392 4490 1664 4561 legionum
1692 4493 1901 4547 cladem
1924 4500 1978 4547 et
2006 4493 2370 4561 perturbatio-
2402 4503 2445 4558 1)
2475 4504 2559 4540 τευ

2278 4493 2370 4546 Lio-
2402 4503 2445 4558 ι)
2475 4488 2758 4555 τευμάτων
2802 4484 3025 4553 ἀμφοῖν,
3074 4480 3168 4533 καὶ
3226 4477 3606 4543 ἀλαλαξάντων
3644 4476 3918 4542 ἑκατέρων
3974 4473 4025 4527 τί

811 4599 934 4638 nem
984 4591 1145 4653 atque
1190 4581 1513 4652 periculum,
1569 4584 1863 4652 assumptis
1922 4599 2105 4639 secum
2148 4583 2368 4652 optimis

812 4674 984 4745 copiis
1014 4673 1131 4744 ipse
1152 4688 1247 4743 per
1272 4688 1331 4728 se
1355 4681 1626 4729 certamen
1659 4674 1726 4727 de
1753 4689 1965 4729 summa
1997 4690 2175 4729 rerum
2205 4676 2371 4729 susti-

812 4763 995 4826 nebat,
1043 4772 1099 4817 et
1146 4770 1368 4817 strenue
1410 4778 1607 4817 munus
1635 4764 1853 4830 obibat;
1896 4764 2054 4832 cujus
2105 4774 2362 4819 conatum

816 4853 1159 4925 imperatoris
1211 4854 1410 4908 milites
1476 4854 1883 4924 propulsarunt.
1931 4854 2064 4908 Cum
2117 4871 2246 4907 vero
2303 4854 2369 4908 de

812 4945 1037 5001 victoria
1071 4944 1290 5015 utrique
1326 4944 1617 5000 ambitiose
1645 4944 2056 5009 contenderent,
2092 4944 2370 5000 horribilis

2475 4579 2744 4639 ὲνυάλιον,
2780 4574 3016 4642 πόλεμος
3057 4570 3287 4638 συνέστη
3332 4566 3619 4637 κρατερός.
3662 4566 3748 4627 Ὠς
3777 4566 3834 4617 δὲ
3892 4565 4028 4635 ἑώρα

2473 4674 2503 4724 ὀ
2536 4668 2817 4739 Βρυέννιος
2846 4663 2953 4716 τῶν
2978 4660 3169 4715 ἑαυτοῦ
3202 4658 3497 4728 ταγμάτων
3528 4657 3627 4726 τὴν
3655 4652 3824 4727 ἦτταν
3856 4658 3949 4708 καὶ
3978 4657 4026 4707 τί

2476 4756 2907 4829 τεθορυϐημένον
2934 4754 3030 4807 καὶ
3044 4751 3331 4820 σφαλερὸν,
3352 4749 3449 4811 τάς
3482 4748 3778 4819 κρατίστας
3814 4748 3919 4801 τῶν
3944 4749 4026 4800 σὺι

2481 4849 2627 4920 αὑτῷ
2691 4847 2972 4917 δυνάμεων
3034 4841 3337 4913 συνηλικὼς
3388 4840 3551 4903 αὐτὸς
3587 4840 3653 4893 δι’
3707 4839 3901 4893 ἑαυτοῦ
3949 4842 4025 4893 τδι

2484 4943 2627 5013 ὑπὲρ
2672 4940 2780 4993 τῶν
2836 4938 2971 4991 ὅλων
3025 4933 3211 5002 ἀγῶνα
3250 4931 3567 5003 ἐκράτησεν.
3606 4930 4026 5000 ’Δπεκρούσαντι

2077 5103 2307 5161 JACOBI
2350 5103 2559 5161 GOARI
2599 5099 2830 5157 NOTAE.

893 5224 1003 5291 (Π)
1035 5221 1151 5275 Vox
1181 5220 1453 5289 ambigua,
1475 5234 1635 5291 quam
1653 5233 1759 5273 non
1785 5218 2091 5272 elementum
2124 5217 2377 5291 modovel

818 5288 1067 5355 iilterdm,
1132 5292 1224 5344 sed
1287 5288 1710 5355 petius'fatum,
1770 5299 1984 5349 sortem,
2038 5288 2368 5350 vaticinium,

814 5365 1043 5433 genium,
1070 5358 1411 5433 portendendi
1442 5361 1623 5433 vim_et
1667 5376 1837 5433 omen_
1867 5357 2071 5411 referre
2126 5372 2231 5410 non
2271 5373 2378 5411 uno

822 5429 940 5485 loco
972 5429 1215 5485 notatum
1240 5439 1323 5484 est
1368 5432 1420 5484 in
1451 5429 1774 5484 Cedrenum.
1810 5429 2046 5480 Aueiore
2068 5441 2196 5480 vero
2237 5442 2377 5480 nus-

823 5517 983 5569 quam
1024 5501 1299 5575 scribente
1345 5499 1409 5552 τὸ
1458 5516 1497 5575 ,ν
1555 5502 1839 5575 στοιχεῖον,
1898 5499 2379 5575 νέηιιψστοιχεῑον

816 5566 911 5625 τοῦ
946 5587 996 5633 ν,
1024 5570 1076 5621 in
1102 5568 1338 5624 secundo
1364 5568 1541 5635 potius
1570 5566 1729 5635 quam
1766 5568 1818 5620 in
1856 5566 2029 5635 primo
2072 5566 2377 5634 signiﬁcatu

816 5637 1147 5694 sumendum
1177 5634 1410 5705 conjicio
1437 5656 1451 5703 ;
1485 5634 1710 5706 ejusque
1740 5634 1900 5706 mens
1928 5643 2008 5688 est
2039 5634 2172 5706 hzec.
2199 5636 2248 5706 7A
2279 5650 2374 5706 su-

822 5709 1133 5780 perstitiose
1157 5703 1437 5780 nominum
1454 5703 1751 5780 Nicephori
1806 5715 1861 5760 et
1892 5704 2143 5780 iii-yennji
2181 5705 2259 5780 de
2280 5703 2378 5780 im-

821 5772 974 5847 perio
997 5778 1391 5834 decertantium
1430 5772 1638 5834 litteras
1676 5772 2049 5847 primordiales
2077 5772 2119 5826 Ν
2149 5783 2198 5829 et
2226 5772 2261 5825 li
2281 5772 2377 5828 ob-

2483 5214 2850 5283 servantibus,
2875 5207 3019 5283 quod
3063 5207 3331 5283 latale_est
3360 5214 3415 5259 et
3446 5210 3753 5283 portentum
3793 5201 3847 5255 in
3875 5200 3920 5255 Ν
3954 5216 4043 5283 ιιοτ

2482 5286 2591 5341 seri
2622 5273 3057 5355 praevalerelato
3084 5276 3177 5329 τοῦ
3227 5274 3287 5355 Β,
3323 5290 3389 5355 eo
3417 5273 3571 5355 quod
3590 5273 3802 5353 genius,
3838 5286 3959 5355 sors
3984 5278 4046 5326 et

2483 5341 2653 5409 latum
2688 5353 2765 5417 τῷ
2796 5350 2839 5405 Ν
2886 5349 3186 5419 alligatum,
3229 5353 3287 5398 ut
3322 5341 3573 5419 elementi
3597 5341 3799 5411 'ipsius
3845 5341 4042 5419 _line.1‘~

2481 5434 2688 5479 rectum
2723 5410 2811 5484 sit,
2849 5420 2887 5471 Β
2912 5410 3039 5472 vero
3063 5418 3131 5471 ob
3153 5416 3289 5469 duos
3312 5414 3503 5484 gibbos
3528 5414 3577 5465 in
3610 5410 3811 5465 rectam
3845 5410 4043 5463 lineam

2483 5503 2721 5549 retortos
2783 5481 3022 5545 infelicis
3066 5486 3287 5558 ominis.
3344 5481 3534 5558 Mirum
3577 5496 3734 5549 porro
3763 5489 4044 5558 quantum

2484 5548 2883 5633 superstitiosis
2917 5556 3191 5633 vaticiniis
3231 5552 3458 5633 imperio
3486 5548 3716 5633 labente
3757 5548 3927 5633 Circei
3956 5558 4037 5633 atf

2486 5618 2779 5695 tenderint,
2814 5638 2872 5683 ut
2903 5642 3003 5681 nec
3044 5618 3397 5695 imperatores
3427 5629 3503 5695 _et
3546 5618 3930 5695 op_tirua_t_es_ab
3964 5618 4041 5669 eis

2486 5686 2595 5763 sibi
2617 5686 2873 5755 duxerint
2908 5686 3319 5763 temperandum
3346 5707 3379 5763 :_
3409 5690 3473 5743 dc
3514 5686 3711 5758 quibus
3735 5686 4043 5742 Cedrenus.

2484 5760 2701 5827 Nicetas
2735 5778 2787 5825 et
2817 5760 3088 5835 Gregoras
3118 5760 3477 5821 frequentius.
