4424 6450
413 397 516 460 469
1852 391 2160 452 HISTOR]

1902 391 2241 457 LISTORIA.
3543 389 3649 451 470

406 510 464 562 δὲ
483 509 582 577 τὴν
598 504 785 561 τούτου
806 504 981 576 ὁρμὴν
1009 502 1058 558 oi
1086 502 1179 557 τοῦ
1210 502 1491 573 βασιλέως.
1511 504 1795 574 Φιλοτιμου
1806 502 1982 573 μένων
2013 509 2055 566 Α
2086 521 2153 577 qu

1901 520 1982 556 λων
2013 509 2055 566 Α
2086 506 2333 577 quaedam
2368 523 2547 579 pugna
2602 514 2657 563 et
2701 514 2880 563 metus
2929 506 3085 578 plena
3116 503 3351 561 conﬂata
3397 512 3500 557 est.
3544 501 3648 556 Co-

407 600 462 653 δὶ
512 596 758 668 ἀλλήλων
800 597 928 665 περὶ
968 594 1068 664 τῆς
1122 592 1278 663 νίκης
1339 595 1753 664 καταπληκτική
1806 611 1888 657 τις
1948 595 1981 664 ή
2087 616 2154 655 πῃ

1948 595 1981 664 ή
2087 615 2317 656 mnenus
2335 608 2514 655 autem
2539 600 2693 672 signo
2716 599 2843 655 dato
2873 598 2939 653 iis
2973 598 3063 667 qui
3090 597 3143 652 in
3176 593 3393 651 insidiis
3410 598 3566 649 erant
3594 601 3655 647 ut

414 689 559 759 μάχη
634 688 731 741 καὶ
783 685 949 756 φόϐου
995 684 1167 756 μεστή
1227 685 1470 753 γέγονεν.
1526 684 1611 755 [Ρ.
1662 683 1791 755 864]
1835 684 1895 737 ’0
1927 683 1983 737 δὲ
2086 708 2161 747 ενι

1927 683 1983 737 δὲ
2086 699 2437 762 erumpentes
2466 692 2519 746 in
2564 692 2749 747 hostes
2801 691 3040 747 violento
3073 689 3277 757 impetu
3310 685 3648 747 invaderent,

412 781 694 850 Κομνηνὸς
730 777 983 848 σύνθημα
1013 776 1140 839 δοὺς
1186 778 1299 839 τοῖς
1345 779 1401 829 ὲν
1431 778 1541 840 τοῖς
1576 775 1753 846 λόχοις
1800 776 1985 830 διανα-
2089 799 2155 836 an

1906 792 1985 827 Ia-
2089 791 2281 837 auctor
2325 781 2429 836 fuit
2463 789 2523 835 ut
2564 781 2871 852 Bryennius
2905 780 3304 852 proﬂigaretur.
3337 777 3540 846 Captus
3568 782 3653 830 est

416 869 609 939 στῆναι
641 869 737 921 καὶ
762 870 887 937 ⁸τοῖς
931 867 1197 929 ἐναντίοις
1229 867 1348 938 μεθ’
1372 869 1547 937 όρμῆς
1599 866 1780 937 βιαίας
1809 866 1990 918 είσϐα-
2092 872 2161 939 igi

1907 866 1990 918 δα·
2092 872 2259 939 igitur
2290 870 2598 942 Bryennius
2626 870 2803 933 vivus,
2838 872 3022 939 plures
3060 885 3124 923 ex
3170 867 3347 939 ipsius
3388 866 3654 920 militibus

413 962 544 1025 λεῖν,
586 961 792 1030 τροπὴν
856 959 953 1013 τοῦ
994 958 1280 1029 Βρυεννίου
1346 958 1642 1028 εἰργάσατο
1690 958 1985 1027 καρτεράν.
2092 977 2156 1015 οε

1909 958 1985 1011 iv.
2092 962 2420 1027 occubuere,
2469 972 2522 1017 et
2573 963 2718 1018 haud
2754 963 3044 1033 pauciores
3095 961 3263 1031 capti.
3299 966 3354 1014 et
3401 958 3493 1028 qui
3537 958 3656 1011 aliis

425 1052 597 1105 Ἑάλω
645 1053 742 1121 μὲν
800 1050 891 1105 οὖν
940 1052 969 1105 6
1027 1050 1315 1120 Βρυέννιος
1362 1050 1491 1115 ζῶν,
1548 1049 1742 1103 ἔπεσον
1785 1048 1841 1101 δὲ
1898 1048 1992 1101 καὶ
2092 1067 2172 1122 pr:

1909 1048 1992 1101 καὶ
2092 1052 2446 1122 praestabant.
2481 1052 2784 1124 Bryennius
2807 1063 2985 1108 autem
3015 1064 3206 1122 captus
3238 1058 3404 1107 tantae
3434 1052 3656 1104 demen-

420 1144 608 1215 συχνοὶ
655 1143 767 1199 τῶν
819 1142 1010 1205 αὑτοῦ.
1043 1142 1290 1197 ἑάλωσαν
1345 1142 1401 1195 δὲ
1454 1142 1551 1211 ούχ
1598 1142 1851 1212 ἥττονες,
1899 1142 1992 1194 καὶ
2094 1145 2167 1199 tia

1909 1142 1992 1194 καὶ
2094 1145 2183 1199 ιίω
2219 1158 2407 1215 ρωηοε
2432 1145 2691 1200 sustinuit
2720 1146 3000 1200 oculorum
3030 1144 3399 1206 amissionem,
3426 1140 3656 1196 multum

419 1235 617 1305 μᾶλλον
666 1237 713 1289 oi
766 1235 873 1288 τῶν
903 1233 1081 1288 ἄλλων
1119 1234 1461 1303 προέχοντες.
1499 1234 1559 1285 '0
1597 1232 1653 1285 δὲ
1701 1231 1989 1303 Βρυέννιος
2097 1250 2166 1290 εε‹

1915 1248 1989 1295 ιος
2097 1250 2282 1290 secum
2326 1236 2519 1306 lugens
2548 1250 2612 1290 ac
2637 1251 2978 1305 conquerens
3010 1235 3077 1291 de
3124 1250 3225 1289 suo
3255 1234 3494 1303 pessimo
3528 1245 3662 1286 cons

415 1327 645 1399 ληφθεὶς
684 1327 782 1397 τῆς
805 1326 1076 1397 τοσαύτης
1116 1325 1373 1388 ἀπονοίας
1408 1325 1706 1393 πρόστιμον
1755 1324 1853 1395 τὴν
1880 1322 1988 1375 τῶν
2097 1321 2162 1377 sil

1913 1322 1988 1375 ὧν
2097 1321 2246 1377 silio.
2278 1322 2396 1389 Qua
2428 1323 2495 1380 de
2526 1340 2585 1379 re
2615 1325 2817 1379 certior
2836 1324 3015 1379 factus
3041 1324 3337 1393 imperator
3365 1320 3473 1375 Deo
3496 1331 3658 1389 atque

416 1418 712 1490 ὀφθαλμῶν
741 1418 1030 1487 ὓῳίσταται
1072 1416 1348 1487 πήρωσιν,
1410 1415 1580 1469 πολλὰ
1613 1413 2001 1483 μετακλαυσά-
2097 1413 2163 1483 ejt

1613 1413 2001 1483 μετακλαυσά-
2097 1413 2218 1483 ejus
2251 1414 2407 1471 Matri
2439 1416 2740 1487 gratiarum
2776 1417 3015 1473 actiones
3055 1415 3340 1487 persolvit.

421 1527 581 1583 μενος
612 1511 711 1580 τῆς
769 1508 1088 1572 δυσϐουλίας
1129 1507 1341 1562 ἑαυτόν.
1386 1507 1444 1561 Ὀ
1501 1507 1557 1560 δὲ
1599 1504 1851 1577 βασιλεὺς
1881 1504 1981 1577 τὴν
2013 1506 2276 1577 ἀγγελίαν
2310 1510 2600 1581 δεξάμενος
2621 1511 2697 1582 τῷ
2725 1510 2844 1582 Θεῷ
2884 1512 2979 1564 καὶ
3010 1514 3077 1581 τῇ
3110 1508 3277 1564 αὑτοῦ
3333 1507 3503 1579 μητρὶ
3563 1504 3662 1565 τὰς

420 1598 773 1671 εὐχαριστίας
805 1597 1046 1653 ἀνέθετο.
3306 1608 3309 1611 ·

498 1688 827 1757 Ἀναιρεῖται
852 1685 908 1738 δὲ
942 1684 1034 1737 καὶ
1055 1684 1083 1735 6
1113 1682 1341 1750 άδελφδς
1391 1682 1556 1737 αὐτοῦ
1594 1684 1652 1739 ὲν
1701 1683 1982 1754 Βυζαντίῳ
2160 1685 2245 1741 Oct

1918 1683 1982 1754 ίῳ
2160 1684 2441 1741 Occiditur
2485 1686 2648 1741 etiam
2687 1685 2854 1741 frater
2884 1686 3059 1756 ipsius
3106 1686 3350 1758 Byzantii
3378 1700 3406 1739 a
3457 1684 3662 1747 Baran-

422 1781 573 1851 παρὰ
592 1779 699 1833 τῶν
720 1777 1045 1846 Βαράγγων.
1079 1774 1186 1829 Τοῦ
1215 1776 1323 1845 γὰρ
1350 1775 1638 1846 Βρυεννίου
1671 1775 1983 1845 ἀποστατή-
2090 1776 2169 1846 gis

1919 1776 1983 1845 ἡ·
2090 1776 2175 1846 gis
2207 1794 2221 1830 :
2257 1792 2380 1831 nam
2406 1791 2531 1831 cum
2565 1777 2870 1848 Brycnnius
2900 1779 3193 1835 defecisset
3229 1788 3283 1834 et
3311 1793 3435 1833 cum
3464 1792 3531 1835 eo
3562 1776 3664 1831 Ba-

421 1881 614 1928 σαντος
640 1862 876 1916 καὶτῶν
926 1861 1080 1924 ἐκτὸς
1143 1861 1441 1930 Βαράγγων
1498 1863 1987 1933 όμοφρονησάντων
2027 1893 2070 1952 Β
2098 1881 2168 1920 rat

1915 1881 1987 1917 ων
2027 1866 2252 1952 Brangi
2304 1867 2397 1936 qui
2448 1876 2599 1921 extra
2640 1876 2802 1923 erant
2853 1870 3281 1939 conspirassent,
3330 1868 3562 1939 Barangi
3610 1867 3662 1921 in

418 1956 567 2025 αύτῷ
599 1955 648 2007 oi
694 1956 751 2007 έν
772 1952 849 2023 τῷ
905 1952 1149 2022 παλατίῳ
1176 1952 1451 2022 Βάραγγοι
1485 1954 1581 2006 ἕνα
1620 1955 1742 2009 τινὰ
1786 1955 1996 2009 ἑαυτῶν

418 2044 800 2113 ἐπιλεξάμενοι
829 2043 963 2112 πρὸς
1011 2045 1137 2105 τοὺς
1202 2044 1483 2112 όμοεθνεϊς
1541 2046 1991 2108 ἀποστέλλουσιν,

418 2136 697 2203 ἀξιοῦντες
713 2134 929 2203 ἀφεῖναι
962 2132 1062 2203 μὲν
1090 2132 1180 2185 τὸν
1207 2133 1540 2204 ἀποστάτην,
1577 2136 1911 2207 φρονῆσαιδὲ
1928 2137 1998 2191 τὰ

421 2228 703 2298 βασιλέως.
738 2224 1006 2287 Γνωσθεὶς
1051 2224 1107 2277 δὲ
1155 2225 1248 2277 καὶ
1299 2227 1592 2298 κρατηθεὶς
1651 2228 1899 2292 ὲτασθείς
1938 2245 1995 2282 τε

421 2318 671 2387 σφοδρῶς
724 2318 905 2370 πᾶσαν
966 2317 1273 2385 ἀνεκάλυψε
1333 2317 1442 2370 τῶν
1507 2318 1849 2387 μηνυθέντων
1896 2318 1996 2390 τὴν

418 2407 676 2477 δήλωσιν,
705 2407 976 2475 στερεῖται
1009 2405 1065 2457 δὲ
1091 2405 1182 2457 καὶ
1208 2406 1306 2474 τῆς
1330 2405 1494 2475 ῥινὸς,
1524 2408 1674 2478 παρὰ
1702 2407 1795 2460 τοῦ
1814 2409 1996 2462 Ἰωάν-

422 2517 519 2552 νου
549 2499 754 2565 ταύτην
782 2497 1069 2565 λωϐηθεὶς.
1099 2498 1263 2551 Ὅθεν
1295 2500 1387 2552 καὶ
1418 2500 1491 2569 μὴ
1526 2500 1720 2567 πράως
1753 2501 1995 2568 ἐνεγκὼν

421 2592 523 2662 τὴν
554 2591 713 2662 ὖσριν
758 2591 824 2661 ἢν
866 2588 1133 2642 πέπονθεν
1175 2592 1203 2642 6
1236 2591 1514 2663 Βάρϐαρος
1565 2594 1867 2663 ἀναιρεῖται
1905 2593 1995 2648 τὸν

434 2683 693 2751 Ἰωάννην
725 2681 937 2745 ἐξιόντα
964 2682 1057 2734 τοῦ
1088 2681 1373 2746 παλατίου,
1409 2684 1707 2753 μαχαίραις
1755 2684 1993 2747 ὲθνικαϊς

422 2773 740 2841 κατακόψας
764 2773 945 2826 αὐτόν.
991 2772 1398 2841 Ἐπανέστησαν
1435 2774 1491 2825 δὲ
1544 2777 1637 2826 καὶ
1677 2774 1750 2843 τῷ
1780 2774 1991 2844 βασιλεῖ

422 2860 475 2911 οι
530 2858 831 2926 Βάραγγοι,
887 2858 981 2911 καὶ
1022 2858 1454 2929 διαχειρίσασθαι
1500 2862 1663 2914 αὐτὸν
1713 2863 1991 2918 ἔσπευδον.

435 2948 905 3019 ’Δντιταξαμὲνων
939 2949 997 3002 δὲ
1041 2950 1251 3013 τούτοις
1305 2952 1413 3005 τῶν
1471 2951 1564 3004 τοῦ
1597 2952 1862 3021 βασιλέως
1913 2955 1995 3018 είς

423 3038 663 3101 ἱκετείας
687 3040 1006 3109 ἐτράποντο,
1047 3041 1142 3093 καὶ
1170 3042 1261 3094 τὸν
1314 3040 1539 3111 βασιλέα
1566 3043 1991 3116 ὲξιλεωσάμενοι

425 3131 757 3204 συγγνώμης
790 3132 997 3203 ἔτυχον.

2103 1959 2302 2028 palatio
2349 1958 2618 2014 delectum
2655 1976 2819 2013 unum
2875 1977 2940 2016 ex
2983 1963 3097 2016 suis
3144 1963 3209 2016 ad
3248 1976 3379 2016 suos
3431 1961 3664 2032 gentiles

2104 2053 2345 2110 mittunt.
2380 2061 2623 2121 petentes
2675 2060 2734 2104 ut
2782 2053 2972 2107 relicto
3018 2053 3283 2122 perduelli
3320 2052 3389 2107 ad
3431 2054 3666 2121 imperau-

2106 2149 2278 2196 torem
2304 2142 2650 2196 accederent.
2685 2140 2791 2196 Sed
2826 2143 3075 2210 cognitus
3106 2153 3158 2197 et
3193 2142 3447 2197 detentus
3486 2141 3667 2211 gravi-

2104 2242 2292 2303 terque
2325 2234 2672 2289 examinatus
2698 2234 2879 2287 omnia
2910 2249 3030 2303 qua‘.
3052 2235 3152 2287 sibi
3184 2234 3422 2288 indicata
3451 2233 3671 2287 fuerant

2104 2326 2339 2396 aperuit.
2370 2325 2469 2381 Cui
2499 2325 2739 2381 Joannes
2764 2326 2833 2379 ob
2876 2325 2978 2379 hoc
3008 2323 3250 2379 oﬂensus
3281 2338 3443 2378 nares
3472 2338 3665 2391 ampu-

2106 2428 2203 2471 tat.
2244 2420 2424 2483 Quare
2474 2417 2616 2471 haud
2672 2431 2828 2485 azquo
2866 2417 3049 2471 animo
3090 2417 3474 2471 contumeliam
3523 2414 3666 2469 hanc

2105 2507 2287 2564 ferens
2311 2507 2585 2562 Barbarus
2612 2506 2875 2563 Joannem
2909 2523 2940 2563 e
2966 2507 3169 2577 palatio
3200 2516 3486 2563 exeuntem
3520 2507 3666 2562 occi-

2100 2599 2202 2663 dit,
2240 2599 2403 2670 738
2441 2600 2630 2668 gentili
2673 2598 2852 2668 gladio
2885 2597 3064 2667 ipsum
3104 2598 3438 2666 percutiens.
3468 2599 3527 2652 ln
3565 2598 3667 2652 im-

2102 2699 2409 2760 peratorem
2442 2704 2659 2758 quoque
2693 2688 2925 2758 Barangi
2967 2690 3406 2751 insurrexerunt,
3434 2700 3670 2757 eumque

2102 2781 2353 2835 occidere
2401 2780 2714 2835 studebant.
2744 2782 2940 2836 Verum
2988 2797 3112 2835 cum
3151 2797 3210 2836 se
3244 2782 3353 2836 illis
3379 2780 3673 2850 opposuis-

2102 2884 2224 2927 sent
2249 2873 2594 2942 imperatoris
2622 2873 2841 2937 milites,
2863 2873 2929 2926 ad
2962 2887 3153 2941 preces
3183 2872 3427 2928 conversi
3460 2872 3673 2942 placato

2104 2964 2439 3034 imperatore
2470 2965 2683 3019 veniam
2714 2965 2994 3019 consecuti
3029 2976 3184 3019 sunt.

514 3224 574 3275 Ὀ
600 3222 659 3275 δὲ
688 3223 940 3293 βασιλεὺς
968 3225 1063 3294 τῆς
1092 3226 1348 3291 γυναικὸς
1374 3228 1539 3280 αὐτοῦ
1588 3230 1999 3301 τελευτησάσης
2025 3240 2068 3301 C
2170 3231 2261 3297 lmj

1936 3250 1999 3301 ης
2025 3240 2068 3301 C
2170 3231 2475 3300 Imperator
2495 3238 2697 3297 autem,
2716 3229 2826 3284 vita
2863 3229 3047 3284 functa
3065 3228 3183 3299 ejus
3210 3218 3379 3284 utiore
3404 3228 3683 3293 Berdena,

422 3314 524 3383 τῆς
571 3315 845 3385 Βερδηνῆς
893 3314 1009 3384 ἅμα.
1061 3318 1129 3387 τῇ
1183 3318 1486 3387 άναρῤήσει
1535 3320 1996 3393 άναγορευθείσης

421 3406 522 3459 καὶ
555 3404 751 3472 αὐτῆς,
782 3405 973 3475 ἑτέραν
1017 3407 1277 3474 ⁴ἢγόιγετέο.
1318 3408 1518 3461 Πολλαὶ
1567 3409 1665 3476 μὲν
1694 3412 1803 3480 γὰρ
1851 3413 1999 3481 αὒτῷ

424 3494 828 3563 ἐμνηστεύοντο
847 3511 869 3531 ἠ
915 3498 1036 3566 Ζωή
1092 3513 1150 3550 τε
1208 3499 1315 3567 γὰρ
1373 3501 1405 3569 ή
1450 3498 1542 3552 τοῦ
1595 3500 1859 3569 βασιλέως
1904 3504 1999 3556 τοῦ

422 3584 608 3638 Δούκα
631 3586 900 3658 Θυγάτηρ,
931 3589 1199 3659 παρθένος
1226 3586 1361 3644 οὖσα
1383 3592 1478 3644 καὶ
1506 3592 1585 3663 τῷ
1632 3595 1762 3648 εῐδει
1801 3597 2003 3668 εὐπρε-

429 3674 567 3743 πὴς,
590 3673 725 3727 ἀλλὰ
756 3679 851 3729 καὶ
891 3676 1001 3729 τῶν
1035 3679 1413 3749 συγκλητικῶν
1454 3681 1752 3753 θυγατέρες
1786 3686 1999 3751 πολλαὶ,

423 3764 577 3834 ὥραν
598 3765 816 3835 ἔχουσαι
845 3766 1023 3837 γάμου
1056 3785 1070 3799 ·
1106 3770 1134 3821 ὁ
1176 3770 1231 3821 δὲ
1280 3772 1408 3838 μίαν
1443 3773 1623 3843 ᾑρεῖτο
1650 3772 1757 3825 τῶν
1818 3773 1933 3839 δύο,
1967 3777 2001 3847 ἢ

421 3854 528 3924 τὴν
578 3854 672 3906 τοῦ
719 3855 896 3908 Δούκα
947 3856 1177 3925 σύζυγον
1222 3858 1317 3912 καὶ
1366 3858 1523 3923 αὖθις
1582 3861 1674 3915 τοῦ
1725 3862 2009 3930 Διογένους

425 3944 717 4010 Εὑδοκίαν,
740 3944 774 4015 ἢ
801 3945 899 3999 τοῦ
916 3946 1141 4017 ἔναγχος
1166 3948 1536 4018 βασιλεύοντος
1558 3952 1776 4022 Μιχαὴλ
1791 3956 2011 4024 Μαρίαν

422 4033 526 4103 τὴν
550 4033 612 4100 ἐξ
639 4034 895 4090 ’Δλανῶν.
912 4036 1123 4091 Στέλλει
1136 4038 1265 4106 γοῦν
1281 4041 1580 4109 ληψόμενος
1597 4043 1695 4110 τὴν
1712 4044 1973 4097 Εύδοκίαν
1992 4062 2007 4078 ο

424 4127 458 4191 ἠ
486 4124 549 4177 δὲ
580 4124 861 4193 ἠκολούθει
881 4128 1216 4198 περιχαρῶς.
1247 4131 1424 4200 Ὀπερ
1452 4134 1612 4199 γνοὺς
1650 4134 1678 4185 6
1702 4132 2005 4201 τηνικαῦτα

422 4217 516 4269 ἐπ’
548 4219 721 4286 ἀρετῇ
766 4217 1189 4289 διαϐεϐοημένος
1245 4221 1498 4289 μοναχὸς,
1546 4223 1603 4278 ὃν
1623 4223 1688 4293 δὴ
1731 4224 1826 4276 καὶ
1872 4242 2012 4279 παν-

2103 3336 2223 3391 qute
2260 3336 2366 3374 una
2398 3336 2521 3374 cum
2577 3322 2695 3389 ipso
2736 3321 2923 3389 regina
2967 3319 3240 3374 declarata
3278 3321 3469 3382 fuerat,
3514 3320 3672 3374 aliam

2100 3414 2292 3469 duxit:
2328 3412 2512 3465 multa:
2538 3412 2680 3464 enim
2715 3410 2816 3479 ipsi
2850 3408 3469 3479 dcspondebantur,7.oe
3504 3409 3676 3477 impe-

2102 3501 2303 3556 ratoris
2332 3499 2492 3555 Ducas
2520 3500 2650 3564 tilia,
2687 3499 2838 3570 virgo
2877 3507 2932 3553 et
2975 3498 3148 3553 forma
3182 3498 3400 3562 decora,
3432 3506 3486 3553 et
3515 3512 3676 3553 sena-

2103 3598 2286 3647 torum
2320 3591 2443 3644 filiae
2475 3590 2659 3644 multa:
2684 3597 2841 3644 aetate
2866 3588 2977 3657 jam
3006 3588 3234 3644 nubiles.
3256 3586 3360 3643 Sed
3389 3588 3477 3643 ille
3505 3604 3668 3642 unam

2105 3698 2136 3738 e
2170 3682 2385 3738 duabus
2410 3680 2646 3750 petebat,
2677 3681 2760 3735 vel
2789 3695 3013 3735 uxorem
3047 3679 3202 3733 ducis
3234 3693 3299 3733 ac
3324 3693 3515 3733 rursus
3546 3677 3675 3733 Dio-

2104 3774 2256 3846 genis
2297 3771 2615 3836 Eudociam,
2657 3770 2740 3824 vel
2777 3768 3080 3831 Michaelis,
3132 3768 3225 3837 qui
3262 3782 3433 3837 nuper
3477 3780 3676 3837 regna-

2106 3875 2282 3928 verat,
2314 3863 2535 3917 Mariam
2563 3878 2630 3917 ex
2663 3861 2875 3917 Alanis.
2911 3859 3074 3914 Mittit
3105 3860 3273 3931 igitur
3300 3859 3391 3928 qui
3432 3859 3534 3913 sibi
3579 3857 3682 3911 ad-

2107 3955 2370 4011 ducerent
2418 3953 2743 4019 Eudociam,
2798 3967 2922 4021 quae
2967 3967 3090 4005 cum
3150 3965 3362 4004 summa
3400 3949 3680 4019 voluptate

2109 4047 2459 4115 sequebatur.
2484 4046 2602 4111 Quo
2620 4045 2839 4114 cognito
2861 4045 3183 4105 monachus,
3199 4043 3288 4110 qui
3312 4052 3441 4096 tunc
3463 4056 3678 4096 summa

2110 4152 2233 4192 cum
2263 4137 2461 4189 virtute
2494 4136 2724 4198 vixerat,
2778 4148 3049 4203 quemque
3079 4147 3180 4202 pro
3210 4133 3319 4186 alio
3353 4132 3548 4201 quovis
3578 4147 3679 4187 no-

2112 4230 2259 4281 mine
2283 4225 2696 4281 sanctissimum
2737 4223 3032 4287 vocabant,
3075 4222 3331 4276 omnibus
3362 4223 3539 4276 modis
3564 4230 3681 4277 seu.

420 4307 588 4375 ἅγιον
616 4306 725 4375 (48)
753 4306 867 4359 ἀντ’
896 4308 1055 4361 ἄλλου
1076 4310 1274 4372 παντὸς
1296 4311 1520 4365 ἐκάλουν
1539 4312 1823 4382 ὀνόματος,
1848 4316 2015 4369 παντὶ
2113 4315 2167 4369 dt

1930 4316 2015 4369 ντὶ
2113 4315 2231 4369 duit
2279 4314 2541 4382 impedire
2586 4312 2884 4366 absurdum
2912 4312 3015 4364 hoc
3043 4309 3280 4372 facinus,
3322 4310 3493 4363 multa
3530 4310 3581 4364 ei
3623 4313 3677 4364 in

419 4399 623 4468 τρόπῳ
652 4389 974 4451 διακωλύειν
1019 4401 1318 4455 ἐσπούδασε
1368 4402 1429 4455 τὸ
1464 4403 1745 4473 ἀτόπημα,
1797 4404 2010 4458 πολλῶν

420 4487 758 4558 ὑπομνήσας
785 4488 957 4557 αὐτὴν
990 4489 1095 4542 τῶν
1130 4490 1442 4561 δυναμένων
1470 4492 1715 4546 κωλῦσαι
1753 4494 1853 4563 τῆς
1882 4511 2017 4564 προ-

2114 4405 2431 4459 memoriam
2470 4403 2721 4472 redigens
2764 4416 2884 4470 qua:
2928 4401 3102 4471 ipsam
3133 4400 3202 4454 ab
3234 4399 3335 4453 hac
3383 4399 3680 4468 cupiditate

2114 4494 2411 4565 reprimere
2471 4502 2716 4565 possent.
2770 4492 2928 4547 Ducit
2983 4492 3149 4563 igitur
3206 4490 3472 4556 Mariam,
3526 4492 3678 4545 omni

420 4580 655 4648 θυμίας.
712 4579 938 4645 Ἀγεται
987 4580 1167 4634 τοίνυν
1225 4583 1324 4651 τὴν
1391 4582 1605 4655 Μαρίαν
1662 4582 2167 4656 άπηρυθρια-Βρι

1932 4603 2011 4638 ια·
2035 4582 2089 4642 D
2117 4586 2324 4656 pudore
2354 4596 2587 4650 remoto,
2622 4584 2942 4653 imperator,
2966 4593 3019 4636 et
3072 4596 3194 4635 cum
3238 4581 3351 4651 ipsa
3393 4579 3679 4651 sacrilegio

420 4672 649 4741 σμένως
676 4670 706 4723 ό
738 4670 1009 4739 βασιλεὺς,
1048 4673 1139 4726 καὶ
1174 4674 1524 4743 ίερολογεῖται
1551 4675 1708 4745 αὐτῇ,
1733 4675 1827 4728 καὶ
1863 4693 2008 4747 παρ-

416 4762 629 4815 αυτίκα
665 4764 1005 4835 καθαιρείται
1044 4768 1073 4820 6
1119 4769 1295 4837 ἱερεὺς
1316 4768 1390 4833 ὥς
1423 4771 1733 4840 προφανοῦς
1758 4771 2002 4841 μοιχείας

414 4852 845 4922 τιτελεσμένης.
893 4855 955 4909 '0
1007 4856 1066 4912 δὲ
1115 4860 1334 4929 Μιχαὴλ
1362 4859 1461 4931 τὴν
1489 4862 1651 4932 τρίχα
1687 4860 2012 4933 κειράμενος

416 4945 593 5017 ψήφῳ
626 4944 724 4997 τοῦ
760 4947 1101 5018 πατριάρχου
1156 4951 1253 5004 καὶ
1290 4951 1399 5004 τῶν
1449 4951 1859 5021 μητροπολιτῶν
1898 4969 2010 5022 χει-

418 5041 732 5111 ροτονεῖται
793 5039 1018 5107 Ἐφέσου
1048 5042 1357 5112 ἀρχιερεύς.
1414 5044 1600 5110 Ἀπαξ
1634 5045 1819 5113 μέντοι
1851 5046 2010 5115 μόνον

420 5134 486 5182 ὲν
539 5127 739 5200 εκείνη
783 5130 1062 5202 ἔφοίτησε,
1095 5133 1188 5186 καὶ
1212 5134 1557 5205 ὑποστρέψας
1589 5135 1829 5204 {parum}
1853 5135 1912 5188 ὲν
1941 5137 2008 5205 τῇ

418 5220 518 5274 τοῦ
548 5218 816 5288 Μανουὴλ
856 5224 1017 5291 μονῇ,
1048 5224 1232 5292 χερσὶν
1264 5224 1422 5288 ίδίαις
1449 5225 1832 5294 ἐργαζόμενος.
1866 5226 2003 5279 Ἔτι-

424 5312 583 5383 μήθη
611 5310 676 5365 δὲ
711 5310 1079 5381 διαφερόντως
1112 5313 1218 5367 ὑπὸ
1240 5314 1335 5368 τοῦ
1386 5315 1527 5383 μετὰ
1555 5313 1731 5368 ταῦτα
1766 5314 2009 5384 βασιλεύ-

425 5418 627 5465 σαντος
670 5399 912 5467 Ἀλεξίου
956 5402 1055 5457 τοῦ
1095 5405 1402 5476 Κομνηνοῦ,
1429 5404 1515 5476 [Ρ.
1568 5404 1695 5477 865]
1746 5398 1912 5474 ὲφόὖ
1944 5404 2008 5475 δὴ

2112 4680 2484 4751 coniungitur,
2509 4679 2802 4746 statimque
2826 4673 3081 4730 sacerdos
3103 4672 3389 4727 abdicatur
3411 4680 3468 4727 ut
3490 4684 3679 4741 aperto

2113 4773 2410 4827 commisso
2462 4768 2748 4823 adulterio.
2794 4766 3022 4820 Michael
3075 4772 3255 4818 autem
3295 4763 3540 4818 detonsis
3586 4778 3680 4818 ca-

2111 4863 2257 4933 pillis
2285 4860 2556 4917 sententia
2580 4857 2903 4931 patriarchae
2918 4864 2974 4911 et
2998 4854 3457 4923 metropolitarum
3480 4853 3679 4923 Ephesi

2115 4953 2566 5021 archiepiscopus
2611 4949 2893 5017 deligitur.
2940 4944 3117 4998 Semel
3154 4954 3336 4997 tamen
3393 4943 3461 4997 ad
3501 4943 3676 5012 ipsam

2117 5043 2306 5096 urbem
2344 5039 2599 5100 accessit,
2629 5047 2680 5092 et
2715 5049 2971 5090 reversus
3019 5033 3071 5085 itt
3107 5031 3375 5085 Manuclis
3406 5039 3682 5084 monaste-

2114 5131 2258 5185 rium
2295 5129 2368 5183 ibi
2401 5127 2625 5190 mansit,
2661 5124 2775 5179 suis
2805 5122 3060 5177 manibus
3107 5120 3420 5175 elaborans.
3450 5117 3683 5188 Egregie

2112 5236 2243 5277 vero
2271 5220 2454 5275 cultus
2486 5225 2569 5273 est
2597 5216 2665 5270 ab
2693 5214 2882 5269 Alexio
2895 5212 3059 5283 739
3072 5213 3376 5273 Comneno,
3407 5209 3499 5279 qui
3526 5219 3676 5277 post-

2114 5307 2336 5362 modum
2374 5304 2683 5375 imperavit,
2721 5303 2826 5358 sub
2875 5302 3034 5371 cujus
3063 5302 3228 5355 etiam
3264 5299 3491 5367 imperio
3529 5298 3673 5350 diem

2113 5416 2272 5457 suum
2300 5398 2457 5463 obiit,
2496 5410 2651 5452 suam
2690 5409 2908 5451 uxorem
2936 5392 3184 5459 Mariam,
3216 5399 3339 5462 post
3375 5390 3677 5444 Botaniataa

1689 5580 1918 5637 JACOBI
1942 5579 2154 5637 GOARI
2184 5577 2415 5635 NOTAE.

495 5692 616 5761 (48)
662 5687 906 5761 Ἀγίους,
936 5697 1007 5761 ιιιᾷ
1026 5688 1202 5761 Latini
1236 5689 1452 5755 fratres,
1471 5704 1527 5745 se
1552 5698 1741 5746 mutuo
1764 5691 2005 5745 vocitant

424 5758 607 5824 ὕπατοί
640 5760 901 5815 monachi
940 5777 953 5815 :
996 5758 1141 5816 hunc
1167 5759 1348 5830 itaque
1377 5775 1475 5815 ceu
1498 5763 1770 5833 przccipua
1801 5761 2000 5818 saneti-

2117 5696 2224 5743 tate
2259 5686 2554 5757 fulgentem
2595 5684 2861 5750 πανάγιον
2901 5679 3325 5753 compellabant.
3354 5675 3479 5733 Haec
3529 5674 3673 5748 apud

2115 5755 2591 5814 Graecos'bonoris
2619 5760 2878 5812 monstra.
