4424 6450
758 377 859 443 ιτι

2018 385 2347 447 JOANNIS
2388 389 2761 452 SCYLlTZ/E

3900 404 4006 467 47"?

758 495 1159 550 abdicationem
1199 499 1519 553 monacham
1558 503 1775 561 factam,
1798 501 1954 555 venia
1992 517 2174 558 eorum
2209 518 2325 572 qua:
2359 509 2402 563 A
2434 522 2504 560 κα

2250 519 2325 557 ηαξ
2359 509 2402 563 Λ
2434 505 2527 560 καὶ
2580 507 2870 577 ἐκοιμήθη,
2900 509 2995 579 τὴν
3055 510 3250 565 ἑαυτοῦ
3305 513 3531 581 σύζυγον
3586 517 3804 587 Μαρίαν
3861 523 3997 589 μετᾶ

756 587 815 639 in
856 603 913 642 se
942 590 1235 645 admiserat
1260 591 1312 644 in
1346 591 1462 661 ipsa
1500 603 1674 648 morte
1695 592 1971 665 dignatus.

832 943 1171 1013 Nieephorus
1225 952 1411 996 autem
1472 941 1777 997 Basilacius
1841 944 2049 1011 primus
2099 959 2326 1013 praises,

761 1050 885 1088 eum
915 1034 1267 1103 Dyrrachium
1328 1034 1686 1103 pervenisset,
1715 1035 2015 1087 exercitum
2051 1052 2116 1088 ex
2152 1036 2327 1088 omni-

762 1127 861 1180 bus
893 1127 1001 1179 lllis
1035 1126 1169 1178 locis
1202 1126 1405 1197 coegit.
1439 1126 1741 1180 Accersivit.
1769 1126 1931 1180 etiam
1992 1126 2231 1182 Francos
2258 1142 2324 1182 ex

761 1218 913 1271 italia
944 1234 1037 1285 per
1065 1218 1385 1289 episcopum
1416 1218 1653 1273 Diabolte
1684 1220 2045 1276 Theodosium
2082 1226 2325 1279 muneri-

762 1310 864 1363 bus
932 1324 996 1363 ac
1064 1310 1224 1365 donis
1295 1312 1559 1367 adversus
1619 1312 1949 1383 Bryenniuut
1986 1316 2326 1370 conciliatos.

755 1401 970 1456 Coacto
1007 1412 1186 1456 autem
1220 1403 1418 1457 idoneo
1441 1406 1682 1459 exercitu
1715 1421 1776 1459 ex
1802 1404 2028 1462 Francis
2052 1419 2101 1461 et
2132 1408 2328 1477 Bulga-

701 1555 708 1564 Ι
759 1491 836 1542 ris
889 1492 1261 1561 Romanisque
1307 1501 1361 1546 et
1414 1494 1711 1557 Arbanitis,
1770 1493 2044 1563 profectus
2095 1495 2219 1549 inde
2259 1495 2327 1549 ad

769 1581 1217 1636 Thessalonicam
1274 1584 1674 1648 contenthbat;
1709 1599 1942 1653 cumque
1993 1584 2328 1653 pervenisset

760 1673 1055 1738 Aehritlas,
1114 1675 1373 1744 cupiebat
1432 1676 1503 1729 ibi
1565 1676 1855 1743 declarari,
1908 1679 2000 1731 sed
2046 1677 2325 1748 diligentia

763 1777 830 1817 ac
862 1763 1047 1817 studio
1081 1765 1229 1818 illius
1255 1766 1346 1833 qui
1404 1765 1475 1819 ibi
1511 1767 1957 1835 archiepiscopus
1991 1776 2109 1821 erat
2136 1768 2324 1837 prohi-

2438 598 2534 664 τὴν
2567 597 2660 649 τοῦ
2688 596 3041 657 Βοτανειάτου
3071 600 3388 671 καθαίρεσιν
3424 606 3662 675 μοναχὴν
3699 610 4000 678 γενομένην

2440 689 2778 757 συμπαθείας
2809 690 2915 743 τῶν
2948 692 3027 754 είς
3066 692 3234 765 αὐτὴν
3264 695 3641 765 ὲπταισμένων
3672 696 3909 763 ἀξιώσας
3943 701 4002 751 ἐν

2435 779 2515 848 τῇ.
2531 777 2776 848 τελευτῇ.

2519 953 2579 1004 Ὀ
2606 952 2660 1004 δὲ
2714 956 3158 1025 πρωτοπρόεδρος
3184 959 3502 1028 Νικηφόρος
3527 962 3554 1013 ό
3595 961 3917 1025 Βασιλάκιος
3943 966 4001 1018 τδ

2438 1044 2739 1114 Δυρράχιον
2790 1046 3110 1099 καταλαϐὼν
3155 1052 3385 1119 στρατὸν
3417 1052 3668 1121 ἤθροιζεν
3700 1056 3761 1107 ὲκ
3811 1056 4001 1109 πασῶν

2434 1134 2541 1187 τῶν
2593 1138 2768 1189 ἐκεῖσε
2804 1138 3016 1207 χωρῶν,
3053 1141 3439 1210 μετεπέμψατο
3484 1143 3541 1195 δὲ
3574 1146 3665 1196 καὶ
3717 1146 4002 1215 Φράγγους

2435 1227 2493 1291 ἐξ
2551 1228 2778 1292 Ἰταλίας
2817 1230 2905 1282 διὰ
2954 1229 3046 1283 τοῦ
3092 1232 3394 1286 ἐπισκόπου
3456 1236 3762 1300 Διαϐολέως
3812 1238 4001 1291 Θεοδο-

2437 1319 2573 1380 σίου,
2611 1317 2912 1389 φιλοτίμοις
2944 1324 3062 1385 ταῖς
3102 1323 3363 1387 ἀξιώσεσι
3391 1327 3533 1378 κατά
3568 1328 3660 1380 τοῦ
3712 1330 3998 1397 Βρυεννίου

2437 1409 2921 1480 συσκευαζόμενος.
2958 1415 3311 1482 Συναγηοχὼς
3342 1416 3395 1467 δὲ
3428 1418 3688 1487 στρατιὰν
3726 1417 4003 1486 ἀξιόλογον

2434 1498 2496 1550 ἐκ
2545 1515 2603 1551 τε
2638 1500 2903 1569 Φράγγων
2948 1502 3044 1555 καὶ
3080 1502 3402 1574 Βουλγάρων
3454 1504 3742 1574 Ῥωμαίων
3778 1525 3837 1560 τε
3902 1510 3999 1561 καὶ

2451 1588 2500 1640 Ἀ
2514 1589 2797 1657 ρϐανιτῶν,
2829 1592 2965 1661 ἄρας
2993 1595 3199 1645 ἐκεῖθεν
3249 1594 3385 1662 πρὸς
3423 1596 3819 1663 Θεσσαλονίκην
3849 1599 4004 1665 ἠπεί-

2434 1695 2577 1746 γετο.
2605 1681 2928 1751 Ἀφιγμένος
2956 1684 3012 1735 δὲ
3035 1687 3113 1747 είς
3149 1686 3395 1755 Ἀχρίδας
3414 1686 3675 1752 ἠϐούλετο
3701 1688 3799 1755 μὲν
3827 1691 4000 1740 ἐκεῖσε

2435 1772 2887 1841 ἀναγορευθῆναι,
2924 1775 3122 1845 σπουδῇ
3153 1776 3207 1828 δὲ
3243 1775 3337 1828 τοῦ
3370 1778 3545 1829 ὲκεῖσε
3583 1778 4001 1847 ἀρχιερατεύω-

764 1854 914 1907 bitus
955 1855 1078 1906 fuit.
1124 1854 1533 1910 Thessalonicae
1564 1865 1742 1911 autem
1779 1860 1981 1910 certior
2040 1859 2215 1912 factus
2245 1866 2327 1913 est
2363 1858 2402 1911 Β
2428 1879 2511 1921 τος

2245 1866 2327 1913 est
2363 1858 2402 1911 Β
2428 1879 2517 1921 τος
2538 1863 2806 1931 ἐκωλύθη.
2863 1864 2949 1914 Ἐν
2983 1866 3039 1916 δὲ
3097 1865 3464 1935 Θεσσαλονίκῃ
3492 1867 3778 1933 γενόμενος
3816 1869 3990 1934 ἐπλη-

762 1944 830 1996 tle
893 1942 1197 1997 Botauiatae
1257 1946 1647 2004 declaratione,
1681 1955 1733 2000 et
1759 1948 1968 2001 litteras
2004 1947 2219 2014 quidem
2260 1947 2327 2000 ad

762 2032 944 2098 ipsum
1005 2035 1175 2098 misit,
1227 2036 1426 2103 quibus
1458 2050 1517 2090 se
1545 2036 1593 2088 ei
1646 2036 1948 2102 subjectum
1992 2036 2325 2089 declarabat.

770 2123 966 2175 Verum
1006 2124 1143 2177 clam
1190 2133 1383 2178 contra
1412 2141 1537 2180 eum
1570 2127 1753 2179 nescio
1792 2124 1920 2194 quid
1979 2126 2325 2191 moliebatur,

763 2213 1014 2282 adjutorc
1042 2216 1232 2270 sibiad
1270 2218 1374 2270 hoc
1408 2217 1580 2271 ascito
1605 2216 1841 2286 quodam
1876 2218 2092 2272 nomine
2119 2216 2329 2286 Gymuo

762 2316 814 2357 et
901 2305 1166 2373 Gregorio
1242 2307 1546 2360 Mesemcro
1602 2319 1654 2361 et
1701 2306 2325 2378 Tessaracoutapechy;

764 2399 1056 2452 accersivit
1124 2399 1248 2452 item
1314 2400 1416 2454 sibi
1478 2400 1797 2455 Patzinacas
1861 2402 1915 2454 itt
1991 2400 2325 2455 societatem.

764 2491 1065 2558 Imperator
1108 2506 1236 2545 vero
1294 2492 1383 2545 tibi
1433 2492 1553 2560 ejus
1614 2496 1905 2547 consilium
1961 2496 2218 2563 ccguovit
2275 2503 2329 2549 et

765 2582 1101 2645 institutum,
1130 2584 1333 2650 scripto
1363 2598 1529 2638 aureo
1558 2584 1876 2654 diplomate,
1904 2602 2010 2651 quo
2044 2588 2223 2655 ipsum
2258 2585 2327 2639 ab

767 2672 867 2725 hoc
894 2671 1111 2739 incepto
1144 2680 1432 2735 averteret,
1469 2676 1753 2740 quemdam
1783 2690 1847 2727 ex
1876 2674 2237 2728 familiaribus
2262 2674 2327 2728 ad

764 2761 939 2828 ipsum
972 2760 1139 2823 misit,
1162 2760 1252 2828 qui
1300 2761 1448 2813 omni
1508 2777 1630 2813 eum
1678 2769 1821 2814 metu
1866 2762 2103 2817 liberans
2169 2762 2325 2816 nobi-

766 2852 965 2904 lissimi
994 2867 1213 2920 quoque
1240 2851 1559 2920 dignitatem
1616 2851 1989 2920 polliceretur.
2022 2853 2115 2906 Ille
2144 2863 2326 2907 autem

769 2943 1030 2995 beneficia
1062 2960 1181 3011 qua:
1241 2944 1343 2996 sibi
1386 2944 1439 2996 in
1498 2953 1749 3014 promptu
1796 2954 1949 2998 erant
1980 2953 2323 3012 aspernatus,

771 3044 958 3101 postea
1050 3034 1265 3088 deﬂevit
1331 3036 1631 3089 incassum.
1705 3033 1769 3087 Et
1828 3036 2089 3089 adversus
2149 3035 2326 3102 ipsum

767 3124 1005 3177 mittitur
1063 3124 1442 3179 nobilssimus
1498 3124 1743 3189 Alexius,
1794 3140 1858 3178 eo
1911 3126 2119 3178 honore
2169 3125 2329 3195 740

765 3215 993 3269 affectus
1030 3224 1087 3267 ttt
1116 3226 1264 3269 esset
1316 3218 1617 3284 Augustus,
1653 3231 1775 3269 eum
1837 3215 2031 3269 idoneo
2061 3218 2323 3269 exercitu.

765 3306 900 3359 Cum
956 3308 1125 3375 igitur
1160 3308 1473 3375 pra-sidium
1520 3306 1771 3360 Basilacii
1829 3320 1949 3360 esse
2001 3305 2327 3359 Peritlteorii

764 3399 1147 3468 comperisset,
1189 3399 1275 3452 cui
1305 3398 1592 3468 ptmlecttts
1617 3408 1732 3449 erat
1763 3396 2029 3466 Gynmus,
2063 3398 2245 3464 prmlio
2279 3396 2329 3449 id

765 3492 867 3559 ipsi
899 3491 1118 3561 eripuit,
1139 3491 1531 3559 trajiciensque
1554 3491 1853 3544 exercitum
1878 3488 2327 3543 Thessalonicam

765 3583 1006 3634 ninnium
1063 3582 1332 3635 malorum
1393 3596 1589 3650 expers
1644 3580 1717 3633 ibi
1775 3595 1833 3633 se
1886 3580 2112 3648 recepit,
2176 3587 2327 3633 etex

765 3675 998 3740 quodam
1050 3672 1338 3726 intervallo
1368 3678 1689 3725 constructo
1742 3670 1885 3723 vallo
1916 3677 2069 3724 trans
2103 3669 2326 3722 ﬂuvium

769 3768 991 3819 neruine
1035 3765 1356 3819 Bartlarium
1412 3764 1481 3817 ibi
1511 3763 1812 3817 exercitum
1842 3772 1895 3816 et
1928 3770 2107 3817 castra
2150 3762 2331 3815 locare

766 3860 1099 3910 decreverat.
1162 3854 1265 3909 Sed
1328 3854 1634 3908 Basilacius
1695 3853 1979 3905 victoriam
2038 3853 2329 3921 praeripere

765 3947 1123 4007 contendens,
1174 3945 1430 4010 cogitavit
1462 3952 1627 3997 noctu
1682 3958 1777 4012 per
1809 3943 2035 3996 insidias
2064 3945 2116 3995 in
2150 3944 2326 4012 ipsum

769 4040 1026 4093 invadere
1060 4048 1113 4091 et
1164 4039 1217 4091 vi
1247 4047 1465 4107 captum
1503 4051 1624 4090 cum
1654 4035 1801 4090 omni
1827 4035 2070 4089 exercitu
2104 4035 2328 4103 perdere

769 4138 934 4199 atque
965 4130 1190 4183 omnino
1250 4128 1449 4183 delere.
1485 4128 1687 4181 Verum
1715 4142 1837 4180 cum
1879 4126 2109 4180 insidias
2147 4125 2331 4179 Gemiv-

777 4234 896 4277 stus
925 4223 1217 4277 intlicassct
1242 4224 1509 4290 Augusto,
1537 4236 1629 4275 eas
1655 4220 1878 4275 evitavit
1916 4232 2028 4272 tum
2067 4219 2182 4288 ipse
2214 4230 2327 4271 tttm

768 4315 860 4381 qui
892 4329 1014 4368 cum
1075 4329 1140 4367 eo
1170 4321 1346 4367 erant.
1381 4312 1666 4365 Profettus
1720 4312 1887 4381 igitur
1912 4311 2211 4363 Basilacius
2235 4324 2329 4377 per

771 4408 941 4453 totam
978 4408 1191 4452 noctem
1223 4400 1556 4467 improvisus
1611 4407 1665 4452 et
1699 4399 2029 4468 incognitus,
2060 4409 2327 4466 quantum

2436 1955 2711 2026 ρυφορήθη
2765 1956 2862 2025 τὴν
2918 1956 3010 2008 τοῦ
3074 1958 3430 2010 Βοτανειάτου
3488 1959 3870 2027 ἀναγόρευσιν,
3911 1960 4001 2011 καὶ

2430 2044 2649 2097 δουλικά
2702 2046 2833 2112 πρὸς
2879 2044 3042 2097 αὐτὸν
3082 2046 3364 2098 ἀπέστειλε
3414 2046 3715 2114 γράμματα
3745 2084 3758 2106 ,
3806 2046 3863 2096 ἐν
3922 2044 4000 2113 τῷ

2431 2133 2677 2203 λεληθότι
2726 2133 2794 2184 τὰ
2826 2135 2922 2202 τῆς
2975 2134 3271 2200 ἀνταρσίας
3330 2134 3707 2203 διεπράττετο,
3738 2132 4000 2203 συνεργὸν

2431 2223 2567 2291 ἔχων
2604 2221 2736 2291 πρὸς
2760 2222 2916 2275 τοῦτο
2948 2223 3038 2275 τόν
3066 2239 3124 2275 τε
3144 2222 3433 2291 λεγόμενον
3464 2224 3698 2292 Γυμνὸν,
3733 2224 3829 2275 καὶ
3856 2225 3995 2293 Γρη·

2432 2315 2613 2383 γόριον
2643 2313 2732 2365 τὸν
2776 2314 3071 2383 Μεσήμαρ,
3121 2314 3333 2366 καὶτὸν
3375 2314 3995 2383 Τεσσαρακοντάπηχυν.

2434 2405 2828 2475 Προσεκαλεῖτο
2858 2406 2913 2457 δὲ
2951 2407 3042 2457 καὶ
3075 2406 3199 2467 τοὺς
3236 2405 3611 2469 Πατζινάκους
3641 2405 3721 2467 εἰς
3773 2422 3997 2473 συμμαο

2432 2495 2574 2565 χίαν.
2619 2495 2675 2548 Ὀ
2702 2497 2950 2564 βασιλεὺς
2985 2497 3028 2547 δ’
3055 2495 3127 2557 ὡς
3151 2496 3290 2562 ἔγνω
3316 2496 3403 2548 τὸν
3436 2496 3628 2547 τούτου
3680 2496 3879 2547 σκοπὸν
3908 2497 4000 2547 καὶ

2428 2586 2527 2655 τὴν
2583 2586 2924 2655 προαίρεσιν,
2957 2585 3323 2655 χρυσοϐούλλῃ
3366 2590 3552 2655 γραφῇ
3584 2586 3643 2638 τὸ
3693 2586 3999 2654 ἀμέριμνον

2431 2675 2579 2745 αὐτῷ
2610 2674 3109 2745 περιποιησάμενός
3130 2691 3251 2726 τινα
3274 2674 3379 2725 τῶν
3413 2675 3623 2726 οἰκείων
3662 2674 3799 2743 πρὸς
3837 2674 3999 2726 aia-civ

2431 2764 2800 2828 ἐξαπέστειλε,
2830 2764 3031 2825 παντὸς
3062 2765 3160 2833 μὲν
3207 2764 3459 2815 ἀπολύων
3507 2764 3658 2825 δέους
3693 2764 3853 2816 αὐτὸν
3905 2766 3998 2816 καὶ

2430 2855 2822 2923 νωϐελισσίμου
2849 2854 3131 2924 βραϐεύων
3170 2853 3406 2921 ἀξίωμα.
3455 2854 3513 2906 Ὀ
3554 2854 3609 2906 δὲ
3654 2855 3749 2916 τάς
3778 2856 3834 2906 ὲν
3864 2872 3990 2925 χερ-

2432 2948 2515 2999 σὶν
2548 2946 2860 3015 εὐεργεσίας
2889 2945 3301 3015 περιφρονήσας
3332 2946 3564 3014 ἀνόνητα
3595 2945 3997 3013 μετεκλαῦσατο

2433 3038 2675 3107 ὕστερον.
2709 3036 2797 3088 Διὸ
2822 3036 2915 3087 καὶ
2949 3036 3224 3088 στέλλεται
3257 3036 3376 3086 κατ’
3411 3034 3575 3087 αὑτοῦ
3606 3036 3633 3087 ὁ
3680 3034 3995 3087 νωϐελίσσι-

2437 3147 2532 3197 μος
2576 3128 2808 3191 Ἀλέξιος
2839 3126 3087 3197 τιμηθεὶς
3110 3126 3366 3187 σεϐαστὸς
3400 3128 3536 3194 μετά
3570 3128 3827 3195 στρατιᾶς
3853 3126 4000 3189 ἀξιο-

2433 3220 2589 3286 λόγου
2638 3221 2731 3272 καὶ
2771 3220 2982 3288 ἱκανῆς.
3015 3219 3261 3289 Φρουρὰν
3306 3212 3399 3270 οὖν
3447 3217 3503 3268 ἐν
3535 3218 3613 3285 τῷ
3648 3217 3996 3288 περιοεωρίῳ

2429 3306 2523 3360 τοῦ
2549 3307 2873 3358 Βισιλακίου
2919 3306 3240 3358 καταλαϐὼν
3268 3306 3572 3375 στρατηγὸν
3627 3307 3856 3373 ἔχουσαν
3904 3308 3996 3357 τὸν

2431 3398 2660 3467 Γυμνὸν,
2694 3398 2914 3465 πολέμῳ
2962 3396 3148 3449 τοῦτον
3203 3397 3509 3462 ἀνήρπασε.
3545 3396 3898 3465 Προϐιϐἀζων
3938 3396 3995 3449 δὲ

2429 3489 2528 3557 τὴν
2570 3487 2829 3557 στρατιὰν
2886 3487 3014 3557 ἄχρι
3056 3488 3454 3555 Θεσσαλονίκης
3494 3487 3709 3557 ἀπαθὴς
3763 3488 3993 3557 διεσώθη

2432 3578 2636 3631 κακῶν.
2672 3579 2775 3630 Ἐκ
2809 3595 2951 3641 τινος
2974 3578 3028 3629 δὲ
3069 3578 3435 3647 διαστήματος
3492 3582 3582 3629 τὸν
3617 3579 3835 3647 χάρακα
3883 3578 3996 3639 θεὶς

2433 3669 2608 3739 πέραν
2636 3667 2731 3721 τοῦ
2756 3668 3003 3739 ποταμοῦ
3031 3667 3123 3721 τοῦ
3156 3669 3450 3737 λεγομὲιου
3472 3668 3798 3738 Βαρδαρίου,
3817 3670 3995 3720 ἐκεῖσε

2428 3760 2519 3812 τὸν
2550 3760 2778 3829 στρατὸν
2833 3758 3197 3811 διαναπαῦσαι
3248 3760 3571 3825 ὲσκόπησεν.
3616 3759 3676 3811 '0
3732 3760 3787 3811 δὲ
3835 3760 3996 3811 Βασι-

2430 3852 2614 3913 λάκιος
2657 3851 2755 3921 τὴν
2802 3850 2960 3919 νίκην
3012 3850 3205 3919 κλέψαι
3268 3851 3667 3920 ἀγωνιζόμενος
3697 3891 3711 3915 ,
3759 3849 3995 3918 ἐσκέψα-

2428 3959 2489 3994 το
2544 3943 2857 4010 νυκτίλοχος
2917 3944 3201 3994 ἐπιπεσεῖν
3253 3941 3400 4007 αὐτῷ
3454 3943 3548 3994 καὶ
3618 3941 3804 3995 τοῦτον
3854 3942 3994 3994 κατᾶ

2431 4034 2625 4103 κράτος
2688 4034 2826 4085 ἑλεῖν
2878 4036 2971 4086 καὶ
3041 4033 3286 4103 ἀπωλείᾳ
3338 4033 3669 4101 παραδοῦναι
3723 4034 3990 4085 παντελεῖ.

2428 4127 2533 4179 Τοῦ
2566 4126 2622 4179 δὲ
2650 4125 2915 4195 Γεμιστοῦ
2956 4126 3053 4194 τὴν
3081 4124 3375 4193 ἐπιϐουλὴν
3402 4124 3885 4195 καταμηνύσαντος
3916 4123 3991 4192 τῷ

2428 4218 2701 4287 Σεϐαστῷ,
2754 4217 3055 4285 ἐφυλάξατο
3093 4216 3297 4285 ταύτην
3341 4215 3502 4277 αὑτός
3541 4233 3596 4268 τε
3635 4216 3727 4269 καὶ
3769 4217 3817 4268 οἱ
3868 4215 3992 4284 περὶ

2426 4310 2607 4362 αὐτόν.
2662 4308 2899 4370 Ἐλάσας
2950 4307 3130 4360 τοίνυν
3185 4310 3212 4359 ό
3258 4306 3582 4367 Βασιλὰκιος
3626 4306 3694 4357 δι’
3728 4306 3857 4374 ὅλης
3884 4287 3992 4375 τεῆς

2430 4402 2645 4463 νυκτὸς,
2680 4400 3006 4468 ἀπροόπτως
3060 4398 3137 4468 τῷ
3190 4398 3365 4450 δοκεῖν
3433 4400 3527 4450 καὶ
3582 4399 3985 4462 ἀδιαγνώστως.

772 4491 873 4545 sibi
907 4491 1213 4553 videbatur,
1248 4490 1299 4543 in
1359 4489 1567 4543 diﬁicilc
1611 4490 1857 4558 praelium
1916 4487 2127 4542 incidit.
2161 4488 2330 4557 Igitur
2362 4508 2406 4562 ο
2438 4494 2519 4546 πο]

2241 4494 2330 4540 lul‘
2362 4508 2406 4562 ι)
2438 4493 2654 4562 πολέμῳ
2682 4492 2899 4561 χαλεπῷ
2928 4490 3240 4556 περιέπεσε.
3262 4489 3417 4541 Κατὰ
3456 4490 3654 4558 κράτος
3689 4490 3782 4541 οῦν
3823 4492 3988 4559 ἡττη-

768 4583 992 4635 omnino
1024 4583 1220 4647 victus,
1294 4590 1349 4635 et
1381 4582 1624 4651 pluribus
1652 4598 1716 4637 ex
1750 4583 1865 4636 suis
1914 4581 2156 4644 amissis,
2191 4594 2327 4649 prte-

770 4673 958 4728 sertim
988 4687 1056 4726 ex
1090 4670 1341 4735 Francis,
1379 4685 1578 4726 etcum
1615 4673 1914 4727 domestico
1965 4671 2243 4740 proeliatus
2275 4680 2329 4725 et

768 4762 837 4817 ab
872 4763 990 4831 ipso
1011 4763 1316 4818 debellatus
1345 4764 1395 4815 in
1420 4761 1826 4818 Thessalonicae
1846 4777 2026 4816 arcem
2062 4762 2325 4832 confugit,

770 4858 1093 4911 existimans
1125 4856 1225 4910 loci
1254 4856 1553 4909 munitione
1583 4872 1640 4910 se
1670 4855 2073 4924 prohibiturum
2098 4854 2325 4923 Augusti

770 4949 1052 5017 impetum.
1087 4948 1368 5016 Augustus
1417 4956 1594 5002 autem
1634 4947 1770 5001 nihil
1811 4961 2013 5001 curans
2049 4961 2327 5016 expugna-

772 5042 973 5092 tiooem
1000 5040 1203 5108 oppidi,
1239 5055 1371 5094 suos
1413 5042 1659 5092 hortatus
1691 5050 1769 5093 est
1803 5047 1860 5092 ut
1890 5053 2053 5106 quam
2085 5040 2323 5107 primum

772 5133 1031 5201 impetum
1091 5130 1353 5186 facerent.
1410 5132 1513 5197 Qui
1555 5132 1748 5185 crebro
1806 5140 1862 5186 et
1887 5129 2089 5186 ellicaci
2122 5131 2327 5197 impetu

772 5222 916 5274 facto
996 5219 1587 5276 Thessalonicensibus
1658 5221 1758 5274 sibi
1847 5220 2317 5274 consentientibus

770 5312 953 5364 statim
980 5312 1164 5367 hostes
1190 5320 1521 5381 superarunt
1553 5330 1565 5369 ;
1592 5319 1644 5365 et
1671 5314 1946 5381 Augustus
1971 5326 2094 5365 arce
2124 5310 2329 5379 potitus

769 5411 870 5455 est.
930 5399 1154 5467 Capitur
1206 5410 1387 5455 autem
1450 5403 1565 5469 ipse
1623 5402 1950 5465 Basilacins,
1992 5402 2121 5454 etin
2152 5404 2328 5455 ferrea

770 5493 986 5545 vincula
1018 5493 1302 5561 conjectus
1322 5494 1385 5547 ad
1410 5494 1791 5563 imperatorem
1818 5495 2037 5548 vinctus
2064 5495 2322 5550 mittitur.

767 5584 941 5651 Hujus
957 5586 1029 5639 rei
1046 5585 1238 5639 nuntio
1256 5585 1320 5639 ad
1342 5586 1721 5655 imperatorem
1742 5587 1973 5653 perlato,
1988 5587 2158 5656 ipsius
2173 5587 2327 5655 jussu

767 5675 815 5728 ei
858 5674 1002 5729 oculi
1056 5675 1410 5741 eﬂ‘odiuntur,
1442 5679 1687 5747 proxime
1713 5678 2113 5748 Chrysopolim,
2164 5688 2215 5732 et
2264 5694 2329 5733 ex

769 5779 835 5821 eo
865 5774 1103 5835 tempore
1138 5768 1292 5841 741
1328 5769 1480 5825 locus
1513 5771 1599 5826 ille
1625 5770 1924 5840 appellatus
1952 5781 2031 5825 est
2060 5770 2328 5825 Fremitus

2432 4582 2542 4644 θεὶς
2607 4583 2699 4635 καὶ
2773 4580 2886 4633 τῶν
2943 4580 3158 4632 οἰκείων
3210 4578 3493 4639 πλείστους
3548 4577 3855 4639 ἀποϐαλὼν,
3898 4578 3991 4629 καὶ

2435 4674 2631 4745 μᾶλλον
2666 4673 2772 4726 τῶν
2813 4674 3100 4743 Φράγγων,
3124 4671 3217 4723 καὶ
3252 4670 3411 4731 αὐτὸς
3466 4669 3519 4719 δὲ
3567 4668 3645 4737 τῷ
3680 4668 3987 4737 δομεστὶκῳ

2431 4765 2771 4835 ἀντιταχθεὶς
2800 4765 2893 4816 καὶ
2918 4765 3044 4833 παρ’
3076 4760 3239 4814 αὑτοῦ
3265 4760 3661 4829 καταπονηθεὶς
3686 4760 3763 4823 εἰς
3782 4761 3880 4829 τὴν
3894 4759 3989 4827 τῆς

2430 4855 2827 4922 Θεσσαλονίκης
2856 4852 3149 4923 ἀκρόπολιν
3178 4851 3620 4916 καταπέφευγεν,
3651 4849 3894 4917 οἰόμενος
3915 4847 3989 4916 τῷ

2430 4948 2741 5018 ὀχυρώματι
2765 4945 3100 5011 ἀποσοϐῆσαι
3124 4943 3221 5011 τὴν
3254 4941 3345 4993 τοῦ
3375 4939 3644 4993 Σεϐαστοῦ
3680 4939 3984 4990 ὲπέλευςιν.

2431 5040 2515 5111 [Ρ.
2547 5038 2671 5108 866]
2712 5038 2766 5089 '0
2793 5036 2847 5088 δὲ
2875 5034 3140 5096 Σεϐαστὸς
3175 5033 3339 5101 μηδὲν
3371 5032 3637 5101 μελλήσας
3667 5030 3761 5099 τὴν
3791 5031 3987 5083 Ξιλωσιν

2430 5131 2523 5183 τοῦ
2556 5128 2814 5198 φρουρίου
2848 5129 2960 5189 τοῖς
3005 5126 3142 5195 ἀμφ’
3191 5126 3353 5179 αὑτὸν
3388 5123 3757 5193 προετρέψατο
3782 5122 3869 5174 διὰ
3898 5123 3989 5174 τά-

2432 5237 2560 5290 χους
2608 5218 2971 5287 ποιήσασθαι·
3016 5216 3065 5268 οἳ
3100 5216 3190 5267 καὶ
3238 5216 3482 5283 ἐνεργείς
3531 5214 3630 5275 τὰς
3689 5212 3991 5278 προσϐολὰς

2433 5312 2815 5381 ποιησάμενοι,
2851 5308 2959 5361 τῶν
3001 5307 3438 5360 Θεσσαλονικέων
3494 5304 3990 5373 συμφρονησαντων

2432 5405 2636 5466 αὐτοῖς,
2654 5401 2791 5470 ταχὺ
2827 5400 3015 5453 τούτου
3040 5399 3375 5469 περιγίνεται
3399 5398 3492 5450 καὶ
3527 5397 3623 5465 τῆς
3647 5396 3990 5463 ἀκροπόλεως

2434 5494 2773 5563 ἐκυρίευσεν.
2816 5489 3124 5543 Ἀλίσκεται
3159 5489 3214 5541 δὲ
3243 5488 3337 5541 καὶ
3371 5488 3553 5550 αὐτὸς,
3599 5486 3833 5554 σιδηροῖς
3891 5487 3989 5551 ἐμ-

2432 5582 2684 5635 ϐάλλεται
2709 5582 2945 5650 δεσμοῖς,
3000 5581 3091 5633 καὶ
3120 5580 3196 5649 τῷ
3230 5579 3439 5648 βασιλεῖ
3481 5578 3863 5629 ἀποστέλλεται
3904 5576 3989 5627 δέ·

2433 5694 2608 5747 σμιος.
2645 5676 2757 5744 Τῆς
2795 5674 2852 5727 δὲ
2895 5674 3152 5741 ἀγγελίας
3181 5671 3590 5739 καταλαϐούσης
3634 5670 3724 5722 τὸν
3770 5667 3992 5737 βασιλέα

2435 5766 2725 5839 προστάξει
2777 5766 2940 5821 αὐτοῦ
2991 5768 3113 5829 τοῦς
3162 5764 3465 5835 ὀφθαλμοὺς
3516 5762 3858 5833 ἐξορύττεται
3898 5759 3997 5828 ἔγη-
