4424 6450
420 360 525 422 4τ3

1855 363 2254 427 HISTORIA.

3572 385 3679 451 47$

421 489 582 540 γιστα
610 473 707 542 τῆς
731 470 1181 541 Χρυσουπόλεως·
1211 471 1306 526 καὶ
1336 472 1521 527 ἔκτοτε
1550 474 1577 528 ό
1600 473 1763 538 τόπος
1788 475 2002 544 ὠνομα-
2031 481 2076 540 Α
2111 476 2168 531 Bt

1927 494 2002 530 ια·
2031 481 2076 540 Α
2111 476 2391 547 Basilacii;
2443 495 2549 551 quo
2580 482 2724 540 facto
2780 486 3078 556 perductus
3138 500 3222 549 est
3252 490 3306 547 in
3335 508 3509 551 curru
3532 512 3674 556 onus

424 581 544 616 σται
586 562 775 633 βρύοις
810 562 919 632 (49)
951 562 1045 615 τοῦ
1078 561 1431 620 Βασιλακίου.
1460 563 1663 618 Τούτου
1698 567 1996 637 γενομένου

423 654 564 725 ἢχθη
598 654 682 721 ἐφ’
715 652 932 723 ἀμάξης
966 654 1161 725 φόρτος
1198 654 1546 720 ὲλεεινὸς’κα“ι
1578 657 1839 729 δυστυχὲς
1870 676 2003 712 κατ-

422 746 679 813 αγώγιον.

506 838 594 889 Ἐν
626 840 734 909 ὅσῳ
763 839 817 891 δὲ
850 839 913 891 τά
944 840 1327 910 στρατεύματα
1355 841 1545 911 είςτὴν
1570 844 1697 913 περὶ
1726 844 1815 896 τον
1838 844 1999 898 Βασι-

420 926 605 981 λάκιον
631 930 955 999 ἠσχολοῦντο
1003 932 1384 1000 ἐκστρατείαν,
1430 934 1759 997 Πατζινόικοι
1793 936 1995 1004 ἀναμὶξ

420 1017 693 1086 Κομάνοις
738 1020 803 1088 τῇ
870 1019 1307 1089 Ἀδριανουπόλει
1357 1022 1611 1091 ἐπῆλθον,
1649 1024 1994 1095 ὀργιζόμενοι

420 1109 508 1161 διὰ
528 1111 586 1161 τὸ
606 1110 753 1178 παρὰ
784 1110 878 1163 τοῦ
917 1111 1204 1180 Βρυεννίου
1235 1114 1585 1183 ἀναιρεθῆναί
1615 1132 1765 1179 τινας
1792 1117 1990 1169 αὐτῶν.

423 1202 607 1269 ΙΙνρέιν
648 1198 741 1254 οὖν
770 1202 1081 1271 ὑφάψαντες
1113 1203 1284 1256 πολλὰ
1317 1207 1422 1256 τῶν
1452 1208 1629 1258 ἐκεῖσε
1675 1207 1993 1276 οἰκημάτων

419 1293 797 1361 κατέπρησαν,
878 1293 972 1345 καὶ
1026 1293 1190 1363 μηδὲν
1253 1294 1402 1359 ἄξιον
1442 1295 1599 1364 λόγου
1651 1298 1994 1369 πεπραχότες

418 1384 783 1453 ὑπέστρεψαν.

502 1476 831 1545 Ὠμολὸγησε
860 1476 913 1527 δὲ
939 1475 1111 1547 τούτῳ
1138 1478 1215 1549 τῷ
1239 1477 1346 1531 ἔτει
1380 1479 1471 1532 καὶ
1512 1479 1805 1550 Φιλάρετος
1867 1496 1992 1533 κου-

420 1565 729 1632 ροπαλάτης
794 1567 820 1616 ό
896 1566 1209 1635 Βραχάμιος
1267 1568 1451 1621 πίστιν
1500 1569 1577 1638 τῷ
1628 1569 1838 1639 βασιλεί
1893 1570 1985 1623 καὶ

415 1653 693 1705 δούλωσιν.
736 1653 833 1704 ’Ἑν
881 1671 987 1705 τισι
1017 1654 1126 1724 γάρ
1152 1656 1337 1717 τόποις
1385 1658 1598 1727 ὀχυροῖς
1650 1658 1851 1726 τείχεσι
1897 1660 1988 1711 καὶ

415 1744 761 1810 ξυναγκείαις
787 1745 1268 1814 περιειλημμένοις
1296 1748 1392 1816 τὴν
1416 1747 1627 1816 οἴκησιν
1646 1748 1983 1818 ποιούμενος,

2104 571 2419 629 miserabile
2468 585 2522 629 et
2549 576 2734 632 infelix
2775 580 2962 636 ludus.

2172 834 2378 893 Interea
2414 856 2540 895 vero
2571 840 2697 895 dum
2723 847 2995 903 exercitus
3016 849 3068 903 in
3100 851 3446 920 expeditione
3471 855 3666 911 adver-

2095 944 2190 986 sus
2220 930 2544 987 Basilacium
2583 939 2975 1006 occupabatur,
3018 940 3295 998 Patzinaci
3325 960 3448 999 cum
3469 946 3667 1002 Coma-

2097 1021 2182 1076 nis
2228 1021 2507 1089 conjuncti
2542 1026 2949 1096 Adrianopolim
2981 1032 3248 1099 invasere,
3286 1037 3407 1090 irati
3454 1041 3593 1108 quod
3638 1055 3666 1092 τι

2094 1110 2367 1182 Bryennio
2416 1113 2636 1182 quidam
2667 1131 2729 1170 ex
2765 1117 2897 1187 ipsis
2931 1119 3198 1176 interiecti
3240 1124 3479 1180 fuerant.
3528 1128 3668 1182 Sue—

2094 1217 2254 1257 censa
2295 1204 2460 1274 igitur
2504 1220 2633 1275 pyra
2682 1208 2883 1264 multas
2931 1210 3001 1264 ibi
3047 1212 3238 1269 domos
3290 1219 3665 1285 comhussere,

2095 1297 2348 1366 nullaque
2377 1313 2432 1352 re
2463 1309 2768 1356 memoratu
2803 1303 2962 1374 digna
2998 1314 3149 1375 gesta
3177 1310 3380 1364 reversi
3410 1322 3555 1365 sunt.

2161 1462 2446 1530 Professus
2488 1487 2568 1531 est
2596 1478 2697 1532 hoc
2734 1494 2879 1533 anno
2907 1482 3069 1535 etiam
3098 1482 3409 1541 Philaretus
3432 1503 3666 1555 cur0pa-

2091 1564 2228 1619 iatcs
2271 1564 2622 1623 Brachamius
2653 1571 2809 1625 ﬁdem
2845 1581 2899 1627 et
2943 1577 3256 1631 servitutem
3307 1579 3662 1648 imperatori:

2091 1654 2141 1706 in
2177 1655 2503 1723 quihusdam
2524 1659 2664 1711 enim
2696 1661 2831 1716 locis
2859 1663 3028 1718 muris
3066 1666 3290 1719 munitis
3319 1676 3371 1722 et
3399 1672 3665 1724 convalli-

2088 1745 2192 1800 bus
2226 1748 2637 1817 comprehensis
2681 1751 2937 1808 habitans
2969 1766 3158 1809 coacta
3192 1756 3569 1813 Armeniorum
3604 1772 3660 1816 et

425 1834 724 1903 Ἀρμενίων
766 1853 825 1887 τε
857 1835 1065 1902 πληθὺν
1112 1837 1204 1889 καὶ
1260 1838 1574 1903 συγκλύδων
1606 1840 1811 1909 ἀνδρῶν
1859 1842 1985 1892 συλ-
2016 1832 2061 1891 Β
2092 1837 2172 1890 adt

1914 1842 1985 1892 ιλ-
2016 1832 2061 1891 Β
2092 1837 2420 1892 advenarum
2480 1842 2853 1908 multitudine,
2913 1862 3191 1916 nunquam
3238 1848 3510 1913 Michaeli.
3567 1854 3661 1923 qui

413 1927 732 1995 λεξάμενος,
817 1927 893 1997 τῷ
972 1927 1069 1997 μὲν
1157 1927 1670 1997 προδεδασιλευκότι
1762 1932 1979 2000 Μ·χαὴλ

410 2019 851 2081 ἁκαταδούλωτος
888 2015 976 2088 ἦν,
1022 2022 1113 2072 καὶ
1162 2020 1259 2090 τὴν
1303 2020 1587 2092 βασιλικὴν
1626 2027 1979 2093 ἐπικράτειαν

410 2109 587 2179 ἑαυτῷ
621 2112 1010 2179 οἰκειούμενος,
1041 2111 1134 2163 τοῦ
1165 2112 1221 2164 δὲ
1264 2113 1615 2166 Βοτανειάτου
1670 2114 1979 2182 περιζωσα-

412 2202 575 2270 μένου
610 2201 706 2270 τὴν
737 2202 910 2273 ἀρχὴν
942 2203 1038 2273 τὴν
1065 2204 1441 2275 αὐτοκράτορα
1492 2206 1676 2267 δοῦλος
1703 2207 1976 2276 αὐτεπάγ-

408 2294 596 2361 γελτος
628 2295 840 2361 γέγονε.

482 2386 659 2448 Λὲκας
681 2384 735 2437 δέ
764 2403 847 2447 τις
898 2384 1004 2436 ἀπὸ
1064 2386 1443 2440 Παυλικιάνων
1500 2388 1981 2453 Φιλιππουπόλεως

406 2474 734 2544 ὡρμημένος
789 2474 847 2539 ἐξ
886 2476 1285 2544 Ἐπιγαμὸρῑας
1320 2480 1673 2548 ξηύτομόλησε
1724 2484 1834 2544 τοῖς
1863 2483 1976 2534 Πα-

409 2567 706 2629 τζινάκοις,
760 2568 853 2619 καὶ
907 2567 1115 2629 τούτοις
1172 2570 1499 2637 συμφρονῶν
1564 2575 1629 2639 τῇ
1694 2572 1980 2642 Ῥωμαίων

407 2658 619 2725 ἠπείλει
663 2659 727 2709 τά
760 2657 1114 2726 φοϐερώτατα
1139 2676 1151 2688 ·
1190 2659 1325 2710 ἀλλὰ
1365 2660 1456 2711 καὶ
1504 2661 1851 2738 Δοβρομηρός
1897 2681 1977 2726 τις

407 2750 464 2799 ἐν
494 2750 827 2819 Μεσημόρία
858 2750 1150 2802 διακυκῶν.
1201 2752 1310 2803 Καὶ
1368 2751 1445 2819 τῷ
1494 2753 1702 2820 βασιλεί
1752 2757 1978 2824 ἀντᾶραι

411 2839 763 2908 μελετῶντες,
790 2838 1067 2902 δείσαντες
1095 2840 1186 2892 καὶ
1220 2844 1332 2903 τοῖς
1362 2842 1469 2893 τῶν
1519 2843 1694 2896 ἄλλων
1762 2862 1979 2913 σωφρο-

407 2930 679 2991 νισθέντες
713 2932 919 2993 κακοῖς,
945 2930 1051 3000 πρὸ
1075 2930 1175 2999 τῆς
1202 2931 1395 2999 πείρας
1428 2931 1657 3003 δουλικῴ
1688 2934 1835 3003 ζυγῷ
1854 2936 1979 2999 τοὺς

407 3022 641 3091 αὐχένας
669 3021 967 3074 ύπέκλιναν
1001 3023 1092 3075 καὶ
1135 3023 1441 3093 προσῆλθον
1469 3024 1641 3076 ἱκέται
1670 3025 1973 3093 αὐτόμολοι.

410 3114 545 3165 Τότε
575 3114 638 3182 δὴ
671 3115 698 3165 ό
722 3113 901 3174 Λέκας
963 3112 1053 3166 τὸν
1090 3114 1388 3165 ἐπίσκοπον
1437 3113 1702 3183 Σαρδικῆς
1759 3114 1977 3184 Μιχαὴλ

2090 1939 2250 1983 antca
2301 1930 2682 2000 imperaverat,
2728 1935 2922 2004 subjici
2978 1938 3166 2001 voluit,
3204 1950 3257 1995 et
3298 1942 3400 1997 sibi
3454 1944 3659 2011 regiam

2090 2028 2415 2088 potestatem
2475 2024 2866 2081 vindicaverat.
2936 2029 3134 2083 Verum
3213 2045 3335 2085 cum
3410 2033 3665 2089 Botauia-

2089 2117 2170 2163 tes
2213 2112 2441 2180 adeptus
2488 2124 2633 2169 esset
2683 2116 2990 2187 imperium,
3040 2135 3233 2178 servus
3262 2121 3404 2177 ultro
3446 2125 3511 2179 ad
3538 2141 3661 2180 eum

2088 2202 2334 2256 accessit.

2161 2372 2327 2428 Lecas
2350 2383 2528 2429 autem
2551 2377 2767 2445 quidam
2790 2394 2819 2433 a
2843 2379 3176 2437 Paulicianis
3205 2399 3268 2438 cx
3296 2384 3659 2456 Philippopoli

2090 2464 2392 2533 profectus,
2427 2465 2770 2537 Epigamhria
2810 2470 2876 2523 ad
2903 2471 3227 2527 Palzinacas
3266 2476 3576 2547 transfugit,
3608 2486 3662 2533 et

2088 2568 2212 2607 cum
2254 2555 2338 2608 his
2384 2557 2735 2611 consentiens
2772 2556 3030 2613 Romanis
3077 2560 3442 2618 formidabilia
3481 2568 3660 2620 mina-

2088 2646 2277 2711 batur;
2298 2648 2428 2715 quin
2450 2648 2610 2701 etiam
2631 2648 2968 2705 Dobromiris
2991 2652 3213 2720 quidam
3252 2653 3303 2705 in
3333 2654 3653 2712 Mesembria

2088 2752 2177 2791 res
2202 2738 2547 2806 perturbans.
2609 2740 2671 2791 Et
2712 2749 2941 2810 uterque
2979 2744 3303 2800 meditantes
3344 2748 3661 2817 imperatori

2087 2830 2365 2892 resistere,
2401 2832 2559 2883 veriti
2581 2840 2632 2884 et
2664 2832 2891 2885 aliorum
2926 2835 3083 2889 malis
3117 2838 3319 2904 edocti,
3348 2848 3471 2895 ante
3496 2857 3665 2896 cona-

2086 2928 2200 2972 tum
2259 2922 2443 2974 servili
2504 2921 2635 2989 jugo
2673 2924 2917 2978 cervices
2967 2927 3293 2994 submisere,
3339 2940 3391 2985 et
3440 2932 3504 2984 ad
3536 2948 3661 2986 eum

2088 3010 2234 3061 ultro
2268 3010 2538 3077 supplices
2573 3024 2943 3070 accesserunt.
2972 3016 3122 3070 Tunc
3147 3017 3315 3075 Lecas
3343 3022 3659 3093 episcopum

2090 3102 2345 3157 Sardices
2394 3104 2737 3171 imperatoris
2798 3109 3127 3176 studiosum,
3178 3122 3231 3167 et
3276 3115 3548 3169 civitatem
3606 3128 3665 3170 ut

406 3204 474 3257 τὰ
496 3204 590 3257 τοῦ
639 3204 901 3273 βασιλέως
973 3205 1271 3273 φρονοῦντα
1325 3206 1420 3258 καὶ
1472 3206 1572 3275 τὴν
1628 3205 1782 3259 πόλιν
1848 3207 1982 3259 αὐτὸ
2014 3181 2054 3239 C
2093 3194 2153 3246 Ιιο

1914 3181 2054 3259 μέδο
2093 3194 2194 3247 hoc
2252 3194 2429 3263 ipsum
2491 3194 2693 3249 faceret
2754 3197 3174 3266 adhortantem,
3232 3206 3431 3259 occidit
3501 3207 3661 3278 7&2

407 3298 564 3349 τοῦτο
595 3300 767 3349 ποιεῖν
800 3298 1171 3366 παραινοῦντα
1203 3297 1400 3361 ἀνεῖλε,
1426 3298 1523 3369 τὴν
1544 3299 1693 3352 θείαν
1720 3302 1811 3353 καὶ
1844 3300 1985 3370 ἱερα-

405 3388 564 3457 τικὴν
589 3388 779 3458 στολὴν
807 3390 1209 3459 ἀμπεχόμενον.
1252 3389 1477 3454 Ἦξίωσε
1531 3391 1588 3444 δὲ
1642 3393 1670 3443 ό
1730 3391 1984 3460 βασιλεὺς

408 3480 499 3532 καὶ
552 3480 652 3549 τὴν
694 3479 800 3550 πρὸ
859 3480 951 3532 τοῦ
1022 3479 1335 3547 Αύγοῦσταν
1392 3481 1655 3535 Εύδοκίαν
1728 3482 1985 3552 προνοίας

412 3569 673 3638 μεγάλης.
710 3572 869 3639 ’Λρτι
898 3569 954 3621 δὲ
1001 3570 1107 3621 τῶν
1135 3570 1396 3639 Τούρκων
1434 3570 1533 3641 τὴν
1585 3571 1762 3641 Ἐᾠαν
1815 3590 1982 3627 κατα-

406 3667 729 3735 τρεχόντων,
779 3664 1005 3734 στρατὸν
1070 3664 1373 3733 ἀξιόχρεων
1441 3665 1741 3735 συνηλικὼς
1789 3684 1983 3738 στρατ-

407 3757 539 3826 ηγὸν
582 3754 745 3809 αὐτοῦ
798 3755 1050 3824 ἐφίστησι
1105 3757 1508 3808 Κωνσταντῖνον
1549 3756 1637 3808 τὸν
1688 3756 1799 3809 υἱὸν
1826 3758 1980 3810 Κων-

411 3846 690 3898 σταντίνον
724 3845 817 3897 τοῦ
847 3846 1042 3899 Δούκα.
1074 3847 1183 3899 Καὶ
1212 3847 1410 3899 αὐτίκα
1471 3847 1807 3918 διαπεράσας
1848 3867 1984 3902 νεω··

406 3937 615 4006 τερίζει
663 3936 804 3989 κατὰ
852 3936 945 3987 τοῦ
993 3936 1279 4005 βασιλέως,
1328 3937 1422 3988 καὶ
1478 3936 1733 4007 βασιλεὺς
1785 3939 1982 3993 αὐτίκα

408 4027 801 4097 ἀναγορεύεται
858 4028 1007 4096 παρὰ
1074 4027 1167 4080 τοῦ
1235 4030 1292 4081 ὲν
1326 4029 1663 4098 Χρυσοπόλει
1725 4032 1980 4094 συνόντος

1424 4119 1686 4183 Ἀξιώσας
1752 4122 1808 4173 δὲ
1853 4122 1982 4193 περὶ

405 4213 597 4265 τούτου
636 4214 663 4264 ό
723 4211 970 4281 βασιλεὺς
999 4211 1091 4264 καὶ
1146 4213 1219 4281 μὴ
1267 4212 1658 4275 εἰσακουσθεὶς,
1702 4214 1826 4275 τοὺς
1881 4212 1982 4282 μὲν

406 4303 600 4372 δώροις
632 4304 725 4354 καὶ
765 4302 1034 4370 ἀξιώμασι
1061 4301 1456 4371 μειλιξάμενος,
1487 4303 1678 4367 ἄλλους
1728 4304 1784 4357 δὲ
1819 4305 1980 4359 ἄλλον

406 4394 611 4462 τρόπον
663 4394 1208 4461 μεταχειρισάμενος,
1254 4393 1525 4462 λαμϐάνει
1585 4394 1777 4447 τοῦτον
1828 4397 1981 4450 ἀναι-

408 4484 674 4554 μι-›τὶ,[Ρ.
731 4482 856 4552 867]
916 4484 1095 4536 αὐτῶν
1153 4484 1261 4536 τῶν
1319 4486 1798 4554 ἀναγορευσάντων
1850 4505 1982 4556 προσ

404 4574 714 4630 δεδωκότων
740 4575 921 4628 αὐτόν.
979 4576 1287 4644 Ἀποκείρει
1338 4576 1467 4643 γοῦν
1513 4576 1674 4629 αὑτὸν
1744 4578 1976 4648 μοναχὸν

406 4666 499 4719 καὶ
573 4664 654 4728 εἷς
686 4682 807 4718 τινα
827 4666 984 4734 νῆσον
1017 4666 1335 4736 περιορίζει.
1385 4667 1616 4734 Λέγεται
1661 4668 1717 4720 δὲ
1747 4668 1827 4720 ὅτι
1884 4669 1978 4722 καὶ

405 4760 485 4821 είς
519 4758 891 4828 πρεσϐυτέρου
919 4757 1128 4827 ἀνήχθη
1156 4757 1384 4827 βαομόν.

489 4846 806 4917 Ὀκτωϐρίῳ
867 4847 923 4899 δὲ
986 4848 1136 4917 μηνὶ,
1200 4846 1526 4911 ὶνδικτιῶνος
1578 4855 1668 4915 ιγ’,
1714 4848 1979 4918 κεραυνὸς

407 4938 685 5009 ἐνσκήψας
716 4939 772 4990 ἐν
802 4937 877 5007 τῷ
919 4937 1010 4989 τοῦ
1066 4937 1300 5007 μεγάλου
1352 4940 1762 4992 Κωνσταντίνου
1816 4941 1977 5005 κίονι,

407 5024 468 5084 οὗ
499 5027 709 5081 ἄνωθεν
746 5029 777 5096 ἡ
811 5027 977 5096 στήλη
1011 5026 1176 5079 αὐτοῦ
1201 5027 1308 5097 (50)
1372 5028 1581 5091 ἵστατο,
1646 5029 1980 5093 Ἀπόλλωνος

408 5115 543 5173 οὖσα
590 5117 871 5187 ἀφίδρυμα
912 5118 1197 5188 πρότερον,
1245 5120 1323 5179 εἰς
1363 5119 1534 5189 ὄνομα
1572 5120 1629 5173 δὲ
1684 5137 1983 5189 μετονομα-

407 5211 620 5274 σθεῖσα,
670 5208 830 5278 μέρος
897 5224 957 5260 τε
1010 5208 1197 5261 τούτου
1265 5208 1499 5279 διέτεμε,
1546 5211 1638 5262 καὶ
1693 5210 1982 5280 ζωστῆρας

404 5302 579 5371 τρεῖς,
615 5298 863 5371 σιδηροῦς
894 5299 993 5369 μὲν
1022 5298 1090 5353 τὰ
1130 5300 1298 5364 ἔνδον,
1339 5302 1407 5353 τὰ
1459 5302 1513 5353 δὲ
1558 5301 1661 5366 ἔξω
1722 5300 1979 5369 χαλκοῦς,

409 5391 738 5445 κατέκαυσε.
810 5388 915 5443 Τοῦ
974 5389 1031 5443 δὲ
1111 5391 1413 5460 ἀρχιερέως
1487 5391 1585 5459 τῆς
1646 5390 1981 5460 Βουλγαρίας

406 4121 557 4190 αὐτῷ
612 4119 1005 4190 στρατιωτικοῦ
1062 4119 1131 4170 πλ
1144 4118 1327 4189 ἡθους.

2088 3298 2300 3337 sacram
2351 3293 2406 3337 et
2436 3286 2828 3340 sacerdotalem
2858 3298 3063 3343 vestem
3108 3293 3379 3349 indutum.
3412 3295 3659 3367 Magnam

2089 3390 2308 3444 quoque
2331 3390 2518 3429 curam
2556 3380 2724 3445 gessit
2754 3379 3050 3447 imperator
3075 3383 3327 3439 Eudocize
3366 3387 3508 3441 illius
3539 3404 3660 3456 qua:

2086 3475 2208 3519 ante
2222 3480 2279 3520 se
2292 3465 2466 3521 fuerat
2487 3468 2894 3538 Augusta.Cum
2918 3487 3047 3525 vero
3072 3490 3241 3542 nuper
3266 3475 3429 3528 Turri
3453 3477 3658 3532 Orien-

2085 3567 2189 3612 tem
2223 3568 2625 3626 percurrerent,
2684 3571 2876 3615 coacto
2934 3564 3130 3619 idoneo
3171 3568 3433 3620 exercitui
3466 3570 3659 3624 ducem

2085 3650 2325 3719 prchccit
2368 3651 2794 3706 Constantinum
2840 3653 3187 3709 Constantini
3229 3659 3384 3712 Dura:
3434 3660 3605 3714 ﬁlium
3642 3678 3657 3725 ;

2087 3742 2180 3810 qui
2217 3744 2400 3797 statim
2428 3743 2659 3812 trajectu
2691 3748 2933 3801 exercitu
2976 3748 3239 3803 adversus
3276 3751 3658 3819 imperatorem

2087 3849 2175 3888 res
2208 3834 2466 3899 innovat,
2500 3845 2553 3887 et
2585 3851 2615 3890 e
2650 3837 2879 3905 vestigio
2907 3838 3203 3907 imperator
3241 3840 3307 3894 ab
3338 3857 3400 3894 ea
3437 3842 3664 3895 militari

2085 3924 2433 3980 multitudine
2453 3941 2573 3993 qua:
2602 3942 2726 3980 cum
2754 3927 2872 3994 ipso
2894 3929 3337 3999 eratChrysopoli
3368 3931 3655 3987 salutatur.

2084 4015 2333 4084 Cumque
2380 4016 2445 4070 de
2484 4018 2603 4086 ipso
2648 4018 2943 4087 imperator
2975 4020 3236 4076 voluisset
3294 4024 3481 4077 nescio
3529 4024 3660 4093 quid

2084 4115 2351 4171 statuere,
2375 4123 2484 4161 non
2506 4109 2815 4174 exauditus,
2849 4112 2987 4167 alios
3017 4112 3174 4168 donis
3206 4122 3368 4183 atque
3391 4116 3659 4172 honorum

2086 4199 2574 4269 pollicitationibus
2631 4202 2923 4268 deliniens,
2977 4204 3114 4257 alios
3171 4206 3277 4259 alia
3332 4206 3544 4262 ratione
3590 4207 3659 4264 ab

2088 4295 2306 4365 incepto
2361 4296 2664 4363 abducens,
2730 4298 2904 4367 ipsum
2958 4299 3078 4354 sine
3127 4302 3395 4369 sanguine
3436 4302 3659 4373 accipit,

2086 4387 2359 4456 proditum
2392 4388 2494 4442 sihi
2514 4389 2581 4441 ab
2613 4389 2680 4444 iis
2714 4390 2806 4457 qui
2839 4405 2963 4443 eum
2998 4391 3377 4461 imperatorem
3409 4392 3660 4448 declara-

2090 4487 2302 4531 verant.
2367 4476 2633 4532 Detondet
2691 4479 2859 4550 igitur
2889 4481 3038 4534 illum
3093 4484 3445 4547 monachum,
3492 4490 3548 4539 et
3602 4484 3657 4538 in

2084 4565 2373 4634 quamdam
2425 4566 2660 4621 insulam
2700 4568 2922 4639 relegat.
2955 4568 3151 4625 Fertur
3189 4572 3353 4627 etiam
3408 4573 3477 4627 ad
3532 4588 3662 4643 pre-

2081 4654 2278 4725 sbyteri
2310 4656 2534 4723 gradum
2561 4658 2874 4726 perductus.

2152 4835 2375 4892 Octobri
2409 4844 2589 4891 autem
2629 4848 2838 4903 mense,
2895 4835 3202 4891 indictione
3241 4835 3452 4889 decima
3480 4835 3656 4899 tertia,

2087 4926 2287 4982 fulmen
2342 4928 2525 4997 magni
2577 4928 2923 4982 Constantini
2969 4927 3278 4980 columnam
3343 4925 3654 4993 percussit,

2084 5034 2248 5088 supra
2277 5034 2438 5088 quam
2469 5019 2657 5073 stabat
2685 5020 2856 5088 ipsius
2887 5019 3165 5082 columna,
3210 5033 3327 5083 quae
3359 5017 3509 5085 prius
3542 5029 3659 5071 erat

2085 5110 2239 5165 sedes
2262 5110 2551 5180 Apollinis,
2585 5110 2781 5166 deinde
2808 5111 3030 5165 nomine
3060 5109 3230 5179 ipsius
3254 5108 3522 5176 appellata
3551 5126 3568 5172 ;
3606 5116 3659 5161 ct

2087 5213 2292 5274 partem
2327 5203 2447 5271 ejus
2471 5203 2715 5266 discidit,
2755 5203 2973 5271 triaque
3012 5201 3229 5257 vincula
3262 5201 3408 5253 intus
3452 5198 3651 5263 ferrea,

2085 5305 2238 5349 extra
2287 5307 2425 5347 terea
2465 5292 2787 5348 combussit.
2834 5292 2956 5346 Vita
2988 5300 3166 5346 autem
3207 5290 3393 5343 iuncto
3442 5287 3652 5341 Joanne

2089 5383 2356 5453 Bulgaria:
2390 5383 2799 5453 archiepiscopo
2831 5386 2883 5439 in
2909 5385 3145 5439 transitu
3180 5379 3455 5445 Basilacii,
3486 5380 3650 5432 alium

1658 5562 1889 5621 JACOBI
1931 5563 2138 5620 GOARI
2180 5560 2413 5617 NOTAE:

481 5681 593 5754 ($9)
632 5678 850 5762 Fonteii:
883 5679 1072 5762 βρύσιν
1103 5681 1186 5762 vel
1220 5681 1424 5762 βρύσην
1448 5681 1972 5762 li_odic_vu|goqraeci

415 5751 754 5821 nuncupant.
800 5751 1123 5805 Βασιλακίου
1157 5751 1336 5821 itaque
1390 5752 1575 5824 βρύοις
1608 5754 1757 5809 lerus
1789 5752 1875 5805 ubi
1906 5768 1970 5806 ex

2083 5680 2296 5734 cli‘ossis
2326 5679 2445 5746 ejus
2472 5675 2644 5729 oculis
2679 5674 2900 5740 sanguis
2929 5672 3106 5739 erupit
3135 5680 3218 5727 est
3253 5669 3459 5725 dictus.

2152 5748 2261 5819 (50)
2289 5749 2415 5816 Ejus
2454 5756 2653 5801 Statua.
