4424 6450
727 378 836 440 475

1984 365 2303 429 JOANNIS
2331 365 2708 425 SCYLITZE

3860 358 3962 421 476

726 496 780 549 in
812 489 932 562 ejus
954 488 1133 547 locum
1160 490 1454 559 imperator
1481 486 1795 553 declaravit,
1818 482 2082 540 Joannem
2107 483 2293 537 itidem
2326 485 2370 541 A
2410 481 2473 535 ’1ο

2218 498 2293 537 em
2326 485 2370 541 A
2410 481 2655 535 Ἰωάννου
2692 479 3117 550 τελευτήσαντος
3144 476 3201 531 ἐν
3224 478 3290 547 τῇ
3319 475 3412 531 τοῦ
3431 476 3760 531 Βασιλακίου
3787 478 3965 547 διόδῳ,

728 580 969 642 nomine,
1012 578 1103 648 qui
1133 578 1365 647 Aoinus,
1426 575 1478 630 id
1507 584 1589 630 est
1620 574 1944 636 abstemius,
1977 572 2293 635 vocabatur,

730 671 878 741 quod
914 682 1193 739 nunquam
1238 669 1425 721 vinum
1474 673 1739 736 gustaret.
1776 664 2040 718 Similiter
2083 671 2299 717 mortuo

728 760 1029 815 Antiochia:
1043 758 1352 828 patriarcha
1376 758 1671 810 declaravit
1690 757 1981 825 imperator
2006 754 2296 823 quemdam

727 850 1093 920 Nicephorum
1120 849 1367 905 Maurum
1387 847 1546 918 743
1561 855 1944 915 cognomento.
1978 844 2298 914 Scopiorum

732 953 908 996 autem
938 941 1045 996 dux
1096 941 1344 995 delectus
1373 951 1457 994 est
1487 940 1793 993 Alexander
1833 938 2136 993 Cahasilas.
2192 938 2299 992 Leo

730 1048 857 1085 vero
907 1033 1233 1088 Diabatenus
1283 1032 1336 1085 in
1392 1031 1772 1085 lliescmbriam
1812 1031 2015 1087 missus
2058 1046 2147 1087 res
2188 1033 2301 1086 illic

732 1123 1137 1183 moderabatur,
1170 1129 1223 1176 et
1248 1138 1371 1175 cum
1395 1121 1702 1177 Patzinacis
1728 1132 1779 1176 et
1798 1122 2056 1179 Comanis
2080 1138 2301 1192 percus-

736 1228 797 1263 so
841 1212 1044 1267 foedere
1073 1215 1374 1268 consensit.
1410 1212 1563 1267 Dedit
1593 1214 1720 1265 item
1750 1214 1960 1269 sororis
1995 1230 2106 1269 sum
2136 1214 2299 1267 ﬁliam

733 1304 1083 1372 Synatleuen,
1145 1303 1427 1358 Theodulo
1480 1304 1770 1374 Syuadeno
1834 1307 2108 1375 genitam,
2166 1307 2303 1361 crali

734 1393 985 1459 Ilngariaz
1041 1411 1284 1458 uxorem,
1342 1410 1451 1464 quo
1504 1398 1666 1451 etiam
1713 1404 1927 1449 mortuo
1979 1413 2172 1453 rursus
2220 1408 2304 1453 est

734 1479 1052 1552 Byzantium
1116 1500 1352 1540 reversa.
1407 1485 1471 1539 Et
1517 1488 1608 1541 alii
1650 1487 1800 1539 multi
1850 1489 2207 1557 metropolitae
2246 1498 2299 1544 et

737 1573 880 1628 sacri
923 1575 1024 1628 viri
1062 1576 1181 1644 ipso
1223 1576 1523 1646 imperante
1579 1576 1769 1631 delecti
1817 1587 1982 1644 sunt;
2015 1581 2104 1649 qui
2156 1581 2305 1635 omni

740 1663 1161 1732 reprehensione
1187 1676 1503 1722 caruerunt.
1545 1667 1843 1737 Imperator
1876 1678 2053 1724 autem
2088 1670 2308 1740 frugali-

2398 572 2585 641 ἕτερον
2614 570 2729 622 ἀντ’
2772 568 2936 623 αὐτοῦ
2960 569 2987 620 6
3025 566 3283 638 βασιλεὺς
3314 566 3666 638 προεϐάλετο,
3718 566 3967 634 Ἰωάννην

2401 664 2491 716 καὶ
2522 661 2683 715 αὐτὸν
2711 660 3060 730 καλούμενον,
3105 660 3317 712 Ἀοινον
3347 659 3402 711 δὲ
3437 659 3838 728 ὀνομαζόμενον
3884 658 3968 712 διὰ

2399 755 2459 806 τὸ
2512 753 2637 822 μηδ’
2666 754 2801 817 ὅλως
2828 752 3076 822 μετέχειν
3115 750 3303 806 αὐτοῦ.
3344 750 3616 813 Ὡσαύτως
3659 751 3713 802 δὲ
3757 751 3849 803 καὶ
3877 750 3968 802 τοῦ

2401 845 2735 914 Ἀντιοχείας
2806 843 3147 915 πατριάρχου
3216 843 3573 913 κοιμηθέντος
3643 842 3971 912 προεϐάλετο

2401 938 2429 989 6
2475 935 2729 1006 βασιλεύς
2773 952 2894 988 τινα
2925 935 3262 1004 Νικηφόρον,
3323 933 3545 1003 Μαῦρον
3606 934 3701 1002 τὴν
3761 936 3969 987 ἐπωνυ-

2406 1027 2534 1095 μίαν
2570 1027 2823 1096 φέροντα.
2854 1024 3099 1078 Σκοπίων
3140 1026 3195 1078 δὲ
3229 1023 3354 1088 δοὺξ
3412 1024 3722 1095 προεϐλήθη
3776 1028 3803 1078 6
3858 1029 3970 1078 Κα-

2404 1118 2629 1179 ϐασίλας
2690 1116 3057 1185 Ἀλέξανδρος.
3120 1117 3271 1169 Λέων
3330 1116 3385 1167 δὲ
3440 1119 3466 1168 ὁ
3518 1116 3849 1182 Διαϐατηνδς
3894 1118 3973 1178 εἰς

2403 1208 2767 1278 Μεσημϐρίαν
2808 1207 3136 1266 ἀποσταλεὶς
3176 1208 3245 1259 τὰ
3273 1209 3450 1260 ἐκεῖσε
3509 1202 3576 1277 ἦν
3622 1206 3840 1259 διοικῶν
3885 1208 3973 1259 καὶ

2409 1299 2545 1370 μετά
2576 1297 2682 1350 τῶν
2715 1298 3069 1361 Πατζινάκων
3096 1298 3191 1351 καὶ
3216 1298 3325 1350 τῶν
3374 1298 3646 1367 Κομάνων
3709 1296 3975 1366 συμϐιϐά-

2408 1406 2521 1451 σεις
2577 1388 2672 1443 καὶ
2745 1389 2977 1453 σπονδὰς
3036 1388 3337 1461 τιθέμενος.
3396 1390 3605 1442 Δέδωκε
3637 1388 3816 1441 δὲκαὶ
3878 1389 3975 1458 τὴν

2407 1482 2633 1551 ἀνεψιὰν
2663 1479 2825 1534 αὑτοῦ
2853 1483 2879 1534 6
2915 1481 3166 1550 βασιλεὺς
3207 1482 3305 1552 τὴν
3340 1480 3667 1550 Συναδηνὴν,
3700 1480 3976 1549 θυγατέρα

2407 1567 2571 1624 οὖσαν
2599 1570 2889 1624 Θεοδούλου
2918 1569 3011 1623 τοῦ
3042 1570 3367 1640 Συναδηνοῦ,
3411 1570 3486 1639 τῷ
3532 1570 3707 1641 κράλῃ
3757 1570 3973 1638 Οὑγγα-

2409 1663 2533 1732 ρίας
2561 1662 2641 1725 εἰς
2668 1664 2920 1729 γυναῖκα,
2954 1655 3016 1715 οὗ
3071 1663 3166 1716 καὶ
3236 1661 3657 1731 τελευτήσαντος
3691 1658 3849 1723 αὖθις
3898 1663 3977 1722 εἰς

737 1752 832 1805 tati
886 1762 938 1806 et
981 1753 1315 1823 simplicitati
1350 1765 1604 1811 assuetus
1650 1758 1795 1812 nulla
1830 1775 1893 1813 ex
1940 1771 2093 1828 parte
2122 1776 2150 1813 a
2190 1762 2305 1817 suis
2343 1810 2381 1828 η
2406 1751 2468 1803 τδ

2229 1762 2305 1817 “is
2343 1810 2381 1828 ﬂ
2406 1751 2468 1803 τὸ
2502 1752 2792 1816 Βυζάντιον
2815 1752 3141 1823 ὑπέστρεψε.
3171 1753 3280 1805 Καὶ
3307 1752 3640 1822 χειροτονίας
3675 1751 3733 1805 δὲ
3780 1751 3976 1815 πολλὰς

741 1842 992 1897 moribus
1032 1842 1344 1898 declinavit.
1373 1843 1505 1898 Erat
1538 1854 1717 1899 antem
1759 1847 1990 1902 maxime
2021 1857 2308 1919 promptus

742 1929 809 1984 ad
862 1932 1199 2001 largiendum
1249 1943 1299 1987 et
1331 1934 1745 1989 liberalissimus
1781 1944 1835 1989 et
1873 1936 1939 1988 ad
1970 1952 2161 1992 omnes
2188 1954 2312 2007 pro-

740 2034 969 2087 pensus.
996 2018 1168 2075 Erant
1200 2022 1300 2091 ipsi
1335 2024 1443 2075 duo
1470 2022 1610 2077 servi
1654 2024 1865 2079 Borilus
1894 2034 1946 2080 et
1982 2027 2307 2093 Germanus,

739 2111 830 2178 qui
855 2126 961 2165 non
989 2112 1034 2167 ei
1070 2122 1126 2166 nt
1148 2115 1288 2169 servi
1316 2116 1661 2182 obediebant,
1686 2117 1778 2171 sed
1811 2132 2148 2187 qnmcunque
2178 2121 2309 2189 ipsis

741 2202 997 2267 liberem,
1058 2204 1179 2259 sine
1236 2208 1606 2261 controversia
1658 2208 2037 2277 peragebant;
2089 2219 2311 2279 pr0pter

740 2306 878 2360 quos
911 2293 1238 2350 illeodiosus
1262 2309 1374 2350 erat
1410 2306 1632 2351 senatus
1661 2298 2018 2366 principibus,
2053 2302 2142 2370 qui
2169 2318 2311 2371 aegre

742 2382 992 2438 ferebant
1038 2386 1254 2440 illorum
1291 2388 1345 2441 in
1381 2404 1568 2443 omnes
1605 2389 1867 2445 facinora.
1902 2392 1999 2445 Ubi
2054 2408 2203 2458 veru,
2254 2402 2312 2449 ut

743 2476 998 2543 superius
1055 2476 1382 2531 declaratum
1432 2488 1537 2541 cst,
1589 2480 1856 2547 Iogothcta
1912 2481 1977 2533 ad
2028 2480 2309 2537 Ruselium

745 2562 995 2633 confugit
1018 2572 1070 2618 et
1105 2567 1244 2635 apud
1280 2567 1452 2635 ipsnm
1491 2578 1860 2623 commoratus
1886 2580 1991 2636 est,
2023 2573 2314 2629 detonsus-

741 2668 847 2721 que
872 2655 939 2707 ab
974 2656 1093 2725 ipso
1118 2659 1458 2722 servabatur,
1494 2659 1768 2713 Rnselium
1799 2677 2006 2715 veneno
2037 2664 2311 2719 interﬁcit.

745 2744 851 2799 Sed
881 2762 908 2799 a
946 2750 1265 2819 propinquis
1290 2748 1492 2808 Ruselii
1530 2753 1595 2806 ad
1642 2752 1979 2809 Botaniatem
2025 2758 2317 2823 perductus

745 2836 801 2890 in
850 2835 1014 2893 Prota
1060 2840 1237 2894 insula
1276 2854 1611 2896 asservatur.
1663 2843 1910 2914 Cumque
1962 2848 1997 2899 ii
2048 2848 2139 2917 qui
2192 2864 2314 2902 cum

748 2930 872 2997 ipso
899 2939 1059 2984 erant
1088 2932 1290 2996 optime
1324 2942 1568 2995 nossent,
1595 2935 1640 2989 si
1672 2935 1847 2988 solum
1881 2937 2059 3005 ipsum
2089 2939 2314 3005 rideret,

746 3019 863 3076 fore
892 3030 948 3075 ut
972 3024 1185 3077 veniam
1218 3034 1666 3093 consequeretur,
1686 3035 1871 3095 utpote
1898 3030 1988 3097 qui
2023 3032 2314 3085 multarum

2416 1842 2828 1912 μητροπολιτῶν
2858 1860 2915 1895 τε
2944 1844 3036 1895 καὶ
3065 1842 3169 1894 τῶν
3198 1842 3381 1905 ἄλλως
3416 1841 3730 1912 ἱερωμένων
3752 1842 3977 1910 γεγόνα-

2412 1949 2494 1984 σιν
2516 1934 2607 1985 ἐπὶ
2639 1934 2738 2003 τῆς
2773 1933 3048 2003 βασιλείας
3080 1932 3266 1995 αὐτοῦ,
3296 1931 3370 2002 μὴ
3394 1931 3616 2002 ἔχουσαι
3639 1931 3699 1983 τὸ
3721 1932 3981 2001 ἀνεπίλη-

2412 2041 2563 2077 πτον.
2611 2025 2667 2077 '0
2712 2026 2768 2077 δὲ
2804 2025 3057 2095 βασιλεὺς
3098 2024 3333 2091 λιτότητι
3383 2024 3477 2076 καὶ
3501 2023 3765 2092 ἁπλότητι
3802 2040 3979 2075 συνει-

2413 2114 2663 2183 θισμένος
2686 2115 2977 2167 κατόὐδὲν
3003 2113 3095 2166 τοῦ
3123 2115 3322 2167 οἰκείου
3356 2114 3546 2182 ἐξέστη
3577 2114 3797 2183 τρόπου.
3827 2115 3981 2165 Φιλο-

2410 2205 2713 2275 δωρότατος
2758 2206 2816 2258 δὲ
2851 2201 2918 2275 ἦν
2952 2206 3068 2259 ’καὶ
3100 2206 3387 2275 προετικὸς
3438 2205 3529 2256 καὶ
3556 2207 3719 2257 πᾶσιν
3748 2205 3978 2273 ἑτοίμως

2412 2297 2840 2367 ἐπικλινόμενος.
2875 2295 3055 2351 Ἷῐσαν
3099 2297 3153 2350 δέ
3175 2296 3349 2366 τούτῳ
3379 2296 3552 2349 δοῦλοι
3585 2296 3697 2359 δύο,
3760 2297 3980 2365 Βορίλος

2414 2407 2472 2442 τε
2505 2390 2596 2443 καὶ
2628 2390 2925 2460 Γερμανὸς,
2960 2392 3019 2442 οὐ
3052 2390 3191 2442 κατά
3215 2388 3431 2451 δούλους
3463 2386 3623 2440 αὐτοῦ
3674 2388 3979 2440 ὑπακούονο

2414 2499 2525 2544 τες,
2559 2482 2693 2535 ἀλλᾶ
2724 2484 2833 2535 πᾶν
2867 2482 2928 2533 τὸ
2987 2482 3170 2543 αὐτοῖς
3229 2479 3482 2548 βουλητὸν
3528 2479 3981 2549 διαπραττόμενοι

2416 2572 2808 2634 ἀνενδοιαστως
2827 2586 2839 2600 ·
2871 2570 2937 2623 δι’
2958 2570 3051 2631 οὒς
3080 2571 3171 2622 καὶ
3197 2569 3452 2639 φορτικὸς
3482 2571 3596 2631 τοῖς
3630 2567 3983 2637 ἐξοχωτὲροις

2415 2664 2513 2733 τῆς
2546 2663 2848 2733 συγκλήτου
2878 2662 3176 2730 ἐνομῖζετο,
3225 2661 3576 2730 δακνομένοις
3628 2659 3712 2727 ἐφ’
3774 2653 3855 2720 οἷς
3905 2659 3984 2719 εἰς

2418 2754 2621 2815 πάντας
2645 2754 3042 2805 ἐπεδείκνυντο.
3098 2752 3249 2805 Ἐπεὶ
3276 2752 3353 2815 δὲ,
3394 2752 3466 2811 ὼς
3501 2751 3528 2802 6
3558 2750 3712 2817 λόγος
3770 2750 3982 2818 φθασας

2419 2847 2721 2914 ἱστόρησεν,
2761 2846 2788 2897 ὁ
2836 2844 3126 2912 λογοθέτης
3174 2844 3252 2913 τῷ
3308 2841 3595 2911 Ῥουσελίῳ
3639 2841 3984 2911 προσέδραμε

2420 2934 2514 2987 καὶ
2561 2933 2709 3004 παρά
2736 2933 2909 3005 τούτῳ
2938 2934 3092 3003 διῆγε
3124 2932 3481 3002 κατασχεθείς
3532 2949 3591 2984 τε
3624 2931 3759 3003 πρὸς
3815 2932 3981 2985 αὑτοῦ

2419 3025 2686 3094 ἐτηρεῖτο,
2743 3024 2836 3077 τὸν
2895 3025 2995 3093 μὲν
3064 3024 3368 3076 Ῥουσέλιον
3414 3024 3691 3093 φαρμάκῳ
3748 3024 3986 3093 ἀναιρεῖ,

747 3129 929 3166 rerum
957 3129 1058 3167 usu
1088 3114 1347 3183 praeditus
1387 3123 1554 3180 esset,
1588 3125 1641 3169 et
1673 3117 1968 3185 imperator
2003 3120 2117 3188 ipse
2143 3122 2206 3174 ad
2230 3137 2317 3177 res
2346 3135 2386 3190 ο
2426 3133 2494 3168 πα

2239 3138 2317 3177 res
2346 3135 2386 3190 ο
2426 3115 2577 3184 παρὰ
2607 3114 2661 3167 δέ
2696 3114 2806 3166 τῶν
2836 3114 3157 3184 ἐπιτηδείων
3180 3113 3271 3166 τοῦ
3330 3113 3636 3167 Ῥουσελίου
3693 3113 3770 3182 τῷ
3819 3116 3986 3166 Βοτα-

746 3206 1013 3273 gerendas
1042 3214 1188 3261 esset
1216 3206 1486 3268 hebetior,
1516 3207 1604 3274 qui
1649 3222 1771 3260 cum
1808 3207 2138 3275 imperatore
2160 3222 2318 3266 erant

749 3296 891 3347 haud
922 3296 1229 3351 conducere
1280 3298 1383 3351 sibi
1424 3298 1808 3353 existimantes
1852 3298 2005 3367 (fore
2036 3301 2179 3353 enim
2214 3302 2317 3357 sibi

748 3386 1141 3454 impedimento
1182 3386 1343 3458 744
1388 3388 1855 3457 suspicabantur)
1906 3390 2075 3444 misso
2126 3406 2322 3461 magno

752 3477 1105 3531 hetaxriarcha
1160 3476 1591 3533 Straboromano
1643 3495 1765 3534 eum
1808 3480 2137 3536 interﬁciunt
2182 3501 2196 3549 ;
2232 3484 2320 3538 cui

748 3570 930 3615 tamen
965 3564 1031 3617 ab
1061 3565 1390 3633 imperatore
1416 3566 1467 3620 id
1510 3584 1676 3621 unum
1705 3569 2013 3623 mandatum
2046 3571 2241 3636 fuerat,
2266 3582 2323 3627 ut

744 3654 822 3707 de
872 3654 942 3709 iis
991 3658 1238 3723 pecuniis
1273 3674 1393 3727 quas
1432 3661 1497 3713 ad
1529 3661 1732 3731 regiam
1767 3661 1955 3715 urbem
1985 3664 2325 3732 pertinerent

750 3758 874 3796 enim
932 3745 1095 3797 modo
1141 3746 1544 3816 interrogaret,
1587 3763 1762 3816 neque
1801 3748 2032 3800 ulterius
2066 3747 2120 3800 in
2162 3749 2324 3803 rebus

752 3833 800 3885 ei
827 3834 1130 3889 molestiam
1167 3837 1472 3891 exhiberet.
1505 3837 1600 3891 Ille
1642 3846 1824 3890 autem
1868 3838 2030 3892 simul
2061 3846 2222 3907 atque
2258 3839 2322 3892 ad

752 3941 875 3978 eum
900 3928 1165 3995 pervenit,
1194 3930 1390 3983 vinciri
1412 3930 1564 3999 jubet
1586 3938 1638 3983 et
1668 3930 1862 3983 acerbe
1897 3931 2161 3997 torqueri,
2190 3931 2325 3985 adeo

754 4028 811 4070 ut
844 4019 897 4071 in
926 4019 1059 4088 ipsis
1089 4024 1380 4077 tormentis
1414 4024 1650 4076 animam
1680 4022 1896 4089 eﬂlarit,
1923 4024 2171 4090 quamvis
2199 4038 2326 4092 pro-

757 4112 1015 4177 mitteret,
1050 4113 1094 4168 si
1134 4128 1240 4167 non
1289 4126 1656 4184 torqueretur.
1694 4129 1752 4168 se
1783 4124 1833 4167 et
1864 4113 2244 4167 confessurum
2272 4121 2327 4169 et

755 4200 1098 4256 redditurum
1150 4205 1295 4271 ipsas
1339 4208 1621 4273 pecunias.
1660 4204 1886 4268 Verum,
1936 4212 1995 4256 ut
2041 4204 2174 4269 dixi,
2217 4219 2327 4258 non

755 4297 966 4342 tantum
1016 4290 1149 4360 ipsis
1179 4307 1324 4346 curae
1361 4301 1519 4347 erant
1563 4294 1695 4363 regii
1748 4294 2011 4357 thesauri,
2060 4300 2325 4362 quantum

757 4378 968 4434 eilicere
1008 4392 1067 4435 ut
1101 4398 1132 4438 e
1167 4383 1347 4438 medio
1380 4384 1682 4449 tolleretur,
1714 4385 1976 4454 priusque
2010 4384 2063 4436 in
2096 4398 2327 4453 conspe-

759 4479 907 4524 ctum
935 4473 1163 4527 veniens
1188 4475 1534 4544 imperatoris
1560 4490 1683 4529 cum
1711 4491 1775 4529 eo
1806 4475 2230 4545 colloqueretur.
2263 4474 2327 4528 Et

757 4576 878 4629 qnze
910 4563 977 4616 ad
1017 4564 1218 4620 caedem
1268 4567 1557 4636 logothetae
1601 4568 1875 4636 pertinent
1924 4568 2069 4621 hunc
2115 4565 2322 4620 exitum

758 4648 1021 4708 habuere.

2421 3206 2608 3277 νειάτῃ
2635 3205 2966 3275 προσαχθεὶς
3023 3207 3340 3275 φρουρεῖται
3370 3208 3427 3257 ἐν
3466 3208 3533 3276 τῇ
3572 3206 3723 3276 νήσῳ
3760 3205 3984 3276 Πρώτη.

2421 3295 2541 3348 Τῶν
2563 3295 2619 3348 δὲ
2646 3295 2775 3365 περὶ
2806 3296 2969 3349 αὐτὸν
3019 3295 3236 3348 εἰδότων
3290 3294 3532 3365 ἀκριϐῶς
3558 3295 3635 3358 ὡς
3705 3297 3753 3348 εί
3829 3294 3989 3364 μόνον

2424 3389 2507 3459 ἴδῃ
2547 3388 2733 3452 αὐτὸν,
2764 3387 3108 3458 συμπαθείας
3154 3405 3212 3440 τε
3256 3387 3501 3452 τεύξεται
3528 3388 3624 3441 καὶ
3666 3389 3748 3451 είς
3797 3388 3857 3441 τὸ
3921 3388 3990 3440 τὰ

2423 3479 2575 3531 κοινά
2640 3478 2862 3530 διοικεῖν
2931 3478 3407 3549 προσληφθήσεται
3482 3478 3557 3541 ὡς
3638 3476 3985 3547 πολύπειρος,

2422 3567 2761 3637 ἀμϐλύτερον
2790 3567 2926 3639 πρὸς
2958 3568 3128 3621 ταῦτα
3151 3568 3245 3621 τοῦ
3274 3568 3538 3639 βασιλέως
3583 3568 3821 3638 ἔχοντος,
3852 3569 3989 3641 ὅπερ

2426 3656 2502 3727 μὴ
2537 3657 2813 3728 συμφέρον
2837 3656 2985 3725 αὑτῷ
3018 3658 3066 3709 οἱ
3100 3658 3227 3726 περὶ
3256 3658 3345 3710 τὸν
3385 3657 3609 3726 βασιλέα
3647 3658 3990 3726 λογιζόμενοι

2426 3744 2668 3812 (ἔσεσθαι
2710 3745 2820 3814 γὰρ
2840 3745 3002 3798 αὑτὸν
3043 3746 3280 3798 σκόλοπα
3315 3746 3529 3808 ἑαυτοῖς
3579 3745 3989 3815 ὑπελάμϐανον)

2426 3836 2859 3899 ἁποστείλαντες;
2886 3837 2976 3889 τὸν
3006 3838 3179 3905 μέγαν
3212 3837 3593 3906 ἐταιρειάρχην
3635 3837 3727 3889 τὸν
3756 3835 3993 3905 Στραϐο-

2430 3928 2678 3999 ρωμανδν
2709 3928 3020 3998 ἀναιροῦσιν
3054 3930 3235 3994 αὐτὸν,
3271 3928 3423 3998 παρά
3455 3928 3555 3998 μὲν
3585 3928 3678 3980 τοῦ
3726 3928 3992 3996 βασιλέως

2427 4019 2903 4089 προστεταγμένον
2924 4018 2983 4072 ὃν
3020 4018 3282 4088 περὶτῶν
3312 4021 3377 4088 τῇ
3432 4017 3664 4087 βασιλίδι
3717 4017 3996 4085 διαφερόν-

2428 4127 2535 4163 των
2560 4110 2859 4181 χρημάτων
2904 4110 3015 4181 (5|)
3055 4109 3321 4162 πυθέσθαι
3355 4111 3521 4179 μόνον
3563 4108 3728 4161 αὑτοῦ
3778 4108 3872 4161 καὶ
3919 4107 3995 4177 μὴ

2432 4202 2740 4271 περαιτέρω
2764 4201 2936 4271 τούτῳ
2974 4202 3277 4272 ἐνοχλῆσαι.
3313 4202 3399 4272 [Ρ.
3421 4200 3548 4270 868]
3582 4200 3641 4253 '0
3691 4200 3747 4254 δὲ
3772 4200 3887 4269 ἅμα
3918 4199 4000 4269 τῷ

2431 4290 2721 4359 ἀφικέσθαι
2744 4292 2935 4362 δεσμεῖ
2957 4309 3013 4345 τε
3047 4294 3207 4346 αὑτὸν
3236 4294 3330 4347 καὶ
3380 4293 3559 4354 ἐτάζει
3623 4292 3887 4363 σφοδρῶς,
3935 4292 3995 4354 ὃς

2430 4383 2495 4453 δὴ
2526 4385 2620 4436 καὶ
2652 4385 2710 4436 ὲν
2743 4384 2819 4455 τῷ
2845 4384 3131 4449 ἐτάζεσθαι
3182 4385 3361 4453 ἀφῆκε
3399 4384 3499 4454 τὴν
3555 4382 3752 4452 ψυχήν.
3803 4381 3995 4435 Καίτοι

2430 4491 2495 4542 γε
2515 4474 2847 4543 ὑπισχνεῖτο,
2889 4476 2937 4527 εἰ
2960 4476 3034 4545 μὴ
3053 4475 3326 4545 ἐτασθείη,
3357 4472 3685 4543 ὁμολογῆσαι
3701 4471 3873 4524 ταῦτα
3903 4473 3997 4523 καὶ

2432 4564 2753 4617 ἀναδοῦναι*
2799 4566 2937 4632 ἀλλ’,
2997 4565 3187 4636 ῶσπερ
3244 4566 3402 4635 ἔφην,
3428 4565 3489 4618 οὐ
3516 4564 3766 4618 τοσοῦτον
3804 4562 3998 4633 ἔμελεν

2426 4657 2610 4721 αὐτοῖς
2640 4658 2749 4711 τῶν
2789 4658 3085 4729 βασιλικῶν
3108 4658 3419 4727 θησαυρῶν,
3438 4658 3560 4710 ὅσον
3586 4656 3811 4725 ποιῆσαι
3837 4655 3996 4707 αὐτὸν

760 4740 1003 4797 ἐκποδὼν
1034 4747 1140 4815 πρὸ
1167 4746 1260 4800 τοῦ
1299 4749 1380 4812 εἰς
1428 4749 1550 4818 δψιν
1608 4749 1782 4803 ἐλθεῖν
1848 4749 1940 4804 καὶ
1984 4749 2204 4819 ὁμιλίαν
2251 4750 2329 4820 τῷ
2368 4749 2595 4819 βασιλεῖ.
2643 4752 2755 4805 Καὶ
2796 4751 2865 4803 τὰ
2890 4752 2990 4821 μὲν
3040 4751 3181 4804 κατὰ
3207 4749 3306 4803 τὴν
3335 4749 3613 4819 ἀναίρεσιν
3690 4747 3783 4800 τοῦ
3842 4745 3996 4813 λογο-

762 4834 919 4887 θέτου
955 4837 1196 4891 τοιοῦτον
1243 4840 1367 4910 ἔσχε
1412 4842 1586 4907 τέλος.

1990 4930 2225 4987 JACOBI
2272 4928 2485 4986 GOARI
2538 4927 2774 4985 ΝΟΤᾹΞ.

836 5017 948 5097 (ξε)
982 5017 1107 5097 Haec
1157 5021 1483 5091 logothetam
1543 5026 1718 5081 aerarii
1770 5023 2081 5097 prafectum
2121 5037 2242 5080 esse
2274 5022 2319 5078 si
2355 5038 2462 5080 non
2487 5023 2841 5088 convincunt,
2866 5019 2949 5075 sol
2990 5018 3127 5073 alter
3190 5013 3418 5071 meridie
3472 5025 3778 5083 serenoque
3855 5009 3997 5067 caelo

765 5085 1162 5146 desiderandus
1187 5085 1288 5147 est.
