4424 6450
747 403 854 466 479

2068 387 2340 449 LEONIS
2377 386 2686 449 ALLATII

3891 385 3996 444 180

752 513 844 570 οὖν
866 514 1165 585 γράμματα
1206 510 1388 577 ἔλεγεν
1412 509 1439 562 ὁ
1466 508 1637 572 Λέων,
1661 507 1753 560 καί
1806 503 2040 574 ποιητὰς
2105 502 2311 570 ponti;-
2346 503 2389 559 Α
2421 497 2499 551 Mi

2252 502 2311 568 ἧς
2346 503 2389 559 Α
2421 497 2611 553 Musca.
2651 495 2765 565 Ipse
2808 498 2947 553 enim
2989 514 3125 551 nunc
3176 496 3382 551 demum
3422 496 3707 550 rhetorices
3738 494 3995 548 desideri.»

753 625 840 660 ναι
871 604 1012 659 κατὰ
1043 604 1141 672 τὴν
1180 600 1458 663 Βασιλῐδα,
1504 597 1799 670 ῥητορικὴν
1829 597 1908 661 δὲ,
1966 595 2060 648 καὶ
2119 593 2323 660 φιλοσο·

755 696 908 767 (ρίαν,
936 695 1029 748 καὶ
1052 692 1300 763 ἀριθμῶν
1329 689 1643 757 ἀναλήψεις,
1688 687 1783 739 καὶ
1826 686 1923 747 τὰς
1955 685 2062 737 τῶν
2123 682 2326 735 λοιπῶν

761 788 1082 858 ἐπιστημῶν
1109 786 1332 854 ἐφόδους
1358 783 1501 837 κατὰ
1531 783 1631 852 τὴν
1663 783 1826 852 νῆσον
1855 781 2077 850 Ἀντρον
2102 780 2327 846 γενόμε-

760 901 846 944 νος
880 898 894 912 ο
938 881 1117 933 ἐκεῖσε
1147 878 1256 947 γὰρ
1291 874 1564 945 σπουδαίῳ
1600 874 1707 927 nvi.
1754 872 1992 942 ἐντυχὼν
2030 870 2185 940 ἀνδρὶ
2224 871 2328 924 Μι-

756 974 896 1044 χαὴλ
922 972 1001 1043 τῷ
1022 970 1238 1040 Ψελλῷ,
1268 967 1479 1029 καὶτὰς
1505 966 1683 1036 ἀρχὰς
1713 965 1894 1034 μόνον,
1914 962 2009 1015 καί
2052 978 2203 1022 τινας
2242 961 2331 1012 λό-

757 1084 909 1135 γους,
931 1065 1026 1119 καὶ
1048 1061 1299 1132 ἀφορμὰς
1323 1058 1505 1112 λαϐὼν
1540 1058 1669 1127 παρ’
1695 1054 1882 1118 αὐτοῦ,
1911 1054 2032 1107 ἐπεὶ
2076 1053 2149 1123 μὴ
2206 1054 2329 1106 ὅσον

762 1157 1012 1210 ἐϐούλετο
1045 1155 1301 1224 εὕρισκε,
1329 1150 1660 1220 περιενόστει
1689 1148 1757 1199 τὰ
1826 1147 2189 1216 μοναστήρια,
2239 1139 2337 1196 καῖ

762 1250 863 1310 τὰς
900 1250 956 1299 ὲν
1014 1246 1195 1307 αὐτοῖς
1242 1242 1611 1310 ἀποκειμένας
1654 1238 1866 1307 βίϐλους
1921 1234 2220 1303 ἁνερευνῷν
2271 1250 2330 1285 τε

762 1342 853 1393 καὶ
887 1338 1265 1408 ποριζόμενος,
1318 1334 1413 1387 καὶ
1468 1332 1780 1393 σπουδαίως
1833 1326 2149 1396 ὲμμελετῶν
2195 1326 2331 1395 πρὸς

762 1434 820 1484 τὸ
836 1432 937 1499 τῆς
967 1431 1236 1498 τοσαύτης
1258 1426 1514 1493 γνώσεως
1548 1424 1681 1492 ὕψος
1722 1419 2076 1488 ἀνεϐιϐάσθη.
2115 1418 2172 1472 Id
2225 1428 2330 1479 eSI,

773 1523 991 1576 Litteris
1050 1532 1097 1574 et
1130 1520 1292 1587 poetis
1322 1517 1448 1580 Leo,
1481 1527 1536 1568 ut
1565 1517 1674 1582 ipse
1710 1512 1932 1580 ferebat,
1964 1512 2202 1563 initiatus
2234 1509 2335 1576 fuit

767 1615 1039 1686 Byzantii.
1084 1611 1437 1674 Rhetoricam,
1488 1606 1893 1674 philosophiam,
1926 1603 2332 1661 arithmeticam,

768 1714 818 1758 et
873 1704 1100 1771 reliquas
1147 1701 1395 1755 scientias
1450 1699 1503 1750 in
1552 1699 1719 1750 Antro
1774 1694 1950 1748 insula
1996 1692 2203 1753 didicit,
2264 1691 2338 1744 ibi

766 1805 1003 1850 uersatus
1060 1812 1179 1848 cum
1217 1790 1473 1845 Micltaele
1530 1789 1727 1849 Psello,
1786 1794 2069 1853 prtestante
2109 1786 2242 1846 viro,
2273 1781 2335 1835 ab

769 1904 929 1955 eoque
987 1885 1258 1953 principiis
1300 1891 1502 1933 tantum
1560 1889 1607 1933 et
1667 1878 1978 1947 quibusdam
2041 1874 2335 1941 pra’ceptis,

772 1976 1137 2033 occasionibus
1201 1972 1439 2026 discendi
1506 1972 1813 2027 instructus,
1892 1980 2051 2033 neque
2108 1973 2335 2026 tantttm,

768 2076 1024 2137 quantum
1054 2063 1385 2117 desiderabat
1426 2061 1662 2125 adeptus,
1713 2053 2033 2108 monasteria
2084 2068 2339 2119 pervaga-

774 2170 857 2212 tus
888 2166 985 2221 est,
1015 2155 1271 2223 librosque
1292 2153 1344 2203 in
1389 2152 1453 2203 iis
1506 2148 1756 2215 repositos
1808 2144 2135 2211 perquirens,
2188 2151 2340 2209 atque

772 2258 1045 2309 scrutans,
1077 2245 1409 2310 studioseque
1455 2240 1716 2292 meditans
1753 2238 1823 2289 ad
1882 2245 2041 2287 tanta:
2086 2233 2342 2285 doctrina:

775 2341 1051 2407 fastigium
1086 2337 1272 2390 evasit.
1326 2334 1558 2387 Leonem
1589 2331 1781 2399 primis
1815 2327 2007 2380 litteris
2040 2324 2341 2385 initiatum,

776 2431 1057 2496 Musisque
1085 2429 1270 2482 litasse
1295 2425 1538 2497 Byzantii
1567 2423 1741 2476 vides.

850 2521 934 2574 Ill.
967 2518 1213 2573 Prol‘anis
1275 2526 1454 2569 tamen
1503 2512 1702 2569 studiis
1736 2508 2141 2575 Gentiliumque
2178 2504 2343 2560 disci-

780 2614 945 2683 plinis
1020 2609 1455 2671 addictissimus,
1512 2621 1627 2660 rem
1691 2603 2057 2657 Christianam
2126 2599 2347 2651 omnino

784 2707 1125 2775 neglexerat,
1187 2700 1324 2755 adeo
1381 2706 1440 2751 ut
1499 2697 1684 2750 multis
1737 2694 1877 2757 aliis,
1932 2700 1985 2745 et
2043 2690 2347 2758 prmsertim

782 2796 1141 2853 Constantino
1196 2790 1485 2859 discipulo,
1542 2789 1693 2842 visus
1730 2785 1821 2845 sit.
1879 2780 2163 2850 repudiata
2194 2778 2346 2833 Chri-

782 2890 1085 2943 stianorum
1136 2883 1258 2947 ﬁde,
1309 2882 1362 2934 in
1398 2879 1763 2950 gentilismum
1796 2883 1847 2928 et
1880 2872 2063 2925 futiles
2101 2869 2351 2938 antiquo-

781 2995 904 3034 rum
951 2977 1260 3033 Gra‘corum
1300 2972 1522 3028 τελετὰς
1570 2969 1812 3022 animum
1862 2965 2189 3034 applicasse,
2235 2960 2351 3012 (ul-

784 3081 1010 3139 tunque
1087 3065 1498 3127 exosculatum,
1572 3060 1702 3113 deos
1770 3056 2016 3126 improbe
2072 3053 2349 3108 adorasse.

789 3160 899 3213 Viri
986 3156 1260 3226 ingenium
1336 3152 1599 3207 conviciis
1681 3146 2073 3202 Constantinus
2158 3142 2426 3239 acriterC

788 3249 1185 3311 \‘CIbet‘avil,Cl
1219 3244 1465 3300 carmine
1491 3239 1731 3310 elegiaco
1762 3238 2057 3291 insectatus
2077 3242 2177 3299 est,
2209 3231 2354 3302 quod

790 3341 862 3393 ita
898 3340 1095 3394 clausit
1138 3357 1150 3391 :

796 3474 990 3529 Ταῦτα
1016 3472 1085 3525 δὲ
1104 3466 1553 3531 Κωνστίιντῖνος
1578 3467 1610 3518 ὁ
1633 3461 1749 3529 σῆς
1768 3462 1922 3529 γάλα
1939 3456 2360 3531 Καλλιοπείης,

865 3545 1064 3598 Καλὸν
1090 3528 1742 3604 ὰμελξιὶμενοςίφηοξῑν
1772 3528 2203 3604 ἐπισταμένης,

798 3597 905 3678 "Ue
923 3616 1005 3681 ρα
1036 3597 1176 3678 τεῆς
1204 3597 1453 3681 κραδζης
1479 3597 1779 3681 uncinata
1811 3597 2290 3681 .‘lsgzgploMo'ac,

866 3668 1013 3751 ’δψὲ
1030 3668 1203 3752 μόῇτὶς
1234 3668 1451 3744 ἕκακίήῶ
1476 3668 1846 3741 πευθομένην
1875 3668 2081 3735 ἐδάην.

802 3800 854 3857 ld
888 3807 970 3854 est
1007 3816 1019 3852 :
1056 3795 1134 3868 [5]
1194 3795 1325 3849 Hth
1378 3808 1499 3846 vero
1548 3788 1952 3850 Constantinus,
2002 3785 2091 3854 qui
2146 3793 2247 3838 tute
2284 3784 2366 3835 loc

799 3891 1064 3958 Calliopes
1089 3888 1367 3955 pulchrum
1418 3882 1601 3947 ebibit,
1660 3889 1906 3949 expertus
1952 3878 2123 3931 dicit:
2150 3876 2252 3941 Qui
2292 3875 2367 3927 tui

800 3982 971 4036 cordis
1001 3996 1197 4033 arcana
1222 3978 1402 4031 intime
1444 3973 1763 4041 expendens.
1824 3969 2035 4023 tandem
2081 3967 2366 4036 aliquando

801 4072 1133 4140 iniquitatem
1185 4067 1447 4122 occultam
1481 4064 1705 4133 percepi.
1745 4060 2003 4129 Discipuli
2040 4058 2365 4114 calumniam

805 4162 1012 4217 Psellus
1036 4176 1175 4231 azgre
1204 4158 1343 4221 tulit,
1381 4166 1435 4211 et
1470 4155 1715 4210 carmine
1748 4152 2005 4214 iambico,
2032 4164 2206 4218 eoque
2238 4163 2368 4218 pro-

804 4253 935 4316 lixo,
976 4265 1084 4319 quo
1114 4231 1172 4303 s‘e
1196 4247 1397 4302 Christi
1428 4245 1716 4306 asseclam,
1763 4250 1815 4294 et
1861 4242 2102 4311 gentium
2159 4238 2369 4293 hostem

803 4343 982 4412 palam
1019 4341 1238 4402 fatetur,
1291 4337 1549 4405 injuriam
1579 4332 1944 4405 propulsavit.
1976 4330 2207 4384 Carmen
2265 4328 2371 4383 ele—

807 4432 1210 4503 gantissimum,
1246 4429 1387 4482 sicut
1416 4434 1471 4481 et
1515 4425 1618 4478 alia
1678 4422 1924 4491 ejusdem
1970 4419 2178 4473 inedita
2226 4418 2369 4487 apud

808 4538 895 4577 me
932 4530 1101 4586 sunt;
1136 4530 1191 4575 et
1218 4520 1316 4572 tibi
1379 4532 1487 4572 non
1546 4515 1888 4577 invidissem,
1935 4512 2029 4566 sed
2086 4511 2369 4565 brevitatis
2403 4508 2447 4567 D

807 4614 984 4669 studio
1016 4615 1069 4667 in
1098 4613 1202 4666 alia
1240 4610 1414 4678 magis
1464 4607 1777 4663 necessaria
1821 4604 2015 4658 ducor.
2076 4601 2145 4657 Ut
2189 4611 2372 4657 tamen

809 4703 1005 4758 melius
1035 4718 1122 4757 res
1148 4699 1493 4756 Christianas
1518 4705 1893 4768 pertractaret,
1914 4693 2109 4748 Photio
2144 4692 2376 4762 patriar-

810 4796 925 4851 chae
958 4802 1081 4867 post
1119 4793 1307 4863 lgnatii
1334 4792 1762 4851 restitutionem,
1798 4788 1863 4842 ad
1896 4785 2155 4857 mysteria
2180 4792 2378 4839 nostrae

812 4888 935 4943 tidei
966 4884 1320 4948 addiscenda,
1370 4890 1543 4936 totum
1573 4896 1632 4935 se
1692 4878 1938 4939 tradidit.
1975 4892 2005 4931 a
2035 4891 2144 4945 quo
2194 4875 2380 4930 divina

815 4979 1069 5034 doctrina
1110 4978 1454 5039 instructus,
1506 4972 1782 5044 prioribus
1832 4970 2029 5026 studiis
2085 4967 2381 5033 valedixit,

816 5070 958 5140 quod
994 5071 1111 5137 ipse
1135 5068 1372 5137 elegiaco
1412 5066 1505 5120 illo
1536 5066 1777 5119 carmine
1805 5062 1971 5117 refert
2012 5079 2027 5116 :

822 5183 990 5249 Ἕρῤε
1011 5197 1135 5248 μοι,
1156 5174 1203 5234 ὦ
1226 5179 1575 5247 τριτάλαινα
1592 5177 1918 5245 Πολύμνια.
1948 5171 2387 5249 Ἕρῤετξ,Μοῦ-

888 5319 1085 5387 Αὐτὰρ
1114 5319 1268 5389 ἐγὼν
1300 5319 1417 5373 ἀπὸ
1444 5318 1560 5373 νῦν
1576 5314 1900 5389 ῥητορικῆς
1934 5241 2316 5389 ἔραιιαιρ[σαι’

819 5382 1062 5443 deditior;
1073 5382 1356 5460 ἀρῇμερῆα
1385 5382 2000 5460 γερονὲοδιδᾴσκαλοὶθ
2013 5382 2054 5460 ’ὲ
2062 5382 2240 5450 ὑρὼν,

894 5461 996 5527 Ὄς
1010 5477 1086 5529 με
1109 5454 1353 5529 fuisse
1386 5454 1639 5526 ἔθρεψεν
1664 5458 1839 5512 θείων
1869 5454 2163 5524 ναμάτων.

823 5569 882 5623 Id
901 5580 984 5624 est
1007 5588 1020 5625 :
1055 5568 1180 5624 Vale
1208 5569 1396 5634 milti,o
1433 5578 1509 5623 ter
1526 5566 1826 5621 miseranda
1845 5564 2147 5636 Polymnia.
2197 5563 2395 5629 Valete,

2428 600 2624 650 teneor,
2658 604 2773 639 cum
2801 586 3047 639 Pltotiutn
3083 604 3345 639 summum
3380 588 3655 646 pra'sidem
3681 601 3849 638 senem
3887 602 4000 647 nta-

2425 679 2651 746 gistrum
2702 675 3078 739 adinvenerim,
3110 678 3200 745 qui
3246 693 3325 730 me
3358 676 3493 730 lacte
3516 678 3759 730 enutrit-it
3791 677 3998 729 dicina-

2428 784 2545 819 rum
2588 767 2991 835 scaturiginunt.
3031 766 3197 820 Vocat.
3239 766 3485 820 Pltotium
3514 768 3996 837 γεροντοδιδάσκα-

2428 859 2539 921 λον,
2589 860 2670 912 vel
2721 858 2862 927 quod
2920 872 3106 923 senex,
3159 858 3241 912 vel
3280 858 3423 927 quod
3484 874 3667 912 senem
3718 859 3998 921 erudiret;

2429 951 2592 1004 ambo
2622 950 2818 1019 quippe
2846 957 3003 1003 erant
3050 958 3210 1005 aatate
3241 949 3600 1018 provectiore.
3637 949 3803 1019 quue
3852 966 3999 1004 com-

2431 1043 2647 1097 modius
2683 1040 2851 1096 Leoni
2880 1043 3174 1107 successit,
3222 1044 3363 1096 inter
3410 1041 3547 1095 aulae
3590 1042 3848 1110 primates
3898 1057 4001 1095 non

2432 1141 2730 1202 postremo.
2766 1132 2897 1186 Nam
2923 1133 3150 1187 Photius
3194 1133 3458 1203 dignitate
3486 1134 3823 1200 spoliatusiu
3860 1136 4007 1204 regia

2430 1226 2614 1279 Basilii
2654 1224 2964 1280 Macedonis
2994 1226 3160 1278 vitam
3228 1241 3416 1295 agens,
3472 1224 3706 1279 Leonem
3759 1242 3823 1281 ac
3866 1228 4009 1280 Con-

2434 1316 2760 1378 stattlinum,
2798 1327 3132 1385 casterosque
3180 1315 3365 1370 Basilii
3404 1316 3547 1370 tilias
3587 1317 3653 1370 ad
3689 1316 4010 1370 humanita-

2434 1417 2564 1470 tem,
2610 1408 2976 1478 eloquentiam
3040 1415 3094 1460 et
3132 1407 3268 1460 alias
3317 1407 3638 1475 disciplinas
3665 1408 4010 1461 iniormabat.

2440 1500 2579 1555 Hinc
2614 1501 2779 1554 etiam
2814 1499 2995 1553 aditus
3027 1497 3195 1552 Leoni
3222 1498 3287 1551 ad
3317 1497 3586 1551 diviniora
3610 1497 3788 1551 studia
3817 1512 4011 1563 capes-

2441 1590 2610 1647 senda
2642 1591 2802 1644 datus
2828 1597 2929 1644 est.
2962 1590 3014 1644 Id
3043 1590 3221 1643 habeo
3260 1604 3325 1643 ex
3357 1587 3724 1643 Constantino
3763 1587 4013 1658 Porphy-

2438 1691 2731 1750 rogenneta
2767 1683 2836 1749 (c)
2870 1681 2935 1734 de
2993 1682 3103 1733 vita
3140 1689 3188 1734 et
3221 1680 3384 1735 rebus
3416 1680 3584 1748 gestis
3633 1679 3814 1732 Basilii
3849 1679 4022 1732 Macc-

2440 1772 2596 1826 donis
2632 1790 2644 1824 :
2682 1774 2754 1824 Οὑ
2782 1771 2878 1839 μὲν
2908 1770 3026 1822 οὐδὲ
3054 1769 3158 1838 πρὸ
3196 1769 3387 1821 τούτου
3425 1770 3629 1821 διέλιπε
3669 1769 4018 1837 φιλοφρονού-

2449 1880 2606 1932 μενος
2656 1862 2839 1925 αὑτὸν,
2875 1862 3102 1924 Φώτιον,
3142 1861 3234 1913 καὶ
3286 1859 3465 1930 τιμῶν
3520 1861 3607 1913 διὰ
3640 1861 3737 1929 τὴν
3776 1862 3833 1912 ὲν
3877 1860 4021 1927 αὖτῷ

2446 1954 2794 2024 παντοδαπὴν
2862 1954 3054 2022 σοφίαν
3110 1970 3169 2005 τε
3213 1953 3306 2005 καὶ
3354 1953 3575 2021 ἀρετήν.
3620 1952 3779 2004 Ἀλλὰ
3830 1952 3929 2005 κᾶν
3974 1954 4022 2004 εἰ

2445 2050 2543 2117 τῆς
2573 2046 2842 2114 καθέδρας
2890 2045 3242 2113 μετέστησεν,
3280 2044 3431 2096 οὐδὲν
3467 2044 3559 2095 τοῦ
3593 2043 3799 2095 δικαῖου
3839 2044 4007 2095 θέλων

2448 2139 2606 2202 ἄγειν
2638 2137 2990 2207 ἐπίπροσθεν,
3022 2138 3171 2206 ὅμως
3203 2138 3309 2188 τῶν
3344 2138 3423 2200 εἰς
3472 2136 3830 2206 παραμυθίαν
3857 2137 4012 2189 οὐδὲν

2450 2230 2661 2283 ἐνέλιπε
2705 2230 3097 2298 παρεχόμενος.
3132 2227 3295 2279 Ὅθεν
3327 2228 3427 2279 κάν
3457 2231 3568 2290 τοῖς
3598 2229 3893 2296 βασιλείοις
3915 2226 4025 2279 διει-

2450 2320 2639 2391 τριϐὴν
2669 2321 2815 2389 αἱτῷ
2844 2321 2966 2383 δοὺς
2998 2320 3102 2372 τῶν
3131 2319 3346 2372 οἰκείων
3383 2320 3584 2373 παίδων
3619 2320 3864 2382 ἀπέδειξε
3897 2337 4025 2374 παι-

2451 2411 2643 2480 δευτὴν
2682 2410 2775 2464 καὶ
2845 2409 3185 2463 διδάσκαλον.
3228 2409 3285 2464 ld
3326 2418 3408 2464 est
3442 2428 3456 2465 ε
3490 2410 3671 2479 Neque
3702 2427 3820 2463 vero
3874 2420 4027 2463 antea

2453 2506 2803 2559 humanitatis
2836 2507 2888 2558 in
2917 2522 3059 2568 eum,
3079 2504 3350 2569 Pltotium,
3377 2506 3554 2558 studia
3576 2508 3985 2573 pt'tctermiscrat
4010 2519 4028 2556 :

2452 2597 2686 2666 quinimo
2733 2606 2943 2664 propter
2985 2598 3336 2650 ontnimodam
3386 2598 3441 2647 in
3510 2613 3568 2649 eo
3604 2598 3920 2663 sapientiam
3971 2612 4031 2646 ac

2454 2689 2695 2740 virtutem
2750 2686 3032 2740 honoribus
3077 2687 3247 2739 auxit.
3302 2683 3370 2737 Et
3425 2686 3541 2737 licet
3600 2703 3629 2736 a
3682 2685 4033 2752 patriai-citati

2459 2780 2577 2830 sede
2609 2778 3187 2844 tlimovisset,justitiw
3219 2778 3421 2845 primas
3450 2777 3759 2839 concedens,
3795 2787 4027 2828 attamen

2460 2871 2637 2921 omnia
2673 2870 2723 2922 in
2755 2886 2895 2932 eum,
2927 2869 3113 2939 quibus
3158 2869 3326 2922 solari
3361 2878 3555 2937 posset,
3581 2870 3745 2938 ofﬁcia
3784 2871 4025 2922 contulit.

2465 2959 2611 3013 Unde
2640 2960 2774 3012 etin
2823 2962 3024 3028 regiam
3074 2970 3343 3013 evocatum
3400 2961 3736 3025 propriorum
3795 2961 4028 3028 filiorum

2461 3049 2859 3118 inforntatorem
2894 3064 2954 3101 ac
2986 3049 3297 3117 magistrum
3333 3050 3627 3103 constituit.

2530 3178 2606 3249 [ιη
2634 3177 2721 3233 IV.
2764 3180 2870 3231 Leo
2924 3178 3130 3246 itaque,
3174 3178 3287 3232 sive
3342 3179 3619 3233 tradendae
3656 3179 4017 3247 philosophia:

2466 3285 2713 3333 munere,
2749 3270 2863 3323 sive
2906 3271 3241 3337 prmstantia,
3281 3282 3385 3336 qua
3416 3279 3470 3321 et
3512 3269 3630 3337 ipse
3687 3268 3739 3320 in
3790 3269 4035 3336 philoso—

2472 3362 2648 3430 phicis
2684 3361 2821 3415 alios
2857 3361 3175 3428 superabat,
3221 3359 3530 3427 philosophi
3587 3358 3687 3412 sibi
3737 3374 4037 3425 cognomen

2467 3453 2784 3507 vindicavit.
2839 3451 2893 3503 ld
2954 3468 3077 3504 cum
3144 3451 3531 3505 ecclesiasticae
3562 3466 3758 3519 parens
3791 3450 4037 3503 histerire

2467 3544 2520 3597 iu
2560 3544 2864 3597 Annalibus
2924 3550 3262 3603 annotasset,
3318 3556 3462 3594 anno
3520 3540 3728 3593 Domini
3782 3540 3885 3594 859
3952 3540 4041 3592 Mi-

2466 3636 2708 3691 chaelem
2742 3634 2979 3690 Psellum
3026 3633 3301 3695 ﬂoruisse,
3330 3647 3437 3685 non
3472 3632 3773 3700 incongrue
3812 3631 4041 3685 amrma-

2475 3729 2574 3783 vit.
2611 3726 2686 3780 Eo
2744 3741 2982 3795 namque
3025 3733 3268 3792 tempore
3319 3722 3549 3776 Michael
3590 3721 3800 3776 Psellus
3840 3737 3944 3775 non
3979 3722 4039 3775 il—

2467 3824 2721 3879 laudatus
2749 3822 2831 3874 vir
2862 3821 2916 3873 in
2963 3817 3381 3888 philosophandi
3421 3816 3649 3871 scientia
3685 3817 4043 3885 probabatur,

2471 3932 2499 3971 a
2526 3914 2789 3968 Michaele
2837 3912 3009 3966 altero
3047 3908 3227 3965 Psello
3267 3910 3371 3964 sub
3425 3908 3790 3963 Constantino
3828 3917 3880 3961 et
3940 3906 4041 3959 Mi-

2471 4006 2659 4062 chaele
2700 4007 2887 4071 Ducis,
2920 4008 3194 4071 diversus,
3224 4022 3361 4076 quos
3395 4022 3583 4075 parum
3617 4014 3773 4059 caute
3802 4003 4044 4074 plerique

2470 4098 2885 4164 confundentes,
2942 4100 3141 4154 misere
3202 4098 3443 4152 historia:
3496 4095 3741 4151 Ordinem
3806 4107 3868 4145 ac
3913 4103 4051 4144 tem-

2474 4206 2609 4261 pora
2646 4190 3058 4259 perturbarunt,
3089 4191 3223 4244 adeo
3255 4199 3314 4242 ut
3344 4204 3453 4242 non
3492 4200 3651 4241 nemo
3695 4186 3747 4238 in
3787 4181 4051 4253 paucissi-

2475 4285 2584 4339 mis
2614 4283 2793 4337 verbis
2826 4282 3237 4351 quamplurima
3264 4279 3544 4335 mendacia
3580 4286 3633 4331 et
3665 4290 3835 4344 nugas
3880 4274 4056 4342 legen-

2476 4378 2625 4432 tibus
2658 4377 2937 4431 obtrudat.
2974 4374 3051 4430 Ne
3074 4374 3275 4428 nimius
3299 4373 3425 4434 sim,
3457 4386 3523 4425 en
3550 4367 3800 4436 Gregorii
3831 4364 4053 4435 Gyraldi

2473 4470 2637 4525 verba
2675 4469 2749 4523 De
2778 4478 2912 4538 poet.
2937 4468 3145 4527 histor.,
3183 4466 3401 4531 Dialogo
3434 4464 3464 4517 5
3491 4480 3502 4514 :
3536 4460 3655 4513 Fuit
3688 4460 3896 4527 quidem
3947 4472 4046 4508 non

2476 4561 2745 4616 incelebris
2786 4559 2890 4612 Leo
2937 4558 3045 4623 ille,
3083 4556 3173 4626 qui
3232 4554 3425 4607 Basilii
3481 4552 3647 4619 ﬁlius,
3704 4547 4053 4609 Philosotihus

2481 4654 2875 4724 cognominatus
2924 4661 3020 4714 est,
3044 4650 3130 4717 qui
3185 4647 3393 4699 circiter
3421 4660 3614 4697 annum
3654 4641 3757 4694 887
3823 4656 3853 4691 a
3899 4638 4059 4689 Verbo

2484 4745 2581 4799 Dei
2612 4757 2910 4811 corporato,
2948 4740 3197 4809 Byzantii
3224 4749 3271 4792 et
3302 4736 3532 4792 Orientis
3597 4733 3751 4786 annis
3779 4732 3850 4784 25
3893 4731 4060 4790 impe-

2488 4838 2624 4889 rium
2680 4835 2865 4894 tenuit,
2902 4832 3049 4899 cujus
3101 4830 3243 4899 ﬁlius
3273 4827 3653 4880 Constantinus
3705 4822 3880 4874 Ducas
3937 4819 4059 4885 fuit,

2489 4927 2579 4996 qui
2621 4936 2669 4979 et
2697 4926 2759 4979 de
2795 4924 3103 4979 Christiana
3154 4921 3402 4989 religione
3444 4916 3600 4984 probe
3634 4913 3816 4973 sensit,
3851 4920 3897 4965 et
3926 4910 4062 4975 opti-

2491 5019 2590 5072 rnis
2622 5017 2823 5071 artibus
2877 5025 2925 5070 et
2966 5014 3265 5081 disciplinis
3310 5026 3518 5075 cperant
3549 5008 3752 5060 naviter
3790 5002 4061 5070 impendit.

2483 5110 2658 5177 Hujus
2711 5107 3044 5163 Constantini
3098 5104 3228 5156 liber
3277 5102 3365 5154 ille
3430 5098 3726 5152 celebratus
3783 5104 3880 5156 est,
3914 5108 4064 5157 quem

2495 5203 2717 5254 moriens
2751 5198 2987 5252 Romano
3011 5197 3124 5265 filio
3154 5194 3383 5263 reliquit,
3410 5193 3463 5243 in
3488 5206 3587 5259 quo
3618 5202 3877 5242 summam
3907 5185 4065 5235 totius

2494 5290 2719 5358 imperii.
2778 5288 3041 5340 sociorum
3109 5283 3329 5351 (cedem,
3390 5281 3616 5332 hostium
3674 5276 3824 5337 vires,
3874 5288 3987 5340 (μίαν
4019 5278 4069 5322 et

2495 5392 2704 5450 quantm
2733 5392 2919 5442 essent,
2962 5379 3172 5447 aliaque
3199 5376 3374 5429 omnia
3407 5372 3474 5425 ad
3510 5371 3789 5439 imperium
3817 5373 4058 5428 spectan-

2501 5477 2579 5527 tia
2621 5475 2921 5541 complexus
2973 5481 3261 5535 est:quem
3312 5467 3502 5520 librum
3558 5464 3709 5517 hodie
3766 5460 4071 5513 Venetorum

2504 5567 2799 5635 respublica
2830 5566 2880 5617 in
2908 5581 3003 5617 sua
3034 5561 3291 5631 peculiari
3334 5555 3643 5612 bibliotheca
3669 5548 4070 5619 diligentissime

2345 5701 2552 5758 ΝΟΤίΕ

904 5800 977 5869 (c)
1018 5800 1073 5856 lu
1107 5802 1287 5861 Allatii
1330 5801 1667 5872 Symmictis,
1701 5816 1753 5872 p.
1784 5802 1870 5855 85.
