4424 6450
425 356 532 420 σίὲὶ

1619 355 1987 416 DIATRIBA
2021 354 2117 416 DE
2154 355 2490 419 PSELLIS.

3566 366 3677 431 482

423 472 690 528 custodire
734 473 883 543 facil.
944 471 1116 539 llujus
1156 487 1355 540 quoque
1397 468 1733 525 Constantini
1759 479 2003 535 tenuiore,
2035 476 2078 532 Α
2114 470 2228 523 lino
2294 470 2439 526 Duca
2494 470 2634 528 forte
2686 487 2874 529 verum
2933 473 3115 532 fuerit.
3184 474 3380 533 Verum
3436 492 3677 550 quanam

423 568 503 621 rir
533 582 652 619 cum
687 567 741 617 in
787 565 929 619 omni
981 564 1282 616 liberalium
1320 564 1517 616 artium
1556 564 1797 627 scientia,
1830 563 1920 616 sed
1952 571 2000 616 et

422 659 824 728 peregrinarum
851 657 1036 727 ﬂoruit
1075 656 1410 718 ll.vl’sellus,
1444 658 1595 725 cujus
1645 656 2002 710 innumerabi-

425 750 496 801 li's
532 765 661 814 pene
734 747 858 801 libri
899 749 1229 800 curiosorum
1260 754 1308 799 et
1355 748 1713 800 studiosorum
1756 745 2000 800 manibus

423 849 682 891 teruntur.
728 839 808 892 Ad
851 840 985 891 hunc
1012 847 1148 915 certe
1176 836 1581 892 Constantinum
1620 837 1788 891 Pselli
1824 838 1887 892 de
1925 838 2003 892 vi-

427 942 542 982 ctus
574 932 801 996 ratione,
835 930 930 982 hoc
960 939 1056 995 est,
1081 928 1142 982 de
1177 928 1339 983 diluta
1384 940 1429 982 et
1472 931 1535 983 de
1568 946 1697 983 auro
1726 931 2004 998 conﬁcien-

422 1024 510 1087 do,
544 1024 638 1075 hoc
669 1031 769 1087 est,
806 1021 1147 1093 Chrysopzeia
1197 1021 1317 1073 libri
1362 1030 1589 1083 exstant,
1622 1038 1749 1091 quos
1779 1020 1996 1090 quidam

423 1131 524 1169 non
582 1130 709 1167 sane
736 1114 976 1166 indoctus
1024 1113 1373 1168 Constantino
1410 1128 1598 1181 magno
1631 1112 1785 1166 datos
1818 1129 2000 1180 perpe-

426 1224 538 1259 ram
566 1207 726 1260 etiam
766 1207 959 1273 scripto
991 1206 1211 1259 credidit
1238 1215 1329 1263 :ut
1350 1203 1738 1258 Commentaria
1771 1206 1997 1269 ntittam,

423 1314 540 1367 qua:
576 1299 627 1350 in
664 1295 969 1349 Zoroastris
1017 1294 1313 1349 Chaldaica
1364 1293 1603 1363 symbola
1662 1293 1926 1363 leguntur,
1952 1302 2001 1347 et

421 1388 656 1443 Cananes
720 1387 1123 1451 astronomicos,
1167 1395 1270 1439 etc.
1302 1403 1316 1451 ;
1350 1396 1398 1439 et
1440 1386 1626 1455 paucis
1655 1386 1952 1454 iuterjectis
1983 1401 1996 1437 :

421 1476 550 1532 Fuit
581 1488 630 1532 et
657 1479 817 1547 hujus
860 1477 1202 1531 Constantini
1234 1476 1397 1529 Daca:
1433 1476 1598 1543 ﬁlius.
1641 1485 1687 1528 et
1723 1474 1799 1528 Μ.
1836 1475 2003 1529 Pselli

418 1571 732 1637 discipulus,
759 1569 991 1623 Michael
1028 1568 1200 1621 Ducas
1236 1569 1523 1635 imperator
1561 1565 2003 1636 Constantinopo—

417 1663 643 1727 litanus,
708 1663 797 1729 qui
863 1678 893 1713 a
931 1661 1072 1730 {mne
1113 1670 1161 1713 et
1213 1662 1455 1728 penuria,
1510 1675 1626 1723 qua:
1680 1661 1732 1713 itt
1787 1662 2001 1713 exordio

416 1749 531 1817 ejus
561 1752 890 1818 principatus
921 1747 1569 1814 Constantinopolitanam
1592 1748 1771 1800 urbem
1802 1748 2003 1800 invase-

2106 561 2319 615 ratione
2357 560 2749 620 Constantinus
2786 563 2988 620 Leonis
3026 565 3172 623 illius
3205 568 3519 626 schismatis
3548 584 3679 641 pro-

2102 660 2375 719 pugnator
2428 651 2495 707 de
2557 653 2867 709 Christiana
2928 656 3192 725 religione
3246 659 3411 726 probe
3469 661 3679 717 sentire

2103 742 2300 808 potuit,
2328 740 2578 811 judicent
2613 744 2726 798 alii.
2762 744 3006 801 Conatus
3042 747 3189 802 illius
3238 748 3288 801 in
3341 748 3673 807 vindicando

2103 831 2171 885 ab
2199 833 2425 901 injuriis
2466 832 2683 898 Photio,
2713 836 2795 889 vel
2823 838 2940 891 solo
2976 834 3201 891 Unionis
3233 846 3402 904 tomo,
3432 853 3462 890 a
3494 836 3677 895 Lenn-

2102 922 2277 978 clavio
2320 925 2372 979 in
2421 923 2552 981 lure
2598 925 3065 983 Graeco-Romano
3098 929 3191 982 lib.
3234 944 3272 984 tt
3319 929 3487 995 edito,
3538 932 3677 988 satis

2103 1026 2373 1083 superque
2401 1017 2592 1086 liquet.
2656 1017 2832 1087 Hujus
2864 1020 3194 1072 Constantini
3230 1020 3363 1073 liber
3403 1022 3494 1074 ille
3539 1022 3676 1075 cele-

2102 1105 2284 1159 bratus
2344 1119 2441 1172 est,
2504 1126 2654 1180 quem
2709 1111 2938 1163 moriens
2992 1109 3224 1166 Romano
3286 1112 3399 1181 ﬁlio
3439 1114 3675 1184 reliquit.

2102 1198 2239 1251 Eum
2276 1214 2339 1252 ex
2373 1201 2561 1255 codice
2599 1201 2946 1257 bibliothecae
2981 1200 3264 1270 Palatinae,
3295 1206 3388 1274 qui
3416 1204 3677 1275 Baptista:

2103 1286 2296 1358 lgnatii
2323 1290 2452 1343 olim
2474 1289 2645 1345 fuisse
2670 1292 3078 1360 perhibebatur,
3107 1294 3459 1362 descriptum,
3489 1295 3676 1351 Grazce

2102 1385 2155 1430 et
2199 1376 2386 1434 Latine
2418 1380 2588 1433 edidit
2614 1378 2855 1435 Joannes
2887 1381 3188 1446 Meursius,
3221 1399 3344 1438 cum
3381 1385 3504 1440 aliis
3528 1387 3677 1455 ejus-

2102 1468 2222 1522 dem
2281 1470 2627 1525 Constantini
2686 1474 2990 1542 opusculis.
3056 1474 3304 1545 Lugduni
3344 1475 3673 1532 Batavorum

2103 1561 2242 1628 apud
2298 1561 2603 1618 Elzevirum
2634 1564 2790 1629 1627,
2836 1564 2887 1618 in
2915 1564 2990 1619 8'.
3026 1563 3223 1620 Verum
3248 1568 3295 1623 is
3331 1584 3439 1622 non
3483 1567 3671 1635 Ducat,

2103 1651 2197 1706 sed
2264 1651 2789 1725 Porphyrogenneta:
2852 1656 2973 1712 fuit.
3043 1656 3220 1725 Hujus
3283 1675 3483 1729 quoque
3533 1659 3677 1714 Con-

2102 1745 2323 1797 stantini
2387 1756 2611 1814 tempore
2679 1748 2856 1815 ﬂoruit
2923 1747 3153 1803 Michael
3217 1748 3341 1803 Psel
3366 1765 3446 1805 us.
3497 1749 3553 1804 Si
3609 1750 3677 1805 do

417 1852 523 1902 rat,
574 1841 979 1909 Parapinaceus
1019 1840 1417 1909 cognominatus
1469 1839 1591 1907 fuit.
1633 1838 1732 1891 llic
1793 1808 2317 1907 quidemBPsello,
2386 1838 2545 1906 cujus
2603 1841 3053 1903 innumerabiles,
3114 1848 3173 1895 ut
3228 1842 3341 1910 ipse
3404 1843 3496 1907 ait,
3549 1843 3673 1897 libri

417 1931 652 1985 Michael
685 1943 876 1985 ca'tera
924 1932 1141 2001 ignarus
1175 1946 1235 1983 ac
1296 1945 1473 1983 socors
1516 1930 1618 1981 nisi
1665 1929 1800 1996 quod
1855 1928 1999 1981 bonis

416 2022 624 2075 artibus
659 2021 753 2074 sub
784 2019 963 2074 Psello
994 2020 1235 2087 profecit,
1272 2030 1426 2087 atque
1462 2020 1719 2086 imprimis
1752 2021 1802 2071 in
1838 2020 1991 2087 [ueti-

417 2116 600 2167 tandis
630 2116 884 2175 versibus,
926 2129 1030 2181 qua
1056 2114 1107 2164 in
1138 2128 1191 2164 re
1233 2109 1417 2165 Cratca
1447 2113 1597 2164 illum
1634 2113 1996 2179 imperatorem

414 2204 747 2256 commendat
783 2203 1030 2255 historia.

496 2291 554 2347 ν.
591 2292 759 2345 Miror
815 2292 1086 2345 hominem
1134 2306 1281 2346 sana:
1325 2292 1524 2343 utentis
1558 2288 1998 2345 tamdnconsideo

421 2395 542 2439 rate
598 2383 859 2437 locutum.
892 2381 1000 2437 Leo
1033 2381 1416 2450 Philosotihus,
1452 2379 1562 2435 Leo
1603 2380 1679 2434 illl
1711 2389 1791 2435 est
1817 2382 1991 2450 impe-

424 2486 598 2540 rator,
654 2474 836 2528 Basilii
874 2475 1039 2527 ﬁlius.
1112 2474 1299 2525 Error.
1344 2472 1564 2527 Certum
1622 2483 1702 2527 est
1755 2472 1991 2527 Leonem

413 2566 795 2633 imperatorem
837 2564 1279 2627 humanioribus,
1349 2564 1738 2634 philosophicis
1795 2564 1998 2618 sacris-

415 2674 523 2725 que
588 2658 782 2711 studiis
860 2657 1292 2710 adlictissimum
1362 2656 1617 2725 plurima,
1678 2671 1795 2724 qua:
1833 2657 1995 2709 etiam

415 2756 653 2812 exstant,
690 2747 1032 2799 laudabiliter
1078 2747 1131 2799 in
1176 2746 1588 2815 disciplinarum
1625 2748 1771 2800 onmi
1804 2762 1999 2816 genere

413 2839 814 2907 conscripsisse
842 2853 854 2889 2
878 2838 1107 2906 ideoque
1129 2838 1318 2904 σοφὸν,
1360 2838 1654 2904 sapientem
1686 2835 1763 2908 [5]
1792 2838 1999 2891 Scilicet

416 2933 885 3001 Cnguomlttalum,
928 2940 982 2983 at
1008 2944 1284 3000 nunquam
1345 2930 1418 2983 illi
1460 2931 1766 2999 phil050phi
1800 2945 1995 2983 nomen

412 3023 747 3077 attributum
781 3022 847 3074 ab
877 3022 1271 3076 eruditioribus
1300 3030 1401 3075 est.
1454 3018 1530 3072 Ex
1582 3019 1761 3074 Leone
1818 3022 1997 3087 itaque

417 3127 527 3165 uno
576 3111 931 3181 Philosophe,
974 3114 1144 3164 altero
1199 3111 1458 3180 Sapiente
1503 3126 1669 3163 unum
1704 3107 1993 3163 facitLeo-
2021 3138 2065 3201 Ο

412 3219 562 3265 nem,
600 3218 833 3269 cumque
890 3203 1059 3254 lilium
1113 3202 1323 3256 Basilii.
1357 3201 1667 3271 lmperitius
1699 3201 1886 3270 lapsus
1909 3212 1993 3256 est

413 3303 608 3348 auctor
641 3294 854 3346 Theatri
880 3294 994 3346 rita:
1024 3294 1291 3358 humana’,
1332 3294 1439 3347 vol.
1470 3292 1616 3357 XXI,
1645 3292 1739 3345 lib.
1774 3307 1832 3355 It,
1869 3306 1987 3361 pag.

412 3386 580 3439 5759.
627 3384 846 3438 Litteris
880 3384 979 3437 Leo
1014 3384 1364 3451 Philosophus
1414 3385 1702 3449 imperator
1742 3384 1986 3436 initiatus

410 3478 514 3544 fuit
568 3475 839 3547 Byzantii,
883 3476 1233 3538 rhetoricam,
1284 3475 1701 3542 philosophiam,
1747 3474 1997 3527 arithme-

415 3568 579 3617 ticam
611 3576 658 3617 et
695 3564 921 3631 reliquas
975 3564 1225 3616 scientias
1280 3564 1334 3615 in
1365 3563 1531 3615 Antro
1581 3564 1757 3615 insula
1788 3563 1995 3628 didicit,

415 3657 487 3707 ibi
526 3668 763 3708 uersatus
795 3671 910 3706 cum
940 3652 1197 3707 Michaele
1248 3652 1442 3706 Psello.
1481 3652 1768 3706 Cedrenus.
1807 3651 1996 3720 lugens

408 3761 545 3800 Sane
579 3744 924 3814 imperatoris
953 3757 1008 3797 et
1044 3746 1240 3796 ardens
1269 3742 1533 3808 studium,
1590 3742 1716 3793 licet
1750 3743 1994 3793 auctori-

409 3844 493 3889 tas
546 3845 603 3889 et
663 3833 952 3887 laettltates
1008 3833 1187 3895 nullm,
1246 3832 1337 3901 qui
1390 3832 1578 3884 relicta
1629 3830 1789 3883 domo
1819 3830 1998 3900 negle-

408 3929 636 3996 ctisque
671 3928 870 3980 summi
904 3924 1103 3995 fastigii
1132 3923 1349 3993 opibus,
1388 3923 1439 3975 in
1487 3923 1718 3975 insulam
1764 3923 1991 3974 Antrutn

406 4034 509 4087 pro
541 4016 900 4085 capessendis
948 4014 1256 4085 disciplinis
1296 4014 1361 4066 ad
1408 4014 1727 4082 magistrum
1761 4012 1992 4067 Psellum

409 4117 805 4180 pererraverit.
843 4105 1035 4160 Nonne
1071 4106 1242 4159 multo
1295 4103 1533 4171 facilius,
1570 4106 1816 4174 praamio,
1849 4105 1993 4174 quod

407 4209 660 4271 poterat,
698 4201 931 4251 maximo
962 4198 1267 4267 proposito,
1308 4193 1520 4251 Psellus
1550 4205 1777 4251 vocatus
1810 4212 1997 4250 acces-

404 4293 623 4351 sisset?
664 4291 882 4345 Fulsum
926 4294 1085 4345 etiam
1137 4300 1219 4344 est
1269 4289 1321 4344 id
1380 4304 1623 4344 asserere
1665 4288 1993 4355 Cedrenum,

401 4387 497 4449 qui
534 4382 937 4451 Philosophum
970 4380 1203 4434 Leonem
1238 4395 1265 4431 a
1306 4378 1484 4433 Leone
1520 4377 1775 4448 Sapiente
1807 4390 1860 4433 et
1889 4381 1993 4432 int-

2100 1928 2588 1994 circumferuntur,
2628 1944 2808 1984 sermo
2835 1938 2938 1994 est,
2975 1931 3131 1983 fallit.
3167 1932 3257 1985 Ille
3312 1936 3510 1987 etenim
3563 1949 3672 1987 non

2099 2032 2165 2071 eo
2212 2028 2452 2087 tempore
2489 2022 2639 2075 vixit.
2689 2020 2743 2075 Si
2792 2021 2858 2075 de
2910 2032 3238 2089 praeceptore
3267 2021 3464 2076 Leonis
3496 2022 3677 2078 Ptula-

2100 2112 2275 2179 SOpltl,
2308 2113 2432 2165 licet
2469 2128 2576 2165 non
2624 2112 2795 2177 fallat,
2836 2114 2927 2165 ille
2972 2121 3151 2165 tamen
3191 2114 3670 2166 innumerabilium

2099 2203 2361 2256 librorum
2394 2203 2633 2257 editione
2667 2219 2777 2256 non
2831 2204 3163 2257 celebratur.
3194 2201 3268 2256 De
3300 2218 3430 2273 quo,
3467 2218 3534 2255 an
3568 2204 3671 2255 ali-

2097 2296 2226 2364 quid
2261 2296 2335 2365 (d)
2362 2297 2666 2365 scripserit,
2700 2296 2876 2349 adhuc
2906 2294 3239 2348 dubitamus.
3264 2296 3346 2347 Ad
3370 2296 3505 2347 hunc
3537 2306 3673 2349 certe

2097 2384 2509 2440 Constantinum
2570 2387 2726 2440 I’selli
2779 2388 2841 2440 de
2882 2392 3045 2440 victus
3081 2388 3308 2453 ratione,
3340 2385 3436 2439 hoc
3476 2398 3573 2449 est,
3609 2387 3673 2439 de

2097 2477 2279 2531 dia'ta.
2338 2478 2451 2532 lloe
2506 2478 2585 2550 [ὃ]
2621 2494 2839 2548 quoque
2879 2480 3074 2533 falsum
3124 2491 3229 2533 εει.
3279 2478 3411 2532 Nam
3458 2476 3673 2533 Psellus

2099 2570 2191 2636 qui
2249 2568 2324 2621 De
2371 2571 2535 2623 victus
2610 2572 2813 2624 ratione
2878 2571 3242 2640 conscripsit,
3312 2570 3673 2624 Constantino

2099 2657 2259 2712 Daca:
2316 2660 2408 2730 (e),
2462 2662 2543 2713 vel
2573 2663 2615 2713 si
2674 2661 2869 2729 placet,
2903 2660 3269 2716 Constantino
3316 2658 3675 2714 Monomcbo

2098 2747 2294 2802 librum
2328 2752 2683 2818 nuncupavit.
2738 2750 2802 2802 Et
2842 2751 2907 2803 de
2960 2766 3094 2803 auro
3138 2749 3488 2818 conﬁciendo.
3524 2747 3671 2802 Nihil

2098 2841 2301 2894 minus.
2370 2841 2637 2894 Libellum
2697 2844 2898 2894 etenim
2962 2840 3113 2893 illum
3171 2843 3236 2893 ad
3299 2838 3671 2908 patriarcbam

2099 2929 2413 2985 Michaelem
2451 2932 2823 2996 Cerularium,
2858 2931 3016 2999 cujus
3068 2931 3286 2984 hortatu
3340 2931 3493 2982 illum
3539 2943 3673 2981 cou-

2099 3022 2412 3090 scripserat,
2467 3023 2631 3075 misit.
2666 3022 2810 3087 Quos
2849 3023 3063 3089 quidam
3104 3037 3204 3073 non
3233 3036 3359 3073 sane
3402 3021 3669 3071 indoctus.

2100 3114 2314 3181 Optime
2352 3114 2439 3166 hic
2494 3114 2728 3167 aliorum
2783 3113 3019 3181 ineptias
3048 3110 3282 3173 abdicat,
3322 3118 3375 3163 et
3406 3110 3670 3163 nonnulla

2097 3202 2255 3257 Pselli
2298 3205 2712 3267 commentaria,
2753 3216 2860 3255 non
2907 3210 3088 3255 tamen
3125 3200 3324 3253 Leonis
3348 3197 3667 3267 PltilosOphi

2096 3295 2368 3363 magistri,
2407 3305 2677 3349 recenset.
2706 3293 2924 3352 Subdit,
2970 3290 3097 3344 Fuit
3146 3301 3193 3345 et
3222 3290 3377 3359 hujus
3402 3290 3668 3345 Constan-

2096 3387 2196 3437 tini
2243 3387 2403 3438 Ducti:
2449 3387 2615 3454 ﬁlius,
2647 3396 2695 3440 et
2724 3385 3003 3438 Michaelis
3039 3383 3203 3436 Pselli
3238 3382 3528 3449 discipulus
3556 3379 3668 3433 Mi-

2096 3479 2240 3531 chael
2275 3478 2453 3531 Ducas
2502 3480 2791 3548 imperator
2843 3476 3474 3543 Constantinopoli:anus,
3513 3475 3601 3543 qui
3633 3489 3670 3527 ι

2099 3570 2237 3638 fume
2274 3584 2320 3623 et
2345 3574 2564 3637 penuria
2593 3570 2989 3637 Parapinaceus
3024 3569 3090 3636 (f)
3115 3568 3510 3634 cognominatus
3542 3564 3666 3633 fuit.

2095 3661 2281 3731 Nugae.
2313 3663 2687 3725 Constantini,
2723 3660 2921 3713 Leonis
2969 3660 3087 3720 lilii,
3133 3658 3317 3711 nulltts
3367 3654 3469 3708 fuit
3514 3654 3661 3707 ﬁlius

2096 3746 2348 3815 Michael,
2406 3751 2497 3804 sed
2527 3748 2828 3810 Romanus,
2890 3747 2977 3801 cui
3024 3747 3246 3810 librum,
3298 3752 3355 3798 ut
3396 3743 3671 3815 Gyraldus

2098 3856 2263 3910 supra
2304 3841 2540 3904 dixerat,
2571 3843 2830 3904 moriens,
2870 3839 2942 3892 De
2983 3830 3408 3892 administrando
3448 3836 3671 3904 imperio

2097 3933 2334 4000 reliquit.
2376 3931 2438 3985 Et
2492 3932 2721 3985 Mithael
2777 3934 2878 3984 iste
2938 3930 3040 3984 sub
3106 3929 3282 3982 Psello
3333 3934 3668 3996 praeceptore

2096 4024 2517 4077 Cotistantinnm
2586 4024 2786 4076 Ducam
2851 4030 3058 4092 patrem
3108 4019 3412 4087 cognoscit.
3472 4019 3669 4071 Annoa

2098 4112 2235 4165 bene
2268 4122 2468 4166 tractat
2502 4113 2785 4166 historiam
2838 4109 3156 4180 Gyraldus?
3203 4109 3398 4161 Annon
3432 4106 3568 4161 bene
3594 4105 3671 4160 ede

2099 4202 2273 4258 l’sello
2357 4215 2519 4272 atque
2589 4202 2672 4256 his
2729 4199 3152 4270 imperatoribus
3219 4197 3469 4261 meritus,
3530 4209 3669 4263 quos.

2102 4294 2400 4348 l'mdissittte
2446 4293 2860 4347 commiscendo
2916 4288 3230 4355 confundit,
3286 4295 3341 4342 et
3398 4288 3520 4341 loco
3567 4302 3670 4342 suo

2099 4385 2305 4451 cjectos
2331 4384 2396 4437 ad
2427 4386 2531 4437 alia
2558 4392 2801 4454 tempora
2828 4382 3054 4451 eonjieit
3082 4381 3106 4435 ?

401 4488 677 4547 peraIOrc
742 4473 1019 4526 diversum
1068 4471 1237 4525 ιιονῖῖο
1304 4468 1367 4521 El
1425 4469 1654 4523 Cedl'elli
1732 4470 1895 4522 Verba
1928 4470 2072 4531 dCD
2170 4474 2284 4529 Vll.
2345 4477 2679 4530 Posseviuus
2713 4475 2862 4537 item,
2913 4475 3041 4527 dum
3095 4471 3298 4541 scripta
3347 4467 3668 4524 recentioris

399 4568 595 4620 Leone
628 4564 960 4631 PhiIOSOpho
997 4568 1145 4625 sunt,
1170 4576 1289 4629 qua:
1318 4576 1481 4630 supra
1508 4560 1853 4615 adduximus.

468 4658 566 4713 Vl.
601 4656 789 4725 Pergit
819 4654 1091 4724 Gyruldus
1118 4652 1341 4721 :Cuius,
1366 4652 1562 4706 Leonis
1592 4652 1821 4716 scilicet,
1844 4653 1989 4721 filius

395 4747 797 4806 Constantinus
841 4746 1014 4797 Ducas
1040 4745 1161 4814 fuit.
1195 4744 1327 4809 Quis
1379 4744 1431 4798 id
1483 4743 1670 4798 dixit?
1714 4742 1982 4798 Conslan-

393 4842 551 4897 tinus
587 4838 775 4891 Ducas
802 4838 958 4905 longe
1002 4836 1069 4889 ab
1120 4835 1204 4889 his
1238 4834 1575 4901 temporibus
1603 4834 1757 4887 vixit.
1797 4832 1981 4903 Neque

393 4931 817 4989 Constantinus
878 4928 1076 4982 Leonis
1132 4927 1273 4981 illius
1312 4927 1472 4982 Ducae
1526 4925 1629 4979 sibi
1677 4941 1977 4997 cognomen

397 5040 658 5095 unquam
715 5020 927 5086 ascivit,
969 5018 1063 5074 sed
1098 5018 1643 5089 Porphyrogennetae,
1682 5034 1790 5087 quo
1821 5019 1995 5072 maxi-

394 5135 484 5173 me
521 5116 742 5187 gaudet
769 5120 822 5166 et
871 5111 1053 5183 gestit.
1084 5111 1241 5165 Ducat
1271 5125 1572 5179 cegnomen
1610 5120 1730 5178 post
1775 5121 1994 5165 centum

393 5208 701 5278 sexaginta
762 5204 827 5255 ad
878 5202 1057 5256 minus
1110 5216 1281 5256 annos
1341 5201 1396 5254 in
1433 5200 1660 5269 imperio
1695 5199 1857 5267 cepit.
1894 5202 1997 5268 Qui

390 5310 441 5354 et
476 5304 543 5351 tte
575 5294 900 5351 Christiana
938 5292 1186 5361 religione
1204 5291 1361 5359 probe
1399 5292 1584 5345 sensit.
1610 5290 1681 5345 De
1720 5290 1998 5347 Constano

2099 4567 2264 4623 Pselli
2293 4570 2357 4622 ad
2390 4579 2627 4623 veterem
2652 4568 2800 4621 illum
2825 4564 3024 4620 Leonis
3048 4570 3441 4634 praeceptorem
3484 4566 3668 4613 trans«

2098 4660 2226 4725 fert,
2293 4662 2429 4715 satis
2495 4660 2637 4712 male
2701 4658 3081 4725 antiquitatem
3138 4654 3336 4723 accipit
3382 4670 3397 4707 :
3436 4649 3669 4704 Michael

2091 4752 2328 4815 Psellus,
2360 4752 2449 4821 qui
2488 4750 2695 4815 Leonis,
2729 4756 3064 4818 cognomento
3111 4743 3440 4812 Philosophi,
3499 4740 3669 4810 fertur

2088 4846 2252 4915 fuisse
2308 4853 2617 4911 praceptor,
2685 4846 2930 4910 pleraque
2971 4840 3207 4906 scripsit,
3258 4845 3369 4889 tum
3408 4831 3477 4886 ad
3525 4833 3666 4886 theo-

2097 4937 2312 5007 logiam,
2345 4947 2451 4989 tum
2476 4938 2544 4990 ad
2569 4936 2950 5006 philosophiam
2983 4943 3136 5000 atque
3166 4931 3233 4983 ad
3264 4930 3400 4983 alias
3432 4926 3670 4994 discipli-

2099 5047 2216 5094 nas,
2270 5030 2376 5084 sive
2434 5031 2788 5095 mechanicas,
2822 5029 2927 5081 sive
2980 5026 3209 5078 medicas
3248 5020 3540 5090 spectantia
3568 5034 3590 5084 ;
3617 5021 3666 5073 si

2100 5134 2269 5175 tamen
2300 5122 2501 5185 omnia,
2536 5136 2651 5189 qua:
2682 5119 2760 5171 illi
2792 5116 3150 5179 ascribuntur,
3186 5113 3420 5183 legitima
3441 5120 3562 5166 sunt
3599 5109 3667 5162 il-

2102 5214 2205 5266 lius
2252 5227 2427 5279 opera.
2470 5210 2579 5265 Nec
2626 5211 2749 5280 plus
2779 5210 2919 5276 sapit
2951 5206 3279 5261 Franciscus
3332 5204 3663 5272 Busquetus,

2106 5301 2316 5372 praefat.
2343 5302 2411 5356 ad
2449 5303 2703 5357 lectorem
2738 5300 2791 5353 in
2826 5298 3106 5353 hlttliaelis
3140 5296 3300 5353 Pselli
3346 5297 3412 5349 de
3454 5293 3667 5364 legibus

1936 5480 2162 5541 NOTAE.

461 5604 544 5668 (tt)
586 5594 811 5649 Przrtcr
836 5592 1123 5668 carmina,-
1159 5599 1222 5668 ut
1242 5592 1329 5645 illa
1354 5593 1420 5668 de
1446 5594 1647 5668 quibus
1668 5609 1838 5668 supra
1864 5593 1897 5665 ᾗ
1936 5597 1988 5651 5.

462 5664 535 5739 (ιι)
566 5669 961 5739 Atiter_tamen
995 5664 1111 5733 ipse
1145 5664 1374 5739 Allatius
1401 5664 1589 5734 inl'ra§
1626 5666 1709 5718 ll.

462 5732 533 5811 (Ι)
583 5732 764 5802 ,ρειοά
822 5732 1073 5787 πινάκιόν
1126 5734 1238 5788 sive
1280 5744 1473 5803 quarta
1526 5732 1651 5803 pars
1705 5734 1872 5790 modii
1926 5751 1990 5791 eo

2101 5607 2353 5723 tetplpore
2397 5601 2705 5657 ementibus
2735 5598 3170 5657 subtraheretur.
3226 5591 3356 5650 Vide
3400 5590 3664 5662 Cangium

2101 5685 2152 5723 Ill
2233 5688 2332 5723 ιναέ

2101 5685 2152 5723 ιιι
2182 5685 2332 5724 ιιιναῑ
