4424 6450
775 424 883 486 4⁶ζ3

2036 412 2314 474 LEONIS
2354 408 2663 467 ALLATII

3921 411 4025 474 484

777 539 1073 607 syntugma
1104 549 1117 595 ;
1158 529 1462 584 Michaelem
1496 528 1749 591 Psellum,
1782 529 1871 597 qui
1918 540 2106 597 praefer
2145 536 2356 595 propter
2381 531 2430 588 Α
2459 540 2565 578 non
2594 523 2695 577 uni.
2723 524 3067 580 ascribentur
3102 526 3334 594 parenti,
3367 534 3419 579 et
3449 542 3567 596 qua:
3595 526 3833 593 junioris
3866 528 4025 583 Pselli

774 642 971 679 animm
1037 624 1235 678 Christi
1289 620 1391 674 850
1448 617 1636 671 Lconis
1699 618 2001 686 Philosophi
2062 620 2348 687 imperato-

773 720 870 782 ris,
893 726 998 771 etc.

852 808 985 861 VIII.
1038 808 1100 858 Et
1156 819 1289 858 sane
1341 816 1531 872 parum
1589 810 1745 855 caute
1801 803 2047 855 Andreas
2097 800 2353 855 Schottus

774 898 989 954 Praifat.
1027 897 1092 949 ad
1139 896 1370 950 Psellum
1412 894 1465 945 in
1502 891 1725 945 Cantica
1751 894 2109 956 canticorum,
2142 901 2193 944 et
2216 890 2354 944 Ger-

772 990 977 1043 bardus
1045 985 1268 1039 Vossius
1340 982 1407 1036 de
1497 979 1782 1035 Historicis
1848 980 2049 1034 ercis
2118 981 2212 1033 lib.
2283 994 2341 1043 tt,

774 1097 896 1149 cap.
929 1078 1019 1141 20,
1054 1074 1253 1131 Caesari
1288 1074 1524 1126 Baronio
1568 1081 1625 1126 et
1671 1072 2000 1127 Bellarmino
2028 1073 2336 1141 imponunt,

776 1174 877 1227 s;bi
909 1182 961 1224 et
1020 1170 1141 1221 aliis
1175 1167 1517 1235 persuasisse
1578 1164 1781 1227 conati,
1828 1163 2081 1219 ﬂoruisse
2119 1163 2350 1217 Psellum

774 1262 1150 1317 Christiunno
1177 1256 1303 1319 859,
1362 1270 1473 1324 quo
1525 1254 1999 1324 ConstantinOpoli
2048 1254 2350 1321 imperator

776 1353 885 1406 Leo
934 1348 1306 1417 Philosophus
1340 1347 1461 1409 luit,
1491 1358 1651 1412 quem
1700 1354 1751 1397 et
1780 1343 1989 1398 Psellus
2029 1343 2223 1396 litteris
2274 1342 2353 1393 iu-

774 1439 1053 1495 formavit.
1082 1437 1237 1490 Licet
1266 1435 1407 1488 enim
1439 1434 1505 1487 de
1548 1432 1725 1485 Psello
1776 1447 1962 1485 verum
2019 1434 2108 1495 sit,
2146 1448 2246 1485 nec
2297 1432 2347 1483 in

773 1546 837 1585 eo
868 1529 1131 1582 Baronius
1180 1525 1385 1577 fallitur
1420 1541 1434 1590 ;
1469 1524 1569 1577 fuit
1628 1526 1771 1576 enim
1828 1538 1955 1577 vere
2008 1542 2071 1577 eo
2109 1535 2351 1589 tempore

776 1621 986 1675 Psellus
1045 1616 1308 1683 quidam,
1372 1616 1679 1667 litteratura
1733 1613 2008 1682 insignis;
2070 1630 2347 1682 nunquam

778 1722 955 1763 tamen
1014 1706 1280 1759 Baronius
1330 1720 1451 1759 eum
1500 1705 1739 1757 Psellum
1794 1706 2025 1760 Leonem
2067 1708 2351 1775 imperato-

777 1814 889 1852 rcin
924 1797 1122 1850 litteris
1152 1794 1414 1847 imbuisse
1445 1792 1751 1855 afﬁrmavit,
1783 1796 1875 1846 sed
1902 1796 2135 1848 Leonem
2168 1795 2349 1848 I’hilo—

2459 632 2565 669 non
2590 624 2773 681 erunt,
2805 619 2872 669 ad
2913 616 3279 685 antiquiorem
3342 632 3465 671 esse
3524 617 3809 672 referenda
3869 621 4028 688 plane

2451 706 2659 777 judico.
2680 706 2954 777 Praecipua
2982 707 3070 761 illa
3117 715 3296 770 erunt,
3330 724 3449 776 qua:
3500 708 3809 765 Aristotelis
3857 711 4028 763 libros

2455 799 2746 868 plerosque
2776 812 2870 863 per
2903 795 3121 849 modum
3152 796 3519 866 paraphrasis,
3550 813 3657 851 non
3694 799 4029 868 ineleganter

2455 894 2757 958 exponunt.
2823 887 3161 957 Semperque
3236 888 3303 942 de
3378 887 3601 959 Dialogo
3652 889 3766 953 illo,
3827 890 3879 943 in
3920 905 4029 958 quo

2456 979 2809 1050 operationes
2867 976 3177 1032 dmtnonum
3279 989 3628 1043 asseruntur,
3675 980 3850 1049 deque
3910 983 4028 1048 ejus

2458 1078 2683 1123 auctore
2763 1068 3137 1122 subdubitavi.
3238 1066 3421 1139 Stylus
3496 1068 3690 1123 ﬂorido
3774 1070 4023 1133 solidior,

2454 1176 2542 1214 res
2570 1168 2724 1214 extra
2786 1157 3284 1228 Peripateticorum
3316 1158 3557 1223 scholas,
3613 1174 3737 1213 cum
3786 1158 4028 1213 Platonis

2452 1259 2505 1306 et
2530 1250 2835 1304 Zoroastra:
2882 1249 3170 1304 sententiis
3206 1247 3402 1311 allinis,
3429 1259 3485 1303 et
3537 1250 3746 1319 magica
3798 1252 3889 1304 illa
3928 1267 4030 1305 nu-

2452 1350 2705 1412 gamenta
2735 1340 2964 1393 alterum
2999 1356 3026 1392 a
3056 1339 3231 1394 Psello
3285 1340 3588 1393 recentiore
3616 1340 3850 1395 Psellum
3885 1342 4027 1395 indi-

2452 1439 2596 1484 cant.
2634 1428 2731 1482 llic
2767 1429 2819 1482 in
2850 1427 3072 1497 Dialogo
3129 1426 3344 1483 Marcus
3398 1428 3451 1481 in
3518 1427 3798 1483 Chersone
3852 1430 4027 1485 insula

2454 1535 2805 1575 commorans
2840 1520 3129 1589 peregrino
3162 1520 3349 1587 magia:
3384 1532 3585 1572 arcana
3620 1520 3841 1588 exponit
3876 1539 3889 1585 ;
3918 1519 4026 1574 Leo

2454 1613 2817 1680 Philosophus
2886 1610 3262 1679 philosOphica
3329 1624 3390 1663 ac
3454 1611 3694 1680 reliquas
3768 1614 4027 1667 scientias

2455 1701 2717 1754 in-Antro
2751 1700 2927 1753 insula
2961 1713 2990 1750 a
3022 1698 3284 1753 Micliaele
3332 1698 3506 1753 Psello
3540 1704 3818 1754 educetur.
3863 1699 4028 1755 Video

2453 1791 2652 1844 Leonis
2676 1790 2957 1845 historiam
2991 1790 3093 1843 sub
3125 1789 3323 1844 alienis
3362 1790 3679 1843 nominibus
3715 1792 3868 1860 quasi
3908 1806 4029 1860 per-

776 1891 1005 1957 soplium
1030 1888 1185 1952 longe
1220 1885 1289 1936 ab
1317 1886 1645 1952 imperatore
1672 1884 1851 1938 Leone
1877 1879 2180 1939 diversum.
2234 1884 2346 1937 Ba-
2384 1864 2423 1917 Β
2456 1890 2707 1936 sonatum
2746 1880 2826 1951 [8]
2856 1881 2910 1933 in
2938 1882 3210 1933 theatrum
3270 1880 3449 1935 educi.
3483 1882 3619 1936 Illud
3655 1884 3844 1945 etiam,
3880 1883 4026 1952 quiid

777 1980 978 2040 ronius,
1010 1978 1217 2037 dicunt,
1270 1991 1301 2027 a
1361 1972 1557 2033 Psello,
1618 1991 1719 2027 non
1757 1974 1945 2028 Leonis
2004 1976 2217 2044 a‘quali,
2262 1977 2351 2029 scd

778 2071 942 2122 multo
1003 2070 1303 2126 recentiore,
1338 2065 1627 2117 Simeonem
1654 2063 2071 2131 Melaphrastum
2114 2068 2351 2118 oratione

776 2160 1091 2227 pancgyrica
1141 2157 1457 2206 celebratum
1522 2164 1731 2208 narrat.
1794 2155 1869 2208 Ita
1922 2166 2023 2209 est.
2090 2156 2196 2209 Sed
2244 2172 2350 2209 non

778 2252 993 2302 dixerat
1032 2248 1251 2299 unicum
1289 2255 1498 2297 tantum
1553 2245 1793 2298 Pselluni
1832 2249 2131 2300 exstitisse.
2164 2248 2226 2299 Et
2254 2262 2351 2301 nos

778 2341 842 2389 ad
876 2338 956 2409 [η
991 2351 1280 2406 quemnam
1312 2333 1544 2387 Psellum
1566 2337 1744 2388 oratio
1763 2338 1948 2389 referri
1970 2338 2181 2401 debeat,
2203 2346 2350 2389 certo

779 2429 1048 2480 allirmaie
1101 2444 1205 2479 non
1245 2440 1557 2494 possumus.
1592 2426 1918 2492 Conjectura
1950 2435 2150 2493 tamen,
2176 2442 2349 2497 eaque

779 2520 1054 2572 ιεγιεδίιιιει
1106 2518 1381 2579 ducimur,
1445 2517 1587 2569 hunc
1622 2519 1978 2569 recentiorem
2026 2533 2145 2572 esse
2204 2520 2351 2573 illius

777 2618 1096 2665 auctorem:
1129 2611 1270 2676 quod
1299 2616 1353 2660 et
1403 2609 1557 2675 plura
1602 2610 1886 2677 scripserit
1923 2611 1974 2661 in
2012 2610 2158 2661 onmi
2188 2610 2353 2662 disci-

776 2702 921 2769 plina
976 2709 1029 2752 et
1060 2701 1389 2767 scriptorum
1436 2699 1607 2767 gloria
1642 2698 2032 2751 celeberrimus
2057 2699 2239 2752 fuerit.
2264 2701 2346 2753 An

777 2807 910 2845 vero
940 2792 1120 2843 senior
1172 2792 1261 2844 ille
1318 2789 1526 2861 aliquid
1576 2791 1783 2858 scripto
1837 2789 2141 2855 tradiderit,
2198 2801 2350 2845 certo

782 2897 887 2935 non
912 2890 1151 2935 constat.

852 2972 941 3026 IX.
984 2972 1096 3041 Ego
1130 2988 1255 3027 vero
1284 2973 1466 3027 nullus
1490 2973 1700 3034 dubito,
1730 2975 1772 3024 si
1802 2987 1989 3025 verum
2048 2971 2206 3027 fateri
2263 2989 2352 3026 vc-

781 3062 965 3125 limus,
997 3062 1228 3116 Psellum
1270 3065 1419 3115 illum
1449 3064 1550 3117 sub
1599 3062 1798 3115 Basilio
1834 3063 2145 3127 Macedone,
2183 3066 2351 3118 multa

784 3156 1163 3225 philosophica
1217 3158 1424 3223 scripto
1518 3156 1896 3221 consignasse,
1976 3170 2147 3222 eaque
2206 3170 2423 3251 nuncc
2527 3167 2531 3218 ζ

2044 3170 2147 3251 ‘l“_e
2195 3170 2349 3251 full?
2379 3193 2423 3251 ο
2527 3166 2590 3221 Χ.
2626 3164 2866 3220 Libellus
2914 3167 3080 3218 ctiam
3132 3163 3292 3217 Pselli
3332 3164 3406 3217 Dc
3445 3163 3706 3232 lapidibus
3766 3182 3786 3214 ρ

784 3248 1048 3300 allinitate
1077 3246 1313 3298 nominis
1346 3246 1661 3299 indistincta
1693 3246 1796 3297 sub
1833 3248 2156 3300 recentioris
2194 3247 2353 3301 Pselli

784 3340 1005 3393 nomine
1034 3336 1396 3390 circumferri.
1431 3337 1643 3406 Scripta
1705 3351 1941 3405 namque
2000 3338 2203 3400 omnia,
2236 3353 2357 3407 qua:

786 3431 1020 3483 l’sellum
1043 3442 1247 3497 patrem
1269 3428 1580 3496 iudigitant,
1610 3442 1733 3480 cum
1763 3438 1815 3481 ct
1839 3430 2106 3481 tractandi
2126 3431 2354 3490 ratione,

785 3521 1163 3575 etinvcmeudi
1201 3520 1474 3582 acumine,
1508 3534 1609 3573 nec
1659 3519 1850 3573 eadem
1904 3519 2122 3572 dicendi
2157 3519 2353 3584 forma,

790 3630 889 3667 nec
925 3614 1219 3682 figurarum
1246 3612 1525 3665 coloribus
1570 3613 1827 3681 gestiant,
1870 3611 1964 3665 sed
2020 3614 2125 3665 alia
2150 3613 2358 3665 incont-

786 3714 927 3773 ptam
948 3707 1119 3763 illam,
1148 3702 1899 3772 etGraecamphilosOphiam,
1935 3718 2039 3757 non
2072 3704 2355 3757 barbaram

785 3798 1014 3859 scilicet,
1046 3797 1138 3848 sed
1173 3796 1405 3856 virilem,
1435 3805 1488 3847 et
1514 3808 1634 3861 quae
1658 3807 1759 3846 suo
1784 3793 2070 3861 splendore
2097 3794 2352 3857 nitescat,

788 3904 898 3957 pra:
930 3904 989 3941 se
1017 3885 1195 3938 lerant
1228 3902 1242 3949 ;
1277 3885 1379 3938 alia
1413 3900 1535 3939 cum
1571 3885 1740 3940 Musis
1772 3887 1984 3952 ludant,
2033 3900 2086 3941 et
2128 3885 2352 3952 Gratiis,

786 3988 838 4028 et
861 3975 1147 4027 verborum
1174 3972 1436 4035 ﬂosculis,
1476 3986 1529 4028 et
1580 3986 1798 4044 compto
1869 3975 2219 4044 periodorum
2274 3978 2357 4029 in-

789 4076 998 4123 structu
1039 4066 1289 4118 hilariter
1318 4066 1650 4131 subsiliunt;
1682 4066 1933 4122 diversos
1959 4068 2062 4121 sibi
2099 4078 2353 4137 parentes

788 4174 886 4228 pro
918 4157 1058 4225 genii
1102 4157 1422 4211 diversitate
1473 4169 1792 4225 reposcunt.
1844 4159 1908 4211 Et
1987 4159 2115 4213 licet
2174 4161 2353 4228 magni

788 4247 890 4299 viri
928 4245 1219 4314 aliquando
1252 4259 1434 4297 rerum
1497 4246 1836 4298 excelsarum
1870 4248 2232 4315 parturitione
2261 4249 2355 4301 de-

790 4336 998 4405 fatigati
1048 4336 1331 4387 rideantur
1391 4334 1635 4396 destitui,
1722 4346 1776 4387 et
1848 4337 1901 4389 in
1981 4338 2117 4391 alias
2194 4346 2355 4406 atque

790 4427 927 4478 alias
957 4440 1015 4477 se
1045 4424 1259 4476 dicendi
1288 4422 1491 4475 formas
1511 4433 1848 4484 convertere,
1906 4439 2118 4493 semper
2171 4434 2351 4479 tamen

2455 1988 2513 2026 5e
2548 1973 2684 2025 dicit
2712 1972 3029 2024 'l‘imouieus
3067 1986 3095 2024 a
3127 1982 3353 2041 paterno
3410 1986 3509 2026 avo
3540 1974 3757 2029 audisse
3800 1976 3866 2028 de
3916 1974 4027 2026 Eu-

2452 2064 2755 2115 chaitarum
2788 2063 3043 2131 pessimis
3075 2063 3339 2122 moribus,
3371 2076 3550 2117 annon
3585 2066 3758 2133 magis
3792 2066 4027 2119 senioris

2453 2154 2617 2209 Pselli
2660 2156 2828 2217 artati,
2856 2160 2985 2205 tunc
3014 2168 3135 2205 cum
3198 2152 3651 2208 Massalianorum
3685 2157 3928 2220 haeresis,
3971 2167 4026 2208 ut

2453 2248 2519 2299 de
2565 2247 2864 2299 hmresilius
2904 2254 3090 2297 narrat
3141 2243 3381 2300 Joannes
3411 2246 3796 2311 Damascenus,
3834 2247 4025 2300 crude-

2452 2337 2659 2391 lissime
2689 2338 2740 2389 in
2762 2335 3059 2389 Ecclesiam
3099 2335 3190 2389 Dei
3231 2338 3606 2405 grassabatur,
3636 2352 3755 2405 qua:
3784 2346 4024 2405 tempore

2447 2429 2683 2498 junioris
2730 2442 2902 2497 prope
2940 2428 3204 2481 exstincta
3230 2430 3537 2497 languebat,
3580 2428 3791 2481 videtur
3829 2444 4025 2481 come-

2452 2520 2614 2572 nirc?
2670 2518 2818 2572 Adde
2851 2517 3072 2588 Dialogo
3112 2524 3405 2571 tractatum
3453 2519 3528 2587 (g)
3570 2518 3632 2571 de
3670 2517 4023 2577 Dwmonibus,

2454 2612 2694 2666 nondum
2726 2613 2931 2665 editum
2974 2612 3185 2677 Grrece,
3214 2610 3357 2680 quod
3384 2612 3571 2676 sciam,
3604 2626 3667 2665 ex
3713 2610 4021 2665 Graecorumn

2452 2705 2744 2765 sententia,
2775 2704 3052 2756 ulerinum
3120 2701 3325 2757 dixeris
3363 2716 3426 2755 ac
3464 2715 3780 2771 germanum
3834 2701 4022 2761 fetum,

2451 2806 2504 2851 et
2560 2794 2795 2849 Leonem
2835 2794 3225 2864 Philosophum
3284 2808 3348 2847 ac
3386 2792 3649 2847 Joannem
3710 2793 3830 2860 ejus
3894 2808 4023 2847 con-

2453 2892 2816 2960 sanguineum
2892 2891 3083 2963 magiae
3166 2889 3517 2944 insimulatos
3604 2896 3659 2942 et
3740 2899 4022 2942 accusatos

2455 2982 2677 3035 tradunt
2712 2983 2989 3046 historici,
3031 2996 3195 3051 quam
3226 2982 3521 3035 verisimile
3547 2988 3757 3035 estnon
3795 2981 3862 3034 ab
3916 2980 4025 3035 allo

2456 3091 2621 3145 quam
2658 3090 2686 3127 a
2721 3074 2983 3128 Michaele
3012 3075 3107 3128 illo
3143 3073 3318 3128 Psello
3354 3074 3628 3127 didicisse.

3844 3161 4022 3218 Maus-

2460 3272 2592 3310 58(‘0
2633 3257 2835 3319 editus,
2865 3257 2948 3308 vel
2977 3256 3104 3308 huic
3139 3256 3342 3308 seniori
3391 3252 3592 3317 Psello,
3649 3254 3693 3308 si
3750 3269 3834 3307 me
3894 3268 4025 3308 con-

2453 3348 2666 3415 jectura
2697 3362 2802 3399 non
2830 3344 2989 3407 fallit,
3022 3344 3346 3398 tribuendus
3376 3353 3479 3406 est,
3531 3344 3612 3396 vel
3663 3354 3812 3398 certe
3866 3346 4019 3397 nulli.

2456 3439 2596 3491 Audi
2628 3436 2758 3507 quid
2794 3436 2910 3505 ipse
2930 3436 3097 3500 dicat,
3137 3434 3265 3487 dum
3306 3436 3359 3487 in
3394 3432 3497 3486 liuc
3524 3443 3800 3496 auctores,
3836 3438 3925 3502 qui
3958 3441 4024 3483 de

2459 3527 2697 3594 lapidum
2752 3524 3047 3577 virtutibus
3111 3537 3305 3575 causas
3346 3521 3653 3585 reddidere,
3696 3532 4020 3581 enumerat;

2458 3626 2580 3686 post
2610 3631 2798 3669 omnes
2829 3614 3013 3668 subdit
3050 3630 3064 3668 ;
3092 3612 3211 3663 Τῶν
3242 3613 3298 3664 δὲ
3337 3612 3396 3663 οὐ
3431 3613 3563 3664 πολὺ
3593 3612 3696 3681 πρὸ
3726 3613 3879 3682 ἡμῶν
3904 3614 3929 3662 ὁ
3960 3614 4021 3663 ἐκ

2457 3708 2553 3777 τῆς
2594 3706 2933 3775 Ἀφροδισίας
2971 3703 3339 3773 Ἀλέξανδρος,
3398 3702 3686 3771 ἄνθρωπος
3726 3706 3852 3775 περὶ
3886 3704 4024 3756 πάν-

2456 3816 2561 3851 των
2589 3799 2773 3859 ἁπλῶς
2802 3797 2998 3857 εἰπεῖν,
3029 3796 3125 3847 καὶ
3154 3796 3259 3847 τῶν
3298 3795 3624 3864 ἀπορῤήτων
3668 3795 3767 3863 τῆς
3813 3795 4024 3862 φύσεως

2458 3888 2897 3959 προχειρότατος.
2937 3885 2989 3940 Id
3029 3897 3159 3940 est:
3204 3883 3287 3937 Ex
3337 3886 3417 3936 liis
3486 3896 3681 3947 autem,
3734 3886 3823 3953 qui
3865 3886 4024 3953 paulo

2459 3990 2579 4032 ante
2634 3995 2725 4031 nos
2799 3980 3039 4029 vixerunt
3102 3976 3399 4028 Alexander
3454 3976 3899 4042 Aplirodisiensis,
3954 3976 4023 4027 ad

2458 4072 2635 4123 omnia
2721 4071 2879 4122 etiam
2936 4077 3141 4120 natura:
3210 4067 3497 4119 occultiora
3566 4068 3910 4129 eitutleanda,
3964 4078 4019 4119 ut

2456 4163 2611 4231 plura
2694 4162 2874 4230 paucis
2957 4161 3275 4228 complectar
3337 4160 3778 4225 promptissimus.
3870 4162 4024 4214 Anne

2458 4257 2617 4324 paulo
2679 4264 2801 4306 ante
2880 4262 3121 4320 tempora
3203 4251 3387 4316 Pselli,
3461 4252 3551 4321 qui
3602 4253 3705 4306 sub
3755 4252 4022 4307 Constan-

2460 4348 2573 4400 tino
2600 4354 2652 4399 et
2700 4344 2959 4397 Michaele
2995 4343 3159 4396 Ducis
3191 4342 3441 4406 ﬂorebat,
3478 4342 3784 4397 Alexander
3809 4344 4021 4412 Aphro-

2464 4440 2742 4501 disicnsis,
2789 4438 2879 4505 qui
2933 4436 3035 4489 sub
3082 4436 3357 4487 Antonino
3405 4442 3458 4488 et
3501 4434 3703 4489 Severo
3729 4436 4023 4501 scribebat,

790 4516 847 4569 in
882 4516 988 4567 illis
1012 4515 1093 4567 Vis
1123 4513 1369 4581 quadam
1424 4522 1648 4577 "ilum:
1681 4528 1710 4565 ³
1750 4516 2040 4583 δεηιοίίυείι
2078 4531 2355 4585 nunquam
2393 4507 2434 4561 θ
2468 4530 2667 4582 vixisse
2704 4526 2969 4580 dicendus
3005 4526 3132 4578 est?
3192 4524 3245 4576 Si
3282 4524 3717 4592 oetingentorum
3771 4534 3823 4577 et
3862 4528 4022 4593 quin-

791 4608 1149 4675 degenerans,
1199 4604 1534 4667 inclarescit,
1593 4619 1699 4671 qua
1764 4614 1961 4659 nasuta
2033 4608 2250 4674 ingenia
2301 4616 2356 4661 et

790 4712 944 4751 acres
968 4710 1193 4767 operum
1243 4693 1459 4763 judices
1499 4710 1689 4748 verum
1742 4704 2017 4749 auctorem
2066 4700 2353 4766 expiscan-

793 4799 901 4840 tur.
936 4785 1195 4852 Quamvis
1227 4786 1514 4856 deturpata
1545 4786 1683 4841 facie
1733 4797 1785 4840 et
1820 4789 2046 4857 pedibus
2107 4789 2355 4846 distortis

791 4878 1128 4946 Ganymedes
1152 4876 1439 4941 claudicet,
1479 4892 1587 4930 non
1624 4878 1698 4930 ita
1735 4878 1788 4931 in
1830 4879 1993 4931 alium
2032 4881 2207 4933 virum
2250 4882 2352 4935 mi-

792 4984 948 5039 grare
978 4968 1197 5037 peterit,
1220 4976 1277 5021 ut
1306 4966 1647 5038 Ganymedes
1677 4983 1798 5024 esse
1832 4985 1938 5023 non
1962 4981 2361 5041 cognoscatur;

796 5058 976 5111 adhuc
1005 5059 1330 5111 lineamenta
1354 5058 1468 5125 illa,
1499 5068 1552 5113 et
1584 5061 1820 5129 pessime
1849 5073 2102 5131 exceptas
2125 5065 2366 5132 pulchri-

798 5150 1006 5202 tudinis
1039 5150 1329 5215 scintillas,
1381 5160 1434 5205 et
1469 5152 1706 5207 latentes
1752 5154 1806 5207 in
1858 5156 2117 5210 membris
2164 5156 2365 5224 radios,

797 5245 840 5294 si
873 5240 1070 5310 fungus
1090 5241 1315 5295 omnino
1338 5258 1441 5297 non
1463 5258 1542 5308 es,
1574 5257 1824 5314 prompte
1855 5246 2161 5316 dignoscas.
2186 5251 2369 5318 Smpe-

797 5346 903 5400 que
958 5334 1011 5385 in
1067 5330 1366 5398 coiiIracto,
1444 5350 1609 5389 exeso
1685 5352 1747 5391 ac
1802 5339 2047 5407 partibus
2112 5340 2364 5397 mutilato

798 5436 1070 5475 marmore
1100 5426 1299 5477 caelum
1336 5423 1622 5481 Praxitelis
1660 5428 2014 5497 deprehendi.
2078 5432 2212 5485 Cum
2257 5435 2362 5486 ita-

797 5529 904 5585 que
937 5514 989 5567 in
1021 5515 1171 5569 hisce
1201 5517 1456 5583 Operibus
1494 5518 1651 5589 longe
1711 5522 1922 5576 diversa
1993 5524 2103 5577 sint
2154 5527 2357 5589 omnia,

2462 4619 2721 4685 quaginta
2757 4629 3024 4667 annorum
3057 4614 3291 4682 spatium
3323 4614 3595 4668 modicum
3637 4618 3898 4685 temporis
3941 4617 4023 4669 in-

2464 4708 2749 4762 tervallum
2774 4704 2954 4759 Psello
2986 4715 3093 4768 cst,
3142 4706 3287 4774 quod
3340 4707 3444 4759 erit
3494 4706 3711 4775 longum
3742 4707 3918 4777 ?Ergo
3944 4710 4023 4761 vel

2464 4801 2553 4853 hic
2588 4799 2803 4853 libellus
2861 4796 3037 4850 Psello
3080 4796 3209 4850 huic
3268 4797 3475 4851 seniori
3518 4798 3878 4852 vindicandos
3923 4809 4022 4863 est,

2464 4892 2547 4945 vel
2579 4893 2623 4943 si
2665 4890 2913 4944 sexcenti
2944 4889 3111 4941 etiam
3166 4898 3219 4941 et
3272 4889 3457 4957 plures
3507 4890 3629 4942 anni
3682 4889 4027 4943 diuturniora

2467 4992 2712 5051 tempora
2772 4987 2918 5044 sunt,
2975 4980 3203 5048 ideoque
3263 4993 3363 5032 nec
3420 4980 3620 5033 seniori
3684 4981 4025 5045 tribuendus,

2465 5074 2607 5126 alius
2650 5073 2806 5125 nobis
2830 5070 3075 5141 opusculi
3105 5082 3297 5123 auctor
3320 5073 3646 5139 quaerendus
3697 5082 3779 5125 est
3816 5074 4025 5137 sedulo,

2465 5179 2533 5217 ne
2561 5162 2825 5228 Psellum,
2849 5168 2977 5217 dum
3010 5162 3122 5216 haec
3150 5163 3437 5227 scriberet,
3476 5163 3801 5219 dormitasse
3851 5181 4027 5234 nugao

2466 5252 2685 5306 cissime
2719 5253 2876 5306 lateri
2908 5267 3187 5321 eogainur.

2536 5342 2627 5394 λι.
2657 5342 2817 5397 Liber
2843 5345 3002 5397 etiam
3032 5342 3263 5395 Medicus
3293 5351 3347 5397 et
3389 5344 3790 5413 Tlieropcuticus
3848 5346 4027 5409 Pseili,

2467 5452 2628 5505 quem
2656 5436 3015 5491 Constantino
3070 5437 3620 5507 Porphyrogenneta,
3681 5439 3785 5491 nisi
3821 5454 3918 5493 nos
3950 5439 4012 5491 lu-

2470 5530 2546 5582 tlit
2599 5528 2900 5597 inscriptio,
2984 5530 3339 5596 nuncupavit,
3404 5529 3537 5585 forte
3594 5530 3770 5586 Psello
3828 5531 4025 5587 seniori

2320 5705 2551 5761 NOTAE.

875 5790 949 5862 lg)
981 5788 1053 5848 De
1082 5791 1185 5847 hoc
1215 5789 1356 5846 infra
1390 5790 1416 5862 ς
1442 5793 1528 5851 39.
1584 5796 1792 5852 Laudat
1830 5808 1882 5855 et
1904 5800 2131 5857 Allatius
2161 5799 2293 5857 diss.
2320 5706 2621 5872 131$“

2320 5706 2551 5763 NOTAE.

1466 5794 1528 5851 i9.
1584 5796 1792 5852 Laudat
1830 5808 1882 5855 et
1904 5800 2131 5857 Allatius
2161 5799 2293 5857 diss.
2342 5802 2408 5859 de
2443 5799 2886 5872 Engastrimytbo
2917 5816 2965 5856 c.
2996 5802 3029 5855 2
3060 5810 3110 5857 et
3135 5801 3213 5855 I6.
