4424 6450
377 413 477 473 485

1580 398 1948 460 DIATRIBA
1985 395 2083 458 DE
2115 399 2441 459 PSELIJS.

3511 401 3617 463 486

379 526 697 583 tribuendus
731 532 834 589 est,
869 523 914 578 si
944 522 1107 577 vitam
1144 534 1208 573 eo
1247 531 1417 588 usque
1455 517 1721 586 protraxit
1751 529 1764 570 :
1791 519 1938 568 certe
1968 522 2013 582 Α
2043 511 2280 576 ﬁrmant,
2313 514 2441 568 huic
2478 511 2679 568 Nicetis
2707 511 2893 566 Davidi
2929 513 3196 569 tribuunt.
3225 512 3439 569 Habent
3470 517 3614 570 enim

383 617 674 673 recentiori
713 626 952 683 tempora
990 619 1207 680 negant.

454 709 568 760 XII.
601 706 903 758 Verisimile
941 707 1122 770 itaque
1153 708 1258 762 est.
1314 697 1551 753 Pscllum
1594 696 1737 750 hunc
1790 696 1943 763 plura

385 805 434 855 in
465 799 844 865 Philosophicis
875 809 937 847 ac
998 791 1289 846 Rhetoricis
1318 789 1710 859 composuisse.
1741 789 1808 840 At
1839 801 1944 840 non

385 891 624 959 scripsit,
661 889 895 957 inquies,
929 884 1192 953 quidquid
1221 882 1286 935 de
1333 882 1455 934 aliis
1481 881 1573 944 sit,
1628 880 1683 932 in
1736 877 1945 931 Simto-

387 1000 506 1036 nem
576 980 997 1048 lL-taphraslem
1085 972 1487 1044 panegyricum,
1566 979 1624 1024 ut
1680 970 1947 1023 Barouius

388 1075 642 1129 somniat,
667 1069 747 1140 [9]
775 1085 895 1121 cum
931 1069 1081 1121 illum
1113 1064 1320 1117 Pscllns
1351 1062 1618 1115 recentior
1643 1058 1946 1127 scripserit.

388 1164 565 1226 Quare
597 1147 862 1212 Baronius
888 1158 1060 1210 falsus
1088 1163 1191 1217 est,
1218 1162 1270 1206 et
1305 1153 1356 1205 in
1413 1151 1610 1213 l’sello,
1678 1164 1840 1219 quem
1893 1151 1948 1202 in

389 1251 532 1304 aliud
563 1260 773 1318 tempus
811 1247 1089 1305 amanilat,
1121 1244 1247 1297 etin
1276 1242 1660 1309 Metaphraste,
1694 1253 1853 1308 quem
1880 1239 1948 1291 ob

391 1341 767 1410 imaginarium
787 1335 1022 1390 Pscllum
1056 1334 1210 1387 annis
1233 1332 1343 1386 fere
1367 1330 1632 1391 ducentis,
1659 1337 1946 1396 antequam

390 1441 555 1489 esset.
591 1443 743 1483 suam
777 1424 1030 1479 Ecclesia:
1060 1438 1280 1492 operam
1343 1420 1649 1476 contulisse
1698 1419 1752 1473 in
1787 1432 1950 1473 enar-

393 1522 575 1575 randis
634 1527 944 1572 sanctorum
1006 1515 1130 1568 vitis
1193 1510 1492 1565 contendit.
1562 1509 1673 1563 Nec
1722 1507 1950 1562 feliciori

391 1619 583 1664 eventu
625 1608 985 1662 Bellarminus
1020 1606 1085 1657 de
1109 1601 1484 1668 Scriptmibus
1530 1599 1950 1662 EtCIL‘SiﬂSliCiS,

393 1703 594 1756 saeculo
619 1718 690 1764 ix,
719 1713 863 1753 anno
890 1697 1012 1760 850;
1051 1693 1290 1748 Jaeohus
1324 1691 1616 1745 Gaulterus
1671 1691 1722 1741 in
1767 1686 1952 1739 tabula

392 1793 798 1858 Chronologica,
836 1789 1034 1842 sxculo
1061 1800 1135 1848 ις,
1170 1798 1295 1852 pag.
1363 1782 1497 1846 598;
1534 1779 1770 1833 Jacobus
1822 1775 1952 1829 Gre-

2045 602 2180 659 satis
2230 604 2531 668 evidenter,
2586 603 3141 675 Νικήτωφιλοσόφου
3187 604 3282 659 τοῦ
3328 606 3622 674 Παφλαγο-

2044 695 2185 761 νίας,
2224 693 2339 765 [10]
2366 695 2662 763 Ἐρμηνεία.
2700 698 2778 758 ei;
2823 696 2892 748 τὰ
2932 695 3038 764 ἔπη
3075 696 3169 750 τοῦ
3212 697 3498 766 Θεολὸγου.
3533 699 3620 762 Et,

2045 784 2262 853 Νικήτα
2289 785 2380 836 τοὺ
2404 791 2496 836 καὶ
2522 784 2701 846 Δαυῖδ,
2736 786 3025 856 Ἐξήγησις
3052 788 3131 848 εὶς
3148 785 3216 838 τὰ
3233 786 3392 840 αὐτὰ.
3419 785 3621 839 Nicena

2046 871 2351 942 Philosophi
2384 873 2760 943 Paphlagonia:
2789 876 3066 943 Expositio
3093 877 3144 929 in
3167 875 3418 930 Carmina
3452 876 3621 930 Theo-

2049 964 2173 1036 logi,
2204 977 2251 1020 et
2285 968 2506 1030 Nicetes,
2547 970 2636 1037 qui
2679 978 2725 1020 et
2763 967 2949 1031 David,
3006 969 3266 1037 expositio
3320 968 3372 1020 in
3414 969 3614 1021 eadem.

2049 1056 2233 1126 Neque
2311 1059 2379 1110 ab
2436 1059 2520 1114 his
2573 1061 2771 1112 d.versi
2844 1068 2970 1112 sunt
3041 1060 3258 1112 codices
3318 1073 3450 1112 mss.
3511 1059 3619 1111 Au-

2049 1150 2264 1217 gustani
2288 1168 2302 1215 ;
2325 1150 2718 1220 conﬁrmatque
2737 1149 2903 1204 editio
2931 1148 3131 1204 Veneta
3157 1151 3258 1205 sub
3289 1165 3433 1206 anno
3457 1149 3616 1205 1565.

2055 1235 2122 1290 Ut
2165 1238 2290 1290 hinc
2323 1239 2507 1294 videas
2553 1255 2656 1293 una
2717 1247 2795 1292 tot
2835 1240 3332 1308 manuscriptorum
3367 1239 3616 1294 codicum

2051 1329 2477 1396 conspiratione,
2546 1345 2650 1384 non
2711 1335 2872 1386 unius
2927 1332 3278 1398 exscriptoris
3324 1333 3616 1384 oseitantia

2053 1418 2266 1470 illarum
2298 1421 2692 1484 expositionum
2747 1423 3117 1483 immutatum,
3159 1419 3252 1473 sed
3299 1421 3618 1474 continuata

2055 1511 2194 1564 serie
2245 1509 2492 1579 pluribus
2546 1515 2984 1582 comprobatum,
3040 1518 3318 1564 auctorem
3375 1509 3618 1562 Nieetam

2055 1596 2242 1660 fuisse,
2275 1597 2367 1666 qui
2411 1609 2460 1651 et
2487 1600 2651 1652 David
2693 1610 2745 1653 et
2776 1603 3043 1669 Paphlago
3074 1599 3437 1668 Philosophus
3467 1598 3621 1651 dice-

2057 1690 2234 1743 batur.
2278 1688 2480 1744 Scrron
2526 1699 2708 1758 itaque
2745 1689 2963 1743 Nicetas
3005 1699 3054 1742 et
3086 1688 3247 1742 Davi-J
3299 1688 3625 1741 auctoritate

2056 1779 2252 1834 horum
2288 1782 2536 1836 codicum
2569 1796 2708 1834 unus
2759 1791 2841 1835 est
2871 1791 2922 1834 et
2956 1782 3096 1834 idem
3137 1787 3343 1834 auctor.
3382 1763 3459 1831 Eo
3495 1793 3625 1846 pra',

392 1894 570 1935 tserus
603 1851 680 1932 De
715 1877 1037 1947 Imaginibus
1065 1851 1220 1926 math
1251 1851 1353 1924 twn
1388 1871 1544 1938 [αειίε
1575 1882 1622 1920 C-
1649 1867 1731 1930 ίυι
1761 1875 1814 1921 ει
1843 1865 1954 1930 alii:
1989 1851 2029 1905 Β
2062 1887 2306 1941 sequere,
2335 1873 2404 1925 mi
2436 1871 2737 1926 Gaﬂ'arelle.
2772 1871 3005 1937 Nicetas,
3033 1880 3229 1941 praeter
3256 1871 3630 1939 expositiones

390 1975 682 2026 Baronium
719 1973 887 2025 secuti
920 1978 1070 2024 sunt.

465 2064 599 2117 Xlll.
631 2063 724 2115 “lC
748 2063 985 2116 historia:
1013 2057 1397 2114 ecclesiasticae
1436 2055 1638 2113 hostes,
1666 2061 1719 2105 et
1753 2050 1960 2104 Simeo-

396 2159 479 2209 nis
511 2156 886 2222 Memphi-ama:
912 2150 1161 2204 acerrimi
1199 2147 1956 2212 defensoris,oppugnatores.

397 2257 670 2298 tantorum
707 2244 944 2295 virorum
1000 2241 1152 2309 lapsu
1181 2239 1521 2307 triumphare
1552 2236 1656 2289 sibi
1685 2232 1958 2285 videntur.

399 2338 502 2389 Sed
538 2336 683 2387 nulla
746 2334 795 2385 id
855 2331 1088 2385 evidenti
1156 2330 1369 2382 ratione
1410 2333 1704 2384 conantur,
1761 2323 1817 2373 ni
1875 2335 1963 2372 me

400 2443 516 2480 nica
569 2428 705 2478 fallit
764 2424 968 2492 opinio.
1022 2421 1182 2475 Pselli
1241 2428 1484 2485 tempora
1533 2412 1801 2465 Baronius
1853 2423 1964 2463 non

398 2523 683 2583 distinxit;
717 2531 769 2572 at
801 2531 1037 2586 quonam
1094 2513 1191 2581 ipsi
1231 2511 1391 2564 modo
1436 2503 1813 2575 distinguunt?
1854 2502 1964 2571 lpsi

401 2613 721 2679 l’anegyrini
763 2611 905 2661 illam
959 2607 1011 2658 in
1045 2603 1163 2658 Met;
1190 2604 1462 2671 phrastem
1495 2597 1699 2665 juniori
1745 2594 1920 2648 PScllo
1946 2632 1961 2656 ,

402 2704 492 2754 sed
525 2715 758 2768 quonam
791 2703 1107 2765 argumento
1145 2688 1498 2760 adjudicaut?
1533 2686 1762 2740 Prorsus
1793 2684 1961 2738 nullo.

403 2792 694 2841 Auctorem
744 2788 888 2838 illius
944 2783 1210 2836 orationis
1256 2781 1490 2833 Psellum
1526 2779 1756 2830 alterum
1806 2790 1962 2837 esse,

404 2892 511 2929 non
547 2876 741 2928 Leonis
768 2870 1079 2938 Philosophi
1113 2869 1431 2934 magistrum
1483 2879 1758 2932 nunquam
1813 2862 1965 2916 evin-

402 2979 545 3021 cent.
587 2965 816 3032 Scripsit
846 2964 930 3016 ille
965 2961 1220 3030 plurima,
1253 2964 1310 3010 ut
1334 2955 1625 3009 verisimile
1655 2963 1765 3017 est;
1799 2967 1966 3021 quare

400 3077 507 3112 non
534 3068 584 3111 rt
615 3059 751 3110 hanc
779 3055 1080 3109 orationem
1109 3051 1347 3105 scribere
1363 3045 1572 3116 potuit?
1595 3045 1655 3097 Et
1682 3044 1970 3111 scripsisse

2062 1962 2388 2030 inGregorii
2446 1967 2744 2026 orationes,
2800 1973 2851 2015 et
2885 1964 2986 2016 alia
3044 1962 3242 2031 ingenii
3281 1963 3365 2015 sui
3403 1961 3454 2012 in
3482 1961 3628 2014 omni

2062 2067 2259 2122 genere
2285 2052 2680 2116 doctrinarum,
2714 2053 2925 2106 erudita
2962 2067 3092 2107 sane
3119 2062 3169 2107 et
3227 2054 3387 2106 docta
3437 2067 3631 2104 monu-

2061 2152 2260 2206 tnenta,
2320 2143 2374 2197 in
2421 2144 2528 2196 divi
2561 2143 2719 2197 Luca:
2754 2143 3122 2214 Evangelium,
3185 2152 3422 2212 quatuor
3477 2142 3630 2196 libris

2061 2233 2398 2298 distinctam,
2443 2234 2576 2288 satis
2640 2237 2861 2287 uberem
2919 2244 2972 2287 et
3005 2235 3334 2288 luculentam
3375 2232 3631 2285 Catenam

2053 2338 2128 2377 ex
2173 2322 2427 2391 pluribus
2461 2324 2712 2379 Patribus
2745 2333 2798 2378 et
2845 2325 3207 2393 scriptoribus
3243 2323 3631 2378 ecclesiasticis

2064 2422 2291 2467 venuste
2325 2414 2614 2467 admodum
2653 2416 3036 2478 concinnavit;
3087 2417 3228 2468 inter
3274 2428 3371 2467 eos
3399 2429 3504 2466 non
3545 2413 3631 2465 in-

2066 2505 2176 2558 fimi
2216 2512 2342 2558 sunt
2369 2504 2587 2558 Simeon
2643 2503 3037 2573 Metaplirastes
3094 2517 3145 2559 et
3192 2506 3421 2560 Psellus.
3451 2504 3632 2558 Fateii

2068 2611 2357 2665 possunms
2383 2612 2529 2666 ergo,
2559 2597 2792 2651 Psellum
2820 2598 2986 2659 hunc,
3023 2598 3112 2666 qui
3147 2598 3246 2651 sub
3275 2599 3632 2652 Constantino

2068 2687 2215 2741 Duca
2235 2686 2441 2751 ﬂoruit,
2475 2690 2641 2743 esse?
2692 2691 2894 2758 Apage.
2949 2690 3108 2743 illene
3156 2706 3335 2759 nugae.
3369 2689 3510 2742 Ante
3543 2689 3637 2742 Ni-

2067 2785 2201 2833 cette
2254 2789 2497 2848 tempora
2542 2779 2741 2834 obiisse
2785 2795 2906 2831 eum
2941 2788 3087 2833 certo
3112 2791 3345 2834 constat.
3391 2780 3525 2833 Eum
3571 2780 3639 2835 de

2068 2885 2211 2924 novo
2255 2879 2377 2938 post
2440 2870 2685 2923 Nicetam
2723 2869 2988 2924 revixisse
3027 2872 3257 2939 probent
3303 2873 3427 2941 ipsi,
3462 2876 3508 2927 si
3544 2889 3644 2938 poi

2069 2969 2276 3014 terunt.

2141 3049 2278 3104 XIV.
2309 3049 2700 3117 Argumentum
2737 3052 2832 3104 hoc
2870 3067 3000 3105 sane
3029 3052 3240 3118 ellieax,
3272 3054 3399 3106 mihi
3423 3056 3473 3108 in
3503 3071 3640 3126 prte-

405 3155 722 3216 argnmento
756 3146 856 3195 hoc
893 3143 957 3193 ad
1012 3141 1348 3209 probandum
1411 3138 1744 3199 lirmissimo,
1790 3137 1844 3187 ni
1885 3149 1969 3188 me
1997 3170 2041 3230 ϐ
2074 3144 2268 3206 sentin,
2297 3155 2353 3196 υι
2389 3160 2573 3197 verum
2635 3144 2830 3208 fateor,
2890 3161 2998 3198 ηυιι
3054 3146 3346 3201 satisfacit,
3390 3148 3504 3202 Nec
3540 3149 3642 3202 ﬁdo

403 3231 994 3299 codiceSmanuscripti
1028 3230 1246 3292 fallunt,
1278 3228 1332 3279 ni
1360 3227 1484 3295 ipsi,
1506 3228 1596 3294 qui
1629 3223 1965 3278 contrarium

404 3334 676 3387 aslfutllll,
744 3323 945 3389 lapides
1001 3330 1148 3380 sunt,
1189 3319 1596 3371 demonstrabo.
1651 3315 1967 3369 Concedunt

401 3425 454 3470 et
507 3413 808 3467 concedere
865 3410 1059 3463 debent
1115 3407 1380 3461 orationis
1447 3412 1724 3473 parentem
1766 3417 1969 3467 cogno-

405 3513 592 3556 mento
659 3503 894 3554 Psellum
947 3499 1136 3560 fuisse,
1189 3497 1494 3561 vixisseque
1544 3508 1652 3547 non
1695 3492 1786 3546 diu
1847 3500 1970 3559 post

402 3595 784 3662 Mctnplirastm
808 3599 1068 3658 tempora.
1112 3587 1187 3639 En
1219 3587 1364 3640 illius
1399 3584 1560 3637 verba
1598 3581 1670 3651 (Ii)
1711 3597 1723 3632 :
1764 3582 1970 3646 Ἐδειξε

402 3690 511 3749 γὰρ
554 3687 660 3732 κάν
687 3683 762 3747 τῷ
793 3681 932 3730 τέλει
972 3681 1150 3737 ὁποῖος
1204 3675 1352 3743 αὑτῴ
1401 3675 1428 3724 ὁ
1481 3671 1968 3741 διεσπουδασμὲνος

402 3775 516 3841 βίος
555 3772 852 3838 ἐτύγχανεν
889 3768 984 3821 ὢν.
1046 3768 1118 3819 Οὐ
1151 3767 1258 3835 γὰρ
1294 3765 1481 3833 ὥσπερ
1515 3762 1844 3831 τετιμῆσθαι
1877 3763 1972 3812 αὐ-

400 3868 489 3915 τὸν
530 3867 581 3913 οἱ
640 3863 1040 3930 συνεωρακότες
1109 3859 1292 3926 φασὶν,
1344 3856 1462 3906 οὐδὲ
1489 3853 1802 3923 διῃρῆσθαι,
1858 3850 1972 3904 ἀλλ’

399 3954 581 4004 ἐδόκει
635 3951 821 4016 ὥςπερ
882 3951 1026 4010 τινὸς
1084 3949 1286 4017 δέσμης
1343 3943 1818 4012 ὲλευθερούμενος,
1881 3940 1975 3992 καὶ

397 4044 666 4112 εὐμαρῶς
705 4044 834 4107 πρὸς
851 4040 971 4099 τοὺς
1010 4037 1238 4103 ἄγοντας
1267 4035 1530 4102 ἀγγέλους
1563 4031 1973 4098 ἀνατεινόμενος

395 4139 661 4206 νεύματι.
697 4133 749 4184 1d
783 4139 866 4185 est
906 4147 919 4184 :
960 4129 1100 4181 Nam
1143 4130 1218 4182 vel
1245 4129 1298 4179 in
1340 4128 1443 4194 ﬁne
1481 4125 1723 4187 ostendit,
1764 4121 1971 4191 qualem

395 4231 558 4281 tilum
603 4235 803 4293 egerat.
842 4220 962 4274 Non
991 4222 1127 4274 enim
1173 4235 1289 4272 eum
1336 4217 1492 4271 veluti
1538 4215 1852 4278 abscissum,
1883 4218 1977 4264 aut

392 4324 636 4374 divisum
664 4318 823 4383 [uisse
849 4315 1027 4367 dicunt
1057 4315 1114 4378 ii,
1151 4314 1238 4381 qui
1281 4309 1514 4364 viderunt
1549 4324 1567 4364 :
1598 4309 1686 4362 sed
1706 4307 1978 4361 ridebatur

390 4411 558 4464 veluti
613 4423 650 4458 a
711 4403 937 4473 quodam
993 4403 1196 4454 vinculo
1227 4401 1460 4464 liberari,
1489 4408 1538 4452 et
1582 4399 1742 4451 hilari
1769 4406 1897 4450 nutu
1924 4414 1977 4449 se

2077 3237 2572 3304 manuscriptorum
2627 3237 2900 3299 codicum,
2959 3252 3096 3306 quos
3151 3254 3316 3306 supra
3369 3241 3644 3304 recensui,

2073 3325 2315 3380 Nicetam
2360 3328 2614 3382 Davidem
2673 3327 2922 3381 eumdem
2986 3344 3106 3382 esse
3137 3344 3259 3382 eum
3293 3329 3476 3384 Nieeta
3512 3330 3644 3384 Ser-

2076 3433 2226 3480 rone,
2261 3417 2473 3472 (latente
2499 3419 2552 3470 in
2584 3418 2787 3471 Lucam
2822 3419 3174 3486 compilatore
3193 3421 3477 3489 probatum
3508 3424 3649 3477 satis

2079 3515 2252 3575 puto:
2297 3509 2514 3577 longum
2572 3515 2712 3560 enim
2766 3514 3024 3578 temporis
3094 3511 3441 3564 intervallum
3505 3515 3650 3564 inter

2080 3605 2371 3665 utrumque
2444 3600 2820 3653 intercessisse
2883 3602 3157 3654 existimo.
3225 3601 3358 3654 Nam
3428 3602 3648 3658 Nieetas

2079 3685 2304 3750 Serron,
2332 3689 2595 3743 diaconus
2632 3692 2863 3759 primum
2908 3690 3109 3761 Magna:
3141 3691 3416 3760 Ecclesiae,
3447 3701 3500 3748 et
3533 3711 3648 3748 ma-

2079 3776 2264 3845 gister,
2297 3792 2392 3830 seu
2427 3778 2640 3842 doctor,
2666 3781 2881 3832 Catena:
2937 3783 2988 3831 in
3061 3781 3299 3850 Lucani,
3331 3783 3644 3837 Manlia-um

2080 3878 2132 3923 et
2155 3869 2316 3933 alios,
2350 3877 2558 3934 auctor,
2592 3881 2644 3925 et
2675 3872 3052 3926 Heracleensis
3072 3883 3257 3941 postea
3282 3875 3649 3947 archiepisco-

2081 3976 2205 4029 pus,
2233 3961 2424 4015 iisdem
2468 3978 2591 4015 cum
2625 3964 3028 4034 Theophylacto
3083 3965 3491 4037 archiepiscopo
3522 3968 3649 4021 Bul-

2078 4051 2241 4119 gariae
2277 4053 2611 4120 temporibus
2659 4053 2860 4114 ﬂoruit,
2917 4056 2981 4108 ad
3017 4072 3177 4125 quem
3211 4075 3410 4111 nonam
3469 4057 3646 4113 Theo-

2079 4143 2314 4212 phylacti
2347 4146 2654 4211 epistolam,
2689 4147 2829 4198 inter
2863 4148 3157 4215 impressas
3184 4163 3212 4200 a
3241 4148 3501 4213 Meursio,
3523 4151 3644 4220 legi.

2085 4231 2189 4285 Sed
2225 4233 2290 4285 de
2323 4232 2406 4287 his
2437 4234 2577 4286 alius
2611 4235 2714 4287 erit
2752 4235 3056 4302 inquirendi
3099 4238 3270 4289 locus.

2155 4322 2269 4377 XV.
2303 4324 2454 4388 Quod
2484 4325 2530 4379 si
2572 4335 2890 4379 novatorqu
2940 4327 3205 4382 doctrinis
3252 4329 3509 4384 insistere
3534 4342 3647 4384 vet-

2086 4414 2211 4476 lem,
2244 4413 2639 4484 Metaplirastes
2680 4416 2732 4468 in
2786 4418 2969 4470 ultima
3019 4418 3344 4472 Christianae
3390 4419 3648 4475 Ecclesia:

388 4500 690 4554 extendere
725 4497 790 4548 ad
822 4496 1064 4547 ducentes
1099 4492 1330 4560 angelos.
1365 4490 1549 4558 Neque
1585 4503 1782 4558 negare
1825 4499 1977 4558 pote-
2009 4503 2056 4561 ι)
2087 4519 2135 4558 ε,

1900 4499 1977 4543 ιθ·
2009 4503 2056 4561 D
2087 4506 2411 4574 antiquitate
2455 4507 2589 4575 ipsis
2615 4509 2776 4562 etiam
2813 4509 3182 4576 apostolorum
3215 4509 3501 4581 discipulis
3525 4514 3647 4579 σύγ-

387 4601 544 4654 rnnt,
585 4589 864 4650 Nicetam,
899 4588 992 4656 qui
1039 4592 1093 4638 et
1140 4583 1305 4636 David
1346 4582 1645 4645 dicebatur,
1683 4578 1987 4649 Paphlago-

387 4698 539 4746 nem,
607 4679 745 4733 divo
775 4676 985 4744 lgnatio
1039 4673 1637 4741 Constantinopolitano
1684 4673 1984 4739 aequalem,

383 4775 593 4827 iisdem
659 4785 789 4823 cum
837 4766 1070 4820 senioris
1117 4763 1393 4816 Michaelis
1442 4762 1600 4815 Pselli
1632 4762 1984 4830 temporibus,

384 4863 630 4933 scriptis
669 4859 838 4913 editis
875 4856 1314 4917 celeberrimum,
1361 4853 1582 4905 vixisse.
1621 4851 1739 4920 Ipse
1793 4855 1895 4905 hoc
1921 4855 1986 4906 de

379 4971 460 5015 se,
499 4958 554 5005 in
592 4952 881 5021 principio
903 4948 1036 5002 Vita:
1063 4945 1248 5014 lgnatii
1282 4958 1311 4996 a
1339 4959 1396 4998 se
1426 4945 1769 5012 conscriptae,
1801 4944 1981 4998 tradit.

375 5044 641 5099 Nicetam
680 5043 835 5093 hunc
864 5039 1112 5092 eumdem
1141 5051 1266 5090 cum
1307 5034 1493 5090 Niceta
1523 5033 1755 5088 Serrone
1779 5034 1988 5088 faciunt

377 5139 646 5206 plerique
687 5132 918 5185 codices
955 5127 1220 5181 Vaticani.
1271 5127 1674 5195 Expositionem
1719 5125 1985 5194 siquidem

375 5227 427 5280 in
460 5225 755 5280 Carmina
805 5219 1049 5289 Gregorii
1104 5215 1452 5281 Nazianzeni,
1491 5217 1757 5286 ejusdem,
1798 5217 1892 5286 qui
1935 5225 1989 5271 et

375 5318 428 5370 in
461 5319 575 5370 alia
611 5313 881 5381 Gregorii
906 5319 1304 5365 commentatus
1334 5315 1439 5373 est,
1470 5306 1695 5373 Nicetae,
1733 5307 1984 5364 Serronis

372 5410 618 5473 scilicet,
661 5403 828 5475 quod
863 5410 915 5457 et
953 5402 1172 5470 plurimi
1204 5401 1418 5455 codices
1460 5401 1818 5467 manuscripti
1850 5416 1982 5455 con-

2085 4613 2273 4666 χρονος
2304 4595 2426 4661 fuit,
2459 4605 2669 4652 tantum
2697 4599 2843 4653 abest
2883 4607 2939 4652 ut
2961 4601 3375 4656 recentissimus
3418 4604 3507 4656 sit.
3543 4604 3652 4658 No-

2085 4689 2184 4742 dus
2207 4702 2367 4755 quem
2397 4690 2603 4752 nescio,
2631 4704 2698 4741 an
2731 4703 2969 4756 unquam
2998 4689 3283 4756 expedient
3321 4692 3644 4745 adversarii.

2085 4779 2380 4844 Gesnerus,
2413 4789 2466 4835 et
2501 4781 2620 4850 ejus
2649 4781 2982 4848 Epitouiator
3031 4782 3402 4848 suspicantur,
3447 4779 3651 4850 Hippo—

2084 4873 2252 4942 lytum
2272 4871 2610 4937 Thebanum,
2629 4872 2882 4926 Chronici
2908 4873 3275 4927 Erclcsiastici
3297 4874 3619 4941 scriptorem
3637 4912 3644 4918 .

2086 4965 2243 5034 cujus
2278 4963 2643 5033 fragmentum
2693 4965 2946 5020 Canisius
2991 4967 3043 5017 in
3073 4966 3325 5030 Antiquit.
3372 4973 3504 5017 tom.
3556 4963 3645 5029 Ill.

2084 5056 2240 5108 nobis
2270 5052 2454 5110 Graece
2479 5064 2533 5108 et
2562 5052 2753 5109 Latine
2801 5054 3065 5113 exhibuit,
3111 5053 3262 5105 illum
3315 5068 3456 5116 esse,
3491 5053 3646 5121 cujus

2081 5144 2448 5214 Hieronymus
2479 5145 2725 5198 meminit
2783 5145 2834 5196 in
2873 5143 3011 5196 libro
3051 5147 3123 5196 De
3156 5145 3283 5197 viris
3321 5143 3641 5208 illustribus,

2083 5235 2440 5290 Portuensem
2465 5234 2751 5298 duntaxat,
2785 5248 2886 5289 nec
2937 5234 3267 5304 incongrue;
3307 5248 3429 5287 cum
3465 5241 3522 5287 et
3557 5233 3649 5286 Ni-

2088 5328 2359 5396 cephorus
2386 5326 2644 5382 Callistus
2704 5325 2912 5381 Histor.
2976 5327 3173 5380 Eccles.
3233 5326 3330 5380 lib.
3389 5341 3451 5389 ll,
3489 5341 3538 5379 c.
3590 5327 3648 5389 3,

2087 5418 2307 5490 Glycas,
2350 5421 2410 5489 (ἰ)
2461 5426 2515 5472 et
2545 5416 2662 5489 [Η]
2731 5416 3057 5474 Theodorus
3105 5417 3396 5471 Mctochita
3439 5418 3492 5470 in
3535 5420 3646 5470 An-

1920 5553 2151 5619 ΝΟΤΛΕ.

450 5646 532 5714 (Ii)
568 5642 749 5712 Apud
784 5638 1044 5714 Allatium
1093 5639 1160 5695 de
1194 5637 1539 5695 Simeonibus
1568 5657 1620 5711 p.
1651 5640 1775 5695 355.
1801 5642 1972 5706 Quem

369 5709 711 5771 vitleetiatn
750 5725 815 5779 p.
839 5709 903 5761 48
935 5727 1052 5779 seq.

442 5789 506 5857 ti)
533 5787 738 5855 Glyca:
774 5781 946 5833 etiam
973 5789 1099 5835 sunt
1127 5795 1261 5849 quos
1294 5780 1395 5834 sub
1427 5779 1725 5835 Metochitar
1758 5782 1974 5836 nomine

2085 5654 2310 5708 annales
2355 5649 2622 5705 Meursius
2651 5647 2842 5717 edidit.
2877 5647 3197 5717 Hippolvtus
3228 5661 3352 5702 vero
3385 5643 3643 5703 Chronici

2086 5735 2280 5780 auctor
2301 5721 2487 5777 ﬂoruit
2510 5721 2706 5777 szeculo
2735 5716 2823 5772 XI.
