4424 6450
777 365 883 427 487

2125 352 2399 411 LEUN‘JS
2449 351 2756 410 ALLATII

3924 357 4027 416 488

786 480 1019 540 natibus,
1045 490 1132 540 ea,
1166 487 1286 542 qua:
1316 478 1446 525 sunt
1492 468 1766 539 llippolyti
1800 467 2067 532 Thebani,
2124 463 2374 521 tribuant
2409 479 2446 533 Α
2483 469 2725 520 locutum
2758 465 3190 523 familiarissime
3214 511 3228 534 ,
3260 485 3479 540 suaaquc
3534 472 3816 542 legationis
3874 474 4029 527 linem

785 568 1103 637 Hippolyto,
1144 563 1434 617 Portuensi
1470 563 1745 629 episcopo,
1783 560 2225 626 substituantqne
2268 573 2363 626 pro

788 659 1049 711 Thebano
1130 653 1510 707 l’ortuensem.
1598 647 1799 703 Verum
1884 650 2200 702 l’ortucnsis
2262 649 2364 700 sub

788 748 1107 804 Alexandro
1160 748 1515 813 imperatore,
1558 756 1704 794 anno
1758 741 1968 794 scilicet
2004 738 2210 792 Christi
2238 738 2363 801 '229,

791 837 1116 905 martyrium
1143 850 1338 903 passus
1364 842 1470 887 est.
1505 831 1599 884 list
1630 847 1762 902 ergo
1799 830 2194 898 Metapbrastes
2224 828 2367 881 anti-

790 930 975 997 quior,
1038 942 1161 979 cum
1232 926 1615 994 Metapbrastte
1670 923 1942 977 Situeonis
1995 923 2045 974 iii
2098 921 2370 975 Chronico

790 1021 997 1073 mentio
1029 1022 1143 1081 liat,
1177 1029 1230 1069 et
1256 1018 1575 1084 suspicione
1605 1016 1845 1082 ipsorum
1882 1028 1986 1065 una
2042 1026 2166 1064 cum
2204 1010 2371 1065 disci-

795 1115 938 1180 pults
964 1110 1337 1177 apostolorum
1360 1110 1563 1160 Iloruit.
1590 1106 1781 1159 Plures
1800 1104 1912 1173 jam
1946 1104 2035 1157 hic
2061 1103 2371 1172 Metaphra-

793 1212 908 1256 stas
937 1201 1528 1271 parturient,omnium
1571 1206 1751 1250 tamen
1809 1196 2241 1249 reCentissimum
2281 1192 2372 1244 Vi-

796 1304 881 1345 tas
909 1300 1221 1345 sant-torum
1259 1290 1548 1357 scripsisse
1593 1287 1795 1340 dit’Clll.
1828 1283 1993 1352 Nugae
2038 1292 2090 1335 et
2132 1283 2369 1335 Somnia.

872 1381 1012 1433 XVI.
1058 1380 1452 1448 Memphi-astes
1484 1379 1703 1431 Simeon
1744 1376 1935 1429 unicus
1966 1381 2106 1436 esto,
2151 1371 2371 1428 Theba—

798 1490 899 1527 nus
932 1490 961 1524 a
1000 1472 1305 1531 l’ortttensi,
1341 1472 1415 1521 uti
1487 1481 1589 1530 est,
1626 1466 1945 1535 Hippolytus
1984 1467 2233 1519 diversus
2262 1467 2374 1517 cxi-

800 1565 1091 1626 SIimt-tar;
1127 1572 1179 1614 et
1224 1576 1321 1611 nos
1349 1573 1607 1626 perquam
1641 1558 1874 1610 obscura
1929 1557 2073 1609 illius
2105 1564 2370 1624 tempora,

800 1663 853 1708 et
890 1654 1013 1705 vita:
1048 1652 1351 1703 institutum
1396 1648 1612 1700 aliunde
1641 1663 1802 1715 qnam
1831 1663 1861 1698 a
1894 1656 2134 1713 tempore
2186 1644 2371 1708 I’selli,

798 1756 877 1808 et,
912 1745 955 1797 si
992 1745 1107 1794 Iieri
1146 1752 1344 1810 potest,
1375 1741 1442 1793 ab
1474 1739 1661 1792 eodem
1696 1738 1854 1789 etiam
1887 1737 2252 1805 Metaphraste
2285 1737 2375 1790 in-

799 1835 1110 1902 quiramus.
1145 1835 1348 1884 Auctor
1376 1829 1510 1881 Vita:
1548 1840 1744 1880 sancta:
1771 1826 2095 1881 'l‘Iicoetista:
2148 1824 2374 1892 Lt:'$blil‘.,

801 1924 1143 1993 Lippomano
1175 1933 1225 1974 et
1258 1922 1436 1983 Surio,
1486 1920 1549 1987 (j)
1581 1919 1810 1986 aliisque
1842 1919 1959 1970 sine
2019 1918 2126 1969 ulla
2160 1918 2375 1970 litesita-

804 2018 969 2077 tione,
1018 2011 1265 2079 quamvis
1291 2013 1476 2063 nescio
1508 2010 1638 2077 quid
1702 2010 1765 2061 ad
1793 2010 2057 2060 incertum
2092 2019 2372 2060 auctorem

812 2106 1171 2165 transmittat,
1222 2101 1618 2169 lilctaplirastes
1650 2099 1739 2151 liic
1795 2108 1898 2152 est.
1934 2099 2370 2167 Comprobatur-

803 2210 910 2262 que
949 2195 1257 2247 certissimo
1317 2193 1488 2259 ipsius
1538 2188 1699 2242 Pselli
1766 2190 2096 2242 testimonio.
2166 2187 2376 2242 Psellus

802 2301 1062 2354 namque,
1129 2286 1257 2337 dum
1292 2284 1343 2335 in
1371 2283 1787 2343 Metapbrastem
1816 2295 2048 2344 canone,
2098 2295 2377 2333 commen-

812 2382 1049 2430 tationes
1088 2373 1468 2443 Metapbrastzc
1498 2375 1760 2436 insinuat,
1793 2373 1984 2425 scribit
2010 2373 2161 2425 illum
2199 2374 2376 2425 tonsi-

802 2469 878 2523 lio
904 2481 1065 2535 atque
1118 2470 1327 2519 monitu
1382 2466 1521 2517 l’arii
1548 2465 1891 2519 anachoreta:
1938 2478 2133 2517 munus
2162 2478 2380 2533 aggres-

812 2578 932 2614 sum
967 2560 1268 2620 scribendi,
1304 2561 1540 2625 primum
1572 2559 1815 2609 omnium
1866 2556 2197 2623 colloquium
2242 2555 2371 2606 illud

804 2648 1202 2715 composuisse,
1234 2657 1285 2698 et
1318 2644 1640 2697 'l'beoctista:
1683 2645 1909 2713 virginis
1940 2648 2101 2696 \itam
2126 2646 2381 2712 giaphiee

806 2737 1097 2789 admodum
1148 2736 1477 2797 celebrasse,
1535 2732 1647 2786 Ode
1699 2735 1752 2787 6.
1789 2736 1861 2786 Τὸ
1891 2736 2104 2804 πρῶτόν
2138 2752 2226 2786 σου
2258 2736 2382 2801 σύγ-

806 2844 1041 2895 γραμμα
1101 2828 1163 2877 ἐκ
1212 2826 1476 2895 Ιιρονρξας
1526 2824 1734 2892 Οεῖκῆς.
1777 2828 1866 2876 καὶ
1912 2827 2123 2893 ὁμιλίας
2188 2826 2377 2892 γέγονε

806 2916 900 2967 τοῦ
922 2915 1066 2983 ἱεροῦ
1099 2916 1404 2983 πρεςὸύτου
1431 2916 1525 2965 καὶ
1559 2914 2077 2983 μυναστοῦ,Συμεὼν
2108 2914 2382 2976 θεσπέσιε,

807 3007 864 3058 ὃν
902 3008 955 3057 ὲν
989 3007 1154 3075 Πάρῳ
1173 3009 1235 3074 τῇ
1255 3008 1402 3075 νήσῳ
1432 3005 1800 3075 τεθεώρηκας.
1829 3007 1912 3070 Et,
1932 3006 2119 3071 Ἀξίως
2138 3007 2343 3076 sit};qu
2362 3035 2382 3047 -

2473 556 2833 622 fortunatum,
2876 562 2946 613 ob
2975 576 3200 629 eamque
3231 578 3453 616 munera
3480 563 3546 617 ab
3588 565 3915 633 imperatore
3946 578 4034 619 rc-

2468 650 2758 718 portanda,
2786 652 3139 720 prasagicnte
3178 652 3361 707 divino
3401 654 3493 706 illo
3562 669 3711 719 sene,
3766 654 4028 708 audisse:

2468 748 2592 805 post
2633 739 2937 794 absolutam
2973 741 3393 809 navigatiOnem,
3447 742 3737 797 scribendo
3788 758 3872 806 ea,
3911 758 4032 812 quae

2469 826 2678 880 viderat
2730 836 2784 882 ct
2842 830 3111 894 audierat,
3178 842 3445 898 prmccpta
3483 834 3627 885 senis
3680 831 4028 901 adimplcsse.

2468 916 2563 970 Illa
2590 932 2719 988 ergo
2778 927 3097 987 tempestate
3150 922 3381 984 vivebat,
3443 937 3565 975 cum
3615 923 3821 976 Arabes
3875 922 4029 992 zEgei

2470 1008 2703 1072 insulas,
2752 1018 2806 1064 et
2846 1025 2974 1063 oras
3032 1014 3253 1065 Graecia:
3308 1012 3610 1067 maritimas
3659 1029 3766 1067 non
3827 1012 4029 1067 infelici

2470 1108 2689 1164 eventu,
2723 1102 2924 1156 misera
2974 1112 3154 1156 tamen
3186 1102 3407 1159 Gracche
3444 1106 3755 1161 calamitate
3782 1119 3848 1159 ac
3880 1107 4033 1159 clade

2470 1192 2802 1247 alllixerunt.
2845 1194 2950 1248 Sed
2987 1203 3114 1248 tunc
3165 1198 3534 1264 potissimum,
3560 1212 3678 1248 eum
3729 1197 3783 1250 in
3816 1198 4027 1250 Arabas

2472 1283 2647 1337 classe
2683 1296 2745 1337 ac
2776 1280 2923 1337 t‘erro
2975 1282 3267 1351 Himerius,
3310 1285 3430 1354 ipse
3459 1287 3627 1340 verbo
3675 1301 3738 1339 ac
3791 1288 4033 1338 muneri-

2472 1373 2575 1428 bus
2604 1375 2998 1445 expugnandos
3030 1377 3281 1438 mittitur,
3326 1387 3455 1431 tunc
3484 1392 3607 1431 cuin
3676 1378 3913 1431 nondum
3967 1380 4031 1430 ad

2474 1469 2823 1536 scriptionem
2856 1470 3092 1523 animum
3147 1472 3454 1540 adiecisset.
3493 1469 3601 1525 Sed
3657 1472 3761 1525 ista
3812 1488 4037 1527 evenere

2477 1559 2821 1627 temporibus
2861 1559 3059 1614 Leonis
3110 1559 3408 1629 Sapientis,
3469 1561 3653 1615 Basilii
3727 1561 4037 1616 Macedonis

2478 1640 2593 1714 lilii,
2651 1650 2695 1704 si
2751 1650 3018 1714 Cedrcno,
3090 1648 3453 1719 Curopalatte,
3523 1651 3745 1705 Zonara:
3805 1652 4037 1719 aliisque

2480 1738 2760 1792 historicis
2790 1738 2993 1793 Graecis
3026 1739 3155 1793 ﬁdes
3219 1740 3466 1792 habenda
3528 1750 3633 1794 est.
3704 1742 3846 1811 Ergo
3910 1751 4037 1794 tunc

2409 1814 2450 1866 Β
2482 1828 2702 1880 Simeon
2734 1828 2837 1881 iste
2859 1828 3270 1898 Metaphrastcs,
3291 1829 3537 1885 Vitarum
3562 1832 3818 1900 scriptor,
3836 1832 4037 1897 ﬂoruit,

2480 1916 2799 1969 muneribus
2864 1932 2927 1970 ac
2979 1919 3337 1986 dignitatibus
3405 1931 3619 1977 auctus.
3684 1923 3771 1986 Et,
3822 1924 3866 1977 si
3911 1925 4039 1992 quid

2480 2008 2798 2076 conjectura
2824 2011 3078 2079 augurari
3120 2012 3267 2075 licet,
3325 2011 3545 2068 Simeon
3610 2016 3698 2069 ille
3732 2031 3759 2069 a
3816 2019 4041 2071 secretis

2479 2100 2583 2151 sub
2604 2099 2707 2151 hoc
2738 2098 3051 2169 Leone,qui
3078 2117 3268 2155 aurum
3297 2119 3325 2155 a
3358 2102 3735 2176 ltbodopliyllo
3774 2108 4039 2169 relictum,

2482 2186 2648 2240 Leoni
2678 2186 2955 2257 Tripolitae
2995 2190 3183 2243 infami
3225 2202 3484 2260 apostatae
3514 2195 3805 2255 obtulerat,
3829 2204 3886 2248 ut
3918 2211 4039 2247 etnn

2486 2281 2555 2330 ab
2579 2280 2793 2333 excidio
2825 2280 3303 2335 'l'hessaloniceusi
3338 2293 3627 2349 averteret,
3686 2286 3915 2355 ideoque
3976 2289 4041 2337 ah

2482 2369 2806 2437 imperatore
2858 2369 3069 2436 patricii
3133 2380 3186 2422 et
3232 2371 3507 2424 sccretarii
3564 2372 3802 2439 primarii
3866 2373 4044 2439 digni-

2484 2460 2688 2512 tatibus
2709 2462 3125 2524 condecoratus,
3154 2462 3337 2515 nullus
3364 2465 3503 2515 alius
3524 2474 3624 2524 est,
3641 2479 3801 2531 quam
3823 2461 4043 2517 Simeon

2487 2551 2588 2602 iete
2621 2562 2805 2604 noster
2832 2550 3243 2620 Metaphrastes,
3278 2554 3367 2622 qui
3397 2554 3710 2622 Logothcta:
3752 2555 3969 2608 nomine
4015 2573 4044 2605 a

2485 2640 2681 2707 l’seIIo,
2709 2652 2765 2694 ut
2795 2644 3036 2697 dicemus
3064 2644 3292 2699 inferius
3313 2686 3326 2708 ,
3372 2656 3423 2700 et
3449 2648 3516 2700 ab
3568 2648 3691 2699 aliis
3727 2649 4041 2715 insignitur.

2558 2732 2717 2784 XVII.
2775 2732 3168 2801 Metaphrastcs
3228 2750 3357 2804 ergo
3416 2736 3634 2789 Simeon
3698 2736 4045 2804 scriptionem

2486 2838 2715 2877 exorsus
2737 2834 2819 2877 est
2850 2822 3175 2890 subl.eone,
3212 2834 3265 2878 et
3290 2826 3391 2879 sub
3427 2826 3784 2879 Constantino
3809 2825 4045 2893 Porphy-

2488 2923 2806 2983 iogenneta,
2841 2913 3038 2969 Leonis
3092 2917 3222 2980 tilio,
3276 2927 3327 2969 et
3374 2926 3565 2985 nepote
3602 2916 3865 2979 ltomano,
3895 2926 4048 2969 :etate

2488 3011 2651 3060 etiam
2686 3008 2801 3076 ipse
2832 3009 3175 3075 provectiore
3207 3009 3444 3061 assiduis
3479 3009 3759 3061 laboribus
3801 3009 4047 3061 absolve-

812 3116 909 3159 σας
954 3098 1052 3165 τῆς
1097 3097 1329 3157 Λεσϐίοις
1370 3099 1435 3148 τὰ
1471 3097 1697 3165 λαμπρὰ
1736 3100 1829 3150 καὶ
1880 3099 1996 3150 θεῖα
2035 3100 2387 3168 ἀγωνίσματα
2414 3135 2455 3191 c
2494 3100 2554 3148 ba

2302 3117 2387 3151 ιτα
2414 3135 2455 3191 c
2494 3100 2583 3148 bat
2621 3114 2634 3161 ;
2674 3110 2730 3150 ut
2764 3114 2826 3151 ex
2856 3099 3005 3151 illius
3040 3100 3289 3151 oratione
3331 3098 3398 3151 de
3442 3098 3817 3166 exportatione
3856 3113 4049 3150 manus

812 3192 1131 3257 θεοκτίστης
1150 3188 1248 3255 τῆς
1265 3189 1753 3256 ὅντωςὰγγελικὸν,
1777 3189 1971 3260 μικροῦ
1993 3192 2082 3241 καὶ
2102 3190 2386 3259 ἀσώματον

812 3282 1107 3347 “laedam
1142 3281 1428 3346 πανςὸφως
1474 3281 1532 3331 τὸ
1566 3280 1886 3348 πολίτευμα.
1938 3280 1993 3333 ld
2027 3290 2109 3335 est
2142 3296 2157 3334 :
2198 3281 2385 3333 Prima

814 3380 903 3421 tua
930 3370 1295 3421 commentatio
1322 3384 1384 3421 ex
1432 3370 1609 3422 divina
1660 3368 2003 3422 l’roridentia
2051 3382 2099 3424 et
2132 3372 2388 3439 colloquio

814 3468 960 3525 [acta
996 3469 1069 3510 est
1102 3463 1241 3511 sacri
1286 3460 1425 3511 senis
1476 3469 1524 3511 et
1565 3459 1916 3524 anacltoretw,
1981 3460 2193 3513 Simeon
2226 3463 2390 3513 admi-

822 3552 1030 3611 rabilis,
1063 3566 1213 3618 quem
1252 3554 1303 3602 in
1338 3551 1482 3603 Paro
1516 3551 1693 3603 insula
1737 3552 2078 3616 conspexisti.
2143 3550 2232 3613 Et,
2282 3551 2389 3604 Pro

815 3643 1075 3709 dignitate
1114 3642 1347 3692 laudasti
1381 3640 1585 3693 Lesbia:
1626 3643 1857 3693 illustria
1890 3653 1937 3694 cl
1998 3642 2173 3694 (liviua
2220 3654 2391 3695 certa-

817 3733 987 3793 mina,
1037 3745 1149 3782 vere
1189 3730 1520 3794 Theoctistat,
1554 3747 1583 3781 α
1627 3730 1734 3783 Deo
1768 3732 2067 3798 fabricata',
2094 3748 2207 3799 qua:
2236 3748 2395 3799 ange-

816 3821 975 3873 licam
1010 3833 1056 3873 et
1090 3832 1294 3873 tantum
1331 3837 1437 3873 non
1468 3823 1829 3887 iurorporeant
1861 3822 2081 3873 absolvit
2134 3824 2393 3889 sapienter

820 3915 940 3967 τίετε
978 3916 1255 3965 rationem.
1319 3913 1377 3965 lu
1424 3915 1521 3965 liae
1553 3924 1732 3965 autem
1777 3914 2097 3981 scriptione,
2138 3923 2191 3967 et
2226 3914 2393 3967 collo-

820 4006 1006 4070 quium
1039 4005 1187 4056 senis
1226 4004 1278 4055 in
1345 4003 1506 4063 Paro,
1563 4012 1615 4055 et
1675 4004 2116 4066 adbortamenta,
2176 4012 2229 4056 et
2284 4006 2392 4056 vita

820 4089 1161 4144 'l'beoctistes
1196 4105 1293 4159 pro
1321 4091 1546 4144 bumani
1566 4092 1769 4159 ingenii
1823 4092 2087 4145 tenuitate
2116 4108 2393 4160 exponun-

825 4190 934 4230 tur.
974 4181 1014 4229 A
1044 4185 1251 4233 ratione
1279 4197 1406 4247 ergo
1454 4182 1664 4234 alienus
1711 4192 1873 4242 esset,
1903 4183 2215 4250 quicunque
2251 4186 2392 4237 scri-

828 4280 979 4335 ptum
1020 4269 1123 4321 hoc
1153 4267 1533 4337 Metaplirastie
1566 4287 1687 4324 esse
1723 4273 2018 4340 genuinum
2072 4276 2390 4343 denegaret.

826 4366 893 4412 At
925 4362 976 4412 in
1015 4361 1116 4413 boc
1155 4362 1279 4415 vita:
1318 4362 1626 4413 institutum
1662 4362 1932 4428 ejusdem,
1966 4372 2019 4415 et
2054 4375 2232 4417 il'lullb
2260 4375 2395 4415 tem-

2487 3189 2694 3243 dextra:
2750 3188 2982 3245 Joannis
3036 3190 3293 3259 Baptista:
3350 3191 3488 3257 apud
3541 3189 3936 3259 Lippomanutn
3998 3201 4052 3242 et

2491 3287 2707 3339 Surium
2735 3284 2806 3353 (Ii)
2850 3285 3027 3352 colligi
3063 3284 3282 3351 poterit.
3312 3282 3403 3335 Ait
3450 3282 3593 3334 enim
3641 3297 3702 3335 ea
3751 3290 3910 3335 aetate
3949 3284 4049 3334 Sub

2491 3376 2849 3430 Constantino
2895 3382 2948 3427 et
3007 3372 3254 3427 Romano
3331 3371 3750 3439 imperatoribus
3830 3385 3858 3421 a
3914 3368 4049 3421 Jobo

2492 3467 2722 3518 diacono
2790 3478 3008 3516 manum
3075 3461 3361 3515 Antiochia
3434 3459 3753 3528 Byzantium
3819 3457 4049 3511 delatum

2492 3556 2679 3609 fuisse.
2716 3552 2771 3609 ld
2805 3564 2985 3608 autem
3014 3554 3115 3607 sub
3147 3553 3308 3607 dictis
3356 3551 3773 3621 imperatoribus
3805 3550 4054 3604 ercuisse

2492 3650 2821 3701 contirmant
2870 3646 3151 3713 Cedrenus
3201 3655 3252 3699 et
3300 3643 3541 3697 Zonaras
3592 3644 3643 3693 in
3697 3640 4054 3694 Constantino

2492 3737 3033 3807 Porphymgenneta.

2566 3826 2750 3880 XVIII.
2807 3828 2967 3879 Errat.
3010 3841 3141 3896 ergo
3181 3826 3456 3880 Gerardus
3515 3824 3769 3885 Vossius,
3840 3826 3893 3874 et
3937 3820 4051 3884 alii,

2494 3919 2586 3986 qui
2636 3926 2830 3985 putant
2855 3916 3162 3971 Simeonem
3204 3918 3629 3986 Metaphrasteni
3669 3913 3768 3967 sub
3786 3911 4056 3964 Constan-

2497 4010 2607 4062 tino
2632 4008 2801 4073 Duca,
2840 4010 2920 4062 vel
2951 4010 3144 4062 saltem
3187 4010 3333 4062 circa
3364 4023 3425 4061 ea
3494 4020 3738 4075 tempora
3779 4003 4051 4055 ﬂoruisse:

2493 4114 2817 4168 crrassequc
2833 4099 3126 4153 Baronium
3152 4110 3205 4152 et
3228 4098 3639 4157 Bellarminum,
3665 4112 3788 4149 cum
3807 4095 4054 4156 Simeou,

2496 4202 2553 4244 ιιι
2597 4190 2822 4244 Vossius
2871 4193 2987 4259 ipse
3044 4199 3219 4259 putat,
3271 4189 3519 4243 ducentis
3576 4188 3735 4241 annis
3787 4186 4057 4257 posterior

2501 4279 2723 4340 vixerit,
2757 4295 2917 4346 quam
2940 4280 3015 4331 illi
3046 4281 3447 4332 existimarunt.

2569 4368 2708 4421 XIX.
2755 4369 3027 4433 Quantum
3059 4378 3316 4436 praetcrea
3351 4368 3658 4420 immaniter
3694 4365 4061 4419 liallucinatus

827 4466 956 4517 pora
988 4450 1146 4516 plane
1184 4462 1236 4503 et
1272 4452 1392 4503 sine
1458 4452 1582 4502 ullis
1615 4452 1932 4519 ambagibus
1991 4462 2390 4521 proponuntur.
2426 4462 2470 4517 ι)
2505 4463 2575 4514 sit
2604 4459 2996 4529 llospinianus,
3030 4459 3156 4510 dum
3185 4456 3581 4523 Metapbrastas
3622 4463 3675 4506 ct
3731 4454 3932 4506 I'sellos
3964 4466 4059 4519 pro

832 4541 1055 4594 Frustra
1086 4544 1267 4609 itaque
1320 4557 1384 4594 ex
1426 4544 1555 4608 alio,
1591 4556 1691 4595 nec
1712 4544 1780 4595 ab
1816 4546 1933 4611 ipso
1989 4544 2260 4607 SimeOne,
2325 4544 2393 4597 de

831 4635 1086 4686 Situeoue
1152 4634 1528 4686 testiinonium
1567 4634 1887 4702 quazrimus.
1922 4633 2207 4689 Discamus
2266 4651 2394 4689 vero

831 4743 859 4779 a
881 4724 1153 4784 Simeoue.
1195 4741 1317 4778 eum
1339 4741 1447 4778 non
1482 4740 1511 4777 a
1544 4724 1791 4779 ducenda
1822 4741 1992 4779 uxore
2021 4726 2391 4791 abhorruisse,

833 4820 927 4872 sed
970 4833 1033 4870 ex
1060 4818 1149 4869 illa
1175 4817 1376 4871 liberos
1432 4818 1596 4870 etiam
1634 4832 1973 4886 procreassc,
2033 4819 2395 4888 civilibusque

837 4909 1155 4964 muneribus
1196 4909 1469 4971 functum,
1532 4917 1662 4963 tunc
1709 4908 1922 4964 demum
1971 4923 2094 4963 cum
2137 4910 2394 4973 Ilimerio,

837 5002 1207 5054 durendarum
1238 5005 1515 5070 copiarum
1544 5001 1893 5070 peritissimo,
1929 5001 2160 5070 legatum
2182 5001 2299 5072 [12]
2339 5002 2403 5055 ad

851 5097 1087 5157 Arabas,
1126 5095 1217 5161 qui
1254 5094 1467 5146 Cretam
1511 5094 1848 5157 invaserant,
1910 5096 2135 5146 missum
2186 5094 2352 5151 luisse
2390 5108 2403 5150 ;

841 5198 918 5249 et,
998 5200 1121 5236 cum
1155 5198 1265 5237 non
1299 5184 1484 5237 liceret
1536 5198 1631 5252 per
1668 5193 1858 5238 ventos
1911 5185 2164 5247 ulterius,
2206 5182 2404 5237 Parum

845 5277 1228 5343 aduavigasse,
1293 5284 1346 5328 et
1383 5289 1507 5328 cum
1562 5290 1692 5330 sene
1720 5276 1812 5329 illo
1846 5276 2171 5329 anachoreta
2204 5291 2404 5345 cogno-

844 5366 1012 5429 mine,
1064 5381 1093 5419 a
1124 5382 1233 5435 quo
1285 5375 1340 5421 et
1373 5382 1462 5421 res
1496 5376 1677 5435 gestas
1713 5366 2052 5421 Theoctistes
2114 5383 2176 5420 ea
2220 5369 2407 5421 condi-

843 5466 863 5508 t
888 5472 1013 5520 one,
1067 5465 1126 5509 ut
1150 5457 1330 5509 omnia
1357 5456 1577 5525 scriptis
1607 5456 1916 5521 mandaret,
1946 5460 2409 5525 perceperat,rol-

2499 4551 2789 4613 arbitratu,
2815 4558 2873 4602 ut
2908 4554 2978 4602 Ita
3001 4550 3178 4601 dicam
3213 4546 3523 4615 discerpsit,
3554 4542 3667 4616 [I5]
3689 4542 3900 4597 abunde
3928 4543 4060 4595 satis

2500 4644 2736 4697 ostendit
2789 4640 3027 4695 Jacobus
3079 4639 3369 4694 Gretserus
3420 4636 3495 4690 De
3525 4634 3843 4705 imaginibus
3903 4648 4061 4684 manu

2500 4752 2602 4789 non
2638 4735 2811 4802 factis,
2844 4750 2893 4786 c.
2933 4734 3017 4786 l9.
3074 4732 3359 4784 Conferant
3412 4738 3556 4781 etex
3612 4741 3729 4779 meo
3783 4725 4062 4787 nonnulla,

2503 4835 2701 4895 printer
2729 4825 2841 4891 jam
2871 4825 3037 4885 dicta,
3062 4824 3125 4873 ad
3157 4835 3389 4874 messem
3430 4829 3536 4871 tam
3565 4817 3807 4875 uberem,
3842 4825 3900 4867 ut
3925 4816 4065 4867 veri-

2512 4929 2593 4972 tas
2656 4918 2859 4970 clarius
2918 4917 3214 4969 clutescat.
3271 4911 3393 4965 Fuit
3446 4906 4064 4977 Metaphrastesnonm

2505 5011 2735 5063 trivialis
2776 5006 3249 5072 Constantinopoli
3296 5003 3690 5068 ludimagister,
3726 4998 3819 5052 sed
3866 5012 4065 5064 genere

2504 5102 2707 5162 clarus,
2745 5100 2940 5152 illustri
2974 5096 3175 5149 familia
3211 5105 3393 5157 natus,
3434 5091 3637 5144 divitiis
3677 5088 3980 5146 abundans,
4014 5087 4064 5135 in

2508 5192 2633 5244 aula
2668 5187 3022 5258 imperatoria
3062 5185 3313 5247 celebris,
3360 5197 3389 5235 a
3442 5181 3668 5235 secretis
3717 5187 3769 5230 et
3822 5175 4067 5229 consiliis

2512 5279 2743 5342 intimis,
2772 5286 2827 5332 et
2858 5286 2983 5347 post
3037 5285 3263 5329 mortem
3296 5273 3459 5326 etiam
3498 5269 3778 5323 miraculis
3814 5266 4063 5319 illustris.

2511 5366 2723 5422 Pscllus
2754 5369 2806 5421 in
2838 5367 3086 5420 eumdem
3118 5384 3130 5417 :
3171 5365 3279 5416 Καὶ
3326 5365 3453 5430 τόγε
3485 5358 3950 5427 θαυμασιώτερον,
3987 5356 4067 5406 ὅτι

2520 5459 2615 5512 καὶ
2665 5460 2857 5526 γένους
2895 5456 2953 5508 εὖ
2990 5457 3151 5525 ἔχων,
3202 5454 3296 5507 καὶ
3329 5456 3396 5506 τὰ
3427 5453 3523 5521 τῆς
3559 5451 3807 5510 εὐκλείας
3862 5446 4069 5498 οἴκοθεν

2362 5570 2587 5628 NOTAE.

916 5664 980 5736 (j)
1010 5663 1088 5716 Ad
1118 5663 1181 5719 10
1204 5660 1491 5718 Novembr.

911 5736 982 5806 (Is)
1016 5738 1097 5789 Ad
1128 5737 1199 5790 2'.)
1223 5737 1468 5805 Augttsti.

2579 5666 2638 5736 (ι)
2666 5666 2864 5722 Confer
2894 5663 3149 5719 Allatiutn
3205 5666 3271 5720 de
3325 5661 3462 5717 Nilis
3491 5676 3545 5731 p.
3583 5660 3650 5714 29
3679 5658 3808 5714 edit.
3846 5664 4065 5710 nostrae.
