4424 6450
803 404 903 467 491

2100 392 2373 452 LEOle
2414 392 2714 451 ALLA'I‘II

3933 396 4033 456 49:?

805 519 859 571 ιιι
901 523 982 569 est
1012 531 1023 566 :
1077 512 1210 567 "inc
1246 508 1407 578 igitur
1453 515 1621 559 mater
1656 510 1720 555 ad
1758 502 1971 555 meliora
2021 504 2373 557 maniulucens
2406 507 2446 559 Α
2478 501 2713 553 animum
2750 498 2883 551 Deus
2924 499 3157 562 δωρειαὶ,
3190 496 3277 546 scd
3310 514 3487 550 amere
3526 499 3758 552 discendi
3795 503 4038 575 pleraque

800 611 986 682 quinto
1041 602 1213 659 a'tatis
1264 616 1400 653 anno
1432 598 1685 665 magistro
1736 595 2084 647 commendat.
2138 594 2200 645 Et
2259 604 2369 645 erat

808 701 937 754 mihi
973 695 1259 762 disciplina
1304 709 1404 746 non
1451 698 1653 743 tantum
1697 688 1893 756 facilis,
1940 687 2027 738 sed
2058 686 2230 737 dulcis
2262 701 2371 751 pra:

805 789 1033 861 quolibet
1062 788 1168 840 alio
1194 784 1340 837 ludo.
1382 778 1547 851 Δίῳ-ε
1575 780 1753 849 itaque
1781 780 2032 846 ferebam,
2057 777 2100 827 si
2131 777 2259 828 mihi
2282 793 2371 843 per

801 890 972 935 totum
1027 879 1164 932 diem
1212 874 1428 929 delicias
1466 887 1566 925 non
1596 878 1910 939 suggereret.
1941 866 2173 937 Eratque
2245 868 2373 920 mihi

804 975 963 1027 ludus
994 971 1250 1032 studium,
1293 965 1529 1019 studium
1580 962 1758 1023 ludus,
1791 977 1895 1014 non
1932 960 2068 1030 quod
2094 962 2187 1013 hoc
2232 959 2373 1012 ludi-

808 1069 921 1120 brio
960 1065 1223 1127 haberem,
1257 1059 1338 1113 illi
1385 1074 1505 1114 vero
1558 1054 1929 1108 incumberent.
1977 1052 2161 1108 AStale
2210 1067 2373 1123 gran-

808 1160 979 1223 diore,
1021 1157 1145 1209 dum
1201 1153 1345 1207 inter
1395 1156 1648 1220 parentes
1697 1161 1807 1200 non
1851 1145 2125 1209 convenit,
2159 1143 2372 1198 cuinam

807 1249 1111 1305 studiorum
1147 1243 1330 1315 generi
1367 1250 1511 1297 esset
1552 1238 1910 1299 addicendns,
1946 1236 2182 1290 Joannes
2205 1235 2374 1303 Chry-

808 1346 1085 1395 sostomus
1115 1346 1167 1392 et
1196 1331 1451 1403 apostoli,
1486 1330 1644 1383 matri
1676 1329 1730 1382 in
1763 1328 1993 1383 somniis
2028 1326 2152 1391 \‘lSl,
2183 1314 2371 1378 decer-

808 1437 965 1501 nunt.
1003 1425 1140 1479 Ilinc.
1191 1421 1607 1490 disciplinarum
1636 1432 1795 1486 quam
1844 1414 2180 1483 voluptatum
2227 1412 2376 1481 cupi-

810 1520 951 1585 dior,
989 1514 1289 1586 aequalibus
1322 1515 1373 1567 in
1411 1511 1590 1566 studio
1624 1507 1918 1577 superatis,
1966 1519 2074 1559 non
2104 1506 2264 1573 longo
2290 1504 2375 1557 in-

813 1612 1039 1667 tervallo
1082 1609 1147 1663 ad
1183 1621 1435 1677 suprema
1470 1617 1702 1673 quinque
1734 1600 2107 1655 doctrinarum
2139 1596 2375 1651 culmina

811 1705 1036 1772 gradum
1072 1701 1225 1765 fecit,
1254 1697 1618 1765 omnibusque
1652 1692 1910 1745 innotuit.
1947 1690 2069 1742 Ilzec
2100 1690 2213 1755 ipse
2253 1701 2376 1753 pro-

812 1800 915 1851 lixc
938 1795 1123 1855 nimis,
1166 1790 1413 1845 oratione
1450 1788 1504 1840 In
1546 1792 1792 1843 matrem,
1826 1779 2195 1849 prosequitur,
2235 1786 2375 1830 ctex

811 1905 873 1942 ro
933 1888 1084 1940 Anna
1139 1884 1411 1937 Conmena
1474 1874 1758 1929 Alexiados
1795 1872 1889 1923 lib.
1950 1887 2002 1931 ν,
2060 1867 2435 1921 ὴιοιίδδίιηρ¹

812 1974 1180 2036 concinnavit,
1210 1970 1338 2024 dum
1382 1968 1449 2021 de
1478 1966 1608 2019 Italo
1657 1966 1820 2015 verba
1860 1960 2096 2013 laceret:
2129 1959 2236 2010 Kal.
2269 1956 2375 2009 Μι-

810 2072 949 2141 χαὴλ
990 2067 1185 2134 ἐκείνῳ
1228 2065 1305 2131 τῷ
1345 2057 1543 2124 Ψελλῷ
1584 2056 1640 2107 ἐν
1679 2053 1887 2118 ὑστέρῳ
1939 2047 2375 2117 προσωμίλησεν,

810 2166 867 2227 ὃς
891 2165 984 2215 καὶ
1024 2159 1166 2211 πάνυ
1201 2173 1281 2206 τοι
1318 2151 1466 2221 παρὰ
1506 2144 1847 2205 διδασκάλοις
1879 2142 2060 2207 σοφοῖς
2098 2139 2373 2206 ἐφοίτησε.

814 2256 909 2308 Διὰ
941 2253 1153 2321 φύσεως
1186 2246 1240 2298 δὲ
1283 2243 1586 2309 δεξιότητα.
1618 2239 1712 2289 καὶ
1733 2234 1848 2296 νοὸς
1881 2233 2170 2301 εὐθύτητα,
2200 2228 2375 2299 τυχὼν

817 2347 1001 2416 μέντοι
1032 2343 1125 2395 καί
1167 2335 1302 2390 Θεοῦ
1333 2330 1572 2402 ἁρωγού.
1606 2328 1745 2396 Πρὸς
1781 2325 1987 2386 τούτοις
2021 2322 2109 2373 διὰ
2132 2321 2226 2390 τὴν
2256 2320 2380 2390 θερ·

820 2435 1056 2505 μοτάτην
1107 2428 1316 2481 ἱκεσίαν
1347 2424 1441 2489 τῆς
1477 2419 1681 2488 μητρὴς
1731 2414 1893 2467 αὑτοῦ
1925 2412 2379 2478 ἐπαγρυπνούσης

819 2526 1023 2593 ειηνςῖις
1060 2522 1132 2588 τῷ
1172 2521 1227 2569 ἐν
1282 2514 1356 2582 τῷ
1413 2511 1524 2577 ναῷ
1573 2507 1667 2559 τοῦ
1712 2505 1919 2573 Κυρίου
1970 2501 2068 2570 τῆς
2118 2499 2377 2552 Θεοτόκου

821 2611 998 2679 σεπτῷ
1029 2605 1388 2673 εἰκονίσματι,
1424 2599 1519 2650 καὶ
1546 2594 1767 2663 θερμοῖς
1806 2594 1917 2651 τοῖς
1948 2591 2209 2657 δάκρυσιν
2241 2588 2381 2656 ὑπὲρ

817 2704 908 2757 τοῦ
950 2700 1135 2760 ﬁnal;
1161 2690 1592 2759 ἐκκαλουμένης,
1630 2686 1707 2745 εἰς
1731 2686 1897 2751 ἄκρον
1934 2680 2126 2746 σοφίας
2165 2679 2381 2745 ἁπάσης

820 2789 1119 2863 ὲληέακὼς,
1150 2787 1242 2839 καὶ
1283 2784 1349 2835 τὰ
1389 2780 1657 2846 Ἑλλήνων
1696 2772 1791 2825 καὶ
1826 2770 2104 2823 Χαλδαίων
2142 2765 2380 2837 ἁκρι6ω‹

823 2890 1075 2956 σάμενος,
1124 2881 1313 2947 γέγονε
1362 2876 1472 2933 τοῖς
1531 2870 1652 2922 τότε
1695 2868 1913 2937 χρόνοις
1969 2862 2289 2931 περιϐόητος
2327 2862 2383 2912 ἐν

824 2954 1002 3047 copia.
1041 2973 1094 3027 Id
1132 2978 1249 3026 est:
1290 2964 1621 3030 Tandemque
1664 2960 1717 3011 in
1745 2956 2018 3011 Michaelis
2050 2954 2208 3007 Pselli
2256 2968 2383 3006 con-

823 3045 1143 3123 suetudinem
1176 3062 1332 3123 venit,
1367 3058 1453 3127 qui
1489 3061 1848 3124 praceptores,
1883 3049 2141 3117 sapientes
2172 3045 2383 3115 oppido,

826 3173 1032 3224 nactus,
1081 3167 1289 3210 natura:
1340 3148 1649 3203 dexteritate
1694 3151 1741 3196 et
1786 3140 2083 3193 intellectus
2128 3138 2383 3201 acumine,

832 3259 934 3309 Deo
963 3265 1159 3321 quoque
1187 3246 1267 3300 illi
1310 3241 1680 3309 coatljuvante,
1711 3234 1881 3287 adhuc
1910 3242 1957 3285 et
1995 3232 2179 3284 matris
2216 3230 2387 3282 inten-

826 3346 1051 3403 sissintis
1112 3337 1374 3409 precibus,
1421 3330 1611 3398 sa'pius
1672 3329 1726 3380 in
1773 3325 1959 3391 templo
2012 3322 2228 3376 Domini
2278 3329 2395 3372 ante

827 3444 1071 3510 Deipara.’
1097 3430 1446 3490 venerandam
1480 3426 1764 3495 imaginem
1795 3418 2143 3488 invigilantis,
2180 3416 2395 3482 spissis-

830 3508 935 3601 (ιιιεῂ
953 3548 1046 3601 pro
1073 3528 1182 3596 filio
1209 3521 1460 3591 lacrymis
1484 3514 1775 3575 exornatis,
1808 3511 1875 3564 ad
1906 3511 2157 3563 universa:
2188 3508 2395 3574 sapien-

833 3629 919 3680 ἔξω
957 3599 1177 3676 culmen
1219 3614 1470 3684 pervenit,
1504 3618 1553 3664 et
1594 3605 1895 3660 Grazcorum
1932 3618 1992 3654 ac
2028 3599 2393 3655 Chaldteorum

831 3712 1049 3771 decretis
1116 3704 1515 3762 accuratissime
1582 3693 1925 3762 conquisitis,
1977 3707 2039 3743 ea
2097 3697 2397 3754 tempestate

833 3807 1030 3862 celebre
1097 3799 1370 3869 sapientia:
1435 3806 1621 3847 nomen
1685 3794 1993 3841 consecutus
2050 3790 2146 3833 est.
2205 3777 2398 3832 Subdit

834 3896 1026 3952 deinde
1069 3893 1213 3946 inter
1262 3886 1453 3940 Italum
1518 3889 1573 3935 ct
1617 3876 1852 3932 Psellum
1913 3870 2135 3924 dissidia
2187 3876 2395 3920 exorta.

837 3988 1116 4044 Medicina:
1146 3994 1365 4053 quoque
1396 3988 1615 4044 operam
1649 3971 1814 4031 dedit,
1850 3976 1908 4022 ut
1936 3966 2050 4035 ipse
2082 3965 2146 4017 de
2176 3979 2234 4017 se
2263 3959 2398 4014 Ora-

837 4083 985 4134 tione
1013 4076 1067 4129 in
1093 4050 1348 4133 Matrem,
1380 4066 1581 4135 saepius
1620 4061 1858 4123 laudata,
1892 4056 2143 4111 afﬁrmat.
2176 4052 2302 4104 dum
2334 4050 2400 4101 dc

834 4179 986 4243 patre
1028 4162 1356 4222 moribundo
1387 4158 1650 4227 loquitur.
1691 4153 1777 4213 Ὠς
1809 4151 1864 4203 δὲ
1896 4152 1989 4202 καὶ
2029 4148 2137 4208 τοῖς
2169 4143 2282 4214 [16]
2311 4144 2402 4193 δα·-

836 4262 1050 4325 κτύλοις
1101 4260 1199 4320 τὰς
1232 4257 1332 4323 τῆς
1382 4248 1647 4320 ἀρτηρίας
1698 4245 1941 4312 κινήσεις
1992 4236 2397 4306 ἐτεκμηρὰμην.

848 4351 1241 4413 Ἐσπουδὰζετο
1291 4346 1398 4413 γάρ
1474 4357 1562 4410 μοι
1627 4334 1962 4406 μακρόθενὴ
2024 4332 2149 4399 περὶ
2212 4330 2401 4380 τούτου

837 4448 1016 4516 τέχνη.
1054 4441 1121 4496 Ut
1168 4455 1283 4493 vero
1329 4445 1376 4489 et
1421 4433 1597 4502 digitis
1634 4428 1844 4482 arteria:
1888 4432 2057 4476 motus
2091 4418 2352 4473 observari
2386 4436 2398 4469 :

832 4538 946 4603 jam
1026 4533 1160 4585 enim
1216 4528 1308 4579 ditt
1379 4520 1579 4591 aliquid
1651 4520 1704 4569 in
1784 4531 1899 4567 cam
1966 4520 2131 4564 artem
2198 4507 2401 4568 studii,

840 4638 888 4681 ct
966 4639 1132 4691 operte
1206 4616 1551 4671 contuleram.
1623 4607 1873 4662 Studium
1963 4604 2016 4656 in
2113 4614 2405 4668 capessen-

842 4721 927 4772 dis
966 4712 1290 4783 disciplinis,
1320 4715 1373 4762 et
1426 4703 1679 4759 omnibus
1718 4695 2066 4752 addisccndis
2113 4691 2309 4744 ardens
2344 4706 2406 4742 ac

842 4780 1262 4882 pertinax—ipsc
1315 4798 1496 4851 lilicllo
1533 4793 1609 4846 De
1653 4784 2056 4843 admirabilibus
2100 4780 2406 4835 lectionibus

846 4873 898 4955 in
936 4903 1037 4953 [inc
1068 4895 1323 4965 explicat.
1368 4886 1509 4955 Ἐγὼ
1539 4885 1595 4937 δέ
1643 4884 1704 4935 ού
1741 4879 1867 4949 περὶ
1914 4873 2174 4965 ἐργασίας
2222 4873 2405 4935 ἕνεκα,

847 4993 910 5062 νὴ
940 4991 1034 5060 τὴν
1069 4962 1220 5057 ίεράν
1255 5000 1346 5037 σου
1368 4979 1571 5050 ψυχὴν,
1599 4974 1736 5028 ἀλλὰ
1767 4964 2123 5040 φιλομαθείας
2144 4966 2210 5017 τὰ
2242 4962 2409 5015 πλείω

846 5055 955 5137 των
986 5055 1317 5152 μαθημάτων
1363 5069 1731 5135 συνελεξάμην
1754 5106 1765 5118 .
1829 5061 2074 5152 Ἐγένετο
2112 5056 2220 5127 γάρ
2252 5071 2346 5152 μοι
2374 5055 2406 5122 ή

849 5175 1009 5244 φύσις
1041 5169 1335 5238 ἀκόρεστος
1367 5163 1500 5230 πρὸς
1546 5157 1725 5211 ὁτιοῦν
1761 5148 2105 5220 σπούδασμα,
2135 5148 2230 5201 καὶ
2259 5144 2409 5197 οὐδὲν

851 5266 914 5317 ἄν
941 5279 1007 5333 με
1045 5255 1338 5329 βουλοίμην
1385 5248 1675 5304 διαλαθεῖν.
1734 5243 1872 5295 Ἀλλ’
1919 5238 2182 5308 ἀγαπῴην
2235 5235 2320 5300 ἂν,
2362 5234 2411 5286 εἰ

853 5326 953 5407 καὶ.
979 5326 1255 5419 τΞι-νέρθεν
1305 5343 1502 5411 εἰδείην
1543 5340 1641 5407 τῆς
1686 5338 1807 5404 γῆς.
1862 5334 1971 5386 Καὶ
2015 5331 2111 5399 οὺχ
2142 5330 2327 5396 ὥσπερ
2361 5326 2410 5377 οί

854 5445 1038 5498 πολλοὶ
1088 5441 1217 5509 περὶ
1246 5436 1405 5490 τοῦτο
1441 5433 1538 5503 μὲν
1582 5428 1915 5489 ἐσπούδακα,
1952 5425 2126 5475 ἐκεῖνο
2159 5421 2214 5473 δὲ
2261 5420 2412 5471 ἀπω-

858 5539 1058 5607 σάμην,
1090 5530 1222 5586 ἀλλὰ
1271 5528 1364 5582 καὶ
1416 5524 1525 5578 τῶν
1583 5520 1831 5591 φαύλων,
1874 5516 1907 5584 ἢ
1961 5514 2131 5575 ἄλλως
2180 5512 2410 5579 ἀποτρο-

858 5628 1033 5683 παίων
1081 5622 1379 5691 ἐπιγνῶναι
1413 5617 1511 5679 τὰς
1551 5612 1802 5684 μεθόδους
1848 5607 2175 5669 ἐσπούδακα,
2210 5602 2275 5655 ἵν’
2307 5600 2415 5669 ἔχω

858 5714 1105 5770 ἐντεῦθεν
1133 5710 1429 5779 ἀντιλέγειν
1474 5706 1582 5766 τοῖς
1612 5700 1914 5772 χρωμένοις
1951 5696 2152 5757 αὐτοῖς.
2186 5691 2241 5745 Id
2288 5698 2369 5745 est
2398 5706 2411 5742 :

858 5806 973 5878 Ego
1007 5823 1144 5870 vero,
1202 5818 1302 5856 non
1338 5795 1660 5853 curiositatis
1710 5806 1852 5859 ergo,
1895 5788 1973 5840 ita
2021 5799 2227 5838 sacrum
2269 5790 2414 5833 tuum

2473 606 2536 644 ex
2588 589 2878 655 disciplinis
2918 591 3119 657 collegi.
3163 586 3402 656 Diamque
3449 602 3640 644 natura
3686 593 4038 667 cujuscunque

2474 680 2637 735 studii
2704 681 2890 743 avida,
2956 697 3223 750 nunquam
3283 681 3513 734 scientiis
3563 686 3731 744 potuit
3776 689 4034 741 saturari.

2478 772 2801 840 Nullamque
2830 770 3009 823 rellem
3053 786 3184 833 csse,
3220 773 3354 840 quod
3387 772 3485 825 mei
3524 775 3766 827 notitiam
3798 777 4035 847 fugeret;

2477 879 2566 915 nec
2604 862 2881 915 molestum
2939 862 3065 914 mihi
3123 862 3278 927 foret,
3329 864 3485 916 etiam
3524 864 3569 915 si
3622 865 3716 917 sub
3777 874 4035 934 terranea,

2475 969 2758 1008 noscerent.
2784 950 2965 1020 Neque
2996 960 3051 1003 ut
3076 953 3313 1017 plurimi,
3338 956 3392 1005 in
3423 954 3515 1006 hoc
3539 964 3743 1007 tantum
3774 956 4035 1023 incumbe,

2475 1046 2612 1099 illud
2656 1062 2773 1099 vero
2806 1030 3032 1116 neglige,
3063 1044 3153 1098 sed
3205 1054 3251 1096 et
3286 1060 3569 1112 pravorum
3608 1048 3789 1111 etiam,
3822 1059 3870 1101 et
3911 1051 4040 1103 abo-

2476 1141 2849 1195 minandorum
2898 1140 3026 1193 mihi
3083 1140 3325 1193 notitiam
3376 1156 3641 1207 comparo,
3689 1153 3745 1195 ut
3781 1143 3900 1196 inde
3946 1145 4039 1197 ha-

2477 1232 2643 1299 beam,
2676 1232 2813 1301 quod
2842 1247 2904 1285 ea
2930 1230 3309 1298 usurpantibus
3340 1246 3618 1298 opponam.
3643 1232 3800 1287 Plura
3821 1234 3886 1288 dc
3912 1233 4035 1299 hoc,

2478 1325 2632 1381 Orat.
2680 1327 2743 1378 de
2772 1335 2961 1387 matre,
2999 1323 3049 1375 in
3100 1339 3206 1391 qua
3249 1324 3463 1393 singula
3500 1340 3726 1394 quicque
3775 1325 3841 1379 ad
3892 1326 4041 1380 fasti.

2478 1416 2625 1472 dium
2682 1432 2853 1486 usque
2900 1422 3203 1471 enumerat.
3238 1414 3314 1467 Ea
3345 1415 3533 1477 lector,
3568 1430 3633 1469 ne
3664 1416 3779 1485 ipse
3821 1416 4040 1472 fastidio

2480 1510 2601 1569 sim,
2632 1508 2831 1563 videat.

2547 1597 2730 1652 XXIII.
2757 1598 2968 1653 Interea
3006 1596 3143 1652 satis
3181 1595 3357 1652 aetatis
3387 1612 3448 1650 ac
3481 1598 3780 1668 prudentie
3812 1600 4038 1663 habens,

2482 1692 2533 1742 in
2585 1690 2707 1742 aula
2759 1688 3177 1757 imperatoribus
3218 1688 3477 1754 innotuit,
3539 1689 3631 1757 qui
3686 1690 3737 1742 in
3789 1690 4039 1745 maximis

2481 1780 2714 1847 negotiis
2736 1781 3033 1848 prolicuam
3066 1777 3213 1832 illius
3245 1791 3464 1847 operam
3492 1779 3699 1847 experti
3729 1788 3877 1835 sunt.
3906 1781 4039 1833 Nam

2484 1868 2711 1921 Michael
2743 1868 3254 1922 Stratioticusinter
3288 1867 3524 1921 selectos
3552 1882 3613 1920 ex
3648 1870 3893 1936 patribus
3914 1886 4042 1922 con-

2487 1960 2704 2028 scriptis
2738 1959 2907 2021 viros,
2933 1972 3072 2027 quos
3098 1957 3375 2012 Comncno
3399 1958 3607 2013 Isaacio
3632 1959 3697 2012 ad
3730 1960 3958 2015 rebelles
3989 1961 4041 2013 in

2485 2052 2837 2106 concordiam
2873 2050 3198 2119 redigendos
3229 2049 3399 2114 misit,
3430 2050 3663 2104 Psellum
3700 2066 3917 2120 quoque
3946 2065 4047 2104 no-

2484 2153 2656 2197 strnm
2693 2143 2912 2212 legavit,
2945 2157 3054 2195 non
3077 2141 3473 2197 contemnendo
3502 2140 3680 2211 elogio
3712 2142 4045 2195 celebratum

2486 2246 2512 2282 a
2568 2230 2777 2284 Zonara
2830 2238 2979 2283 tonio
3015 2229 3131 2281 III:
3180 2230 3496 2285 Στέλλονται
3550 2231 3729 2283 τοίνυν
3777 2230 3911 2300 πρὸς
3955 2230 4046 2282 τὸν

2486 2323 2767 2393 Κομνηνδν
2800 2321 3223 2391 πρεσϐεύσοντες
3270 2320 3460 2389 ἄνδρες
3490 2322 3598 2373 τῶν
3632 2322 3900 2392 ἐκκρίτων
3949 2321 4047 2382 τῆς

2488 2414 2792 2480 συγκλήτου
2843 2412 3064 2480 βουλῆς’
3124 2411 3172 2463 οἱ
3215 2410 3258 2464 δ’
3318 2407 3457 2480 ἦσαν
3498 2411 3525 2463 6
3574 2411 3831 2479 πρόεδρος
3897 2412 4051 2463 Κων-

2488 2504 2762 2563 σταντῖνος
2808 2506 2835 2553 6
2880 2501 3209 2571 Λειχούδης,
3263 2503 3290 2553 6
3326 2501 3579 2569 πρόεδρος
3633 2501 3781 2552 Λέων
3818 2500 3846 2551 6
3888 2499 4050 2551 ’Λλω-

2491 2594 2607 2655 πὸς,
2639 2594 2732 2645 καὶ
2783 2593 2999 2662 Μιχαὴλ
3049 2595 3075 2644 6
3116 2591 3422 2659 σοφώτατος
3469 2592 3670 2654 Ψελλὸς
3727 2592 3833 2644 τῶν
3898 2591 4051 2657 φιλο-

2492 2689 2670 2754 σύφων
2724 2687 2798 2737 ὢν
2847 2686 3069 2747 ὕπατος.
3105 2685 3370 2753 Legautur
3412 2688 3569 2753 igitur
3619 2687 3687 2737 all
3730 2686 4051 2738 Comneuum

2490 2778 2666 2831 selecti
2717 2778 2813 2829 viri
2867 2791 2930 2829 ex
2980 2776 3215 2843 patribus
3272 2776 3624 2842 conscriptis,
3676 2774 4049 2827 Constantinus

2493 2867 2749 2920 Lichudes
2808 2881 3022 2933 praises,
3071 2864 3173 2917 Leo
3222 2864 3419 2931 Alopus
3474 2879 3687 2930 prteses,
3744 2873 3792 2916 et
3831 2862 4050 2916 Michael

2496 2960 2725 3013 Psellus.
2756 2958 3174 3023 sapientissimus
3198 2956 3439 3023 princeps
3464 2964 3584 3006 tunc
3607 2954 4049 3021 philosophorum.

2498 3051 2560 3104 Et
2584 3050 2865 3103 Cedrcnus
2907 3046 2958 3098 in
2994 3046 3227 3116 Synopsi
3261 3061 3273 3095 :
3311 3043 3461 3096 Ἐκεῖ
3494 3046 3549 3096 δὲ
3591 3044 3738 3111 αὑτῲ
3776 3044 4053 3113 γενομένῳ

2495 3138 2754 3207 φθάνουσι
2790 3137 2882 3189 καὶ
2915 3134 3243 3202 πρεσϐευταὶ
3268 3133 3533 3203 βασιλέως
3560 3135 3589 3186 6
3617 3134 3876 3203 πρόεδρος
3901 3136 4053 3186 Κων-

2498 3231 2774 3291 σταντῖνος
2802 3229 2830 3279 6
2869 3226 3181 3295 Λειχούδης,
3216 3224 3488 3293 Θεόδωρος
3534 3226 3560 3275 6
3590 3222 3849 3284 ’Δλωπὶς,
3896 3225 4054 3276 Κων-

2498 3322 2769 3380 σταντῖνος
2798 3321 2824 3369 6
2849 3317 3078 3381 Ψελλῆς,
3108 3319 3135 3366 6
3158 3315 3265 3366 τῶν
3300 3314 3601 3381 φιλοσόφων
3642 3311 3864 3373 ὕπατος.
3896 3308 4056 3366 Οὗτοι

2496 3411 2601 3478 γὰρ
2646 3411 2693 3460 οἱ
2733 3411 2880 3477 τρεῖς
2923 3407 3114 3476 ἄνδρες
3154 3404 3247 3456 ἐπὶ
3280 3403 3459 3473 σοφίᾳ,
3500 3403 3594 3454 καὶ
3625 3401 3782 3469 λόγου
3833 3402 4056 3469 δυνάμει

2495 3502 2601 3555 τῶν
2624 3502 2763 3555 κατὰ
2788 3501 2883 3569 τὴν
2904 3501 3119 3566 ἡμέραν
3139 3496 3234 3549 ἀνθ
3245 3496 3440 3565 ρώπων
3463 3494 3741 3563 διαφέρειν
3756 3492 4054 3555 δοκοῦντες,

2497 3598 2588 3645 καὶ
2623 3591 2966 3659 ἀσυγκρίτως
3016 3589 3043 3638 6
3088 3586 3291 3647 Ψελλὸς
3334 3585 3665 3650 ἐξελέγησαν
3707 3586 3781 3645 εἰς
3832 3585 3892 3634 τὸ
3922 3600 4056 3651 πρε-

2501 3683 2747 3744 σϐεῦσαι,
2769 3681 2860 3731 καὶ
2882 3678 3285 3749 προσεδόκησεν
3314 3678 3339 3727 6
3366 3673 3623 3743 βασιλεὺς
3646 3672 3861 3740 μεγάλα
3894 3687 4057 3723 καταα

2504 3773 2812 3843 πράξασθαι
2865 3770 2953 3822 διὰ
3009 3770 3107 3835 τῆς
3159 3769 3380 3819 ἐκείνων
3424 3764 3538 3835 [l7]
3598 3764 3922 3830 εὐστομίας,
3968 3763 4061 3813 καὶ

2501 3866 2740 3934 χάριτος.
2770 3862 2849 3915 lbi
2876 3863 2920 3913 ei
2947 3868 3286 3913 occurrerunt
3316 3858 3477 3926 legati
3504 3854 3839 3922 imperatoris
3866 3868 4061 3920 prteses

2501 3955 2884 4010 Constantinus
2928 3950 3217 4006 Lichudes.
3260 3962 3447 4013 prteses
3496 3947 3795 4000 Theodorus
3845 3946 4059 4011 Alopus,

2503 4045 2878 4102 Constantinus
2898 4040 3123 4101 Psellus,
3140 4040 3561 4105 philosophorum
3582 4037 3836 4104 princeps.
3859 4035 4061 4087 Etenim

2502 4140 2554 4191 hi
2591 4148 2695 4190 tres
2732 4138 2825 4189 viri
2857 4132 3139 4201 sapientia,
3170 4141 3215 4183 et
3248 4130 3524 4197 facundia,
3567 4130 3797 4181 omnium
3825 4128 3910 4193 qui
3944 4136 4064 4178 tunc

2504 4230 2758 4289 vivebant,
2780 4227 2935 4296 primi
2969 4224 3155 4285 habiti,
3176 4232 3222 4276 et
3243 4222 3447 4291 quidem
3479 4231 3630 4274 extra
3659 4220 4064 4287 comparationis

2504 4329 2695 4373 sortem
2744 4318 2973 4380 Psellus,
3002 4314 3067 4367 ad
3095 4330 3207 4367 eam
3249 4315 3563 4382 legationem
3595 4312 3805 4379 fuerant
3844 4309 4065 4371 delecti;

2507 4411 2641 4479 quod
2665 4413 2959 4477 imperator
2987 4424 3164 4459 eorum
3204 4407 3497 4472 eloquentia
3529 4414 3575 4457 et
3608 4406 3783 4471 gratia
3817 4419 3870 4455 se
3898 4403 4068 4454 maxi-

2439 4532 2478 4585 D
2512 4519 2598 4555 ma
2628 4509 3027 4554 consecuturum
3054 4496 3318 4565 sperabat.
3341 4493 3443 4548 L'bi
3462 4492 3814 4561 exscriptoris
3838 4492 4066 4551 incuria,

2511 4610 2607 4665 pro
2639 4592 2921 4654 Micltacle,
2958 4589 3355 4643 Constantinus
3392 4582 3710 4651 irrepsit.Et
3742 4581 3795 4633 in
3826 4595 3889 4633 eo
3918 4580 4069 4633 falsae

2511 4682 2798 4754 legationis
2818 4686 3105 4734 accusatur
3127 4677 3193 4731 ab
3214 4676 3405 4731 eodem
3444 4672 3671 4727 inferius
3699 4690 3712 4724 :
3740 4670 3975 4736 Λέγεται
4012 4670 4071 4723 δὲ

2510 4774 2592 4825 ὃτι
2629 4772 2719 4823 καὶ
2757 4771 2807 4822 οἱ
2850 4767 3186 4838 πρεσϐευταὶ
3218 4762 3804 4839 παραπρεσϐεύσαντες
3846 4759 3975 4813 ἄλλο
4010 4777 4071 4812 τε

2512 4864 2686 4924 ἄλλως
2709 4862 2884 4931 λάθρα
2916 4860 2991 4929 τῷ
3027 4856 3701 4932 Κεκαυμένῳεειροσιόντες
3730 4852 4072 4920 παρεκάλουν

2511 4955 2727 5025 ἔχεσθαι
2754 4954 2850 5023 τῆς
2877 4950 3204 5013 ἐνστάσεως,
3234 4950 3326 5000 καὶ
3354 4946 3591 5015 μηδόὶως
3620 4943 3879 4998 ἐνδοῦναι.
3904 4942 4074 4995 Τοῦτο

2512 5048 2567 5101 δὲ
2602 5045 2798 5107 αὐτοὺς
2829 5044 3071 5111 ποιῆσαι,
3115 5040 3207 5093 καὶ
3240 5039 3290 5090 οἱ
3324 5036 3505 5098 καλῶς
3538 5036 3736 5096 εἰδότες
3781 5033 4074 5102 ἐπληροιρό·

2518 5156 2644 5209 ρουν
2682 5138 2870 5205 ἄνδρες
2902 5136 2998 5203 οὐχ
3039 5126 3201 5185 οἷοίτε
3230 5129 3539 5198 ψεύδεσθαι,
3562 5126 3655 5177 καὶ
3688 5127 3767 5185 εἰς
3794 5123 3954 5175 αὐτὸν
3981 5121 4074 5171 τὸν

2514 5230 2795 5301 Κομνηνὸν
2829 5224 3315 5296 νπληροιροροῦντες
3366 5219 3673 5287 ἐνωμότως,
3717 5215 3788 5275 ὡς
3826 5213 3969 5265 ἅπαν
4011 5211 4071 5262 τὸ

2515 5306 2755 5377 ἁστυκὸν
2785 5318 2990 5387 πλῆθος
3016 5312 3330 5385 περικακῶς
3365 5312 3440 5373 εἰς
3460 5307 3621 5361 αὐτὸν
3642 5306 3774 5374 ἔχει.
3798 5301 3995 5363 Κα“ιὼ;
4026 5303 4073 5351 εἰ

2520 5411 2897 5482 μόνονθὲτγίσει
2936 5411 3000 5477 τῇ
3042 5407 3215 5469 πόλει,
3264 5403 3351 5455 τὸν
3397 5402 3625 5469 γέροντα
3662 5394 4072 5464 ἐξωθὴσαντες,

2520 5502 2635 5571 μετ’
2654 5499 2953 5562 ἐπινικίων,
2970 5500 3061 5549 καὶ
3076 5497 3258 5566 ὓμνων
3272 5493 3429 5546 αὑτὸν
3447 5488 3848 5561 προσδέξονται.
3867 5485 3937 5537 Ac
3950 5499 4071 5551 pro-

2517 5594 2681 5657 ditant
2716 5600 2789 5648 est
2820 5590 3103 5654 memoriis,
3128 5589 3267 5657 ipsos
3301 5585 3459 5638 etiam
3487 5581 3682 5650 legatos
3709 5576 4075 5645 pt'a'caricatos

2520 5685 2704 5753 fuisse,
2727 5691 2771 5734 et
2796 5682 2947 5733 modo
2971 5681 3126 5742 hunc,
3152 5677 3304 5730 modo
3340 5674 3489 5727 illum
3516 5671 3730 5725 diversis
3762 5666 4077 5733 temporibus

2522 5774 2844 5830 Cccaumeno
2885 5772 3136 5836 suasisse,
3183 5778 3238 5821 ut
3276 5773 3595 5836 oppugnaret
3645 5764 3835 5815 acriter
3872 5757 4078 5812 oblatas
