4424 6450
378 428 487 495 493

1570 420 1931 479 DlATlilBA
1970 421 2064 480 DE
2106 421 2429 481 PSEI.LIS.

3509 422 3614 486 ινι

379 536 725 592 conditiones.
760 550 917 603 neque
956 532 1235 603 quidquam
1286 532 1605 583 concederet.
1634 529 1695 582 Et
1739 530 1945 599 quidem
1973 559 2023 617 Α
2050 533 2385 598 complexus,
2422 533 2475 585 in
2501 532 2617 586 loro
2663 532 2754 585 illo
2828 531 3101 586 uberrimo
3132 549 3194 587 ac
3257 533 3613 592 ferarissitno.

378 633 474 682 hoc
498 645 582 682 eos
603 629 769 697 egisse
798 643 891 693 pro
908 635 1047 678 certo
1062 624 1325 693 perhibent
1347 624 1406 685 ii,
1423 623 1609 689 quibus
1636 624 1737 675 ista
1758 625 1948 688 optime

379 730 500 775 sunt
535 730 681 779 nota,
714 730 761 773 et
805 735 835 771 a
871 716 1130 770 mendacii
1177 717 1470 782 suspicione
1522 724 1640 767 sunt
1668 717 1946 780 immunes,

380 814 630 879 aiuntquc
689 826 796 871 eos,
861 808 1171 876 interposito
1230 806 1608 875 jurejurando,
1660 808 1946 875 afﬁrmasse

382 903 668 963 Comneno,
715 902 959 954 ardenter
992 918 1106 953 eum
1152 899 1216 951 ab
1253 899 1457 951 urbana
1500 898 1836 951 multitudine
1865 899 1950 951 di-

379 994 503 1062 ligi;
560 1009 643 1053 ac,
693 992 738 1044 si
786 999 988 1043 tantum
1037 992 1343 1043 accessisset
1392 989 1460 1041 ad
1486 987 1684 1051 urbem,
1727 987 1839 1056 fore
1890 995 1946 1040 ut

379 1087 545 1150 ipsum
581 1100 661 1146 ea,
688 1099 807 1135 sene
825 1082 1126 1145 exturbato,
1148 1098 1266 1134 cum
1299 1079 1665 1148 gratulatoriis
1692 1080 1943 1142 victoria',

380 1186 429 1228 et
463 1174 672 1240 imperii
709 1174 1032 1227 carminibus
1060 1174 1313 1241 excipiat.

450 1265 636 1320 XXIV.
656 1264 1232 1329 lsaaciusComncnus,
1254 1280 1375 1318 (‘um
1397 1263 1709 1318 Michaelem
1723 1262 1947 1318 Cerula-

384 1358 543 1419 tium,
588 1356 953 1425 patriarcltam
988 1356 1681 1425 Constantinopolitanum.
1730 1355 1951 1409 abdica-

381 1464 439 1501 re
471 1449 756 1510 niteretur,
809 1446 1081 1509 aliorum,
1132 1453 1187 1499 et
1236 1445 1395 1499 Pselli
1459 1444 1724 1514 prmcipue
1761 1459 1945 1513 opera,

380 1544 493 1613 qui,
532 1545 584 1596 in
643 1556 766 1596 eum
802 1539 1063 1595 Oratione
1138 1540 1472 1607 conscripta,
1539 1539 1831 1593 multorum
1886 1551 1949 1591 ac

386 1634 660 1685 variorum
716 1630 1018 1685 facinorum
1077 1646 1227 1685 reum
1272 1630 1417 1694 fecit,
1463 1645 1594 1685 usus
1628 1638 1730 1683 est.
1769 1628 1947 1681 Zona-

380 1740 469 1776 ras
512 1723 746 1777 ibidem:
790 1719 921 1775 Εἶτα
952 1722 1045 1776 καὶ
1079 1722 1399 1792 καθαιρέσει
1446 1721 1735 1774 ὑποϐαλεῖν
1786 1720 1947 1772 αὐτὸν

378 1813 465 1865 διὰ
484 1814 759 1883 φροντίδος
783 1814 1009 1873 ἐτίθετο,
1048 1814 1140 1865 καί
1174 1830 1281 1866 τισι
1308 1812 1415 1864 τῶν
1438 1810 1736 1880 ἀρχιερέων
1759 1826 1947 1877 συνερ-

2055 617 2372 689 frugiferam
2431 620 2557 682 sibi,
2590 630 2643 675 et
2676 620 2797 675 aliis
2835 619 3173 691 diligentiam
3210 631 3488 691 expertus,
3524 640 3619 678 es-

2056 711 2218 764 traxit
2248 710 2513 764 malorum
2538 711 2747 767 radices
2776 729 2790 778 ;
2814 711 2881 766 de
2912 719 3103 766 natura
3117 719 3170 767 et
3201 714 3361 769 rebus
3387 716 3619 771 occultis

2056 803 2255 869 optime
2311 801 2577 869 planeque
2630 804 2919 869 disseruit,
2962 804 3106 873 quod
3148 819 3334 859 verum
3376 814 3433 861 et
3470 806 3616 877 quod

2059 890 2368 947 ialsmmest
2400 894 2451 945 in
2480 893 2749 957 oratione,
2783 895 3014 963 aperuit,
3064 898 3403 965 summisque
3449 898 3618 966 impe—

2056 986 2330 1038 ratoribus
2362 986 2463 1039 fuit
2500 996 2557 1040 ct
2584 985 2797 1039 vivendi
2826 996 3141 1055 praeceptor,
3168 999 3221 1042 et
3267 987 3505 1041 dicendi.
3534 986 3616 1041 Ad

2058 1077 2272 1132 labores
2301 1078 2550 1147 impiger,
2582 1078 2674 1132 diu
2700 1087 2976 1148 noctuque
3016 1090 3107 1134 aut
3142 1081 3348 1151 aliquid
3374 1081 3620 1136 conscri-

2056 1168 2253 1232 bendo,
2285 1177 2375 1223 aut
2413 1171 2658 1238 legendo,
2706 1178 2923 1239 tempus
2956 1172 3298 1227 insumebat:
3336 1188 3437 1228 nec
3471 1172 3618 1228 vires

2056 1271 2483 1324 eunsenuerant,
2517 1276 2615 1316 nec
2638 1263 2911 1317 defecerat
2954 1267 3191 1318 animus.
3226 1264 3289 1318 Et
3336 1278 3459 1319 cum
3502 1280 3621 1319 mu-

2058 1366 2160 1405 nus
2224 1352 2489 1420 optimum
2579 1352 3191 1422 iructuosissimumquc
3237 1353 3379 1421 quod
3448 1354 3619 1423 possit

2056 1441 2233 1496 all‘erri
2254 1443 2608 1512 principibus,
2630 1443 2757 1497 illud
2783 1459 2902 1499 esse
2924 1444 3275 1508 existimaret,
3293 1445 3339 1499 si
3382 1444 3618 1500 docean-

2055 1543 2146 1589 tur
2177 1544 2337 1604 atque
2366 1536 2704 1599 erudiuntur,
2725 1551 2934 1590 summa
2962 1552 3064 1606 ope
3103 1537 3398 1602 nitebatur,
3420 1546 3480 1592 ut
3510 1538 3610 1591 Mi-

2055 1625 2296 1680 chaclem
2341 1625 2541 1679 Ducam
2577 1627 2876 1680 instrueret
2920 1626 3182 1695 bonisque
3234 1627 3479 1689 moribus
3532 1628 3617 1681 in-

2055 1719 2330 1770 tormaret.
2389 1713 2509 1781 Quo
2550 1718 2675 1784 quis
2732 1723 2913 1784 potest
2956 1716 3009 1769 in
3064 1716 3175 1770 vita
3212 1717 3486 1780 humana,
3534 1716 3618 1769 vel

2054 1805 2365 1860 desiderare
2404 1807 2620 1870 melius,
2664 1806 2744 1858 vel
2783 1815 2972 1873 optare
3010 1805 3410 1874 praestantius?
3448 1788 3619 1859 Coer-

378 1905 496 1968 γοίς
552 1904 686 1971 πρὸς
723 1902 881 1955 τοῦτο
910 1902 1195 1972 ἐκέχρητο,
1238 1902 1328 1954 καὶ
1360 1902 1436 1971 τῷ
1470 1899 1662 1969 Ψελλῷ
1694 1900 1946 1967 αἰτιαμά-
1978 1910 2025 1969 Β
2053 1912 2125 1953 cel

1867 1900 1946 1953 ιά-
1978 1910 2025 1969 Β
2053 1897 2223 1953 cenda
2252 1908 2337 1951 est
2374 1896 2679 1967 principum
2709 1896 2897 1959 libido,
2934 1896 3399 1965 refrenandusque
3440 1897 3614 1956 luror.

374 2011 488 2046 των
537 1994 769 2057 πολλῶν,
805 1994 902 2047 καὶ
955 1994 1261 2047 ἀλλοκότων
1311 1995 1635 2060 συναγωγεῖ,
1676 1991 1711 2046 ἃ
1769 1992 1827 2043 έν
1870 1989 1947 2057 τῷ

379 2084 501 2136 κατ’
532 2084 738 2137 ἐκείνου
771 2084 913 2154 λόγῳ
939 2084 1260 2154 συνήθροισε
1291 2100 1372 2149 τε,
1412 2084 1505 2135 καὶ
1545 2080 1943 2151 συνεγράψατο,

378 2176 530 2243 δτιλεὶ⁹
554 2193 611 2227 τε
635 2176 720 2230 διά
748 2193 906 2227 τινων
929 2176 1007 2244 τῷ
1040 2175 1193 2243 ἀνδρὶ
1223 2174 1560 2228 ἀπείπασθαι
1585 2174 1684 2243 τὴν
1722 2188 1947 2241 ποιμαν-

378 2270 560 2338 τικὴν,
600 2270 667 2319 ἵν’
690 2269 829 2321 ἑκὼν
863 2270 1010 2321 δοκεῖ
1041 2268 1443 2338 παραιτεῖσθαι,
1484 2267 1558 2329 ὡς
1586 2268 1635 2317 εἰ
1668 2266 1743 2335 μὴ
1770 2264 1943 2321 τοῦτο.

380 2360 472 2409 καὶ
499 2359 647 2410 ἄκων
703 2358 872 2426 αὐτὴν
935 2357 1415 2427 ἀφαιρεθήσεται,
1462 2357 1540 2416 εἰς
1592 2354 1755 2424 μέσον
1825 2353 1945 2405 κατ’

382 2451 546 2501 αὑτοῦ
601 2450 1005 2518 προτιθεμένων
1044 2448 1403 2517 αἱτιαμάτων.
1449 2447 1648 2500 Deinde
1685 2446 1747 2499 de
1796 2445 1947 2498 abro-

378 2542 553 2608 gando
587 2542 669 2593 illi
697 2541 1061 2607 patriarchatu
1098 2542 1354 2610 cegitans,
1406 2554 1561 2605 opera
1600 2537 1945 2606 quorumdam

379 2632 737 2697 episcoporum
764 2635 950 2696 utitur,
982 2639 1031 2683 et
1084 2629 1268 2694 Pselli,
1301 2631 1568 2683 variarum
1602 2636 1648 2679 et
1678 2626 1946 2679 absurda-

382 2736 497 2771 runt
536 2721 967 2772 criminationum
1000 2720 1409 2783 coacervatoris,
1450 2734 1579 2787 quas
1612 2718 1669 2769 in
1699 2716 1947 2772 Oratione

380 2819 565 2861 contra
603 2809 753 2861 illum
800 2812 998 2877 scripta
1030 2810 1308 2878 congessit,
1337 2820 1386 2863 et
1415 2826 1505 2876 per
1540 2808 1789 2877 quosdam
1839 2809 1948 2860 uiro

380 2902 650 2969 signiﬁcat
681 2911 736 2953 ut
758 2902 971 2954 simulet
998 2918 1051 2955 se
1078 2902 1219 2954 ultro
1246 2902 1551 2969 pontiﬁcatu
1580 2900 1775 2961 cedere,
1800 2914 1947 2967 quem

379 2992 615 3059 alioquin
643 2992 837 3045 inritus
868 3008 985 3044 cum
1009 2991 1221 3059 publica
1251 2992 1475 3060 infantia
1504 2992 1570 3043 sit
1596 2990 1906 3043 amissurus.

449 3080 571 3153 [l8]
619 3080 784 3135 XXV.
820 3081 1044 3152 Diogeni
1092 3082 1407 3151 imperatori
1443 3080 1707 3144 infensus,
1742 3078 1949 3149 primus

379 3172 492 3238 ipse
510 3176 654 3226 inter
677 3182 976 3237 senatores,
996 3180 1049 3228 et
1071 3170 1311 3228 Joannes
1326 3172 1527 3231 Cresar.
1556 3180 1607 3225 et
1629 3171 1742 3233 lilii,
1770 3170 1948 3224 Eudo-

2052 2006 2229 2058 ueque
2262 1990 2366 2043 alia
2385 1990 2465 2042 via
2500 1989 2553 2043 id
2580 1989 2843 2058 consequi
2876 2004 3167 2058 possumus
3191 2005 3351 2058 quam
3369 1990 3617 2045 doctrina

2047 2089 2101 2133 et
2138 2080 2461 2133 eruditione.
2496 2079 2743 2134 Hominis
2772 2081 2940 2135 decus
2972 2090 3057 2134 est
3089 2080 3384 2149 ingenium,
3412 2081 3617 2152 ingenii

2049 2172 2232 2226 lumen
2264 2172 2595 2239 eloquentia,
2631 2170 2959 2241 eloquentia:
2988 2172 3195 2226 candor
3239 2172 3608 2243 philosophia,

2049 2262 2405 2333 pliil0$0phiaz
2435 2263 2633 2316 rectt‘ix
2671 2277 2734 2316 ac
2774 2265 3033 2331 magistra
3090 2266 3283 2333 pietas,
3332 2280 3455 2333 quae
3509 2266 3617 2320 nisi

2048 2361 2442 2423 prarceptorum
2479 2354 2697 2409 monitis
2737 2354 3014 2420 iuleiatur,
3034 2356 3086 2409 in
3110 2357 3431 2425 ignorantite
3462 2364 3616 2412 tene-

2050 2446 2175 2500 bras
2202 2447 2473 2516 prolapsa,
2501 2446 2716 2500 ruinam
2756 2447 2904 2503 facit.

2119 2537 2333 2593 XXVII.
2385 2537 2501 2593 Non
2544 2540 2717 2607 potuit
2768 2548 2946 2594 tamen
2996 2538 3231 2611 eli'ugerc
3284 2542 3616 2596 calumniam

2050 2628 2274 2683 Zonaru:
2308 2630 2399 2683 lib.
2435 2644 2491 2682 ιιι
2523 2630 2714 2683 Annal.
2749 2647 2764 2681 :
2801 2631 2907 2682 Καὶ
2929 2626 2996 2701 ἦν
3029 2631 3136 2683 τῶν
3165 2630 3466 2702 ἀνθρώπων
3494 2633 3619 2686 σύν-

2048 2740 2281 2792 τριμμα,
2310 2721 2403 2776 καὶ
2418 2722 2781 2789 ταλαιπωρία,
2821 2721 2935 2794 [19]
2962 2723 3058 2777 καὶ
3088 2725 3116 2777 ὁ
3140 2724 3345 2777 τούτων
3375 2727 3620 2795 ἐπιστρε-

2052 2814 2283 2883 φόμενος
2339 2813 2602 2883 οὐδαμοῦ.
2662 2814 2721 2866 '0
2756 2813 2864 2885 γὰρ
2902 2814 3152 2883 βασιλεὺς
3196 2816 3619 2887 παιδαριὼδεσιν

2053 2908 2309 2977 ἐσχόλαζε
2362 2906 2597 2975 πράξεσι
2654 2906 2749 2958 τοῦ
2783 2907 2987 2960 ὑπάτου
3028 2907 3138 2959 τῶν
3179 2909 3481 2977 φιλοσόφων
3525 2912 3620 2963 καὶ

2055 3001 2359 3070 ὑπερτίμου
2413 3000 2634 3069 Μιχαὴλ
2680 2999 2774 3051 τοῦ
2812 3000 3046 3067 Ψελλοῦ,
3081 3001 3259 3069 λόγοις
3318 3002 3393 3071 τῷ
3438 3002 3618 3056 δοκεῖν

2056 3086 2217 3138 αὑτὸν
2260 3086 2672 3155 ὲμϐιϐάζοντος,
2698 3088 2792 3141 καὶ
2820 3088 3180 3155 διδάσκοντος,
3228 3090 3323 3143 νῦν
3378 3091 3478 3161 μὲν
3520 3093 3620 3163 τὴν

2053 3178 2447 3246 γραμματικὴν
2466 3178 2682 3250 τέχνην,
2711 3180 2802 3233 καὶ
2831 3180 3024 3249 μέτρα,
3052 3181 3145 3233 καὶ
3169 3180 3503 3249 διαλέκτους,
3523 3184 3619 3237 νῦν

378 3264 517 3316 cium
537 3264 936 3332 imperatricem
960 3263 1011 3317 in
1032 3264 1416 3318 monasterium
1438 3262 1696 3327 trudunt;
1719 3261 1949 3315 Michae-
1974 3242 2017 3301 (δ
2049 3242 2125 3320 δδ

1869 3275 1949 3315 ae—
1974 3242 2017 3301 C
2049 3242 2104 3320 δ’-
2124 3242 2376 3321 ῖνῖανκατά
2402 3242 2634 3339 ῥήτορας
2661 3242 3093 3337 διαλέξοιτοῃῦν
3113 3272 3157 3325 δ’
3178 3274 3435 3344 ἱστορίαις
3459 3242 3616 3329 αῖῦτδν

382 3355 483 3407 lem
540 3354 746 3409 Ducam
792 3356 1174 3424 imperatorem
1236 3354 1608 3418 denuntiant;
1654 3352 1944 3423 Diogenem

376 3446 486 3513 jam
513 3452 877 3499 revertentem
908 3446 1138 3514 imperio
1163 3444 1436 3509 abdicant,
1461 3452 1684 3497 auctore
1705 3455 1754 3498 et
1786 3444 1943 3513 adju-

380 3549 494 3592 tore
518 3538 873 3592 consiliorum
905 3539 1092 3591 eodem
1114 3536 1314 3591 Psello.
1334 3537 1595 3600 Zonaras,
1631 3538 1682 3589 in
1704 3536 1949 3590 Romano

378 3627 659 3699 Diogene:
701 3631 772 3681 ⁸0.
818 3628 949 3697 γοῦν
980 3630 1196 3697 Καῖσαρ
1240 3628 1492 3697 Ἰωάννης
1533 3629 1624 3679 καὶ
1653 3628 1700 3679 οἱ
1733 3626 1943 3678 ἐκείνου

375 3722 479 3773 υἱοὶ
519 3722 635 3785 ἀεὶ,
666 3720 742 3784 ὡς
777 3721 1014 3790 εἴρηται,
1052 3718 1399 3787 ἐγκοτοῦντες
1420 3719 1497 3787 τῷ
1522 3717 1948 3787 Διογένειὰρπά-

370 3813 525 3875 ζουσι
548 3813 643 3864 τὸν
667 3813 877 3882 καιρὸν,
902 3813 995 3864 καὶ
1014 3812 1441 3881 προσλαϐόμενοι
1462 3811 1567 3862 τῶν
1586 3811 1685 3878 τῆς
1712 3808 1947 3877 συγκλή-

368 3922 462 3955 του
490 3906 692 3966 ἐνίους,
738 3906 852 3956 ὅσοι
909 3903 1261 3973 ὠμοφρὸνουν
1301 3904 1505 3965 αὐτοῖς,
1532 3895 1605 3954 ὧν
1644 3900 1870 3971 ἐξῆρχεν
1920 3902 1947 3950 ὁ

373 3997 687 4066 ὑπέρτιμος
710 3996 941 4057 Ψελλὸς,
989 3995 1211 4057 δύσνους
1262 3997 1353 4047 καὶ
1390 3996 1548 4057 αὐτὸς
1583 3992 1656 4061 τῷ
1708 3994 1945 4059 Διογένει

368 4087 687 4157 τυγχάνων,
745 4086 843 4155 τὴν
889 4086 1217 4138 Βασίλισσαν
1254 4086 1512 4138 Εὑδοκίαν
1547 4086 1622 4146 εἰς
1677 4086 1772 4153 τὴν
1824 4086 1946 4154 παρ’

368 4179 542 4247 αὐτῆς
575 4176 905 4245 δομηθεῖσαν
937 4178 1102 4247 μονὴν
1125 4178 1265 4231 κατὰ
1283 4174 1356 4229 ὧν
1388 4178 1479 4229 τὸν
1518 4180 1575 4228 ὲν
1602 4178 1667 4245 τῇ
1707 4178 1947 4244 Προπον-

366 4270 470 4320 τίδι
517 4268 776 4339 πορθμὸν
825 4267 1245 4338 περιορίζουσιν,
1279 4268 1371 4319 τὸν
1394 4267 1449 4320 δὲ
1488 4266 1704 4337 Μιχαὴλ
1747 4268 1949 4335 ἀνακη-

372 4363 676 4430 ρύττουσιν
714 4361 1111 4432 αὐτοκράτορα,
1148 4370 1254 4415 etc.
1288 4360 1523 4413 Joannes
1556 4361 1719 4429 igitur
1745 4359 1949 4424 Ctesar,

368 4454 587 4521 ejusque
614 4453 748 4521 ﬁlii,
792 4453 1012 4523 Diogeni
1042 4468 1263 4521 semper,
1292 4463 1347 4505 ut
1387 4453 1585 4504 dictum
1617 4460 1713 4515 est,
1747 4450 1950 4518 infesti,

366 4556 590 4613 arrepta
624 4546 925 4611 occasione,
984 4545 1299 4614 quibusdam
1327 4547 1486 4599 etiam
1525 4558 1589 4597 ea:
1640 4553 1825 4597 senatu
1866 4544 1950 4596 sui

363 4638 659 4704 facinoris,
709 4654 926 4706 quorum
973 4636 1182 4691 Psellus
1233 4638 1311 4690 uir
1340 4636 1777 4691 honoratissimus
1807 4639 1954 4705 prin-

362 4746 479 4798 ceps
521 4738 674 4792 erat,
719 4738 767 4781 et
800 4730 910 4797 ipse
943 4728 1191 4799 Diogenis
1235 4730 1503 4791 inimicus,
1533 4728 1809 4789 adhibitis.
1850 4730 1954 4782 im-

359 4821 634 4885 peratrice
689 4816 925 4871 Eudocia
959 4821 1014 4872 in
1060 4820 1452 4876 monasterium.
1484 4818 1619 4888 quod
1653 4820 1769 4888 ipsa
1813 4821 1956 4874 circa

360 4913 559 4978 fretum
593 4910 955 4978 Propontidis
988 4921 1293 4975 struxerat,
1348 4911 1600 4980 relegata,
1643 4909 1953 4965 Michaelem

360 5006 755 5070 imperatorem
787 5002 1032 5069 appellat.

428 5097 635 5151 XXVI.
680 5097 731 5149 A
764 5112 928 5165 puero
971 5098 1152 5167 itaque
1192 5097 1490 5153 liberaliter
1517 5099 1801 5163 educatus,
1837 5098 1955 5151 ani-

359 5206 447 5244 mo
474 5192 637 5244 circa
695 5199 847 5241 artes
916 5189 1303 5258 doctrinasque
1360 5190 1621 5259 gestiente
1657 5229 1671 5254 ,
1720 5190 1951 5252 fructus,

356 5298 494 5349 quos
534 5284 609 5335 ab
643 5280 736 5335 eis
772 5280 1073 5348 expetebat,
1111 5280 1404 5348 decerpsit,
1460 5297 1563 5335 non
1608 5281 1797 5336 breves
1872 5290 1952 5335 al-

358 5392 463 5443 que
502 5372 913 5431 iuccrtos,sed
948 5370 1143 5425 uberes
1166 5380 1217 5424 et
1258 5373 1631 5441 tempestivos.
1679 5371 1953 5442 Eloquen-

357 5467 485 5519 tiam
539 5466 727 5525 euim,
777 5461 1051 5515 horridam
1112 5473 1240 5515 tunc
1280 5469 1333 5516 et
1370 5463 1651 5527 incultam,
1692 5465 1949 5529 excoluit,

357 5572 453 5609 nec
489 5558 557 5611 ad
596 5552 916 5625 perniciem
948 5563 1001 5606 et
1034 5563 1237 5623 pestem
1281 5557 1570 5620 convertit,
1614 5556 1704 5610 sed
1743 5556 1806 5609 ad
1863 5572 1953 5610 sa-

358 5650 546 5703 lutent.
614 5641 879 5699 Tandem
936 5645 1350 5713 pliilOSOpbaudi
1413 5648 1679 5701 rationem
1733 5663 1947 5703 omnem

424 5764 501 5827 In)
538 5760 666 5814 Non
700 5757 853 5811 adeo
877 5758 1377 5828 reprehendendum
1413 5759 1632 5815 Zonaras
1660 5760 1947 5828 judicium,

353 5831 397 5885 si
450 5832 781 5887 studiorum
857 5827 1062 5881 deliciis
1124 5829 1197 5881 ita
1257 5828 1356 5883 fuit
1404 5832 1623 5887 edoctus
1665 5827 1949 5900 indulgere

2053 3362 2495 3431 προσεθίζοντος.
2537 3364 2760 3415 ’Λλλοτε
2790 3363 2847 3417 δὲ
2885 3365 3191 3435 φιλοσόφων
3242 3366 3618 3439 θεωρημάτων

2052 3455 2359 3523 ἀκροᾶσθαι
2413 3456 2945 3522 παρασκευάζοντος.
2990 3457 3049 3510 Ὀ
3078 3458 3136 3511 δὲ
3172 3459 3311 3529 πρὸς
3352 3460 3506 3513 οὐδὲν
3523 3463 3619 3512 έπ-

2052 3546 2267 3613 εφύκει.
2296 3545 2520 3609 Τούτοις
2552 3545 2645 3599 οὖν
2669 3547 2697 3598 ὁ
2730 3547 3019 3616 Ῥωμαίων
3063 3548 3423 3621 αὐτοκράτωρ
3447 3568 3618 3622 προσ-

2051 3634 2320 3702 τετηκὼς,
2368 3635 2458 3704 ὑφ’
2493 3636 2684 3707 ἕτερον
2744 3638 2836 3690 καὶ
2870 3637 3058 3690 τοῦτον
3087 3638 3184 3692 ἕνα
3207 3640 3299 3692 τὸν
3334 3641 3443 3694 τῶν
3496 3659 3619 3696 και-

2049 3726 2158 3779 νῶν
2192 3727 2520 3797 κυϐέρνησιν
2552 3729 2863 3796 ἐποιήσατο,
2902 3729 2993 3781 καὶ
3014 3729 3175 3797 νόμος
3222 3727 3290 3801 ἦν
3317 3732 3378 3784 τὸ
3407 3734 3485 3803 τῷ
3508 3737 3614 3788 Δο-

2051 3819 2247 3887 γοθέτῃ
2297 3818 2506 3871 δοκοῦν.
2546 3821 2797 3873 Homines
2840 3820 3223 3887 atterebantur,
3264 3834 3313 3877 et
3366 3827 3617 3878 ¢rumnis

2050 3910 2418 3975 premebantur
2442 3920 2524 3963 :et
2552 3926 2700 3963 nemo
2728 3912 2963 3973 erat,cui
2980 3910 3075 3963 illa
3091 3927 3232 3965 cum
3255 3923 3444 3967 essent.
3476 3912 3619 3967 Nam

2051 4000 2340 4065 imperator
2390 3999 2676 4067 puerilibus
2743 4002 2893 4053 rebus
2954 4010 3258 4069 occupatus,
3312 4020 3345 4056 a
3391 4005 3621 4073 principe

2051 4089 2502 4157 philosophorum,
2534 4102 2582 4144 et
2615 4093 3021 4144 honoratissimo
3053 4092 3303 4146 Mirhaele
3333 4092 3508 4148 Psello
3552 4099 3620 4149 ad

2054 4181 2348 4233 litterarum
2384 4183 2560 4233 studia
2590 4181 2776 4234 deduci
2806 4181 3121 4247 videbatur;
3152 4200 3213 4236 ac
3242 4172 3395 4239 modo
3425 4187 3478 4239 in
3505 4197 3621 4238 arte

2054 4271 2404 4339 grammatica
2444 4272 2697 4333 versibus,
2739 4281 2787 4324 et
2825 4273 3122 4342 linguarum
3153 4274 3462 4343 differentiis
3494 4293 3618 4330 erst-

2054 4361 2319 4423 diebatur,
2350 4366 2503 4415 modo
2527 4363 3000 4417 declamationibus
3027 4368 3318 4427 rhetoricis,
3356 4371 3509 4421 modo
3536 4369 3621 4421 hi-

2054 4452 2234 4505 storiis
2279 4452 2615 4521 assueﬁebat,
2654 4455 2807 4507 modo
2855 4455 2923 4507 ad
2964 4456 3227 4511 audienda
3263 4458 3618 4527 philosophica

2055 4553 2315 4612 pra’cepta
2343 4546 2654 4614 parabatur,
2692 4548 2924 4613 quamvis
2956 4548 3025 4601 ad
3063 4549 3173 4604 hac
3189 4552 3366 4604 omnia
3390 4552 3617 4621 ineptus.

2057 4633 2374 4702 Hujusmodi
2441 4637 2600 4705 igitur
2661 4637 2855 4690 studiis
2917 4636 3272 4693 Romanorum
3330 4643 3620 4709 imperator

2058 4723 2267 4793 afﬁxus,
2321 4740 2496 4779 rerum
2544 4726 3061 4781 administrationem
3112 4728 3289 4795 alteri,
3340 4732 3487 4800 eique
3527 4733 3621 4785 uni

2056 4818 2340 4882 commisit,
2370 4830 2424 4871 ut
2453 4818 2578 4887 legis
2612 4804 2982 4873 auctoritatem
3012 4820 3245 4885 haberet,
3275 4822 3411 4891 quod
3448 4822 3618 4893 Lago-

2056 4911 2209 4964 theta:
2242 4913 2408 4965 uisum
2429 4919 2583 4965 esset.
2622 4910 2687 4964 Et
2717 4910 2945 4967 inferius
2977 4930 2991 4966 :
3028 4913 3264 4981 Μήτινος
3286 4913 3342 4967 δὲ
3362 4930 3620 4985 προνοου-

2057 5001 2220 5068 μένου
2253 5002 2361 5054 τῶν
2408 5005 2561 5071 κοινῇ
2590 5004 2998 5072 συμφερόντων,
3028 5005 3055 5056 ὀ
3087 5004 3193 5075 γάρ
3219 5004 3473 5075 βασιλεὺς
3491 5008 3617 5076 περὶ

2054 5093 2246 5162 λόγους
2290 5096 2553 5165 ὴσχόλητο
2579 5136 2593 5161 ,
2619 5097 2713 5150 καὶ
2743 5097 2970 5167 ἰάμϐους
3006 5100 3310 5153 συντιθέναι
3344 5099 3476 5169 πρὸς
3525 5100 3617 5152 τοῦ

2054 5184 2265 5238 Ψελλοῢ
2290 5185 2617 5253 ὲδιδάσκετο,
2667 5187 2899 5241 σιτοδεία
2931 5189 3056 5251 τοὺς
3088 5191 3144 5241 ἐν
3189 5189 3341 5241 πόλει
3380 5188 3615 5254 ἐπίεζεν.

2058 5276 2278 5330 Νεηιίηε
2312 5288 2483 5331 autem
2512 5278 2697 5332 bonum
2741 5279 3000 5347 publicum
3028 5292 3266 5343 curante,
3302 5296 3423 5333 nam
3454 5281 3617 5348 impe-

2056 5380 2203 5422 rator
2225 5370 2416 5423 studiis
2460 5389 2673 5434 vacans,
2713 5372 2915 5425 iambos
2946 5372 3168 5427 scribere
3197 5389 3228 5423 a
3259 5371 3435 5426 Psello
3462 5372 3617 5425 doce-

2056 5458 2236 5524 batur,
2264 5463 2493 5513 urbanos
2541 5476 2764 5513 annona:
2803 5464 3022 5528 penuria
3062 5477 3292 5529 premere
3334 5463 3504 5529 coepit.
3541 5462 3618 5517 Ita

2056 5551 2128 5603 nil
2170 5561 2277 5605 tam
2304 5565 2547 5607 sanctum
2580 5554 2666 5623 (η)
2693 5562 2796 5617 est,
2818 5554 2958 5622 quod
2996 5554 3263 5609 calumnia
3286 5562 3490 5611 tentare
3510 5570 3619 5609 nan

2054 5638 2274 5707 audeat,
2307 5652 2359 5697 et
2393 5644 2535 5713 quod
2582 5648 2739 5699 laude
2779 5646 3003 5715 dignum
3047 5655 3150 5707 est,
3188 5663 3249 5699 ex
3299 5647 3617 5716 improviso,

2054 5760 2323 5827 princeps,
2347 5772 2400 5813 ut
2434 5763 2541 5815 illis
2571 5764 2815 5816 intentus
2848 5763 3058 5831 imperii
3084 5778 3272 5816 curam
3302 5762 3421 5818 aliis
3453 5764 3619 5817 relin-

2049 5841 2255 5898 queret.
