4424 6450
845 362 949 424 4‘35

838 491 1319 558 I’ratttlulcnterqtte
1383 504 1622 557 trrcpcns
1682 489 1866 542 ncSt-io
1926 490 2050 556 quis
2113 489 2411 541 criminose
2444 484 2483 530 Α
2516 485 2631 521 “’i

840 584 1131 635 tI-ilacetat.
1166 580 1228 632 Et
1277 581 1557 633 hominum
1599 580 1756 632 turba
1808 592 1954 631 (δέρρει
1988 580 2149 632 veluti
2182 580 2406 632 oraculo

828 674 1064 743 plaudit,
1106 671 1307 724 misera
1354 685 1507 733 sane,
1559 670 1803 736 duraque
1853 669 2405 738 prudentissimorum

838 763 1119 816 hominum
1152 760 1486 814 conditione.
1523 757 1636 812 Sub
1674 758 1797 811 aliis
1826 759 1955 812 item
1988 760 2407 825 imperatoribus

827 850 1140 905 Graecorum
1199 849 1428 916 imperio
1474 848 1587 913 jam
1639 860 1979 910 senescente,
2026 847 2405 914 doctrinisque

826 942 1081 995 omnibus
1100 940 1153 992 in
1178 937 1481 992 barbariem
1501 938 1873 1001 commutatis,
1894 952 2041 1002 cum,
2062 937 2195 1006 proh
2218 936 2402 991 dolor!

830 1034 1030 1087 inertia
1064 1049 1161 1102 pro
1186 1030 1451 1099 sapientia
1481 1038 1620 1093 erat,
1647 1031 1810 1083 vitam
1845 1031 1962 1097 ipse
1994 1028 2140 1082 fama
2167 1029 2408 1083 clarissi-

839 1143 961 1180 mus
1004 1127 1291 1191 transegit,
1322 1124 1601 1193 jucundus
1646 1122 1858 1187 amicis,
1909 1123 2197 1193 egentibus
2236 1125 2403 1187 utilis,

826 1216 1088 1270 omnibus
1118 1216 1355 1283 denique
1388 1216 1608 1268 chartis.

904 1305 1140 1359 XXVIII.
1173 1306 1326 1359 Illius
1360 1316 1535 1358 tamen
1574 1305 1695 1358 Iidei
1727 1320 1972 1370 causam,
2001 1305 2402 1359 defensionem-

829 1414 936 1467 que
964 1413 1071 1451 non
1098 1397 1455 1463 suseeperim,
1479 1396 1544 1460 si,
1572 1412 1690 1464 qua:
1716 1396 1783 1450 de
1812 1412 1877 1450 eo
1906 1396 2172 1465 Josephus
2201 1396 2406 1450 Metho-

827 1490 1023 1544 ncnsis
1044 1490 1336 1558 episcopus
1354 1486 1601 1554 apoloigia
1625 1498 1815 1541 contra
1837 1486 2078 1539 Marcum
2108 1486 2403 1551 Ephesium

826 1582 1012 1643 tradit,
1065 1595 1190 1632 vera
1232 1585 1379 1631 sunt.
1416 1576 1549 1629 Ilum
1586 1578 1728 1630 enim
1777 1583 2096 1629 annumerat
2135 1576 2403 1631 schisma-

836 1674 961 1726 tieis
991 1672 1206 1735 I’hotio,
1236 1669 1519 1733 Cabasilze,
1542 1669 1793 1729 Palanne,
1815 1668 2121 1731 Catnatero,
2141 1668 2402 1730 Phurnio,

825 1762 1244 1821 Moschambari,
1278 1759 1559 1826 Bulgaria},
1588 1757 1811 1811 Nicolao
1835 1756 2191 1824 Methonensi,
2218 1768 2269 1812 et
2300 1758 2402 1812 Pa-

2135 362 2405 420 LICUNIS
2450 368 2488 421 Α
2506 364 2748 422 LLA'I‘II

3972 368 4079 433 4‘35

2620 485 2631 519 :
2674 480 2719 521 cl
2757 469 2999 523 Zonaras
3032 472 3158 523 iUt'lE
3206 488 3368 538 supra
3399 474 3667 538 :ttldttclis,
3702 486 3753 529 cl
3789 476 3841 529 il)
3876 477 4082 536 Isaac-to

2511 558 2810 623 Cotnttetto,
2869 561 3039 622 Πολὺς
3093 563 3188 628 τὴν
3244 563 3485 629 γλῶτταν
3521 567 3547 615 ὁ
3589 563 3893 631 σοφώτατος
3936 569 4080 621 Ψελ-

2509 647 2615 709 λὸς.
2654 648 2769 701 Vim
2794 650 3050 704 dictionis
3082 666 3202 704 cum
3243 669 3347 705 non
3383 654 3741 709 intellexisset
3787 656 4079 726 interpres,

2513 740 2681 792 πολὺν
2723 743 2819 809 τὴν
2850 740 3112 807 γλῶτταν,
3152 751 3420 796 uerbosum
3478 746 3731 800 reddidit.
3783 747 3963 815 Apage
3994 764 4081 801 Sil-7

2510 832 2921 899 pientissimum
2972 834 3161 896 istum,
3216 835 3262 888 si
3316 835 3574 890 verbosus
3606 846 3707 891 est.
3740 834 3912 892 (ΣΙ-ξιξςί
3954 856 4077 891 cum

2510 923 2885 977 admirandum
2926 925 3157 992 aliquem
3188 962 3203 988 ,
3241 942 3339 980 nec
3370 944 3490 980 cntn
3519 929 3830 996 vulgaribus
3865 944 4080 999 compa-

2510 1014 2739 1068 randum
2784 1015 3034 1081 innuunt,
3070 1017 3305 1069 dit-tione
3340 1020 3428 1070 illa
3462 1020 3625 1083 πολὺς
3658 1030 3904 1076 utuntur.
3942 1022 4077 1076 Ilinc

2510 1105 2788 1172 aptissime
2819 1104 3051 1170 diceres,
3079 1117 3130 1159 et
3156 1106 3222 1159 ad
3243 1107 3428 1159 Attica:
3454 1110 3775 1176 eloquentia:
3804 1125 4074 1172 nortnazt,

2510 1195 2681 1257 Πολὺς
2698 1195 2763 1246 τὰ
2783 1194 2903 1247 Gaia.
2925 1196 3238 1265 Γρηγὸριος,
3259 1197 3446 1249 eximie
3465 1209 3676 1250 sanctus
3698 1198 3767 1267 (ο)
3794 1197 4074 1268 Gregorius

2508 1286 2679 1349 Πολὺς
2708 1285 2805 1355 τὴν
2834 1286 2985 1339 θείαν
3010 1287 3233 1357 Γραφὴν
3270 1287 3499 1341 Michael
3534 1288 3858 1355 Ghislerius,
3902 1292 4077 1343 Disti-

2506 1378 2841 1443 plinarerum
2866 1376 3162 1430 divinarum
3184 1379 3600 1443 eruditissimus,
3626 1391 3673 1432 et
3703 1380 3928 1449 ingenio,
3947 1398 4076 1448 pru—

2509 1469 2788 1538 dentiaque
2815 1470 2867 1521 in
2907 1470 3073 1522 sacris
3115 1468 3331 1523 Litteris
3364 1471 3683 1538 exponendis
3719 1473 4071 1523 acutissimus.

2506 1561 2679 1619 Πολὺς
2718 1560 2814 1629 τὴν
2842 1561 3160 1629 φιλοσοφίαν
3198 1560 3493 1615 Fortttttitts
3529 1560 3769 1615 Licctus.
3811 1561 3953 1625 Illis,
3985 1566 4073 1631 qui

2507 1651 2573 1704 ad
2608 1653 2993 1720 philosophiam
3043 1662 3313 1718 spectant,

2504 1745 2659 1811 pauci
2685 1753 2741 1796 ut
2766 1746 2867 1797 sint
2895 1744 2984 1813 qui
3017 1747 3177 1798 tantis
3199 1744 3313 1815 [2|]
3346 1746 3681 1812 philosophiw
3709 1748 3913 1798 dotibus
3939 1763 4075 1813 pra-

3373 1671 3528 1722 quam
3567 1656 3792 1706 maxime
3834 1669 4011 1722 potens
4058 1674 4071 1704 :

824 1857 1034 1915 nareto,
1064 1852 1153 1917 qui
1185 1852 1330 1904 dicto
1370 1858 1422 1901 et
1444 1850 1645 1915 scripto
1679 1848 1920 1901 Latinam
1949 1847 2405 1903 Ecclesiaminse-
2428 1870 2477 1927 Β
2508 1837 2571 1885 dit

2322 1866 2405 1903 se-
2428 1870 2477 1927 Β
2508 1836 2749 1887 ditisint.
2772 1835 2941 1896 Πολὺς
2966 1836 3033 1887 τὰ
3060 1835 3412 1905 μαθηματικὰ
3448 1834 3640 1889 Petttts
3662 1836 3993 1897 Gasscndns,
4020 1840 4069 1889 iu

823 1945 951 1997 elati
988 1952 1135 1997 sunt.
1163 1942 1268 1995 Καὶ
1294 1941 1358 1993 σὺ
1387 1941 1485 2009 μὲν
1520 1939 1818 2008 συνήφθης,
1848 1939 1921 2001 ὡς
1941 1940 2066 2008 φὴς,
2090 1943 2197 1999 τοῖς
2223 1939 2398 2006 ἁγίοις

825 2053 919 2087 σου
964 2036 1262 2105 Ιῖατράσιν,
1314 2036 1409 2086 καὶ
1460 2031 1801 2091 διδασκάλοις
1842 2030 2031 2100 Φωτίῳ
2072 2030 2148 2100 τῷ
2198 2031 2397 2100 πρώτῳ

824 2126 1189 2197 σχισματιχῷ,
1224 2124 1420 2194 μᾶλλον
1437 2123 1490 2175 δὲ
1514 2121 1817 2192 αὐτουργῷ,
1835 2119 1950 2192 [ΞΟ]
1968 2123 2059 2173 καὶ
2084 2121 2145 2191 δη
2156 2138 2275 2189 μιου
2285 2121 2396 2191 ργῷ

823 2216 916 2267 τοῦ
942 2217 1254 2283 σχίσματος,
1287 2214 1380 2266 καὶ
1404 2214 1503 2281 τῆς
1532 2213 1866 2281 διαιρέσεως,
1901 2211 2394 2281 Καὸασίλᾳληαλα-

831 2308 925 2375 μᾷ,
988 2305 1306 2375 Καματηρῷ
1337 2345 1352 2369 ,
1401 2306 1609 2373 Φουρνῇ
1643 2344 1657 2368 ,
1702 2302 1897 2370 Ψελλῷ
1930 2342 1943 2365 ,
1997 2304 2389 2371 Μοσχάμπαρι,

826 2396 1154 2465 Βουλγαρίς,
1192 2395 1440 2462 Νικολάῳ
1466 2393 1748 2461 Μεθώνης,
1775 2391 2089 2461 Παναρέτῳ,
2150 2392 2240 2442 καὶ
2282 2396 2392 2453 τοῖς

829 2489 1031 2548 λοιποῖς
1060 2491 1169 2546 τοῖς
1202 2485 1337 2553 μετὰ
1369 2486 1427 2535 τὸ
1488 2485 1713 2552 σχίσμα,
1752 2485 1848 2536 καὶ
1898 2485 1995 2552 τὴν
2043 2484 2241 2552 πολλὴν
2278 2484 2391 2552 ἔριν

825 2580 965 2629 κατὰ
1028 2581 1123 2646 τῆς
1169 2576 1481 2643 Ῥωμαϊκῆς
1551 2574 1879 2642 Ἐκκλησίας
1911 2573 2143 2627 εἰποῦσι.
2202 2574 2268 2625 Et
2327 2586 2381 2626 tu

822 2670 1052 2736 quidem,
1087 2677 1141 2719 ut
1188 2668 1290 2729 uis,
1321 2666 1517 2718 sanctis
1566 2666 1670 2717 tuis
1708 2662 1959 2716 Patribus
2001 2682 2064 2715 ac
2093 2664 2391 2715 doctoribus

825 2772 871 2812 te
902 2758 1218 2828 adjuna'isti,
1260 2757 1447 2810 Photio
1493 2756 1951 2808 schismaticorum
1997 2756 2246 2822 principi,
2289 2755 2390 2806 into

826 2868 942 2903 ιιι-νο
968 2850 1195 2911 auctori,
1236 2858 1282 2900 et
1310 2849 1485 2915 opifici
1508 2848 1835 2908 schismatis,
1862 2856 1910 2899 et
1934 2846 2187 2899 dissitiii:
2226 2845 2394 2899 Caba-

824 2938 963 2999 biitl',
993 2936 1295 2997 Camatero,
1320 2936 1573 2997 Phnrnio,
1593 2935 1790 2997 Psello,
1820 2934 2231 2997 Moschambari,
2261 2936 2389 2986 Uul-

824 3028 1010 3095 garitc,
1039 3024 1259 3078 Nicolao
1292 3026 1639 3087 Methonenai,
1663 3025 1949 3088 l’anareto,
1978 3036 2025 3077 et
2062 3027 2265 3078 catcris
2306 3029 2394 3093 qui

822 3125 936 3182 post
969 3117 1215 3179 schisma,
1263 3127 1309 3168 et
1345 3116 1566 3167 multum
1599 3116 1978 3168 contentionem
2008 3118 2055 3167 in
2091 3115 2383 3175 Romanam

2507 1924 2661 1979 rebus
2699 1923 3087 1977 mathematicis
3121 1925 3415 1976 tractandis
3442 1924 3763 1992 ingeniosis,
3790 1940 4072 1993 eorumque

2500 2017 2897 2087 diﬁicnltatibus
2956 2015 3245 2069 enodandis
3291 2015 3734 2069 consultissimus.
3792 2015 3964 2077 Πολὺς
4004 2017 4069 2066 τὰ

2505 2109 2722 2179 ἰατρικὰ
2770 2107 2987 2162 Gabriel
3038 2106 3329 2170 Nattdteus,
3391 2107 3541 2159 rebus
3594 2108 3804 2159 incdit-is
3853 2108 4070 2158 nimium

2497 2202 2719 2267 pellens,
2741 2200 2963 2251 multum
2996 2207 3251 2259 vtrsatus,
3272 2214 3427 2265 supta
3454 2196 3725 2265 plerosque
3754 2198 3888 2250 alios
3917 2213 4067 2249 excr-

2496 2294 2712 2358 citatus,
2749 2291 2909 2343 nimio
2926 2291 3040 2358 jam
3067 2290 3295 2343 imbutus
3322 2307 3442 2354 usu,
3468 2290 3756 2341 liberaliter
3776 2291 4065 2342 institutus.

2498 2384 2671 2444 Πολὺς
2716 2384 2815 2452 τὴν
2866 2382 3112 2435 παιδείαν
3168 2380 3423 2434 Nicolaus
3469 2380 3737 2433 Villantts.
3802 2379 4071 2433 I’ra’clara

2495 2473 2786 2527 eruditione
2811 2482 2963 2541 atque
2985 2471 3228 2524 doctrina
3256 2479 3471 2523 ornatus
3512 2488 3528 2523 :
3569 2472 3864 2524 eruditione
3890 2480 3937 2523 et
3973 2472 4070 2537 [lo-

2496 2566 2726 2619 rentibus
2743 2567 2930 2619 studiis
2958 2582 3217 2633 nunquam
3238 2583 3337 2618 non
3358 2568 3487 2617 satis
3502 2567 3807 2629 instructus,
3829 2581 4066 2632 magnus.

2498 2658 2667 2719 Πολὺς
2689 2659 2785 2726 τὴν
2806 2658 3135 2726 ἐπιστήμην,
3156 2656 3396 2711 Rettatus
3430 2656 3669 2720 Moreau,
3700 2660 3749 2707 in
3800 2656 4068 2722 perfectis-

2495 2752 2628 2802 sima
2659 2750 2945 2817 disciplina
2994 2750 3422 2817 probatissimus,
3445 2758 3489 2801 et
3521 2748 3814 2800 incredibili
3843 2749 4067 2813 quadam

2496 2843 2687 2910 ingenii
2721 2843 3075 2910 magnitudine
3128 2844 3196 2894 ad
3234 2858 3564 2911 quascunque
3628 2841 3935 2906 disciplinas
3986 2843 4069 2891 ἰκ-

2496 2935 2895 2987 structissimus.
2924 2932 3095 2996 Πολὺς
3121 2933 3226 3003 τὴν
3263 2934 3502 3002 ἱστορίαν
3522 2932 3762 2987 Jacolins
3788 2932 4068 3000 Philippus

2502 3023 2895 3085 Thomasinus,
2933 3025 3002 3075 ad
3045 3024 3349 3077 scribendas
3395 3023 3643 3077 historias
3678 3026 3907 3076 maxime
3936 3024 4065 3075 illu—

2498 3115 2622 3168 stris
2650 3132 2667 3165 :
2700 3115 2753 3166 in
2787 3114 3106 3166 illustranda
3140 3115 3451 3183 antiquitate
3484 3115 3661 3167 sedulo
3687 3116 3860 3167 studio
3890 3130 4064 3181 opprt-

828 3209 1014 3260 inrccti
1038 3220 1156 3260 sunt
1182 3207 1496 3262 Ecclesium.
1533 3208 1673 3261 Sane
1692 3208 1888 3271 Pltotii,
1915 3207 2197 3270 Cabasilte,
2236 3207 2392 3259 Pala-
2421 3216 2463 3271 ε
2498 3222 2577 3259 me
2604 3205 2805 3265 clarus,
2837 3204 3147 3272 singularis.
3169 3204 3340 3266 Πολὺς
3370 3205 3460 3256 τὸν
3487 3204 3609 3256 νοῦν
3633 3203 3868 3259 Joannes
3898 3202 4067 3257 Bour—

830 3317 953 3362 Illil‘,
980 3299 1186 3354 Nicolai
1222 3299 1614 3362 Methonensis,
1640 3298 1979 3366 aliorumque
2010 3300 2061 3351 in
2100 3298 2397 3352 Eeclesiaut

830 3393 1077 3445 Latinam
1138 3392 1629 3445 commentationes
1676 3391 2071 3459 nugacissitnas
2122 3406 2227 3443 non
2281 3389 2399 3443 sine

830 3486 986 3538 ta-dio
1041 3500 1103 3538 ac
1150 3484 1432 3537 stomacho
1466 3484 1589 3553 legi.
1623 3482 1782 3536 Pselli
1811 3483 2040 3535 similem
2074 3481 2400 3551 diSputatio-

829 3593 947 3628 nem
986 3577 1049 3628 al
1090 3578 1233 3628 hunc
1259 3574 1401 3629 diem
1436 3588 1543 3627 non
1575 3572 1796 3633 oﬂ'entli.
1826 3580 1877 3625 et
1921 3572 2152 3625 fortasse
2182 3586 2278 3624 nec
2310 3572 2398 3626 ille

829 3666 1179 3734 conscripsit.
1239 3664 1621 3718 Verumtamen
1654 3673 1736 3717 est
1777 3664 1829 3717 in
1884 3661 2229 3731 Expositione
2273 3662 2396 3730 fidei

828 3756 893 3808 ad
928 3756 1242 3809 Michaelem
1278 3756 1503 3817 Ducam,
1534 3753 1661 3807 dum
1696 3752 1764 3807 de
1787 3754 2133 3822 proccssione
2162 3753 2397 3823 Spiritus

827 3849 1000 3901 sancti
1048 3847 1213 3899 verba
1258 3844 1428 3908 facit,
1475 3859 1599 3898 eum
1655 3844 1919 3899 aIIirmare
1964 3860 2028 3898 ex
2078 3847 2194 3899 solo
2242 3846 2398 3898 Patre

828 3939 1141 4009 procedere,
1191 3951 1304 4005 quo
1337 3935 1420 3989 vel
1453 3936 1569 3990 solo
1602 3935 1821 3989 nomine
1852 3934 2001 3989 illius
2046 3935 2097 3987 in
2132 3937 2397 3990 recentio-

831 4046 948 4082 rum
974 4027 1281 4082 ereorutn
1316 4026 1529 4096 placitis
1555 4026 1964 4096 propugnandis
1996 4028 2315 4093 pertinacia,
2343 4036 2395 4080 et

831 4120 898 4173 ad
927 4120 1296 4189 pervicaciora
1348 4132 1577 4187 quinque
1625 4116 1957 4180 audendum,
2005 4118 2048 4171 si
2091 4120 2306 4173 occasio
2337 4137 2396 4174 se

834 4209 1074 4270 tulisset,
1103 4207 1319 4261 animus
1350 4208 1663 4260 innoteseit.

900 4295 1095 4348 XXIX.
1126 4296 1365 4349 Tandem
1388 4294 1501 4363 jam
1536 4310 1699 4349 senex
1736 4305 2092 4349 esanctorato
2131 4294 2394 4348 Michaele

828 4388 997 4451 Duca,
1031 4387 1146 4455 ipse
1188 4400 1403 4454 quoque
1437 4399 1466 4437 a
1512 4384 1798 4438 Botaniata
1829 4384 2133 4452 Nicepltoro
2160 4386 2394 4453 dignita—

830 4477 977 4530 tibus
1011 4475 1294 4545 spoliatus,
1319 4474 1645 4529 monachum
1685 4472 1936 4539 induens,
1975 4474 2148 4528 solum
2185 4483 2393 4528 vertere

828 4576 1053 4620 coactus
1084 4574 1167 4619 est
1204 4582 1219 4629 ;
1249 4580 1350 4618 nec
1378 4564 1546 4618 multo
1569 4573 1715 4633 post,
1753 4564 1866 4618 sive
1890 4564 2064 4626 senio,
2089 4565 2199 4618 sive
2227 4566 2388 4617 etiam

830 4671 1064 4710 maerore
1116 4656 1283 4707 vitam
1336 4654 1568 4722 posuit:
1621 4652 1783 4720 idque
1833 4652 2067 4720 conjicio
2106 4668 2171 4705 ex
2212 4654 2390 4706 verbis

828 4748 996 4799 Antia:
1014 4744 1302 4799 Comnente
1322 4742 1463 4796 Hist.
1490 4741 1581 4795 lib.
1606 4740 1782 4810 v..Sed
1805 4742 1871 4797 iis
1904 4744 2194 4811 praecipue:
2226 4742 2390 4795 Ἔνθα

830 4839 921 4889 καὶ
958 4837 1049 4888 τοῦ
1081 4835 1291 4888 Ψελλοῦ
1336 4836 1819 4905 μεταχωρήσαντος
1872 4834 2202 4895 Βυζαντόθεν
2254 4835 2390 4903 μετὰ

828 4928 923 4995 τὴν
949 4927 1271 4995 ἀπόκρκσιν,
1307 4928 1459 4996 (lego
1489 4926 1852 4996 ἁπόκαρσιν,)
1884 4925 2043 4986 αὐτὸς
2076 4925 2390 4993 φιλοσοφίας

832 5020 1051 5087 ἁπάσης
1083 5021 1304 5088 πρόεστι
1340 5017 1676 5079 διδάσκαλος,
1718 5015 1814 5069 Ubi
1863 5027 1911 5069 et
1955 5015 2130 5069 Pscllo
2160 5026 2274 5084 post
2307 5032 2390 5067 co-

830 5126 969 5161 ntam
997 5112 1266 5162 detonsant
1299 5110 1559 5179 Byzantio
1586 5108 1867 5173 secedente,
1902 5109 2010 5174 ipse
2052 5106 2223 5161 Italus
2268 5110 2390 5161 uni-

832 5217 991 5255 versa:
1026 5201 1365 5269 philosophia:
1398 5203 1645 5270 magister
1680 5212 1885 5253 creatus
1919 5209 2015 5253 est.

900 5290 1067 5345 XXX.
1104 5292 1375 5362 Quidquid
1410 5299 1589 5347 tamen
1624 5291 1718 5357 sit,
1759 5291 2007 5345 maximis
2056 5306 2177 5345 eum
2214 5291 2387 5346 laudi-

830 5381 930 5435 bus
957 5395 1310 5447 exornarunt,
1332 5390 1526 5452 prmter
1549 5382 1757 5434 Annam
1773 5380 2128 5445 Comnenam,
2155 5378 2393 5436 Joannes

829 5472 1085 5544 Scylitza,
1113 5482 1166 5528 et
1199 5473 1473 5530 Cedrcnus
1499 5474 1551 5527 in
1585 5474 1849 5543 prooemio
1875 5472 2143 5538 Historiae,
2171 5475 2387 5543 ὑπερτι-

834 5582 930 5633 μος
962 5566 1189 5629 Ψελλός,
1219 5568 1657 5621 honoratissimus
1679 5564 1904 5628 Psellus,
1939 5575 1989 5621 et
2026 5568 2077 5618 in
2111 5567 2384 5621 Stratioti-

2500 3296 2754 3350 delotius.
2792 3294 2958 3349 Plena
2982 3305 3187 3363 pectore
3216 3297 3423 3364 sapiens
3464 3312 3482 3347 :
3516 3298 3774 3363 sapientia
3811 3298 4065 3349 munitam

2502 3404 2720 3441 mentem
2738 3390 2935 3456 egregie
2952 3405 3131 3456 gerens
3165 3406 3180 3453 ;
3214 3390 3540 3442 considerate
3570 3390 3745 3441 omnia
3770 3391 4061 3458 perﬁciam.

2503 3477 2675 3539 Πολὺς
2718 3478 2816 3548 τὴν
2872 3479 3089 3547 ποίησιν
3142 3478 3381 3533 Joannes
3432 3478 3699 3543 Rhodius,
3742 3483 3793 3531 in
3850 3483 4063 3547 poeticis

2501 3570 2688 3622 studiis
2719 3569 2937 3636 miriﬁce
2960 3579 3235 3635 versatus;
3272 3570 3575 3623 admirabili
3601 3574 3826 3639 quodam
3852 3576 3918 3622 ad
3938 3588 4063 3638 poe-

2500 3663 2596 3714 sint
2626 3660 2800 3714 studio
2832 3664 3145 3725 concitatus,
3182 3665 3619 3731 pra-stantissinte
3657 3682 3774 3717 cum
3817 3665 4056 3717 omnibus

2502 3751 2670 3804 Musis
2703 3755 2961 3806 rationem
3000 3755 3200 3806 habuit.
3237 3755 3408 3816 Πολὺς
3446 3756 3542 3823 τὴν
3567 3757 3786 3824 ἀρετὴν,
3831 3757 3924 3807 καὶ
3968 3759 4064 3825 τὴν

2501 3845 2764 3913 φρόνησιν
2799 3843 3113 3901 Dominicus
3148 3844 3399 3905 Molinus,
3430 3846 3621 3897 virtute
3662 3847 3773 3910 ipsa
3810 3846 4065 3897 arcellae

2499 3938 2756 3989 tissimus.
2788 3936 2868 3989 An
2898 3952 3006 3991 non
3042 3937 3459 3991 Cicermtiannm
3492 3937 3621 3990 illud
3667 3938 3867 3990 inti-rt?
3917 3937 4062 3990 Talis

2498 4040 2572 4081 est
2602 4029 2701 4093 vir,
2730 4038 2785 4079 ut
2816 4030 2963 4081 nulla
2997 4046 3074 4081 res
3097 4038 3243 4081 tanta
3270 4031 3356 4094 sit,
3396 4046 3455 4080 ac
3482 4040 3588 4081 tam
3631 4030 3874 4096 difﬁcilis,
3906 4047 4059 4097 quam

2500 4122 2588 4174 ille
2645 4138 2745 4173 non
2789 4133 2838 4174 et
2881 4122 3100 4173 consilio
3147 4138 3353 4190 regere,
3393 4136 3441 4174 et
3480 4123 3775 4191 integritate
3817 4126 3967 4183 lucri,
4013 4137 4058 4173 et

2499 4214 2687 4264 virtute
2726 4213 2980 4278 conﬁcere
2998 4213 3162 4278 possit
3191 4230 3208 4265 :
3258 4221 3310 4265 ct
3351 4214 3568 4265 similia.
3609 4213 3697 4265 Sic
3732 4213 3940 4267 l’scllus
3978 4214 4059 4265 di-

2498 4311 2618 4352 ctus
2651 4311 2752 4363 εει,
2780 4298 2941 4360 πολὺς
2981 4300 3079 4367 τὴν
3114 4300 3374 4364 γλῶττα-ιο,
3401 4304 3554 4370 quasi
3588 4306 3794 4355 diceres
3821 4319 4058 4371 magnus,

2499 4388 2716 4449 multus,
2769 4387 3114 4438 admirandus
3167 4388 3402 4456 eloquio,
3445 4390 3733 4455 eloquentia
3780 4390 4049 4457 singulari.

2499 4475 2814 4542 Σοφώτατος
2837 4476 2999 4528 etiam
3035 4476 3236 4543 passim
3267 4478 3440 4540 audit,
3470 4478 3905 4542 sapientissimus,
3948 4489 3996 4527 ('l
4031 4497 4056 4529 :t

2498 4569 2661 4636 b'lyca
2692 4567 2745 4620 in
2775 4568 3102 4635 Annalibus,
3140 4578 3192 4622 et
3232 4585 3259 4622 a
3294 4568 3581 4623 i'lIt-tot.ltita
3615 4571 3667 4623 in
3705 4569 3962 4625 IIistoria.
3993 4572 4056 4622 Iit

2499 4656 2646 4710 illius
2681 4658 2966 4712 sententiis
2992 4697 3008 4721 ,
3057 4660 3149 4727 qui
3195 4674 3316 4712 cum
3369 4660 3542 4713 secnti
3582 4669 3727 4723 sunt,
3763 4661 4056 4727 scriptorcs

2500 4762 2596 4800 sua
2626 4746 3031 4803 Commentaria
3057 4766 3166 4805 non
3189 4751 3369 4806 minus
3392 4766 3550 4821 quam
3572 4753 3800 4807 aliorum
3831 4753 4051 4806 Patrum

2500 4840 2829 4894 testimoniis
2872 4842 3232 4896 illustrarunt.
3275 4844 3421 4897 Inter
3458 4844 3593 4897 alios
3636 4844 3889 4912 prarcipui
3925 4856 4051 4898 sunt

2497 4928 2684 4981 Nieeta
2719 4928 3155 4993 Serron,Catena
3181 4931 3579 4985 absolutissima
3617 4934 3670 4984 in
3704 4930 4047 4999 Esangcliutn

2496 5020 2653 5075 Lucae
2680 5040 2694 5086 ;
2735 5023 3009 5076 Macarius
3036 5020 3507 5092 Chrysocephalus
3548 5024 3600 5075 in
3633 5022 3825 5090 Magno
3852 5022 4050 5090 Alpba-

2502 5114 2646 5177 beto,
2681 5113 2772 5166 ubi
2802 5129 2869 5167 ex
2915 5114 3257 5169 diversorum
3298 5112 3516 5167 Patrum
3548 5113 3707 5167 dictis
3763 5112 4046 5181 Evangelia

2501 5204 2898 5272 perfectissime
2939 5207 3369 5276 interpretatur;
3414 5215 3467 5260 et
3494 5205 3729 5260 Joannes
3778 5205 4046 5257 Diaconos

2492 5294 2697 5364 Magna:
2732 5295 2989 5351 Ecclesiae
3028 5297 3212 5353 Traet.
3241 5299 3334 5359 Τίς
3374 5299 3401 5348 ὁ
3447 5298 3643 5359 σκοπὸς
3674 5296 3750 5365 τῷ
3793 5294 3909 5364 Θεῷ
3946 5296 4043 5361 τῆς

2494 5385 2713 5457 πρώτης
2741 5387 2832 5439 τοῦ
2864 5388 3165 5457 ἀνθρώπου
3220 5390 3486 5455 πλάσεως,
3529 5390 3621 5443 καὶ
3658 5389 3757 5459 τῆς
3789 5388 4043 5457 δευτέρας

2496 5479 2843 5541 ἁναπλάσεως
2882 5479 2967 5533 διὰ
2996 5479 3087 5532 τοῦ
3121 5479 3278 5532 Θεοῦ.

2569 5568 2755 5622 XXXI.
2812 5572 2943 5625 Iilttd
3010 5570 3225 5627 interim
3283 5566 3708 5624 attiutadverterc
3757 5560 4036 5621 debemus,

2322 5704 2547 5761 NOT.£.

903 5799 975 5865 (υ)
1011 5796 1185 5851 Malim
1220 5812 1391 5851 rerum
1417 5799 1711 5853 divinarum
1757 5798 1986 5866 apprime
2020 5799 2231 5866 peritus.
