4424 6450
760 420 868 481 199

2057 410 2330 470 LEOXIS
2369 414 2670 473 ALLATII

3891 414 3998 479 500

765 544 870 580 una
894 544 1015 580 cum
1048 524 1317 579 Theodori
1347 521 1629 576 Prodromi
1675 521 2066 576 dissertatione
2120 524 2186 576 de
2222 523 2322 577 Sa-
2357 535 2401 590 Α
2431 542 2573 579 anim
2611 526 2768 589 1557,
2800 526 3069 579 edendum
3106 530 3342 588 curavit,
3370 535 3644 596 pustrcma
3673 527 3789 596 ejus
3822 538 3992 597 patte,

765 620 964 687 pientia
1000 617 1186 670 Graece
1220 617 1410 677 edidit,
1444 628 1568 669 esse
1590 623 1866 682 excerpta,
1898 615 2177 667 nonnullis
2202 626 2319 668 tan-

766 722 880 765 tum
912 709 1095 764 verbis
1143 707 1467 768 immutatis.
1508 720 1570 759 ex
1611 705 1693 759 his
1752 703 1913 759 Pselli
1973 703 2195 759 Ianthis.
2254 705 2328 759 lia

765 802 865 856 Sub
904 798 1217 867 Ἀνωνὺμου
1262 796 1481 850 nomine
1525 795 1774 863 ’ἰάμϐους
1823 794 2169 863 turmatim-1i;
2217 795 2331 847 Mo-

766 890 933 944 rellus
969 889 1307 956 vulgaverat.
1344 884 1487 939 Nihil
1548 885 1749 939 minus.
1797 884 2058 938 Phronesi
2120 893 2327 937 tantum

762 990 1009 1053 excepta,
1076 981 1282 1050 reliqua
1343 990 1472 1034 sunt
1500 978 1567 1031 de
1611 978 1977 1047 philosOphia,
2039 977 2325 1040 rhetorica,

762 1086 816 1129 et
845 1075 1224 1148 grammatica,
1248 1089 1391 1143 qum,
1421 1083 1688 1143 quantum
1726 1079 1975 1140 spectent
2032 1070 2095 1123 ad
2128 1086 2327 1134 mores,

760 1167 1005 1237 judicent
1036 1168 1149 1221 alii.

836 1255 1076 1313 XXXVI.
1120 1256 1375 1327 Ejusdem
1410 1254 1775 1323 Paraphrasin
1829 1256 1881 1306 in
1919 1254 2220 1306 Aristotelis
2261 1253 2325 1303 li-

766 1355 914 1405 brum
973 1350 1110 1419 Περὶ
1166 1350 1489 1420 ἑρμηνείας,
1536 1348 1608 1401 De
1654 1348 2104 1414 interpretatione,
2162 1344 2331 1399 edidit

764 1442 953 1496 Graece
984 1441 1182 1503 Aldus,
1214 1438 1475 1503 Venetiis,
1510 1454 1633 1492 cum
1659 1440 1967 1501 Ammonio,
2017 1446 2070 1491 et
2117 1436 2332 1506 Magen-

765 1535 882 1588 tino
920 1534 1074 1588 I505.
1108 1533 1161 1587 in
1196 1532 1313 1595 l'ol.;
1347 1532 1593 1586 eamdem
1628 1530 1897 1583 latinitate
1932 1530 2187 1583 donatam
2236 1530 2327 1597 (δ),

765 1642 893 1680 cum
925 1626 1172 1694 ejusdem
1219 1624 1381 1678 Pselli
1434 1623 1764 1693 compendio
1818 1624 1875 1675 in
1916 1624 2141 1691 quinque
2188 1638 2330 1675 voce:

768 1716 1081 1786 Porphyrii,
1105 1726 1155 1769 et
1200 1715 1507 1769 Aristotelis
1540 1715 1955 1782 prwdicamenta
1983 1713 2207 1768 Basilcae
2234 1728 2327 1766 ex-

766 1808 916 1862 cudit
945 1806 1215 1861 Robertus
1239 1805 1452 1860 Winter
1481 1805 1641 1868 1542,
1679 1806 1731 1860 8.
1760 1806 1891 1871 Quae
1935 1806 2121 1857 ultima
2175 1805 2330 1873 prius

2436 633 2554 685 qua:
2594 616 2765 671 estde
2793 616 3105 687 astrologia,
3134 608 3366 681 omissa,
3412 626 3523 671 tum
3562 619 3711 686 quod
3756 618 3995 685 antiquis

2436 710 2542 764 illis
2564 716 2745 779 egeret
2771 706 3084 762 ercorum
3116 708 3335 773 tabulis,
3357 724 3587 777 quarum
3619 710 3859 762 rationes
3883 711 3997 764 suis

2438 800 2773 868 temporibus
2805 814 2913 852 non
2946 801 3081 854 satis
3115 802 3511 869 congruebant,
3544 810 3652 852 tum
3682 802 3825 868 quod
3858 814 3996 854 esset

2436 892 2696 946 mendosa
2730 902 2925 960 praeter
2959 892 3116 956 alias,
3156 902 3208 945 et
3238 908 3303 945 ex
3355 908 3417 945 ea
3462 908 3521 945 se
3562 891 3702 944 haud
3745 891 3897 953 dum,
3945 901 4001 944 ut

2437 984 2555 1052 ipse
2612 982 2898 1051 puniatur,
2966 999 3028 1037 ex
3081 983 3349 1036 sententia
3399 983 3675 1050 inplicare
3745 983 3998 1050 potuerit,

2433 1075 2593 1145 cujus
2641 1077 2761 1130 loco
2816 1076 2990 1130 Procli
3056 1077 3322 1144 splneram
3393 1076 3698 1129 substituit.
3778 1072 3993 1127 Elitum

2436 1168 2543 1221 hoc
2600 1168 2740 1223 idem
2797 1166 2950 1237 Opus
3003 1183 3067 1222 ex
3136 1165 3317 1221 Vineti
3368 1169 3818 1236 interpretatione
3865 1165 4000 1217 Tur-

2434 1260 2562 1311 noni
2626 1260 2765 1329 apud
2838 1258 3127 1313 Claudium
3201 1258 3539 1320 Michaelem,
3620 1272 3764 1311 anno
3845 1256 3997 1311 159:2.

2434 1348 2563 1404 Post
2596 1348 2843 1405 Vinctum
2883 1350 3157 1420 Xylander
3188 1362 3342 1405 suam
3369 1349 3875 1417 interpretationem
3909 1364 3999 1415 ag-

2434 1456 2653 1511 gressus
2677 1451 2781 1496 est.

2506 1533 2788 1591 XXXVIII.
2877 1536 3130 1605 Ejusdem
3240 1545 3503 1589 tractatus
3582 1535 3718 1603 Περὶ
3801 1550 3996 1603 χρυσο-

2436 1628 2634 1688 ποιίεις,
2674 1626 2749 1680 Dc
2784 1628 3243 1697 auri_conﬁciendi
3299 1629 3526 1690 ratione,
3565 1626 3630 1679 ad
3688 1624 3999 1679 Michaelem

2434 1720 2777 1774 (Ierularium
2858 1720 3225 1789 patriarcham
3305 1716 3999 1786 Constantinopolitanum,

2436 1813 2720 1867 Dominico
2740 1812 3059 1867 Pizimentio
3082 1812 3382 1867 Vibonensi
3405 1812 3718 1880 interprete,
3748 1825 3853 1865 una
3879 1825 3999 1863 eum

769 1915 914 1955 anno
954 1900 1092 1954 1540
1130 1898 1318 1954 Graece
1371 1898 1599 1955 Parisiis
1624 1900 1768 1955 edita
1801 1899 2043 1962 fuerunt,
2070 1913 2177 1951 una
2206 1913 2329 1952 eum
2369 1908 2411 1963 Β
2438 1904 2748 1959 Democrito
2772 1904 3058 1967 Abderita,
3088 1903 3339 1973 Synesio,
3375 1902 3597 1974 Pelagio
3632 1912 3681 1957 et
3728 1903 4003 1970 Stephano

766 1995 1011 2064 ejusdem
1069 1993 1472 2049 lntroductione
1512 1997 1565 2047 in
1613 2010 1703 2048 se:
1743 1994 2096 2061 Philosophia:
2126 1994 2331 2057 modos,

767 2099 822 2141 rt
849 2104 993 2143 anno
1018 2088 1175 2150 1511,
1205 2088 1290 2141 12.
1316 2086 1519 2141 Ibidem
1549 2103 1645 2155 per
1666 2086 1932 2141 Jacobum
1963 2086 2332 2142 Foscarenum

770 2179 1049 2233 Michaelis
1090 2178 1263 2232 [ilium
1311 2177 1582 2231 latinitate
1614 2177 1834 2231 donata.
1888 2177 1943 2229 In
1982 2178 2090 2230 alio
2146 2176 2337 2230 codice

770 2270 1145 2340 tuanuscripto
1203 2269 1559 2339 Paraphrasis
1606 2269 1793 2323 titulus
1840 2269 1911 2321 ita
1944 2267 2192 2333 habetur,
2229 2269 2337 2319 Παο

777 2363 1052 2432 ρὰφρασις
1070 2359 1165 2414 τοῦ
1184 2360 1320 2432 Περὶ
1342 2360 1656 2432 ἑρμηνείας,
1684 2362 1792 2413 ἀπὸ
1822 2360 2008 2429 φωνῆς
2029 2360 2119 2412 τοῦ
2146 2360 2333 2429 κυρίου

769 2454 1075 2522 Benigno
1108 2453 1201 2504 καὶ
1236 2452 1443 2505 ὑπάτου
1486 2452 1595 2503 τῶν
1638 2451 1943 2519 φιλοσόφων
1990 2451 2082 2502 τοῦ
2102 2452 2331 2504 Talia-3.

776 2544 1134 2612 Paraphrasis
1174 2544 1227 2595 in
1278 2543 1469 2596 librum
1516 2542 1593 2597 De
1648 2543 2102 2608 interpretatione,
2146 2559 2208 2595 ex
2249 2559 2335 2595 ore

770 2637 970 2691 domini
1077 2634 1381 2690 Bestarrha:
1447 2647 1495 2689 et
1576 2636 1830 2702 principis
1909 2636 2333 2701 philosophorum

773 2728 962 2783 Pselli.
1004 2726 1139 2782 IIinc
1176 2728 1353 2782 virum
1390 2727 1780 2782 Vestarchatus
1828 2726 1995 2782 etiam
2049 2728 2334 2796 dignitate,

772 2821 916 2874 unde
944 2830 1135 2890 postea
1192 2818 1517 2874 Vestarches
1565 2819 1923 2873 nobilissima:
1978 2818 2193 2873 familia:
2236 2833 2334 2871 no-

772 2929 895 2967 men
939 2913 1184 2982 irrepsit,
1222 2913 1541 2981 insignitum
1590 2911 1762 2967 fuisse
1790 2911 2123 2979 colligimus.

843 3003 1108 3058 XXXVII.
1140 3005 1393 3073 Ejusdem
1449 3005 1605 3068 liber,
1641 3004 1705 3072 (t)
1736 3006 1799 3059 de
1842 3013 2079 3073 quatuor
2125 3003 2336 3056 mathe-

773 3098 988 3151 maticis
1030 3097 1292 3159 seientiis,
1330 3096 1693 3158 aritlnnetiea,
1725 3098 1954 3161 musica,
2013 3095 2333 3166 geometria,

773 3194 957 3245 (ἕνεκα
990 3198 1043 3244 et
1077 3189 1265 3245 Latine
1290 3190 1474 3245 editus
1500 3204 1621 3242 eum
1654 3189 1775 3244 aliis
1822 3189 2157 3251 auctoribus,
2197 3186 2337 3240 Wit-

776 3282 1065 3352 temberga:
1122 3281 1279 3346 1560,
1345 3296 1445 3335 nec
1489 3296 1597 3334 non
1655 3279 1878 3335 Basilea:
1932 3297 2028 3351 per
2071 3280 2337 3335 Joannem

775 3371 1074 3440 tlporinum
1105 3370 1259 3434 1556,
1286 3370 1339 3433 8,
1374 3368 1665 3424 Cuilielmo
1712 3368 1993 3439 Xylandro
2022 3370 2340 3437 Augustano

780 3466 1097 3531 interprete,
1153 3478 1275 3515 cum
1336 3462 1613 3514 nonnullis
1666 3461 1909 3528 ejusdem
1947 3461 2207 3531 Xylandri
2249 3474 2343 3512 an-

779 3550 1152 3605 notationibus
1178 3550 1230 3603 in
1268 3550 1539 3603 eumdem.
1572 3550 1785 3614 Quibus
1814 3551 2047 3603 accessit
2077 3547 2341 3619 Xylandri

782 3644 851 3697 de
883 3642 1255 3712 phil050phia,
1287 3652 1341 3696 et
1372 3642 1499 3709 ejus
1527 3642 1772 3711 partibus
1800 3656 2040 3705 carmen,
2102 3653 2155 3695 et
2207 3656 2341 3693 non-

788 3734 935 3787 nulla
967 3734 1072 3786 alia
1126 3733 1367 3785 carmina
1407 3732 1609 3786 diversi
1656 3734 1983 3802 argumenti.
2041 3732 2190 3803 Opus
2243 3733 2344 3787 hoc

783 3827 992 3894 primus
1026 3825 1209 3878 Roma:
1245 3824 1433 3878 Cra-ce
1469 3825 1889 3892 imprimendum
1919 3826 2129 3877 curavit
2181 3828 2347 3879 Arse-

784 3921 908 3973 nius
958 3917 1340 3972 Monembasiie
1371 3918 1675 3985 episc0pus,
1708 3919 1762 3971 in
1794 3932 1900 3987 qua
1929 3917 2171 3972 editione
2209 3920 2347 3971 scri-

785 4022 986 4080 pserat,
1049 4010 1316 4062 incertum
1367 4024 1512 4069 esse.
1574 4008 1735 4063 Pselli
1808 4026 1875 4063 ne
1932 4023 1997 4061 an
2071 4010 2346 4079 Euthymii

783 4101 1073 4170 cujusdam
1119 4098 1233 4171 [‘25]
1257 4115 1395 4169 opus
1421 4110 1585 4164 esset,
1628 4101 1899 4169 plerisque
1945 4112 2123 4153 tamen
2184 4101 2345 4156 Pselli

786 4195 981 4249 videri.
1013 4194 1123 4246 Kal.
1169 4193 1340 4244 ταῦτα.
1392 4191 1469 4260 τῷ
1514 4192 1718 4261 ταύτης
1769 4194 1960 4262 πατρὶ,
1995 4194 2102 4245 εἴτε
2141 4193 2348 4255 Ψελλὸς

786 4286 875 4355 ἡν,
898 4287 973 4349 ὼς
996 4288 1105 4347 τοῖς
1131 4284 1340 4337 πλείοσι
1361 4284 1529 4348 δοκεῖ,
1549 4284 1949 4352 εῖτἘὺοὺμιος,
1970 4284 2345 4352 χαριζόμενος.

792 4377 1097 4445 lmpressus
1192 4388 1411 4443 quoque
1503 4381 1587 4427 est
1664 4373 1778 4442 (ιι)
1852 4371 2079 4427 Parisiis
2165 4374 2350 4428 Gnece

790 4484 937 4521 anno
1006 4467 1165 4530 1515,
1218 4466 1308 4530 12,
1371 4482 1468 4536 per
1536 4463 1797 4519 Jacobem
1856 4464 2180 4534 Bogardum.
2231 4465 2348 4520 Non

2438 1993 2827 2058 Alexandrino,
2869 1995 2937 2047 de
2973 2009 3163 2064 magna
3193 2004 3247 2049 et
3285 2008 3443 2048 saera
3507 2006 3653 2057 arte,
3702 1992 3883 2046 editus
3921 2001 4005 2045 est

2440 2084 2644 2139 Patavii
2678 2084 2817 2154 apud
2872 2083 3147 2140 Simonem
3203 2085 3561 2156 Galignanum
3639 2085 3796 2148 1572,
3859 2084 3913 2136 in
3948 2084 4000 2135 S.

2439 2178 2575 2233 Dieti
2606 2184 2861 2231 auctores
2885 2192 3006 2230 cum
3039 2177 3314 2245 plerisque
3363 2176 3483 2230 aliis
3520 2175 3585 2228 de
3643 2175 3831 2227 eadem
3863 2184 4001 2235 arte,

2438 2277 2577 2328 inter
2602 2290 2739 2342 quos
2774 2272 3030 2344 praecipui
3054 2284 3217 2327 erunt
3264 2270 3539 2333 Zosimus,
3581 2269 4002 2339 Olympiodorns

2440 2366 2820 2430 Christianus;
2856 2375 2909 2419 et
2942 2363 3186 2418 carmine
3250 2361 3595 2423 Heliodorus,
3654 2360 4001 2419 Ilierothens.

2440 2458 2875 2527 Theophrastus,
2914 2454 3240 2517 Archelaus,
3274 2464 3326 2507 et
3356 2454 3447 2507 alii
3479 2467 3585 2506 non
3620 2451 4001 2505 contemnendi

2440 2551 2622 2618 lingua
2658 2548 2873 2611 Latina,
2932 2546 3118 2600 Graace
3174 2557 3228 2600 et
3278 2544 3469 2599 Latine
3533 2553 3699 2601 tntum
3755 2552 4000 2596 nostrum

2439 2642 2715 2695 variorum
2764 2641 3115 2708 antiquorum
3167 2639 3443 2702 volumen,
3504 2653 3625 2690 cum
3681 2637 3889 2690 nostris
3935 2636 4001 2689 de

2440 2733 2625 2786 eadem
2658 2748 2715 2786 re
2750 2730 3080 2792 traetatulis,
3116 2730 3167 2782 ni
3196 2730 3331 2784 meis
3358 2728 3558 2783 studiis
3593 2743 3805 2797 semper
3835 2726 4001 2780 Musa.-

2440 2822 2685 2875 adversae
2719 2820 2943 2883 fuerint,
2992 2818 3254 2888 chytniem
3300 2818 3432 2871 artis
3465 2816 3662 2871 deditis
3693 2831 3802 2869 non
3854 2815 3997 2883 inju-

2441 2917 2699 2979 cundum,
2760 2912 3098 2968 conllabunt.
3156 2910 3707 2965 Animadvertendum
3753 2908 3939 2968 etiam,
3972 2923 4002 2959 a

2440 3007 2770 3060 Pizimentio
2823 3004 2963 3058 male
2988 3001 3272 3072 epistolam
3322 3000 3485 3054 Pselli
3546 3000 3612 3054 ad
3663 2999 3999 3069 Xiphilinum

2442 3098 2726 3160 dilectam,
2765 3098 2836 3166 (υ)
2874 3095 2964 3165 qui
2996 3093 3235 3147 Joannes
3270 3091 3573 3156 dicebatur,
3604 3106 3711 3146 non
3752 3090 4000 3150 Michael,

2444 3188 2548 3241 nisi
2612 3188 2843 3241 velimus
2890 3186 3071 3239 dicere
3120 3185 3357 3237 Pselluni
3414 3187 3660 3236 eumdem
3717 3192 4003 3235 tractatum

2444 3286 2654 3331 mutato
2686 3278 2804 3331 solo
2837 3278 3055 3330 nomine
3090 3275 3283 3329 amicis
3318 3274 3563 3341 pluribus
3611 3272 4003 3333 divenditasse,

2443 3370 2586 3439 quod
2634 3369 2757 3423 aliis
2788 3369 2948 3422 etiam
2984 3368 3225 3423 solemne
3260 3366 3383 3420 fuit.
3416 3365 3482 3419 Et
3533 3379 3600 3417 ne
3634 3363 3769 3415 alios
3808 3374 4002 3415 recen-

2446 3463 2635 3525 sendo,
2690 3469 2904 3529 tempus
2951 3468 3254 3519 conteram,
3312 3458 3446 3511 satis
3491 3454 3622 3508 mihi
3684 3452 3789 3507 erit
3836 3466 4003 3505 unum

2449 3548 2561 3620 [26]
2588 3558 2798 3601 tantum
2823 3549 2875 3601 in
2908 3548 3148 3603 medium
3172 3547 3389 3606 alferre,
3417 3544 3557 3611 quod
3588 3543 3657 3596 ob
3683 3540 4005 3609 dignitatem

2447 3642 2712 3704 auctoris,
2747 3639 2942 3692 mirum
3002 3636 3281 3691 nonnullis
3331 3632 3623 3685 videbitur.
3680 3629 3814 3692 Quis
3862 3630 4005 3679 enim

2447 3734 2634 3791 credet
2699 3732 3019 3793 Isocratem,
3076 3738 3355 3783 oratorum
3411 3724 3541 3777 illud
3610 3736 3670 3774 ac
3730 3720 4005 3772 rhetorum

2450 3841 2677 3889 numen,
2712 3824 2865 3893 quasi
2902 3839 3080 3876 rerum
3114 3817 3453 3889 argumentis
3504 3814 3847 3876 destitutum,
3887 3809 4004 3863 ino-

2451 3916 2647 3984 piaque
2736 3916 2871 3967 artis
2935 3912 3067 3965 adeo
3130 3911 3355 3969 rudem,
3420 3919 3581 3959 unam
3651 3901 4010 3966 eamdemque

2450 4011 2772 4072 orationem,
2799 4008 2918 4075 ejus
2944 4004 3163 4059 nomine
3202 4003 3375 4057 solum
3424 4000 3734 4057 itntnutato,
3762 3993 3828 4045 ad
3851 4008 4011 4061 quem

2451 4101 2741 4161 direxerat,
2776 4099 3069 4166 paucisque
3098 4095 3240 4155 aliis,
3272 4089 3545 4160 pluribus,
3586 4101 3708 4139 raro
3740 4082 4009 4150 exemplo,

2452 4188 2824 4257 inscripsisse,
2856 4186 3000 4254 quod
3028 4188 3159 4238 licet
3199 4183 3397 4235 sileant
3442 4178 3563 4232 libri
3621 4177 3898 4229 rhetorum
3956 4172 4011 4223 in

2454 4285 2600 4337 hunc
2640 4281 2781 4335 diem
2831 4278 2984 4341 editi,
3015 4275 3153 4330 [orte
3184 4274 3320 4327 tanti
3369 4271 3615 4340 magistri
3683 4264 4008 4325 reverentia,

2454 4390 2562 4428 non
2596 4374 2767 4426 tacuit
2798 4382 2980 4425 tamen
3023 4378 3213 4423 auctor
3246 4366 3323 4421 illi
3348 4364 3640 4433 σύγχρονος
3672 4359 3901 4429 epistola
3945 4360 4009 4408 ad

2454 4465 2760 4534 Philippum
2792 4478 2991 4532 regem.
3025 4460 3228 4513 Locum
3258 4473 3324 4512 eo
3366 4457 3621 4509 libentius
3681 4453 3767 4505 hie
3796 4449 4013 4503 ascribo

791 4560 962 4613 multo
1017 4569 1137 4626 post
1209 4558 1353 4611 Elias
1419 4556 1663 4616 Vinetus,
1744 4556 1892 4624 quod
1982 4558 2164 4611 nullus
2221 4568 2347 4612 ante
2378 4561 2584 4629 unia
2626 4555 3027 4627 pulcherrimus
3088 4560 3191 4613 est,
3224 4558 3277 4603 et
3328 4562 3505 4607 rarus,
3537 4546 3614 4614 (ετ)
3664 4553 3717 4597 et
3765 4559 3794 4595 a
3842 4542 4059 4596 nullo.-

791 4664 937 4714 eum,
961 4663 1108 4704 anno
1134 4648 1288 4716 1555,
1316 4648 1523 4718 primus
1544 4645 1797 4700 Latinum
1842 4646 1987 4708 fecit,
2025 4646 2356 4719 Parisiisque

2458 4650 2600 4720 quod
2628 4648 2817 4710 sciam,
2850 4647 3191 4700 observatos.
3240 4640 3468 4709 Ὁμοίως
3496 4637 3549 4688 δὲ
3586 4638 3677 4687 καὶ
3701 4632 4015 4699 Ἰσοκράτης

2286 4762 2521 4819 NOTAE.

872 4856 940 4913 ts)
991 4853 1180 4905 Latina
1234 4852 1412 4905 versio
1471 4855 1865 4920 paraphrasms
1919 4851 2076 4903 Pselli
2138 4854 2188 4905 in
2262 4854 2353 4906 Iih.

802 4927 934 4993 Περὶ
959 4924 1276 4993 ἑρμηνείας,
1303 4922 1483 4993 studio
1508 4923 1871 4988 quorumdam
1902 4923 2202 4993 amicorum
2234 4921 2350 4976 Nic.

797 4991 1151 5047 Martitnbosii
1180 4993 1377 5060 prodiit
1406 4991 1579 5045 I’aris.
1625 4992 1782 5053 1559,
1816 4993 1867 5043 4.
1910 4992 2187 5045 Edittones
2213 5009 2353 5057 quo-

798 5081 903 5129 que
946 5065 1197 5117 Venetam
1256 5062 1413 5115 1511.
1478 5063 1568 5114 fol.
1602 5069 1655 5114 et
1708 5061 2075 5115 Basileensem
2106 5078 2156 5114 a.
2196 5062 2351 5116 1512.

802 5143 1066 5186 memorat
1102 5132 1375 5185 Labbeus.
1430 5134 1619 5185 Exstat
1646 5143 1700 5185 ct
1746 5131 1906 5185 Pselli
1934 5134 2265 5185 introductio
2298 5136 2350 5185 in

801 5219 893 5257 sex
933 5203 1289 5272 philosophia:
1330 5202 1520 5255 modos
1568 5212 1622 5272 et
1673 5203 2058 5269 compendium
2110 5203 2353 5269 quinque

804 5271 996 5327 vocum
1058 5271 1341 5340 Porphyrii
1398 5284 1443 5324 et
1474 5272 1540 5325 de
1595 5271 1797 5340 decent
1858 5274 2173 5339 categoriis,
2253 5272 2293 5325 Υ

802 5353 914 5398 net.
947 5344 1107 5404 i552,
1138 5339 1259 5395 eum
1292 5342 1542 5395 versione
1565 5340 1749 5395 Jacobi
1784 5339 2097 5394 Foseareni.

873 5412 937 5481 (t)
976 5414 1129 5465 llunc
1165 5412 1360 5464 lihrunt
1398 5413 1475 5477 (in
1520 5427 1626 5479 quo
1681 5413 1847 5463 multa
1885 5428 1915 5465 e
1972 5411 2193 5465 Theone
2224 5412 2351 5467 deli-

802 5484 947 5553 bata)
972 5484 1192 5553 Psellus
1232 5490 1465 5535 testatur
1513 5499 1570 5553 se
1631 5481 1922 5549 scripsisse
1962 5497 2103 5535 anno
2132 5481 2347 5536 erco-

804 5552 1117 5615 rnm'65I6,
1154 5552 1206 5605 h.
1233 5566 1280 5603 e.
1319 5552 1523 5605 Christi
1561 5553 1716 5607 1008.

878 5626 953 5690 (tt)
991 5621 1227 5676 vellt'lIiS
1268 5637 1484 5691 quoque
1533 5638 1675 5675 aiiuo
1713 5621 1869 5681 1552,
1923 5621 1979 5683 8,
2014 5638 2134 5689 qua:
2184 5622 2348 5673 editio

803 5695 987 5747 Graeca
1025 5693 1265 5745 occurrit
1308 5691 1488 5745 Retine
1530 5695 1580 5746 in
1624 5692 1752 5745 bibl.
1791 5692 2105 5745 Barberina.
2160 5691 2347 5745 Latina

807 5781 932 5817 τετυ
994 5762 1246 5831 Xylandri
1308 5762 1679 5827 interpretatio
1760 5778 1948 5814 I‘L'Cllau
2008 5762 2177 5831 Lugd.
2233 5761 2344 5813 Bal.

809 5834 964 5895 1617,
994 5836 1047 5886 in
1077 5834 1124 5884 8.
1154 5832 1416 5885 LII‘t‘IIlllll
1446 5834 1683 5887 I'svllide
1706 5832 1927 5893 Musit'a,
1950 5849 2008 5885 ex
2038 5832 2135 5885 hoc
2162 5831 2351 5885 Tetra-

2253 5272 2355 5327 V'c-

2459 4853 2606 4907 biblo
2639 4850 2957 4917 Lampertus
2990 4845 3221 4898 Alardus
3255 4840 3574 4917 cumlatina
3609 4855 3705 4893 sua
3744 4840 4016 4917 interpre-

2463 4906 2671 4975 tatione
2726 4906 2961 4985 stihjecit
3022 4918 3157 4969 libro
3214 4929 3313 4967 suo
3372 4913 3437 4965 de
3491 4923 3732 4964 veterum
3789 4906 4016 4969 Mustca,

2463 4993 2829 5055 Scltlensingze
2860 4986 3015 5045 1656,
3055 4985 3138 5037 12.

2531 5063 2601 5129 (ιι)
2644 5048 2816 5113 Etiam
2874 5061 2926 5109 in
2960 5054 3381 5129 Graicogcodiee
3432 5051 3590 5129 regio
3630 5048 3803 5129 Paris:
3865 5050 4022 5129 cujus.

2459 5117 2831 5200 apogt'aplIUIti
2871 5124 3394 5200 bifllejidt-l-IIIIISII'IS
3421 5117 3517 5172 \iri
3556 5119 3706 5200 gauli
3744 5117 4020 5200 Vindingii

2460 5188 2732 5269 possideo,
2766 5194 3261 5269 nomenXipltilini
3314 5202 3520 5269 castae:
3560 5189 3664 5269 Τοῦ
3719 5188 4023 5269 μακςιρίτου

2459 5256 2551 5322 icui.
2585 5256 2857 5336 rravcozpou
2888 5256 3095 5317 Ψελλοῧ
3134 5262 3385 5330 ἐπιστολὴ
3422 5260 3554 5329 πρὸς
3594 5260 3688 5336 τὸν.
3724 5256 4024 5336 meum;

2461 5328 2805 5409 πατριάρχηῆ
2882 5334 3153 5403 Ξιφιλῖνον
3193 5333 3332 5409 ⁸τεξςῇ
3361 5328 3383 5409 _‘
3405 5328 3774 5409 xpuoorrotiag.
3802 5398 3811 5409 _
3842 5328 3910 5406 At
3971 5329 4023 5409 in

2452 5398 2640 5465 codice
2673 5398 3084 5463 'Viiidobon'ensi
3141 5404 3206 5454 ad
3255 5398 3566 5453 Michaelem
3629 5398 4025 5465 (tierularium)

2457 5483 2729 5549 dirigitur,
2768 5477 2858 5549 τοῦ
2893 5474 3218 5549 λοχιᾼιρξτᾴςορ
3263 5472 3355 5549 mi.
3402 5470 3677 5549 πανσόφογ
3720 5466 4024 5549 ὑπερείμου

2457 5534 2624 5620 κυρεῖ)
2650 5534 2979 5620 Μίχαὴλ-τοῦ
3003 5541 3360 5620 “felicia-.259".
3385 5534 3735 5609 χρυσοποιιας
3779 5534 4027 5605 apes,sz

2460 5611 2800 5688 παέριάρχῆν
2822 5611 3012 5688 δεύρέον
3041 5611 3277 5688 Μιχαὴλ·
3526 5678 3537 5688 .
3629 5678 3646 5688 .
3665 5677 3696 5688 ..
3743 5677 3773 5688 _.

2532 5677 2606 5755 (ὦ)
2653 5677 2987 5757 1ἠ”‹ἶνὶδιόιὶε
3039 5677 3442 5736 Socraticorum
3492 5678 3558 5733 ab
3615 5677 3814 5732 Allitio
3864 5677 4029 5730 editis

2462 5777 2509 5829 ιι,
2548 5762 2634 5812 tit}.
