4424 6450
373 431 471 495 501

1560 425 1922 487 ΒῘΑἸἭῙΒᾹ
1964 426 2061 486 DE
2095 428 2404 489 PSELLIS

3496 421 3604 487 502

372 541 556 612 ἐπειδὴ
600 542 713 605 νέος
769 543 864 610 μὲν
912 539 986 593 ὢν
1018 540 1094 604 εἰς
1124 541 1212 594 τδν
1256 541 1425 610 δῆμον
1473 541 1611 609 μετὰ
1668 536 1934 605 Τιμοθέου
1968 543 2007 597 Α
2043 556 2119 608 opt

1855 536 2007 597 ξουΑ
2043 541 2344 608 operatione
2402 539 2698 593 daemonum
2762 538 2900 593 liber
2971 536 3001 592 é
3062 536 3249 592 Grmco
3325 536 3380 591 in
3451 535 3602 591 Lati-

374 636 494 689 καθ’
542 636 694 705 ὑμῶν
749 635 1040 698 ἐπιστολὰς
1102 634 1331 705 αἰσχρὰς
1388 634 1657 703 ἔγραφεν,
1717 632 1832 684 νυνὶ
1871 630 1925 683 δὲ

374 727 687 797 πρεσϐύτης
723 727 818 789 ὢν,
865 726 1055 795 ὥσπερ
1103 723 1265 788 ἑκὼν,
1303 724 1335 793 ἢ
1375 724 1582 792 φθονῶν
1613 724 1680 775 τὰ
1712 723 1939 773 πλεῖστα

373 817 483 868 τῶν
566 818 692 886 ὑμῖν
790 816 1146 886 ὑπαρχόντων
1210 814 1431 883 ἀγαθῶν
1511 814 1934 884 παραλέλοιπεν.

390 907 726 961 Ἀπὲσταλκε
755 908 812 961 δέ
836 926 917 961 σοι
950 908 1126 975 λόγον,
1163 908 1222 960 ὃν
1246 908 1306 960 τδ
1335 908 1433 977 μὲν
1456 908 1670 977 πρῶτον
1704 904 1940 973 ἔγραψεν

388 1000 717 1070 Ἀγησιλάῳ,
776 1001 946 1071 μικρὰ
988 999 1349 1063 διασκευάσας
1377 998 1602 1067 ὓστερον
1636 998 1833 1051 ἐπώλει
1863 996 1940 1063 τῷ

377 1090 626 1151 Σικελίας
682 1092 929 1160 τυράννῳ
974 1091 1254 1161 Διονυσίῳ.
1281 1089 1352 1143 Τὸ
1410 1090 1465 1142 δὲ
1502 1089 1682 1160 τρίτον
1722 1088 1790 1140 τὰ
1846 1089 1942 1157 μὲν

376 1177 613 1247 ἀφελὼν,
640 1179 706 1231 τὰ
730 1180 789 1232 δὲ
814 1181 1068 1249 προσθεὶς
1092 1181 1454 1250 ἐμνήστευσεν
1498 1178 1823 1246 Ἀλεξάνδρῳ
1866 1176 1941 1245 τῷ

375 1267 653 1338 Θετταλῷ,
682 1269 741 1322 τὸ
762 1270 817 1323 δὲ
842 1270 1151 1324 τελευταῖον
1181 1272 1273 1323 νῦν
1298 1270 1434 1338 πρὸς
1463 1270 1519 1323 σὲ
1555 1270 1823 1339 γλὶσχρως
1846 1268 1938 1320 αὐ-

380 1361 473 1411 τὸν
526 1363 911 1431 ἀπηκόντισεν.
970 1362 1024 1417 ld
1097 1374 1218 1419 est:
1274 1361 1532 1417 Similiter
1578 1374 1622 1416 et
1677 1362 1938 1415 Isocrates

371 1451 579 1518 juvenis
618 1454 811 1517 adhuc,
845 1470 948 1507 una
978 1471 1093 1508 cum
1128 1455 1416 1517 Timotheo.
1471 1465 1655 1508 contra
1708 1471 1797 1508 vos
1834 1454 1943 1523 epi-

378 1544 545 1597 stolas
583 1545 788 1612 probris
817 1546 1000 1613 plenas
1027 1548 1093 1600 ad
1116 1550 1360 1615 populum
1414 1547 1780 1614 scriptitabat;
1807 1562 1941 1598 nunc

380 1652 572 1701 senex,
635 1639 740 1691 sive
793 1639 991 1702 volens,
1050 1641 1156 1692 sive
1217 1640 1502 1693 invidentia
1560 1641 1808 1702 percitus,
1859 1653 1939 1689 res

382 1736 581 1779 vestras
602 1744 759 1795 quant
780 1730 1061 1795 plurimas,
1084 1746 1274 1799 easque
1289 1730 1451 1784 bonas
1474 1730 1685 1783 silentio
1718 1738 1937 1797 prwter-

381 1819 462 1869 iit.
502 1816 751 1887 Misitque
774 1822 843 1872 ad
879 1831 923 1875 te
963 1823 1274 1887 orationem,
1316 1839 1472 1891 quam
1510 1825 1731 1888 primum
1755 1823 1937 1889 Agesi-

2043 646 2171 684 num
2208 631 2283 699 (y)
2325 644 2624 684 conversus
2653 639 2733 683 est
2766 645 2793 682 a
2843 631 3003 685 Petro
3034 628 3253 684 Morello
3300 629 3374 697 (ι)
3421 626 3603 682 Τιιτοι

2042 725 2222 788 nensi,
2251 724 2535 793 editusque
2572 723 2761 777 Latine
2797 738 2919 776 cum
2969 720 3291 776 Prae-latione
3321 720 3600 773 Francisci

2044 816 2396 871 Fenardcntii
2454 815 2682 871 Parisiis
2717 814 2857 883 apud
2907 814 3232 869 Gulielmum
3295 811 3601 866 Chaudiere

2044 908 2201 961 1577.
2232 907 2284 969 8.
2312 916 2365 960 et
2388 921 2532 960 anno
2571 906 2726 961 1615.
2762 905 2987 961 Luretia:
3038 904 3372 959 Parisiorum
3402 903 3544 955 notis
3573 916 3601 953 τι

2043 1016 2100 1055 se
2133 1002 2462 1054 illustratum
2526 1000 2732 1067 primus
2791 996 2977 1052 Grmce
3026 998 3111 1068 (ex
3143 995 3361 1049 duobus
3409 1009 3601 1046 manu-

2043 1094 2264 1161 seriptis
2292 1109 2391 1148 suo
2416 1101 2468 1147 et
2496 1091 2727 1162 Morelli)
2758 1090 2929 1147 edidit
2953 1089 3227 1144 Gilbertus
3257 1086 3601 1145 (laulminus,

2043 1199 2165 1237 curn
2210 1185 2659 1254 interpretatione
2690 1185 2878 1238 Latina
2906 1182 3148 1251 ejusdem
3184 1178 3411 1234 Morelli.
3439 1176 3600 1231 Plura

2043 1278 2171 1329 item
2230 1291 2294 1330 cx
2346 1276 2532 1330 eodem
2594 1275 2815 1346 Dialogo
2868 1282 3147 1341 excerpta,
3198 1270 3391 1325 Latina
3460 1268 3601 1325 facta

2043 1366 2234 1421 JOanni
2257 1366 2467 1430 Medici,
2504 1382 2609 1422 una
2636 1384 2755 1421 cum
2787 1368 2911 1422 aliis
2932 1382 2995 1422 ex
3028 1364 3354 1427 Jamhlicho,
3384 1361 3597 1425 Proclo,

2044 1455 2366 1528 Porphyrio,
2404 1457 2683 1513 Marsilius
2715 1459 2940 1513 Ficinus
2990 1462 3427 1524 nuncupaverat.
3463 1451 3600 1505 Ges-

2044 1563 2214 1604 nerus
2252 1552 2517 1620 scriptum
2554 1551 2796 1621 reliquit,
2831 1549 3067 1604 Psellum
3107 1549 3245 1602 duos
3277 1548 3343 1600 de
3390 1545 3603 1598 Dauno-

2044 1639 2207 1694 nibus
2257 1640 2431 1696 libros
2484 1641 2796 1711 scripsisse,
2865 1654 3005 1708 quos
3066 1638 3266 1707 Diegus
3323 1633 3603 1688 Hurladus

2043 1726 2287 1783 Venetiis
2333 1730 2670 1800 possidebat,
2732 1730 3029 1797 excusique
3074 1734 3231 1781 erant
3286 1724 3479 1781 Latine
3547 1723 3599 1774 in

2043 1819 2250 1873 ofﬁcina
2287 1821 2428 1875 Aldi.
2462 1821 2533 1875 De
2563 1820 2810 1875 llurtado
2860 1820 2992 1874 nihil
3061 1820 3204 1872 dico.
3265 1816 3338 1871 De
3386 1814 3597 1868 ollicina

382 1905 469 1957 lao
535 1909 899 1975 inscripseral,
957 1920 1005 1965 et
1062 1914 1244 1980 paucis
1322 1915 1619 1966 immutatis
1689 1913 1939 1982 Dionysio
1974 1932 2012 1985 Β
2043 1911 2161 1965 Aldi
2201 1910 2396 1966 falsum
2430 1924 2512 1967 εει
2542 1912 2614 1967 ibi
2652 1912 2751 1965 hos
2783 1911 2920 1965 duos
2956 1911 3123 1964 libros
3155 1908 3223 1963 de
3263 1906 3602 1961 daemonibus

380 1996 580 2050 Sicilia:
639 2010 863 2068 tyranno
919 2003 1151 2056 venalem
1174 2004 1431 2065 exhibuit,
1466 2006 1700 2069 tertium,
1757 2006 1938 2058 multis

376 2088 575 2143 additis
636 2094 917 2163 multisque
973 2095 1249 2156 detractis.
1319 2095 1627 2149 Alexandro
1689 2095 1939 2150 Thessalo

375 2178 673 2245 despondit,
705 2198 843 2236 nunc
884 2184 1093 2238 tandem
1145 2186 1214 2239 ad
1264 2195 1311 2239 te
1358 2186 1709 2249 illiberaliter,
1758 2196 1813 2238 ut
1864 2188 1938 2239 ita

374 2270 551 2323 dicam
576 2271 877 2340 ejaculavit.
916 2274 1389 2345 Elegantissimem
1420 2278 1584 2344 hanc,
1613 2286 1664 2333 et
1693 2279 1931 2344 reliquas

376 2358 622 2417 Socratis
670 2371 723 2416 et
751 2367 979 2419 aliorum
1004 2365 1409 2422 Socraticorum
1434 2369 1690 2438 epistolas
1717 2367 1939 2423 Latinas

371 2451 488 2521 jam
520 2461 679 2508 antea
713 2469 741 2507 a
772 2472 858 2510 me
889 2456 1084 2519 factas,
1116 2460 1459 2529 antiquitatis
1516 2460 1936 2530 vestigatoribus

376 2547 781 2611 quamprimum
810 2550 1247 2603 communicabo.
1298 2551 1401 2605 Sed
1456 2552 1519 2604 ad
1578 2566 1713 2615 rem,
1768 2552 1937 2605 Lilius

377 2632 649 2700 Gyraldus
672 2634 1004 2709 Dialogismo
1026 2642 1057 2696 8
1076 2653 1285 2709 narrat,
1321 2643 1557 2697 libellum
1590 2643 1751 2705 hunc,
1776 2657 1935 2711 quem

378 2737 543 2781 vocat
574 2730 879 2795 aureolum,
909 2732 1050 2787 inter
1077 2743 1420 2802 pervetustos
1461 2734 1677 2789 codices
1720 2733 1937 2787 Graecos

376 2825 678 2887 repertum,
711 2835 987 2891 manuque
1019 2840 1117 2879 sua
1152 2826 1485 2894 exscriptum
1550 2826 1676 2879 Pico
1735 2824 1937 2878 Miran-

373 2911 520 2965 dulae
582 2926 642 2967 se
696 2914 1002 2979 tradidisse,
1048 2932 1450 2986 exornasseque
1508 2916 1611 2972 hoc
1663 2919 1936 2987 epigram-

372 3012 557 3058 male:

371 3202 434 3263 Si
459 3205 607 3281 _v_elut
630 3206 911 3281 /Esgnides
951 3209 1239 3279 Nepheleia
1276 3214 1468 3266 vellera
1506 3214 1723 3281 (μιαν-ιε,

446 3272 573 3328 Non
609 3293 701 3350 per
730 3277 967 3350 Cyaneas
998 3272 1092 3334 illa
1131 3284 1348 3350 petenda
1374 3272 1571 3350 petras.

368 3349 573 3415 Siqua:
604 3348 874 3402 Tantaleis
903 3348 1166 3403 latuerunt
1198 3348 1399 3405 aedibus
1418 3354 1580 3412 Atrei,

448 3420 577 3471 Non
603 3435 666 3471 ea
701 3418 953 3471 Tantalea
970 3420 1158 3487 fraude
1186 3422 1427 3489 paranda
1473 3425 1585 3479 tibi.

365 3490 717 3554 Hesperidum
743 3489 789 3539 si
821 3488 963 3539 mala
983 3492 1125 3556 cupis
1156 3488 1360 3543 servata
1378 3493 1647 3557 Dracone,

448 3557 576 3610 Non
608 3575 734 3624 opus
765 3557 1043 3618 Herculeo,
1077 3558 1218 3623 Pice,
1251 3561 1426 3612 labore
1467 3563 1580 3615 tibi.

363 3628 428 3681 Si
453 3629 713 3695 quidquid
744 3628 909 3694 nigris
941 3630 1059 3680 auri
1090 3629 1326 3695 defertur
1376 3630 1440 3682 ab
1482 3630 1652 3688 Indis.

505 3713 575 3749 an
596 3707 673 3749 est
701 3712 818 3768 cum
845 3699 1079 3768 trucibus
1111 3716 1288 3768 pugna
1316 3701 1500 3766 futura
1541 3704 1684 3768 feris.

364 3764 484 3833 |27|
526 3768 587 3819 Si
618 3767 868 3833 quidquid
892 3764 1054 3835 Lydis
1090 3770 1164 3819 vel
1195 3764 1363 3821 lberis
1397 3764 1617 3822 volvitur
1659 3775 1833 3836 undis,

437 3838 561 3889 Non
601 3838 697 3887 tibi
724 3852 815 3901 per
842 3846 1011 3899 gentes
1054 3837 1209 3903 longa
1242 3839 1451 3890 terenda
1489 3842 1575 3891 uia
1601 3854 1699 3893 est.

362 3904 574 3963 Omnes
606 3922 722 3958 ecce
762 3905 854 3957 tibi
878 3907 1082 3973 ignotos
1106 3922 1413 3974 quacmrque
1442 3912 1731 3974 parandos,

437 3976 767 4040 Thesauros,
804 3991 963 4043 parvo
990 3977 1167 4029 codice
1193 3976 1398 4031 Psellus
1425 3981 1595 4033 habet.

430 4179 583 4232 Hinc
608 4178 865 4248 frequens
898 4179 1045 4233 illius
1080 4181 1304 4246 mentio,
1340 4190 1388 4234 et
1412 4183 1681 4237 dictorum
1708 4200 1930 4239 examen

356 4272 506 4340 apud
576 4269 845 4323 Joannem
901 4268 1255 4324 Franciscum
1320 4270 1506 4325 Picum
1565 4276 1617 4327 in
1679 4276 1832 4329 libris
1868 4278 1934 4331 de

354 4364 537 4427 Auro,
584 4362 681 4416 sed
716 4363 985 4429 prmcipue
1034 4376 1154 4431 cap.
1219 4365 1253 4416 2
1309 4364 1404 4417 lib.
1450 4381 1508 4430 ll,
1578 4366 1935 4423 Democritij
1986 4363 1994 4373 ’

355 4460 518 4505 serue
583 4460 637 4503 et
716 4450 1029 4502 Abtlcritica:
1084 4452 1216 4503 inter
1276 4453 1581 4507 Aristotelis
1630 4456 1933 4524 interpretes

2043 2016 2166 2056 esse
2216 2002 2535 2071 impressos,
2589 2017 2712 2056 cum
2750 2002 2802 2055 in
2848 2002 2935 2055 illa
2999 2000 3234 2054 editione
3264 1996 3398 2052 nihil
3456 1996 3505 2049 al
3533 1998 3601 2048 ad

2044 2094 2435 2159 contineatur,
2535 2108 2695 2162 quam
2768 2100 3022 2161 excerpta
3122 2090 3212 2143 illa
3280 2087 3599 2151 Ficiniaua,

2043 2183 2241 2251 smpius
2275 2183 2351 2253 (a)
2387 2184 2572 2237 multis
2604 2185 2656 2237 in
2688 2183 2819 2237 locis
2853 2185 3020 2247 edita,
3050 2182 3240 2237 eodem
3287 2180 3503 2238 ordine,
3536 2192 3598 2233 ac
3632 2224 3639 2228 _

2044 2274 2415 2330 distinctione.
2441 2274 2768 2330 Gaulminus
2794 2275 3067 2344 conjectat
3093 2290 3157 2328 ex
3193 2274 3373 2329 verbis
3421 2272 3595 2341 ipsius

2042 2363 2204 2419 Psclli
2240 2366 2294 2419 in
2331 2366 2437 2419 ﬁne
2470 2366 2671 2435 dialogi
2714 2366 2780 2420 de
2840 2364 3199 2429 daemonibus,
3262 2364 3433 2417 libros
3459 2365 3598 2416 duos

2041 2456 2366 2525 scripsisse,
2420 2457 2565 2526 quod
2624 2458 2849 2511 latuisse
2908 2457 3236 2525 interpretes
3292 2453 3595 2517 Morellum,

2041 2555 2094 2601 et
2116 2545 2386 2607 Fieinum,
2419 2548 2538 2602 ideo
2566 2548 2801 2602 maxime
2825 2549 2969 2616 quod
2993 2548 3046 2600 in
3071 2544 3339 2613 excerptis
3362 2561 3392 2601 e
3418 2544 3599 2600 Pscllo

2042 2653 2163 2706 quae
2215 2654 2337 2692 cum
2391 2639 2665 2706 excerptis
2722 2636 2926 2705 pariter
2983 2636 3094 2708 [‘28]
3156 2653 3218 2690 ex
3267 2635 3597 2697 Jamblicbo,

2040 2728 2253 2795 Proclo,
2311 2741 2363 2785 et
2414 2731 2713 2801 Porphyrio
2766 2733 2908 2785 edita
2971 2743 3118 2794 sunt,
3167 2731 3347 2801 aliqua
3410 2729 3601 2782 ultimo

2040 2827 2215 2893 capite
2256 2823 2470 2886 aderat,
2523 2840 2641 2894 quae
2673 2824 3074 2894 desumptafex
3123 2822 3365 2879 secundo
3407 2821 3524 2887 illo,
3552 2820 3598 2874 si
3679 2838 3683 2843 ’

2040 2916 2163 2985 quis
2195 2924 2296 2979 est,
2326 2916 2465 2969 libro
2500 2916 2667 2969 videri
2708 2925 2953 2985 possunt.
3007 2913 3223 2983 Optima
3257 2912 3597 2981 conjectura,

2039 3017 2091 3060 ct
2147 3008 2360 3061 veritati
2422 3009 2806 3073 consentiens;
2856 3023 2977 3076 quae
3019 3007 3163 3060 enim
3219 3007 3273 3059 in
3304 3020 3368 3059 eo
3421 3001 3599 3071 capite

2039 3098 2413 3163 continentur,
2468 3115 2615 3159 cum,
2683 3108 2738 3151 ut
2798 3097 3145 3152 manifestum
3222 3095 3420 3165 legenti
3476 3108 3599 3148 esse

1963 3230 2004 3284 ε
2038 3199 2237 3259 potest,
2266 3192 2318 3244 in
2360 3191 2462 3246 hoc
2500 3191 2722 3261 Dialogo
2746 3208 2853 3244 non
2884 3190 3206 3253 habeantur,
3238 3205 3300 3243 ex
3328 3188 3434 3243 alio
3460 3186 3599 3241 libro

2042 3290 2325 3353 desumpta
2352 3300 2475 3339 esse
2505 3300 2729 3339 necesse
2752 3294 2855 3339 est.
2898 3284 3036 3337 Sunt
3059 3292 3263 3347 autem,
3300 3298 3367 3336 ne
3390 3282 3598 3335 diutius

2041 3385 2091 3428 te
2124 3376 2418 3436 detineam,
2456 3378 2648 3439 lector,
2682 3392 2743 3431 ex
2773 3383 3008 3430 tractatu
3051 3375 3291 3444 ejusdem
3341 3373 3506 3429 Pselli
3543 3374 3597 3426 in

2042 3468 2182 3520 hanc
2238 3466 2483 3521 eamdem
2558 3482 2668 3519 rem
2731 3467 2831 3519 sub
2884 3467 2984 3520 hcc
3042 3466 3228 3528 titulo,
3291 3465 3425 3519 Τίνα
3468 3466 3598 3534 περὶ

2038 3557 2304 3625 δαιμόνων
2332 3556 2642 3622 δοξάζουσιν
2665 3557 2941 3625 Ἕλληνες·
2969 3558 3223 3622 Qutenam
3255 3558 3359 3610 sint
3396 3558 3458 3610 de
3482 3557 3595 3610 dte-

2039 3648 2274 3701 monibus
2296 3650 2561 3717 opiniones
2594 3648 2929 3703 Gra'corum:
2955 3650 3113 3718 cujus
3139 3649 3463 3719 principium
3492 3650 3599 3702 lale

2038 3747 2139 3801 est,
2208 3740 2264 3791 Ὁ
2318 3740 2416 3809 μὲν
2457 3742 2724 3810 ἡμέτερος
2776 3741 2931 3809 λόγος
2974 3742 3321 3812 προαιρέσεις
3351 3741 3444 3793 καὶ
3487 3743 3599 3804 τοῖς

2037 3831 2285 3897 ἀγγέλοις
2333 3831 2523 3894 διδούς,
2581 3832 2680 3897 Qui
2732 3848 2801 3886 an
2866 3848 3007 3887 unus
3065 3832 3147 3885 sit-
3184 3848 3302 3887 cum
3354 3832 3596 3887 secundo

2039 3922 2376 3978 llurtadiano
2404 3939 2509 3977 non
2542 3924 2716 3978 ausim
2778 3922 3080 3977 allirmare:
3118 3933 3169 3979 et
3208 3924 3507 3994 praiserlim
3543 3923 3593 3976 in

2038 4014 2139 4066 hoc
2169 4015 2457 4081 scriptore,
2498 4016 2584 4067 cui
2642 4030 2747 4068 non
2796 4014 3017 4069 defuere
3071 4015 3213 4070 vires
3249 4015 3594 4085 eloquentiae,

2035 4124 2136 4163 nec
2164 4119 2601 4178 argumentorum
2633 4111 2808 4179 copia,
2833 4111 3033 4178 quibus
3064 4110 3307 4165 eamdem
3339 4126 3451 4165 rem
3485 4127 3591 4165 non

2036 4200 2221 4263 semel,
2253 4199 2347 4253 sed
2407 4202 2608 4269 pluries
2657 4211 3057 4270 perlraclaret;
3098 4210 3156 4256 ut
3203 4202 3391 4257 videre
3420 4212 3500 4257 est
3543 4205 3594 4256 in

2037 4292 2163 4346 aliis
2198 4292 2263 4345 ab
2316 4307 2379 4346 eo
2409 4294 2755 4363 conscriptis.
2790 4293 2958 4348 Porro
2995 4294 3096 4348 hos
3121 4294 3260 4350 duos
3293 4295 3360 4348 de
3386 4294 3594 4349 Daemo-

2038 4385 2199 4438 nibus
2248 4386 2414 4439 libros
2475 4385 2564 4437 alii
2619 4385 2872 4438 tribuunt
2932 4383 3175 4438 Michaeli
3226 4385 3480 4452 Ephesio,
3536 4398 3595 4439 ut

2036 4474 2228 4529 scribit
2253 4472 2583 4528 Possevinus
2613 4473 2665 4526 in
2692 4474 2993 4542 Apparatu.
3023 4471 3223 4525 Eorum
3257 4473 3309 4526 in
3336 4471 3591 4528 ljatinum

353 4540 603 4593 Michael
635 4537 844 4591 Psellus
868 4553 970 4591 non
1001 4538 1166 4591 solum
1191 4541 1447 4603 meminit,
1507 4543 1596 4596 sed
1624 4561 1656 4597 a
1694 4563 1749 4599 se
1794 4564 1933 4601 rere-
1966 4579 2012 4635 Β
2038 4580 2100 4617 γε

1846 4566 1933 4601 ’ῑέ-
1966 4579 2012 4635 ι)
2038 4564 2216 4617 versio
2248 4562 2440 4617 incerti
2491 4561 2693 4632 legitur
2852 4561 2988 4616 Cod.
3024 4561 3184 4629 5122,
3219 4564 3593 4632 rnanuscripto

350 4632 468 4683 lata
506 4627 710 4681 scribit
733 4628 846 4693 ejus
877 4644 1100 4680 arcana.
1142 4626 1246 4681 Hic
1271 4630 1408 4682 enim
1454 4641 1570 4697 post
1628 4633 1928 4701 Rhetorica,

351 4722 671 4781 llistorica,
695 4717 931 4781 Poetica,
945 4716 1343 4785 Mathematica,
1362 4723 1570 4788 scripsit
1593 4734 1640 4776 et
1658 4723 1928 4795 Chymica,

344 4830 438 4866 uec
497 4828 615 4865 non
672 4820 720 4863 et
771 4808 1015 4876 Medica,
1063 4826 1178 4879 qua:
1229 4809 1572 4867 Constantino
1626 4815 1934 4885 imperatori

344 4908 575 4959 dicavit.

415 5013 690 5073 XXXIX.
732 5013 985 5084 Ejusdem
1027 5013 1164 5085 Περὶ
1203 5015 1481 5086 ἐνεργείας
1525 5018 1811 5092 δαιμόνων,
1864 5030 1927 5084 de

2041 4654 2342 4709 Vaticano:
2400 4663 2453 4707 et
2488 4654 2553 4707 de
2604 4653 2949 4707 Dmmonibus
2998 4662 3255 4720 excerpta
3293 4669 3358 4707 ex
3414 4652 3595 4709 Psello

2038 4760 2135 4814 per
2185 4744 2447 4798 Joannem
2482 4741 2745 4797 Jacobum
2802 4742 3176 4797 Bartholotum
3241 4742 3588 4798 Parmenscm

2035 4837 2349 4908 physicum,
2392 4834 2580 4889 codice
2633 4834 2792 4889 5576.
2864 4833 2998 4890 Vide
3065 4850 3185 4906 qua:
3256 4851 3362 4892 nos
3427 4837 3590 4891 etiam

2039 4946 2202 4999 supra
2233 4928 2304 4999 (b)
2336 4927 2593 4982 diximus.

2104 5021 2219 5077 XL.
2253 5020 2508 5089 Ejusdem
2539 5018 2604 5072 In
2636 5017 2866 5073 Oracula
2899 5016 3191 5073 Chaldaica
3232 5021 3486 5091 expositio
3521 5020 3592 5088 (c)

1874 5144 2104 5201 NOTAL.

415 5227 494 5293 (9)
537 5222 600 5277 In
653 5219 800 5296 Bibl:
848 5219 1053 5296 qam?
1092 5221 1425 5296 βτυςῖητθηίί
1460 5242 1511 5296 ρο
1546 5228 1667 5282 405.
1721 5230 1925 5289 Gallica

342 5290 511 5347 (ιὶεῐιιι
555 5290 758 5345 versio
788 5291 949 5357 hujus
984 5292 1106 5346 libri
1147 5308 1176 5346 a
1211 5293 1431 5349 Morello
1460 5290 1626 5350 'edita
1664 5314 1928 5358 memora-

341 5376 454 5423 tur,
494 5360 1101 5431 Paris.._apudﬁGuil.
1139 5362 1466 5430 Chaudiere,
1508 5367 1665 5431 1575,
1722 5371 1928 5429 additis

342 5435 632 5501 capitibus
671 5427 768 5488 53.
798 5438 857 5501 et
874 5430 961 5492 56,
990 5432 1113 5485 libri
1145 5434 1323 5501 quarti
1355 5427 1554 5489 Niceta:
1591 5427 1661 5491 de
1685 5427 1929 5497 Colossis

344 5498 514 5557 Asiae.
548 5501 807 5571 Librum
830 5498 993 5571 Pselli
1025 5498 1230 5571 accepit
1256 5501 1509 5557 Morellus
1536 5521 1566 5560 e
1595 5506 1924 5565 Bibliotheca

342 5571 637 5646 Jaeo_bi_§.
682 5569 990 5646 Andream,
1016 5569 1265 5646 canonici
1302 5574 1355 5625 S.
1396 5572 1574 5646 Mariae
1612 5576 1783 5632 Paris.

412 5642 488 5713 (ε)
551 5635 1233 5713 blorelli_versio_latina
1272 5650 1447 5713 exstat
1477 5645 1638 5696 etiam
1690 5647 1739 5699 in
1783 5648 1924 5704 Bibl.

344 5706 577 5764 Patrum
622 5708 778 5763 edit.
809 5706 983 5779 Lugd.
1027 5709 1091 5761 Τ.
1130 5726 1279 5764 xvm.
1321 5726 1371 5779 p.
1422 5712 1545 5765 589.
1583 5713 1714 5767 llinu
1746 5716 1930 5773 Grzece

342 5792 390 5831 ,ι
431 5783 637 5835 Latine
672 5790 805 5832 cum
853 5777 1118 5831 Guulmini
1154 5782 1297 5832 notis
1322 5777 1491 5834 ‘hunc
1524 5784 1716 5836 librum
1750 5789 1930 5843 minus

358 5850 685 5923 currendum;
702 5846 1269 5923 Λΐοςψιίῃςυτυγὶι-Ιὶη
1294 5850 1924 5923 Dan.r_|lascmnullerns,

357 5922 539 5978 Κιιυιι.
579 5916 757 5981 H.388,
796 5915 877 5971 12,
908 5915 1040 5973 Vide
1060 5927 1109 5973 ct
1142 5919 1187 5972 si
1222 5921 1393 5987 placet
1420 5921 1725 5978 (laidauum
1755 5940 1801 5978 (ε.
1840 5928 1927 5982 95.

2021 5235 2105 5289 De
2162 5245 2341 5287 rerum
2400 5230 2680 5289 varietate,
2736 5224 2800 5281 Τ.
2836 5224 2927 5289 Ill,
2963 5242 3087 5347 opp.
3142 5225 3333 5296 p.319
3391 5241 3475 5297 sq.
3501 5231 3588 5285 ιο.

2027 5304 2299 5347 (Noricum
2362 5298 2496 5347 Bibl.
2558 5295 2958 5347 Uuiversal.T.
3056 5295 3116 5347 V.
3162 5312 3213 5347 υ.
3270 5296 3588 5347 118.εη.εῑ

2027 5304 2300 5358 Clerieum
2362 5298 2496 5349 Bibl.
2558 5295 2864 5352 Uuiversal.
2896 5295 2958 5349 T.
2998 5295 3116 5360 XV,

2031 5304 2300 5358 Clerieum
2362 5298 2496 5349 Bibl.
2558 5296 2864 5352 Uuiversal.
2896 5296 2958 5349 T.
2998 5296 3116 5360 XV,
3161 5312 3213 5366 p.
3270 5296 3391 5357 H8.
3418 5296 3502 5366 sq.
3534 5307 3591 5353 et

2031 5373 2336 5445 Vignoiiuui
2383 5366 2681 5445 illaryillum
2726 5382 2789 5445 ns.
2846 5382 2902 5445 ir,
2940 5366 3165 5445 misse”.
3236 5367 3464 5445 litterar.
3509 5383 3582 5445 ‘p.

2038 5390 2336 5495 VlﬁnOHUYII
2383 5390 2681 5445 DIHT‘VIIIIIIII
2742 5390 2789 5420 δ.
2846 5390 2902 5427 ΙΙ,
2941 5390 3165 5420 ΙΙΙΙδΓὲΙΙο
3236 5390 3464 5419 ιιιιειῑιικ
3529 5390 3582 5437 ρο

2032 5444 2099 5516 50
2126 5437 2437 5516 '._Dialog‘i'_
2467 5437 2673 5516 titulus
2717 5435 3069 5516 ,Τιμόθεοςσῆ
3131 5437 3259 5516 περὶ
3310 5436 3588 5516 ἐνεργείας

2027 5512 2315 5579 δαιμόνωντ
2381 5501 3151 5579 VideuFulviuin_Ursin'um
3208 5501 3272 5557 in
3338 5501 3582 5579 Liricor.

2035 5573 2355 5649 fragmentis
2382 5575 2592 5649 p._7l_79_.
2628 5582 2680 5649 et
2708 5573 2969 5649 _Larn_l)ec.
3006 5574 3101 5627 lib.
3131 5588 3319 5649 νιιηι)ε
3356 5574 3472 5629 158.

2102 5642 2175 5720 (Β)
2214 5642 2533 5720 Conlerlih.
2565 5644 2614 5695 l.
2642 5642 2779 5697 Blbl.
2820 5644 3038 5706 Graecae,
3071 5659 3118 5698 c.
3155 5644 3204 5707 7,
3236 5642 3261 5711 ᾗ
3293 5642 3343 5696 4.

2100 5712 2173 5782 (ὁ)
2213 5718 2385 5783 Supra
2425 5712 2451 5783 ᾗ
2487 5713 2540 5766 9.

2100 5789 2169 5867 (ρ)
2212 5782 2530 5867 1ηευνψι⁷ιυιι
2552 5782 3027 5867 ‘elianuinqodicc
3064 5799 3221 5867 quem
3251 5783 3585 5867 habeo‘r'nsu

2030 5850 2497 5921 'l'ob'ootpwtdtou
2552 5851 2760 5904 Ψελλοῦ
2824 5850 3093 5923 ἐξήγῳιξ
3147 5854 3226 5916 εἰς
3301 5853 3369 5908 τὰ
3431 5853 3589 5921 λόγια.

2030 5927 2400 5992 Ζωροάστρου.

2074 5945 2400 5997 ωροαστρου.
