4424 6450
378 418 482 481 505

1559 413 1921 474 ΠΙΑἸἮΙΒᾹ
1964 410 2062 471 DE
2094 409 2428 471 PSELLIS.

3511 412 3620 477 506

376 536 482 587 ..ξεί
511 542 711 584 excusa
736 536 863 583 sunt
925 542 1048 581 eum
1107 526 1456 591 Theodoreti,
1513 526 1755 583 Maximi.
1822 527 1925 581 Nili
1960 532 2133 587 A.sua
2162 520 2619 591 mihi,utriusquc
2637 519 3028 585 amicissimus,
3051 518 3289 577 Jacobus
3316 518 3600 592 Philippus

377 622 833 693 explicationibus
864 619 1022 675 Rom.
1056 620 1216 681 1565.
1279 619 1399 680 fol..
1444 622 1741 689 separatim
1779 623 1951 679 Vene-

378 717 487 775 riis.
516 714 656 779 apud
676 714 1063 779 Hieronymum
1090 711 1303 766 Pelum.
1331 712 1492 775 1575,
1524 711 1578 765 in
1602 713 1656 777 4;
1678 721 1731 767 et
1750 715 1949 784 saepius

376 823 496 857 ιιιιηι
530 803 857 857 Theodoreti
886 802 1163 871 Operibus.
1195 801 1432 857 Tandem
1478 805 1788 874 Antuerpia:
1822 820 1948 859 cum

374 896 572 946 (att-na
605 894 849 953 Patrum.
898 902 953 947 et
982 893 1398 961 Thaumaturgo
1428 893 1480 946 in
1536 893 1949 960 Ecclesiastcm,

380 1008 401 1034 ςι
442 985 666 1038 Peltano
700 987 841 1052 apud
891 984 1192 1053 Gasparem
1243 982 1512 1038 Bellerum
1567 985 1727 1046 1615,
1788 985 1841 1038 in
1892 985 1945 1038 8.

382 1082 437 1129 In
473 1078 576 1129 hac
642 1076 883 1128 editione
924 1076 1160 1143 primum
1217 1083 1381 1143 caput
1427 1075 1620 1129 Latine
1676 1076 1948 1130 convertit

378 1169 624 1220 Andreas
690 1164 972 1230 Sehottus,
1027 1180 1055 1216 a
1113 1166 1355 1220 secundo
1416 1165 1534 1221 Zini
1584 1167 1757 1221 utitur
1782 1168 1951 1223 inter-

379 1258 681 1325 pretatione
729 1257 1067 1326 Opusculum
1104 1259 1427 1313 inscribitur
1478 1259 1788 1329 Nicephoro
1841 1262 1947 1316 Bo-

389 1350 631 1413 taniatm.
661 1350 1263 1417 Constantinopolitano
1284 1351 1617 1419 imperatori.
1637 1367 1796 1420 quem
1828 1368 1951 1403 στε-

380 1440 646 1510 φηφόρον.
670 1441 720 1493 id
737 1454 816 1493 εει
837 1457 1081 1495 coronam
1100 1449 1407 1509 gestantem.
1449 1443 1824 1510 imperatorem
1848 1443 1952 1498 sci-

382 1535 528 1598 licet,
550 1534 801 1602 appellat,
826 1542 882 1587 ut
903 1540 956 1586 et
979 1535 1112 1587 alios
1134 1534 1590 1605 imperat-ircsj5l
1608 1534 1623 1605 l
1644 1536 1764 1588 aliis
1783 1551 1951 1605 opus-

382 1626 520 1677 culis
551 1626 878 1692 compellare
907 1627 1212 1686 consuevit,
1240 1627 1497 1695 quiduuul
1540 1628 1626 1679 alii
1658 1628 1946 1680 somnient.

388 1713 463 1766 Ea
500 1714 1005 1781 primusetenebris
1032 1723 1183 1766 eruta
1225 1715 1402 1768 Grzeen
1449 1716 1740 1781 publicavit
1783 1716 1950 1770 Joan-

381 1819 481 1857 nes
510 1803 797 1865 Meursius,
832 1819 954 1857 cum
1017 1805 1381 1875 Polyehrouii.
1427 1806 1664 1865 Ειιειιὺὶἱ,
1722 1817 1770 1861 et
1813 1808 1947 1861 alio-

2054 609 2420 664 Thovnasinus
2448 610 2795 679 signiticavit.
2823 608 3014 664 Libelli
3050 609 3178 665 item
3211 611 3460 667 meminit
3513 611 3619 665 Ca-

2053 700 2337 754 saubonus
2359 700 2412 753 in
2442 699 2569 753 Elii
2597 699 2872 768 Spartiani
2903 701 3241 755 Antoninum
3275 701 3615 757 Caraeallam

2054 793 2219 846 notis.
2260 790 2326 845 Et
2358 791 2551 845 Justus
2601 791 2862 860 Ricquius
2903 792 2999 863 (nr)
3050 794 3102 845 in
3143 794 3305 862 epist.
3358 795 3614 847 Centuria
3658 827 3663 833 ς

2053 896 2214 936 nova.
2248 883 2411 951 epist.
2436 882 2527 935 29.
2568 882 2625 935 In
2665 881 2914 950 Saregiea
2957 883 3283 938 bibliotheca
3331 885 3471 938 inter
3508 884 3613 937 alia

2052 977 2313 1043 cpuscula
2339 976 2711 1041 manuscripta
2734 974 2884 1027 illum
2923 989 2981 1029 se
3010 976 3215 1030 vidisse
3246 974 3434 1030 refert.

2122 1065 2352 1119 XLVIII.
2403 1066 2656 1132 Ejusdem
2689 1064 2941 1136 Synopsis
2970 1067 3141 1137 legum
3180 1069 3433 1123 versibus
3483 1068 3620 1122 iam-

2053 1156 2213 1221 bicis,
2244 1164 2300 1209 et
2334 1156 2571 1225 politicis
2614 1157 2756 1209 edita
2794 1156 3098 1222 estGraece,
3130 1157 3319 1213 Latina
3347 1160 3619 1228 interpre-

2051 1247 2275 1308 tatione.
2314 1256 2370 1300 et
2404 1246 2879 1309 notis-illustrata,
2922 1262 3087 1317 opera
3124 1255 3177 1301 et
3223 1250 3407 1305 studio
3446 1250 3620 1304 Fran-

2052 1335 2182 1390 cisci
2213 1335 2473 1404 Bosqueti
2506 1335 2877 1392 Narbonensis
2898 1379 2912 1403 ,
2944 1353 3008 1392 ex
3040 1338 3367 1393 bibliotheca
3404 1342 3622 1396 archie-

2052 1427 2262 1497 piscopi
2297 1426 2823 1490 Tolosani.Parisiis
2854 1430 2995 1499 apud
3032 1429 3298 1485 Joannem
3335 1431 3616 1487 Caunusat.

2053 1519 2212 1584 1652,
2245 1518 2296 1572 8.
2327 1520 2381 1572 in
2413 1521 2689 1574 nonnullis
2723 1518 2836 1591 I32]
2882 1522 3165 1577 codicibus
3211 1524 3473 1592 inscripta
3534 1522 3616 1595 (η)

2053 1611 2363 1680 imperatori
2406 1611 2651 1665 Michaeli
2704 1615 2881 1667 Ducat.
2918 1614 3073 1669 Alius
3091 1615 3256 1669 codex
3299 1610 3615 1679 Vaticanus.

2053 1709 2111 1753 ut
2188 1710 2345 1754 notat
2406 1701 2547 1754 idem
2597 1702 2921 1773 Bosquetus.
2980 1705 3163 1769 habet,
3224 1707 3620 1770 Alexiunt,ro~'3

2057 1793 2367 1859 σοφωτάτου
2387 1791 2596 1845 Ψελλοῦ
2635 1795 2713 1856 ei;
2736 1797 2861 1858 τοὺς
2886 1796 3083 1864 νόμους
3114 1797 3251 1867 πρὸς
3268 1797 3357 1849 τὸν
3383 1788 3623 1850 Βάσιλέα

382 1909 503 1947 rum
540 1896 591 1947 in
622 1895 816 1947 eadem
847 1895 1073 1949 Cantica
1115 1867 1588 1964 expositionibus.
1617 1898 1788 1967 Lugd.
1827 1899 1947 1951 Bat.
1984 1867 2028 1924 Β
2060 1884 2129 1934 Kl;

1871 1908 1947 1951 at.
1984 1867 2028 1924 Β
2060 1884 2233 1952 Κύριν
2282 1883 2539 1947 Ἀλέξων.
2585 1882 2650 1938 Ει
2674 1893 2831 1939 vetns
2875 1887 3170 1951 Sirmoodi,
3226 1887 3616 1957 Nicephorum,

384 1986 546 2049 1617,
572 1986 627 2038 4.
662 1984 929 2039 Martinus
959 1986 1163 2040 Dellius
1198 1987 1417 2058 lsngoge
1450 1992 1499 2041 in
1528 1988 1683 2043 Cant.
1752 1991 1945 2044 rantic.

380 2091 505 2144 cap.
543 2078 576 2129 5
598 2119 610 2135 .
648 2078 813 2130 refert
847 2076 1079 2130 Psellum
1128 2079 1359 2133 deficere
1389 2083 1437 2133 in
1459 2082 1544 2135 illa
1566 2081 1908 2151 expositione
1932 2121 1947 2144 .

382 2168 540 2233 eujus
560 2176 662 2228 est.
701 2175 759 2219 ut
792 2167 906 2235 ipse
942 2168 1038 2227 ait.
1086 2170 1247 2222 nimis
1267 2172 1523 2223 concisus
1558 2173 1902 2226 abbreviator
1931 2192 1943 2225 :

385 2270 437 2311 et
472 2258 770 2311 oscitanter
799 2259 962 2312 nimis
992 2260 1279 2327 decipitur,
1313 2261 1438 2313 dum
1477 2264 1552 2314 ait
1606 2260 1837 2317 Psellum
1867 2268 1947 2318 ci-

386 2350 489 2403 tari
514 2366 544 2404 a
576 2352 939 2415 Theodoreto,
978 2352 1046 2405 ab
1074 2354 1456 2420 antiquissimo
1490 2356 1945 2419 recentissimum,

386 2454 441 2494 et
491 2445 582 2509 qui
612 2444 827 2497 nonnisi
865 2454 985 2512 post
1029 2444 1371 2515 octingentos
1429 2446 1537 2500 fere
1593 2463 1765 2501 annos
1814 2450 1951 2501 seri-

388 2544 591 2601 pserat.
616 2534 1054 2589 Commentarios
1080 2536 1207 2590 item
1232 2537 1284 2589 in
1315 2537 1536 2591 Cantica
1557 2553 1619 2591 ex
1653 2538 1829 2593 tribus
1852 2539 1951 2593 Pa-

390 2624 591 2683 tribus,
632 2625 698 2676 ab
727 2626 917 2679 eodem
951 2624 1149 2689 Psello,
1204 2628 1246 2681 si
1298 2628 1459 2681 index
1497 2628 1787 2683 [lavaricus
1827 2631 1948 2683 eod.

390 2715 480 2777 99.
518 2714 693 2769 fraudi
747 2731 853 2771 non
879 2725 983 2781 est.
1009 2720 1205 2789 szepius
1236 2735 1358 2773 cum
1394 2719 1737 2776 Thcodoreto
1764 2722 1951 2778 Latine

389 2804 591 2866 editus.
625 2806 886 2860 collectus
919 2816 1023 2862 est.
1058 2809 1135 2861 En
1170 2808 1329 2862 verba
1357 2808 1551 2862 iudicis
1585 2825 1599 2862 :
1628 2810 1952 2873 item,Com-

393 2894 693 2947 mentarius
714 2911 775 2948 ea
795 2895 962 2949 tribus
991 2896 1246 2950 Patribus
1262 2897 1509 2968 Gregorio
1532 2897 1794 2968 Nysseno.
1824 2899 1951 2955 Nilo

390 2994 439 3037 et
476 2985 738 3052 Maximo,
781 2988 1061 3042 collectore
1086 2988 1284 3042 Psello.

464 3075 648 3130 XLVI.
684 3076 936 3143 Ejusdem
989 3079 1055 3131 ad
1090 3078 1403 3132 Michaelem
1452 3081 1523 3148 (Ir)
1568 3085 1949 3149 imperatorem

392 3165 569 3231 capita
599 3164 847 3233 qumdam
882 3167 1210 3235 theologica,
1243 3169 1305 3221 de
1338 3170 1613 3235 Trinitate,
1661 3183 1707 3223 et
1731 3187 1950 3239 persona

394 3257 614 3317 Christi.
645 3255 829 3309 Grece
860 3264 913 3308 et
942 3253 1151 3318 Latine,
1184 3272 1305 3310 cum
1340 3259 1481 3312 notis
1500 3259 1727 3315 Joannis
1757 3260 1952 3331 Wege-

396 3347 511 3400 lini.
543 3351 797 3415 Auguste
834 3346 1040 3399 Vindel.
1074 3348 1213 3414 apud
1240 3348 1526 3417 Georgium
1561 3348 1747 3414 Villcr,
1781 3360 1833 3405 et
1849 3350 1948 3405 Se—

395 3438 701 3490 bastianum
724 3437 943 3507 Mylium
977 3436 1133 3501 1608,
1164 3438 1217 3491 in
1248 3440 1300 3493 8.

464 3527 674 3583 XLVII.
709 3528 955 3598 Ejusdem
990 3529 1335 3593 libellum,de
1355 3530 1611 3601 Lepidum
1650 3536 1947 3599 rirtnttbns,

399 3618 680 3690 Philippus
710 3620 946 3675 Jacobus
990 3620 1304 3675 Maussacus
1336 3624 1398 3691 (Ι)
1445 3626 1654 3693 primus
1693 3628 1947 3694 vulgavit.

402 3708 589 3763 Latine
647 3712 832 3774 vertit,
893 3719 947 3765 et
987 3712 1285 3765 emendavit
1325 3730 1338 3777 ;
1380 3714 1557 3768 editus
1604 3724 1681 3769 cst
1744 3714 1951 3771 Tolosa!

400 3803 584 3855 Graece
634 3811 689 3856 et
729 3802 917 3855 Latine
966 3816 1106 3855 anno
1157 3802 1314 3862 l6l5.
1364 3805 1415 3857 8.
1466 3805 1659 3858 Verum
1713 3806 1950 3861 libellum

401 3894 541 3946 hunc
584 3902 712 3946 ante
743 3892 1079 3946 Maussacum
1131 3892 1321 3947 Latine
1358 3903 1408 3946 et
1471 3896 1649 3949 ltalice
1682 3899 1949 3953 redditum

402 3984 468 4037 ab
492 3983 740 4038 Adriano
772 3982 1009 4054 Spigelio
1032 3984 1355 4054 philosopho
1375 3997 1429 4039 et
1457 3986 1687 4051 medico,
1716 3996 1770 4043 et
1792 3988 1953 4058 Gym-

404 4073 538 4128 nasii
599 4072 843 4127 Patavini
908 4074 1241 4131 anatomieo.
1290 4076 1429 4143 apud
1481 4075 1781 4132 Liberalem
1829 4081 1959 4136 Cre-

402 4178 565 4225 mam,
601 4162 981 4231 philosophum
1020 4177 1083 4216 ac
1116 4164 1381 4218 medicum
1412 4164 1755 4222 Tarvisinum
1818 4186 1955 4239 pra:-

400 4252 799 4308 stantissimum
839 4252 1155 4307 conservari
1204 4251 1273 4305 ad
1332 4252 1477 4307 hunc
1513 4254 1689 4321 diem,
1724 4258 1952 4323 epistola

2062 1973 2231 2043 Ἀρχὴ
2262 1979 2358 2028 σὺν
2403 1974 2522 2044 Θεῷ
2562 1976 2672 2028 τῶν
2716 1976 3015 2029 πολιτικῶν
3060 1979 3258 2047 στίχων
3306 1979 3399 2031 τοῦ
3456 1980 3621 2047 νόμου

2049 2066 2374 2118 ἐκτεθέντων
2418 2066 2568 2136 παρά
2615 2067 2708 2120 τοῦ
2739 2068 2944 2138 Κυρίου
3010 2069 3230 2140 Μιχαὴλ
3259 2069 3352 2122 τοῦ
3387 2070 3621 2133 ιΡελλοῦ,

2053 2161 2189 2230 πρὸς
2222 2164 2315 2215 τὸν
2346 2163 2870 2233 Πορφυρογέννητον
2902 2165 3114 2235 Κύριον
3162 2164 3494 2235 Νικηφόρον.
3533 2167 3624 2233 Μὴ

2053 2252 2375 2321 βουλόμενον
2404 2256 2694 2323 προσέχειν
2722 2256 2834 2316 τοῖς
2880 2256 3043 2325 νόμου
3106 2257 3393 2326 μαθήμασι
3446 2257 3533 2309 διὰ
3562 2257 3623 2309 τὸ

2052 2343 2278 2412 κεχηνὸς
2296 2344 2486 2397 τούτου
2522 2344 2777 2413 πέλαγος.
2834 2347 3074 2409 Titulus.
3102 2348 3184 2401 vel
3209 2348 3623 2418 Porphyrogeu-

2054 2445 2193 2488 uettn
2247 2437 2592 2505 cognomine,
2672 2437 2981 2507 Nicephoro
3032 2439 3332 2494 Botaniattc
3392 2440 3620 2503 adnexo,

2052 2535 2335 2596 suspectus
2361 2538 2463 2583 est.
2498 2529 2615 2584 Non
2646 2529 2838 2585 dubito
2900 2539 3084 2587 tamen
3115 2532 3379 2597 libellum,
3438 2547 3617 2587 rerum

2055 2634 2325 2672 summam
2347 2621 2661 2689 gerentibus
2684 2624 2822 2678 adeo
2862 2626 3255 2690 necessarium,
3289 2641 3387 2694 pro
3415 2640 3619 2695 oppor-

2054 2711 2292 2765 tunitate
2357 2712 2593 2767 diversis
2641 2715 3065 2785 imperatoribus
3138 2717 3509 2788 inscripsisse.
3562 2727 3622 2770 ut

2054 2801 2357 2870 praecipuas
2381 2800 2535 2856 Juris
2563 2806 2801 2874 regulas,
2830 2822 2892 2861 ex
2937 2807 3071 2876 ipsis
3102 2807 3253 2862 Juris
3294 2808 3463 2863 totius
3497 2808 3621 2861 {ouo

2055 2890 2203 2943 tibus
2231 2891 2558 2960 compendio
2607 2902 2993 2963 pertractatas,
3056 2904 3111 2951 ct
3173 2898 3417 2951 carmine
3464 2898 3619 2965 quasi

2054 2978 2324 3032 lenocinio
2346 2982 2635 3045 emollitas,
2655 2984 2863 3053 absque
2883 2986 3147 3056 longioris
3165 2985 3413 3041 lectionis
3440 2988 3620 3050 taedio,

2055 3070 2099 3122 si
2131 3069 2346 3135 liberet;
2376 3082 2759 3141 percurrerent
2787 3093 2801 3141 ;
2853 3085 2911 3129 ut
2976 3076 3043 3132 de
3098 3077 3344 3147 ejusdem
3378 3077 3622 3149 Chryso-

2056 3165 2196 3231 ptnia
2252 3179 2414 3234 supra
2439 3166 2698 3222 diximus.
2722 3167 2802 3221 Ex
2824 3166 2909 3221 bis
2942 3168 3202 3221 nonnulla
3250 3170 3351 3223 sub
3382 3169 3621 3224 scholia-

2059 3270 2175 3307 rum
2207 3257 2426 3311 nomine
2462 3257 2678 3327 vulgata
2707 3258 2835 3312 olim
2871 3258 3021 3313 fuere
3059 3273 3087 3310 a
3115 3258 3445 3313 Leuuclavio
3473 3258 3622 3315 Juris

2060 3342 2509 3399 Graeco-Romani
2544 3356 2691 3401 tomo
2722 3364 2780 3402 ιι.
2815 3347 2872 3401 1η
2901 3347 3132 3417 Synopsi
3163 3351 3337 3418 legum
3384 3350 3619 3407 Michae-

2059 3434 2124 3488 lis
2151 3436 2442 3502 Attaliotze,
2476 3439 2561 3492 tit.
2600 3443 2894 3507 praesertim
2927 3440 3013 3505 16,
3031 3441 3122 3505 25,
3149 3441 3241 3503 28,
3266 3441 3356 3505 52,
3408 3441 3498 3504 37,
3530 3442 3620 3502 10,

2057 3526 2145 3589 42,
2177 3527 2267 3590 48,
2285 3526 2371 3581 85.
2403 3528 2529 3593 Qui.
2554 3545 2676 3583 cum
2706 3547 2813 3585 non
2837 3532 3618 3587 animadvertissetnumerum

2058 3619 2401 3681 carminum,
2457 3630 2713 3691 tauquam
2763 3625 2995 3679 solutam
3032 3625 3334 3679 orationem
3401 3626 3623 3679 excudit

2063 3706 2399 3772 indistincte,

2131 3801 2312 3855 XLIX.
2371 3802 2623 3872 Ejusdem
2656 3806 2721 3859 ad
2756 3805 3004 3860 eumdem
3054 3806 3127 3877 (ο)
3163 3806 3475 3861 Michaelem
3508 3805 3620 3859 Du-

2058 3905 2175 3944 cam
2209 3895 2448 3948 carmina
2488 3898 2701 3963 politica
2728 3938 2743 3962 ,
2800 3897 2873 3952 De
2914 3899 3177 3968 dogmate,
3228 3899 3414 3953 Grmce
3477 3901 3618 3953 idem

2060 3983 2363 4053 Bosquetus
2402 4003 2524 4041 eum
2559 3987 2794 4060 Synopsi
2850 3991 3023 4061 legum
3056 3992 3139 4044 edi
3181 3995 3420 4056 curavit,
3457 4006 3483 4044 a
3531 3991 3622 4045 Ja-

2060 4078 2197 4129 cobo
2235 4075 2526 4131 Sirmondo
2557 4090 2803 4149 accepta,
2848 4081 2991 4134 unde
3051 4081 3267 4150 legitur,
3326 4080 3389 4131 de
3428 4091 3619 4149 septem

2063 4172 2228 4222 sacris
2291 4169 2519 4240 Synodis
2579 4174 2906 4227 secumenicis
2962 4173 3273 4237 Tractatus,
3330 4174 3407 4245 (p)
3438 4174 3619 4227 editus

2063 4261 2251 4317 Latine
2287 4272 2417 4318 tom.
2453 4282 2508 4319 ιιι
2547 4265 2943 4331 Conciliorum,
2997 4275 3149 4335 parte
3184 4267 3379 4336 prima,
3409 4282 3459 4336 p.
3494 4267 3617 4330 400,

1928 4399 1972 4454 Ν
1978 4398 2157 4456 ΟΤᾹΞ.

399 4509 660 4577 Gregorio
691 4508 957 4632 Ngsseno,
984 4508 1043 4563 S.
1070 4507 1189 4564 Nilo
1210 4517 1263 4566 et
1285 4509 1541 4578 Maximo.
1568 4528 1662 4583 per
1682 4516 1953 4584 eumdem,
1981 4520 2034 4581 D
2060 4521 2126 4576 de
2172 4525 2447 4579 coloribus
2476 4528 2920 4582 commentarius.
2967 4526 3203 4582 Caniclei
3256 4526 3393 4579 liber
3430 4535 3617 4579 eontra

403 4588 459 4632 ut
495 4580 704 4632 volunt.
777 4581 967 4632 sellum
1001 4580 1251 4632 collecto.
2064 4592 2337 4632 βιηιῑηιηη
2399 4597 2515 4632 nim:
2560 4597 2700 4632 om...
2723 4598 2877 4632 Nam
2894 4598 3152 4632 chr-intum
3181 4598 3245 4632 ala
3297 4597 3616 4632 innnnrlnli-

403 4588 459 4633 ut
495 4580 704 4637 volunt.
734 4580 967 4632 Psellum
1001 4580 1251 4634 collecto.

469 4649 542 4728 (jx)
591 4648 654 4702 In
695 4648 1134 4728 CatalogouBilbl.
1185 4649 1492 4728 Barherinic
1537 4661 1670 4707 tom.
1718 4669 1953 4728 lleag.

398 4718 503 4792 253i
521 4731 824 4792 perperam,
852 4715 1017 4792 ad_M.
1040 4718 1400 4792 Cotunenum.
1432 4721 1553 4776 llzec
1573 4728 1747 4792 capita
1776 4715 1955 4781 Theri-

401 4786 897 4861 logicaintegriora
934 4786 1103 4841 lector
1128 4789 1191 4841 ad
1225 4786 1427 4842 calcem
1459 4786 1819 4861 hujus-libelli
1854 4800 1952 4851 Al-

400 4857 587 4913 latiani
633 4857 882 4923 reperiet.

469 4925 530 4995 (Ι)
568 4924 857 4995 Plutarcho
890 4926 955 4981 de
992 4926 1325 4991 fluminibus.
1360 4928 1516 4984 Pselli
1549 4932 1789 4988 libellum
1826 4937 1954 4991 sub-

398 4993 527 5074 jecit
554 4993 891 5074 blattssaeus,
915 5005 1141 5074 testatus
1168 5001 1331 5074 i_llum_
1352 5016 1419 5074 se.
1440 5004 1601 5055 edere
1635 5020 1696 5057 ex
1726 5021 1953 5074 apogra-

403 5068 509 5134 pho
547 5064 732 5119 Jacobi
779 5065 1075 5127 Sll'nltlfltli,
1108 5070 1268 5137 epist.
1302 5071 1634 5125 dedieatoria
1668 5074 1733 5126 ad
1764 5064 1955 5129 'Gaul-

403 5150 629 5187 uunum.

473 5206 569 5273 (nt)
598 5202 785 5257 Justus
809 5203 1083 5273 Bycquius
1107 5207 1333 5273 epistola
1356 5210 1420 5263 ad
1443 5209 1509 5263 Μ.
1528 5210 1805 5267 Velserum
1830 5217 1950 5267 data

404 5273 589 5350 nonne
624 5273 777 5350 “illi.
822 5274 953 5350 Milli
1016 5278 1393 5350 Bibliotheca":
1446 5296 1608 5347 nuper
1644 5282 1949 5350 Saregicam

404 5344 685 5396 mentienti
709 5347 959 5408 opuscula
979 5349 1215 5409 quadam
1267 5347 1451 5400 (ira'cn
1484 5344 1689 5403 calamo
1729 5344 1950 5406 eiurata

405 5418 455 5464 in
477 5429 667 5463 manus
692 5426 952 5467 renernnt.
993 5416 1204 5469 Maximi
1266 5418 1520 5470 I’lauudm
1583 5430 1637 5473 et
1676 5424 1947 5476 clarorum

405 5486 615 5548 aliquot
642 5484 874 5559 virorum
897 5488 1136 5559 epistola:
1163 5499 1397 5559 centum.
1437 5488 1643 5543 Psellus
1671 5494 1737 5559 de
1797 5509 1948 5559 gem-

406 5567 614 5629 marum
644 5553 980 5629 .f'irlutib‘us,
1038 5556 1229 5629 Incerti
1268 5558 1570 5629 _tjujusdam
1624 5553 1947 5629 (Empedocli

405 5621 555 5689 exigo
582 5619 906 5689 tribuuntur)
934 5640 1128 5677 ver~us
1156 5619 1368 5678 iuubici
1402 5627 1466 5681 de
1512 5619 1950 5685 lixarum'stella-

405 5706 521 5740 tum
548 5689 834 5758 sphaeram
865 5693 1135 5745 Demetrio
1161 5695 1731 5752 ’1110111110(ἙΙῘΗῚΝΙἎῊ.
1758 5702 1949 5753 Part-«'-

405 5760 799 5826 bwlaaqumclam
826 5778 1011 5814 eorum
1038 5781 1156 5827 «tum
1191 5767 1239 5816 iu
1274 5770 1491 5818 excusis
1528 5770 1764 5821 Aiilf‘ll.l'i
1793 5774 1944 5821 endi-

403 5831 554 5884 cibus
599 5830 1002 5885 desiderantur.
1058 5834 1247 5887 Incerti
1296 5836 1346 5887 in
1397 5839 1588 5894 librum
1640 5841 1943 5895 Aristotelis

2064 4592 2363 4652 Plotinum.
2399 4597 2517 4664 ejus
2560 4597 2700 4650 forte
2723 4598 3152 4666 cujusscriptum
3180 4598 3245 4649 de
3296 4597 3616 4648 immortali-

2061 4670 2171 4716 tate
2218 4666 2431 4726 auimm,
2482 4667 2764 4719 ἀνέκδοτον
2820 4666 3101 4719 Cardauus
3153 4666 3247 4718 lib.
3325 4666 3391 4717 tle
3437 4680 3616 4717 rerum

2061 4734 2321 4805 varietate
2362 4735 2565 4805 laudat.
2606 4735 2847 4805 Sallustii
2897 4735 3293 4805 pltil050phijn
3363 4734 3617 4788 lleracliti

2061 4803 2393 4872 problemata
2430 4804 2715 4858 Homerica
2784 4802 3167 4859 summariutit.
3217 4802 3485 4872 Excerpta
3553 4818 3616 4855 ex

2058 4870 2283 4927 Gemisti
2310 4872 2588 4927 Plethouis
2617 4874 2887 4937 Monodia,
2945 4876 3010 4928 de
3038 4870 3445 4928 immortalitate
3495 4874 3616 4925 aui-

2060 4957 2179 4993 mte.
2218 4940 2472 5008 Ejusdem
2514 4943 2759 4997 defensio
2806 4947 3115 4997 Aristotelis
3151 4951 3341 4996 contra
3396 4942 3613 4997 schola-

2057 5010 2219 5064 rium.
2250 5011 2526 5066 Michaelis
2548 5013 2821 5081 Apostolaz
2849 5028 2945 5081 pro
2978 5012 3237 5067 Pletbone
3268 5012 3425 5074 liber,
3454 5026 3619 5078 super

2055 5082 2355 5133 substantia
2397 5082 2769 5143 Aristotelica.
2840 5092 3028 5135 contra
3084 5082 3309 5136 Gazam.
3358 5082 3615 5135 Detuetrii

2057 5150 2297 5203 Triclinii
2319 5152 2384 5203 dc
2409 5152 2595 5205 metris
2619 5154 2843 5220 poeticis
2865 5153 3050 5207 libelli.
3075 5151 3299 5215 Dispice.
3320 5166 3522 5219 quaso,
3545 5167 3616 5203 an

2055 5220 2335 5282 nliquidsit
2353 5222 2505 5274 cedro
2533 5232 2580 5274 et
2605 5224 2809 5289 pumice
2853 5223 3086 5291 dignum.
3128 5221 3248 5274 Haec
3272 5221 3383 5291 ille.

2126 5292 2209 5358 (η)
2244 5292 2317 5343 Ita
2388 5293 2547 5344 etiam
2613 5296 2664 5343 in
2726 5292 2925 5343 Codice.
2981 5290 3403 5351 Vindobouensi,
3456 5290 3613 5353 cujus

2054 5364 2346 5413 meminere
2380 5359 2694 5414 Lambecius
2717 5373 2765 5413 et
2810 5363 3087 5413 l‘iesselius
3116 5373 3254 5428 part.
3311 5376 3373 5421 ll,
3416 5374 3470 5424 p.
3517 5359 3612 5423 28,

2053 5432 2177 5481 etin
2211 5430 2563 5483 alioeodieee
2590 5447 2695 5497 quo
2713 5441 2835 5484 ante
2865 5432 3115 5497 Bosqueti
3149 5431 3442 5482 editionem
3494 5444 3613 5481 ver-

2052 5516 2146 5553 sus
2180 5502 2472 5567 nonnullos
2505 5502 2760 5567 produxit
2790 5503 3012 5552 Allatins
3082 5500 3145 5551 ad
3184 5498 3455 5553 Ettstatbii
3514 5498 3611 5549 lle-

2054 5584 2340 5623 memeron
2367 5588 2420 5639 p.
2448 5562 2572 5622 280.

2124 5641 2195 5698 (ο)
2230 5639 2282 5691 lu
2308 5656 2408 5694 ms.
2436 5641 2711 5701 Caesareo.
2737 5639 2800 5692 ad
2854 5641 3268 5693 (.onstantinum
3327 5638 3576 5690 Monoma

2051 5708 2232 5761 chum.
2270 5710 2400 5763 Vide
2426 5709 2678 5763 Lambcc.
2723 5727 2795 5774 vi,
2830 5725 2880 5777 p.
2912 5712 3029 5761 165.

2121 5782 2192 5845 (Ρ)
2238 5778 2407 5834 Totus
2449 5782 2748 5833 absolvitur
2800 5776 3049 5835 Versibus
3093 5778 3333 5848 potiti.“
3376 5776 3466 5830 τί,
