4424 6450
805 386 907 446 507

2131 382 2406 441 LEONIS
2439 384 2743 443 ALLATll

3948 389 4050 453 508

805 496 1049 552 Colonia:
1100 496 1412 567 Agrippina:
1448 495 1602 563 l606,
1642 496 1912 552 industria
1950 498 2380 567 cheriniBiuii;
2413 503 2459 559 Α
2490 502 2589 553 bus
2612 498 2951 568 signiﬁcavit.
2991 498 3070 555 De
3102 499 3306 566 eadem,
3342 501 3553 567 scribit,
3591 504 3753 572 ferme
3810 520 3863 557 re
3891 516 3936 558 et
3966 508 4051 573 fa-

805 598 860 642 ct
898 586 1084 642 Graece
1113 588 1213 641 sub
1235 586 1463 641 Joannis
1487 588 1650 641 Pselli
1678 589 1919 649 nomine,
1948 604 2071 644 eum
2104 589 2373 645 Theodori

808 679 1161 735 Prodromiet
1195 678 1704 749 NicephoriCallisti
1721 681 2219 745 versibus,Basilea:
2232 684 2375 751 apud

806 772 1073 825 Joannem
1112 770 1385 826 Bchelium
1426 771 1582 836 l536,
1612 770 1727 842 [35]
1754 773 1804 824 in
1852 773 1906 827 8.
1965 775 2135 838 Quem
2179 774 2374 829 Joanni

809 862 1074 929 (q)etiam
1136 862 1329 915 tribuit
1388 860 1628 916 Joannes
1679 862 1849 918 Titius
1926 862 2373 933 Engolismensis,

808 956 861 1006 in
896 955 1262 1023 apostolorum
1288 963 1341 1006 et
1370 962 1683 1006 sanctorum
1728 955 2088 1009 conciliorum
2111 954 2373 1021 Decretis,

815 1045 1098 1113 impressis
1141 1042 1369 1097 Parisiis
1407 1060 1500 1111 per
1517 1040 1831 1099 Conradum
1864 1045 2192 1101 Neobarium
2217 1046 2370 1103 1540.

820 1136 878 1191 lu
944 1138 1087 1191 hunc
1142 1138 1321 1206 ipsum
1387 1136 1704 1191 Tractatum
1770 1138 1992 1207 scripsit
2050 1139 2373 1195 Franciscus

810 1228 1241 1293 Feuardentius;
1302 1238 1355 1283 et
1393 1227 1758 1284 Bellarminus
1803 1229 2001 1295 tradit,
2035 1229 2274 1287 Psellum
2318 1233 2372 1286 in

809 1324 996 1378 eodem
1044 1323 1465 1385 hallucinatum,
1525 1322 1579 1376 in
1624 1335 1884 1394 tempore,
1936 1339 2046 1395 quo
2105 1326 2372 1380 celebrata

810 1426 893 1469 est
961 1414 1136 1484 prima
1219 1413 1824 1484 Constantinopolitana
1901 1415 2173 1485 synodus,
2254 1431 2373 1485 quae

813 1506 916 1557 fuit
959 1504 1200 1560 secunda
1258 1520 1321 1558 ex
1370 1514 1608 1574 quatuor
1666 1507 1890 1575 primis;
1963 1509 2014 1560 in
2081 1507 2369 1576 Ephesina,

810 1610 931 1661 qua!
993 1595 1093 1646 fuit
1159 1595 1340 1660 tertia,
1400 1603 1531 1649 tom.
1589 1595 1636 1659 1,
1669 1594 2023 1650 Controvers.
2051 1597 2103 1660 4,
2131 1596 2197 1650 de
2231 1596 2371 1651 Con-

809 1684 953 1737 riliis
976 1700 1094 1752 cap.
1129 1685 1183 1738 5.

884 1774 941 1826 L.
982 1773 1234 1841 Ejusdem
1260 1776 1323 1828 de
1354 1774 1729 1829 Nomocanone
1776 1775 2016 1829 carmina
2050 1774 2231 1829 Graece
2254 1775 2371 1830 edi-

2485 592 2681 645 cultate
2710 594 2779 645 ad
2817 591 3243 660 Constantinum,
3277 594 3456 662 hujus,
3483 605 3538 646 ut
3584 605 3731 663 puto,
3771 592 4049 651 Michaelis

2484 681 2650 736 Dura:
2678 693 2968 751 parentem,
2988 682 3217 737 Michael
3240 682 3442 737 Psellus
3471 684 3730 738 Libellum
3767 698 3888 740 ante
3914 691 4043 741 scri-

2484 784 2682 840 pserat,
2718 774 2870 841 cujus
2905 782 2981 827 est
3013 776 3309 843 exemplum
3355 777 3495 843 apud
3550 775 3842 841 Meletium,
3902 778 4049 833 Cra-

2484 880 2600 915 cum
2637 872 2687 917 to
2714 864 2795 917 ius
2830 863 3101 919 medicina:
3149 867 3477 934 scriptorem,
3539 884 3640 920 non
3664 868 3839 921 eodem
3894 869 4045 922 modo

2484 964 2808 1023 argumento,
2840 956 2929 1008 sed
2966 957 3149 1009 iisdem
3182 957 3444 1010 interdum
3487 973 3613 1024 pene
3662 960 3849 1012 verbis.
3891 960 4043 1013 lianc

2480 1061 2572 1114 ego
2604 1043 2935 1113 Symeonem,
2969 1047 3149 1100 multis
3185 1049 3302 1101 licet
3336 1050 3389 1101 in
3422 1049 3553 1101 locis
3600 1051 3941 1116 depravatum
3994 1058 4043 1104 et

2482 1150 2745 1197 mancum,
2777 1153 2892 1188 cum
2920 1136 3105 1191 Latine
3124 1154 3321 1206 quoque
3342 1141 3491 1192 modo
3512 1142 3812 1208 vertissent;
3833 1143 4041 1210 adjutus

2482 1226 2718 1293 inprimis
2750 1227 2911 1295 ipsius
2944 1227 3103 1281 Pselli
3158 1229 3351 1293 libello,
3391 1239 3499 1282 tum
3534 1231 3766 1290 eiusdem
3819 1232 3983 1285 altera
4010 1249 4041 1285 a

2483 1314 2707 1385 Georgio
2740 1315 2895 1370 Valla
2926 1319 2981 1370 in
3036 1318 3283 1372 Latinum
3319 1321 3539 1388 pessime
3584 1337 3907 1385 conversum,
3950 1323 4040 1374 tibi

2481 1411 2534 1463 in
2562 1412 2703 1464 omni
2734 1411 2948 1465 medicae
2976 1411 3274 1478 facultatis,
3299 1421 3406 1467 etc.
3442 1412 3607 1466 Recte
3642 1415 3847 1475 omnia,
3879 1414 3923 1466 si
3973 1414 4037 1463 il-

2480 1500 2569 1555 lud
2600 1502 2857 1571 excipias,
2880 1502 3294 1557 Constantinum
3321 1504 3728 1557 Monemachum
3762 1512 4036 1572 parentem

2481 1590 2758 1646 Michaelis
2786 1593 2946 1646 Ducas
2980 1594 3168 1659 fuisse,
3202 1596 3401 1661 quippe
3429 1595 3520 1663 qui
3548 1595 3795 1647 diversus
3819 1595 4037 1645 Omnino

2481 1682 2553 1735 sit.
2605 1697 2632 1733 a
2665 1683 3026 1736 Constantino
3084 1683 3224 1737 Duca
3257 1684 3532 1738 Michaelis
3573 1692 3810 1753 parente.

2549 1769 2657 1825 LII.
2700 1773 2885 1825 Eidem
2937 1772 3114 1825 Psello
3172 1774 3370 1827 librum
3438 1775 3573 1841 Περὶ
3625 1774 3923 1839 ποδάγρας,
3962 1772 4037 1824 De

811 1864 891 1916 dit
914 1881 1035 1918 cum
1070 1865 1449 1933 superioribus
1487 1864 1812 1934 Bosquetus,
1847 1880 1967 1935 qua:
1990 1880 2112 1919 cum
2167 1867 2368 1919 laxiora
2405 1857 2441 1910 Β
2470 1865 2722 1931 podagra,
2766 1879 2795 1915 a
2836 1865 3113 1917 nonnullis
3146 1865 3425 1918 codicibus
3460 1866 3624 1918 tribui
3666 1865 3846 1925 video,
3878 1864 4035 1930 cujus

811 1956 941 2016 sint,
975 1956 1206 2009 alterius
1259 1970 1382 2011 esse
1413 1957 1643 2010 multum
1696 1956 1941 2010 dubitavi
1975 1972 1987 2007 :
2021 1972 2121 2010 nec
2181 1956 2373 2010 fefellit

812 2062 898 2101 me
930 2046 1167 2112 animus,
1202 2061 1327 2101 nam
1365 2048 1418 2101 in
1452 2049 1559 2101 alio
1592 2048 1967 2117 manuscripto
2012 2049 2200 2103 codice
2232 2047 2375 2102 Con-

810 2140 1056 2194 stantino
1077 2140 1252 2194 Psello
1277 2142 1609 2196 tribuuntur.
1648 2143 2059 2195 Κωνσταντίνου
2085 2144 2371 2214 προέδρου,

812 2232 901 2283 καὶ
934 2232 1138 2283 ὑπάτου
1178 2231 1286 2285 τῶν
1322 2234 1627 2302 φιλοσόφων
1652 2235 1744 2286 τοῦ
1776 2234 1986 2287 Ψελλοῦ
2025 2238 2105 2299 εἰς
2142 2237 2238 2307 τὴν
2280 2237 2374 2289 No.

809 2319 1107 2386 μοκανὸνου
1148 2320 1421 2375 ὑπόθεσιν.
1454 2321 1510 2375 ln
1568 2322 1893 2377 bibliotheca
1937 2324 2101 2379 etiam
2151 2326 2372 2378 Antonii

809 2411 1094 2479 Augustini
1148 2413 1271 2465 eod.
1323 2414 1419 2467 154
1478 2422 1533 2467 et
1597 2414 1741 2480 175,
1776 2415 1951 2469 cidem
2007 2416 2369 2471 Constantino

809 2501 987 2555 Psello
1016 2503 1350 2558 tribuuntur.
1382 2504 1489 2559 Sed
1529 2506 1814 2575 cujusnam
1849 2522 1985 2576 opus
2040 2508 2111 2563 sit
2150 2525 2256 2562 non
2294 2509 2371 2562 vi-

808 2591 969 2645 detur
999 2595 1160 2660 tanti,
1187 2604 1244 2647 ut
1275 2594 1328 2649 in
1372 2594 1492 2666 ejus
1543 2605 1767 2652 auctore
1798 2598 2119 2668 inquirendo
2166 2599 2371 2654 diutius

808 2681 1184 2737 immoremur.

877 2765 1002 2825 LI."
1025 2772 1139 2827 Sub
1197 2774 1440 2844 ejusdem
1516 2779 1738 2833 nomine
1797 2777 2184 2832 circumfertur
2228 2779 2370 2850 Syn-

807 2868 988 2931 tagma
1022 2862 1408 2932 ἐκλελεγμένον
1434 2866 1541 2918 ἀπὸ
1596 2867 1704 2921 τῶν
1776 2869 2069 2937 ἰατρικῶν
2129 2869 2366 2938 βιϐλίων,

807 2953 935 3020 περὶ
972 2952 1255 3021 δυνάμεως
1280 2955 1517 3023 τροφῶν,
1563 2958 1657 3009 καὶ
1696 2958 1979 3023 ὠφελείας,
2024 2961 2116 3012 καὶ
2148 2960 2367 3030 βλάϐης,

809 3042 873 3095 de
925 3040 1262 3097 Cibariorum
1302 3045 1573 3112 facultate,
1610 3048 1859 3113 utilitate,
1895 3060 1944 3103 et
1980 3067 2136 3117 noxa,
2168 3068 2232 3106 ex
2261 3051 2370 3106 Me-

810 3133 941 3186 dicis
986 3133 1135 3188 libris
1186 3136 1482 3200 collectum,
1516 3137 1583 3191 ad
1640 3138 2054 3195 Constantinum
2092 3142 2368 3198 Monoma~

807 3224 969 3276 chum
993 3239 1088 3294 per
1116 3226 1420 3280 litterarum
1445 3228 1708 3293 ordinem,
1739 3232 1892 3299 cujus
1919 3232 2041 3285 illud
2066 3242 2147 3287 est
2172 3236 2372 3302 princi-

810 3315 980 3382 pium,
1021 3316 1237 3371 Πολλῶν
1270 3318 1365 3369 καὶ
1387 3318 1603 3386 λογίων,
1632 3314 1677 3373 ὦ
1709 3322 1954 3388 μέγιστε.
1982 3323 2113 3378 Illud
2135 3312 2372 3381 Simeoni

809 3406 981 3459 Setho
1012 3406 1084 3474 (r)
1121 3408 1383 3475 magistro
1410 3410 1750 3465 Antiochcno
1777 3414 2063 3477 tributum,
2105 3423 2157 3469 et
2191 3429 2220 3468 a
2260 3415 2370 3486 Gy-

808 3494 964 3547 raldo
1005 3493 1191 3549 Latine
1220 3495 1485 3551 redditum
1518 3498 1702 3554 Griece
1750 3509 1801 3553 et
1836 3498 2026 3555 Latine
2055 3501 2371 3573 lsingrinius

810 3585 1036 3639 llasileaz
1061 3587 1277 3640 excudit
1305 3588 1358 3640 in
1400 3589 1453 3649 8,
1484 3589 1640 3643 1538.
1676 3591 1806 3644 Cum
1845 3606 1972 3647 vero
2017 3608 2122 3647 non
2160 3604 2367 3648 tantum

808 3676 1115 3735 sententias,
1146 3677 1240 3731 sed
1288 3680 1449 3733 verba
1482 3682 1644 3735 etiam
1700 3683 1813 3751 ipsa
1860 3686 1913 3736 in
1945 3694 2180 3755 utroque
2210 3702 2368 3757 repe-

810 3768 1043 3831 riantur,
1104 3770 1399 3836 existimo,
1459 3772 1823 3830 Collectaneis
1891 3775 2052 3832 Pselli
2106 3781 2367 3832 nonnulla

812 3860 1126 3915 Simeonem
1162 3877 1190 3915 a
1225 3877 1304 3927 se,
1333 3863 1475 3919 inter
1519 3865 1805 3934 legendUm
1839 3869 2240 3935 animadversa,
2276 3871 2372 3925 ad-

809 3949 1035 4015 didisse,
1071 3954 1151 4005 vel
1182 3956 1493 4023 quempiam
1546 3958 1761 4010 tertium
1809 3958 1877 4013 ab
1908 3969 2142 4029 utroque
2178 3962 2367 4017 conie-

809 4041 975 4107 cisse,
994 4044 1137 4111 quod
1158 4061 1220 4097 ex
1242 4046 1418 4100 indice
1439 4049 1809 4119 manuscripto
1833 4051 1897 4120 (s)
1928 4051 2103 4121 colligi
2129 4055 2324 4122 poterit
2352 4072 2364 4107 :

808 4131 1103 4202 Σύνταγμα
1134 4138 1263 4202 περὶ
1304 4137 1519 4207 τροφῶν
1555 4138 1836 4208 δυνάμεων
1889 4140 1983 4193 τοῦ
2014 4142 2242 4207 Ψελλοῦ,
2278 4144 2370 4196 καὶ

816 4223 1040 4293 Συμεὼν
1064 4225 1155 4279 τοῦ
1186 4227 1526 4299 Μαγίστρου.
1560 4230 1849 4301 Syntagma
1892 4232 1956 4286 de
1990 4234 2367 4289 alimentorum

806 4314 1003 4368 viribus
1064 4316 1251 4380 Pselli,
1278 4329 1327 4372 et
1365 4319 1621 4375 Simeonis
1664 4321 1933 4391 Magistri.
1988 4322 2173 4392 Neque
2225 4326 2366 4379 enim

808 4406 1005 4461 adduci
1033 4422 1276 4475 possum,
1308 4420 1367 4463 ut
1397 4411 1638 4476 credam,
1668 4410 1905 4467 Psellum
1937 4412 2053 4484 [54]
2084 4428 2180 4467 sua
2212 4429 2242 4467 a
2274 4413 2370 4469 Se-

2476 1954 2604 2007 illud
2638 1962 2721 2008 est
2746 1955 2959 2009 initium
2993 1974 3006 2008 :
3043 1956 3193 2008 Ἐπεὶ
3222 1956 3385 2025 ὥρισε
3416 1957 3549 2025 πρός
3571 1972 3637 2023 με
3665 1956 3693 2006 ὁ
3724 1954 4033 2022 κράτιστος,

2478 2044 2569 2095 καὶ
2598 2043 2774 2110 ἅγιος,
2811 2044 3081 2113 capitibus
3106 2047 3460 2116 quadraginta
3488 2061 3578 2099 se:
3615 2046 4031 2108 concinnatum;

2475 2134 2591 2202 qui,
2624 2150 2744 2188 cum
2780 2135 2845 2189 ad
2878 2134 3230 2205 Pal-.eologos,
3263 2153 3494 2205 quorum
3515 2137 3671 2204 jussu
3699 2136 3880 2188 inierat
3907 2149 4038 2187 con-

2475 2227 2738 2294 scriptus,
2776 2227 3018 2281 directus
3052 2229 3151 2295 sit,
3190 2229 3292 2282 nisi
3333 2227 3564 2282 Psellum
3594 2228 3757 2279 alium
3810 2227 4030 2295 lingere,

2476 2319 2561 2371 cui
2596 2318 2758 2372 tribui
2786 2320 2979 2387 possit,
3013 2320 3260 2384 velimus,
3292 2329 3437 2372 certe
3469 2318 3625 2373 Pselli
3658 2333 3762 2370 non
3786 2327 3888 2369 est.
3922 2318 4033 2368 Au-

2475 2419 2593 2463 ctor
2644 2420 2885 2478 tempore
2932 2411 3213 2466 Michaelis
3272 2411 3559 2479 Palmologi
3609 2411 3843 2468 vimbat,
3880 2409 3966 2460 cui
4004 2422 4030 2457 a

2475 2501 2805 2557 valetudinis
2833 2519 2960 2556 cura
2993 2511 3131 2562 erat,
3168 2514 3225 2556 ut
3278 2505 3391 2572 ipse
3428 2504 3672 2555 fatetur:
3717 2500 3868 2552 Ἐπεὶ
3917 2501 4028 2550 τοὶ-

2472 2610 2565 2645 νυν
2610 2595 2855 2645 ἐκέλευσέ
2888 2612 2952 2661 με
2986 2599 3012 2646 ὀ
3035 2594 3305 2653 θειότατος
3342 2594 3611 2662 βασιλεὺς,
3640 2592 3754 2658 εἰμὶ
3797 2591 3839 2639 δ’
3866 2591 4025 2651 αὐτὸς

2470 2683 2577 2735 ἀπὸ
2612 2684 2715 2735 τῶν
2754 2685 2953 2754 ἰατρῶν
3007 2686 3191 2747 αὐτοῦ,
3227 2687 3321 2737 καὶ
3356 2685 3454 2753 τὴν
3509 2682 3672 2736 αὑτοῦ
3718 2682 3899 2747 φύσιν,
3936 2682 4028 2731 καὶ

2471 2775 2567 2843 τὴν
2600 2774 2812 2842 κρᾶσιν,
2850 2777 2942 2827 καὶ
2984 2776 3222 2844 ἰδιότητα
3249 2775 3399 2842 ,κατὰ
3423 2774 3481 2826 τὸ
3500 2772 3723 2827 δυνατὸν
3750 2771 3922 2833 εἰδὼς,
3943 2770 4028 2822 διὰ

2471 2866 2531 2916 τὸ
2561 2867 2633 2935 μὴ
2667 2866 2797 2935 πρὸς
2838 2868 3015 2933 ὀλίγον
3062 2867 3251 2935 καιρὸν
3299 2868 3535 2919 συνεῖναι
3590 2864 3759 2933 αὐτῷ,
3796 2863 3861 2915 τὰ
3893 2862 4027 2929 πρὸς

2471 2957 2610 3024 ἐμὴν
2640 2957 2907 3024 ἀνήκοντα
2929 2958 3158 3024 δύναμιν
3202 2958 3341 3009 κατᾶ
3372 2956 3529 3008 τοῦτο
3561 2954 3635 3022 τῷ
3665 2954 3875 3023 ὁρισμῷ
3910 2954 4029 3004 τού-

2471 3065 2564 3099 του
2603 3048 2923 3117 πειθόμενςς
2975 3050 3074 3117 ἤδη
3130 3049 3347 3117 γράφω.
3402 3046 3833 3115 Quandoquidem
3870 3048 4028 3113 igitur

2474 3139 2566 3190 hoc
2594 3140 2719 3191 mihi
2742 3140 3013 3205 imperarit
3038 3140 3401 3193 sanctissimus
3432 3154 3541 3205 rex,
3572 3155 3596 3191 e
3624 3139 3773 3205 cujus
3812 3138 4028 3190 medicis

2475 3245 2589 3280 sum
2629 3245 2785 3291 unus,
2818 3229 3032 3297 ideoque
3065 3238 3314 3283 naturam
3358 3230 3491 3298 ejus,
3538 3239 4028 3296 temperamentum-

2472 3337 2569 3387 que
2608 3322 2742 3383 novi,
2782 3322 3073 3389 prmsertim
3104 3338 3222 3375 cum
3254 3324 3346 3374 diu
3378 3339 3494 3375 cum
3543 3338 3599 3374 eo
3646 3332 3878 3374 rei-satus
3918 3320 4027 3387 fae-

2473 3415 2593 3474 rim,
2624 3429 2717 3481 pro
2754 3430 2833 3478 ea,
2872 3429 2987 3481 qua:
3047 3414 3173 3466 mihi
3210 3425 3286 3467 est
3327 3415 3564 3472 scientia,
3597 3414 3657 3465 de
3691 3414 3785 3465 hoc
3829 3412 4026 3474 morbo,

2473 3514 2525 3555 ut
2582 3504 2695 3569 ejus
2751 3504 2987 3556 obediam
3042 3504 3315 3567 mandato,
3353 3512 3582 3556 tractare
3616 3504 3828 3571 incipio.
3864 3501 3945 3564 Et,
3984 3503 4027 3553 si

2441 3603 2444 3606 '
2472 3606 2559 3646 res
2592 3593 2643 3645 in
2672 3607 2736 3647 eo
2762 3602 3149 3661 pertractatas,
3205 3593 3423 3648 modum
3460 3601 3512 3646 et
3552 3592 3781 3646 fortnam
3812 3592 4027 3645 dicendi

2470 3685 2805 3748 consideras,
2834 3686 3043 3755 aliaque
3077 3702 3089 3739 :
3120 3700 3149 3739 a
3180 3686 3392 3740 dicendi
3460 3684 3833 3753 lraclandiquo
3867 3685 4021 3737 ratio.

2471 3789 2538 3827 ne
2573 3773 2837 3830 Pselliana
2869 3776 3029 3845 longe
3062 3776 3282 3831 absunt.
3312 3776 3432 3830 Vidi
3462 3786 3649 3844 postea
3679 3777 3880 3828 editum
3922 3774 4027 3827 La.

2470 3865 2584 3919 tine
2636 3865 2737 3919 sub
2794 3866 3011 3920 nomine
3064 3866 3611 3921 lncertiabllcnrico
3642 3866 3916 3934 Stephano
3941 3865 4025 3933 (ι).

2470 3955 2613 4009 inter
2645 3965 2897 4023 auctores
2930 3957 3189 4023 medicos,
3215 3964 3347 4010 tom.
3372 3956 3437 4024 ll,
3473 3971 3538 4011 ex
3583 3958 3833 4010 versione
3864 3955 4024 4008 Marci

2472 4042 2681 4099 Musuri
2708 4046 2773 4098 ad
2809 4045 3030 4098 Scaram
3060 4044 3407 4111 Trirultium,
3443 4046 3603 4113 cujus
3632 4044 3697 4099 de
3731 4060 3795 4098 eo
3819 4045 3919 4097 hoc
3946 4053 4026 4097 est

2470 4134 2733 4203 iudicium
2769 4154 2783 4190 :
2809 4136 2963 4201 Quod
2992 4137 3127 4189 sicut
3162 4146 3365 4201 auctor,
3391 4137 3623 4205 quisquis
3648 4136 3754 4188 htec
3782 4133 4023 4195 ediderit,

2469 4228 2642 4295 infans
2690 4238 2737 4281 et
2768 4230 2989 4298 elinguis
3031 4238 3168 4293 erat,
3199 4236 3255 4280 ut
3294 4228 3382 4296 qui
3417 4228 3658 4290 nesciret,
3699 4228 3743 4280 si
3782 4226 3906 4295 quid
3951 4225 4027 4276 rel

2470 4330 2581 4373 arte
2608 4320 2896 4383 didicisset,
2933 4320 3007 4373 uel
3040 4337 3136 4373 usu
3165 4327 3488 4383 compertum
3531 4319 3815 4380 habuisset,
3846 4317 4025 4384 expri-

2470 4427 2627 4476 mere,
2678 4420 2782 4465 etc.
2827 4410 2891 4463 Et
2948 4420 3073 4465 ante
3123 4412 3332 4481 aliquot
3382 4424 3579 4473 annos,
3610 4407 3796 4463 Graece
3820 4408 4023 4461 editum

808 4500 923 4563 tho,
950 4499 1301 4554 eruditiorem
1358 4501 1902 4573 eloquentioremque
1938 4519 1969 4558 a
2004 4504 2185 4560 minus
2244 4521 2360 4559 .ru-
2392 4522 2442 4582 ο
2469 4500 2697 4556 Parisiis
2725 4502 2778 4554 in
2824 4501 2876 4566 8,
2918 4501 3075 4555 1558.
3112 4500 3272 4570 Apud
3312 4498 3659 4553 Guiliclmum
3721 4498 4023 4556 Morelium,

804 4588 919 4640 dito
971 4596 1025 4642 et
1072 4588 1362 4658 el0quente
1407 4600 1733 4647 mutuatum.
1787 4594 2031 4649 Aliorum
2094 4594 2360 4664 siquidem

807 4678 1086 4734 laboribus
1122 4680 1395 4748 meliores,
1424 4697 1532 4736 non
1557 4683 1857 4740 deteriores
1906 4688 2137 4742 evadere
2188 4703 2359 4742 cona-

806 4783 949 4824 mur.
983 4767 1049 4822 Et
1077 4767 1288 4826 Psellus
1312 4771 1587 4829 Sethianis
1609 4775 1742 4841 illis,
1768 4777 1936 4832 veluti
1963 4778 2140 4831 aliena
2178 4778 2358 4847 pluma

806 4856 1060 4923 amictus,
1084 4858 1476 4917 candidissima
1528 4878 1627 4918 sua
1652 4865 2017 4935 deturpasset.
2058 4865 2279 4922 Viderat
2307 4868 2359 4921 id

806 4962 1020 5020 quoque
1048 4948 1337 5021 Gyraldus,
1366 4955 1702 5028 epistolaque
1765 4958 2161 5028 nuncupatoria
2187 4958 2360 5013 omni-

2470 4593 2729 4647 Demetrio
2768 4592 3129 4661 Pepagomeno
3168 4592 3496 4645 vindicatum
3526 4609 3540 4657 ;
3570 4599 3621 4645 et
3653 4589 3766 4661 [55]
3794 4588 4022 4643 seorsim

2469 4683 2656 4738 Latine
2678 4700 2742 4738 ex
2778 4685 3225 4753 interpretatione
3245 4683 3551 4738 doctissimi
3589 4682 3871 4751 cujusdam
3900 4681 4020 4744 viri,

2467 4790 2625 4844 quem
2663 4774 2777 4843 ipse
2813 4789 2920 4827 non
2949 4774 3211 4828 nominat.
3245 4774 3377 4829 Cum
3404 4789 3530 4827 vero
3557 4772 3610 4825 in
3640 4772 3827 4826 multis
3852 4771 4023 4825 Psello

2470 4865 2767 4928 tribuatur,
2804 4866 2925 4917 ιὶρυι
2962 4864 3107 4917 illius
3135 4880 3240 4916 non
3274 4864 3364 4928 sit,
3401 4865 3539 4919 inter
3570 4864 3673 4917 alia
3710 4860 3871 4917 Pselli
3908 4875 4016 4913 mo-

2472 4964 2724 5011 numenta
2757 4956 2900 5010 edita
2934 4959 3109 5011 locum
3140 4955 3353 5009 habeat.

2292 5098 2520 5155 ΝΟΤίΕ.

882 5201 955 5271 (q)
993 5204 1468 5280 ln_m_s.__t3;esa_reo
1499 5206 1783 5280 Michaelis
1807 5209 1975 5280 Pselli
2023 5225 2145 5265 esse
2189 5215 2370 5280 perhi-

809 5273 1005 5349 betur:
1040 5274 1146 5327 Τοῦ
1180 5275 1389 5349 Ψεῌλλοῦ
1418 5278 1613 5346 κυρίου
1648 5278 1865 5349 Μιχαὴλ
1915 5284 2042 5349 περὶ
2068 5282 2175 5333 τῶν
2191 5273 2369 5348 ’ἁγίων

810 5343 902 5420 sui
923 5343 1317 5420 plxoopsth'bv
1354 5343 1507 5402 ἑπτά
1534 5343 1764 5402 συνόδων
1814 5343 1949 5420 ἁδρὸς
1990 5343 2093 5402 ’τὸν
2142 5343 2368 5418 βασιλέα

807 5410 896 5482 τὸν
922 5410 1259 5482 Μονομάχον.

878 5481 949 5551 (r)
998 5480 1241 5536 Sitne-oui
1289 5486 1413 5540 huic
1455 5486 1715 5551 vindicat,
1754 5496 1807 5542 et
1828 5503 1891 5542 ex
1962 5488 2177 5543 duobus
2229 5506 2343 5543 mss

804 5549 919 5607 Jac.
973 5553 1213 5606 Mcntelii
1274 5556 1620 5623 integriorem
1676 5549 1834 5624 hujus
1889 5559 2009 5613 libri
2057 5561 2350 5613 editionem

810 5637 929 5697 eum
981 5625 1236 5697 versione
1282 5633 1519 5697 «ξι-μους
1570 5626 1716 5680 dedit
1754 5628 2017 5681 Martinus
2042 5629 2348 5697 Bogdauus,

806 5688 975 5741 Paris.
1016 5692 1166 5751 1658,
1209 5692 1259 5744 8.
1296 5694 1425 5747 Vide
1463 5704 1515 5748 et
1544 5698 1793 5751 Allatium
1854 5698 1921 5751 de
1978 5688 2348 5756 Simebnihus.

806 5773 855 5825 ιγ
898 5759 1013 5815 181.
1056 5762 1210 5815 Pselli
1263 5763 1460 5818 librqu
1503 5782 1605 5818 una
1648 5783 1770 5822 cum
1814 5769 2081 5822 Simeouis
2120 5768 2254 5822 libro
2284 5769 2347 5821 ad

2472 5230 2604 5267 mss.
2636 5212 2852 5264 codices
2888 5212 3156 5264 reccnsito
3192 5210 3351 5263 edere
3389 5208 3561 5260 voluit
3595 5205 3858 5276 Georgius
3897 5204 4023 5259 Ilii:-

2469 5298 2587 5336 ron.
2634 5280 2958 5334 \Velsehius.
3000 5282 3126 5332 Vide
3162 5281 3280 5348 ejus
3311 5279 3594 5347 epistolam
3624 5273 3714 5328 ιχ.

2540 5356 2603 5413 (s)
2652 5352 2739 5403 Sic
2790 5353 2952 5402 etiam
3008 5344 3511 5402 eodex'Gu-s‘areus
3556 5348 3620 5398 ilc
3662 5360 3767 5411 quo
3793 5344 4021 5400 Lambe-

2466 5410 2704 5484 rius-Vl,
2732 5436 2778 5485 p.
2821 5420 2941 5471 ‘ltil.
2982 5419 3125 5471 Idem
3155 5427 3419 5470 menmrat
3458 5416 3614 5469 l’selli
3640 5410 3783 5485 ﬁgo!
3813 5415 4023 5483 διαίτης

2467 5494 2529 5543 al
2563 5494 2690 5558 imp.
2728 5483 3148 5563 Constantinum
3173 5487 3610 5563 Monouiacliutn.
3640 5483 3829 5561 Incipit
3869 5500 3881 5537 :
3918 5487 4024 5563 K30.

2464 5556 2653 5612 τοῦτο’
2684 5560 2781 5625 τῆς
2850 5560 2945 5624 σῆς
2990 5558 3146 5625 ἔργον
3207 5556 3461 5625 προνοίας
3490 5556 3602 5633 ’καὶ
3652 5556 4022 5633 ξιξ-ίςιὶ.οφυοῦς

2458 5630 2698 5690 ἐπινοίας
2740 5621 2832 5678 ἆιπὶ
2868 5621 3377 5694 φιλανθρωπότὴτος
3412 5626 3710 5693 ἐπίταγμα,
3738 5621 4023 5694 libr/smu—

2458 5702 2564 5749 τῖνε
2609 5688 2845 5749 Osiri-une
2878 5688 2969 5749 ita".
3013 5688 3229 5762 μέγιστε
3272 5688 3630 5766 ἁὺτοκράτορζ
3662 5708 3714 5745 κ.
3742 5707 3793 5743 τ.
3818 5688 3875 5746 ἱ,

2535 5770 2595 5834 (1)
2636 5768 2807 5826 I‘nris,
2853 5769 2909 5819 Λν
2962 5767 3111 5829 1567,
3150 5769 3235 5818 fol.
