4424 6450
817 398 919 469 511

2134 397 2412 459 LEONIS
2444 394 2749 457 ALLATII

3971 382 4075 449 512

820 526 1039 570 natura.
1072 513 1205 580 Qua:
1242 510 1427 567 omnia
1450 525 1518 565 an
1556 524 1725 565 unum
1750 523 1890 578 opus
1924 509 2055 573 sint,
2096 509 2183 564 vel
2219 509 2398 564 diver—
2427 509 2469 565 Α
2573 504 2848 571 Expositio
2915 500 2969 553 in
3032 496 3394 570 Metaphysica
3442 495 3766 563 Aristotelis,
3820 494 4073 561 inltalia,

821 624 903 671 sa,
944 607 1291 677 judicabant,
1346 604 1441 673 qui
1505 604 1705 673 legent.
1747 604 1859 671 Ego
1914 602 2169 657 existimo
2232 616 2399 654 unum

820 715 966 761 esse,
998 707 1239 750 attamen
1265 696 1319 748 in
1343 709 1453 748 uno
1482 693 1672 748 codice
1695 692 2071 747 abundantius
2104 691 2398 754 contineri;

821 807 886 845 ex
921 788 1176 842 omnibus
1220 796 1400 840 tamen
1436 801 1604 839 unum
1656 800 1817 854 posse
1855 784 2051 838 conﬁci
2093 783 2397 853 perlectum

822 890 876 931 et
902 878 1157 931 omnibus
1188 877 1433 945 partibus
1466 875 1796 930 absolutum.
1818 873 1951 941 Quae
1985 874 2265 944 provincia
2290 887 2399 925 non

820 978 965 1023 esset
997 969 1221 1021 omnino
1262 968 1493 1021 eruditis
1527 967 1659 1021 viris
1687 966 2107 1021 contemnenda.
2162 964 2400 1018 Consule

820 1063 1006 1125 etiam,
1025 1074 1145 1128 quae
1162 1073 1261 1113 nos
1278 1058 1347 1113 de
1364 1059 1463 1110 hoc
1484 1058 1673 1111 eodem
1697 1072 1859 1127 Opere
1880 1056 2397 1125 inferiusidicemus:

821 1154 1001 1204 obiter
1053 1160 1237 1203 tamen
1298 1151 1384 1205 hic
1426 1150 1855 1205 animadvertam
1908 1150 2123 1203 titulum
2176 1148 2399 1203 secundi

821 1245 1125 1313 Augustani
1166 1260 1271 1297 non
1297 1259 1487 1299 carere
1527 1254 1650 1298 nota
1677 1244 1951 1309 falsitatis,
1989 1244 2081 1314 qui
2122 1244 2280 1299 nobis
2305 1258 2401 1313 pro

823 1337 1091 1389 Michaele
1120 1335 1291 1396 Duea,
1350 1334 1668 1391 Michaelem
1720 1334 2065 1392 Comnenum
2135 1335 2399 1399 obtrudit,

823 1426 985 1494 cujus
1032 1428 1362 1480 auctoritate
1412 1428 1669 1494 deceptus
1704 1427 2040 1498 ngelinus
2067 1427 2121 1481 in
2163 1441 2260 1496 sua
2288 1427 2403 1481 edi-

824 1516 976 1568 tione
1009 1516 1261 1578 retinuit,
1301 1515 1422 1567 etin
1460 1516 1627 1576 notis,
1664 1515 2006 1570 Constantini
2041 1518 2201 1571 Ducaa
2229 1517 2399 1572 lilium

838 1608 1154 1661 Michaelcm
1210 1608 1351 1660 inter
1391 1610 1722 1672 Comnenos,
1759 1611 1894 1662 mira
1932 1609 2286 1680 ἀνιστορησίᾳ
2318 1624 2404 1662 re—

827 1700 955 1763 fert,
991 1714 1114 1751 cum
1159 1700 1385 1751 omnino
1417 1708 1565 1754 esset
1625 1699 2024 1761 immutandus,
2061 1700 2403 1755 reclamanti-

824 1790 930 1843 bus
961 1789 1175 1843 cmteris
1204 1789 1507 1854 eodicibus,
1544 1791 1640 1855 qui
1670 1805 1863 1844 omnes
1889 1807 1999 1846 uno
2033 1807 2125 1844 ore
2165 1791 2400 1844 Michae-

828 1880 935 1932 Iem
975 1878 1173 1931 Ducam
1208 1887 1541 1947 proponunt,
1582 1882 1668 1932 cui
1697 1881 1873 1948 capita
1904 1882 1993 1933 illa
2039 1882 2397 1947 nuncupavit.
2430 1858 2472 1912 Β

827 1967 1473 2036 MarquardusFreberus
1496 1970 1547 2021 in
1579 1968 1933 2037 Chronologia
1966 1971 2169 2036 imperii
2200 1972 2400 2023 utrius-

822 2075 920 2127 que
948 2076 961 2112 :
993 2059 1074 2111 Ad
1107 2058 1412 2113 Michae’em
1446 2060 1643 2112 Ducam
1672 2062 1881 2129 scripsit
1921 2060 2152 2114 Michael
2186 2062 2396 2115 Pscllus

824 2166 888 2202 ea
936 2160 1093 2203 a'tate
1150 2153 1201 2203 in
1244 2152 1368 2218 jure
1416 2159 1465 2204 ct
1528 2153 1858 2221 philosophia
1919 2155 2295 2206 scientissimus
2353 2163 2401 2207 et

828 2244 1347 2312 πολυγραφώτατος,
1379 2243 1658 2313 Synopsim
1692 2245 1857 2313 legum
1889 2246 2117 2298 versibus
2144 2247 2402 2313 politicis;

825 2340 1001 2383 exstat
1055 2348 1154 2384 ms.
1187 2333 1241 2384 in
1282 2332 1594 2385 bibliotheca
1645 2332 1900 2386 Palatina
1941 2344 1989 2386 et
2034 2333 2403 2388 Constantino-

826 2424 1093 2487 politana.
1125 2423 1373 2497 Ejusdem
1406 2424 1571 2477 Pselli
1618 2426 1685 2477 ad
1712 2427 1847 2477 hunc
1881 2427 2078 2479 Ducam
2108 2429 2402 2493 responsio-

829 2532 915 2568 nes
955 2516 1023 2567 ad
1068 2515 1302 2568 diversas
1364 2518 1678 2584 qumstioncs
1725 2518 2042 2585 theologicas
2078 2528 2125 2570 ct
2161 2519 2403 2570 doctrina

829 2606 1278 2673 omnifaria.19i
1335 2609 1600 2676 capitibus
1661 2610 2042 2677 comprehensio
2100 2611 2155 2661 in
2220 2610 2403 2661 biblio-

833 2699 983 2751 theca
1016 2696 1293 2751 Palatina.
1335 2700 1565 2755 Codices
1604 2701 1680 2763 hi,
1717 2702 1862 2756 sicut
1891 2711 1943 2755 et
1999 2702 2194 2770 reliqui
2231 2701 2404 2755 ϐιηροί

802 2801 881 2863 ,ιιι
917 2789 1093 2843 Latini
1133 2792 1492 2861 manuscripti
1548 2793 2006 2847 decantatissima:
2036 2792 2184 2847 illius
2220 2794 2407 2847 biblio-

830 2882 1021 2945 tbccze,
1049 2882 1184 2936 meis
1241 2884 1525 2940 laboribus
1559 2886 1660 2956 (a),
1688 2886 1891 2956 vigiliis
1938 2886 2154 2954 integri,
2196 2886 2406 2939 incolu-

837 2987 1061 3041 mesque
1094 2973 1147 3025 in
1176 2972 1441 3029 Vaticana
1476 2986 1852 3030 asservantur.
1904 2976 2059 3042 Quod
2083 2984 2231 3031 certe
2260 2976 2406 3029 omni

835 3063 1199 3118 admiratione
1234 3066 1457 3136 dignum
1516 3077 1620 3131 est,
1676 3066 1881 3137 Deique
1946 3067 2143 3121 summi
2195 3066 2404 3121 muneri

834 3154 1239 3219 ascribcndum,
1272 3156 1324 3208 in
1358 3165 1467 3209 tam
1517 3166 1672 3210 vasto
1698 3158 1913 3221 itinere,
1943 3158 2244 3213 saevissimo
2270 3166 2410 3211 tem-

837 3261 986 3313 pore,
1037 3254 1364 3316 tempestate
1412 3247 1636 3302 hiberna
1662 3290 1676 3313 ,
1718 3264 1781 3302 ac
1812 3249 2017 3319 pluvia,
2053 3263 2235 3302 rerum
2295 3264 2407 3301 om-

843 3339 995 3389 nium
1058 3338 1309 3406 penuria,
1341 3353 1438 3408 per
1472 3338 1670 3407 oppida
1718 3354 1781 3393 ac
1848 3339 2083 3394 ditiones
2142 3339 2404 3402 hostium,

836 3438 1047 3482 tantum
1077 3430 1337 3484 librorum
1370 3445 1652 3484 numerum
1703 3442 1908 3484 sartum
1946 3439 2147 3485 tectum
2185 3430 2409 3484 Romam

838 3526 1213 3588 importatum,
1260 3522 1333 3574 ita
1385 3529 1444 3574 ut
1478 3537 1545 3575 ne
1586 3521 1848 3576 sebedula
1893 3521 2117 3591 quidem
2160 3521 2411 3591 perierit.

837 3616 942 3668 Sed
979 3614 1044 3667 ad
1074 3613 1337 3667 I’sellum.

912 3726 1041 3780 LVI.
1075 3726 1347 3796 Opuseula
1374 3728 1619 3797 qumdam
1649 3728 1710 3783 In
1753 3728 2060 3783 Passionem
2101 3740 2149 3783 et
2180 3732 2416 3798 sepultu-

838 3836 953 3871 ram
978 3819 1213 3885 Christi;
1247 3819 1478 3873 Libellus
1520 3822 1690 3873 dictus
1718 3820 2113 3885 Autichristus;
2145 3821 2216 3875 De
2247 3823 2419 3875 Para-

836 3912 953 3964 diso
973 3930 991 3975 ;
1012 3910 1075 3964 In
1102 3911 1349 3965 Natalem
1375 3912 1595 3971 Christi,
1627 3913 1764 3965 in-l.
1789 3913 2037 3967 biblioth.
2077 3915 2416 3981 imperatoris

842 4003 1084 4069 Vieunm,
1123 4003 1423 4067 Gesnerus,
1456 4005 1804 4061 Possevinus.

909 4117 1024 4190 [58]
1058 4118 1152 4180 Εἰς
1173 4118 1273 4188 τὴν
1304 4118 1433 4171 and
1446 4136 1608 4187 pwcw
1632 4119 1723 4171 τοῦ
1752 4118 1978 4187 Κυρίου.
2022 4118 2085 4171 1η
2113 4121 2417 4187 cruci/ixio-

844 4228 958 4265 nem
997 4212 1228 4273 Domini,
1277 4211 1328 4262 in
1388 4212 1713 4266 bibliotheca
1765 4211 2058 4265 cardinalis
2116 4211 2413 4273 Columnar,

842 4303 1141 4357 Gretserus
1172 4304 1320 4357 notis
1371 4305 1423 4357 in
1485 4305 1782 4359 orationem
1836 4304 2055 4357 Macarii
2117 4305 2414 4373 Chrysoce-

844 4394 988 4459 pbali
1047 4395 1113 4449 de
1169 4397 1495 4450 exultatione
1547 4405 1750 4449 sanctae
1806 4395 1999 4449 Crncis
2054 4406 2184 4448 tom.
2244 4396 2307 4455 II,
2352 4395 2418 4447 de

842 4488 1038 4540 tiruce.
1090 4485 1205 4539 Non
1252 4495 1484 4547 constat,
1518 4502 1582 4537 au
1621 4486 1686 4540 de
1725 4488 1826 4539 hac
1869 4486 2131 4555 intelligat
2177 4486 2412 4554 amplili-

844 4587 1004 4630 cator
1031 4576 1377 4631 Gesnerianm
1418 4577 1779 4638 bibliothecae,
1835 4576 2042 4646 Georgii
2088 4576 2416 4629 Nicomedia:

841 4671 1218 4736 archiepiscopi
1259 4669 1331 4722 De
1372 4668 1560 4729 Cruce,
1601 4686 1756 4737 quant
1806 4670 1942 4737 falso
1984 4672 2198 4737 quidam
2249 4669 2421 4721 Pscllo

843 4763 1133 4829 ascripscre
1159 4760 1335 4813 Gra'ce
1360 4777 1457 4813 ms.
1492 4762 1543 4813 in
1579 4760 1631 4825 4,
1656 4759 1911 4815 Biblioth.
1952 4762 2136 4829 imper.
2183 4759 2411 4814 I’ienna‘.

915 4871 1307 4940 Compendiosa
1343 4873 1607 4941 expositio
1635 4873 1686 4926 in
1704 4873 2008 4928 Aristotelis
2045 4874 2214 4927 libros
2247 4873 2319 4926 De
2339 4890 2425 4925 na-

844 4964 1005 5016 turali
1032 4964 1431 5028 nuscultatione,
1454 4974 1632 5018 exstat
1653 4966 1703 5018 in
1721 4965 2041 5020 bibliotheca
2068 4965 2250 5018 Didaci
2286 4964 2425 5017 Ilur-

847 5053 972 5106 tadi.
1014 5051 1305 5105 Gesnerus.
1365 5054 1420 5106 lu
1486 5053 1809 5106 bibliotheca
1843 5054 2095 5106 Davarica
2125 5055 2247 5105 (ξολ.
2298 5054 2419 5107 145.

846 5142 1003 5194 Index
1050 5142 1361 5205 Dzivaricus,
1398 5152 1450 5198 et
1481 5143 1531 5195 in
1559 5143 1880 5197 bibliotheca
1912 5144 2156 5211 imperat.
2179 5142 2419 5207 Viennae,

848 5229 1012 5283 Israel
1042 5230 1327 5299 Spachius.

918 5341 1169 5411 Synopsis
1202 5342 1410 5414 Logica:
1445 5346 1769 5410 Aristotelis,
1827 5346 1966 5410 ἰπὶ-4,
2004 5348 2055 5400 in
2093 5348 2420 5401 bibliotheca

845 5433 1182 5505 Aeigustana,
1217 5437 1268 5488 iu
1300 5439 1535 5491 armario
1567 5454 1715 5490 num.
1742 5439 1792 5491 5.
1828 5439 1987 5493 Index
2039 5441 2411 5509 Augustanus.

2505 598 2801 651 Gesnerus.

2575 687 2992 742 Commentarius
3025 686 3076 738 in
3104 683 3408 738 Aristotelis
3444 683 3619 747 verba,
3682 685 3786 737 Ars
3850 683 4075 746 artium,

2504 788 2555 833 ct
2588 780 2822 833 scientia
2854 778 3255 834 scientiarium.
3291 785 3367 839 et,
3400 774 3675 839 Quomodo
3705 775 3881 826 omnia
3906 790 3935 825 a
3959 773 4077 841 phi-

2505 871 2747 939 losophia
2776 868 3124 937 dependeant.
3158 869 3211 921 in
3244 867 3422 923 Italia.
3453 867 3751 920 Gcsnerus.

2578 958 2640 1012 In
2682 958 3097 1029 Psychogoniam
3128 956 3392 1020 Platonis,
3441 956 3493 1008 in
3537 955 3708 1017 Italia,
3757 953 4074 1006 Gesncrus:

2510 1053 2563 1105 in
2603 1050 2932 1105 bibliotheca
2969 1051 3284 1119 Augustana
3329 1048 3422 1101 fol.
3462 1048 3514 1100 in
3556 1046 3792 1099 armario
3827 1061 3877 1101 ν.
3917 1045 4077 1098 iuch

2503 1146 2854 1216 Augustinus
2877 1141 2980 1199 m‘s.
3018 1146 3069 1198 in
3098 1144 3422 1198 bibliotheca
3465 1143 3659 1211 imper.
3694 1138 3915 1191 Vienna:
3941 1139 4076 1202 in-i,

2502 1234 2670 1293 Israel
2698 1238 2985 1307 Spachius.

2578 1330 2941 1399 Expositiones
2976 1331 3139 1383 varia:
3190 1330 3242 1381 in
3282 1328 3455 1380 varios
3522 1324 3765 1379 Platonis
3812 1326 3972 1379 locos.
4024 1327 4077 1378 in

2504 1422 2829 1476 bibliotheca
2866 1421 3124 1475 Bavarica
3149 1420 3273 1474 cod.
3311 1420 3432 1473 165.
3466 1416 3627 1471 Index
3657 1418 3971 1470 Damt-iens.

2575 1514 2902 1567 Συνοπτικδν
2940 1514 3223 1582 σύνταγμα
3272 1512 3373 1576 τῆς
3420 1511 3759 1580 φιλοσοφίας.
3792 1512 3845 1563 in
3887 1510 4079 1561 biblio-

2508 1606 2660 1660 theca
2695 1604 2924 1658 Joannis
2948 1604 3231 1662 Sambuci.
3258 1603 3561 1656 Gesnerus.

2580 1696 2744 1749 Varia
2770 1695 3153 1764 philosophica,
3178 1694 3431 1747 ῐὶοιιιωὶιι
3463 1694 3745 1747 Vaticana.
3780 1692 4076 1746 Gesnerns.

2508 1786 2758 1856 Physica,
2801 1787 3180 1850 astronomica,
3222 1787 3443 1849 musica,
3480 1786 3837 1847 arithmetica,
3879 1799 4081 1853 geome-

2511 1880 2661 1937 trica,
2686 1878 2887 1944 junctis
2921 1877 3254 1944 opinionibus
3290 1877 3353 1929 de
3404 1879 3607 1932 anima.
3652 1877 3789 1939 in-4,
3828 1874 4075 1927 biblioth.

2511 1971 2755 2037 imperat.
2788 1968 3032 2034 Viennae,
3070 1970 3341 2023 Gcsnerus

2584 2059 3057 2127 Interpretationes
3119 2060 3401 2113 dubiorum
3459 2059 3831 2117 naturalium,
3890 2057 4082 2111 biblio-

2512 2153 2679 2206 tbeere
2707 2155 2955 2221 imperat.
3016 2152 3257 2211 Viennae,
3298 2152 3440 2213 in-é,
3482 2153 3778 2216 Gesnerus,
3808 2158 3860 2203 et
3914 2151 4078 2204 Israel

2514 2244 2779 2313 Spachius
2814 2263 2827 2299 :
2871 2244 3079 2299 Solutio
3126 2245 3285 2296 unius
3330 2254 3485 2313 atque
3522 2245 3741 2297 alterius
3770 2247 4079 2313 qumstionis

2514 2336 2870 2404 astrologit'tr,
2898 2335 3150 2389 biblioth.
3176 2335 3520 2404 Augustana,
3558 2335 3704 2392 imi.
3737 2335 3790 2387 in
3822 2338 4078 2393 armario.

2513 2427 2671 2480 index
2704 2428 3057 2495 Augustanus
3080 2441 3182 2481 ms.

2582 2517 2741 2573 LVII.
2804 2518 2950 2572 Inter
3002 2518 3175 2573 libros
3218 2534 3358 2589 quos
3410 2518 3758 2572 bibliothecze
3818 2516 4085 2586 Lngduno

2511 2608 2721 2663 Batava:
2740 2608 3011 2678 .Iosephus
3042 2608 3283 2679 Scaliger
3307 2609 3527 2677 legavit,
3569 2610 3622 2661 in
3657 2608 3836 2661 indice
3872 2607 4086 2661 (ἒπειτα)-

2512 2717 2630 2753 rum
2659 2702 3157 2770 manuscriptorum
3219 2700 3405 2754 in-Iol.
3440 2701 3637 2769 legitur
3683 2715 3805 2753 cum
3846 2699 4087 2752 Ileronis

2512 2793 2860 2862 geometrica,
2896 2791 3323 2860 Pselliqumdam
3362 2791 3707 2859 astrologica.
3747 2789 3823 2842 An
3875 2789 4084 2849 eadem,

2515 2882 2833 2937 veldiversa
2865 2896 2988 2935 cum
3023 2883 3423 2952 superioribus,
3478 2896 3581 2934 neu
3634 2895 3927 2949 possumus
3950 2880 4089 2932 divi—

2514 2989 2668 3028 nare.
2701 2976 2782 3027 An
2818 2975 2978 3028 etiam
3043 2974 3131 3027 illa
3176 2982 3323 3035 sunt,
3372 2988 3492 3042 qua:
3543 2974 3644 3027 sub
3690 2972 3781 3023 illo
3817 2972 3995 3023 libello
4022 2972 4087 3023 de

2514 3074 2748 3135 quatuor
2774 3067 3025 3122 scientiis
3083 3066 3485 3121 mathematicis
3540 3064 3935 3117 continentur?
3980 3062 4086 3115 Sed

2516 3157 2789 3225 Suspendo
2823 3158 3111 3227 judicium.

2585 3250 2859 3317 Expositio
2897 3250 3291 3301 mathematices
3353 3248 3404 3300 in
3450 3247 3648 3301 Timazo
3709 3246 3973 3305 Platonis,
4025 3246 4089 3298 de

2512 3343 2703 3396 anima:
2733 3343 3083 3410 generatione,
3104 3344 3209 3395 sire
3236 3342 3487 3403 essentia,
3530 3343 3582 3395 in
3625 3323 4088 3397 fullbibliotheca

2512 3440 2847 3503 Augustana.
2880 3433 3044 3488 Index
3075 3434 3309 3503 August.
3340 3448 3444 3487 ms.
3484 3432 3564 3485 Λιι
3592 3433 3775 3486 eadem
3807 3447 3928 3485 cum
3950 3429 4090 3499 I‘sy-

2514 3525 2778 3593 chogonia
2797 3525 2820 3563 ν

2584 3617 2694 3689 [59]
2724 3617 2867 3685 Opus
2896 3617 3138 3671 Grarcum
3173 3632 3237 3670 ex
3258 3617 3410 3670 libris
3440 3616 3864 3678 medicinalibus,
3906 3615 4088 3668 ordine

2516 3710 2798 3776 alphabeti,
2835 3708 3039 3772 Romae,
3076 3708 3128 3760 iu
3163 3707 3449 3761 Vaticana.
3483 3706 3780 3763 Gesncrus.
3811 3706 4086 3759 Paschalis

2517 3798 2725 3863 Gallus,
2756 3809 2809 3852 ct
2846 3796 3085 3852 Joannes
3119 3797 3386 3867 Georgius
3419 3798 3758 3851 Sclicnckius
3794 3798 3844 3849 in
3888 3797 4084 3850 biblio-

2524 3892 2680 3945 theca
2716 3889 2945 3944 Medica.

2593 3982 2787 4052 Ecloga
2816 3982 2960 4034 utilis
2992 3997 3055 4033 ex
3086 3981 3220 4034 libro
3258 3979 3668 4036 Parallelorum.
3709 3979 3927 4033 Ibidem.
3958 3979 4087 4034 Ges-

2522 4090 2683 4129 nerus
2709 4083 2761 4126 ct
2798 4072 3086 4143 Spaehius.

2596 4165 2850 4218 Encomia
2878 4165 3102 4218 diversa.
3134 4164 3360 4227 Ibidem,
3399 4164 3696 4219 Gcsncrus.

2594 4257 2865 4323 Moncdia,
2906 4256 3113 4318 Romrc,
3158 4258 3211 4310 in
3258 4255 3523 4310 Vaticana
3564 4258 3858 4311 Gesncrus.

2596 4349 2897 4418 Explicatio
2929 4350 2983 4401 in
3016 4350 3207 4401 librum
3259 4348 3614 4411 Dioscoridis,
3642 4351 3693 4403 in
3759 4349 4087 4403 bibliotheca

2522 4437 2792 4491 Munuelis
2847 4437 3138 4507 Engenici.
3196 4446 3248 4490 ct
3310 4436 3537 4492 Joannis
3592 4438 3763 4490 Suzii.
3820 4438 4091 4492 Antonius

2442 4540 2493 4598 ι)
2524 4527 2813 4581 Verderius
2871 4529 2921 4580 in
2983 4528 3396 4597 Supplemento,
3454 4536 3508 4581 et
3543 4527 3879 4583 SehencMus
3921 4531 3973 4581 in
4008 4530 4088 4580 hi-

2522 4620 2789 4673 bliothcca
2821 4617 3043 4671 Medica.

2595 4709 2929 4778 Enigmata,
2963 4710 3013 4761 iu
3058 4710 3313 4764 biblioth.
3355 4710 3639 4774 Bavarica,
3672 4711 3793 4763 cod.
3837 4711 3923 4763 58.

2594 4800 2775 4855 LVIII.
2835 4800 3104 4855 Meursius
3192 4800 3551 4853 Historiarum
3634 4818 3759 4866 opus
3852 4800 4088 4855 Pscllum

2526 4894 2811 4961 scripsisse
2836 4901 3101 4956 autumat,
3132 4892 3371 4961 illudque
3394 4892 3600 4944 laudari
3632 4908 3658 4944 a
3695 4892 3902 4945 Zonara
3940 4904 3976 4945 t.
4001 4893 4087 4946 III.

2530 4985 2585 5036 In
2619 4984 2824 5038 Isaacio
2852 4983 3151 5037 Comneuo.
3183 4991 3237 5036 et
3294 4984 3344 5035 in
3376 4982 3624 5036 Romano
3654 4983 3909 5053 Diogene,
3962 4987 4087 5037 item

2529 5075 2862 5130 aThcodoro
2889 5075 3176 5129 llIetochita
3210 5074 3411 5127 llistor.
3448 5091 3614 5127 sacra:
3656 5077 3687 5129 ι.
3720 5092 3779 5129 ιι.
3822 5076 4090 5143 Ccdreno,

2526 5166 2735 5222 Joanne
2762 5166 3085 5235 Curopalata
3110 5166 3161 5218 in
3194 5164 3445 5219 Historizc
3476 5182 3587 5219 sure
3620 5167 3794 5228 initio,
3836 5167 4118 5223 Siichaele.

2529 5260 2691 5328 Ciyca
2724 5259 2774 5311 in
2808 5258 3108 5311 Annalibus
3136 5258 3301 5311 semel
3344 5266 3504 5323 atque
3531 5258 3747 5311 iterum.
3775 5258 3899 5311 Erat
3928 5261 4090 5311 etiam

2527 5354 2579 5403 iu
2612 5352 2858 5419 catalogo
2916 5350 3156 5402 exhibito
3204 5363 3232 5399 a
3270 5349 3650 5416 grammatico,
3682 5351 3821 5419 apud
3860 5352 4089 5403 Antoni-

2528 5458 2656 5495 num
2692 5440 3007 5494 Verderium
3029 5441 3081 5493 in
3112 5440 3510 5508 supplemento.

2346 5578 2574 5632 ΝΟΤᾸΞ.

923 5700 997 5768 la)
1028 5700 1097 5750 Ile
1140 5700 1404 5753 Palatinis
1464 5701 1748 5754 codicibus
1794 5718 1939 5769 quos
1981 5703 2217 5764 pontiﬁci
2275 5703 2407 5753 {ire-

853 5775 1005 5832 gorio
1046 5770 1132 5821 XV
1198 5771 1424 5823 donavit
1482 5774 1777 5834 imperator
1835 5773 2211 5825 I’vrdiuatnlus
2264 5772 2324 5823 II.
2357 5773 2406 5823 in

858 5841 1165 5895 VJI-IC‘JIIJIII
1203 5844 1329 5895 bibl.
1358 5842 1421 5895 Λ.
1486 5843 1617 5894 “3:25
1644 5845 1942 5900 ll“.tll~iillt$,
1976 5845 2237 5911 gloriatur
2266 5843 2410 5895 Alla~

2525 5710 2632 5752 tius
2680 5702 2902 5768 passim,
2945 5701 3017 5750 uti
3074 5699 3138 5751 ad
3183 5696 3533 5749 I-Zustathium
3587 5694 3985 5768 Aulim-bonum
4039 5698 4088 5744 in

2526 5765 2689 5835 prati.-
2718 5781 2767 5819 ct
2809 5772 2859 5819 in
2890 5770 3033 5821 tmtis
3063 5786 3113 5833 p.
3164 5770 3283 5823 Ibi.
3314 5777 3471 5833 atque
3506 5768 3555 5817 in
3598 5765 4087 5817 aninmdvcrsinnt-

2524 5844 2622 5894 Itth
2647 5842 2709 5895 ad
2738 5841 3105 5909 Autiquilates
3142 5838 3419 5902 Etruscas,
3457 5852 3507 5905 p.
3539 5838 3626 5890 58.
