4424 6450
382 408 491 471 513

1586 408 1947 466 l)l.-\'l'lllB-\
1988 409 2082 467 DE
2120 405 2449 471 PSELHS.

3525 412 3631 477 514

456 516 776 569 (Lutlntinns
832 516 896 569 de
949 514 1107 569 l’si-lli
1153 516 1375 583 scriptis
1422 516 1535 569 hac
1589 517 1791 570 liabet:
1833 517 1955 569 Alia
1985 524 2029 578 Α
2058 519 2392 586 optimorum
2429 526 2759 585 scriptorum
2825 516 3059 572 lectione
3103 494 3479 574 collocandum
3506 538 3630 580 esse

382 611 525 659 illius
557 610 610 659 in
657 606 817 675 Regia
863 608 1062 674 pariter
1122 617 1169 659 et
1222 605 1471 659 Vaticana
1518 619 1727 661 exstare
1756 618 1955 660 certum

381 708 492 762 est;
528 706 582 748 ut
634 696 957 764 ψυχογονίαν
1012 696 1277 759 Platonis,
1322 696 1586 765 ἐπιτομὴν
1646 698 1743 765 τῆς
1778 698 1955 766 ἰατρι-

385 789 506 856 κῆς,
542 789 833 841 Comment.
865 790 917 841 in
946 789 1249 843 Aristotelis
1280 790 1611 857 Cateyorias,
1655 788 1951 858 lletuphys.

384 879 475 931 lib.
514 882 642 950 περὶ
676 882 995 949 ἑρμηνείας,
1030 880 1317 950 Porphyrii
1357 882 1583 949 quinque
1618 899 1786 944 voces,
1829 898 1955 935 con»

386 981 467 1022 tra
505 971 1045 1024 Eunomiumlibrum
1082 989 1266 1035 unum,
1300 973 1362 1024 de
1412 972 1606 1041 legibus
1642 974 1799 1033 duos.
1832 990 1956 1039 μον-

384 1062 569 1131 ῳδίαν,
599 1062 849 1130 ἐγκώμια.
865 1062 1092 1117 dirersa.
1120 1062 1387 1129 Epistolas
1416 1066 1537 1116 ilcttt
1555 1064 1813 1130 elegantes
1835 1065 1952 1117 lau-

380 1154 471 1205 dat
492 1154 542 1205 iu
562 1154 751 1218 adagio
776 1154 994 1208 ἄκαπνα
1018 1154 1163 1205 Ούειν
1188 1153 1531 1208 Casaubonus
1557 1158 1609 1207 in
1627 1156 1950 1209 Athcna'um.

452 1243 586 1297 LIX.
624 1245 783 1298 l'lura
817 1249 981 1298 etiam
1015 1255 1302 1299 enumerat
1349 1247 1619 1301 Antonius
1662 1246 1953 1303 Verderius

383 1338 439 1389 in
475 1336 869 1405 Supplemento
902 1337 1240 1391 bibliotheca:
1265 1336 1633 1404 Gesneriana',
1657 1356 1719 1392 ex
1760 1340 1954 1392 biblio-

383 1428 557 1480 lllCL‘la
615 1428 1258 1496 Constantinopolitanis.
1319 1427 1450 1479 Nam
1488 1430 1629 1482 inter
1664 1430 1767 1482 alia
1812 1431 1952 1497 apud

380 1517 647 1571 Joannem
680 1517 902 1571 Suzium
926 1528 1104 1580 erant,
1146 1518 1425 1571 Michaelis
1456 1518 1615 1572 Pselli
1654 1519 1952 1586 Explicatio

382 1609 434 1660 in
464 1609 773 1674 psalterium
803 1609 1045 1661 Davidis.
1083 1608 1145 1662 In
1178 1609 1487 1677 Gregorium
1524 1610 1949 1663 Nazianzenum.

382 1697 437 1749 In
468 1698 716 1767 catalogo
749 1714 777 1750 a
812 1699 1167 1767 grannnatico
1205 1699 1468 1761 exhibito,
1505 1698 1821 1754 Medicinale
1846 1700 1950 1753 Mi-

380 1790 577 1843 chaelis
605 1788 787 1842 Pselli.
824 1789 976 1843 Liber
1030 1790 1432 1858 philosophicas.
1482 1789 1546 1844 In
1594 1792 1951 1859 philosophica

2056 609 2423 662 existimarem
2462 602 2483 659 ε’
2512 618 2568 662 et
2609 609 2662 662 in
2712 609 2819 662 illis
2852 612 3242 665 conservandis
3298 623 3628 683 occupatum

2057 716 2325 756 summam
2388 701 2638 755 ducerem
2697 702 3034 757 felicitatem.
3072 702 3128 755 In
3173 706 3372 772 quibus
3401 721 3623 761 omnem

2058 800 2302 846 nostram
2384 793 2717 861 diligentiam
2802 794 3303 863 indulgentiamque
3376 798 3629 853 consumi

2053 882 2510 949 jucundissimum
2581 898 2642 934 ac
2697 882 3078 951 dignissimum
3151 892 3254 937 est.
3316 883 3444 938 Mihi
3496 899 3629 939 sane

2057 972 2238 1027 lumen
2290 974 2451 1037 solis,
2499 973 2637 1036 dies,
2697 973 2913 1041 vitaque
2960 975 3075 1042 ipsa
3109 984 3271 1028 erunt
3304 976 3518 1043 ingrata
3573 984 3629 1029 et

2057 1077 2258 1126 anmra,
2280 1064 2347 1128 si,
2380 1080 2499 1132 qua:
2528 1065 2721 1131 legam,
2758 1080 2868 1117 non
2910 1066 3168 1119 habeam:
3194 1066 3240 1120 si
3277 1076 3629 1120 monumenta

2056 1154 2486 1209 clarissimorum
2548 1155 2790 1209 virorum
2854 1155 3183 1220 defecerint;
3238 1172 3349 1225 pra:
3404 1158 3625 1210 illorum

2056 1262 2289 1315 namque
2319 1245 2598 1314 dignitate,
2631 1258 2685 1299 et
2720 1249 3006 1309 suavitate,
3042 1247 3261 1305 divitim.
3298 1249 3626 1316 voluptates,

2056 1346 2110 1391 et
2158 1338 2425 1406 quidquid
2478 1338 2621 1406 apud
2678 1338 2925 1393 homines
2984 1340 3038 1391 in
3087 1341 3261 1408 pretio
3317 1348 3434 1401 est,
3502 1355 3626 1393 sor-

2057 1429 2154 1483 des
2212 1437 2341 1483 sunt
2403 1437 2456 1481 et
2517 1444 2692 1494 nugze.
2734 1425 2858 1480 lltec
2909 1428 3090 1496 itaque
3129 1428 3273 1492 sitis,
3309 1428 3424 1482 sive
3476 1428 3626 1481 furor

2059 1519 2240 1587 (liceat
2273 1518 2525 1588 propensi
2561 1520 2626 1571 ad
2660 1518 2870 1571 litteras
2902 1518 3067 1570 animi
3097 1519 3473 1588 cupiditatem,
3502 1536 3624 1586 quae

2058 1612 2264 1663 nesciat
2300 1611 2541 1671 modum,
2580 1612 2652 1662 ita
2703 1608 2999 1677 appellare)
3036 1608 3164 1661 dum
3223 1610 3350 1662 mihi
3400 1610 3624 1665 assidue

2058 1716 2228 1755 novos
2260 1710 2514 1754 auctores
2540 1699 2903 1769 investigandi
2937 1699 3175 1753 studium
3225 1700 3621 1767 ingerit,-seiu—

2058 1808 2151 1861 per
2194 1806 2393 1843 navum
2426 1790 2554 1859 quid
2599 1790 2815 1859 ingenio
2846 1790 3070 1857 objicit:
3136 1789 3279 1857 quod
3338 1800 3621 1858 postquam

382 1879 704 1931 Aristotelis.
741 1881 1183 1933 Astronomicum.
1218 1878 1530 1946 Explicatur
1571 1883 1623 1932 in
1673 1883 1946 1949 mysticam
1982 1858 2024 1913 Β
2054 1880 2243 1944 didici,
2271 1894 2442 1948 angor
2490 1880 2752 1947 etzdoleo,
2795 1895 2878 1933 me
2904 1880 3016 1944 illo,
3058 1888 3207 1933 tanto
3246 1889 3487 1948 tempore
3509 1880 3625 1934 fru-

378 1969 784 2037 philosophiam.
826 1970 889 2023 In
920 1974 1143 2040 quinque
1173 1988 1315 2023 voces
1349 1971 1642 2041 Porphyrii.
1685 1972 1745 2025 In
1794 1984 1943 2040 topo-

379 2064 631 2128 graphica
662 2062 961 2127 Strabonis,
997 2075 1045 2117 et
1083 2064 1374 2116 l’tolcma'i.
1410 2063 1471 2115 In
1503 2066 1855 2117 arithmetica.
1884 2064 1947 2117 In

381 2153 570 2204 Caleni
599 2152 1000 2218 erplicationem
1049 2153 1101 2202 in
1132 2160 1356 2219 quatuor
1402 2151 1557 2202 lbros
1614 2150 1946 2202 resolutionis

383 2245 744 2311 Hippocratis.
771 2242 1050 2295 Menandri
1088 2244 1365 2296 Comaulia:
1394 2240 1620 2305 XXIII,
1647 2260 1677 2294 o
1708 2241 1949 2296 Thesau-

384 2338 505 2389 ros!
544 2337 820 2402 explicata:
873 2352 904 2387 a
956 2335 1209 2389 Michaele
1261 2334 1459 2387 Psello.
1504 2335 1557 2385 In
1622 2334 1944 2387 bibliotheca

387 2424 553 2492 lic-gis
613 2424 1092 2477 Christianissimi.
1149 2420 1215 2473 In
1268 2420 1526 2474 Elenchos
1560 2424 1940 2487 sophistarum.

385 2513 599 2567 Scholia
628 2514 677 2565 in
709 2514 1061 2580 deﬁnitiones.
1087 2511 1161 2564 De
1189 2521 1331 2563 motu
1354 2514 1616 2578 temporis.
1650 2512 1722 2565 De
1749 2513 1945 2564 circulo

386 2607 514 2657 solis
546 2618 591 2657 et
624 2604 782 2656 (uiue.
823 2602 1205 2656 Deinrentione
1242 2603 1347 2655 diei
1385 2602 1684 2656 Paschatis.
1729 2602 1803 2655 De
1850 2620 1947 2655 an-

386 2694 514 2761 gelis
548 2703 595 2745 ct
643 2692 989 2745 damonibus.
1020 2692 1091 2744 De
1121 2694 1262 2745 novis
1291 2692 1590 2743 morborum
1631 2692 1943 2760 appellatio-

386 2786 559 2836 nibus.
604 2783 673 2836 De
706 2786 843 2837 notis
876 2785 1175 2851 spirituum.
1222 2782 1294 2834 De
1326 2782 1578 2835 divisione
1613 2782 1940 2834 animalium.

389 2875 447 2928 In
474 2875 862 2930 Salutationem
894 2875 1207 2944 angelicam.
1240 2872 1302 2926 In
1337 2873 1563 2942 Physica
1592 2874 1889 2926 Aristotelis
1925 2888 1943 2923 :

388 2976 579 3035 praeter
608 2969 712 3019 alia
745 2967 933 3029 multa,
966 2981 1197 3035 quorum
1218 2980 1381 3032 supra
1410 2965 1775 3017 meminimus.
1804 2962 1943 3015 Infra

388 3072 603 3127 quoque
636 3058 892 3110 nonnulla
918 3057 1023 3109 alia
1076 3057 1510 3111 recensebimus.
1564 3056 1628 3107 Et
1664 3055 1718 3107 in
1750 3054 1944 3108 biblio-

387 3151 542 3203 theca
599 3150 819 3203 Antonii
876 3149 1192 3215 Augustini,
1253 3146 1416 3201 Pselli
1491 3145 1941 3215 Apopthegmata,

388 3243 510 3295 cod.
582 3242 705 3293 9‘27.
756 3240 1055 3307 Exphcatio
1124 3238 1491 3291 mathematica
1574 3240 1941 3305 speculationis

387 3334 437 3383 in
466 3332 705 3385 Platonis
726 3330 837 3401 μυ]
866 3332 1138 3385 Timaeum.
1158 3330 1406 3382 Absoluta
1427 3332 1690 3381 enarratio
1711 3331 1775 3382 de
1790 3328 1943 3382 Lem-

390 3434 545 3475 mute.
568 3422 864 3489 Explicatio
890 3422 951 3473 de
970 3419 1249 3473 Platonica
1267 3420 1595 3489 aurigatione
1624 3422 1942 3480 animorum,

386 3527 431 3568 et
462 3515 526 3567 de
560 3515 751 3566 militia
784 3513 1019 3574 deorum,
1056 3512 1110 3563 in
1157 3509 1459 3562 Phwdrum.
1491 3507 1791 3576 Explicatio
1823 3510 1946 3562 nodi

388 3608 633 3676 dimi-ills,
668 3622 767 3675 quo
786 3613 939 3671 pacto
964 3617 1027 3655 ex
1054 3603 1279 3671 quinque
1304 3599 1566 3667 secnplum
1608 3608 1706 3661 est,
1732 3610 1778 3651 el
1807 3599 1943 3669 quod

388 3700 526 3749 circa
581 3696 804 3764 quinque
840 3694 1037 3761 ﬁguras
1062 3691 1174 3744 alia
1203 3692 1374 3759 ﬁgura
1403 3707 1505 3743 non
1536 3698 1803 3742 statuatur
1823 3708 1945 3745 eon-

388 3798 527 3841 tcata
558 3792 652 3840 sub
692 3785 1081 3854 a'quilateribus
1107 3791 1154 3834 et
1186 3780 1502 3850 rectangulis
1538 3780 1673 3834 inter
1699 3798 1752 3836 se
1770 3799 1948 3851 aequa-

388 3882 545 3940 libus,
576 3880 695 3932 cod.
729 3878 846 3931 191.

456 3968 568 4021 LX.
595 3967 719 4021 llaec
756 3976 906 4031 sunt,
942 3968 1132 4030 lector,
1187 3966 1350 4021 Pselli
1411 3976 1780 4031 monumenta,
1828 3982 1947 4035 qua:

391 4064 675 4122 hactenus,
728 4072 784 4112 ut
821 4060 947 4113 mihi
1014 4058 1246 4123 videtur,
1307 4059 1358 4112 in
1421 4060 1542 4115 is:is
1602 4060 1946 4115 bibliothecis

393 4158 626 4223 reposita
657 4156 846 4219 latent,
884 4169 1005 4223 qua:
1039 4168 1148 4207 non
1207 4153 1382 4206 solum
1416 4153 1621 4216 videre,
1659 4154 1751 4208 sed
1782 4154 1943 4207 etiam

386 4264 575 4317 queas,
609 4255 667 4299 ut
696 4246 767 4299 ita
818 4246 1018 4309 dicam,
1072 4260 1337 4313 usurpare
1370 4260 1383 4295 :
1422 4245 1710 4313 usurpabis
1777 4246 1944 4310 enim,

390 4339 516 4391 dum
566 4336 903 4402 conferendi,
966 4335 1379 4404 interpretandi,
1440 4335 1739 4403 edendique
1791 4336 1947 4404 copia

389 4434 529 4494 data,
561 4429 747 4499 ipsein
777 4436 982 4481 tantum
1016 4426 1335 4496 scriptorem
1358 4426 1595 4479 studium
1621 4436 1677 4479 et
1732 4434 1945 4495 tempus

2049 1979 2281 2025 stratum
2308 1972 2497 2025 fuisse.
2525 1970 2659 2024 Hinc
2678 1971 2851 2039 magis
2896 1984 2958 2023 ac
2983 1972 3153 2039 magis
3171 1972 3419 2041 impellor
3437 1975 3625 2027 cunei-

2051 2061 2337 2115 tatioribus
2390 2062 2643 2115 stimulis.
2685 2061 2831 2115 Dabo
2879 2061 3044 2132 igitur
3080 2062 3197 2129 tibi,
3253 2064 3442 2127 lector,
3503 2066 3624 2121 sine

2049 2149 2172 2204 luco
2212 2150 2508 2205 etfallaciis
2531 2166 2812 2205 numerum
2837 2152 3096 2206 librorum
3122 2157 3621 2225 manuscriptorum

2046 2242 2234 2306 Pselli,
2272 2242 2362 2308 qui
2418 2241 2531 2307 jam
2576 2243 2745 2296 latent
2799 2243 2854 2297 in
2894 2243 3256 2309 bibliothecis,
3304 2262 3401 2301 nec
3439 2248 3616 2303 lucem

2047 2333 2324 2394 viderunt,
2360 2342 2415 2386 et
2453 2347 2639 2387 eorum
2671 2333 2833 2388 simul
2862 2334 3151 2403 principia,
3183 2346 3243 2389 ut
3289 2353 3469 2390 rerum
3514 2338 3615 2391 ha-

2049 2441 2167 2478 rum
2198 2424 2293 2477 tibi
2328 2426 2572 2477 notitiam
2610 2425 2810 2479 habeas
2836 2425 3234 2481 dilucidiorcm.
3263 2429 3340 2481 Ad
3366 2427 3618 2483 Rhodum

2047 2517 2216 2586 ipsam
2250 2526 2303 2568 et
2332 2513 2549 2568 saltum.

2117 2645 2253 2700 LXI.
2288 2645 2401 2701 Visi
2435 2648 2622 2717 igitur,
2662 2660 2756 2703 aut
2790 2652 2911 2705 lecti
2940 2651 3101 2707 Pselli
3126 2671 3155 2709 a
3179 2672 3263 2710 me
3297 2658 3413 2710 libri
3448 2668 3573 2711 sunt
3601 2674 3617 2710 :

2045 2737 2225 2805 Στίχοι
2288 2738 2575 2801 πολιτικοὶ,
2646 2743 2774 2809 περὶ
2822 2746 3213 2815 γραμματικῆς
3276 2748 3411 2817 πρὸς
3463 2749 3620 2818 κύριν

2045 2826 2455 2879 Κωνσταντῖνον
2504 2829 2592 2879 τὸν
2646 2830 2990 2901 Μονομάχον.
3022 2832 3100 2886 De
3146 2839 3496 2903 grammatica
3542 2836 3612 2888 ad

2046 2916 2450 2969 Constantinum
2512 2917 2940 2987 Mortemne/tum,
2998 2927 3239 2978 carmina
3291 2928 3617 2995 politiea,l'.

2042 3008 2266 3060 Μελέτω
2306 3026 2387 3060 σοι
2406 3011 2820 3079 γραμματικῆς,
2856 3012 2951 3066 καὶ
2989 3014 3088 3083 τῆς
3116 3016 3507 3085 ὀρθογραφξας.

2118 3141 2232 3215 [Η]
2263 3143 2403 3213 Πρὸς
2432 3143 2523 3197 τὸν
2552 3146 2733 3210 αὑτὸν,
2774 3162 2837 3197 πε
2849 3145 2902 3215 pi.
2942 3148 3335 3218 Ἀντιστοξχων.
3368 3151 3449 3206 Ad
3468 3169 3617 3206 eum-

2044 3234 2186 3297 dem,
2217 3236 2279 3287 de
2323 3236 2676 3290 Antistaschis.
2733 3237 2793 3290 Ρ.
2846 3237 3087 3307 ἂγγαρος
3144 3240 3252 3309 γὰρ
3291 3243 3319 3293 ὁ
3367 3242 3615 3310 ἅγγελος,

2045 3325 2247 3393 ἀγῆλαι
2285 3325 2344 3378 τὸ
2376 3326 2652 3395 σεμνύναι.
2680 3326 2803 3383 llaec
2830 3329 2940 3383 duo
2977 3345 3007 3383 a
3049 3332 3321 3401 plerisque
3359 3334 3415 3388 in
3445 3352 3614 3389 uirum

2048 3419 2210 3473 veluti
2238 3433 2439 3488 corpus
2490 3420 2686 3487 digeri,
2732 3428 2786 3473 et
2829 3420 2931 3475 sub
2969 3424 3355 3487 grammatices
3395 3427 3618 3479 nomine

2046 3507 2281 3570 laudari,
2314 3509 2481 3571 novi;
2543 3508 2711 3562 codex
2768 3519 2946 3562 tamen
2984 3508 3367 3566 Vallicellanus
3417 3513 3470 3565 in
3503 3512 3616 3567 duo

2046 3598 2259 3665 dividit,
2282 3600 2523 3654 secundo
2556 3600 2813 3669 primum,
2847 3600 2970 3655 aliis
2992 3601 3154 3654 etiam
3186 3602 3415 3657 aliorum
3450 3605 3617 3659 inter-

2042 3691 2223 3761 jectis,
2264 3692 2437 3760 primo
2490 3691 2794 3745 secundum
2826 3692 3076 3763 tribuens
3106 3694 3284 3747 locum
3312 3712 3327 3761 ;
3363 3704 3417 3749 ct
3448 3712 3613 3765 argu-

2047 3792 2293 3836 mentum
2326 3783 2611 3852 utriusque
2665 3783 2936 3838 diversam
2988 3783 3151 3837 etiam
3210 3784 3618 3854 poseittracta-

2047 3876 2269 3929 tionem.
2291 3872 2401 3929 Nec
2434 3874 2487 3927 in
2512 3890 2675 3928 unum
2701 3876 3066 3943 grammaticze
3098 3878 3313 3945 regulae,
3342 3887 3396 3933 et
3418 3878 3610 3933 dictio-

2047 3980 2177 4019 num
2216 3966 2604 4034 expositiones,
2659 3965 2763 4017 nisi
2805 3964 3111 4019 confundas
3163 3968 3369 4032 omnia,
3428 3970 3612 4023 coale-

2047 4066 2227 4112 scunt.
2264 4056 2504 4110 Meminit
2567 4056 2925 4112 Casaubonus
2966 4058 3017 4110 in
3066 4058 3384 4113 Athenaeum
3421 4060 3514 4113 lib.
3551 4076 3614 4124 ιι,

2047 4162 2096 4202 c.
2122 4147 2212 4199 ‘26.
2251 4147 2455 4201 Psellus
2488 4148 2542 4199 in
2574 4147 2806 4200 versibus
2832 4148 3083 4215 politicis,
3119 4150 3305 4217 quibus
3344 4151 3617 4207 obscurio-

2048 4256 2127 4292 res
2155 4255 2300 4292 voces
2326 4239 2589 4307 exposuit.
2629 4239 2923 4293 Auctorem
2964 4241 3157 4293 borum
3204 4256 3325 4297 esse
3379 4241 3613 4297 Psellum

2047 4330 2361 4385 Michaelem
2428 4329 2610 4385 nullus
2686 4330 2897 4385 dubito.
2964 4330 3234 4388 Meursius
3301 4334 3378 4401 (ὁ)
3430 4343 3613 4389 tamen

2047 4420 2329 4485 Joannem,
2396 4421 2482 4475 cui
2513 4422 2578 4473 de
2623 4421 2917 4477 virtutibus
2981 4436 3043 4476 ac
3086 4422 3232 4477 vitiis
3272 4423 3480 4477 iambos
3514 4428 3613 4477 tri--

390 4522 651 4577 insumes.
684 4518 978 4587 Scriptioui
1012 4533 1143 4571 mea:
1190 4518 1347 4571 linem
1390 4517 1477 4570 hic
1504 4518 1781 4585 imponere
1815 4532 1939 4585 per-
1974 4518 2017 4571 Ι)
2048 4513 2185 4579 buil,
2226 4514 2420 4567 horum
2480 4519 2754 4566 auctorem
2810 4511 3086 4577 insinuat;
3143 4529 3267 4566 cum
3339 4513 3616 4567 existimet

389 4622 754 4682 opportunum
810 4610 1126 4674 videbatur;
1193 4608 1362 4662 habes
1412 4608 1578 4669 enim,
1635 4607 1691 4661 ni
1762 4606 1939 4672 fallor,

390 4713 633 4759 exactam
668 4701 829 4755 Pselli
860 4701 1182 4767 scriptorum
1207 4699 1668 4753 enumerationem
1694 4716 1708 4759 ;
1742 4706 1944 4762 tamen,

394 4810 458 4849 ne
486 4792 878 4861 rempublicam
936 4789 1251 4842 litterariam
1315 4787 1567 4842 fraudare
1615 4785 1822 4849 videar,
1881 4786 1947 4840 de

391 4900 493 4952 qua
533 4883 669 4935 bene
694 4878 886 4934 mereri
922 4893 1135 4947 semper
1174 4875 1437 4931 sollicitus
1471 4891 1612 4939 sum,
1636 4892 1701 4929 en
1731 4875 1947 4930 tertium

394 4976 477 5027 hic
507 4973 775 5028 ascribam
797 4971 1099 5039 catalogum
1122 4970 1384 5023 librorum
1412 4967 1591 5032 Pselli,
1632 4983 1791 5037 quos,
1823 4968 1950 5020 dum

393 5080 607 5135 semper
635 5063 831 5131 aliquid
856 5064 979 5117 novi
1014 5059 1206 5115 avidus
1228 5070 1406 5127 capto,
1432 5060 1559 5113 mihi
1600 5059 1798 5129 legisse
1820 5076 1951 5114 con-

394 5159 531 5228 tigit.
569 5155 763 5208 Mirum
816 5155 961 5208 enim
1019 5160 1123 5215 est,
1181 5159 1237 5205 ut
1279 5153 1493 5207 animus
1531 5152 1594 5204 ad
1650 5167 1737 5205 res
1783 5166 1952 5207 novas

394 5264 603 5318 semper
656 5248 870 5317 gestiat,
916 5244 1080 5299 nullis
1127 5243 1427 5306 laboribus,
1476 5242 1638 5298 nullis
1696 5259 1952 5298 succum-

394 5343 525 5396 bens
591 5339 811 5408 vigiliis.
871 5337 994 5392 Seio
1034 5337 1195 5389 aliam
1268 5334 1579 5389 hominibus
1634 5336 1944 5390 beatitatem

395 5442 661 5501 paratam,
726 5432 793 5485 ad
841 5445 1002 5500 quam
1070 5428 1197 5483 totis
1271 5427 1558 5482 conatibus
1620 5428 1946 5481 contendere

396 5523 768 5592 unusquisque
819 5521 980 5575 debet
1028 5537 1038 5571 :
1077 5520 1219 5589 quod
1280 5520 1325 5574 si
1390 5520 1684 5583 nescirem,
1733 5519 1786 5574 in
1831 5518 1945 5575 sola

2039 4604 2299 4659 Joannem
2344 4620 2466 4658 esse
2518 4619 2679 4672 quem
2731 4603 2785 4656 in
2823 4605 3089 4673 ἡγήτορες
3149 4603 3333 4657 laudat
3392 4604 3609 4669 Suidas,

2042 4696 2201 4763 Λέγει
2235 4696 2291 4747 δὲ
2324 4696 2415 4748 καὶ
2446 4694 2717 4757 ὁΨελλὸς,
2749 4694 3012 4763 ὴγητορία
3054 4694 3263 4762 πέφυκε
3291 4693 3399 4747 τῶν
3432 4690 3611 4747 atiwa

2043 4790 2077 4855 ἠ
2108 4786 2341 4856 παλάθη.
2408 4784 2666 4839 Eumdem
2702 4784 2934 4840 Psellum
2982 4786 3179 4854 sapius
3210 4800 3240 4839 a
3267 4784 3436 4839 Suida
3481 4787 3599 4839 lau-

2048 4880 2234 4933 datum
2293 4877 2491 4939 inveni,
2552 4877 2603 4930 in
2658 4877 2910 4947 Δέρτρον.
2949 4877 3203 4948 Δέρτρον,
3249 4876 3343 4929 τοῦ
3396 4878 3612 4945 ὲντέρου

2049 4970 2107 5022 τὸ
2136 4970 2329 5022 λεπτὸν
2358 4968 2500 5035 λέγει
2537 4970 2565 5019 ὁ
2612 4968 2998 5036 Ἱπποκράτης.
3045 4970 3184 5037 Φησὶ
3212 4969 3303 5020 καὶ
3329 4970 3356 5021 ὁ
3382 4967 3611 5029 Ψελλὸς,

2048 5059 2143 5113 τοῦ
2188 5060 2245 5113 δὲ
2290 5060 2505 5127 ἐντέρου
2552 5058 2613 5110 τὸ
2641 5058 2838 5110 λεπτὸν
2877 5059 3234 5127 κατονομάζει
3274 5058 3515 5126 δέρτρον.
3548 5056 3612 5109 Et

2048 5151 2295 5222 Γηώρας,
2349 5150 2575 5220 Γηώρας
2604 5152 2632 5201 ὁ
2660 5149 2956 5217 ἀλλότριος,
2993 5148 3087 5200 τοῦ
3118 5147 3351 5210 Ψελλοῦ,
3386 5147 3424 5199 Γ
3430 5146 3614 5217 ηὼρας

2050 5243 2078 5294 ὁ
2108 5242 2403 5310 ἀλλότριος,
2436 5241 2531 5292 καὶ
2568 5238 2761 5307 γέρδης
2786 5240 2813 5289 ὁ
2834 5239 3096 5306 ὑφάντης.
3120 5237 3252 5303 Quae
3284 5253 3408 5291 cum
3442 5238 3492 5288 in
3528 5238 3612 5289 bis

2053 5335 2119 5389 de
2149 5334 2528 5405 grammatica,
2552 5342 2605 5386 et
2634 5330 2976 5385 antistaacbis
3006 5331 3275 5401 legantur,
3296 5312 3416 5384 non
3435 5328 3607 5390 alium

2054 5427 2269 5490 horum,
2296 5439 2459 5493 quam
2504 5423 2767 5481 Ioannem
2814 5433 3087 5478 auctorem
3132 5419 3402 5476 Meursius
3455 5418 3611 5472 nobis

2055 5518 2300 5575 intrudit.

1894 5692 2125 5750 NOTAE.

466 5791 539 5856 (ὑ)
566 5789 832 5845 Meursius
883 5786 949 5843 ad
981 5786 1214 5842 Psellum
1246 5785 1298 5840 in
1336 5785 1617 5842 Canticum
1648 5785 1937 5853 cauticor.,
1980 5784 2180 5858 p..l‘l7.
