4424 6450
820 367 929 433 515

2150 372 2425 431 IEOVIS
2470 373 2765 431 ALLATII

3990 370 4095 437 516

897 484 965 535 Τί
998 484 1118 536 ἐστὶ
1148 484 1638 551 narrantis/apto;
1686 485 1829 550 Quid
1866 488 1931 538 sit
1979 486 2412 541 llnbutziramrs.
2449 491 2491 545 Α
2526 497 2642 540 oste

2342 506 2412 541 εις.
2449 491 2491 545 Α
2526 485 2851 540 υδιριιιιυηιιί
2906 483 3111 552 ingenii
3146 496 3332 543 causa.
3375 492 3427 538 et
3458 482 3779 555 eloquentia:
3841 487 4089 554 divitias,

825 574 884 630 Ρ.
934 577 997 627 Ὀ
1026 577 1209 647 μέντοι
1252 576 1717 647 Βαὸουτζικάριος
1742 578 1821 641 ὲξ.

898 669 1037 737 Περὶ
1075 669 1175 732 τῆς
1204 668 1451 733 1ἰλλοῦς,
1484 669 1551 724 de
1576 669 1719 723 Gillo
1748 668 1809 722 Ρ.
1860 670 1922 723 ’11
1953 671 2008 723 δὲ
2056 672 2223 723 Γιλλὼ
2259 672 2415 726 ταῦτα

824 760 890 827 δὴ
922 760 981 810 τὸ
1012 760 1261 827 ἀρχαῖον.
1290 760 1422 812 Καί.

900 852 1073 902 Πὸοεν
1104 851 1164 903 τὸ
1191 850 1285 903 τοῦ
1320 850 1543 920 Κερατᾶ
1566 852 1762 921 ὄνομα.
1811 851 1956 905 l’nde
1983 868 2164 906 nomen
2191 852 2415 907 Cornuti

828 944 1086 1012 originem
1120 944 1381 996 habuerit.
1443 942 1502 997 P.
1565 943 1864 1013 Τέτριπται
1909 946 1965 994 ἐν
2028 946 2284 1014 συνηθείᾳ
2322 946 2414 998 τοῦ

832 1034 946 1101 βίου
984 1033 1045 1086 τὸ
1074 1035 1168 1087 τοῦ
1213 1035 1443 1103 Κερατᾶ
1466 1034 1658 1104 ὄνομα.

903 1129 968 1179 Τί
1002 1128 1258 1197 σημαίνει
1290 1126 1351 1180 τὸ
1390 1129 1671 1197 Καίσαρος
1718 1126 1908 1196 ὅνομα.
1962 1128 2100 1193 Quid
2137 1128 2237 1182 sibi
2289 1129 2417 1183 velit

834 1218 1068 1271 Cirsaris
1106 1232 1329 1273 nomen.
1367 1218 1424 1273 P.
1459 1220 1531 1270 Τὸ
1563 1216 1657 1269 τοῦ
1690 1218 1969 1288 Καίσαρος
2003 1220 2190 1285 ὄνομα.

910 1311 999 1371 Εἰς
1027 1311 1088 1362 τὸ
1115 1350 1128 1373 ,
1160 1312 1212 1365 sl’
1233 1328 1284 1363 τι
1317 1310 1572 1377 ἔφθασεν.
1598 1309 1666 1363 In
1718 1312 1874 1371 illud.
1910 1313 1956 1364 si
2002 1311 2125 1377 quid
2184 1310 2416 1366 advenit.

835 1404 901 1455 Ρ.
940 1403 1188 1470 Ἕφοασέ
1225 1421 1308 1465 τις
1339 1402 1509 1454 εἰπὼν
1540 1443 1555 1466 ,
1594 1402 1676 1455 ἔτι
1709 1403 1958 1468 ἔφθασεν.

922 1493 1211 1561 Ἐξὴγησις
1267 1494 1345 1554 εἰς
1384 1492 1467 1557 τὸ,
1525 1492 1691 1557 Λίγξε
1747 1492 1881 1561 βιὸς,
1923 1493 2088 1562 νευρὴ
2124 1494 2179 1545 δὲ
2230 1494 2419 1561 μεγάλ’

840 1584 1011 1649 ἴαχεν,
1062 1580 1125 1633 In
1172 1581 1327 1644 illati,
1380 1582 1569 1634 Stridit
1619 1598 1797 1643 arcus,
1829 1599 2012 1635 nereus
2046 1594 2222 1635 mitem
2273 1585 2421 1636 calda

839 1675 1038 1728 sonuit.
1101 1674 1319 1728 Homeri
1368 1674 1519 1727 Iliad.
1552 1672 1615 1738 δ’,
1649 1690 1700 1726 ν.
1735 1675 1852 1726 125.
1895 1674 1952 1727 P.
1993 1676 2145 1727 Ἐστι
2190 1675 2287 1743 μὲν
2313 1676 2422 1729 οὐδ’

838 1766 976 1834 ὅπερ
999 1766 1243 1835 εἰρήκειν
1272 1765 1431 1827 εὐθὺς
1465 1766 1781 1835 ἐρωτηθείς.

922 1858 1017 1919 Εἰς
1046 1859 1143 1925 τὴν
1175 1858 1234 1907 ἐν
1256 1856 1596 1926 Νικομηδείᾳ
1620 1856 1920 1925 λεγομένην
1952 1858 2138 1925 ἀκοήν.
2176 1856 2238 1910 In
2264 1858 2420 1911 intel-

838 1950 1112 2002 lectionent
1144 1948 1219 2001 sic
1250 1948 1470 2011 dictam,
1498 1964 1615 2017 qua:
1652 1946 1975 2000 Nicomedia:
1996 1959 2090 2001 est.
2118 1950 2180 2000 P.
2205 1936 2425 2018 Θανμά.

840 2042 1027 2103 ζουσιν
1060 2042 1107 2093 οἱ
1142 2039 1330 2092 πολλοὶ
1362 2041 1419 2091 ἐν
1454 2038 1793 2107 Νικομηδείᾳ
1824 2040 2029 2105 ἡχεῖον.

911 2134 1060 2202 Τίςὴ
1104 2134 1374 2201 διάκρισις
1425 2132 1533 2182 τῶν
1587 2132 2056 2201 συγγραμμάτων,
2103 2125 2178 2185 ὧν
2220 2134 2296 2201 τῷ
2325 2134 2424 2199 μὲν

839 2228 872 2291 ἠ
914 2223 1243 2293 Χαρίκλεια,
1286 2223 1363 2293 τῷ
1399 2222 1514 2292 asa
1549 2222 1844 2291 Λευκίππη
1879 2223 2130 2285 ὑπόθεσις
2156 2225 2420 2292 καθεστή-

840 2330 1025 2366 κατον.
1059 2310 1315 2375 Quantam
1360 2313 1428 2365 sit
1462 2312 1805 2379 scriptionum
1852 2310 2172 2378 (li/ferentia,
2198 2328 2422 2380 quarum

842 2405 998 2457 alteri
1040 2404 1346 2465 (Uiuriclea,
1388 2403 1543 2456 alteri
1596 2402 1853 2471 Leucippe
1916 2416 2224 2472 argumento
2279 2417 2419 2459 sunt.

846 2497 902 2550 Ρ.
940 2498 1172 2555 Πολλοὺς
1206 2493 1322 2547 οἶδα
1361 2498 1451 2547 καὶ
1481 2494 1586 2546 τῶν
1618 2494 1779 2560 ἄγαν.

916 2589 1073 2642 IX”.
1148 2590 1282 2656 Περὶ
1309 2588 1629 2657 παραδόξων
1660 2589 2043 2657 ἀκουσμάτων.
2095 2589 2166 2643 De
2208 2590 2423 2643 mirabi-

844 2683 977 2733 libus
1004 2680 1386 2733 auditionibus.
1417 2678 1531 2751 Hi]
1562 2681 1620 2735 Ρ.
1652 2679 1802 2748 Μηδὲ
1831 2680 2032 2731 καινῶν
2065 2680 2423 2748 ἀναγνωσμά-

842 2791 949 2825 των
990 2772 1130 2842 εἴης.
1165 2772 1428 2825 Libellum
1462 2771 1874 2823 Sclictliasmale
1900 2770 1967 2839 (ε)
2000 2771 2420 2828 illustravimus.

926 2863 1230 2931 Ἐγκώμιον
1256 2864 1333 2925 εἰς
1364 2864 1488 2923 τοὺς
1517 2861 1754 2931 κόρρεις.
1794 2859 1936 2914 Laus
2001 2863 2241 2915 timicum
2264 2865 2323 2915 P.
2361 2868 2421 2917 Ol

843 2953 897 3005 es
931 2953 1114 3004 πολλοὶ
1148 2953 1271 3014 τοὺς
1306 2952 1536 3021 Κὸρᾗις
1568 2948 1905 3012 κακίζουσιν.

928 3042 1233 3110 Ἐγκώμιον
1278 3042 1356 3102 εἰς
1400 3039 1499 3106 τὴν
1550 3037 1767 3107 φθεῖραι.
1806 3036 1947 3090 Laus
1995 3038 2242 3106 pediculi.
2284 3039 2420 3091 Ἀλλ’

846 3135 874 3184 ὁ
900 3133 1061 3201 φθεὶρ
1104 3134 1232 3193 loco;
1262 3132 1327 3200 τῇ
1353 3128 1550 3201 ipsum.

919 3224 1229 3293 Ἐγκώμιον
1272 3224 1351 3284 εἰς
1407 3220 1507 3289 τὴν
1537 3219 1763 3284 ψύλλαν.
1818 3217 1956 3271 Laus
1985 3219 2197 3288 pulicis.
2229 3220 2291 3273 P.
2325 3219 2428 3272 Τὸν

848 3316 1105 3370 Κώνιυπά
1172 3328 1334 3379 φασιν
1389 3311 1464 3373 ὡς
1520 3310 1840 3377 Ἐλεφαντα,
1898 3313 1988 3362 καὶ
2046 3311 2132 3362 ἵνα
2179 3326 2241 3377 γε
2303 3312 2429 3363 καθ’

847 3409 999 3460 ὁδόν.
1052 3405 1227 3473 Ilnjus
1263 3404 1510 3459 meminit
1549 3401 1789 3456 Joannes
1828 3402 2053 3458 Tzelzes
2088 3403 2307 3456 chiliad.
2344 3403 2427 3465 ll,

855 3500 1054 3553 Hister.
1089 3496 1211 3550 185.

862 3611 926 3663 ’0
947 3609 1188 3676 Μιχαὴλ
1212 3607 1325 3677 μὲν
1348 3610 1379 3661 ό
1415 3607 1654 3670 Ψελλὸς
1674 3607 1927 3674 ψύλλας
1964 3605 2325 3675 ἐγκωμιάζει.

864 3680 1052 3749 uapor
1080 3681 1194 3747 πρὸ
1224 3679 1456 3745 χρόνων
1473 3678 1689 3729 ἑκατὸν
1715 3677 1992 3745 ἀκμάζων
2020 3678 2088 3728 ἐν
2113 3678 2191 3740 τῷ
2216 3679 2353 3742 βίῳ.

958 3770 1188 3823 Michael
1230 3768 1440 3836 quidem
1478 3767 1679 3819 I’sellus
1730 3767 1923 3828 pulices
1989 3767 2213 3830 laudat,

967 3842 1133 3893 Annis
1157 3851 1281 3892 ante
1309 3855 1402 3891 nos
1431 3850 1637 3890 centum
1672 3837 1865 3905 [lucens
1890 3840 1944 3889 in
1972 3839 2099 3890 vita.

926 3954 1068 4024 Πρὸς
1097 3952 1186 4003 τὸν
1214 3950 1461 4020 μαθητὴν
1485 3949 1647 4002 αὐτοῦ
1678 3950 1925 4019 Σέργιον,
1967 3951 2188 4004 εἰπόντα
2213 3953 2424 4022 μήποτε

852 4047 1118 4116 δηχθῆναι
1157 4044 1259 4093 ὑπὸ
1328 4041 1555 4111 conm.
1598 4039 1663 4094 In
1704 4041 2020 4108 discipulum
2051 4041 2315 4112 Sergium,
2337 4046 2426 4114 qui

852 4141 1085 4200 dixerat,
1119 4151 1388 4204 nunquam
1439 4150 1495 4187 se
1526 4149 1758 4186 morsum
1814 4149 1845 4187 a
1888 4132 2078 4200 pulice.
2110 4135 2168 4189 P.
2205 4136 2315 4188 Kal
2351 4137 2427 4198 ὡς

855 4229 1070 4297 ἀληθῶς
1099 4227 1325 4295 ἄπορον,
1358 4227 1406 4277 εἰ
1431 4226 1667 4278 πάντων.

930 4318 1071 4389 Πρὸς
1101 4316 1192 4369 τὸν
1220 4317 1383 4369 αὑτοῦ
1417 4317 1635 4369 Παπᾶν.
1670 4315 1753 4369 Ad
1783 4332 1938 4371 suum
1983 4316 2202 4385 Papam.
2240 4318 2425 4373 Ρ.Καὶ

858 4410 1101 4470 ποταπὸς
1136 4408 1328 4470 naua;
1362 4408 1389 4459 ὀ
1413 4407 1625 4469 Παπᾶς.

2520 588 2570 630 ct
2606 580 2732 641 vim,
2761 578 2881 646 quae
2917 593 3005 633 res
3061 590 3223 645 auget
3276 578 3572 643 laudando,
3614 582 4091 652 vituperandoque

2520 685 2715 724 rursus
2750 670 2938 740 allligit
2969 685 2982 721 :
3018 677 3092 732 et,
3122 670 3264 737 quod
3287 670 3643 739 spectabilius
3666 684 3770 738 est,
3799 689 3964 742 parva
3994 690 4091 743 pro

2520 763 2730 827 magnis
2775 762 3059 830 approbat,
3094 761 3332 829 itemque
3378 777 3575 831 magna
3628 771 3898 827 attenuat,
3926 774 3983 818 et
4023 767 4091 819 ad

2519 854 2739 905 minima
2778 853 3021 907 deducit.
3084 852 3262 906 Licuit
3316 868 3553 922 semper.
3613 864 3667 909 et
3718 858 3985 925 antiquis,
4038 866 4093 911 et

2520 944 2834 997 subsccutis
2894 942 3155 1011 deinceps
3236 946 3581 1013 temporibus
3638 948 4094 1018 eloquentissimo

2522 1036 2739 1102 cuique,
2776 1044 2830 1089 et
2861 1050 3005 1088 nunc
3051 1036 3198 1089 licet.
3235 1036 3567 1106 Argumenta
3616 1040 3835 1104 similia,
3865 1042 4093 1097 infames

2522 1130 2801 1189 materias.
2839 1129 2919 1181 vel
2952 1128 3315 1196 inopinabiles
3354 1134 3767 1199 nuncupabant.
3800 1132 4091 1202 Flagitiosa

2520 1220 2787 1289 siquidem
2847 1220 2891 1273 si
2944 1220 3415 1284 commendarent,
3447 1222 3608 1285 ἄδοξα
3637 1224 3729 1275 καὶ
3777 1224 3952 1277 ἄτοπα
3988 1244 3999 1254 ·
4046 1226 4091 1278 si

2523 1320 2715 1378 przeter
2748 1311 3030 1364 hominum
3070 1312 3409 1381 opinionem,
3443 1315 3721 1382 παράδοξα
3770 1316 3988 1385 aggredi
4016 1320 4097 1370 di-

2521 1404 2812 1457 cebantur.
2844 1402 3122 1457 Ranarum
3170 1418 3408 1472 pugnam
3443 1402 3743 1469 Homerus;
3770 1421 3914 1461 unus
3946 1421 3977 1461 e
4007 1420 4094 1461 sa-

2525 1495 2799 1562 pientibus
2841 1493 3066 1547 Graecia:
3104 1494 3349 1550 Pittacus
3416 1496 3613 1549 molam
3671 1497 3946 1552 laudavit:
3999 1495 4095 1551 Dio

2524 1583 2807 1636 Prussreus
2843 1584 3130 1637 exornavit
3169 1586 3486 1653 psittacum,
3528 1585 3841 1656 Polycrates
3876 1601 4087 1644 mures.

2525 1677 2821 1729 teredinem
2868 1674 3215 1740 Clitarchus,
3254 1689 3497 1729 muscam
3528 1675 3839 1739 Lucianus,
3874 1676 4094 1730 Themi-

2527 1782 2626 1820 son
2681 1767 3084 1837 plantaginem,
3128 1767 3370 1821 itlarcion
3414 1768 3752 1836 raphamun,
3790 1767 4095 1822 Erasistra-

2527 1863 2614 1909 tus
2640 1856 3037 1925 lysimachiam,
3096 1855 3435 1924 Pythagoras
3472 1855 3691 1919 bulbos,
3745 1855 3956 1910 Diocles
4005 1870 4094 1908 ra-

2528 1959 2672 2012 pam,
2712 1944 2954 1999 Phanias
3000 1946 3255 2006 urticam,
3312 1945 3448 1997 Cato
3505 1945 3832 2008 brassicam,
3862 1952 4091 1997 mortem

2526 2035 2883 2097 Alcidamas,
2940 2035 3336 2097 Aristophanes
3396 2046 3769 2103 paupertatem
3804 2074 3818 2095 ,
3886 2035 4093 2089 febrem

2528 2138 2847 2196 quartanam
2904 2127 3266 2188 Phavorinus,
3336 2126 3599 2197 Syncsius
3646 2127 3944 2188 calvitium,
3981 2126 4097 2197 [43}

2529 2203 2615 2269 alii
2657 2218 2849 2282 salem,
2872 2218 3013 2285 quod
3059 2217 3197 2271 ridet
3224 2216 3377 2271 Plato
3406 2218 3458 2271 in
3486 2218 3771 2281 Convivio,
3799 2219 3888 2271 alii
3921 2219 4094 2271 vomi-

2528 2310 2851 2373 tum,ollas,
2880 2309 3109 2372 insecta,
3152 2321 3203 2364 ct
3259 2326 3380 2380 quae
3437 2319 3567 2365 sunt
3636 2310 3798 2379 hujus
3860 2308 4096 2380 generis,

2527 2416 2647 2469 quae
2681 2400 3006 2455 Plutarchus
3034 2412 3085 2455 et
3115 2401 3405 2463 Isocrates,
3440 2412 3493 2457 et
3555 2409 3739 2455 nostra
3778 2408 4099 2469 tempestate

2527 2494 2616 2547 alii
2650 2493 2939 2563 magniﬁca
3000 2509 3061 2546 ac
3097 2496 3297 2549 diserta
3349 2496 3598 2549 oratione
3623 2493 3876 2549 laudibus
3910 2507 4099 2562 prosc-

2529 2586 2641 2637 cuti
2675 2595 2804 2639 sunt
2834 2601 2848 2649 ;
2877 2586 2966 2639 hic
2990 2586 3213 2652 quidam
3271 2602 3458 2651 ovum,
3498 2588 3588 2639 ille
3647 2588 3887 2651 asinum,
3954 2586 4096 2639 alius

2527 2678 2874 2740 ebrietatem,
2911 2678 3051 2731 alius
3082 2678 3394 2741 stultitiam,
3454 2679 3597 2731 alius
3646 2676 4014 2742 mendacium,
4047 2684 4100 2731 et

2526 2769 2656 2837 quid
2728 2770 2880 2823 non?
2923 2784 3043 2838 quae
3093 2772 3145 2822 in
3216 2785 3381 2822 unum
3434 2769 3684 2823 volumen
3750 2768 3855 2822 sub
3902 2768 4098 2821 theatri

2524 2857 2827 2913 Joco-Serii
2860 2862 3080 2913 nomine
3110 2858 3612 2928 congessitGaspar
3672 2858 3983 2923 Doruanus,
4018 2859 4097 2927 (d)

2526 2965 2580 3008 et
2606 2954 2901 3022 publicavit
2936 2970 3041 3008 non
3100 2956 3218 3008 sine
3280 2955 3615 3022 Appendice.
3651 2955 3716 3006 Et
3753 2954 3895 3021 quod
3930 2955 4100 3023 magis

2529 3048 2746 3111 mirere,
2842 3046 3249 3114 Wittembergae
3329 3044 3802 3115 Brunogquidam
3861 3046 4103 3100 Nolanus

2456 3155 2497 3211 ο
2530 3141 2693 3209 impie
2724 3141 3056 3207 praeconium
3092 3139 3292 3194 diaboli
3323 3140 3584 3194 recitasse
3624 3139 3825 3193 dicitur
3858 3156 3874 3205 ;
3907 3149 3960 3193 et
3985 3138 4103 3207 qui-

2533 3228 2654 3281 dam
2707 3228 2866 3293 alius,
2918 3243 3081 3296 quem
3130 3228 3409 3281 nominare
3470 3230 3840 3296 praetermitto,
3896 3229 4104 3283 lictoris

2533 3320 2735 3389 publici
2774 3337 2789 3373 :
2823 3336 3006 3375 verum
3038 3336 3135 3389 pro
3176 3329 3327 3374 tanto
3362 3321 3413 3374 in
3462 3319 3791 3376 Acherontis
3815 3322 4102 3374 ministros

2533 3411 2817 3477 beneficio,
2851 3413 3044 3481 reliqui
3106 3412 3274 3467 Italite
3324 3412 3566 3475 lictores,
3614 3427 3682 3465 ne
3733 3412 3929 3480 ingrati
3982 3425 4104 3465 esse

2532 3502 2871 3564 viderentur,
2899 3500 3041 3555 datis
3077 3502 3142 3555 ad
3207 3500 3547 3555 laudatorem
3599 3500 3823 3565 litteris,
3876 3499 4102 3568 gratiam

2531 3591 2741 3647 referre
2770 3592 2950 3646 conati
2982 3602 3131 3655 sunt,
3166 3591 3343 3645 ollicia
3371 3606 3467 3645 sua
3501 3591 3749 3659 polliciti,
3780 3605 3905 3645 cum
3968 3600 4102 3643 tent-

2529 3700 2631 3753 pus
2662 3684 2919 3746 adfuerit,
2953 3684 3109 3745 bene,
3141 3691 3195 3737 ct
3227 3685 3459 3753 benigne
3488 3697 3610 3738 sese
3635 3683 3710 3736 illi
3745 3683 4103 3750 praestituros.

2530 3774 2647 3828 Non
2677 3776 2875 3828 mirum
2931 3775 3115 3843 itaque
3168 3775 3213 3829 si
3268 3773 3479 3828 Psellus
3534 3774 3697 3826 etiam
3752 3781 3961 3838 noster,
4018 3772 4102 3826 sui

2529 3860 2846 3929 experiendi
2874 3860 3072 3930 gratia,
3131 3861 3183 3912 in
3227 3859 3709 3928 contemptissimis
3747 3859 3864 3912 istis
3906 3858 4103 3928 stylum

2528 3954 2796 4008 exercuit.
2826 3951 3050 4007 Memini
3085 3966 3170 4006 me
3208 3951 3324 4005 fuse
3350 3951 3641 4005 admo'dum
3703 3952 3757 4004 in
3789 3949 4100 4005 Rhetoricis

2528 4045 2809 4100 dubitasse
2844 4082 2859 4107 ,
2896 4042 3240 4099 diﬂiciliusne
3296 4044 3386 4108 sit,
3444 4042 3673 4112 ideoque
3729 4044 4098 4112 prmstantins,

2526 4144 2581 4192 et
2644 4136 3023 4191 admirabilius
3072 4150 3160 4190 res
3217 4135 3375 4201 viles,
3458 4134 3735 4198 minimas,
3790 4133 3872 4189 vel
3937 4134 4098 4187 etiam

2528 4230 2701 4284 malas
2735 4228 2966 4283 dicendo
2996 4242 3283 4293 exornare,
3319 4242 3387 4280 an
3419 4242 3538 4297 quae
3570 4227 3655 4281 his
3710 4225 4011 4289 contraria.
4044 4234 4101 4278 ut

2528 4319 2808 4385 virtutem,
2844 4319 3266 4389 sapientiam,et
3325 4319 3473 4374 viros
3531 4319 3615 4374 his
3674 4319 3806 4386 ipsis
3859 4318 4102 4373 celebres

2528 4416 2583 4463 et
2616 4409 2875 4465 illustres.
2907 4406 3082 4474 Nunc,
3115 4418 3173 4461 ut
3226 4408 3506 4469 lectorem,
3568 4408 3804 4462 lectione
3875 4423 4102 4479 operum

929 4499 1235 4568 Ἐγκώμιον
1264 4500 1347 4561 εἰς
1378 4500 1467 4552 τὸν
1497 4494 1661 4553 οἶνον.
1693 4498 1837 4555 Laus
1886 4502 2013 4555 vini.
2044 4502 2104 4555 P.
2164 4504 2261 4556 οὐκ
2307 4498 2423 4557 οἶδα
2456 4482 2500 4537 D
2528 4500 2670 4555 Psell

2355 4503 2423 4557 δα
2456 4482 2500 4537 D
2528 4500 2691 4555 Pselli
2723 4501 3026 4564 defessum,
3060 4499 3428 4563 sublevemus,
3458 4513 3631 4568 pauca
3680 4514 3744 4554 ex
3773 4498 3959 4553 multis
3996 4499 4102 4553 illis

858 4590 1087 4659 πότερον
1111 4589 1184 4651 ὠς
1215 4589 1531 4659 ἀνθοσμίαν.

932 4683 1072 4751 Πρός
1107 4699 1225 4735 τινα
1257 4680 1514 4750 Κάπηλον
1533 4681 1894 4753 μεγάλαυχον,
1918 4685 2010 4737 καὶ
2038 4684 2427 4753 φιλοσοφοῦντα

858 4773 1103 4825 διάκενα.
1144 4769 1208 4824 1η
1234 4770 1531 4837 Cauponem
1551 4773 1828 4840 quemdam
1848 4775 2149 4843 superbum,
2169 4785 2214 4828 et
2228 4774 2429 4843 frustra

860 4863 1333 4932 philosophantem.
1369 4862 1432 4913 P.
1482 4861 1644 4913 Ἀλλὰ
1688 4864 1846 4927 ποίας
1879 4864 2051 4917 ταῐτα
2094 4865 2427 4932 φιλοσοφίας,

862 4952 1160 5017 λογιώτατε
1196 4953 1411 5020 ἀδελφέ.

936 5044 1027 5105 Εἷς
1056 5060 1179 5095 τινα
1218 5043 1496 5112 Κάπηλον,
1528 5045 1819 5114 γενόμενον
1853 5048 2093 5114 νομικόν.
2130 5044 2196 5097 In
2230 5045 2436 5116 Caupo-

866 5154 979 5189 nem
1003 5136 1137 5205 leges
1165 5144 1597 5204 pertractantem.
1630 5136 1693 5189 P.
1728 5135 1859 5189 Εἶτα
1892 5139 1939 5189 εἰ
1972 5137 2028 5189 σέ
2072 5154 2155 5199 τις
2199 5137 2435 5202 δικάζειν

866 5229 1360 5297 ἐπιτετραμμένον.

939 5320 1120 5375 LXIII.
1160 5320 1459 5378 Levissitna
1506 5322 1605 5377 ista
1636 5331 1784 5385 sunt,
1819 5332 1871 5377 et
1926 5321 2107 5375 minus
2160 5322 2336 5388 seria;
2379 5333 2433 5376 at

2522 4592 2855 4647 adducemus
2885 4605 2984 4662 pro
3013 4600 3244 4660 utraque
3293 4599 3447 4661 parte
3467 4605 3533 4644 ex
3560 4590 3777 4660 ingenio
3806 4590 4097 4644 an‘erenda-

2524 4681 2791 4737 lsocrates
2816 4682 3020 4737 similes
3042 4690 3273 4736 conatus
3298 4682 3488 4736 verbis
3518 4680 3678 4735 etiam
3708 4682 4098 4744 acerbissimis,

2528 4772 2778 4843 pluribus
2813 4775 2866 4827 in
2914 4773 3051 4829 locis
3080 4774 3419 4838 insectatur;
3452 4772 3605 4827 Plato
3628 4773 3837 4827 deridet
3871 4774 3921 4826 in
3958 4772 4101 4825 Con-

2528 4865 2713 4929 vivio;
2783 4864 3047 4935 Synesius
3100 4864 3154 4918 in
3222 4865 3480 4934 Epistolis
3555 4864 3857 4933 improbat;
3928 4878 4100 4932 eoque

2533 4957 2824 5025 praecipue,
2856 4956 2902 5011 si
2942 4970 3063 5024 qua:
3094 4956 3224 5009 totis
3254 4956 3466 5010 viribus
3521 4960 3927 5015 consectamur.
3997 4953 4097 5005 im-

2531 5046 2700 5113 proba
2751 5046 3041 5101 dicacitate
3099 5049 3519 5116 vituperemur;
3588 5054 3646 5099 ut
3701 5046 3768 5099 de
3823 5042 4101 5098 Carneade

2533 5140 2875 5206 vituperante
2906 5139 3175 5208 justitiam
3228 5138 3483 5193 traditur.
3532 5137 3684 5191 Adde
3720 5153 3734 5187 τ
3777 5137 3919 5191 sicut
3946 5136 4103 5203 longe

2532 5230 2904 5299 praestabilius
2968 5240 3115 5285 esset
3172 5230 3237 5285 tle
3291 5230 3455 5285 rebus
3512 5230 3738 5284 utilibus
3801 5228 4103 5282 mediocres

2539 5322 2823 5391 opiniones
2850 5321 3062 5386 habere,
3117 5337 3279 5393 quam
3337 5335 3863 5391 supervacanearum
3914 5319 4104 5388 exqui-

2325 5432 2554 5489 ΝΟΤᾹΞ.

941 5533 1007 5597 (ε)
1032 5530 1443 5599 Nequeliltellus
1469 5529 1657 5593 Pselli,
1684 5545 1859 5600 neque
1884 5529 2063 5584 Allatii
2090 5529 2431 5584 schediasma

871 5601 971 5655 huc.
1009 5602 1140 5655 vidit
1174 5604 1382 5655 lucem.’

943 5674 1020 5737 (d)
1050 5671 1305 5725 llanuvite
1342 5671 1497 5734 l6l9,
1542 5671 1635 5725 l'ol.
1669 5670 2008 5725 llnrnaviano
2051 5669 2202 5738 operi
2250 5669 2435 5723 licebit

873 5744 1074 5796 addere
1096 5742 1550 5796 dissertationum
1605 5744 1938 5797 ludicrarum
1972 5751 2021 5793 et
2071 5743 2432 5793 ammniorum

2541 5532 2837 5599 scriptores
2873 5530 3050 5584 varios
3074 5528 3246 5600 Lugd.
3270 5527 3388 5581 Bal.
3420 5527 3572 5600 l6“,
3604 5526 3689 5590 12,
3708 5535 3760 5583 et
3782 5526 4102 5600 admiranda

2546 5596 3459 5723 gigas—ni(glmirabilium'cncomia.
3496 5598 3809 5667 Nox-iornagi
3849 5596 4097 5651 Batavor.

2650 5679 2700 5736 υ,
2803 5714 2813 5724 .
