4424 6450
782 338 889 403 523

2115 343 2386 403 LEONIS
2428 344 2740 409 ALLATII

3926 368 4028 432 521

856 458 991 525 Περὶ
1040 454 1390 527 χρυσοποιίας
1463 453 1600 524 πρὸς
1656 456 1743 508 τὸν
1802 456 2148 527 πατριάρχην
2194 456 2351 526 κῦριν
2381 463 2425 518 Α
2459 469 2598 512 ment

2281 475 2351 507 κν
2381 463 2425 518 Α
2459 460 2656 514 meulis
2690 461 2981 529 celebrem,
3036 464 3283 535 artisque
3329 469 3589 525 exercitio
3642 474 3914 529 eruditum
3947 478 4028 532 in-

774 551 1011 620 Μιχαήλ..
1042 549 1117 603 De
1155 549 1274 601 auri
1299 549 1610 617 conﬁciendi
1650 550 1873 611 ratione,
1904 551 1973 602 ad
2010 549 2069 603 ι).
2110 548 2350 602 Michae-

774 643 870 697 lem
933 642 1314 711 patriarcham.
1354 643 1415 695 P.
1451 642 1631 711 Ὁρᾷς,
1675 640 1701 692 ό
1732 641 1862 710 ὲμος
1901 640 2186 710 δεσπότης,
2222 642 2249 693 ὂ
2282 658 2347 708 με

775 737 970 795 ποιεῖς,
1006 735 1039 802 ἡ
1069 732 1170 801 τῆς
1204 735 1344 803 ἐμῆς
1377 732 1554 800 ψυχῆς
1585 732 1863 800 τυραννίς.
1920 729 2055 785 ΥιιΙε
2098 748 2264 802 supra
2292 733 2345 785 in

775 827 958 889 editis,
998 824 1023 895 ᾗ
1055 825 1145 878 '58.

845 916 979 983 Περὶ
1013 914 1305 984 Σφυγμῶν.
1340 911 1418 967 De
1450 911 1720 966 Pulsibus.
1754 911 1815 967 P.
1859 914 2017 966 ’Ἥκω
2047 913 2109 984 δή
2140 931 2221 966 σοι
2252 915 2345 966 καί¹

772 1009 834 1060 τὸ
864 1009 991 1078 περὶ
1028 1004 1322 1074 Σφυγμῶν.

857 1098 1291 1167 Ἀποσημείωσις
1332 1095 1749 1166 Πυρεττὼντων,
1790 1097 1930 1151 Nota
1977 1096 2040 1151 de
2092 1095 2346 1153 Febrien-

774 1192 928 1245 tibus.
966 1191 1024 1244 P.
1054 1190 1114 1242 Ei
1147 1189 1442 1257 κατεκλίθη
1476 1190 1502 1241 ὁ
1534 1188 1706 1242 νοσῶν
1741 1191 1798 1241 ὲν
1826 1191 1991 1261 ἀρχῇ.

844 1281 1027 1335 LXXI.
1086 1281 1347 1349 Ἰατρικὸν
1378 1280 1513 1349 πρὶς
1555 1281 1968 1334 Κωνσταντῖνον
2006 1282 2098 1335 τὸν
2126 1284 2343 1351 Πορφυ-

771 1373 1116 1444 ρογέννητον.
1150 1371 1462 1425 Medicinale
1494 1370 1561 1423 ad
1600 1370 2002 1425 Constantinum
2037 1373 2340 1443 Porpltyro~

771 1474 1066 1534 gennetam.
1110 1464 1170 1515 Ρ.
1223 1462 1335 1523 Τὰς
1377 1461 1815 1531 προσταχθείσας
1866 1461 2139 1530 έπιτομάς
2194 1463 2345 1532 παρὰ

769 1558 867 1624 τῆς
905 1554 1001 1622 σῆς
1025 1552 1317 1621 θειότητος.
1363 1548 1644 1605 Tractatus
1674 1550 1923 1618 prooemii
1973 1551 2102 1605 mibi
2130 1553 2341 1621 copiam

771 1646 918 1708 fecit,
953 1644 1036 1697 vir
1078 1643 1424 1715 τετράγωνος
1468 1640 1731 1695 Melchior
1781 1642 2055 1709 Inchol‘er,
2093 1642 2341 1699 Messana

2456 553 2622 622 nuit),
2674 561 2967 610 tractatum
3016 557 3170 613 illum
3218 563 3586 632 conscripsit,
3634 564 3747 634 jam
3792 563 4026 625 Psellum

2454 640 2594 698 ultra
2644 654 2862 700 centum
2913 654 2972 701 et
3029 650 3389 721 quadraginta
3429 666 3607 709 annos
3657 655 3859 711 vixisse
3891 698 3906 722 ,
3958 661 4027 715 ad

2453 732 2597 786 hunc
2622 733 2762 788 diem
2793 735 3124 805 inauditum,
3157 740 3447 795 dicendum
3481 750 3586 797 est.
3622 743 3801 810 Quare
3829 748 3912 802 vel
3938 749 4027 803 hic

2447 819 2661 878 PSl'llus
2696 825 2839 882 alius
2890 836 2975 883 est
3031 843 3061 883 a
3110 828 3393 887 Michaelis
3452 831 3613 888 Ducas
3669 850 4024 910 praeceptore,

2446 915 2530 969 vel
2567 914 2778 973 Psellus
2801 920 3027 974 omnino
3060 935 3168 975 non
3200 930 3309 978 est.

2517 1005 2726 1061 LXXII.
2776 1010 3106 1066 Διδασκαλία
3159 1013 3476 1088 παντοδαπὴ
3507 1016 3601 1088 (j),
3657 1020 3750 1072 καὶ
3804 1023 4025 1087 πάντως

2446 1094 2850 1166 ἀναγκαιοτάτη
2886 1100 2945 1150 ὲν
2984 1101 3180 1154 ἑκατὸν
3210 1103 3539 1173 ἐνενήκοντα
3576 1108 3713 1180 πρὸς
3753 1113 3868 1171 τοῖς
3904 1114 4028 1166 τέσ-

2449 1201 2613 1253 σαρσι
2656 1188 2975 1255 κεφαλαίοις
3015 1192 3389 1265 θεωρουμένη,
3445 1202 3615 1268 χωρὶς
3653 1202 3761 1254 τῶν
3812 1203 4025 1274 σχεδια-

2447 1278 2684 1332 σθέντων
2714 1280 2918 1352 ἑτέρων
2968 1283 3244 1354 διαφόρων
3280 1286 3453 1356 λόγων
3502 1291 3596 1344 καὶ
3644 1294 3843 1363 στίχων
3887 1296 4024 1367 πρὸς

2443 1367 2735 1438 διαφόρους
2790 1372 3098 1441 ὑποθέσεις,
3161 1378 3444 1433 ἔκτεθεῖσα
3484 1383 3620 1450 πρὸς
3669 1382 3762 1435 τὸν
3803 1385 4024 1438 εύσεδέ-

2446 1475 2638 1512 στατον
2716 1466 2808 1513 καὶ
2865 1465 3109 1536 ἀοίδιμον
3157 1468 3383 1538 βασιλέα
3443 1472 3603 1542 κύριν
3659 1476 3879 1545 Μιχαὴλ
3934 1479 4024 1529 τὸν

2444 1552 2652 1606 Λοῦκαν
2696 1554 3072 1627 αὐτοκράτορα
3104 1562 3383 1627 γεγονότα.
3415 1562 3666 1616 Doctrina
3709 1566 4020 1634 omnifaria,

2445 1653 2495 1696 et
2530 1647 2742 1701 omnino
2778 1651 3079 1703 necessaria
3118 1662 3323 1704 centum
3353 1657 3642 1723 nonaginta
3665 1668 3896 1726 quatuor
3933 1677 4023 1714 ca-

770 1738 961 1804 delali;
1005 1738 1207 1806 ipsum,
1234 1735 1356 1803 quia
1390 1733 1569 1787 adhuc
1602 1734 1863 1788 inellilum
1897 1745 2000 1799 est,
2038 1744 2097 1788 ut
2124 1737 2338 1790 modum
2374 1737 2414 1790 Β
2441 1735 2636 1801 pitibus
2671 1740 3066 1805 comprehensa,
3117 1752 3310 1810 prazter
3339 1744 3474 1797 alios
3517 1746 3693 1800 varios
3723 1749 4019 1816 discursus,

770 1830 935 1883 etiam
974 1827 1261 1881 tractionis
1296 1825 1518 1889 habeas,
1560 1826 1647 1878 hic
1682 1840 1946 1893 apponam
1980 1844 1993 1879 :
2036 1828 2147 1889 Τὰς
2179 1846 2345 1898 προσ-

764 1919 1057 1988 ταχθείσας
1104 1917 1369 1986 ὲπιτομὰς
1426 1918 1576 1986 παρὰ
1620 1916 1720 1985 τῆς
1773 1919 1872 1987 σῆς
1941 1918 2238 1989 θειότητος,
2280 1921 2343 1971 ἐκ

768 2011 903 2065 Θεοῦ
932 2010 1328 2091 ⁴αὐτοκράτωρ,
1388 2010 1516 2079 περὶ
1548 2009 1646 2078 τῆς
1683 2010 1790 2061 τῶν
1830 2011 2085 2080 ἰατρικῶν
2138 2009 2343 2080 θεωρη-

771 2104 953 2174 μάτων
1015 2101 1338 2169 συναγωγῆς
1388 2100 1627 2151 ἔσπευσα
1677 2100 1817 2152 κατὰ
1870 2102 1929 2152 τὸ
1978 2100 2203 2153 δυνατὸν
2256 2101 2343 2153 διὰ

771 2195 1068 2263 συντομίας
1109 2193 1246 2262 ὁμοῦ
1283 2192 1374 2244 καὶ
1410 2189 1707 2260 σαφηνείας
1762 2192 1942 2245 πᾶσαν
1964 2192 2060 2261 τὴν
2100 2192 2345 2261 ἰατρικὴν

768 2284 1038 2349 ἐπελθεῖν,
1060 2284 1224 2353 μηδὲν
1260 2282 1402 2335 κατὰ
1432 2282 1661 2351 δύναμιν
1693 2283 1800 2335 τῶν
1829 2285 2139 2351 άναγκαέων
2175 2286 2344 2355 ὑπερ-

764 2381 929 2447 ορᾷν,
968 2377 1198 2430 ἕκαστον
1241 2374 1533 2443 ἐκθέμενος
1566 2374 1672 2425 τῶν
1726 2375 2086 2444 παθημάτων,
2129 2375 2345 2444 πρῶτον

772 2471 872 2539 μὲν
916 2471 1005 2530 τὰς
1037 2468 1216 2528 αἰτίας
1270 2466 1631 2535 ὑπαγορεύων
1668 2464 1886 2532 σαφῶς,
1945 2466 2196 2535 δεύτερον
2247 2466 2345 2528 τὰς

769 2560 1100 2630 σημειώσεις
1142 2558 1209 2610 δι’
1245 2550 1319 2610 ῶν
1360 2557 1556 2627 ῥᾳδίως
1606 2556 2037 2624 γνωσθήσονται,
2093 2553 2190 2609 εἷθ’
2219 2558 2345 2626 ἑξῆς

766 2655 864 2724 τὴν
897 2650 1220 2721 θεραπείαν,
1248 2649 1312 2702 δι’
1353 2651 1422 2718 ἣν
1459 2650 1634 2701 πάντα
1670 2648 1810 2699 κατᾶ
1851 2648 2047 2717 τέχνην
2074 2648 2345 2718 θεραπεύ-

768 2760 956 2813 σομεν,
1002 2741 1266 2809 ’πρότερον
1310 2738 1415 2790 ἀπὸ
1468 2737 1712 2804 κεφαλῆς
1772 2736 2086 2805 ἀρξάμενοι,
2145 2737 2231 2789 διὰ
2285 2743 2347 2794 τὸ

766 2841 946 2893 ἐκεῖσε
975 2835 1251 2906 ἱδρύεσθαι
1272 2832 1334 2885 τὸ
1364 2832 1509 2902 ἱερὸν
1541 2832 1637 2901 τῆς
1682 2831 1904 2900 λογικῆς
1930 2830 2131 2898 ψυχῆς.
2180 2829 2347 2883 Jussu

769 2944 858 2988 tuo
888 2931 1035 2993 mihi,
1067 2928 1393 2982 divinissime
1422 2928 1730 2994 imperator,
1763 2924 2068 2991 compendia
2089 2925 2152 2976 de
2179 2924 2349 2976 Medi-

772 3024 1032 3077 tationum
1061 3020 1382 3073 medicorum
1412 3016 1714 3069 collectione
1748 3014 2094 3077 demandata,
2144 3031 2237 3082 pro
2262 3016 2339 3067 vi-

2444 1835 2492 1878 ει
2529 1828 2771 1879 carmina
2799 1842 2863 1880 ea:
2899 1837 3129 1895 tempore
3161 1832 3365 1884 dictata
3404 1832 3473 1886 ad
3498 1847 3808 1905 argumenta
3834 1840 4021 1902 varia;

2445 1918 2513 1968 ad
2566 1918 2865 1984 piissimum
2911 1926 2962 1971 et
3016 1919 3269 1974 celebrem
3330 1922 3700 1991 imperatorem
3747 1928 4019 1982 dominum

2443 2006 2756 2062 Hicliaelem
2791 2010 3020 2068 Ducam.
3056 2011 3116 2066 P.
3148 2013 3395 2067 Πιστεύω
3432 2015 3512 2079 εἰς
3542 2015 3639 2069 ἕνα
3663 2018 3880 2087 Πατέρα
3908 2020 4018 2073 τῶν

2445 2103 2661 2155 πάντων
2692 2105 2888 2174 ἀρχὴν.
2919 2105 3131 2175 Capita,
3156 2122 3277 2174 quae
3314 2109 3368 2163 in
3404 2125 3465 2164 ea
3497 2112 3869 2177 continentur,
3892 2121 4019 2165 sunt

2448 2195 2731 2261 sequentia
2766 2212 2778 2248 :
2831 2194 2901 2249 α’.
2930 2195 3066 2265 Περὶ
3095 2195 3375 2264 ὀνομάτων
3414 2201 3576 2254 τινῶν
3617 2202 3926 2273 λεγομένων
3960 2206 4018 2256 ἐν

2445 2288 2521 2356 τῷ
2547 2287 2654 2339 τῶν
2702 2289 3046 2358 Χριστιανῶν
3091 2290 3344 2361 δόγματι.
3393 2292 3459 2362 β’.
3512 2297 3647 2367 Περὶ
3680 2297 3869 2360 οὐσίας
3920 2297 4016 2349 καὶ

2446 2378 2683 2445 φύσεως.
2750 2376 2818 2445 γ’.
2879 2380 3019 2449 Περὶ
3077 2382 3474 2439 ὲνυποστάτων.
3536 2386 3599 2441 δ’.
3643 2387 3780 2457 Περὶ
3822 2389 4018 2455 όμοου-

2448 2468 2585 2521 σίου.
2649 2468 2711 2523 ε’.
2759 2470 2897 2540 Περὶ
2935 2472 3366 2540 όμοῦποστάτου.
3404 2482 3479 2541 ς’.
3532 2477 3668 2549 Περὶ
3721 2477 4018 2530 ὲνυποστά-

2448 2574 2605 2609 σεων.
2654 2556 2720 2620 ζ’.
2774 2560 2912 2628 Περὶ
2952 2562 3247 2628 οὐσιώδους
3296 2566 3539 2629 ὲνῶσεως
3603 2569 3698 2618 καὶ
3733 2569 4016 2637 διαφορᾶς.

2446 2646 2519 2716 η’,
2564 2647 2628 2702 θ’.
2682 2650 2818 2720 Περὶ
2878 2654 3249 2723 ὑποστατικῆς
3295 2657 3539 2719 ὲνώσεως
3590 2658 3685 2709 καὶ
3734 2658 4016 2728 διαφορᾶς,

2450 2736 2500 2800 ι’,
2530 2736 2616 2791 ια’.
2654 2740 2791 2809 Περὶ⁵
2818 2742 2915 2810 τῆς
2945 2742 3105 2809 ἁγίας
3137 2744 3384 2815 Τριάδος.
3422 2743 3508 2815 ιβ’.
3535 2746 3667 2816 Περὶ
3691 2745 3785 2799 τοῦ
3816 2748 4017 2816 τρόπου

2446 2828 2547 2897 τῆς
2574 2831 2914 2894 ἀντιδόσεως.
2949 2832 3037 2901 ιγ’.
3061 2835 3197 2905 Περὶ
3214 2837 3308 2905 τῆς
3329 2836 3475 2900 θείας
3492 2836 3757 2899 ὲνώσεως.
3790 2838 3868 2890 ιδ’.
3886 2837 4020 2906 Περὶ

2448 2917 2663 2984 φύσεως
2691 2920 2958 2983 ἀπαθοῦς.
2992 2921 3073 2977 ιε’.
3107 2925 3199 2987 Τίς
3230 2926 3258 2977 ό
3302 2926 3452 2988 Θεός.
3490 2923 3585 2989 ις’,
3622 2927 3682 2978 Εἰ
3704 2927 3929 2997 ἄπειρον
3959 2926 4020 2977 τὸ

2452 3008 2604 3062 Θεῖον
2626 3012 2718 3063 καὶ
2745 3010 2859 3075 πῶς
2883 3013 3126 3083 ἄπειρον.
3152 3012 3234 3078 ιζ’.
3257 3015 3379 3077 Πῶς
3402 3012 3540 3068 οἶδεν
3560 3020 3586 3067 ό
3610 3016 3739 3078 Θεὸς
3765 3018 3832 3069 τὰ
3858 3033 4022 3085 μεταο

768 3115 909 3167 rium
937 3125 1169 3164 mearum
1207 3109 1442 3172 modulo,
1474 3104 1837 3174 compendiose
1869 3115 2023 3174 atque
2052 3105 2338 3173 perspicue,
2363 3073 2413 3141 α
2457 3101 2515 3153 6a

2271 3121 2338 3169 te,
2363 3073 2413 3141 α
2457 3101 2759 3171 ϐαλλόμενα
2790 3073 3109 3173 πράγματα.
3147 3073 3234 3175 ιη’.
3271 3073 3403 3161 Ἀπὸ
3431 3107 3583 3160 ποίου
3628 3073 4018 3178 πρῶτουιστοι-

770 3219 973 3259 omnem
1006 3201 1279 3255 medicina:
1321 3198 1631 3265 facullatem
1660 3212 1993 3265 percurrens,
2045 3196 2348 3263 nullumque

770 3310 835 3351 ex
865 3293 1182 3348 necessariis
1224 3290 1515 3359 negligens,
1572 3288 1662 3341 sed
1697 3289 1961 3341 universos
2011 3289 2217 3340 morbos
2256 3301 2347 3340 ex.

770 3401 988 3454 ponens,
1040 3380 1306 3436 absolvere
1358 3380 1504 3432 nisus
1535 3394 1671 3432 sum.
1714 3377 1956 3430 Primum
1990 3378 2127 3430 enim
2157 3393 2347 3431 causas

773 3488 951 3551 operte
981 3480 1211 3542 enuntio;
1240 3474 1485 3540 secundo,
1499 3489 1587 3541 per
1604 3491 1733 3543 quas
1752 3490 1854 3527 non
1872 3473 2146 3542 difﬁculter
2165 3472 2349 3541 digno-

774 3576 1004 3631 scentur,
1036 3575 1229 3630 notas;
1262 3563 1473 3617 tandem
1503 3563 1693 3626 media,
1732 3578 1823 3631 per
1848 3578 1965 3631 quae
2007 3561 2121 3633 [5U
2167 3561 2348 3613 omnia

774 3659 1060 3728 artiﬁciose
1116 3657 1443 3711 curabimus.
1498 3653 1662 3713 Prius
1703 3672 1735 3707 a
1782 3656 1968 3723 capite,
2014 3654 2151 3723 quod
2195 3653 2251 3705 in
2288 3668 2347 3705 eo

776 3767 935 3806 sacra
964 3765 1089 3818 pars
1115 3748 1308 3801 animi:
1346 3747 1625 3800 rationalis
1669 3745 1945 3811 inhasreat,
1982 3745 2346 3799 exordiamur.

780 3842 856 3897 Ex
891 3856 1068 3913 ungue
1097 3841 1330 3905 leonem,
1360 3846 1414 3894 et.
1470 3854 1538 3893 ex
1590 3839 1695 3892 hoc
1724 3838 1877 3892 disce
1916 3845 2132 3891 caetera.
2186 3835 2348 3891 Liber

778 3945 963 3990 tamen
991 3929 1431 3987 contemnendus
1461 3944 1570 3984 non
1596 3938 1701 3996 est,
1744 3930 1840 3985 sed
1868 3944 2009 3997 saepe
2044 3944 2141 3983 sua
2175 3928 2350 3983 brevi-

778 4035 889 4083 tate
914 4024 1225 4094 expeditus,
1248 4032 1301 4076 et
1331 4021 1591 4075 remediis
1616 4035 1643 4073 a
1670 4018 2071 4090 probatissimis
2110 4022 2348 4089 scripto-

783 4118 936 4172 ribus
964 4114 1192 4170 delectis
1247 4111 1706 4181 transcriptisque
1735 4121 1789 4167 et
1825 4110 2075 4180 populari
2098 4110 2350 4178 loquendi

784 4210 958 4265 l'orma
998 4207 1300 4279 proﬁcuus.
1368 4204 1533 4259 Pselli
1560 4212 1742 4258 tamen
1776 4212 2055 4274 utcunque
2088 4218 2194 4258 non
2242 4209 2347 4257 est.

782 4299 969 4369 Neque
1002 4301 1146 4354 enim
1173 4298 1226 4351 in
1259 4293 1490 4350 dicendo
1514 4295 1894 4361 acrimoniam,
1933 4310 2034 4349 nec
2063 4296 2115 4348 in
2151 4308 2210 4349 re
2253 4309 2350 4349 ex-

2448 3192 2597 3260 χείου
2621 3191 2823 3263 ἤρξατο
2849 3193 2938 3247 τὸν
2962 3196 3165 3265 κόσμον
3207 3200 3378 3251 ποιεῖν
3409 3200 3602 3262 ὀΘεός.
3634 3177 3719 3253 ιθ¹.
3739 3177 3908 3252 Πόθεν
3934 3198 4020 3249 ἕν·-

2448 3302 2597 3337 νοιαν
2633 3284 2790 3355 ἔσχον
2821 3286 2956 3338 θεοῦ
2983 3285 3101 3358 [52]
3124 3287 3421 3357 ἄνθρωποι.
3457 3296 3524 3343 κ’.
3553 3291 3779 3359 Πότεροι
3801 3290 4018 3350 πλείους

2448 3378 2497 3429 οἱ
2524 3377 2768 3443 ἄγγελοι,
2794 3378 2827 3447 ἢ
2852 3379 2901 3430 οἱ
2923 3379 3218 3448 ἄνθρωποι.
3244 3377 3356 3447 κα’,
3378 3378 3482 3445 κβ’,
3517 3378 3623 3447 κγ’,
3655 3381 3754 3446 κδ’,
3780 3380 3879 3444 κε’,
3904 3378 4016 3447 κς’,

2450 3469 2551 3534 κζ’,
2585 3475 2692 3538 κη’,
2732 3468 2831 3521 κθ’.
2870 3470 3001 3537 Περὶ
3024 3470 3137 3524 νοῦ.
3170 3468 3235 3536 λ’,
3259 3469 3363 3538 λα’,
3392 3471 3495 3539 λβ’,
3526 3470 3741 3539 λγ’,λδ’,
3777 3470 3870 3534 λε’,
3906 3470 4015 3535 λς’,

2449 3559 2547 3625 λζ’.
2576 3558 2679 3631 λη’»
2708 3559 2807 3625 λεν.
2832 3561 2906 3630 μ’.
2943 3560 3051 3629 μα’.
3082 3562 3190 3633 μβἰ
3213 3561 3323 3633 μγ,
3354 3562 3456 3633 μδ’.
3490 3563 3592 3633 με’.
3616 3563 3731 3632 με’,
3753 3564 3857 3633 με·
3887 3565 4021 3632 Περὶ

2447 3653 2646 3722 ψυχῆς.
2678 3650 2788 3722 μη’.
2808 3654 2869 3705 Εἰ
2894 3655 3222 3723 μεταδάλλοι
3256 3654 3402 3725 ψυχὴ
3429 3655 3507 3717 είς
3537 3654 3791 3723 ἄγγελον.
3826 3652 3929 3724 μθ’.
3958 3653 4019 3705 Εἰ

2449 3745 2684 3815 ἄναρχος
2728 3747 2762 3814 ἠ
2810 3744 2980 3815 ψυχή.
3032 3744 3095 3798 ν’.
3141 3745 3558 3814 ’Δκριδέστερον
3594 3748 3724 3812 περὶ
3773 3744 4017 3813 ψυχικῶν

2448 3836 2752 3905 δυνάμεων.
2806 3834 2906 3889 να’.
2938 3836 3061 3899 Πῶς
3083 3839 3111 3888 ὁ
3150 3836 3395 3900 Πλάτων,
3430 3837 3695 3905 γεννητὴν
3728 3834 3862 3902 ὁμοῦ
3918 3834 4014 3903 τὴν

2448 3926 2627 3995 ψυχὴν
2658 3926 2753 3978 καὶ
2791 3924 3061 3977 ἀθάνατον
3112 3925 3494 3993 ἀποφαίνεται.
3554 3921 3653 3993 νβ’.
3690 3923 3785 3984 Τίς
3815 3923 3847 3991 ἡ
3874 3920 4014 3973 [11.1-

2449 4016 2655 4086 τωνικὴ
2703 4014 3020 4084 ψυχογονία.
3053 4020 3152 4081 νγ’.
3178 4017 3329 4068 Διατί
3366 4017 3400 4085 ἡ
3432 4014 3575 4085 ψυχὴ
3604 4015 3741 4084 μέση
3775 4014 3883 4065 τῶν
3924 4028 4021 4082 με·

2454 4106 2653 4176 ριστῶν
2698 4106 2792 4158 καὶ
2822 4106 3137 4175 άμερίστων
3192 4106 3426 4173 λέγεται.
3458 4103 3547 4157 νδ’.
3579 4106 3744 4157 Ποίαν
3785 4105 3962 4173 ψυχὴν
3991 4104 4020 4155 ὁ

2454 4198 2677 4251 Πλάτων
2715 4197 2773 4250 ὲν
2829 4198 3043 4267 Τιμαίῳ
3088 4199 3270 4268 γεννᾷ.
3327 4196 3418 4250 νε’.
3470 4198 3563 4259 Τίς
3609 4198 3642 4263 ἡ
3698 4195 3795 4263 τῆς
3842 4195 4020 4263 ψυχῆς

2452 4290 2703 4359 δύναμις.
2764 4288 2873 4352 νς’.
2928 4289 3091 4341 Ποῖαι
3144 4290 3200 4341 αἱ
3248 4289 3345 4358 τῆς
3380 4288 3555 4357 ψυχῆς
3599 4287 3884 4355 δυνάμεις,
3930 4284 4021 4336 καὶ

783 4391 1053 4463 pedienda
1098 4388 1380 4445 solertiam
1414 4385 1740 4441 Psellianam
1775 4401 1887 4455 prae
1941 4400 2001 4441 se
2055 4385 2193 4475 lert.
2240 4384 2351 4437 Nec
2378 4414 2432 4475 Β
2459 4382 2530 4433 τίη

2274 4384 2351 4437 lec
2378 4414 2432 4475 Β
2459 4382 2624 4442 τίνες.
2660 4381 2756 4444 νς.
2812 4380 2876 4431 Τί
2905 4381 3021 4432 ἐστι
3072 4380 3255 4447 φύσις.
3289 4387 3388 4448 νῆ’.
3428 4381 3520 4440 Τίς
3557 4381 3591 4448 ἡ
3619 4378 3879 4475 διαίρεσις
3914 4377 4021 4428 τῶν

787 4484 990 4553 patitur
1052 4479 1106 4534 id
1157 4480 1477 4543 imperator,
1532 4478 1619 4532 cui
1684 4486 1954 4533 tractatus
2007 4474 2350 4531 inscribitur.

788 4574 917 4630 Sive
949 4572 1093 4627 enim
1140 4570 1563 4625 Constantinum
1615 4566 2189 4638 Porphyrogennetam
2246 4568 2357 4637 pri-

788 4678 962 4729 mum,
1004 4663 1121 4719 sive
1170 4658 1496 4722 secundum,
1558 4657 1653 4727 qui
1702 4672 1827 4712 cum
1877 4656 2078 4712 Basilio
2127 4656 2356 4726 imperio

786 4753 1027 4826 praefuit,
1059 4752 1355 4822 intelligas,
1392 4750 1601 4806 Psellus
1633 4755 1828 4803 auctor
1859 4762 1984 4803 esse
2019 4763 2136 4835 non
2158 4748 2352 4817 potuit,

788 4862 950 4915 quem
990 4844 1094 4899 sub
1129 4844 1357 4912 imperio
1396 4843 1571 4897 Alexii
1632 4839 1897 4896 Comneni
1942 4840 2124 4894 vivum
2176 4840 2356 4893 adhuc

789 4934 1277 5006 deprehendimus,
1316 4933 1418 4987 nisi
1465 4940 1597 4988 tunc
1650 4931 1908 5001 primum,
1959 4939 2013 4985 ct
2046 4938 2253 4995 natum,
2304 4939 2356 4985 et

788 5028 959 5081 libros
988 5033 1405 5094 componentem
1434 5024 1617 5079 dicere
1648 5023 1881 5078 velimus
1911 5040 1924 5088 ;
1956 5031 2009 5076 et
2032 5031 2160 5078 tunc
2193 5023 2353 5078 etiam

786 5123 953 5173 vitam
1011 5118 1130 5187 ejus
1172 5118 1311 5169 ultra
1363 5115 1725 5171 centesimum
1780 5127 1983 5168 annum
2036 5114 2355 5183 productam

793 5212 947 5265 lateri
1002 5223 1287 5277 COgemur.
1332 5206 1488 5273 Quod
1536 5206 1583 5262 sl
1621 5205 1847 5275 triginta
1898 5219 2071 5261 annos
2107 5214 2270 5260 natus
2307 5216 2360 5259 et

792 5302 1027 5371 amplius
1086 5299 1153 5353 ad
1212 5299 1416 5362 minus,
1474 5306 1535 5352 ut
1583 5296 1882 5352 verisimile
1924 5306 2007 5350 est
2051 5297 2350 5366 (auctorem

789 5394 958 5455 enim,
986 5392 1209 5445 allatum
1232 5387 1520 5445 exordium
1554 5397 1713 5443 :ctate
1749 5394 2089 5456 provectum,
2136 5388 2351 5456 cxperi~

2456 4472 2649 4525 κοινῶν
2677 4470 2967 4541 ἐνεργειῶν
2988 4470 3082 4538 τῆς
3106 4470 3283 4538 ψυχῆς
3309 4469 3441 4537 πρὸς
3462 4466 3520 4518 τὸ
3546 4467 3725 4535 σῶμα.
3765 4463 3861 4518 νθ’.
3887 4465 4023 4515 Πότε

2453 4566 2486 4633 ὴ
2523 4562 2669 4632 ψυχὴ
2694 4560 2773 4630 τῷ
2797 4560 3081 4628 κυουμένῳ
3110 4558 3321 4612 ὲνοῦται
3351 4556 3585 4626 σώματι.
3614 4554 3676 4619 ξ’.
3709 4554 3833 4616 Πῶς
3869 4553 4022 4606 ἑνοῦ-

2452 4673 2543 4708 ται
2570 4655 2647 4723 τῷ
2679 4653 2892 4722 σώματι
2918 4654 2951 4720 ἡ
2984 4651 3147 4721 ψυχή.
3181 4650 3281 4716 ξω.
3310 4650 3447 4719 Περὶ
3476 4651 3571 4719 τῆς
3605 4648 3800 4716 ἀλόγου
3820 4646 4021 4717 ψυχῆς.

2457 4743 2556 4816 ξβ’.
2582 4745 2679 4808 Τίς
2709 4746 2742 4813 ὴ
2772 4743 3050 4812 βούλησις,
3078 4743 3173 4794 καὶ
3210 4742 3295 4804 τίς
3344 4742 3371 4792 ό
3413 4742 3714 4808 πρακτικὸς
3743 4740 4019 4809 λογισμός.

2458 4834 2557 4905 ξγ’.
2592 4839 2726 4903 Περὶ
2770 4833 3139 4903 προαιρέσεως
3173 4833 3267 4884 καὶ
3306 4830 3596 4900 προσοχῆς.
3664 4828 3755 4896 ξδ’.
3789 4830 4024 4900 Πότερον

2456 4931 2490 4995 ἡ
2521 4926 2667 4996 ψυχὴ
2698 4924 2881 4977 λύεται
2902 4923 3009 4978 ἀπὸ
3037 4922 3131 4975 τοῦ
3161 4922 3432 4992 σώματος.
3457 4921 3490 4992 ἢ
3517 4923 3576 4974 τὸ
3605 4920 3764 4988 σῶμα
3791 4920 3898 4973 ἀπὸ
3924 4920 4024 4987 τῆς

2456 5022 2655 5090 ψυχῆς.
2698 5016 2800 5087 ξη’.
2831 5015 2953 5079 Πῶς
2983 5015 3268 5084 συνέχεται
3320 5016 3351 5083 ἡ
3385 5013 3529 5082 ψυχὴ
3572 5015 3629 5064 ὲν
3670 5012 3749 5079 τῷ
3788 5011 4020 5079 σώματι.

2459 5117 2567 5182 Ec’.
2602 5114 2697 5178 EC'.
2722 5110 2819 5180 ξηί
2847 5110 2943 5176 ξθί
2972 5109 3035 5175 οό
3058 5108 3158 5172 σοι’,
3189 5108 3286 5177 οβ’,
3307 5114 3407 5176 στ’,
3433 5107 3526 5170 οδ¹ο
3550 5104 3641 5170 σε’.
3672 5103 3779 5170 σεῖ’,
3800 5103 3896 5170 οξκ
3920 5103 4021 5174 οη¹υ

2459 5209 2555 5269 σθ’,
2584 5204 2657 5269 π’,
2700 5204 2811 5261 πα’.
2848 5204 2980 5273 Περὶ
3008 5202 3242 5270 ἀρετῶν.
3284 5199 3395 5268 πβ¹.
3432 5197 3550 5253 Τίνι
3582 5197 3829 5265 διαφέρει
3878 5194 4024 5265 ἁρχὴ

2463 5300 2556 5353 καὶ
2580 5298 2836 5365 στοιχεῖα.
2874 5300 2983 5361 πγ’.
3005 5294 3142 5363 Περὶ
3157 5291 3262 5344 τῶν
3289 5288 3492 5360 ἀρχῶν,
3516 5287 3569 5341 τί
3601 5287 3727 5339 εἰσι.
3760 5284 3863 5338 τπδ’.
3890 5286 4023 5355 Περὶ

2468 5388 2637 5442 ίδεῶν.
2666 5388 2765 5438 πε’.
2783 5387 2916 5453 Περὶ
2930 5385 3219 5451 δαιμόνων,
3238 5384 3331 5435 καὶ
3348 5379 3559 5449 ἡρώων.
3580 5377 3698 5442 πς’.
3715 5377 3852 5446 Περὶ
3869 5376 4019 5444 ὕλης.

2318 5559 2551 5616 ΝΟΤᾹζ.

872 5680 934 5746 tj)
976 5676 1149 5743 Hujus
1182 5674 1355 5746 prima
1399 5674 1605 5740 aliquot
1636 5675 1813 5743 capita
1851 5674 2033 5728 Graece
2061 5682 2139 5746 ει⁸
2165 5672 2352 5746 Latine

795 5742 1037 5818 vulgavit
1060 5742 1425 5818 'Wtegelinus,
1469 5754 1525 5797 ut
1558 5742 1765 5799 dictum
1800 5755 1882 5799 est
1920 5760 2084 5813 supra
2118 5743 2144 5813 ς
2185 5742 2272 5808 46,
2305 5751 2357 5794 ει

2468 5670 2731 5737 integram
2770 5668 3185 5723 communicabo
3213 5681 3334 5720 cum
3368 5667 3569 5721 lectore
3597 5662 3745 5718 intra
3764 5660 3838 5717 ad
3861 5660 4025 5735 huius

2466 5739 2721 5792 Dialribae
2754 5741 2979 5792 calcem.

2519 5742 2721 5794 iatribae
2754 5742 2979 5792 calcem.
