4424 6450
354 406 458 470 5‘25

1522 383 1889 444 DIATRHM
1928 383 2021 442 DE
2071 381 2399 440 I‘SELHS.

3518 380 3626 448 526

361 518 468 581 πζν,
506 511 643 583 Περὶ
693 506 901 563 αἰτιῶν.
962 509 1077 574 πηκ
1114 498 1254 570 Περὶ
1309 497 1624 569 σχημάτων.
1668 495 1778 550 πθ’.
1814 496 1947 566 Περὶ
1973 495 2156 559 Ατῶν
2194 496 2288 559 τῆς
2326 494 2426 561 γῆς
2462 492 2644 563 μερῶν
2707 493 2833 562 ρξόκ
2867 493 3004 564 Περὶ
3040 493 3303 565 σεισμῶν.
3341 494 3468 566 ρξε’.
3494 496 3628 568 Περὶ

361 606 689 678 χρωμάτων.
723 606 795 667 ιιι.
833 596 970 668 Περὶ
1003 593 1202 664 μίξεως
1245 592 1338 645 καὶ
1374 590 1640 660 κράσεως.
1671 593 1778 654 ἱπακ
1814 586 1947 655 Περὶ

361 701 625 767 γενέσεως
679 695 775 748 καὶ
807 691 1033 761 φθορᾶς.
1065 685 1170 755 ιιβν.
1198 684 1335 755 Περὶ
1364 681 1650 753 σωμάτων.
1685 685 1791 747 ια’.
1816 678 1949 749 Περὶ

366 790 684 860 ἐλαχίστων.
743 782 843 851 κδ’.
889 780 1027 851 Περὶ
1070 778 1335 846 διαφορᾶς
1373 773 1649 843 γνώσεων.
1693 767 1792 837 με’.
1827 767 1951 831 Πῶς

365 883 466 934 οὐκ
524 880 611 932 ἀεὶ
691 876 995 946 μετέχομεν
1055 870 1149 923 τοῦ
1212 868 1391 931 Θεοῦ,
1453 866 1542 920 ἀεὶ
1599 862 1950 935 ἐνεργοῦντος

368 973 555 1027 αὐτοῦ.
615 967 737 1039 ις’.
799 966 951 1020 Διατί
1012 966 1150 1027 ὅλως
1206 963 1321 1016 ἐστί
1365 960 1428 1012 τὸ
1480 959 1664 1013 κακόν.
1716 955 1817 1025 ιζ’.
1848 956 1953 1007 Τε-

365 1065 631 1134 λεώτερον
687 1060 816 1131 περὶ
852 1057 945 1111 τοῦ
988 1054 1181 1109 κακοῦ.
1224 1059 1333 1121 Lm’.
1382 1053 1444 1104 Ei
1489 1053 1604 1103 ἔστι
1651 1068 1702 1102 τι
1745 1051 1801 1100 ὲν
1854 1049 1952 1115 ἀγ-

369 1156 544 1223 γέλοις
576 1152 766 1205 κακόν.
808 1149 913 1217 L_0’.
948 1149 1010 1201 El
1042 1149 1099 1201 ὲν
1131 1148 1279 1217 τόπῳ
1327 1146 1385 1198 τὸ
1426 1142 1738 1214 ἀσώματον.
1794 1138 1857 1212 ρ’.
1893 1141 1952 1193 Εἰ

371 1246 539 1299 κακὸν
572 1246 604 1312 ἡ
641 1242 768 1307 ὕλη.
803 1246 907 1315 ρα’.
946 1239 1081 1309 Περὶ
1103 1239 1199 1306 τῆς
1234 1236 1368 1308 πρὸς
1396 1236 1455 1287 τὸ
1476 1237 1627 1287 Θεῑον
1656 1233 1762 1286 τῶν
1788 1231 1952 1285 ὄντων

372 1334 730 1405 ἐπιστροφῆς.
772 1330 871 1402 ρβ’.
911 1331 1047 1399 Περὶ
1080 1329 1296 1399 χρόνου.
1334 1332 1437 1398 ργ’.
1486 1326 1623 1394 Περὶ
1665 1325 1949 1395 κινήσεως.

377 1428 472 1501 ρδ’.
514 1428 647 1496 Περὶ
684 1426 953 1493 ἀνάγκης.
1000 1428 1094 1493 ρε’.
1136 1421 1270 1490 Περὶ
1296 1418 1659 1490 εἱμαρμένης.
1689 1414 1955 1488 ρς¹.Περὶ

374 1521 563 1591 τύχης,
599 1519 694 1572 καὶ
716 1517 1049 1585 αὐτομάτου.
1090 1512 1189 1584 ρξ’.
1218 1513 1353 1582 Περὶ
1375 1511 1592 1575 αἰῶνος,
1619 1512 1711 1563 καὶ
1739 1510 1952 1580 χρόνου.

379 1611 478 1681 ρτί.
510 1612 643 1681 Περὶ
670 1610 776 1662 τῶν
808 1615 849 1660 ε’
879 1607 1205 1676 αἰσθήσεων.
1246 1601 1343 1672 ρθ’.
1381 1604 1442 1656 EE
1476 1602 1674 1671 ἀληθὲς
1707 1600 1767 1653 τὸ
1799 1616 1956 1653 κατα-

374 1701 767 1758 ϐασκαίνεσθαί
791 1717 940 1762 τινας
972 1699 1076 1751 ὑπὸ
1094 1697 1201 1749 τῶν
1225 1694 1497 1765 ὁρώντων.
1531 1700 1616 1765 ρι’.
1640 1693 1759 1756 Πῶς
1784 1694 1958 1746 ἐκλεί-

371 1795 495 1864 ψεις
527 1793 787 1861 γίνονται.
832 1795 958 1860 ρια¹.
1017 1787 1141 1849 Πῶς
1169 1788 1377 1857 ἀρῤενα
1407 1783 1501 1838 καὶ
1530 1784 1697 1853 θήλεα
1723 1783 1952 1848 γίνεται.

2053 586 2146 639 τοῦ
2183 587 2423 656 μεγάλου
2470 584 2758 656 χειμῶνος.
2796 585 2936 654 ρξς’.
2971 588 3122 640 Διατί
3158 586 3407 658 ἀλμυρδν
3444 587 3512 640 τὸ
3531 589 3630 657 τῆξ

2052 680 2323 749 θαλάσσης
2354 678 2496 747 ὔδωρ
2546 676 2684 729 ἐστί.
2723 676 2857 746 ρξξ.
2916 678 3012 741 Τίς
3052 679 3085 748 ή
3120 680 3270 733 αἰτία
3308 679 3405 733 τοῦ
3459 681 3519 733 ιν
3561 683 3631 747 τῇ

2053 772 2299 843 θαλάσσῃ
2320 772 2492 839 γλυκὺ
2531 770 2676 841 ὕδωρ
2705 770 3075 841 εὑρίσκεσθαι.
3108 769 3244 842 ρξη¹.
3274 772 3427 825 Διατί
3450 771 3512 826 τδ
3536 770 3635 825 θα-

2054 846 2272 917 λάττιον
2297 862 2438 931 ὓδωρ
2493 865 2552 915 ού
2606 864 2796 933 τρέφει
2842 863 2906 915 τά
2934 862 3146 935 δένδρα.
3193 862 3326 932 ρξθ’.
3352 862 3506 917 Διατί
3534 864 3635 933 τῆς

2055 957 2331 1025 θαλάσσης
2363 956 2528 1025 ἐλαίῳ
2566 956 3095 1026 καταρραινομένης,
3140 957 3348 1025 γίνεται
3392 958 3637 1024 καταφά-

2056 1065 2173 1100 νεια
2219 1047 2315 1100 καὶ
2380 1048 2609 1115 γαλήνη.
2650 1054 2741 1116 ριί.
2781 1048 2876 1108 Τίς
2924 1048 2956 1115 ἠ
3005 1048 3153 1101 αἰτία
3182 1048 3249 1101 δι’
3284 1048 3352 1120 ἦν
3396 1048 3526 1102 ὅταν
3555 1050 3636 1112 είς

2058 1142 2155 1209 τὴν
2195 1141 2474 1197 θάλασσαν
2527 1138 2746 1209 ἐμπέσῃ
2795 1138 3083 1209 κεραυνὸς,
3134 1140 3260 1203 άλες
3316 1138 3634 1208 ἑξωθοῦσιν.

2061 1232 2195 1302 ροα’.
2225 1236 2361 1303 Περὶ
2394 1233 2490 1301 τῆς
2513 1236 2569 1287 ἐν
2597 1234 2792 1303 Εὐϐοία
2819 1234 3161 1305 παλιρροίας.
3192 1236 3323 1306 ροβ’.
3348 1237 3503 1291 Διατί
3534 1237 3639 1290 ὑπὸ

2058 1328 2168 1381 τῶν
2197 1328 2390 1380 ὑετίων
2421 1328 2629 1381 ὑδάτων
2662 1328 2879 1397 μᾶλλον,
2899 1328 2931 1396 ἢ
2954 1328 3062 1381 τῶν
3092 1329 3400 1399 ἑπιῤῥύτων
3426 1330 3494 1382 τὰ
3516 1330 3636 1383 δέν-

2058 1420 2182 1490 δρα,
2211 1420 2303 1473 καὶ
2327 1419 2393 1473 τά
2416 1419 2710 1490 σπέρματα
2742 1420 2951 1485 πέφυκε
2978 1419 3295 1488 τρέφεσθαι.
3322 1426 3456 1488 ρογ⁸.
3483 1420 3635 1474 Διατί

2060 1513 2169 1566 τῶν
2200 1512 2445 1583 ὀμϐρίων
2478 1514 2687 1567 ὑδάτων
2734 1513 3072 1582 εὐωδέστεραι
3102 1516 3215 1576 τοῖς
3258 1513 3535 1584 σπέρμασι
3569 1513 3638 1567 τὰ

2064 1608 2201 1677 μετά
2229 1607 2469 1677 βροντῶν
2517 1608 2612 1658 καὶ
2633 1606 2930 1674 ἀστραπῶν
2954 1605 3140 1658 ὕδατα.
3170 1606 3292 1677 ροδ’.
3316 1607 3449 1677 Περί
3472 1624 3637 1660 τινων

2060 1698 2287 1767 λιμνῶν,
2324 1695 2447 1766 ροε’.
2486 1696 2622 1766 Περὶ
2654 1695 2936 1765 ποταμῶν.
2972 1701 3114 1764 ρος·’.
3135 1696 3269 1766 Περὶ
3295 1696 3485 1749 Νείλου
3511 1697 3641 1750 ἀνα-

2062 1790 2293 1854 ϐάσεως.
2341 1789 2470 1859 ροζ’.
2507 1790 2660 1841 Διατί
2701 1787 2859 1857 μόνος
2890 1787 3150 1857 ποταμῶν
3180 1788 3207 1839 6
3243 1782 3642 1858 Νεῖλοςάὔρας

376 1889 500 1958 ριβ⁹.
558 1885 713 1939 Διατί
766 1882 904 1952 γυνὴ
950 1880 1211 1942 πολλάκις
1258 1876 1688 1940 συνουσιάζουσα
1726 1874 1788 1927 οὐ
1829 1873 1956 1927 συλ·
1989 1864 2030 1919 Β
2060 1883 2161 1935 οὐκ
2186 1880 2527 1933 ἀναδίδωσιν.
2563 1885 2696 1948 ροη¹.
2726 1878 2859 1946 Περὶ
2883 1877 2989 1929 τῶν
3026 1878 3300 1947 μεγίστων
3329 1877 3639 1948 βασιλειῶν.

370 1975 665 2047 λαμϐάνει.
707 1970 835 2044 ριγ’.
862 1972 1017 2023 Διατί
1082 1968 1276 2038 δίδυμα
1323 1966 1415 2021 καὶ
1460 1966 1699 2035 τρίδυμα
1726 1964 1955 2030 γίνεται.

376 2067 494 2140 ριδ’.
526 2067 700 2120 Πόθεν
721 2066 962 2134 γίνονται
994 2062 1103 2116 τῶν
1132 2060 1337 2129 γονέων
1363 2061 1418 2113 αί
1446 2057 1756 2128 ὁμοιώσεις,
1784 2056 1878 2111 καὶ
1901 2057 1958 2109 αι

372 2162 511 2232 πρὸς
546 2159 767 2220 τούτους
799 2156 1210 2225 ἀνομοιότητες.
1262 2158 1379 2223 ριε’.
1408 2152 1470 2204 El
1502 2152 1597 2205 καὶ
1633 2152 1694 2203 τδ
1721 2148 1961 2220 ἔμϐρυον

374 2250 540 2315 ζῶον,
573 2249 667 2300 καὶ
704 2246 819 2309 πῶς
850 2247 1111 2316 τρέφεται
1137 2242 1318 2297 τοῦτο.
1348 2248 1480 2314 ρις’.
1521 2241 1644 2304 Πῶς
1679 2242 1728 2293 οἱ
1759 2240 1961 2307 ὄνειροι

377 2347 645 2415 γίνονται.
704 2345 822 2413 ριζ⁰.
862 2341 997 2411 Περὶ
1033 2340 1241 2407 ὑγείας,
1285 2339 1380 2392 καὶ
1430 2340 1607 2403 νόσου,
1636 2337 1729 2389 καὶ
1751 2337 1959 2405 γήρως.

377 2437 507 2509 ριη¹.
542 2438 692 2490 Διατί
720 2438 770 2488 οί
795 2434 1145 2505 νηστεύοντες
1176 2430 1369 2501 διψῶσι
1402 2430 1622 2501 μᾶλλον,
1651 2431 1686 2502 ἢ
1714 2428 1958 2481 πεινῶσι.

379 2532 507 2603 ριθ¹.
547 2531 698 2584 Διατί
740 2530 1056 2592 πεινῶντες,
1089 2527 1184 2577 ἐὰν
1218 2526 1437 2588 πίνωσι,
1469 2522 1733 2591 διψῶντες
1760 2521 1836 2585 δὲ,
1870 2520 1963 2573 ἐὰν

383 2626 661 2696 φάγωσιν,
696 2623 1079 2674 ἐπιτείνονται.
1124 2626 1227 2688 ρκ’.
1266 2619 1327 2670 Εἰ
1356 2618 1470 2669 ἔστι
1499 2634 1550 2668 τι
1570 2616 1723 2678 ἐκτὸς
1755 2613 1848 2666 τοῦ
1877 2616 1966 2666 οὐ·

385 2718 574 2789 ρανοῦ.
612 2715 749 2785 ρκα’.
774 2714 908 2783 Περὶ
929 2714 1024 2781 τῆς
1048 2711 1141 2763 τοῦ
1164 2710 1450 2777 ἀνθρώπου
1475 2708 1678 2769 οὐσίας.
1710 2706 1845 2778 ρκῗί.
1875 2707 1966 2766 Εἰς

385 2810 587 2869 πόσους
624 2807 857 2865 κύκλους
896 2805 1185 2873 διαιρεῖται
1211 2807 1237 2855 6
1262 2801 1509 2872 οὖρα-κός.
1540 2807 1679 2871 ρκγ’.
1713 2799 1847 2868 Περὶ
1873 2796 1966 2851 τοῦ

383 2899 711 2967 φαινομένου
741 2898 797 2948 ὲν
832 2896 907 2964 τῷ
937 2893 1152 2967 οὐρανῷ
1186 2888 1599 2960 γαλακτοειδοῦς
1633 2888 1970 2954 κύκλου,καὶ

382 2990 683 3059 λεγομένου
717 2987 1002 3052 Γαλαξίου.
1054 2986 1186 3055 ρκδ’.
1230 2985 1364 3055 Περὶ
1406 2982 1512 3035 τῶν
1545 2983 1883 3052 φαινομένων
1912 2984 1969 3033 ὲν

382 3081 461 3149 τῷ
505 3078 720 3150 οὐρανῷ
741 3079 1017 3147 διαφόρων
1043 3075 1284 3147 πυρίνων
1309 3073 1633 3144 φασμάτων.
1670 3071 1801 3144 ρκε’.
1833 3075 1970 3145 Περὶ

2066 1970 2195 2043 ροθ’.
2227 1972 2365 2042 Περὶ
2390 1970 2601 2041 χυμῶν.
2633 1976 2741 2041 ρπ’.
2777 1970 2927 2021 Διατί
2958 1969 3399 2039 παραδάλλουσιν
3426 1970 3561 2035 ἀλας
3592 1973 3642 2025 al

2062 2067 2246 2134 νομεῖς
2272 2066 2384 2126 τοῖς
2412 2063 2746 2133 θρέμμασιν.
2793 2068 2937 2130 ρπαν.
2976 2061 3126 2114 Διατί
3157 2064 3255 2131 τὴν
3279 2063 3467 2132 χροιὰν
3496 2066 3524 2116 6
3546 2077 3644 2116 πο-

2063 2155 2267 2219 λύπους
2319 2156 2656 2220 ἐξαλλάττει,
2702 2152 2785 2215 αί,
2843 2154 2908 2206 ἂν
2961 2153 3189 2222 πέτραις
3241 2154 3642 2227 προσομιλήσῃ.

2068 2250 2211 2322 ρπβ¹.
2247 2251 2399 2302 Διατί
2430 2252 2526 2319 τῆς
2556 2249 2759 2319 ἄρκτου
2787 2252 2818 2317 ὴ
2856 2247 3077 2316 παλάμη
3107 2248 3207 2316 τῆς
3234 2247 3418 2320 χειρὸς
3448 2252 3644 2317 φαγεῖν

2063 2341 2395 2412 γλυκυτάτη.
2432 2338 2575 2409 ρπγ’.
2607 2341 2759 2393 Διατί
2794 2342 3017 2407 Δωριεῖς
3043 2339 3290 2407 εὔχονται
3314 2341 3493 2411 κακὴν
3513 2343 3643 2412 χόρ-

2065 2452 2157 2487 του
2188 2433 2545 2502 συγκομιδήν.
2581 2432 2721 2502 ρπδ’.
2760 2431 2913 2485 Διατί
2947 2433 2979 2502 ὴ
3020 2430 3221 2502 ἄρκτος
3248 2432 3349 2485 οὐκ
3379 2433 3547 2487 ἐσθίει
3578 2438 3647 2489 τά

2065 2527 2283 2589 δίκτυα,
2313 2525 2441 2578 ὅταν
2476 2524 2781 2592 ἁλίσκηται.
2817 2530 2953 2578 οπέ.
3006 2523 3157 2576 Διατί
3190 2526 3221 2591 ἠ
3254 2523 3437 2589 τευθὶς
3458 2543 3646 2591 φαινο-

2072 2618 2207 2687 μένη
2250 2618 2471 2685 σημεῖον
2520 2616 2785 2686 χειμῶνός
2816 2616 2953 2667 ἐστι.
3006 2622 3171 2685 ρπς·’.
3218 2615 3371 2669 Διατί
3418 2616 3507 2671 τὸν
3549 2620 3647 2687 μὲν

2072 2706 2218 2755 σῖτον
2259 2705 2316 2755 ἐν
2360 2702 2595 2772 πηλώδει
2648 2704 2955 2771 φυτεύομεν
3000 2707 3092 2773 γῇ,
3127 2704 3226 2775 τὴν
3261 2703 3317 2758 δὲ
3355 2705 3552 2777 κριθὴν
3588 2710 3648 2761 ιν

2070 2795 2382 2864 καταξήρῳ.
2435 2795 2574 2865 ρπζ¹.
2621 2794 2773 2846 Διατί
2820 2797 2851 2864 ἡ
2891 2796 3138 2863 ἄμπελος
3177 2797 3305 2867 οίνῳ
3351 2799 3646 2869 ραινομένη

2075 2885 2312 2954 μάλιστα
2343 2886 2420 2954 τῷ
2452 2886 2510 2949 ἐξ
2545 2886 2715 2955 αὐτῆς
2743 2886 3183 2956 ἀναξηραίνεται.
3223 2887 3368 2957 ρπη’.
3405 2891 3557 2943 Διατί
3582 2894 3648 2945 τα

2074 2979 2199 3048 ῥόδα
2227 2978 2427 3047 μᾶλλον
2460 2977 2614 3031 ἀνθεῖ
2643 2977 2895 3031 δυσωδῶν
2923 2996 3083 3032 τινων
3112 2985 3651 3053 παραφυτευομένων

2072 3074 2277 3134 αὐτοῖς.
2310 3071 2451 3142 ρπθ’.
2484 3072 2582 3124 Διὰ
2616 3072 2739 3124 τίνα
2791 3073 2970 3125 αίτίαν
3012 3072 3072 3123 τὸ
3114 3073 3223 3126 τῶν
3259 3075 3469 3145 ἀγρίων
3504 3077 3651 3131 συῶν

383 3174 497 3227 τῶν
528 3171 871 3241 φαινομένων
902 3172 959 3222 ὲν
1000 3167 1077 3238 τῷ
1116 3166 1331 3236 οὐρανῷ
1366 3165 1674 3236 χρωμάτων
1718 3167 1966 3234 αἱματω-
1995 3198 2038 3257 C
2072 3164 2308 3234 δάκρυον
2348 3165 2469 3232 ἡδὺ,
2497 3164 2556 3216 τὸ
2606 3163 2661 3216 δὲ
2707 3163 2814 3217 τῶν
2836 3162 3053 3232 ἐλάφων
3102 3162 3367 3235 ἁλμυρόν.
3419 3165 3523 3234 pl".
3552 3169 3650 3220 Διὰ

384 3265 513 3325 δῶν,
543 3265 639 3314 καὶ
689 3260 1011 3331 χασμάτων.
1046 3254 1193 3328 ρκς’.
1236 3256 1369 3325 Περὶ
1414 3258 1511 3326 τῆς
1566 3256 1753 3317 οὐσίας
1794 3255 1966 3324 ἡλίου,

388 3358 480 3409 καὶ
505 3355 554 3407 εἰ
579 3352 763 3405 πολλοί
794 3353 931 3404 εἰσιν
952 3352 1114 3420 ἦλιοι.
1149 3346 1285 3418 ρκζῖ
1310 3349 1445 3418 Περὶ
1488 3348 1755 3416 μεγέθους
1794 3348 1967 3418 ἡλίου,

388 3446 483 3499 καὶ
513 3444 765 3512 σελήνης,
800 3442 895 3494 καὶ
936 3441 1055 3509 γῆς.
1099 3436 1237 3508 ρκη’.
1291 3439 1425 3507 Περὶ
1470 3438 1764 3507 ἐκλείψεως
1793 3438 1966 3508 ἡλίου.

392 3536 531 3607 ρκθ.
553 3537 686 3605 Περὶ⁵
711 3532 1005 3601 ἐκλείψεως
1031 3531 1279 3601 σελήνης.
1315 3530 1409 3600 ρλ’.
1436 3531 1496 3582 Ei
1521 3532 1721 3602 θερμὸς
1744 3534 1771 3584 6
1798 3532 1969 3601 ἣλιος.

394 3630 530 3700 ρλα’.
567 3628 660 3691 Τίς
687 3629 721 3697 ἡ
755 3626 913 3679 οὐσία
944 3626 1051 3677 τῶν
1082 3623 1370 3688 ἀστέρων.
1409 3621 1543 3693 ρλβ’.
1577 3624 1709 3693 Περὶ
1743 3624 1839 3693 τῆς
1866 3624 1972 3676 τῶν

392 3723 638 3792 ἀστέρων
696 3720 864 3788 φορᾶς
908 3720 1001 3769 καὶ
1047 3717 1334 3783 κινήσεως.
1412 3711 1543 3784 ρλγ’.
1604 3715 1828 3767 Ποταπά
1865 3714 1975 3767 τῶν

394 3815 646 3883 ἀστέρων
699 3813 768 3863 τά
812 3811 1088 3881 σχήματα.
1130 3803 1259 3877 ρλδ’.
1300 3807 1436 3877 Περὶ
1464 3806 1672 3870 τάξεως
1706 3808 1971 3877 ἀστέρων.

396 3906 525 3977 ρλε¹.
558 3903 729 3958 Πόθεν
766 3902 1091 3970 φωτίζονται
1127 3902 1175 3952 οί
1207 3900 1460 3969 ἀστέρες.
1504 3900 1646 3968 ρλς’.
1692 3900 1829 3968 Περὶ
1858 3900 1974 3951 ἐπι-

397 3997 671 4067 σημασίας
698 3994 965 4062 ἀστέρων,
991 3993 1084 4045 καὶ
1121 3991 1239 4053 πῶς
1274 3992 1487 4056 γίνεται
1508 3988 1736 4058 χειμὼν,
1766 3989 1860 4041 καὶ
1887 3988 1974 4041 θέ-

402 4102 509 4160 ρος.
544 4087 676 4157 ρλζ’.
710 4087 878 4147 Πόσος
908 4086 1124 4152 ἑκάστῳ
1146 4082 1255 4134 τῶν
1280 4082 1569 4151 πλανητῶν
1593 4079 1709 4153 [55]
1736 4082 1763 4134 ὁ
1787 4081 1977 4151 χρόνος

398 4182 494 4249 τῆς
544 4177 816 4249 περιόδου.
859 4174 992 4247 ρλη’.
1040 4176 1175 4245 Περὶ
1210 4174 1317 4226 τῶν
1357 4174 1604 4243 ἀστέρων
1646 4171 1754 4226 τῶν
1784 4172 1978 4224 καλου-

403 4274 580 4341 μένων
613 4269 984 4336 Διοσκούρων.
1043 4264 1173 4335 ρλθ’.
1207 4265 1343 4334 Περὶ
1394 4263 1657 4334 κομήτου.
1691 4268 1803 4335 ρμ’.
1843 4264 1978 4331 Περὶ

402 4361 579 4425 ὑετοῦ,
613 4360 705 4415 καὶ
735 4358 1004 4428 χαλάζης,
1034 4358 1132 4410 καὶ
1169 4356 1365 4426 χιόνος,
1388 4356 1600 4426 πάχνης
1647 4355 1742 4407 καὶ
1763 4353 1975 4423 δρόσου.

406 4464 549 4528 ρμα’.
584 4457 719 4525 Περὶ
776 4454 968 4525 δρόσου
1012 4447 1167 4513 αὖθις
1206 4452 1302 4502 καὶ
1358 4450 1589 4518 πάχνης.
1652 4448 1797 4518 ρμβ¹.
1842 4446 1977 4515 Περὶ

2070 3258 2190 3310 τίνα
2225 3256 2404 3310 αἰτίαν
2436 3258 2490 3309 αἱ
2520 3256 2778 3327 χάληκες,
2820 3257 2909 3310 καὶ
2952 3257 3006 3309 αί
3041 3256 3351 3323 μολυϐδίδες
3383 3258 3650 3327 1μ6αλλό-

2075 3368 2233 3419 μεναι
2258 3348 2592 3419 ψυχρότερον
2629 3349 2691 3401 τὸ
2723 3347 2867 3418 ὕδωρ
2908 3346 3177 3401 ποιοῦσιν.
3224 3347 3368 3419 ριιαἏ
3395 3350 3492 3403 Διά
3529 3351 3652 3404 τίνα

2071 3444 2252 3497 αἰτίαν
2289 3442 2513 3513 ἀχύροις
2570 3441 2662 3494 καὶ
2701 3440 2936 3510 ἱματίοις
2969 3442 3001 3506 ή
3036 3438 3167 3508 χιὼν
3207 3438 3648 3507 διαφυλάττεται.

2077 3534 2217 3607 ρίπβπ
2257 3536 2322 3588 Τί
2358 3538 2504 3589 ἐστιν
2535 3536 2563 3587 6
2590 3533 2866 3603 βούλιμος.
2907 3532 3046 3601 ριιγκ
3080 3531 3175 3594 Τίς
3204 3532 3353 3585 αίτία
3377 3531 3444 3585 δι’
3470 3531 3537 3603 ἢν
3561 3532 3653 3585 εύο

2075 3628 2291 3698 θρυπτα
2310 3627 2520 3694 γίνεται
2542 3628 2611 3677 τά
2646 3628 2702 3677 ὲν
2728 3628 2791 3695 τῇ
2818 3626 2955 3694 συκῇ
2979 3622 3401 3694 κρεμαννύμενα
3422 3624 3651 3695 κρέατα.

2076 3721 2131 3775 Id
2161 3732 2262 3775 est.
2293 3722 2340 3773 1.
2372 3719 2446 3773 De
2471 3718 2742 3773 nonnullis
2762 3716 3085 3779 nominibus,
3108 3732 3226 3786 quae
3248 3717 3300 3769 in
3320 3714 3655 3771 Christiane-

2079 3832 2197 3868 rum
2233 3816 2479 3885 dogmate
2510 3822 2860 3881 usurpantur.
2894 3812 2950 3867 2.
2979 3810 3053 3864 De
3076 3810 3324 3872 essentia,
3356 3820 3405 3863 et
3435 3820 3650 3866 natura.

2084 3909 2135 3960 5.
2167 3906 2243 3959 De
2281 3906 2663 3977 enhypostatis.
2695 3906 2747 3959 4.
2776 3904 2850 3957 De
2870 3902 3334 3958 consubstantiali.
3376 3901 3426 3955 5.
3456 3901 3535 3957 De
3562 3906 3657 3955 ho-

2078 4007 2432 4066 moypostato.
2470 3998 2525 4051 6.
2562 3998 2634 4051 De
2676 3995 3105 4066 enypostasibus.
3161 3996 3212 4049 7.
3262 3992 3339 4047 De
3383 3996 3658 4050 essentia"

2078 4090 2269 4142 unione
2329 4098 2377 4143 et
2416 4089 2739 4157 (ti/ferentia.
2794 4087 2926 4151 8,9.
2970 4087 3042 4140 De
3092 4086 3315 4139 relation
3367 4088 3561 4142 unione
3606 4099 3657 4141 et

2079 4181 2404 4249 differentia.
2440 4180 2528 4244 10,
2564 4182 2649 4235 11.
2691 4179 2766 4233 De
2833 4190 3019 4232 sancta
3051 4178 3257 4232 Triade.
3286 4179 3371 4233 1⁸2.
3406 4179 3480 4233 De
3503 4182 3659 4234 modo

2080 4270 2467 4323 retributionis.
2492 4270 2671 4340 (I013.
2706 4269 2778 4322 De
2803 4268 2981 4321 divina
3001 4269 3213 4323 unione.
3238 4268 3323 4324 14.
3352 4268 3426 4323 De
3440 4278 3656 4333 natura,

2080 4377 2197 4430 quae
2224 4362 2337 4430 pati
2370 4364 2567 4431 nequit.
2599 4361 2685 4415 15.
2734 4360 2865 4427 Quis
2897 4361 2967 4413 sit
3018 4359 3179 4414 Deus.
3216 4360 3305 4414 16.
3368 4359 3432 4415 Si
3472 4362 3655 4431 inﬁnio

2083 4462 2192 4507 tum
2222 4463 2299 4506 est
2335 4451 2564 4513 Numen,
2594 4461 2642 4505 et
2667 4469 2769 4523 qua
2807 4452 3017 4504 ratione
3046 4450 3335 4520 inﬁnitum.
3371 4450 3458 4505 17.
3510 4451 3657 4517 Quo-

408 4550 596 4619 ίριδος.
654 4544 798 4617 ρμγ’.
852 4543 990 4614 Περὶ
1044 4546 1146 4611 τῆς
1197 4542 1332 4598 άλω.
1375 4540 1517 4610 ρμδ¹.
1571 4540 1705 4609 Περὶ
1744 4538 1975 4610 ῥάϐδων.
2010 4537 2054 4593 D
2085 4561 2155 4598 nec

1909 4555 1975 4591 w.
2010 4537 2054 4593 D
2085 4545 2241 4599 modo
2272 4544 2387 4618 [54]
2424 4546 2561 4601 Deus
2592 4556 2873 4618 cognoscat
2925 4561 3009 4599 res
3050 4562 3169 4614 quae
3215 4554 3505 4600 mutantur.
3566 4548 3656 4604 18.

408 4639 547 4710 ρμε’.
631 4638 763 4705 Περὶ
836 4633 1221 4704 παραλλήλων.
1302 4637 1459 4705 ρμς’.
1529 4632 1665 4702 Περὶ
1742 4630 1978 4697 ἀνέμων.

408 4732 551 4799 ρμζ’.
582 4728 717 4797 Περὶ
740 4726 1009 4794 τυφῶνος.
1036 4729 1183 4795 ρμη’.
1210 4722 1346 4792 Περὶ
1371 4721 1643 4790 ὲκνεφίου.
1678 4720 1821 4791 ρμθ’.
1847 4720 1983 4789 Περὶ

406 4819 708 4892 κεραυνῶν.
776 4824 873 4890 ρν’.
925 4817 1061 4887 Περὶ
1102 4816 1438 4885 πρηστῆρος.
1504 4822 1639 4885 ρνα’.
1699 4813 1822 4876 Πῶς
1859 4831 1985 4866 συν-

409 4916 539 4983 έστη
575 4913 605 4964 ὁ
639 4912 860 4978 κόσμος.
900 4906 1030 4978 ρνβ’.
1078 4908 1140 4960 El
1173 4907 1231 4959 ἒν
1283 4908 1342 4959 τὸ
1386 4909 1516 4960 πᾶν.
1553 4913 1687 4977 ρνγ’.
1720 4907 1853 4976 Περὶ
1890 4924 1984 4959 κε-

408 5002 522 5057 νοῦ.
561 5002 687 5072 ρνδ’.
718 5002 854 5072 Περὶ
904 5000 1095 5052 τόπου.
1146 5004 1271 5068 ρνε’.
1302 4998 1438 5067 Περὶ
1492 4997 1694 5067 χώρας.
1748 4994 1886 5067 ρνς’.
1924 4999 1981 5052 El

410 5096 703 5164 ἔμψυχοςὸ
729 5096 957 5161 κόσμος.
1026 5088 1157 5161 ρνζ’.
1198 5090 1259 5142 El
1301 5089 1527 5158 γενητὸς
1566 5091 1594 5142 6
1638 5089 1840 5159 κόσμος
1892 5090 1985 5143 καὶ

410 5186 872 5261 ἄφθαρτοςηρνηκ
928 5183 990 5236 Ei
1038 5182 1301 5251 τρέφεται
1351 5184 1379 5234 ὁ
1432 5183 1656 5253 κόσμος.
1690 5182 1819 5253 ρνθ’.
1853 5186 1987 5254 Περὶ

411 5275 611 5339 τάξεως
664 5275 892 5341 κόσμου.
956 5271 1051 5343 ρξ’.
1088 5274 1181 5335 Τίς
1240 5276 1273 5341 ὴ
1309 5274 1456 5326 αἰτία
1510 5274 1602 5327 τοῦ
1646 5274 1736 5327 τὸν
1782 5275 1988 5347 κόσμον

412 5367 527 5420 ὅλον
553 5365 896 5434 ἐγκλιθῆναι.
929 5365 1063 5435 pEa’.
1083 5365 1250 5418 Πόθεν
1274 5366 1337 5417 ἀν
1362 5382 1443 5427 τις
1474 5368 1626 5437 γνοίη
1648 5366 1989 5435 Ἑλληνικαῖς

410 5456 725 5519 ἀποδείξεσι
759 5457 859 5525 τὴν
893 5458 1099 5527 κόσμου
1134 5458 1464 5512 συντέλειαν.
1505 5458 1637 5528 ρξβ’.
1679 5458 1809 5510 Τίνα
1840 5459 1988 5525 δεξιά

410 5545 503 5599 τοῦ
562 5545 805 5614 κόσμου,
850 5546 971 5599 τίνα
1005 5550 1288 5619 ἀριστερά.
1330 5549 1462 5617 ρξγ’.
1509 5550 1641 5619 Περὶ
1687 5549 1989 5619 μεταϐολῆς

2085 4636 2128 4689 Λ
2164 4654 2267 4706 quo
2323 4641 2495 4708 primo
2525 4638 2775 4693 elemento
2813 4638 2951 4693 Deus
3006 4654 3227 4691 exorsus
3279 4647 3358 4692 est
3405 4638 3657 4693 mundum

2080 4730 2353 4798 conﬁcere.
2397 4731 2481 4785 19.
2516 4729 2663 4785 Unde
2696 4731 3004 4785 sententiam
3031 4728 3093 4783 de
3127 4728 3233 4783 Deo
3281 4730 3517 4784 homines
3567 4747 3660 4784 ac-

2082 4822 2335 4887 ceperint.
2380 4820 2467 4873 20.
2536 4823 2767 4885 Quinam
2827 4821 3237 4885 numerosiores,
3289 4820 3534 4890 angeline
3591 4838 3661 4875 an

2081 4911 2314 4965 homines
2342 4912 2367 4963 Ρ
2407 4910 2497 4975 21,
2530 4909 2621 4974 22,
2678 4910 2769 4975 25,
2814 4911 2906 4975 2ί,
2946 4909 3037 4975 25,
3070 4910 3161 4975 26,
3191 4908 3283 4977 27,
3310 4909 3403 4975 28,
3444 4910 3534 4966 29.
3586 4911 3662 4966 De

2085 5012 2255 5055 mente
2282 5042 2296 5066 ,
2327 5002 2417 5063 50,
2442 5001 2531 5065 51,
2561 5000 2652 5065 32,
2679 5001 2769 5066 55,
2799 5000 2887 5067 34,
2914 5000 3005 5065 55,
3037 4999 3129 5062 56.
3179 5001 3269 5065 '57,
3303 4999 3394 5065 38,
3439 4999 3532 5065 39,
3568 5001 3657 5066 40,

2086 5091 2175 5158 41,
2214 5092 2306 5156 42,
2330 5092 2418 5155 45,
2451 5092 2538 5157 44,
2565 5092 2655 5155 45,
2686 5094 2775 5156 46,
2812 5094 2900 5146 47.
2937 5090 3011 5145 De
3033 5092 3235 5146 anima.
3260 5090 3351 5147 48.
3380 5090 3442 5145 Si
3484 5102 3661 5146 mta-

2091 5196 2176 5238 tur
2200 5186 2383 5239 anima
2423 5188 2475 5238 in
2509 5187 2772 5255 angelum.
2798 5185 2887 5240 49.
2924 5183 2986 5239 Si
3030 5185 3140 5237 sine
3172 5184 3433 5250 principio
3476 5184 3659 5240 anima

2089 5287 2185 5333 est.
2218 5278 2307 5333 50.
2336 5280 2652 5333 Accuratius
2680 5278 2743 5331 de
2772 5276 3121 5345 facultatibus
3151 5277 3369 5329 anima.
3402 5275 3492 5332 51.
3512 5278 3659 5341 Quo-

2092 5371 2246 5425 modo
2290 5372 2447 5425 Plato
2472 5372 2701 5441 genitum
2750 5369 2911 5423 simul
2942 5379 2989 5422 et
3037 5366 3393 5420 immortalem
3423 5368 3661 5423 animum

2091 5463 2356 5518 decernat.
2384 5464 2470 5519 52.
2508 5463 2638 5529 Quae
2672 5465 2738 5515 sit
2780 5461 3059 5516 Platonica
3088 5459 3388 5513 animorum
3443 5476 3665 5529 genera.

2092 5552 2187 5606 tio.
2230 5554 2318 5610 53.
2352 5552 2526 5619 Quare
2552 5553 2733 5607 anima
2776 5552 2947 5607 media
2997 5549 3327 5620 partibilium
3373 5560 3423 5606 et
3466 5552 3667 5621 impar-

1905 5726 2113 5785 ΝΟΤΕ
2126 5771 2140 5784 .

491 5816 563 5889 (Β)
596 5814 732 5871 Vide
754 5832 914 5890 supra
938 5816 965 5891 δ
988 5818 1076 5885 55,
1114 5833 1167 5890 p.
1204 5818 1291 5873 57.
