4424 6450
758 375 856 436 5337

2057 365 2328 424 LIEUNIS
2363 367 2671 425 ALLA'HI

756 488 983 542 tibilium
1043 486 1255 536 dicitur.
1291 484 1375 536 54.
1414 482 1705 547 Quemnam
1758 482 1989 532 animum
2044 479 2196 530 Plato
2233 493 2322 545 ge-
2358 484 2399 538 Α
2444 499 2574 549 [aut
2645 499 2763 551 153.
2822 498 2899 553 Dc
2947 510 3107 555 terra.
3154 502 3271 555 ‘56.
3310 503 3387 553 ΑΝ
3437 500 3658 553 mundm
3720 502 4001 553 (nmmum.

756 591 903 634 uerat
930 582 980 632 in
1005 578 1220 631 Titna'o.
1246 575 1331 629 55.
1354 575 1483 638 Qua’
1502 578 1568 629 sit
1590 577 1779 628 animw
1802 573 2052 640 facultas.
2075 570 2159 624 56.
2183 569 2328 634 Qua—

760 678 833 729 les
875 676 977 726 sint
1006 671 1168 723 intimi
1201 669 1504 737 facultates,
1538 677 1585 721 et
1607 684 1740 737 qua’.
1774 666 1859 720 57.
1884 664 2013 730 Qua:
2044 664 2109 715 sit
2140 662 2328 713 divisio

757 765 1113 822 communium
1180 764 1549 830 operationum
1605 759 1773 812 animi
1841 758 1910 810 ad
1967 771 2177 822 corpus.
2237 752 2326 807 59.

759 858 985 926 Quando
1009 856 1219 910 animus
1248 851 1543 925 generando
1574 850 1758 904 unitur
1794 848 2020 915 corpori.
2058 846 2146 901 60.
2182 842 2329 908 Quo-

753 949 909 1003 modo
942 949 1150 1016 corpori
1180 948 1389 1000 animus
1418 945 1660 997 uniatur.
1709 941 1800 995 61.
1836 939 1912 992 De
1947 940 2126 992 anima
2163 937 2328 988 ratio-

655 1068 661 1077 ι
756 1044 836 1097 nis
869 1050 1098 1110 experte.
1131 1039 1219 1094 62.
1259 1038 1389 1105 Qua:
1422 1038 1489 1091 sit
1520 1037 1785 1096 voluntas,
1835 1042 1884 1086 et
1913 1048 2027 1102 qua:
2061 1029 2327 1098 operativa

758 1137 1030 1204 cogitatio.
1063 1133 1151 1187 65.
1203 1130 1553 1191 Deelectione
1585 1137 1638 1181 et
1676 1125 1981 1179 attentione.
2020 1122 2106 1176 64.
2139 1119 2329 1175 Utrum

759 1227 967 1279 animus
999 1240 1030 1276 a
1070 1238 1311 1291 corpore,
1353 1238 1423 1274 an
1478 1234 1667 1287 corpus
1721 1216 1785 1269 ab
1844 1217 2021 1267 animo
2067 1211 2328 1267 dissolva-

757 1328 863 1369 tur.
894 1315 981 1369 65.
1031 1314 1305 1380 Quomodo
1362 1310 1694 1364 contineatur
1730 1308 1938 1360 animus
1995 1306 2048 1357 in
2089 1319 2325 1371 corpore.

754 1406 824 1461 oo
854 1409 962 1470 ,67,
997 1407 1087 1461 68.
1131 1405 1220 1468 69,
1251 1404 1337 1466 70,
1374 1402 1463 1466 71,
1498 1401 1586 1467 τε,
1618 1401 1709 1461 75,
1740 1400 1827 1459 74,
1861 1400 1948 1462 τις,
1982 1395 2071 1459 76,
2106 1395 2195 1455 77,
2238 1395 2324 1456 τε,

758 1498 845 1558 79,
879 1498 968 1559 80,
1003 1496 1089 1550 81.
1119 1493 1196 1547 De
1225 1493 1531 1547 virtutibus.
1560 1490 1648 1544 82.
1686 1488 1749 1541 In
1789 1504 1889 1557 quo
1939 1486 2149 1553 differat
2183 1485 2328 1551 prin-

757 1592 951 1656 tipium
985 1587 1049 1641 ab
1078 1586 1366 1641 elementis.
1417 1584 1504 1639 85.
1566 1580 1642 1635 De
1695 1580 1990 1649 principiis,
2041 1576 2165 1645 quid
2204 1577 2327 1628 sint.

756 1680 846 1734 84.
882 1680 958 1732 De
984 1679 1138 1730 ideis.
1173 1677 1259 1729 85.
1287 1675 1362 1729 De
1392 1673 1717 1727 daemonibus
1770 1681 1817 1724 et
1847 1668 2109 1722 heroibus.
2140 1666 2227 1720 86.
2257 1665 2330 1718 De

753 1772 1003 1826 materia.
1027 1768 1115 1823 87.
1152 1767 1225 1821 De
1251 1771 1450 1820 causis.
1472 1764 1563 1819 88.
1596 1763 1673 1816 De
1705 1763 1908 1831 ﬁguris.
1964 1761 2054 1814 89.
2083 1759 2157 1812 De
2188 1758 2331 1812 colo-

2433 586 2554 641 157.
2576 593 2655 640 An
2678 590 2902 642 mundus
2930 590 3102 657 factus
3118 593 3207 649 sit,
3233 602 3280 643 et
3327 588 3759 653 incorruptibilis.
3787 588 4011 644 158.11»

2435 686 2664 733 mundus
2700 682 2992 735 nutriatur.
3034 683 3153 737 159.
3189 682 3265 736 De
3286 683 3469 736 ordine
3492 682 3697 737 mundi.
3732 681 3849 736 160.
3888 682 4009 748 Qua

2432 787 2593 826 causa
2628 773 2852 827 mundus
2896 775 3169 828 universus
3209 774 3497 828 inclinatus
3534 774 3623 828 sit.
3664 772 3785 827 161.
3826 770 4003 825 Unde-

2442 881 2566 918 nam
2631 867 2905 936 gentilium
2937 866 3475 921 demonstrationibus
3519 866 3701 918 mundi
3746 865 3867 934 ﬁnis
3913 866 4007 917 ha-

2434 955 2639 1013 beatur.
2676 956 2799 1012 162.
2832 957 2962 1021 Qua:
3005 959 3194 1012 dextra
3242 956 3449 1021 mundi,
3492 966 3539 1009 et
3592 971 3709 1024 qua:
3754 957 3994 1008 sinistra.

2431 1047 2552 1101 165.
2577 1047 2653 1102 De
2683 1051 3122 1104 transmutatione
3148 1060 3305 1104 terra:
3334 1049 3588 1116 partium.
3627 1047 3749 1101 164.
3796 1046 3871 1099 De
3896 1057 4001 1100 ter-

2434 1154 2506 1190 ra:
2535 1138 2786 1195 motibus.
2822 1140 2945 1193 165.
2980 1139 3054 1193 De
3078 1157 3269 1210 magna
3288 1141 3486 1209 hyeme.
3524 1136 3643 1192 166.
3673 1138 3849 1204 Quare
3871 1153 4007 1206 aqua

2431 1230 2639 1284 marina
2656 1238 2729 1282 est
2755 1230 2923 1283 salsa.
2954 1230 3077 1284 167.
3114 1229 3235 1296 Qua
3256 1232 3490 1283 causain
3512 1228 3649 1280 mari
3674 1243 3812 1296 aqua
3834 1226 4004 1279 dulcis

2432 1321 2749 1373 inveniatur.
2790 1319 2912 1374 168.
2949 1321 3125 1385 Quare
3173 1335 3312 1387 aqua
3371 1320 3581 1371 marina
3640 1321 3850 1369 arbores
3902 1331 4005 1367 non

2433 1410 2655 1462 nutriat.
2693 1408 2814 1463 169.
2842 1408 3017 1473 Quare
3036 1410 3091 1461 in
3117 1425 3262 1462 mare
3303 1408 3415 1461 oleo
3444 1408 3634 1475 effuso,
3673 1419 3818 1457 mare
3856 1404 4001 1456 dilu~

2432 1503 2605 1555 cidum
2665 1501 2762 1570 ﬁat
2805 1511 2852 1554 et
2899 1502 3154 1570 quietum.
3206 1500 3327 1555 170.
3384 1500 3503 1563 Qua
3560 1513 3740 1558 causa,
3803 1512 3916 1549 cum
3951 1496 4002 1546 in

2432 1610 2579 1648 mare
2610 1595 2805 1663 fulmen
2836 1594 3100 1655 ceciderit,
3128 1592 3210 1647 sal
3241 1603 3498 1661 emergat.
3557 1590 3680 1644 171.
3732 1588 3810 1642 De
3847 1588 3999 1655 flqu

2432 1696 2478 1739 et
2534 1686 2743 1753 reflqu
2776 1684 3029 1739 Euboico.
3087 1685 3210 1738 172.
3265 1684 3441 1749 Quare
3486 1684 3637 1751 aquis
3688 1679 4002 1750 pluvialibus

2432 1778 2600 1847 magis
2631 1793 2792 1845 quant
2822 1778 3151 1830 currentibus
3193 1775 3408 1829 arbores
3440 1786 3487 1829 et
3522 1775 3725 1829 semina
3761 1772 4005 1825 nutrian-

754 1866 919 1917 ribus.
947 1863 1035 1917 90.
1066 1860 1142 1914 De
1169 1860 1416 1913 mistione
1447 1867 1494 1911 et
1528 1861 1954 1923 temperamento.
1994 1852 2082 1907 91.
2128 1850 2203 1903 De
2237 1865 2324 1918 ge-
2361 1834 2401 1892 Β
2433 1834 2547 1921 tur:
2583 1834 2699 1921 17,3.
2726 1867 2906 1932 Quare
2932 1884 2994 1921 ex
3018 1869 3166 1936 “qm-8
3194 1865 3535 1935 pluviam“,
3564 1879 3680 1933 qua,
3714 1880 3829 1917 cum
3863 1863 3972 1915 (om-

755 1958 1028 2011 neratione
1073 1963 1120 2006 et
1158 1952 1513 2019 corruptione.
1546 1948 1634 2004 92.
1670 1946 1745 2000 De
1775 1944 2100 2012 corporibus.
2132 1943 2219 1997 95.
2248 1939 2325 1993 De

755 2047 1007 2102 minimis.
1045 2046 1131 2100 94.
1176 2043 1246 2097 De
1290 2041 1601 2110 diﬂerentiis
1633 2038 2010 2107 cognitionum.
2042 2035 2129 2089 95.
2185 2032 2327 2098 Quo-

756 2138 912 2193 modo
954 2153 1057 2191 non
1112 2149 1315 2202 semper
1374 2133 1536 2185 Deum
1598 2130 2001 2197 participamus,
2066 2139 2183 2177 cum
2237 2122 2327 2174 ille

754 2248 956 2300 semper
980 2238 1244 2300 operetur.
1282 2227 1368 2282 96.
1408 2224 1583 2290 Quare
1639 2223 1850 2276 omnino
1882 2222 2081 2274 malum
2105 2220 2193 2271 sit.
2232 2216 2320 2271 9'7.

757 2325 1056 2380 Absolutius
1115 2320 1179 2374 de
1224 2319 1385 2373 malo.
1436 2318 1525 2372 98.
1575 2316 1634 2370 Si
1671 2325 1747 2369 est
1777 2317 1829 2367 in
1872 2312 2072 2382 angelis
2110 2309 2321 2378 aliquod

758 2418 979 2471 malum.
1012 2414 1100 2470 99.
1148 2411 1205 2466 Si
1234 2412 1287 2464 in
1350 2412 1462 2464 loco
1522 2410 1884 2474 incorporeum
1941 2406 2034 2456 sit.
2072 2399 2193 2453 100.
2266 2396 2324 2452 Si

759 2509 959 2561 malum
1024 2504 1269 2557 materia.
1320 2500 1442 2555 101.
1489 2498 1561 2552 De
1584 2514 1758 2553 rerum
1792 2496 1858 2548 atl
1908 2494 2073 2548 Deum
2114 2506 2324 2544 conver-

754 2602 923 2655 sione.
960 2598 1080 2650 102.
1126 2595 1199 2649 De
1230 2605 1475 2657 tempore.
1512 2591 1629 2645 105.
1670 2589 1744 2642 De
1787 2597 1953 2640 motu.
1985 2585 2104 2639 104.
2135 2582 2209 2635 De
2238 2596 2326 2634 ne-

754 2691 1014 2743 cessitate.
1051 2684 1173 2739 195.
1222 2684 1297 2738 De
1337 2682 1467 2749 fato.
1504 2678 1625 2733 106.
1685 2677 1761 2731 De
1818 2678 2032 2745 fortuna
2076 2684 2122 2726 et
2177 2686 2320 2726 casu.

757 2784 881 2836 107.
942 2779 1012 2832 De
1046 2776 1241 2832 swculo
1280 2783 1327 2827 et
1391 2783 1633 2839 tempore.
1680 2769 1801 2823 108.
1841 2766 1914 2820 De
1943 2766 2169 2834 quinque
2204 2778 2320 2814 seu-

754 2874 922 2929 sibus.
960 2869 1081 2924 109.
1141 2869 1223 2922 An
1280 2880 1455 2919 verum
1505 2862 1574 2916 sit
1640 2858 1921 2914 nonnullos
1983 2854 2237 2923 fascinari
2294 2868 2323 2904 a

754 2964 1071 3021 videntibus.
1111 2960 1232 3014 110.
1284 2954 1554 3022 Quomodo
1589 2954 1804 3019 eclipses
1834 2950 1984 3019 ﬁant.
2026 2945 2143 3000 111.
2180 2944 2320 3009 Quo-

756 3054 913 3109 modo
938 3067 1111 3107 mares
1150 3062 1196 3104 et
1246 3049 1451 3118 femina:
1481 3055 1812 3117 generentur.
1850 3042 1972 3095 112.
2008 3039 2183 3104 Quare
2214 3050 2325 3088 mu-

756 3149 852 3203 lier
893 3145 1089 3214 saepius
1120 3143 1289 3196 virum
1317 3146 1534 3207 experta
1563 3152 1664 3189 non
1704 3134 1948 3200 concipit.
1984 3131 2105 3185 115.
2144 3129 2322 3193 Quare

752 3235 948 3307 gemini
974 3244 1023 3286 et
1045 3229 1315 3300 tergemini
1359 3232 1665 3280 nascuntur.
1701 3223 1821 3277 114.
1875 3219 2017 3275 Unde
2044 3228 2318 3287 parentum

754 3325 1135 3384 similitudines
1198 3330 1247 3374 et
1302 3316 1771 3373 dissimilitudines
1832 3314 1984 3383 ﬁant.
2044 3312 2162 3365 115.
2242 3312 2321 3360 Au

754 3419 1028 3487 embryum
1059 3412 1263 3468 animal
1287 3414 1355 3465 sit
1384 3453 1397 3477 ,
1424 3420 1471 3464 et
1504 3426 1609 3480 qua
1633 3409 1839 3461 ratione
1879 3405 2167 3457 nutriatur.
2198 3399 2318 3453 116.

757 3507 1035 3575 Quomodo
1065 3504 1273 3559 somnia
1298 3502 1451 3565 ﬁunt.
1486 3499 1611 3554 117.
1644 3498 1719 3552 De
1746 3498 1998 3557 sanitate,
2025 3504 2073 3545 et
2120 3493 2319 3555 morbo,

754 3612 805 3657 et
836 3607 1117 3656 senectute.
1157 3595 1279 3650 118.
1313 3593 1492 3660 Quare
1531 3591 1620 3660 qui
1670 3591 1939 3659 jejunant,
1995 3586 2181 3640 sitiunt
2230 3599 2323 3653 po-

758 3695 886 3757 tius,
928 3705 1089 3762 quam
1122 3686 1379 3741 esuriant.
1408 3682 1531 3738 119.
1573 3682 1751 3747 Quare
1770 3681 1858 3750 qui
1884 3680 2139 3741 esuriunt,
2176 3677 2221 3730 si
2246 3676 2323 3728 bi-

755 3791 905 3849 bant,
936 3791 991 3837 at
1013 3782 1103 3852 qui
1139 3781 1347 3844 sitiunt,
1382 3777 1429 3831 si
1455 3773 1749 3838 comedunt,
1783 3772 2171 3825 distenduntur.
2199 3766 2321 3821 120.

756 3879 837 3933 An
866 3878 934 3930 sit
964 3871 1168 3942 aliquid
1201 3880 1352 3924 extra
1381 3868 1590 3922 caelum.
1620 3858 1741 3919 121.
1781 3866 1855 3919 De
1894 3863 2120 3916 hominis
2146 3875 2323 3915 esseu-

756 3971 853 4025 tia.
886 3969 1010 4022 122.
1046 3965 1107 4019 In
1139 3972 1263 4032 quot
1290 3961 1518 4015 circulos
1550 3959 1735 4012 cmlum
1758 3956 2051 4011 dividatur.
2097 3954 2220 4007 125.
2246 3951 2323 4005 De

756 4066 1041 4129 apparente
1086 4058 1140 4108 in
1167 4054 1294 4107 ecelo
1315 4052 1442 4104 lacti
1470 4049 1635 4103 simili
1685 4048 1902 4112 circulo,
1958 4042 2185 4099 Galaxia
2239 4044 2325 4095 di-

756 4162 861 4207 cto.
903 4148 1026 4202 124.
1061 4146 1140 4198 De
1184 4140 1558 4212 apparentibus
1617 4141 1671 4191 in
1709 4139 1836 4192 caelo
1881 4137 2101 4190 diversis
2162 4136 2323 4205 igneis

756 4238 992 4307 spectris.
1052 4233 1177 4288 125.
1238 4232 1310 4285 De
1359 4230 1727 4305 apparentibus
1790 4230 1843 4280 in
1889 4226 2015 4280 ctrlo
2064 4224 2325 4279 coloribus

648 4329 659 4343 ³
756 4303 1085 4399 sanguineis,
1109 4336 1160 4380 et
1188 4324 1546 4393 voraginibus.
1592 4303 1708 4375 126.
1742 4320 1816 4372 De
1849 4320 2072 4371 essentia
2098 4317 2247 4391 solis,
2279 4324 2327 4368 et

758 4420 873 4495 [55]
904 4437 975 4473 an
1002 4420 1182 4487 plures
1207 4418 1369 4469 soles.
1410 4412 1534 4466 127.
1573 4411 1649 4465 De
1702 4410 2063 4480 magnitudine
2097 4408 2246 4470 solis,
2280 4417 2329 4460 et

2431 1973 2516 2015 tru
2549 1971 2597 2015 et
2652 1961 2857 2032 fulgore
2911 1960 3193 2027 decidunt,
3269 1960 3438 2031 magis
3489 1959 3691 2012 semina
3742 1959 3999 2010 irrorant.

2430 2053 2552 2107 174.
2604 2053 2681 2106 De
2744 2052 3008 2106 nonnullis
3070 2052 3302 2105 lacubus.
3358 2051 3478 2105 175.
3547 2049 3622 2103 De
3679 2047 4001 2116 ﬂuminibus.

2430 2143 2551 2198 176.
2601 2143 2681 2197 De
2715 2141 2830 2196 Nili
2853 2144 3191 2196 incremento.
3225 2142 3345 2196 177.
3410 2142 3588 2207 Quare
3613 2141 3747 2192 inter
3779 2138 4000 2207 ﬁumina

2402 2235 2589 2288 ‘Nilus
2614 2235 2751 2288 solus
2790 2242 2964 2287 ventos
2999 2248 3101 2285 non
3140 2233 3294 2302 effiat.
3333 2232 3452 2285 178.
3503 2230 3579 2284 De
3612 2229 3856 2281 maximis
3919 2243 4002 2279 re-

2428 2329 2565 2399 gnis.
2596 2327 2717 2382 179.
2752 2326 2827 2379 De
2849 2324 3171 2378 humoribus.
3216 2322 3333 2376 180.
3366 2320 3541 2386 Quare
3569 2331 3801 2387 pastores
3824 2334 3999 2371 recens

2432 2422 2568 2472 natis
2598 2418 2955 2470 animantibus
2993 2416 3075 2470 sal
3103 2416 3427 2485 inspergant.
3472 2413 3592 2467 181.
3635 2411 3814 2478 Quare
3845 2412 3999 2479 poly-

2430 2527 2527 2579 pus
2560 2508 2781 2561 colorem
2809 2523 3084 2569 saxorum,
3136 2506 3318 2576 quibus
3349 2520 3459 2557 sese
3512 2502 3885 2571 applicaverit,
3916 2502 4001 2553 in-

2429 2606 2583 2657 duat.
2644 2600 2769 2654 182.
2818 2599 2993 2663 Quare
3074 2598 3256 2665 palma
3319 2612 3457 2649 ursa:
3512 2596 3580 2647 ad
3634 2594 4002 2646 comedendum

2426 2692 2740 2747 suavissima
2812 2697 2910 2742 est.
2964 2688 3086 2743 185.
3147 2684 3326 2750 Quare
3384 2684 3660 2737 Dorienses
3719 2691 4001 2749 precantur

2428 2785 2627 2836 malum
2653 2781 2933 2835 herbarum
2960 2788 3286 2846 proventum.
3315 2777 3435 2832 184.
3461 2778 3639 2840 Quare
3667 2792 3790 2829 ursa
3818 2784 3996 2843 capta,

2429 2882 2534 2925 rete
2574 2888 2675 2924 non
2717 2871 2959 2923 comedit.
3036 2868 3161 2922 185.
3227 2867 3407 2933 Quare
3456 2868 3615 2937 loligo
3650 2868 3756 2921 visa
3802 2875 3997 2932 tempe-

2428 2974 2621 3017 statem
2671 2964 2944 3032 prwsagit.
3012 2960 3131 3015 186.
3167 2961 3346 3026 Quare
3403 2960 3633 3013 triticum
3689 2961 3742 3011 in
3802 2960 3999 3020 lutosa,

2428 3054 2677 3108 hordeum
2724 3054 2789 3105 in
2828 3053 2983 3104 arida
3032 3062 3175 3104 terra
3238 3050 3579 3104 sentinamus.
3644 3048 3765 3103 187.
3823 3047 4003 3112 Quare

2428 3150 2543 3202 vitis
2574 3149 2711 3211 vino,
2734 3155 2783 3199 et
2814 3146 3077 3213 prtecipue
3097 3144 3141 3197 si
3164 3159 3279 3207 suo,
3327 3151 3658 3212 aspergatur,
3684 3142 4000 3193 exsiccetur.

2427 3240 2547 3294 188.
2573 3238 2752 3304 Quare
2770 3252 2903 3291 rosae
2923 3236 3089 3306 magis
3111 3236 3453 3305 efﬂorescunt,
3473 3236 3516 3287 si
3535 3234 3671 3286 male
3682 3234 3876 3285 olentia
3896 3248 4007 3288 una

2426 3346 2539 3383 cum
2572 3330 2699 3395 ipsis
2728 3329 3127 3383 inseminentur.
3156 3326 3273 3379 189.
3323 3325 3501 3391 Quare
3541 3328 3814 3393 porcorum
3855 3338 4010 3391 agre-

2424 3422 2580 3475 stium
2599 3420 2846 3489 lacryma:
2863 3420 3055 3483 dulces,
3072 3433 3334 3471 cervorum
3351 3416 3509 3470 salsa:
3526 3425 3665 3469 sunt.
3688 3414 3809 3469 190.
3828 3414 4006 3479 Quare

2427 3512 2596 3579 lapilli
2628 3512 2928 3581 plumbique
2973 3510 3183 3563 lamina:
3218 3509 3426 3571 iuiectm
3449 3508 3775 3577 frigidiorem
3808 3522 4004 3576 aquam

2424 3602 2671 3670 efﬁciunt.
2706 3602 2828 3657 191.
2887 3600 3066 3665 Quare
3112 3599 3277 3668 paleis
3312 3610 3359 3652 et
3406 3600 3723 3652 indumentis
3756 3598 3848 3650 nix
3877 3612 4003 3649 con-

2424 3700 2685 3745 servatur.
2717 3689 2841 3744 192.
2870 3689 3010 3755 Quid
3043 3691 3108 3742 sit
3140 3690 3389 3741 bulimos.
3438 3689 3559 3741 195.
3599 3686 3780 3752 Quare
3820 3702 4003 3739 carnes

2424 3783 2479 3835 in
2532 3782 2637 3850 ﬁcu
2668 3795 2918 3849 appensa:
2951 3780 3237 3833 teneriores
3290 3780 3444 3840 ﬁant.
3498 3777 3575 3832 Ex
3620 3780 3789 3844 hisco,
3826 3776 4003 3831 CLXII

2424 3875 2602 3943 capita
2622 3873 2678 3926 in
2701 3872 2940 3941 linguam
2962 3885 3114 3924 versa
3136 3870 3383 3923 Latinam
3414 3885 3443 3923 a
3473 3868 3657 3923 nescio
3678 3882 3786 3937 quo
3806 3875 4005 3930 ,osten-

2426 3965 2506 4019 dit
2522 3965 2649 4017 mihi
2677 3962 2927 4017 acerrimi
2951 3962 3153 4032 ingenti
3184 3962 3269 4016 vir
3292 3960 3636 4015 .Io.Jacobus
3669 3960 4001 4013 Buccardus.

2497 4053 2613 4125 [56]
2629 4051 2858 4107 LXXIII.
2890 4051 3197 4113 Ἐπιλύσεις
3217 4051 3470 4119 σύντομοι
3490 4050 3733 4118 φυσικῶν
3759 4049 4005 4120 ζητημά-

2426 4168 2532 4203 των
2559 4149 2693 4218 πρὸς
2726 4146 2943 4215 Μιχαὴλ
2972 4146 3062 4198 τὸν
3082 4144 3291 4197 Λοῦκαν
3319 4144 3378 4196 ὲν
3426 4142 3651 4212 βιϐλίοις
3677 4142 3818 4195 δυσί.
3841 4141 4000 4195 Solu-

2431 4242 2603 4294 tiones
2640 4237 3019 4307 compendiosa:
3045 4236 3371 4290 naturalium
3425 4234 3775 4303 qutestionum
3800 4234 3869 4285 ad
3897 4231 4004 4285 Mi-

2431 4328 2658 4382 chaelem
2684 4327 2887 4381 Ducam
2923 4326 3073 4379 libris
3093 4325 3317 4378 duobus.
3345 4324 3409 4376 P.
3442 4324 3501 4375 '0
3521 4323 3617 4392 μὲν
3636 4321 4002 4392 Πλούταρχος,

2437 4420 2658 4489 μέγιστε
2682 4418 2777 4469 καὶ
2806 4417 3044 4469 θειότατε
3088 4412 3328 4483 βασιλεῦ.
3390 4412 3580 4481 Capita
3648 4411 3743 4466 lib.
3780 4411 3822 4464 1.
3868 4412 4004 4481 Περὶ

758 4519 917 4577 ιιιηω,
945 4520 993 4565 et
1024 4520 1196 4562 terra.
1219 4505 1342 4559 128.
1379 4502 1452 4558 De
1474 4502 1655 4571 eclipsi
1672 4501 1862 4555 solari.
1884 4499 2003 4555 129.
2041 4500 2116 4553 De
2138 4500 2321 4567 eclipsi
2354 4515 2397 4570 ι)
2426 4510 2505 4563 τος

2253 4500 2321 4553 πὶ
2354 4515 2397 4570 ι)
2426 4510 2520 4563 τοῦ
2560 4507 2872 4579 σφαιροειδὴ
2901 4502 3040 4559 εἶναι
3070 4505 3165 4573 τὴν
3196 4504 3316 4572 γῆν.
3352 4501 3489 4570 Περῖ⁷
3518 4501 3613 4553 τοῦ
3642 4502 3853 4554 κείσῦαι
3901 4503 4000 4555 αὑ·

760 4605 958 4659 lunari.
995 4601 1118 4656 150.
1140 4599 1225 4652 An
1256 4597 1336 4651 sol
1371 4595 1578 4653 calidus
1606 4595 1698 4651 sit.
1723 4594 1844 4648 151.
1878 4594 2009 4657 Qua:
2036 4593 2105 4646 sit
2152 4610 2325 4646 essen-

761 4701 833 4751 tia
862 4696 1160 4751 stellarum.
1212 4691 1336 4747 152.
1377 4690 1452 4744 De
1486 4688 1760 4742 stellarum
1805 4687 2001 4741 latione
2067 4695 2117 4739 et
2159 4695 2324 4737 motu.

761 4790 887 4844 155.
922 4786 1117 4852 Quales
1140 4786 1239 4837 sint
1276 4781 1553 4835 stellarum
1586 4779 2049 4847 conﬁgurationes.
2093 4776 2214 4831 151.
2252 4776 2329 4829 De

762 4877 949 4930 ordine
973 4873 1273 4927 stellarum.
1299 4869 1423 4923 155.
1457 4866 1604 4923 Unde
1634 4868 1807 4921 lumen
1859 4866 2083 4919 habeant
2139 4864 2325 4918 stellte.

764 4966 889 5023 156.
933 4964 1009 5018 De
1056 4961 1451 5032 signiﬁcatione
1487 4957 1782 5021 stellarum,
1837 4966 1883 5010 et
1930 4954 2185 5025 quomodo
2231 4952 2329 5021 ﬁat

763 5059 927 5109 hiems
985 5062 1035 5107 et
1098 5062 1276 5106 (88108.
1324 5048 1447 5104 157.
1513 5047 1805 5124 Quantum.
1843 5047 1913 5098 sit
1978 5044 2330 5111 cujuscunque

763 5148 991 5215 planetu:
1027 5145 1275 5195 circuitus
1319 5150 1538 5206 tempus.
1585 5139 1706 5194 158.
1736 5142 1813 5191 De
1861 5135 2023 5189 stellis
2054 5134 2330 5189 Dioscuris

765 5238 1105 5302 nuncupatis.
1134 5234 1254 5288 159.
1281 5232 1356 5285 De
1382 5241 1596 5287 comete.
1623 5232 1745 5287 140.
1778 5230 1855 5283 De
1882 5232 2065 5293 imbre,
2096 5240 2143 5283 et
2172 5245 2331 5299 gran«

763 5328 904 5391 dine,
936 5328 1067 5381 nive.
1115 5325 1307 5394 pruina
1364 5334 1412 5377 et
1446 5340 1585 5379 rore.
1622 5325 1744 5378 141.
1776 5321 1855 5377 De
1887 5339 2003 5377 rore
2029 5332 2329 5385 rursum,ct

763 5419 977 5487 pruina.
1008 5416 1129 5469 142.
1167 5415 1246 5469 De
1281 5415 1437 5468 iride.
1474 5415 1596 5470 145.
1635 5414 1706 5468 De
1741 5431 1888 5470 area.
1931 5414 2054 5468 144.
2104 5414 2181 5467 De
2241 5414 2332 5465 ba-

767 5512 921 5564 culis.
966 5509 1084 5563 145.
1124 5507 1196 5562 De
1226 5508 1531 5575 parallelis.
1564 5506 1691 5562 146.
1743 5506 1819 5560 De
1877 5510 2060 5562 ventis.
2095 5507 2218 5561 147.
2258 5507 2332 5559 De

767 5601 1007 5669 tgphone.
1059 5599 1179 5652 148.
1232 5598 1306 5653 De
1346 5599 1614 5667 ecnephia.
1676 5584 1799 5653 149.
1868 5598 1943 5652 De
1994 5598 2327 5665 fulminibus.

772 5694 886 5747 150.
925 5693 995 5744 lte
1028 5700 1276 5756 prestere.
1334 5690 1459 5745 151.
1503 5689 1779 5755 Quomodo
1832 5690 2055 5744 mundus
2111 5692 2329 5748 coaluit.

766 5778 891 5837 152.
935 5781 1016 5832 An
1049 5796 1208 5832 unum
1236 5784 1554 5833 universum.
1592 5780 1711 5834 155.
1746 5780 1822 5833 De
1856 5796 2037 5834 vacuo.
2088 5782 2208 5836 154.
2260 5781 2332 5837 De

2429 4602 2528 4670 τὴν
2562 4602 2620 4652 ὲν
2666 4598 2827 4669 μέσῳ
2851 4596 2942 4650 τοῦ
2980 4596 3197 4656 παντός.
3237 4594 3373 4663 Περὶ
3431 4592 3692 4662 μεγέθους
3748 4594 3845 4661 τῆς
3879 4594 4001 4661 γῆς.

2441 4692 2747 4762 Ὀρίζοντος
2795 4685 3365 4758 καταγραφή.ϐορὶιο
3418 4684 3667 4739 secundi.
3724 4686 3857 4754 Περὶ
3896 4686 4003 4737 τῶν

2437 4782 2638 4853 μεταξὺ
2685 4782 2786 4851 τῆς
2835 4780 2939 4849 γῆς
2982 4780 3077 4833 καὶ
3134 4776 3231 4831 τοῦ
3288 4775 3519 4846 οὐρανοῦ
3558 4777 3855 4845 στοιχείων,
3912 4778 4005 4828 καὶ

2433 4877 2540 4928 τῶν
2595 4875 2723 4945 περὶ
2770 4874 2942 4925 ταῦτα
2990 4868 3201 4925 παθῶν.
3272 4868 3408 4937 Περὶ
3465 4868 3640 4937 ἀέρος,
3675 4869 3769 4921 καὶ
3811 4868 4001 4938 πυρὸς,

2433 4967 2526 5020 καὶ
2552 4965 2750 5033 νεφῶν,
2785 4966 2877 5016 καὶ
2900 4962 3094 5028 ὑετῶν,
3140 4961 3234 5013 καὶ
3260 4960 3576 5028 ἀστραπῶν,
3616 4961 3710 5011 καὶ
3742 4960 4000 5029 βροντῶν.

2433 5054 2567 5124 Περὶ
2595 5051 2855 5122 σεισμῶν.
2905 5052 3040 5119 Περὶ
3093 5051 3343 5119 κομήτων
3388 5049 3652 5117 ἀστέρων.
3696 5049 3830 5118 Περὶ
3878 5050 4004 5101 ἀνέ-

2439 5164 2575 5216 μων.
2620 5145 2756 5213 Περὶ
2798 5144 2980 5213 ἴριδος.
3027 5143 3161 5211 Περὶ
3192 5142 3324 5196 ἅλω.
3362 5142 3498 5211 Περὶ
3543 5140 3818 5210 σχήματος
3844 5143 4008 5210 οὐρα-

2439 5237 2549 5289 νοῦ.
2601 5234 2738 5305 Περὶ
2760 5235 3051 5303 κόσμου,ε1
3082 5232 3324 5303 ἔμψυχος
3363 5233 3390 5284 ὁ
3416 5232 3634 5301 κόσμος,
3666 5232 3756 5285 καὶ
3781 5232 4006 5303 προνοίᾳ

2439 5327 2827 5397 διοικούμενος.
2877 5327 3011 5396 Περὶ
3054 5325 3259 5389 τάξεως
3297 5323 3528 5392 κόσμου.
3570 5323 3704 5394 Περὶ
3756 5323 3857 5391 τῆς
3906 5323 4003 5375 τοῦ

2438 5421 2643 5489 κόσμου
2677 5418 2992 5486 ἐγκλίσεως.
3024 5417 3157 5485 Περὶ
3189 5414 3305 5477 τοῦ,
3337 5416 3385 5467 ει
3410 5414 3526 5467 ἐστι
3558 5415 3712 5467 κενὸν
3734 5415 3890 5477 ἐκτὸς
3912 5416 4007 5467 τοῦ

2438 5514 2663 5579 κόσμου.
2708 5512 2768 5563 Εἰ
2802 5510 3073 5579 ἄφθαρτος
3116 5510 3144 5559 ὁ
3186 5508 3404 5577 κόσμος.
3435 5507 3567 5560 Τίνα.
3598 5506 3744 5572 δεξιὰ
3781 5508 4007 5576 κόσμου,

2436 5605 2530 5656 καὶ
2557 5603 2679 5655 τινα
2731 5602 2797 5655 τὰ
2859 5601 3142 5671 ἀριστερά.
3197 5601 3293 5662 Τίς
3349 5602 3381 5667 ἡ
3422 5599 3513 5651 τοῦ
3557 5599 3785 5668 οὐρανοῦ
3830 5598 4006 5650 οὖσξσ..

2436 5695 2570 5764 Περὶ
2593 5693 2699 5745 τῶν
2727 5693 2785 5744 ὲν
2813 5691 3026 5763 ουρανῷ
3059 5691 3361 5759 νοουμένων
3398 5689 3635 5742 κύκλων.
3665 5690 3799 5757 Περὶ
3826 5690 4009 5751 οὐσίας

2438 5785 2698 5855 ἀστέρων.
2724 5783 2860 5852 Περὶ
2879 5784 3152 5853 σχήματος
3184 5781 3445 5853 ἀστέρων.
3462 5782 3597 5852 Περὶ
3615 5780 3833 5852 τῆςτῶν
3855 5782 4008 5834 ἀστέ-
