4424 6450
432 403 536 465 59f)

433 536 541 587 ρων
590 520 783 588 φορᾶς.
842 518 1015 573 Πόθεν
1068 518 1392 588 φωτίζονται
1442 521 1491 574 οἱ
1552 522 1801 593 ἀστέρες.

431 612 673 676 γίνονται
724 611 773 663 oi
815 610 1075 683 τέσσαρες
1106 612 1312 683 καιροί.
1358 612 1494 682 Περὶ
1538 613 1806 683 μεγέθους
1858 614 2009 682 ἡλίου

433 708 522 760 καί
557 705 804 777 σελήνης.
864 704 999 776 Περὶ
1054 705 1152 775 τῆς
1182 704 1275 759 τοῦ
1305 706 1457 777 ἡλίου
1491 707 1809 777 ἐκλείψεως.
1878 710 2011 780 Περὶ

427 795 637 862 οὐσίας,
699 798 793 849 καὶ
822 797 1117 866 φωτισμῶν
1146 799 1398 869 σελήνης,
1430 804 1525 854 καὶ
1548 801 1846 870 σχήπατος.
1872 802 2012 869 Περὶ⁴

427 887 722 956 ἐκλείψεως
742 888 991 959 σελήνης.
1016 889 1279 960 Ἔτιπερὶ
1299 890 1595 960 ἐκλείψεως
1628 893 1881 963 σελήνης.
1917 893 2008 955 Εἰς

426 984 624 1041 πότους
677 982 913 1044 κύκλους
972 981 1261 1053 διαιρεῖται
1321 987 1349 1037 ὁ
1396 984 1647 1055 οὐρανός.
1714 986 1847 1055 Περὶ
1911 989 2008 1054 τῆς

424 1072 532 1122 τῶν
574 1073 819 1139 ἀστέρων
855 1076 1029 1142 φορᾶς
1085 1076 1177 1128 καὶ
1228 1078 1515 1148 κινήσεως.
1585 1076 1753 1130 Πόθεν
1800 1079 1866 1133 ἄν
1924 1096 2005 1141 τις

426 1163 581 1232 γνοίη
629 1163 968 1233 Ἑλληνικαῖς
1006 1166 1310 1231 ἀποδείξεσι
1345 1168 1444 1239 τὴν
1506 1170 1600 1221 τοῦ
1635 1168 1841 1237 κόσμον
1883 1186 2005 1221 συν-

422 1256 658 1309 τέλειαν.
702 1254 915 1311 Terram
965 1275 1078 1312 esse
1113 1259 1448 1327 sphtericam,
1488 1263 1539 1313 in
1570 1260 1739 1316 medio
1776 1263 2005 1315 universi

422 1350 600 1401 sitam.
634 1349 709 1403 De
738 1362 897 1405 terra:
928 1353 1314 1423 magnitudine.
1361 1354 1669 1409 Ilorizontis
1697 1355 2001 1422 descriptio.

426 1442 498 1495 Dc
522 1445 794 1498 elementis
825 1446 964 1499 inter
994 1456 1189 1499 terram
1233 1456 1281 1500 et
1318 1449 1528 1510 atrium,
1573 1457 1620 1501 ct
1652 1464 1833 1502 eorum
1869 1451 2002 1518 affe-

422 1537 615 1589 ctibus.
646 1535 719 1589 De
755 1553 893 1601 aere,
921 1547 969 1590 et
994 1540 1131 1607 igne,
1152 1548 1201 1591 et
1235 1540 1452 1606 pluviis,
1489 1549 1536 1593 et
1575 1540 1907 1607 fulminibus,
1955 1551 2001 1595 et

423 1627 693 1681 tuttitruis.
726 1627 801 1680 De
846 1638 998 1682 terra:
1026 1630 1270 1683 motibus.
1307 1630 1381 1683 De
1421 1632 1654 1684 camelis.
1698 1630 1773 1684 De
1816 1633 1997 1684 uentis.

424 1716 495 1766 Ir
520 1717 675 1771 iride.
716 1718 786 1770 lle
820 1734 966 1770 arcu.
1022 1718 1097 1771 De
1129 1720 1303 1787 ﬁgura
1350 1722 1487 1773 coeli.
1538 1720 1610 1773 Dc
1656 1720 1873 1773 mundo.
1922 1722 2000 1771 Au

423 1805 647 1859 mundus
686 1809 971 1869 animetur,
1013 1820 1061 1861 et
1087 1808 1413 1875 providentia
1438 1811 1775 1879 gubernetur.
1814 1810 1884 1863 De
1910 1827 1996 1861 or-

1599 411 1965 471 Dl.\TRlB.\
2000 413 2095 473 DE
2146 413 2477 476 PSEl.LIS.

3583 428 3688 495 san

1892 523 2010 586 Πῶς
2045 536 2089 592 Α
2120 541 2184 597 τῃ
2207 527 2264 579 δὲ
2299 526 2391 578 τοῦ
2430 527 2767 597 Προδρόμου,
2806 530 2897 586 καὶ
2937 528 3190 612 καθεξῆς,
3227 532 3330 596 ἓως
3374 534 3483 589 τῶν
3531 535 3694 597 ἑπτά.

2117 619 2293 685 Quare
2340 621 2512 693 angeli
2562 623 2731 688 alati,
2784 627 3056 690 coronati,
3116 628 3290 696 ﬁgura
3338 630 3597 695 humana,
3644 642 3693 685 et

2113 713 2371 782 sphaeram
2394 718 2448 769 in
2480 715 2724 771 manibus
2743 729 3026 788 gestantes,
3053 720 3425 789 depingantur.
3457 734 3505 776 et
3530 740 3693 794 quare

2111 822 2289 860 eorum
2326 811 2757 865 commemoratio
2793 811 2852 877 [it
2889 813 3021 877 feria
3056 813 3285 866 secunda
3328 814 3690 876 hebdomade.

2113 902 2249 970 feria
2280 917 2397 954 vero
2454 907 2606 955 tertia
2640 902 3016 967 Prterursoris,
3066 912 3116 957 et
3167 906 3243 959 sic
3302 905 3544 976 deinceps
3600 923 3693 976 per

2111 1003 2302 1060 septem
2336 994 2469 1046 dies.
2502 992 2558 1047 Ρ.
2596 996 2730 1066 Περὶ
2763 996 2863 1065 μὲν
2898 995 2991 1049 τοῦ
3021 998 3525 1070 ἀνθρωπομόρφους
3551 998 3690 1055 εἶναι

2110 1086 2255 1165 τοῦςί

2181 1177 2273 1238 Ei;
2288 1184 2347 1229 τὸ
2365 1179 2671 1245 θεολογικδν
2690 1182 2872 1250 ῥητὸν,
2898 1183 3042 1235 διατί
3079 1187 3245 1252 μονὰς
3275 1188 3369 1240 ἀπ’
3403 1190 3580 1260 ἀρχῆς
3608 1191 3689 1253 είς

2108 1267 2273 1321 δυάδα
2300 1272 2587 1338 κινηθεῖσα
2613 1273 2777 1341 μέχρι
2803 1275 3020 1343 τριάδος
3056 1276 3208 1346 ἔστη.
3240 1277 3304 1331 1η
3335 1281 3686 1352 theologicam

2107 1356 2327 1419 dictum,
2367 1375 2529 1417 quare
2560 1360 2737 1413 unitas
2778 1379 2808 1414 a
2848 1364 3106 1431 principia
3141 1368 3195 1418 in
3234 1368 3499 1423 binarium
3542 1382 3687 1427 mota

2108 1450 2158 1501 in
2184 1454 2415 1503 ternario
2440 1453 2695 1506 consedit.
2724 1452 2781 1506 P.
2808 1456 2920 1508 Οὐκ
2944 1457 3333 1528 ἀποκρύψομαι
3361 1461 3494 1528 πρὸς
3519 1463 3682 1529 ὑμᾶς,

2106 1533 2150 1593 ὦ
2179 1540 2450 1607 φίλτατοι.
2488 1540 2545 1593 lu
2585 1542 2723 1596 idem
2761 1544 2968 1599 dictum
3007 1547 3106 1616 legi
3152 1560 3200 1603 et
3235 1549 3452 1621 Georgii
3507 1552 3685 1605 Aeru-

2107 1632 2291 1700 pnlitae
2322 1632 2849 1703 interpretationem.

2176 1724 2343 1787 Λύσις
2374 1726 2470 1793 τῆς
2518 1731 2701 1797 κοινῆς
2738 1730 2972 1797 ἀπορίας
3000 1731 3258 1784 ἁπάντων
3287 1734 3392 1786 τῶν
3434 1735 3538 1800 ἔξω
3587 1736 3682 1788 τοῦ

2104 1815 2374 1886 ἡμετέρου
2411 1817 2682 1886 δόγματος
2712 1819 2820 1871 τῶν
2852 1821 3220 1890 Χριστιανῶν,
3249 1825 3315 1893 ἦν
3345 1825 3489 1877 οὕτω
3515 1844 3684 1895 προσ-

420 1898 541 1948 dine
568 1897 767 1949 mundi.
807 1898 879 1951 De
903 1899 1247 1954 inclinatione
1291 1902 1494 1955 mundi.
1538 1902 1617 1953 An
1650 1911 1801 1954 extra
1838 1918 1989 1954 mun-
2035 1891 2075 1943 Β
2104 1908 2166 1971 es

1938 1920 1989 1953 νι-
2035 1891 2075 1943 Β
2104 1908 2327 1976 φέρουσι
2363 1910 2632 1976 λέγοντες.
2661 1910 2755 1972 Τίς
2776 1906 2844 1979 ἦν
2872 1913 3146 1978 ἀναγκαία
3174 1918 3332 1986 χρεία
3366 1920 3396 1987 ἡ
3430 1919 3685 1972 κατεπείο

420 1994 545 2037 «tum
590 2003 815 2040 racuum
850 1990 942 2043 sit.
987 1990 1065 2041 An
1099 1990 1325 2044 mundus
1372 1992 1808 2059 incorruptibilis.
1860 1993 1992 2058 Qua?

416 2076 600 2129 dextra
626 2080 827 2140 mundi,
856 2096 973 2148 qute
996 2091 1042 2135 et
1069 2084 1313 2137 sinistra.
1358 2084 1488 2149 Qua:
1503 2086 1617 2137 caeli
1637 2087 1884 2138 essentia.
1925 2085 1994 2137 l'e

418 2175 658 2239 circulis,
708 2192 835 2237 quos
895 2178 947 2229 in
990 2180 1117 2231 ειυίο
1164 2181 1542 2250 imaginamur.
1602 2181 1675 2233 De
1716 2183 1989 2235 stellarum

412 2267 660 2318 essentia.
692 2266 770 2319 De
808 2269 1081 2322 stellarum
1106 2272 1299 2340 figura.
1332 2271 1404 2325 De
1439 2272 1719 2325 stellarum
1768 2275 1988 2327 latione.

417 2358 564 2413 Unde
592 2362 758 2415 stellae
781 2362 953 2416 lumen
991 2363 1241 2416 habeant.
1286 2362 1564 2427 Quomodo
1596 2365 1731 2432 ﬁant
1760 2378 1992 2433 quatuor

423 2461 782 2518 tempestates.
815 2452 887 2506 De
914 2455 1280 2521 magnitudine
1306 2455 1434 2508 solis
1458 2465 1506 2507 et
1532 2455 1694 2509 luna}.
1740 2456 1815 2510 De
1840 2457 1985 2525 defe-

412 2542 671 2597 ctnsolis.
708 2544 783 2598 De
829 2549 1057 2599 essentia
1107 2559 1154 2599 et
1209 2549 1687 2603 illuminationibus
1746 2553 1885 2604 luna:
1936 2563 1982 2605 et

410 2635 603 2701 ﬁgura.
648 2634 723 2688 De
761 2636 966 2704 defectu
995 2639 1154 2691 luna'.
1226 2639 1407 2692 Adhuc
1457 2640 1519 2694 de
1569 2642 1775 2708 defectu
1820 2642 1980 2697 luntv.

417 2725 476 2776 lu
502 2737 625 2792 quot
670 2729 896 2781 circulos
928 2731 1113 2782 etelum
1146 2731 1436 2783 dividatur.
1475 2732 1547 2784 De
1584 2726 1877 2785 stellarum
1909 2737 1986 2786 la-

410 2815 550 2866 tione
577 2825 625 2867 et
648 2826 809 2869 motu.
860 2818 1136 2883 Quomodo
1162 2820 1279 2887 quis
1300 2834 1365 2872 ex
1390 2822 1620 2886 gentium
1654 2821 1986 2877 demonstra-

413 2908 644 2961 tionibus
678 2911 860 2963 mundi
883 2912 1040 2979 ﬁnem
1058 2924 1354 2981 cognoscet.
1390 2913 1651 2981 Ejusdem
1678 2918 1981 2986 argumenti

415 3009 521 3061 est,
574 3010 627 3052 et
656 3002 800 3056 alius
832 3003 1077 3069 ejusdem
1116 3014 1408 3066 tractatus,
1460 3006 1712 3075 Ἀπορίαι
1756 3010 1983 3075 φυσικαὶ

410 3092 503 3141 καὶ
532 3091 773 3157 λογικαί.
819 3093 994 3146 Dubia
1042 3096 1315 3148 naturalia
1372 3106 1418 3149 et
1481 3097 1673 3167 logica,
1706 3100 1799 3168 qui
1842 3100 1980 3153 inci-

412 3182 489 3249 pit
519 3199 532 3234 :
568 3184 760 3236 Πολλοὶ
792 3184 889 3253 μὲν
929 3185 1210 3255 πολλαχῶς
1249 3186 1358 3238 τῶν
1384 3188 1650 3258 ἀρχαίων,
1683 3198 1736 3244 et
1769 3191 1858 3244 alii
1880 3192 1982 3245 sub

2103 2016 2273 2063 γουσα
2306 2000 2406 2067 τὴν
2442 2001 2766 2054 πανταιτίαν
2808 2003 3102 2071 οὐρανόθεν
3135 2008 3438 2071 κατελθεῖν,
3481 2010 3573 2062 καὶ
3605 2010 3682 2078 τῷ

2100 2091 2424 2162 ἀνθρωπείῳ
2459 2093 2603 2159 γένει
2648 2094 3083 2163 συγκαταϐῆναι,
3119 2099 3213 2149 καὶ
3260 2099 3543 2169 τεχθῆναι,
3587 2102 3681 2154 καὶ

2102 2181 2275 2234 πάντα
2307 2184 2373 2234 τὰ
2404 2183 2717 2252 ἀνθρώπινα
2756 2185 2899 2254 πάθη
2948 2186 3269 2257 ὑποστῆνατ,
3306 2193 3397 2243 καὶ
3434 2207 3681 2259 Grammar

2100 2273 2277 2341 θῆναι,
2331 2275 2423 2325 καὶ
2471 2276 2728 2344 ταφῆναι,
2783 2280 2877 2330 καὶ
2907 2280 3236 2348 ἀναστῆναις
3292 2281 3358 2334 Ti
3416 2284 3522 2353 γὰρ
3576 2284 3681 2338 οὐκ

2098 2359 2332 2427 ἠδύνατο
2367 2361 2599 2431 νεύματι
2652 2366 2799 2433 μόνῳ
2844 2367 3015 2421 σῶσαι
3056 2368 3149 2421 τὸν
3199 2371 3415 2424 ἅπαντα
3446 2373 3675 2442 κόσμον,

2099 2448 2191 2499 καί
2216 2447 2287 2516 μὴ
2316 2450 2604 2503 κενοῦσθαι
2634 2452 2734 2520 τῆς
2764 2453 2899 2517 ίδίας
2922 2456 3097 2523 δόξης,
3126 2459 3262 2530 μηδὲ
3292 2460 3348 2513 τὸ
3372 2461 3673 2533 ἐλάχιστον;

2096 2539 2265 2591 Τοῦτο
2296 2540 2403 2607 γὰρ
2428 2536 2496 2609 ἦν
2520 2542 2613 2593 καὶ
2645 2542 2737 2594 τοῦ
2773 2545 2941 2612 Union;
2971 2548 3069 2616 τῆς
3103 2550 3357 2617 θεότητος
3384 2551 3554 2616 ἄξιον,
3581 2555 3677 2608 καὶ

2094 2633 2226 2696 ἡμῖν
2254 2633 2365 2692 τοῖς
2394 2631 2701 2701 ἀνθρώπεις
2726 2635 3187 2709 λυσιτελέστερον.
3227 2640 3493 2698 Enodatio
3531 2663 3675 2697 com-

2097 2720 2268 2773 munis
2306 2720 2454 2774 dubii
2487 2724 2720 2776 omnium
2750 2738 2901 2779 extra
2944 2728 3369 2785 Christianorum
3411 2732 3566 2802 ﬁdem
3598 2738 3675 2789 vi-

2094 2814 2342 2874 ventium,
2378 2815 2516 2880 quod
2562 2816 2637 2868 sic
2684 2830 3028 2884 proponunt:
3063 2821 3192 2886 Qum
3240 2836 3353 2878 erat
3395 2828 3671 2882 necessitas

2093 2905 2328 2955 o-nninm
2365 2921 2583 2958 causam
2613 2910 2947 2977 compellens.
2978 2923 3033 2965 ut
3070 2913 3133 2966 de
3160 2917 3286 2970 coelo
3312 2917 3669 2984 descenderet,

2091 3005 2302 3062 propter
2351 2997 2642 3051 humanum
2684 3017 2847 3069 genus
2878 3021 2931 3057 se
2976 3004 3292 3073 demitteret,
3340 3022 3666 3075 nasceretur,

2093 3089 2401 3140 mortalium
2450 3093 2723 3156 passiones
2755 3093 2978 3155 subiret.
3018 3100 3432 3169 cruciﬁgeretur,
3472 3105 3668 3168 sepeli-

2094 3188 2258 3241 retur,
2296 3186 2627 3251 resurgeret?
2683 3186 2869 3240 Annon
2908 3200 3038 3243 nutu
3074 3192 3185 3244 solo
3214 3203 3421 3259 poterat
3460 3197 3667 3250 univer-

407 3274 639 3330 tliversis
670 3276 843 3330 titulis
865 3286 919 3331 et
964 3278 1270 3347 principiis.
1328 3279 1423 3348 qui
1470 3280 1660 3335 eadem
1694 3291 1755 3335 ut
1806 3282 1977 3352 pluri—
2007 3262 2048 3316 C
2082 3284 2154 3319 ευ)

1918 3282 1977 3335 .i_
2007 3262 2048 3316 C
2082 3284 2197 3320 sum
2236 3272 2444 3324 salvare
2466 3313 2479 3327 .
2515 3272 2708 3343 absque
2735 3292 2794 3328 eo
2831 3279 2967 3344 quod
2992 3283 3205 3347 propria
3266 3285 3528 3354 dignitate
3589 3288 3665 3341 vel

410 3380 555 3417 mum
606 3365 907 3419 continent.
960 3366 1146 3436 Neque
1204 3367 1272 3421 ab
1308 3368 1391 3422 his
1432 3368 1646 3423 diversa
1706 3371 1979 3430 videntur.

407 3471 528 3521 ause
567 3456 671 3509 sub
698 3459 865 3510 variis
901 3458 1074 3513 titulis
1099 3460 1150 3512 iu
1179 3458 1505 3514 bibliotheca
1534 3462 1676 3529 regis
1703 3461 1979 3516 Gallorum

407 3542 678 3611 leguntur.
720 3545 1019 3599 Solutiones
1043 3548 1389 3615 qutestionum
1424 3553 1493 3601 ad
1521 3548 1831 3603 Michaelem
1867 3550 1981 3603 Du-

406 3651 545 3688 cam.
582 3635 823 3703 Epitome
844 3639 1193 3706 qua'stionum
1216 3640 1582 3707 physicorum.
1615 3641 1980 3705 Qua’stionum

404 3727 582 3792 capita
629 3742 768 3780 exet.
803 3728 1129 3791 Qua'stiones
1177 3730 1478 3796 theologica:
1515 3739 1564 3782 et
1608 3730 1862 3799 physicas.
1909 3731 1981 3783 De

406 3820 514 3871 Deo
559 3821 628 3871 ad
673 3818 985 3873 Michaelem
1034 3819 1148 3893 [57]
1214 3820 1443 3875 Ducam.
1490 3821 1703 3874 Ψελλοῦ
1751 3822 1969 3876 Φιλοσο-

406 3909 563 3977 qui,
596 3927 659 3966 ex
694 3913 897 3981 quibus
925 3914 1206 3979 erunibus,
1235 3923 1293 3968 ut
1315 3915 1479 3969 etiam
1528 3924 1657 3970 ante
1712 3915 1973 3980 diximus,

405 4018 569 4055 unum
606 4003 923 4058 absolutum
943 4004 1142 4059 confici
1183 4006 1384 4075 poterit
1425 4021 1584 4077 opus.

474 4125 712 4181 LXXIV.
761 4128 1098 4199 ‘Avnypz'si;
1133 4132 1653 4204 προσερωτήσαντός
1706 4151 1847 4197 τινος
1881 4151 1975 4204 μο-

403 4219 564 4290 ναχοῦ
605 4221 733 4292 περὶ
758 4221 987 4291 ὁρισμοῦ
1027 4222 1121 4277 τοῦ
1148 4224 1402 4279 θανάτου.
1441 4225 1728 4296 Responsio
1761 4229 1830 4282 ad
1860 4245 1973 4298 mo:

405 4311 626 4364 nachum
677 4311 955 4381 quemdam
990 4312 1055 4367 de
1096 4314 1469 4371 terminatione
1504 4319 1712 4373 mortis.
1772 4318 1831 4374 P.
1861 4320 1973 4389 Οὐχ

402 4398 474 4462 ὡς
505 4400 747 4472 ἠπόρητο
775 4401 835 4455 τὸ
866 4402 1171 4476 προϐληθὲν
1196 4408 1345 4479 παρὰ
1379 4407 1470 4461 σοῦ
1499 4409 1741 4481 ζήτημα.
1772 4409 1971 4467 Eadem

403 4491 539 4543 forte
574 4501 723 4574 sunt.
767 4508 887 4563 qua:
917 4495 1197 4564 ejusdem:
1220 4496 1306 4553 De
1337 4500 1561 4555 termino
1602 4501 1742 4568 ritur,
1774 4502 1970 4575 legun-

405 4590 491 4633 tur
522 4575 573 4633 iu
612 4565 940 4640 bibliotheca
975 4585 1120 4657 regis
1146 4587 1448 4644 Gallorum.

466 4715 619 4767 Ausi
654 4715 751 4786 τῆς
784 4720 1195 4789 κοσμοκτησίας
1248 4722 1389 4777 κατὰ
1416 4724 1508 4776 τὸν
1548 4724 1793 4796 Μάρτιον
1829 4728 1973 4796 μηνα

398 4808 494 4876 τὴν
526 4809 703 4880 ἀρχὴν
750 4799 1011 4881 είληφὼς,
1054 4815 1083 4866 ὁ
1135 4813 1327 4883 χρόνος
1382 4816 1477 4869 ἀπ’
1521 4817 1700 4888 ἀρχῆς
1732 4820 1825 4873 τοῦ
1875 4821 1973 4873 Σε-

402 4900 703 4971 πτεμϐρίου
738 4904 904 4970 μηνὸς
934 4903 1276 4975 ἀπάρχεσθαι
1304 4908 1544 4976 λέγεται.
1578 4910 1822 4975 Quanam
1879 4930 1969 4967 ra-

401 4990 539 5045 tione
559 4994 697 5047 orbis
733 4994 1001 5062 conditus,
1049 5013 1167 5050 cum
1210 5016 1384 5054 mense
1415 5000 1618 5055 Martio
1651 5004 1971 5073 principium

396 5082 658 5148 habuerit,
688 5087 752 5138 ab
784 5087 940 5140 initio
972 5091 1168 5143 mensis
1214 5089 1536 5159 Septembris
1567 5102 1767 5165 tempus
1812 5112 1942 5150 θεον

394 5171 500 5226 diti
541 5174 775 5229 dicatur.
828 5175 889 5229 P.
922 5179 1021 5233 Διὰ
1068 5180 1129 5232 τὸ
1177 5180 1460 5236 καλεῖσθαι
1516 5186 1706 5255 χρόνος
1762 5188 1790 5241 ὀ
1842 5190 1942 5259 χρό

394 5280 503 5327 νος.

471 5378 599 5448 Περὶ
628 5378 721 5433 τοῦ
754 5385 1145 5455 ἁποπομπαίου
1179 5389 1357 5459 κριοῦ.
1387 5389 1464 5445 De
1494 5392 1639 5447 hirco
1663 5394 1963 5450 emissario.

400 5465 458 5522 P.
508 5469 816 5542 Ἐρώτησας
851 5477 1054 5545 πηνίκα
1080 5478 1175 5533 τοῦ
1203 5480 1355 5545 ἔτους
1383 5485 1411 5537 ὀ
1437 5486 1745 5556 ἀρχιερεύς.

471 5559 601 5633 Περὶ
627 5563 741 5629 τοῦ,
785 5564 926 5621 διατι
965 5570 1015 5623 οἱ
1046 5570 1269 5640 ἄγγελοι
1310 5579 1596 5648 πτερωτοὶ,
1634 5582 1727 5633 καὶ
1770 5582 1968 5653 ἐστεμ-

403 5651 584 5719 μένοι,
624 5658 718 5709 καὶ
770 5659 1263 5733 ἁνθρωπόμορφοι,
1320 5669 1411 5719 καὶ
1463 5671 1699 5741 σφαῖραν
1730 5674 1789 5724 ὲν
1846 5651 1967 5738 ταῖς

395 5746 549 5813 χερσὶ
595 5748 871 5819 φέροντες.
910 5756 1017 5808 Καὶ
1062 5756 1130 5809 δι’
1173 5758 1238 5829 ἣν
1271 5761 1449 5814 αἰτίαν
1512 5764 1734 5834 μνήμην
1784 5767 1963 5820 αὐτῶν

397 5837 692 5910 ποιούμεθα
712 5846 784 5915 τῇ
798 5845 1024 5919 δευτέρᾳ
1052 5851 1148 5921 τῆς
1172 5852 1464 5924 ἑϐδομάδος
1500 5856 1703 5928 ἡμέρᾳ,
1747 5862 1810 5932 τῇ
1844 5862 1957 5930 τρί-

2088 3360 2366 3415 minimum
2398 3372 2717 3423 exueretur?
2744 3374 2860 3424 Hoc
2895 3375 3083 3440 quippe
3107 3386 3245 3440 erat,
3266 3387 3325 3430 et
3358 3381 3504 3446 apice
3530 3383 3665 3435 divi-

2088 3452 2276 3505 nitatis
2306 3456 2545 3522 dignum,
2573 3460 2827 3528 nobisque
2862 3466 3177 3521 mortalibus
3374 3474 3542 3540 magis
3572 3489 3665 3526 es:-

2085 3541 2319 3607 pediens.
2352 3544 2409 3600 P.
2444 3547 2663 3619 Ταύτην
2693 3552 2792 3619 τὴν
2822 3553 3057 3624 ἀπορίαν
3084 3558 3184 3610 οὐκ
3225 3560 3520 3631 Ἀγαρηνοὶ
3570 3565 3667 3633 μό-

2086 3648 2199 3695 νον,
2233 3634 2368 3689 ἁλλὰ
2403 3639 2497 3690 καὶ
2529 3639 2813 3711 Ἕλληνες.

2153 3723 2362 3783 LXXV.
2398 3729 2486 3793 Είς
2515 3732 2597 3792 τὸ,
2628 3732 2689 3785 Ἣ
2710 3734 2847 3805 καλὴ
2879 3736 2969 3791 τὸν
3004 3739 3227 3810 ὡραῖον.
3260 3742 3321 3797 In
3339 3743 3494 3812 illud,
3536 3744 3665 3801 Pul-

2083 3815 2209 3870 chra
2236 3818 2550 3886 formosum.
2583 3821 2644 3877 P.
2672 3825 2804 3879 Κατ’
2831 3828 3069 3897 ἔλλειψιν
3099 3833 3216 3897 τοῦ,
3261 3834 3554 3908 Ἀπέτεμε.

2155 3909 2248 3973 Είς
2268 3911 2328 3963 τὸ
2358 3912 2647 3982 λεγόμενον
2667 3918 2724 3968 ὲν
2754 3922 2817 3990 τῇ
2852 3921 3011 3993 ἑορτῇ
3047 3924 3147 3993 τῆς
3180 3923 3535 3999 Ἀναλήψεως
3566 3930 3660 3985 τοῦ

2081 4000 2342 4068 Χριστοῦ,
2375 4006 2624 4076 Σήμερον
2655 4009 2721 4062 τὰ
2753 4010 2885 4079 ἅγια
2918 4016 3254 4087 Κούνδουρα,
3291 4022 3380 4072 καὶ
3407 4019 3597 4091 αὔριον
3628 4025 3660 4094 ἡ

2091 4092 2399 4166 Ἀνὰληψις.
2463 4095 2529 4150 1η
2558 4100 2726 4165 illud,
2771 4104 2908 4171 quod
2966 4106 3019 4160 in
3070 4108 3290 4162 solemni
3324 4092 3659 4169 Ascensionis

2079 4180 2277 4236 Christi
2318 4182 2401 4238 die
2450 4186 2669 4254 dicitur,
2719 4191 2870 4246 hodie
2901 4192 3103 4250 Sancta
3140 4196 3417 4263 Cundura.
3452 4212 3500 4257 et
3539 4219 3658 4259 cras

2076 4272 2347 4329 Ascensio.
2382 4274 2439 4330 ι».
2473 4278 2586 4331 Οὐκ
2615 4281 2723 4333 ἀπὸ
2751 4282 2860 4337 τῶν
2903 4285 3249 4359 ὑψηλοτέρων
3280 4292 3462 4357 μόνον.

2149 4365 2213 4419 Τί
2234 4367 2315 4433 τὸ,
2340 4368 2475 4423 Κατ’
2504 4372 2707 4439 εἰκόνα,
2735 4376 2827 4429 καὶ
2857 4377 2909 4430 τί
2939 4377 3019 4444 τὸ,
3048 4380 3186 4436 Καθ’
3206 4382 3488 4452 ὁμοίωσιν,
3515 4387 3658 4455 Quid

2073 4454 2141 4509 sit
2192 4459 2478 4515 secundum
2526 4464 2829 4536 imaginem,
2864 4479 2912 4521 et
2961 4470 3087 4540 quid
3139 4474 3427 4530 secundum
3462 4454 3658 4534 simili-

2080 4547 2335 4604 tudinem.
2370 4550 2428 4607 Ρ.
2472 4551 2752 4609 ’.ἁπάντων
2782 4557 2892 4610 τῶν
2919 4560 3222 4629 γινομένων
3255 4563 3440 4633 μόνος.

2157 4638 2216 4691 Ὀ
2238 4642 2448 4712 Πατὴρ,
2482 4644 2672 4709 οὐσίας
2699 4646 2731 4718 ἢ
2762 4648 3041 4719 ἐνεργείας
3062 4653 3254 4723 ὄνομα,
3288 4654 3452 4711 Pater
3478 4674 3655 4715 essen-

2079 4731 2250 4799 titene,
2269 4750 2338 4787 an
2372 4735 2595 4792 actionis
2632 4755 2816 4794 nomen
2861 4743 2970 4796 sit?
3002 4743 3060 4798 P.
3099 4745 3242 4816 Πρὸς
3276 4746 3463 4819 ιτερον
3495 4751 3651 4818 αὖθις

2076 4825 2280 4897 πρόϐλη
2290 4845 2385 4897 μα.

2154 4916 2451 4991 Ἐρμηνεία
2502 4922 2582 4985 είς
2625 4922 2705 4987 τὸ,
2750 4924 2921 4996 Κύριε
2958 4927 3134 5000 Ἰησοῦ
3184 4932 3413 5003 Χριστὶ,
3442 4937 3469 4989 ὁ
3518 4935 3651 5002 Θεὸς

2072 5009 2251 5079 ἡμῶν,
2292 5012 2512 5082 ἐλέησον
2568 5014 2737 5083 ἡμᾶς.
2791 5016 2987 5087 Ἀμήν.
3058 5019 3336 5085 Expositio
3382 5025 3438 5078 in
3488 5026 3648 5095 illud,

2071 5100 2300 5159 Domine
2326 5104 2455 5161 Jesu
2484 5105 2727 5177 Christe,
2755 5107 2895 5165 Deus
2918 5126 3124 5181 noster,
3162 5116 3421 5174 miserere
3451 5123 3647 5178 nostri.

2070 5194 2264 5251 Amen.
2294 5195 2353 5249 P.
2387 5198 2594 5262 Παντὸς
2617 5199 2971 5273 δογματικοὶ

2145 5288 2280 5357 Περὶ
2306 5291 2405 5361 τῆς
2438 5293 2750 5358 συντελείας
2779 5295 2869 5349 τοῦ
2910 5298 3123 5363 αἰῶνος.
3173 5299 3250 5355 De
3290 5302 3397 5371 [ine
3442 5306 3646 5362 tumuli.

2072 5377 2132 5434 P.
2171 5376 2340 5451 Εὗρον
2369 5383 2426 5435 ιν
2454 5386 2519 5455 τῇ
2555 5384 2853 5459 Ἐρμηνείᾳ
2876 5389 2979 5459 τῆς
3016 5392 3463 5462 Ἀποκαλύψεως.

2217 5490 2281 5572 in
2304 5491 2421 5572 lora
2456 5494 2757 5572 difﬁciliora
2795 5497 3012 5572 liasilii,
3048 5507 3325 5572 expositio.

2215 5561 2280 5615 In
2307 5563 2422 5617 loca
2451 5561 2752 5633 difficiliora
2788 5567 2839 5621 Ν
2847 5561 3148 5642 σκίαηαεηῖ,
3178 5579 3462 5643 expositio.

2144 5675 2236 5737 Εἰς
2267 5676 2365 5739 τὰς
2396 5678 2709 5746 ἐπιγραφὰς
2746 5681 2853 5735 τῶν
2886 5684 3150 5753 Ψαλμῶν,
3182 5688 3247 5742 In
3275 5691 3643 5761 inscriptiones

2069 5765 2431 5823 Psalmornm.
2463 5768 2525 5825 P.
2550 5770 2671 5822 Τῶν
2706 5774 2762 5824 ἑν
2801 5776 2913 5837 τοῖς
2943 5777 3213 5846 Ψαλμοῖς.

2139 5862 2231 5927 Εἰς
2291 5861 2387 5927 τὰς
2439 5864 2751 5931 ἐπιγραφὰς
2798 5868 2905 5920 τῶν
2940 5870 3201 5943 Ψαλμῶν,
3260 5876 3353 5931 καὶ
3412 5879 3473 5933 τὸ
3516 5882 3645 5935 Διά-
