4424 6450
419 398 526 460 531

1576 388 1942 450 DIATRIBA
1982 387 2078 447 DE
2117 361 2447 448 PSELlJS.

3571 389 3677 452 531

416 504 839 562 accommolare
903 504 1103 567 voluit,
1175 502 1427 574 contigit.
1495 501 1624 556 Mihi
1684 512 1829 555 certe
1887 516 1996 554 non
2031 497 2402 559 ATtteodorus
2468 516 2578 565 rex,
2633 500 2698 555 iis
2738 501 2982 570 cognitis,
3028 501 3082 556 in
3119 501 3387 558 Orientem
3441 504 3683 571 protinus

415 599 637 651 videtur
670 594 895 649 Michael
951 594 1184 658 Psellus,
1234 595 1328 665 qui
1376 593 1477 650 sub
1542 591 1900 647 Monomacho
1948 600 2002 644 et

416 685 587 743 Ducis
627 687 830 753 ﬂoruit,
873 701 939 741 eo
971 701 1143 756 usque
1184 685 1349 740 vitam
1398 684 1756 755 protraxissc,
1793 689 1851 734 ut
1880 694 2004 751 post

415 779 653 849 Philippi
689 780 918 843 obitum,
974 780 1040 832 de
1082 795 1190 847 quo
1248 795 1355 833 non
1398 789 1608 833 tantum
1646 788 1776 830 tunc
1808 791 2002 830 recens

413 876 690 928 exstincto
716 874 977 943 loquitur,
1005 873 1057 926 in
1085 872 1327 941 ejusdem
1349 872 1654 941 Dioptram,
1684 871 1809 925 licet
1836 870 1999 923 etiam

417 965 875 1034 μακροϐιώτατον
930 965 1247 1029 fecerimus,
1299 962 1516 1032 praefari
1569 963 1825 1032 poluerit.
1878 960 2002 1012 Phi-

415 1051 598 1119 lippus
634 1053 778 1105 enim
816 1065 960 1103 anno
1011 1049 1149 1104 1105
1177 1048 1479 1112 scribebat,
1522 1058 1577 1101 ιιι
1620 1048 1734 1117 ipse
1778 1047 1996 1100 fatetur.

426 1163 585 1217 Ἰδοὺ
616 1166 725 1231 ⁴γὰρ
751 1164 869 1217 ἀπὸ
893 1162 998 1216 τοῦ
1021 1163 1277 1230 Χριστοῦ
1302 1163 1437 1230 ἄχρι
1463 1162 1539 1228 δὴ
1564 1162 1658 1215 καὶ
1692 1160 1801 1227 τῆς
1823 1161 1999 1226 δεῦρο

416 1235 809 1299 Πεπλήρωται
835 1234 904 1285 τὰ
922 1236 1107 1301 χίλια,
1129 1233 1279 1300 πρὸς
1296 1233 1363 1285 δὲ
1384 1234 1479 1285 καὶ
1500 1234 1717 1285 ἑκατόν
1740 1248 1822 1297 γε,

414 1304 521 1357 Καὶ
559 1306 740 1357 πέντε
769 1305 867 1357 ἐπὶ
896 1305 1127 1369 τούτοις
1157 1320 1244 1371 γε,
1287 1303 1525 1371 ἓωςνκίιὶ
1561 1302 1666 1354 τοῦ
1697 1301 1832 1363 νῦν,
1868 1303 1997 1371 ἔτη,

416 1376 518 1427 Ἂν
537 1374 589 1427 δ’
608 1373 865 1444 ἁριθμῇς
895 1374 962 1427 ἐκ
994 1373 1103 1441 τῆς
1129 1372 1325 1441 ταφῆς
1357 1370 1463 1437 τῆς
1491 1375 1725 1435 τούτου,
1750 1370 2001 1456 ’καρήτοῦ

414 1515 736 1584 Πεερύκασι
761 1530 824 1583 γε
855 1514 1020 1582 χίλια
1048 1512 1455 1582 ἐϐδομήκοντα
1484 1511 1579 1565 δύ.
1750 1439 2002 1511 [παθους

488 1627 627 1681 Ecce
663 1631 801 1681 enim
849 1644 878 1679 a
934 1624 1143 1682 Christo
1190 1642 1355 1693 usque
1416 1626 1469 1678 in
1521 1633 1830 1691 prtrsentem
1864 1623 2001 1675 diem

414 1716 663 1784 completi
706 1727 827 1769 sunt
869 1715 1012 1768 mille
1058 1724 1105 1767 et
1151 1724 1381 1777 centum,
1444 1723 1493 1767 et
1534 1715 1745 1781 insuper
1785 1713 1852 1765 ad
1893 1715 2002 1765 lucc

416 1820 656 1873 tempora
684 1808 811 1859 anni
840 1808 1083 1875 quinque.
1119 1804 1178 1859 Si
1208 1822 1323 1859 vero
1347 1815 1619 1873 contputas
1650 1823 1681 1857 a
1727 1804 2001 1870 sepultura

412 1910 460 1952 et
515 1899 767 1966 passione
830 1899 1008 1961 illius,
1072 1908 1194 1952 sunt
1264 1898 1406 1952 mille
1468 1900 1804 1967 septuaginta
1872 1898 1995 1951 duo.

413 1992 576 2042 Anno
599 1986 852 2043 videlicet
880 1988 943 2042 l6
972 1988 1169 2053 Alexii,
1219 1997 1278 2041 ut
1327 1988 1468 2043 idem
1497 1989 1571 2041 ait
1606 1986 1852 2050 inferius,

427 2098 611 2167 Ὁμοῦ
642 2117 706 2151 τε
735 2101 837 2163 ἐτη
871 2101 1142 2168 γίνονται
1169 2100 1287 2154 ἀπὸ
1317 2101 1574 2168 Χριστοῦ
1607 2101 1673 2154 τὸ
1704 2102 1894 2167 πάθος

414 2172 594 2222 Χιλιά
626 2169 1056 2238 ἐϐδομήκοντα,
1092 2171 1189 2224 καὶ
1224 2170 1332 2224 δύο
1364 2170 1432 2223 δὲ
1462 2173 1613 2237 πρὸς
1640 2174 1891 2236 τούτοις,

420 2240 532 2293 Τοῦ
567 2242 849 2303 Ἄνακτος
874 2240 1195 2294 ἑκκαίδεκα
1240 2240 1513 2304 Ἀλεξίου
1542 2242 1775 2311 ἀρτίως.

488 2350 669 2406 Simul
694 2352 821 2406 anni
850 2353 983 2421 ﬁunt
1027 2369 1059 2405 a
1089 2351 1286 2407 Christi
1321 2354 1569 2420 passione
1597 2354 1743 2407 mille
1788 2364 2001 2423 septua-

413 2440 564 2507 ginta
624 2443 750 2502 duo,
806 2442 1137 2509 imperatoris
1183 2441 1359 2494 Alexii
1405 2441 1689 2495 'sexdecim
1735 2441 1999 2510 complcti.

413 2532 529 2585 Nec
592 2534 766 2599 potuit
817 2533 910 2586 illo
968 2534 1157 2587 eodem
1212 2548 1355 2586 anno
1419 2531 1704 2603 Philippus
1765 2536 1999 2604 ingentis

417 2624 586 2679 studii
623 2640 688 2680 ac
746 2626 953 2680 laboris
985 2642 1125 2695 opus
1176 2627 1494 2681 absolvisse.
1557 2628 1626 2680 At
1680 2628 1997 2693 absolverit,

415 2718 677 2771 statimne
747 2719 813 2771 ad
872 2733 1065 2772 manus
1142 2720 1385 2772 omnium
1472 2723 1652 2787 potuit
1713 2721 2000 2789 pervenire

417 2809 790 2877 adornarique
846 2810 1164 2878 prmlatione
1228 2810 1390 2863 etiam
1461 2811 1677 2864 Pselli?
1740 2810 1895 2876 Quod
1951 2812 1997 2866 si

416 2911 697 2956 momento
757 2902 946 2955 eodem
1014 2902 1214 2955 factum
1269 2902 1324 2955 id
1380 2917 1502 2957 esse
1566 2902 1995 2971 allirmabimus,

417 2990 632 3047 Psellus
682 3004 828 3048 certe
862 2994 983 3063 plus
1039 2994 1197 3047 annis
1246 3001 1465 3047 centum
1502 3002 1663 3049 natus
1699 2997 1994 3061 scribebat,

416 3090 472 3136 et
519 3083 877 3138 verisimilius
912 3092 996 3137 est
1036 3084 1203 3137 alium
1234 3084 1302 3137 ab
1338 3085 1440 3138 hoc
1467 3085 1649 3139 Psello
1681 3085 1871 3141 fuisse.
1924 3087 1997 3141 De

419 3177 564 3229 notis
600 3176 715 3230 sive
754 3176 1002 3240 scholiis,
1034 3193 1155 3244 qum
1192 3192 1255 3229 ex
1302 3176 1481 3231 Psello
1529 3177 1583 3231 in
1638 3178 1861 3248 Dioptra
1912 3179 1997 3233 in-

419 3275 701 3330 seruntur,
740 3282 845 3321 non
874 3266 986 3338 [62]
1039 3282 1265 3330 moror;
1329 3268 1409 3321 vel
1462 3268 1606 3323 enim
1655 3284 1684 3322 a
1733 3269 1995 3338 praefante

418 3355 619 3422 Psello,
679 3373 741 3411 ex
805 3359 1097 3426 antiquiori
1157 3356 1354 3423 Psello,
1422 3371 1480 3413 ut
1540 3359 1715 3415 aliinis
1768 3360 1995 3431 gloriam

420 3460 789 3517 propagaret;
851 3452 931 3505 Vcl
974 3467 1004 3505 a
1044 3452 1339 3518 scribente,
1401 3453 1482 3507 vel
1530 3454 1743 3521 legente
1788 3456 1996 3509 adnexa

420 3550 587 3607 sunt;
626 3545 679 3596 ni
713 3545 1103 3602 eumdemmet.
1130 3544 1289 3612 cujus
1324 3545 1414 3598 illa
1450 3544 1863 3615 praefatiuncula
1890 3555 1994 3613 est,

420 3633 737 3685 eorumdem
789 3633 1118 3686 scholiorum
1178 3642 1461 3689 auctorem
1523 3650 1822 3705 agnoscere
1869 3636 1999 3690 veli-

423 3738 564 3774 mus.
637 3722 772 3777 lllud
820 3724 984 3777 etiam
1051 3725 1182 3777 tuihi
1241 3740 1339 3779 nec
1401 3727 1537 3780 satis
1590 3728 1836 3795 planum,
1900 3742 1999 3782 nec

420 3820 631 3867 certum
654 3824 759 3878 est,
794 3830 996 3868 annum
1030 3815 1187 3877 1105,
1221 3832 1346 3870 cum
1379 3817 1601 3885 Dioptra
1652 3819 1998 3873 scribebatur

422 3917 623 3956 annum
678 3903 850 3958 Alexii
896 3914 1112 3959 sextum
1184 3906 1456 3961 decimum
1488 3908 1677 3973 fuisse,
1743 3924 1865 3962 cum
1899 3949 1913 3974 ,
1951 3910 1995 3964 si

426 4007 574 4048 recte
617 4010 885 4050 annorum
943 3998 1116 4053 series
1163 4009 1533 4068 computetur,
1594 4000 1760 4054 fuerit
1818 4016 1997 4055 annus

421 4084 796 4156 illiusimperii
825 4090 893 4143 25
919 4105 934 4154 ;
970 4105 1148 4144 rerum
1178 4090 1323 4144 enim
1346 4092 1547 4159 potitur
1570 4107 1711 4147 anno
1735 4092 1886 4147 108l.
1919 4092 2001 4147 ld-

420 4193 524 4247 que
545 4194 640 4247 pro
658 4181 934 4235 tractatuli
960 4181 1188 4252 hujusce
1209 4183 1473 4238 brevitate
1500 4183 1747 4240 innuisse
1770 4194 1852 4239 sat
1875 4185 1994 4243 fuit.

490 4269 727 4328 LXXIX.
777 4272 1074 4340 Meursius,
1121 4276 1268 4331 notis
1316 4276 1372 4330 in
1419 4277 1664 4331 carmina
1715 4276 1880 4333 Pselli
1942 4280 1995 4334 in

422 4360 643 4417 Cantica
700 4366 1040 4420 canticorum
1113 4375 1263 4421 notat
1326 4360 1448 4437 post
1507 4368 1655 4424 hunc
1717 4368 1994 4434 Psellum,

423 4454 588 4508 alium
662 4456 827 4510 etiam
909 4455 1078 4512 fuisse
1151 4456 1477 4514 Michaelum
1545 4460 1832 4524 Psellum,
1912 4463 1995 4515 vi-

2105 592 2276 646 redire
2327 602 2583 656 maturat,
2653 592 2884 648 Lascare
2932 596 3101 662 patris
3141 596 3424 661 avunculo,
3469 605 3517 649 et
3574 593 3684 648 Mi-

2102 685 2279 739 cltaele
2323 683 2500 738 Psello
2531 702 2647 739 cum
2693 688 2899 757 exiguis
2930 689 3115 756 copiis,
3172 697 3352 753 utpote
3409 689 3680 751 trecentis,

2100 778 2154 831 in
2202 776 2498 832 Occidentis
2528 780 2835 844 prtesidium
2877 779 3072 832 relictis
3109 777 3379 844 Perilapo,
3413 788 3473 830 ~et
3514 779 3683 831 rieitto

2104 872 2299 924 tractui
2357 870 2626 925 Theodoro
2674 871 3019 939 Calampaci,
3068 887 3218 939 quem
3283 869 3473 924 Totam
3534 870 3683 923 Aula:

2102 963 2565 1032 cognominabant,
2594 962 2938 1016 Constantino
2989 961 3249 1016 Chabara:
3293 960 3486 1013 Albani
3542 975 3683 1027 prat-

2102 1054 2361 1121 ferturam
2421 1053 2802 1115 demandauit;
2864 1054 2991 1105 ini/ti
3047 1062 3222 1105 autent
3278 1068 3578 1114 supremum
3628 1052 3681 1103 in

2102 1146 2278 1203 omnes
2321 1148 2594 1211 imperium
2625 1146 2867 1200 tradidit.

2176 1259 2304 1327 Sed,
2329 1269 2388 1314 ut
2412 1274 2598 1314 vermn
2626 1258 2823 1321 fatear,
2852 1259 3109 1311 mcmlum
3141 1257 3195 1310 in
3222 1257 3327 1311 hoc
3359 1256 3479 1311 loco
3504 1257 3684 1311 inche

2103 1352 2444 1422 suspicabar.
2467 1351 2604 1405 Cum
2641 1350 2785 1404 enim
2820 1350 3157 1419 reliquorum
3190 1348 3456 1406 omnium.
3482 1349 3683 1417 quibus

2102 1443 2400 1495 exercitum
2456 1439 2883 1495 demandavcrat
2967 1439 3285 1507 imperator,
3346 1440 3566 1492 nomina
3632 1450 3685 1492 ct.

2103 1534 2427 1601 cognomina
2487 1537 2852 1599 apponantur,
2912 1527 3165 1582 Lascaris
3225 1528 3400 1583 solum
3459 1543 3680 1593 nomen,

2105 1638 2211 1676 non
2239 1637 2300 1675 ex
2340 1637 2489 1676 more
2521 1636 2641 1685 suo,
2700 1621 2939 1675 tacuisse
2995 1620 3262 1674 videbam.
3296 1619 3520 1684 Deinde,
3557 1634 3679 1673 cum

2104 1714 2232 1777 alia,
2275 1727 2375 1766 nec
2426 1712 2650 1766 minoris
2699 1712 3204 1773 considerationis,
3252 1711 3413 1764 unius
3455 1718 3682 1763 tantum

2104 1820 2249 1857 curre
2278 1803 2686 1864 demamlasset,
2743 1803 2893 1856 nulla
2935 1801 3222 1856 videbatur
3270 1802 3409 1855 ratio
3446 1804 3585 1856 duos
3625 1802 3680 1855 in

2107 1895 2333 1949 minimo
2396 1895 2615 1961 negotio
2667 1891 3016 1962 prteiecisse,
3087 1900 3142 1946 et
3205 1891 3499 1945 ridiculum
3549 1906 3683 1946 sane

2105 1995 2207 2051 est,
2263 1994 2370 2038 tam
2418 1986 2645 2052 exiguas
2679 1984 2889 2052 copias,
2928 1991 3202 2036 trecentos
3255 1983 3491 2047 scilicet,
3547 1981 3682 2037 viris

2103 2078 2317 2131 duobus
2342 2075 2780 2129 commendasse.
2821 2073 2933 2129 lmo
2958 2074 3061 2126 alia
3113 2071 3362 2141 ejusdem
3416 2071 3681 2137 auctoris,

2102 2169 2169 2223 de
2191 2169 2381 2223 eodem
2412 2177 2731 2237 argumento
2761 2166 2953 2229 editio,
2996 2164 3252 2219 Lascaris
3290 2166 3488 2218 nomen
3524 2163 3683 2218 nobis

2106 2261 2317 2324 inserit,
2351 2274 2448 2312 nec
2476 2257 2711 2311 Psellum
2741 2255 3175 2310 comminiscitur
3212 2262 3303 2319 ;et
3332 2268 3457 2308 cum
3480 2254 3683 2324 saepius

2102 2353 2157 2407 in
2215 2352 2290 2406 rei
2343 2358 2509 2418 gestas
2559 2349 2873 2402 narratione
2931 2347 3126 2399 horum
3190 2346 3435 2398 omnium
3486 2344 3681 2398 notitia

2100 2454 2155 2498 et
2184 2442 2533 2513 cognomina,
2588 2440 2653 2494 ad
2718 2438 3000 2493 fastidium
3032 2452 3229 2508 usque,
3271 2444 3502 2507 repetat,
3535 2434 3684 2491 Psel-

2104 2539 2214 2591 lum
2282 2535 2445 2589 istutn
2518 2548 2799 2601 nunquam
2862 2532 3129 2585 nominat.
3196 2528 3340 2585 Duas
3407 2529 3678 2600 siquidem

2101 2628 2347 2697 ejusdem
2405 2626 2650 2680 historia:
2708 2624 2967 2687 ἐκδόσεις,
3002 2623 3293 2687 editiones,
3324 2622 3677 2691 conscripsit,

2102 2720 2353 2784 alteram,
2406 2732 2569 2787 quam
2627 2716 2949 2770 Theodorus
3000 2714 3180 2769 Dousa
3241 2712 3427 2769 Graece
3469 2720 3523 2767 et
3571 2710 3680 2767 La-

2103 2813 2211 2866 tine
2281 2811 2609 2881 publicavit,
2666 2809 2923 2874 brevem,
2993 2808 3308 2871 concisam,
3368 2822 3481 2860 non
3544 2819 3679 2859 nar-

2102 2914 2311 2959 rantem
2342 2943 2357 2967 ,
2413 2903 2506 2958 scd
2560 2910 2774 2956 tantum
2840 2901 3013 2970 digito
3064 2915 3178 2955 rem
3240 2906 3678 2966 monstrantem,

2099 2994 2252 3069 [63]
2334 2996 2564 3064 ideoque
2644 2994 3076 3064 perobscuram,
3170 3000 3223 3048 et
3310 2992 3677 3059 decurtatam,

2099 3103 2263 3160 quam
2302 3088 2345 3142 si
2386 3087 2611 3141 alterius
2653 3085 3037 3155 compendium
3061 3084 3288 3149 dixeris,
3323 3101 3432 3139 non
3464 3084 3677 3140 errabis

2102 3194 2131 3233 a
2168 3194 2336 3249 secpo
2367 3195 2381 3244 ;
2410 3178 2635 3233 alteram
2675 3178 2954 3244 dillusam,
2985 3194 3092 3233 non
3142 3178 3413 3249 praecipua
3472 3180 3676 3241 solum,

2101 3269 2198 3325 sed
2259 3269 2481 3323 minima
2540 3285 2792 3339 qumque,
2842 3270 3084 3323 oratorio
3131 3269 3461 3338 quandoque
3503 3283 3676 3333 more,

2098 3368 2482 3430 exponentem,
2524 3372 2577 3414 et
2629 3360 2783 3429 quasi
2842 3360 3240 3415 commentario
3277 3401 3292 3426 ,
3338 3362 3572 3416 obscura
3620 3368 3676 3416 et

2098 3450 2266 3504 ardua
2305 3451 2692 3504 illustrantem.
2720 3451 2894 3515 Hanc,
2926 3466 3047 3520 quae
3072 3450 3306 3506 Psellum
3340 3465 3446 3505 non
3469 3450 3635 3505 habet
3660 3491 3676 3515 ,

2098 3545 2187 3598 cui
2223 3544 2566 3598 clucidandae
2617 3542 2913 3597 nonnullas
2950 3545 3114 3598 horas
3167 3543 3429 3614 impendi,
3467 3543 3676 3599 diutius

2098 3634 2239 3705 apud
2272 3650 2378 3699 me,
2411 3637 2647 3689 maximo
2678 3636 2991 3705 reipublicae
3024 3636 3300 3691 litterariae
3322 3637 3539 3700 damno.
3572 3636 3676 3690 im-

2098 3728 2299 3780 morari
2329 3742 2435 3779 non
2472 3727 2667 3796 patiar.
2724 3729 2839 3793 sed,
2894 3743 3016 3781 cum
3084 3727 3319 3797 primum
3385 3743 3478 3796 per
3532 3728 3678 3785 vires

2100 3816 2300 3882 licebit,
2334 3820 2455 3871 usui
2491 3819 2711 3887 publico
2763 3820 3088 3875 excudetur.
3139 3820 3528 3875 Libentissime
3589 3821 3677 3876 hic

2101 3912 2257 3982 plura
2298 3914 2542 3968 auctoris
2583 3915 2941 3982 ascriberem,
2992 3923 3051 3970 ut
3100 3916 3229 3986 quid
3270 3917 3410 3970 inter
3468 3926 3676 3971 utram-

2100 4020 2208 4074 que
2248 4007 2543 4060 editionem
2585 4008 2823 4068 intcrsit,
2868 4007 3009 4061 facta
3068 4009 3357 4064 collatione
3407 4023 3675 4078 agnosce-

2102 4112 2209 4161 res,
2238 4098 2334 4153 sed
2369 4098 2531 4152 nimis
2564 4098 2719 4167 longa
2754 4099 3003 4153 oratione
3056 4101 3429 4170 prosequitur,
3470 4109 3523 4155 et
3569 4102 3675 4155 iter

2100 4204 2258 4243 suum
2297 4192 2363 4242 ad
2396 4189 2695 4257 Prilapum,
2738 4192 2917 4260 spatio
2967 4192 3132 4245 trium
3202 4193 3471 4247 mensium
3554 4208 3677 4262 per-

2104 4291 2282 4334 actum
2320 4298 2335 4346 ;
2368 4291 2417 4334 et
2450 4279 2649 4347 Prilapi
2700 4285 3195 4352 expugnationem;
3227 4285 3440 4338 tandem
3497 4283 3677 4339 infeli-

2100 4389 2217 4427 cem
2261 4373 2425 4441 hujus
2462 4374 2826 4441 expeditionis
2871 4375 3031 4429 linem
3066 4393 3080 4440 ;
3108 4377 3174 4429 de
3195 4376 3395 4444 quibus
3427 4376 3481 4431 in
3515 4376 3677 4433 editis

2100 4479 2200 4517 nec
2248 4464 2472 4519 verbum
2526 4464 2744 4532 quidem
2789 4473 2896 4518 est.
2962 4465 3143 4519 Pauca
3185 4475 3365 4520 tamen
3423 4481 3522 4535 pro
3560 4465 3674 4535 jam

421 4562 539 4600 rum
604 4548 924 4616 militarem,
984 4550 1086 4605 sub
1138 4551 1423 4608 Theodoro
1504 4553 1762 4620 Lascari,
1840 4556 1996 4626 cujus
2030 4571 2071 4624 [ι
2100 4556 2337 4625 ascripto
2380 4556 2521 4619 loco,
2550 4558 2644 4625 (ml
2678 4556 2844 4610 veluti
2884 4557 2937 4610 in
2979 4569 3197 4627 gustum
3250 4557 3413 4612 dabo.
3490 4559 3547 4612 Ὀ
3576 4558 3676 4629 μὲν

422 4640 735 4694 meminerit
789 4640 1058 4711 Georgius
1114 4643 1445 4714 Logothetes
1503 4648 1555 4700 in
1606 4647 1711 4701 illis
1762 4648 1991 4703 verbis:

434 4732 490 4784 '0
516 4732 573 4785 δὲ
624 4732 875 4801 βασιλεὺς
922 4736 1221 4807 Θεόδωρος,
1265 4738 1386 4789 ἐπεὶ
1438 4738 1565 4808 περὶ
1610 4738 1717 4790 τῶν
1764 4754 1993 4809 γεγενη-

424 4824 599 4894 μένων
649 4825 899 4890 ἐπύθετο,
946 4826 1178 4879 ἔσπευσε
1228 4829 1362 4899 πρὸς
1391 4830 1488 4898 τὴν
1519 4830 1633 4883 Ἕω
1668 4832 1993 4901 παλινοστῆ-

421 4933 531 4969 σαι.
569 4919 678 4971 Καὶ
706 4920 863 4986 ἀφεὶς
903 4923 961 4971 ὲν
993 4920 1362 4993 Θεσσαλονίκῃ
1401 4925 1497 4976 καὶ
1539 4925 1651 4986 τοῖς
1702 4924 1842 4976 κατὰ
1885 4926 1991 4975 Δυ-

423 5009 563 5076 σμὴν
606 5012 828 5080 μέρεσιν
867 5014 944 5073 εἰς
996 5012 1223 5080 φύλαξιν
1269 5013 1358 5065 τὸν
1414 5016 1816 5081 πατρόπαππον
1852 5015 1993 5066 Οείον

421 5099 583 5153 αὑτοῦ
650 5103 933 5172 Λάσκαριν
1003 5105 1096 5155 καὶ
1152 5105 1373 5173 Μιχαὴλ
1429 5106 1521 5157 τὸν
1586 5107 1793 5160 Ψελλὸν
1855 5113 1989 5179 μετὰ

425 5193 621 5262 μικροῦ
651 5195 1083 5265 στρατεύματος.
1112 5197 1234 5249 ὅσον
1266 5199 1343 5259 εἰς
1383 5201 1728 5269 τριακοσίους
1751 5203 1992 5273 ἠριθμη-

426 5285 640 5352 μένους,
693 5285 786 5339 τοῦ
841 5305 898 5340 τε
955 5288 1256 5358 Πριλάπου,
1306 5291 1396 5341 καὶ
1454 5290 1522 5343 τὰ
1574 5291 1753 5362 πέριξ,
1803 5296 1991 5363 ἀφῆκε

422 5376 696 5446 Θεόδωρον
744 5379 1152 5448 Καλαμπὰκην,
1199 5380 1257 5433 ὃν
1308 5382 1403 5434 καὶ
1453 5383 1630 5435 Τατᾶν
1674 5386 1770 5453 τῆς
1820 5388 1989 5457 αὐλῆς

422 5470 823 5537 κατωνόμαζον·
851 5471 940 5525 τὸν
971 5471 1027 5524 δὲ
1072 5473 1479 5527 Κωνσταντίνον
1502 5475 1591 5527 τὸν
1623 5476 1880 5546 Χαόαρᾶν
1912 5480 1993 5541 εἰς

423 5557 716 5627 ἠγεμονίαν
736 5560 825 5613 τοῦ
862 5560 1141 5627 Ἀλὸάνου,
1168 5566 1264 5631 ἐμὲ
1287 5564 1343 5616 δὲ
1368 5565 1582 5619 πάντων
1610 5567 1986 5637 προΐστασθαι.

2097 4641 2190 4700 οὖν
2228 4646 2479 4715 βασιλεὺς
2506 4646 2800 4716 Θεόδωρος,
2837 4648 2958 4699 ἐπεὶ
3011 4648 3119 4699 τῶν
3173 4648 3559 4719 γεγενημένων
3617 4652 3675 4702 ὲν

2095 4741 2160 4809 τῇ
2194 4739 2300 4791 τῶν
2333 4738 2775 4806 Μουσουλμάνων
2802 4737 3029 4791 ἐπύθετο
3062 4739 3233 4810 χώρᾳ,
3279 4739 3339 4792 οὐ
3373 4740 3499 4810 περὶ
3548 4739 3674 4793 τού-

2097 4848 2204 4884 των
2256 4829 2456 4899 μᾶλλον
2496 4830 2634 4899 ἔχων
2661 4830 2935 4900 φροντίδα,
2960 4832 2993 4900 ἢ
3028 4832 3157 4901 περὶ
3190 4832 3296 4884 τῶν
3326 4833 3510 4895 αὑτοῦ,
3532 4833 3674 4901 (κεν-

2094 4922 2247 4975 δυνον
2279 4922 2386 4992 γὰρ
2417 4920 2476 4973 οὐ
2520 4921 2713 4991 μικρὸν
2745 4920 3157 4991 ὲπισυμϐαίνειν
3190 4925 3301 4985 τοῖς
3348 4923 3676 4991 Ῥωμαϊκοῖς

2098 5014 2406 5067 ὑπετόπασε
2437 5012 2680 5083 χώροις),
2730 5013 2962 5065 ἔσπευσε
3002 5015 3133 5083 πρὸς
3164 5017 3260 5084 τὴν
3295 5016 3408 5067 Ἕω
3449 5015 3672 5068 παλινσ-

2098 5106 2314 5172 στῆσαι.
2348 5107 2459 5158 Καὶ
2517 5105 2580 5173 δὴ
2644 5105 2823 5155 πᾶσαν
2878 5105 2977 5172 τὴν
3046 5104 3355 5176 Ῥωμαϊκὴν
3412 5107 3672 5176 στρατιὰν

2100 5196 2219 5266 μεθ’
2267 5196 2461 5249 ἑαυτοῦ
2508 5195 2846 5266 προσλαὸὼν,
2882 5197 2980 5264 τῆς
3013 5197 3146 5267 πρὸς
3190 5198 3287 5268 τὴν
3326 5197 3438 5250 Ἕω
3466 5194 3667 5267 φερού-

2098 5307 2196 5361 σης
2227 5291 2532 5359 ἐφήπτετο,
2577 5288 2957 5342 καταλελοίπει
3013 5288 3069 5341 δὲ
3104 5291 3159 5341 ἐν
3194 5306 3251 5341 τε
3298 5293 3361 5359 τῇ
3395 5290 3663 5343 Θεσσαλο-

2101 5383 2225 5452 νίκῃ
2260 5384 2353 5434 καὶ
2386 5384 2496 5444 τοῖς
2519 5380 2657 5434 κατὰ
2692 5381 2914 5451 Δυσμὴν
2944 5381 3185 5450 μέρεσιν,
3210 5380 3284 5443 ὡς
3315 5382 3452 5451 «pb;
3497 5381 3667 5450 φύλα-

2100 5473 2180 5539 ξιν
2210 5472 2371 5541 δῆθεν
2393 5473 2490 5540 τῆς
2522 5470 2707 5542 χώρας
2737 5472 2827 5524 τὸν
2854 5471 2989 5541 πρὸς
3034 5471 3263 5524 πάππου
3321 5471 3463 5525 θεῖον
3498 5473 3665 5526 αὑτοῦ

2098 5567 2191 5619 τὸν
2220 5566 2519 5636 ἷΛάσκαριν
2567 5565 2805 5635 Μιχαὴλ,
2866 5564 3058 5635 μικρόν
3107 5581 3158 5616 τι
3190 5566 3282 5618 καὶ
3337 5565 3665 5619 εὐσύνοπτον

1928 5724 2153 5780 NOTAE.

508 5830 592 5900 (ιη)
642 5829 838 5904 Georg.
898 5831 1210 5905 Acmpolita
1250 5849 1301 5905 p.
1339 5835 1404 5890 76
1446 5850 1563 5908 seq.
1613 5839 1814 5895 Allatii.
1876 5840 2046 5900 Paris.
2077 5840 2233 5909 1615,
2268 5840 2361 5897 l‘ol.
