4424 6446
403 391 1079 430 m

959 616 2140 800 MICHAELIS
2271 627 3043 805 PSELLI

1240 1022 1815 1181 OPERUM
1916 1028 2269 1141 PARS
2357 1030 2801 1145 PRIMA

1798 1331 2229 1378 COMPLECTENS

1082 404 1907 435 ππ

1910 406 3587 440 W

1355 1552 1741 1646 OPERA
1817 1551 2654 1647 THEOLOGICA;

717 2247 1550 2380 EPMHNEIA
1665 2248 2128 2382 ΚΑΤΑ
2257 2248 2898 2384 ΠΑΡΑΦΓ

1910 2248 2128 2380 TA
2257 2248 3315 2386 ΠΑΡΑΦΡΑΣΙΝ

1127 2536 1352 2623 ΤΟΥ
1425 2537 1936 2627 ΑΣΜᾹΤΟΣ
2033 2541 2258 2627 ΤΩΝ
2376 2543 2898 2629 ΑΣΜΛΤΩΝ

506 2786 947 2839 ΣΥΛᾹΕΓΟΥΣᾹ
988 2785 1124 2839 ΑΠΟ
1149 2784 1235 2838 ΤΕ
1262 2784 1394 2837 ΤΩΝ
1419 2785 1522 2838 ΕΙΣ
1549 2784 1772 2837 ΤυΥΤΟ
1801 2784 2198 2838 ΕΡΜΠΝΕΙΩἚ
2232 2785 2365 2837 ΤΟΥ
2386 2785 2587 2837 ᾹΓΙΟΥ
2618 2787 2997 2840 ΓΡΗΓΟΓΙυΥ
3031 2787 3325 2853 ΝΥΣΣΗΣ,
3377 2756 3519 2845 ΤΟΥ

1294 2921 1499 2975 ΑΓΙΟΥ
1524 2922 1802 2985 ΝΕΙΛΟΥ,
1828 2923 1946 2975 ΚΑΙ
1989 2923 2123 2975 ΤΟΥ
2154 2922 2357 2976 ΑΓΙΟΥ
2389 2922 2730 2977 ΜΛΞΙΜυΥ.

409 3497 1440 3654 EXPOSITIO
1556 3500 2312 3655 CANTIGI
2402 3498 3636 3658 CANTICORUM

1432 3832 1656 3923 PER
1762 3831 2595 3922 PARAPHRASIM

617 4068 935 4123 COLLECTA
975 4069 1055 4121 EX
1086 4069 1308 4122 SANCTI
1340 4069 1638 4123 GREGURII
1660 4070 1878 4123 NYSSIE
1914 4068 2285 4132 PONTIFICIS,
2327 4071 2408 4123 ET
2432 4072 2657 4125 SANCTI
2688 4072 2817 4124 NILI
2839 4072 2921 4127 ET
2945 4074 3170 4129 SANCTI
3195 4077 3426 4130 MAXIM!

1780 4197 2252 4250 COMMENTARIIS

486 4576 703 4647 Ἐπειδὴ
729 4576 820 4629 καὶ
846 4575 945 4639 τὰς
992 4576 1295 4647 Παροιμίας
1352 4577 1445 4630 καὶ
1491 4577 1582 4630 τὸν
1641 4580 1964 4652 Ἐκκλησια-
1995 4587 2038 4642 Β
2134 4578 2402 4643 Quoniam
2460 4587 2515 4632 et
2563 4578 2856 4634 Proverbia

1910 4598 1964 4633 :—
1995 4587 2038 4642 Β
2134 4578 2402 4643 Quoniam
2460 4587 2515 4632 et
2563 4578 2856 4634 Proverbia
2898 4586 2953 4634 et
3010 4580 3375 4637 Ecclesiasten
3437 4583 3634 4641 cecinit

409 4668 532 4739 στὴν
560 4669 809 4739 Σολομῶν
839 4666 1002 4742 ᾖσενο
1036 4669 1094 4721 ὲν
1127 4669 1224 4738 μὲν
1252 4672 1373 4733 ταῖς
1416 4671 1764 4741 Παροιμίαις,
1826 4674 1966 4725 ἀπο·
2072 4669 2349 4737 Salomon,
2410 4671 2463 4725 in
2494 4669 2802 4727 Proverbiis
2842 4687 2898 4742 (ῃ

1910 4689 1966 4725 ο-
2072 4669 2349 4737 Salomon,
2410 4671 2463 4725 in
2494 4669 2802 4727 Proverbiis
2842 4673 3060 4742 quidem
3093 4673 3377 4731 deterrens
3412 4688 3443 4730 a
3486 4677 3637 4732 vitiis

406 4760 731 4828 τρεπόμενος
768 4759 864 4819 μὲν
890 4757 998 4812 ἀπὸ
1030 4757 1123 4811 τοῦ
1154 4758 1324 4812 κακοῦ
1357 4775 1370 4788 ·
1422 4761 1865 4831 προτρεπόμενος
1906 4761 1965 4813 δὲ
2070 4767 2124 4813 et
2177 4760 2244 4814 ad
2279 4760 2509 4815 virtutes
2543 4759 2839 4815 cohortans
2895 4780 2898 4811 ρ

1910 4761 1965 4813 δὲ
2070 4767 2124 4813 ct
2177 4760 2244 4814 ad
2279 4760 2509 4815 virtutes
2543 4759 2839 4815 cohortans
2895 4766 3061 4830 atque
3120 4762 3405 4815 moraliter
3471 4762 3633 4815 insti-

407 4852 535 4920 πρὸς
554 4853 614 4903 τὸ
637 4851 859 4917 ἀγαθὸν,
901 4851 994 4903 καὶ
1026 4851 1389 4919 παιδαγωγῶν
1433 4853 1675 4922 ἠθικῶςο
1719 4855 1775 4905 ὲν
1796 4853 1852 4905 δὲ
1886 4853 1967 4921 τῷ
2072 4858 2275 4905 tuens:
2349 4850 2403 4904 in
2460 4848 2792 4906 Ecclesiaste
2843 4865 2898 4905 at

1910 4853 1967 4921 τῷ
2072 4858 2275 4905 tuens:
2349 4850 2403 4904 in
2460 4848 2792 4906 Ecclesiaste
2843 4860 3024 4906 autem
3080 4850 3388 4915 declarans,
3453 4867 3635 4907 rerum

406 4939 799 5012 Ἐκκλησιαστῇ
826 4940 1190 4996 ἀποδεικνύων
1213 4943 1320 4995 τῶν
1342 4944 1621 5014 παρόντων
1638 4944 1694 4997 τὲ
1714 4944 1962 5013 μάταιον,
2072 4941 2423 5011 praesentium
2478 4941 2795 5006 vanitatem,
2856 4956 2898 4997 e:

1910 4961 1962 5008 ιν,
2072 4941 2423 5011 praesentium
2478 4941 2795 5006 vanitatem,
2856 4956 3057 5011 easque
3091 4940 3471 5010 despiciendas
3506 4956 3609 4997 sua

406 5034 726 5086 καὶτούτων
782 5033 987 5087 πείθων
1038 5035 1415 5104 ὑπερφρονεῖν,
1466 5036 1560 5090 καὶ
1624 5035 1966 5090 ὲκπαιδεύων
2072 5032 2209 5087 dens
2246 5047 2309 5087 ac
2341 5030 2663 5087 naturaliter
2690 5031 2897 5088 docens

1910 5053 1966 5089 ον
2072 5032 2209 5087 dens
2246 5047 2309 5087 ac
2341 5030 2663 5087 naturaliter
2690 5031 2897 5088 docens
2948 5047 3014 5086 ex
3066 5032 3267 5101 quibus
3306 5030 3548 5085 charitas
3582 5030 3638 5083 in

407 5122 669 5189 φυσικῶς,
710 5122 770 5187 ἐξ
791 5116 865 5177 ὧν
899 5125 932 5194 ὴ
974 5124 1111 5194 πρὸς
1141 5125 1273 5179 Θεὸν
1298 5125 1483 5196 ἀγάπη
1503 5127 1833 5196 ὑφίσταται·
1878 5122 1965 5179 οἷα
2078 5125 2246 5180 Deum
2266 5123 2672 5194 proﬁciscatur,
2702 5139 2822 5194 qua:
2846 5126 2898 5177 ni

1910 5122 1965 5179 ἴα
2078 5125 2246 5180 Deum
2266 5123 2672 5194 proﬁciscatur,
2702 5139 2822 5194 qua:
2846 5125 3102 5178 nimirum
3156 5124 3225 5177 ab
3263 5137 3327 5178 eo
3364 5122 3507 5192 quod
3540 5122 3641 5177 bo-

405 5214 689 5269 κινούντων
721 5216 855 5287 πρὸς
880 5216 939 5270 τὸ
968 5217 1134 5281 ὅντως
1158 5218 1359 5287 ἀγαθὸν
1379 5218 1485 5271 ἀπὸ
1525 5218 1619 5273 τοῦ
1668 5220 1959 5290 νομιζομέ-
2073 5230 2205 5268 num
2236 5215 2475 5279 videtur,
2507 5214 2571 5268 ad
2611 5215 2660 5268 id
2711 5213 2854 5284 quod
2888 5231 2898 5256 π

1910 5221 1959 5271 έ-
2073 5230 2205 5268 num
2236 5215 2475 5279 videtur,
2507 5214 2571 5268 ad
2611 5215 2660 5268 id
2711 5213 2854 5284 quod
2888 5229 3012 5269 vere
3049 5214 3251 5268 bonum
3286 5219 3393 5275 est,
3426 5212 3639 5267 animos

406 5324 493 5361 νου
531 5307 621 5361 τὸν
662 5307 826 5361 πόθον
871 5309 1053 5379 ἡμῶν,
1084 5310 1177 5362 καὶ
1210 5312 1276 5363 τὰ
1303 5310 1481 5363 λοιπά.
2081 5317 2301 5365 nostros
2360 5309 2551 5365 incitet
2581 5316 2741 5378 atque
2767 5307 2891 5362 inﬂa

2081 5317 2301 5365 nostros
2360 5309 2551 5365 incitet
2581 5316 2741 5378 atque
2767 5307 3084 5372 inﬂammet,
3114 5315 3167 5363 et
3197 5307 3427 5375 reliqua.

1805 5605 2240 5638 -—.°-——-
