4424 6446
753 385 855 445 532)

2008 379 2421 441 MlCH.\ELIS
2472 378 2734 439 PSELLI
3887 362 3997 427 5H)

754 515 3967 551 ___________________________________.

1632 677 2158 814 ETEPA
2232 673 3101 808 ΕΞΗΓΗΣΙΣ

1397 929 1583 1015 ἘΙΣ
1708 928 1855 1011 ΤΟ
2002 924 2301 1013 ΑΣΜΑ

2435 920 2662 1007 ΤΩΝ
2789 915 3317 1007 ΑΣΜΑΤΩΝ

1316 1108 1679 1165 ΕΞΗῙἮΘΕΝ
1740 1107 1922 1163 ΠΑΡΑ
1999 1106 2136 1161 ΤΟΥ
2199 1101 2487 1157 ΨΕΑΛΟΥ
2558 1106 2669 1157 AIA
2737 1101 2987 1155 ΣΤΙΧΩΝ
3033 1094 3435 1153 ΠΟΛΙΤΙΚΩΝ.

1780 1435 2105 1548 ALIA
2201 1429 2965 1545 EXPOSITIO

1551 1673 1679 1764 IN
1755 1668 2359 1762 CANTICUM
2437 1664 3211 1755 CANTICORUM

1399 1878 1444 1935 A
1518 1873 1798 1935 PSELLO
1880 1867 2258 1930 VERSIBUS
2352 1866 2746 1928 CIVILIBUS
2836 1863 3350 1926 EXPLICATUM.

823 2198 961 2255 Cum
994 2197 1205 2252 animus
1246 2204 1372 2250 tuus
1396 2195 1638 2249 discendi
1666 2196 1919 2263 cupidus,
1957 2213 1989 2250 o
2012 2198 2316 2252 diademate
2346 2201 2399 2259 Α

756 2289 1037 2349 redimite,
1098 2302 1166 2340 eo
1219 2286 1490 2341 desiderio
1548 2296 1817 2347 tenealur,
1858 2298 1914 2339 ut
1978 2292 2319 2343 canticorum

754 2380 1044 2435 Canticum
1079 2392 1216 2431 nova
1244 2388 1296 2430 et
1324 2378 1469 2429 varia
1500 2379 1901 2445 explanationis
1928 2389 2087 2448 atque
2120 2382 2322 2435 intelli-

758 2473 958 2537 gentia:
994 2471 1204 2539 ratione
1239 2468 1551 2522 declaretur
1575 2509 1589 2531 ,
1624 2485 1689 2523 en
1734 2471 1996 2522 voluntati
2028 2486 2090 2526 ac
2139 2474 2323 2526 studio

760 2576 854 2619 tuo
884 2564 1263 2630 obsequimur,
1293 2562 1619 2629 imperator;
1645 2571 1809 2631 atque
1843 2561 2058 2615 Domini
2108 2568 2325 2617 univer-

759 2671 946 2709 surum
996 2653 1199 2707 auxilio
1257 2652 1402 2716 freti,
1439 2660 1606 2704 totam
1642 2653 1992 2707 Canticorum
2025 2656 2323 2722 expositio-

764 2762 885 2798 nem
946 2743 1179 2812 simplici
1237 2750 1291 2794 et
1367 2742 1574 2811 vulgari
1642 2744 1891 2797 oratione
1944 2747 2325 2798 concinnatam

761 2837 1059 2891 alteriznus.
1094 2834 1541 2903 Sapientiss'unus
1600 2836 1687 2889 ille
1741 2838 2003 2908 propheta
2046 2836 2325 2905 Salomon,

763 2930 986 2983 liavidis
1046 2929 1189 2982 [ilius
1247 2944 1309 2982 ex
1344 2944 1405 2981 ea
1467 2944 1587 2997 qua:
1612 2928 1717 2982 fuit
1752 2928 1916 2995 Urim,
1953 2933 2052 2984 tria
2081 2934 2324 3000 qua'dam

762 3020 813 3071 iu
848 3020 956 3071 vita
986 3019 1261 3072 volumina
1300 3020 1652 3087 conscripsit.
1711 3018 1887 3073 Unum
1925 3021 2227 3090 prudenter
2260 3024 2328 3076 ab

758 3110 1016 3164 Omnibus
1050 3108 1449 3162 Proverbiorunt
1502 3111 1723 3165 nomine
1780 3122 2145 3179 nuncupatur,
2181 3118 2325 3183 quod

762 3217 976 3255 tuorum
1057 3202 1304 3256 continet
1381 3202 1752 3271 disciplinam,
1847 3207 2324 3272 perturbationum

759 3293 926 3346 animi
966 3294 1429 3357 emendationem,
1493 3302 1750 3363 recteque
1803 3297 2016 3349 vivendi
2061 3298 2326 3351 rationem

758 3400 819 3436 ac
870 3382 1053 3437 divina
1081 3393 1347 3453 pra~cepta
1378 3402 1390 3438 :
1419 3387 1649 3439 alterum
1682 3384 2025 3441 Ecclesiastes
2059 3389 2125 3442 ab
2155 3389 2330 3441 homi-

766 3476 929 3531 nibus
996 3477 1321 3545 appellatur,
1401 3478 1544 3545 quod
1617 3478 1738 3531 vitae
1809 3482 2090 3547 przrsentis
2158 3483 2330 3549 aperit

2520 2202 2851 2270 Ἐπειδήπερ
2883 2201 2941 2251 τὸ
2972 2198 3266 2266 φιλομαθὲς
3306 2197 3363 2249 τὸ
3390 2196 3497 2257 σὺν,
3523 2190 3566 2248 ῶ
3614 2200 3940 2269 στεφηφόρε.

2440 2289 2871 2361 Ἕρμηνευθῆναι
2893 2290 3136 2358 γλίχεται
3170 2290 3266 2354 τὴν
3296 2288 3449 2356 ξένην
3477 2290 3569 2340 καὶ
3613 2291 3860 2360 ποικῖλην

2428 2383 2534 2435 Τοῦ
2569 2383 2677 2434 τῶν
2700 2382 2957 2451 ᾀσμάτων
2986 2382 3265 2449 ’ᾼσματος
3304 2380 3561 2446 ἐξήγησιν
3619 2381 3712 2432 καὶ
3780 2380 4004 2447 γνῶσιν,

2442 2474 2573 2527 ’ἰδού
2604 2492 2695 2525 σου
2728 2476 2799 2539 τῖι
2837 2473 3165 2539 θεσπίσματι
3191 2472 3522 2535 πεισθέντες,
3552 2472 3927 2541 αὐτοκράτωρ,

2430 2570 2538 2620 Καὶ
2576 2569 2673 2631 τὰς
2706 2568 2924 2629 ἐλπίδας
2958 2567 3175 2634 θέμενοι
3220 2567 3351 2632 πρὸς
3391 2565 3482 2616 τδν
3538 2567 3813 2634 Δεσπότην
3870 2568 4002 2617 πάδ-

3783 2658 3929 2728 [τω-λ,

2432 2750 2707 2819 Δηλοῦμεν
2736 2750 2832 2820 τὴν
2866 2750 3125 2819 ἐξήγησιν
3154 2750 3331 2802 πᾶσαν
3388 2766 3470 2800 σοι
3517 2748 3626 2799 τῶν
3697 2748 4004 2816 ’ᾼσμάτων,

2444 2844 2531 2896 Ἐν
2562 2844 2957 2912 ἁπλουστέραις
2981 2842 3188 2907 λέξεσιν
3217 2842 3311 2893 καὶ
3363 2841 3898 2909 κατημαξευμέναις.

2436 2934 2501 2985 '0
2534 2933 2641 3002 γὰρ
2670 2935 2949 3004 προψήτης
2978 2929 3249 2999 Σολομῶν,
3285 2932 3311 2981 ὁ
3339 2932 3611 2993 πάνσοφος
3636 2930 3857 2987 ἐκεῖνος,

2442 3021 2500 3077 Ὀ
2530 3027 2657 3087 παῖς
2687 3040 2970 3093 τυγχανων
3010 3021 3102 3074 τοῦ
3135 3020 3316 3087 Δαϐὶδ,
3350 3018 3464 3071 ἀλλ’
3493 3020 3556 3070 ἐκ
3613 3018 3711 3087 τῆς
3757 3017 3848 3069 τοῦ
3903 3018 4005 3069 Οὖο

3771 3111 3932 3181 [ρίου,

2433 3211 2593 3275 Τρεῖς
2631 3206 3007 3275 συνεγράψατό
3044 3222 3193 3266 τινας
3237 3206 3294 3256 ὲν
3346 3204 3443 3273 βίῳ
3499 3204 3896 3273 πραγματείας’

2440 3303 2505 3353 'H
2538 3302 2631 3369 μὲν
2662 3300 2903 3350 καλεῖται
2930 3296 3191 3365 νουνεχῶς
3219 3298 3329 3354 τοῖς
3364 3296 3493 3346 πᾶσι
3523 3295 3857 3359 Παροιμίαι,

2435 3386 2676 3453 Ἔχουσα
2708 3385 2986 3436 παίδευσιν
3016 3383 3182 3451 ἠθῶν,
3225 3382 3412 3434 παθῶν
3447 3383 3861 3450 ἐπανορθώσεις,

2436 3477 2544 3527 Καὶ
2567 3478 2672 3527 τῶν
2708 3476 2997 3545 πρακτέων
3034 3472 3270 3541 συνεχῶς
3305 3475 3398 3524 καὶ
3456 3472 3605 3535 θείας
3634 3474 3935 3541 ὑποθήκας.

758 3570 1096 3622 vanitatem:
1154 3570 1395 3633 tertium,
1465 3569 1706 3636 domine,
1776 3572 1920 3640 quod
1977 3576 2325 3627 continenter
2360 3544 2399 3598 Β
2444 3566 2501 3617 ΊΙ

2257 3593 2325 3627 ,ιεΓ
2360 3544 2399 3598 Β
2444 3566 2501 3617 ΊΙ
2530 3566 2585 3618 δέ
2610 3584 2724 3627 πως
2740 3563 3233 3630 Ἐκκλησιαστὴς
3253 3562 3513 3632 κέκληται
3541 3566 3650 3625 τοῖς
3678 3563 4004 3629 ἀνθρώποις,

758 3662 1027 3727 sequitur,
1082 3670 1166 3714 est
1227 3661 1406 3729 ipsum
1463 3662 1741 3715 Canticum
1788 3667 2135 3727 canticorum,
2180 3669 2323 3735 quod

758 3752 979 3819 quidem
1010 3752 1105 3807 tihi
1134 3754 1413 3823 eleganter
1448 3752 1767 3813 admodum.
1825 3764 1876 3810 et
1913 3757 2015 3809 sub
2045 3760 2228 3823 specie
2265 3774 2329 3813 ac

758 3845 929 3915 ﬁgura
982 3846 1216 3914 quadam
1278 3846 1595 3913 nuptiarum
1653 3846 1819 3899 tradit
1854 3848 2103 3902 humanae
2136 3850 2331 3904 anima:

758 3937 1179 4006 perfectionem.
1242 3934 1530 4004 Sapienter
1558 3939 1702 3990 enim
1744 3942 2000 4008 proponit
2049 3939 2326 3994 Christum

710 4028 1051 4098 'sponsum,
1113 4044 1483 4098 sponsatnque
1550 4029 1757 4093 itidem,
1828 4030 2064 4083 animam
2141 4034 2327 4101 sponsi

758 4135 947 4175 amore
976 4124 1321 4191 languentem
1352 4132 1516 4190 atque
1545 4121 1955 4189 inﬂammatam,
1985 4130 2039 4177 et
2069 4124 2133 4176 ad
2183 4125 2328 4179 illius

758 4212 965 4281 gratias
998 4221 1052 4266 et
1082 4228 1306 4266 munera
1336 4213 1593 4268 velociter
1624 4214 2024 4284 pervolaulem.
2067 4214 2329 4269 Contiuet

760 4306 925 4359 etiam
965 4306 1111 4359 dicta
1164 4305 1412 4375 quaedam
1476 4305 1733 4361 Ecclesia:
1804 4309 2182 4377 congruentia.
2222 4308 2327 4363 Sed

757 4393 896 4462 jam,
949 4394 1243 4465 adjuvante
1277 4396 1407 4461 Deo,
1459 4397 1621 4451 verba
1673 4397 1999 4467 incipiamus
2060 4401 2327 4470 interpre-

761 4485 886 4539 tari.

1112 4771 1198 4825 Ex
1225 4772 1390 4825 tribus
1453 4774 1649 4828 sanctis
1696 4775 1969 4829 Panibus.

832 4887 873 4940 A
896 4884 1186 4941 Salomone
1207 4886 1530 4956 inscriptum
1558 4897 1641 4943 est
1661 4892 1995 4945 canticorum
2009 4891 2315 4956 Canticum,
2347 4896 2389 4957 C

762 4980 818 5035 in
849 4994 955 5049 quo
978 4994 1191 5049 sponsae
1214 4979 1469 5035 Ecclesiae
1491 4982 1540 5034 in
1560 4982 1837 5037 Christum
1860 4983 2033 5052 ipsius
2065 5000 2327 5052 sponsum

762 5086 916 5124 amor
937 5071 1267 5125 ostenditur.
1296 5069 1426 5123 Nam
1459 5081 1580 5141 post
1608 5074 2027 5129 Proverbiorum
2048 5075 2115 5129 ad
2148 5076 2322 5129 virtu-

765 5174 844 5217 tes
871 5164 1326 5229 cohortationem,
1381 5170 1435 5216 et
1495 5164 1933 5221 deltortationem
1989 5182 2019 5220 a
2055 5168 2225 5232 vitiis,
2274 5176 2329 5223 et

767 5262 891 5323 post
915 5269 1095 5309 rerum
1127 5254 1487 5309 humanarum
1520 5265 1685 5325 atque
1708 5257 2021 5312 mortalium
2075 5266 2326 5314 contem-

766 5355 915 5417 ptum
984 5362 1143 5415 quem
1179 5347 1248 5401 ab
1307 5346 1630 5403 Ecclesiaste
1683 5349 1969 5411 didicerat,
2031 5353 2176 5404 canit
2225 5352 2329 5419 ipsi

767 5440 982 5507 Sponso
1006 5437 1225 5494 Christo
1252 5440 1502 5509 paciﬁco,
1529 5442 1672 5510 quod
1698 5450 1751 5495 et
1775 5442 1929 5495 nobis
1952 5457 1981 5494 a
2008 5440 2117 5495 Deo
2148 5442 2326 5498 factus

765 5543 849 5587 est
867 5548 991 5603 pax,
1021 5542 1073 5587 et
1093 5547 1189 5602 per
1231 5534 1469 5600 seipsum
1500 5549 1599 5588 nos
1631 5535 1774 5588 Patri
1806 5549 1905 5590 suo
1931 5535 2328 5591 reconciliavit.

768 5622 886 5687 Qua
940 5624 1159 5693 quidem
1192 5623 1457 5678 charitate
1496 5625 1731 5679 lidelium
1766 5626 2064 5679 Ecclesiam
2091 5626 2330 5694 despon-

770 5717 851 5769 dit
875 5716 975 5770 sibi
1004 5716 1186 5770 divina
1222 5716 1437 5771 ratione
1463 5732 1524 5771 ac
1574 5718 1689 5787 lege
1718 5719 1972 5786 spiritali.
2006 5728 2058 5772 ct
2116 5718 2329 5772 revela-

776 5809 924 5865 tEone
961 5811 1344 5880 mysteriorum
1391 5812 1596 5884 qumdc
1629 5813 1745 5884 ipso
1773 5813 1973 5869 tradita
2029 5824 2155 5868 sunt
2202 5829 2330 5868 crn-

2430 3659 2502 3709 Τὸ
2538 3660 2761 3725 μάταιον
2792 3656 3118 3708 διδάσκουσα
3161 3655 3220 3706 τὸ
3255 3654 3347 3705 τοῦ
3383 3654 3649 3723 παρόντος
3684 3654 3799 3721 βίου

2446 3751 2509 3801 Ἡ
2532 3750 2587 3801 δέ
2627 3768 2687 3813 γε
2722 3750 2877 3817 τρίτη
2915 3747 3151 3816 συνεχῶς
3175 3748 3382 3799 ἐκείνου
3419 3748 3769 3814 πραγματεία

2433 3840 2602 3910 (Αὕτη
2636 3842 2913 3909 τυγχάνει,
2944 3839 3195 3901 δέσποτα,
3222 3840 3281 3891 τὸ
3310 3834 3511 3908 ’ᾼσμα
3534 3839 3649 3889 τῶν
3680 3837 4005 3906 ᾀσμάτων),

2431 3936 2533 3985 Τὸν
2563 3934 2761 4004 τρόπον
2805 3931 3133 3998 καταγγελεῖ
3187 3948 3267 3982 σοι
3310 3930 3737 3997 ποικιλοτρύπως
3771 3929 3907 3996 ἄγαν

2430 4026 2539 4094 Τῆς
2570 4024 2902 4083 τελειώσεως
2930 4023 3097 4090 αὐτῆς
3125 4021 3311 4089 ψυχῶν
3340 4020 3447 4071 τῶν
3504 4019 3883 4088 ἀνθρωπίνων,

2442 4117 2580 4168 Ἀλλ’
2614 4116 2687 4178 ὡς
2717 4117 2773 4167 ἐν
2806 4114 3043 4183 σχήματί
3070 4130 3174 4164 τινι
3204 4110 3792 4180 σεμνονυμφοστολίας.

2431 4208 2615 4275 Σοςςῶς
2656 4207 2762 4275 γὰρ
2803 4206 3087 4271 ὑποτίθησι
3122 4204 3212 4254 τὸν
3248 4202 3345 4271 μὲν
3380 4201 3612 4268 Χριστὸν
3642 4199 3892 4268 νυμφίον,

2431 4301 2667 4369 Νύμφην
2697 4298 2753 4350 δὲ
2789 4297 2951 4349 πάλιν
2988 4297 3084 4364 τὴν
3116 4294 3294 4364 ψυχὴν
3325 4293 3535 4363 ἐρῶσαν
3558 4291 3650 4345 τοῦ
3678 4292 3931 4360 νυμφίου,

2432 4390 2541 4441 Καὶ
2572 4386 2977 4456 πεπωρωμένην
3012 4384 3175 4453 ἔρωτι
3207 4382 3366 4450 δῆθεν
3399 4381 3476 4449 τῷ
3498 4380 3590 4432 τοῦ
3644 4381 3900 4448 νυμφίου,

2432 4482 2539 4535 Καὶ
2567 4483 2701 4549 πρδς
2728 4479 2933 4530 ἐκείνου
2975 4477 3204 4545 χάριτας
3232 4473 3607 4539 ἀνιπταμένην
3635 4474 3795 4539 τάχα.

2435 4573 2587 4642 Ἐχει
2614 4572 2668 4623 δὲ
2700 4569 2925 4641 φράσεις
2954 4568 3045 4620 καί
3080 4583 3228 4627 τινας
3260 4566 3386 4635 περὶ
3412 4565 3509 4631 τῆς
3552 4563 3900 4633 Ἐκκλησίας.

2443 4664 2581 4719 Ἀλλ’
2606 4661 2978 4734 ἀπαρξώμεθα
3014 4659 3197 4710 λοιπὸν
3223 4657 3319 4709 σύν
3346 4674 3407 4724 γε
3434 4657 3550 4726 Θεῷ
3571 4656 3647 4726 τῷ
3672 4658 3850 4726 Λόγῳ.

2714 4776 2809 4826 Ἐκ
2842 4772 2960 4826 τῶν
2981 4769 3153 4838 τριῶν
3182 4769 3365 4837 ἁγίων
3401 4767 3696 4836 Πατέρων.

2496 4884 2687 4958 ’ᾼσμα
2739 4886 2999 4957 ᾀσμάτων
3044 4883 3120 4954 τῷ
3152 4881 3425 4950 Σολομῶνι
3482 4882 3917 4951 ἀναγέγραπται,
3947 4884 4005 4937 τὸ

2434 4981 2629 5051 δηλοῦν
2660 4980 2756 5049 τὴν
2784 4981 2919 5049 πρδις
2942 4979 3030 5031 τὸν
3087 4976 3320 5044 νυμφίον
3374 4975 3606 5045 Χριστὸν
3636 4974 3859 5041 ἀγάπην
3909 4979 4007 5045 τῆς

2434 5074 2650 5143 νύμφης
2682 5071 2841 5124 αὐτοῦ
2890 5070 3213 5137 Ἐκκλησίας
3236 5084 3249 5098 θ
3295 5066 3370 5127 ὡς
3402 5068 3465 5119 ὲκ
3496 5066 3593 5135 τῆς
3632 5067 3720 5121 διὰ
3748 5066 3855 5119 τῶν
3886 5069 4001 5120 na-

2437 5164 2661 5235 ροιμιῶν
2689 5165 3003 5233 προτροπῆς
3037 5161 3129 5213 καὶ
3159 5158 3497 5229 ἀποτροπῆς,
3531 5162 3623 5214 καὶ
3653 5160 3751 5226 τῆς
3784 5160 3870 5213 διὰ
3910 5158 4003 5211 τοῦ

2449 5254 2877 5324 Ἐκκλησιαστοῦ
2912 5252 3018 5306 τῶν
3058 5251 3407 5321 προσκαίρων
3457 5252 3854 5319 καταγνώσεως
3884 5252 4005 5321 ᾁδο·

2440 5351 2604 5417 μένης
2640 5346 2788 5415 αὐτῷ
2822 5346 2898 5419 τῷ
2932 5345 3149 5413 νυμφίῳ
3174 5344 3398 5412 Χριστῷ
3450 5344 3525 5412 τῷ
3556 5344 3832 5414 εἰρηνικῷ.
3884 5345 4004 5397 Ὅτι

2430 5459 2488 5494 τε
2539 5443 2669 5510 ἡμῖν
2721 5440 2909 5509 εἰρήνη
2969 5438 3078 5492 ἀπὸ
3132 5438 3265 5489 Θεοῦ
3320 5438 3571 5506 γέγονεν,
3630 5440 3720 5491 καὶ
3759 5441 3906 5507 ἡμᾶς
3939 5439 4005 5492 δι’

2427 5534 2620 5587 ἑαυτοῦ
2671 5532 2973 5602 κατήλλαξε
3010 5532 3084 5602 τῷ
3120 5533 3235 5600 ἰδίῳ
3274 5533 3470 5602 Πατρί.
3502 5532 3637 5584 Καθ’
3691 5534 3753 5601 ἢν
3786 5535 4005 5602 ἀγάπην

2426 5624 2690 5693 νυμφεύει
2725 5623 2902 5691 ἑαυτῷ
2940 5624 3036 5693 τὴν
3067 5622 3173 5674 τῶν
3207 5621 3413 5673 πιστῶν
3453 5622 3799 5690 Ἐκκλησίαν,
3833 5640 4004 5691 μυστ-

2430 5716 2661 5782 αγωγῶν
2708 5715 2876 5783 αὐτὴν
2940 5714 3267 5780 θεολογικῶς
3320 5715 3469 5783 νόμῳ
3541 5712 3896 5782 πνευματικῴ
3941 5716 3999 5765 ἐν

2430 5811 2493 5879 τῇ
2520 5807 2859 5877 ἀποκαλύψει
2884 5807 2992 5862 τῶν
3020 5809 3144 5876 περὶ
3176 5806 3341 5860 αὑτοῦ
3369 5807 3704 5876 μυστηρίων
3741 5806 3807 5875 ἣν
3875 5806 4003 5875 πρό’
