4424 6446
384 370 494 440 541

1388 378 1779 444 COMMENT.
1818 382 1900 442 IN
1928 382 2320 445 CANTICUM
2359 381 2657 446 CANTIC.

3540 378 3646 444 542

384 510 547 562 τερον
597 493 1047 565 ἐνυμφοστολησε
1098 493 1187 549 διὰ
1224 495 1334 549 τῶν
1370 494 1706 567 Παροιμιῶν,
1746 497 1837 548 καὶ
1872 493 1965 547 τοῦ
1995 501 2044 560 Α
2070 496 2131 551 dii

1905 493 1965 547 οῦ
1995 501 2044 560 Α
2070 496 2226 551 dicns
2258 496 2427 562 illam,
2457 510 2621 565 quam
2653 491 2805 565 prius
2834 503 2931 560 per
2988 486 3288 545 Proverbia
3359 492 3418 545 et
3458 486 3652 544 Eccle-

399 585 849 655 Ἐκκλησιαστοῦ
879 585 1307 657 παιδαγωγήσας
1334 588 1427 642 καὶ
1455 588 1820 650 ὲκπαιδεύσας
1851 587 1975 657 ἠθι-

384 678 498 740 κῶς
537 696 599 732 τε
636 679 738 733 καὶ
766 679 1034 749 φυσικῶς.
1081 678 1145 732 'H
1175 679 1268 732 οὖν
1338 680 1846 751 προμνηστευθεῖσα
1898 679 1975 748 τῷ

384 768 617 839 Χριστῷ
658 771 984 841 Ἐκκλησία,
1018 771 1107 825 διά
1144 787 1201 825 τε
1230 770 1325 825 τοῦ
1371 770 1620 842 γραπτοῦ
1677 772 1839 839 νόμου
1882 769 1976 822 καὶ

382 858 478 911 τοῦ
514 862 787 928 φυσικοῦ,
820 856 895 916 ὧν
936 863 1037 924 τὰς
1088 862 1345 933 δυνάμεις
1391 862 1640 932 Σολομῶν
1674 862 1729 916 έν
1752 881 1811 915 τε
1857 863 1975 924 ταῖς

384 948 735 1019 ιιαροιμίαις
771 951 865 1004 καὶ
888 950 967 1022 τῷ
1010 951 1410 1023 Ἐκκλησιαστῇ
1442 949 1563 1025 ᾖσε,
1596 953 1690 1005 καὶ
1726 952 1814 1004 διά
1866 951 1975 1003 τῶν

382 1042 441 1092 ὲν
480 1042 642 1113 πάσῃ
676 1046 744 1113 τῇ
774 1042 963 1113 Γραφῇ
996 1046 1092 1096 καὶ
1112 1046 1177 1113 τῇ
1208 1045 1380 1096 κτίσει
1410 1042 1691 1112 συμὸόλων
1742 1044 1975 1108 εἰσαγω-

384 1129 561 1194 γικῶς
596 1132 958 1185 παιδευθεῖσα
993 1134 1118 1195 τοὺς
1145 1132 1274 1203 περὶ
1311 1132 1565 1205 προνοίας
1616 1132 1709 1185 καὶ
1744 1132 1975 1196 κτίσεως

382 1220 589 1288 λόγους
614 1237 627 1251 ·
670 1225 782 1276 κὰκ
803 1224 1009 1276 τούτων
1039 1222 1345 1294 διδαχθεῖσα
1373 1224 1439 1277 τὰ
1471 1223 1605 1295 πρὸς
1658 1222 1828 1294 αὐτὴν
1880 1221 1973 1274 τοῦ

383 1314 633 1381 νυμφίου
660 1315 884 1385 φίλτρα.
938 1314 1184 1385 βούλεται
1241 1315 1427 1367 λοιπὸν
1476 1313 1801 1384 τελεώτερον
1848 1314 1971 1366 τού·

382 1418 515 1465 τους
553 1403 695 1472 παρ’
720 1403 881 1456 αὐτοῦ
916 1405 1009 1456 τοῦ
1048 1404 1182 1457 Θεοῦ
1212 1404 1386 1472 Λόγου
1417 1403 1559 1457 κατὰ
1587 1404 1683 1472 τὴν
1712 1404 1975 1473 ένσαρκον

383 1492 585 1545 τούτου
652 1496 963 1564 οἰκονομίαν
1011 1496 1158 1566 νόμῳ
1235 1496 1588 1567 πνευματικῷ
1637 1496 1971 1565 διδαχθῆναι,

385 1586 621 1654 ἀμέσως
656 1587 725 1638 δι’
758 1588 977 1656 ἀγάπης
1024 1589 1172 1658 αὐτῷ
1220 1588 1560 1657 κολληθεῖσα,
1608 1588 1706 1641 καὶ
1762 1586 1976 1656 πνεῦμα

384 1668 444 1730 ἓν
491 1680 769 1749 γενομένη
795 1682 851 1732 ἐν
885 1681 959 1750 τῷ
998 1683 1183 1751 νύμφη
1232 1680 1395 1735 αὐτοῦ
1432 1680 1786 1750 χρηματίσαι.
1837 1680 1972 1749 Φέρε

382 1772 570 1823 τοίνυν
599 1772 689 1824 ἐπ’
726 1773 894 1843 αὐτὴν
925 1772 1167 1843 ἔλθωμεν
1192 1773 1375 1825 λοιπὸν
1409 1774 1518 1827 τῶν
1575 1772 1835 1843 ῥημάτων
1871 1773 1972 1839 τὴν

383 1865 531 1935 ἐρμη
542 1866 722 1920 νείαν.

458 1957 788 2024 Φιλησάτω
811 1974 887 2026 με
917 1958 1032 2011 ἁ.τὸ
1055 1960 1410 2026 φιλημάτων
1436 1957 1736 2025 στόματος
1764 1953 1970 2008 αὐτοῦ.

918 2046 1038 2100 Τῶν
1069 2055 1115 2115 γ’
1151 2045 1447 2113 Πατέρων.

465 2136 707 2204 Ἠγουν,
737 2136 905 2197 Αὐτὸς
940 2135 986 2187 δ’
1017 2134 1209 2188 ἑαυτοῦ
1245 2134 1343 2204 τὴν
1380 2134 1504 2203 περὶ
1529 2130 1663 2203 ἐμοῦ
1699 2130 1977 2199 ὑπεράγα-

390 2227 483 2280 θον
507 2225 679 2279 αὑτοῦ
706 2224 900 2294 βουλὴν
922 2224 1188 2287 διδαξάτω
1249 2240 1338 2292 με,
1376 2224 1557 2290 λόγοις
1609 2222 1704 2274 καὶ
1738 2221 1974 2291 ,τρόποις

390 2323 451 2375 τδ
480 2322 733 2374 συνοῖσον
756 2319 1119 2372 ὑποδεικνύων
1148 2336 1259 2389 μοι.

477 2410 711 2475 Ἀταθοὶ
747 2410 973 2478 μαστοί
1020 2426 1136 2462 σου
1196 2408 1354 2475 ὑπὲρ
1413 2403 1602 2471 οἶνον,
1655 2411 1753 2460 καὶ
1813 2404 1974 2475 ὀσμὴ

388 2502 603 2572 μύρων
630 2514 748 2555 σου
772 2500 924 2569 ὑπὲρ
948 2499 1144 2553 πάντα
1181 2501 1253 2552 τὰ
1282 2496 1578 2565 ἀρώματα.

1006 2589 1192 2658 Τριῶν
1220 2588 1515 2658 Πατέρων.

468 2684 730 2747 Mus-:01);
757 2683 813 2737 δὲ
856 2683 1017 2736 πάλιν
1065 2682 1300 2737 ἐνταῦθα
1346 2681 1503 2734 καλεῖ
1558 2680 1626 2732 τὰ
1676 2679 1854 2749 δοχεῖα
1879 2677 1974 2731 τοῦ

398 2774 696 2840 γάλακτος,
726 2774 753 2825 ὃ
799 2775 907 2836 τοῖς
948 2774 1193 2827 ἀτελέσιν
1232 2774 1312 2826 ἔτι
1340 2775 1434 2827 καὶ
1483 2754 1698 2843 νητιίοις
1738 2771 1977 2840 προσφέρ

403 2879 518 2931 ρειν
556 2857 696 2915 οἶδεν
734 2865 761 2914 ὁ
790 2864 1059 2934 μακάριος
1090 2864 1325 2927 Παῦλος.
1373 2864 1545 2917 Γάλα
1592 2865 1725 2934 γὰρ.
1788 2862 1975 2931 φησὶν»

399 2953 561 3021 ὑμᾶς
588 2955 863 3019 ἐπότισα,
892 2957 962 3008 οὐ
1005 2954 1218 3023 ,βρῶμα
1243 2973 1255 2986 ·
1293 2957 1456 3009 οὔπω
1502 2956 1611 3023 γὰρ
1657 2955 1973 3008 ἐδύνασθε.

401 3049 477 3099 Oi)
510 3047 602 3098 διὰ
624 3046 780 3099 τοῦτο
809 3048 865 3099 δὲ
900 3047 1058 3117 μόνον
1101 3046 1329 3109 εἰκότως
1388 3048 1495 3099 τῶν
1547 3046 1766 3117 μαστῶν
1813 3049 1978 3115 ἐμνη-

2080 588 2285 641 siasten
2337 586 2621 640 moraliter
2650 596 2705 639 et
2739 579 3066 637 naturaliter
3093 587 3419 636 exornatam
3482 578 3653 634 insti-

2079 686 2273 734 tuerat.
2330 678 2574 735 Ecclesia
2630 678 2796 748 igitur
2837 674 3058 731 Christo
3118 672 3474 744 desponsata,
3531 686 3656 742 qua:

2079 785 2176 841 per
2226 772 2396 842 legem
2450 780 2563 825 tum
2611 772 2872 839 scriptam
2922 776 3039 823 tum
3060 766 3387 829 naturalem,
3415 776 3651 834 quarum

2081 864 2226 919 vires
2253 864 2305 918 in
2338 863 2655 919 Proverbiis
2685 872 2740 917 et
2765 860 3102 915 Ecclesiaste
3132 858 3393 912 Salomon
3422 870 3653 925 expres--

2079 963 2249 1019 serat,
2297 970 2507 1024 perque
2564 952 2735 1008 totius
2787 954 3074 1021 scriptura:
3095 958 3150 1005 et
3177 954 3445 1015 creatura:
3471 955 3651 1010 notas,

2079 1048 2235 1116 quasi
2275 1045 2532 1099 tirocinio
2551 1053 2605 1098 et
2633 1042 2959 1099 rudimentis
2983 1041 3311 1111 quihusdam
3339 1054 3400 1093 ea
3436 1037 3652 1099 didicit,

2077 1154 2198 1209 qua:
2223 1140 2287 1194 ad
2310 1138 2706 1208 providentiam
2734 1146 2788 1192 et
2815 1136 3148 1190 creationem
3173 1132 3655 1202 pertinent,atque

2079 1248 2145 1286 ex
2181 1232 2248 1285 iis
2287 1231 2665 1287 incredibilem
2692 1231 2875 1301 sponsi
2915 1244 3045 1300 erga
3075 1243 3133 1282 se
3158 1242 3399 1282 amorem
3436 1224 3653 1279 intelle-

2080 1325 2200 1389 xit;
2256 1325 2374 1378 vult
2425 1325 2653 1394 insuper
2701 1331 2760 1377 ut
2812 1322 3090 1393 perfectus
3137 1320 3253 1374 haec
3308 1320 3374 1372 ab
3405 1319 3526 1388 ipso
3556 1316 3651 1371 Dei

2077 1417 2258 1473 Verbo
2314 1433 2406 1487 per
2431 1418 2596 1488 hujus
2629 1417 2684 1471 in
2726 1430 2894 1470 carne
2920 1413 3388 1485 dispensationem
3418 1410 3652 1480 spiritali

2078 1510 2194 1579 lcgc
2219 1511 2502 1573 doceatur,
2532 1510 2651 1565 sine
2676 1509 2789 1563 ullo
2840 1506 3020 1561 medio
3068 1521 3167 1575 per
3195 1504 3517 1560 charitatem
3546 1502 3651 1572 ipsi

2078 1601 2392 1669 conjuncta,
2434 1615 2685 1669 unusque
2745 1598 2895 1654 facta
2951 1596 3179 1666 spiritus
3229 1609 3324 1663 per
3346 1594 3470 1656 hoc,
3503 1591 3651 1659 quod

2078 1707 2278 1762 sponsa
2339 1691 2460 1760 ejus
2526 1698 2770 1744 voci-tur.
2828 1693 2941 1759 Age
3002 1689 3171 1757 igitur
3194 1686 3260 1740 ad
3288 1687 3460 1755 ipsam
3484 1696 3652 1755 porro

2079 1783 2361 1836 veniamus
2410 1780 2698 1835 verborum
2764 1777 3297 1848 interpretationem.

2153 1937 2431 1993 Osculetur
2492 1954 2571 1992 me
2627 1936 2822 1991 osculis
2895 1937 3001 1987 oris
3055 1934 3161 1987 sui.

2538 2028 2623 2082 Ea:
2681 2029 2852 2081 tribus
2908 2025 3190 2080 Patribus.

2149 2122 2262 2178 Hoc
2292 2132 2375 2179 est
2404 2142 2416 2179 :
2450 2123 2571 2193 Ipse
2597 2138 2691 2192 per
2720 2136 2779 2177 se
2800 2121 3059 2189 optimam
3091 2131 3245 2172 suam
3277 2127 3405 2185 erga
3434 2127 3522 2167 me
3548 2126 3651 2167 vo-

2077 2215 2342 2269 luntatem
2396 2216 2591 2270 doceat
2628 2253 2642 2275 ,
2678 2212 2991 2281 verbisque,
3039 2216 3095 2265 et
3128 2207 3461 2271 rationibus,
3513 2203 3649 2276 quid

2076 2306 2349 2374 expediat,
2378 2305 2657 2359 ostendat.

2146 2396 2374 2451 Meliora
2426 2406 2546 2451 sunt
2587 2396 2749 2450 ubera
2792 2405 2881 2449 tua
2915 2396 3053 2460 uino,
3110 2402 3161 2448 et
3190 2395 3319 2448 odor
3359 2399 3649 2463 unguento-

2077 2506 2192 2543 rum
2245 2498 2453 2543 tuorum
2484 2504 2638 2558 super
2673 2488 2851 2541 omnia
2884 2494 3153 2540 aromata.

2643 2579 2819 2632 Trium
2836 2576 3082 2631 Patrum.

2150 2671 2321 2726 Ubera
2344 2685 2561 2726 rursum
2593 2670 2683 2724 liic
2698 2676 2859 2723 vocat
2888 2669 3045 2722 lactis
3087 2663 3468 2736 receptacula:
3499 2661 3647 2733 quod

2082 2762 2417 2832 imperfectis
2449 2762 2627 2815 adhuc
2660 2770 2714 2815 et
2740 2759 3043 2814 infantibus
3065 2757 3308 2826 praebere
3338 2747 3489 2807 novit
3520 2752 3647 2807 bea-

2080 2863 2169 2909 tus
2198 2854 2397 2908 Paulus
2430 2872 2443 2907 :
2480 2853 2589 2906 Lac
2628 2853 2794 2917 vobis,
2828 2851 3105 2919 inquiens,
3147 2858 3329 2919 potum
3360 2846 3499 2911 dedi,
3542 2860 3647 2900 non

2078 2946 2247 2998 cibum
2274 2962 2290 2997 :
2340 2946 2570 2997 nondum
2628 2943 2766 2995 enim
2795 2940 3047 3008 poteratis
3080 2940 3121 2992 ί.
3178 2936 3366 3006 Neque
3396 2949 3524 2990 vero
3547 2933 3650 2989 hac

2081 3040 2260 3093 solum
2314 3037 2380 3090 de
2416 3048 2581 3089 causa
2615 3034 2843 3087 uberum
2900 3046 3101 3100 sponsa
3133 3030 3463 3084 mentionem
3497 3024 3646 3089 fecit,

404 3135 671 3203 μόνιυσεν
733 3138 765 3205 ή
815 3135 1001 3205 νύμφη
1031 3152 1045 3166 ο
1130 3136 1243 3190 ἀλλ’
1310 3136 1497 3206 ἐπειδὴ
1540 3137 1632 3188 καὶ
1663 3139 1727 3206 τῇ
1780 3135 1977 3205 καρδίᾳ
2005 3180 2045 3206 η
2082 3148 2151 3185 εει

1901 3135 2045 3206 ita“
2082 3131 2176 3185 sed
2241 3130 2405 3184 etiam
2465 3128 2593 3196 quia
2660 3124 2965 3193 propinqua
3025 3132 3155 3176 sunt
3215 3118 3395 3185 cordi,
3452 3118 3648 3185 inquo

402 3226 819 3295 πλησιάζουσιν,
864 3220 986 3299 ὲνῇ
1034 3225 1095 3279 τὸ
1136 3227 1460 3296 ἡγεμονικὸν
1512 3227 1741 3296 ἵδρυται,
1792 3227 1885 3293 ἀφ’
1914 3220 1974 3279 οῦ

404 3317 734 3387 προχέονται
770 3320 818 3369 οἱ
850 3317 949 3385 τῆς
979 3318 1332 3379 διδασκαλίας
1382 3316 1620 3387 κρουνοί.
1692 3317 1974 3385 Θαυμάζει

403 3409 581 3463 τοίνυν
610 3408 704 3461 τοῦ
752 3410 986 3479 νυμφίου
1019 3412 1143 3471 τοὺς
1181 3410 1439 3479 μαστοὺς,
1483 3409 1558 3472 ὠς
1604 3408 1713 3460 τῶν
1758 3408 1975 3476 ἀγαθῶν

401 3498 768 3567 τυγχάνοντας
799 3498 1082 3567 κρουνοὺς,
1144 3500 1239 3552 καὶ
1268 3499 1593 3568 προσφόρως
1644 3499 1769 3561 τούς
1790 3516 1849 3550 τε
1880 3517 1973 3569 νη-

404 3592 560 3653 πίους
593 3590 672 3641 ἔτι
700 3588 826 3651 τούς
849 3607 907 3641 τε
941 3589 1183 3653 τελείους
1215 3591 1601 3660 διατρέφοντας
1628 3606 1642 3621 ·
1708 3590 1802 3643 καὶ
1828 3590 1974 3656 λέγει

409 3682 607 3743 αὐτοὺς
655 3679 895 3746 ἀγαθοὺς
944 3681 1083 3750 ὑπὲρ
1116 3677 1280 3750 οἶνον,
1339 3682 1397 3745 ὃς
1426 3680 1708 3752 εὐφραίνει
1748 3681 1976 3749 καρδίαν

404 3770 713 3838 ἀνθρώπου,
752 3776 891 3824 κατά
925 3771 1022 3841 τὴν
1061 3770 1211 3833 θείαν
1244 3773 1488 3841 Γραφήν.
1547 3771 1838 3841 Τροπικῶς
1869 3771 1977 3839 γάρ

414 3864 504 3916 τὸν
533 3862 677 3918 οἶνον
721 3864 1061 3936 εὐφροσύνην
1109 3865 1414 3936 ὠνόμασεν,
1448 3864 1617 3929 δεῖξαι
1655 3864 1978 3934 βουλόμενος

404 3963 483 4013 ὅτι
520 3963 698 4027 πάσης
762 3959 898 4029 ὁμοῦ
931 3962 1027 4029 τῆς
1054 3961 1110 4011 ἐν
1138 3960 1446 4028 ἀνθρώποις
1478 3960 1817 4031 εὐφροσύνης
1855 3960 1974 4028 μείς

407 4050 513 4113 ζων
540 4052 571 4120 ή
604 4049 754 4118 παρὰ
778 4049 887 4102 τῶν
937 4049 1100 4103 αὑτοῦ
1124 4048 1343 4118 δωρεῶν
1375 4051 1700 4119 ἐγγινομένη
1742 4050 1976 4119 θυμηδία

406 4144 516 4204 τοῖς
545 4140 847 4193 εὐσεὸέσιν.
876 4141 937 4192 Ei
969 4140 1025 4193 δὲ
1056 4140 1236 4209 βούλει
1286 4140 1383 4191 καὶ
1448 4139 1727 4211 μυστικῶς
1787 4139 1976 4208 νοῆσαι

406 4233 502 4300 τῆς
531 4232 749 4301 νύμφης
806 4233 873 4285 τὰ
928 4232 1165 4301 ῥήματα,
1228 4232 1420 4301 νόησον
1466 4233 1591 4296 τοὺς
1640 4234 1780 4302 ὑπὲρ
1836 4228 1978 4285 οἶνον

407 4319 853 4390 θαυμαζομένους
888 4320 1144 4390 μαστοὺς,
1173 4323 1297 4384 τοὺς
1337 4322 1607 4392 ἀρρήτους
1650 4322 1743 4375 τοῦ
1787 4324 1978 4375 θυσια-

409 4413 631 4482 στηρίου
661 4412 942 4481 κρουνοὺς,
976 4412 1044 4465 δι’
1073 4405 1147 4464 ὧν
1180 4412 1418 4475 ἅπαντες
1462 4415 1510 4465 οἱ
1556 4413 1654 4481 τῆς
1694 4413 1976 4473 εὐσεϐείας

405 4506 721 4597 τρεφόμεθα
770 4506 1046 4597 τρόφιμοι.
1099 4502 1229 4557 Εἶτα
1286 4506 1386 4575 τὴν
1445 4505 1626 4559 αἰτίαν
1690 4505 1838 4573 λέγει
1882 4504 1975 4559 τοῦ
2008 4542 2052 4597 D

406 4590 597 4643 πολλοῦ
628 4590 814 4657 πόθου,
847 4593 941 4645 καὶ
974 4593 1072 4660 τῆς
1112 4594 1247 4663 πρὸς
1270 4594 1431 4646 αὑτὸν
1483 4594 1703 4661 ἀγάπης
1758 4593 1868 4647 τῶν
1903 4594 1977 4665 μὴ

405 4681 739 4751 ἡττηθεισῶν
796 4684 860 4753 τῇ
917 4681 1027 4734 τῶν
1080 4685 1435 4754 προσκαίρων
1530 4686 1712 4754 σχέσει
1768 4685 1976 4755 ψυχῶν,

405 4776 709 4841 φάσκουσα,
751 4776 833 4829 ὅτι
870 4776 1101 4845 Ἀγαθοί
1117 4779 1341 4846 μαστοί
1369 4792 1487 4832 σου
1505 4778 1656 4847 ὑπὲρ
1672 4774 1860 4843 οἶνον,
1880 4780 1981 4833 καί

404 4865 561 4935 ὀσμὴ
591 4867 792 4935 μύρων
814 4882 929 4921 σου
953 4868 1105 4936 ὑπὲρ
1124 4869 1319 4923 πάντα
1341 4871 1414 4924 τὰ
1450 4871 1747 4939 ἀρώματα.

473 4962 678 5027 Μύρον
724 4959 1061 5013 ἐκκενωθὲν
1099 4961 1287 5031 ὄνομά
1308 4978 1444 5017 σου·
1478 4962 1574 5016 διὰ
1626 4964 1802 5017 τοῦτο
1844 4961 1977 5017 νεά-

401 5049 565 5117 νιδες-
592 5050 923 5118 ὴτάπησάν
951 5067 1045 5107 σε.

472 5142 667 5194 Εῐτουν
691 5140 920 5209 Ἀγαθαί
944 5144 1081 5197 εἰσιν
1105 5145 1137 5213 ἡ
1160 5144 1320 5211 φύσις
1351 5146 1458 5200 τῶν
1500 5145 1639 5199 ὅλων
1666 5148 1761 5200 καὶ
1788 5147 1976 5218 ήΓρα-

403 5234 499 5301 φὴ,
549 5232 955 5304 λαμδανόμεναι
1008 5236 1084 5299 ὠς
1124 5237 1223 5306 τῆς
1251 5237 1513 5306 ἀληθείας
1578 5238 1844 5309 σύμϐολα,
1883 5242 1978 5295 καὶ

401 5323 490 5379 οἷα
524 5327 623 5397 μὲν
648 5326 809 5396 μαζοί
836 5346 927 5381 σου
977 5329 1309 5399 χορηγοῦσαι
1339 5332 1473 5401 ἡμῖν
1526 5331 1702 5402 ἁπλῆν
1742 5336 1974 5403 τροφὴν,

402 5418 502 5490 τὴν
528 5420 624 5488 τῆς
651 5422 731 5483 είς
758 5419 817 5472 σὲ
848 5421 1101 5487 πίστεως,
1142 5417 1229 5475 οἷα
1260 5422 1315 5475 δέ
1360 5441 1444 5486 τις
1468 5423 1624 5493 ’ὀσμὴ
1658 5424 1845 5494 μύρων
1882 5441 1975 5476 σου

407 5506 797 5578 μηνύουσαιτά
827 5511 1211 5580 πνευματικῶς
1253 5513 1401 5582 ἡμᾶς
1432 5512 1789 5576 εὐωδιάζοντα
1840 5531 1979 5566 παν-

406 5593 589 5662 άγαθά
631 5611 727 5648 σου
756 5597 1059 5669 θελήματα,
1088 5601 1212 5655 καθ’
1236 5600 1271 5655 ἃ
1305 5602 1375 5656 τά
1436 5602 1614 5657 πάντα
1663 5605 1973 5672 γεγόνασιν,

518 5775 536 5806 ⁸
568 5774 587 5828 l
618 5773 741 5829 Cor.
778 5792 859 5843 ιιι,
884 5777 936 5830 2.

2004 3180 2046 3241 ε
2082 3220 2354 3291 praecipua
2390 3180 2590 3271 mentis
2640 3223 2725 3270 est
2764 3180 2958 3278 sed-es,
3000 3213 3144 3266 unde
3179 3209 3443 3265 doctrina:
3470 3180 3649 3261 fontes

2078 3318 2357 3369 emanant.
2392 3308 2593 3379 Sponsi
2636 3307 2799 3377 igitur
2830 3305 2993 3359 ubera
3027 3304 3106 3357 uti
3139 3303 3409 3357 bonorum
3468 3297 3649 3355 fontes

2078 3404 2401 3465 admiratur,
2473 3417 2539 3455 ex
2608 3399 2809 3469 quibus
2883 3394 3174 3451 commode
3229 3401 3346 3447 tum
3407 3389 3649 3446 infantes

2080 3495 2279 3557 adhuc,
2310 3504 2422 3547 tum
2455 3493 2622 3547 etiam
2660 3490 2883 3561 perfecti
2932 3488 3271 3542 nutriuntur.
3304 3486 3488 3553 anue
3512 3482 3648 3537 dicit

2078 3604 2199 3643 esse
2227 3586 2447 3640 meliora
2469 3587 2609 3647 vino.
2642 3584 2809 3653 quod,
2842 3582 3039 3636 divinae
3070 3577 3368 3648 Scriptura:
3394 3574 3649 3631 testimo-

2081 3685 2171 3735 nio
2230 3696 2324 3735 cor
2382 3680 2621 3734 hominis
2676 3675 2969 3731 exliilarat.
3010 3672 3262 3742 Figurate
3283 3668 3428 3723 enim
3460 3666 3645 3721 vinmn

2081 3774 2317 3827 laetitiam
2350 3772 2659 3842 appellavit,
2696 3778 2754 3822 ut
2792 3766 3013 3822 cunctis
3069 3760 3323 3824 humanis
3354 3757 3649 3828 voluptati-

2085 3869 2186 3921 bus
2242 3876 2504 3935 praastare
2557 3864 2865 3917 declararet
2908 3857 3149 3914 laetitiam
3186 3854 3353 3917 illam,
3417 3864 3539 3921 qua:
3581 3863 3650 3904 ex

2082 3960 2259 4027 ipsius
2317 3957 2478 4011 donis
2535 3956 2601 4009 ad
2631 3954 2750 4024 pios
2802 3949 3191 4021 proﬁciscitur.
3223 3942 3378 4011 Quod
3406 3942 3452 3996 si
3482 3941 3648 3995 ubera

2086 4049 2320 4119 mystice
2381 4047 2545 4101 etiam
2612 4044 2697 4098 vis
2758 4040 3105 4109 intelligere,
3163 4049 3258 4104 per
3330 4032 3496 4087 ubera
3556 4029 3649 4084 illa

2082 4137 2401 4193 admiranda
2430 4144 2485 4191 et
2542 4136 2667 4190 vino
2697 4132 3104 4203 praestantiora,
3133 4125 3310 4197 cogita
3347 4119 3650 4177 ineﬂ'abiles

2083 4232 2207 4284 illos
2236 4229 2425 4282 altaris
2483 4225 2686 4289 fontes,
2718 4239 2783 4277 ex
2835 4220 3037 4290 quibus
3070 4230 3261 4271 omnes
3291 4227 3394 4268 nos
3430 4210 3650 4282 pietatis

2081 4323 2284 4376 alumni
2316 4320 2612 4375 nutrimur.
2664 4314 2803 4367 Tum
2861 4310 3095 4381 ingentis
3142 4303 3400 4362 desiderii
3445 4302 3533 4356 sui
3595 4308 3652 4355 et

2081 4414 2395 4469 dilectionis
2449 4425 2578 4480 erga
2648 4411 2828 4478 ipsum
2882 4404 3215 4464 animarum,
3278 4412 3403 4469 quae
3464 4409 3649 4451 rerum

2080 4505 2350 4564 ﬂuxarum
2408 4500 2692 4572 cupiditati
2767 4512 2877 4552 non
2928 4494 3363 4554 succubuerunt,
3429 4501 3650 4543 causam

2087 4596 2313 4667 exponit
2338 4596 2563 4648 dicens:
2624 4589 2892 4655 Quoniam
2947 4587 3109 4639 ubera
3139 4594 3231 4636 tua
3278 4580 3500 4635 meliora
3526 4583 3651 4633 sunt

2083 4694 2245 4747 vino:
2302 4698 2351 4745 et
2384 4687 2515 4743 odor
2576 4690 2965 4754 unguentorum
3018 4688 3230 4731 tuorum
3290 4686 3445 4741 super
3471 4668 3653 4724 omnia

2084 4789 2349 4835 aromata.

2159 4961 2492 5031 Unguentum
2539 4956 2769 5023 eﬁusum
2800 4964 2989 5005 nomen
3046 4955 3195 5001 tuum
3224 4959 3243 4998 :
3292 4942 3408 4997 ideo
3469 4937 3655 4993 adola-

2082 5054 2335 5112 scentula:
2359 5050 2660 5105 dilexerunt
2690 5053 2758 5098 te.

2154 5147 2209 5202 ld
2242 5155 2360 5201 est:
2387 5143 2549 5197 Bome
2581 5147 2708 5194 sunt
2739 5142 2939 5190 natura
2981 5143 3165 5184 rerum
3196 5133 3253 5182 et
3277 5126 3573 5194 scriptura,
3606 5119 3653 5175 si

2080 5241 2299 5310 quidem
2352 5232 2697 5302 accipiantur
2758 5225 2925 5282 veluti
2980 5220 3231 5278 veritatis
3285 5215 3555 5288 symbola,
3597 5218 3655 5266 et

2082 5306 2203 5400 qua:
2252 5330 2424 5382 instar
2475 5323 2707 5378 uberum
2766 5318 2986 5387 quidem
3013 5320 3307 5382 suggerant
3334 5306 3497 5363 nobis
3518 5306 3653 5361 sim-

2083 5396 2279 5494 plicem
2308 5421 2518 5483 cibum,
2568 5414 2690 5482 ejus
2721 5409 2976 5465 videlicet
2999 5419 3122 5475 quae
3167 5403 3224 5457 in
3256 5412 3309 5456 te
3347 5409 3452 5465 est,
3482 5396 3605 5452 fidei
3631 5413 3649 5463 ;

2085 5519 2249 5578 atque
2279 5508 2451 5561 instar
2472 5502 2662 5558 odoris
2689 5497 2975 5567 cujusdam
2999 5500 3399 5563 unguentorum
3430 5498 3649 5540 tuorum

2083 5576 2313 5655 doceant
2334 5595 2569 5666 optimas
2592 5591 2899 5647 voluntates
2930 5594 3077 5651 tuas,
3130 5596 3251 5654 quae
3277 5593 3379 5636 nos
3402 5576 3650 5647 fragram
