4424 6446
777 409 880 472 [43

2033 396 2446 460 MICHAELIS
2505 395 2765 457 PSELLI

3919 387 4020 449 5H

776 534 859 577 tcs
910 521 1116 592 optimo
1166 520 1333 575 odore
1383 518 1638 587 efficiant,
1699 535 1793 590 per
1826 532 1962 589 quas
2009 519 2343 574 exstiterunt
2372 514 2521 574 Αὐπ

2285 524 2343 571 nt
2372 518 2418 574 Α
2446 514 2587 582 ὑπὲρ
2623 509 2716 566 τοῦ
2753 509 2877 564 καθ’
2907 509 3107 572 ἑαυτὰς
3156 506 3553 578 λαμϐάνεσθαι,
3609 505 3701 558 καί
3725 503 3880 569 δίκην
3935 510 4030 573 μὲν

780 617 1061 669 universa.
1094 611 1149 667 Si
1183 613 1328 667 enim
1388 612 1686 666 secundum
1719 626 1776 667 se
1801 612 1916 667 ista:
1967 612 2309 681 accipiantur
2332 652 2346 677 ,

781 707 957 760 instar
987 703 1202 774 quidem
1232 704 1339 759 vini
1370 712 1604 759 mentem
1634 715 1888 759 amovent
1933 719 1963 759 a
1998 705 2101 760 fide
2151 706 2203 759 in
2238 714 2288 761 te
2332 722 2345 759 :

780 796 935 863 quasi
963 810 1093 850 vero
1122 802 1365 849 aromata
1398 795 1668 863 quaedam,
1701 810 1821 864 qua:
1844 795 2101 851 videntur
2148 796 2349 851 habere

781 896 975 939 natura
1002 902 1099 941 sua
1149 902 1369 941 suavem
1426 889 1671 951 odorem,
1730 888 1795 941 ad
1840 905 1898 943 se
1924 890 2071 956 ipsas
2104 889 2346 953 trahunt,

777 996 885 1048 quo
919 979 1023 1034 frui
1073 981 1236 1034 libeat
1263 981 1427 1036 rebus
1476 981 1790 1035 carnalibus
1818 990 1873 1035 et
1906 982 2220 1037 mundanis.
2257 981 2347 1038 Sic

778 1084 995 1137 natura,
1056 1075 1296 1142 inquam,
1328 1084 1381 1127 et
1412 1074 1703 1143 scriptura,
1745 1075 1910 1130 veluti
1942 1084 2344 1146 unguentorum

780 1166 935 1230 odor,
959 1176 1079 1221 tuas
1108 1168 1391 1221 declarant
1415 1168 1743 1223 voluntates.
1780 1169 1913 1223 Nam
1982 1170 2202 1224 bonitas
2233 1181 2343 1233 tua,

782 1257 954 1310 instar
1008 1259 1264 1328 unguenti
1326 1258 1510 1323 effusi,
1546 1260 1598 1313 in
1660 1275 1852 1313 omnes
1906 1267 2211 1321 creaturas,
2250 1274 2346 1328 per

776 1349 1249 1418 participationem
1286 1365 1354 1403 ex
1403 1352 1453 1404 vi
1491 1366 1679 1420 sparsa
1719 1351 2061 1405 demonstrat
2085 1362 2133 1405 te
2159 1368 2342 1407 rerum

778 1440 1020 1494 omnium
1055 1450 1355 1506 auctorem,
1383 1458 1447 1495 ex
1504 1442 1820 1496 nominibus
1858 1444 2104 1497 indicans
2133 1459 2193 1498 ea
2228 1460 2346 1512 qua:

779 1531 1158 1584 communicas
1214 1532 1507 1593 universis,
1538 1532 1847 1601 cujusmodi
1883 1543 2029 1598 sunt,
2064 1550 2183 1598 ens,
2211 1537 2343 1601 vita,

776 1621 1068 1688 sapientia,
1096 1628 1145 1672 rt
1174 1620 1545 1676 similia.Cum
1572 1625 1732 1692 igitur
1761 1636 1951 1677 natura
1979 1636 2023 1678 el
2053 1627 2340 1695 seriptura.

784 1714 829 1766 si
864 1712 966 1766 hoc
997 1714 1157 1766 modo
1187 1714 1548 1783 accipiantur,
1580 1716 1735 1769 bona:
1764 1716 1873 1769 sint
1900 1758 1913 1777 ,
1975 1718 2096 1773 ideo
2151 1720 2345 1773 anima:

776 1804 959 1857 dolum
989 1815 1041 1857 et
1067 1804 1331 1867 fraudem,
1365 1822 1485 1875 qua:
1512 1822 1577 1861 cx
1611 1822 1791 1860 rerum
1828 1808 2115 1862 tisibilium
2142 1812 2340 1879 specie.

776 1902 832 1949 et
852 1909 915 1946 ex
970 1898 1163 1947 litterre
1219 1908 1357 1949 sono
1413 1896 1684 1964 provenit,
1720 1898 2007 1959 evitantes,
2041 1902 2257 1953 diabolo
2293 1911 2344 1956 et

777 1986 1288 2051 perturbationibus
1313 1988 1608 2053 superatis.
1643 2006 1705 2042 ενι
1750 2007 1859 2058 quo
1888 2004 1942 2044 et
1967 1994 2343 2047 adolrsventu-

778 2076 842 2131 la:
864 2088 992 2131 sunt
1015 2081 1318 2148 appr-llatae.
1346 2081 1655 2135 dilexerunt
1677 2091 1746 2135 te.
1776 2083 1851 2137 Te
1876 2094 2054 2139 autem
2109 2087 2344 2158 dliigt‘ll-

775 2174 879 2231 tes,
904 2183 1064 2236 quem
1081 2185 1142 2222 ex
1164 2170 1275 2238 lege
1297 2180 1406 2223 tum
1429 2174 1630 2239 scripta
1652 2182 1778 2229 tunc
1795 2178 2030 2229 naturali
2046 2193 2165 2229 esse
2185 2194 2345 2248 sputi-

776 2272 899 2311 snn.
918 2259 1191 2315 Christum
1212 2263 1610 2325 intellexerant.
1630 2281 1659 2319 e
1680 2276 1904 2335 paterno
1922 2270 2044 2324 sinu
2067 2280 2346 2325 traxerunt

778 2361 847 2412 ti,
884 2354 972 2421 qui
1025 2362 1243 2421 propter
1275 2354 1395 2410 illos
1424 2358 1513 2424 qui
1540 2358 1772 2412 salutem
1812 2370 1939 2414 sunt
1972 2364 2239 2431 adepturi,
2290 2364 2343 2417 in

777 2456 943 2493 carne
973 2444 1193 2496 venisti.
1225 2442 1489 2513 Deinceps
1515 2448 1687 2515 inquit
1720 2465 1733 2500 :
1770 2447 1833 2501 In
1865 2449 2075 2504 odorem
2104 2468 2343 2522 unguen-

778 2540 954 2585 torum
985 2542 1194 2587 tuorum
1226 2552 1516 2601 rurremus,
1554 2539 1605 2593 id
1657 2548 1741 2594 est
1787 2556 2081 2612 sequemur
2108 2554 2177 2611 te,
2228 2561 2342 2597 mo-

779 2638 893 2676 lem
927 2634 1087 2694 atque
1116 2628 1423 2682 institutum
1446 2631 1745 2696 imitantes,
1771 2649 1881 2701 quo
1909 2650 2007 2689 nos
2038 2636 2103 2689 ad
2124 2651 2342 2691 sensum

778 2717 997 2782 optimm
1047 2721 1476 2777 voluntatisJuze
1508 2725 1829 2792 perduxisti,
1892 2727 1943 2781 id
1972 2738 2075 2791 est,
2121 2741 2175 2781 ut
2220 2732 2341 2783 ani—

780 2824 923 2860 mam
944 2824 1213 2877 ponamus
1240 2828 1338 2881 pro
1364 2815 1541 2870 salute
1566 2821 1887 2881 multorum,
1916 2820 2061 2889 quod
2091 2821 2346 2889 perfectae

779 2899 1067 2956 charitatis
1118 2902 1403 2967 indicium,
1461 2907 1643 2961 omnia
1696 2909 1878 2963 divina
1907 2914 2165 2968 mandata
2194 2931 2343 2970 com-

778 2990 1081 3055 plcctentis.

849 3080 916 3134 Et
950 3084 1096 3148 odor,
1134 3086 1329 3154 inquit,
1355 3098 1473 3141 tuus
1511 3108 1664 3155 super
1697 3095 1875 3146 omnia
1902 3105 2166 3149 aromata.

1316 3203 1491 3254 Trium
1548 3202 1793 3259 Patrum.

848 3308 1039 3363 Anima
1091 3325 1156 3365 ex
1203 3312 1405 3369 Christi
1444 3315 1687 3371 Ecclesia
1723 3335 1817 3388 per
1847 3322 2009 3376 vitam
2040 3324 2338 3394 perfectam

779 3396 882 3464 ipsi
918 3399 1267 3467 desponsata,
1297 3414 1350 3457 et
1375 3406 1607 3461 docendi
1640 3424 1838 3464 munus
1870 3423 2146 3479 assecuta,
2183 3428 2343 3486 atque

776 3489 901 3543 ideo
923 3490 1033 3558 jam
1063 3494 1256 3547 idonea
1279 3512 1398 3564 qure
1425 3499 1634 3553 animas
1662 3500 2097 3569 imperfectiores
2119 3508 2183 3562 ad
2218 3525 2339 3578 per-

777 3580 1065 3636 fectionem
1096 3586 1348 3649 adducat,
1379 3588 1459 3641 sie
1508 3605 1599 3644 eas
1631 3593 1928 3662 alloquitur
1961 3614 1974 3648 :
2018 3597 2335 3653 Introduxit

781 3688 859 3724 me
889 3675 1062 3727 rex'in
1086 3678 1380 3731 cubiculum
1416 3697 1592 3737 srmm.
1624 3682 1731 3738 Sua
1768 3688 2021 3742 nimirum
2050 3692 2232 3746 divina
2257 3703 2343 3748 at—

779 3777 888 3829 que
925 3779 1126 3818 arcana
1163 3770 1421 3837 mysteria
1452 3773 1647 3825 retexit
1681 3776 1809 3829 mihi
1855 3795 1868 3830 :
1900 3778 1950 3831 id
1992 3781 2135 3850 quod
2156 3793 2209 3838 et
2234 3801 2347 3839 ma-

779 3869 888 3924 gno
915 3858 1143 3928 contigit
1193 3858 1388 3927 Paulo,
1426 3864 1519 3932 qui
1552 3880 1723 3935 usque
1769 3868 1835 3921 ad
1869 3873 2088 3925 tertium
2145 3876 2342 3930 coelum

781 3945 1053 4009 sublatus,
1096 3947 1151 4002 id
1188 3961 1291 4013 est,
1336 3956 1591 4007 moralem
1647 3964 1701 4010 et
1748 3961 2049 4015 naturalem
2111 3964 2346 4033 philoso-

783 4036 965 4103 phiam
1013 4050 1453 4112 praetergressus,
1488 4046 1555 4099 ad
1590 4047 1916 4119 theologiam
1950 4068 2121 4123 usque
2152 4074 2341 4125 perve-

784 4128 888 4188 nit.
955 4139 1008 4183 ct
1064 4134 1261 4186 audivit
1296 4150 1496 4189 arcana
1550 4139 1725 4205 verba,
1786 4159 1904 4211 qme
1958 4161 2059 4199 non
2092 4147 2209 4201 licet
2247 4156 2341 4203 Iw-

785 4222 911 4274 miui
935 4222 1075 4293 loqui
1100 4227 1141 4279 '.

1337 4342 1516 4397 Trium
1556 4345 1797 4401 Patrum.

858 4451 1268 4523 Respondentes
1305 4455 1491 4525 igitur,
1526 4467 1584 4512 ut
1621 4458 1828 4514 dictum
1868 4472 1973 4525 est,
2008 4463 2204 4519 animae
2227 4480 2344 4533 Qua:

2452 606 2596 659 οἴνου
2634 604 2852 675 ὲξιστᾷν
2884 603 2981 672 τῆς
3023 604 3101 665 εἰς
3138 601 3196 655 σὲ
3237 602 3494 662 πίστεως.
3534 598 3749 666 ’Ὠσπερ
3810 596 3866 648 δέ
3912 612 4032 647 τινα

2453 694 2719 767 ἀρώματα
2774 692 3037 747 δοκοῦντα
3104 690 3264 762 φύσει
3322 692 3383 744 τὸ
3440 689 3644 751 εὑῶδες
3691 686 3858 757 ἔχειν,
3900 685 4029 757 παρ’

2452 788 2662 849 ἑαυτοῖς
2692 785 2825 856 πρὸς
2854 785 3155 838 ἀπόλαυσιν
3203 784 3313 836 τῶν
3371 784 3428 836 ὲν
3480 781 3643 851 σαρκὶ
3697 783 3795 832 καὶ
3840 778 4030 847 κόσμῳ

2450 877 2774 944 ἐφέλκεταν
2826 874 2998 937 οὕτως
3052 874 3302 944 ήκτίσις
3345 872 3440 925 καὶ
3508 872 3540 939 ἡ
3612 868 3805 939 Γραφὴ
3851 865 4025 920 οἱονεὶ

2454 969 2639 1039 μύρων
2676 968 2818 1036 ὀσμὴ
2856 968 2925 1020 τά
2974 968 3042 1020 σὰ
3078 965 3344 1036 μηνύουσι
3405 963 3708 1032 θελήματα.
3765 958 3883 1028 Τῆς
3922 958 4029 1025 γάρ

2450 1059 2784 1129 ἀγαθότητός
2825 1076 2949 1119 σου,
2986 1053 3074 1111 οἷα
3124 1056 3293 1127 μύρου
3330 1053 3728 1113 ἐκκενωθὲντος
3778 1048 4029 1120 χεθείσης

2451 1154 2528 1215 εἰς
2548 1154 2723 1205 πάντα
2763 1152 2827 1204 τὰ
2853 1152 2985 1204 ὓντα
3016 1151 3156 1203 κατά
3188 1146 3497 1218 μετάδοσιν,
3528 1147 3593 1198 ἐκ
3620 1145 3718 1212 τῆς
3742 1139 4027 1210 ἐνεργείας

2450 1241 2524 1302 ὡς
2576 1241 2684 1293 τῶν
2728 1241 2865 1293 ὅλων
2917 1240 3087 1303 αἴτιος
3143 1239 3488 1308 καταφάσκει
3520 1238 3633 1293 τοῖς
3674 1234 3899 1302 ὀνόμασι
3920 1230 4028 1282 τῶν

2455 1332 2729 1400 μετοχῶνο
2785 1334 2926 1405 άπερ
2961 1335 3067 1385 εἰσὶ
3098 1334 3155 1386 τὸ
3182 1333 3261 1397 ὃν,
3295 1334 3327 1401 ἡ
3372 1330 3504 1400 ζωὴ,
3537 1332 3569 1398 ἡ
3621 1327 3803 1396 σοφία,
3840 1324 3937 1377 καὶ
3959 1322 4028 1375 τά

2449 1426 2625 1491 ὅμοια.
2688 1426 2811 1477 Ὅτι
2836 1425 2881 1477 δ’
2924 1425 3068 1477 οὕτω
3089 1422 3564 1493 λαμϐανόμεναιὴ
3615 1419 3791 1481 κτίσις
3840 1417 3936 1469 καὶ
3990 1416 4023 1483 ἦ

2448 1517 2640 1584 Frugi;
2687 1516 2889 1582 ἀγαθαί
2917 1517 3073 1571 εἰσιν.
3108 1516 3195 1569 διὰ
3217 1515 3373 1567 τοῦτο
3403 1516 3459 1568 αἱ
3494 1515 3593 1582 τὴν
3649 1513 3712 1567 ἐκ
3764 1509 3864 1577 τῆς
3907 1507 4025 1560 ἐπι-

2450 1609 2671 1674 ιξανεῑσς
2695 1608 2800 1658 τῶν
2845 1607 3056 1675 ὁρατῶν
3124 1609 3218 1660 καὶ
3276 1606 3368 1658 τοῦ
3424 1606 3756 1675 γράμματος
3805 1599 4024 1665 ἀπάτην

2449 1698 2719 1765 φυγοῦσαι
2749 1699 2937 1767 ψυχαὶ,
2969 1698 3265 1751 κάντεῦθεν
3318 1697 3407 1749 τὸν
3452 1694 3689 1764 πονηρὸν
3724 1693 4022 1761 νικήσασαι

2452 1789 2547 1839 στιν
2606 1790 2717 1849 τοῖς
2781 1790 3010 1841 πάθεσιν
3037 1806 3048 1815 ·
3088 1789 3168 1840 διὸ
3198 1790 3288 1839 καὶ
3336 1786 3577 1847 νεάνιδες
3612 1783 3906 1849 κέκληνται
3933 1783 4023 1834 καὶ

2376 1853 2420 1910 Β
2450 1880 2743 1948 ὴγάττησάν
2774 1898 2855 1940 σε,
2895 1882 3253 1948 ἀγαπήσασαι
3312 1880 3365 1931 δέ
3398 1895 3453 1929 σε
3484 1878 3542 1929 ὃν
3578 1877 3641 1927 ἐκ
3672 1892 3729 1927 τε
3760 1874 3853 1926 τοῦ
3887 1890 4023 1943 γρα-

2450 1971 2582 2021 πτοῦ
2620 1973 2714 2023 καὶ
2762 1970 2856 2024 τοῦ
2908 1971 3139 2039 φυσικοῦ
3198 1972 3362 2038 νόμου
3414 1970 3731 2038 ὲμυήθησαν
3794 1966 4024 2034 νυμφίον

2449 2062 2723 2130 Χριστιρν,
2784 2063 3015 2115 ἓλκυσάν
3060 2080 3116 2113 σε
3166 2064 3228 2114 ἐκ
3270 2061 3378 2113 τῶν
3431 2060 3713 2129 πατρικῶν
3775 2059 4015 2120 κόλπων,

2447 2153 2535 2204 διὰ
2567 2156 2689 2214 τους
2738 2154 3029 2221 μέλλοντας
3087 2155 3267 2223 τυχεῖν
3308 2153 3577 2220 σωτηρίας
3612 2153 3668 2202 ἐν
3702 2151 3863 2218 σαρκὶ
3891 2149 4017 2216 ἑληο

2448 2244 2662 2298 λυθότα.
2734 2247 2931 2299 Λοιπνίν
2994 2263 3196 2314 φησιν·
3236 2245 3462 2297 Ὀπίσω
3525 2258 3643 2295 σου
3700 2244 3787 2307 εἰς
3825 2239 4026 2308 ίσμὴν

2442 2339 2645 2405 μύρων
2675 2353 2791 2390 σου
2829 2339 3225 2405 δραμοιίμεθα.
3294 2339 3517 2402 ’Πγουν,
3562 2333 4022 2401 Ἀκολουθήσομέν

2451 2446 2541 2480 σου
2584 2430 2674 2480 τὸν
2704 2430 2902 2498 τρόπον
2929 2430 3327 2498 μιμησάμεναι,
3358 2429 3477 2480 καθ’
3508 2427 3566 2478 ὃν
3599 2427 3746 2495 ἡμᾶς
3779 2427 3853 2486 εἰς
3933 2425 4021 2475 αἵ-

2451 2518 2643 2585 σθησιν
2672 2519 2778 2572 τῶν
2811 2518 3138 2586 παναγάθων
3170 2536 3265 2569 σου
3300 2518 3619 2586 θελημάτων
3676 2518 3883 2585 ἤγαγες
3918 2533 3926 2543 '
3964 2518 4022 2576 ὃς

2448 2610 2563 2659 ἐστι
2612 2608 2828 2668 πάντως
2869 2608 2929 2661 τὸ
2966 2609 3063 2677 τὴν
3111 2608 3286 2676 ψυχὴν
3334 2609 3541 2660 τιθέναι
3588 2607 3725 2676 ὑπὲρ
3776 2607 3874 2674 τῆς
3916 2607 4022 2657 τῶν

2449 2698 2659 2750 πολλῶν
2698 2698 2971 2767 σωτηρίας
2995 2739 3009 2761 ,
3068 2698 3142 2759 ὡς
3180 2696 3503 2763 ὲκιραντικδς
3528 2698 3625 2765 τῆς
3685 2697 4011 2766 περιληπτι-

2449 2793 2551 2861 κῆς
2580 2791 2770 2844 πασῶν
2797 2791 2903 2842 τῶν
2956 2789 3115 2841 θείων
3157 2790 3386 2841 ἐντολῶν
3414 2791 3624 2852 τελείας
3672 2790 3909 2858 ἀγάπης-

2448 3087 2555 3143 Kal
2589 3087 2747 3157 ὀσμή
2784 3101 2899 3139 σου
2934 3083 3086 3152 ὑπὲρ
3121 3084 3315 3137 πάντα
3350 3085 3419 3136 τὰ
3452 3082 3745 3152 ἀρώματα.

2978 3203 3098 3254 Tum
3126 3198 3173 3267 γ’
3197 3199 3488 3265 Hatépwr.

2518 3316 2713 3369 Λοιπὸν
2743 3317 2776 3383 ή
2808 3316 2871 3366 ὲκ
2900 3315 2998 3382 τῆς
3027 3314 3118 3365 τοῦ
3152 3311 3388 3383 Χριστοῦ
3422 3311 3747 3379 Ἑκκλησίας
3781 3310 3867 3362 διὰ
3902 3311 4018 3379 βίου

2446 3409 2650 3460 τελείου
2679 3406 2841 3460 αὑτοῦ
2871 3406 3244 3474 νυμφευθεῖσα
3272 3405 3440 3471 ψυχὴ.
3473 3403 3561 3454 καὶ
3590 3401 3681 3453 τοῦ
3715 3402 4021 3455 διδασκαλι-

2446 3499 2543 3551 κοῦ
2568 3497 2801 3566 τυχοῦσα
2825 3496 3156 3563 ἀξιώματος,
3185 3495 3478 3548 κάντεῦθεν
3504 3494 3719 3558 ἐνάγειν
3743 3493 4017 3562 δυναμένη

2447 3591 2581 3660 πρὸς
2608 3589 2921 3657 τελειότητα
2948 3592 3046 3650 τὰς
3075 3586 3328 3641 ἀτελεστέ
3342 3603 3436 3655 ρας
3467 3585 3645 3653 ψυχὰς
3671 3624 3685 3649 ,
3721 3586 3853 3654 πρὸς
3886 3585 4017 3637 ταύ-

2445 3700 2543 3744 τας
2570 3679 3070 3751 φησίν·Εὶσήταγέ
3092 3696 3167 3746 με
3205 3683 3236 3731 ό
3257 3677 3557 3741 ,ϐασιλεὺς
3583 3679 3666 3741 εἰς
3694 3676 3758 3727 τὸ
3786 3677 4023 3745 ταμεῖον

2446 3774 2630 3829 αὐτοῦ
2656 3790 2669 3803 ·
2704 3776 2821 3844 ἦτοι
2853 3771 3199 3839 Ἀπεκάλυψὲ
3223 3770 3396 3840 μοιτά
3430 3770 3559 3838 περὶ
3592 3770 3784 3821 ἑαυτοῦ
3817 3768 3934 3821 θεῖά
3963 3786 4019 3820 τε

2446 3866 2540 3919 καὶ
2581 3867 2877 3935 ἀπόκρυφοι
2924 3864 3224 3933 μυστήρια,
3268 3863 3402 3931 ὅπερ
3446 3862 3539 3914 καὶ
3583 3862 3640 3912 ὲν
3678 3861 3753 3929 τῷ
3802 3862 4022 3930 μεγάλῳ

2446 3953 2637 4019 γέγονε
2670 3952 2868 4019 Παύλῳ
2901 3952 3027 4020 ἄχρι
3060 3951 3244 4020 τρίτου
3279 3948 3508 4017 ούρανοῦ
3545 3950 3787 4018 ἀρθέντι,
3826 3952 4016 4019 ῆγουν,

2445 4046 2544 4114 τήν
2584 4062 2642 4097 τε
2684 4045 2878 4114 ἠθικὴν
2918 4046 3012 4097 καὶ
3056 4043 3291 4112 φυσικὴν
3330 4042 3651 4110 φιλοσοφίαν
3699 4044 4019 4111 περάσαντι,

2447 4137 2539 4189 καὶ
2584 4136 2712 4205 ἄχρι
2749 4136 2846 4203 τῆς
2891 4135 3204 4202 θεολογικῆς
3249 4134 3547 4203 φθάσαντι,
3591 4132 3683 4185 καὶ
3728 4135 4021 4187 ἀκούσαντι

2446 4229 2658 4298 ἄρρητα
2692 4230 2931 4297 ῥήματα,
2963 4227 2998 4280 ἀ
3028 4228 3126 4279 οὑκ
3158 4227 3275 4291 ἐξὸν
3306 4226 3577 4295 ἀνθρώπῳ
3605 4225 3857 4296 λαλῆσαι,

2978 4340 3104 4395 Τῶν
3132 4348 3178 4410 γ’
3203 4340 3494 4409 Πατέρων.

2532 4457 2985 4528 Ἀποκρινόμεναι
3024 4454 3079 4507 δὲ
3121 4454 3303 4517 πάλιν,
3334 4453 3409 4515 ὡς
3456 4453 3690 4521 εἴρηται,
3732 4452 3787 4507 αἱ
3831 4454 4025 4522 ἀναγό-

782 4545 1144 4610 ducebantur,
1196 4562 1412 4616 sponsa:
1446 4549 1688 4615 ducenti,
1721 4550 2013 4617 Quoniam,
2062 4555 2336 4625 inquiunt,
2373 4571 2417 4627 ι)
2452 4567 2529 4619 με’

2330 4599 2336 4622 ,
2373 4571 2417 4627 D
2452 4566 2608 4619 μεναι
2628 4547 2796 4617 ψυχαὶ
2816 4548 2950 4615 πρὸς
2979 4546 3078 4615 τὴν
3110 4544 3409 4612 ὲνάγουσάν
3439 4560 3602 4610 φασιν
3628 4562 3641 4575 ·
3683 4543 3916 4616 Ἐπειδὴ,
3951 4546 4023 4609 ὡς
4074 4593 4077 4597 ,

782 4642 842 4687 ut
875 4636 990 4704 ipsa
1024 4636 1125 4698 ais,
1164 4638 1466 4693 introduxit
1496 4650 1549 4695 te
1587 4656 1682 4696 rex
1709 4643 1762 4696 in
1797 4644 2110 4699 cubiculum
2133 4660 2291 4699 suum
2327 4664 2338 4699 :

782 4728 845 4781 In
891 4744 991 4795 quo
1014 4730 1250 4783 thesauri
1300 4732 1572 4799 sapientia:
1605 4742 1726 4787 sunt
1758 4734 2071 4801 absconditi,
2105 4748 2159 4792 et
2182 4738 2343 4807 hujus

780 4820 998 4874 divitias
1042 4822 1281 4875 ostendit
1304 4823 1423 4885 tibi,
1450 4826 1827 4879 cxsultabimus
1852 4838 1900 4880 et
1960 4830 2259 4883 Ia’tabimur
2286 4832 2342 4884 in

781 4921 831 4965 te
866 4911 907 4965 ³.
943 4911 1064 4977 Quo
1116 4913 1276 4967 modo
1309 4915 1600 4985 diligemus
1638 4918 1799 4973 ubera
1841 4920 1982 4973 tua?
2031 4920 2209 4991 Super
2256 4924 2341 4976 vi-

783 5017 937 5065 num,
990 5003 1041 5056 id
1068 5011 1173 5068 est,
1226 5005 1349 5073 plus
1383 5021 1544 5075 quam
1590 5017 1841 5062 naturam
1866 5010 1976 5063 vini
2027 5025 2056 5064 a
2112 5015 2340 5067 veritate

781 5105 1018 5150 mentem
1074 5100 1393 5163 avertentis,
1458 5099 1578 5169 plus
1615 5116 1776 5169 quam
1833 5118 2014 5159 rerum
2046 5103 2341 5161 visibilium

779 5188 1038 5256 speciem,
1072 5188 1192 5257 plus
1209 5204 1372 5258 quam
1404 5190 1536 5259 legis
1566 5191 1792 5247 litteram
1815 5194 2099 5265 diligemus
2132 5210 2194 5251 ea
2227 5210 2347 5266 qum

781 5296 812 5336 a
846 5290 897 5335 te
938 5280 990 5334 in
1040 5281 1279 5337 Ecclesia
1311 5284 1600 5339 traduntur
1656 5286 1981 5352 rudimenta,
2034 5287 2253 5357 quibus,
2290 5296 2351 5341 ut

783 5369 925 5424 laete
963 5370 1290 5439 disciplinm,
1327 5380 1484 5440 potas
1512 5372 1752 5429 infantes
1784 5376 1838 5429 in
1866 5376 2104 5442 Christo,
2164 5387 2219 5432 et
2247 5393 2351 5431 nu-

783 5461 884 5515 tris
908 5460 976 5515 ad
1006 5462 1276 5529 pietatem.
1329 5462 1467 5527 Quid
1503 5463 1616 5517 ita?
1644 5462 1781 5530 Quia
1810 5466 2099 5533 rectitudo,
2131 5468 2224 5538 qui
2268 5474 2353 5523 est

786 5549 1061 5613 Christus.
1097 5550 1288 5607 dilexit
1326 5560 1400 5609 te.
1434 5555 1557 5625 ipse
1582 5558 1750 5622 enim,
1781 5564 1840 5611 ut
1867 5566 1953 5614 est
1987 5560 2209 5625 veritas,
2266 5561 2344 5615 sic

787 5644 951 5698 ctiam
980 5654 1063 5699 est
1115 5644 1408 5700 rectitudo.
1470 5645 1715 5718 Diligens
1761 5657 1939 5707 autem
1992 5660 2063 5718 te,
2132 5654 2346 5723 aperuit

858 5819 875 5846 ²
908 5815 944 5867 tl
974 5815 1095 5870 tier.
1139 5833 1232 5876 χιι.
1266 5821 1317 5874 ὦ.
1351 5875 1363 5883 _
1395 5819 1415 5850 ³
1449 5821 1654 5878 (Ioloss.
1690 5839 1748 5885 ιι,
1776 5824 1826 5876 '5.

2452 4642 2589 4709 αὑτὴ
2625 4638 2778 4707 ἔφης,
2816 4637 3073 4707 εἰσήγαγέ
3118 4654 3174 4689 σε
3242 4638 3270 4689 ό
3312 4634 3563 4705 βασιλεὺς
3599 4636 3678 4699 είς
3712 4636 3770 4688 τὸ
3802 4640 4025 4709 ταμεῖον

2450 4730 2635 4797 αὐτοῦ,
2672 4732 2771 4785 Ἐν
2794 4724 2843 4797 ᾧ
2870 4732 2923 4783 οἱ
2966 4729 3301 4798 ἀπόκρυφοι
3333 4728 3619 4795 θησαυροὶ
3658 4727 3771 4795 τῆς
3808 4730 4027 4798 cog/ac

2448 4823 2591 4889 εἰσί,
2628 4823 2721 4875 καὶ
2755 4822 2846 4874 τὸν
2880 4824 3082 4892 ταύτης
3118 4838 3199 4873 σοι
3238 4818 3465 4871 πλοῦτον
3504 4818 3803 4883 ὑπέδειξεν,
3841 4821 4023 4889 ἀγαλ-

2447 4914 2789 4982 λιασώμεθα
2828 4915 2925 4967 καὶ
2964 4913 3389 4981 εὐφρανθῶμεν
3418 4910 3488 4963 ἐν
3518 4911 3638 4965 σοί.
3684 4911 3800 4965 Τίνι
3839 4913 4025 4982 τρόπῳ

2447 5008 2806 5075 ἀγαπήσομεν
2842 5007 3080 5075 μαστούς
3108 5021 3239 5068 σούς
3288 5002 3458 5069 ’Υπὲρ
3481 4997 3643 5067 οἶνον,
3680 5003 3848 5070 ἤγουν
3883 5003 4023 5073 ὑπὲρ

2446 5102 2548 5171 τὴν
2584 5101 2741 5170 δίκην
2774 5099 2917 5153 οἴνου
2940 5138 2953 5160 ,
2997 5099 3093 5165 τῆς
3113 5097 3368 5166 ἀληθείας
3404 5094 3491 5148 τὸν
3530 5093 3654 5147 νοῦν
3688 5094 4021 5161 ἐξιστῶσαν,

2448 5192 2767 5260 ἐπιφάνειάν
2810 5208 2869 5243 τε
2912 5190 3120 5260 ὁρατῶν
3166 5188 3258 5242 καὶ
3303 5187 3363 5240 τὸ
3406 5185 3500 5239 τοῦ
3548 5186 3715 5252 νόμου
3763 5187 4021 5255 γράμμα,

2445 5287 2803 5356 ἀγαπήσομεν
2829 5284 2895 5336 τὰ
2924 5282 3073 5353 παρὰ
3100 5280 3192 5334 σοῦ
3221 5282 3278 5334 ὲν
3305 5282 3370 5350 τῇ
3403 5279 3699 5349 Ἐκκλησία
3726 5277 4023 5347 τελούμενα

2452 5377 2715 5446 σύμϐολα.
2782 5376 2858 5429 Δι’
2881 5368 2955 5428 ὧν
2994 5373 3092 5443 τὴν
3136 5372 3508 5441 εἰσαγωγικὴν
3552 5370 3904 5424 διδασκαλίαν
3949 5370 4025 5433 ὡς

2452 5469 2592 5536 γάλα
2628 5467 2865 5531 ποτίζεις
2892 5465 3017 5528 τοὺς
3051 5466 3110 5518 ὲν
3139 5462 3359 5533 Χριστῷ
3387 5461 3644 5531 νηπίους,
3679 5462 3768 5513 καὶ
3806 5462 4023 5531 τρέφεις

2453 5560 2587 5630 πρὸς
2604 5558 2928 5611 θεοσέϐειαν.
2957 5557 3033 5609 Δι’
3053 5557 3118 5627 ἢν
3142 5554 3342 5619 αἰτίαν;
3365 5553 3485 5607 Ὀτι
3513 5552 3743 5623 εὐθύτης
3771 5552 4021 5623 ἠγάπησέ

2456 5668 2513 5703 σε
2534 5692 2545 5714 ,
2579 5650 2698 5720 ἥτις
2735 5648 2849 5700 ἐστὶ
2884 5647 3115 5717 Χριστός
3139 5660 3151 5673 ·
3184 5644 3343 5706 αὐτὸς
3373 5642 3482 5711 γάρ
3514 5640 3745 5711 εὐθύτης
3774 5640 3920 5692 ἐστὶν
3948 5640 4022 5692 ὡ-
