4424 6446
391 367 501 428 545

1379 366 1769 425 COMMENT.
1800 365 2289 428 iNCANTlCUM
2329 367 2524 425 'CAN'I'
2542 368 2628 424 lC.

386 478 633 547 ἀλήθεια.
673 476 1033 543 ’Λγαπὴσασα
1080 474 1133 525 δέ
1184 491 1240 527 σε
1283 475 1351 526 τὰ
1397 476 1595 542 ἑαυτῆς
1639 490 1719 525 σοι
1767 471 1975 525 ἀπεκά-
2006 475 2050 530 Α
2082 477 2133 526 ιι]

1903 471 1975 523 ιά-
2006 475 2050 530 Α
2082 476 2177 528 ιιιιὶ
2240 479 2495 547 mysteria
2538 492 2659 537 sua,
2699 477 2840 532 unde
2871 478 2989 532 sine
3030 491 3217 531 errore
3247 491 3349 534 nos
3378 477 3537 535 ducis
3580 483 3650 537 ad

391 569 524 639 λνψε
572 569 865 639 μυστήρια.
916 565 1225 619 Κὰντεῦθεν
1268 565 1520 625 ἀπλανῶς
1566 566 1775 633 ἐνάγεις
1825 564 1975 633 ἡμᾶς

390 664 529 735 πρός
552 663 649 729 τὴν
676 642 967 729 ἀλήθειαν,
993 658 1080 711 διὰ
1104 658 1213 712 τῶν
1242 658 1394 728 παρὰ
1428 656 1522 709 σοῦ
1551 656 1891 726 τελουμένων
1918 656 1977 709 ἐν

392 758 460 825 τῇ
496 751 796 823 Ἐκκλησία
832 747 1136 819 συμϐόλων.
1190 749 1283 802 Διὸ
1313 750 1379 820 δὴ
1410 747 1581 802 ταῦτα
1615 748 1754 818 ὑπὲρ
1786 748 1855 799 τὰ
1890 746 1975 812 ἐξ·

395 845 631 897 ιστῶντα
675 829 773 913 τῆς
816 838 1096 910 ἀληθείας,
1134 840 1196 894 τὸ
1238 842 1475 912 γράμμα
1517 857 1575 892 τε
1620 839 1715 893 καὶ
1741 839 1842 908 τὴν
1870 838 1977 890 τῶν

391 932 602 1004 ὁρατῶν
635 932 983 1003 ἐπιφάνειαν,
1018 933 1304 1002 ἀγαπῆσαι
1341 930 1774 1002 ὑπισχνούμεθα.

929 1042 1053 1096 Τῶν
1080 1041 1129 1113 γ’
1152 1044 1448 1111 Πατέρων.

478 1152 542 1206 Ἦ
578 1153 764 1224 νύμφη
806 1147 898 1206 οὖν
939 1151 1034 1205 τοῦ
1076 1152 1313 1222 Χριστοῦ
1350 1151 1645 1221 Ἐκκλησία
1688 1151 1878 1220 ἐπειδὴ
1920 1153 1977 1215 ἐξ

395 1247 565 1300 ἐθνῶν
593 1249 686 1300 καὶ
718 1246 778 1311 ἐξ
814 1245 1083 1299 Ἰουδαίων
1115 1246 1401 1315 συνετέθη,
1462 1246 1555 1299 καὶ
1583 1247 1632 1298 oi
1668 1246 1765 1315 μὲν
1796 1244 1855 1309 ἐξ
1886 1243 1975 1297 ἐθ-

393 1339 499 1392 νῶν
543 1338 823 1401 παντελῶς
873 1338 1065 1407 πρώην
1110 1337 1356 1407 ὑπῆρχον
1399 1335 1694 1404 ἀφώτιστοι
1721 1377 1733 1398 ,
1780 1335 1855 1398 ὡς
1901 1334 1977 1404 μὴ

393 1432 515 1494 ταῖς
552 1431 648 1499 τῆς
688 1429 948 1500 ἀληθείας
994 1429 1189 1497 αὐγαῖς
1227 1428 1315 1481 διὰ
1355 1429 1522 1498 νόμου
1568 1430 1658 1480 καὶ
1683 1425 1979 1496 προφητῶν

395 1523 835 1593 ἐλλαμπόμενοιο
878 1523 926 1575 οἱ
967 1521 1024 1574 δὲ
1063 1520 1123 1585 ἐξ
1157 1520 1392 1591 Ἰσραὴλ,
1432 1519 1508 1582 ὡς
1549 1517 1712 1583 οὕτω,
1752 1519 1978 1580 ταύταις

395 1615 843 1685 ἐναυγαζόμενοι,
872 1616 936 1667 ού
968 1613 1145 1684 πάντη
1176 1613 1270 1666 τοῦ
1302 1612 1468 1667 καλοῦ
1500 1612 1745 1680 ὑπῆρχον
1775 1609 1977 1679 ἀμέτο-

395 1723 519 1779 χοι·
558 1708 883 1777 ἀμφοτέρων
923 1706 1109 1759 λοιπὸν
1147 1706 1375 1758 τουτωνὶ
1410 1704 1518 1757 τῶν
1556 1703 1698 1756 λαῶν
1732 1702 1842 1755 τῶν
1882 1699 1979 1754 καὶ

2068 568 2363 621 veritatem
2403 569 2689 638 prmceplis
2742 570 2851 622 illis
2895 584 3015 638 qua:
3067 572 3240 627 tradis
3290 586 3343 626 in
3383 568 3649 627 Ecclesia.

2077 657 2441 723 Quamobrem
2475 675 2537 713 ea
2572 678 2673 715 nos
2700 662 2871 731 magis
2887 676 3050 731 quam
3080 661 3338 729 litteram,
3357 678 3653 735 rerumque

2077 750 2371 805 visibilium
2404 752 2641 821 speciem
2678 767 2799 823 qua:
2822 759 3055 808 avocant
3088 765 3119 805 a
3142 753 3393 820 veritate,
3423 752 3653 825 diligere

2078 842 2418 910 proﬁtemur.

2631 1035 2814 1090 Trium
2832 1035 3094 1093 Patrum.

2149 1148 2420 1214 Quoniam
2456 1150 2624 1221 igitur
2677 1167 2880 1222 sponsa
2907 1153 3114 1209 Christi
3155 1154 3397 1212 Ecclesia
3425 1171 3489 1212 ex
3521 1172 3654 1227 geu-

2083 1240 2231 1295 tibus
2251 1251 2305 1296 et
2324 1240 2532 1299 Judaeis
2550 1233 2789 1301 iconllata
2806 1255 2913 1312 est,
2951 1262 3015 1301 ac
3041 1257 3229 1315 gentes
3258 1248 3476 1317 quidem
3500 1252 3652 1318 prius

2079 1336 2302 1389 omnino
2321 1342 2478 1389 erant
2506 1338 2775 1404 obscurae,
2801 1340 3006 1409 quippe
3029 1354 3150 1408 qua:
3184 1339 3434 1393 veritatis
3467 1343 3655 1409 splen-

2079 1423 2211 1478 dore
2246 1440 2340 1492 per
2378 1426 2549 1496 legem
2575 1438 2627 1481 et
2654 1429 2951 1498 prophetas
2986 1446 3093 1483 non
3116 1438 3279 1484 erant
3308 1430 3599 1486 illustratus
3636 1450 3652 1487 :

2076 1515 2249 1570 Judaei
2274 1532 2403 1571 vero
2427 1525 2614 1586 utpote
2642 1519 2728 1574 his
2760 1519 3076 1584 illuminati,
3132 1522 3277 1577 haud
3321 1524 3393 1577 ita
3426 1521 3655 1593 prorsus

2078 1614 2235 1660 erant
2286 1608 2713 1676 pulchritudinis
2783 1618 3033 1679 expertes
3086 1628 3098 1664 :
3148 1612 3354 1665 idcirco
3407 1616 3657 1682 proprias

2079 1697 2372 1767 utriusque
2401 1699 2587 1769 p0puli
2620 1706 2805 1769 partes
2838 1701 3075 1756 innuens
3105 1687 3228 1755 ait:
3261 1700 3583 1773 Nigra-sun:
3605 1686 3657 1757 ct

396 1798 601 1868 ταύτης
650 1798 831 1867 μερῶν
893 1799 961 1851 τά
1007 1813 1135 1850 ποτε
1175 1800 1239 1849 ἐκ
1283 1797 1656 1864 προαιρέσεως
1698 1793 1804 1847 ῐδια
1843 1808 1974 1860 παρ-
2012 1816 2052 1871 Β
2081 1788 2143 1857 [0:

1911 1808 1974 1860 :p-
2012 1816 2052 1871 B
2081 1788 2340 1857 formosa,
2372 1780 2501 1858 ﬁlii:
2532 1788 2829 1845 Jerusalem
2853 1809 2871 1846 :
2911 1808 2975 1845 ac
3004 1794 3160 1862 nigra
3192 1796 3408 1864 quidem
3435 1807 3658 1866 propter

399 1890 598 1961 ίστησι,
631 1890 724 1943 καί
755 1905 937 1958 φησιν’
971 1888 1238 1944 Μέλαινά
1265 1889 1381 1952 ειμι
1409 1887 1505 1939 καὶ
1534 1884 1717 1950 καλὴ,
1737 1880 1979 1950 θυγατέ-

390 2002 497 2054 ρες
528 1984 925 2053 Ἰερουσαλήμ
951 2002 964 2015 ·
1002 1983 1098 2037 καῖ⁵
1131 1984 1358 2053 μέλαινα
1389 1984 1487 2052 μὲν
1516 1981 1603 2035 διὰ
1631 1980 1759 2041 τοὺς
1791 1981 1847 2043 ἐξ
1882 1978 1972 2030 ἐθο

400 2076 531 2140 νῶν,
567 2076 642 2137 ὡς
674 2074 951 2137 παντελῶς
979 2076 1341 2142 ἀφωτίστους,
1361 2074 1454 2125 καὶ
1482 2073 1544 2124 τὸ
1572 2072 1670 2139 τῆς
1703 2067 1982 2129 εὐσεϐείας

400 2171 590 2231 σκότος
627 2168 1045 2237 περικειμένους
1069 2183 1083 2198 ο
1117 2167 1253 2234 καλὴ
1288 2166 1343 2218 δὲ
1377 2164 1465 2218 διὰ
1490 2165 1615 2225 τοὺς
1648 2162 1706 2226 ἐξ
1740 2160 1979 2230 Ἰσραὴλ,

397 2262 474 2324 ὡς
502 2261 589 2314 διὰ
621 2261 787 2329 νόμου
820 2260 914 2312 καὶ
944 2260 1238 2329 προφητῶν
1269 2258 1343 2328 τῷ
1372 2259 1473 2325 τῆς
1504 2255 1813 2317 θεοσεϐείας
1845 2253 1980 2306 κάλ-

399 2355 481 2405 λει
522 2351 1021 2422 προωραῖσθέντας.
1062 2348 1225 2412 Αὖθις
1270 2348 1326 2401 δὲ
1370 2347 1443 2410 ὡς
1485 2349 1542 2401 ἐν
1580 2346 1982 2416 παραδείγματι

394 2443 495 2510 τὴν
538 2440 876 2508 μελανότητα
917 2438 1388 2508 παραδεικνύουσα
1431 2437 1523 2489 καὶ
1558 2436 1656 2505 τὴν
1694 2434 1979 2502 καλλονὴν,

402 2534 621 2600 φάσκει,
648 2532 734 2593 Ὡς
762 2529 1120 2598 σκηνώματα
1132 2528 1350 2596 Κηδὰρ,
1368 2529 1447 2592 ὡς
1465 2526 1655 2593 δέρεις
1682 2524 1981 2592 Σολομὼν.

406 2626 631 2690 Ἠγουν,
672 2622 901 2691 μέλαινα
942 2620 1038 2689 μέν
1080 2622 1194 2687 ειμι
1232 2620 1317 2671 διὰ
1353 2620 1477 2680 τοὺς
1500 2618 1559 2681 ἐξ
1581 2616 1770 2679 ἐθνῶν,
1798 2614 1987 2685 ὥσπερ

402 2716 691 2783 οἰκητήρια
713 2713 955 2774 σκότους’
981 2710 1327 2779 σκοτασμὸς
1361 2710 1467 2779 γὰρ
1496 2710 1556 2761 τὸ
1588 2707 1777 2777 Κηδάρ
1814 2707 1985 2775 ἑρμη-

404 2806 613 2858 νεύεται
634 2822 648 2835 ο
679 2806 817 2873 καλὴ
843 2804 899 2857 δὲ
926 2804 1014 2856 διὰ
1037 2804 1159 2864 τοὺς
1185 2801 1498 2872 ὲξἸσραὴλ,
1527 2800 1780 2868 καθάπερ
1808 2797 1981 2867 σκηνὴ

405 2894 681 2965 εἰρηνικοῦ
728 2894 1009 2964 βασιλέως.
1050 2892 1379 2961 Ἐπειδήπερ
1418 2891 1516 2961 τὴν
1560 2891 1764 2958 σκηνὴν
1812 2888 1909 2956 μὲν
1953 2887 1986 2956 ἠ

404 2988 607 3058 δέρρεις,
643 2984 736 3040 τὸν
768 2984 824 3036 δὲ
858 2983 1133 3052 εἰρηνικὸν
1166 2985 1195 3035 ό
1229 2981 1479 3051 Σολομὼν
1514 2981 1780 3051 παριστᾷ.
1820 2979 1987 3047 Εἰρη-

2080 1879 2312 1949 p0pnlos
2353 1894 2417 1934 ex
2449 1879 2703 1949 gentibus
2745 1892 3124 1953 congregatos,
3159 1886 3252 1954 qui
3286 1885 3448 1954 plane
3495 1893 3656 1941 erant

2081 1970 2328 2034 obscuri,
2357 1978 2521 2040 atque
2554 1971 2848 2041 impietatis
2867 1975 3110 2029 tenebris
3126 1975 3447 2031 circumfusi
3480 1995 3492 2031 :
3528 1978 3654 2048 pul-

2082 2064 2212 2118 chra
2240 2073 2421 2120 autem
2453 2067 2524 2121 ob
2554 2081 2651 2122 eos
2700 2068 2795 2137 qui
2838 2083 2903 2121 cx
2958 2069 3129 2124 israel
3181 2071 3517 2126 advenerant
3562 2089 3658 2142 per

2082 2153 2250 2224 legem
2281 2164 2335 2208 et
2358 2156 2652 2224 prophetas
2673 2156 2869 2211 divinae
2907 2158 3123 2226 pietatis
3147 2159 3661 2230 pulchritudinede-

2083 2248 2277 2301 curati.
2308 2248 2384 2302 Ac
2413 2264 2629 2302 rursum
2664 2250 3029 2307 similitudine
3052 2256 3283 2323 quadam
3318 2254 3660 2326 nigrediuem

2084 2339 2371 2393 declarans
2404 2348 2457 2393 et
2497 2340 2984 2409 pulchritudinem,
3014 2344 3146 2397 dicit
3178 2362 3191 2398 :
3225 2343 3373 2398 Sicut
3410 2345 3661 2400 taberna-

2085 2430 2204 2483 cula
2264 2429 2476 2495 Cedar,
2531 2432 2668 2485 sicut
2699 2434 2856 2500 pelles
2900 2432 3223 2490 Salomonis.
3284 2434 3447 2509 Nigra
3512 2425 3660 2507 sum,

2086 2524 2334 2592 inquam,
2371 2532 2599 2594 pr0pter
2616 2524 2821 2582 electos
2851 2542 2916 2582 ex
2949 2528 3226 2598 gentibus,
3254 2539 3311 2582 ut
3344 2528 3660 2586 habitacula

2087 2616 2435 2669 tenebrarum
2479 2617 2549 2697 εδ(
2570 2601 2964 2673 obscuritatem
2996 2621 3144 2674 enim
3177 2619 3355 2675 Cedar
3383 2622 3656 2691 interpre-

2087 2714 2269 2758 tamur
2303 2706 2353 2773 :)
2385 2705 2617 2776 pulchra
2655 2723 2810 2773 vero,
2864 2719 3085 2778 propter
3135 2725 3229 2764 eos
3283 2712 3377 2777 qui
3432 2720 3564 2767 sunt
3592 2728 3660 2767 ex

2087 2799 2281 2863 Israel,
2311 2800 2472 2878 quale
2506 2800 2923 2857 tabernaculum
2955 2812 3039 2858 est
3072 2805 3285 2873 paciﬁci
3313 2807 3477 2877 regis.
3520 2806 3658 2878 Nam

2088 2877 2526 2957 tabernactilum,
2562 2892 2720 2962 pellis
2752 2910 2768 2948 :
2795 2894 3085 2963 pacificum
3116 2912 3247 2952 vero
3269 2898 3542 2968 signiﬁcat
3565 2897 3662 2953 Sa-

2089 2979 2294 3036 lomon.
2332 2978 2603 3037 Pacificus
2634 2992 2818 3037 autem
2848 2984 3009 3054 plane
3035 2996 3117 3041 est
3151 2988 3375 3057 legiset
3420 2989 3658 3060 prOphe-

405 3078 552 3140 νικὸς
584 3076 639 3129 δὲ
679 3076 895 3137 πάντως
929 3076 1076 3128 ἐστὶν
1106 3077 1132 3126 ὁ
1169 3073 1466 3143 βασιλεύων
1494 3072 1605 3125 τῶν
1636 3068 1987 3139 Ἰσραηλιτῶν
2091 3079 2142 3123 ta

1911 3068 1987 3119 ῶν
2091 3079 2270 3125 tarum
2294 3086 2496 3137 sermo,
2536 3074 2629 3142 qui
2665 3076 2803 3144 regit
2831 3076 3130 3143 lsraelitas,
3163 3080 3291 3149 quia
3325 3081 3559 3151 requirit
3587 3085 3654 3137 ah

406 3169 623 3237 νομικὸς
675 3168 768 3219 καὶ
819 3164 1154 3236 προφητικδς
1199 3165 1374 3231 λόγος,
1418 3163 1451 3233 ἢ
1496 3162 1583 3215 διὰ
1628 3163 1688 3214 τὸ
1736 3160 1985 3214 ἀπαιτεῖν
2013 3153 2055 3211 C
2090 3164 2153 3218 ei:

1914 3153 2055 3211 εῖνα
2090 3164 2171 3219 eis
2232 3164 2288 3219 in
2350 3163 2517 3218 Deum
2574 3175 2627 3221 et
2685 3170 2995 3235 proximum
3054 3171 3425 3227 dilectionem.
3489 3172 3661 3229 Porro

405 3262 624 3324 τούτους
665 3262 763 3329 τὴν
805 3261 883 3321 εἰς
918 3260 1009 3311 τὸν
1042 3257 1175 3310 Θεὸν
1210 3258 1307 3310 καὶ
1339 3255 1431 3309 τὸν
1466 3255 1695 3324 πλησίον
1740 3251 1980 3320 ἀγάπην.

407 3356 479 3408 To
494 3356 575 3420 δὲ,
594 3352 923 3422 Θυγατέρες
951 3349 1372 3418 Ἰερουσαλὴμ,
1412 3350 1461 3399 εἰ
1499 3347 1594 3401 καὶ
1613 3346 1718 3416 πρὸ
1751 3345 1861 3397 τῶν
1880 3361 1985 3395 πα-

410 3447 785 3517 ραδειγμάτων
811 3448 906 3515 τῆς
940 3443 1295 3513 μελανότητος
1324 3442 1418 3494 καὶ
1451 3440 1549 3509 τῆς
1579 3436 1843 3505 καλλονῆς
1901 3433 1987 3497 ἐξ-

410 3540 586 3606 εδόθη,
604 3536 715 3589 ἀλλ’
735 3530 827 3588 οὖν
849 3533 1155 3603 ὑπέρϐατόν
1169 3534 1314 3585 ἐστιν
1328 3531 1399 3591 ὡς
1422 3528 1829 3599 συνηρτημένον
1849 3526 1987 3578 κατὰ

409 3632 506 3699 τὴν
538 3629 766 3690 ἔννοιαν,
788 3625 885 3694 τῷ,
904 3624 1000 3692 Μὴ
1011 3623 1289 3691 ,ϐλέψητέ
1311 3639 1405 3690 με.
1427 3621 1513 3674 ὅτι
1546 3620 1657 3688 ἐγώ
1676 3621 1791 3687 εῙμι
1807 3632 1985 3685 μεμε-

412 3713 901 3787 λανωμένη.Φησὶ
931 3714 1038 3783 γὰρ
1065 3712 1307 3764 ταῦτατὸ
1338 3712 1394 3765 ἓν
1428 3712 1594 3779 μέρος
1624 3709 1723 3776 τῆς
1757 3707 1986 3774 Ἐκκλη-

414 3812 530 3871 σέας
565 3808 699 3879 πρὸς
734 3811 791 3857 τὸ
824 3805 1043 3874 ἕτερον,
1079 3804 1126 3855 οἱ
1163 3800 1221 3866 ἐξ
1256 3802 1424 3854 ἐθνῶν
1458 3800 1659 3870 δηλαδὴ
1696 3798 1830 3868 πρὸς
1864 3797 1989 3859 τοὺς

414 3900 471 3965 ἐξ
503 3898 735 3967 Ἰσραήλ.
773 3895 1085 3963 Θυγατέρες
1126 3893 1233 3962 γάρ
1272 3894 1408 3945 εἰσιν
1439 3887 1797 3958 Ἰερουσαλὴμ
1836 3889 1885 3939 οἱ
1930 3887 1988 3951 ἐξ

427 3994 462 4045 Ἰ
479 3992 635 4061 τραὴλ
664 3988 1074 4051 πιστεύσαντες,
1101 3986 1149 4038 οἳ
1173 3986 1297 4047 τοὺς
1324 3983 1381 4047 ἐξ
1406 3982 1576 4034 ἐθνῶν
1599 3983 1698 4033 οὐκ
1722 3980 1987 4049 ἐδέχοντο,

417 4086 552 4151 ὅπερ
606 4082 724 4134 κατ’
758 4079 930 4148 ἀρχὰς
987 4078 1079 4128 ἐπὶ
1129 4079 1244 4137 τοῖς
1299 4074 1619 4135 ἀποστόλοις
1672 4071 1987 4141 συμϐέϐηκε

420 4170 925 4239 σκανδαλιζομένοις
954 4170 1033 4230 είς
1064 4165 1269 4236 Πέτρον
1296 4167 1388 4218 τὸν
1421 4166 1718 4236 κορυφαῖον
1740 4204 1753 4228 ,
1786 4164 1867 4216 ὅτι
1898 4164 1989 4213 τὸν

422 4263 719 4335 Κορνήλιον
751 4260 968 4326 ἐδέξατο
993 4274 1006 4289 ο
1040 4258 1236 4328 μέχρις
1270 4256 1335 4309 ἂν
1364 4249 1509 4309 οὗτοι
1543 4257 1676 4324 παρ’
1698 4253 1863 4307 αὑτοῦ
1891 4254 1989 4323 τὴν

422 4356 761 4425 ἀποκάλυψιν
808 4354 906 4421 τῆς
958 4349 1148 4418 ὀθόνης
1208 4348 1492 4419 μαθόντες,
1542 4346 1637 4401 τοῦ
1694 4345 1990 4399 σκανδάλου

422 4448 831 4517 ἀπηλλάγησαν.
868 4440 1217 4512 Παρορᾶσθαι
1258 4439 1366 4509 γὰρ
1411 4438 1561 4509 παρά
1602 4437 1708 4490 τῶν
1730 4437 1994 4505 Ἰσραηλι-

422 4541 529 4591 τῶν
569 4541 601 4609 ἡ
644 4538 703 4603 ἐξ
743 4536 909 4589 ἐθνῶν
948 4532 1247 4603 Ἐκκλησία
1281 4532 1378 4598 τὴν
1413 4531 1611 4599 ἑαυτῆς
1658 4528 1993 4600 μελανότητα

426 4630 755 4703 βουλομένη,
791 4628 885 4681 καὶ
924 4625 999 4698 μὴ
1033 4623 1120 4677 διὰ
1152 4622 1355 4691 ταύτην
1389 4623 1483 4674 ἀπ’
1510 4621 1688 4675 αὐτῶν
1722 4619 1996 4687 διακρίνε-

425 4723 568 4786 σθαι,
594 4720 659 4772 τά
682 4718 950 4789 εἰρημένα
973 4713 1107 4783 πρὸς
1128 4712 1350 4773 τούτους
1374 4711 1557 4779 φησὶν,
1588 4708 1725 4779 μετὰ
1748 4708 1803 4761 δὲ
1827 4706 1998 4758 ταῦτα

427 4815 517 4865 καὶ
554 4811 649 4881 τὴν
683 4809 863 4863 αἰτίαν
896 4806 1079 4868 αὐτοῖς
1114 4804 1420 4871 ἀπαγγελεῖ
1453 4801 1520 4853 δι’
1547 4802 1612 4871 ἢν
1649 4798 1998 4870 μεμελάνωτο

425 4906 675 4973 λέγουσα,
709 4903 831 4956 Ὀτι
864 4897 1212 4967 Παρέϐλεψέ
1234 4913 1309 4965 με
1339 4899 1370 4949 ὁ
1398 4894 1590 4961 ἣλιος·
1624 4894 1809 4963 ήγουν,
1832 4906 2001 4959 μεμε-

427 4997 709 5067 λανωμένη
750 4994 858 5063 ἐγὼ
902 4995 1038 5062 εἰμι,
1077 4991 1157 5043 ὅτι
1197 4986 1573 5061 παρεϐλέψατό
1615 5003 1683 5057 με
1720 4987 1748 5037 ὁ
1787 4985 1881 5050 τῆς
1921 4983 2002 5036 δι-

430 5086 720 5156 καιοσύνης
738 5085 948 5146 Ἥλιος,
977 5082 1171 5149 νέφους
1197 5077 1667 5148 περικαλύψαντός
1699 5093 1762 5145 με
1794 5074 2001 5135 ἀθεῖας,

431 5181 525 5234 καὶ
547 5182 664 5241 ταῖς
687 5177 785 5246 τῆς
812 5171 1139 5241 θεογνωσίας
1166 5173 1378 5225 ἀκτῖσιν
1401 5169 1499 5221 οὐκ
1527 5167 1784 5228 ἐάσαντός
1817 5183 1883 5235 με
1912 5181 2005 5216 κα.

430 5266 829 5337 ταλάμπεσθαι,
873 5263 1124 5332 καθάπερ
1168 5260 1323 5312 αὐτοὶ
1362 5258 1512 5328 νόμῳ
1555 5258 1650 5309 καὶ
1697 5258 2002 5327 προφήταις

434 5362 566 5431 πρὸς
600 5358 925 5427 θεογνωσίαν
956 5351 1476 5421 παιδαγωγούμενοι.

831 5466 942 5522 Τοῦ
972 5465 1294 5533 ὐπερτίμυυ
1334 5463 1591 5517 Ψελλοῦ.

500 5586 665 5653 Ili-quivi
683 5582 716 5652 ἡ
737 5579 920 5650 νύμφη
942 5578 1215 5650 παρευθὺς
1240 5578 1374 5647 πρὸς
1398 5578 1523 5638 τοὺς
1555 5576 1815 5643 ἀγγέλους
1847 5573 1995 5637 τάδε,

435 5676 537 5739 Οὓς
570 5673 871 5743 θυγατέρας
900 5671 1000 5741 τῆς
1034 5666 1169 5722 Σιὼν
1198 5671 1451 5724 ἐκάλεσεν
1480 5672 1511 5735 ό
1536 5668 1712 5735 λόγος.

433 5764 695 5822 Μέλαινά
720 5766 835 5834 ειμι
863 5762 959 5816 καὶ
992 5761 1171 5830 καλὴ,
1203 5761 1521 5830 θυγατέρες
1546 5757 1953 5829 Ἰερουσαλὴμ,

2087 3255 2221 3309 illud
2250 3268 2273 3308 ‘:
2320 3253 2481 3310 Filia:
2520 3254 2863 3324 Jerusalem;
2902 3260 3028 3315 licet
3072 3272 3199 3317 ante
3251 3264 3555 3333 nigredinis
3608 3273 3663 3319 et

2088 3344 2519 3412 pulchritudinis
2549 3347 2798 3415 exempla
2842 3347 3049 3401 dictum
3098 3351 3189 3414 sit,
3228 3359 3410 3406 tamen
3468 3367 3664 3421 super-

2088 3435 2218 3488 latio
2248 3441 2352 3498 est,
2402 3442 2457 3487 et
2500 3436 2677 3491 solum
2723 3436 2792 3491 ad
2843 3437 2935 3491 illa
2983 3439 3197 3499 verba;
3255 3437 3340 3493 Ne
3386 3434 3661 3510 aspiciatis

2090 3538 2209 3585 me,
2276 3520 2414 3593 quod
2464 3524 2616 3592 nigra
2677 3524 2778 3578 sim
2812 3541 2830 3577 :
2884 3526 3191 3581 secundum
3247 3526 3665 3597 intelligentiam

2088 3612 2460 3669 referendum.
2498 3613 2623 3669 Haec
2671 3617 2816 3671 enim
2854 3617 3020 3671 verba
3069 3632 3176 3671 una
3229 3616 3488 3675 Ecclesiae
3535 3633 3665 3691 pars

2089 3705 2222 3759 dicit
2259 3706 2325 3759 ad
2360 3707 2587 3761 alteram
2624 3726 2636 3760 :
2680 3723 2743 3762 ea
2799 3708 3064 3763 nimirum
3118 3725 3241 3779 quae
3292 3725 3357 3765 ex
3405 3712 3664 3781 gentibus

2090 3814 2330 3871 constat,
2361 3804 2427 3857 ad
2460 3805 2604 3858 illam
2628 3822 2751 3875 quae
2788 3822 2851 3861 ex
2888 3806 3073 3862 Israel.
3103 3805 3239 3860 Nam
3276 3802 3400 3862 tilias
3440 3806 3666 3863 Jerusa-

2092 3897 2197 3952 lem
2224 3896 2576 3965 accipiuntur
2604 3913 2701 3966 pro
2734 3898 2801 3952 iis
2830 3899 2922 3967 qui
2947 3913 3013 3953 ex
3074 3897 3241 3963 Israel
3290 3899 3664 3965 crediderunt,

2092 3988 2184 4056 qui
2228 3995 2421 4056 gentes
2452 4001 2559 4040 non
2616 3986 2981 4043 admittebant
3012 4004 3025 4042 :
3056 3988 3206 4058 quod
3238 3989 3457 4051 quidem
3506 3990 3660 4045 initic

2091 4078 2321 4147 contigit
2350 4079 2494 4131 inter
2521 4079 2823 4148 apostolos,
2853 4079 3230 4149 quiadversus
3259 4079 3481 4141 Petrum
3510 4081 3662 4151 prin-

2091 4171 2268 4238 cipem
2298 4168 2656 4224 scandalizati
2688 4177 2838 4235 sunt,
2870 4170 3011 4239 quod
3042 4170 3361 4227 Cornelium
3386 4173 3688 4243 suscepis-~

2094 4269 2228 4324 set,
2264 4259 2438 4313 donec
2500 4260 2568 4314 ab
2635 4261 2753 4331 ipso
2808 4262 2978 4315 Petro
3031 4261 3186 4317 lintei
3240 4263 3666 4320 declarationem

2094 4352 2487 4421 intelligentes,
2515 4367 2543 4405 a
2569 4352 2830 4408 seandalo
2855 4351 3209 4407 destiterunt.
3254 4351 3467 4422 Despiei
3520 4354 3666 4409 enim

2095 4458 2151 4497 se
2175 4443 2242 4495 ah
2281 4441 2547 4497 lsraelitis
2578 4445 2812 4496 collecta
2841 4458 2906 4496 ex
2955 4444 3212 4507 gentibus
3244 4441 3487 4498 Ecclesia
3537 4460 3664 4514 pro-

2097 4540 2214 4602 pter
2245 4533 2583 4602 nigreclinem
2620 4532 2911 4599 volens,et
2937 4548 3043 4586 non
3070 4533 3142 4588 ob
3188 4533 3359 4597 illam,
3421 4534 3493 4589 ab
3533 4537 3669 4604 ipsis

2096 4626 2360 4695 separari,
2411 4626 2477 4681 ad
2526 4626 2673 4692 illos,
2710 4641 2773 4681 ea
2818 4642 2938 4695 quae
3000 4626 3145 4682 dicta
3202 4639 3353 4695 sunt,
3403 4629 3667 4699 loquitur.

2101 4716 2303 4771 Deinde
2325 4731 2547 4771 causam
2572 4718 2796 4786 exponit
2818 4719 3177 4787 quamobrem
3206 4719 3442 4774 evaserit
3461 4721 3615 4790 nigra
3646 4739 3661 4776 :

2098 4805 2187 4862 Me
2215 4807 2316 4871 sol,
2350 4806 2624 4877 inquiens,
2651 4807 2909 4875 despexit.
2946 4806 3261 4878 Nigrel'acta
3297 4824 3417 4863 sum
3452 4809 3665 4879 utique,

2100 4899 2357 4970 quoniam
2380 4898 2631 4968 despexit
2656 4914 2741 4954 me
2769 4898 2865 4953 Sol
2894 4900 3152 4971 iustitia,
3189 4899 3489 4967 impietatis
3520 4909 3670 4954 tene.
3754 4925 3757 4927 ·

2101 4989 2216 5044 bris
2255 5005 2338 5043 me
2368 4989 2805 5059 contegentibus,
2839 4999 2899 5043 ut
2922 4990 3120 5045 divinat
3141 4992 3473 5061 cognitionis
3501 4993 3670 5049 radiis

2104 5080 2424 5145 illustrarer,
2479 5081 2934 5150 quemadmodum
3006 5081 3266 5137 Israelita!
3329 5097 3426 5152 per
3494 5082 3669 5153 legem

2104 5178 2157 5224 et
2214 5170 2526 5240 prophetas,
2582 5170 2649 5226 ad
2709 5170 2799 5227 Dei
2872 5172 3259 5242 cogitationem
3319 5180 3453 5230 sunt
3511 5173 3668 5230 insti-

2104 5260 2228 5314 tuti.

2650 5462 2915 5518 Prcclari
2962 5462 3145 5520 Pulli.

2177 5578 2304 5630 llaec
2327 5577 2510 5631 statim
2551 5577 2613 5628 ad
2647 5578 2876 5646 angelos
2905 5593 3107 5649 sponsa
3152 5579 3412 5651 loquitur,
3454 5582 3545 5651 qui
3576 5595 3672 5652 per

2107 5666 2245 5721 ﬁlias
2284 5666 2418 5721 Sion
2453 5668 2831 5737 intelliguntur
2863 5689 2878 5724 :
2910 5668 3080 5739 Niqra
3117 5684 3304 5726 sumet
3333 5673 3582 5740 pulchra,
3614 5676 3677 5739 ﬁ-

2103 5758 2192 5813 lia:
2228 5755 2553 5825 Jerusalem,
2578 5760 2711 5813 sicut
2748 5761 3085 5815 tabernacula
3119 5762 3313 5831 Cedar,
3345 5766 3476 5819 sicut
3511 5765 3676 5834 pelles

3539 369 3648 438 556
3752 434 3755 437 .
