4424 6446
785 409 886 474 547

2017 407 2439 472 MlCllAELlS
2496 410 2753 472 PSELJJ
3943 406 4044 469 M8

786 524 1118 579 Salomonis.
1154 519 1248 575 llis
1279 519 1459 573 verbis
1478 518 1703 589 angelos
1732 532 1928 588 sponsa
1963 519 2199 590 primum
2233 522 2364 576 allo-
2394 531 2440 586 Α
2481 522 2533 575 Ὠ

2167 536 2199 574 n
2233 522 2364 576 allo-
2394 531 2440 586 Α
2481 522 2573 589 Ὠς
2605 520 2968 587 σκηνώματα
3000 518 3218 584 Κηδίιρ,
3248 518 3325 582 ὡς
3359 516 3586 586 δέῤῥεις
3618 516 3914 582 Σολομὼν.

783 615 999 685 quitur.
1025 613 1256 683 Oportet
1276 610 1419 664 enim
1450 611 1564 680 ipsa
1596 612 1759 665 verba
1782 624 1998 679 sponsa:
2018 627 2357 682 praeponere,

783 717 840 763 et
880 706 1198 773 neutiquam
1236 702 1521 772 implicare
1557 702 1828 766 versibus,
1885 710 1940 755 et
1997 713 2359 759 commutare.

786 799 986 853 Audite
1013 810 1202 851 vocem
1248 809 1451 859 meam,
1482 794 1679 858 inquit,
1710 808 1743 845 ο
1778 793 1902 848 ﬁliae
1932 793 2080 847 illius
2115 809 2365 863 superna:

785 889 1094 945 Jerusalem
1146 887 1384 941 maxime
1428 886 1758 941 venerabilis
1798 904 1810 939 :
1850 887 2055 955 pariter
2100 901 2199 954 ego
2234 902 2365 941 sane

786 982 1041 1052 pulchra,
1087 989 1144 1035 et
1197 983 1351 1049 nigra
1390 995 1535 1034 sum.
1578 978 1745 1049 Nigra
1786 978 2027 1047 quidem,
2088 989 2142 1031 ut
2190 976 2364 1031 Cedar

788 1073 1229 1134 tabernaculum,
1276 1085 1566 1139 apparens,
1606 1084 1801 1138 nempe
1830 1086 1895 1123 ex
1929 1068 2366 1137 transgressione

790 1167 1048 1234 praecepti
1091 1164 1237 1217 illius
1268 1161 1466 1239 primi.
1497 1161 1674 1216 Cedar
1705 1163 1850 1215 enim
1898 1159 2171 1213 obscurus
2217 1170 2365 1213 tene-

789 1258 1100 1325 bI'OSUSIIUB
1123 1255 1347 1309 dicitur.
1376 1253 1611 1307 Pulchra
1643 1268 1785 1305 nunc
1814 1268 2008 1306 rursus
2033 1252 2242 1306 exs-isto
2268 1266 2365 1319 per

789 1347 1167 1418 paenitentiam
1204 1361 1335 1401 cum
1372 1344 1600 1399 Christo
1631 1360 1843 1398 summe
1874 1344 2102 1413 pat'ilico
2133 1344 2365 1398 mor-tili-

790 1449 934 1490 cata.
979 1436 1250 1491 Pacilittus
1280 1437 1423 1490 enim
1462 1435 1696 1505 quisque
1732 1435 1928 1489 merito
1956 1435 2157 1489 dicitur
2208 1435 2365 1490 Salo-

792 1543 945 1581 mon.
981 1526 1060 1580 Tn
1092 1541 1219 1579 vero
1257 1540 1321 1578 ne
1354 1525 1597 1589 mireris,
1622 1524 1766 1593 quod
1814 1538 2014 1591 sponsa
2063 1524 2269 1592 pariter
2307 1539 2366 1579 se

788 1626 843 1673 et
872 1620 1079 1687 nigrum
1100 1625 1153 1669 et
1179 1616 1462 1684 pulchram
1487 1623 1781 1682 nuncupet.
1806 1613 1999 1668 Omnis
2016 1615 2159 1668 enim
2182 1614 2364 1667 anima

791 1727 912 1779 qua:
946 1709 1163 1777 prolicit
1217 1710 1271 1761 in
1324 1708 1541 1761 virtutis
1584 1708 1786 1770 studio,
1832 1709 1913 1760 sic
1962 1708 2027 1759 ad
2076 1708 2251 1759 lucem
2298 1721 2364 1759 ex

794 1799 1032 1852 tenebris
1065 1797 1432 1865 pregreditur,
1470 1806 1527 1849 ut
1574 1813 1679 1849 non
1718 1805 1937 1865 repente
1970 1805 2080 1849 tota
2134 1796 2364 1851 illusrris

791 1899 846 1945 et
879 1905 1014 1959 pura
1049 1891 1183 1954 ﬁat;
1236 1889 1331 1943 sed
1378 1904 1487 1957 quo
1530 1890 1752 1957 propius
1792 1886 1858 1940 ad
1899 1888 2150 1939 virtutem
2205 1901 2362 1939 acce-

793 1983 893 2045 dit,
926 1998 990 2035 eo
1028 1981 1241 2051 longius
1270 1980 1483 2035 recedat
1520 1996 1547 2032 a
1585 1980 1794 2034 fraudis
1821 1979 2179 2040 obscuritate,
2206 1986 2372 2046 atque

794 2076 869 2128 ita
902 2072 1240 2140 splendidior
1270 2080 1321 2122 et
1352 2070 1553 2121 clarior
1573 2072 1788 2122 evadat.
1818 2066 2021 2121 Deinde
2056 2068 2196 2121 ﬁlias
2224 2068 2370 2136 ipsas

793 2176 995 2229 Sponsa
1049 2162 1346 2228 alloquitur
1390 2159 1454 2211 ad
1491 2161 1637 2213 hunc
1667 2160 1888 2211 modum
1932 2176 1945 2211 :
1978 2157 2177 2224 _Nolile
2214 2160 2371 2225 aspi-

794 2267 905 2304 cere
956 2266 1057 2313 me,
1085 2249 1223 2317 quod
1256 2266 1347 2319 ego
1398 2250 1497 2302 sim
1529 2249 1830 2318 denigrata,
1862 2250 1987 2319 quia
2021 2250 2254 2318 despexit
2294 2266 2372 2302 me

795 2344 899 2396 sol.
937 2343 1037 2407 Ne,
1070 2342 1269 2411 inquit,
1319 2342 1667 2404 exislimetis,
1703 2356 1788 2394 me
1828 2342 1898 2393 ita
1931 2341 2141 2395 fuscam
2177 2353 2226 2395 et
2276 2342 2374 2396 ob-

797 2451 1012 2490 scuram
1037 2443 1089 2488 et
1113 2435 1321 2503 nigram
1352 2434 1523 2487 fuisse
1552 2441 1915 2502 procreatam.
1950 2431 2086 2487 Tota
2112 2434 2259 2488 enim
2291 2435 2375 2487 lu-

798 2529 919 2581 cida
945 2543 974 2580 a
1006 2526 1264 2580 Creature
1300 2540 1419 2578 meo
1443 2524 1674 2578 formata
1720 2541 1865 2579 sum.
1900 2526 2009 2579 Sed
2038 2526 2236 2582 ardens
2267 2528 2371 2590 sul,

797 2620 1345 2674 tentatiomnntestus
1376 2634 1459 2672 me
1490 2619 1840 2673 vehementer
1870 2621 2111 2674 excussit
2138 2635 2201 2673 ac
2224 2620 2376 2673 deni-

798 2712 997 2778 gravii.
1023 2709 1224 2764 Deinde
1244 2725 1351 2779 quo
1370 2709 1533 2763 modo
1551 2725 1581 2763 a
1623 2707 1849 2780 justitiw
1869 2708 1992 2764 Sole
2008 2710 2262 2779 despecta
2281 2711 2375 2775 sit,

799 2802 1057 2869 cxphcaL

886 3484 1009 3538 Filii
1042 3484 1227 3537 matris
1260 3497 1390 3538 mea
1417 3491 1779 3553 pugnaverunt
1818 3483 1873 3536 in
1913 3499 2019 3537 me.

875 3599 917 3651 Α
948 3605 1121 3652 matre
1152 3598 1337 3667 igitur,
1380 3607 1440 3650 ut
1468 3612 1650 3651 rerum
1683 3606 1766 3651 est
1796 3600 2039 3653 omnium
2069 3614 2259 3665 causa,
2294 3616 2385 3655 sa-

804 3692 1005 3763 pientia
1038 3705 1162 3743 cum
1199 3687 1553 3754 defecissent,
1595 3704 1781 3743 eorum
1813 3706 1934 3758 qua:
1963 3698 2091 3745 sunt
2122 3695 2383 3758 rationes,

808 3782 875 3833 ad
908 3797 1025 3834 eam
1060 3796 1146 3834 me
1178 3795 1284 3833 non
1318 3781 1653 3835 reduxerunt
1690 3797 1703 3835 :
1736 3780 2029 3834 visibilium
2054 3783 2195 3834 enim
2227 3798 2385 3852 aspe-

808 3882 896 3925 ctu
924 3870 1145 3940 decepta
1168 3886 1288 3925 sum
1318 3889 1330 3923 :
1359 3871 1455 3925 sed
1479 3870 1605 3924 dum
1635 3870 1767 3923 mihi
1799 3871 2052 3924 videntur
2076 3874 2384 3936 contrariae,

810 3978 897 4016 me
922 3963 974 4014 in
1006 3963 1295 4029 opiniones
1326 3961 1752 4016 innumerabiles
1782 3961 2173 4015 distraxerunt.
2210 3965 2388 4030 Atque

811 4056 913 4107 hoc
943 4056 1160 4122 quidem
1204 4064 1362 4122 pacto
1395 4068 1475 4107 me
1518 4054 1785 4106 custodem
1820 4054 1871 4106 in
1907 4054 2068 4107 uineis
2102 4055 2389 4108 constitue-

808 4154 953 4208 runt,
1000 4154 1056 4198 nt
1086 4144 1140 4197 in
1179 4144 1309 4211 ipsis
1344 4154 1596 4211 perstans
1632 4144 2003 4213 opinionibus,
2056 4144 2126 4199 ab
2158 4160 2219 4199 ea
2253 4153 2307 4199 et
2357 4162 2385 4199 a

809 4232 1035 4283 veritate
1061 4231 1277 4298 penitus
1300 4228 1645 4283 dissiderem.
1680 4229 1813 4295 Quae
1842 4230 2063 4298 quidem
2101 4230 2231 4282 mihi
2259 4246 2387 4299 pro-

810 4331 989 4392 pterea
1029 4323 1325 4391 contigere,
1361 4322 1488 4391 quia
1522 4324 1725 4375 vineam
1773 4338 1941 4375 meam
1975 4339 2077 4377 non
2110 4325 2387 4385 custodiri,

807 4416 901 4486 qui
929 4425 1012 4467 est
1045 4414 1132 4467 ille
1170 4415 1261 4482 qui
1290 4412 1473 4467 dixit:
1516 4413 1625 4483 Ego
1672 4429 1787 4465 sum
1837 4414 1979 4477 uilis,
2035 4422 2085 4465 et
2139 4429 2225 4466 vos
2273 4414 2391 4477 pal-

808 4505 1017 4568 mites‘,
1060 4504 1370 4573 unigenitus
1409 4503 1499 4558 Dei
1542 4502 1713 4557 Filius
1738 4512 1793 4557 et
1826 4501 2084 4567 Verbum,
2130 4503 2289 4569 cujus
2324 4502 2390 4555 ad

2464 615 2632 669 Ταῦθ’
2652 612 2830 682 ὁμιλεῖ
2857 611 2916 664 τὸ
2946 611 3254 681 πρώτιστον
3285 612 3317 679 ὴ
3349 610 3534 680 νύμφη
3562 612 3673 673 τοῖς
3704 609 3973 678 ἀγγέλοις.

2465 706 2584 776 Χρὴ
2615 704 2724 773 γὰρ
2752 703 2890 755 αύτά
2916 704 2984 754 τὰ
3014 704 3233 772 ῥήματα
3261 702 3358 769 τῆς
3387 701 3604 771 νύμφης
3634 701 3971 771 προτιθέναι,

2465 796 2575 848 Καὶ
2606 794 2870 863 μηδαμῶς
2904 793 3279 862 στιχοπλοκεῖν
3304 791 3476 845 ταῦτα
3506 794 3602 845 καὶ
3635 792 4041 861 μεταλλάττειν.

2477 886 2770 937 ’Λκούσατέ
2806 903 2908 955 μου
2942 887 3036 953 τῆς
3068 886 3272 954 φωνῆς,
3307 887 3496 955 φησὶν,
3528 881 3572 937 ὦ
3603 885 3898 955 θυγατέρες

2466 980 2577 1045 TE;
2608 980 2719 1032 ἀνω
2748 978 3106 1047 Ἰερουσαλὴμ
3133 979 3233 1046 τῆς
3264 978 3736 1047 σεδασμιωτάτης’

2478 1070 2642 1138 Ὁμοῦ
2674 1070 2782 1139 γὰρ
2812 1070 2987 1137 ἔγωγε
3020 1070 3159 1139 καλὴ
3191 1071 3285 1123 καὶ
3318 1070 3543 1143 μέλαινα
3574 1070 3849 1139 τυγχάνω.

2466 1161 2712 1214 Μέλαινα
2743 1162 2839 1231 μὲν
2869 1162 2944 1225 ὡς
2973 1162 3067 1215 τοῦ
3099 1162 3291 1231 Κηδάρ
3320 1163 3582 1231 σκήνωμα
3613 1162 3975 1232 προφανεῖσα,

2466 1256 2613 1323 Φημὶ
2642 1255 2687 1306 δ’
2708 1256 2770 1306 ὲκ
2803 1254 3165 1323 παραϐάσεως
3196 1254 3295 1321 τῆς
3324 1253 3540 1322 ἐντολῆς
3567 1256 3665 1321 τῆς
3698 1253 3920 1323 πρώτης

2476 1349 2565 1417 (Ὁ
2593 1348 2703 1415 γὰρ
2732 1347 2920 1416 Κηδάρ
2948 1344 2976 1398 ὁ
3006 1344 3233 1415 ζοφερὸς
3263 1344 3479 1411 λέγεται
3509 1346 3602 1398 καὶ
3632 1344 3957 1415 σκοτώδη;)⁸

2468 1438 2621 1506 Καλὴ
2654 1438 2710 1489 δὲ
2744 1436 2903 1490 πάλιν
2934 1435 3154 1503 πέφυκα
3184 1434 3300 1487 νυνὶ
3333 1438 3397 1504 τῇ
3434 1435 3711 1505 μετανοίᾳ,

2468 1530 2910 1598 Συννεκρωθεῐσα
2947 1527 3167 1596 Χριστῷ
3198 1527 3275 1590 τῷ
3306 1528 3739 1597 εἰρηνικωτάτῳ,

2468 1622 2755 1695 Εἰρηνικὸς
2783 1621 2891 1689 γὰρ
2920 1620 3137 1686 λέγεται
3170 1621 3276 1681 πᾶς
3305 1617 3556 1686 Σολομὼν
3588 1619 3774 1681 ἀξῖωέ,

2469 1713 2538 1765 Σὺ
2571 1711 2625 1763 δὲ
2660 1710 2783 1779 μηδ’
2806 1710 2943 1770 ὅλως
2974 1709 3255 1777 ὲκπλαγῇς
3287 1710 3429 1776 ᾰπερ
3459 1710 3491 1775 ή
3522 1708 3707 1775 νύμφη
3741 1707 3907 1774 λέγει,

2482 1801 2589 1865 Ὧς,
2644 1802 2731 1853 Ἑν
2762 1800 2942 1868 ταυτῷ
2972 1799 3062 1850 καὶ
3097 1798 3323 1867 μέλαινα
3355 1799 3448 1849 καὶ
3480 1797 3617 1867 καλὴ
3652 1798 3743 1849 νῦν
3775 1797 4048 1865 τυγχάνω.

2397 1885 2439 1939 Β
2471 1896 2627 1947 Πᾶσα
2660 1894 2765 1963 γὰρ
2803 1893 3069 1961 μέλλουσα
3101 1891 3247 1959 ψυχὴ
3286 1892 3419 1959 πρὸς
3456 1892 3656 1960 ἀρετὰς
3696 1893 4047 1960 προκόπτειν,

2474 1986 2583 2037 Καὶ
2612 1985 2747 2055 πρὸς
2772 1984 2830 2035 τὸ
2858 1984 2972 2051 φῶς
3000 1983 3321 2049 ἀνάγεσθαι,
3348 1983 3441 2034 καὶ
3471 1983 3693 2050 φεύγειν
3721 1985 3785 2035 ἐκ
3808 1982 3899 2034 τοῦ
3928 1985 4054 2033 σκό-

3810 2076 3977 2148 [τους.

2472 2173 2546 2225 Ού
2581 2169 2858 2242 παρευθῠς
2887 2171 3153 2239 όλόφωτος
3186 2172 3281 2223 καὶ
3313 2171 3527 2240 καθαρᾶ
3560 2170 3836 2239 τυγχάνει.

2486 2267 2625 2319 ’Δλλ’
2646 2270 2769 2319 ὅσον
2804 2266 2937 2336 πρὸς
2970 2267 3067 2334 τὴν
3101 2266 3303 2334 ἀρετὴν
3338 2263 3635 2332 προκόπτει
3675 2259 3811 2329 μετά
3846 2260 4010 2311 πόνον
4032 2298 4047 2321 ,

2473 2359 2736 2411 Τοσοῦτον
2770 2359 3171 2411 ἀπαλλάττεται
3198 2356 3289 2408 τοῦ
3322 2356 3547 2416 σκότους
3581 2354 3816 2421 ἀπάτης,

2474 2451 2586 2503 Kal.
2613 2450 2969 2521 λαμπροτέρα
2998 2450 3209 2515 γίνεται
3242 2448 3455 2509 πάντως
3486 2448 3578 2498 καὶ
3608 2444 3956 2513 φαιδροτέρα.

2475 2539 2608 2595 Εἶτά
2641 2560 2771 2611 φησι
2804 2543 2937 2611 πρὸς
2970 2542 3066 2601 τὰς
3098 2540 3268 2602 αὑτὰς
3298 2540 3330 2609 ἡ
3360 2540 3546 2606 νύμφη
3577 2537 3910 2607 θυγατέρας·

2476 2636 2574 2701 Μὴ
2603 2635 2877 2702 βλέψετέ
2900 2651 2993 2701 με,
3034 2634 3119 2685 ὅτι
3150 2632 3263 2700 ἐγώ
3293 2632 3409 2699 ειμι
3439 2628 3933 2699 μεμελανωμένη,

2483 2730 2611 2781 Ὀτι
2642 2725 2987 2794 παρέϐλεψέ
3010 2742 3085 2793 με
3115 2728 3147 2778 ό
3178 2725 3371 2791 ἣλιος.

2480 2820 2573 2887 Μὴ
2601 2818 2729 2886 γοῦν
2761 2818 3041 2887 νομίσητε,
3074 2818 3258 2886 φησιν,
3291 2816 3463 2879 οὕτως
3491 2814 3591 2884 ἐμὲ
3620 2812 3947 2882 πλασθῆναι,

2481 2910 2725 2981 Ζοφεράν
2757 2912 2852 2962 καὶ
2884 2910 3162 2978 σκοτεινὴν
3195 2910 3287 2960 καὶ
3322 2904 3806 2976 μεμελανωμένην.

2494 3002 2802 3072 Ἐπλάσθην
2818 3004 2925 3071 γὰρ
2939 3002 3204 3068 ὁλόφωτος
3222 3000 3372 3066 παρά
3396 2998 3489 3050 τού
3522 2992 3899 3065 πλαστουργοῦ
3928 3010 4053 3065 μου.

2494 3096 2631 3149 Ἀλλ’
2658 3098 2685 3148 ὁ
2717 3093 2994 3163 φλογώδης
3024 3091 3192 3162 ἣλιος,
3224 3091 3334 3142 τῶν
3363 3088 3684 3157 πειρασμῶν
3714 3088 3746 3157 ή
3782 3085 3953 3151 (icta

2483 3188 2677 3251 Δεινῶς
2715 3204 2781 3256 με
2813 3184 3189 3253 παρεὸλέψατο
3219 3182 3313 3235 καὶ
3347 3179 3699 3252 μεμελάνωκέ
3732 3196 3822 3249 με.

2552 3274 2685 3331 Εἶτα
2713 3278 2804 3330 καὶ
2828 3278 2920 3329 τὸν
2944 3277 3141 3345 τρόπον
3168 3274 3288 3326 καθ’
3309 3273 3366 3325 ὃν
3392 3271 3677 3343 παροράθη
3710 3271 3814 3324 ὑπὸ
3839 3267 3935 3323 τοῦ
3959 3266 4064 3337 τῆς

2484 3369 2831 3439 δικαιοσύνης
2860 3366 3040 3420 Ἡλίου
3074 3365 3259 3434 φησίν.

2660 3484 2776 3536 Υίοί
2807 3481 3028 3551 μητρός
3050 3498 3168 3548 μου
3207 3476 3583 3547 ἐμαχέσαντο
3630 3476 3699 3529 ἐν
3730 3476 3883 3545 ἐμοι.

2564 3604 2789 3669 Ἥγουν,
2826 3602 2888 3653 Οἱ
2930 3596 3330 3666 ἀποταχθέντες
3360 3598 3425 3664 τῇ
3471 3593 3639 3664 μητρὶ
3668 3592 3774 3653 τῶν
3824 3592 3959 3644 ὅλων
3987 3589 4061 3651 ὡς

2488 3695 2636 3765 αἰτίᾳ
2666 3693 2855 3761 σοφίας
2884 3691 2993 3743 τῶν
3031 3690 3223 3750 όντων,
3260 3687 3321 3739 ού
3352 3685 3485 3755 πρὸς
3518 3684 3725 3753 ταύτην
3757 3700 3823 3751 με
3855 3682 4060 3748 ἀνήγα-

2488 3804 2603 3855 γον,
2629 3786 2859 3853 ὲπείπερ
2888 3780 3177 3851 ὴπατήθην
3210 3779 3298 3831 διὰ
3318 3777 3416 3845 τῆς
3452 3775 3775 3843 ἐπιφανείας
3801 3773 3908 3826 τῶν
3930 3774 4063 3843 ὀρα-

2488 3881 2617 3940 τῶν,
2644 3878 2754 3929 ἀλλ’
2788 3875 3190 3941 ὲναντιοφανεῐς
3218 3887 3308 3940 μοι
3342 3869 3594 3933 δόξαντες
3634 3868 3713 3929 είς
3752 3866 3952 3936 μυρίας
3978 3864 4063 3916 δό-

2491 3973 2587 4037 ξας
2608 3971 2800 4025 κατέτε
2811 3986 2928 4039 μον.
2950 3964 3279 4029 Κάντεῦθεν,
3305 3962 3641 4028 Ἕθεντόμε
3664 3959 4063 4028 φυλὰκισσαι·

2489 4064 2558 4115 ὲν
2603 4062 2961 4131 ἀμπελῶσι·
3005 4060 3125 4119 ταῖς
3183 4055 3501 4125 εἰρημέναις
3549 4052 3726 4115 δόξαις
3783 4050 4061 4121 ἐμμένειν,

2492 4154 2585 4208 καὶ
2622 4156 2755 4223 πρὸς
2792 4154 2989 4220 ἑαυτὴν
3044 4150 3138 4203 καὶ
3185 4149 3283 4216 τὴν
3313 4145 3572 4216 ἀλήθειαν
3621 4143 3936 4213 ἀσύμϐατον
3970 4142 4062 4210 μέ-

2490 4264 2600 4300 νειν
2639 4244 3176 4315 παρασκευάσαντες.
3206 4238 3390 4291 Ταῦτα
3428 4237 3486 4289 δέ
3522 4253 3611 4307 μοι
3643 4233 4063 4304 έπισυνὲὀησαν,

2491 4338 2697 4402 ἐπειδὴ
2730 4335 3055 4404 ἀμπελῶνα
3093 4334 3239 4399 ἐμὸν
3273 4334 3383 4385 οὐκ
3412 4329 3709 4398 ἐφύλαξα,
3755 4328 3811 4389 ὃς
3858 4328 4004 4379 ἐστιν
4037 4327 4066 4376 ὁ

2493 4428 2750 4499 εἰρηκὼς,
2772 4428 2851 4479 ὅτι
2900 4424 3048 4493 Ἐγώ
3084 4427 3198 4492 εἰμι
3235 4424 3273 4489 ή
3311 4421 3599 4489 ἄμπελος,
3624 4416 3789 4487 ὑμεῖς
3821 4416 3893 4469 τὰ
3922 4415 4067 4478 κλή-

2488 4534 2667 4587 ματα,
2732 4519 2759 4569 ὁ
2813 4516 3109 4585 μονογενὴς
3143 4511 3235 4563 τοῦ
3288 4508 3424 4561 Θεοῦ
3483 4508 3607 4568 Υἱὸς
3655 4508 3750 4558 καί
3782 4506 3973 4572 Λόγος,
4004 4499 4065 4556 οὗ

809 4596 1099 4663 imaginem
1142 4594 1281 4648 facta
1314 4604 1506 4647 natura
1534 4595 1792 4657 humana,
1836 4594 1995 4648 simul
2023 4608 2143 4661 quae
2168 4592 2221 4645 in
2256 4592 2383 4645 uni—
2412 4611 2465 4671 D
2493 4628 2556 4663 κα

2318 4592 2383 4644 ¹ί’
2412 4611 2465 4671 D
2493 4610 2613 4663 κατ’
2639 4608 2826 4660 εἰκόνα
2854 4606 3139 4659 κτισθεῖσα
3164 4604 3196 4673 ἡ
3222 4601 3540 4670 ἀνθρωπεία
3592 4598 3775 4668 φύσις,
3822 4596 4065 4658 ὲνοειδῶς

810 4700 967 4739 verso
997 4696 1125 4739 sunt
1154 4700 1346 4739 omnes
1378 4685 1616 4737 obtinuit
1645 4684 1907 4748 rationes,
1955 4685 2155 4753 quippe
2192 4684 2383 4737 mistas

809 4778 864 4832 in
897 4793 955 4830 se
986 4774 1387 4845 quodammodo
1415 4783 1701 4831 creaturas
1740 4776 2026 4828 universas
2060 4774 2305 4828 continet
2332 4782 2387 4827 et

807 4869 1245 4938 comprehendit.
1297 4866 1495 4922 Verum
1536 4883 1659 4921 cum
1706 4882 1867 4920 unam
1914 4867 2148 4936 propria:
2181 4877 2387 4919 naturae

812 4962 1079 5015 rationem
1132 4975 1240 5013 non
1300 4967 1592 5021 servasset,
1653 4958 1749 5013 sed
1800 4958 1855 5010 in
1900 4959 2082 5013 varias
2129 4958 2388 5012 distracta

810 5051 1119 5121 Opiniones,
1170 5052 1299 5105 deos
1348 5050 1680 5119 multiplices
1714 5048 1942 5113 coleret,
1989 5048 2267 5116 pr0priam
2306 5048 2389 5102 vi-

811 5160 967 5199 neam
1002 5158 1109 5197 non
1140 5142 1457 5198 custodivit.
1497 5141 1683 5211 Neque
1712 5140 1855 5195 enim
1902 5149 2051 5194 recta
2096 5155 2189 5209 per
2236 5156 2395 5194 mun-

815 5236 942 5290 dum
981 5234 1149 5289 veluti
1184 5248 1279 5303 per
1306 5234 1596 5303 imaginem
1632 5233 1699 5287 ad
1731 5233 1850 5300 ejus
1900 5232 2257 5302 archetypum
2307 5247 2392 5287 re-

814 5327 994 5397 spexit
1037 5345 1051 5380 :
1098 5326 1201 5380 hoc
1244 5333 1328 5379 est
1376 5340 1444 5379 ex
1503 5325 1666 5379 rebus
1738 5324 2042 5394 procreatis
2091 5324 2158 5378 ad
2202 5339 2391 5379 earum

815 5416 1100 5474 contendit
1136 5422 1437 5472 auctorem.

874 5526 1008 5582 Filii
1034 5529 1221 5582 matris
1270 5544 1398 5583 mea
1435 5537 1796 5599 pugnaverunt
1837 5530 1890 5582 in
1938 5544 2037 5584 me.

885 5642 967 5696 Me
994 5641 1139 5696 enim
1166 5649 1639 5713 oppugnaverunt,
1686 5642 1866 5713 inquit
1891 5656 2113 5712 sponsa,
2147 5655 2212 5696 ac
2238 5638 2389 5697 defe-

816 5737 1041 5791 ctricetn
1070 5735 1421 5791 reddiderunt
1450 5736 1726 5794 daemones
1748 5737 2080 5794 desertores.
2115 5733 2227 5794 Hos
2248 5736 2394 5791 enim

925 5848 948 5879 δ
978 5844 1138 5904 Joan.
1175 5862 1268 5915 xv,
1298 5848 1355 5905 4.

2495 4704 2618 4763 τοὺς
2651 4702 2709 4755 ὲν
2743 4699 2823 4768 τῷ
2871 4698 3035 4749 παντὶ
3095 4695 3222 4763 έσχε
3288 4692 3477 4759 λόγους
3523 4691 3598 4753 ὡς
3664 4689 3843 4759 μίγμα
3888 4688 4067 4754 πάσης

2498 4796 2749 4864 κτήσεως
2781 4808 2793 4820 ·
2831 4790 2905 4859 μὴ
2941 4790 3229 4859 τηρήσασα
3256 4785 3312 4839 δὲ
3339 4786 3429 4836 τὸν
3465 4784 3564 4836 ἕνα
3607 4783 3764 4849 λόγον
3794 4781 3892 4850 τῆς
3935 4780 4068 4841 ιδίας

2498 4887 2739 4956 φύσεως,
2765 4884 2881 4935 ἀλλ’
2936 4885 3015 4943 εἰς
3054 4879 3258 4941 πολλάς
3296 4876 3451 4941 δόξας
3496 4873 3935 4944 κατατμηθεῖσα,
3978 4875 4069 4922 καὶ

2498 4978 2756 5047 πολυθεΐᾳ
2804 4973 3157 5037 δουλεύσασα,
3181 4971 3273 5024 τὸν
3315 4970 3443 5022 ῐδιον
3478 4966 3778 5037 ἀμπελῶνα
3806 4966 3906 5018 οὐκ
3936 4962 4069 5031 ἐφύ-

2497 5072 2695 5137 λαξεν·
2749 5068 2871 5123 οὐδὲ
2906 5066 3014 5135 γὰρ
3068 5063 3326 5127 ἱθυτενῶς
3377 5062 3464 5115 διά
3500 5061 3595 5114 τοῦ
3645 5058 3848 5121 παντὸς
3880 5057 3954 5120 ὼς
4002 5056 4067 5107 δι’

2496 5165 2703 5228 εἰκόνος
2736 5161 2883 5234 ἑώρα
2938 5162 3074 5231 πρὸς
3110 5162 3172 5214 τὸ
3214 5158 3522 5233 ἀρχέτυπον
3550 5195 3565 5221 ,
3614 5156 3808 5226 ἦγουν,
3836 5152 3925 5205 διὰ
3962 5150 4070 5202 τῶν

2496 5256 2753 5311 αἰτιατῶν
2783 5256 2919 5324 πρὸς
2944 5254 3003 5307 τὸ
3030 5252 3223 5306 αἴτιον.

2575 5526 2694 5580 Υἱοὶ
2720 5525 2945 5595 μητρός
2978 5540 3098 5593 μου
3128 5521 3503 5591 ἐμαχέσαντο
3532 5520 3601 5574 ἐν
3634 5520 3784 5589 ἐμοι.

2578 5637 2709 5707 Ἐμὶ
2737 5636 2845 5706 γὰρ
2874 5634 3247 5705 ἐπολέμησαν,
3274 5634 3439 5701 φησὶν
3464 5634 3497 5701 ἡ
3532 5632 3719 5701 νύμφη
3754 5632 3939 5695 πάλιν,
3978 5633 4068 5683 καὶ

2508 5729 2832 5802 παραὸἀτην
2888 5726 3095 5793 ἔδειξαν
3147 5725 3401 5794 δαίμονες
3458 5724 3779 5777 ἀποστάται.
3838 5724 4075 5785 Tum;
