4424 6446
355 382 460 446 549

1362 372 1754 436 COMMENT.
1788 370 1869 431 IN
1896 368 2289 431 CANTICUM
2331 366 2626 427 CANTIC.

3542 368 3651 434 550

347 499 454 568 γὰρ
480 498 736 568 εἴρηκεν,
765 496 914 559 υἱοὺς
966 490 1174 565 μητρὸς
1224 490 1397 561 αὐτῆς
1425 488 1734 559 τυγχάνειν,
1766 487 1840 549 ὼς
1877 486 1941 555 δὴ
1974 490 2016 545 Α
2048 498 2094 537 m

1895 487 1941 555 ἰὴ
1974 490 2016 545 Α
2048 483 2239 537 matris
2271 496 2382 535 sua:
2415 480 2558 534 ﬁlios
2587 477 2742 541 dicit,
2785 476 2985 547 quippe
3014 478 3106 548 qui
3139 492 3264 534 cum
3296 478 3526 551 reliquis
3555 497 3642 540 ro-

347 591 444 642 :u‘t
466 588 702 649 τούτους
730 590 792 641 ἐκ
812 585 950 640 Θεοῦ
983 583 1303 647 κτισθέντας
1323 582 1463 653 μετὰ
1489 582 1729 636 πάντων.
1771 580 1948 632 Ἐπεί-

348 696 457 749 περ
487 680 593 732 ὅσα
624 680 906 747 κτίσματα
934 677 1281 746 τυγχάνομεν
1321 678 1378 728 ὲν
1411 674 1533 744 βίῳ,
1571 672 1677 726 κᾶν
1701 672 1944 739 ἄγγελοι,

349 770 455 823 κᾶν
490 770 805 840 ἅνθρωποι,
841 769 945 823 κᾶν
973 769 1250 838 δαίμονες,
1281 767 1386 821 κᾶν
1414 766 1582 832 λίθοι,
1624 764 1699 828 ὼς
1723 764 1947 831 ἀδελφοὶ

344 864 704 932 τυγχάνομεν
759 862 839 924 είς
885 860 1077 928 λόγους
1136 858 1577 927 πλαστουργίας·
1632 857 1947 926 σύμπαντες

346 954 458 1023 γὰρ
519 952 881 1019 ὲπλάσθημεν
912 951 977 1003 ἐκ
1034 948 1171 1002 Θεοῦ
1223 947 1625 1017 παντεργάτου.
1660 941 1797 998 Εἶτα
1853 945 1948 996 καὶ

349 1045 503 1111 λέγει
538 1043 684 1114 πρὸς
726 1043 894 1106 αὑτὰς
928 1042 1018 1094 τὸν
1041 1040 1241 1110 τρόπον
1268 1038 1355 1090 τοῦ
1389 1038 1626 1107 πολέμου
1651 1053 1664 1067 ·
1708 1036 1949 1089 Ἕθεντό

341 1153 418 1204 με
458 1135 869 1204 φυλάκισσαν
918 1136 988 1187 ἐν
1030 1130 1373 1201 ἀμπελῶνιο
1429 1130 1757 1200 ἀμπελῶνα
1798 1128 1947 1197 ἐμὸν

349 1231 460 1281 οὐκ
480 1227 785 1296 ἐφύλαξα.
821 1227 910 1278 Ἐν
934 1225 1252 1294 παραδείσῳ
1275 1225 1405 1296 γὰρ,
1440 1223 1597 1294 φησι,
1619 1220 1943 1285 πλασθεῖσα,

348 1321 443 1373 καὶ
475 1323 730 1383 τεθεῖσα,
767 1319 910 1372 ὥστε
934 1318 1232 1388 φυλάσσειν
1268 1317 1486 1385 ἐντολὴν
1521 1315 1613 1367 τοῦ
1642 1314 1715 1385 μὴ
1748 1320 1944 1382 φαγεῖν

350 1413 627 1482 ἀκαίρως.
670 1412 762 1464 τὸν
792 1412 955 1479 νόμον
978 1413 1075 1464 οὐκ
1107 1409 1372 1478 ἐφύλαξα,
1427 1409 1525 1478 τὴν
1550 1406 1766 1478 ἐντολὴν
1800 1425 1944 1478 παρ-

349 1502 506 1571 έϐην.
558 1504 676 1556 Καὶ
717 1502 888 1556 ταύτα
926 1504 1025 1573 μὲν
1054 1502 1294 1571 ὠδύρετο
1325 1501 1460 1570 πρὸς
1508 1503 1631 1565 τοὺς
1675 1503 1946 1569 ἀγγέλους

351 1592 539 1658 δῆθεν.

888 1702 1011 1757 Τῶν
1043 1710 1092 1771 γ’
1120 1704 1418 1772 Πατέρων.

2057 576 2158 631 bus
2182 590 2210 628 a
2233 572 2344 627 Deo
2370 573 2481 626 siut
2503 571 2795 641 procreati.
2824 570 3280 642 Quandoquidem
3308 586 3500 628 omnes
3525 590 3649 645 qua

2054 679 2246 718 sumus
2261 664 2314 716 in
2335 662 2557 723 mundo,
2584 670 2870 724 creaturae,
2886 662 3002 715 sive
3019 661 3218 732 angeli,
3236 664 3354 717 sive
3372 663 3645 733 homines,

2054 757 2168 809 sive
2198 755 2477 809 daemones
2505 752 2620 807 sive
2671 754 2900 822 lapides,
2944 754 3159 807 ratione
3194 756 3490 811 creationis
3518 763 3643 810 tan-

2053 858 2215 911 quam
2260 844 2455 898 fratres
2490 857 2681 898 sumus
2714 860 2728 903 ;
2756 858 2951 897 omnes
2981 843 3128 897 enim
3168 857 3354 897 rerum
3391 846 3641 900 omnium

2053 929 2233 1000 apifex
2263 931 2406 989 Deus
2434 935 2564 989 fecit
2586 940 2641 988 et
2672 933 2937 987 condidit.
2983 932 3188 988 Deinde
3219 934 3343 988 belli
3376 937 3639 991 rationein

2054 1023 2299 1077 declarat
2326 1026 2409 1080 lllS
2448 1026 2631 1081 verbis
2669 1044 2681 1079 :
2722 1023 3019 1079 Paruerant
3055 1042 3137 1079 me
3168 1026 3436 1080 custodem
3471 1029 3524 1080 in
3562 1028 3641 1083 vi-

2055 1119 2217 1171 neis:
2266 1120 2470 1172 vineam
2532 1137 2703 1173 meam
2758 1135 2862 1173 non
2911 1118 3193 1172 custodiri.
3269 1118 3328 1173 In
3384 1120 3642 1189 paradiso

2053 1206 2250 1277 inqdit,
2294 1211 2530 1264 formata
2570 1220 2625 1264 et
2660 1212 2949 1278 collocata,
3003 1222 3060 1266 ut
3094 1212 3445 1267 observarem
3479 1229 3637 1266 man-

2052 1305 2237 1358 datum
2288 1303 2439 1366 illud,
2498 1318 2568 1359 ne
2616 1305 2959 1360 comederem
3006 1307 3408 1376 intempestive,
3463 1309 3635 1379 legem

2053 1410 2162 1448 non
2197 1395 2497 1458 custodiri,
2544 1394 2803 1449 mandato
2850 1414 2955 1451 non
2986 1400 3383 1467 obtemperavi.
3422 1397 3487 1453 Et
3523 1402 3637 1454 haec

2048 1484 2271 1555 quidem
2303 1503 2425 1540 cunt
2453 1488 2661 1557 angelis
2694 1488 2767 1540 ita
2803 1492 3261 1557 conquerebatur.

2616 1703 2795 1757 Trium
2833 1704 3076 1760 Patrum.

423 1820 637 1874 Λοιπὸν
691 1820 720 1870 6
767 1817 930 1881 αὐτὸς
984 1819 1111 1886 ἐμὸς
1172 1815 1439 1887 άμπελὼν
1473 1809 1533 1870 οὗ
1574 1834 1639 1885 με
1678 1817 1944 1889 πρότερον
1978 1850 2018 1904 Β
2121 1816 2170 1873 Ιε

1885 1835 1944 1870 ον
1978 1850 2018 1904 Β
2121 1816 2240 1873 Jam
2288 1820 2443 1874 vinea
2492 1834 2633 1882 mea,
2699 1834 2728 1871 a
2780 1835 2887 1888 qua
2927 1836 3011 1874 me
3051 1821 3297 1886 divulsit,
3350 1823 3630 1895 multiplex

353 1910 703 1979 διέστηκενή
729 1908 987 1971 πολύθεος
1006 1910 1204 1978 πλάνη,
1227 1909 1320 1959 καὶ
1341 1910 1419 1968 εἰς
1437 1906 1493 1959 ὃν
1524 1906 1617 1959 νῦν
1641 1906 1946 1976 ὲφυτεύθην

352 2005 419 2073 τῇ
449 2004 659 2065 πίστει,
694 2001 1085 2070 Ἀπὰγγ-ειλόν
1108 2018 1230 2067 μοι,
1259 1999 1330 2052 ὃν
1358 2000 1676 2067 ἠγάπησεν
1708 2001 1745 2066 ἡ
1772 2000 1943 2068 ψυχή

350 2112 498 2162 μου,
534 2096 597 2146 ἐν
626 2093 704 2162 τῷ
738 2093 835 2163 τὴν
872 2092 1193 2159 ἐπιφάνειαν
1244 2092 1351 2143 τῶν
1384 2090 1661 2158 αἰσθητῶν
1703 2090 1948 2162 ὑπερκύ-

351 2184 473 2253 dm,
509 2185 610 2237 καὶ
643 2184 721 2245 εἰς
752 2185 878 2243 τοὺς
910 2182 1100 2247 λόγους
1133 2181 1240 2234 τῶν
1268 2182 1473 2252 νοητῶν
1511 2182 1855 2251 παρακύψαι,
1895 2183 1944 2236 οἶ

354 2274 539 2335 καλῶς
586 2273 953 2343 θεωρούμενοι
1022 2274 1159 2345 πρὸς
1205 2274 1304 2342 τὴν
1350 2273 1611 2343 ἀλήθειαν
1693 2276 1939 2343 φέρουσι.

355 2364 474 2417 ποῦ
502 2366 838 2431 ποιμαίνεις
867 2366 1148 2435 ἐπιτρέφων
1183 2366 1304 2416 κατ’
1338 2365 1542 2436 ἀρετὴν
1578 2367 1670 2418 καὶ
1704 2365 1939 2429 ποτίζων

356 2458 495 2508 κατὰ
525 2456 728 2523 γνῶσιν
756 2456 900 2524 ὕδωρ
924 2457 1032 2520 ζῶν
1059 2458 1121 2508 ἐκ
1144 2458 1241 2526 τῆς
1269 2459 1497 2509 άεννάου
1533 2458 1715 2526 πηγῆς
1751 2460 1818 2511 τὰ
1849 2458 1939 2511 λο-

360 2551 492 2613 γικὰ
527 2548 816 2615 πρόϐατα’
856 2549 950 2600 καὶ
992 2549 1099 2617 γὰρ
1147 2550 1205 2600 οὗ
1245 2550 1403 2617 μόνον
1434 2550 1465 2617 ἡ
1502 2548 1768 2618 ἄμπελος,
1806 2551 1942 2602 ἀλλὰ

356 2636 451 2686 καὶ
478 2638 507 2687 6
567 2638 732 2700 καλὸς
762 2638 985 2707 ποιμὴν,
1017 2640 1044 2689 6
1102 2641 1271 2701 τιθεὶς
1315 2641 1414 2707 τὴν
1449 2639 1627 2707 ψυχὴν
1666 2639 1807 2710 ὑπὲρ
1832 2639 1939 2693 τῶν

357 2725 674 2793 προϐάτων,
709 2727 871 2790 αὐτὸς
907 2723 977 2791 εί,
1036 2728 1220 2789 καθὼς
1270 2730 1329 2778 ὲν
1381 2721 1736 2797 [εὐαγγελίοις
1763 2730 1898 2798 ἔφης
1922 2748 1936 2762 ο

357 2815 454 2867 καί
472 2817 593 2869 ποῦ
607 2832 705 2868 ποι
714 2817 895 2882 τάξεις
907 2820 977 2869 ἐν
987 2820 1346 2887 μεσημϐρίᾳ,
1364 2821 1457 2871 τοῦ
1476 2820 1667 2873 πολλοῦ
1687 2824 1934 2891 καμάτου

356 2905 657 2958 ἀναπαύων
714 2909 772 2959 ἐν
815 2908 891 2978 τῷ
920 2908 1095 2978 άσκέῳ
1136 2910 1314 2978 πάσης
1337 2910 1568 2978 ψευδοῦς
1609 2913 1935 2986 ὑπολήψεως

359 2995 500 3062 φωτὶ
537 2996 637 3066 τῆς
697 2999 1047 3065 ὲπιγνὼσεὼς
1097 3016 1188 3051 σου
1224 3041 1238 3065 ,
1302 3002 1397 3054 τοῦ
1442 3003 1538 3073 τῆς
1589 3004 1935 3077 δικαιοσύνης

367 3083 576 3151 Ἠλίου,
606 3088 733 3150 τοὺς
756 3089 1239 3159 ἀποπλανηθέντας
1259 3094 1355 3162 τῆς
1379 3093 1499 3145 ὁδοῦ
1527 3094 1626 3163 τῆς
1652 3095 1930 3166 ἀληθείας,

2048 1908 2274 1963 deorum
2302 1910 2504 1974 cultus,
2547 1920 2601 1963 et
2639 1910 2692 1963 in
2733 1924 2841 1979 qua
2882 1926 3075 1965 rursus
3104 1913 3265 1967 insita
3297 1927 3417 1967 sum
3450 1923 3546 1981 per
3568 1916 3628 1967 li-

2048 2000 2191 2063 dem,
2220 2000 2421 2053 Nuntia
2458 2000 2583 2053 mihi
2614 2018 2761 2068 quem
2784 2019 2963 2055 amore
3015 2006 3286 2072 complexa
3316 2015 3392 2059 est
3422 2008 3625 2073 animo,

2048 2108 2165 2144 mea
2208 2092 2335 2144 dum
2375 2106 2438 2145 ex
2473 2106 2654 2145 rerum
2680 2107 2799 2160 quae
2828 2107 2990 2146 sensu
3025 2093 3422 2163 percipiuntur,
3464 2111 3623 2166 aspe-

2045 2193 2157 2246 ctu,
2193 2186 2256 2236 :td
2282 2200 2468 2237 earum
2498 2199 2619 2252 qua:
2646 2193 2826 2238 mente
2850 2192 2903 2239 et
2935 2186 3269 2256 COgitalione
3302 2199 3451 2243 recte
3475 2203 3629 2244 COIII-

2043 2278 2328 2345 prehensa:
2349 2274 2417 2328 ad
2446 2277 2726 2329 veritatem
2753 2275 2984 2341 ducunt,
3031 2277 3446 2348 intelligentiam
3475 2281 3625 2335 tolli-

2042 2376 2130 2422 tur
2162 2384 2177 2432 ;
2212 2368 2301 2420 ubi
2335 2380 2529 2434 pascas
2563 2367 2777 2419 virtutis
2804 2368 2984 2420 cibum
3013 2369 3210 2424 ovibus
3235 2371 3450 2426 ratione
3476 2386 3615 2441 prae-

2040 2457 2171 2511 ditis
2217 2471 2536 2525 suggerens,
2591 2464 2646 2511 et
2686 2472 2842 2526 aqua:
2880 2458 3015 2511 vim
3052 2465 3239 2528 potum
3287 2475 3353 2515 ex
3390 2462 3617 2531 percurri

2043 2549 2195 2603 lente
2224 2548 2491 2618 praebens.
2534 2546 2614 2602 Tu
2648 2549 2791 2603 enim
2817 2548 2836 2617 (
2860 2551 3325 2619 quemadmodum
3362 2553 3417 2607 in
3444 2552 3623 2607 Evan-

2041 2642 2195 2712 geliis
2249 2641 2525 2710 proﬁteris
2567 2640 2586 2705 )
2630 2656 2737 2696 non
2790 2643 2965 2695 solum
3014 2646 3139 2699 vitis
3183 2661 3266 2713 es,
3319 2646 3413 2701 sed
3454 2647 3619 2701 etiam

2041 2729 2217 2782 bonus
2243 2729 2332 2781 ille
2358 2728 2606 2797 pastor“,
2632 2730 2723 2797 qui
2748 2729 2907 2796 ponis
2937 2730 3175 2784 animam
3199 2740 3349 2786 tuam
3374 2748 3473 2802 pro
3500 2734 3622 2787 ovi-

2040 2818 2141 2870 bus
2166 2819 2291 2870 tuis.
2329 2816 2555 2871 Ubinam
2577 2819 2758 2886 pascis
2794 2820 2849 2871 in
2884 2820 3134 2885 meridie,
3174 2822 3306 2876 dum
3337 2824 3486 2878 omni
3518 2824 3622 2877 fal-

2039 2910 2217 2963 sitatis
2246 2910 2437 2963 umbra
2472 2910 2745 2975 discussa,
2777 2919 2833 2964 tu
2862 2912 2951 2980 qui
2976 2926 3037 2967 es
3059 2911 3292 2981 iustitia:
3335 2915 3452 2981 Sol,
3485 2931 3620 2971 oves

2036 3002 2102 3055 de
2138 3001 2378 3054 veritatis
2409 3002 2494 3053 via
2533 3001 2894 3066 declinantes,
2958 3003 3370 3076 praecipitesque
3403 3006 3458 3060 in
3492 3008 3617 3077 apio

2038 3093 2258 3145 ninntttn
2285 3092 2712 3160 perniciosarum
2742 3095 3059 3149 barathrum
3087 3108 3328 3160 ruentes,
3350 3099 3619 3168 cognitio-

358 3176 452 3227 καὶ
494 3179 576 3236 είς
614 3180 893 3248 κρημνοὺς
920 3183 1013 3231 καὶ
1049 3180 1323 3251 βάραθρα,
1368 3183 1466 3245 τὰς
1511 3185 1759 3248 ἐναντίας
1790 3187 1932 3256 φημὶ
1960 3182 2001 3238 C
2036 3184 2105 3236 ni:

1872 3187 1932 3256 μὶ
1960 3182 2001 3238 C
2036 3184 2120 3237 nis
2155 3194 2258 3236 tua:
2290 3184 2409 3238 luce
2442 3184 2742 3254 perfundis,
2784 3194 2838 3239 et
2874 3200 2905 3238 a
2940 3186 3125 3241 labore
3156 3189 3328 3241 nimio
3358 3189 3618 3243 recreasl

358 3265 535 3329 δόξας,
572 3269 1000 3336 κατασυρέντας.
1054 3267 1188 3325 Εἶτα
1213 3273 1441 3326 θέλουσα
1471 3274 1572 3344 τὴν
1600 3278 1777 3329 αἰτίαν
1804 3280 1933 3331 ἀνα-

357 3355 584 3422 διδάξαι,
616 3358 682 3411 δι’
705 3359 770 3427 ἢν
791 3360 945 3428 ζητεῖ
969 3363 1160 3429 μαθεῖν
1190 3364 1281 3416 τὸν
1300 3367 1465 3417 τόπον
1496 3368 1554 3419 ὲν
1579 3360 1623 3434 ᾧ
1650 3369 1930 3437 ποιμαίνει

356 3461 414 3495 τε
449 3450 544 3497 καὶ
572 3449 834 3515 κοιτάζει,
876 3449 950 3513 ὡς
981 3452 1215 3522 εἴρηται,
1260 3458 1288 3508 6
1325 3459 1485 3521 καλὸς
1517 3464 1740 3529 ποιμὴν,
1773 3464 1926 3532 φησί·

358 3536 452 3598 Μή
483 3553 625 3590 ποτε
657 3541 910 3609 γένωμαι
944 3542 1024 3608 ὡς
1059 3548 1532 3615 περιϐαλλομένη
1564 3550 1656 3603 ἐπ’
1688 3553 1932 3621 ἀγέλαις

357 3625 606 3693 ἐταιζοων
640 3645 779 3695 σου,
820 3632 1007 3700 ἠγουν,
1044 3636 1271 3705 Μήποτε
1313 3640 1370 3690 ὲν
1397 3638 1473 3709 τῷ
1497 3641 1596 3709 τῆς
1655 3642 1752 3710 σῆς
1781 3644 1927 3698 διδα-

360 3714 587 3779 σκαλίας
622 3720 942 3790 άμοιρῆσαι,
974 3726 1220 3794 γένωμαι
1258 3728 1333 3790 ὡς
1361 3729 1555 3798 ψεῦδος
1602 3733 1927 3805 ἑνδεδυμένη

359 3805 446 3856 ἐπ’
480 3808 787 3879 ἀλλοτρίαις
808 3813 901 3865 τοῦ
931 3814 1024 3867 σοῦ
1049 3820 1298 3885 ποιμνίου
1321 3822 1564 3889 ἀγέλαις,
1585 3826 1682 3894 τῆς
1705 3825 1923 3893 ἀγνοίας

357 3900 455 3966 τῆς
479 3900 733 3968 ἀληθείας
769 3907 1213 3978 συναγελασάσης
1245 3928 1333 3980 με.

938 4018 1047 4071 Τοῦ
1082 4022 1341 4076 Ψελλοῦ.

439 4120 519 4214 Ἠᾃ
541 4121 724 4192 νύμφη
770 4125 919 4192 γοῦν,
948 4132 1273 4201 προκύψασα
1319 4136 1512 4206 μικρὸν
1535 4140 1590 4191 ὲν
1644 4156 1917 4214 μετανοίᾳ,

357 4212 520 4304 (parre!
548 4214 781 4280 μεγάλα,
835 4221 927 4270 καὶ
961 4218 1113 4289 ζητεί
1160 4226 1253 4277 τὸν
1298 4229 1471 4296 Λόγον
1524 4233 1616 4283 καὶ
1662 4212 1915 4304 νυμφίον.

354 4300 487 4370 Φησὶ
516 4305 625 4373 γὰρ
650 4304 791 4358 οὕτω
840 4309 975 4376 πρὸς
1029 4314 1209 4379 αὐτὸν,
1261 4315 1448 4389 ὥσπερ
1482 4320 1663 4388 ὲρῴσα
1709 4326 1917 4378 τοῦτον

367 4391 742 4459 Ἀπὰγτειλόν
762 4414 885 4463 μοι,
908 4398 979 4451 ὃν
1009 4402 1328 4471 ἠγάπησεν
1358 4407 1397 4472 ἡ
1429 4411 1597 4478 ψυχή
1627 4430 1765 4480 μου,
1805 4415 1919 4470 ποῦ

2036 3273 2193 3337 Tum,
2236 3286 2295 3329 ut
2332 3290 2552 3330 causam
2584 3276 2796 3341 doceat,
2844 3276 3200 3344 quamobrem
3236 3286 3610 3344 percontetur,

2031 3381 2140 3435 quo
2184 3366 2236 3419 in
2282 3368 2401 3421 loco
2434 3379 2644 3437 pascat,
2681 3376 2735 3421 ct
2778 3369 2960 3430 cubet,
3012 3377 3072 3423 ut
3102 3370 3305 3423 dictum
3349 3378 3454 3435 est,
3512 3370 3614 3424 bo.

2032 3472 2135 3511 nus
2172 3467 2357 3527 pastor
2392 3478 2406 3514 :
2448 3457 2532 3512 Ne
2559 3459 2794 3529 quando,
2826 3460 3022 3530 inquit,
3064 3461 3223 3514 velati
3255 3462 3613 3517 circumventa

2030 3550 2388 3617 deprehendar
2421 3553 2559 3605 inter
2587 3568 2765 3622 greges
2792 3552 3058 3606 sodalium
3090 3562 3302 3606 tuorum
3331 3593 3348 3621 ,
3377 3554 3481 3610 boc
3501 3563 3609 3623 est,

2030 3638 2108 3695 Ne
2146 3642 2364 3709 quando
2394 3645 2582 3711 procul
2627 3658 2655 3696 a
2696 3644 2946 3698 doctrina
2983 3656 3075 3699 tua
3110 3655 3337 3712 remota,
3385 3645 3612 3703 menda-

2029 3734 2130 3787 ciis
2169 3734 2595 3788 circumscribar
2638 3735 2780 3788 inter
2820 3750 3012 3805 greges
3041 3738 3111 3790 ab
3146 3738 3277 3791 ovili
3322 3741 3607 3807 sejunctas

2028 3829 2143 3887 tuo,
2187 3825 2436 3879 veritatis
2471 3826 2693 3881 inscitia
2727 3843 2811 3883 me
2833 3827 2902 3882 ad
2936 3829 3060 3884 illos
3089 3840 3435 3903 aggregante.

2715 4046 2905 4104 Pselli.

2097 4153 2307 4224 Sponsa
2343 4158 2530 4228 igitur,
2575 4175 2698 4214 cum
2746 4163 2965 4230 paulum
3010 4163 3066 4217 in
3097 4166 3419 4234 paenitentia
3470 4185 3604 4240 pro-

2022 4261 2205 4315 gressa
2237 4249 2326 4309 sit,
2367 4264 2557 4317 magna
2590 4248 2851 4318 loquitur,
2883 4260 2937 4305 et
2966 4251 3197 4306 Verbum
3228 4270 3290 4308 ac
3323 4257 3598 4325 Sponsum

2024 4339 2235 4406 quwrit.
2272 4337 2360 4392 Sic
2389 4340 2534 4393 enim
2583 4340 2783 4408 ipsum,
2837 4352 3091 4411 tanquam
3135 4359 3321 4400 amore
3367 4346 3421 4400 in
3470 4364 3595 4403 eum

2025 4427 2268 4490 incitata,
2301 4428 2624 4495 compellat:
2659 4426 2850 4481 Indica
2885 4432 3032 4493 mihi,
3084 4448 3234 4499 quem
3263 4434 3451 4488 dilexit
3477 4439 3593 4490 ani-

352 4486 702 4550 ποιμαίνεις,
728 4488 846 4542 ποῦ
877 4491 1162 4559 κοιτάζεις
1205 4495 1275 4547 ἐν
1307 4502 1682 4567 μεσημϐρίᾳ;
1709 4506 1878 4574 Φησίν
1899 4524 1912 4537 ο
1948 4517 1992 4570 D
2022 4533 2099 4569 ma

1842 4507 1878 4556 ἵν
1899 4524 1912 4537 ⁹
1948 4517 1992 4570 D
2022 4533 2107 4569 ma
2139 4486 2275 4579 mea,
2310 4517 2398 4569 ubi
2426 4486 2639 4584 pascas,
2671 4518 2758 4572 ubi
2786 4520 2942 4574 cubes
2977 4486 3031 4574 in
3064 4486 3301 4577 meridie.
3333 4486 3589 4580 Actutum

353 4572 438 4623 'Ev
458 4575 611 4643 τάχει
644 4576 765 4644 λέγε
794 4597 907 4648 μοι,
945 4582 1047 4633 ποῦ
1080 4584 1406 4652 ποιμαίνεις,
1436 4588 1538 4641 ποῦ
1560 4572 1850 4658 κοιτάζεις,
1889 4599 1916 4649 6

353 4662 517 4729 Λόγος
546 4667 604 4718 6v
631 4670 895 4738 ἠγάπησα
941 4672 1118 4743 ψυχῆς
1149 4676 1318 4743 αὐτῆς
1362 4681 1425 4731 ἐκ
1460 4681 1651 4752 μέσης.
1700 4685 1785 4736 Ἐν
1817 4703 1916 4755 με·

353 4755 589 4827 σημϐρῐᾳ
621 4760 695 4828 μή
738 4776 870 4813 ποτε
912 4766 1206 4829 κοιτάςεις,
1240 4762 1285 4819 ὧ
1341 4773 1567 4841 νυμφίες
1603 4775 1912 4846 Πέπεισμαι

351 4847 454 4915 γὰρ
480 4850 734 4919 καθαρῶς
774 4855 833 4905 ὲν
865 4858 1184 4930 μεσημϐρίᾳ
1220 4861 1423 4928 μένειν,
1465 4865 1631 4933 ἤγουν
1671 4869 1750 4929 είς
1796 4870 1911 4936 φῶς

349 4938 637 5029 ἀπρόσιτον
671 4944 793 5013 μηδ’
824 4946 958 5009 ὅλως
985 4950 1145 5002 σκιάν
1184 4951 1328 5019 ἔχον.
1368 4956 1535 5009 Ἔνθα
1562 4959 1630 5011 τά
1660 4960 1908 5029 πρόϐατα

438 5030 504 5082 σά
540 5034 870 5102 ποιμαίνεις,
904 5038 1037 5091 Θεοῦ
1072 5043 1234 5109 Λόγε,
1270 5045 1363 5096 καὶ
1391 5028 1749 5115 κατατάττεις
1777 5054 1907 5123 άλη-

347 5116 448 5180 θῶς
484 5125 621 5187 φωτὶ
654 5127 747 5178 τοῦ
777 5129 871 5180 σοῦ
895 5134 1190 5200 προσώπου
1216 5135 1281 5188 ἂν
1311 5138 1367 5187 ὲν
1398 5140 1592 5211 ἐκείνῳ
1627 5144 1902 5211 φθάσωσιν

340 5210 509 5263 ταῦτά
542 5229 621 5267 σοι
656 5215 1042 5276 καθυπνοῦντι.
1078 5224 1209 5279 Εἶτα
1238 5228 1338 5298 τὴν
1372 5210 1583 5300 πλάνην
1627 5237 1902 5307 τρέμουσα

341 5302 435 5365 τῆς
466 5304 601 5371 πρὸς
656 5308 864 5362 ἐκεῖνον
887 5312 1098 5382 τρίϐου,
1151 5322 1288 5388 φησι
1325 5321 1480 5374 τοῦτο
1532 5302 1675 5393 πρὸς
1718 5302 1902 5395 αὑτὸν,

338 5395 576 5490 τουτέστι
601 5400 693 5490 τὸν
724 5404 955 5472 νυμφίον
983 5420 995 5433 ·
1030 5407 1125 5475 Μή
1171 5426 1317 5465 ποτε
1345 5414 1596 5484 γένωμαι
1619 5419 1697 5484 ὡς
1746 5436 1905 5490 περι-

2018 4609 2126 4673 dic,
2162 4610 2360 4678 inquit,
2412 4612 2565 4674 mihi,
2609 4613 2701 4667 ubi
2734 4614 2936 4682 pascis,
2973 4616 3063 4669 ubi
3100 4619 3291 4682 cubas,
3327 4617 3587 4687 Verbum,

2015 4700 2161 4770 quod
2209 4716 2276 4756 ex
2328 4702 2516 4756 intima
2570 4704 2749 4757 anima
2798 4705 2961 4759 dilexi
3006 4721 3147 4763 mea.
3204 4706 3475 4780 Numquid
3530 4714 3586 4770 in

2014 4792 2241 4847 meridie
2268 4794 2529 4861 quiescis,
2556 4809 2755 4862 sponse
2780 4798 2849 4849 mi
2873 4797 2897 4851 3
2944 4796 3274 4854 Persuasum
3310 4801 3455 4856 enim
3483 4802 3585 4857 ha-

2013 4878 2134 4942 beo,
2189 4885 2242 4932 te
2287 4878 2494 4947 puriter
2527 4881 2827 4945 meridiari,
2886 4882 2939 4936 in
2986 4884 3108 4940 luce
3142 4885 3398 4940 nimirum
3435 4891 3586 4944 inac-

2011 4983 2185 5032 cessa,
2235 4969 2305 5023 ab
2342 4970 2489 5023 omni
2539 4986 2762 5039 prorsus
2805 4975 2999 5029 umbra
3045 4986 3275 5032 remota.
3314 4977 3415 5033 Ubi
3450 4996 3582 5036 oves

2010 5068 2131 5113 tuas
2156 5060 2356 5127 pascis,
2389 5059 2484 5115 Dei
2520 5059 2785 5129 Verbum,
2819 5079 2884 5119 ac
2903 5081 3033 5122 vere
3086 5068 3332 5124 illustras
3375 5070 3582 5129 lumine

2007 5164 2252 5221 personae
2284 5160 2407 5217 tuae,
2446 5150 2492 5207 si
2519 5151 2573 5204 in
2604 5153 2698 5207 illo
2731 5153 2797 5207 ad
2830 5164 2881 5209 te
2912 5157 3287 5224 quiescentem
3330 5172 3581 5218 accesse-

1997 5243 2129 5295 rint.
2156 5239 2349 5296 Postea
2376 5242 2784 5311 pertimescens,
2829 5258 2899 5300 ne
2924 5245 3142 5303 aberret
3167 5262 3198 5303 a
3227 5250 3421 5307 semita
3457 5266 3579 5323 quae

1998 5335 2064 5387 ad
2101 5349 2366 5404 sponsum
2399 5333 2572 5400 ducit,
2618 5337 2732 5390 hac
2766 5338 2897 5393 item
2948 5339 3016 5394 ad
3053 5339 3207 5397 illum
3251 5342 3417 5403 verba
3451 5360 3575 5414 pro-

1998 5427 2215 5480 nuntiat
2260 5444 2275 5481 :
2328 5424 2411 5480 Ne
2435 5431 2648 5495 quando
2671 5426 2923 5484 oberrans
2961 5432 3017 5485 in
3056 5432 3325 5490 sodalium
3359 5444 3571 5488 tuorum

334 5485 689 5591 παιζιῖωμένη
742 5491 834 5543 ἐπ’
877 5496 1119 5565 ἀγέλαις
1149 5501 1398 5571 ἑταίρων
1448 5523 1584 5564 σου.
1636 5511 1748 5579 Τὴν
1792 5485 1902 5567 τῶν
1995 5531 2081 5585 gre

1826 5514 1902 5567 ῶν
1995 5531 2174 5585 greges
2195 5516 2486 5579 incurram,
2518 5516 2701 5571 ovium
2727 5528 2941 5573 tuarum
2970 5536 3233 5591 pascuum
3253 5522 3568 5581 demonstra

335 5572 615 5642 προϐάτων
641 5597 733 5635 σου
758 5587 949 5656 νομὴν,
975 5591 1163 5661 φησὶν,
1187 5594 1518 5665 ἀπάγγειλόν
1543 5618 1654 5669 μοι.
1678 5572 1899 5660 Ᾰέδοικα
1995 5572 2082 5661 lnil

1819 5624 1899 5660 ικα
1999 5606 2150 5662 mihi.
2208 5607 2413 5664 Vereor
2460 5604 2629 5662 enim.
2689 5623 2757 5663 ne
2810 5623 3007 5667 cursus
3051 5626 3241 5670 errore
3292 5624 3566 5690 provecta,

396 5750 416 5782 '
445 5748 597 5806 Joan.
634 5769 706 5818 ιι,
741 5758 825 5816 14.
