4424 6446
788 390 887 454 551

2050 386 2459 446 MlCllAELIS
2515 387 2776 447 PSELLI

3958 400 4061 464 55.5:

791 513 990 576 praeter
1015 516 1165 573 spem
1204 517 1256 553 in
1288 512 1477 571 greges
1513 506 1565 554 et
1598 510 1798 568 pascua
1825 494 2056 550 forsitan
2089 493 2367 548 haedorum
2396 505 2447 565 Α
2474 498 2538 563 τὰ

2318 508 2367 546 m
2396 505 2447 565 Α
2474 498 2582 566 γὰρ
2616 499 2691 566 μὴ
2724 497 2984 568 πλανηθῷ
3035 500 3319 570 δραμοῦσα
3382 502 3509 573 παρ’
3550 505 3740 558 ἐλπίδα
3795 506 3930 577 πρὸς
3961 510 4059 572 τὰς

792 597 938 655 ferar
966 613 980 663 ;
1012 604 1173 663 atque
1210 593 1281 645 ita
1318 590 1534 661 longius
1569 587 1793 642 tlivellar
1825 586 1893 642 ab
1922 588 2115 642 ovibus
2153 586 2283 650 tuis,
2320 595 2374 640 et

800 687 1059 740 sinistras
1101 682 1379 737 haedorum
1413 688 1594 751 partes
1622 678 1918 743 obtineam,
1958 692 2080 730 cum
2121 685 2377 745 tanquam

796 774 1021 829 humani
1067 772 1283 841 generis
1319 768 1486 840 judex
1524 766 1755 821 sederis.
1802 764 1925 819 llaec
1967 765 2146 817 anima
2181 764 2380 833 pudica

791 876 844 918 et
873 862 1091 917 Christo
1122 861 1450 930 desponsata
1486 856 1552 911 ad
1586 855 1861 925 Sponsum
1892 854 2069 907 locuta
2103 860 2205 917 est,
2240 867 2381 907 com.

793 956 929 1009 mori
963 954 1217 1008 celeriter
1251 965 1373 1005 cum
1413 949 1532 1019 ipso
1582 948 1830 1018 cupiens.
1876 944 1958 999 Tu
2008 952 2189 999 autem
2243 944 2379 998 mihi

792 1061 1053 1117 sponsam
1086 1044 1285 1114 cogita,
1325 1048 1385 1095 ut
1415 1040 1471 1095 in
1508 1046 1851 1110 argumento,
1895 1045 2102 1092 castam
2136 1038 2375 1090 animam

794 1134 963 1200 illam,
1022 1149 1143 1189 cum
1185 1147 1380 1203 magno
1418 1130 1584 1186 Paulo
1626 1128 1691 1183 ad
1736 1128 1957 1182 tertium
2003 1128 2225 1192 ccelum,
2282 1142 2375 1180 ar-

804 1244 938 1281 cana
976 1226 1185 1281 ratione
1210 1224 1501 1288 sublatam,
1560 1238 1812 1293 superna:
1835 1220 2160 1285 Jerusalem,
2212 1218 2268 1274 id
2294 1224 2378 1272 est

793 1319 1034 1389 angelos.
1087 1316 1190 1372 Sed
1234 1315 1537 1382 videamus,
1595 1315 1729 1386 quid
1776 1315 1958 1369 dicant
1996 1313 2159 1367 etiam
2210 1309 2375 1365 amici

800 1410 1010 1477 sponsi,
1044 1423 1180 1479 quos
1205 1406 1359 1461 initio
1386 1405 1627 1461 diximus
1656 1421 1779 1461 esse
1805 1406 1943 1459 ﬁlias
1973 1421 1987 1459 :
2016 1410 2070 1457 et
2099 1400 2373 1473 quomodo

797 1500 985 1565 sponsi
1021 1497 1199 1551 cubile
1237 1496 1633 1551 demonstrent.
1672 1496 1767 1551 His
1798 1498 1943 1551 enim
1973 1497 2151 1552 verbis
2181 1511 2370 1569 puram

792 1589 1057 1655 virginem
1101 1586 1453 1655 alloquuntur
1488 1604 1500 1639 :

792 1679 889 1743 τὴν
916 1678 1100 1745 κοίτην
1128 1679 1223 1730 τοῦ
1273 1679 1531 1747 νυμφίου,
1575 1679 1666 1743 οὒς
1699 1678 1819 1731 κατ’
1853 1678 2026 1749 ἀρχὰς
2061 1678 2361 1749 εἰρήκαμεν
2395 1678 2487 1731 τοῦ
2528 1682 2703 1749 Λόγου
2738 1683 3065 1754 θυγατέρας.
3103 1687 3238 1738 Φασὶ
3307 1691 3415 1758 γὰρ
3464 1689 3603 1743 οὕτω
3659 1693 3793 1763 πρὸς

790 1769 887 1837 τὴν
911 1769 1159 1837 καθαρὰν
1191 1769 1455 1837 παρθένον
1477 1788 1489 1799 ο

877 1862 935 1913 δι
970 1862 1179 1927 ignoras
1231 1873 1277 1913 te
1328 1861 1522 1927 ipsam,
1557 1874 1585 1911 ο
1646 1858 1863 1927 pulchra
1919 1858 2056 1912 inter
2106 1858 2383 1921 mulieres,
2420 1869 2460 1924 Β

792 1956 1034 2017 egredere
1063 1961 1118 2003 tu
1142 1953 1194 2003 in
1228 1950 1452 2019 vestigiis
1476 1966 1686 2021 gregum
1713 1960 2005 2015 tuorum,et
2031 1965 2183 2018 pasce
2203 1949 2377 2003 haedos

795 2054 910 2096 tuos
941 2044 990 2094 in
1026 2043 1379 2096 tabernaculis
1412 2050 1709 2111 pastorum.

869 2224 915 2277 0
954 2233 1123 2283 casta,
1181 2223 1455 2291 inquiunt,
1503 2219 1683 2274 anima
1730 2234 1793 2273 ac
1840 2219 2171 2283 veneranda,
2224 2219 2268 2272 si
2311 2219 2376 2273 ad

798 2316 978 2369 ovium
1007 2328 1195 2384 greges
1223 2313 1381 2383 cupis
1409 2313 1715 2382 pervenire,
1745 2326 1910 2365 nosce
1944 2321 1993 2364 te
2025 2313 2217 2379 ipsam,
2249 2325 2381 2378 qua-

800 2408 866 2462 lis
906 2407 1043 2460 facta
1078 2407 1177 2469 sis,
1209 2421 1329 2459 cum
1373 2415 1529 2459 antea
1569 2403 1706 2456 nihil
1738 2402 1957 2455 omnino
1990 2400 2184 2464 fueris,
2239 2413 2379 2468 quo-

806 2498 969 2552 modo
1005 2496 1215 2551 Domini
1250 2496 1481 2563 imagine
1512 2494 1589 2548 sis
1619 2494 1893 2548 decorata.
1930 2491 2156 2545 Omnem
2194 2492 2377 2543 mundi

806 2590 1051 2643 fraudem
1090 2588 1324 2650 declina,
1384 2595 1437 2640 ct
1480 2587 1706 2654 vestigia
1746 2599 1969 2654 gregum
2019 2582 2099 2637 sic
2135 2582 2377 2650 explora,

798 2693 997 2751 utqute
1042 2679 1110 2732 ad
1144 2680 1282 2732 viam
1326 2678 1558 2747 amplam
1598 2678 1877 2744 latamque
1909 2675 2140 2733 ducunt,
2197 2671 2379 2740 despi-

800 2774 917 2826 cias
949 2781 1111 2841 atque
1150 2770 1329 2824 oderis
1360 2788 1372 2822 :
1412 2778 1538 2822 sunt
1570 2768 1714 2821 enim
1748 2766 2052 2820 haedorum.
2094 2762 2223 2828 Quae
2252 2779 2381 2817 vero

797 2865 864 2919 ad
896 2865 1086 2919 callem
1111 2872 1398 2933 angustum
1427 2869 1591 2930 atque
1616 2873 1871 2928 aSperum
1903 2858 2150 2919 lcnduut,
2183 2856 2380 2924 diligas

796 2968 850 3015 ct
888 2957 1270 3027 complectaris
1305 2973 1318 3007 :
1349 2954 1531 3008 ovium
1573 2951 1716 3004 enim
1752 2959 1902 3003 sunt.
1954 2946 2187 3001 Proinde
2223 2961 2377 3010 cave,

798 3067 866 3109 ne
896 3051 1173 3108 baxdorum
1217 3046 1463 3118 vestigiis
1493 3042 1781 3111 decipiare.

1276 3246 1359 3300 Ex
1402 3246 1567 3298 tribus
1611 3240 1884 3295 Patribus.

870 3341 1223 3410 Respondcns
1249 3338 1415 3409 igitur
1441 3337 1505 3389 ad
1547 3337 1685 3388 hanc
1717 3349 1781 3386 ex
1814 3330 2067 3400 gentibus
2097 3327 2379 3383 collectam

797 3434 1093 3489 Ecclesium
1128 3432 1317 3487 l’astor
1357 3432 1550 3490 bonus,
1586 3438 1634 3480 et
1675 3425 1925 3495 Sponsus
1987 3415 2199 3492 ipsius:
2241 3420 2297 3473 Si
2338 3431 2383 3473 te

802 3529 998 3595 ipsam,
1050 3525 1249 3592 inquit,
1299 3538 1402 3573 non
1451 3519 1587 3571 nosti
1621 3533 1637 3568 :
1670 3520 1713 3571 si
1748 3518 1968 3584 ignoras
2003 3524 2054 3570 te
2086 3516 2281 3582 ipsam,
2330 3515 2382 3566 in

807 3633 913 3686 qua
939 3632 1039 3685 ego
1072 3618 1161 3683 qui
1190 3612 1565 3667 circumscribi
1609 3622 1839 3675 nequeo,
1889 3606 2197 3673 descriptus
2239 3619 2382 3667 sum,

800 3718 855 3764 ct
888 3713 1025 3763 sicut
1061 3709 1114 3760 in
1153 3706 1387 3774 imagine
1422 3703 1798 3769 archetypum,
1854 3714 2045 3752 certior
2091 3713 2104 3749 :
2146 3705 2198 3747 et
2233 3711 2261 3747 a
2297 3709 2384 3745 ra-

804 3803 951 3855 tione
978 3800 1188 3853 alienus
1216 3811 1415 3851 sensus
1442 3803 1565 3847 tuos
1594 3791 1807 3860 corrigo
1839 3806 1849 3841 :
1884 3797 1937 3842 et
1960 3786 2386 3841 comminatione

803 3890 959 3960 quasi
992 3890 1166 3959 virga,
1206 3886 1597 3955 proxiiissisqne
1634 3892 1889 3947 tanquam
1920 3877 2096 3931 ﬁstula
2137 3876 2201 3928 ad
2230 3884 2389 3928 mter-

805 3998 908 4038 nas
938 3992 990 4035 te
1016 3979 1203 4035 caulas
1230 3977 1389 4040 duco,
1425 3974 1478 4027 in
1503 3972 1701 4041 quibus
1729 3970 1973 4024 secundo
2004 3968 2236 4020 adventu
2271 3980 2391 4018 meo

809 4086 861 4131 te
894 4074 1089 4129 faciam
1133 4071 1544 4138 conquiescere,
1596 4078 1720 4117 cum
1766 4070 1990 4130 propter
2025 4058 2391 4127 incorruptio-

809 4182 931 4222 nem
963 4174 1125 4235 atque
1158 4158 1616 4216 immortalitatem
1654 4155 1800 4208 nulla
1848 4164 1898 4207 te
1944 4153 2134 4205 umbra
2175 4160 2389 4219 pertur-

812 4260 1088 4314 bationum
1122 4251 1435 4322 occupabit.
1487 4248 1531 4303 0
1562 4249 1785 4317 pulchra
1834 4246 1970 4296 inter
2010 4242 2276 4304 mulieres,
2328 4254 2391 4294 ac

811 4349 1063 4418 speciosa
1096 4352 1316 4413 pr0pter
1354 4340 1514 4393 ﬁdem
1557 4347 1609 4391 et
1656 4336 1977 4389 charitatem
2010 4347 2136 4403 erga
2173 4346 2281 4392 me,
2336 4331 2393 4383 in

811 4436 963 4493 omni
998 4442 1159 4505 gente
1192 4429 1529 4486 inlidelitatis
1558 4429 1749 4481 morbo
1788 4425 2089 4488 laborante,
2130 4430 2184 4477 et
2212 4420 2395 4476 carnis

818 4525 1191 4597 voluptatibus
1235 4523 1507 4586 involuta,
1551 4520 1789 4587 egredere
1822 4528 1899 4570 tu.
1944 4516 2045 4579 Tu,
2075 4516 2320 4583 inquam,
2347 4512 2396 4566 si

819 4619 915 4674 tibi
943 4633 1003 4673 es
1034 4616 1333 4687 incognita,
1364 4615 1408 4667 si
1443 4612 1761 4683 mysterium
1791 4619 1946 4662 tnum
1974 4607 2254 4661 intellectu
2287 4619 2396 4659 non

816 4707 1213 4779 complecteris,
1251 4720 1317 4758 cx
1358 4712 1510 4773 parte
1544 4702 1737 4754 mentis
1772 4698 2029 4753 interiore
2074 4694 2139 4750 ad
2169 4708 2393 4751 sensum

817 4800 1166 4873 progredere,
1191 4806 1272 4862 tu,
1305 4798 1424 4865 quae
1448 4793 1658 4850 ratione
1682 4804 1908 4861 prorsus
1928 4802 1987 4842 es
2014 4797 2223 4840 ornata.
2256 4782 2393 4839 Nam

821 4894 868 4949 si
900 4892 991 4947 ubi
1034 4906 1133 4960 ego
1174 4902 1415 4958 pascam,
1463 4884 1687 4940 omnino
1720 4881 1804 4935 vis
1836 4880 2066 4941 discere,
2112 4892 2177 4931 ne
2205 4876 2260 4930 in
2292 4874 2394 4928 hac

820 4982 1036 5054 quidem
1067 4970 1381 5049 egressione
1424 4981 1636 5044 oportet
1668 4981 1719 5025 te
1757 4985 1785 5023 a
1828 4969 2036 5022 ratione
2079 4966 2295 5035 penitus
2337 4962 2393 5015 in

823 5074 1157 5131 contrarium
1205 5068 1470 5125 converti.
1525 5066 1782 5136 Egredere
1832 5073 2011 5117 autem
2064 5061 2118 5112 in
2164 5059 2393 5127 vestigiis

824 5184 1055 5239 gregum,
1102 5178 1298 5233 nempe
1342 5164 1395 5216 in
1430 5161 1767 5215 diversarum
1805 5168 2124 5210 naturarum
2176 5168 2232 5206 re
2279 5152 2396 5219 ipsa

825 5255 1100 5324 expressis
1145 5250 1410 5320 vestigiis,
1466 5263 1559 5317 per
1597 5259 1716 5316 qua:
1769 5244 2045 5314 sigillatim
2095 5242 2398 5309 indaganda

827 5347 1178 5421 progrediens
1203 5346 1342 5398 ratio
1370 5341 1641 5397 deﬁnitur.
1689 5338 1892 5407 Greges
1928 5336 2186 5389 dicuntur
2217 5348 2396 5387 rerum

828 5452 1053 5504 naturae,
1091 5438 1346 5507 quoniam
1378 5449 1561 5490 earum
1596 5432 1819 5502 singulae
1854 5430 2009 5483 factae
2042 5436 2167 5481 sunt
2201 5426 2396 5495 dignm,

825 5549 961 5603 quas
1010 5528 1346 5601 providentia
1398 5541 1493 5581 sua
1538 5534 1728 5578 auctor
1766 5521 2008 5576 ninnium
2052 5519 2195 5572 Deus
2245 5516 2397 5585 quasi

828 5633 1010 5695 pastor
1043 5622 1327 5689 gubernet,
1366 5618 1679 5672 moderetur
1715 5630 1776 5669 ac
1810 5621 1983 5683 regat.
2015 5609 2083 5664 Et
2115 5625 2267 5678 pasce
2294 5608 2400 5660 lue-

825 5721 920 5769 ttos
962 5726 1077 5766 tuos
1103 5726 1119 5763 :
1146 5712 1391 5765 turbidos
1424 5709 1631 5764 scilicet
1657 5706 1821 5759 animi
1847 5714 2048 5768 motus,
2083 5710 2139 5754 ut
2168 5700 2402 5753 sinistrae

831 5808 1001 5875 partis
1035 5805 1323 5859 retinentes
1352 5802 1551 5857 locum.
1586 5798 1652 5855 In
1690 5795 2041 5853 tabernaculis
2080 5802 2350 5863 pastorum
2381 5807 2393 5845 :

2472 584 2674 650 ἀγέλας
2708 587 2799 637 καὶ
2839 587 3008 656 νομὰς
3034 590 3163 652 lato;
3198 591 3293 652 τὰς
3337 594 3445 645 τῶν
3485 593 3690 663 ἐρίφων
3713 611 3726 625 ·
3760 598 4058 652 κάντεῦθεν

2478 674 2827 746 ἔλαθήσωμαι
2861 678 3085 747 μακρὰν
3114 681 3223 733 τῶν
3278 682 3386 734 σῶν
3447 686 3759 753 προῦατων,
3829 693 4057 743 καὶτῶν

2479 765 2680 833 ἐρίφων
2708 768 2952 837 κερδανῶ
2970 769 3070 833 τὰς
3096 773 3406 843 εὐωνύμους
3437 777 3654 846 μοίρας,
3673 779 3802 831 ὅταν
3830 780 4056 852 καθίσῃς

2478 858 2776 927 ὼςεεριτὴς
2820 860 2913 913 τοῦ
2966 862 3156 929 γένους
3190 865 3298 917 τῶν
3342 866 3666 937 ἀνθρώπων.
3724 872 3906 924 Ταῦτα
3958 874 4056 941 μὲν

2482 953 2577 1001 οὑν
2604 948 2903 1019 ἐφθέγξατο
2932 955 3148 1018 πάντως
3196 958 3332 1029 πρὸς
3373 959 3462 1010 τὸν
3515 962 3746 1029 νυμφίον
3789 965 3821 1033 ἡ
3854 966 4056 1036 παρθεο

2477 1042 2707 1095 νεύουσαι
2731 1044 2876 1114 ψυχὴ
2920 1050 3013 1099 καὶ
3039 1050 3580 1119 νυμφοστολισθεῖσα,
3614 1056 3705 1105 καὶ
3753 1053 4051 1127 βουλομένη

2476 1133 2555 1204 τῷ
2586 1136 2806 1206 Χριστῷ
2847 1138 2995 1206 τάχα-
3019 1142 3482 1213 συννεκρωθῆναι.
3519 1146 3589 1199 Σὺ
3619 1146 3673 1199 δέ
3718 1163 3807 1215 μοι
3838 1148 4055 1218 νύμφην

2484 1226 2676 1295 νόησον
2704 1226 2890 1299 ὥσπερ
2908 1231 2963 1281 ὲν
2996 1232 3249 1284 ὑποθέσει
3269 1234 3367 1301 τὴν
3396 1234 3833 1304 παρθενεύουσαν
3854 1239 4051 1308 ψυχὴν,

2473 1316 2573 1388 τὴν
2603 1320 2694 1372 τοῦ
2732 1322 2970 1388 μεγάλου
3008 1324 3220 1376 Παύλου
3255 1326 3347 1378 τοῦ
3387 1330 3521 1397 πρὸς
3551 1332 3676 1390 τοὺς
3707 1331 3923 1399 τρίτους
3958 1332 4050 1383 ού·

2484 1408 2677 1476 ρανους
2706 1410 2964 1477 ἀρθέντος
3005 1414 3331 1483 ἀπορρήτως
3370 1417 3468 1484 τῆς
3516 1418 3627 1471 ἄνω
3670 1418 4050 1491 Ἰερουσαλὴμ,

2482 1498 2729 1551 τουτέστι
2760 1502 2885 1561 τοὺς
2930 1502 3217 1569 ἀγγέλους.
3262 1504 3403 1558 Ἀλλ’
3441 1507 3641 1576 ἴδωμεν
3670 1512 3762 1562 καὶ
3799 1510 3852 1561 τί
3888 1529 4052 1577 φασιν

2483 1591 2533 1641 οί
2589 1590 2734 1658 φίλοι
2768 1590 2861 1642 τοῦ
2895 1594 3151 1660 νυμφίου,
3222 1597 3315 1650 καὶ
3350 1598 3467 1660 πῶς
3512 1600 3851 1652 διδάσκουσιν
3886 1604 4052 1671 αὐτὴν

3886 1696 4050 1765 αὐῖὴν

2571 1859 2711 1913 Ἐὰν
2739 1860 2822 1928 μὴ
2868 1861 3024 1929 γνῷς
3049 1863 3337 1931 σεαυτὴν,
3366 1866 3403 1932 ἡ
3449 1870 3608 1937 καλὴ
3643 1871 3706 1924 ἐν
3752 1876 4048 1942 γυναιξὶν,

2481 1950 2691 2015 ἔξελθε
2714 1951 2793 2005 σὺ
2832 1953 2901 2005 ἐν
2939 1956 3221 2022 πτέρναις
3282 1957 3400 2010 τῶν
3437 1965 3731 2028 ποιμνίων
3768 1983 3906 2027 σου,
3955 1968 4049 2020 καὶ

2480 2043 2758 2110 ποίμαινε
2792 2043 2935 2111 τοὺς
2965 2044 3213 2113 ἐρίφους
3257 2062 3374 2101 σου
3395 2049 3491 2103 ἐπὶ
3532 2054 3883 2123 σκηνώμασι
3934 2057 4051 2112 τάν

2479 2132 2800 2200 ποιμένων.

2549 2219 2619 2277 Ὦ
2647 2224 3054 2294 παρθενεύουσα
3086 2228 3254 2299 ψυχὴ,
3278 2232 3431 2298 φασὶ,
3456 2233 3549 2285 καὶ
3571 2235 3865 2304 σεδασμία,
3893 2238 4049 2306 εἴπερ

2480 2313 2665 2377 ποθεῖς
2711 2317 3040 2372 καταλαϐεῖν
3087 2320 3289 2388 ἀγέλας
3349 2322 3457 2376 τῶν
3517 2323 3822 2393 προὸάτων,
3882 2329 4049 2394 γνῶθι

2483 2408 2685 2475 σαυτὴν
2735 2409 2818 2472 τίς
2854 2410 3130 2478 πέφυκας,
3165 2412 3225 2463 τὸ
3279 2415 3407 2482 πρὶν
3454 2414 3563 2468 οὐδ’
3604 2416 3740 2479 ὅλως
3773 2412 3924 2478 οὖσα,
3957 2420 4050 2471 καὶ

2484 2496 2600 2559 πῶς
2629 2496 2791 2549 εἰκὼν
2830 2501 3122 2570 τετίμησαι
3155 2504 3442 2572 τυγχάνειν
3469 2505 3567 2557 τοῦ
3616 2508 3907 2571 Δεσπὸτου,
3955 2512 4047 2559 καὶ

2482 2588 2661 2657 πάσης
2721 2590 3153 2655 μετανάστευσον
3186 2595 3285 2663 τῆς
3328 2595 3600 2665 κοσμικῆς
3655 2598 3891 2665 ἀπάτης,
3959 2602 4050 2650 κ;.“ι

2480 2675 2640 2747 δεῦρο
2666 2681 3114 2735 κατασκοπευσον
3141 2685 3261 2753 ῖχνη
3286 2685 3354 2738 τά
3385 2685 3493 2738 τῶν
3536 2689 3831 2754 ποιμένων,
3866 2690 3957 2739 καὶ
3986 2689 4051 2739 τά

2487 2770 2584 2839 μὲν
2619 2770 2749 2823 ὄντα
2775 2773 2911 2841 πρὸς
2941 2773 3055 2824 ὁδὸν
3104 2777 3345 2845 μεγάλην
3375 2780 3469 2830 καὶ
3508 2778 3787 2838 πλατεῖαν,
3856 2777 4045 2845 βδελύ-

2486 2860 2645 2929 χθητι
2670 2863 2764 2913 καὶ
2797 2862 3046 2931 μίσησον”
3074 2866 3183 2917 εἰσὶ
3211 2865 3315 2933 γὰρ
3339 2865 3445 2917 τῶν
3475 2867 3677 2935 ἐρίφων
3701 2884 3713 2897 ·
3744 2868 3812 2919 τὰ
3830 2868 3883 2918 δὲ
3916 2867 4053 2936 πρές

2483 2951 2665 3020 τρίϐον
2706 2953 2932 3019 κείμενα
2986 2954 3177 3022 στενὴν
3215 2958 3308 3009 καὶ
3359 2957 3723 3027 τεθλιμμένην
3772 2960 4054 3026 ἁγάπηοον

2485 3045 2581 3095 καὶ
2621 3044 2912 3113 κράτησον·
2940 3046 3046 3097 είσί
3072 3048 3179 3115 γὰρ
3208 3045 3315 3099 τῶν
3352 3047 3658 3117 προῆάτων.
3693 3050 3933 3121 Πρόσεχε
3959 3045 4050 3103 οὖν

2432 3220 2453 3237 ⁸.
2493 3135 2569 3203 μὴ
2600 3134 2877 3205 πλανηθῇς
2911 3140 2966 3188 ἔν
2999 3138 3257 3205 πτέρναις
3292 3138 3398 3190 τῶν
3430 3139 3655 3207 ἐρίφων.

3010 3226 3131 3280 Τῶν
3159 3234 3204 3296 τ’
3242 3228 3537 3297 Πατέρω.

2568 3317 3025 3388 Ἀποκριπύμενος
3082 3316 3176 3372 οὖν
3216 3321 3350 3388 πρὸς
3385 3322 3610 3390 ταύτην,
3659 3323 3755 3392 τὴν
3791 3325 3847 3389 ἔξ
3888 3325 4055 3377 ἐθνῶν

2485 3410 2689 3480 δηλαδὴ
2734 3412 3084 3480 Ἐκκλησίαν,
3118 3413 3145 3463 ὁ
3199 3412 3360 3475 καλὸς
3414 3413 3620 3481 ποιμὴν
3674 3416 3765 3465 καὶ
3824 3417 4055 3481 νυμφίος

2489 3500 2681 3568 αὐτῆς,
2716 3502 2898 3569 φησίν*
2963 3505 3030 3556 El
3058 3503 3145 3570 μὴ
3184 3505 3372 3572 ἔγνως
3418 3504 3689 3572 σεαυτήν
3719 3522 3731 3534 ·
3769 3507 3908 3570 τοι,’
3950 3506 4055 3558 Εὲν

2490 3595 2695 3662 ἁγνοῇς
2729 3592 2963 3663 σεαυτὴν
2994 3596 3050 3646 ἐν
3142 3598 3169 3646 ὁ
3195 3597 3604 3665 ἀπερίγραπτος
3626 3599 4055 3666 περιγράψομαι,

2490 3688 2582 3739 καὶ
2611 3686 2825 3755 ὁρῶμαι
2854 3686 2928 3747 ὡς
2965 3688 3021 3736 ὲν
3046 3686 3214 3739 εἰκόνι
3242 3687 3571 3755 ἀρχέτυπον,
3598 3690 3803 3748 καὶτὰς
3828 3690 4055 3753 ἀλόγους

2491 3778 2771 3847 αἰσθήσεις
2809 3796 2901 3831 σου
2937 3778 3204 3849 ρυθμίζω,
3244 3780 3338 3831 καὶ
3364 3780 3452 3831 διά
3484 3796 3542 3829 τε
3568 3780 3675 3831 τῶν
3707 3781 3943 3831 ἀπειλῶν
3981 3780 4055 3840 ὼς

2492 3868 2579 3922 διὰ
2608 3870 2843 3939 ῥάϐδων,
2879 3874 2980 3922 καὶ·
3005 3872 3113 3921 τῶν
3164 3870 3508 3936 ἐπαγγελιῶν
3538 3870 3611 3932 ὡς
3638 3873 3896 3940 σύριγγος
3927 3875 4061 3940 πρὶς

2492 3961 2593 4023 τὰς
2629 3963 2884 4021 αἰωνίους
2925 3977 2982 4012 σε
3020 3963 3138 4027 ἄγω
3177 3962 3416 4029 μάνδρας
3442 3978 3453 3989 ο
3482 3963 3539 4011 ἐν
3569 3957 3654 4022 αἷς
3679 3979 3733 4013 σε
3765 3964 4063 4014 ἀναπεύσω

2494 4052 2551 4103 ἐν
2581 4056 2646 4121 τῇ
2685 4052 2920 4121 δευτέρᾳ
2953 4070 3053 4120 μου
3104 4054 3418 4121 ’παρουσίᾳ⁹
3452 4052 3579 4103 ὅταν
3623 4052 3730 4103 οὐδ’
3777 4054 3879 4103 ὑπὸ
3920 4070 4064 4111 τινος

2499 4143 2772 4213 συσκιάζῃ
2812 4142 3019 4205 πάθους
3060 4143 3148 4194 διὰ
3173 4144 3233 4195 τὸ
3276 4144 3553 4212 ἄφθαρτον
3589 4160 3645 4195 τε
3688 4145 3784 4197 καὶ
3818 4145 4065 4212 ἀναμάρ-

2492 4247 2675 4297 τητον.
2715 4232 2776 4285 Ἠ
2794 4231 2950 4297 καλὴ
2976 4231 3047 4283 ἐν
3070 4230 3346 4299 γυναιξίν
3380 4247 3393 4259 ·
3437 4232 3502 4282 'H
3537 4232 3714 4300 ὡραία
3743 4234 3827 4283 διὰ
3852 4232 3949 4301 τὴν
3987 4234 4064 4293 είς

2503 4322 2568 4393 μὲ
2602 4322 2782 4373 πίστιν
2809 4338 2865 4373 τε
2899 4322 2990 4374 καὶ
3024 4322 3269 4391 ἀγάπην,
3309 4324 3365 4375 ὲν
3412 4322 3575 4373 παντὶ
3607 4322 3747 4375 ἔθνει
3805 4324 4065 4375 ἀπιστῖαν

2498 4411 2763 4474 νοσοῦντι,
2819 4413 2912 4465 καὶ
2949 4415 3069 4474 ταῖς
3124 4413 3225 4479 τῆς
3262 4414 3464 4482 σαρκὸς
3507 4414 3717 4481 ἡδοναῖς
3778 4415 4066 4483 ὲκθηλυνο-

2509 4506 2655 4577 μένῳ
2676 4521 2690 4535 ·
2726 4505 2937 4569 ἔξελθε
2959 4506 3040 4559 σύ
3064 4521 3075 4535 ·
3123 4506 3313 4574 ἦγουν,
3371 4504 3560 4573 ἐπειδὴ
3591 4507 3655 4557 σὺ
3701 4506 3773 4575 μὴ
3810 4507 3979 4571 ἔγνως
4007 4509 4067 4559 τδ

2506 4598 2638 4667 περὶ
2670 4596 2729 4649 σὲ
2786 4596 3085 4665 μυστήριον
3144 4594 3367 4663 νοερῶς,
3414 4594 3595 4660 ἔξελθε
3622 4595 3729 4647 ἀπὸ
3784 4595 3881 4662 τῆς
3928 4598 4068 4648 κατά

2505 4686 2627 4741 νοῦν
2650 4685 2928 4755 ὲνδότητος
2960 4684 3094 4754 πρὸς
3124 4684 3222 4754 τὴν
3242 4684 3523 4753 αἴσθησιν,
3561 4684 3623 4735 σὺ
3655 4685 3687 4752 ἡ
3719 4684 3911 4754 λογικὴ
3934 4687 4069 4738 πάν-

2503 4800 2631 4847 τως.
2668 4783 2731 4836 El
2759 4784 2868 4850 γὰρ
2898 4779 3000 4833 ποῦ
3041 4780 3313 4848 ποιμαίνω
3352 4778 3531 4846 βούλει
3568 4779 3703 4840 ὅλως
3726 4778 3940 4855 μαθεῖν,
3973 4783 4066 4833 οὺ-

2502 4875 2594 4929 δὲν
2622 4878 2687 4944 τῇ
2706 4874 2883 4942 τοιᾷδε
2910 4870 3180 4936 ὲξελεύσει
3206 4870 3348 4921 δεῖσε
3378 4868 3512 4938 πρὸς
3534 4868 3754 4936 ἀλογίαν
3774 4870 4063 4939 τραπῆναι.

2508 4966 2759 5029 Ἔξελθε
2791 4964 2843 5016 δὲ
2877 4964 2932 5014 ὲν
2964 4961 3223 5029 πτέρναις
3251 4959 3358 5011 τῶν
3391 4958 3654 5029 ποιμνίων
3674 4999 3687 5023 ,
3721 4959 3840 5027 ἦτοι
3871 4962 3928 5011 ὲν
3950 4960 4070 5020 ταῖς

2510 5058 2627 5110 κατ’
2667 5057 2951 5125 ἐνέργειαν
3007 5053 3195 5120 βάσεσι
3248 5048 3355 5101 τῶν
3400 5049 3673 5119 διαφόρων
3712 5048 3928 5117 φύσεων
3954 5067 3966 5079 ·
4002 5049 4069 5100 δι’

2505 5141 2579 5200 ὧν
2607 5146 2840 5213 ἑκάστην
2883 5143 3087 5195 τούτων
3155 5140 3453 5209 ἀνιχνεύων
3527 5141 3553 5190 ὁ
3606 5138 3759 5205 λόγος
3806 5140 4067 5207 ὁρίζεται.

2508 5239 2743 5306 Ποίμνια
2790 5234 2833 5287 δ’
2891 5235 2945 5287 αί
2990 5233 3099 5285 τῶν
3150 5233 3319 5284 ὄντων
3376 5226 3591 5298 εἴρηται
3626 5228 3837 5296 φύσεις,
3888 5227 3975 5280 διὰ
4009 5228 4069 5279 τὸ

2508 5329 2787 5394 ἀξιοῦσθαι
2826 5329 2919 5380 καὶ
2950 5328 3015 5380 τὰ
3044 5326 3132 5392 ὑφ’
3170 5326 3407 5393 ἑκάστην
3441 5323 3647 5376 τούτων
3696 5321 3895 5391 μερικά
3940 5339 4072 5390 προ-

2508 5421 2676 5484 νοίας,
2718 5421 2791 5478 ὼς
2825 5417 2975 5486 παρά
3021 5415 3279 5485 ποιμένος
3320 5408 3413 5466 τοῦ
3453 5413 3558 5466 τῶν
3593 5412 3727 5465 ὅλων
3773 5411 4068 5480 προνοητοῦ

2509 5511 2601 5562 καὶ
2656 5507 2813 5560 Θεοῦ.
2864 5506 2971 5560 Kal
3027 5506 3303 5573 ποίμαινε
3352 5503 3493 5568 τοὺς
3550 5504 3793 5571 ἐρίφους
3821 5518 3966 5554 σου·
4002 5502 4067 5552 τὰ

2509 5602 2656 5669 πάθη
2686 5602 2921 5663 πάντως,
2963 5598 3036 5660 ὠς
3064 5596 3164 5665 τῆς
3195 5596 3485 5665 ἀριστερᾶς
3519 5593 3710 5663 μοίρας
3734 5594 4063 5660 ὑπάρχοντα.

2521 5696 2645 5747 Ἐπὶ
2690 5689 3082 5759 σκηνώμασιν
3116 5688 3232 5740 τῶν
3271 5686 3592 5754 ποιμνίων·
3632 5686 3723 5736 ἐπὶ
3778 5687 3895 5735 ταῖς
3927 5680 4075 5743 ἕξεσι

2511 5785 2711 5857 δηλαδὴ
2727 5785 2834 5838 τῶν
2863 5783 3104 5854 φύσεων·
3131 5780 3203 5844 ὡς
3226 5778 3635 5848 μεταϐάλλουσα
3653 5766 4072 5847 προοιρετικῶς,
