4424 6446
372 410 479 471 853

1363 406 1747 467 COMMENT.
1796 405 1870 464 IN
1911 406 2295 469 CANTICUM
2336 406 2626 469 C:\NTIC.

3499 412 3603 475 554

367 534 466 600 τὴν
496 516 593 585 μὲν
620 514 796 566 αἰτίαν
832 516 1046 569 πάντων
1075 515 1180 567 τῶν
1214 515 1398 567 κακῶν
1441 517 1734 588 ρᾳθυμίαν,
1792 518 1925 587 πρὸς
1954 516 2003 575 Α
2029 532 2114 571 exe

1857 518 1925 579 ιὸς
1954 516 2003 575 Α
2029 518 2288 585 exemplis
2314 520 2499 589 utique
2525 533 2706 574 rerum
2737 519 3085 581 naturalium.
3117 532 3314 590 sponte
3342 519 3604 577 desidiam

368 606 470 672 ³τὴν
487 604 608 658 καθ’
638 606 751 673 ἕξιν
777 609 1009 679 φυσικὴν
1041 607 1456 679 ἐνυπάρχουσαν
1480 611 1543 681 τῇ
1572 610 1826 681 μύρμηκι
1846 616 1938 667 καὶ

370 698 436 765 τῇ
478 695 708 770 μελίσσῃ
730 697 1065 769 ἐπιμέλειαν,
1108 694 1468 767 ἑτοιμάζουσα
1508 700 1601 753 καὶ
1628 700 1764 770 αὐτὴ
1798 702 1937 756 κατὰ

369 789 433 843 τὸ
492 790 664 861 παρὸν
702 792 799 861 τὴν
858 791 964 843 τῶν
1017 788 1319 859 μελλόντων
1375 790 1704 856 ἀπόλαυσιν,
1751 792 1938 865 ὥσπερ

377 883 628 936 κάκεῖναι
658 881 819 953 ἔαρος
864 880 983 953 ὥρᾳ
1029 882 1121 935 καὶ
1155 881 1346 952 θέρους
1401 880 1500 952 τὴν
1545 880 1639 933 τοῦ
1676 883 1939 952 χειμῶνος

372 974 574 1044 τροφὴν
637 976 743 1045 (διὰ
792 974 901 1045 γάρ
931 974 1027 1046 τῆς
1061 974 1381 1045 ἐπιμελείας
1430 976 1695 1044 τρυγᾶται
1740 977 1803 1029 ἐκ
1844 975 1939 1028 τοῦ

372 1066 472 1135 τῆς
504 1066 682 1137 ψυχῆς
718 1067 1011 1137 τριμεροῦς
1047 1067 1449 1138 ἡδικαιοσύνη,
1484 1067 1606 1137 ἥτις
1655 1068 1941 1138 ὲτοιμασία

371 1158 469 1225 τῆς
498 1158 607 1210 τῶν
639 1156 939 1226 μελλόντων
966 1156 1115 1210 ἐστὶν
1141 1157 1542 1228 ἀπολαύσεως),
1568 1158 1666 1229 τὴν
1690 1158 1744 1213 δὲ
1776 1160 1940 1231 ἀφρο-

376 1247 561 1318 σύνην,
610 1248 730 1319 ἥτις
760 1251 824 1304 ὲκ
850 1249 943 1301 τοῦ
997 1247 1138 1301 κατὰ
1173 1248 1333 1317 φύσιν
1364 1248 1499 1321 πρὸς
1554 1251 1615 1304 τὸ
1655 1252 1804 1322 παρὰ
1836 1251 1939 1319 φύ-

376 1355 483 1405 σιν,
515 1339 687 1411 τροπὴ
702 1343 800 1408 τῆς
828 1340 1054 1409 λογικῆς
1084 1339 1319 1411 ὑπάρχει
1343 1342 1649 1412 δυνάμεως,
1684 1343 1821 1414 πρὸς
1842 1344 1939 1411 τὴν

371 1427 574 1494 ὁμοίως
602 1427 829 1480 ἐνοῦσαν
857 1426 935 1495 τῷ
969 1428 1090 1496 ὄφει
1122 1431 1386 1499 φρόνησιν
1426 1431 1553 1501 ὃλην
1586 1431 1783 1501 ἑαυτὴν
1808 1448 1941 1500 προ-

370 1518 609 1583 διδοῦσα,
652 1517 792 1591 ὑπὲρ
826 1517 920 1572 τοῦ
945 1519 1178 1587 φυλάξαι
1204 1520 1297 1572 τὸν
1331 1520 1487 1587 λόγον
1536 1520 1634 1589 τῆς
1671 1524 1939 1585 πίστεως,

370 1612 563 1677 ὥσπερ
604 1610 858 1674 κάκεῖνος.
882 1611 1002 1663 ὅλον
1049 1611 1376 1679 προδίδωσιν
1416 1610 1629 1677 ἑαυτὸν,
1674 1611 1811 1684 ὑπὲρ
1846 1612 1939 1665 τοῦ

372 1698 607 1768 φυλάξαι
638 1699 734 1771 τὴν
765 1697 958 1752 ἑαυτοῦ
984 1699 1224 1768 κεφαλήν
1243 1715 1257 1729 ·
1290 1698 1386 1770 τὴν
1410 1699 1466 1753 δὲ
1496 1701 1811 1770 μῆνιν,ἥτις
1842 1702 1939 1771 τῆς

373 1789 613 1857 Ουμικῆς
643 1785 925 1856 δυνάμεώς
962 1788 1110 1839 ἐστιν
1152 1787 1412 1858 ἐκτροπὴ,
1446 1790 1582 1858 πρὸς
1614 1788 1712 1859 τὴν
1758 1788 1936 1842 ὡσαύ-

371 1890 478 1935 τως
532 1873 941 1944 ἐνυπάρχουσαν
975 1875 1340 1946 ἀκεραιότητα
1403 1880 1469 1947 τῇ
1502 1879 1822 1947 περιστερᾷ,
1868 1877 1941 1947 μὴ

373 1964 728 2034 ἁφιπταμένη
762 1964 903 2047 καεά
922 1966 1161 2021 διάθεσιν
1188 1967 1296 2020 τῶν
1323 1967 1723 2035 πολεμούντων,
1755 1966 1941 2036 ὥσπερ

372 2052 441 2120 δὴ
477 2053 727 2121 κάκείνη,
764 2054 866 2105 κῖιν
900 2055 1069 2125 μυρία
1094 2052 1530 2125 ἑπιϐουλεύηται,
1552 2057 1653 2109 κᾶν
1674 2060 1739 2109 τὰ
1756 2060 1941 2110 νοσσία

373 2144 548 2212 αὐτῆς
576 2144 889 2209 ἀπόλλυσιν,
925 2146 985 2196 ού
1039 2148 1259 2217 μακρὰν
1319 2148 1427 2201 τῶν
1481 2149 1941 2202 ἐπιϐουλευόντων

374 2230 673 2297 ἀφίσταται
701 2246 714 2261 ·
761 2231 856 2283 καὶ
886 2230 981 2301 τὴν
1015 2233 1331 2299 ἀκολασίαν,
1380 2237 1502 2305 ἥτις
1529 2238 1628 2308 τῆς
1674 2238 1944 2307 ἐπιθυμη-

375 2320 537 2388 τικῆς
591 2321 875 2392 δυνάμεώς
919 2327 1066 2378 ἐστιν
1136 2326 1401 2397 ὲκτροπὴ,
1428 2329 1565 2397 πρὸς
1605 2329 1705 2397 τὴν
1744 2328 1945 2398 ὁμοίως

376 2409 795 2481 ἐνυπάρχουσαν
841 2416 906 2484 τῇ
941 2414 1164 2485 τρυγόνι
1203 2417 1589 2488 σωφροσύνην·
1635 2421 1938 2489 ἐγκρατῶς,

377 2500 504 2553 ἔνθα
530 2504 807 2570 ἀναγκαία
829 2505 987 2574 χρεία
1011 2506 1348 2575 κατεπείγει,
1386 2510 1640 2579 χρωμένη
1665 2499 1728 2581 τῇ
1756 2513 1937 2582 ἡδονῇ·

376 2590 569 2662 ὥσπερ
615 2594 680 2663 δὴ
730 2596 958 2667 κάκείνη
1009 2597 1100 2651 διὰ
1165 2600 1480 2668 γονοτοκίαν
1546 2605 1937 2671 μονοζυγοῦσα.

389 2680 531 2733 Ἀλλ’
565 2682 929 2754 άκουσώμεθα
963 2686 1147 2740 λοιπὸν
1194 2690 1289 2742 καὶ
1337 2690 1431 2743 τοῦ
1478 2692 1643 2744 καλοῦ
1684 2695 1940 2763 νυμφίου.

382 2772 518 2842 Ἤδη
550 2773 657 2842 γάρ
686 2773 917 2845 πρώτως
952 2778 1132 2847 ὁμιλεῖ
1150 2782 1215 2849 τῇ
1250 2780 1438 2853 νύμφῃ
1462 2779 1639 2849 λέγων
1672 2784 1797 2837 τάδε
1822 2801 1836 2815 ο

454 3041 497 3091 Τ
498 3038 533 3105 ᾗ
558 3040 722 3104 Ζππφ
743 3058 864 3111 μου
899 3056 971 3097 εν
994 3042 1218 3113 ἅρμασι
1254 3045 1462 3115 Φαραὼ
1488 3046 1761 3117 ὠμοίωσά
1784 3067 1876 3113 σε,
1907 3054 1943 3120 ἡ

379 3129 647 3194 πλησίον
678 3146 815 3198 μου.

1032 3224 1294 3278 Ψελλοῦ.

450 3310 671 3362 Βλέπων
700 3312 867 3383 αὐτὴν
896 3316 1269 3382 σφαδάζουσαν
1307 3320 1363 3384 ἐξ
1386 3320 1775 3389 ὲρωτοληιῖιίας,

382 3402 489 3454 ἶιίαὶ
522 3405 659 3472 πρὸς
695 3408 897 3457 ἐκεῖνον
938 3408 1276 3462 σπεύδουσαν
1305 3410 1530 3482 δραμεῖν
1563 3414 1657 3465 καὶ
1703 3431 1943 3467 καταπε-

1663 3506 1870 3575 ράσαι,

382 3585 564 3651 Ἵππῳ
600 3585 935 3655 παρείκασεν
965 3587 1132 3659 αὐτὴν
1159 3589 1725 3666 αἰΟεροπτηνοδρόμῳ.

382 3676 568 3738 υῦτως
597 3678 706 3746 γὰρ
737 3677 993 3748 θραύσεις
1034 3680 1160 3745 τοὺς
1190 3682 1438 3754 ἐχθροὺς,
1475 3686 1611 3757 φησὶ
1656 3687 1793 3757 πρὸς
1848 3691 1947 3760 τὴν

1560 3775 1873 3845 [παρθένον,

384 3857 590 3926 Ὠσπερ
626 3856 968 3928 κατέθραυσέ
1003 3874 1134 3911 ποτε
1166 3860 1261 3913 καὶ
1286 3862 1643 3931 Φαραωνίτας

393 3945 457 3997 Ἢ
486 3946 716 4015 δύναμις
755 3948 854 4018 τῆς
884 3950 1051 4004 ἵππου
1093 3968 1193 4021 μου
1226 3954 1323 4023 τῆς
1355 3957 1817 4028 ἁνατεταγμένης,

383 4037 643 4090 Τουτέστι
672 4039 770 4107 τῆς
798 4041 1095 4110 ἀγγελικῆς
1133 4048 1768 4119 ταγματοστραταρχίας.

380 4127 532 4187 Τίνος
555 4127 613 4178 δὲ
644 4129 824 4198 χάριν,
844 4132 1074 4201 ἐρωτᾷς,
1102 4132 1200 4202 τὴν
1231 4134 1338 4187 τῶν
1368 4138 1614 4205 ἀγγέλων
1651 4141 1803 4205 τάξιν

380 4216 563 4287 Ἵππῳ
599 4220 933 4288 παρείκασεν
956 4223 1143 4287 ἁπλῶς
1170 4228 1385 4295 ὁΛόγος
1417 4232 1511 4283 καίι
1538 4234 1800 4301 νυμφίοςῖ

384 4308 493 4371 Πᾶς
521 4326 605 4372 τις
633 4311 854 4381 τοξότης
890 4314 1125 4381 πόλεμον
1150 4318 1437 4374 συνάπτων
1465 4324 1767 4394 ἀντιπάλῳ,

381 4396 542 4463 Τόξον
574 4399 841 4467 λαμϐάνει
876 4404 970 4454 καὶ
1000 4407 1194 4473 νευρὰν
1228 4410 1322 4459 καὶ
1355 4413 1550 4479 κράνος
1578 4430 1637 4465 τε
1670 4415 1763 4467 καὶ
1790 4414 1938 4485 δόρυ·

2042 604 2306 658 malorum
2349 606 2591 660 omnium
2623 622 2866 672 causam,
2909 607 2961 661 iu
3002 607 3357 679 diligentiam,
3392 624 3513 680 qua:
3557 610 3609 664 vi

2042 679 2275 748 naturali
2323 695 2566 752 formicae
2616 705 2781 768 atque
2826 696 2912 767 api
2952 698 3133 755 inesse
3172 701 3433 765 cernitur,
3474 715 3609 757 cnn-

2039 795 2279 853 vertens,
2307 800 2370 840 ac
2398 790 2731 859 paransipsa
2747 804 2966 861 quoque
2982 790 3043 845 in
3072 792 3323 860 pra‘senti
3345 801 3609 863 tempore,

2041 892 2148 948 quo
2200 877 2254 932 in
2300 877 2483 933 futuro
2511 880 2808 949 perfruaris
2841 899 2856 937 :
2892 882 3350 951 quemadmodum
3391 890 3444 937 et
3482 882 3607 949 illae,

2042 984 2164 1024 vere
2195 980 2355 1039 atque
2383 977 2570 1025 testate
2590 970 2769 1025 cibum
2787 983 3184 1042 comparantes,
3222 973 3389 1028 hiemi
3412 988 3613 1029 consu-

2043 1060 2180 1115 lunt.
2214 1060 2233 1133 (
2263 1060 2365 1117 Per
2398 1062 2730 1134 diligentiam
2765 1063 2909 1117 enim
2954 1081 3015 1119 ex
3054 1065 3230 1121 tribus
3258 1066 3453 1121 animai
3484 1080 3611 1136 par-

2041 1157 2186 1212 tibus
2209 1157 2435 1228 justitite
2465 1158 2756 1221 vindemia,
2786 1173 2906 1228 qua:
2934 1168 3016 1214 est
3052 1176 3232 1215 rerum
3260 1162 3389 1216 olim
3423 1161 3613 1217 fruen-

2041 1249 2235 1303 darum
2269 1252 2625 1317 comparatio,
2661 1251 2955 1321 colligitur.
2990 1249 3009 1319 )
3046 1251 3466 1321 lmprudentiam
3514 1267 3613 1308 au-

2043 1348 2174 1400 tem,
2208 1353 2327 1407 qua:
2357 1348 2439 1393 est
2470 1340 2698 1398 rationis
2729 1350 2873 1397 recte
2900 1358 2963 1397 ex
3003 1351 3195 1397 natura
3223 1344 3531 1399 constituta:
3558 1344 3611 1397 in

2044 1436 2244 1483 statum
2270 1438 2473 1484 natum
2500 1443 2885 1501 repugnantem
2913 1434 3151 1497 aversio,
3179 1434 3243 1489 ad
3270 1434 3614 1504 prudentiam

2043 1522 2289 1590 exemplo
2308 1531 2579 1592 SCI‘pCllllS
2600 1525 2671 1575 ita
2688 1524 2960 1592 redigens,
2984 1536 3063 1591 ut,
3086 1527 3226 1582 sicut
3254 1527 3365 1594 ille,
3398 1541 3496 1597 pro
3520 1542 3613 1581 ca-

2044 1612 2172 1681 pitis
2203 1612 2539 1675 defensione,
2576 1624 2746 1668 totum
2776 1630 2977 1684 corpus
3005 1616 3198 1671 ol'ferre
3229 1634 3334 1671 non
3375 1618 3611 1683 dubitat,

2044 1702 2123 1755 sic
2149 1711 2203 1755 tu
2239 1718 2338 1771 pro
2377 1703 2497 1757 ﬁdei
2530 1706 2945 1760 conservatione
2986 1716 3039 1761 te
3068 1707 3237 1776 ipsam
3269 1714 3435 1762 totam
3468 1711 3614 1779 peri-

2044 1791 2184 1845 culis
2213 1792 2466 1847 omnibus
2497 1795 2739 1862 obiicias.
2783 1795 3145 1863 lracundiam,
3185 1800 3344 1862 iram,
3381 1814 3504 1869 qua
3529 1809 3615 1856 est

1980 1877 2016 1929 Β
2046 1882 2211 1935 animi
2248 1885 2543 1937 commotio
2578 1887 2772 1939 rationi
2821 1889 3044 1943 minime
3077 1890 3483 1960 obtemperans,
3520 1906 3615 1947 co-

2045 1973 2237 2027 lumbae
2262 1976 2508 2043 exemplo
2551 1993 2814 2033 revocans
2853 1980 2917 2033 ad
2962 1981 3388 2051 simplicitatem,
3421 1994 3480 2037 ut
3520 1999 3614 2039 eos

2043 2065 2137 2133 qui
2175 2074 2226 2119 te
2256 2067 2477 2133 injuriis
2508 2068 2747 2121 alliciunt
2775 2080 2940 2140 atque
3003 2084 3339 2144 Oppugnant,
3392 2075 3614 2130 minime

2043 2161 2407 2225 persequaris,
2458 2162 2673 2228 quando
2718 2178 2785 2217 ne
2833 2164 3080 2217 columba
3125 2166 3343 2233 quidem
3395 2177 3617 2236 propter

2045 2246 2273 2302 insidias
2305 2259 2395 2301 aut
2426 2254 2693 2319 pullorum
2726 2269 2948 2307 suorum
2980 2256 3360 2326 direptionem,
3386 2258 3455 2311 ab
3484 2260 3614 2314 insi-

2044 2336 2319 2394 diantibus
2346 2357 2409 2395 ac
2448 2345 2832 2413 diripientibus
2864 2347 3092 2401 recedit.
3136 2349 3611 2419 lntemperuntiatn

2043 2431 2297 2500 denique,
2352 2449 2470 2502 quae
2514 2445 2596 2488 est
2647 2437 2812 2490 animi
2852 2440 3124 2507 appetitus
3163 2442 3363 2496 rationi
3398 2453 3616 2506 contra_

2045 2522 2179 2581 rius,
2217 2522 2280 2573 ad
2314 2526 2719 2590 temperantiam
2754 2529 2825 2580 ita
2853 2529 3145 2585 traducens
3182 2534 3407 2589 turturis
3440 2535 3617 2590 imita-

2046 2614 2212 2672 tione,
2248 2620 2326 2673 ut,
2368 2628 2490 2665 cum
2535 2628 2673 2683 opus
2718 2626 2821 2681 est,
2876 2633 2906 2671 a
2935 2620 3096 2674 rebus
3133 2622 3317 2676 sensui
3356 2624 3617 2692 iucundis

2047 2703 2345 2769 abstineas,
2388 2708 2844 2775 quemadmodum
2875 2718 2927 2766 et
2962 2712 3073 2779 illa,
3119 2714 3327 2769 amisso
3363 2715 3615 2787 conjuge,

2047 2791 2206 2844 vidua
2248 2793 2408 2845 vitam
2440 2795 2713 2866 transigit.
2748 2797 2941 2852 Verum
2978 2808 3032 2853 et
3065 2815 3325 2870 sponsum
3361 2802 3471 2871 jam
3516 2819 3615 2859 au-

2046 2882 2279 2946 diamus,
2337 2897 2595 2952 sponsam
2644 2901 2788 2941 nunc
2834 2890 3067 2957 primum
3121 2893 3482 2962 alloquentem
3536 2895 3620 2950 l.is

2046 2971 2229 3027 verbis
2271 2991 2284 3026 :

2118 3059 2282 3130 Equo:
2322 3078 2446 3117 mea:
2486 3065 2541 3117 in
2581 3065 2820 3118 curribus
2851 3066 3148 3122 Pharaonis
3199 3072 3493 3127 assimilari
3548 3084 3617 3138 te,

2048 3153 2333 3222 propinqua
2367 3170 2500 3209 mea.

2730 3245 2917 3302 Psellt'.

2117 3330 2250 3384 Cum
2286 3347 2540 3401 sponsam
2572 3337 2773 3393 amoris
2809 3340 3030 3394 stimulo
3064 3342 3344 3411 percitam,
3374 3352 3427 3400 et
3459 3347 3525 3401 ad
3560 3361 3620 3403 se

2046 3435 2264 3476 currere
2305 3424 2647 3480 festinantem
2687 3440 2953 3493 cerneret,
2998 3446 3150 3500 equae
3188 3435 3425 3503 aeripedi
3465 3438 3619 3491 sitni-

2048 3509 2147 3562 lem
2190 3511 2324 3565 dixit
2363 3530 2500 3569 esse.
2556 3516 2646 3571 Sic
2686 3520 2829 3572 enim
2867 3531 2946 3587 tu,
2985 3525 3155 3593 virgo,
3188 3525 3383 3596 inquit,
3432 3529 3619 3586 hostes

2046 3600 2375 3669 profligahis,
2432 3612 2491 3657 ut
2540 3606 2667 3661 olim
2712 3611 2985 3679 equitatus
3031 3615 3134 3669 mei
3187 3617 3461 3679 instructi,
3512 3620 3619 3675 hoc

2046 3698 2150 3751 est,
2185 3694 2407 3761 angelici
2432 3698 2662 3765 agminis
2688 3701 2883 3767 virtus,
2918 3703 3218 3762 Pharaonis
3241 3710 3426 3777 copias
3450 3711 3619 3767 dissi-

2048 3782 2211 3849 pavit.
2248 3784 2399 3849 Quod
2434 3790 2479 3842 si
2511 3804 2723 3857 qumras
2776 3807 2874 3846 cur
2897 3796 3163 3864 equitatui
3192 3813 3425 3866 sponsus
3456 3816 3621 3871 ange-

2048 3872 2221 3924 lorum
2245 3873 2490 3931 ordinem
2526 3892 2822 3951 comparet,
2852 3883 3027 3939 facilis
3058 3888 3161 3941 erit
3186 3891 3486 3959 responsio.
3515 3892 3620 3958 Qui

2046 3961 2243 4016 bellum
2272 3968 2436 4034 gerit,
2475 3970 2519 4023 si
2546 3986 2668 4026 cum
2702 3975 2983 4045 sagittario
3010 3981 3361 4048 pugnandum
3395 3990 3501 4044 est,
3532 3998 3620 4037 ar-

2045 4070 2165 4109 rum
2191 4063 2245 4111 ct
2274 4058 2498 4129 sagittas
2533 4073 2686 4131 parat
2713 4082 2725 4117 :
2762 4067 2805 4119 si
2834 4068 2995 4135 pedes
3032 4084 3153 4123 cum
3182 4071 3377 4139 pedite,
3409 4073 3615 4142 galeam

2045 4157 2206 4216 atque
2231 4150 2440 4205 hastam
2472 4156 2640 4207 sumit
2676 4172 2690 4208 :
2720 4171 2886 4225 eques
2912 4173 3034 4211 cum
3068 4163 3274 4228 equite,
3323 4162 3621 4232 imperator

2046 4252 2170 4293 cum
2202 4240 2527 4310 imperatore
2570 4249 2933 4317 congreditur.
2986 4248 3215 4315 Quando
3255 4254 3420 4323 igitur
3454 4256 3621 4310 robur

2045 4332 2317 4387 exercitus
2351 4335 2650 4391 Pharaonis
2699 4339 2752 4391 in
2799 4341 3042 4410 equitatu
3095 4345 3437 4413 potissimum
3481 4362 3615 4403 con-

2044 4422 2284 4489 sistebat,
2335 4426 2538 4481 idcirco
2572 4429 2837 4498 equitatui
2882 4432 2999 4501 ejus
3030 4449 3093 4488 ει
3137 4435 3368 4492 adverso
3406 4438 3617 4494 instru-

383 4487 550 4551 Πεζιὶς
586 4489 733 4557 πεζῷ
778 4490 886 4560 γὰρ
926 4493 1174 4562 πολεμεῖ,
1217 4498 1508 4569 ραὁδοῦχός
1549 4520 1607 4554 τε
1642 4505 1938 4577 ῥαϐδούχῳ.
1970 4531 2017 4589 D
2047 4520 2130 4565 (διε

1868 4524 1938 4577 ;ῳ.
1970 4531 2017 4589 D
2047 4520 2186 4565 ctam
2226 4487 2449 4584 opponit
2475 4487 2644 4573 aciem
2685 4487 3021 4590 angelorum.
3068 4527 3147 4580 Ac
3184 4541 3252 4580 ne
3283 4527 3424 4583 forte
3449 4544 3615 4599 spono

392 4580 540 4632 Ἐπεὶ
565 4583 748 4652 γοῦνὴ
782 4585 1088 4654 παράταξις
1116 4590 1238 4642 τότε
1268 4592 1377 4643 τῶν
1406 4596 1739 4662 Αἰγυπτίων,

377 4672 448 4722 Τὸ
477 4674 763 4741 κράτιστον
803 4677 1067 4747 ἐκέκτητο
1096 4680 1195 4749 τῆς
1228 4682 1408 4752 μάχης
1435 4686 1498 4738 ἐκ
1525 4688 1634 4739 τῶν
1668 4689 1868 4759 ἵππων,

377 4762 577 4813 Τούτου
607 4764 670 4832 δὴ
702 4766 860 4835 χάριν
889 4768 1108 4839 εἴρηκεν
1141 4770 1308 4824 ἵππου
1344 4774 1403 4837 ἐξ
1437 4777 1550 4828 ἴσου
1586 4778 1762 4847 λόγος,

379 4849 486 4919 Τὴν
524 4852 853 4906 άντιστᾶσαν
882 4856 1113 4927 δύναμιν
1141 4861 1460 4930 ἀγγελικὴν,
1498 4866 1746 4930 ἐκείνοις.

382 4941 501 4993 Ἵνα
532 4943 609 5012 μὴ
640 4943 794 5015 δόξῃς
832 4945 887 4998 δὲ
914 4946 1099 5001 λοιπὸν
1128 4952 1446 5022 ύόρίζεσθαι
1477 4956 1574 5027 τὴν
1604 4958 1840 5031 νύμφην,

391 5031 774 5104 Ἐξισουμένην
799 5039 1053 5106 ἐμφανῶς
1091 5041 1240 5111 ἵππῳ
1274 5046 1425 5117 παρὰ
1453 5049 1547 5101 τοῦ
1580 5051 1759 5119 λόγου,

385 5124 445 5174 ’Ἀ
458 5141 650 5177 κουσον
680 5129 732 5178 τί
765 5146 929 5197 φησιν
965 5132 1092 5199 ἑξῆς
1118 5134 1252 5205 πρὸς
1276 5138 1481 5209 ταύτην
1501 5143 1528 5193 ὁ
1554 5144 1782 5212 νυμφίος
1818 5160 1832 5176 ·

452 5215 512 5267 Τί
569 5216 960 5285 ὼραιὼθησαν
992 5224 1273 5291 σιαγόνες
1299 5242 1415 5280 σου
1469 5231 1550 5295 ὠς
1613 5234 1901 5303 τρυγόνος
1915 5253 1936 5299 ;

377 5306 666 5375 τράχηλοί
689 5325 804 5363 σου
825 5309 903 5375 ὡς
931 5314 1237 5381 ὁρμίσκοις

450 5401 558 5451 Καὶ
580 5399 729 5469 ἵππῳ
754 5418 812 5454 σε
844 5404 1177 5472 παρείκασα,
1199 5410 1353 5477 φησι,
1384 5408 1795 5482 δρομικωτάτῳ.

393 5490 528 5542 Ἀλλ’
560 5489 755 5544 οῦκουν
789 5497 1009 5567 χρῄζεις
1050 5498 1297 5568 χαλινοὺς
1330 5505 1389 5556 ἐν
1421 5506 1626 5570 σιαγόνι
1660 5510 1863 5581 φέρειν.

378 5582 441 5631 Αἰ
468 5584 557 5633 σαὶ
578 5581 687 5651 γὰρ
708 5582 1067 5657 ὡραιώθησαν
1107 5590 1307 5661 ἐξόχως
1345 5598 1615 5665 σιαγόνες,

380 5672 488 5742 Τὴν
522 5674 759 5743 ἔμφυτον
797 5678 870 5741 ὡς
905 5682 1121 5749 χαλινὸν
1160 5686 1378 5756 ἔχουσαι
1422 5695 1793 5764 σωφροσύνην,

380 5767 543 5836 Δίκην
576 5772 835 5837 τρυγόνος
881 5772 1175 5842 σώφρονος,
1211 5780 1470 5847 τρυγόνος
1505 5787 1825 5859 φιλερήμον.

694 5865 959 5929 Panos.
994 5873 1110 5931 GR.
1148 5873 1400 5938 CXXII.

2046 4614 2159 4655 sam
2192 4602 2329 4657 aﬂici
2357 4615 2513 4672 putes
2538 4612 2887 4677 contumelia,
2929 4614 3075 4682 quod
3105 4615 3395 4685 perspicue
3420 4616 3616 4674 similis

2045 4706 2195 4763 cquae
2221 4697 2453 4763 dicatur,
2513 4702 2638 4756 audi
2680 4703 2811 4773 quid
2846 4706 2913 4760 ad
2948 4721 3066 4762 eam
3098 4709 3353 4779 deinceps
3381 4725 3616 4781 sponsus

2042 4786 2185 4840 dicat
2213 4805 2226 4841 :

2110 5245 2253 5311 Quid
2278 5250 2509 5316 pulchra:
2535 5252 2692 5321 facta:
2719 5266 2840 5309 sunt
2883 5274 3028 5327 gena
3065 5268 3186 5328 tua,
3228 5273 3284 5316 ut
3346 5266 3613 5325 turturis?

2042 5338 2228 5391 collum
2254 5350 2396 5394 tuum
2427 5345 2561 5397 sicut
2589 5349 2849 5405 monilia!

2108 5429 2242 5485 Cum
2290 5447 2430 5503 equo
2473 5446 2523 5490 te
2567 5440 2800 5495 similem
2849 5442 3075 5498 dixerim
3121 5449 3503 5513 velocissimo:
3552 5455 3606 5507 in

2040 5523 2254 5577 maxilla
2285 5532 2373 5579 tua
2406 5542 2513 5582 non
2543 5530 2749 5602 indiges
2782 5532 2933 5588 freno
2960 5553 2974 5589 :
3004 5552 3151 5607 gena
3171 5541 3315 5595 enim
3350 5552 3455 5599 tua:
3477 5556 3605 5599 sunt

2039 5612 2420 5679 ornatissimm,
2477 5626 2529 5671 et
2576 5618 2710 5675 freni
2759 5624 2895 5685 loco,
2948 5629 3178 5683 naturali
3226 5632 3430 5700 pudore
3475 5647 3605 5688 sunt

2041 5706 2292 5773 pra-ditis,
2328 5707 2500 5761 instar
2531 5713 2737 5779 pudica:
2764 5717 3030 5779 turturis;
3065 5723 3315 5784 turtttris,
3359 5724 3602 5794 inquam,

2041 5800 2270 5856 amantis
2298 5802 2663 5859 solitudinem.
2695 5806 2902 5863 (Zoilum
2935 5817 3087 5864 tuum
3118 5812 3456 5882 admirabile,
3500 5831 3600 5871 au-

3207 5901 3281 5964 18
