4424 6446
751 362 859 426 555

2027 345 2451 407 MICHAE'LIS
2494 348 2759 409 PSELLI

3910 362 4014 423 55ίὶ

753 491 908 534 reum
938 481 1161 545 gestans
1185 469 1391 524 monile
1415 467 1862 525 Proverbiorum.
1893 462 2168 534 Torquem
2196 460 2342 517 enim
2376 450 2419 525 Ᾱ
2449 461 2500 512 Oi

2272 460 2342 514 im
2449 460 2511 513 Οί
2547 461 2810 530 τράχηλοί
2862 479 2955 516 σου
3006 464 3312 535 θαυμαστοὶ
3358 470 3451 518 καὶ
3489 469 4013 538 κεκαλλωπισμέναι,

755 566 889 621 mihi
912 564 1110 635 cogita,
1136 560 1363 627 monile,
1393 558 1537 630 quod
1569 556 1708 611 dixi.

1310 742 1495 795 Trium
1545 738 1793 793 Patrum.

823 837 963 892 Cum
999 837 1165 907 igitur
1203 847 1438 903 sponsus
1462 830 1766 885 Ecclesium
1798 841 1863 881 ex
1898 820 2150 893 gentibus
2177 818 2342 873 culle-

754 940 900 985 ctam
948 930 1002 981 in
1046 940 1153 996 qua
1203 924 1398 993 pascit,
1446 921 1740 991 allegorice
1783 911 2241 972 detnonstraverit
2276 923 2343 961 ex

756 1022 847 1074 illa
881 1016 1260 1088 responsione,
1300 1014 1356 1069 Si
1392 1031 1494 1068 non
1527 1015 1664 1068 nosti
1693 1019 1739 1064 te
1765 1010 1933 1078 ipsam
1964 1046 1979 1071 ,
2013 1019 2157 1058 nunc
2200 1002 2340 1056 idem

756 1112 997 1179 apertius
1028 1109 1257 1172 indicat,
1315 1107 1502 1177 Equaz,
1540 1103 1813 1174 inquiens,
1847 1114 1975 1152 mea:
2008 1098 2062 1150 in
2098 1095 2341 1149 curribus

757 1202 1055 1256 Pharaonis
1091 1200 1387 1255 assimilavi
1414 1209 1480 1258 te,
1533 1194 1829 1263 pmpinqua
1864 1205 1998 1244 mea.
2045 1187 2178 1254 Quae
2220 1187 2341 1255 qui-

754 1294 879 1348 dem
908 1293 1073 1347 verba
1117 1301 1175 1346 ut
1208 1293 1337 1344 tiant
1377 1288 1549 1355 magis
1579 1284 1889 1354 perspicua,
1932 1280 2014 1334 sic
2042 1275 2343 1333 ordinanda

759 1395 931 1441 sunt:
967 1384 1127 1453 Eqme
1162 1399 1287 1436 mea:
1328 1379 1628 1434 assimilari
1668 1389 1737 1441 te,
1783 1376 2077 1444 propinqua
2118 1386 2253 1431 mra,
2290 1368 2343 1420 in

759 1478 1000 1532 curribus
1028 1474 1327 1527 Pharaonis
1352 1489 1369 1525 :
1393 1474 1493 1525 hoc
1522 1481 1605 1525 est
1632 1466 1899 1538 apostolis
1948 1460 2103 1521 meis,
2135 1460 2186 1511 in
2208 1473 2344 1527 quos

757 1570 1009 1626 celeriter
1036 1568 1101 1620 ad
1124 1566 1477 1637 Evangeliutn
1511 1558 1899 1628 divulgandum
1932 1560 2214 1607 currentes
2242 1562 2343 1617 ego

759 1662 1162 1723 conscendens,
1214 1670 1404 1711 omnes
1436 1655 1585 1707 orbis
1623 1659 1895 1704 terrarum
1926 1643 2190 1698 terminos
2220 1655 2339 1693 sum

765 1760 1117 1824 pervagatus,
1160 1758 1210 1802 te
1242 1749 1433 1800 virtute
1456 1744 1688 1799 similem
1730 1740 1863 1793 dixi.
1915 1736 2051 1801 Quia
2100 1734 2244 1787 sicut
2288 1731 2339 1783 in

766 1802 850 1824 γ--
1077 1802 1116 1811 -.

765 1846 873 1900 illis
902 1858 1127 1913 pascere
1152 1841 1304 1894 visus
1336 1853 1480 1898 sum,
1515 1835 1593 1889 sic
1624 1842 1677 1886 ct
1711 1832 1765 1883 in
1802 1840 1874 1893 te,
1916 1842 2035 1896 qure
2074 1824 2205 1877 mihi
2246 1837 2344 1890 per
2376 1802 2417 1858 Β

766 1937 923 1989 Iidem
960 1946 1109 1986 tuam
1160 1932 1212 1983 in
1258 1944 1364 1990 tne,
1412 1926 1541 1977 mihi
1592 1920 1896 1990 propinqua
1929 1930 1987 1969 es
2018 1924 2070 1967 ct
2106 1910 2345 1965 necessi-

764 2026 952 2079 tudine
978 2022 1289 2089 coujuncta.
1339 2016 1402 2070 In
1431 2014 1674 2069 curribus
1706 2009 2021 2070 Pharaonis,
2061 2006 2112 2058 id
2140 2010 2245 2066 est,
2288 2001 2340 2052 in

765 2117 1039 2187 gentibus,
1069 2113 1268 2182 quibus
1295 2108 1543 2164 insidens
1574 2106 1786 2156 Pharao
1806 2096 2156 2167 intelligibilis
2183 2096 2342 2147 vehe-

768 2213 947 2263 batur.
980 2206 1172 2275 Equus
1198 2202 1343 2257 enim
1380 2197 1573 2269 plurali
1618 2206 1844 2248 numero
1883 2190 2154 2258 signiticat
2181 2199 2345 2252 eque-

765 2311 906 2354 stres
935 2298 1144 2366 copias.
1181 2294 1321 2346 Sunt
1358 2300 1536 2344 autem
1574 2285 1747 2343 sancti
1788 2279 2017 2352 apostoli
2048 2316 2062 2343 ,
2090 2277 2241 2346 juxta
2285 2276 2347 2325 il-

768 2390 897 2445 lud:
939 2386 1241 2441 Ascendens
1286 2397 1441 2450 super
1480 2395 1636 2450 equos
1683 2387 1820 2440 tuos,
1867 2381 1914 2427 et
1931 2369 2200 2441 quadriga:
2241 2376 2342 2418 tua:

769 2478 1045 2534 saivatio‘.
1070 2474 1282 2527 Cui-rus
1306 2482 1487 2524 autem
1512 2467 1725 2539 mystici
1742 2462 2039 2517 Pharaonis
2062 2467 2187 2513 sunt
2212 2474 2344 2527 gon-

772 2578 906 2626 timn
937 2577 1136 2633 emtus,
1183 2567 1249 2618 ab
1288 2561 1691 2632 improbissima
1730 2558 1903 2625 ipsius
1934 2554 2213 2607 voluntate
2252 2550 2345 2603 dc-

772 2661 1092 2731 j‘endcntes.
1141 2656 1350 2720 Quibus
1393 2651 1447 2705 in
1486 2648 1721 2704 canibus
1747 2644 1989 2699 Ecclesia
2014 2640 2349 2711 praedicatio-

773 2768 894 2807 nem
923 2748 1293 2820 apostolorum
1340 2741 1594 2805 audiens,
1634 2748 1688 2793 et
1728 2736 1954 2791 credens
1984 2734 2037 2786 in
2068 2731 2345 2785 Christum

772 2845 866 2915 qui
894 2846 961 2896 ab
988 2842 1122 2909 ipsis
1149 2834 1568 2907 praedicabatur,
1603 2837 1766 2898 atque
1797 2828 1966 2894 ipsius
1996 2821 2186 2876 ell‘ecta
2217 2834 2345 2889 pro—

773 2910 980 3009 pinqua
1012 2950 1026 2985 ε
1052 2925 1493 3001 quandoquidem
1519 2921 1651 2975 ﬁdes
1674 2917 1971 2980 credentis,
1997 2923 2050 2969 et
2073 2913 2221 2967 illius
2254 2910 2345 2979 qui

774 3003 1035 3087 creditur,
1058 3027 1145 3075 est
1180 3014 1491 3072 immediate
1523 3006 1841 3078 conjunctiu
1871 3023 1884 3061 :
1916 3005 2180 3075 apostolis
2205 3003 2347 3055 assi-

2448 552 2553 604 Τὺν
2580 552 2812 621 χρύσεον
2849 555 3207 622 βαστάζοντες
3238 556 3415 611 κλοιὸν
3447 559 3544 625 τῆς
3578 561 3903 631 Παροιμίας.

2460 644 2755 714 Ὀρμίσκον
2784 646 2891 715 γάρ
2924 664 3013 715 μοι
3039 650 3232 718 νόησον
3261 650 3320 703 ὃν
3348 650 3481 718 ἔφην
3515 651 3695 704 κλοιόν
3720 670 3803 721 γε.

2963 738 3091 793 Τῶν
3120 741 3168 809 γ’
3203 742 3496 810 Πατέριυν.

2529 827 2589 879 '0
2620 830 2749 896 γοῦν
2780 831 3009 899 νυμφίος
3040 832 3137 900 τῆς
3159 834 3219 897 ἐξ
3240 835 3408 890 ἐθνῶν
3446 836 3772 905 Ἑκκλησίας
3803 840 4014 904 αἰνιξά-

2448 933 2606 986 μενος
2634 920 2829 992 ταύτῃ,
2863 923 2942 975 ὅτι
2983 924 3039 975 ὲν
3086 925 3220 993 αὐτῇ
3272 928 3568 996 ποιμαίνει,
3611 928 3699 982 διά
3751 930 3846 982 τοῦ
3879 933 4014 984 ἀπο-

2448 1007 2705 1077 κριθῆναι
2750 1013 2923 1085 ταύτῃ
2957 1014 3036 1077 τὸ,
3070 1018 3133 1068 Εἰ
3163 1015 3247 1083 μὴ
3294 1016 3480 1083 ἔγνως
3524 1018 3815 1087 σεαυτὴν,
3860 1020 3953 1073 νῦν
3986 1022 4013 1073 ὃ

2444 1100 2662 1170 ᾐνίξατο
2692 1103 3064 1158 ἀποδεικνύων
3099 1109 3228 1177 φησί
3258 1126 3271 1139 ’
3308 1108 3385 1177 Τῇ
3419 1110 3579 1179 ἵππῳ
3598 1131 3717 1179 μου
3743 1114 3810 1166 ἐν
3830 1112 4013 1180 ἅρμα-

2446 1211 2547 1246 σιν
2584 1195 2793 1262 Φαραὼ
2823 1195 3101 1263 ὦμοι)σὰ
3125 1216 3222 1264 σε,
3269 1203 3307 1268 ἡ
3343 1204 3615 1270 πλησίον
3646 1218 3788 1271 μου.
3830 1204 4010 1257 Ταῦτα

2449 1284 2503 1336 δὲ
2554 1286 2639 1337 ἵνα
2696 1286 2841 1354 σαφῆ
2876 1287 3109 1353 γένοιτο,
3150 1288 3294 1341 οὕτω
3338 1297 3662 1345 συντακτέον
3688 1307 3702 1322 ⁶
3740 1292 3821 1359 Τῇ
3853 1295 4015 1356 ἵππῳ

2443 1393 2561 1443 μου
2619 1377 2883 1443 ὁμοίωσὰ
2937 1394 3033 1438 σε,
3084 1379 3123 1444 ἠ
3181 1380 3448 1445 πλησίον
3479 1400 3620 1448 μου,
3663 1383 3731 1435 ἐν
3793 1382 4016 1451 ἅρμασι

2447 1465 2675 1533 Φαραὼ,
2712 1468 2879 1537 ἤγουν
2925 1472 3038 1531 τοῖς
3079 1470 3390 1533 ἀποστόλοις
3426 1487 3528 1539 μου
3581 1474 3665 1536 ἐφ’
3691 1474 3782 1535 οὓς
3814 1474 4013 1534 ἐπιϐὰς

2444 1558 2546 1625 τὴν
2598 1559 2868 1612 ἱππασίαν
2913 1562 3284 1631 ἐποιησάμην,
3337 1564 3430 1615 ἐπὶ
3473 1565 3645 1616 πάντα
3683 1565 3781 1633 τῆς
3830 1567 4013 1616 οίκου-

2448 1648 2616 1713 μένης
2659 1651 2727 1699 τὰ
2783 1651 2996 1717 πέρατα
3048 1652 3214 1717 ὀξέως
3278 1653 3584 1722 δραμόντας
3643 1657 3721 1715 εἰς
3776 1653 3832 1706 ἐδ
3882 1654 4012 1721 ἐμὸν

2446 1736 2726 1806 κήρυγμα,
2762 1740 3001 1791 ἐοικυῖαν
3052 1743 3174 1793 κατ’
3225 1745 3429 1812 ἀρετήν
3472 1761 3530 1795 σε
3580 1741 3861 1807 ἀπέδειξα.
3916 1744 4009 1795 Διὸ

2446 1828 2635 1898 ὥσπερ
2671 1833 2726 1882 ὲν
2774 1832 3001 1893 ἐκείνοις
3029 1834 3335 1901 ποιμαίνων
3374 1835 3674 1904 δέδειγμαι,
3710 1837 3802 1886 καὶ
3842 1836 3900 1887 ὲν
3932 1836 4015 1887 σοὶ

2447 1925 2511 1990 τῇ
2550 1922 2636 1973 διὰ
2660 1923 2756 1989 τὴν
2791 1925 2868 1985 εἰς
2894 1923 2991 1986 ἐμὲ
3021 1924 3202 1976 πίστιν
3230 1923 3395 1991 ἐγγύς
3425 1944 3550 1993 μου.
3605 1928 3706 1980 Ἑν
3738 1928 3851 1988 τοῖς
3879 1944 4015 1994 χρη-

2449 2014 2738 2078 ματίσασιν
2770 2014 2989 2080 ἅρμασι
3018 2015 3112 2066 τοῦ
3157 2017 3348 2085 νοητοῦ
3374 2017 3605 2085 Φαραὼ,
3658 2019 3888 2085 ἔθνεσιν,
3938 2019 4014 2080 ὠς

2447 2103 2670 2171 φέρουσι
2717 2102 2903 2154 τοῦτον
2950 2106 3006 2155 ἐν
3057 2107 3266 2168 ἑαυτοῖς
3320 2108 3701 2177 ὲποχούμενον.
3749 2112 3857 2161 Καὶ
3906 2111 4013 2180 γὰρ

2450 2191 2614 2252 ἵππος
2650 2191 2746 2259 μὲν
2778 2190 3159 2260 πληθυντικῶς
3190 2195 3434 2248 καλεῖται
3459 2198 3491 2267 ἡ
3522 2199 3719 2268 ἱππικὴ
3744 2197 3972 2266 δύναμις
3991 2212 4010 2228 ⁶

2447 2284 2570 2349 ἥτις
2639 2284 2785 2369 ἐστὶν
2827 2285 2874 2335 οἱ
2920 2284 3063 2352 ἆγιοι
3098 2285 3385 2339 ἀπόστολοι
3424 2289 3670 2351 κατὰτὸ,
3718 2289 4012 2359 Ἐπιΰήσῃ

2445 2371 2543 2423 ἐπὶ
2589 2374 2725 2437 τοὺς
2770 2375 2994 2441 ἵππους
3036 2391 3173 2429 σου.
3212 2377 3319 2431 Καὶ
3353 2378 3391 2443 ἠ
3432 2381 3693 2433 immota
3739 2396 3856 2435 σου
3899 2398 4016 2434 σω-

2448 2461 2641 2529 τηρία.
2677 2464 2935 2532 ’Ἂρματα
2964 2466 3019 2517 δὲ
3050 2466 3146 2519 τοῦ
3176 2469 3368 2537 νοητοῦ
3399 2470 3597 2539 Φαραὼ
3626 2471 3694 2523 τὰ
3712 2473 3819 2524 τῶν
3846 2472 4016 2525 ἐθνῶν

2448 2554 2793 2656 συστήματα,
2832 2554 2907 2656 ῶς
2947 2555 3298 2656 ἐξηρτημένα
3341 2558 3435 2612 τοῦ
3486 2563 3854 2631 πονηροτάτου
3891 2562 4017 2629 βου-

2450 2645 2690 2713 λήματος
2726 2646 2910 2700 αὑτοῦ.
2959 2644 3046 2700 Ἐν
3077 2644 3159 2711 οἷς
3190 2652 3529 2719 συστήμασιν
3552 2651 3708 2721 η’τοῦ
3731 2651 4020 2723 κηρύγμα-

2449 2754 2540 2800 τος
2592 2738 2701 2790 τῶν
2756 2740 3070 2792 ἀποστόλων
3102 2740 3381 2793 ἀκούσασα
3442 2737 3760 2810 Ἐκκλησία,
3793 2745 3886 2796 καὶ
3930 2762 4018 2795 πι-

2453 2827 2723 2879 στεύσασα
2758 2829 2837 2891 είς
2867 2829 2958 2881 τὸν
2988 2828 3079 2880 ὑπ’
3110 2829 3287 2881 αὐτῶν
3323 2830 3722 2899 κηρυττόμενον
3763 2831 4014 2900 Χριστὸν,

2452 2919 2547 2971 καὶ
2586 2920 2776 2970 τούτου
2819 2918 3047 2987 πλησίον
3073 2921 3364 2990 γενομένη.
3412 2920 3745 2990 Ἐπειδὴπερ
3774 2923 3808 2991 ἡ
3836 2922 4019 2985 πίστις

2454 3010 2549 3063 τοῦ
2583 3009 2933 3073 πιστεύοντος
2960 3011 3055 3062 καὶ
3084 3011 3177 3063 τοῦ
3220 3017 3611 3084 πιστευομένου
3643 3017 3842 3087 ἀμεσός
3873 3020 4018 3068 ἐστιν

776 3119 960 3173 milata
982 3124 1066 3169 est
1093 3113 1160 3165 ab
1186 3110 1305 3179 ipso
1329 3106 1576 3170 Christo,
1601 3118 1722 3157 cum
1749 3101 1895 3154 illius
1920 3095 2190 3151 mandatis
2213 3094 2344 3148 obe-
2376 3124 2420 3184 ο
2450 3101 2523 3152 ἓν(

2264 3101 2661 3184 ηοεένωσις.
2722 3102 2847 3162 Τοῖς
2905 3100 3221 3163 ἀποστόλοις
3291 3101 3572 3169 ὡμοίωται
3648 3107 3778 3174 παρ’
3848 3104 4011 3156 αὑτοῦ

776 3216 939 3271 tl't‘ct,
984 3215 1038 3260 et
1066 3200 1422 3272 apostolicam
1453 3197 1622 3249 vitam
1649 3193 1974 3247 imitaretur.

844 3388 963 3442 Jam
1008 3400 1119 3454 quo
1168 3381 1328 3435 modo
1384 3377 1556 3446 ipsam
1590 3370 1849 3443 apostolis
1884 3365 2222 3429 assimilarit,
2271 3362 2349 3415 vi-

778 3485 1025 3537 deamus.
1061 3474 1220 3540 Quid,
1253 3470 1446 3540 inquit,
1468 3465 1699 3535 pulchra:
1723 3463 1878 3531 facta:
1902 3468 2019 3513 sunt
2053 3472 2194 3528 gena:
2226 3464 2348 3517 tute,

778 3578 914 3627 sicut
947 3567 1172 3623 turturis
1197 3564 1220 3616 ?
1250 3562 1443 3616 Mirum
1486 3560 1541 3611 in
1586 3556 1807 3610 modum
1838 3551 2083 3623 profecto
2111 3548 2352 3619 pulchrae

781 3667 937 3719 facta:
974 3668 1102 3716 sunt
1137 3670 1285 3727 gena:
1315 3661 1441 3713 tuae,
1478 3662 1598 3719 qua:
1632 3646 1698 3700 ad
1734 3641 2141 3700 similitudinem
2174 3646 2354 3690 turtu-

781 3759 859 3812 ris
901 3749 1281 3808 verecundiam
1336 3751 1391 3799 et
1438 3738 1828 3795 continentiam
1878 3731 2243 3803 amplecteris,
2302 3737 2356 3782 et

783 3846 1155 3919 apostolorum
1188 3832 1639 3893 consuetudinem
1678 3827 1931 3889 imitaris,
1984 3838 2083 3877 nec
2114 3821 2354 3891 gentium

785 3953 960 4005 more,
1016 3932 1377 3989 immoderato
1412 3938 1670 3997 genarum
1708 3928 1856 3974 motu
1886 3917 2054 3972 uteris
2084 3915 2139 3968 in
2168 3914 2356 3980 dispu-

785 4027 1085 4087 tationibus
1130 4031 1186 4077 et
1220 4018 1380 4089 nugis
1418 4026 1473 4071 et
1508 4011 1863 4075 orationibus,
1900 4024 1965 4063 ac
1998 4007 2261 4061 edacitate
2301 4005 2354 4057 in

783 4122 948 4182 cibis,
991 4116 1134 4172 unde
1164 4113 1373 4181 reliqua
1407 4107 1586 4163 omnis
1620 4105 1863 4160 nascitur
1899 4097 2352 4168 intemperantia:

786 4213 882 4270 sed
909 4207 1181 4281 ejusmodi
1213 4206 1395 4276 potius
1434 4200 1826 4260 moderatione,
1869 4203 1929 4248 ut
1962 4194 2184 4247 conciso
2212 4205 2360 4243 com-

787 4304 1077 4374 positoque
1129 4307 1378 4352 sermone
1418 4300 1874 4358 supervacaneam
1906 4283 2217 4339 Graecorum
2267 4293 2357 4333 sa-

791 4368 1049 4463 pientiam
1079 4388 1276 4443 viceris
1306 4403 1319 4439 :
1364 4385 1419 4436 in
1446 4378 1781 4435 orationibus
1812 4384 1988 4429 autem
2018 4386 2232 4441 regnum
2265 4368 2358 4422 Dei

2451 3190 2690 3261 Χριστοῦ
2748 3190 3032 3243 πεισθεῖσα
3086 3192 3207 3253 ταῖς
3258 3192 3425 3244 αὑτοῦ
3469 3193 3735 3258 ἐντολαῖς,
3780 3196 3876 3247 καὶ
3927 3195 4018 3247 τὸν

2451 3279 2809 3332 ἀποστολικδν
2845 3278 2959 3347 βίον
2984 3282 3359 3351 μιμησαμένη.

2523 3369 2722 3421 Λοιπὸν
2765 3369 2914 3430 ὅπως
2959 3369 3239 3438 ὡμοίωσεν
3297 3370 3463 3440 αὐτὴν
3515 3375 3628 3434 τοῖς
3682 3372 4018 3436 ἀποστόλοις,

2453 3462 2614 3532 φησί·
2652 3461 2712 3514 Τί
2738 3459 3127 3547 ὠραιὼθηαναν
3158 3466 3440 3531 σιαγόνες
3468 3478 3583 3515 σου
3605 3465 4019 3532 ὼςτρυτόνος;

2457 3555 2638 3616 Ἤτοι,
2667 3551 2995 3621 Θαυμασίως
3024 3552 3080 3603 al
3117 3553 3361 3619 σιαγόνες
3396 3571 3487 3606 σου
3516 3554 3855 3625 ὼραῖσμέναι
3885 3555 4015 3604 είσί·

2459 3647 2851 3717 μιμησαμένης
2896 3645 2995 3714 τὴν
3035 3646 3188 3714 δίκην
3233 3645 3491 3715 τρυγόνος
3536 3643 3917 3713 ὲνδειξαμένην
3963 3644 4020 3692 ὲν

2458 3736 2755 3808 ἐγκρατείᾳ
2806 3736 2866 3789 τδ
2917 3735 3155 3804 σῶφρον,
3210 3736 3317 3787 τῶν
3376 3734 3686 3788 ἀποστόλων
3730 3737 4020 3803 ὁμήγυριν.

2462 3830 2620 3891 ’Ἦτις
2656 3829 2716 3880 οὐ
2750 3829 2892 3881 κατὰ
2924 3827 2995 3880 τά
3027 3826 3154 3896 ἔθνη
3193 3825 3477 3893 ἀκολάστῳ
3517 3829 3585 3895 τῇ
3619 3826 3725 3878 τῶν
3761 3825 4023 3890 σιαγόνων

2460 3927 2668 3991 κινήσει
2714 3923 3005 3991 ἐχρήσατο,
3039 3921 3175 3991 πρὸς
3204 3936 3263 3972 τε
3302 3920 3615 3988 ἀδολεσχίας
3648 3922 3704 3971 ὲν
3738 3919 4023 3982 διαλέξεσι,

2459 4018 2555 4069 καὶ
2598 4014 2949 4085 βαττολογίας
3000 4015 3057 4065 ὲν
3117 4014 3441 4082 προσευχαῖς
3495 4010 3589 4063 καὶ
3631 4011 3934 4079 ἀδηφαγίας
3968 4013 4026 4059 ἐν

2463 4106 2767 4176 βρώμασιν,
2802 4106 2859 4169 ἐξ
2888 4100 2957 4173 ἦς
3001 4105 3097 4156 καὶ
3146 4106 3179 4172 ἡ
3207 4104 3367 4172 λοιπὴ
3425 4105 3571 4154 πᾶσα
3613 4101 3875 4155 ἀκολασία
3922 4102 4027 4168 ὑφ-

2466 4194 2714 4245 ίσταται’
2757 4191 2897 4245 ἀλλά
2928 4192 3128 4261 μᾶλλον
3154 4190 3391 4259 σώφρονι
3441 4189 3717 4253 τοσοῦτον,
3762 4189 3901 4242 ὥστε
3950 4187 4027 4254 τῷ

2468 4283 2894 4353 συντετμημένῳ
2930 4282 3026 4351 μὲν
3079 4283 3170 4334 καὶ
3222 4280 3686 4350 συντετελεσμένῳ
3735 4279 3877 4347 λόγῳ
3931 4277 4027 4346 τὴν

2466 4374 2919 4443 καταργουμένην
2942 4371 3049 4423 τῶν
3092 4370 3361 4440 Ἑλλήνων
3402 4372 3623 4438 νικῆσαι
3652 4367 3843 4435 σοφίαν
3863 4382 3877 4395 ·
3909 4369 4025 4425 ταῖς

786 4448 835 4538 et
858 4481 1130 4553 justitiam
1178 4478 1291 4544 ejus
1334 4469 1706 4527 tantummodo
1743 4464 2008 4536 quieras":
2047 4463 2184 4515 cibis
2229 4473 2358 4513 vero
2393 4448 2436 4502 D
2462 4465 2517 4515 δὲ

2280 4473 2358 4553 aro
2393 4448 2436 4502 θ
2462 4465 2517 4515 δὲ
2549 4465 2877 4531 προσευχαῖς
2907 4461 3022 4527 τὴν
3066 4460 3397 4523 βασιλείαν
3437 4460 3541 4512 τοῦ
3574 4459 3721 4511 Θεοῦ
3766 4457 3862 4509 καὶ
3916 4456 4027 4522 τὴν

789 4589 901 4631 non
929 4567 1214 4639 exquisitis
1243 4574 1297 4619 et
1319 4560 1576 4633 jucundis
1606 4556 1866 4619 vescaris,
1910 4552 2004 4609 sed
2035 4548 2357 4605 necessariis

790 4669 1046 4721 contenta
1080 4659 1178 4712 sis.
1219 4654 1296 4708 Ex
1331 4668 1439 4723 quo
1469 4650 1547 4713 tit,
1581 4658 1637 4703 ut
1663 4647 1916 4702 omnibus
1944 4644 1999 4698 in
2026 4643 2187 4698 rebus
2222 4650 2356 4694 tem-

794 4761 1047 4825 peranter
1074 4751 1246 4808 vivas,
1289 4758 1465 4812 neque
1492 4754 1622 4794 vero
1653 4739 1767 4791 bace
1800 4736 2003 4790 referas
2033 4736 2097 4786 ad
2131 4732 2355 4802 gloriam

794 4855 847 4901 et
867 4842 1287 4899 ostentationem
1316 4851 1329 4887 :
1353 4835 1483 4904 qttin
1511 4832 1696 4893 etiam,
1724 4828 1868 4898 quod
1894 4826 1960 4880 ad
1989 4825 2360 4879 fortitudinem

792 4946 844 4991 et
878 4931 1195 5004 patientiam
1224 4934 1450 4996 spectat,
1496 4934 1603 4975 tam
1628 4922 1732 4974 leni
1764 4918 1946 4971 animo
1977 4910 2123 4970 feras
2149 4915 2204 4968 in
2229 4915 2363 4973 dex-_

795 5039 913 5081 tera
938 5038 1074 5096 gena
1102 5029 1154 5077 te
1183 5019 1392 5089 percuti
1414 5014 1457 5080 ⁸,
1498 5024 1555 5068 ιιι
1588 5010 1909 5082 percutienti
1939 5007 2101 5062 etiam
2138 5006 2360 5060 alteram

798 5093 1058 5185 praebeas,
1089 5109 1155 5163 ad
1176 5106 1380 5163 Christi
1410 5102 1763 5155 imitationem
1787 5111 1943 5165 aequo
1972 5094 2155 5147 animo
2178 5093 2362 5161 alapas

798 5200 1139 5257 sustinentis,
1194 5204 1248 5249 et
1298 5188 1619 5245 mandatum
1675 5183 1879 5239 servari
1935 5196 2095 5250 posse
2146 5194 2202 5233 re
2250 5180 2364 5248 ipsa

800 5287 1204 5361 comprobantis
1234 5302 1250 5349 ;
1278 5292 1438 5352 atque
1461 5281 1633 5332 instar
1660 5275 1887 5330 turturis
1918 5271 2154 5326 volucris
2181 5271 2366 5325 solita-

800 5388 915 5447 riae,
961 5377 1266 5437 secedentis
1311 5377 1363 5427 in
1402 5367 1773 5431 solitudinem,
1835 5366 2018 5435 ibique
2047 5363 2367 5433 jejunantis,

801 5487 964 5546 atque
1009 5473 1081 5524 ita
1123 5467 1368 5523 docentis
1414 5462 1835 5517 ostentationem
1891 5463 2053 5523 atque
2105 5456 2368 5506 humanas

803 5545 994 5623 laudes
1023 5577 1144 5617 esse
1166 5555 1465 5628 fugiendas.
1500 5555 1671 5621 Atque
1701 5550 1805 5603 hoc
1834 5548 2051 5617 quidem
2080 5556 2236 5614 pacto
2270 5545 2367 5596 dc-

878 5754 900 5788 ⁶
958 5750 1156 5805 llabac.
1217 5763 1298 5812 ιιι,
1353 5745 1404 5799 8.

2463 4553 2861 4617 δικαιοσύνην
2901 4549 3088 4603 αὐτοῦ
3143 4550 3304 4617 μόνον
3334 4546 3521 4614 ζητεῖν
3550 4563 3565 4578 θ
3622 4547 3714 4598 καὶ
3750 4544 4029 4614 βρώμαςιν

2462 4643 2523 4695 οὐ
2582 4645 2691 4704 τοῖς
2749 4641 3023 4711 περιττοῖς
3080 4638 3175 4690 καὶ
3223 4638 3373 4707 ἡδέσι
3428 4635 3686 4707 χρῆσθαι,
3731 4635 3867 4689 ἀλλὰ
3919 4636 4030 4695 τοῖς

2465 4733 2779 4799 ἀναγκαίοις
2833 4727 3158 4798 ἀρκεῖσθαι·
3208 4727 3309 4780 κᾶν
3357 4725 3607 4779 ἐντεῦθεν
3654 4727 3713 4776 ὲν
3756 4725 3889 4774 πᾶσι
3928 4721 4027 4787 ζῇν

2466 4824 2771 4892 ἐγκρατῶς,
2822 4821 2916 4874 καὶ
2953 4819 3085 4889 μηδὲ
3128 4820 3265 4887 πρὸς
3312 4815 3570 4879 ἐπίδειξιν
3620 4814 3791 4867 ταῦτα
3815 4815 3985 4864 ποιεῖν
4010 4826 4025 4840 ⁸

2471 4913 2671 4984 μᾶλλον
2695 4912 2752 4965 δὲ
2783 4913 2876 4964 καὶ
2897 4914 2956 4965 τὸ
2978 4911 3219 4978 ἀνδρεῖον
3240 4907 3492 4960 τοσοῦτον
3517 4905 3907 4969 ἐνδείκνυσθαι,
3954 4903 4029 4965 ὡς

2466 5004 2637 5067 οὕτως
2669 5003 2928 5065 ἐπιεικῶς
2975 5003 3160 5071 φέρειν
3206 5000 3266 5053 τὸ
3294 5001 3351 5052 ἐν
3391 5002 3456 5069 τῇ
3492 5000 3642 5065 δεξιᾷ
3690 4997 3900 5063 σιαγόνι
3932 4997 4028 5063 ρά-

2467 5111 2666 5165 πισμα,
2712 5094 2851 5147 ὥστε
2885 5094 3137 5162 στρέφειν
3171 5091 3249 5161 τῷ
3283 5088 3566 5161 ραπίξοντι
3590 5090 3682 5141 καὶ
3712 5087 3811 5157 τὴν
3841 5085 4028 5153 ἀλλην,

2470 5185 2612 5237 κατὰ
2659 5184 2889 5254 μίμησιν
2922 5183 3159 5253 Χριστοῦ
3209 5187 3465 5251 φέροντος
3500 5178 3835 5243 ἀνεξικάκως
3867 5178 4029 5247 ῥαπί-

2470 5293 2674 5346 σματα,
2703 5277 2796 5329 καὶ
2840 5276 2900 5327 τὸ
2942 5276 3164 5328 δυνατὸν
3211 5275 3309 5341 τῆς
3338 5272 3556 5342 ἐντολῆς
3594 5276 3660 5341 τῇ
3698 5270 3893 5340 πράξει
3943 5268 4031 5337 βιο

2470 5368 2746 5430 ϐαιοῦντος
2770 5409 2783 5431 ,
2817 5368 2910 5419 καὶ
2953 5369 3090 5418 κατά
3131 5366 3191 5418 τὸ
3235 5366 3531 5434 φιλέρημον
3566 5364 3751 5431 ὄρνεον
3777 5362 3876 5429 τὴν
3903 5374 4029 5428 τρυ-

2472 5459 2603 5527 γόνα
2675 5460 3125 5528 ἀναχωρήσαντος
3200 5459 3280 5518 είς
3349 5457 3447 5524 τὴν
3511 5454 3737 5524 ἔρημον,
3808 5451 4028 5501 κάκεῖσε

2474 5550 2886 5619 νηστεύσαντος,
2915 5550 3007 5603 καὶ
3030 5548 3198 5611 οὕτως
3225 5548 3527 5613 διδάξαντος
3554 5548 3611 5599 τὸ
3638 5542 4025 5598 ἀνεπίδεικτον.

1483 5743 1501 5773 ⁷
1536 5741 1723 5795 Matth.
1761 5755 1835 5803 γι»
1864 5738 1950 5790 55.
2028 5733 2048 5765 ⁸
2082 5734 2269 5787 Mallit.
2300 5753 2349 5799 γ,
2382 5737 2468 5789 59.
