4424 6446
443 391 546 448 ἶ.ῖοῖ

1409 379 1793 441 COMMENT.
1836 377 1912 438 1N
1945 378 1984 438 C
2009 378 2332 443 \NTICUM
2367 380 2660 441 CANTIC.

3583 381 3688 445 558

444 498 552 550 kat
581 498 720 548 οὕτω
759 495 853 564 μὲν
887 493 1206 563 θαυμασίως
1237 490 1601 561 ὼραιώθησαν
1639 489 1881 556 σιαγόνες,
1916 505 2010 540 σου
2045 502 2084 552 Α
2116 505 2191 544 cm

1950 505 2010 540 ου
2045 502 2084 552 Α
2116 504 2257 544 cora:
2288 490 2440 546 facta:
2467 500 2592 545 sunt
2621 502 2770 561 gente
2806 495 2911 543 tua:
2935 489 3089 560 quasi
3119 490 3369 554 turturis,
3401 490 3531 546 dum
3556 499 3607 547 te
3635 506 3689 545 et

440 591 516 650 ὡς
568 589 848 658 τρυγόνος,
897 585 994 654 τὴν
1052 584 1407 652 σωφροσύνην
1455 581 1574 632 κατ’
1626 579 1920 649 ἐπιθυμίαν
1955 582 2010 631 ἐν

442 677 756 746 ἐγκρατείᾳ,
800 677 894 728 καὶ
940 674 1038 742 τὴν
1087 672 1340 740 ἀνδρείαν
1384 670 1524 724 κατά
1570 669 1741 738 θυμὸν
1786 671 1842 721 ἐν
1875 670 2010 721 ὑπο-

443 771 578 836 μονῇ
624 765 1077 834 ἐπιδεικνυμένης
1120 779 1236 817 σου.
1279 761 1508 831 Ὁμοίως
1539 763 1594 814 δὲ
1626 762 1832 824 τούτοις
1861 775 2012 814 συν-

442 859 702 924 ιν),‹αιώθη
766 855 1064 924 τράχη.2ός
1129 870 1247 907 σου
1307 852 1387 918 ὠς
1431 853 1740 920 ὀρμίσκοι·
1797 851 1855 904 οῦ
1905 853 2012 921 γὰρ

442 946 691 1015 σιδηροῦς
723 962 814 997 σου
847 947 874 996 ἐι
918 943 1203 1014 τράχηλος,
1249 941 1323 1004 ὡς
1353 941 1440 994 διὰ
1486 941 1583 1011 τὴν
1635 941 2012 1012 ὑπερηφανίαν

440 1039 821 1106 δυσκαμπτος·
858 1035 996 1089 ἀλλά
1047 1035 1363 1103 κέκαμπται
1399 1033 1484 1084 διὰ
1523 1032 2008 1103 μετριοφροσύνην,

439 1127 514 1188 ὡς
563 1125 814 1194 ὁρμίσκοι
847 1126 895 1178 οἳ
947 1125 1444 1192 κατεσκευασμένοι
1488 1123 1626 1174 εἰσὶν
1670 1124 1732 1174 ἐκ
1766 1122 1966 1194 χρυσοῦ
1994 1138 2005 1152 ·

443 1213 504 1270 ιῦ
559 1220 617 1270 τὸ
647 1219 866 1287 δόκιμον
910 1217 1000 1269 καὶ
1045 1216 1282 1286 καθαρὸν
1308 1215 1395 1269 διὰ
1427 1217 1488 1269 τὸ
1527 1215 1890 1287 ἀνυπόκριτον
1925 1234 2011 1287 μι-

444 1311 628 1380 μέἶταί
670 1328 762 1363 σου
792 1311 851 1364 τὸ
877 1310 1130 1362 ταπεινὸν
1164 1310 1438 1380 φρόνημα.
1471 1310 1532 1362 ΕΞ
1562 1310 1618 1362 δὲ
1648 1310 2010 1379 ἀνυπόκριτον

440 1404 946 1473 ταπεινοιρροσύνην
972 1405 998 1456 ὁ
1025 1402 1287 1473 ὀρμίσκος
1330 1403 1605 1472 σημαίνει,
1632 1401 1706 1464 ὡς
1729 1405 1964 1473 εἴρηται,
1984 1405 2010 1455 ὁ

445 1493 544 1561 τῆς
572 1497 789 1563 νύμιξης
819 1493 1057 1562 Χριστοῦ
1091 1494 1357 1564 τράχηλος
1376 1493 1449 1556 ὡς
1472 1493 1725 1563 όρμίσκοι
1758 1493 2010 1547 ἐπαινου-

443 1602 624 1651 μενος,
671 1585 766 1636 καὶ
807 1585 1010 1654 πλῆθος
1058 1584 1313 1654 ἐμφαίνει
1363 1587 1593 1657 ἀρετῶν,
1645 1586 1740 1639 καὶ
1787 1585 1884 1657 τὴν

440 1679 645 1748 ἑκαστῃ
691 1677 1216 1748 ταπεινοφροσύνην.
1282 1677 1368 1741 Ὦς
1411 1677 1519 1746 γὰρ
1562 1679 1591 1730 ὁ
1640 1677 1903 1748 όρμίσκος
1952 1681 2009 1730 ὲν

441 1768 586 1837 ὀρθῷ
617 1767 695 1836 τῷ
719 1770 958 1838 σχήματι
989 1768 1328 1838 χαλκευθεὶς,
1355 1767 1579 1836 ὕστερον
1602 1770 1912 1837 κάμπτεται
1942 1770 2006 1839 τῇ

441 1859 598 1927 χρεία
625 1858 1184 1928 συσχηματιζόμενος,
1232 1856 1401 1920 οὕτως
1425 1857 1564 1927 ὁτὴν
1585 1858 1782 1929 ἀρετὴν
1808 1859 2008 1922 τέλειος

441 1949 790 2001 ταπεινοῦται
827 1949 915 2001 διὰ
964 1947 1392 2016 συγκατᾰώασιν,
1441 1947 1614 2018 ὀρθῶς
1665 1947 1737 2000 ὢν
1788 1949 1864 2018 τῷ
1909 1947 2007 2016 βίῳ

441 2039 537 2092 καὶ
569 2043 633 2109 τῇ
685 2040 1122 2110 μετριοφροσύνῃ
1175 2042 1583 2110 καμπτόμενος.
1638 2040 1918 2110 Τράχηλος
1951 2040 2007 2092 δὲ

443 2131 906 2202 περιϐεϐλημένος
964 2132 1064 2202 τὴν
1111 2133 1633 2202 ταπεινοφροσύνην,
1689 2133 1749 2184 τὸ
1793 2131 2008 2200 λογικόν

442 2228 557 2276 ἐστι
585 2226 680 2293 τῆς
710 2225 889 2293 ψυχῆς
912 2242 924 2255 ·
953 2224 980 2277 ὃ
1020 2224 1176 2292 δίκην
1204 2226 1475 2296 τραχήλου
1518 2224 1880 2287 συνάπτοντος
1906 2227 2006 2295 τὴν

441 2315 680 2384 κεφαλὴν
714 2315 789 2385 τῷ
828 2315 1000 2385 λοιπῷ
1044 2315 1278 2386 σώματι,
1329 2318 1591 2369 συνάπτει
1645 2316 1734 2370 τὸν
1773 2316 1896 2369 νοῦν
1938 2319 2004 2386 τῇ

439 2406 709 2474 αἰσθήσει,
744 2409 866 2470 τοὺς
915 2409 1013 2476 μὲν
1051 2407 1196 2460 κατὰ
1229 2406 1354 2461 νοῦν
1397 2407 1586 2474 λόγους
1633 2408 1740 2460 τῶν
1771 2409 2004 2477 ἀρετῶν,

442 2500 584 2551 κατα
608 2499 730 2559 τοὺς
754 2496 956 2550 τούτων
983 2497 1216 2568 τρόπους
1243 2499 1479 2565 κατάγον
1526 2497 1660 2568 πρὸς
1685 2498 1782 2568 τὴν
1814 2498 2007 2568 αῖσθη·

444 2606 557 2652 σιν,
589 2591 712 2650 τους
747 2588 804 2642 δὲ
853 2589 1084 2658 τρόπους
1121 2590 1280 2642 πάλιν
1325 2589 1505 2642 αὐτῶν
1536 2589 1680 2641 κατά
1719 2589 1842 2650 τοῦς
1890 2591 2008 2641 τοὺ-

438 2696 545 2731 των
595 2679 785 2746 λόγους
835 2679 1036 2748 ἀνάγον
1091 2681 1224 2748 πρὸς
1271 2678 1416 2731 νοῦν.
1466 2680 1529 2730 ’Ὀ
1575 2678 1669 2736 καὶ
1698 2679 2006 2746 κάμπτεται

438 2769 528 2821 δια
555 2769 1076 2839 ταπεινοφροσύνην,
1102 2770 1175 2838 μὴ
1210 2769 1297 2821 διὰ.
1321 2770 1418 2836 τὴν
1437 2769 1594 2834 ἀξίαν
1623 2770 2002 2840 ἐπαιρόμενον,

443 2859 579 2912 ἀλλὰ
614 2858 701 2911 διὰ
744 2860 834 2912 τὸν
863 2859 993 2928 χοῦν
1035 2859 1478 2929 συστελλόμενον.
1514 2863 1620 2914 Καὶ
1651 2861 1792 2913 οὕτω
1830 2862 1928 2930 τὴν
1951 2861 2006 2924 ἐξ

443 2951 612 3004 ἐθνῶν
678 2951 1024 3020 Ἐκκλησίαν,
1085 2957 1149 3022 τῇ
1201 2954 1260 3016 ὲξ
1324 2954 1532 3024 Ἰσραὴλ
1579 2953 1848 3024 ὁμηγῦρει
1899 2955 2006 3006 τῶν

446 3045 754 3112 ἀποστόλων
789 3045 1038 3114 ὠμοίωσε
1082 3045 1172 3098 διὰ
1221 3049 1316 3114 τῆς
1371 3049 1450 3108 είς
1495 3046 1654 3098 αὐτὸν
1705 3046 1939 3108 πίστεως
1979 3049 2005 3098 ό

445 3136 674 3202 νυμφίος
714 3134 916 3206 ταύτης
963 3135 1230 3205 Χριστόςο
1283 3137 1342 3188 το
1395 3139 1652 3207 τριμερὲς
1699 3137 1798 3204 τῆς
1831 3137 2006 3205 ψυχῆς

444 3225 509 3277 δι’
541 3227 869 3296 ἐγκρατείας
917 3228 1011 3278 καὶ
1061 3229 1334 3296 ὑπομονῆς
1383 3228 1474 3279 καὶ
1513 3229 2006 3296 ταπεινοφροσύνης

446 3320 509 3368 ὲκ
557 3316 648 3368 τοῦ
715 3318 869 3388 παρά
949 3319 1108 3386 φύσιν
1160 3317 1297 3386 πρὸς
1347 3319 1406 3370 τὸ
1454 3318 1595 3370 κατά
1641 3319 1801 3384 φύσιν
1843 3321 2010 3371 ἐπαν-

449 3409 690 3477 αγαγὼν,
724 3411 820 3462 καὶ
847 3411 1156 3475 ἀπαλλάξας
1190 3412 1287 3479 τῆς
1337 3410 1423 3463 διὰ
1468 3411 1566 3480 τὴν
1617 3412 1874 3463 ἀπιστίαν
1912 3429 2006 3480 με·

448 3501 756 3571 λανίτητος.

965 3589 1084 3644 Τῶν
1124 3589 1168 3657 γ’
1204 3591 1494 3655 Hatépogr'.

520 3683 584 3735 Οἱ
614 3681 670 3735 δὲ
701 3681 794 3733 τοῦ
839 3681 1072 3751 νυμςρίου
1121 3682 1262 3750 φίλοι
1310 3680 1466 3754 (εἷεν
1508 3683 1562 3736 δὲ
1604 3684 1820 3745 παντως
1869 3678 2014 3736 οῦτοι

448 3777 497 3827 οἱ
534 3775 675 3843 ἆτιοι
713 3774 971 3842 ἄγγελοι,
1013 3775 1086 3836 ὡς
1129 3775 1186 3826 τι)
1218 3775 1383 3828 αὐτοῦ
1432 3774 1709 3836 ποιοῦντες
1752 3776 2015 3842 πανάγιον

452 3869 700 3935 θέλημα)
734 3868 800 3918 τὰ
830 3868 955 3936 ἑξῆς
988 3868 1368 3936 ὑπισχνοῦνται
1395 3871 1456 3938 τῇ
1494 3869 1708 3939 νυμςςῃ,
1742 3868 2013 3935 λέγοντεςο

464 3957 819 4025 Ὁμοιώματα
843 3960 1100 4025 χρυσίου
1123 3958 1464 4026 ποιήσωμέν
1492 3975 1587 4012 σοι
1607 3961 1754 4027 μετὰ
1774 3958 2015 4026 cumci-

450 4065 566 4099 των
598 4047 703 4100 τοῦ
732 4047 1033 4116 ἀργυρίου,
1061 4048 1170 4112 ἕως
1196 4042 1265 4102 οὗ
1290 4051 1321 4101 ό
1345 4048 1645 4112 βασιλεὺς
1672 4048 1741 4100 ἐν
1769 4048 2016 4102 ἀνακλί-

451 4153 542 4189 σει
573 4138 778 4192 αὐτοῦ.
815 4139 1045 4206 Ἤγουν,
1107 4139 1324 4206 Ἐπειδὴ
1368 4142 1466 4209 τῆς
1495 4139 1584 4192 διὰ
1608 4139 1702 4210 τὴν
1737 4139 2017 4192 εἰδωλολα-

448 4232 634 4298 τρείαν
667 4231 1026 4300 μελανότητος
1057 4231 1400 4302 ἀπηλλάγης,
1433 4234 1525 4284 καὶ
1551 4235 1662 4295 τοῖς
1697 4230 2018 4294 ἀποστόλοις

451 4324 568 4373 κατ’
601 4323 798 4392 ἀρετὴν
828 4322 1139 4391 ὡμοιώθης,
1178 4323 1270 4376 καὶ
1297 4324 1392 4392 τῆς
1423 4323 1678 4392 ἀληθείας
1711 4321 1850 4375 κατὰ
1879 4321 2020 4390 γνῶ-

455 4430 536 4465 σιν
559 4415 708 4482 ἐρᾷς,
729 4413 824 4483 τὴν
857 4413 954 4482 μὲν
983 4412 1132 4465 Θείαν
1162 4414 1320 4481 φύσιν
1348 4415 1516 4484 αὐτὴν
1542 4417 1639 4484 την
1667 4415 2017 4485 ἀσυγκρίτως

2118 583 2171 635 in
2205 581 2522 637 cohibendi—s
2553 597 2648 652 per
2689 580 3076 637 abstinentiam
3115 581 3508 650 cupiditatibus
3552 591 3688 637 tem-

2118 681 2431 744 perantem,
2495 683 2550 729 et
2597 675 2652 728 in
2705 673 2989 729 iracundia
3034 688 3130 744 per
3155 673 3469 743 patientiam
3499 674 3687 728 mode-

2116 765 2284 819 randa
2324 763 2519 820 fortem
2568 779 2631 819 ac
2672 775 2950 821 strenuam
2982 764 3210 835 praebes.
3257 762 3466 819 Collum
3497 765 3684 820 itidem

2114 853 2387 918 pulchrum
2417 853 2665 909 eﬂ'eclum
2705 862 2804 919 est,
2852 855 2992 909 sicut
3018 854 3260 907 nronilia.
3311 853 3497 923 Neque
3537 855 3683 908 enim

2117 945 2212 997 tibi
2243 944 2475 999 rei-reum
2503 955 2588 1000 est
2617 945 2840 1009 collum,
2868 955 2928 1000 ut
2957 955 3179 1016 propter
3207 945 3520 1015 superbiam
3542 942 3687 1000 ﬂecti

2117 1047 2352 1106 nequeat
2378 1055 2390 1089 :
2425 1038 2518 1092 scd
2549 1046 2769 1108 prepter
2798 1037 3119 1093 modestiam
3149 1037 3306 1093 facile
3331 1038 3467 1092 verti
3491 1038 3684 1108 possit,

2116 1141 2176 1186 ut
2207 1131 2427 1185 monilia
2472 1147 2535 1186 ex
2583 1147 2715 1185 auro
2762 1131 3038 1185 elaborata
3074 1151 3085 1185 ;
3125 1132 3281 1200 cujus
3316 1130 3534 1201 quidem
3565 1131 3685 1184 auri

2118 1223 2443 1292 probitatem
2480 1236 2542 1275 ac
2576 1223 2862 1291 puritatem
2907 1221 3187 1276 humilitas
3220 1234 3309 1275 tua
3337 1223 3687 1292 simplicitate

2116 1326 2222 1365 non
2252 1311 2374 1366 ﬁcta
2405 1312 2666 1368 imitatur.
2708 1313 2862 1378 Quod
2908 1315 2951 1368 si
2991 1313 3213 1366 minime
3239 1313 3545 1368 simulatam
3583 1313 3688 1367 hn-

2117 1405 2398 1458 militatem
2435 1406 2637 1459 monile
2677 1406 2967 1475 signiﬁcat,
3003 1415 3060 1460 ut
3089 1406 3292 1460 dictum
3325 1416 3430 1472 est,
3473 1422 3689 1476 sponsae

2114 1495 2314 1551 Christi
2351 1497 2547 1550 collum
2583 1505 2841 1566 tanquam
2880 1499 3100 1550 monilia
3132 1498 3595 1562 connuendatum,
3637 1509 3692 1552 et

2114 1589 2378 1643 Virtutum
2428 1589 2634 1643 indicat
2687 1588 3115 1653 multitudinem,
3168 1599 3222 1643 et
3267 1589 3586 1658 implicitum
3635 1591 3688 1643 in

2113 1677 2342 1744 singulis
2412 1677 2708 1732 virtutibus
2770 1677 3128 1730 humilitatem
3219 1676 3686 1742 Quemadmodum

2115 1768 2258 1821 enim
2293 1767 2489 1822 monile
2513 1777 2661 1822 recta
2691 1768 2858 1839 ﬁgura
2885 1768 3036 1842 prius
3065 1767 3133 1822 ab
3163 1769 3371 1823 artifice
3400 1768 3686 1830 conﬂatur,

2040 1841 2084 1900 Β
2114 1859 2308 1913 deinde
2338 1860 2388 1912 in
2421 1859 2687 1912 circuhnn
2714 1860 3117 1914 accommodate
3146 1859 3213 1912 ad
3261 1875 3420 1914 usum
3455 1859 3698 1922 circum-_

2111 1949 2344 2004 ﬂectitur
2383 1965 2394 2000 :
2431 1952 2510 2005 sic
2542 1952 2701 2005 homo
2739 1951 2937 2004 virtute
2964 1950 3258 2020 perfectus,
3281 1967 3407 2007 cum
3436 1953 3686 2008 absoluta

2112 2043 2232 2096 vitae
2263 2043 2639 2098 moderatione
2683 2051 2863 2098 rectus
2903 2044 2997 2108 sit,
3048 2045 3262 2100 caeteris
3305 2045 3688 2114 compatiendo

2111 2149 2206 2200 per
2225 2133 2581 2188 humilitatem
2601 2132 2832 2187 ﬂectitur
2855 2143 3017 2204 atque
3038 2133 3363 2190 demittitur.
3390 2134 3458 2188 At
3480 2136 3682 2191 collum

2110 2227 2412 2281 humilitate
2442 2228 2862 2292 circumdatum,
2914 2236 2998 2284 est
3041 2230 3208 2284 animi
3247 2230 3386 2285 ratio
3429 2245 3569 2299 quae,
3627 2238 3684 2284 ut

2110 2317 2305 2370 collum
2355 2316 2564 2386 reliquo
2610 2317 2823 2384 corpori
2870 2326 3034 2386 caput
3078 2317 3380 2387 coniungit,
3440 2319 3520 2372 sic
3568 2320 3686 2388 ipsa

2111 2417 2344 2461 mentem
2373 2421 2496 2460 cum
2519 2408 2771 2463 sensibus
2801 2410 3078 2464 connectit
3109 2428 3122 2462 :
3154 2410 3283 2464 dum
3313 2425 3380 2465 ex
3411 2411 3678 2466 virtutum

2111 2497 2294 2552 habitu
2326 2505 2557 2552 mentem
2590 2513 2686 2568 per
2711 2499 2953 2555 actiones
2983 2500 3240 2556 sensibus
3267 2501 3542 2571 applicat:
3568 2517 3690 2557 seu-

2111 2604 2312 2657 susque
2346 2604 2562 2643 rursum
2594 2605 2658 2643 ex
2687 2589 2953 2643 virtutum
2998 2591 3317 2660 praescripto
3346 2590 3414 2644 ad
3445 2602 3684 2645 mentem

2112 2680 2340 2734 reducit.
2386 2679 2644 2734 Flectitur
2686 2680 2812 2734 item
2848 2695 2944 2749 per
2990 2681 3371 2748 humilitatem,
3415 2682 3543 2736 dum
3575 2698 3685 2737 non

2110 2787 2172 2824 ex
2218 2771 2435 2840 propria
2458 2771 2734 2824 extollitur
2759 2772 3061 2841 dignitate:
3107 2773 3201 2828 sed
3227 2789 3294 2828 ex
3336 2774 3575 2844 pulveris
3620 2789 3684 2827 ac

2111 2867 2350 2920 materiae
2377 2861 2679 2933 iijl.'Cli0Ile
2729 2862 3050 2918 demittitur.
3105 2861 3200 2919 His
3243 2865 3548 2920 rationibus
3585 2863 3687 2919 Ec-

2109 2960 2328 3013 clesiam
2359 2975 2424 3013 ex
2445 2958 2696 3027 gentibus
2719 2968 2960 3012 coactam
2986 2974 3082 3028 per
3108 2959 3267 3014 ﬁdem
3291 2961 3343 3014 in
3371 2976 3429 3016 se
3450 2976 3686 3032 sponsus

2113 3051 2282 3120 ipsius
2312 3051 2582 3115 Christus,
2630 3053 2998 3119 apostolorum
3044 3052 3209 3108 coetui
3241 3068 3304 3107 ex
3341 3052 3507 3108 Israel
3551 3055 3688 3109 assi-

2111 3142 2316 3195 milavit
2353 3157 2364 3193 :
2397 3141 2661 3211 triplicem
2697 3142 2865 3197 animi
2907 3154 3115 3212 partem
3157 3161 3251 3214 per
3289 3144 3682 3200 continenti.un

2111 3239 2163 3286 et
2192 3232 2503 3300 patientiam
2532 3241 2586 3287 et
2614 3233 3000 3298 humilitatem,
3041 3251 3105 3290 ex
3136 3246 3279 3291 statu
3316 3246 3525 3292 natura:
3554 3252 3689 3293 con-

2115 3323 2286 3376 trario
2317 3323 2383 3377 ad
2411 3323 2656 3380 habitum
2682 3333 2890 3379 natura:
2913 3335 3301 3396 congruentem
3327 3328 3600 3397 redigens,
3633 3337 3688 3384 et

2113 3414 2444 3483 nigredinem
2467 3415 2639 3483 ipsius
2662 3417 2890 3470 abluens
2905 3425 3243 3471 contractam
3261 3434 3324 3472 ex
3349 3418 3684 3476 inﬁdelitate.

2664 3575 2844 3630 Trium
2895 3576 3138 3630 Patrum.

2189 3669 2363 3722 Amici
2399 3676 2577 3722 autem
2605 3668 2942 3738 sponsi(siut
2963 3675 3146 3722 autem
3184 3667 3236 3720 hi
3265 3666 3486 3720 omnino
3510 3667 3687 3721 sancti

2117 3760 2313 3828 angeli,
2353 3761 2547 3830 quippe
2579 3761 2674 3830 qui
2718 3761 3082 3814 sanctissima;
3117 3759 3266 3814 illius
3309 3759 3690 3829 obtemperant

2117 3852 2404 3920 voluntati)
2456 3867 2517 3907 ea
2585 3867 2704 3922 quae
2777 3862 3104 3922 sequuntur,
3161 3865 3374 3921 sponsae
3424 3851 3690 3920 pollicen-

2119 3953 2245 3999 tur:
2279 3944 2665 4001 Similitudines
2683 3946 2800 3997 auri
2831 3945 3085 4012 faciemus
3118 3943 3211 3997 tibi
3240 3960 3358 3997 cum
3389 3942 3690 3996 distinctio-

2118 4037 2268 4090 nibus
2296 4037 2520 4105 argenti,
2585 4052 2851 4106 quousque
2886 4049 2978 4089 rea:
3008 4037 3060 4089 in
3103 4034 3346 4088 accubitu
3376 4035 3536 4104 fuerit
3571 4051 3688 4091 suo.

2118 4125 2284 4192 Quasi
2337 4127 2521 4181 dicant
2556 4145 2568 4181 :
2628 4130 2887 4196 quoniam
2936 4143 2964 4182 a
3001 4128 3282 4199 nigredine
3321 4141 3389 4182 ex
3423 4128 3689 4183 idoioruni

2120 4218 2271 4272 cultu
2304 4228 2584 4272 contracta
2652 4219 2881 4274 liberata
2915 4233 2994 4283 es,
3025 4230 3079 4274 et
3105 4218 3368 4289 apostolis
3397 4233 3494 4288 per
3518 4218 3692 4273 virtu-

2122 4317 2228 4362 tem
2269 4309 2464 4365 similis
2499 4310 2727 4374 reddita,
2768 4320 2822 4366 et
2868 4310 3256 4381 cognoscendae
3283 4311 3530 4366 veritatis
3569 4319 3691 4366 stu-

2122 4402 2317 4457 diosa:
2384 4417 2482 4457 nos
2542 4413 2789 4456 naturam
2846 4404 3068 4472 quidem
3130 4402 3393 4467 divinam,
3440 4417 3583 4472 qua,
3632 4411 3692 4455 ut

452 4504 631 4572 πασης
669 4505 880 4567 φύσεως
925 4503 1318 4574 ὑπερέχουσαν,
1369 4504 1622 4576 καθάπερ
1661 4504 1768 4556 τῶν
1812 4504 2013 4557 λοιπῶν
2040 4520 2094 4580 D
2122 4508 2199 4547 8W

1941 4504 2013 4557 ὧν
2040 4520 2094 4580 D
2122 4508 2312 4547 aurum
2339 4495 2444 4548 alia
2474 4511 2598 4549 cum
2644 4497 2871 4550 materia
2905 4495 3079 4561 nulla,
3117 4495 3198 4550 sic
3230 4495 3345 4565 ipsa
3379 4496 3540 4550 nullis
3566 4508 3688 4549 cum

453 4594 590 4644 ἑλῶν
645 4596 673 4645 ὀ
722 4593 952 4662 χρυσὸς,
1021 4592 1370 4662 παραστῆσαι
1423 4610 1504 4645 σοι
1575 4594 1634 4644 οὐ
1691 4593 2008 4662 δυνάμεθα·

449 4686 675 4746 ἀθέατος
701 4685 805 4753 γάρ
830 4687 946 4736 ἐστι
980 4687 1110 4736 πᾶσι
1135 4686 1227 4736 καὶ
1253 4685 1657 4754 ἀκατάληπτος.
1691 4685 2012 4753 Είκασματα

448 4775 503 4827 δέ
544 4791 666 4827 τινα
705 4775 905 4845 ταύτης
935 4776 1000 4828 ἐκ
1041 4775 1138 4845 τῆς
1176 4775 1284 4827 τῶν
1323 4775 1490 4828 ὄντων
1521 4775 1783 4846 θεωρίας,
1815 4776 2014 4847 δηλαδὴ

451 4866 574 4928 τοὺς
605 4865 761 4936 δίκην
791 4867 1099 4936 στιγμάτων
1123 4867 1386 4937 ἀργυρίου
1413 4867 1699 4936 τηλαυγεῑς
1727 4870 1820 4921 καὶ
1850 4884 2016 4937 μεμε-

457 4960 742 5027 ρισμένους
779 4961 835 5011 ἐν
867 4959 942 5028 τῷ
973 4961 1135 5012 παντὶ
1165 4959 1378 5027 λόγους,
1405 4959 1758 5030 ὑποδείξομέν
1793 4978 1895 5025 σοι,
1915 4962 2017 5023 ἕως

452 5047 512 5103 οὗ
546 5052 572 5102 ὁ
598 5051 704 5103 τῶν
736 5052 872 5104 ὅλων
895 5052 1170 5120 Δεσπότης
1199 5053 1336 5122 αὕτη
1363 5054 1396 5122 ἡ
1428 5051 1684 5120 ἀλήθεια,
1722 5053 1780 5104 ἐν
1815 5054 2020 5105 ἐπανα-

457 5140 655 5194 παύσει
683 5140 846 5192 αὑτοῦ
884 5145 950 5211 τῇ
982 5144 1037 5194 ἐν
1074 5145 1173 5205 σοὶ,
1211 5145 1408 5195 οἰκεῖον
1443 5145 1833 5212 ἐκσφράγισμα
1861 5161 2022 5196 σεαυ-

453 5233 552 5302 τὴν
577 5234 857 5303 ἀποδείξῃ,
881 5235 1177 5287 κάντεῦθεν
1205 5234 1343 5304 γνῷς
1377 5236 1575 5304 ἑαυτὴν
1601 5235 1698 5304 μὲν
1721 5237 1901 5289 εἰκόνα
1927 5238 2023 5288 αὐ·

453 5326 545 5378 τοῦ
574 5327 669 5378 καὶ
697 5327 970 5397 ὁμοίωμα,
1008 5327 1168 5380 αὑτὸν
1197 5327 1252 5378 δὲ
1285 5329 1342 5378 ἐν
1390 5328 1470 5379 σοὶ
1504 5327 1858 5396 ποιμαίνοντα
1881 5371 1895 5391 ,
1928 5330 2021 5381 καὶ

456 5419 643 5485 ὥσπερ
675 5420 778 5470 τινὶ
810 5418 1060 5488 σφραγῖδι
1094 5420 1148 5470 ἐν
1180 5419 1256 5488 τῷ
1298 5419 1408 5490 ἰδίῳ
1445 5418 1805 5488 ἐκτυπώματι
1839 5437 2022 5473 κοιτα·

457 5505 702 5576 ξάμενον.

1119 5691 1376 5745 Teum".

519 5780 589 5831 0i
629 5780 813 5850 μέντοι
850 5784 996 5854 φίλοι
1032 5785 1319 5856 βλέτ.οντ;ς
1355 5784 1556 5838 τούτων
1594 5783 1687 5850 τὰς
1718 5785 1954 5854 ὁμιλίας,

2120 4586 2242 4641 aliis
2266 4587 2474 4643 naturis
2511 4588 2815 4657 comparari
2849 4595 3047 4658 potest,
3069 4587 3282 4642 tradere
3308 4587 3531 4642 minime
3552 4587 3692 4642 vale-

2125 4695 2243 4734 mus
2270 4697 2282 4733 :
2321 4693 2443 4733 cum
2478 4695 2539 4734 ea
2572 4695 2674 4734 nec
2700 4681 2875 4734 oculis
2902 4679 3074 4744 cerni,
3098 4693 3199 4734 nec
3233 4685 3414 4733 mente
3445 4691 3694 4748 compre-

2122 4773 2284 4828 hendi
2337 4782 2537 4843 queat:
2574 4773 2869 4828 simulacra
2903 4779 3084 4827 tamen
3136 4771 3309 4842 ipsius
3338 4770 3582 4841 quaedam
3623 4783 3690 4824 ex

2123 4881 2304 4919 rerum
2375 4865 2706 4919 naturalium
2778 4875 2998 4934 aspectu
3059 4873 3112 4919 et
3179 4861 3690 4932 contemplatione,

2122 4965 2346 5024 argento
2405 4956 2559 5026 quasi
2610 4949 2868 5010 distincta
2909 4971 2971 5010 ac
3017 4956 3370 5012 vermiculata
3427 4953 3692 5008 faciemus

2121 5047 2237 5111 tibi,
2269 5062 2458 5101 eorum
2489 5064 2612 5118 qua:
2643 5049 2693 5102 in
2719 5048 2920 5103 mundo
2944 5056 3091 5110 sunt,
3127 5048 3363 5102 rationes
3398 5045 3692 5101 Ostenden-
3768 5068 3774 5075 ·

2121 5147 2226 5202 tes,
2261 5141 2443 5209 quoad
2479 5155 2660 5194 rerum
2707 5141 2948 5194 omnium
2979 5138 3268 5204 Dominus,
3307 5138 3398 5205 qui
3447 5144 3533 5193 est
3575 5137 3692 5206 ipsa

2123 5230 2348 5295 veritas,
2384 5232 2438 5286 in
2469 5242 2518 5286 te
2550 5232 2713 5286 veluti
2746 5232 2797 5283 in
2831 5230 3086 5285 accubitu
3119 5237 3174 5286 et
3205 5230 3395 5300 requie
3420 5244 3518 5285 sua
3555 5243 3691 5282 con-

2124 5323 2436 5392 quiescens,
2471 5323 2742 5393 propriam
2777 5321 3193 5377 similitudinem
3240 5335 3394 5374 suam
3435 5330 3486 5376 te
3515 5320 3692 5388 ipsam

2122 5415 2397 5478 ostendat,
2449 5423 2506 5467 ut
2561 5423 2791 5468 tutemet
2836 5415 3010 5484 ipsius
3063 5415 3350 5484 imaginem
3402 5428 3692 5484 agnoscas,

2119 5522 2354 5576 eumque
2387 5509 2441 5561 in
2495 5516 2544 5562 te
2584 5515 2890 5577 pascentem
2942 5519 2995 5561 et
3045 5515 3304 5577 tanquam
3345 5508 3584 5578 sigillum
3639 5507 3694 5559 in

2125 5600 2346 5671 proprio
2384 5599 2540 5669 signo
2564 5613 2884 5668 expressum
2918 5599 3288 5654 recubantem.

2811 5690 2990 5743 Pselli.

2205 5785 2380 5841 Amici
2413 5784 2578 5856 igitur
2606 5784 2815 5854 sponsi,
2856 5797 2921 5840 ex
2965 5784 3031 5840 iis
3062 5799 3183 5855 quae
3209 5784 3354 5839 dicta
3383 5789 3536 5863 sunt,
3576 5787 3690 5835 tum
