4424 6446
415 402 515 465 561

1404 400 1785 462 COMMENT.
1823 402 1900 460 ΙΝ
1941 400 2330 464 CANTICUM
2370 402 2664 464 CANTIC.

3548 400 3651 463 56?.

416 514 625 573 ’Ἄλλως
641 529 697 564 τε
714 510 769 564 δὲ
801 511 895 564 καὶ
911 511 1313 581 ὁπροσκληθεὶς
1334 512 1603 581 Χριστδιςὸ
1623 512 1718 566 καὶ
1739 513 1989 582 νυμφίος,
2020 512 2069 570 Α
2095 530 2160 566 νο

1912 530 1989 576 ος,
2020 512 2339 576 Avocatus,
2392 515 2492 569 hoc
2545 523 2743 568 unctus
2783 521 2866 567 est
2922 520 3197 584 unguento
3241 526 3271 566 a
3332 515 3656 582 peccatrice.

414 605 506 661 Et;
531 604 744 655 δεῖπνον
774 603 1017 669 Σίμωνος
1052 602 1256 672 λεπροῦ
1285 606 1811 673 καταπεπονημένου
1833 646 1846 669 ,

412 692 583 747 τοῦτο
610 693 670 746 τὸ
700 692 869 763 μύρον
896 694 1149 765 ἧλειπται
1177 694 1328 762 παρὰ
1355 695 1453 762 τῆς
1484 696 1813 766 μοιχαλίδος.

430 784 489 838 Ὀ
521 784 676 853 λόγος
706 786 887 839 τοίνυν
923 786 1195 855 μέμνηται
1228 787 1320 839 τοῦ
1353 788 1546 858 νάρδου
1581 788 1987 858 προσηκόντως.

944 878 1065 932 Τῶν
1097 876 1144 945 γ’
1173 878 1467 946 Πατέρων.

503 968 786 1021 Ἐντεῦθεν
815 967 906 1021 οὖν
937 972 970 1040 ἡ
998 970 1184 1037 νύμφη
1213 973 1322 1032 τοῖς
1348 972 1456 1022 τῶν
1487 972 1695 1041 ἀρετῶν
1719 973 1995 1041 διαφόροις

423 1061 572 1113 κατὰ
607 1060 806 1131 πρᾶξιν
846 1062 943 1127 μὲν
975 1062 1196 1131 τρόποις
1218 1102 1231 1123 ,
1275 1064 1413 1114 κατὰ
1451 1062 1684 1132 Θεωρίαν
1717 1064 1772 1116 δὲ
1818 1066 1994 1130 λόγοις

421 1154 777 1221 καθαρθεῖσα,
829 1150 947 1205 εἶτα
990 1156 1067 1216 εἰς
1121 1154 1434 1220 τελειότητα
1480 1156 1804 1225 ἐναγομένη,
1863 1158 1996 1224 πρός

423 1247 548 1307 τοὺς
590 1246 656 1298 τὰ
692 1246 1066 1315 προειρημένα
1113 1247 1249 1314 πρὸς
1283 1247 1454 1317 αὐτὴν
1495 1248 1775 1315 φήσαντας
1812 1248 1994 1315 φίλους

422 1337 515 1387 τοῦ
552 1338 808 1403 νυμφίου,
839 1337 1241 1406 ἀποκρινομένη
1277 1339 1428 1406 φησί·
1457 1337 1687 1405 Νὰρὸος
1715 1357 1833 1407 μου
1862 1341 2000 1393 ἑδω-

424 1444 532 1481 κεν
560 1427 760 1496 ὀσμὴν
780 1428 988 1481 αὐτοῦ·
1024 1429 1211 1496 ⁴ἤγουν,
1258 1429 1319 1485 Ἡ
1348 1430 1410 1481 ἐκ
1436 1430 1544 1482 τῶν
1566 1429 1834 1501 διαφόρων
1860 1432 2000 1485 κατὰ

427 1516 626 1586 πρᾶξιν
656 1520 872 1584 τρόπων
910 1520 1004 1571 καὶ
1036 1520 1179 1573 κατὰ
1214 1521 1446 1589 θεωρίαν
1479 1522 1674 1589 λόγων,
1715 1522 1869 1593 δίκην
1903 1524 2001 1592 τῆς

426 1604 490 1654 ἐκ
524 1602 793 1672 διαφόρων
836 1606 1146 1673 ἀρωμάτων
1192 1609 1559 1677 συγκειμένης
1594 1610 1822 1679 νάρδου,
1869 1627 2003 1680 κρα-

426 1693 653 1759 τηθεῖσα
700 1710 790 1761 μοι
825 1693 1145 1765 ἑμπρακτος
1187 1696 1407 1764 γνῶσις,
1451 1698 1726 1768 παρέσχεν
1768 1700 2002 1769 ἔμφασιν

429 1782 625 1847 αὑτοῦ,
663 1783 757 1836 τοῦ
797 1788 918 1838 κατ’
960 1787 1147 1840 οὐσίαν
1181 1788 1481 1859 ἀπροσίτου
1522 1791 1779 1859 νυμφίου,
1815 1786 1875 1846 οὗ
1910 1793 1999 1845 τὸν

2096 605 2287 660 Merito
2325 606 2490 676 igitur
2526 605 2681 661 nardi
2718 605 2924 661 mentio
2954 606 3096 660 facta
3133 613 3239 661 est.

2643 876 2824 930 Trium
2875 876 3117 932 Patrum.

2167 972 2376 1041 Sponsa
2408 970 2688 1039 deinceps.
2712 970 2880 1024 variis
2900 973 3162 1024 virtutum
3187 983 3308 1021 cum
3343 969 3396 1019 in
3428 966 3663 1035 agemlo,

2098 1073 2211 1117 tum
2256 1063 2311 1115 in
2360 1061 2775 1129 contemplando
2814 1062 3050 1130 expolita
3091 1061 3311 1117 dotibus
3344 1070 3505 1128 atque
3552 1060 3673 1112 illu-

2101 1161 2300 1217 strata,
2320 1162 2373 1207 et
2396 1152 2460 1206 ad
2490 1153 2877 1223 perfectionem
2905 1154 3280 1222 progrediens.
3302 1160 3356 1208 ct
3381 1151 3446 1205 ad
3471 1165 3533 1205 ea
3551 1165 3673 1219 qua:

2098 1245 2200 1300 sibi
2239 1246 2305 1299 ab
2360 1244 2553 1298 amicis
2596 1245 2781 1313 sponsi
2833 1245 2977 1299 dicta
3034 1242 3267 1307 fueram,
3325 1241 3665 1311 respondet:

2101 1334 2343 1397 Nardus,
2388 1335 2665 1405 inquiens,
2709 1352 2823 1389 mea
2860 1334 3005 1389 dedit
3046 1334 3361 1388 suavitatem
3418 1335 3577 1400 ejus:
3623 1332 3673 1385 id

2099 1437 2201 1487 cst.
2222 1428 2410 1482 eilicax
2429 1444 2495 1482 ex
2517 1428 2750 1482 diversis
2772 1428 2965 1497 agendi
2997 1425 3426 1496 speculandique
3453 1425 3677 1479 rationi-

2102 1519 2201 1572 bus
2253 1517 2494 1585 cognitio
2552 1517 2887 1586 conquisita,
2956 1517 3129 1572 instar
3183 1516 3340 1570 nardi
3397 1514 3676 1570 ex>variis

2102 1608 2434 1663 aromatibus
2468 1608 2700 1661 conditae
2727 1607 2956 1676 praebuit
2989 1609 3263 1676 specimen
3298 1605 3416 1675 eius
3445 1622 3461 1671 ;
3494 1604 3680 1673 sponsi

2104 1698 2382 1761 nimirum,
2406 1711 2501 1766 per
2534 1705 2784 1751 naturam
2816 1698 3106 1761 inaccessi,
3136 1697 3293 1765 cujus
3308 1710 3408 1765 ego
3441 1695 3679 1766 speciem

2105 1802 2167 1841 ac
2207 1796 2386 1841 notam
2419 1803 2567 1856 gero,
2601 1795 2659 1841 ut
2683 1788 3052 1857 imagoipsius
3087 1803 3149 1842 ac
3177 1786 3503 1842 similitudo.
3544 1784 3679 1840 Cum

430 1878 755 1947 χαρακτῆρα
802 1879 986 1947 φέρω,
1022 1880 1097 1941 ὡς
1143 1882 1305 1933 είκὼν
1356 1883 1518 1935 αὑτοῦ
1572 1886 1668 1935 καὶ
1724 1886 1994 1954 ὁμοίωμα.
2036 1855 2075 1910 Β
2104 1894 2170 1931 Cll

1937 1904 1994 1939 α,
2036 1855 2250 1931 Benim
2308 1879 2490 1932 mistio
2539 1878 2783 1947 qumdam
2842 1879 2912 1933 sit
2960 1894 3149 1933 eorum
3202 1894 3319 1946 quae
3375 1878 3427 1931 in
3478 1876 3684 1930 mundo

429 1967 625 2035 Μξγμα
652 1967 761 2037 γὰρ
792 1966 932 2033 αὕτη
960 1969 1065 2020 τῶν
1094 1971 1152 2021 ἐν
1176 1970 1253 2039 τῷ
1282 1973 1443 2024 παντὶ
1486 1973 1730 2043 μετοχῶν
1762 1975 1853 2027 τοῦ
1885 1976 2002 2038 ἑνὸς

430 2058 540 2111 τῶν
578 2061 714 2112 ὅλων
750 2061 921 2114 αίτίου
954 2063 1273 2133 ὑπάρχουσα
1298 2082 1311 2096 ο
1342 2065 1415 2128 ὠς
1447 2070 1635 2137 κρᾶμα
1665 2070 1805 2123 κατὰ
1835 2068 1999 2137 φύσιν

432 2149 567 2204 οὖσα
588 2151 784 2219 νοητῆς
809 2153 902 2205 καὶ
927 2154 1191 2225 αἰσθητῆς
1219 2158 1466 2221 κτίσεως,
1496 2164 1587 2212 καὶ
1613 2166 1753 2214 κατὰ
1782 2163 2005 2232 γνώμην

432 2246 558 2305 τοὺς
593 2248 650 2298 ὲν
684 2246 759 2313 τῷ
795 2249 956 2299 παντὶ
990 2247 1183 2316 λόγους
1216 2244 1312 2302 καὶ
1343 2254 1577 2321 τρόπους
1611 2255 1665 2304 ὲν
1710 2256 1875 2324 ἑαυτῇ
1913 2272 2005 2307 κε-

436 2336 669 2405 ράσασα.
707 2339 1016 2392 Κάκθτεῦθεν
1047 2340 1323 2395 ἀποδοῦσα
1354 2342 1430 2411 τῷ
1467 2346 1587 2398 κατ’
1628 2348 1811 2399 εἰκόνα
1863 2348 2006 2414 λόγῳ

434 2429 524 2479 τὸν
550 2429 668 2480 καθ’
693 2431 957 2498 ὁμοίωσιν
984 2432 1183 2502 τρόπον
1205 2472 1218 2496 ,
1250 2435 1307 2486 ὲν
1346 2437 1510 2504 ἑαυτῇ
1536 2437 1722 2489 τοῦτον
1748 2439 2006 2501 δεικνύει,

433 2517 507 2583 ὡς
524 2519 580 2570 ὲν
594 2521 758 2572 εἰκόνι
782 2522 1105 2591 ἀρχέτυπον.
1127 2524 1276 2577 Ἐπεὶ
1296 2526 1364 2591 δ’,
1384 2526 1458 2588 ὡς
1481 2528 1720 2595 εἴρηκεν,
1747 2529 1802 2578 ὲν
1823 2529 2010 2598 αἰσθή-

437 2624 518 2661 σει
561 2609 781 2676 γέγονεν
826 2612 918 2665 τοῦ
964 2615 1219 2681 νυμφίου,
1270 2616 1321 2666 τί
1371 2618 1593 2685 ταύτῃ;
1636 2614 1822 2683 Οὗτός
1857 2622 2007 2686 ἐστι,

439 2702 630 2769 φησιν,
667 2704 1010 2772 ἀπόδεσμος
1041 2707 1308 2771 στακτῆς
1340 2706 1662 2774 ἀδελφιδός
1701 2727 1818 2776 μου
1858 2711 1988 2777 ἐμοί
1996 2754 2006 2764 .

442 2794 620 2858 Ἤτοι,
650 2796 851 2864 Συνοχή
871 2799 1014 2847 ἐστιν
1032 2798 1153 2865 ἐμοὶ
1188 2798 1280 2849 καὶ
1308 2801 1635 2868 συντήρησις
1662 2805 1758 2869 τῆς
1788 2804 2013 2869 μεταδο-

438 2885 597 2954 τικῆς
638 2889 894 2952 σταγόνος
923 2887 1022 2954 τῆς
1070 2888 1216 2951 θείας
1258 2889 1477 2959 χάριτος
1501 2931 1515 2955 ,
1555 2894 1581 2943 ὁ
1615 2894 1755 2945 κατὰ
1788 2894 1883 2962 τὴν
1921 2893 2010 2945 τοῦ

439 2977 736 3047 Συμμάχου
768 2980 1062 3049 ἑρμηνείαν
1090 2981 1372 3047 ἀγαπητός
1405 3000 1528 3051 μου.
1569 2984 1825 3053 Ἐπείπερ
1854 2986 2013 3047 αὐτὸς

440 3068 827 3137 πιστευόμενος
857 3070 925 3121 τὰ
960 3071 1305 3136 πνευματικὰ
1333 3076 1589 3142 συντηρεῖ
1618 3077 1682 3142 τῇ
1722 3074 2014 3146 Ἐκκλησία

440 3158 775 3228 χαρίσματα,
809 3161 903 3212 καὶ
935 3162 1060 3230 ἱστᾷ
1095 3162 1220 3223 τοὺς
1262 3165 1485 3225 πιστοὺς
1526 3166 1620 3216 τοῦ
1655 3166 1727 3233 μὴ
1769 3167 1876 3218 ἀπὸ
1916 3170 2013 3235 τῆς
2040 3200 2083 3255 C

440 3250 697 3319 ἀληθείας
731 3252 1054 3320 τρέπεσθαι.
1086 3250 1218 3303 Εἶτα
1252 3253 1387 3305 ὅπου
1423 3256 1480 3306 ἐν
1510 3257 1647 3324 αὐτῇ
1683 3258 2010 3326 περιπολεύ-

444 3359 539 3403 σας
577 3343 674 3411 τὴν
703 3344 967 3411 ἀτρεῲίαν
1002 3343 1208 3409 ταύτην
1240 3346 1562 3415 χαρίσεται,
1594 3348 1792 3415 φάσκει
1820 3364 1830 3376 ·
1884 3347 2014 3402 Ἀνὰ

438 3433 632 3501 μέσον
661 3432 779 3485 τῶν
814 3432 1062 3499 μαστῶν
1082 3453 1203 3502 μου
1229 3436 1685 3502 αὑλισθήσεται.
1717 3440 1931 3492 Τούτων
1960 3442 2016 3493 δὲ

446 3524 609 3590 μέσον
647 3525 679 3593 ἡ
731 3524 927 3593 καρδία
960 3526 1106 3578 ἐστὶν
1130 3565 1143 3589 ,
1176 3527 1235 3590 ἐξ
1278 3523 1346 3597 ἦς
1389 3528 1465 3594 τῷ
1498 3529 1669 3598 λοιπῷ
1713 3529 1923 3597 σώματι
1958 3532 2017 3583 τὸ

445 3615 674 3679 ζωτικὸν
711 3615 998 3669 διαδίδοται
1051 3618 1268 3687 πνεῦμα
1302 3636 1314 3649 ·
1379 3621 1499 3688 ἦτις
1549 3622 1880 3690 ὑπεμφαίνει
1927 3624 2016 3675 τὸν

445 3707 689 3775 ἡγεμόνα
712 3705 836 3758 νοῦν
862 3722 874 3734 ο
908 3710 964 3758 ὲν
1005 3700 1049 3774 ᾧ
1093 3708 1481 3778 περιπολεύσει
1512 3711 1539 3760 ό
1567 3710 1789 3778 Κύριος,
1826 3713 1953 3764 ὅταν
1984 3714 2014 3784 ἡ

448 3799 631 3867 νύμφη
656 3797 819 3851 αὐτοῦ
846 3799 930 3850 διὰ
955 3800 1264 3870 τελειότητα
1286 3802 1434 3871 αὐτῷ
1461 3801 1781 3871 κολληθεῖσα
1805 3803 2019 3873 πνεῦμα

446 3888 666 3955 γένηται
698 3888 778 3939 ’ἐν’
824 3888 1226 3958 είσοικιξομένη
1274 3891 1371 3957 τὴν
1403 3890 1516 3957 ἕξιν
1545 3895 1645 3961 τῆς
1678 3892 1881 3962 ἀρετῆς
1928 3894 2017 3948 διὰ

447 3978 545 4046 τῆς
568 3977 662 4030 τοῦ
688 3979 952 4047 παναγίου
983 3980 1301 4047 Πνεύματος
1332 3983 1631 4050 ἐνεργείας.
1670 3982 1747 4036 Δι’
1786 3981 1852 4058 ἧς
1884 3988 1920 4055 ἡ
1952 3988 2022 4041 ἐν

448 4067 678 4134 Χριστῷ
717 4067 1087 4135 κεκρυμμένη
1115 4067 1248 4134 ζωὴ,
1288 4071 1365 4129 είς
1393 4070 1571 4132 πάσας
1598 4073 1696 4133 τὰς
1719 4072 1815 4139 τῆς
1845 4073 2019 4143 ψυχῆς

448 4158 708 4223 δυνάμεις
734 4158 809 4220 ὡς
834 4158 1038 4225 ταύτης
1073 4159 1208 4229 μέλη
1236 4160 1552 4214 διοδεύσασα
1575 4203 1588 4226 ,
1630 4164 1893 4233 ἀτρεψίαν
1925 4168 2022 4218 αὑ-

448 4250 565 4309 ταῖς
603 4250 910 4317 ὲμποιήσει.
951 4250 1060 4302 Καὶ
1089 4250 1230 4303 οὕτω
1265 4253 1363 4322 μὲν
1391 4256 1418 4305 ό
1455 4256 1689 4323 νυμφίος
1734 4259 1797 4327 τῇ
1834 4258 2021 4331 νύμφῃ

450 4338 632 4391 ἔσεται
663 4339 773 4391 τῶν
813 4339 992 4392 καλῶν
1024 4342 1255 4411 ἀτρεψία
1282 4385 1296 4408 ,
1330 4345 1457 4396 ὅταν
1497 4346 1679 4399 τελεία
1711 4348 2019 4419 ἀναδειχοῇ.

1106 4456 1366 4509 Ψελλοῦ.

534 4542 675 4594 Ἀλλ’
706 4543 1065 4611 ἀκουσῶμεθα
1101 4545 1285 4596 λοιπὸν
1315 4548 1404 4599 καὶ
1438 4548 1541 4599 τῶν
1571 4549 1695 4618 ἑξῆς
1732 4549 1944 4617 λογίων.

463 4632 527 4684 Ἢ
552 4626 738 4701 νύμφη
766 4636 874 4703 γὰρ
900 4637 1018 4697 ταῖς
1058 4639 1363 4705 προκοπαῖς
1393 4638 1466 4701 ὡς
1504 4640 1685 4703 ἔνθους
1730 4644 2011 4711 γινομένη,

456 4726 574 4777 Ἔτι
611 4725 872 4792 συνείρειν
907 4728 1091 4795 ἀγαπᾷ
1128 4729 1216 4779 τὸν
1249 4729 1405 4795 λόγον
1437 4731 1568 4800 πρὸς
1594 4735 1718 4796 τοὺς
1739 4735 1943 4800 φίλους.

450 4818 586 4887 Φησὶ
636 4816 765 4885 γοῦν
830 4816 954 4871 τάδε
1017 4820 1152 4887 πρὸς
1218 4822 1411 4885 αὐτοὺς
1487 4824 1623 4892 μετὰ
1668 4826 1757 4878 τὸν
1824 4828 2016 4897 νάρδου

1753 4914 1950 4986 [λόγον-

536 4996 902 5065 Ἀπόὸεσμος
971 4998 1235 5064 στακτῆς
1300 5004 1331 5053 ό
1374 5001 1695 5068 ἀδελφιδός
1721 5022 1839 5072 μου
1869 5005 2018 5074 ἐμοὶ,

453 5090 568 5143 ἀνὰ
597 5091 790 5157 μέσον
829 5090 945 5142 τῶν
985 5093 1233 5158 μαστῶν
1263 5111 1381 5160 μου
1425 5096 1882 5163 αὐλισθήσεται.

526 5179 685 5242 Ἐθος
727 5182 896 5245 ἐστὶν,
959 5180 1033 5242 ὡς
1095 5181 1365 5249 λέγουσιν,
1405 5184 1594 5253 κόραις
1627 5188 1745 5249 ταῖς
1794 5186 2016 5255 φιλοκό-

1746 5277 1946 5348 [σμοις,

454 5362 543 5432 Μὴ
574 5362 732 5431 μόνον
763 5362 960 5428 ἔξωθεν
996 5363 1163 5428 αὑτὰς
1192 5364 1391 5434 ἐξόχως
1421 5365 1803 5433 καλλωπίζειν,

463 5451 549 5516 Ὠς
581 5454 947 5522 ὲφελκύσωσιν
981 5456 1159 5509 αὑτῶν
1196 5457 1286 5509 τὸν
1314 5458 1548 5528 ἐραστὴν
1577 5460 1634 5511 ὲν
1664 5462 1838 5530 τάχει,

478 5547 623 5599 Αλλά
644 5548 736 5599 καὶ
768 5546 967 5615 μᾶλλον
996 5548 1197 5601 ἔσωθεν
1223 5548 1402 5601 αὐτῶν
1425 5549 1530 5603 τῶν
1563 5552 1811 5618 ἱματίων,

453 5637 810 5702 Κατασκευὰς
831 5637 1072 5692 τιθέασιν
1102 5640 1210 5693 ἀπὸ
1231 5639 1338 5693 τῶν
1374 5644 1707 5713 μυριπνόων.

520 5796 541 5827 ’
573 5793 778 5851 Coloss.
821 5811 901 5863 Ill,
935 5796 986 5853 ὅ.

2110 1986 2271 2023 uuam
2318 1971 2465 2023 illam
2523 1985 2705 2025 rerum
2759 1971 3004 2023 omnium
3049 1986 3272 2025 causam
3309 1970 3680 2039 participant:

2110 2061 2307 2130 quippe
2344 2076 2464 2131 qum
2487 2077 2553 2116 ex
2586 2060 2915 2130 intelligibili
2939 2069 2994 2114 et
3031 2061 3275 2115 sensibili
3310 2068 3558 2115 creatura
3589 2075 3687 2112 uu-

2110 2155 2361 2207 turaliter
2414 2162 2654 2217 constet,
2711 2155 3053 2222 scientiaque
3107 2153 3349 2208 rationes
3389 2167 3568 2208 rerum
3622 2164 3688 2204 ac

2110 2246 2302 2299 modos
2333 2244 2385 2298 id
2420 2260 2477 2299 se
2508 2244 2900 2314 complectatur
2932 2260 2946 2297 :
2990 2252 3278 2313 propterea
3317 2242 3562 2299 moribus
3608 2239 3687 2296 si-

2113 2337 2473 2391 militudinem
2494 2335 2762 2400 referens,
2792 2350 2912 2389 eum
2944 2334 3000 2389 in
3034 2348 3092 2389 se
3124 2343 3381 2402 tanquam
3407 2334 3462 2386 in
3494 2330 3688 2401 imagi-

2112 2446 2178 2483 ne
2215 2428 2496 2497 exemplar
2534 2434 2906 2496 repraesentat.
2942 2425 3169 2491 Verum,
3220 2424 3347 2495 quia
3386 2438 3576 2487 sensu,
3630 2431 3690 2476 ut

2113 2521 2271 2581 dixit,
2307 2534 2570 2589 sponsum
2603 2518 2846 2588 agnovit,
2881 2516 3013 2587 quid
3049 2518 3167 2587 ipso
3198 2532 3363 2572 sensu
3397 2516 3489 2581 sit,
3511 2514 3691 2584 expli-

2112 2623 2222 2676 cat,
2252 2613 2440 2667 dicens
2472 2629 2484 2664 :
2534 2608 2845 2663 Fasciculus
2884 2610 3113 2679 myrrha:
3143 2625 3300 2677 nepos
3342 2623 3488 2663 meus
3536 2606 3689 2661 mihi.

2113 2705 2297 2758 Nerius
2326 2713 2409 2757 est
2432 2714 2491 2777 et
2525 2702 2869 2757 conservatio
2906 2700 3063 2755 stillae
3110 2700 3306 2754 divinat
3338 2698 3528 2768 gratia
3556 2710 3693 2766 .quie

2116 2797 2247 2849 mihi
2279 2793 2681 2849 communicata
2715 2800 2817 2858 est,
2855 2791 3087 2846 dilectus
3118 2806 3307 2846 meus:
3352 2802 3412 2844 ut
3437 2789 3691 2860 Symma-

2115 2889 2252 2963 chus
2288 2888 2705 2956 interpretatur.
2725 2883 2827 2938 Per
2862 2883 3018 2937 ﬁdem
3053 2882 3196 2937 enim
3229 2891 3505 2951 acceptus,
3538 2880 3695 2950 spiri-

2118 2983 2246 3035 talia
2304 2989 2488 3035 tuetur
2527 2982 2712 3048 fatque
2770 2984 3058 3033 conservat
3119 2974 3379 3029 Ecclesiae
3442 2986 3691 3034 munera,

2118 3072 2412 3141 ﬁdelesque
2476 3069 2764 3125 conﬁrmat
2816 3078 2870 3123 et
2903 3066 3242 3128 corroborat,
3289 3079 3356 3119 ne
3392 3079 3421 3117 a
3463 3064 3694 3119 veritate

2115 3162 2440 3217 desciscant.
2508 3161 2669 3223 Tum,
2708 3158 2800 3213 ubi
2858 3173 3092 3229 sponsus
3153 3157 3206 3209 in
3272 3154 3387 3226 ipsa
3440 3168 3694 3213 manens.

2118 3254 2480 3310 constantiam
2542 3254 2683 3307 hanc
2726 3252 3013 3321 largiatur,
3081 3248 3323 3318 exponit,
3374 3249 3443 3300 In
3499 3246 3697 3306 medio,

2118 3347 2396 3414 inquiens,
2434 3345 2654 3399 uberum
2694 3359 2928 3398 meorum
2961 3340 3398 3395 commorabitur.
3450 3336 3693 3393 Uberum

2119 3439 2356 3493 medium
2392 3438 2602 3491 obtinet
2635 3452 2751 3501 cor,
2796 3435 2940 3490 unde
2977 3433 3159 3488 vitalis
3194 3432 3420 3502 spiritus
3472 3432 3526 3484 in
3565 3431 3696 3485 reli-

2121 3544 2287 3598 quum
2320 3543 2524 3597 corpus
2562 3526 2912 3582 diil‘unditur.
2940 3526 3298 3580 Prmstantem
3331 3538 3461 3577 vero
3500 3523 3697 3576 animae

2119 3630 2324 3690 partem
2379 3628 2613 3673 mentem
2655 3619 2854 3682 innuit,
2896 3620 2949 3673 in
2998 3632 3106 3687 qua
3148 3616 3413 3671 Dominus
3462 3614 3693 3677 habitat,

2120 3728 2243 3767 cum
2299 3713 2417 3782 ejus
2466 3728 2667 3783 sponsa
2718 3712 3055 3782 perfectione
3090 3710 3194 3765 sibi
3230 3710 3505 3779 copulata,
3553 3724 3697 3763 unus

2122 3806 2348 3875 Spiritus
2386 3804 2637 3870 eilicitur,
2688 3803 2907 3858 virtutis
2952 3800 3198 3855 habitum
3250 3798 3558 3867 adipiscens
3603 3813 3697 3865 per

2127 3900 2300 3953 sancti
2345 3897 2584 3967 Spiritus
2623 3897 3020 3967 operationem,
3059 3894 3204 3949 unde
3237 3894 3346 3946 vita
3392 3894 3446 3945 in
3487 3888 3696 3945 Chris'o

2124 3991 2477 4046 abscondita’
2516 3992 2570 4043 in
2608 4005 2798 4044 omnes
2843 3990 3037 4042 animm
3091 3986 3393 4056 potentias,
3430 3991 3691 4052 tanquam

2125 4084 2178 4138 in
2210 4083 2369 4153 hujus
2400 4081 2661 4148 membra,
2682 4081 2932 4141 inﬂuens,
2955 4078 3199 4132 stabilem
3225 4076 3361 4145 ipsis
3385 4074 3694 4128 ﬁrmitatem

2124 4190 2185 4229 ac
2212 4175 2652 4229 roburinstillat.
2694 4175 2867 4239 Atque
2926 4171 2998 4221 ita
3043 4182 3279 4237 sponsus
3320 4168 3423 4222 erit
3457 4180 3693 4235 spOusae,

2124 4280 2247 4319 cum
2280 4266 2346 4318 ad
2379 4263 2769 4333 perfectionem
2823 4260 3056 4323 venerit,
3099 4261 3367 4315 virtutum
3420 4257 3699 4313 immobile

2126 4356 2549 4410 ﬁrmamentum.

2812 4464 2996 4519 Pselli.

2046 4527 2098 4586 θ
2200 4557 2304 4613 Sed
2335 4559 2445 4628 jam
2476 4566 2530 4612 ct
2550 4573 2612 4611 ea
2647 4572 2766 4626 quae
2797 4558 2993 4612 deinde
3026 4561 3354 4624 sequuntur,
3379 4552 3688 4608 audiamus.

2130 4648 2338 4715 Sponsa
2389 4649 2532 4701 enim
2595 4662 2884 4717 progressu
2937 4644 3092 4715 quasi
3144 4642 3323 4695 alilatu
3388 4641 3695 4698 institutum

2127 4756 2251 4794 cum
2278 4741 2464 4794 amicis
2490 4753 2797 4793 sermonem
2817 4735 3062 4791 studiose
3093 4732 3458 4804 persequitur,
3487 4741 3540 4786 et
3571 4738 3696 4801 post

2128 4832 2279 4886 nardi
2324 4831 2673 4896 mentionem,
2704 4830 2781 4883 sic
2811 4829 2885 4882 ait
2917 4848 2927 4881 :

2197 5004 2506 5058 Fasciculus
2539 5012 2729 5057 stactes
2760 5003 2901 5071 ﬁlius
2925 5001 3124 5055 sororis
3160 5017 3287 5057 mea:
3328 5001 3475 5063 mihi,
3509 5001 3563 5054 in
3593 5016 3697 5055 me-

2124 5100 2209 5150 dio
2240 5098 2452 5150 uberum
2495 5111 2729 5148 meorum
2758 5093 3191 5147 commorabitur.

2198 5190 2536 5258 Elegantium
2570 5189 2839 5255 virginum
2868 5202 2983 5239 mos
3010 5194 3093 5239 est
3117 5225 3133 5247 .
3166 5193 3225 5238 ut
3260 5199 3367 5238 non
3396 5184 3570 5239 solum
3597 5198 3695 5238 ex-

2128 5282 2308 5335 teriori
2341 5290 2535 5333 ornatu
2577 5295 2636 5334 se
2677 5280 2954 5341 decorent,
2988 5292 3097 5345 quo
3137 5276 3389 5330 celeriter
3421 5282 3693 5330 amatores

2131 5388 2259 5429 suos
2291 5374 2551 5436 alliciant,
2591 5388 2776 5426 verum
2826 5371 2989 5425 etiam
3034 5368 3220 5422 suavia
3256 5369 3308 5421 in
3354 5366 3694 5422 vestimentis

2131 5470 2405 5533 unguenta
2436 5461 2929 5531 gerant.Quoniam
2960 5460 3122 5529 igitur
3136 5459 3481 5513 Canticorum
3514 5455 3696 5511 verbis

2128 5558 2305 5609 anima
2352 5562 2411 5607 ut
2448 5555 2670 5623 pulchra
2702 5553 2852 5620 virgo
2882 5558 2966 5605 est
2995 5557 3277 5615 exornata,
3321 5559 3374 5602 et
3413 5547 3691 5602 hominum

2128 5659 2278 5700 more
2332 5644 2679 5714 sponsalibus
2733 5644 2930 5698 decora
2980 5640 3316 5697 vestimentis
3361 5639 3427 5694 ad
3472 5639 3697 5709 nuptias
