4424 6446
816 399 919 459 563

2072 402 2487 464 MICHAEIJS
2524 405 2787 466 PSELLI

3943 419 4047 482 564

819 513 1057 567 adducta
1088 532 1101 568 :
1132 523 1561 571 consentaneum
1591 526 1675 572 est
1707 525 1764 571 ut
1794 518 1956 570 verba
1982 518 2229 586 quaedam
2256 536 2377 573 mu-
2410 527 2450 581 Α
2493 529 2566 581 Ἐς

2212 536 2229 569 ι
2256 536 2377 573 mll-
2410 527 2450 581 Α
2493 529 2644 581 Ἐπεὶ
2674 527 2801 595 γοῦν
2827 528 3231 593 γεγνναίκισται
3264 528 3337 597 τῷ
3364 530 3506 600 λόγῳ
3536 531 3644 583 τῶν
3680 532 3959 604 ’ᾼσμάτων

812 600 1002 657 liebria
1048 604 1323 675 loquatur,
1386 608 1509 662 licet
1566 609 1793 662 interius
1842 623 2099 662 arcanum
2159 624 2377 663 sensum

810 696 1145 753 contineant.
1196 697 1397 767 Aperte
1455 699 1620 768 igitur
1670 698 1825 766 quasi
1885 700 2106 754 delicias
2149 698 2375 764 faciens,

810 782 1089 850 Quamvis,
1150 787 1348 857 inquit,
1418 788 1672 842 mulieres
1724 789 1967 856 quaedam
2015 789 2082 842 ad
2134 804 2374 842 amorem

805 875 1152 930 excitandum
1200 879 1301 931 alia
1344 886 1551 947 gestent
1584 888 1857 949 unguenta
1894 880 1946 932 in
1982 880 2318 935 vestimentis
2357 895 2371 944 ;

804 979 908 1035 ego
937 976 1120 1022 tamen
1148 970 1390 1037 cujusvis
1420 970 1841 1040 fragrantissimi
1883 970 2067 1024 odoris
2108 971 2224 1023 loco
2254 971 2373 1038 pul-

804 1056 1139 1111 clterrimum
1190 1074 1476 1127 sponsum,
1512 1062 1590 1115 uti
1639 1062 2025 1117 suavissimum
2070 1071 2372 1127 unguento-

805 1160 927 1199 rum
974 1146 1297 1202 fasciculum
1345 1151 1489 1205 collo
1521 1150 1901 1219 suspendens,
1946 1150 2217 1204 retinebo.
2274 1150 2371 1205 Vel

802 1237 981 1304 potius
1009 1238 1111 1293 hoc
1142 1241 1415 1308 significat
1450 1262 1462 1297 :
1519 1242 1776 1306 Quamvis
1807 1242 1925 1297 alia:
1958 1242 2153 1297 animae
2183 1244 2367 1297 mundi

799 1329 947 1383 curis
974 1339 1029 1384 et
1052 1335 1285 1402 negotiis
1316 1335 1658 1404 implicentur
1692 1354 1705 1401 ;
1737 1351 1839 1405 ego
1872 1338 2055 1405 sponsi
2092 1338 2197 1391 mei
2231 1353 2367 1406 per-

798 1415 1008 1485 cipiens
1041 1423 1526 1491 votuptatem,eum
1550 1425 1853 1496 insculpam
1878 1431 1930 1481 in
1959 1426 2159 1481 tabulis
2184 1429 2366 1485 cordis

798 1507 927 1561 mei.
968 1508 1201 1565 Uberum
1233 1513 1378 1567 enim
1410 1515 1645 1571 medium
1679 1518 1861 1573 cordis
1898 1526 1983 1574 est
2006 1520 2184 1577 sedes.

1317 2234 1501 2290 Trium
1551 2239 1797 2294 Patrum.

856 2320 1051 2378 Botrus
1084 2323 1245 2394 Cypri
1282 2330 1479 2382 sororis
1547 2347 1675 2384 mea:
1721 2331 1867 2398 ﬁlius
1910 2332 2035 2385 mihi
2102 2334 2155 2385 in
2196 2335 2355 2387 vineis

788 2412 1052 2484 Engaddi.

855 2506 1043 2573 Qualis
1073 2518 1158 2565 est
1202 2526 1303 2566 uva
1351 2511 1529 2567 adhuc
1573 2513 1797 2578 ﬂorens,
1839 2530 1957 2583 quas
1983 2517 2167 2571 vinum
2201 2521 2353 2575 cordi

786 2599 1031 2655 laetitiam
1064 2602 1297 2658 afferens
1324 2605 1653 2673 pollicetur:
1705 2603 1831 2657 talis
1862 2616 1944 2659 est
1976 2608 2104 2661 mihi
2139 2622 2356 2679 pI'Optcr

786 2691 1255 2761 imperfectionem
1286 2711 1458 2750 meam
1492 2697 1724 2751 dilectus
1753 2714 1905 2755 meus
1938 2701 1990 2753 in
2016 2702 2210 2765 vineis,
2258 2704 2357 2757 hoc

783 2792 869 2837 est
907 2784 963 2837 in
1025 2787 1193 2840 variis
1235 2802 1417 2841 rerum
1455 2790 1685 2855 naturis,
1730 2806 1851 2857 quae
1890 2793 2186 2860 perspicua:
2229 2805 2356 2847 sunt

783 2875 945 2930 oculo
976 2878 1293 2932 tentationls
1332 2881 1351 2941 (
1382 2880 1433 2932 id
1464 2881 1607 2933 enim
1643 2892 1726 2936 est
1755 2882 1927 2935 Gaddi
1954 2884 1971 2951 )
1999 2886 2157 2937 oculo
2190 2886 2354 2937 nimi-

783 2981 903 3019 rum
938 2969 1167 3024 rationis
1203 2978 1427 3025 naturas
1464 2986 1647 3026 rerum
1682 2989 1745 3027 ae
1780 2976 2069 3029 veritatem
2142 2977 2194 3030 in
2237 2996 2354 3029 oin-

785 3059 946 3112 nibus
976 3062 1327 3129 explorantis.
1350 3061 1474 3115 Haec
1501 3064 1644 3117 enim
1675 3080 1767 3118 eas
1800 3066 2066 3134 indagans
2096 3075 2351 3137 tanquam

782 3146 1064 3203 florentem
1097 3166 1279 3216 uvam,
1318 3168 1383 3206 ex
1430 3153 1565 3222 ipsis
1596 3155 1804 3224 colligit
1850 3158 2131 3211 veritatem
2178 3176 2191 3218 ;
2234 3175 2352 3227 qua:

2494 619 2554 672 ἸΙ
2588 618 2987 688 παρθενεύουσα
3019 618 3161 688 ψυχὴ
3182 620 3273 672 καὶ
3296 622 3518 690 τρόποις
3540 622 3773 692 spesve;
3784 642 3911 694 ρων,

2480 712 2589 765 Καὶ
2628 710 2909 779 νυμφικῶς
2944 710 3293 763 συνέσταλται
3325 710 3461 781 πρὸς
3490 713 3700 782 γάμους
3730 718 4043 787 ἐπηγμένη,

2478 804 2685 871 Λόγους
2715 804 2866 865 τινας
2894 803 3152 869 γυναικὸς
3206 805 3350 866 είκός
3379 806 3495 857 ἐστι
3530 806 3623 857 καὶ
3653 806 3851 873 λέγειν,

2477 896 2597 949 Κᾶν
2630 896 2852 965 τσχωσιν
2876 896 3181 966 ἀπόρρητον
3209 897 3299 948 τὸν
3327 896 3585 967 λογισμὸν
3609 900 3665 950 ἐν
3690 898 3864 967 βάθει.

2476 988 2645 1040 Τοῦτο
2668 988 2796 1054 γοῦν
2826 986 2974 1054 λέγει
3004 989 3293 1057 προφανῶς
3329 988 3516 1056 ῶσπερ
3548 989 3901 1059 ἀκκιξομένη,

2475 1080 2596 1131 Ὅτι
2621 1080 2738 1133 Κᾶν
2764 1080 3004 1150 φέρωσίν
3038 1098 3175 1144 τινες
3201 1084 3454 1149 γυναῖκες
3490 1082 3625 1135 ἄλλα
3659 1083 3805 1153 μύρα

2476 1172 2615 1240 Πρὸς
2642 1172 2820 1239 ἔρωτα
2851 1173 3179 1242 Οερμὸτερον
3201 1175 3344 1226 ἔνδον
3379 1172 3487 1225 τῶν
3529 1175 3780 1241 ἱματίων,

2485 1261 2622 1314 Ἀλλ’
2653 1260 2828 1329 ἔγωγε
2861 1263 3197 1332 μυρίσματος
3230 1264 3349 1317 ἀντὶ
3397 1265 3593 1325 παντὸς
3628 1264 3879 1326 εὐώδους,

2471 1353 2641 1404 Αὑτὸν
2667 1355 2869 1405 ἐκεῖνον
2891 1355 3156 1422 κτήσομαι
3182 1354 3273 1405 τὸν
3304 1355 3582 1406 κάλλιστον
3614 1355 3863 1422 νυμφίον,

2472 1443 2682 1510 Ὠσπερ
2704 1442 3011 1511 ἁπόδεσμὸν
3042 1459 3161 1493 τινα
3195 1446 3382 1511 μύρων
3416 1443 3816 1506 εὐωδεστάτων,

2468 1529 2663 1593 Καλῶς
2692 1531 3088 1599 ἀπαιωρήσασα
3114 1533 3239 1600 περὶ
3269 1531 3356 1583 τὸν
3386 1532 3652 1600 τράχηλον
3679 1549 3802 1599 μου.

2465 1625 2681 1676 Μᾶλλον
2718 1624 2772 1676 δὲ
2802 1624 2960 1676 τοῦτο
2989 1624 3242 1693 καθαρῶς
3275 1624 3572 1678 αἰνίσσεται
3603 1625 3678 1693 τῷ
3708 1626 3870 1695 λόγῳ,

2468 1715 2589 1766 ’Ότι
2616 1714 2733 1767 Κᾶν
2765 1715 2921 1768 ἄλλαι
2951 1716 3059 1766 τῶν
3088 1716 3275 1783 ψυχῶν
3299 1715 3373 1783 τῷ
3407 1715 3505 1784 βίῳ
3531 1718 3887 1785 πεφυρμέναι.

2472 1805 2671 1868 ’Ἄλλας
2730 1807 3014 1874 φροντίδας
3085 1806 3278 1875 ἔχωσιν
3357 1805 3464 1858 τῶν
3514 1809 3793 1875 κοσμικῶν
3852 1824 4029 1877 πραγ-

3723 1899 3933 1969 [μάτων
3944 1940 3954 1955 .

2475 1986 2615 2053 Ἰἐγὼ
2642 1988 2683 2038 δ’
2716 1986 2880 2056 ἄλλην
2915 1988 3013 2054 τὴν
3040 1988 3230 2057 ἡδονὴν
3260 1988 3457 2055 γνοῦσά
3492 2008 3590 2058 μου
3617 1989 3709 2041 τοῦ
3774 1989 4023 2057 νυμφίον,

2462 2078 2632 2128 Mm
2658 2079 2879 2147 χαράξω
2911 2081 3021 2141 ταῖς
3058 2079 3219 2143 πλαξὶ
3251 2081 3347 2149 τῆς
3380 2082 3517 2149 ἐμῆς
3558 2081 3782 2148 καρδίας
3817 2099 3829 2109 ·

2461 2170 2693 2221 Μαστῶν
2726 2171 2831 2239 γὰρ
2862 2170 3024 2239 μέσον
3053 2172 3295 2238 πέφυκεν
3323 2174 3349 2223 ὀ
3379 2172 3540 2233 τόπος
3568 2171 3666 2239 τῆς
3696 2170 3941 2239 καρδίας.

3006 2264 3045 2313 Τ
3042 2260 3125 2313 ῶν
3154 2261 3199 2329 γ’
3228 2263 3521 2326 ΙΙατέρων.

2530 2356 2753 2419 Βότρυς
2780 2353 2889 2419 τῆς
2932 2356 3172 2421 Κύπρου
3206 2353 3518 2421 ἁδελφιδός
3535 2370 3653 2421 μου
3682 2353 3805 2421 ἐμοὶ
3831 2352 3898 2403 ὲν
3919 2352 4026 2421 ἀμ·

2459 2443 2726 2497 πελῶσιν
2765 2443 3059 2512 Ἐγγαδδί.

2532 2538 2709 2595 Ἤτοι,
2736 2536 2890 2603 δίκην
2922 2534 3195 2601 σταφυλῆς
3252 2536 3331 2585 ἔτι
3357 2533 3645 2600 ἀνθούσης,
3689 2532 3781 2583 καὶ
3811 2532 3901 2581 τὸν
3932 2530 4020 2581 εὑ-

2458 2626 2750 2693 φραντικὸν
2768 2626 2867 2694 τῆς
2891 2625 3113 2692 καρδίας
3135 2622 3274 2675 οἶνον
3293 2622 3791 2690 ὲπαγγελλομένης.
3839 2622 3866 2672 ὁ
3891 2622 4021 2684 ἁγα-

2458 2714 2626 2781 πητός
2679 2730 2779 2781 μου
2831 2712 3257 2783 καρποφορεῖταί
3325 2729 3413 2780 μοι
3465 2712 3551 2763 διὰ
3584 2711 3681 2779 τὴν
3732 2710 3867 2777 ἐμὴν
3898 2709 4022 2760 ἀτέ-

2456 2804 2625 2864 λειαν,
2679 2803 2753 2864 ὡς
2805 2804 2861 2855 ὲν
2906 2802 3192 2871 ἀμπελῶσι
3227 2805 3346 2863 ταῖς
3386 2802 3661 2869 διαφόροις
3706 2802 3812 2852 τῶν
3853 2801 4019 2852 ὅντων

2457 2891 2701 2958 φύσεσιν,
2736 2892 2798 2942 αἴ
2828 2894 2963 2943 εἰσιν
3011 2892 3251 2960 διοραταὶ
3287 2891 3363 2960 τῷ
3411 2890 3670 2958 ὀφθαλμῷ
3707 2889 3796 2940 τοῦ
3829 2904 4021 2957 πειρα-

2456 2986 2665 3055 τηρίου.
2734 2986 2910 3053 Ὅπερ
2959 2983 3318 3053 ἑρμηνεύεται
3352 2982 3410 3034 τὸ
3448 2982 3600 3033 Γαδόί
3630 2999 3643 3011 ο
3680 2980 3919 3047 δηλονότι
3952 2981 4018 3047 τῇ

2455 3075 2574 3139 ὄψει
2604 3074 2699 3127 τοῦ
2742 3073 3119 3141 βασανίζοντος
3152 3073 3250 3134 τὰς
3286 3073 3497 3140 φύσεις,
3527 3074 3619 3123 καὶ
3648 3072 3744 3138 τὴν
3786 3072 3841 3120 ὲν
3872 3070 4010 3129 ὅλοις

2465 3164 2723 3232 ἀλήθειαν
2755 3164 3081 3233 ἐρευνῶντος
3128 3161 3306 3229 λόγου.
3364 3160 3547 3221 Οὕτως
3584 3160 3691 3229 γὰρ
3723 3159 3923 3219 ταύτας
3953 3158 4022 3207 δε-

781 3240 948 3295 veluli
986 3243 1167 3297 vinum
1198 3219 1469 3313 quoddam
1497 3262 1525 3299 a
1560 3219 1755 3316 figuris
1777 3256 2011 3303 mentem
2036 3219 2348 3318 dimovebit,
2382 3219 2426 3276 ε
2456 3274 2528 3325 sp,

2269 3254 2348 3318 )il,
2382 3219 2426 3276 ο
2456 3256 2829 3325 ερευνὼμενος
2852 3254 2926 3314 ὡς
2959 3253 3220 3305 ἀνθοῦντα
3250 3253 3441 3322 βότρυν
3469 3256 3579 3313 τοῖς
3608 3252 3808 3303 τούτων
3843 3252 4016 3317 λόγοις

781 3351 905 3388 cum
938 3336 1204 3404 diversas,
1229 3353 1349 3407 quae
1399 3338 1454 3392 in
1514 3340 1716 3395 mundo
1755 3351 1902 3405 sunt,
1942 3343 2182 3398 rationes
2210 3346 2261 3397 in
2295 3362 2351 3400 sc

781 3431 899 3497 ipsa
931 3439 1152 3485 coactas
1175 3432 1557 3502 amplectetur.

1462 3611 1649 3666 Pselfi.

850 3699 926 3753 Ex
958 3714 1177 3770 sponsae
1192 3700 1634 3772 verbisquaadam
1654 3714 1971 3775 supersunt,
1994 3723 2115 3776 quae
2130 3710 2347 3777 quidem

778 3807 925 3845 nunc
960 3806 1057 3860 pro
1098 3791 1307 3846 viribus
1342 3801 1471 3847 sunt
1504 3793 1823 3864 explicanda
1855 3815 1867 3849 :
1909 3799 1987 3852 sic
2022 3800 2163 3852 enim
2199 3800 2349 3869 ipsos

780 3882 1003 3949 angelos
1035 3880 1335 3949 alloquitur
1369 3900 1382 3935 :

851 3995 1043 4049 Botrus
1088 3994 1250 4064 Cypri
1290 3997 1488 4051 sororis
1531 4014 1657 4051 mea:
1713 3999 1856 4065 ﬁlius
1915 4000 2041 4053 mihi
2080 4001 2137 4053 in
2187 4003 2348 4057 vincis

777 4089 1039 4158 lingaddi.

848 4183 892 4237 0
923 4183 1240 4251 praeclaram
1276 4183 1681 4253 progressionis
1713 4199 1925 4253 sponsa:
1955 4189 2342 4242 mutatiom-m!

776 4267 910 4333 Quae
941 4268 1083 4322 enim
1115 4270 1404 4338 perspicue
1434 4270 1595 4339 paulo
1626 4282 1750 4324 ante
1780 4273 1972 4328 similis
2016 4290 2169 4343 equa:
2204 4278 2346 4332 dicta

778 4360 979 4426 fuerat,
1029 4376 1176 4415 nunc
1209 4361 1508 4415 amicorum
1545 4361 1808 4430 obseqqu
1840 4364 1999 4432 plane
2034 4367 2342 4435 proﬁciens,

774 4466 836 4505 se
892 4452 1064 4520 ipsam
1118 4460 1178 4505 ut
1221 4454 1382 4506 vitem
1431 4452 1768 4505 fructiferam
1828 4458 2096 4525 agnoscit.
2152 4457 2342 4514 Omnis

2453 3349 2791 3415 καρποφορεῖ
2816 3344 2912 3414 τὴν
2933 3344 3207 3411 ἀλήθειαν,
3240 3346 3359 3412 ἣτις
3400 3343 3586 3410 ὥσπερ
3636 3359 3718 3403 τις
3768 3339 3905 3403 οἶνος
3932 3342 4018 3392 τὸν

2452 3438 2576 3489 νοῦν
2605 3440 2857 3507 ἐπιστήσει
2882 3436 2987 3490 τῶν
3018 3437 3222 3495 τύπων,
3259 3437 3492 3502 ὀπηνὲκα
3517 3435 3639 3496 τοὺς
3667 3437 3723 3485 ὲν
3748 3435 3822 3500 τῷ
3857 3435 4018 3485 παντὶ

2450 3530 2739 3599 διαφόρους
2773 3530 2961 3597 λόγους
2987 3529 3111 3596 περὶ
3138 3527 3335 3595 ἑαυτὴν
3367 3528 3591 3593 συνάξει
3619 3526 3887 3585 ὲνοειόῶς.

3122 3616 3385 3670 Tanai}.

2527 3712 2764 3779 Ἕχομέν
2796 3711 2858 3777 γέ
2887 3727 2934 3761 τι
2960 3709 3208 3776 λείψανον
3230 3708 3334 3758 τῶν
3364 3710 3424 3757 ἐκ
3447 3707 3544 3772 τῆς
3572 3706 3787 3772 νύμφης
3820 3706 4011 3771 λόγων,

2453 3798 2627 3865 Ὅπερ
2658 3796 2733 3857 ὼς
2761 3797 2904 3847 ἐστιν
2934 3796 3149 3863 ἐφικτὸν
3184 3795 3243 3845 τὸ
3270 3793 3362 3845 νῦν
3391 3794 3775 3859 ὲρμηνευτέον.

2449 3889 2611 3956 Λέγει
2640 3889 2746 3957 γὰρ
2766 3886 2907 3940 οὕτω
2928 3888 3064 3956 πρὸς
3090 3888 3283 3948 αὐτοὺς
3312 3884 3551 3953 ὴνύμφη
3575 3886 3697 3944 τοὺς
3728 3883 4012 3949 ἀγγέλους

2519 4004 2745 4067 Βότρυς
2776 4000 2885 4067 τῆς
2916 4003 3156 4067 Κύπρου
3181 3998 3497 4065 ἀδελφιδός
3518 4014 3635 4064 μου
3663 3998 3786 4065 ἐμοὶ
3819 3999 3884 4049 ἐν
3904 3999 4012 4064 ἀμ-

2449 4096 2716 4147 πελῶσιν
2757 4092 3049 4161 Ἐγγαδδί.
3423 4157 3435 4168 ⁸

2524 4188 2586 4239 Ὢ
2634 4186 2733 4255 τῆς
2761 4184 2960 4253 καλλῆς
3002 4183 3295 4251 ἐναλλαγῆς
3325 4183 3420 4251 τῆς
3441 4182 3720 4251 προκοπῆς
3752 4182 3845 4247 τῆς
3878 4181 4008 4247 νύμ-

3768 4270 3938 4341 [φηςι

2460 4365 2525 4416 Ἥ
2557 4362 2661 4432 πρὸ
2690 4362 2884 4432 μικροῦ
2915 4362 3021 4432 γὰρ
3072 4362 3327 4431 ἐμφανῶς
3380 4364 3526 4431 ἵππῳ
3562 4362 4008 4430 παρεικασῦείπ,

2454 4455 2609 4523 ’Λρτι
2643 4453 2907 4522 λαμπρῶς
2938 4452 3255 4520 προκύψασα
3277 4454 3393 4513 ταῖς
3418 4452 3598 4518 χάρισι
3626 4451 3729 4502 τῶν
3756 4452 3939 4517 φίλων,

775 4542 919 4595 enim
950 4542 1128 4596 anima
1156 4558 1313 4613 pura,
1346 4544 1558 4598 Domini
1594 4560 1857 4600 succensa
1892 4548 2181 4615 desiderio,
2208 4566 2337 4621 ope-
2367 4543 2419 4601 D
2460 4542 2522 4593 '0

2033 4551 2181 4615 lerio,
2208 4566 2337 4621 Ope,
2367 4543 2419 4601 1)
2460 4542 2545 4604 Ὠς
2580 4540 2906 4611 βοτρυᾳόρον
2937 4540 3181 4609 ἄμπελον
3213 4540 3381 4607 αὐτὴν
3412 4538 3780 4604 ἐπιγινώσκει.

774 4646 895 4685 rum
926 4647 1215 4702 progressu
1253 4635 1309 4687 fit
1333 4636 1538 4689 omnia.
1580 4634 1734 4688 Nunc
1773 4637 1989 4705 quidem
2022 4640 2178 4695 sedes
2198 4641 2340 4696 Che-

774 4723 979 4787 rubim,
1016 4741 1161 4780 nunc
1189 4725 1347 4781 sedes
1378 4727 1543 4797 Regis
1564 4768 1579 4793 ,
1610 4743 1756 4781 nunc
1787 4737 1968 4782 autem
2002 4731 2126 4785 vitis
2160 4731 2346 4785 fructi-

780 4813 891 4865 fera
929 4813 982 4867 in
1026 4814 1149 4869 aula
1191 4814 1427 4870 Domini.
1473 4816 1631 4882 Quod
1684 4818 1846 4886 igitur
1899 4824 2107 4888 puriter
2141 4838 2343 4891 sponsa

776 4903 933 4969 dicit,
964 4904 1071 4960 hoc
1102 4912 1183 4960 est
1210 4909 1239 4970 ξι
1290 4907 1381 4960 Sic
1427 4908 1622 4977 agnovi
1661 4911 1867 4962 sororis
1898 4925 2029 4963 mea:
2064 4910 2256 4975 filium,
2292 4915 2343 4967 id

775 5004 859 5049 est
894 5011 1199 5064 sponsum,
1239 4998 1381 5051 sicut
1422 4998 1661 5061 botrum,
1718 5000 1808 5067 qui
1860 5000 2015 5054 nobis
2062 5002 2343 5056 distillavit

779 5095 1017 5139 mustum
1051 5085 1389 5140 mternitatis.
1411 5084 1565 5139 Haud
1587 5086 1845 5141 omnibus
1881 5088 2114 5144 virtutes
2155 5106 2339 5159 capes-

775 5176 1026 5232 sentibus
1067 5175 1351 5230 animabus
1387 5182 1471 5229 est
1510 5184 1782 5238 maturus,
1825 5180 1918 5231 sed
1947 5193 2044 5248 pro
2078 5180 2338 5234 virtutum

774 5280 1033 5321 mensura
1063 5266 1461 5335 iucunditatem
1499 5281 1653 5320 suam
1698 5266 1929 5335 subinde
1970 5279 2162 5323 mutat.
2211 5272 2341 5326 Aliis

776 5372 1014 5427 namque
1058 5357 1232 5421 floret,
1272 5357 1327 5411 in
1370 5356 1492 5411 aliis
1530 5357 1811 5425 nigrescit,
1842 5357 1894 5409 in
1932 5358 2052 5411 aliis
2096 5369 2341 5413 maturus

771 5457 877 5510 est.
927 5449 990 5503 in
1036 5449 1162 5504 aliis
1207 5450 1364 5516 plane
1413 5457 1602 5503 coctus
1637 5463 1700 5502 ac
1732 5448 1909 5503 dulcis
1966 5458 2068 5503 est.
2126 5450 2338 5520 Sponsa

778 5539 967 5608 igitur,
996 5540 1122 5593 dum
1150 5538 1436 5594 florentem
1468 5540 1685 5594 botrum
1722 5554 1780 5594 se
1813 5539 1953 5594 ferre
1976 5540 2129 5605 dicit,
2158 5553 2338 5596 osten-

772 5630 855 5686 dit
902 5646 963 5687 se
1006 5631 1245 5687 nondum
1296 5632 1362 5686 ad
1404 5630 1791 5701 perfectionem
1837 5634 2166 5702 pervenisse.
2234 5636 2339 5688 Aut

777 5731 1035 5792 tauquam
1077 5722 1321 5777 florentis
1352 5723 1808 5792 pulchritudinem
1844 5739 2200 5795 exaggerans,
2240 5727 2332 5787 ita,

778 5811 973 5881 inquit,
1006 5813 1137 5867 mihi
1160 5812 1313 5868 ﬂoret
1342 5812 1593 5867 Christus
1622 5821 1669 5866 et
1715 5826 1968 5881 sponsus,
2004 5823 2057 5867 ut
2078 5815 2331 5870 udut‘ifL'ti

2450 4632 2611 4701 Ψυχὴ
2640 4631 2745 4700 γὰρ
2780 4632 2929 4683 πᾶσα
2960 4629 3169 4698 καθαρὰ
3197 4629 3433 4681 ποθοῦσα
3458 4632 3546 4680 τὸν
3577 4631 3866 4697 Δεσπόεην,

2450 4724 2685 4776 Πάντοτε
2718 4724 2890 4774 πάντα
2922 4720 3203 4789 γίνεταιτῇ
3242 4723 3488 4789 προκοπῇ
3512 4719 3616 4771 τῶν
3640 4722 3813 4787 ἔργων

2449 4814 2563 4867 Νῦν
2587 4815 2684 4881 μὲν
2703 4813 2878 4880 Θρόνοι
2919 4812 3213 4881 Χερουϐὶμ,
3244 4812 3335 4863 καὶ
3363 4812 3544 4880 Ορονος
3577 4810 3867 4870 Βασιλέως,

2449 4905 2561 4957 Νῦν
2588 4906 2630 4957 δ’
2660 4904 2902 4973 ἄμπελος
2964 4904 3317 4971 κατάκαρπος
3343 4905 3394 4952 ἐν
3420 4904 3536 4963 ταῖς
3560 4900 3745 4961 αὐλαῖς
3773 4900 3999 4963 Κυρίου.

2450 4996 2624 5064 Ὅπερ
2646 4994 2737 5046 οῦν
2792 4994 2937 5062 λέγει
2974 4994 3227 5061 καθαρῶς
3261 4996 3292 5063 ἡ
3323 4994 3529 5062 νύμφη,
3576 4990 3731 5043 τοῦτο
3761 4991 3933 5054 λέγει·

2459 5086 2543 5145 Ὠς
2590 5085 2757 5150 ἔγνων
2786 5084 2882 5135 τὸν
2916 5083 3250 5152 ἀδελφιδοῦν,
3288 5084 3532 5135 τουτέστι
3564 5083 3651 5134 τὸν
3680 5081 3932 5149 ννμιρὶον,

2446 5179 2637 5239 Ὅστις
2671 5178 2972 5242 ἀπέσταξεν
2996 5180 3123 5245 ἡμῖν
3154 5176 3380 5244 γλεῦκος
3407 5175 3701 5234 ἀθανασίας
3726 5189 3737 5199 ·

2447 5270 2559 5321 Οὐκ
2593 5270 2707 5319 ἔστι
2738 5269 2934 5329 πάσαις
2968 5268 3173 5335 ὥριμος
3200 5266 3396 5334 ψυχαῖς
3424 5268 3543 5327 ταῖς
3572 5264 3870 5335 ἑναρέταις,

2458 5360 2596 5412 Ἀλλ’
2625 5358 3022 5423 ἐξαλλάσσειτὸ
3058 5359 3283 5427 τερπνὸν
3336 5353 3473 5418 εἶδος
3518 5357 3680 5408 αὑτοῦ
3725 5356 4000 5418 πολλάκις,

2444 5452 2598 5506 Κατὰ
2632 5452 2691 5504 τὸ
2718 5453 2912 5521 μέτρον
2942 5451 3138 5520 δηλαδὴ
3166 5450 3273 5502 τῶν
3312 5449 3518 5519 ἀρετῶν
3550 5450 3798 5502 ἑκάστου.

2458 5542 2631 5597 Ἀνθεῖ
2682 5542 2787 5611 γὰρ
2834 5541 3020 5604 ἄλλαις
3054 5539 3160 5593 τῶν
3217 5540 3425 5609 ψυχῶν,
3482 5540 3539 5590 ὲν
3587 5538 3770 5599 ἄλλαις
3819 5537 3875 5589 δὲ
3915 5554 4002 5589 κυ-

3708 5627 3932 5698 [πρίζεῃ

2457 5725 2541 5775 Ἐν
2571 5724 2754 5786 ἄλλαις
2784 5724 2826 5774 δ’
2858 5723 3061 5791 ὥριμος
3092 5726 3257 5779 ἐστιν,
3293 5724 3348 5772 ἐν
3382 5721 3567 5782 ἄλλαις
3606 5720 3661 5771 Ei:
3713 5719 3993 5787 περκάζει.

2457 5818 2514 5868 Ἠ
2552 5817 2731 5885 νύμεξτι
2768 5817 2938 5867 τοίνυν
2964 5816 3196 5884 ςέρουσα
3230 5813 3554 5883 κυπρίζοντα
3594 5813 3680 5864 τιν
3710 5811 3920 5880 ἓέτρνν,
