4424 6446
414 414 519 476 5ὓῖι

413 522 691 573 Δεξκνησιν
721 520 802 571 ὅτι
833 518 1115 587 προκοπὴν
1146 516 1245 569 οὐκ
1272 515 1469 584 ἔφθασε
1504 516 1734 570 τελείαν.

413 610 527 667 Εἴθ’
558 612 754 680 ὥσπερ
779 610 1163 675 ύπαυξάνουσα
1194 609 1289 662 τοῦ
1329 607 1640 679 κυπρισμοῦ
1684 608 1744 660 τὸ
1769 606 1980 672 κάλλος,

414 704 622 767 Οὖτως,
647 704 800 772 φησὶ,
822 700 1075 772 κυπρίζει
1101 718 1191 770 μοι
1224 701 1456 767 Χριστὸς
1484 702 1511 752 6
1542 700 1637 752 καὶ
1659 700 1910 769 νυμφίος,

1390 408 1773 468 COMMENT.
1819 409 1901 469 ΙΝ
1940 409 2327 473 CANTlCUM
2363 412 2651 472 ΕΑΝΉΞ.

3545 408 3652 472 566

2012 526 2055 579 Α
2088 519 2227 575 hotri
2254 522 2495 591 jucunde
2528 521 2721 575 ﬂorent
2756 521 2807 573 in
2840 519 3012 576 Gaddi
3045 538 3057 574 :
3099 534 3220 590 quae
3246 518 3462 589 quidem
3500 521 3653 589 regio

2089 616 2292 669 vitibus
2329 615 2613 668 abundans
2666 629 2783 667 uvae
2829 614 3096 667 suavitate
3136 612 3349 668 caeteris
3399 610 3655 667 omnibus

2088 707 2383 762 antccdlit.
2422 705 2545 761 llaec
2589 708 2767 761 anima
2806 714 2954 760 casta
2993 711 3047 759 et
3085 720 3218 773 pura
3246 720 3370 759 cum
3401 702 3653 768 dixisset,

415 796 629 864 Ὠσπερ
686 795 1007 863 κυπρεζουσι
1039 793 1288 863 τερπνῶς
1319 794 1378 845 ὲν
1411 791 1486 860 τῷ
1510 790 1668 844 Γαδδὶ
1703 790 1781 859 τῷ
1841 792 1987 860 τόπῳ
2091 816 2162 870 εμ

1703 790 1781 859 τῷ
1841 792 1987 860 τόπῳ
2091 814 2329 870 sponsus
2360 798 2672 869 respondet.
2710 798 2781 852 ita
2816 810 3075 868 sponsam
3107 796 3390 865 alloquens
3424 814 3436 850 :

418 887 480 939 Οἱ
507 885 615 938 τῶν
653 883 911 951 ἀμπέλων
952 883 1171 953 βότρυες
1196 883 1411 945 εὐώδεις
1461 882 1765 951 πεφυκότες
1800 897 1815 911 ο

419 977 497 1044 Γῆ
525 978 655 1044 γὰρ,
682 976 756 1037 ὥς
796 993 951 1043 φασι,
985 977 1077 1029 τοῦ
1098 975 1253 1028 Γαδδὶ
1286 974 1697 1044 ἀμπελπτρόφος
1726 970 1878 1033 οὖσα,

422 1067 528 1133 Γῆν
546 1068 724 1118 πᾶσαν
752 1066 1092 1134 ύπερήλασεν
1129 1068 1206 1129 εἰς
1231 1066 1327 1137 τὴν
1354 1064 1711 1136 ἡδυὸοτρύαν.

422 1158 532 1226 Τῆς
559 1158 688 1224 γοῦν
714 1159 885 1227 ἁγνῆς
916 1160 1010 1211 καὶ
1040 1159 1286 1229 καθαρᾶς
1331 1158 1510 1228 ψυχῆς
1558 1158 1815 1230 εἰπούσης
1843 1158 1993 1223 τάδε,

433 1249 493 1304 Ὀ
525 1250 681 1316 λόγος
708 1250 1061 1320 ἀποκρίνεται
1088 1251 1261 1319 λέγων
1288 1253 1459 1305 ταῦτα
1482 1268 1497 1283 ο

508 1340 665 1395 Ἰδοὺ
698 1337 756 1393 εἷ
788 1341 968 1403 καλὴ,
1006 1343 1044 1409 ή
1069 1343 1339 1406 πλησίον
1383 1360 1522 1411 μου,
1557 1340 1685 1395 ἰδοὺ
1733 1340 1910 1405 καλή-
1942 1343 1997 1395 οἱ

427 1434 720 1500 ὀφθαλμοί
753 1449 889 1495 σου,
920 1422 1281 1501 περιστεραί.

500 1524 711 1592 ’Ὥσπερ
734 1524 782 1575 οἱ
807 1524 1279 1593 χρυσογνώμονες,
1310 1522 1403 1586 οὖς
1428 1540 1557 1592 φασι
1581 1523 1928 1594 χρυσοχόους,

429 1616 528 1665 Ἂν
560 1614 650 1664 τὸν
677 1613 877 1682 χρυσὸν
906 1614 1175 1682 θελήσωσι
1210 1615 1298 1666 τὸν
1333 1614 1823 1683 κεκιϐδηλωμένον,

429 1704 818 1771 Λαμπρότερον
852 1704 1187 1772 ἐργάσασθαι
1222 1705 1311 1756 καὶ
1336 1705 1572 1773 καθαρὸν
1605 1704 1827 1773 ἐξόχως,

432 1792 695 1853 Πολλάκις
724 1792 1003 1859 βάλλουσιν
1029 1794 1187 1845 αὑτὸν
1214 1796 1270 1846 ἐν
1289 1797 1399 1857 τοῖς
1431 1794 1813 1861 χωνεντηρίοις

431 1882 628 1933 Τοῦτον
658 1883 747 1933 τὸν
774 1884 972 1949 τρόπον
997 1884 1234 1936 δείκνυσι
1264 1884 1360 1953 τὴν
1393 1884 1610 1954 νύμφην
1647 1882 1741 1935 νῦν
1763 1882 1791 1934 ό
1821 1882 1993 1950 λόγος,
2033 1864 2075 1919 Β

442 1972 501 2025 Ὅ
530 1972 637 2025 τῶν
664 1973 851 2042 ψυχῶν
881 1975 1213 2045 θεραπευτὴς
1239 1976 1344 2027 τῶν
1371 1975 1837 2045 μεμελα·.ωμένων
1860 1990 1874 2004 °

436 2064 621 2133 Ἵππῳ
651 2065 759 2135 γάρ
800 2063 1007 2133 ταύτην
1039 2066 1301 2135 πρότερον
1340 2065 1583 2136 τῷλόγῳ
1636 2066 1998 2136 παρεικάσας,

432 2155 544 2207 Καὶ
566 2154 743 2218 δείξας
774 2153 853 2206 ἔτι
882 2156 1139 2225 χαμερπῆ
1190 2155 1479 2225 τυγχάνειν
1508 2157 1604 2227 τὴν
1638 2157 1927 2225 παρθένον,

434 2246 578 2314 Πρδις
608 2244 805 2313 ἀρετὴν
826 2245 1043 2314 ἠρέθισε
1093 2246 1294 2314 ταύτην
1319 2247 1677 2317 ὑψηλοτέραν.

448 2336 513 2387 Ἦ
551 2336 607 2388 δὲ
658 2336 978 2406 προκύψασα
1014 2338 1225 2406 τρανῶς
1270 2341 1387 2400 ταῖς
1441 2340 1626 2409 χάρισι
1668 2340 1777 2393 τῶν
1810 2340 2001 2409 φίλων,

434 2426 652 2478 Γίνεται
684 2426 870 2495 θρόνος
902 2426 1122 2495 πύρινος
1148 2427 1242 2480 τοῦ
1274 2429 1489 2481 πάντων
1525 2430 1824 2492 Βασιλέως.

449 2512 571 2564 ’Δλλ
619 2512 699 2564 ἔτι
729 2513 889 2566 πάλιν
920 2513 1191 2581 φθάνουσι
1229 2518 1344 2577 ταῖς
1381 2518 1601 2588 ἀρεταῖς
1639 2521 1715 2581 εἰς
1745 2519 1894 2588 ὕψος,

436 2604 544 2653 Καὶ
580 2602 741 2655 πάλιν
771 2603 1171 2670 προσεγγίσασα
1192 2604 1268 2673 τῷ
1298 2606 1519 2675 καθαρῷ
1554 2607 1789 2676 νυμφίῳ,

437 2692 720 2762 Λαμπρῶς
754 2694 1266 2761 ἐγκωμιάζεταικαὶ
1297 2696 1448 2766 παρὰ
1478 2696 1571 2749 τοῦ
1608 2698 1863 2767 νυμφίου.

451 2782 608 2836 Ἰδοὺ
642 2787 750 2850 γὰρ
772 2781 830 2837 εἴ
845 2785 1022 2850 καλὴ,
1050 2785 1231 2854 φησὶν,
1260 2787 1295 2853 ἠ
1327 2789 1594 2853 πλησίον
1617 2805 1755 2855 μου.

440 2871 578 2927 Εἶτα
638 2874 857 2928 διπλοῦν
904 2876 993 2928 τὸν
1040 2877 1260 2929 ἔπαινον
1304 2877 1399 2931 τοῦ
1450 2880 1678 2943 κάλλους
1734 2880 2008 2951 ἐπιφέρων

1736 2972 1939 3043 [πάλιν.

453 3057 620 3120 Ἰδοὺ,
665 3058 817 3127 φησὶ,
849 3061 1005 3128 κα.ἰὴ
1034 3064 1371 3132 τυγχάνεις,
1396 3056 1439 3115 ὦ
1471 3063 1725 3132 παρθένε.

444 3148 632 3215 Ἔχεις
660 3149 766 3218 γὰρ
796 3149 1013 3219 ὄμματα
1035 3155 1238 3221 τερπνὰ
1270 3155 1597 3223 περιστερᾶς
1627 3153 1922 3223 παρθένου,

452 3239 687 3293 Ὅπόταν
714 3259 803 3295 σου
819 3246 944 3306 τοὺς
978 3245 1285 3314 ὀφθαλμοὺς
1305 3245 1650 3314 ἀπέστρεψας
1668 3246 1763 3314 τῆς
1784 3245 2008 3315 πλάνης,

444 3334 554 3385 Καὶ
590 3336 719 3403 πρὸς
748 3336 845 3403 ἐμὲ
892 3336 981 3387 τὸν
1011 3336 1383 3407 πλαστουργὸν
1414 3338 1507 3390 τὸν
1545 3338 1634 3391 σὺν
1664 3338 2008 3403 ἐνατενῑζεις,

447 3426 780 3492 Περιστερᾶς
802 3426 858 3478 δὲ
898 3428 1168 3496 μέμνηται
1197 3428 1289 3481 νῦν
1319 3429 1624 3499 ὀφθαλμοὺς
1652 3431 1678 3481 6
1714 3430 1887 3495 λόγος,

445 3516 519 3566 Τὸ
548 3515 786 3584 καθαρὸν
817 3515 909 3567 τοῦ
943 3516 1251 3585 βλέμματος
1287 3520 1563 3587 σημαίνων
1592 3520 1689 3587 τῆς
1721 3521 2007 3589 παρθένου.

448 3607 561 3659 Καὶ
584 3607 691 3675 γάρ
726 3607 979 3660 τοσοῦτον
1010 3608 1247 3679 καθαρὸν
1279 3610 1435 3678 ἔσχεν
1468 3612 1646 3681 ἐκείνη
1672 3610 1917 3681 βλέμμα,

447 3698 611 3750 Ὥστε
658 3699 870 3751 κατεῖδε
905 3699 1158 3769 καθαρῶς
1193 3702 1281 3753 τὸν
1312 3702 1592 3754 κάλλιστον
1618 3702 1867 3771 νυμφίον.

964 3789 1085 3842 Τῶν
1131 3798 1179 3861 γ’
1213 3792 1505 3861 Πατέρων.

518 3876 676 3930 Οὕτω
724 3878 901 3930 τοίνυν
955 3880 1055 3947 τὴν
1111 3880 1328 3952 νύμφην
1376 3886 1402 3935 6
1451 3884 1683 3952 νυμφίος
1711 3884 1851 3954 όρῶν
1874 3884 2012 3937 κατὰ

446 3966 648 4037 πρᾶξιν
687 3968 783 4037 μὲν
819 3968 1083 4039 καθαρὰν,
1130 3971 1268 4024 κατὰ
1311 3971 1539 4041 θεωρίαν
1569 3973 1622 4024 δὲ
1669 3975 2014 4042 πεφωτισμέ-

443 4076 562 4126 νην,
585 4061 716 4127 φησὶ
744 4060 871 4129 πρὸς
892 4062 1077 4131 αὐτή-ν’
1099 4063 1244 4117 Ἰδοὺ
1266 4060 1324 4116 εἷ
1336 4064 1513 4131 καλὴ,
1529 4065 1564 4130 ἠ
1592 4067 2009 4135 πλησίονμου,

447 4148 582 4202 ἰδοὺ
607 4146 662 4203 εἷ
690 4152 869 4217 καλήο
904 4153 1201 4222 ὀφθαλμοί
1232 4170 1369 4221 σου,
1395 4158 1756 4224 περιστεραί.
1788 4158 2011 4225 Ἤγουν,

457 4241 591 4294 Ἰδοὺ
624 4242 884 4314 ὑπάρχεις
903 4244 1078 4315 ὡραία
1107 4246 1246 4299 κατά
1284 4249 1510 4317 μετοχὴν
1539 4248 1634 4318 τῆς
1659 4250 1795 4319 ἐμῆς
1818 4250 2014 4319 ὡραιό-

444 4350 630 4401 τητος,
661 4335 734 4397 ὡς
760 4337 818 4387 τὸ
840 4336 926 4388 διὰ
955 4337 1052 4406 τὴν
1097 4336 1318 4407 πρώτην
1361 4340 1612 4392 ἀπιστίαν
1667 4335 1853 4409 αἶσχος
1884 4342 2015 4394 ἀπο-

447 4425 762 4495 εαλομένη,
815 4428 910 4479 καὶ
952 4428 1216 4494 ἐγγίσασά
1268 4447 1355 4497 μοι
1421 4430 1539 4481 κατ’
1586 4430 1783 4499 ἀρετὴν
1827 4433 1882 4483 ὲν
1941 4431 2016 4501 τῷ

2170 1354 2301 1409 Ecce
2332 1354 2556 1424 pulchra
2594 1373 2668 1421 es,
2688 1364 2978 1428 propinqua
3012 1371 3276 1422 moa,ecce
3315 1356 3536 1423 pulchra
3560 1371 3612 1411 es
3642 1372 3661 1410 :

2101 1447 2240 1502 acuti
2276 1450 2373 1513 tui,
2400 1449 2676 1505 columbae.

2167 1540 2635 1608 Quemadmodum
2669 1542 2760 1613 qui
2788 1556 2983 1597 aurum
3016 1548 3255 1597 tractant
3283 1549 3339 1598 et
3359 1541 3664 1603 elaborant,

2098 1648 2235 1703 quos
2273 1634 2524 1690 auriﬁccs
2560 1636 2916 1705 appellamus,
2969 1635 3017 1691 si
3064 1649 3255 1690 aurum
3301 1635 3664 1691 adulteratum

2100 1725 2268 1779 velint
2299 1740 2603 1796 expurgare
2628 1767 2641 1786 .
2674 1735 2727 1780 ct
2758 1727 2949 1795 purius
2981 1736 3144 1795 atque
3176 1724 3516 1798 splendidius
3543 1724 3669 1780 red-

2100 1813 2252 1880 dere,
2284 1817 2482 1885 saapius
2516 1816 2649 1871 illud
2682 1818 2735 1871 in
2756 1816 3006 1873 fornaces
3046 1816 3393 1887 conjiciunt:
3434 1816 3515 1873 sic
3545 1816 3666 1870 ani-

2103 1920 2351 1975 masquaz
2376 1907 2711 1977 nigredinem
2737 1891 3147 1972 contraxerunt,
3174 1915 3333 1964 curat
3352 1908 3666 1979 expolitque

2102 1994 2264 2053 Deus.
2293 1998 2427 2052 Cum
2461 1999 2605 2054 enim
2630 1999 2782 2069 prius
2808 2015 3064 2070 sponsam
3090 2015 3243 2069 equa:
3268 2004 3664 2071 comparasset,

2100 2089 2539 2160 ostendissetque
2584 2106 2701 2144 eam
2734 2091 2913 2146 adhuc
2943 2091 3096 2146 humi
3142 2106 3358 2161 repere,
3399 2090 3664 2161 virginem

2101 2179 2167 2232 ad
2205 2179 2345 2233 hanc
2369 2181 2742 2235 sublimiorem
2760 2181 3014 2236 virtutem
3042 2181 3289 2236 incitavit
3324 2199 3338 2234 :
3369 2180 3461 2235 illa
3484 2186 3663 2235 autem

2102 2270 2401 2325 amicorum
2435 2270 2630 2327 oﬂiciis
2668 2287 2794 2326 vere
2847 2272 3157 2341 proﬁciens,
3208 2270 3268 2326 ﬁt
3301 2272 3458 2343 ignea
3508 2271 3668 2327 sedes

2102 2362 2264 2433 Regis
2293 2364 2694 2420 universorum.
2712 2362 2910 2418 Deinde
2935 2363 3229 2420 virtutibus
3257 2378 3476 2418 rursum
3505 2362 3666 2417 altius

2102 2465 2381 2526 provecta,
2410 2464 2572 2525 atque
2600 2455 2795 2510 iterum
2831 2454 2898 2509 ad
2946 2470 3141 2526 purum
3173 2468 3433 2525 sponsum
3470 2468 3670 2524 appro.

2104 2549 2396 2619 pinquans,
2425 2549 2492 2602 ah
2517 2562 2582 2603 eo
2603 2548 2860 2618 praeclare
2885 2547 3315 2603 commendatur.
3347 2545 3478 2601 Ecce
3506 2546 3667 2608 enim.

2106 2640 2305 2710 inquit,
2327 2641 2551 2709 pulchra
2576 2657 2651 2703 es,
2678 2641 2973 2711 prouinqua
3000 2656 3115 2694 mea
3134 2657 3152 2698 .°
3173 2647 3228 2695 et
3248 2639 3670 2710 pulchritudinis

2106 2731 2322 2787 laudem
2360 2731 2747 2802 ingeminans,
2802 2746 2937 2793 ecce,
2988 2731 3188 2801 inquit,
3232 2730 3454 2798 pulchra
3516 2745 3590 2795 es,
3636 2743 3671 2783 ο

2110 2822 2282 2890 virgo.
2333 2818 2601 2875 Jucundis
2637 2819 2784 2874 enim
2816 2835 2875 2875 es
2921 2819 3095 2875 oculis
3134 2818 3360 2889 praedita
3405 2815 3671 2872 columbae

2112 2912 2361 2982 virginis,
2398 2927 2519 2967 cum
2549 2913 2740 2967 oculos
2776 2922 2897 2967 tuos
2945 2912 3012 2966 ab
3052 2925 3236 2967 errore
3280 2909 3564 2973 averteris,
3619 2916 3673 2962 et

2112 3017 2207 3058 eos
2250 3004 2304 3057 in
2345 3018 2429 3057 me
2476 3001 2786 3058 Creatorem
2828 3013 2978 3057 tuum
3034 3002 3358 3057 intenderis.
3394 3000 3673 3056 Columba

2114 3101 2294 3148 autem
2329 3093 2518 3149 oculos
2537 3104 2822 3158 memorat,
2845 3101 2906 3149 ut
2936 3108 3128 3162 purum
3162 3092 3389 3162 virginis
3420 3091 3671 3146 obtutum

2040 3204 2083 3263 ο
2114 3186 2404 3256 signiticet.
2432 3183 2565 3238 Tam
2599 3184 2833 3239 mundos
2866 3185 3009 3239 enim
3040 3184 3227 3239 oculos
3269 3184 3450 3249 habet,
3484 3190 3542 3237 ut
3569 3196 3672 3252 pn-

2114 3278 2248 3334 riter
2272 3276 2696 3348 pulcherrimum
2727 3291 2987 3348 sponsum
3021 3276 3271 3347 aspiciat.

2658 3782 2841 3837 Trium
2876 3785 3096 3836 Patrum
3109 3822 3121 3833 .

2186 3873 2275 3929 Sic
2308 3875 2473 3946 igitur
2499 3890 2752 3944 sponsam
2785 3875 3018 3930 actionis
3047 3874 3281 3944 puritate
3306 3880 3674 3944 praestantem,

2114 3975 2167 4021 et
2197 3968 2671 4036 contemplationis
2704 3968 2824 4023 luce
2855 3969 3228 4037 splendentem
3259 3982 3494 4036 sponsus
3532 3967 3678 4036 aspi-

2114 4058 2265 4112 ciens
2302 4058 2597 4127 alloquitur
2627 4076 2641 4111 :
2680 4056 2809 4112 Ecce
2837 4059 3053 4127 pulchra
3085 4076 3158 4123 cs,
3187 4061 3477 4130 propinqua
3508 4075 3623 4113 mea
3658 4074 3676 4112 :

2115 4162 2225 4199 ecce
2253 4146 2475 4213 pulchra
2516 4163 2567 4199 es
2619 4162 2637 4199 :
2676 4147 2816 4201 oculi
2850 4149 2947 4209 tui,
2985 4149 3257 4202 columbae.
3305 4148 3385 4202 En
3436 4150 3674 4205 formosa

2115 4238 2373 4302 exsistis;
2418 4237 2544 4307 quia
2599 4238 2870 4309 particeps
2912 4255 2971 4294 es
3019 4240 3447 4308 pulchritudinis
3492 4254 3672 4295 mem:

2116 4329 2373 4398 quoniam
2413 4329 2655 4398 pristinae
2697 4330 3094 4386 incredulitatis
3140 4332 3528 4400 turpitudinem
3576 4330 3680 4385 ab-

2112 4414 2319 4483 jccisti,
2356 4422 2430 4478 et,
2468 4415 2769 4472 imitatores
2800 4432 2949 4473 meos
2969 4418 3248 4486 apostolos
3290 4419 3575 4483 imitando,
3609 4418 3676 4475 ad

450 4517 798 4586 μιμήσασθαι
835 4518 958 4580 τοὺς
986 4520 1149 4587 ἐμοὺς
1182 4520 1420 4588 μιμητάς
1478 4519 1828 4581 ἀποστόλους.
1878 4520 2011 4573 Ἰδοὺ
2045 4535 2087 4590 D
2119 4522 2197 4560 “le

1929 4520 2011 4573 ςοὺ
2045 4535 2087 4590 D
2119 4522 2203 4560 me
2237 4521 2331 4575 per
2364 4508 2615 4562 virtutem
2648 4511 3119 4580 appropinquasti.
3166 4512 3307 4568 Ecce
3350 4513 3544 4569 decora
3578 4529 3636 4568 es
3662 4555 3676 4577 ,

446 4607 715 4677 ὑπάρχεις
748 4608 922 4678 ὡραία
953 4608 1027 4670 ὡς
1061 4609 1210 4679 παρά
1259 4609 1365 4662 τῶν
1413 4610 1656 4677 ἀγγέλων
1700 4628 1798 4680 μου
1837 4610 1932 4673 τὰς
1956 4613 2013 4663 ὲν

446 4698 526 4767 τῷ
587 4699 751 4750 παντὶ
809 4699 1116 4769 διδαχθεῖσα
1191 4700 1459 4768 ἐμφάσεις
1526 4718 1648 4769 μου,
1721 4701 2013 4755 κάντεῦθεν

445 4786 785 4860 ὼραῖσθεῖσα
814 4789 908 4841 καὶ
942 4790 1083 4842 κατά
1114 4789 1337 4856 γνῶσιν,
1392 4792 1688 4863 ἐπειδήπερ
1747 4794 1794 4845 οἱ
1839 4792 2015 4862 νοεροὶ

447 4877 719 4947 ὀφθαλμοί
742 4894 836 4931 σου
869 4882 1247 4949 πνευματικοὶ,
1274 4882 1329 4932 ὲν
1358 4882 1435 4951 τῷ
1459 4881 1531 4952 μὴ
1562 4882 1870 4936 ἀπατᾶσθαι
1903 4885 2017 4947 τοῖς

447 4972 506 5022 ὲν
531 4966 821 5037 αἰσθήσεσι
843 4971 1115 5037 τερπνοῖς,
1140 4972 1255 5023 ἀλλ’
1296 4971 1370 5033 ὡς
1411 4975 1467 5024 ὲν
1495 4973 1778 5043 ἐσόπτροις
1804 4973 2017 5038 τούτοις

448 5063 518 5115 τά
549 5060 913 5129 κεκρυμμένα
943 5061 1126 5131 διορᾷν
1152 5062 1317 5131 νοητά
1339 5063 1532 5134 κάλλη.

975 5151 1096 5205 Τῶν
1127 5151 1175 5220 τ’
1206 5152 1500 5221 Πατέρων.

523 5241 673 5311 Πρὸς
695 5239 866 5294 ταῦτα
893 5242 1003 5312 δὲή
1033 5244 1239 5314 νύμφη,
1266 5245 1451 5314 ἐπειδὴ
1478 5247 1630 5316 παρά
1654 5247 1747 5299 τοῦ
1776 5247 2012 5317 νυμφίου

456 5331 880 5404 μεμαρτύρηται
921 5336 1319 5402 πνευματικοὺς
1350 5335 1491 5405 ἔχειν
1523 5337 1855 5409 ὀφθαλμοὺς,
1888 5341 2019 5393 κάν-

451 5424 648 5477 τεῦθεν
706 5422 777 5494 μὴ
808 5424 1233 5493 ἀπατωμένουςο
1300 5427 1437 5480 ἀλλὰ
1490 5428 1550 5480 τὸ
1600 5429 1802 5499 κυρίως
1833 5431 2015 5494 καλὸν,

452 5517 576 5570 ὅθεν
613 5516 648 5585 ή
684 5512 952 5581 ὡραιότης
980 5516 1115 5585 αὐτῇ
1140 5516 1328 5584 γέγονε
1359 5503 1509 5571 κατά
1529 5520 1783 5589 μετοχὴν,
1823 5520 2020 5591 γνωρι-

456 5608 674 5670 ζοντας,
721 5603 839 5656 τάδε
874 5603 1069 5674 φησίν·
1095 5604 1225 5658 Ἰδοὺ
1252 5599 1303 5657 ei
1328 5604 1511 5670 καλὸς,
1549 5605 1859 5673 ἀδελφιδοῦς
1890 5624 1992 5677 μου

457 5693 731 5764 δηλονότι,
767 5694 838 5748 Σὺ
869 5695 1033 5764 μόνος
1072 5695 1137 5749 ἂν
1169 5696 1390 5759 δικαίως
1428 5697 1606 5766 λέγοιο
1634 5697 1795 5762 καλὸς
1822 5700 1850 5751 6
1885 5699 2019 5767 ἀγα-

460 5787 630 5858 πητός
666 5801 789 5856 μου,
823 5780 882 5839 οὗ
915 5786 1054 5841 κατὰ
1120 5788 1347 5859 μετοχὴν
1378 5788 1515 5844 καλὰ
1545 5788 1614 5842 τά
1644 5789 1782 5843 καλά
1811 5806 1820 5817 ·
1858 5789 2017 5858 καξγε

2117 4598 2315 4667 quippe
2356 4614 2477 4669 quae
2520 4600 2588 4654 ab
2632 4601 2836 4670 angelis
2880 4602 3016 4657 meis
3060 4602 3269 4672 species
3314 4614 3437 4661 tuas
3475 4620 3595 4675 quae
3625 4607 3677 4659 in

2117 4691 2320 4744 mundo
2347 4699 2495 4754 sunt,
2555 4692 2820 4759 didicisti,
2850 4700 3013 4762 atque
3057 4696 3129 4749 ita
3163 4697 3476 4766 cognitione
3513 4698 3677 4751 etiam

2117 4788 2171 4835 et
2200 4780 2428 4836 scientia
2468 4796 2525 4835 es
2549 4789 2837 4836 exornata.
2866 4781 3063 4837 Mentis
3092 4784 3238 4838 enim
3268 4786 3412 4841 oculi
3445 4787 3524 4840 tui
3559 4786 3674 4857 spi-

2117 4871 2304 4926 ritales
2335 4873 2497 4927 rebus
2537 4874 2724 4927 sensui
2764 4873 3024 4941 jucundis
3054 4876 3279 4931 minime
3308 4876 3677 4947 decipiuntur,

2119 4963 2212 5019 sed
2234 4963 2287 5016 in
2326 4963 2392 5017 iis
2420 4972 2680 5033 tanquam
2718 4965 2771 5018 in
2800 4966 3023 5035 speculo
3044 4966 3354 5023 reconditas
3371 4969 3679 5038 pulchritu-

2119 5053 2275 5109 dines
2300 5054 2674 5125 intelligibiles
2706 5055 3160 5125 contemplantur.

2675 5145 2853 5200 Trium
2884 5145 3128 5202 Patrum.

2188 5239 2270 5293 Ad
2296 5238 2411 5294 haec
2443 5252 2664 5309 sponsa,
2694 5252 2817 5293 cum
2839 5239 3155 5295 testimonio
3181 5242 3367 5311 sponsi
3404 5242 3677 5312 spiritales

2119 5329 2320 5384 habeat
2343 5329 2536 5384 oculos
2562 5330 2656 5400 qui
2699 5328 2877 5398 decipi
2912 5340 3206 5400 nequeant,
3258 5332 3351 5387 sed
3377 5333 3522 5399 quod
3554 5350 3680 5390 vere

2123 5418 2410 5489 pulchrum
2443 5427 2547 5482 est,
2577 5418 2722 5471 unde
2756 5418 2872 5488 ipsa
2920 5434 3134 5488 quoque
3169 5419 3227 5473 iit
3256 5421 3680 5491 pulchritudinis

2122 5511 2419 5579 particeps,
2454 5509 2797 5581 conspiciant
2843 5528 2857 5564 :
2912 5509 3079 5576 Ecce;
3107 5513 3308 5582 inquit,
3342 5529 3402 5569 es
3435 5516 3676 5583 pulcher,

2122 5615 2321 5671 sponse
2348 5600 2444 5655 mi.
2502 5599 2583 5655 Tu
2639 5601 2791 5656 solus
2841 5600 3112 5666 videlicet,
3144 5602 3266 5673 jure
3320 5606 3543 5674 pulcher
3570 5605 3679 5660 dici

2123 5700 2296 5762 potes,
2330 5692 2527 5747 dilecte
2553 5693 2645 5759 mi,
2679 5693 2837 5763 cujus
2862 5694 3276 5765 participatione
3302 5695 3523 5764 pulchra
3551 5704 3675 5750 sunt
3701 5735 3705 5739 .

2123 5786 2365 5855 pulchra.
2412 5785 2658 5854 Pulcher,
2697 5786 2937 5856 inquam,
2970 5787 3250 5843 inaccessa
3301 5797 3507 5842 natura:
3557 5787 3678 5857 pul-
