4424 6446
755 382 858 444 567

761 587 1076 651 umbrosus,
1113 589 1164 641 in
1209 597 1404 643 natura
1442 602 1629 647 nostra
1667 595 1951 657 nimirum,
1988 599 2039 651 in
2074 615 2180 670 qua
2215 614 2334 656 tau-

759 694 923 747 quam
958 680 1010 733 in
1056 680 1201 735 lecto
1253 683 1542 752 quiescens
1577 695 1628 738 tu
1669 686 1758 740 Dei
1799 696 1852 742 et
1888 688 2066 746 Patris
2109 693 2336 751 lucidis-

761 773 935 826 simus
984 783 1038 826 et
1078 773 1203 830 sine
1229 775 1420 830 umbra
1453 777 1664 842 radius,
1699 795 1794 848 per
1846 783 2094 837 umbram
2121 788 2334 855 aspice-

755 861 856 928 ris,
889 869 1150 934 tanquam
1200 867 1254 920 in
1312 867 1547 938 imagine
1591 874 1890 941 exemplar.
1955 874 2227 940 Quoniam
2277 889 2332 934 et

753 953 953 1011 domus
989 964 1080 1011 tua
1107 973 1227 1022 nos,
1258 958 1505 1016 Ecclesia
1537 963 1796 1018 nimirum
1828 969 2022 1034 quaein
2055 979 2106 1023 te
2135 972 2330 1039 credit,

756 1062 974 1103 sumus.
1041 1050 1204 1118 Tigna
1255 1063 1463 1119 nostra,
1511 1055 1695 1109 cedri:
1752 1057 1854 1111 hoc
1888 1067 1995 1126 est,
2035 1064 2251 1130 pietatis
2281 1076 2333 1120 et

750 1137 1028 1208 religionis
1059 1140 1312 1213 dogmata
1339 1159 1461 1214 qua:
1489 1153 1746 1216 tanquam
1776 1150 1923 1220 tigna
1944 1152 2189 1222 domum,
2226 1157 2328 1213 hoc

751 1239 854 1293 est,
891 1229 1133 1286 ﬁdelium
1181 1232 1484 1290 Ecelesiam
1515 1238 1816 1306 continent,
1876 1248 1932 1297 et
1964 1247 2122 1312 quasi
2155 1249 2326 1314 cedri,

752 1319 968 1376 fortiter
993 1325 1297 1380 constituta
1324 1328 1500 1383 solida
1538 1330 1592 1384 in
1621 1330 1903 1389 Christum
1942 1334 2044 1392 ﬁde
2085 1339 2329 1394 innitun-

749 1425 874 1466 tur:
907 1430 1086 1485 neque
1117 1417 1422 1474 Ecclesiam
1453 1421 1698 1479 assiduis
1733 1425 2002 1481 haaresum
2055 1437 2108 1483 et
2148 1440 2325 1485 tenta—

747 1506 958 1561 tionum
999 1510 1264 1573 motibus,
1309 1513 1476 1566 veluti
1532 1516 1698 1572 variis
1755 1519 2158 1576 vehementium
2221 1525 2325 1577 im-

745 1599 924 1654 brium
984 1610 1147 1671 atque
1207 1614 1495 1660 ventorum
1563 1609 1880 1666 incursibus
1955 1625 2324 1684 oppugnatam

749 1690 1065 1746 labefactari
1101 1708 1164 1749 ac
1202 1712 1361 1750 ruere
1395 1699 1698 1766 patiuntur.
1760 1701 2060 1772 Laquearia
2116 1718 2321 1771 nostra,

747 1785 1001 1851 cupressi.
1036 1785 1341 1855 Laquearia
1375 1791 1577 1844 \ariam
1612 1793 1743 1846 recti
1775 1797 2055 1851 continent
2081 1800 2321 1865 pulchri«

746 1875 1015 1941 tudinem,
1069 1895 1188 1948 qua:
1229 1891 1447 1936 censtat
1484 1899 1546 1939 ex
1601 1887 1870 1941 concinna
1912 1898 1966 1942 ct
2029 1891 2324 1946 fabrefacta
2355 1874 2400 1932 Β

745 1968 1152 2038 contignatione
1188 1973 1538 2040 tabularum;
1586 1992 1706 2044 quae
1748 1979 1968 2046 quidem
2025 1981 2069 2034 si
2111 1998 2176 2035 ex
2223 1999 2322 2036 cu-

745 2072 939 2125 presso
972 2059 1234 2116 confcctaa
1280 2063 1410 2127 sint,
1466 2072 1579 2118 tum
1615 2066 1753 2122 bene
1783 2069 1952 2134 olent,
1988 2080 2102 2124 tum
2137 2081 2324 2141 putre-

742 2149 922 2204 dinem
965 2168 1073 2207 non
1108 2155 1430 2209 admittunt.
1493 2154 1589 2210 liis
1626 2158 1855 2214 virtutes
1918 2171 2046 2214 sunt
2091 2164 2321 2227 similes,

741 2242 944 2308 quibus
992 2245 1463 2312 perturbationum
1521 2259 1576 2301 et
1638 2250 1891 2304 vitiorum
1944 2255 2323 2323 corruptionis

749 2335 1069 2403 expertibus
1135 2347 1436 2391 exornatur
1496 2338 1790 2395 Ecclesia:
1859 2357 2158 2413 earumque
2213 2345 2324 2398 fra-

745 2426 958 2489 grantia
997 2429 1235 2495 spiritali
1265 2444 1710 2502 cunspergunlur
1761 2434 1852 2503 qui
1911 2436 2102 2490 anima:
2139 2454 2323 2492 sensus

745 2515 936 2569 habent
975 2521 1292 2574 exercitatos
1333 2524 1395 2576 ¹⁰.

1431 2612 1617 2668 I’selli.

827 2705 1096 2774 Sponsam
1136 2721 1305 2774 purus
1352 2721 1589 2776 sponsus
1643 2709 1883 2764 laudavit
1919 2728 1931 2763 :
1967 2727 2128 2781 quem
2184 2731 2328 2768 mznc

741 2797 981 2852 vicissim
1017 2812 1220 2866 sponsa
1250 2799 1614 2866 commendat,

822 2887 974 2952 Ecce,
1009 2887 1525 2956 inquiens,pulcher
1564 2906 1639 2956 es,
1664 2907 1820 2959 nepos
1863 2910 2048 2958 meus;
2101 2905 2290 2950 natura
2313 2938 2327 2960 ,

739 2982 1000 3052 inquam,
1033 2997 1092 3036 es
1138 2981 1364 3050 pulcher
1412 2981 1591 3037 :Ecce
1651 2984 1914 3053 formosus
1967 3003 2021 3042 es
2069 3003 2129 3040 ac
2174 2987 2331 3056 plane

740 3072 961 3127 decorus
987 3082 1035 3125 et
1089 3082 1166 3137 tu,
1197 3088 1383 3140 sponse
1413 3074 1504 3127 mi.

810 3166 887 3217 Ac
916 3163 1372 3232 quemadmodum
1396 3166 1613 3235 gctnina
1645 3166 1734 3220 ille
1768 3166 1927 3222 laude
1956 3183 2212 3238 sponsam
2236 3189 2332 3226 ex-

741 3255 900 3310 tulit:
930 3255 1116 3310 sicilla
1139 3255 1343 3325 duplici
1381 3257 1538 3312 laude
1569 3273 1833 3327 Sponsum
1867 3261 2040 3315 elTert.
2066 3261 2321 3327 Pulcher,

742 3348 1018 3417 inquiens.
1037 3363 1120 3414 es,
1135 3363 1353 3418 sponse,
1369 3356 1533 3418 atque
1548 3349 1841 3406 formosus.
1863 3351 2122 3421 Nepotem
2142 3364 2320 3408 autem

743 3453 948 3507 sponsa
1002 3437 1293 3492 Dominum
1345 3441 1610 3508 appellat,
1656 3455 1775 3493 eam
1833 3443 2066 3497 innucns
2109 3454 2317 3512 partem

742 3529 919 3597 ipsius
951 3544 1047 3599 per
1086 3545 1250 3600 quam
1290 3531 1365 3584 illi
1416 3532 1724 3601 propinqua
1764 3546 1869 3600 est,
1924 3552 2044 3605 qua:
2086 3539 2323 3606 pertinet

745 3621 811 3674 ad
840 3623 1257 3689 humanitatem,
1288 3639 1449 3693 quam
1501 3625 1720 3695 quidem
1779 3627 1922 3680 infra
1978 3630 2192 3698 planius
2229 3646 2324 3684 cx-

747 3713 975 3781 plicahit
1007 3731 1020 3766 :
1064 3729 1327 3783 sponsum
1361 3715 1506 3769 enim
1541 3719 2014 3787 sponsa‘vicissim
2072 3720 2320 3783 laudans,

743 3806 825 3860 sic
865 3805 930 3857 ad
966 3819 1090 3858 eum
1123 3807 1305 3861 statim
1342 3807 1514 3862 dicit:
1567 3809 1646 3863 Ad
1681 3811 1877 3864 lectum
1926 3819 2172 3864 nostrum
2203 3827 2320 3865 um-

741 3898 961 3954 brosus.

813 4191 895 4245 Ad
951 4190 1219 4255 inﬁmum,
1275 4193 1488 4263 inquit,
1539 4196 1735 4249 lectum
1784 4203 2034 4250 nostrum
2083 4193 2167 4250 sic
2228 4210 2319 4248 ai;-

745 4285 1004 4350 cessisti,
1080 4297 1140 4340 ut
1185 4285 1370 4340 dedita
1441 4303 1607 4357 opera
1684 4288 1983 4343 divinitatis
2048 4287 2318 4357 fulgorem

745 4378 1127 4432 obumbrares.
1177 4376 1291 4431 Nisi
1348 4395 1464 4433 eam
1505 4389 1558 4433 tu
1593 4380 1659 4434 iis
1713 4380 2016 4435 rationibus
2048 4398 2169 4450 qua:
2213 4381 2308 4434 tibi

745 4471 848 4523 soli
887 4472 1117 4540 cognita:
1154 4481 1306 4534 sunt,
1359 4471 1762 4536 abscondisses,
1805 4474 1990 4528 divino
2033 4474 2323 4542 splendore

2029 399 2444 464 MICHAELIS
2492 407 2752 469 PSELLI
3917 434 4023 498 568

757 494 1094 552 cirritudine.
1134 495 1224 552 Sic
1257 499 1420 568 igitur
1451 501 1704 570 pulcher,
1745 503 1810 556 a.l
1861 505 2058 560 lectum
2094 522 2340 566 nostrum
2371 519 2414 576 Α
2446 519 2504 590 ὡς

1601 518 1704 566 ιον,
1745 503 1810 556 ad
1861 505 2058 560 lectum
2094 522 2340 566 nosmnn
2371 519 2414 576 Α
2446 519 2645 590 ὡραῖος
2678 523 2753 592 τῷ
2793 524 3072 597 ἁπροσίτῳ
3105 529 3292 586 κάλλει
3320 553 3347 587 τ

3917 462 4012 498 υοε

3353 535 3416 605 ἧς
3446 537 3652 601 οὐσίας.
3672 539 3730 595 Ὀ
3762 544 3892 611 γοῦν
3922 549 4016 599 οὖ-

2443 631 2552 676 τως
2573 615 2771 684 ὡραῖος
2803 619 2936 689 πρδς
2966 621 3158 690 κλίνην
3228 626 3387 693 ἡμῶν
3437 630 3682 696 σύσκιος,
3714 635 3832 705 ἦτοι
3863 638 3920 689 ἐν
3948 642 4013 704 τῇ

2442 708 2690 779 ἡμετέρᾳ
2751 710 2929 776 φύσει,
2957 715 3041 782 ἐφ’
3073 710 3206 789 ﬁdi;
3253 720 3346 771 ἐπὶ
3371 719 3528 793 κλίνῃ
3557 723 3812 797 ἀναπαύῃ
3844 729 3875 797 ἡ
3919 731 4014 782 τοῦ

2443 798 2578 851 Θεοῦ
2604 800 2699 852 καὶ
2732 801 2942 873 Harpe;
2965 799 3290 879 ὀλολαμπὴς
3309 813 3401 864 καὶ
3418 813 3609 875 ἇσκιος
3639 819 3814 880 ἀκτὶς,
3850 837 4013 873 σκιω-

2441 890 2546 954 δὼς
2576 893 2675 962 ὁρᾷ
2711 893 2784 956 ὡς
2815 897 2874 948 ἐν
2899 898 3067 950 εἰκόνι
3091 900 3419 969 ἀρχέτυπον.
3457 906 3612 959 Ἐπεὶ
3651 908 3706 960 δὲ
3737 911 3828 962 καὶ
3853 915 4013 981 οἰκη-

2441 983 2627 1053 τήριόν
2661 1002 2752 1037 σου
2817 989 3054 1059 ἡμεῖς,η
3090 990 3430 1047 πιστεύσασα
3460 997 3540 1058 είς
3582 998 3640 1049 σε
3689 1000 4005 1068 Ἐκκλησία,

2440 1076 2626 1145 ἐσμὲν,
2654 1079 2828 1131 Δοκοὶ
2859 1079 3266 1150 ἡμῶνκέδρον
3307 1085 3494 1156 ἤγουν,
3514 1089 3579 1140 τὰ
3609 1091 3706 1159 τῆς
3736 1092 4015 1156 εὐσεϐείας

2437 1170 2705 1239 δόγματα,
2734 1172 2769 1226 δι
2790 1173 2946 1244 δίκην
2976 1176 3148 1229 δοκῶν
3185 1180 3531 1250 συνεχουσῶν
3553 1184 3748 1246 οἰκίαν,
3787 1185 3883 1256 τὴν
3909 1188 4015 1241 τῶν

2440 1263 2646 1316 πιστῶν
2693 1264 3021 1336 Ἐκκλησίαν
3069 1272 3406 1342 συνέχουσιν,
3463 1274 3557 1326 καὶ
3601 1270 3798 1346 οἷάπερ
3824 1277 4002 1346 κέδροι

2438 1356 2670 1425 ἐδραίως
2708 1358 3064 1428 ἐρριζωμένοι
3096 1365 3162 1433 τῇ
3193 1366 3272 1427 εἰς
3325 1367 3562 1434 Χριστὸν
3598 1368 3803 1437 στερῥᾷ
3833 1370 4013 1422 πίστει

2437 1447 2784 1516 ἡδραίωνται·
2824 1451 2915 1503 καὶ
2947 1453 3068 1514 ταῖς
3106 1456 3578 1524 προσϐαλλούσαις
3611 1460 3676 1527 τῇ
3712 1459 4010 1530 Ἐκκλησία

2436 1542 2592 1610 δίκην
2654 1543 2901 1614 σφοδρῶν
2932 1547 3102 1598 ὑετῶν
3141 1549 3234 1600 καὶ
3273 1549 3495 1617 ἀνέμων
3542 1555 3765 1620 συχναῖς
3796 1555 4009 1619 ἐπαγω-

2435 1637 2558 1701 γαῖς
2629 1635 2739 1687 τῶν
2795 1637 3069 1708 διαφόρων
3118 1640 3384 1707 αἱρέσεὼν
3417 1660 3476 1694 τε
3507 1644 3602 1696 καὶ
3659 1645 4006 1713 πειρασμῶν,

2433 1726 2532 1778 οὐκ
2578 1725 2707 1778 ἐῶσι
2745 1726 2954 1797 ταύτην
3003 1733 3361 1786 καταπεσεῖν.
3432 1733 3800 1802 Φατνὼματα
3841 1735 4009 1802 ἡμῶν

2433 1817 2802 1887 κυπάρισσοι
2835 1837 2846 1848 ·
2879 1822 3217 1890 φατνώματα
3245 1824 3300 1877 δέ
3326 1826 3432 1878 είσι
3455 1826 3896 1881 διαποικίλλουσα
3928 1849 4009 1892 τις

2429 1909 2488 1962 τὸ
2510 1911 2608 1976 τῆς
2633 1911 2839 1980 ὀροφῆς
2864 1912 3058 1975 κάλλος
3078 1914 3400 1985 ἐναρμόνιος
3417 1918 3512 1969 καὶ
3539 1917 3826 1987 γλυφὼδης
3848 1919 4008 1986 πῆξις

2431 2003 2682 2056 σανίδων·
2711 2005 2878 2073 αἴπερ
2909 2005 3002 2057 ἐὰν
3031 2000 3165 2058 ὦσιν
3189 2009 3251 2060 ἐκ
3283 2011 3664 2078 κυπαρίσσων.
3688 2011 3748 2062 τδ
3775 2010 4004 2062 εὔπνουν

2429 2097 2635 2163 ἔχουσι,
2664 2097 2757 2148 καὶ
2776 2099 3073 2166 σηπεδόνος
3095 2101 3283 2169 σχεδόν
3312 2103 3449 2153 είσιν
3483 2103 3869 2170 ἀπαράδεκτοι.
3903 2097 4005 2156 Ὧν

2427 2187 2583 2254 δίκην
2614 2189 2669 2240 αἱ
2705 2188 2896 2258 ἀρεταὶ
2939 2189 3037 2256 τὴν
3077 2189 3409 2259 Ἐκκλησίαν
3449 2192 3878 2261 καθωραῒζουσι,
3908 2193 4001 2245 καὶ

2426 2279 2526 2346 τῆς
2584 2279 2690 2331 τῶν
2752 2277 2943 2332 παθῶν
3001 2281 3295 2347 σηπεδόνος
3365 2283 3504 2335 εἰσὶν
3563 2283 3934 2353 ἀπαρὰδεκτοι
3975 2300 3989 2314 ·

2432 2372 2524 2424 καὶ
2551 2369 2779 2424 εὐωδίαν
2810 2371 3188 2440 πνευματικὴν
3229 2374 3422 2443 ἀφιᾶσι
3452 2378 3564 2441 τοῖς
3593 2375 4006 2446 γεγυμνασμέ-

2429 2479 2558 2527 νοις
2601 2466 2674 2517 rd
2711 2464 2821 2532 τῆς
2842 2464 3053 2532 ψυχῆς
3085 2468 3472 2535 αἰσθητήρια.

3091 2645 3289 2697 Talia
3299 2643 3330 2695 ὗ
3339 2684 3351 2695 .

2503 2734 2614 2804 Τὴν
2666 2732 2886 2804 νύμφην
2939 2737 3320 2796 ἐπαινέσαντος
3356 2735 3452 2788 τοῦ
3493 2735 3738 2806 καθαροῦ
3770 2736 4001 2806 νυμφίου

2445 2825 2928 2896 Ἀνταποκρίνεται
2959 2827 3145 2880 λοιπὸν
3173 2826 3398 2895 κάκείνη
3430 2827 3520 2878 τὸν
3559 2827 3810 2896 νυμφίον,

2513 2917 2669 2972 Ἰδοὺ
2697 2920 2885 2984 καλὸς
2908 2920 3006 2973 καί
3034 2937 3099 2986 γε
3127 2919 3338 2987 ὡραῖος
3355 2917 3676 2986 ἀδε.ῑς;ιδός
3700 2933 3838 2988 μου·
3863 2919 4004 2986 φημὶ

2431 3009 2486 3062 δὲ
2519 3009 2677 3078 φύσει
2703 3009 2919 3079 ὡραῖος.
2974 3009 3122 3063 Ἰδοὺ
3149 3008 3336 3074 καλὸς
3367 3008 3465 3063 καὶ
3495 3008 3579 3061 σὺ
3598 3008 3935 3078 τυγχάνεις,
3958 3002 4005 3062 ὦ

2433 3099 2671 3167 νυμφίε.

2508 3189 2721 3256 Ὥσπερ
2750 3187 2793 3239 δ’
2820 3190 3029 3250 ἐκεῖνος
3065 3189 3254 3260 εἴρηκε
3287 3188 3508 3252 διπλοῦς
3540 3189 3676 3258 αὐτῇ
3724 3189 3998 3251 ἐπαίνους,

2433 3279 2588 3333 Οῦτω
2617 3279 2834 3342 διπλοῦς
2867 3281 3189 3348 ἀντείρηκεν
3219 3281 3399 3348 ἐκείνη
3427 3282 3551 3341 τοὺς
3585 3279 3856 3342 ἐπαίνους,

2427 3373 2630 3435 Καλὸς,
2667 3371 2918 3431 εἰποῦσα,
2958 3372 3229 3439 πέφυκας,
3260 3366 3304 3423 ὡ
3327 3373 3548 3440 νυμφίε,
3575 3372 3665 3424 καὶ
3691 3371 3910 3440 ὡραῖος.

2441 3462 2782 3529 Ἀδελφιδοῦν
2821 3463 2866 3514 δ’
2893 3461 3181 3531 ὠνόμασεν
3211 3463 3242 3530 ἡ
3270 3461 3455 3530 νύμφη
3506 3461 3596 3515 τον
3625 3462 3924 3531 Δεσπότην,

2428 3555 2539 3623 Τὴν
2580 3553 2688 3606 ἀπὸ
2731 3555 2827 3623 τῆς
2873 3553 3203 3624 σαρκώσεως
3254 3551 3416 3605 αὐτοῦ
3459 3552 3593 3621 πρὸς
3625 3553 3747 3614 τοὺς
3793 3551 3998 3619 ἀνθρὼ-

3776 3643 3931 3715 [παυς

2427 3733 2785 3802 Λίνιττομένη
2811 3734 3102 3804 προφανῶς
3124 3732 3454 3803 συγγενικὴν
3486 3734 3679 3803 μερίδα
3702 3750 3717 3764 ο

2433 3826 2534 3878 Ἱῐν
2569 3825 2804 3892 μάλιστα
2829 3825 3162 3895 πλατύτερον
3194 3825 3438 3877 κάτωθεν
3469 3823 3786 3894 διδαχθήση.

2438 3920 2893 3990 ’Λντεπαινέσασα
2955 3923 3048 3972 καὶ⁷
3101 3919 3207 3989 γὰρ
3261 3921 3294 3990 η
3351 3920 3536 3989 νύμφη
3605 3920 3696 3972 τον
3745 3921 3996 3987 νυμφίον,

2429 4009 2580 4076 φησὶ,
2617 4009 2708 4060 καὶ
2735 3989 2908 4060 ταῦτα
2933 4009 3208 4078 παρευθὺς
3240 4009 3374 4079 πρὸς
3399 4010 3490 4060 τὸν
3527 4009 3688 4062 αὑτὸν
3743 4011 3994 4078 νυμφίον·

2428 4103 2571 4171 Πρὸς
2607 4103 2800 4172 κλίνην
2824 4101 2978 4171 ἡμῶν
3010 4103 3252 4164 σύσκιος.

2498 4189 2721 4254 Ἶιλθες,
2747 4196 2900 4261 φησί,
2935 4191 3071 4261 πρὸς
3118 4193 3214 4261 τὴν
3254 4190 3414 4261 ἡμῶν
3443 4190 3846 4260 ἀσθενεστάτην
3883 4191 3997 4241 κλί-

3772 4281 3890 4353 [νην
3913 4322 3925 4345 ,

2427 4378 2536 4447 Τὴν
2570 4376 2854 4446 ἀστραπὴν
2891 4375 2987 4444 τὴν
3023 4374 3209 4445 θεῖκὴν
3242 4376 3507 4444 ἐντέχνως
3535 4375 3852 4437 συσκιάσας.

2426 4469 2489 4521 Εἰ
2521 4467 2594 4537 μὴ
2630 4466 2737 4538 γὰρ
2774 4467 3014 4536 ἔκρυψας
3075 4465 3244 4533 αὐτὴν
3280 4460 3360 4526 οἷς
3393 4461 3540 4527 οἶδας
3571 4466 3791 4534 τρόποις
3817 4464 3994 4533 μόνος,

745 4563 886 4618 forte
934 4565 1247 4633 consumpti
1298 4579 1567 4618 essemus.
1619 4565 1772 4630 Quod
1835 4567 2056 4635 quidem
2115 4577 2316 4634 totum,
2355 4553 2397 4607 ί)
2427 4559 2492 4612 Τά

2142 4577 2316 4634 “tum,
2355 4553 2397 4607 ί)
2427 4557 2558 4628 Τάχ⁹
2600 4557 2665 4610 ἂν
2699 4554 3162 4625 κατηναλὼθημεν
3191 4556 3246 4620 ἐξ
3277 4556 3563 4624 ἀστραπῆς
3591 4556 3686 4622 τῆς
3724 4555 3889 4616 θείας·

748 4655 928 4713 Verbo
974 4658 1315 4712 divinitatem
1360 4659 1596 4725 celante,
1635 4657 1835 4713 factum
1865 4669 1969 4715 est.
2005 4660 2142 4715 Cum
2177 4661 2317 4714 enim

747 4751 908 4803 amici
944 4751 1037 4820 qui
1069 4766 1328 4822 sponsam
1365 4751 1731 4815 deducebant,
1765 4760 1824 4805 ut
1867 4768 2033 4821 supra
2065 4753 2316 4808 declara-

745 4840 948 4904 vimus,
994 4856 1058 4896 ex
1108 4851 1364 4912 argentea
1394 4858 1616 4897 auream
1661 4843 2051 4907 reddidissent,
2089 4852 2143 4896 et
2193 4853 2315 4896 tan-

746 4946 908 5001 quam
941 4933 1201 4987 lectulum
1236 4934 1444 5002 regium
1478 4950 1716 5003 purpura
1747 4943 1999 4989 ornatum
2030 4935 2320 4990 instruxis-

743 5031 894 5087 sent;
929 5023 1078 5077 ineo
1102 5023 1212 5079 Rex
1251 5025 1529 5079 accubuit.
1583 5024 1772 5095 Itaque
1819 5041 2021 5095 sponsa
2076 5025 2312 5079 admira-

743 5110 923 5165 hunda
978 5112 1059 5167 sic
1105 5128 1226 5167 eum
1289 5114 1631 5184 alloquitur:
1677 5116 1756 5169 Ad
1806 5116 2002 5169 lectum
2042 5125 2311 5181 nostrum,

743 5207 1060 5264 umbrosus.
1095 5216 1153 5261 ut
1185 5207 1360 5270 libuit,
1394 5208 1702 5264 accessisti.
1738 5209 1960 5273 Verum,
1997 5225 2119 5279 qua:
2162 5209 2316 5264 dein-

745 5312 874 5366 ceps
913 5297 1225 5354 inCanticis
1249 5307 1569 5369 sequuntur,
1607 5301 1918 5355 audiamus.
1957 5300 2137 5369 Pergit
2167 5301 2312 5354 enim

744 5386 926 5442 adhuc
973 5403 1174 5458 sponsa
1218 5404 1482 5460 sponsum
1524 5391 1748 5460 alloqui,
1785 5391 1980 5461 Tigna,
2034 5393 2311 5460 inquiens,

743 5484 957 5540 nostra,
1011 5479 1198 5534 cedri:
1231 5480 1531 5550 laquearia,
1583 5485 1850 5553 cupressi.
1895 5483 2127 5549 Quando
2169 5499 2314 5538 nunc

744 5565 815 5620 ad
854 5582 978 5633 nos,
1018 5583 1051 5623 ο
1085 5583 1302 5639 sponse,
1345 5572 1565 5647 venisti,
1601 5573 1780 5626 nullos
1811 5571 2049 5641 amplius
2080 5573 2312 5625 horren-

743 5658 844 5714 dos
896 5659 1142 5726 imbres,
1195 5664 1372 5718 nullos
1430 5665 1749 5720 torrentium
1807 5664 2081 5734 impetus,
2135 5663 2315 5716 nullos

818 5838 865 5872 ⁸⁸
885 5838 1048 5897 Hebr.
1081 5859 1133 5909 ν,
1175 5843 1256 5898 Η.

2425 4652 2582 4703 Ὄλον
2608 4649 2664 4702 δὲ
2690 4647 2844 4701 τοῦτο
2888 4649 3100 4715 πέφυκε
3123 4648 3215 4699 τοῦ
3245 4649 3420 4714 Λόγου
3450 4647 3508 4700 τὸ
3539 4646 3854 4716 κρυψίνουν.

2433 4744 2582 4797 Ἐπεὶ
2602 4742 2710 4811 γὰρ
2743 4742 2792 4794 οἱ
2817 4740 3179 4810 νυμφαγωγοὶ
3202 4741 3292 4792 καὶ
3319 4740 3461 4806 φίλοι
3500 4739 3592 4791 τοῦ
3620 4739 3874 4807 νυμφίου,

2432 4834 2519 4896 Ὠς
2545 4831 2750 4887 ἄνωθεν
2782 4831 3082 4901 εἰρήκαμεν
3103 4831 3193 4882 τὸν
3232 4830 3390 4896 λόγον
3415 4830 3543 4898 περὶ
3577 4828 3795 4890 τούτου,

2429 4921 2943 4992 ’Υπαργυρίζουσαν
2976 4922 3148 4990 αὐτὴν
3180 4920 3501 4990 ἐχρύσωσαν
3536 4924 3647 4982 τοῖς
3675 4921 3917 4986 τρόποις,

2417 5015 2526 5068 Καὶ
2557 5013 2741 5082 κλίνην
2778 5013 3183 5082 ἀπειργάσαντο
3215 5011 3499 5081 βασιλικὴν
3538 5011 3842 5080 πορφύραν·

2429 5105 2786 5174 Ἐπανεκλίθη
2812 5104 3102 5175 τοιγαροῦν
3135 5105 3162 5156 ὀ
3193 5103 3453 5166 Βασιλεὺς
3488 5105 3544 5155 ὲν
3574 5103 3768 5171 ταύτῃ.

2415 5199 2615 5252 Λοιπὸν
2641 5200 2673 5262 ἠ
2705 5198 2892 5267 νύμφη
2937 5197 3070 5266 πρὸς
3125 5197 3284 5248 αὐτον
3349 5195 3768 5266 ὲκθαμϐουμένη
3801 5195 3946 5262 λέγει
3973 5209 3985 5223 '

2416 5292 2559 5359 Πρὸς
2598 5290 2784 5359 κλίνην
2806 5285 2968 5360 ἦλθες
2998 5289 3218 5350 σύσκιος
3250 5289 3381 5358 ἡμῖν
3411 5287 3486 5350 ὡς
3516 5287 3846 5356 ἠϐουλήθης.

2435 5383 2576 5435 Ἀλλ’
2609 5380 2971 5449 ἀκουσὼμεθα
3000 5380 3182 5432 λοιπὸν
3221 5379 3441 5432 καὶτῶν
3479 5377 3606 5446 ἑξῆς
3648 5379 3954 5448 ’ᾼσμὰτων.

2421 5477 2558 5545 Φησὶ
2582 5475 2690 5542 γὰρ
2729 5474 2809 5524 ἔτι
2837 5472 2972 5542 πρὸς
3003 5472 3166 5524 αὐτὸν
3203 5472 3235 5541 ἡ
3264 5472 3448 5542 νύμφη
3479 5473 3568 5524 τον
3603 5472 3837 5538 νυμφίον
3867 5485 3879 5497 ·

2424 5570 2580 5622 Δοκοὶ
2613 5565 2769 5636 ἡμῶν
2820 5565 3021 5633 κέδροι,
3079 5563 3417 5634 φατνώματα
3440 5564 3595 5634 ἡμῶν
3631 5564 3982 5632 κυπάρισσοι.

2436 5662 2608 5729 Ἐπεὶ,
2643 5659 2825 5729 φησὶν,
2863 5657 3122 5727 ἐλήλυθας
3147 5656 3241 5711 νῦν
3268 5657 3404 5728 πρὸς
3428 5658 3596 5727 ἡμᾶς,
3624 5656 3845 5725 νυμφὶε,
