4424 6446
376 403 478 464 .569

375 517 570 569 (ρῦκέτι
596 515 947 587 δεδιττόμεθα
981 517 1181 588 BQC-xi;
1205 517 1662 586 tava;"ﬁa‘{8a€1;,

374 608 512 659 Οὔτε
554 608 798 676 κινήσεις
829 609 1085 678 ποταμῶν
1131 609 1238 661 τῶν
1276 609 1530 678 πονηρῶν
1565 605 1872 676 ῥευμάτων,

384 699 524 751 Ἀλλ’
543 699 662 752 οὐδὲ
693 701 946 764 πνεύσεις
980 699 1070 753 τοῦ
1104 701 1275 773 βορρᾶ.
1319 699 1627 769 πνεύματος
1680 694 1946 747 ἐναντίου.

384 793 514 860 Ἔμέ
542 794 649 861 γὰρ
682 794 749 862 ἢν
784 794 1082 860 εὐδόκησας
1111 790 1254 847 εἷναί
1292 810 1382 845 σου
1415 791 1720 853 κατοικίαν,

365 885 570 958 ⁴Καλῶς
596 887 1026 956 ὲπιρκοδόμησας
1061 892 1116 940 ὲν
1148 887 1381 957 σεαυτῷ,
1407 885 1606 954 νυμφίε
1628 929 1642 950 ,

382 978 441 1030 ’0
467 977 611 1041 λίθος
640 978 808 1044 ὄντως
836 983 864 1033 ὁ
889 981 1121 1051 τερπνξς
1152 982 1244 1032 καὶ
1274 980 1374 1048 τῆς
1400 980 1542 1047 ζωῆς
1572 983 1602 1050 ὴ
1642 980 1838 1049 πέτρα.

375 1069 537 1122 Ὅθεν
564 1070 810 1140 δοκῶμεν
836 1074 959 1134 τοὺς
989 1072 1176 1134 δοκοὺς
1196 1072 1350 1142 ἡμῶν
1387 1071 1665 1142 κεδρίνους
1705 1068 1870 1134 εῖναι,

372 1163 479 1215 Καὶ
517 1163 679 1217 πάλιν
710 1165 776 1218 τὰ
805 1163 1142 1233 φατνώματα
1187 1163 1418 1232 δένδρων
1449 1167 1512 1216 ἐκ
1559 1163 1937 1234 κυπαρίσσων.

385 1255 546 1308 Ἐπεὶ
581 1256 710 1324 γοῦν
731 1257 1136 1327 ἐμνημόνευσεν
1156 1257 1338 1309 ἐνθάδε
1365 1257 1667 1320 κατοικίας,

367 1348 477 1401 Καὶ
505 1350 882 1419 φατνωμάτων
915 1350 1008 1401 καὶ
1027 1349 1198 1402 δοκῶν
1228 1350 1326 1402 οὐκ
1352 1351 1501 1402 εἴασε
1529 1352 1835 1420 μνησθῆναι
1858 1367 1870 1379 ·

368 1439 439 1490 Σὺ
470 1439 526 1492 δέ
553 1457 642 1508 μοι
671 1439 740 1492 τὰ
771 1438 1106 1509 φατνώματα
1159 1441 1255 1493 καὶ⁸
1298 1443 1424 1504 τοὺς
1464 1441 1653 1502 δοκοὺς
1705 1440 1940 1506 ἁκούων,

368 1530 475 1581 Καὶ
508 1530 708 1598 ἀρετὰς
752 1531 1005 1600 ἐννόησον
1039 1531 1330 1598 τυγχάνειν
1361 1531 1534 1583 ταῦτα
1560 1533 1737 1586 πάντα
1757 1551 1768 1563 ·

377 1620 466 1672 Ἑν
503 1615 784 1684 αἷςέλθὼν
816 1623 1110 1688 ἐστέγασεν
1139 1621 1306 1692 αὐτὴν
1331 1622 1358 1674 ὁ
1393 1623 1536 1685 θεῖος
1570 1624 1765 1688 Λόγος,

362 1713 472 1766 Καὶ
495 1714 817 1784 πειρασμῶν
847 1715 1164 1767 ἁνένδεκτον
1190 1715 1490 1784 εἰργάσατο
1520 1715 1765 1778 τελείως.

375 1804 632 1874 Ἀνέμους
661 1805 838 1858 τοίνυν
861 1806 956 1858 καὶ
983 1805 1182 1875 βροχὲις
1207 1806 1238 1877 ἢ
1267 1807 1546 1875 ποταμοὺς
1586 1807 1825 1870 ἀκούων,

359 1895 644 1964 Δαιμόνιον
676 1895 846 1948 ταῦτα
875 1897 1221 1964 πειρασμοὺς
1271 1897 1507 1962 γίνωσκε
1539 1900 1865 1962 πεφυκέναι.

445 2009 587 2076 Ἐγὼ
609 2007 794 2076 ἄνθος
818 2009 925 2064 τοῦ
953 2010 1185 2065 πεδίου.
1214 2012 1426 2078 κρίνον
1461 2011 1864 2081 κοιλωμάτων.

885 2147 1009 2200 Τῶν
1041 2153 1087 2216 γ
1114 2147 1408 2214 Πατέρων.

432 2281 612 2346 Ἤτοι,
653 2283 795 2351 Ἐγὼ
824 2286 856 2355 ἡ
888 2287 944 2352 ἐξ
980 2288 1193 2359 Ἰσραὴλ
1217 2291 1387 2356 καὶὲξ
1419 2290 1588 2344 ἐθνῶν
1623 2291 1936 2361 Ἐκκλησία,

359 2372 502 2424 κατὰ⁵
527 2375 626 2442 μὲν
659 2377 785 2440 τοὺς
815 2380 873 2444 ἐξ
919 2379 1156 2450 Ἰσραὴλ,
1192 2383 1268 2444 ὡς
1318 2384 1469 2452 νόμῳ
1506 2383 1600 2436 καὶ
1624 2387 1938 2454 προφήταις

355 2465 613 2530 ἀπιστίας
673 2471 767 2522 καὶ
819 2471 1017 2534 κακίας
1085 2473 1592 2543 προκαθαρθέντας,
1641 2475 1936 2530 κάντεῦθεν

357 2551 514 2622 δίκην
566 2555 751 2609 πεδίου
796 2561 1322 2629 προομα>.ισθέντας,
1369 2565 1462 2616 καὶ
1503 2565 1602 2618 οὐκ
1656 2567 1749 2617 ἐπὶ
1801 2565 1936 2619 πολὺ

355 2644 450 2696 τοῦ
509 2644 676 2700 καλοῦ
712 2650 1112 2720 ἀφεστηκότας,
1135 2655 1345 2725 ῆνθησα
1380 2660 1445 2726 τῇ
1481 2659 1677 2728 ἀρετῇ,
1709 2659 1798 2710 τὸν
1830 2659 1934 2727 δμ-

359 2736 489 2807 Ερον
522 2743 838 2806 γνωστικῶς
859 2745 1125 2816 δεξαμένη
1156 2747 1247 2799 τὸν
1284 2748 1606 2816 ἐπουράνιον
1639 2765 1650 2777 ·
1688 2752 1826 2804 κατά
1878 2751 1935 2802 δὲ

355 2829 481 2891 τοὺς
515 2831 572 2896 ἐξ
605 2831 794 2896 ἐθνῶν,
828 2835 907 2896 ὼς
950 2837 1039 2890 διὰ
1089 2839 1190 2908 τὴν
1259 2838 1486 2909 πρώτην
1533 2842 1791 2895 ἀπιστίαν
1831 2843 1933 2912 τῆς

357 2925 588 2992 φυσικῆς
635 2927 970 2996 ὁμαλότητος
1025 2931 1414 3000 στερηθέντας,
1469 2937 1562 2987 καὶ
1599 2937 1679 3007 τῷ
1704 2938 1936 3007 χειμῶνι

355 3011 459 3065 τῶν
513 3013 702 3068 παθῶν
754 3019 1169 3082 κοιλανθέντας·
1199 3017 1400 3094 οἵαπερ
1460 3026 1644 3096 κρίνον
1695 3028 1803 3079 ἀπὸ
1841 3026 1934 3080 τοῦ

356 3103 536 3158 κοίλου
567 3108 705 3176 πρὸς
736 3107 796 3160 τὸ
827 3110 1033 3178 ὑψηλὸν
1062 3113 1384 3181 ἀναθάλλον,
1411 3119 1503 3168 καὶ
1535 3119 1620 3185 ἐφ’
1651 3119 1834 3172 ἱκανὸν
1867 3121 1932 3171 ἐκ

1395 397 1774 462 ρι’)ΜΜτΕΝΤ.
1798 394 1875 455 ΙΝ
1899 393 2288 454 (ΣΑΝΤΙΕΗΜ
2313 392 2604 452 (ΣΑΝΤΞΟ.

1972 508 2027 570 Α
2053 509 2286 564 furentis
2313 509 2496 563 Boreae
2538 509 2698 562 llatus
2725 507 3154 562 extimescimus.
3184 504 3267 560 lle
3292 503 3437 559 enim
3465 521 3630 575 quam

1970 1851 2018 1910 B

2057 601 2154 654 tibi
2216 600 2550 653 domiciliuut
2613 614 2733 653 esse
2797 599 3036 663 voluisti,
3103 597 3360 667 praeclare
3421 597 3474 650 in
3551 604 3630 656 te.

2051 707 2291 762 sponse,
2349 691 2740 755 exaediﬁcasti,
2777 691 2869 760 qui
2913 705 3039 744 vere
3087 691 3222 760 lapis
3278 705 3338 744 es
3395 687 3623 757 pulcher

2049 797 2103 843 et
2136 787 2259 842 vita:
2287 796 2459 854 petra.
2516 784 2750 839 Cedrina
2805 791 2932 838 sunt
2969 783 3112 850 tigna
3147 790 3358 842 nostra,
3385 793 3618 848 cupres-

2051 883 2170 938 sina
2231 878 2528 949 laquearia.
2609 877 2878 941 Quoniam
2944 874 3033 928 hic
3091 874 3290 926 domus
3349 880 3435 926 est
3482 873 3627 925 facta

2050 971 2276 1037 mentio,
2319 971 2386 1024 de
2421 969 2588 1039 tignis
2625 968 2787 1020 etiam
2839 975 2892 1019 et
2939 963 3292 1033 laquearibus
3354 961 3623 1031 loquitur.

2050 1066 2178 1129 Qua:
2213 1062 2432 1131 quidem
2467 1059 2648 1113 omnia
2683 1067 2737 1112 tu
2781 1073 2879 1125 pro
2913 1056 3210 1110 virtutibus
3250 1053 3461 1123 accipe.
3497 1051 3621 1122 quii-

2051 1157 2152 1210 bus
2189 1169 2307 1209 eam
2345 1152 2581 1207 Verbum
2615 1151 2935 1215 adveniens,
2998 1148 3264 1201 adversus
3317 1151 3514 1198 ventes
3571 1148 3626 1193 et

2049 1247 2249 1300 imbres
2285 1253 2338 1300 ct
2375 1243 2617 1311 ﬂumina,
2649 1244 2701 1298 id
2731 1251 2837 1309 est,
2873 1247 3066 1295 contra
3101 1236 3432 1293 tentationes
3457 1247 3620 1287 com-

2047 1339 2301 1393 munivit.

2221 2026 2333 2097 Ego
2374 2027 2475 2096 ﬂos
2501 2039 2696 2092 campi,
2731 2024 2902 2077 lilium
2926 2024 3270 2077 convallium.

2597 2163 2776 2218 Trium
2811 2162 3067 2216 Patrum.

2115 2298 2225 2368 Ego
2289 2296 2510 2366 quidem
2552 2293 2794 2349 Ecclesia
2831 2308 2896 2347 ex
2931 2291 3189 2347 lsraelitis
3222 2300 3277 2345 et
3327 2306 3394 2344 ex
3445 2289 3623 2359 genti-

2042 2393 2143 2446 bus
2175 2396 2540 2459 congregata;
2600 2394 2863 2455 quantum
2912 2387 3147 2454 pertinet
3199 2384 3262 2436 ad
3317 2383 3622 2452 lsraelitas,

2042 2483 2133 2552 qui
2164 2497 2260 2554 per
2283 2482 2452 2550 legem
2486 2488 2539 2534 et
2573 2479 2866 2549 prophetas
2899 2478 2968 2530 ab
2996 2474 3378 2531 incredulitate
3411 2483 3467 2530 et
3499 2491 3618 2528 ma-

2043 2573 2158 2627 litia
2185 2580 2314 2626 ante
2355 2572 2592 2642 purgati,
2636 2578 2800 2640 atque
2855 2569 3030 2623 instar
3092 2569 3270 2636 campi
3327 2567 3623 2636 exzequati,

2041 2666 2184 2721 haud
2215 2667 2288 2720 ita
2323 2664 2552 2718 multum
2581 2665 2648 2717 ab
2672 2665 2902 2717 honesto
2931 2662 3228 2722 distabant,
3277 2660 3456 2729 pluvia
3485 2673 3572 2714 cm
3596 2687 3622 2698 -

2039 2758 2192 2812 lestis
2225 2754 2555 2822 cognitionis
2592 2753 2836 2823 irrigata,
2868 2752 3165 2805 virtutibus
3202 2749 3361 2803 ﬂorui
3395 2767 3409 2802 :
3448 2763 3623 2814 quan-

2041 2859 2152 2902 tum
2185 2855 2363 2903 autem
2401 2846 2597 2899 attinet
2625 2845 2689 2898 ad
2718 2852 2929 2916 gentes,
2973 2842 3066 2913 qui
3101 2856 3196 2911 per
3234 2840 3616 2893 inﬁdelitatem

2041 2940 2280 2996 naturali
2336 2939 2645 3007 aequalitate
2704 2937 2925 3006 privati,
2967 2943 3022 2990 et
3083 2935 3343 2987 vitiorum
3400 2930 3619 2987 turbine

2039 3031 2284 3102 depressi
2329 3038 2529 3085 erant:
2580 3028 2748 3083 veluti
2805 3027 2978 3081 lilium
3030 3041 3095 3080 ex
3145 3026 3254 3078 imo
3298 3024 3350 3077 in
3388 3023 3621 3078 sublime

2040 3137 2405 3192 consurgens,
2433 3128 2487 3175 et
2508 3120 2575 3174 ab
2597 3119 2782 3173 radice
2809 3119 2874 3172 ad
2900 3118 3150 3172 idoneam
3180 3115 3616 3184 magnitudinem

355 3193 451 3256 τῆς
479 3195 637 3264 ῥίζης
680 3197 1050 3264 καὶαμοειδῶς
1081 3203 1404 3272 ἀνατρέχον,
1442 3205 1515 3268 ὡς
1543 3205 1607 3260 ἂν
1661 3209 1735 3277 μὴ
1804 3209 1933 3276 κρύ-
1964 3191 2008 3249 C
2042 3232 2102 3285 pe

1864 3209 1933 3261 δύ·
1964 3191 2008 3249 C
2042 3232 2136 3285 per
2184 3218 2453 3268 calamum
2503 3211 2824 3273 ascendens,
2867 3224 2934 3264 ne
2968 3210 3187 3262 vallium
3232 3207 3611 3276 profunditate

358 3300 552 3336 πτοιτο
577 3287 686 3346 τοῖς
711 3286 1067 3361 κοιλώμασιν,
1117 3291 1256 3343 ἀλλὰ
1295 3293 1354 3345 τὸ
1397 3295 1594 3358 κάλλος
1653 3298 1843 3350 τούτου
1879 3301 1936 3351 ὲν

360 3373 620 3445 μετεώρῳ
675 3375 871 3444 ὁρῷτο,
903 3381 966 3448 τῇ
995 3381 1075 3441 είς
1110 3381 1344 3450 Χριστὸν
1379 3384 1564 3437 πίστει
1607 3389 1934 3457 ἑρῤἰςωμαι,

357 3467 448 3518 καὶ
470 3466 560 3519 διὰ
579 3467 918 3538 καθάρσεως,
941 3471 1042 3538 τῆς
1058 3472 1167 3524 τῶν
1186 3473 1370 3526 παθῶν
1397 3475 1770 3546 ὕπεξανέστην
1803 3497 1937 3547 συγ-

357 3557 700 3627 χύσεως,καὶ
730 3563 819 3614 ἐπὶ
846 3563 922 3632 τῷ
959 3562 1083 3631 ὕψει
1113 3568 1210 3634 τῆς
1248 3571 1558 3639 γνιυστικῆς
1589 3570 1823 3642 θεωρίας
1861 3572 1936 3643 τῷ

358 3652 540 3706 κάλλει
574 3655 672 3724 τῆς
719 3656 921 3726 ἀρετῆς
955 3658 1364 3730 καθωράῖσμαι.

1024 3795 1290 3848 Ψελλοῦ.

426 3924 635 3996 Καιρδς
649 3924 835 3978 λοιπὸν
855 3927 950 3980 καὶ
975 3928 1082 3981 τῶν
1109 3929 1234 3999 ἑξῆς
1256 3931 1488 3986 ἀκοῦσαι
1507 3935 1712 4002 ταύτης
1734 3935 1931 4004 λόγων.

356 4016 487 4087 Φησὶ
516 4017 628 4088 γὰρ
648 4017 792 4072 οὓτω
814 4020 948 4090 πρὸς
977 4022 1138 4074 αὐτὸν
1167 4022 1357 4094 ὥσπερ
1393 4024 1819 4096 ἐγκαυχωμένη·

368 4217 512 4286 Ἐγὼ
540 4217 609 4270 δὲ
637 4217 820 4283 ἄνθος
837 4217 942 4272 τοῦ
963 4217 1195 4284 πεδίου,
1221 4221 1432 4287 κρίνον
1461 4222 1582 4276 τῶν
1612 4224 1929 4282 κοιλάδων.

432 4331 736 4402 ’Υπέρευγε
763 4332 861 4402 τῆς
893 4333 1178 4405 προκοπῆς
1216 4336 1317 4405 τῆς
1347 4337 1592 4409 καθαρᾶς
1616 4340 1887 4408 παρθένου
1921 4345 1932 4397 l

368 4424 496 4477 Ἰδοὺ
526 4423 817 4492 γὰρ,έγνω
839 4426 1040 4496 ἑαυτὴν
1072 4425 1166 4478 τοῦ
1198 4427 1514 4497 ξύμπαντος
1547 4430 1732 4485 πεδίου

358 4514 465 4584 Τῆς
495 4515 848 4585 ἀνθρωπίνης
877 4516 1092 4584 φύσεως
1121 4518 1278 4582 ἄνθος
1303 4520 1720 4591 ἐκλελεγμένον,

355 4603 484 4660 Εἶτα
523 4607 618 4659 καὶ
649 4605 834 4675 κρίνον
865 4606 1100 4676 καθεξῆς
1119 4609 1180 4661 ἐκ
1199 4609 1306 4662 τῶν
1325 4611 1584 4664 κοιλάδων
1612 4612 1782 4664 θεῖον⁹

355 4698 587 4767 Μυρίζει
625 4699 734 4768 γὰρ
761 4699 836 4759 ὠς
875 4699 1092 4767 ἀληθῶς
1126 4703 1274 4753 πᾶσα
1299 4701 1444 4773 ψυχὴ
1472 4708 1582 4767 τοῖς
1609 4705 1855 4774 τρόποις,

356 4791 482 4852 Ταῖς
506 4792 732 4861 ἀρεταῖς
764 4790 1046 4861 ἀνθήσασαι
1068 4793 1161 4844 καὶ
1187 4793 1648 4864 καθωραῖσοεῖσα,

356 4881 461 4933 Καὶ
494 4881 570 4950 μὴ
596 4881 888 4950 μερίμναις
917 4885 1209 4950 κοσμικαῖς
1237 4884 1372 4948 ὅλως
1403 4886 1792 4955 ἀποπνιγείσα.

355 4974 460 5026 Καὶ
499 4974 712 5043 μάρτυς
757 4973 950 5025 τούτου
989 4975 1199 5041 πέφυκε
1229 4978 1464 5046 Χριστὸς
1490 4981 1516 5031 ὁ
1540 4981 1636 5032 καὶ
1671 4982 1926 5051 νυμφίος,

356 5065 800 5134 Προσμαρτυρῶν
829 5064 905 5128 ὡς
943 5065 1160 5132 ἀληθῶς
1181 5067 1418 5140 τῷλόγῳ
1446 5071 1523 5141 τῷ
1549 5076 1647 5143 τῆς
1683 5076 1924 5143 νύμφης.

354 5156 487 5226 Φησὶ
509 5159 617 5223 γὰρ
650 5156 790 5209 οὕτω
823 5157 959 5227 πρὸς
980 5158 1172 5229 αὐτὴν,
1197 5159 1271 5222 ὡς
1293 5160 1413 5212 καθ’
1438 5163 1631 5232 είρμὸν
1650 5165 1926 5234 εὑρήσεις·

433 5251 529 5312 Ὧς
557 5247 767 5316 κρίνον
809 5247 879 5300 ἐν
942 5247 1112 5316 μέσῳ
1168 5248 1287 5304 τῶν
1338 5250 1638 5318 ἀκανθῶν,
1695 5254 1848 5308 οὕτω
1888 5257 1926 5324 ἡ

357 5339 621 5406 πλησίον
633 5355 752 5407 μου
782 5339 852 5392 ἐν
868 5340 1040 5409 μέσῳ
1062 5340 1181 5393 τῶν
1205 5341 1562 5411 θυγατέρων.

433 5452 665 5524 Ὀρθῶς,
685 5454 837 5524 φησι,
868 5454 1171 5522 λελάληκας
1202 5457 1330 5526 περὶ
1354 5459 1577 5528 σαυτῆς,
1609 5451 1652 5510 ὦ
1688 5458 1876 5528 νύμφη
1911 5475 1926 5490 ο

357 5542 536 5606 Οὕτως
569 5545 681 5613 γαρ
705 5547 868 5612 μέσον
888 5546 998 5598 τῶν
1029 5547 1217 5618 ψυχῶν
1249 5549 1356 5602 τῶν
1379 5549 1539 5618 δῆθεν
1588 5549 1926 5619 θυγατέρων,

357 5634 474 5688 Τῶν
511 5639 569 5689 ἐν
602 5637 897 5708 μερίμναις
924 5640 1154 5693 πάντοτε
1186 5641 1809 5711 συ’γκαταπνιγομένων,

356 5728 424 5782 Σὺ
457 5731 594 5796 μόνη
635 5728 732 5783 νῦν
757 5729 1057 5802 έξήνθησας
1088 5731 1276 5803 ὥσπερ
1304 5733 1575 5802 ἡδύπνοον
1607 5734 1756 5802 ῥόδον

357 5819 519 5874 Καὶ.Ξί
547 5820 602 5875 δὲ
629 5820 834 5893 ταύτην
865 5823 1104 5896 ἀδελφὴν
1133 5824 1159 5875 ὁ
1193 5823 1361 5891 Λόγος
1391 5825 1481 5880 καὶ
1519 5823 1770 5894 νυμφίος,

2045 3303 2438 3364 abscondatur,
2483 3303 2574 3355 sed
2638 3303 2909 3355 excelsam
2966 3299 3430 3368 pulchritudinem
3462 3313 3618 3353 suam

2045 3394 2317 3464 praeferat,
2362 3392 2465 3446 [ide
2498 3392 2549 3444 in
2577 3389 2854 3445 Christum
2897 3390 3123 3454 innitor,
3177 3403 3232 3444 et
3278 3406 3373 3459 per
3419 3403 3622 3458 purga-

2043 3488 2246 3541 tionem
2304 3501 2367 3538 ex
2434 3481 2765 3537 confusione
2823 3482 3080 3535 vitiorum
3147 3483 3391 3547 emersi,
3456 3491 3620 3549 atque

2041 3579 2096 3633 in
2152 3577 2632 3646 contemplationis
2683 3573 2926 3646 fastigio,
2965 3574 3230 3629 virtutum
3257 3573 3456 3628 decore
3497 3585 3620 3626 sum

2043 3679 2330 3726 exornata.

2738 3796 2925 3850 Pselli.

2114 3939 2351 4006 Tempus
2395 3936 2503 4005 jam
2545 3941 2668 3998 est,
2704 3939 2764 3986 ut
2803 3945 2922 4000 quze
2974 3929 3236 3998 deinceps
3279 3941 3484 3997 sponsa
3529 3924 3616 3980 di-

2041 4032 2139 4090 cit,
2171 4029 2479 4082 audiamus.
2514 4022 2611 4077 Sic
2639 4023 2784 4077 enim
2811 4021 2944 4075 dicit
2975 4019 3042 4074 ad
3079 4034 3205 4073 eum
3246 4017 3395 4073 velut
3417 4016 3620 4087 gloria-

2041 4122 2224 4177 bunda
2257 4138 2268 4171 :

2180 4230 2292 4301 Ego
2314 4239 2488 4282 autent
2514 4228 2614 4296 [los
2639 4226 2814 4294 campi
2840 4241 2857 4276 :
2889 4225 3064 4278 .ilium
3093 4225 3438 4278 convallium.

2109 4345 2155 4401 Ο
2181 4343 2498 4415 praeclaram
2524 4356 2673 4409 pura:
2706 4337 2955 4409 Virginis
2987 4335 3425 4406 progressionem
3446 4334 3460 4387 ἱ
3485 4331 3625 4389 Ecce

2038 4438 2184 4494 enim
2226 4445 2276 4490 te
2304 4437 2473 4504 ipsam
2512 4448 2635 4486 cum
2662 4431 2922 4484 eximium
2966 4429 3135 4482 totius
3166 4427 3370 4496 campi,
3405 4435 3620 4478 natura:

1969 4546 2012 4600 ι)
2042 4529 2291 4581 humana:
2337 4524 2548 4586 liorem,
2607 4531 2719 4575 tum
2765 4519 3014 4572 divinum
3063 4517 3393 4572 convallium
3445 4515 3619 4569 lilium

2037 4617 2330 4686 agnovisti.
2380 4612 2572 4668 Omnis
2597 4612 2742 4665 enim
2773 4608 3023 4678 proiecto
3063 4607 3245 4661 anima
3273 4606 3396 4659 vitae
3429 4605 3623 4675 probi-

2033 4719 2141 4764 tate
2190 4723 2253 4762 ac
2307 4705 2603 4760 virtutibus
2669 4702 2872 4756 florens
2937 4711 3101 4769 atque
3151 4699 3465 4761 excellens,
3519 4711 3620 4752 nec

2033 4801 2220 4855 mundi
2248 4797 2712 4855 sollicitudinibus
2736 4795 2849 4848 ullo
2877 4793 3040 4847 modo
3067 4791 3358 4858 sullocata,
3387 4789 3619 4844 redolet.

2030 4891 2201 4960 Cujus
2232 4889 2450 4960 quidem
2507 4887 2583 4940 rei
2619 4885 2775 4939 testis
2812 4891 2896 4938 est
2935 4883 3189 4936 Christus
3234 4897 3298 4935 ac
3343 4897 3618 4949 sponsus;

2037 4983 2130 5050 qui
2185 4994 2400 5049 sponsae
2455 4991 2796 5041 sermonem,
2860 4983 2918 5028 ut
2980 4973 3178 5027 ordine
3230 4971 3500 5036 invenies,
3547 4971 3621 5026 ita

2036 5072 2325 5127 conﬁrmat
2355 5087 2368 5122 :

2107 5248 2255 5303 Sicut
2278 5249 2452 5302 lilium
2468 5248 2520 5301 in
2555 5246 2724 5301 medio
2763 5246 3060 5312 spinarum,
3087 5244 3162 5298 sic
3181 5243 3474 5314 propinqua
3503 5259 3619 5298 mea

2038 5345 2091 5397 in
2123 5343 2293 5396 medio
2314 5342 2571 5410 ﬁliarum.

2109 5455 2301 5522 Recte,
2341 5454 2540 5524 inquit,
2577 5453 2646 5506 de
2681 5462 2735 5506 te
2769 5451 2954 5506 locuta
2978 5465 3058 5515 es,
3093 5463 3315 5519 sponsa.
3353 5447 3445 5502 Sic
3464 5447 3610 5502 enim

2032 5550 2174 5604 inter
2203 5548 2433 5610 animas,
2472 5561 2592 5616 qua:
2624 5559 2882 5599 curarum
2915 5551 2968 5597 et
3025 5539 3455 5598 sollicitudinum
3501 5537 3613 5607 spi-

2033 5642 2122 5696 nis
2153 5639 2514 5700 sull‘ocantur,
2571 5645 2631 5691 ut
2662 5635 2944 5693 odoril’era
2986 5647 3112 5688 rosa
3147 5621 3418 5686 ﬂoruisti.
3459 5627 3609 5682 lianc

2033 5742 2212 5788 autem
2240 5747 2483 5787 sororem
2513 5729 2753 5786 Verbum
2781 5744 2843 5781 ac
2869 5741 3108 5797 sponsus
3141 5735 3314 5789 vocat,
3346 5722 3605 5793 quoniam

2033 5825 2230 5878 divina:
2266 5823 2603 5889 obtemperat
2632 5820 2924 5876 voluntati.
2974 5816 3076 5872 Eos
3100 5815 3245 5870 enim
3271 5814 3324 5869 in
3354 5812 3600 5884 Evange-
