4424 6446
737 336 833 401 571
2011 331 2424 395 MICUAELIS
2455 335 2715 397 PSELH
3870 335 3972 400 572

738 455 846 512 liis,
896 451 1091 503 fratres
1117 460 1169 505 et
1205 451 1541 520 propinquos
1576 461 1630 504 et
1660 451 1863 505 amicos
1898 450 2156 520 appellat,
2204 449 2296 516 qui
2330 452 2372 504 A
2412 449 2485 511 Ὠς

2030 450 2156 513 :llat,
2204 449 2296 516 qui
2330 452 2372 504 A
2412 449 2499 512 Ὠς
2527 449 2958 518 ἐκπληρώσασαν
2991 450 3168 512 καλῶς
3199 449 3256 502 τδ
3287 449 3497 518 θέλημα
3530 450 3588 501 τὸ
3618 450 3777 503 θεῖον.

739 543 916 598 Patris
946 545 1029 599 sui
1059 544 1324 596 voluntati
1359 553 1570 613 parent.
2437 541 2478 592 Ο

2437 541 2478 592 Ο
2509 541 2680 608 λέγων
2711 541 2820 608 γὰρ
2859 541 3022 602 αὐτός
3055 543 3201 592 ἐστιν
3223 542 3281 594 ἐν
3306 543 3414 602 τοῖς
3445 540 3820 607 Εὐαγγελίοις,

2418 631 2690 692 Ἐκείνους
2743 630 2885 699 ἔχειν
2917 630 3181 696 ἀδελφοὺς
3215 631 3309 682 καὶ
3329 634 3605 697 συγγενεῖς
3638 631 3731 684 καὶ
3754 632 3963 698 φίλους,

2408 721 2549 785 Τοὺς
2579 721 2872 792 πληρωτὰς
2901 723 3010 774 τῶν
3041 721 3328 788 Πατρικῶν
3347 722 3552 774 ἐκείνου
3572 721 3970 791 κελευσμάτων.

1297 809 1478 862 Trium
1516 807 1758 866 Patrum.
2910 811 3032 865 Τῶν

1692 829 1735 864 m
1747 854 1758 866 .
2910 811 3032 865 Τῶν
3061 809 3109 881 γ’
3143 811 3439 878 "ater-(ur.

813 898 1000 966 Itaque
1039 914 1276 968 sponsus
1329 901 1444 952 lilio
1480 916 1740 969 sponsam
1772 904 2003 961 similem
2050 909 2207 972 dicit,
2245 920 2306 966 ut
2480 900 2560 952 ’θ’

2245 920 2306 966 ut
2480 900 2641 952 Ὅθεν
2673 901 2700 952 ὁ
2727 901 2958 970 νυμφίος
3017 901 3184 970 κρίνῳ
3213 900 3562 971 παρεικάζων
3607 899 3704 968 τὴν
3732 899 3970 969 νύμφην,

741 1003 862 1057 quae
899 989 1022 1042 vita:
1046 991 1214 1055 Spinis
1245 1005 1350 1044 non
1379 991 1710 1051 sull'orelur:
2409 991 2483 1056 ὡς

2409 991 2483 1056 ὡς
2519 993 2592 1062 μὴ
2625 993 3068 1062 συμπνιγομένην
3087 994 3205 1054 ταῖς
3235 993 3328 1044 τοῦ
3359 992 3474 1061 βίου
3505 991 3788 1052 ἀκάνθαις,
3818 993 3971 1060 φησί-

815 1079 960 1133 Sicut
997 1080 1191 1139 lilium.
1226 1083 1425 1151 inquit,
1460 1086 1599 1139 inter
1638 1088 1840 1152 spinas,
1893 1091 1970 1143 ita
2012 1096 2306 1165 propinqua
2487 1085 2562 1147 Ὧι

2222 1113 2306 1162 μία
2487 1085 2585 1148 Ὠς
2611 1084 2819 1150 κρίνον
2866 1083 2936 1135 ἐν·
2977 1083 3145 1150 μέσῳ
3203 1083 3321 1135 τῶν
3353 1080 3652 1141 ἀκανθῶν.
3710 1081 3898 1146 οὕτως
3933 1083 3969 1148 ἡ

746 1188 860 1225 mea
889 1173 1027 1226 inter
1067 1173 1231 1241 ﬁlias.
1288 1174 1352 1228 Et
1403 1177 1540 1230 hanc
1571 1180 1788 1245 quidem
1834 1181 1948 1235 lilio
2002 1196 2304 1256 comparat,
2411 1181 2491 1230 πλ

2224 1196 2304 1246 ut,
2411 1177 2677 1244 πλησίον
2698 1192 2819 1243 μου
2854 1175 3110 1243 ἐνμέσῳ
3156 1174 3276 1227 τῶν
3309 1173 3673 1242 θυγατέρων.
3711 1172 3971 1224 Καὶταύ-

746 1265 1004 1328 quoniam
1038 1279 1229 1319 eorum
1274 1281 1394 1334 qua:
1437 1268 1502 1320 :ed
1548 1269 1752 1324 victum
1805 1274 2098 1339 pertinent,
2161 1280 2306 1330 nulla
2409 1287 2493 1338 τηε

2229 1280 2306 1330 ηΙΙιι
2409 1287 2508 1338 την
2536 1267 2635 1339 μὲν
2662 1268 2834 1338 κρίνῳ
2863 1267 3170 1336 παρομοιοῑ,
3202 1265 3289 1318 διά
3309 1267 3370 1316 τὸ
3406 1263 3528 1334 μηδ’
3556 1263 3689 1325 ὂλως
3729 1264 3859 1316 ποτὲ
3882 1263 3976 1332 τὴν

749 1355 1013 1422 premitur
1046 1357 1436 1420 sollicitudine,
1489 1361 1581 1413 sed
1617 1363 1780 1417 rebus
1819 1366 1998 1420 obviis
2045 1368 2310 1422 satisfacit
2410 1365 2496 1418 ὐπὲ

2237 1371 2310 1422 cit
2410 1365 2552 1433 ὑπὲρ
2605 1364 2712 1416 τῶν
2768 1360 3034 1432 βιωτικῶν
3087 1361 3356 1430 μέριμναν
3417 1359 3812 1430 ἀναδέχεσθαι.
3865 1360 3979 1412 ἀλλ’

747 1446 994 1514 corporis
1041 1449 1373 1502 necessitati.
1405 1449 1556 1513 Quod
1590 1453 1752 1506 etiam
1790 1456 1840 1505 iu
1874 1456 2176 1521 Evangeliis
2209 1460 2309 1512 do-
2411 1456 2487 1523 ἀφ

2230 1460 2309 1510 lo—
2411 1453 2784 1523 ἀφροντίστως
2823 1455 2936 1515 τοῖς
2965 1449 3370 1522 παρατυχοῦσιν
3412 1448 3720 1519 ἐκπληροῦν
3751 1449 3850 1518 τὴν
3887 1449 3977 1500 τοῦ

752 1550 884 1589 cens
910 1552 929 1589 .'
991 1537 1065 1590 De
1123 1540 1443 1602 vestimento,
1484 1541 1682 1609 inquit,
1728 1546 1852 1614 quid
1892 1547 2106 1600 solliciti
2139 1552 2311 1604 estis?
2413 1544 2499 1610 σώη

2238 1553 2311 1604 3?
2413 1544 2662 1612 σώματος
2709 1545 2920 1614 χρείαν.
2977 1545 3152 1612 ’Ὀπερ
3193 1543 3290 1595 καὶ
3328 1545 3385 1594 ὲν
3434 1540 3788 1608 Εὑαγγελίοις
3842 1541 3982 1595 διδά-

750 1628 1075 1682 considerate
1129 1631 1244 1684 lilia
1285 1635 1432 1701 agri,
1499 1652 1601 1704 quo
1659 1636 1810 1688 modo
1858 1651 2094 1693 crescunt
2143 1658 2158 1694 :
2209 1660 2309 1695 non
2412 1653 2497 1686 σκι

2220 1660 2309 1695 non
2412 1652 2555 1687 σκων
2581 1635 2762 1701 λέγει·
2803 1635 2940 1702 Περὶ
3003 1633 3334 1700 ἐνδύματος
3360 1633 3418 1685 τί
3445 1630 3772 1700 μεριμνᾶτε
3802 1647 3821 1694 ;
3863 1648 3967 1684 κα-

752 1719 1015 1778 laborant,
1050 1737 1211 1790 neque
1238 1735 1357 1776 nent
1389 1725 1449 1776 “.
1485 1725 1757 1790 Ostendit,
1784 1743 1877 1782 eos
1917 1732 2006 1791 qui
2044 1735 2312 1800 tranquil-
2346 1776 2385 1828 Β
2415 1745 2499 1796 τίη

2228 1735 2312 1784 til-
2346 1776 2385 1828 Β
2415 1728 2700 1796 τιιμὰθετε
2749 1728 2821 1781 τὰ
2875 1729 3049 1794 κρίνα
3082 1727 3186 1780 τοῦ
3217 1728 3403 1794 ἀγροῦ
3429 1727 3554 1790 πῶς
3587 1725 3858 1786 αὐξάνει·
3899 1728 3971 1778 οὐ

755 1810 858 1861 Ia-n
891 1823 942 1863 ct
973 1811 1234 1880 frugalem
1266 1816 1479 1868 vivendi
1526 1818 1790 1871 rationem
1833 1830 2055 1888 propter
2085 1837 2310 1888 regnum
2349 1810 2385 1828 ’³
2415 1840 2502 1875 κοε

2224 1840 2310 1874 ιιιιι
2349 1810 2385 1828 υ
2415 1820 2590 1888 κοπιᾷ
2611 1821 2751 1874 οὐδὲ
2783 1821 2971 1886 νήθει*
3003 1821 3236 1883 δεικνὺς,
3265 1821 3345 1873 ὃτι
3373 1821 3421 1872 oi
3454 1821 3552 1887 τὴν
3586 1819 3971 1888 ἀταλαίπωρον

755 1901 1015 1954 t-mloruul
1071 1903 1532 1970 complectuntur,
1587 1905 1715 1959 Iiliis
1757 1922 1880 1960 esse
1928 1908 2159 1972 similes,
2195 1925 2314 1976 qua!
2416 1912 2502 1965 xui

2235 1925 2314 1962 me
2416 1912 2512 1965 ml.
2565 1911 2910 1979 αὐτοσχέδιον
2957 1911 3234 1978 διαγωγὴν
3277 1910 3365 1962 διὰ
3408 1909 3504 1978 τὴν
3545 1908 3820 1978 βασιλείαν
3873 1909 3980 1961 τῶν

754 1991 1018 2043 naturalis
1047 1991 1234 2062 gloria:
1266 1993 1443 2049 nitore
1476 1995 1786 2050 Salomonis
1817 2013 2115 2065 purpuram
2155 2016 2315 2068 supe-
2418 2003 2501 2072 οὑξ

2234 2016 2315 2068 pe-
2418 2000 2661 2072 οὐρανῶν
2697 2000 2962 2068 ἑλόμενοι,
2985 1999 3357 2068 παραπλήσιοι
3385 2000 3491 2051 εἰσι
3523 1998 3728 2068 κρίνοις
3752 1999 3981 2065 ἀμφιεν-

756 2092 899 2138 rant.
925 2083 1148 2141 Animas
1179 2102 1306 2138 vero
1339 2089 1518 2141 carnis
1549 2090 1919 2157 voluptatibus
1952 2089 2312 2154 eﬂeminalas,
2417 2111 2503 2162 νυς.

2236 2109 2312 2154 as,
2417 2095 2667 2162 νυμένοις
2717 2091 2930 2154 ἀπόνως
2979 2090 3076 2160 τὴν
3103 2091 3201 2159 τῆς
3236 2090 3557 2159 ἀλουργίδος
3583 2090 3675 2142 τοῦ
3708 2090 3983 2157 Σολομῶν-

758 2189 820 2228 ac
853 2185 1136 2242 propterea
1161 2177 1360 2231 diaboli
1394 2178 1550 2233 ﬁlias.
1586 2189 1643 2233 ιιι
1667 2181 1718 2232 in
1751 2180 2055 2249 Evangeliis
2088 2199 2309 2238 rursum
2418 2200 2505 2244 τος

2239 2202 2309 2236 ιιιι
2418 2200 2507 2244 τος
2557 2180 2900 2248 ἐνδοξοτέραν
2923 2179 3156 2256 φυσικὴν
3194 2177 3376 2242 δόξανο
3412 2179 3513 2240 τὰς
3534 2177 3591 2230 δὲ
3617 2177 3983 2247 ὲκθηλυνομέ⁴

758 2265 994 2320 declarat
1025 2266 1180 2337 (Vos,
1231 2269 1502 2337 inquiens,
1549 2287 1615 2324 ea:
1647 2283 1797 2340 patre
1840 2274 2051 2327 diabolo
2077 2277 2200 2329 estis
2232 2275 2314 2343 ιι),
2417 2291 2505 2334 νας

2236 2275 2314 2343 ιι),
2417 2291 2514 2334 νας
2544 2271 2721 2340 ψυχὰς
2764 2273 2889 2332 ταῖς
2951 2271 3243 2340 σαρκικαῖς
3297 2269 3534 2337 ἡδοναῖς,
3577 2267 3668 2320 καὶ
3696 2267 3784 2320 διὰ
3824 2269 3983 2320 τοῦτο

758 2359 934 2427 spinis
965 2360 1253 2420 assimilat,
1291 2363 1417 2428 quia
1447 2378 1662 2417 omnem
1697 2380 1884 2418 curam
1916 2377 1968 2420 et
1993 2367 2320 2423 sollicitudi-
2422 2366 2505 2430 θνπ

2238 2369 2320 2420 di-
2422 2365 2726 2432 θυγατέρας
2751 2361 2843 2415 τοῦ
2871 2361 3119 2414 διαῦόλου
3153 2360 3249 2431 (ὡς
3273 2361 3433 2413 πάλιν
3466 2360 3632 2429 φησιν
3653 2361 3710 2410 ὲν
3743 2358 3985 2424 Εὐάγγε-

762 2466 883 2504 nem
930 2452 982 2504 in
1021 2467 1114 2505 eas
1143 2452 1432 2506 conferunt
1467 2469 1554 2508 res
1587 2470 1705 2523 qua!
1737 2455 1802 2508 ad
1835 2457 1999 2509 vitam
2032 2457 2172 2510 hanc
2197 2474 2320 2525 spe-
2421 2455 2502 2505 λίο

2240 2475 2320 2511 ιο-
2421 2455 2577 2517 λίοις,
2597 2455 2679 2506 ὅτι
2703 2451 2893 2520 Ὑμεῖς
2915 2451 2986 2505 ἐκ
3007 2451 3114 2504 τοῦ
3136 2451 3362 2518 πατρὸς
3391 2449 3557 2520 ὑμῶν
3584 2450 3690 2505 τοῦ
3707 2450 3987 2504 διαϐόλου

761 2549 934 2599 ctant.
981 2551 1038 2594 ut
1072 2542 1310 2610 undique
1352 2544 1689 2613 voluptatum
1728 2547 2008 2600 materiam
2047 2563 2324 2616 aurupeu—
2422 2547 2508 2600 ἐσι

2238 2565 2324 2600 en-
2422 2547 2608 2615 ἐστὲ),
2634 2545 2900 2608 ἀκάνθαις
2946 2543 3292 2614 παρεικάζει,
3332 2543 3422 2596 διὰ
3449 2545 3510 2596 τὸ
3533 2545 3713 2596 πᾶσαν
3761 2543 3858 2612 τὴν
3891 2543 3985 2611 μέ-

763 2640 874 2686 tur.
911 2632 1042 2685 Cum
1071 2634 1216 2686 enim
1253 2649 1467 2687 omnem
1493 2650 1647 2689 suam
1693 2653 1867 2703 spem,
1899 2653 2005 2691 non
2042 2639 2094 2693 in
2126 2656 2190 2695 eo
2230 2643 2322 2708 qui
2425 2657 2510 2709 ριμ

2247 2643 2322 2708 lui
2425 2656 2622 2709 ριμναν
2675 2640 2803 2707 περὶ
2834 2637 2902 2690 τά
2933 2636 3162 2706 βιωτικά
3195 2636 3577 2706 ὴσχοληκὲναι.
3627 2635 3693 2688 ἵν’
3717 2635 3989 2703 εὐπορῶσι

765 2724 1032 2791 Sapientia
1065 2741 1161 2779 sua
1194 2737 1387 2781 cmmla
1438 2729 1750 2782 moderatur
1780 2739 1833 2783 et
1880 2731 2044 2787 rebus
2068 2735 2324 2788 omnibus
2423 2733 2512 2802 τῆς

2238 2752 2324 2788 nis
2423 2733 2522 2802 τῆς
2555 2733 2685 2802 ’ύλης
2708 2731 2818 2784 τῶν
2849 2729 3052 2801 ἡδονῶν
3075 2748 3086 2761 ·
3111 2730 3167 2782 αἳ
3196 2729 3317 2799 οὐχὶ
3333 2729 3410 2799 τῷ
3435 2729 3547 2782 τῶν
3583 2730 3722 2782 ὅλων
3747 2745 3951 2797 προνοη
3969 2757 3985 2766 -

767 2813 1022 2876 consulit,
1060 2814 1152 2868 sed
1189 2816 1240 2868 in
1279 2831 1338 2870 se
1369 2816 1502 2885 ipsis
1556 2818 1716 2871 sitam
1775 2820 2031 2886 habeant,
2091 2826 2325 2878 terrenis
2425 2829 2490 2895 τῇ

2243 2826 2325 2878 nis
2425 2829 2490 2895 τῇ
2551 2824 2895 2877 πιστεύουσιν
2932 2821 3151 2884 ἑαυτὰς,
3215 2820 3349 2874 ἀλλά
3385 2820 3445 2874 τὸ
3476 2820 3586 2874 πᾶν
3613 2822 3836 2882 ἑαυταῖς
3859 2833 3874 2847 ·
3899 2820 3990 2870 καὶ

769 2906 1228 2963 sollicitudinibus
1262 2908 1618 2976 sull‘ocantur,
1639 2927 1738 2966 nec
1761 2912 2060 2981 perfectum
2089 2916 2323 2970 fructum
2426 2918 2512 2970 διὰ

2244 2934 2323 2970 unt
2426 2918 2512 2970 διὰ
2539 2916 2696 2968 τοῦτο
2723 2916 2842 2976 ταῖς
2870 2913 2979 2965 τῶν
3015 2912 3369 2982 προσκαίρων
3391 2913 3636 2982 φροντίσι
3663 2911 3991 2982 συμπνίγονι

770 3001 974 3058 ferunt.
2427 3023 2517 3059 ’ται

2427 3023 2538 3072 ται,
2569 3005 2664 3059 καὶ
2693 3004 2754 3057 οὐ
2789 3002 3223 3072 τελεσφοροῦσιν.

1161 3095 1342 3151 Trium
1371 3109 1674 3155 sanctorum
1702 3101 1944 3157 Patrum.
2355 3109 2399 3167 C
2856 3098 2908 3148 T‘

1818 3120 1944 3157 tum.
2355 3109 2399 3167 ο
2856 3094 2980 3148 Τῶν
2997 3094 3182 3162 ἁγίων
3203 3091 3250 3162 γ’
3269 3092 3565 3160 Πατέρων.

844 3185 1107 3251 Quoniam
1130 3205 1224 3258 per
1256 3199 1428 3244 totum
1459 3192 1559 3246 hoc
1579 3194 1765 3248 drama
1793 3211 2024 3264 sponsus
2053 3205 2106 3250 ct
2130 3213 2332 3267 sponsa
2519 3191 2591 3245 Ἑτ

2241 3215 2332 3255 nsa
2519 3190 2673 3245 Ἐπεὶ
2712 3188 2770 3241 δὲ
2795 3187 2885 3241 διὰ
2927 3185 3130 3248 παντὸς
3165 3184 3255 3238 τοῦ
3282 3184 3577 3254 δράματος,
3608 3183 3796 3252 ὥσπερ
3833 3183 3988 3232 ὲναν·

776 3279 983 3332 mutuis
1035 3281 1286 3335 cantibus
1340 3297 1398 3336 se
1445 3285 1684 3338 vicissim
1740 3287 2050 3354 celebrant,
2099 3293 2335 3350 assiduis
2434 3299 2518 3335 τιο

2252 3295 2335 3350 uis
2434 3281 2781 3349 τιοφθόγγοις
2829 3277 3117 3347 μελῳδίαις
3147 3279 3176 3328 ό
3205 3275 3434 3344 νυμφίος
3494 3290 3552 3326 τε
3597 3275 3692 3325 καὶ
3729 3273 3761 3341 ή
3808 3270 3991 3336 νύμφη

777 3372 984 3425 amoris
1016 3372 1505 3441 signiﬁcationibus
1535 3379 1905 3444 ostendentes,
1936 3381 2166 3437 alterum
2202 3385 2336 3440 alte-
2437 3373 2524 3426 ἀντ

2255 3394 2336 3440 ιε.
2437 3367 2877 3440 ἀντευφημοῢσιν
2926 3367 3209 3436 ἀλλήλους,
3253 3364 3650 3432 ἐνδεικνύμενοι
3723 3363 3841 3423 ταῖς
3877 3377 3997 3411 συν-

781 3460 896 3514 rius
929 3461 1121 3516 ardere
1151 3464 1428 3518 desiderio
1467 3483 1479 3518 :
1517 3468 1587 3519 ita
1624 3483 1815 3524 rursus
1845 3486 2041 3540 sponsa
2078 3489 2336 3542 sponsum
2440 3465 2528 3534 εχέ

2251 3492 2336 3530 ηηι
2440 3465 2590 3534 εχέσι
2619 3459 3038 3532 φιλοφροσύναις
3068 3457 3158 3510 τὸν
3184 3457 3318 3526 πρὸς
3349 3456 3611 3526 ἀλλήλους
3653 3453 3812 3506 πόθον
3832 3469 3844 3482 ·
3874 3451 3996 3505 τάδε

782 3551 1077 3620 alloquitur
1110 3571 1124 3606 :
1149 3552 1296 3607 Sicut
1327 3571 1536 3621 pomum
1563 3559 1695 3612 inter
1720 3561 1861 3630 ligna
1890 3563 2054 3629 silvaz,
2079 3568 2154 3620 sic
2184 3583 2338 3634 nepos
2441 3556 2529 3608 πάλ

2249 3583 2338 3634 po;
2441 3556 2604 3608 πάλιν
2662 3551 3082 3620 ἀντιφθέγγεται
3131 3547 3267 3616 πρὸς
3326 3547 3418 3600 τὸν
3450 3545 3682 3615 νυμφίον
3724 3542 3996 3613 ήνύμφη·

783 3657 927 3695 meus
959 3643 1092 3696 inter
1118 3645 1278 3712 ﬁlios.
1307 3645 1466 3702 Certe
1505 3649 1650 3703 sicut
1698 3667 1940 3718 pomum,
1990 3664 2105 3710 tum
2159 3660 2340 3727 specie
2454 3649 2530 3712 Ὦς

2259 3660 2340 3714 cie
2454 3649 2546 3712 Ὠς
2596 3645 2790 3715 μῆλον
2819 3643 2889 3696 ἐν
2938 3640 3060 3706 τοῖς
3105 3640 3316 3703 ξύλοις
3363 3638 3468 3690 τοῦ
3516 3634 3761 3703 δρυμοῦ,
3815 3634 4000 3696 οὕτως

783 3732 1002 3796 decora,
1028 3742 1139 3787 tum
1179 3737 1345 3790 odore
1368 3739 1545 3804 suavi,
1589 3749 1700 3793 tum
1732 3751 1888 3810 gustu
1929 3744 2093 3804 dulci,
2125 3724 2341 3815 ac_pro-
2441 3740 2530 3796 ἀδι

2256 3763 2341 3802 ro-
2441 3737 2759 3807 ἀδελφιδός
2775 3753 2893 3806 μου
2924 3731 3242 3802 ἀνὰ-’μέσον
3265 3728 3381 3783 τῶν
3404 3727 3569 3782 υἱῶν.
3597 3729 3773 3785 Ἤτοι,
3815 3724 4003 3777 Καθά-

788 3836 970 3894 pterea
1018 3827 1329 3883 hominibus
1383 3830 1451 3884 ad
1512 3831 1780 3887 edendum
1828 3836 1969 3896 utili.
2003 3845 2084 3892 ter
2123 3839 2342 3894 arbores
2445 3850 2535 3901 πεί

2259 3855 2342 3894 res
2445 3850 2552 3901 περ
2586 3829 2755 3899 μῆλον
2806 3827 2908 3895 τὴν
2952 3825 3099 3891 ὥραν
3133 3823 3228 3892 μὲν
3257 3819 3550 3890 εὐπρεπὲς,
3600 3816 3794 3878 εὑῶδες
3819 3816 3875 3866 δὲ
3909 3815 4003 3880 τὴν

791 3916 955 3984 hujus
985 3918 1262 3984 qualitatis
1291 3928 1540 3989 expertes
1571 3923 1808 3987 excellit,
1844 3925 1896 3976 in
1922 3925 2056 3979 silva
2089 3941 2208 3994 qua:
2245 3944 2342 3981 ne-
2444 3927 2538 3993 όσμ

2258 3944 2342 3981 ιθ·
2444 3923 2620 3993 ὀσμὴν
2661 3920 2753 3972 καὶ
2786 3919 2881 3987 τὴν
2909 3916 3098 3983 γεῦσιν
3143 3911 3340 3981 γλυκὺ,
3396 3907 3692 3962 κάντεῦθεν
3739 3907 4005 3975 χρήσιμον

791 4022 1004 4062 morosa
1028 4016 1132 4074 est,
1158 4018 1211 4063 et
1243 4008 1475 4064 fructum
1508 4011 1574 4065 ad
1615 4014 1941 4068 vescendum
1972 4031 2078 4070 non
2111 4017 2347 4072 homini-
2447 4017 2538 4086 πρ³

2262 4019 2347 4072 ni-
2447 4017 2582 4086 πρδς
2604 4013 2809 4080 ἐδωδὴν
2840 4009 3096 4076 λογικοῖς,
3131 4007 3187 4057 ὲν
3234 4007 3345 4065 τοῖς
3383 4002 3574 4055 τούτου
3622 3997 4002 4067 ἐστερημένος

791 4099 911 4162 bus,
961 4099 1055 4154 sed
1089 4100 1277 4155 bestiis
1317 4101 1571 4156 idoneum
1609 4104 1953 4173 suppeditat;
1995 4107 2074 4160 sic
2114 4108 2345 4163 dilectus
2449 4108 2538 4172 ξύ).

2260 4120 2345 4163 tus
2449 4108 2625 4172 ξύλοις
2658 4103 2751 4156 τοῦ
2783 4098 3010 4170 δρυμοῦ,
3059 4097 3118 4158 ὃς
3147 4095 3351 4162 ὑλώδης
3408 4095 3463 4145 τέ
3497 4095 3613 4144 ἐστι
3655 4089 3751 4142 καὶ
3798 4088 4007 4156 καρπὸν

793 4207 946 4244 meus
979 4191 1120 4246 inter
1148 4191 1427 4247 hominum
1467 4194 1606 4246 itlios
1650 4204 1896 4263 prtestat.
1937 4196 2347 4255 Pulchritudine
2449 4198 2540 4268 φέε

2261 4201 2347 4255 ine
2449 4198 2603 4268 φέρει
2653 4194 2867 4260 ἀλόγοις
2925 4189 3060 4259 πρὸς
3093 4187 3294 4256 βρῶσιν
3339 4185 3432 4235 καὶ
3461 4183 3520 4234 οὐ
3549 4179 4006 4268 λογικοῖςᾲὲττιτή-

789 4281 936 4336 enim
965 4284 1224 4349 speciosus
1242 4293 1318 4337 est
1344 4285 1476 4337 inter
1501 4285 1637 4353 ﬁlios
1661 4287 1928 4339 hominum
1953 4287 2016 4351 ¹³,
2043 4305 2147 4344 non
2171 4293 2345 4346 solum
2449 4287 2536 4339 δειι

2261 4308 2345 4346 um
2449 4265 2587 4339 Statov
2606 4303 2618 4318 ’
2656 4283 2825 4344 οὕτως
2853 4283 2880 4333 ὁ
2911 4276 3190 4345 ἀγαπητός
3217 4291 3318 4342 μου
3347 4274 3402 4324 ἐν
3430 4273 3542 4333 τοῖς
3575 4270 3684 4322 τῶν
3709 4265 4008 4336 ἀνθρώπων

795 4381 854 4424 ιιι
883 4371 971 4426 Dei
1007 4371 1177 4428 Filius
1210 4373 1522 4442 unigenitus
1567 4384 1620 4430 et
1663 4376 1922 4442 Verbum,
1959 4395 2149 4433 verum
2185 4383 2344 4436 etiam
2377 4433 2420 4442 _
2450 4379 2542 4429 υεοῖ

2264 4398 2344 4435 am
2377 4433 2420 4442 _
2450 4379 2606 4438 υἱοῖς.
2639 4372 2838 4426 Κάλλει
2865 4369 2961 4438 μὲν
2983 4369 3090 4436 γὰρ
3109 4365 3320 4432 ὡραῖος
3349 4362 3505 4427 παρὰ
3529 4360 3669 4425 τοὺς
3709 4359 3875 4422 υἱοὺς
3898 4354 4011 4409 tris-

796 4465 1017 4518 utiuter
1048 4465 1293 4519 homines
1326 4466 1473 4520 solus
1515 4466 1633 4520 sine
1662 4476 1904 4536 peccato.
1943 4467 2123 4524 Odore
2171 4481 2347 4526 autem
2376 4433 2427 4491 Β
2455 4469 2543 4522 ἀνι

2376 4433 2427 4491 D
2455 4433 2798 4532 ἀνθρώπων,
2960 4433 3116 4528 μόνον
3168 4455 3242 4516 ὡς
3265 4453 3399 4506 ε)εοῦ
3429 4451 3724 4520 μονογενὴς
3758 4449 3884 4507 Υίδς
3918 4449 4011 4536 καὶ

796 4555 1037 4622 iucundo
1063 4555 1312 4625 fragrans
1348 4565 1565 4624 prepter
1609 4533 1873 4625 spiritalia
1905 4560 2195 4626 gratiarum
2231 4578 2348 4613 mu-
2459 4555 2543 4608 Λό⁴

2267 4578 2348 4613 ιιι-
2459 4555 2646 4620 Λόγος,
2677 4551 2811 4602 ἀλλά
2840 4548 2931 4600 καὶ
2958 4546 3031 4608 ὡς
3071 4545 3128 4596 ὲν
3179 4541 3484 4610 ἀνθρώποις
3516 4537 3896 4605 ἀναμάρτητος
3923 4533 4014 4601 μύ-

800 4659 931 4698 ιιοτει
957 4659 1076 4712 qua:
1127 4647 1178 4698 in
1220 4661 1278 4700 sc
1312 4647 1659 4701 credentibus
1693 4647 2000 4717 dilargitur,
2037 4664 2103 4702 ex
2150 4651 2351 4718 quibus
2463 4663 2547 4704 νος

2268 4666 2351 4705 ms
2463 4663 2570 4704 νος.
2607 4640 2821 4708 Εὑὼδης
2848 4639 2901 4690 δὲ
2920 4639 3037 4698 ταῖς
3069 4633 3203 4705 πρὸς
3230 4632 3355 4692 τοὺς
3376 4630 3453 4688 si:
3482 4627 3638 4680 αὑτὸν
3664 4625 4015 4682 πιστεύοντας

801 4751 1022 4811 sensum
1057 4736 1226 4804 ipsius
1255 4738 1606 4806 percipimus.
1631 4736 1801 4791 Gustu
1833 4753 1959 4791 vero
1994 4739 2180 4793 suavis
2219 4749 2302 4794 est
2335 4756 2347 4792 :
2469 4753 2548 4806 με·

2269 4749 2302 4793 il
2335 4756 2347 4792 :
2469 4734 2784 4806 μεταδόσεσι
2810 4729 2916 4781 τῶν
2955 4725 3307 4795 χαρισμάτων
3339 4720 3432 4772 τοῦ
3481 4717 3815 4785 Πνεύματος,
3851 4715 3918 4767 δι’
3943 4707 4016 4766 ὧν

802 4827 1023 4880 (ἷιιειαισ
1053 4831 1220 4894 enim,
1251 4829 1446 4898 inquit,
1486 4838 1532 4881 et
1558 4821 1752 4890 videte,
1777 4831 2023 4897 quoniam
2059 4834 2234 4884 suavis
2277 4842 2350 4885 est
2467 4828 2549 4881 τοί

2277 4842 2350 4885 est
2467 4828 2653 4881 τούτου
2687 4827 2740 4876 ὲν
2764 4821 3008 4888 αἰσθήσει
3027 4816 3308 4885 γινόμεθα.
3342 4812 3452 4880 Τὴν
3478 4811 3533 4863 δὲ
3563 4809 3749 4876 γεῦσιν
3779 4806 3977 4873 γλυκύς
4001 4820 4015 4835 ·

807 4914 1064 4970 Dominus
1092 4917 1155 4971 “.
1213 4915 1345 4970 Nam
1378 4919 1554 4973 mellis
1603 4919 1832 4974 dulcedo
1884 4920 1989 4973 illis
2038 4921 2210 4972 solum
2262 4922 2352 4989 qui
2465 4920 2554 4970 Γει

2269 4922 2352 4989 qui
2465 4916 2775 4970 Γεύσασθε
2788 4911 2912 4980 γὰρ,
2931 4906 3182 4978 manuni
3203 4903 3355 4957 ἴδετε
3366 4902 3450 4954 ὅτι
3470 4902 3728 4970 χρηστὸς
3741 4902 3772 4952 ό
3791 4899 4016 4989 Κύριος..

806 5012 1178 5073 gustaverunt,
1210 5006 1424 5074 cognita
1454 5015 1558 5061 est.
1592 5007 1952 5073 Quamobrem
1994 5015 2046 5060 et
2079 4985 2354 5060 hominum
2466 5007 2553 5060 Ἐτ

2276 4985 2354 5060 unt
2466 5003 2685 5073 Ἐπειδὴ
2701 4999 2969 5069 γλυκύτης
2986 4994 3265 5067 μέλιτοςοὺ
3283 4995 3390 5054 τοῖς
3408 4990 3480 5061 μὴ
3491 4990 3869 5058 γευσαμένοις,
3889 4985 4023 5038 ἀλλὰ

810 5095 963 5148 cibus
985 5103 1087 5160 est,
1114 5094 1205 5163 qui
1230 5095 1393 5149 vitam
1422 5095 1502 5149 eis
1527 5094 1716 5148 tribuit
1741 5095 2058 5164 spiritalem.
2085 5097 2151 5147 At
2177 5095 2358 5148 ett-teri
2469 5098 2557 5149 tot

2281 5095 2358 5147 eri
2469 5091 2943 5162 τοίςγευσαμὲνοις
2969 5084 3371 5155 γνωστή.⁶ὐθεν
3403 5083 3494 5134 καὶ
3511 5080 3683 5150 τροφή
3727 5079 3842 5129 ἐστι
3884 5076 4024 5142 λογι-

812 5183 1092 5238 hominum
1139 5183 1256 5251 ﬁlii,
1301 5185 1428 5254 quia
1458 5198 1648 5240 omnes
1695 5195 2054 5253 peccaverunt
2083 5191 2137 5236 et
2182 5184 2361 5237 divina
2473 5186 2553 5240 κῶ

2279 5185 2361 5237 illa
2473 5186 2608 5248 κῶν,
2624 5182 2768 5253 ζωὴν
2787 5177 3154 5248 πνευματικὴν
3167 5176 3372 5236 τούτοις
3384 5171 3576 5234 διδούς.
3593 5171 3656 5222 Οἱ
3669 5169 3722 5223 δὲ
3739 5167 3912 5220 λοιποὶ
3921 5165 4026 5217 τῶν

810 5274 984 5343 gloria
1025 5275 1220 5344 privati
1274 5285 1421 5339 sunt,
1477 5275 1542 5328 ad
1583 5275 1732 5328 silva:
1772 5275 2180 5328 similitudinem
2211 5273 2368 5326 luxu-
2467 5275 2557 5330 ἀνθ

2281 5289 2368 5326 ιιι·
2467 5275 2768 5346 ἀνθρώπων
2791 5272 2918 5332 viai,
2941 5267 3125 5337 ἐπειδὴ
3145 5266 3344 5326 πάντες
3363 5264 3609 5330 ἥμαρτον
3635 5260 3727 5312 καί¹
3753 5257 3852 5325 τῆς
3877 5254 4028 5315 θείας

819 5367 980 5427 riant.
1012 5373 1066 5421 et
1097 5366 1348 5421 belluinis
1377 5367 1744 5436 voluptatibus
1777 5366 2110 5420 nutriuntur.
2143 5365 2368 5424 Idcirco,
2467 5366 2566 5428 δόξ-

2284 5379 2368 5424 CO.
2467 5345 2624 5428 δόξης
2653 5363 2993 5432 ἐστέρηνται,
3012 5359 3165 5426 δίκην
3193 5354 3478 5426 δρυμοῦτῇ
3496 5352 3677 5421 σχέσει
3703 5349 3808 5400 τῶν
3831 5345 4029 5414 παρόν-

816 5459 870 5510 t‘n
895 5457 1102 5521 umbra,
1121 5459 1317 5527 inquit,
1346 5459 1457 5527 ejus
1489 5460 1656 5525 cupivi
1699 5469 1746 5512 et
1776 5457 1907 5512 sedi.
1930 5443 2130 5512 U‘mbra
2153 5457 2374 5510 omnino
2468 5474 2563 5508 τωι

2286 5457 2374 5508 illo
2468 5472 2576 5508 των
2596 5452 2920 5522 ὑλομανοῦσι
2946 5467 2958 5480 ·
2975 5450 3070 5502 καὶ
3085 5449 3170 5500 διὰ
3188 5446 3294 5500 τῶν
3317 5443 3502 5498 παθῶν
3525 5441 3632 5494 τῶν
3677 5438 3884 5502 ἀλόγων
3903 5437 4029 5488 ἐαυ-

815 5547 1043 5612 Christi,
1077 5557 1160 5602 est
1189 5549 1499 5603 Christiana
1536 5550 1856 5619 respublica,
1891 5549 1943 5602 in
1973 5563 2076 5618 qua
2109 5549 2198 5616 qui
2232 5547 2376 5600 ἀρεί-
2473 5546 2562 5598 τοὺ

2286 5547 2376 5600 rsi-
2473 5542 2980 5612 τοὺςὲκτρέφουσιν.
3000 5538 3088 5591 Διό
3107 5553 3289 5606 φησιν,
3331 5537 3426 5588 Ἐν
3447 5532 3515 5601 τῇ
3531 5529 3674 5599 σκιᾷ
3691 5527 3873 5582 αὑτοῦ
3893 5527 4031 5577 ἑπε-

906 5726 946 5763 ³¹
975 5726 1160 5784 Matth.
1191 5745 1264 5794 vr,
1295 5730 1383 5784 9.8.
1467 5732 1506 5760 ”
1538 5728 1693 5783 .loan.
1720 5746 1834 5794 \tll,
1859 5728 1943 5784 ii.
2023 5729 2062 5758 ⁸³
2092 5726 2234 5780 l‘sal.
2269 5742 2409 5786 sint,
2443 5725 2493 5776 5.
2574 5723 2614 5754 ³³⁵
2648 5721 2792 5776 l‘sal.
2826 5734 3017 5782 sum,
3042 5715 3093 5768 9.
