4424 6446
389 442 498 504 573

1434 435 1822 497 COMMENT.
1858 436 1937 495 IN
1969 436 2359 498 CANTICUM
2396 435 2689 497 CANTIC.

3536 435 3641 498 574

381 552 623 619 οὐμησιι
640 550 730 601 κα)
751 547 1023 601 ἐκάθισεν
1045 546 1171 599 σκιᾶ
1194 547 1247 598 δὲ
1271 548 1487 609 πάντως
1518 545 1753 616 Χριστοῦ
1772 549 1804 615 ἡ
1826 547 1933 615 Χρι
1992 552 2042 611 Α
2068 548 2128 602 de

1891 564 1933 598 οι
1992 552 2042 611 Α
2068 548 2222 603 derio
2249 559 2329 602 est
2348 549 2730 610 conﬁrmatus,
2761 547 3076 616 cupidiuum
3112 554 3246 601 testu
3282 560 3388 600 non
3417 549 3638 603 combu-

383 641 622 711 στοειδὴς
671 642 932 699 πειιτείπ,
966 642 1050 708 ἐφ’
1078 633 1146 709 ἧς
1178 640 1206 692 ό
1251 639 1338 691 διὰ
1388 638 1552 690 πόθου
1582 638 1847 703 ἱδρυνοεὶς
1878 638 1954 707 τῷ

382 731 622 785 καύσωνι
656 730 757 781 τῶν
804 729 994 781 παθῶν
1029 730 1089 780 οὐ
1126 729 1467 794 συγκαίεται,
1514 726 1630 779 ἀλλ’
1653 726 1742 778 ὑπ’
1788 727 1957 795 αὐτῆς

382 823 665 875 σκέπεται.
708 822 815 874 Kal
865 825 896 874 ὀ
944 821 1173 886 καρπός
1225 820 1411 873 αὑτοῦ
1466 819 1701 888 γλυκὺς
1753 819 1825 871 ἐν
1878 818 1957 881 τῷ

380 912 637 983 λάρυγγί
674 927 831 981 μου·
881 913 1089 980 καρπὸς
1142 913 1197 963 δὲ
1230 912 1422 963 τούτου
1491 912 1637 963 ἐστὶν
1668 912 1694 962 6
1746 909 1958 980 καρπὸς

378 1004 472 1058 τοῦ
499 1004 829 1073 πνεύματος.
863 1004 961 1065 ’ος
990 1007 1104 1055 ἐστι
1144 1004 1282 1055 κατὰ
1332 1004 1423 1055 τὸν
1462 1003 1635 1073 μέγαν
1662 999 1961 1055 ἀπόστολον

381 1095 615 1159 Παῦλον,
643 1095 813 1163 χαρὰ,
877 1093 1106 1161 εἰρήνη,
1154 1095 1549 1161 μακροθυμία,
1597 1096 1959 1161 χρηστότης,

378 1191 473 1243 καὶ
494 1190 559 1243 τὰ
584 1190 777 1257 λοιπάλ·
813 1184 873 1243 οῦ
904 1193 1001 1260 τῆς
1040 1190 1375 1257 γλυκύτητος
1411 1192 1467 1241 ὲν
1492 1190 1739 1260 αἰσθήσει
1777 1189 1956 1260 ὑπάρ-

379 1303 565 1356 χουσιν
594 1288 641 1340 οἱ
666 1286 804 1341 κατὰ
834 1290 1030 1357 πεῖραν
1068 1289 1255 1339 τούτου
1290 1288 1633 1355 τρεφόμενοι.
1662 1287 1823 1339 Οὐδὲν
1852 1287 1959 1358 γὰρ

378 1379 557 1447 χαρᾶς
584 1379 965 1445 πνευματικῆς
992 1377 1258 1439 ἀπαθείας
1280 1394 1337 1429 τε
1367 1378 1456 1428 καὶ
1489 1376 1708 1445 ἀγάπης
1752 1377 1955 1443 γλυκύ-

375 1486 556 1538 τερον.
593 1469 814 1537 Λάρυγξ
835 1470 890 1522 δὲ
922 1468 1021 1538 τῆς
1055 1469 1393 1537 γλυκύτητος
1434 1467 1528 1519 τοῦ
1580 1467 1955 1537 πνευματικοῦ

377 1562 594 1628 καρποῦ
626 1560 1037 1629 αἰσθανόμενος,
1072 1560 1157 1629 εἴη
1199 1560 1264 1612 ἂν
1301 1562 1332 1629 ή
1368 1559 1559 1628 λογικὴ
1586 1559 1813 1629 δύναμις
1852 1562 1951 1629 τῆς
2011 1558 2222 1629 ψυχῆςο

376 1652 562 1717 λῦγος·
602 1655 791 1725 ῶσπερ
821 1653 942 1707 οὔτε
977 1654 1241 1724 βρώματα
1267 1656 1550 1725 ,λάρυγγος
1585 1653 1735 1707 ἄνευ.

1033 1839 1292 1891 Ψελλοῦ.

448 2012 667 2066 Τούτων
689 2015 763 2077 ὡς
788 2016 831 2067 δ’
865 2016 1065 2085 ἢκουσε
1102 2019 1331 2090 λοιπὸνή
1365 2020 1551 2088 νύμφη
1565 2018 1671 2070 τῶν
1696 2018 1951 2084 ἐπαίνων,

386 2103 853 2174 Ἀντιτεχνάζεταί
878 2126 1026 2173 τινας
1052 2112 1303 2173 ἐπαίνους
1331 2112 1403 2181 τῷ
1436 2113 1671 2181 νυμφίῳ.

373 2196 537 2262 Λέγει
564 2197 672 2267 γὰρ
717 2197 929 2262 λέξεσιν
957 2202 1146 2264 αὑταῖς
1169 2203 1290 2254 τάδε
1326 2204 1461 2265 πρὸς
1512 2204 1601 2255 τὸν
1640 2202 1917 2270 Δεσπότην
1938 2217 1952 2232 ·

387 2286 485 2351 Ὧς
504 2286 709 2354 μῆλον
728 2290 798 2342 ἐν
822 2291 947 2356 τοῖς
973 2292 1181 2356 ξύλοις
1207 2295 1313 2348 τοῦ
1335 2296 1587 2365 δρυμῶν

376 2379 575 2444 Οὕτως
605 2381 925 2451 ἀδελφιδός
942 2404 1061 2453 μου
1090 2387 1205 2441 ἀνὰ
1227 2388 1424 2457 μέσον
1454 2390 1571 2443 τῶν
1602 2386 1768 2443 υἱῶν.

372 2469 608 2541 Ὥσπερ,
645 2474 702 2526 ὲν
722 2478 841 2539 ταῖς
871 2477 1071 2545 ψυχαῖς
1100 2480 1340 2543 ἁπάσαις
1369 2481 1479 2532 τῶν
1512 2480 1842 2551 ἀνθρώπων,

378 2560 477 2620 Ἀς
514 2562 819 2635 θυγατέρας
853 2567 1107 2637 εἴρηκας,
1140 2564 1185 2623 ὦ
1216 2572 1355 2638 Λόγε
1388 2574 1483 2625 καὶ
1505 2574 1726 2643 νυμφίε,

374 2648 591 2718 Ἔγωγε
615 2655 748 2724 μόνη
783 2658 1001 2726 πέφυκα
1024 2660 1210 2729 κρίνον
1238 2662 1425 2733 ὥσπερ
1448 2666 1503 2716 ὲν
1533 2665 1657 2733 φύει
1683 2685 1695 2697 ·

373 2738 533 2792 Οὕτω
558 2744 651 2795 καὶ
683 2746 748 2798 σὺ
784 2748 917 2810 τοὺς
947 2751 1241 2818 οὐρανοὺς
1290 2754 1684 2823 ἀρρητοτύπως
1718 2756 1955 2821 κλίνας,

376 2830 484 2883 Καὶ
520 2837 825 2888 κατελθὼν
852 2840 943 2892 ἐπὶ
964 2841 1064 2909 τῆς
1090 2846 1194 2912 γῆς
1214 2846 1293 2906 είς
1324 2844 1498 2911 ὑλώδη
1527 2845 1663 2915 βίον,

378 2920 486 2973 Καὶ
523 2927 829 2994 σαρκωθεὶς
856 2931 916 2982 τὸ
944 2933 1065 2985 καθ’
1095 2936 1242 3003 ἡμᾶς
1290 2938 1348 2987 ἐν
1399 2937 1535 3003 τῷδε
1568 2938 1645 3007 τῷ
1689 2938 1954 3007 δρυμῶνι,

379 3012 589 3082 Ὠςρσης
612 3018 668 3067 ὲν
702 3018 850 3088 μέσῳ
883 3020 992 3073 τῶν
1026 3024 1159 3075 υἱῶν
1204 3024 1297 3077 τοῦ
1333 3027 1457 3095 τῇδε
1489 3027 1596 3078 τῶν
1629 3026 1953 3097 ἀνθρώπων,

385 3105 473 3169 Ὠς
511 3110 680 3179 μῆλον
718 3112 1080 3168 εὐωδέστατον
1104 3118 1197 3169 καὶ
1225 3118 1409 3185 γεῦσιν
1443 3120 1766 3188 καθηδύνον.

376 3196 533 3263 Τίνος
559 3202 615 3255 δὲ
654 3204 1084 3279 χάριν,ζὲρωτᾷς,
1117 3211 1209 3263 τὸν
1245 3212 1420 3279 Λόγον
1455 3212 1606 3279 λέγει
1635 3212 1840 3282 μῆλον;

381 3291 502 3343 Ὅτι
532 3295 627 3347 καὶ
654 3296 882 3363 χάριτας
935 3300 1134 3364 πολλὰς
1170 3301 1282 3371 ἔχει
1322 3296 1535 3372 καρπὸς
1565 3303 1623 3355 τὸ
1651 3304 1841 3372 μῆλον.

378 3380 485 3433 Καὶ
513 3382 623 3450 γὰρ
652 3385 1083 3457 ἀποθλιϐόμενον
1110 3393 1261 3460 παρά
1292 3410 1456 3456 τινος,
1481 3393 1556 3455 ὡς
1581 3393 1761 3462 Οέμιςν

379 3472 488 3543 Τὴν
520 3473 631 3545 γὰρ
680 3477 835 3545 ῥύσιν
859 3482 1256 3551 αίματόμικτον
1299 3484 1396 3552 τήν
1424 3484 1670 3555 ύδαρώδη
1716 3486 1947 3554 πέμπει.

379 3564 688 3620 Κάντεῦθεν
723 3570 1107 3627 ὕπαινίττεται
1144 3579 1408 3645 κρουνοὺς
1442 3578 1569 3640 τοὺς
1623 3579 1948 3654 σωτηρίους,

378 3656 515 3724 Τοὺς
541 3662 671 3732 πρὶν
701 3666 997 3735 πνευρόθεν
1030 3666 1333 3737 βλύσαντας
1365 3670 1460 3722 τοῦ
1496 3671 1667 3738 Λόγου
1702 3672 1795 3724 καὶ
1838 3673 1950 3724 Σω⁶

1737 3766 1942 3837 [τῆρος-

390 3845 475 3912 Ὠς
501 3851 715 3920 ἄγαμαι
741 3851 840 3921 τήν
874 3853 1131 3922 φρόνησιν
1161 3855 1260 3923 τῆς
1290 3856 1539 3925 καθᾶρας
1572 3857 1875 3928 παρθένουῑ

379 3941 563 4007 Σοφῶς
590 3942 697 4011 γὰρ
737 3944 955 4013 εἴρηκεν
989 3945 1153 3998 αὐτὸν
1203 3947 1489 4016 τυγχάνειν
1527 3946 1698 4010 ὅντως
1759 3949 1949 4019 μῆλον.

378 4040 531 4092 Πᾶσα
557 4038 659 4109 μὲν
691 4039 801 4107 γὰρ
825 4038 899 4100 ὡς
938 4037 1156 4108 ἀληθῶς
1193 4039 1340 4108 ψυχὴ
1364 4042 1393 4107 ἠ
1418 4040 1756 4111 ἀνθρωπίνη,

378 4131 494 4185 Κᾶν
528 4132 752 4202 ἀρεταῖς
783 4130 1084 4200 ὑπεραρθῇ,
1129 4129 1231 4183 κᾶν
1276 4131 1411 4201 πρὸς
1449 4132 1711 4199 ἀγγέλους
1743 4132 1947 4206 φθάσῃ,

385 4224 577 4286 Ἀνθος
607 4224 701 4275 καὶ
749 4223 907 4291 μόνον
938 4223 1182 4291 κρίνεται
1235 4225 1326 4275 καὶ
1358 4225 1541 4293 κρίνον
1570 4226 1634 4276 ἐκ
1665 4225 1947 4287 κοιλὰδων,

377 4315 476 4367 Τὸν
505 4312 752 4383 γεωργὸν
788 4314 849 4366 οὐ
879 4313 1150 4381 τρέφουσα
1182 4313 1399 4383 (βοτάνη
1431 4315 1538 4383 γὰρ
1558 4316 1618 4367 οὐ
1641 4315 1876 4385 τρέψει),

393 4408 531 4461 Ἀλλ’
566 4408 765 4474 ἑαυτὴν
803 4406 1194 4475 λαμπρύνουσα
1217 4407 1295 4476 τῷ
1327 4408 1511 4460 κάλλει
1550 4406 1645 4476 τῆς
1677 4409 1838 4470 ἰδέας.

384 4501 515 4553 Οὐδὲ
566 4503 675 4570 γάρ
704 4498 895 4569 χρῄζει
924 4502 1054 4568 παρ’
1081 4500 1237 4568 ήμῶν
1266 4501 1293 4551 6
1343 4500 1586 4571 γεωργὸς
1619 4501 1944 4571 κερδαίνειν,

384 4596 476 4657 Ὠς
496 4595 598 4647 πού
628 4595 834 4661 φησινό
864 4593 1165 4663 Ψαλμῳδδς
1198 4595 1332 4664 πρὸς
1367 4595 1455 4646 τὸν
1484 4594 1645 4646 αὑτὸν
1687 4595 1939 4661 νυμφίον·

390 4688 484 4752 Ὠς
513 4684 753 4753 ἀγαθῶν
770 4686 849 4737 σὺ
870 4682 987 4736 τῶν
1015 4684 1171 4753 ἐμῶν
1191 4685 1316 4739 οὐδ’
1345 4686 1499 4751 ὅλως
1530 4688 1743 4755 χρείαν
1764 4688 1942 4755 ἔχεις.

389 4779 525 4830 .An.
553 4779 581 4828 ὁ
608 4778 839 4847 χριστὸς
869 4779 897 4829 ὁ
929 4777 1175 4843 γεωργὸς
1203 4778 1361 4846 ἡμῶν
1388 4779 1415 4829 6
1445 4781 1540 4829 καὶ
1564 4779 1821 4847 νυμφίος,

388 4868 444 4921 ’0
480 4867 650 4936 μῆλον
675 4866 845 4929 ὅντως
876 4867 1113 4934 γεγονὼς
1148 4867 1254 4918 ἀπὸ
1275 4866 1368 4919 τοῦ
1403 4867 1778 4935 σαρκωθῆναι,

379 4952 486 5015 Τὰς
518 4954 665 5022 τρεῖς
683 4954 776 5005 καὶ
796 4952 1017 5023 πρώτας
1043 4956 1098 5005 ἐν
1117 4956 1248 5024 ἡμῖν
1267 4954 1544 5024 αἰσθήσεις
1562 4956 1941 5025 ὲπευφροιίνει,

380 5044 488 5113 Τὴν
510 5045 719 5113 ὅρασιν,
755 5045 851 5115 τὴν
880 5046 1166 5115 ὄσφρησιν,
1198 5047 1293 5098 καὶ
1324 5048 1559 5116 μάλιστα
1590 5048 1687 5116 τὴν
1726 5047 1934 5114 γεῦσιν⁹

388 5135 600 5205 Ὠραῖος
636 5138 742 5205 γὰρ
785 5139 864 5200 είς
911 5138 1100 5207 ὅρασιν
1126 5137 1198 5200 ὠς
1231 5136 1448 5207 ἀληθῶς
1474 5138 1754 5207 τυγχάνει,

388 5225 445 5276 ⁸0
473 5226 692 5279 πάντων
723 5227 1059 5296 ὡραιότατος
1089 5229 1197 5281 τῶν
1220 5228 1469 5298 γηγενῶν
1498 5232 1799 5302 Δεσπότης,

380 5317 485 5368 Καὶ
510 5320 637 5380 τοὺς
659 5319 898 5389 ὁρῶντας
933 5323 1013 5383 είς
1037 5320 1198 5373 αὑτὸν
1230 5320 1520 5391 ἐργάζεται
1555 5324 1867 5394 φωστῆρας.

390 5408 548 5471 Ἢδύς
576 5425 635 5460 τε
663 5413 795 5479 πρὸς
821 5411 920 5481 τὴν
940 5412 1206 5482 ὄσφρησιν
1247 5413 1505 5483 ὑπάρχων
1540 5412 1712 5481 μύρου
1743 5416 1905 5467 πλέον
1925 5433 1936 5445 ·

381 5499 451 5547 Τὸ
494 5501 655 5569 μέχρι
682 5506 787 5573 γὰρ
815 5502 909 5555 τοῦ
941 5505 1199 5570 πώγωνος
1224 5505 1351 5573 πρὶν
1380 5504 1705 5557 καταϐαῖνον
1747 5506 1917 5574 μύρον

377 5586 481 5643 Τοῦ
529 5592 754 5660 Ἀαρὼν,
785 5595 947 5657 αὐτός
974 5598 1118 5648 ἐστιν
1151 5596 1178 5646 6
1200 5594 1439 5666 καθαρδς
1464 5598 1491 5648 6
1511 5595 1761 5665 νυμφίος.

450 5794 489 5821 ιδ
519 5792 633 5846 Gal.
671 5811 719 5857 v,
756 5794 844 5861 aa,
885 5795 972 5851 εδ.

382 5877 451 5925 γι,
489 5863 578 5917 55.

1056 5797 1094 5827 ⁸⁸
1124 5795 1267 5851 Psal.
1299 5811 1428 5862 xm,
1466 5797 1551 5853 10.

1629 5798 1668 5827 ¹⁷
1712 5796 1851 5852 l‘sttl.
1918 5813 2003 5865 xv,

2068 641 2226 702 ritur,
2257 639 2349 693 sed
2383 641 2483 693 sub
2518 656 2577 694 ea
2619 640 2943 710 protegitur.
2989 638 3056 692 Et
3087 641 3292 708 [ructus
3319 639 3434 707 ejus
3468 637 3640 693 dulcis

2062 731 2264 801 gutturi
2320 746 2460 782 meo.
2511 729 2748 785 Fructus
2814 737 2995 783 autem
3037 730 3246 796 ipsius,
3288 738 3372 783 est
3426 728 3643 783 fructus

2066 824 2314 893 spiritus,
2358 820 2449 888 qui
2498 832 2603 887 est,
2658 832 2715 874 nt
2756 837 2987 890 magnus
3030 822 3202 887 inquit
3237 821 3457 884 Paulus,
3507 837 3643 890 gau-

2064 916 2234 979 dium,
2292 930 2419 982 pax,
2477 913 2874 983 longanimitas,
2939 913 3147 966 bonitas
3191 914 3258 974 η,
3314 920 3369 965 et
3424 918 3639 964 caetera.

2065 1008 2239 1077 Cujus
2298 1005 2643 1062 dulcedinem
2698 1005 2942 1060 sentiunt
2973 1006 3047 1058 illi
3092 1006 3185 1074 qui
3237 1005 3637 1072 experiuntur:

2066 1100 2197 1153 nihil
2226 1099 2369 1153 enim
2397 1098 2596 1169 gaudio
2632 1097 2865 1167 spiritali
2909 1104 2962 1151 et
2998 1096 3397 1166 tranquillitate
3423 1106 3476 1149 et
3506 1094 3641 1146 cha-

2066 1191 2229 1252 ritate
2285 1191 2524 1245 dulcius.
2561 1191 2630 1243 At
2680 1198 2870 1259 guttur
2921 1188 3068 1257 quod
3121 1188 3330 1242 fructus
3374 1184 3638 1256 spiritalis

2064 1282 2352 1338 dulcedine
2399 1284 2617 1350 fruitur,
2660 1292 2745 1339 est
2773 1284 2854 1339 vis
2886 1283 3084 1338 animae
3131 1282 3342 1335 ratione
3383 1281 3633 1350 praedita.

2063 1376 2184 1429 sine
2215 1391 2321 1443 qua
2356 1375 2592 1431 Verbum
2628 1390 2738 1429 non
2768 1376 3088 1431 admovetur
3123 1389 3137 1425 :
3174 1371 3632 1443 quemadmodum

2066 1482 2166 1520 nec
2190 1468 2347 1523 cibus
2377 1470 2494 1524 sine
2512 1477 2756 1540 gutture.

2308 1561 2609 1631 ἐπειδήπερ
2683 1559 2892 1629 ταύτης
2965 1559 3133 1628 χωρὶς
3190 1556 3253 1610 οὐ
3304 1552 3637 1623 προφέρεται

2756 1836 2940 1889 Pselli.

2134 2024 2241 2077 llas
2285 2021 2474 2077 laudes
2521 2035 2721 2091 sponsa
2767 2034 2888 2073 cum
2930 2016 3249 2077 audivisset,
3306 2013 3633 2082 quibusdam

2059 2118 2175 2187 ipsa
2217 2130 2435 2185 quoque
2475 2128 2736 2183 sponsum
2780 2110 3034 2164 laudibus
3064 2107 3298 2161 extollit.
3336 2105 3631 2161 Dominum

2058 2210 2202 2265 enim
2244 2209 2393 2262 hisee
2427 2208 2607 2261 verbis
2670 2202 3004 2272 alloquitur:
3062 2199 3208 2254 Sicut
3248 2213 3460 2267 pomum
3500 2197 3636 2251 inter

2058 2299 2204 2367 ligna
2254 2297 2437 2350 silvrc:
2478 2299 2553 2347 sic
2592 2310 2751 2361 nepos
2806 2309 2951 2345 meus
3001 2293 3137 2342 inter
3164 2289 3327 2357 ﬁlios.
3362 2287 3635 2353 Quemad—

2057 2393 2300 2456 modum,
2323 2390 2519 2458 inquil,
2545 2391 2683 2441 inter
2702 2401 2892 2439 omnes
2910 2384 3192 2437 hominum
3215 2382 3447 2445 animas,
3470 2394 3632 2449 quas,

2059 2500 2092 2540 ο
2123 2484 2360 2537 Verbum
2392 2488 2445 2533 et
2476 2494 2695 2547 sponse,
2720 2476 2858 2529 tilias
2892 2474 3199 2544 appellasti,
3226 2488 3325 2537 ego
3355 2472 3469 2525 sola
3509 2485 3632 2525 sum

2056 2586 2313 2643 tanquam
2335 2571 2505 2625 lilium
2540 2570 2591 2623 in
2626 2568 2905 2637 germine:
2938 2566 3019 2619 sic
3048 2565 3208 2618 etiam
3242 2572 3296 2615 tu
3320 2576 3521 2616 arcana
3539 2576 3630 2614 ra-

2061 2667 2207 2722 tione
2237 2663 2391 2717 caelos
2426 2659 2717 2722 ittciinatts,
2737 2666 2792 2711 et
2821 2655 3136 2709 descendens
3173 2653 3214 2683 ¹⁶
3244 2667 3408 2720 super
3432 2659 3630 2704 terram

2061 2761 2112 2813 in
2146 2758 2287 2812 hanc
2320 2755 2484 2807 vitam
2518 2749 2825 2809 mortalem,
2858 2755 2912 2801 et
2944 2760 3164 2799 carnem
3195 2751 3437 2797 nostram
3466 2754 3630 2795 assu-

2058 2864 2235 2911 mens,
2266 2847 2317 2900 in
2355 2845 2459 2899 hac
2488 2842 2621 2897 silva
2651 2849 2701 2895 te
2732 2840 2874 2893 inter
2910 2837 3048 2891 ﬁlios
3089 2834 3372 2888 hominum
3411 2831 3633 2901 conspi-

2060 2957 2222 2996 cuum
2262 2937 2565 3009 praebuisti,
2601 2944 2857 3003 tanquam
2890 2945 3109 3001 pomum
3156 2926 3544 2982 suavissimum
3577 2928 3635 2979 et

2061 3042 2222 3103 gustu
2251 3029 2744 3103 jucundissimum.
2766 3026 2877 3079 Cur
2914 3032 3094 3077 autem
3129 3019 3366 3075 Verbum
3398 3016 3631 3087 appellat

2058 3125 2323 3197 pomum?
2349 3123 2486 3190 Quia
2516 3118 2803 3188 multiplici
2829 3116 2998 3187 gratia
3026 3114 3114 3166 hic
3145 3112 3355 3165 fructus
3376 3118 3459 3164 est
3494 3124 3633 3178 prae-

2053 3220 2222 3272 ditus.
2268 3216 2480 3270 Etenim
2527 3213 2571 3267 si
2629 3211 2767 3265 forte
2819 3225 2847 3263 a
2897 3209 3152 3277 quopiam
3216 3204 3631 3273 comprimatur,

2053 3311 2315 3379 liquorem
2348 3305 2706 3375 sanguineum
2734 3309 2787 3355 et
2815 3314 3046 3369 aqucum
3074 3297 3296 3359 emittit,
3319 3305 3371 3350 et
3398 3293 3629 3364 proinde

2056 3402 2237 3457 innuit
2277 3399 2458 3453 fontes
2523 3396 2644 3451 illos
2681 3395 2976 3456 salutares,
3015 3391 3103 3457 qui
3154 3404 3219 3443 ex
3272 3389 3439 3441 latere
3464 3384 3632 3439 Verbi

2054 3501 2108 3547 et
2141 3490 2442 3545 Salvatoris
2475 3493 2825 3541 emanarunt.
2851 3482 2895 3537 Ο
2929 3498 3075 3551 purm
3110 3479 3354 3549 Virginis
3387 3476 3630 3547 pruden-

2056 3586 2186 3638 tiam
2242 3580 2662 3636 admirabilem!
2718 3577 2999 3646 sapienter
3061 3573 3203 3627 enim
3272 3572 3453 3639 ipsum
3507 3582 3633 3621 vere

2055 3691 2275 3746 pomum
2306 3674 2443 3727 dixit
2470 3687 2611 3727 esse.
2652 3670 2781 3723 Nam
2818 3667 2996 3720 omnis
3040 3663 3286 3735 profecto
3313 3662 3493 3714 anima
3529 3659 3632 3711 hu-

2053 3784 2234 3829 mana,
2260 3768 2385 3820 licet
2409 3767 2668 3817 virtutum
2693 3759 3006 3830 prmstautia
3033 3758 3096 3809 ad
3125 3755 3346 3824 angelos
3370 3750 3617 3814 accedat,

2054 3861 2153 3914 llus
2194 3857 2576 3912 tantummodo
2608 3865 2660 3907 et
2720 3853 2891 3905 lilium
2936 3848 3265 3901 conxallium
3314 3844 3628 3913 judicatur;

2061 3954 2193 4020 (non
2233 3951 2381 4002 alens
2407 3947 2723 4017 agricolam,
2760 3957 2934 4011 neque
2980 3939 3120 3993 enim
3162 3936 3328 3991 herba
3365 3931 3504 4003 alit),
3532 3931 3630 3988 sed

1934 4062 1971 4091 ﬁ
2052 4059 2110 4096 se
2150 4044 2320 4111 ipsum
2368 4039 2565 4108 speciei
2625 4034 3031 4105 pulchrittnliue
3077 4046 3374 4085 exornans.
3412 4027 3627 4081 Etenim

2052 4139 2260 4190 lucrum
2291 4150 2353 4188 ex
2409 4134 2570 4186 nobis
2616 4148 2720 4184 nun
2776 4128 2964 4198 qttztrril
3002 4125 3264 4194 agricola,
3298 4132 3355 4175 ut
3389 4121 3625 4191 quodam

2052 4230 2106 4281 iu
2138 4228 2255 4281 loro
2288 4240 2550 4291 sponsum
2589 4226 2767 4291 ipsum
2801 4221 3110 4288 alloquens,
3142 4214 3384 4269 ostendit
3412 4212 3578 4266 David
3610 4230 3621 4265 :

2054 4316 2190 4369 Deus
2231 4316 2425 4383 inquit,
2486 4330 2628 4366 meus
2671 4329 2723 4365 es
2772 4324 2848 4375 tu,
2892 4312 3017 4379 quia
3045 4380 3053 4387 .
3083 4309 3336 4360 bonorum
3391 4320 3627 4359 meorum

1982 4441 2025 4497 ο
2058 4425 2158 4461 non
2191 4424 2304 4476 eges
2330 4409 2391 4459 ”.
2443 4408 2508 4459 At
2543 4406 2796 4458 Christus
2852 4402 3090 4471 agricola
3132 4412 3479 4469 sponsusque
3527 4410 3626 4449 no-

2053 4507 2183 4563 ster,
2216 4513 2338 4554 eum
2369 4513 2584 4550 carnem
2620 4497 2909 4549 humanam
2945 4494 3197 4553 indueus,
3231 4504 3356 4543 vere
3395 4501 3619 4557 pomum

2047 4592 2308 4651 evaserit,
2376 4598 2486 4643 tres
2533 4599 2749 4641 nostros
2801 4602 3006 4654 eosque
3060 4583 3365 4652 prtecipuos
3425 4592 3623 4632 sensus

2047 4684 2306 4745 oblectat,
2330 4682 2531 4742 visum,
2564 4679 2848 4732 odoratum
2880 4689 3041 4744 atque
3074 4678 3125 4726 iu
3161 4672 3350 4742 primis
3378 4682 3619 4739 gusmm.

2045 4776 2284 4843 Aspcctu
2304 4775 2447 4827 enim
2481 4787 2613 4825 sane
2636 4786 2797 4839 quam
2831 4770 3065 4821 decorus
3098 4775 3220 4819 est:
3265 4764 3465 4831 quippe
3497 4773 3619 4812 cum

2043 4869 2113 4923 sit
2135 4867 2379 4919 omnium
2406 4865 2499 4933 qui
2528 4865 2580 4916 in
2604 4872 2748 4917 terra
2775 4862 2884 4913 nati
2918 4868 3047 4915 sunt
3067 4860 3133 4921 ³⁸,
3157 4852 3619 4926 speciosissimns,

2049 4958 2516 5025 respicientesque
2552 4970 2612 5008 se
2653 4953 2995 5007 clarissimos
3027 4948 3239 5003 reddat.
3271 4944 3484 4999 Olfactu
3526 4956 3622 4993 au-

2049 5060 2154 5104 tem
2194 5046 2606 5117 perjucundus:
2644 5056 2727 5100 est
2747 5045 2889 5098 enim
2919 5049 3201 5111 unguento
3236 5038 3430 5109 plenus
3460 5052 3474 5089 :
3511 5034 3623 5086 imo

2048 5148 2384 5209 unguentum
2447 5140 2623 5207 ipsum
2702 5136 2844 5205 quod
2917 5131 3203 5189 descendit
3267 5130 3322 5183 in
3392 5124 3617 5180 barbam

2047 5232 2230 5284 Aaron
2271 5230 2337 5282 ".
2390 5228 2624 5283 Gustatu
2667 5242 2799 5281 vero
2848 5240 3010 5297 quam
3059 5219 3424 5277 suavissimus
3463 5234 3477 5269 :
3518 5230 3620 5284 gu-

2047 5324 2323 5379 stantibus
2358 5323 2503 5377 enim
2538 5337 2596 5376 se
2632 5321 2797 5375 vitam
2859 5318 3049 5373 tribuit
3072 5311 3455 5369 immortalem.
3484 5307 3617 5361 Nam

2050 5416 2143 5485 qui
2178 5417 2340 5484 digne
2388 5415 2686 5468 manducat
2729 5395 2930 5479 corpus
2963 5410 3105 5479 ejus,
3157 5408 3275 5477 ipse
3329 5404 3425 5467 ait,
3452 5402 3615 5454 vitam

2051 5520 2172 5559 vere
2202 5514 2462 5558 aeternam
2500 5503 2801 5573 possidebit
2830 5502 2897 5555 '°.
2933 5501 3009 5553 Ac
3041 5502 3107 5552 de
3139 5494 3420 5566 proposito
3453 5489 3617 5557 hujus

2065 5598 2295 5651 carmini
2346 5598 2631 5651 hactenus.
2660 5597 2741 5650 Ad
2780 5596 2989 5663 reliqua
3036 5593 3390 5649 Canticorum
3436 5591 3612 5660 eXpli-

2060 5800 2109 5855 '2.
2192 5800 2232 5834 "‘
2272 5801 2409 5858 i‘sal.
2453 5817 2596 5864 κων,
2630 5804 2680 5853 3.
2765 5804 2803 5835 ”
2838 5801 2984 5855 l’sal.
3010 5800 3294 5865 cum}.
3370 5802 3416 5834 ³⁰
3448 5800 3607 5867 Joan.
