4424 6446
381 328 481 391 581
1411 307 1792 379 COMMENT.
1835 315 1910 374 IN
1956 314 2347 375 CANTICUM
2383 314 2675 375 CANTIC.

3515 314 3619 377 582

372 461 529 509 τερον
582 439 741 509 φόϐον
806 434 901 489 καὶ
961 433 1144 497 πόθον,
1181 432 1285 494 ἓως
1312 430 1378 483 ἂν
1437 426 1598 491 αὐτὸς
1653 429 1684 497 ἡ
1736 427 1948 495 ἀγάπη.
1982 434 2025 485 Α
2058 426 2119 478 Cll

1873 443 1948 493 ιη.
1982 434 2025 485 Α
2058 425 2298 480 charitas
2328 436 2411 483 est
2459 429 2527 491 “,
2554 444 2670 497 quae
2721 444 2985 497 nunquam
3036 429 3321 497 excidit",
3383 432 3620 490 adventu

376 497 506 602 ﬁrm
565 497 706 584 συί-δέ
765 543 907 581 ποτε
967 525 1259 587 ἐκπίπτει,
1328 520 1613 589 ἐπιφανεὶς
1666 518 1800 587 ἡμῖν
1855 516 1953 587 τὴν
2058 532 2120 571 su

1447 520 1613 583 ›ανεὶς
1666 518 1800 587 ἡμῖν
1855 516 1953 587 τὴν
2058 531 2159 571 suo
2189 517 2347 571 nobis
2382 518 2881 573 immutabilttatcm
2913 521 3194 590 largiatur.

377 622 644 694 azpszfulav
682 621 1000 690 χαρίσηται.

1034 726 1297 782 Ψελλοῦ.

391 848 549 902 Ἀλλὰ
572 847 761 918 καιρὸς
788 847 880 899 καὶ
910 843 1020 897 τῶν
1044 842 1168 911 ἑξῆς
1202 839 1491 911 ’ᾼσμέιτων
1515 835 1836 889 ἐπακοῦσαι.

393 940 697 995 Ἀντιϐολετ
724 940 833 1007 γὰρ
864 935 1098 1005 καθεξῆς
1128 934 1222 987 καὶ
1253 930 1418 983 πάλιν
1440 929 1563 991 τοὺς
1591 926 1877 995 ἀγγέλους·

451 1120 704 1186 Ὦρκισα
738 1114 915 1185 ὑμᾶς,
949 1111 1270 1181 θυγατέρες
1304 1093 1692 1178 Ἰερουσαλῆμ
1732 1106 1801 1157 ἐν
1824 1104 1956 1170 ταῖς

2744 717 2933 776 Pselli.

2132 828 2327 886 Verum
2363 840 2579 902 tempus
2612 841 2716 899 est,
2744 843 2807 889 ut
2839 850 2961 905 quae
3017 849 3324 906 sequuntur
3352 838 3406 891 in
3438 837 3631 893 Cautio

2054 925 2134 981 cis
2168 927 2478 982 audiamus.
2530 926 2745 982 Rursus
2804 930 2949 984 enim
2999 931 3224 1000 angelos
3275 930 3528 986 obsecrat
3575 940 3629 987 et

2054 1017 2354 1073 obtestatur
2382 1039 2396 1075 :

2125 1109 2382 1177 Adjuravi
2428 1129 2539 1177 vos,
2583 1114 2713 1182 ﬁliae
2767 1113 3093 1179 Jerusalem,
3139 1132 3230 1184 per
3274 1119 3537 1185 potentias
3579 1126 3630 1171 et

379 1212 672 1277 δυνάμεσι
718 1209 820 1262 καὶ
868 1209 939 1260 ἐν
967 1207 1097 1271 ταῖς
1136 1205 1424 1274 ίσχύσεσι
1461 1202 1570 1255 τοῦ
1604 1199 1811 1268 ἀγροῦ,
1850 1200 1955 1253 ἐὰν
2054 1201 2126 1270 fat

1882 1200 1955 1253 ὰν
2054 1201 2394 1270 fortitudines
2421 1206 2558 1272 agri,
2576 1206 2923 1260 utsuscitetis
2947 1214 2995 1259 et
3030 1207 3266 1261 excitetis
3288 1209 3629 1278 charitatem,

380 1304 644 1371 ἐγείρητε
668 1302 765 1355 καὶ
799 1298 1137 1367 ἐξεγείρητε
1177 1297 1292 1365 τὴν
1324 1294 1586 1363 ἀγάπην,
1615 1290 1725 1355 ἕως
1755 1290 1829 1344 ἂν
1859 1294 1953 1345 θε-

382 1393 571 1459 λήσει.

460 1485 652 1552 ’Λγρὸν
680 1484 771 1534 τὸν
801 1483 1003 1551 κόσμον
1021 1480 1211 1547 νόησον
1230 1495 1243 1508 ·
1277 1477 1429 1546 ἰσχὺν
1462 1478 1519 1531 δὲ
1548 1478 1734 1531 τούτου
1770 1477 1952 1541 πάλιν,

384 1575 494 1643 Τὴν
518 1574 611 1626 τοῦ
646 1574 918 1625 Δεσπὸτου
960 1571 1192 1636 δύναμιν
1228 1569 1323 1620 τοῦ
1356 1569 1530 1634 Λόγου
1566 1570 1661 1621 καὶ
1695 1569 1949 1635 νυμφίου.

381 1666 518 1733 Φησὶ
542 1666 672 1735 γὰρ,
698 1662 768 1715 Ὦ
800 1678 1100 1729 νυμφαγωγ
1113 1661 1161 1711 o‘t
1195 1661 1288 1712 καὶ
1318 1659 1461 1727 φίλοι
1493 1660 1589 1712 τοῦ
1622 1661 1858 1728 νυμφίου
1878 1695 1892 1715 .

394 1753 638 1815 Ἐκείνας
665 1752 1039 1820 καταλείψασα
1071 1751 1165 1812 τὰς
1190 1753 1432 1819 συνεχεῖς
1461 1752 1730 1817 αἰτήσεις,

382 1846 518 1899 Μεθ’
546 1845 710 1912 ὅρκου
743 1844 896 1912 φέρω
929 1843 1117 1911 δέησιν
1154 1842 1283 1910 ὑμῖν
1310 1841 1419 1893 ἀπὸ
1455 1839 1706 1908 καρδίας,

382 1934 667 2002 Μηδέποτε
696 1934 1079 2005 παυθήσεσθαι
1107 1931 1516 2002 λαμπρύνοντές
1550 1948 1613 1998 με
1648 1931 1827 1995 πλέον,

384 2028 491 2077 Καὶ
514 2027 613 2094 τὴν
643 2028 782 2096 ἐμὴν
814 2026 1135 2088 αὐξάνοντες
1165 2023 1386 2091 ἀγάπην
1412 2022 1547 2091 πρὸς
1578 2022 1666 2074 τὸν
1692 2024 1882 2090 Λόγον.

381 2118 591 2187 Μέχρις
616 2117 680 2169 ἂν
707 2117 835 2184 ὅλην
871 2132 937 2183 με
971 2114 1143 2184 καλὴν
1170 2114 1477 2184 ἐργάσησθε
1512 2117 1624 2176 τοῖς
1659 2117 1908 2185 τρόποις,

388 2205 495 2256 Καὶ
530 2204 718 2272 μέχρις
751 2202 819 2255 ἂν
847 2204 1175 2273 ἐκπληρωθῇ
1207 2204 1421 2272 θέλημα
1442 2202 1536 2255 τοῦ
1574 2205 1832 2273 νυμφίου.

385 2292 559 2345 Τοῦτο
588 2293 632 2343 δ’
662 2293 781 2343 ἐστὶ
806 2292 864 2343 τὸ
889 2291 1099 2361 θέλημα
1131 2293 1225 2346 καὶ
1261 2293 1420 2362 μόνον
1445 2292 1539 2344 τοῦ
1576 2295 1833 2361 νυμφίου,

384 2385 489 2436 Τοῦ
517 2383 764 2445 θέλοντος
789 2382 850 2434 τὸ
879 2383 1150 2445 σώζεσθαι
1183 2384 1389 2444 πάντας
1418 2383 1738 2452 ἀνθρώπους
1766 2384 1954 2450 ὅντως,

384 2474 458 2525 Τὸ
486 2474 731 2539 καθαράν
757 2488 826 2540 με
861 2470 1142 2534 παντελῶς
1172 2472 1268 2524 καὶ
1298 2472 1503 2541 θεαυγῆ
1538 2474 1793 2542 φανῆναι.

396 2563 533 2615 Ἀλλ’
560 2562 713 2626 αὖθις
746 2563 1115 2633 θεωρήσωμεν
1140 2564 1207 2617 τὰ
1236 2564 1359 2618 καθ’
1391 2565 1582 2633 εἱρμὸν
1621 2564 1716 2617 τοῦ
1763 2565 1949 2633 λόγου.

739 2674 912 2741 Φωνὴ
942 2674 1050 2729 τοῦ
1087 2675 1415 2745 ἀδελφιδοῦ
1444 2693 1586 2744 μου.

450 2781 717 2835 Τοσοῦτον
749 2783 1130 2849 ἀκατάληπτον
1157 2783 1325 2845 ὅντως
1352 2783 1470 2835 ἐστὶ
1496 2782 1555 2833 τὸ
1582 2780 1757 2847 Θεῑον,

384 2876 509 2928 Ὀτι
539 2874 641 2926 κᾶν
671 2874 849 2935 πάσας
878 2873 1081 2942 ἀρετάς
1108 2890 1193 2935 τις
1228 2872 1550 2944 κατορθώσῃ
1574 2874 1778 2937 πόνοις,

383 2967 504 3017 Κᾶν
536 2963 722 3034 ὑψωθῇ
761 2964 898 3033 πρὸς
925 2966 1189 3033 οὐρανοὺς
1221 2968 1331 3027 τοῖς
1383 2967 1663 3032 ὲναρέτοις
1701 2967 1950 3035 τρόποις,

383 3054 691 3106 Κάντεῦθεν
728 3054 996 3120 σύνεγγυς
1027 3054 1163 3106 Θεοῦ
1196 3056 1395 3124 νομίσῃ
1419 3055 1771 3119 καθεστάναι,

384 3146 545 3196 ἰστω
575 3142 873 3213 τυγχάνειν
908 3144 1194 3213 πόρρωθεν
1222 3142 1322 3211 τῆς
1351 3142 1542 3211 θεῖκῆς
1569 3146 1778 3206 οὐσίας.

394 3234 523 3287 Ἰδοὺ
556 3233 663 3301 γὰρ
686 3235 719 3302 ἡ
755 3233 1081 3302 προκόψασα
1118 3232 1209 3284 καὶ
1234 3232 1489 3300 φθάσασα
1519 3235 1653 3302 πρὸς
1690 3235 1844 3302 ὕψος,

382 3325 490 3374 Καὶ
521 3322 879 3392 προσδοκῶσα
908 3321 1176 3389 σύνεγγυς
1209 3323 1430 3374 ἑστάναι
1465 3322 1555 3374 τοῦ
1584 3325 1842 3392 νυμφίου,

383 3411 582 3463 Οὐσίαν
609 3416 706 3480 τῆς
737 3410 987 3481 θεότητος
1015 3414 1125 3465 οὐδ’
1151 3413 1287 3476 ὅλως
1310 3414 1637 3482 ὲπεγνώκει.

378 3502 565 3567 Φωνὴν
590 3500 647 3551 δὲ
677 3500 869 3552 τούτου
898 3501 1090 3569 νόησον
1122 3502 1229 3554 τῶν
1279 3504 1576 3572 προφητῶν
1608 3506 1708 3566 τὰς
1742 3508 1947 3574 ῥήσεις,

382 3590 493 3653 Τὰς
520 3589 621 3659 τὴν
639 3590 732 3642 τοῦ
760 3591 935 3659 Λόγου
966 3594 1244 3662 σάρκωσιν
1272 3594 1525 3664 ἀρρήτως
1558 3596 1948 3667 προδηλούσας.

379 3674 512 3732 Εἶτα
543 3681 638 3732 καὶ
665 3681 717 3733 τί
752 3698 914 3750 φησιν
949 3682 1095 3752 ἑξῆς,
1124 3684 1301 3737 έκεῖνο
1331 3690 1653 3757 σκοπητέον.

447 3865 607 3919 Ἰδοὺ
639 3862 818 3932 οὗτος
845 3867 977 3933 ἣκει
1008 3868 1217 3936 πηδῶν
1238 3869 1338 3923 ἐπὶ
1368 3871 1437 3924 τὰ
1468 3872 1595 3939 ὄρη,
1631 3873 1950 3941 (Sac/udire-

375 3972 483 4020 νος
515 3955 613 4006 ἐπὶ
649 3954 791 4019 τοὺς
810 3955 1104 4021 βουνούς.

453 4042 699 4096 Είποῦσα
721 4044 935 4112 πρῶτον
966 4047 1063 4115 τῆς
1094 4045 1279 4115 φωνῆς
1306 4047 1535 4101 ἀκοῦσαι
1568 4048 1663 4101 τοῦ
1692 4050 1947 4119 νυμφίου,

369 4126 580 4195 οὗτος,
608 4132 764 4200 φησὶ,
797 4131 914 4185 νῦν
942 4133 1177 4201 ἔρχεται
1200 4133 1408 4202 πηδῶν
1438 4137 1537 4191 ἐπὶ
1565 4140 1635 4191 τὰ
1663 4139 1792 4207 ὄρη.

379 4218 575 4279 Καλῶς
603 4219 994 4288 ἐφιλοσόφησεν
1029 4224 1061 4291 ἡ
1088 4224 1306 4293 καθαρὰ
1342 4227 1633 4296 παρθένος,

390 4308 448 4361 '0
480 4310 587 4377 γάρ
618 4325 702 4362 τοι
719 4310 893 4377 Λόγος
918 4312 1012 4364 τοῦ
1035 4312 1171 4365 Θεοῦ
1205 4315 1310 4383 πρὸ
1334 4316 1433 4385 τῆς
1462 4318 1541 4379 είς
1563 4318 1667 4385 γῆν
1695 4318 1945 4383 καθόδου,

377 4400 670 4469 Προφήτας
700 4400 1053 4464 ἐξαπέστειλε
1084 4405 1374 4475 προλέγειν
1403 4408 1502 4478 τὴν
1537 4408 1750 4461 ἐκείνου

376 4486 486 4562 Τὴν
501 4492 634 4560 πρὸς
650 4491 969 4563 ἀνθρώπους
992 4496 1240 4563 κάθοδον,
1256 4499 1349 4550 καὶ
1367 4499 1643 4569 σάρκωσιν
1657 4502 1754 4571 τὴν
1774 4500 1944 4555 θείαν.

373 4578 529 4631 Μετὰ
554 4578 611 4631 δὲ
640 4580 861 4645 τούτους
890 4583 1091 4649 ἔφθασε
1123 4588 1374 4649 κάκεῖνος
1399 4588 1710 4659 οὐρανόθεν.

387 4666 444 4717 '0
473 4668 531 4719 δὲ
565 4669 758 4737 παρὼν
791 4670 1089 4725 αἰνίττεται
1148 4673 1305 4741 λόγος
1328 4677 1356 4725 ὁ
1380 4676 1489 4727 τῶν
1532 4676 1836 4746 ’ᾼσμάτων,

373 4756 446 4808 Τὸ
474 4757 576 4825 τῆς
606 4760 1071 4831 ὲνανθρωπήσεως
1098 4764 1192 4815 τοῦ
1222 4763 1569 4834 θεανθρώπου
1601 4767 1794 4833 Λόγου.

373 4848 450 4899 Δι’
478 4842 545 4918 ἧς
571 4847 860 4902 είλκύσατο
889 4852 1068 4920 ψυχὰς
1097 4855 1154 4905 έν
1189 4854 1368 4907 σκότει
1394 4855 1728 4925 καθημένας,

376 4937 645 5003 Δαίμονας
671 4939 822 5001 ὅλους
854 4939 1096 4992 καθελὼν
1121 4944 1214 4993 καὶ
1243 4946 1379 5014 μόνῃ
1413 4945 1678 4999 κελεύσει.

374 5025 605 5090 Τούτους
641 5030 749 5098 γὰρ
790 5030 890 5100 ὅρη
916 5015 1153 5101 κέκληκε
1195 5034 1288 5087 καὶ
1324 5037 1485 5089 πάλιν
1522 5037 1743 5107 βουνοὺς
1772 5038 1936 5107 λέγει.

374 5116 813 5189 Θαυματουργῶν
856 5122 964 5191 γὰρ
1012 5124 1040 5176 ὁ
1084 5124 1335 5193 Χριστὸς,
1387 5128 1796 5198 καιδαίμονας
1842 5134 1933 5184 ἐκ·

1624 5223 1859 5292 [ϐάλλων

376 5293 462 5362 Τῷ
490 5294 634 5364 λόγῳ
671 5298 837 5369 μόνῳ,
872 5299 1400 5373 ξύμπανταςὲπίσης
1431 5310 1756 5378 ἑταρτάρου,

386 5382 700 5448 Ἐλάττονας
736 5392 828 5443 καὶ
864 5393 1118 5459 μείζονας
1150 5398 1242 5449 καὶ
1270 5398 1467 5466 μᾶλλον
1498 5401 1790 5466 λεγεῶνας.

378 5478 605 5533 Ἔπειτα
631 5481 683 5533 τί
716 5499 879 5552 φησιν
904 5487 1064 5550 εὐθὺς
1095 5490 1126 5556 ἡ
1159 5489 1367 5560 νύμφη,
1404 5494 1721 5561 σκοπητέον·

2054 1297 2217 1348 donec
2251 1296 2491 1351 voluerit.

2124 1464 2267 1530 Ager
2304 1464 2398 1517 tibi
2447 1462 2519 1517 sit
2549 1461 2789 1517 mundus
2820 1482 2832 1517 :
2858 1462 3022 1533 hujus
3061 1463 3350 1529 fortitudo,
3390 1472 3632 1533 potestas

2053 1556 2268 1609 Domini
2314 1556 2475 1611 Verbi
2512 1571 2577 1610 ac
2625 1556 2834 1625 sponsi.
2880 1554 3016 1620 Vos,
3067 1557 3267 1624 inquit,
3313 1558 3405 1627 qui
3441 1556 3630 1627 sponsi

2055 1648 2369 1715 nuptiarum
2410 1648 2646 1702 ministri
2687 1650 2825 1703 estis
2865 1656 3028 1716 atque
3058 1649 3239 1713 amici,
3267 1646 3505 1703 assiduis
3529 1645 3629 1701 ﬂa-

2054 1740 2405 1811 gitationibus
2438 1742 2679 1807 omissis,
2708 1741 3066 1811 jurejurando
3114 1756 3308 1812 precor
3339 1755 3402 1796 ex
3444 1742 3629 1794 animo

2058 1841 2222 1900 atque
2254 1833 2518 1895 obtestor,
2574 1849 2644 1886 ne
2696 1834 2852 1901 prius
2884 1849 2968 1888 me
2998 1833 3263 1889 decorare
3318 1832 3626 1898 desistatis,

2057 1938 2220 1993 quam
2250 1922 2499 1992 partibus
2529 1938 2594 1977 ac
2624 1926 2868 1978 numeris
2908 1927 3163 1981 omnibus
3187 1935 3434 1980 ornatam
3465 1937 3629 1995 atque

2055 2014 2345 2083 expolitam
2380 2014 2627 2068 moribus
2657 2014 3034 2079 reddideritis,
3066 2024 3120 2070 et
3150 2017 3337 2084 sponsi
3370 2016 3627 2069 voluntas

2056 2107 2269 2176 expleta
2294 2107 2457 2160 fuerit
2480 2144 2495 2169 ,
2530 2106 2687 2176 cujus
2715 2106 2935 2176 quidem
2967 2106 3080 2162 haec
3112 2115 3197 2163 est
3226 2107 3485 2163 voluntas
3507 2107 3630 2161 uni-

2056 2214 2117 2253 cs
2138 2199 2203 2263 ’⁸,
2239 2208 2299 2252 ιιι
2334 2198 2582 2251 homines
2614 2198 2842 2265 pervelit
2871 2213 3064 2254 omnes
3098 2200 3278 2255 salvos
3330 2199 3471 2267 fieri,
3512 2214 3629 2255 me-

2056 2306 2163 2360 que
2199 2291 2358 2361 plane
2386 2289 2645 2344 mundam
2695 2304 2760 2344 ac
2813 2290 2999 2345 divino
3048 2291 3342 2361 splendore
3360 2292 3628 2347 illustrem

2056 2398 2201 2440 esse.
2240 2383 2345 2439 Sed
2373 2383 2637 2439 orationis
2670 2383 2867 2440 seriem
2914 2383 3272 2454 contemplari
3310 2399 3626 2456 pergamus.

2562 2666 2671 2721 Vox
2689 2669 2986 2724 consobrini
3015 2672 3137 2725 mei.

2129 2776 2363 2832 Tantum
2415 2780 2572 2835 abest
2608 2789 2666 2835 ut
2697 2781 2961 2838 divinitas
2993 2785 3388 2855 comprehendi
3418 2794 3623 2860 queat:

2058 2879 2138 2932 ut,
2161 2869 2289 2922 licet
2312 2870 2609 2926 virtutibus
2634 2872 2705 2928 sit
2730 2874 3001 2942 quispiam
3031 2875 3288 2930 omnibus
3309 2887 3626 2941 exornatus,

2058 2961 2329 3028 reetisque
2384 2963 2598 3016 vivendi
2657 2965 2968 3021 rationibus
3000 2967 3249 3023 sublimis
3288 2970 3513 3023 tollatur
3569 2971 3625 3024 in

2060 3052 2281 3114 ccelum,
2299 3067 2362 3105 ac
2382 3062 2670 3122 propterea
2696 3070 2754 3109 se
2788 3059 3035 3124 proxime
3055 3060 3121 3113 ad
3159 3059 3325 3113 Deum
3358 3070 3508 3130 putet
3535 3076 3626 3116 ac-

1980 3144 2021 3198 c
2055 3140 2268 3205 cedere,
2302 3143 2371 3196 ab
2412 3143 2529 3212 ejus
2564 3153 2742 3198 tamen
2779 3155 2973 3201 natura
3037 3148 3083 3204 is
3144 3150 3351 3205 distare
3396 3167 3455 3206 se
3488 3155 3628 3208 sciat

2056 3246 2217 3299 quam
2274 3231 2607 3301 longissime.
2661 3235 2803 3290 Ecce
2852 3238 2997 3291 enim
3030 3254 3256 3308 sponsa,
3289 3257 3410 3310 qua:
3456 3243 3624 3313 proli-

2054 3323 2247 3376 ciendo
2270 3324 2335 3377 ad
2355 3340 2472 3378 eam
2500 3326 2887 3383 sublimitatem
2912 3344 3198 3399 progressa
3217 3344 3319 3396 est,
3349 3342 3408 3385 ut
3442 3336 3627 3403 prosi-

2054 3429 2138 3466 nre
2172 3415 2237 3466 ad
2278 3430 2542 3485 sponsum
2602 3419 2883 3473 videretur
2938 3424 3263 3487 accessisse,
3315 3423 3623 3482 divinitatis

2052 3506 2349 3559 essentiam
2407 3507 2554 3561 haud
2614 3511 2857 3579 percepit
2915 3514 3158 3567 omnino.
3191 3514 3271 3568 Tu
3309 3530 3406 3583 per
3431 3531 3623 3573 vocem

2053 3596 2239 3663 sponsi
2289 3599 2511 3651 oracula
2558 3600 2943 3669 prophetarum
2980 3603 3184 3673 accipe,
3212 3619 3332 3675 quae
3364 3619 3624 3661 arcanam

2059 3683 2216 3740 Verbi
2276 3689 2709 3744 incarnationem
2791 3694 3171 3762 prodiderunt.
3246 3697 3387 3764 Quid
3440 3708 3623 3755 autem

2056 3775 2312 3845 deinceps
2340 3780 2507 3845 dicat,
2543 3790 2628 3835 est
2655 3785 3066 3842 attendendum.

2126 3864 2260 3919 Ecce
2292 3868 2377 3921 llic
2432 3872 2570 3923 venit
2628 3873 2825 3927 saliens
2879 3876 2934 3927 in
2985 3877 3266 3946 montibus,
3318 3880 3622 3936 transiliens

2052 3956 2233 4010 colles.

2120 4045 2255 4099 Cum
2288 4056 2445 4104 antea
2473 4054 2658 4121 sponsi
2688 4070 2873 4110 vocem
2892 4059 3082 4114 audire
3110 4076 3169 4115 se
3206 4060 3454 4126 dixisset,
3479 4063 3620 4129 jam,

2055 4137 2254 4208 inquit,
2283 4140 2365 4193 hic
2404 4145 2539 4195 venit
2577 4145 2771 4200 saliens
2811 4164 2967 4215 super
3020 4161 3241 4207 montes.
3299 4153 3447 4208 Scite
3486 4170 3622 4225 pura

2060 4226 2219 4295 Virgo
2276 4231 2714 4302 pltiloSOphatur.
2745 4235 2877 4289 Nam
2913 4236 3148 4294 Verbum
3186 4229 3301 4308 Dei,
3330 4253 3620 4313 antequam

2054 4318 2410 4376 descenderet
2438 4323 2492 4376 in
2532 4333 2755 4391 terram,
2794 4329 3056 4394 prarmislt
3082 4332 3375 4399 prophetas
3396 4336 3488 4402 qui
3520 4337 3620 4389 ad-

2052 4420 2277 4466 ventum
2304 4428 2464 4468 sunm
2526 4423 2580 4470 et
2628 4417 2868 4472 divinam
2904 4420 3333 4478 incarnationem
3368 4440 3624 4494 praenun-

2050 4501 2271 4557 tiarent.
2319 4504 2443 4559 Mox
2495 4516 2549 4560 et
2596 4506 2709 4577 ipse
2743 4508 2812 4563 de
2853 4511 2992 4564 caelo
3023 4511 3300 4581 profectus
3346 4524 3455 4572 est.
3492 4519 3622 4585 Haec

2055 4592 2222 4662 igitur
2248 4595 2411 4648 verba
2446 4596 2793 4653 Canticorum
2851 4602 3084 4655 innuunt
3119 4605 3287 4659 divini
3322 4590 3481 4662 Verbi
3535 4610 3619 4664 in-

2051 4686 2447 4749 carnationem,
2478 4703 2572 4756 per
2611 4704 2773 4758 quam
2806 4693 3015 4749 animas
3058 4693 3114 4748 in
3159 4698 3398 4753 tenebris
3434 4702 3621 4755 consi-

2050 4775 2242 4831 dentes
2300 4778 2571 4846 liberavit,
2620 4780 2780 4851 jussu
2837 4786 2954 4839 solo
3018 4784 3219 4856 fugatis
3271 4788 3614 4848 daemonibus

2052 4870 2347 4935 universis,
2394 4887 2533 4942 quos
2569 4882 2781 4928 montes
2835 4876 3071 4945 appellat
3122 4893 3187 4932 ac
3220 4877 3420 4936 deinde
3448 4883 3622 4938 colles

2052 4969 2229 5014 vocat.
2270 4960 2527 5018 Christus
2579 4968 2723 5018 enim
2759 4966 2927 5023 edens
2958 4969 3245 5036 miracula,
3279 4980 3443 5041 atque
3471 4974 3615 5027 inte-

2047 5068 2175 5121 gras
2208 5056 2514 5111 daemonum
2570 5058 2813 5128 legiones
2844 5060 3071 5129 ejiciens
3106 5063 3271 5121 verbo
3301 5065 3444 5128 solo,
3477 5082 3617 5121 cun-

2046 5156 2165 5199 ctos
2196 5147 2358 5199 simul
2391 5158 2503 5201 tum
2561 5151 2797 5219 majores
2835 5160 2946 5206 tum
2985 5154 3224 5213 minores
3260 5157 3311 5211 in
3348 5165 3614 5213 tartarum

2041 5233 2295 5289 detrusit.
2335 5236 2474 5301 Quid
2500 5242 2681 5293 statim
2724 5256 2928 5310 sponsa
2952 5243 3134 5302 dicere
3164 5255 3372 5320 pergat,
3409 5264 3617 5321 expen-

2042 5326 2255 5385 damus.

445 5658 538 5715 ul
588 5663 749 5719 10am
783 5679 853 5731 Iv,
892 5666 976 5719 tu,
1055 5668 1098 5699 ’τ
1134 5668 1147 5719 Ι
1185 5667 1309 5722 Cor.
1348 5686 1465 5735 xm,
1495 5679 1546 5727 ὅ.
1628 5675 1674 5713 ’τ
1712 5693 1727 5748 ι
1767 5688 1911 5748 Tun.
1949 5710 2007 5760 ιι,
2033 5712 2083 5748 4.
