4424 6446
331 382 439 442 585

1348 364 1732 428 COMMENT.
1759 363 1839 425 ΙΝ
1878 363 2261 425 (ΞΛΝΤΙΕΗΜ
2292 366 2581 428 CANTIC.

3452 379 3550 439 5556

331 498 470 563 κραν
494 508 507 522 ·
541 485 729 557 ἐπειδὴ
755 484 1031 555 πεφύκασι
1065 480 1388 549 φυγαδεύειν
1418 479 1482 531 τὰ
1520 476 1697 528 ἰοὸόλα
1730 475 1894 547 armis
1928 481 1969 535 Α
2001 489 2078 542 ra]

1809 477 1894 547 pi).
1928 481 1969 535 Α
2001 488 2209 542 capreae
2238 488 2299 527 ac
2330 490 2487 531 cervo
2517 478 2739 533 insitum
2773 487 2873 545 cst,
2912 492 2966 536 ut
2995 499 3292 543 venenosas
3356 487 3556 545 bestias

333 589 367 655 ή
394 582 591 653 δορκὰς
628 581 721 634 καὶ
748 582 778 651 ἡ
812 580 1027 647 ἔλαφος.

859 666 983 722 Τῶν
1013 664 1065 733 γ’
1087 664 1380 734 Πατέρων.

407 762 564 817 ἰδοὺ
613 757 791 827 οὗτος
819 760 1076 824 ἕστηκεν
1108 759 1300 810 ὀπίσω
1327 754 1435 809 τοῦ
1465 754 1672 822 τοίχου
1713 750 1902 821 ἡμῶν,

338 855 741 925 παρακύπτων
797 850 895 905 διὰ
945 849 1063 903 τῶν
1110 848 1387 917 θυρίδων,
1453 848 1765 901 ἐκκύπτων
1810 842 1909 894 διὰ

340 947 457 1002 τῶν
490 948 764 1001 δικτύων.

417 1038 636 1107 Ἐπειδὴ
670 1036 948 1105 πεφύκασι
980 1032 1305 1103 φυγαδεύειν
1356 1030 1421 1083 τὰ
1464 1029 1646 1084 ἰοϐόλα
1681 1024 1843 1094 θηρία
1875 1026 1906 1092 ή

341 1130 539 1201 δορκὰς
570 1128 665 1180 καὶ
697 1128 726 1197 ή
758 1127 956 1193 ἔλαφος
986 1138 999 1151 ⁸
1036 1122 1182 1176 Ἰδοὺ
1213 1117 1391 1186 οὗτος
1416 1120 1676 1184 ἕστηκεν
1720 1114 1911 1167 ὀπίσω

342 1219 451 1274 τοῦ
485 1220 687 1285 τοίχου
717 1217 902 1287 ἡμῶν.
934 1216 1123 1285 Ἰόἴχος
1153 1215 1208 1267 δὲ
1241 1213 1399 1283 ἡμῶν
1433 1215 1548 1263 ἐστι
1584 1209 1644 1262 τὸ
1678 1207 1910 1271 κτιστὸν,

344 1307 405 1365 οὒ
440 1313 616 1364 ὀπίσω
639 1312 872 1378 ἕστηκεν
914 1309 941 1361 ὁ
967 1308 1224 1369 ᾶκτιστος
1258 1306 1353 1359 καὶ
1386 1304 1607 1357 πάντων
1646 1301 1914 1371 δημιουρ-

344 1404 438 1469 γὸς
468 1403 598 1464 Θεὸς
628 1401 801 1467 Λόγος
821 1440 835 1464 ,
882 1400 956 1462 ὼς
986 1399 1130 1469 ἀρχή
1164 1396 1272 1449 τῶν
1332 1394 1563 1465 ἐχόντων
1599 1393 1734 1462 πρὸς
1765 1390 1915 1450 τέλος

346 1493 445 1565 τὴν
478 1493 713 1559 κίνησιν.
746 1491 809 1544 Εἰ
845 1490 951 1560 γάρ
990 1491 1107 1541 ἐστι
1139 1486 1234 1538 καὶ
1257 1484 1571 1556 ἔμπροσθεν
1600 1484 1628 1535 ὁ
1656 1480 1816 1541 αὐτὸς
1842 1478 1917 1540 ὡς

345 1585 455 1636 τῶν
506 1583 641 1635 ὅλων
671 1582 816 1651 ἀρχὴ
872 1582 965 1634 καὶ
1025 1579 1214 1641 τέλος·
1249 1577 1363 1630 ἀλλ’
1390 1574 1693 1642 ἐπειδήπερ
1753 1571 1917 1642 μήπω

347 1674 511 1727 αὑτὸν
537 1676 857 1751 εὑρήκαμεν
899 1673 963 1724 ἐκ
989 1672 1080 1724 τοῦ
1115 1671 1304 1731 τέλους
1328 1685 1342 1700 ο
1372 1666 1526 1719 οὔπω
1552 1668 1659 1734 γὰρ
1689 1666 1746 1715 ἐν
1773 1660 1920 1731 αύτῷ

348 1766 445 1836 τὴν
495 1767 672 1819 πᾶεαν
720 1760 1110 1830 ἀνεπαύσαμεν
1165 1759 1401 1829 κίνησιν,
1456 1758 1626 1824 ὅσπερ
1674 1754 1737 1806 τὸ
1768 1751 1920 1812 τέλος

2005 568 2359 619 inset'lentur.

2504 656 2682 711 Trium
2718 658 2960 716 Patrum.

2084 744 2161 798 En
2188 746 2295 813 ipse
2320 748 2595 814 stetitpost
2644 753 2895 815 parietem
2949 768 3206 823 nostrum,
3247 764 3561 829 prospiciens

2007 853 2095 905 per
2114 838 2391 905 fenestras,
2435 837 2717 905 despiciens
2736 858 2762 895 e
2781 845 2970 898 retibus

2082 1013 2313 1078 Quando
2362 1029 2574 1083 capreae
2603 1023 2654 1069 et
2682 1024 3122 1078 cervonaturalis
3167 1040 3228 1079 ea
3271 1026 3352 1081 vis
3374 1037 3477 1091 est,
3514 1036 3571 1081 ut

2017 1105 2303 1173 pestiferas
2328 1106 2529 1160 bestias
2560 1106 2745 1177 fugent
2774 1128 2787 1161 :
2820 1108 2973 1174 Ecce,
3024 1113 3221 1181 inquit,
3264 1120 3373 1187 ipse
3427 1121 3572 1173 stetit

2018 1198 2400 1264 postparietent
2446 1210 2706 1255 nostrum.
2781 1201 2967 1260 Parlcs
3014 1218 3196 1261 noster
3244 1221 3327 1264 est
3380 1216 3572 1266 natura

2018 1296 2222 1352 creata,
2253 1298 2376 1358 post
2406 1306 2568 1359 quam
2594 1295 2742 1347 stetit
2798 1297 2886 1362 qui
2928 1308 3141 1354 creatus
3185 1319 3288 1356 non
3331 1314 3432 1367 est,
3478 1305 3573 1359 sed

2020 1391 2235 1437 creator
2256 1391 2339 1438 est
2367 1387 2610 1437 omnium
2636 1384 2777 1441 Deus
2808 1389 3065 1455 Verbum,
3105 1403 3162 1446 ut
3224 1410 3401 1448 rerum
3430 1399 3578 1466 prin-

2022 1476 2224 1546 cipium
2272 1490 2393 1545 qua:
2425 1484 2630 1530 motum
2661 1478 2866 1532 habent
2920 1482 2988 1535 ad
3024 1482 3200 1540 finem.
3259 1485 3577 1556 Quanquam

2021 1568 2167 1622 enim
2197 1575 2253 1622 et
2290 1568 2444 1637 prius
2480 1575 2563 1620 est
2587 1569 2720 1636 ipse,
2754 1578 2941 1639 utp0te
2965 1574 3175 1629 initium
3209 1586 3262 1630 et
3291 1578 3412 1632 linis
3454 1582 3579 1633 unia

2023 1674 2344 1723 versorum;
2376 1667 2555 1713 tamen
2580 1662 2837 1727 quoniam
2874 1665 3049 1730 ipsum
3098 1682 3160 1720 ex
3212 1668 3313 1723 fine
3341 1673 3581 1726 nondum

2024 1751 2380 1805 invenimus:
2436 1748 2679 1803 nondum
2717 1752 2861 1805 enim
2914 1753 3073 1809 ineo
3139 1759 3231 1826 qui
3284 1759 3405 1815 finis
3478 1771 3582 1826 est,

350 1857 499 1909 ἐστίν
523 1872 535 1885 ’
582 1855 759 1908 ὀπίσω
783 1852 1073 1922 ἐστηκέναι
1103 1852 1353 1918 λέγεται,
1387 1848 1789 1917 παρακύπτων
1822 1840 1921 1893 διὰ
1953 1860 1993 1915 η
2022 1853 2073 1896 et

1832 1840 1921 1893 διὰ
1953 1860 1993 1915 η
2022 1853 2073 1896 et
2098 1842 2165 1895 ab
2202 1841 2346 1895 omni
2382 1849 2527 1894 motu
2544 1843 2956 1910 canquicvimus
2991 1858 3148 1914 :post
3177 1855 3319 1903 stare
3362 1849 3579 1915 dicitur,

346 1945 468 1998 τῶν
520 1944 797 2013 θυρίδων.
854 1943 1079 2013 Θυρίδες
1113 1942 1169 1994 δὲ
1212 1944 1311 2003 τῆς
1346 1936 1574 2004 κτιστῆς
1610 1934 1825 2002 φύσεως
1862 1931 1918 1983 αἰ

355 2038 574 2107 μέτοχοί
622 2039 727 2089 εἰσι
769 2035 863 2088 τοῦ
907 2036 1163 2088 ἀκτίστου
1186 2049 1199 2062 ·
1234 2032 1300 2083 δι’
1330 2026 1405 2083 ῶν
1429 2023 1582 2089 οὗτος
1629 2027 1713 2078 ἐπ’
1750 2026 1919 2093 αὐτὴν

352 2129 701 2199 παρακύπτει
732 2126 1043 2180 ἐπιϐλέπων
1091 2122 1159 2176 τὰ
1207 2124 1325 2175 κατ’
1356 2121 1521 2189 αὐτὴν
1551 2114 1920 2188 κηδεμονικῶς

352 2222 424 2290 (εἰ
454 2221 529 2290 μὴ
555 2219 756 2281 ταύτας
787 2218 937 2287 αύτῷ
974 2216 1352 2284 ἀποκλείωμεν
1392 2216 1511 2275 ταῖς
1561 2212 1713 2280 παρὰ
1761 2208 1921 2275 φύσιν

354 2312 680 2383 κινήσεσιν).
733 2313 1078 2366 Ἐκκύπτων
1103 2307 1198 2362 διὰ
1240 2308 1358 2361 τῶν
1391 2304 1649 2358 δικτύων
1675 2317 1688 2330 ·
1734 2302 1921 2371 ήγουν,

354 2404 673 2457 ἐποπτεύων
698 2404 845 2471 ἡμᾶς
876 2401 967 2453 διὰ
996 2402 1094 2466 τῆς
1126 2393 1488 2465 ἁλληλουχίας
1540 2390 1647 2445 τῶν
1691 2390 1921 2460 ἀρετῶν.

355 2495 421 2549 Εἰ
450 2494 556 2563 γὰρ
590 2493 785 2561 ἔχομεν
830 2491 929 2553 τὰς
964 2488 1261 2557 εἰρημένας
1314 2484 1557 2556 θυρίδας,
1609 2486 1923 2536 ἀναπεπταο

363 2584 531 2652 μένας
571 2582 692 2650 μὲν,
729 2580 1155 2648 πεφυλαγμένας
1203 2578 1260 2631 δὲ
1286 2581 1351 2648 τῇ
1382 2580 1491 2631 τῶν
1537 2577 1748 2647 ἀρετῶν
1787 2577 1927 2629 κατὰ

356 2673 515 2740 λόγον
541 2672 897 2743 ἁλληλουχίᾳ·
933 2671 1114 2734 καθώς
1138 2672 1275 2724 εἰσιν
1306 2665 1466 2724 αὗται
1515 2670 1670 2739 δίκην
1697 2668 1928 2720 δικτύων

358 2765 865 2834 περιπεπλεγμέναι
893 2763 1153 2833 ἀλλήλαις
1176 2782 1187 2792 ·
1237 2762 1325 2815 ἵνα
1361 2764 1489 2831 μήτι
1515 2761 1626 2813 τῶν
1666 2759 1928 2813 πετεινῶν

359 2855 598 2915 πάντως,
625 2854 734 2905 τῶν
762 2854 1025 2921 ἐναερίων
1078 2853 1427 2920 πνευμάτων,
1476 2853 1636 2907 λαθὸν
1688 2852 1926 2922 εἰσέλθῃ,

359 2947 453 2996 καὶ
483 2945 573 2996 τὸν
597 2943 1021 3013 ἐναποκείμενον
1084 2944 1215 3012 ἡμῖν
1242 2944 1441 3013 σπόρον
1473 2944 1570 3013 τῆς
1603 2944 1754 3007 θείας
1784 2944 1931 2997 διδα-

363 3032 588 3096 σκαλίας
641 3033 988 3103 λυμήνηται*
1054 3032 1317 3086 ἐκκόπτει
1362 3033 1447 3102 ἐφ’
1496 3035 1645 3103 ἡμᾶς
1689 3033 1776 3087 διὰ
1823 3034 1931 3086 τῶν

360 3123 619 3176 τοιούτων
647 3125 879 3178 δικτύων
910 3124 943 3192 ή
992 3123 1173 3176 αὐτῶν
1204 3125 1313 3177 τῶν
1360 3124 1569 3192 ἀρετῶν
1604 3124 1762 3178 οὐσία
1786 3140 1799 3155 ·
1840 3124 1932 3194 δη-

2026 1933 2351 2004 prospiciens
2374 1949 2465 2001 per
2486 1933 2762 2001 fenestras.
2798 1934 3071 1991 Fcnestras
3109 1948 3286 1992 autem
3350 1952 3480 1995 sunt
3520 1957 3584 1995 ea

2028 2042 2150 2095 quae
2237 2036 2449 2080 natura:
2502 2034 2701 2080 creatae
2762 2027 2830 2080 ab
2899 2029 3139 2084 iucreato
3186 2036 3585 2090 communicata

2031 2128 2157 2173 sunt
2195 2136 2210 2183 ;
2249 2133 2343 2187 per
2385 2134 2505 2186 qua:
2558 2120 2672 2189 ipse
2710 2119 2775 2174 ad
2800 2135 2918 2174 eam
2973 2123 3255 2192 prospicit,
3294 2126 3419 2178 dum
3457 2142 3584 2194 pro-

2031 2210 2274 2263 videntia
2343 2224 2442 2264 sua
2493 2218 2687 2264 cuncta
2744 2212 3076 2279 moderatur,
3135 2215 3398 2285 nobisque
3456 2218 3586 2287 (nisi

2034 2300 2303 2357 fenestras
2366 2302 2462 2357 bas
2540 2300 2800 2356 adversus
2863 2318 2985 2357 eum
3046 2306 3377 2362 motionibus
3421 2305 3585 2363 animi

2033 2401 2240 2447 natura:
2270 2394 2563 2447 contrariis
2620 2394 3027 2465 concludamus)
3069 2399 3350 2467 prospicit.
3408 2399 3589 2470 Respi-

2035 2485 2176 2537 ciens
2191 2500 2280 2550 per
2309 2484 2464 2547 retia,
2500 2484 2602 2538 hoc
2633 2492 2735 2549 est,
2764 2487 3062 2555 inspiciens
3087 2502 3180 2557 per
3206 2499 3445 2546 mutuam
3474 2494 3587 2546 vir-

2038 2583 2212 2627 tutum
2244 2573 2663 2627 connexionem.
2699 2572 2833 2628 Nam
2858 2577 2902 2629 si
2945 2576 3212 2635 fenestras
3260 2596 3381 2650 qua:
3430 2583 3590 2638 dicta:

2037 2674 2187 2729 sunt,
2211 2664 2569 2720 habuerimus
2598 2676 2813 2735 apertas
2854 2666 2973 2721 illas
2996 2669 3234 2737 quidem,
3274 2671 3369 2726 sed
3412 2682 3589 2728 tamen

2038 2758 2111 2810 ita
2136 2766 2328 2811 mutuo
2359 2758 2644 2822 virtutum,
2700 2760 2897 2812 retium
2940 2760 3129 2823 instar,
3162 2771 3305 2817 recte
3367 2766 3593 2833 compli-

2038 2857 2286 2902 catarum
2338 2858 2599 2903 contextu
2628 2852 3016 2913 communitas,
3061 2861 3119 2906 ut
3160 2854 3304 2907 nulla
3332 2869 3397 2909 ex
3437 2857 3591 2911 volu-

2041 2939 2249 3002 cribus,
2280 2954 2344 2992 ex
2369 2939 2546 2993 aereis
2580 2938 2839 2992 nimirum
2864 2939 3166 3009 spiritibus,
3195 2942 3377 2996 nullus
3406 2943 3590 2998 furtim

2041 3029 2397 3097 ingrediatur,
2422 3038 2585 3100 atque
2604 3029 2941 3084 reconditum
2961 3029 3014 3083 in
3045 3032 3200 3085 nobis
3223 3032 3417 3088 divina:
3432 3035 3594 3090 disci-

2043 3118 2204 3188 plinas
2250 3135 2434 3174 semen
2494 3128 2851 3189 corrumpat:
2908 3121 3134 3189 respicit
3161 3122 3215 3177 in
3236 3138 3337 3179 nos
3363 3124 3455 3193 pe'r
3480 3125 3596 3182 haec

362 3215 497 3283 λαδή
527 3218 560 3266 d
583 3213 849 3281 γενηθείς
868 3213 1012 3282 ἡμῖν
1031 3213 1148 3267 ἀπὸ
1175 3214 1323 3267 Θεοῦ
1347 3215 1559 3282 σοφία,
1579 3212 1936 3281 δικαιοσύνη
1962 3212 2007 3274 C
2043 3222 2109 3265 rel

1846 3215 1936 3281 im
1962 3212 2007 3274 C
2043 3210 2201 3273 retia,
2239 3212 2479 3279 ipsarum
2511 3211 2776 3265 virtutum
2804 3213 3067 3276 essentia,
3104 3212 3217 3281 ipse
3242 3215 3486 3270 videlicet
3505 3219 3593 3283 qui

360 3322 428 3358 τε
453 3307 549 3358 καί
572 3307 865 3375 ἁγιασμὸς
889 3307 987 3360 καὶ
1010 3307 1454 3374 ἀπολύτρωσις,
1497 3308 1796 3379 μονογενὴς
1835 3309 1932 3361 αύ-

361 3398 455 3452 τού
496 3399 620 3461 Υἱὸς
655 3402 748 3451 καὶ
775 3400 966 3466 Λόγος.

440 3555 598 3608 ’ἰδοὺ
623 3550 799 3620 οὗτος
825 3553 1081 3623 ἔστηκεν
1094 3556 1284 3609 ὀπίσω
1298 3555 1401 3609 τοῦ
1423 3556 1627 3623 τοίχου
1640 3553 1806 3621 ἡμῶν
1828 3567 1938 3605 πα-

359 3647 682 3713 ρακύπτων
723 3646 819 3697 διὰ
848 3645 963 3698 τῶν
1001 3647 1277 3714 θυρίδων,
1329 3646 1645 3700 ἐκκύπτων
1680 3645 1777 3699 διὰ
1818 3644 1937 3698 τῶν

364 3738 633 3790 δικτύων.

1014 3828 1277 3882 Ψελλοῦ.

453 3920 603 3987 Ἰδοὺ,
630 3922 813 3990 φησὶν,
854 3920 1112 3988 ἐλήλυθεν
1151 3924 1178 3973 ὁ
1204 3920 1377 3986 Λόγος
1418 3920 1512 3971 καὶ
1539 3918 1792 3989 νυμφίος,

379 4014 438 4064 '0
471 4011 741 4064 κατοικῶν
768 4010 873 4063 ἀπὸ
902 4011 1105 4080 Βαιθὴλ
1134 4011 1231 4080 τῆς
1257 4012 1369 4064 ἄνω
1400 4011 1703 4075 κατοικίας,

365 4101 593 4154 Οὐδέπω
645 4101 689 4153 δ’
722 4101 1062 4171 εἰσελήλυθεν
1089 4103 1237 4165 ἐντὸς
1268 4102 1360 4156 τοῦ
1389 4104 1700 4172 περιϐόλου.

378 4192 518 4243 Ἀλλ’
549 4190 745 4254 ἔξωθεν
783 4192 1070 4260 ἱστάμενος
1098 4190 1385 4255 ἐξόπισθεν
1416 4192 1507 4244 τοῦ
1541 4192 1744 4262 τοίχου,

363 4286 464 4336 Διὰ
498 4283 725 4353 θυρίδων
762 4282 962 4337 ὅσωθεν
996 4282 1167 4334 ἐθέλει
1196 4284 1598 4352 παρακύπτειν.

364 4377 440 4426 Σὺ
479 4375 536 4428 δέ
569 4391 658 4443 μοι
685 4377 859 4443 τοῖχον
882 4372 1118 4439 γίνωσκε
1144 4373 1235 4425 τὸν
1259 4374 1423 4442 νόμον
1454 4374 1544 4426 τὸν
1584 4374 1829 4443 ἀρχαῖον,

363 4469 470 4518 ἰ’ὸν
491 4465 821 4535 ἐμποιοῦντα
847 4464 943 4535 τὴν
964 4465 1118 4517 σκιὰν
1139 4466 1231 4517 καὶ
1259 4465 1465 4535 πλάνην
1483 4466 1930 4548 τῶνάνθρώπων

2039 3302 2212 3369 factus
2242 3311 2318 3354 est
2338 3301 2484 3355 nobis
2505 3319 2537 3354 a
2563 3301 2670 3355 Deo
2700 3304 2958 3370 sapientia
2978 3312 3026 3356 et
3046 3304 3261 3371 justitia
3286 3314 3333 3358 et
3362 3309 3598 3376 sanctiﬁ-

2039 3395 2177 3446 catio
2226 3402 2275 3447 et
2326 3395 2609 3463 redemptio
2666 3397 2733 3461 ’9,
2788 3397 3104 3466 unigenitus
3151 3396 3269 3467 ejus
3321 3397 3490 3455 Filius
3542 3410 3596 3456 et

2038 3486 2297 3542 Verbum.

2113 3577 2250 3634 Ecce
2284 3580 2368 3633 hic
2400 3580 2544 3635 stetit
2596 3590 2715 3649 post
2745 3582 2996 3651 parietem
3028 3591 3287 3652 nostrum,
3320 3585 3596 3654 respiciens

2038 3684 2128 3737 per
2155 3670 2435 3738 fenestras,
2465 3674 2789 3741 prospiciens
2812 3688 2903 3741 per
2924 3674 3079 3728 retia.

2735 3852 2914 3907 Pselti.

2111 3943 2274 4007 Ecce,
2300 3952 2496 4011 inquit,
2515 3942 2752 3998 \‘etbum
2782 3953 2835 3998 et
2859 3958 3095 4008 sponsus
3113 3945 3603 4018 venit,demigrans

2038 4046 2102 4086 ex
2140 4031 2347 4097 Betliel,
2399 4048 2429 4087 e
2491 4049 2724 4103 superna
2772 4036 2967 4088 domo:
3004 4037 3242 4090 nondum
3279 4045 3459 4092 autem
3498 4040 3600 4094 sub

2041 4131 2244 4177 tectum
2276 4124 2520 4179 introivit
2545 4142 2557 4177 :
2580 4125 2677 4181 sed
2707 4126 2840 4181 foris
2865 4135 3016 4181 stans
3036 4137 3168 4196 post
3191 4129 3472 4197 parietem,
3502 4145 3598 4199 per

2043 4214 2319 4270 fenestras
2378 4218 2495 4269 vult
2556 4215 2934 4285 introspicere.
2965 4217 3045 4271 Tu
3080 4226 3260 4273 autem
3318 4219 3450 4273 mihi
3501 4235 3599 4289 per

2042 4304 2306 4372 parietem
2366 4305 2533 4375 legem
2589 4306 2870 4375 antiquam
2937 4307 3198 4376 intellige,
3262 4309 3504 4363 umbram
3542 4319 3599 4364 et

2039 4409 2257 4449 errores
2290 4396 2604 4451 hominibus
2656 4397 3019 4467 injicientem:
3052 4413 3146 4467 per
3180 4398 3441 4454 fenestras
3468 4414 3597 4454 vero

2041 4493 2095 4538 et
2156 4486 2315 4551 retia,
2384 4488 2606 4541 oracula
2668 4489 3074 4559 prophetarum.
3103 4488 3234 4542 Nam
3277 4498 3402 4544 ante
3435 4491 3597 4545 divini

361 4557 600 4625 Θυρίδας
629 4556 685 4607 δὲ
738 4556 831 4607 καὶ
863 4556 1076 4621 δίκτυα,
1110 4556 1220 4607 τῶν
1246 4556 1543 4627 προφητῶν
1573 4547 1698 4617 τοὺς
1723 4556 1934 4623 λόγους.
1964 4547 2012 4605 D
2048 4576 2108 4631 γε

1851 4574 1934 4617 υς·
1964 4547 2012 4605 D
2048 4576 2208 4631 Verbi
2230 4578 2664 4633 incarnationem
2706 4582 3059 4650 multifariam
3098 4580 3376 4650 multisque
3431 4582 3596 4634 modis

362 4648 480 4698 Καὶ
506 4647 615 4715 γὰρ
642 4646 748 4714 πρὸ
767 4646 865 4714 τῆς
907 4646 1337 4715 σαρκῶσεωςτοῦ
1370 4647 1717 4719 θεανθρώπου
1742 4648 1937 4715 Λόγου,

360 4735 724 4804 Πολυμερῶς
753 4734 1021 4803 ἐλάλησε
1048 4738 1143 4790 καί
1167 4736 1328 4790 πάνυ
1363 4741 1780 4807 πολυτρόπως.

374 4828 518 4882 Ἀλλ’
558 4830 695 4898 ὅπερ
740 4829 887 4895 λέγει
926 4828 1049 4880 καθ’
1082 4829 1273 4899 εἱρμὸν
1304 4832 1335 4895 ή
1360 4829 1543 4899 νύμφη
1612 4830 1937 4902 σκοπητέον.

456 4922 863 4988 Ἀποκρίνετιιι
903 4925 935 4975 ό
965 4922 1288 4990 ἁδελφιδός
1312 4942 1451 4992 μου,
1475 4924 1634 4993 λέγει
1661 4943 1782 4994 μοι·

375 5010 660 5076 Ἀνάστα,
696 5014 854 5078 ἐλθὲ,
884 5015 919 5083 ὴ
950 5016 1217 5082 πλησίον
1235 5033 1374 5084 μοι),
1409 5017 1566 5083 καλή
1594 5035 1735 5086 μου,
1764 5020 1801 5085 ὴ
1832 5037 1938 5073 πε-

1508 5109 1757 5178 ριστερά
1775 5112 1940 5182 μου.]

370 5196 555 5260 Ἐπεὶ,
580 5198 762 5267 φησὶν,
795 5198 1050 5268 ἐλήλυθεν
1079 5200 1106 5250 ὁ
1130 5198 1298 5266 Λόγος
1330 5200 1422 5251 καὶ
1442 5202 1694 5270 νυμφίος,

366 5286 432 5339 Ὀ
473 5288 580 5348 τοῖς
646 5290 953 5356 προφήταις
978 5290 1258 5360 χρώμενος
1290 5289 1475 5359 ὥσπερ
1496 5291 1605 5342 τισὶ
1628 5292 1829 5362 θυρίσι,

362 5376 538 5429 Γοῦτο
569 5378 628 5429 τὸ
662 5377 877 5447 πρῶτον
910 5380 1133 5450 εἴρηκεν
1162 5381 1363 5433 ἔσωθεν
1396 5381 1791 5451 παρακύπτων·

374 5467 667 5537 Ἀνάστηθι
689 5470 781 5523 τοῦ
813 5472 1102 5541 πτώματος
1119 5474 1216 5541 τῆς
1239 5475 1445 5545 πλάνης
1468 5474 1562 5527 καὶ
1578 5475 1670 5527 τού
1687 5477 1931 5542 σκότους,

356 5561 478 5613 Καὶ
522 5562 782 5629 πρόσελθέ
817 5583 907 5633 μοι
934 5566 1209 5636 καθαρῶς,
1247 5567 1340 5620 καὶ
1388 5568 1539 5633 γίνου
1573 5587 1661 5638 μοι
1686 5568 1933 5637 πλησίον.

354 5650 524 5715 εἶτα,
558 5656 741 5721 φησιν,
774 5655 953 5719 ἐξεῖπε
988 5675 1076 5726 μοι
1108 5660 1201 5710 καί
1235 5659 1359 5711 τάδε
1387 5660 1519 5729 πρὸς
1541 5662 1649 5725 τοῖς
1680 5661 1875 5725 ἄλλοις·

429 5745 479 5776 ι’
510 5743 529 5794 1
555 5742 681 5799 Cor.
719 5758 754 5805 ι,
780 5745 867 5798 '50.
946 5747 988 5777 ³⁸
1019 5750 1185 5805 Hebr.
1232 5765 1267 5806 I.
1307 5750 1359 5804 l.

665 5840 929 5902 ΡΑτῐωι..
969 5844 1083 5904 Gn.
1118 5844 1347 5905 CXXII.

2044 4667 2249 4721 locutus
2288 4678 2364 4722 est
2389 4669 2453 4722 ³ο.
2486 4668 2589 4724 Sed
2620 4669 2753 4739 quid
2782 4685 2981 4739 sponsa
3011 4669 3204 4726 deinde
3223 4668 3387 4737 dicat,
3414 4672 3597 4725 consi-

2043 4759 2315 4815 daremus.

2116 4932 2398 5001 Respondet
2425 4934 2765 4987 consobrinus
2785 4950 2948 4997 meus,
2971 4942 3018 4986 et
3041 4934 3167 4986 dicit
3221 4934 3379 4987 nti/ti:
3411 4933 3597 5004 Surge,

2042 5029 2181 5091 veni,
2211 5028 2502 5095 propinqua
2535 5041 2668 5090 mea,
2695 5025 2928 5093 formosa
2961 5041 3095 5091 mea,
3130 5025 3370 5077 columba
3395 5041 3529 5079 mea.

2115 5205 2404 5273 Quoniam,
2437 5204 2631 5272 inquit,
2675 5203 2822 5258 venit
2854 5200 3085 5255 Verbum
3142 5205 3195 5253 et
3225 5212 3480 5267 sponsus,
3504 5198 3597 5268 qui

2047 5297 2331 5367 prophetis
2365 5304 2623 5365 tanquam
2658 5292 2912 5349 fenestris
2945 5288 3266 5359 quibusdam
3300 5304 3431 5343 usus
3490 5297 3595 5355 est;

2049 5390 2151 5443 boc
2208 5390 2438 5458 primum
2490 5386 2628 5440 dixit
2692 5382 3116 5452 introspiciens:
3148 5380 3317 5450 Surge
3346 5379 3412 5433 de
3444 5380 3596 5448 lapsu

2046 5479 2250 5533 erroris
2299 5487 2351 5531 et
2408 5476 2686 5541 tenebris;
2723 5481 2774 5528 et
2807 5472 2872 5526 ad
2934 5487 3019 5525 me
3046 5471 3249 5539 puriter
3288 5466 3502 5531 accede,
3540 5477 3596 5521 et

2049 5570 2180 5625 mihi
2227 5569 2528 5640 pr0pinqua
2560 5567 2788 5623 eﬂicere.
2825 5563 3026 5621 Deinde
3058 5562 3191 5627 haec,
3240 5559 3435 5633 inquit,
3462 5572 3599 5631 pm-

2052 5671 2132 5719 ter
2163 5663 2266 5716 alia
2289 5660 2417 5716 mihi
2443 5661 2579 5716 dixit
2612 5679 2625 5715 :

3172 5834 3242 5895 19
