4424 6446
772 290 878 358 58³1

780 510 1147 569 ιιι›ι›.ίιίοει·ιιηι
1180 501 1230 552 in
1263 510 1404 552 terra
1436 516 1451 553 :
1493 510 1689 567 lentpus
1719 502 2014 568 putationis
2049 502 2278 556 advenit.

854 674 1139 741 Quoniam,
1190 672 1389 742 inquit,
1441 684 1690 727 naturam
1751 674 2058 730 daemonum
2090 691 2117 729 a
2154 675 2356 746 quibus

783 768 1022 820 butuana
1074 778 1267 819 natura
1323 765 1663 834 congelatur,
1719 778 1770 823 et
1794 770 1944 837 pigra
1980 779 2139 837 atque
2199 770 2350 824 iners

788 874 1020 928 prorsus
1073 859 1139 912 ad
1174 869 1320 912 recte
1346 859 1617 927 agendum
1680 862 1954 925 redditur,
2010 859 2354 933 proﬂigavit:

781 962 946 1018 atque
981 950 1102 1003 ideo
1133 949 1307 1003 hiems
1359 949 1651 1004 charitatis
1705 951 1998 1016 abscessit,
2054 958 2108 1007 et
2174 954 2360 1022 gravis

779 1040 955 1094 imber
985 1041 1163 1093 munis
1202 1038 1337 1093 abiit
1365 1053 1430 1093 ac
1474 1039 1737 1096 deﬂuxit:
1774 1049 1830 1096 et
1871 1039 2180 1110 jucundum
2218 1044 2358 1096 veri-

779 1133 910 1187 tatis
934 1143 1186 1186 exortum
1219 1138 1303 1186 est
1355 1146 1485 1186 ver:
1522 1130 1715 1186 ﬂorere
1745 1132 1911 1201 εωρίι
1954 1132 2138 1195 tellus,
2166 1143 2359 1186 natura

781 1238 979 1291 nempe
1063 1223 1328 1278 humana.
1384 1222 1606 1289 Tempus
1670 1224 1963 1291 putationis
2009 1222 2126 1291 jam
2183 1223 2358 1276 venit:

789 1315 1001 1384 Ιειςειιιιιί
1058 1325 1187 1369 sunt
1235 1314 1415 1379 ﬂores,
1480 1315 1525 1370 si
1590 1315 1671 1370 vis
1722 1315 1959 1371 corollas
2016 1331 2081 1369 ex
2136 1313 2361 1370 ﬂoribus

780 1419 1097 1462 contexere.
1160 1406 1456 1460 Hominum
1511 1409 1656 1460 enim
1724 1414 1921 1461 natura
1962 1420 2126 1477 quam
2156 1416 2358 1461 terram

780 1500 1097 1570 appellavit,
1156 1496 1317 1553 idolis
1380 1508 1433 1553 et
1495 1496 1674 1552 fraudi
1726 1498 1997 1552 cervicem
2063 1499 2357 1562 inclinans,

780 1595 986 1647 nullam
1049 1595 1316 1647 virtutmu
1367 1593 1603 1661 speciem
1660 1590 1893 1660 praebuit
1949 1589 2024 1660 (id
2082 1589 2227 1645 enim
2258 1588 2359 1644 ﬂos

781 1685 1102 1755 signiticat),
1138 1684 1493 1739 acerbissima
1546 1696 1610 1736 ac
1664 1682 2147 1738 vehementissima
2186 1682 2361 1736 hieme

2077 300 2492 361 )iiCllAELIS
2536 302 2807 364 I‘SEI.”

848 411 908 461 la":
928 425 981 461 re
1005 408 1166 462 [ticius
1191 410 1419 467 transiit.
1453 409 1614 461 imber
1637 411 1785 473 "viil,
1813 411 2022 463 recessit
2043 413 2171 464 sibi:
2193 413 2348 480 ﬂores
2385 433 2423 484 Α

3950 327 4049 389 58S

2527 414 2684 466 Ἰδοὺ
2730 419 2763 467 ό
2817 416 3035 485 χειμὼν
3086 418 3417 487 παρῆλθεν,
3466 424 3499 474 ό
3537 426 3704 490 ὑετὸς
3745 426 4043 491 arripitur,

2455 504 2743 573 ἐπορεύθη
2784 507 2975 573 ἐαυτῷ
3004 524 3018 539 ·
3063 514 3135 564 τὰ
3162 511 3311 580 ἄνθη
3344 514 3512 582 ὤφθη
3541 516 3610 569 ἐν
3640 517 3714 586 τῇ
3742 516 3835 587 τῇ,
3859 518 3891 568 ὀ
3922 534 4046 570 και-

2448 599 2558 664 ρὸς
2598 598 2707 666 τῆς
2734 599 2920 668 τομῆς
2940 600 3227 668 ἔφθασεν.

2530 689 2675 755 Ὅτι,
2708 690 2863 761 φησὶ,
2895 694 3216 764 κατήργησε
3262 698 3363 769 τὴν
3386 697 3549 768 φύσιν
3586 700 3696 755 τῶν
3747 704 4040 774 δαιμόνων,

2456 781 2566 851 Τὴν
2600 783 3213 855 ἀποκρυσταλλώσασαν
3238 791 3340 860 τὴν
3368 791 3529 861 φύσιν
3561 793 3673 847 τῶν
3711 797 4039 868 ἀνθρώπων,

2457 873 2570 925 Καὶ
2594 873 2851 938 δείξασαν
2906 877 3244 949 ἀναίσθητον
3289 882 3428 952 πρὸς
3483 885 3543 938 τὸ
3595 886 3759 939 καλὸν
3796 889 4039 955 τελείως,

2458 966 2769 1021 Κάντεῦοεν
2799 971 3140 1041 ἀπελήλαται
3158 974 3366 1044 χειμὼν
3394 977 3423 1027 ὁ
3450 979 3567 1048 τῆςι
3588 960 3825 1052 ἀπάτητ,

2460 1060 2569 1113 Καὶ
2604 1062 2708 1123 πᾶς
2739 1060 2910 1124 δεινός
2940 1080 3023 1127 τις
3050 1066 3204 1131 ὑετὸς
3233 1067 3492 1138 ἀπῆλθεν,
3526 1072 3804 1146 ἀπερρύη,

2459 1154 2569 1206 Καὶ
2614 1153 2673 1206 τὸ
2692 1153 2924 1224 τερπνὸν
2947 1156 3191 1212 ἀνέτειλε
3223 1161 3323 1232 τῆς
3342 1162 3599 1233 ἀληθείας
3627 1166 3751 1235 ἐαρο

2474 1246 2540 1300 Ἦ
2571 1248 2643 1317 γῆ
2671 1248 2714 1299 δ’
2738 1246 2919 1300 ἀνθεῖν
2937 1250 3244 1321 ἀπήρξατο,
3274 1256 3435 1323 φύσις
3462 1257 3616 1328 ἡτῶν
3643 1258 3970 1329 ἀνθρώπων,

2460 1341 2676 1408 Καιρὸς
2711 1340 2778 1392 δὲ
2836 1341 3104 1410 πέφθακε
3156 1348 3381 1400 λοιπὸν
3416 1349 3604 1419 τομῆς
3651 1350 3761 1419 τῆς
3795 1351 3913 1405 τῶν
3938 1357 4041 1408 ἀν-

3841 1441 4039 1516 [θέων,

2462 1522 2526 1574 Εί
2557 1521 2745 1593 βούλῃ,
2781 1524 3190 1579 κατασκεύασον
3213 1528 3512 1597 στεφάνους
3542 1530 3600 1596 ἐξ
3631 1533 3860 1587 ἀνθέων.

2473 1610 2538 1662 Ἦ
2566 1612 2674 1664 τῶν
2702 1613 3008 1683 ἀνθρώπων
3049 1616 3212 1684 φύσις
3247 1618 3358 1686 γὰρ
3403 1620 3468 1688 ἢν
3495 1620 3599 1687 γῆν
3623 1622 3650 1672 ό
3681 1620 3837 1689 λόγος
3865 1621 4042 1692 εἶπεν,

2462 1702 2711 1764 Είδὼλοις
2739 1705 3085 1760 ὑποκλίνασα
3116 1712 3210 1761 καὶ
3232 1711 3409 1782 πλάνῃ
3439 1713 3529 1764 τὸν
3559 1715 3782 1783 αὐχένα,

782 1778 1123 1846 deceptionis
1174 1776 1228 1829 in
1281 1774 1511 1844 glaciem
1571 1773 1794 1827 redacta
1858 1788 1921 1828 ac
1956 1776 2353 1843 propemodum
2390 1783 2529 1847 BE;

2083 1776 2353 1874 '§m°_d“.m
2390 1783 2430 1837 Β
2459 1793 2612 1857 Εἶδος
2631 1795 2729 1848 οὐκ
2755 1794 2897 1866 εἶχεν
2918 1800 3128 1865 ἀρετῶν
3153 1801 3333 1869 (τοῦτο
3354 1805 3463 1874 γάρ
3485 1773 3830 1872 ἀνθοξνόει),

783 1868 1020 1936 perdita.
1054 1865 1188 1931 Quis
1219 1864 1368 1918 enim
1403 1879 1462 1919 se
1490 1865 1543 1919 in
1573 1864 1744 1919 tantis
1793 1878 2040 1918 errorum
2093 1863 2356 1929 tenebris,

780 1961 998 2028 pietatis
1056 1958 1451 2028 professionem
1521 1956 1682 2020 tueri,
1727 1954 2051 2009 modestiam
2110 1969 2353 2020 scrvare,

783 2050 1206 2120 temperantiam
1242 2049 1522 2117 amplecti,
1553 2046 1791 2101 osculari
1816 2045 2085 2115 justitiam
2116 2059 2355 2114 unquam

783 2142 1113 2213 sperasset?
1172 2141 1242 2193 At
1297 2139 1414 2209 jam
1476 2140 1633 2208 ﬂores
1696 2145 2057 2204 apparuerunt
2111 2137 2166 2189 in
2216 2145 2357 2189 terra

783 2245 995 2287 nostra.
1039 2233 1212 2299 Surge
1250 2233 1437 2302 igitur,
1468 2239 1522 2283 et
1545 2244 1779 2284 coronas
1811 2229 1907 2282 tibi
1966 2244 2028 2282 ex
2064 2227 2359 2281 virtutibus

783 2338 926 2380 texe.
962 2330 1035 2379 Ac
1060 2324 1255 2378 ﬂorum
1293 2323 1449 2377 testis
1498 2322 1730 2375 minime
1791 2318 2126 2387 rejieieudus
2152 2330 2237 2373 est
2270 2317 2358 2371 ille

787 2432 1101 2485 praecursor
1128 2416 1339 2485 gratia),
1375 2412 1767 2475 Pcenitentiam,
1796 2408 2073 2479 inquiens,
2100 2409 2238 2478 agite
2261 2408 2299 2438 “
2343 2425 2355 2460 :

782 2511 875 2579 qui
910 2508 1111 2562 multos
1141 2521 1209 2561 ex
1244 2504 1485 2559 Hebraeis
1508 2504 1832 2573 baptizavit,
1861 2518 1987 2556 eum
2015 2501 2223 2556 videret
2267 2515 2361 2554 eos

788 2604 1048 2654 ﬂorentes
1111 2599 1165 2653 in
1206 2597 1585 2654 confessione.
1648 2594 1766 2650 lluc
1819 2595 1968 2650 enim
2024 2602 2273 2665 spectant
2297 2608 2362 2647 ea

785 2693 949 2747 verba
973 2692 1323 2747 Canticorum
1356 2708 1371 2744 :

868 2979 980 3034 Vox
1015 2980 1241 3033 turturis
1278 2977 1467 3032 audita
1486 2989 1565 3033 est
1595 2979 1649 3031 in
1696 2987 1840 3032 terra
1874 2986 2076 3031 nostra.

2458 1884 2550 1954 Τῷ
2574 1886 2888 1959 δριμυτάτῳ
2912 1890 3008 1943 καὶ
3036 1890 3250 1961 σφοδρῷ
3292 1894 3522 1962 χειμῶνι
3569 1895 3650 1965 τῷ
3693 1896 3795 1965 τῆς
3834 1896 4043 1967 πλάνης

2463 1976 2965 2045 Κρυσταλλωθεῖσα
2989 1982 3082 2033 καὶ
3120 1982 3304 2052 σχεδὸν
3328 1984 3777 2039 ὲναπολλυθεῖσα.

2458 2065 2555 2129 Τίς
2579 2064 2690 2136 γὰρ
2738 2066 3011 2136 ἠλπίσατό
3068 2087 3201 2124 ποτε
3226 2072 3327 2140 τῆς
3390 2074 3599 2145 πλάνης
3652 2074 4033 2144 σκοτιζούσης,

2461 2158 2659 2228 Τηρεῖν
2679 2156 3084 2229 ἐξομολόγησιν,
3118 2163 3410 2230 φυλάττειν
3444 2166 3826 2236 σωφροσύνην,

2474 2250 2834 2319 Ἐγκράτειαν
2878 2252 3244 2320 ἀσπάζεσθαι,
3288 2254 3466 2324 φιλεῖν
3518 2256 3871 2327 δικαιοσύνην

2462 2338 2617 2391 Ἀλλ’
2656 2338 2773 2405 ἤδη
2793 2338 3030 2405 πάντως
3061 2340 3328 2408 ἤνθηκεν
3360 2343 3399 2409 ἡ
3452 2342 3552 2411 τῆ.
3578 2343 3778 2396 Λοιπὸν
3817 2346 4043 2408 ἀνάστα,

2461 2429 2573 2483 Καὶ
2604 2430 2909 2485 σπούδασον
2953 2432 3013 2496 ἐξ
3058 2435 3271 2503 ἀρετῶν
3301 2437 3599 2503 στεφάνους
3629 2452 3713 2489 σοι
3735 2436 4038 2504 πλακῆναε.

2463 2521 2573 2573 Καὶ
2614 2522 2823 2591 μάρτυς
2867 2523 3304 2593 ἀπαράγραπτος
3343 2527 3708 2597 ὑπάρχειτῶν
3739 2527 3945 2579 ἀνθέων

2474 2611 2534 2665 '0
2566 2614 2875 2684 πρόδρομος
2910 2616 3007 2681 τῆς
3033 2617 3278 2685 χάριτος,
3310 2616 3485 2684 λέγων
3517 2634 3531 2648 ο
3562 2621 3937 2673 Μετανοεῖτε·

2464 2704 2657 2768 Ὅστις
2686 2706 2917 2767 πολλοὺς
2951 2706 3212 2759 ὲὸάπτισε
3234 2708 3329 2761 τοῦ
3369 2709 3563 2778 γένους
3611 2710 3721 2763 τῶν
3756 2709 4043 2778 Ἐϐραίων,

2476 2794 2621 2848 Ἰδὼν
2654 2798 2854 2859 αὐτοὺς
2878 2798 3222 2868 άνθήσαντας
3246 2801 3305 2851 ἐν
3339 2801 3745 2871 ἐξομολογήσει.

2465 2887 2665 2940 Τούτου
2686 2887 2794 2955 γὰρ
2827 2891 2987 2958 χάριν
3007 2891 3232 2957 εἴρηκεν
3248 2893 3276 2943 ό
3293 2891 3448 2958 λόγος
3478 2893 3585 2945 τῶν
3628 2894 3932 2963 ’ᾼσμάτωψ

2536 2978 2708 3045 Φωνὴ
2754 2977 2861 3045 τῆς
2889 2980 3179 3047 τρυγόνος
3214 2980 3489 3049 ἠκούσθη
3553 2982 3716 3049 ἐντῇ
3743 2983 3820 3051 τῇ
3853 2983 4042 3053 ἡμῶν.

862 3072 976 3126 Vox
1038 3073 1183 3126 enim
1248 3070 1548 3124 clamantis
1608 3068 1711 3123 fuit
1763 3084 2072 3138 praecursor
2108 3069 2229 3133 iste,
2268 3069 2360 3137 qui
2391 3109 2433 3167 ο
2467 3069 2609 3121 Φωνὶ

2158 3077 2229 3133 te,
2268 3069 2360 3137 qtti
2391 3109 2433 3167 ο
2467 3069 2621 3138 Φωνὴ
2654 3069 2884 3139 βοῶντος
2913 3072 3157 3139 πέφυκεν
3181 3073 3210 3123 ὁ
3245 3071 3552 3141 πρόδρομος
3584 3072 3693 3143 γὰρ
3726 3069 3902 3139 οὗτος,

789 3165 1027 3234 passeri,
1057 3163 1287 3225 turturi,
1339 3164 1574 3216 dextera:
1607 3170 1977 3229 comparatur.

868 3255 1031 3308 Ficus
1063 3253 1285 3324 protulit
1317 3270 1530 3323 grossos
1557 3268 1719 3307 suos:
1759 3254 1917 3306 vinea’
1938 3254 2168 3320 ﬂorent:
2206 3251 2361 3303 dede-

789 3356 910 3401 runt
943 3347 1178 3401 odorem.

864 3437 1125 3491 Eumdem
1166 3439 1279 3490 haec
1310 3432 1452 3489 forte
1476 3448 1700 3490 sensum
1737 3432 1939 3487 habent
1964 3447 2088 3486 eum
2116 3431 2364 3500 superio-

793 3530 966 3582 ribus.
1000 3526 1187 3580 Ficum
1223 3527 1368 3580 enim
1400 3540 1594 3597 rursus
1621 3524 1868 3591 intelligo
1892 3532 2141 3577 naturam
2174 3523 2365 3575 huma-

794 3637 919 3674 nam
955 3638 967 3674 :
1009 3633 1258 3689 grossos,
1286 3617 1577 3672 inferiores
1604 3617 1873 3671 virtutes:
1912 3615 2054 3670 vites
2082 3614 2362 3679 ﬂorentes,

791 3714 1002 3764 animas
1033 3725 1153 3779 qua:
1215 3710 1267 3763 iu
1299 3717 1446 3764 recta
1480 3707 1696 3764 vivendi
1757 3707 1969 3762 ratione
2020 3721 2085 3761 ac
2121 3705 2206 3760 via
2236 3721 2365 3775 pro-

789 3802 937 3873 gredi
962 3802 1074 3871 jam
1100 3808 1410 3871 cmperunt.

862 3892 1051 3961 Surge,
1085 3893 1220 3955 veni,
1249 3892 1542 3959 propinqua
1565 3905 1701 3954 mea,
1729 3889 1964 3955 formosa
1996 3901 2134 3952 mea,
2158 3885 2358 3939 colum-

790 3987 854 4038 ba
882 4001 1014 4037 mea.

1325 4071 1508 4126 Trium
1551 4072 1801 4127 Patrum.

862 4168 1002 4222 Cum
1044 4166 1213 4237 igitur
1242 4165 1505 4234 magistra
1550 4166 1733 4219 anima
1770 4166 1845 4218 ita
1879 4180 1937 4220 se
1973 4166 2026 4219 in
2058 4165 2370 4221 erudiendis

794 4257 1237 4313 adolescentibus
1268 4256 1630 4321 exercuisset,
1669 4255 1780 4325 jam
1810 4271 1930 4326 quae
1963 4258 2077 4326 ipsa
2113 4271 2141 4309 a
2165 4271 2369 4328 sponso

794 4352 1065 4416 didicerit,
1092 4360 1277 4407 narrat
1300 4367 1312 4403 :
1332 4348 1667 4419 Respondet,
1703 4350 1977 4421 inquiens,
2008 4366 2179 4420 nepos
2192 4366 2367 4415 meus,

2468 3162 2739 3231 Στρουοῷ,
2770 3164 3012 3231 τρυγόνι,
3041 3162 3198 3231 δεξιῷ
3231 3163 3623 3232 παρεικασοεὶς
3649 3164 3725 3232 τῷ
3770 3164 3934 3233 λόγῳ.

2547 3254 2609 3307 'H
2658 3253 2822 3321 συκῆ
2855 3253 3145 3321 ἐξήνεγκε
3184 3253 3328 3318 τοὺς
3388 3254 3681 3321 ὀλύνθους
3710 3254 3918 3323 αὐτῆς.
3977 3258 4043 3308 ,ιι

2466 3344 2721 3412 ἄμπελοι
2760 3345 3182 3411 κυπρίζουσιν,
3200 3344 3436 3399 ἔδωκαν
3458 3346 3679 3413 ὀσμήν.

2469 3434 2639 3487 Τοῦτο
2663 3439 2859 3487 ταυτόν
2884 3451 2937 3487 τι
2970 3438 3183 3503 πέφυκε
3216 3436 3358 3504 τάχα
3390 3439 3500 3498 τοῖς
3522 3436 3901 3506 προρρηθεῖσι,

2469 3527 2650 3595 Συκῆν
2680 3526 2789 3595 γάρ
2824 3525 2981 3588 αὖθις
3021 3525 3214 3596 νόησον
3237 3527 3337 3597 τὴν
3367 3527 3532 3595 φύσιν
3562 3528 3671 3579 τῶν
3716 3528 3813 3581 ἀνθ
3826 3529 4042 3597 ρώπων,

2482 3617 2766 3680 Ὀλύνθους
2790 3617 2845 3670 δὲ
2864 3617 2972 3670 τῶν
2992 3619 3203 3688 ἀρετῶν
3222 3619 3319 3682 τὰς
3348 3620 3761 3689 ὑποδεεστέρας.

2480 3707 2785 3778 Ἀμπέλους
2820 3710 2982 3761 πάλιν
3043 3712 3301 3778 γίνωσκε,
3330 3711 3588 3775 δέσποτα,
3641 3711 4035 3780 κυπριζούσας,

2468 3801 2661 3870 Ψυχὰς
2696 3801 3027 3871 προκόπτειν
3065 3804 3143 3864 εἰς
3175 3802 3337 3854 καλὸν
3364 3804 3737 3873 ὲναρξαμένας
3773 3803 3898 3874 ἠδη.

2554 3889 2831 3956 Ἀνάστα,
2859 3890 3019 3957 ἐλθὲ,
3062 3893 3099 3961 ἡ
3122 3894 3389 3961 πλησίον
3416 3910 3557 3963 μου,
3590 3895 3747 3962 καλή
3772 3912 3913 3964 μου,
3942 3912 4041 3949 πε-

2462 3982 2710 4053 ριστερά
2754 4000 2895 4051 μου.

2996 4073 3123 4127 Τῶν
3157 4072 3205 4143 τ’
3232 4074 3525 4143 Πατέρων.

2543 4164 2701 4217 Οὕτω
2734 4164 2913 4216 τοίνυν
2968 4166 3001 4233 ἡ
3047 4164 3362 4228 διδάσκαλος
3419 4166 3565 4235 ψυχὴ
3619 4166 4045 4237 ἀπασχολῆσασα

2474 4256 2671 4328 ἑαυτὴν
2712 4262 2778 4328 τῇ
2807 4257 3128 4328 διδασκαλίᾳ
3181 4259 3291 4312 τῶν
3331 4258 3808 4329 μαθητευομένων,
3861 4259 4045 4312 λοιπον

2471 4348 2614 4419 ἆπερ
2644 4349 2778 4418 αὑτὴ
2813 4349 3071 4419 μανθάνει
3106 4350 3257 4419 παρά
3276 4349 3370 4401 τοῦ
3394 4351 3628 4419 νυμφίου
3651 4351 3837 4422 φησιν’
3886 4352 4046 4403 Ἀπτ-

796 4445 889 4513 qui
924 4456 1235 4498 sermonem
1268 4440 1520 4495 videlicet
1552 4455 1731 4494 meum
1784 4441 1852 4495 ad
1883 4442 2179 4510 discipulos
2240 4458 2365 4511 pro—
2391 4455 2445 4515 ι)
2470 4457 2539 4509 κρ

2299 4458 2365 4495 ‘o-
2391 4455 2445 4515 ι)
2470 4442 2714 4509 κρίνεται
2745 4441 2772 4491 ό
2799 4439 3077 4508 άδελφιδός
3108 4456 3213 4508 μου
3248 4456 3262 4469 ·
3289 4440 3428 4510 ἦτοι,
3466 4439 3601 4508 ἐμοῦ
3629 4440 3763 4508 πρὸς
3784 4440 3885 4502 τὰς
3940 4460 4046 4509 μα-

798 4535 938 4588 fert:
976 4531 1273 4602 respondet
1302 4530 1537 4586 dilectus
1566 4546 1743 4597 meus,
1776 4540 1831 4587 et
1852 4531 1984 4587 dicit
2012 4532 2144 4586 mihi
2174 4549 2188 4589 :
2232 4532 2366 4587 Sur-

798 4641 878 4694 ge,
916 4624 1053 4687 veni,
1084 4623 1381 4691 propinqua
1417 4635 1575 4675 mea:
1608 4620 1807 4677 docere
1860 4622 2046 4677 desine
2070 4638 2189 4692 quae
2218 4638 2247 4676 a
2286 4637 2369 4676 me

799 4730 898 4783 per
926 4713 1235 4768 naturalem
1279 4712 1656 4781 scriptamque
1696 4712 1869 4780 legem
1899 4716 2154 4782 mysteria
2176 4713 2242 4767 ad
2284 4727 2371 4767 me

800 4804 1131 4873 pertinentia
1164 4814 1321 4856 antea
1372 4800 1641 4856 didicisti.
1674 4802 1757 4855 Ab
1814 4802 1881 4857 iis
1920 4816 2279 4873 consurgens,
2312 4813 2368 4857 tu

802 4910 923 4963 qua:
944 4902 1167 4962 propter
1192 4890 1579 4961 perfectionem
1606 4907 1665 4947 es
1696 4893 2001 4963 propinqua
2026 4910 2165 4961 mea,
2213 4895 2277 4948 ad
2307 4910 2367 4949 ea

804 4986 1069 5039 tradenda
1107 4992 1161 5038 te
1198 4982 1393 5038 confer
1425 4999 1545 5053 quae
1573 5000 1637 5038 ex
1664 4985 1779 5054 lrge
1812 4995 2067 5040 constant
2117 4986 2370 5055 spiritali,

812 5086 869 5128 et
891 5075 977 5128 his
1009 5076 1165 5144 longe
1201 5081 1330 5129 sunt
1358 5075 1769 5128 excellentiora.
1803 5073 1916 5145 Ego
1944 5075 2089 5131 enim
2114 5076 2206 5146 qui
2249 5092 2369 5130 sum

808 5178 1004 5221 natura
1040 5168 1337 5220 iiumensus
1395 5176 1449 5221 et
1480 5165 1750 5230 infinitus,
1784 5168 1950 5222 nullis
2009 5182 2246 5237 unquam
2285 5184 2372 5222 re-

815 5274 933 5311 rum
964 5273 1027 5311 ex
1063 5258 1289 5309 materia
1319 5259 1690 5313 constantium
1725 5258 1975 5313 terminis
2010 5260 2369 5329 eomprehen~

814 5350 933 5403 dar.
968 5348 1152 5417 Itaque
1176 5357 1227 5401 te
1246 5334 1460 5417 Semper
1490 5358 1708 5417 oportet
1739 5350 1805 5402 ad
1864 5350 2119 5404 ulteriora
2144 5358 2372 5404 conten-

814 5444 960 5495 dere.
988 5438 1246 5494 Formosa
1270 5456 1404 5505 mea,
1437 5441 1673 5493 columba
1710 5458 1844 5497 mea.
1862 5440 2124 5497 Formosa
2152 5443 2370 5512 quidem

815 5548 957 5598 mea,
989 5542 1258 5603 quatenus
1280 5534 1541 5602 operibus
1570 5544 1620 5588 et
1654 5536 1941 5606 przeeeptis
2000 5536 2371 5606 exsequendis

892 5704 931 5736 ⁸¹
968 5703 1155 5758 Matth.
1192 5718 1272 5769 ιιι,
1302 5702 1357 5759 2.

2474 4530 2837 4599 θητευομένας
2890 4531 3227 4600 ποιουμένης
3272 4532 3363 4583 τὸν
3410 4530 3588 4597 λόγον,
3630 4531 3986 4599 ἀποκρίνεται
4019 4531 4048 4581 ό

2474 4622 2754 4690 ἀγαπητός
2817 4639 2941 4690 μου,
2976 4622 3069 4674 καὶ
3119 4620 3268 4688 λέγει
3330 4636 3419 4689 μοι
3453 4635 3467 4650 ο
3497 4618 3770 4679 Ἀνάστα,
3807 4620 3969 4683 ἐλθὲ,
4008 4621 4047 4687 ἡ

2470 4713 2735 4778 πλησίον
2751 4729 2896 4780 μου.
2916 4712 3128 4781 Δηλαδὴ
3159 4712 3455 4765 ἀνάνευσον
3476 4711 3584 4763 ἀπο
3617 4707 3713 4761 τοῦ
3763 4709 4038 4762 διδάσκειν

2468 4803 2538 4855 τὲ
2568 4802 2698 4872 παρ’
2719 4802 2854 4871 ἐμοῦ
2901 4802 2990 4856 διά
3021 4820 3079 4855 τε
3109 4801 3200 4856 τοῦ
3254 4800 3489 4870 φυσικοῦ
3529 4801 3625 4854 καὶ
3656 4798 3753 4852 τοῦ
3800 4800 4046 4870 γραπτοῦ

2470 4894 2637 4962 νόμου
2670 4892 3095 4961 προδιδαχθέντα
3144 4910 3226 4946 σοι
3266 4895 3393 4962 περὶ
3424 4892 3556 4961 ἐμοῦ
3592 4893 3885 4962 μυστήρια.
3923 4893 4049 4945 Κάκ

2463 4984 2668 5038 τούτων
2706 4984 3014 5053 ὲγερθεῖσα,
3049 4984 3171 5038 ἐλθὲ
3201 4983 3364 5037 πάλιν
3393 4984 3472 5047 είς
3499 4984 3559 5037 τὸ
3578 4982 3927 5036 διδάσκεσθαι
3958 4981 4048 5034 διὰ

2464 5076 2559 5130 τοῦ
2589 5077 2961 5146 πνευματικοῦ
2992 5078 3159 5147 νόμου
3195 5078 3263 5130 τά
3307 5076 3389 5130 ἔτι
3419 5077 3623 5129 τούτων
3653 5076 4045 5145 ὑπερκείμενα,

2469 5170 2503 5239 ἡ
2533 5169 2622 5222 διὰ
2674 5169 2990 5237 τελειότητα
3036 5171 3203 5237 ἐγγύς
3262 5186 3387 5238 μου.
3438 5169 3511 5221 Ο)
3565 5166 4047 5237 περιγραφὴσομαι

2468 5262 2577 5332 γάρ
2597 5262 2726 5314 ποτέ
2743 5277 2851 5314 τισι
2877 5264 3183 5330 μετουσίαις
3204 5262 3235 5331 ἦ
3254 5263 3510 5332 τέρμασι,
3526 5260 3643 5313 κατ’
3664 5259 3849 5313 οὐσίαν
3872 5259 4049 5327 ὑπάρο

2473 5370 2582 5422 χων
2614 5354 2837 5421 ἄπειρος
2883 5356 2977 5407 καὶ
3030 5354 3302 5422 ἀόριστος.
3332 5354 3440 5405 Καὶ
3477 5353 3565 5404 διὰ
3620 5351 3779 5404 τοῦτο
3816 5351 3933 5403 δέον
3989 5367 4049 5402 σε

2472 5447 2582 5505 τοῖς
2606 5443 2914 5513 ἔμπροσθεν
2936 5445 3198 5512 διηνεκῶς
3250 5442 3679 5496 ὲπεκτείνεσθαι.
3707 5441 3872 5507 Καλή
3906 5458 4047 5509 μου,

2474 5536 2791 5605 περιστερά
2818 5554 2955 5605 μου.
2979 5537 3130 5608 Καλή
3164 5555 3264 5607 μου
3300 5537 3397 5607 μὲν
3427 5534 3502 5598 ὡς
3543 5534 3932 5605 κεκαθαρμένη
3958 5535 4051 5585 καὶ
