4424 6446
381 397 484 460 539

1387 391 1773 455 COMMEN'I‘.
1817 387 1888 446 ΙΝ
1930 384 2316 446 CANTICUM
2357 385 2646 445 CANTIC.

3535 390 3639 454 590

376 508 695 578 ῶραῖσμένη
752 508 819 577 τῇ
852 504 1048 576 πράξει
1077 504 1186 557 τῶν
1214 503 1442 556 ἐντολῶν
1475 519 1490 534 ο
1526 500 1827 571 περιστερά
1860 515 1960 567 μου
1995 504 2036 560 Α
2072 510 2121 547 m

1890 515 1960 550 μου
1995 504 2036 560 Α
2072 494 2329 548 mundata
2360 509 2419 548 cs
2442 503 2493 548 et
2524 494 2781 549 decorata
2812 512 2825 548 :
2860 494 3113 551 columba
3174 511 3326 562 vero,
3363 507 3637 568 quatenus

377 598 433 650 δὲ
464 599 541 659 ὡς
593 597 989 667 πεφωτισμένη
1049 597 1160 655 τοῖς
1185 594 1280 647 τοῦ
1335 592 1603 660 παναγίου
1644 590 1960 658 Πνεύματος

386 690 742 759 χαρίσμασιν.
781 689 1034 742 Ἀνάστα
1061 688 1139 753 δὲ,
1165 687 1317 756 φησι,
1349 686 1445 739 καὶ
1468 682 1629 738 ἐλθέ·
1654 682 1741 735 ὅτι
1770 680 1899 735 ἰδοὺ
1930 683 1960 734 ὁ

381 780 604 850 χειμὼν
636 780 969 849 παρῆλθεν.
1000 780 1223 845 Ἤγουν,
1250 778 1338 831 διὰ
1363 776 1520 829 τοῦτό
1552 792 1635 828 σοι
1680 773 1962 842 ἐγκελεύο-

388 890 490 941 μαι
554 873 867 943 ἐγείρεσθαι
908 874 997 925 ἀεὶ
1036 871 1144 924 ἀπὸ
1203 869 1423 939 ὑψηλῶν
1444 867 1816 939 θεωρημάτων
1882 866 1961 927 είς

379 958 714 1033 ὑψηλότερα,
748 964 883 1035 πρὸς
938 961 1227 1033 μετουσίαν
1257 961 1351 1015 τοῦ
1393 962 1789 1031 ὑπερκειμένου
1828 958 1960 1012 κάλ-

384 1056 509 1116 λους
570 1072 629 1106 σε
687 1055 1074 1124 ἐφελκόμενος,
1130 1055 1215 1106 ὃτι
1263 1054 1332 1106 τὰ
1386 1052 1756 1123 χειμαζόμενα
1811 1048 1959 1117 πάθη

388 1145 488 1213 τὴν
548 1144 748 1213 ψυχὴν,
809 1144 901 1197 καὶ
959 1144 1094 1215 πρὸς
1145 1142 1248 1211 τὴν
1296 1142 1674 1213 πνευματικὴν
1733 1139 1961 1211 πορείαν

384 1236 694 1298 κωλύοντα,
745 1238 1031 1304 γεγόνασιν
1083 1233 1347 1288 ἐκποδών.
1418 1235 1481 1287 '0
1539 1232 1715 1299 ὑετὸς
1760 1232 1961 1301 ἀπῆλ-

380 1328 506 1390 θεν,
563 1325 856 1393 ἐπορεύθη
910 1325 1123 1390 ἐαυτῷ.
1197 1324 1448 1394 Δηλονότι
1506 1321 1780 1394 ήσφοδρά
1828 1338 1960 1373 κατ-

382 1419 532 1483 αιγὶς
571 1419 679 1470 τῶν
744 1418 1031 1488 αἱρέσεων,
1067 1418 1155 1485 ὑφ’
1199 1412 1266 1487 ἦς
1298 1417 1392 1469 καὶ
1429 1414 1815 1484 ἀπησχόλησαι
1882 1414 1957 1482 μὴ

384 1510 795 1578 παρασυρῆναι,
816 1510 1029 1579 ἀπέστη
1052 1511 1117 1578 τῇ
1149 1508 1238 1575 ὑφ’
1268 1506 1476 1561 ἑαυτῶν
1508 1506 1777 1574 διαλλήλῳ
1823 1503 1960 1572 φθα-

383 1604 541 1668 ρεῖσα
581 1600 777 1671 φθορᾷ.
813 1599 895 1653 Τὰ
943 1598 1094 1667 ἄνθη
1150 1598 1314 1667 ὤφθη
1341 1596 1505 1665 ἐντῇ
1538 1596 1633 1665 τῇ.
1677 1596 1742 1655 Al
1768 1595 1961 1665 aperui.

383 1692 622 1753 πάντως,
659 1692 713 1744 αἳ
739 1692 898 1759 δίκην
932 1690 1229 1743 πολυειδῶν
1257 1706 1318 1742 τε
1350 1690 1443 1741 καὶ
1476 1686 1697 1740 εύειδῶν
1753 1685 1959 1740 ἀνθέων

382 1781 480 1850 τὴν
506 1780 684 1850 ψυχὴν
707 1782 1052 1852 ὠραῖζουσιν,
1089 1781 1356 1849 ἀνέθηλαν
1393 1782 1449 1833 ἐν
1478 1779 1641 1849 σαρκὶ
1667 1778 1785 1831 κατ’
1807 1779 1957 1846 ἐνέρ-

2073 588 2345 641 illustrata
2387 601 2446 641 es
2476 586 2637 643 donis
2687 586 2929 656 Spiritus
2984 590 3178 643 sancti.
3220 589 3389 660 Surge
3434 601 3635 657 autem,

2069 678 2273 747 inquit,
2300 686 2349 731 et
2393 679 2505 731 ueni
2528 694 2547 732 :
2577 681 2826 748 quoniam
2865 695 2981 734 ecce
3002 679 3165 734 hiems
3191 683 3429 737 transiit.
3461 683 3641 751 Quare

2066 769 2296 823 trahens
2315 775 2367 822 te
2397 767 2461 823 ad
2482 783 2709 823 summae
2728 770 3155 840 pulchritudinis
3173 776 3638 840 communionem,

2064 860 2326 931 praccipio
2379 862 2475 916 tibi
2528 872 2586 916 ut
2616 878 2830 934 surgas,
2878 871 2933 919 et
2997 878 3026 917 a
3064 863 3391 921 sublimibus
3416 878 3642 924 conten-

2065 954 2405 1023 plationibus
2435 953 2507 1009 ad
2534 954 2888 1011 sublimiores
2935 959 3198 1015 exciteris
3244 974 3258 1012 :
3294 960 3641 1031 quandoqui-

2071 1046 2194 1101 dem
2230 1048 2691 1115 perturbationes,
2721 1061 2845 1117 quae
2884 1056 3144 1118 tanquam
3174 1050 3373 1107 hiemis
3433 1060 3642 1121 tempe-

2062 1146 2236 1191 s:ates
2294 1139 2529 1192 animam
2589 1137 2836 1207 aﬁligunt
2891 1141 3053 1194 etab
3108 1141 3299 1196 itinere
3356 1142 3640 1211 prohibent

2065 1226 2326 1294 spiritali,
2356 1228 2581 1282 sublatae
2621 1238 2771 1285 sunt.
2835 1228 3011 1283 Imber
3042 1230 3197 1291 abiit,
3258 1234 3473 1287 recessit
3516 1234 3638 1287 sibi.

2064 1314 2376 1371 Vehemens
2428 1318 2720 1384 haeresum,
2758 1334 2788 1374 a
2821 1321 3024 1390 quibus
3055 1321 3373 1389 vexabaris,
3402 1324 3641 1393 procella

2064 1406 2247 1472 desiit,
2299 1420 2424 1461 cum
2490 1421 2681 1463 mutuo
2737 1410 2879 1464 inter
2936 1426 2997 1467 se
3042 1412 3305 1467 conﬂictu
3368 1428 3643 1482 oppressae

2062 1502 2425 1558 conciderint.
2478 1504 2587 1558 Visi
2645 1512 2771 1558 sunt
2831 1507 2987 1574 ﬂores
3049 1509 3104 1561 in
3159 1517 3321 1565 terra.
3398 1507 3641 1563 Virtutes

2062 1609 2184 1662 quae
2224 1602 2505 1665 tanquam
2565 1597 2702 1651 varii
2770 1607 2933 1668 atque
2964 1598 3175 1654 odorati
3202 1599 3367 1656 ﬂores
3397 1599 3636 1654 animam

2061 1694 2355 1753 exornant,
2391 1689 2444 1740 in
2470 1702 2657 1753 carne,
2686 1689 2814 1744 dum
2847 1691 3018 1747 rectis
3050 1692 3360 1747 actionibus
3381 1700 3434 1747 et
3461 1695 3641 1763 operi-

2066 1774 2169 1829 bus
2194 1775 2545 1840 excoluntur,
2583 1779 2911 1833 ﬂoruerunt.
2943 1778 3069 1836 llaec
3095 1791 3282 1837 autem
3311 1780 3454 1838 facta
3488 1790 3639 1849 sunt,

382 1889 562 1939 γειαν·
600 1872 770 1924 ταῦτα
818 1873 875 1924 δέ
906 1872 1215 1940 γεγόνασιν,
1241 1870 1564 1939 ἐπειδήπερ
1606 1869 1806 1937 καιρὸς
1852 1867 1962 1935 τῆς
1993 1862 2036 1922 Β
2065 1880 2129 1934 qu

1888 1867 1962 1935 ἧς
1993 1862 2036 1922 Β
2065 1867 2313 1934 quoniam
2367 1877 2570 1937 tempus
2600 1871 2895 1937 putationis
2952 1874 3160 1927 advenit
3183 1888 3202 1926 :
3242 1874 3387 1942 quod
3418 1874 3635 1944 quidem

386 1963 573 2031 τομῆς
613 1966 897 2044 ξφθακεν,
928 1964 987 2027 ὃς
1016 1964 1116 2035 τῆς
1142 1964 1234 2017 τοῦ
1265 1964 1501 2033 Χριστοῦ
1538 1964 1595 2016 ἐν
1638 1962 1802 2032 σαρκὶ
1836 1964 1959 2012 ἐπι-

381 2050 582 2120 δημίας
616 2053 751 2105 ἐστί.
799 2054 936 2123 Φησὶ
977 2052 1084 2123 γάρ
1134 2054 1194 2105 ἐν
1240 2053 1592 2121 Εὐαγγελίοις
1626 2052 1806 2112 αὐτός’
1838 2051 1959 2104 Οὐκ

382 2138 575 2211 ἦλθον
618 2144 839 2207 ,βαλεῖν
866 2143 1135 2212 εἰρήνην,
1168 2144 1330 2198 ἀλλὰ
1348 2144 1671 2213 μάχαιραν.
1728 2139 1962 2197 Ἦλθον

384 2236 493 2304 γὰρ
512 2237 754 2306 διχάσαι
782 2237 1097 2303 ἄνθρωπον
1149 2237 1301 2290 κατὰ
1339 2238 1446 2291 τοῦ
1494 2237 1719 2304 πατρὸς
1748 2235 1957 2300 αὐτοῦ,

384 2327 481 2380 καὶ
534 2328 827 2398 θυγατέρα
847 2328 997 2382 κατὰ
1042 2329 1151 2397 τῆς
1184 2329 1411 2399 μητρὸς
1445 2328 1654 2397 αὐτῆς,
1688 2329 1783 2382 καί
1810 2330 1958 2396 νύμ-

381 2434 509 2485 φην
546 2418 697 2471 κατὰ
726 2417 837 2485 τῆς
894 2417 1187 2485 πενθερᾶς
1222 2416 1443 2484 αὐτῆς.
1497 2417 1540 2468 Τ
1545 2416 1799 2485 ἑμνονται
1851 2414 1959 2482 γὰρ

381 2508 471 2560 διὰ
497 2508 679 2560 πίστιν
706 2509 799 2561 καὶ
830 2508 1031 2577 ἀρετὴν
1073 2503 1219 2561 οῦτοι
1250 2507 1301 2560 οἱ
1329 2506 1509 2560 καινοὶ
1545 2508 1623 2578 τῷ
1664 2503 1959 2574 καινοποιῷ

389 2599 685 2669 Πνεύματι,
712 2600 820 2653 ἀπὸ
841 2600 949 2653 τῶν
970 2598 1441 2671 πεπαλαιωμένων
1486 2601 1552 2669 τῇ
1578 2599 1808 2669 ἀπιστίᾳ
1864 2597 1959 2651 καὶ

382 2693 448 2759 τῆ
479 2690 662 2761 κακίᾳ.
695 2691 860 2745 Ὅθεν
884 2692 980 2746 καὶ
1018 2693 1120 2761 τῆς
1154 2692 1350 2747 ἑαυτοῦ
1380 2692 1438 2745 ἐν
1466 2692 1631 2760 σαρκὶ
1660 2690 1957 2760 ἐπιδημίας

384 2784 605 2849 ἐπάγων
628 2782 724 2853 τὴν
753 2783 1081 2853 μαρτυρίαν,
1125 2783 1279 2852 φησί·
1310 2782 1482 2849 Φωνὴ
1523 2782 1634 2852 τῆς
1667 2783 1958 2850 τρυγόνος

382 2876 656 2943 ἠκούσθη
708 2874 779 2927 ἐν
820 2873 895 2941 τῇ
918 2873 995 2942 γῇ
1025 2872 1212 2943 ἡμῶν.
1243 2874 1492 2943 Τρυγόνα
1525 2874 1633 2944 γὰρ
1686 2872 1843 2927 καλεῖ
1868 2872 1956 2925 τὸν

382 2966 483 3035 τῆς
512 2965 704 3019 ἐαυτοῦ
730 2965 1028 3036 παρουσίας
1071 2964 1360 3035 προφήτην
1383 2963 1477 3016 καὶ
1523 2962 1849 3033 πρόδρομον,
1880 2960 1955 3023 ὡς

382 3055 651 3129 ἐρημικόν
686 3074 745 3110 τε
774 3057 869 3110 καὶ
906 3056 1177 3129 σώφρονα.
1208 3048 1283 3110 Οῦ
1312 3056 1343 3125 ἡ
1385 3054 1536 3124 φωνὴ
1566 3054 1627 3106 τὸ
1655 3054 1754 3123 τῆς
1788 3069 1956 3121 μετα-

384 3148 531 3209 νοίας
564 3148 682 3201 ἐστὶ⁵
709 3150 990 3220 κήρυγμα,
1021 3148 1159 3217 ὅπερ
1184 3148 1242 3200 ἐν
1285 3164 1395 3202 τισι
1417 3146 1525 3199 τῶν
1550 3144 1835 3220 σαρκικῶν,
1860 3143 1955 3197 καὶ

387 3239 725 3308 φρονούντων
749 3238 817 3293 τά
850 3241 1013 3310 γήϊνα
1042 3238 1307 3308 ἠκούσθη,
1351 3237 1425 3301 ὡς
1456 3236 1719 3290 πεισθεῖσι
1751 3236 1828 3306 τῷ
1855 3252 1955 3305 κη-

385 3331 623 3401 ρύγματι
691 3331 893 3400 τούτῳ,
967 3332 1062 3383 καὶ
1116 3328 1408 3398 μετανοίας
1459 3327 1802 3397 βαπτισθεωι
1854 3325 1953 3395 βά-

384 3437 611 3491 πτισμα.
632 3423 722 3473 Διὸ
739 3421 830 3473 καί
853 3436 1035 3489 φησιν·
1055 3418 1288 3486 Ἡσυκῆ
1308 3417 1955 3486 ἐξήνθησενόλύνθοισς

380 3512 592 3580 αὐτῆς.
625 3511 802 3582 Συκῆν
817 3512 923 3581 γάρ
950 3509 1048 3581 τὴν
1074 3510 1213 3580 μετά
1240 3508 1409 3563 ταῦτα
1432 3509 1500 3563 δι’
1518 3509 1796 3580 ἀκαρπίαν
1818 3508 1953 3563 καθ-

383 3605 669 3673 ηραμένην
754 3604 903 3672 παρὰ
950 3601 1189 3671 Χριστοῦ
1249 3602 1567 3673 συναγωγὴν
1626 3601 1775 3669 λέγει
1844 3601 1954 3654 τῶν

395 3695 659 3747 Ἰουδαίων
693 3708 707 3723 ο
740 3695 863 3764 ἥτις
912 3694 1069 3763 δίκην
1098 3692 1339 3746 όλύνθων
1374 3691 1818 3763 προανισχόντων
1857 3688 1952 3743 τοῦ

378 3785 585 3839 τελείου
618 3784 857 3854 καρποῦ,
885 3786 978 3840 καὶ
1009 3786 1218 3857 ταχέως
1243 3785 1577 3847 πιπτόντων,
1616 3785 1743 3845 τοὺς
1776 3782 1837 3834 τὸ
1859 3780 1953 3833 τοῦ

394 3879 640 3932 Ἰωάννου
695 3878 978 3946 βάπτιτμα
1034 3876 1430 3947 βαπτισθέντας
1470 3874 1759 3944 ἀνέθηλεν.
1792 3868 1952 3926 Οὗτοι

385 3970 486 4039 μέν
514 3970 620 4047 γὰρ
646 3970 735 4022 τὸν
760 3970 969 4038 καρπὸν
996 3968 1396 4039 προεδείκνυον,
1423 3965 1825 4038 προτυποῦντες
1864 3964 1954 4017 διὰ

378 4059 473 4111 τοῦ
502 4061 560 4111 ἐν
594 4059 745 4110 ὕδατι
775 4058 919 4127 μόνῳ
944 4056 1315 4127 βαπτίσματος
1336 4057 1396 4109 τὸ
1422 4057 1477 4108 ἐν
1496 4056 1637 4124 ἁγίῳ
1669 4052 1952 4122 Πνεύματι

381 4152 474 4202 καὶ
505 4151 636 4220 πυρὶ
656 4149 959 4219 βάπτισμα.
990 4150 1156 4203 Αὐτοὶ
1184 4148 1240 4201 δὲ
1261 4149 1341 4210 είς
1371 4147 1529 4200 τοῦτο
1552 4147 1651 4199 οὐκ
1682 4144 1947 4213 ἔφθασαν,

380 4241 495 4294 ἀλλ’
521 4242 597 4303 ὡς
621 4244 686 4310 τῇ
720 4242 848 4310 περὶ
883 4239 1118 4310 Χριστοῦ
1145 4241 1418 4310 μαρτυρίᾳ
1439 4238 1533 4291 τοῦ
1576 4239 1822 4291 Ἰωάννου
1876 4237 1950 4307 μὴ

381 4333 769 4395 πιστεύσαντες
799 4331 897 4401 τῆς
945 4334 1026 4394 είς
1074 4332 1235 4384 αὐτὸν
1283 4330 1518 4400 Χριστὸν
1570 4328 1827 4392 ἐξέπεσον
1862 4328 1952 4378 πί-

384 4441 571 4485 στεως.
624 4426 691 4475 Αἱ
733 4424 987 4491 ἄμπελοι
1032 4421 1197 4488 ἡμῶν
1266 4421 1675 4489 κυπρίζουσιν,
1724 4420 1950 4473 ἔδωκαν

382 4515 602 4586 ὀσμήν.
635 4516 931 4581 Ἀμπέλους,
958 4517 1114 4568 καλεῖ
1132 4517 1231 4577 τὰς
1255 4516 1311 4567 ἐν
1328 4517 1438 4576 τοῖς
1466 4514 1642 4565 ἔθνεσι
1666 4514 1948 4581 φυτευθεί-

2068 1962 2281 2024 tempus
2311 1966 2396 2013 est
2426 1959 2633 2014 Christi
2683 1961 2950 2017 adventus
3005 1963 3061 2016 in
3101 1977 3285 2019 carne.
3322 1963 3446 2019 Non
3474 1967 3636 2029 enim,

2064 2045 2246 2115 inquit
2277 2048 2393 2118 ipse
2452 2048 2504 2103 in
2567 2048 2901 2121 Evangeliis,
2936 2055 3052 2108 ueni
3082 2054 3287 2108 mittere
3308 2070 3512 2123 pacem,
3547 2058 3636 2111 sed

2060 2137 2305 2205 gladium
2339 2155 2358 2193 :
2411 2140 2526 2194 ueni
2584 2143 2725 2195 enim
2763 2158 3013 2212 separare
3069 2145 3333 2201 hominem
3389 2148 3636 2203 adversus

2062 2239 2276 2296 patrem
2311 2245 2489 2296 suum,
2552 2241 2603 2286 et
2632 2233 2803 2301 ﬁliam
2846 2234 3098 2291 adversus
3131 2247 3355 2292 matrem
3384 2256 3560 2305 suam,
3588 2249 3639 2295 et

2059 2334 2305 2387 sponsam
2327 2321 2577 2376 adversus
2594 2338 2803 2377 socrum
2832 2332 2985 2379 suam
3005 2327 3070 2378 ³⁸.
3099 2327 3465 2398 Amputantur
3489 2332 3634 2385 enim

2062 2426 2158 2482 per
2193 2411 2351 2468 ﬁdem
2376 2414 2699 2470 etvirtutem
2725 2415 2817 2471 isti
2846 2417 2993 2483 novi,
3021 2432 3050 2472 a
3083 2417 3289 2489 Spiritu
3313 2430 3633 2486 renovante.

2062 2505 2132 2559 ab
2165 2505 2232 2559 iis
2262 2506 2356 2575 qui
2388 2506 2443 2561 in
2470 2506 2795 2564 inﬁdelitate
2818 2514 2874 2564 et
2908 2510 3118 2565 malitia
3152 2511 3441 2568 inveterati
3482 2525 3631 2570 sunt.

2063 2594 2431 2662 Quamobrem
2489 2598 2757 2654 adventus
2809 2600 2894 2654 sui
2954 2602 3010 2655 in
3063 2616 3230 2659 carne
3255 2604 3629 2659 testimonium

2060 2684 2319 2743 aﬁ‘erens:
2376 2685 2514 2753 Vox,
2544 2687 2747 2758 inquit,
2792 2691 3014 2745 turluris
3048 2692 3234 2747 audita
3268 2704 3348 2748 est
3382 2695 3436 2749 in
3488 2704 3635 2749 terra

2059 2787 2266 2831 nostra.
2296 2777 2593 2835 Turturem
2620 2781 2867 2835 nominat
2889 2782 3159 2840 adventus
3189 2786 3275 2841 sui
3305 2787 3627 2856 pr0phetam

2059 2875 2114 2922 et
2168 2883 2590 2937 praecursorem,
2622 2877 2815 2941 utpote
2861 2872 3170 2929 solitarium
3226 2885 3282 2931 et
3331 2876 3631 2946 pudicum:

2057 2956 2221 3025 cujus
2288 2972 2393 3013 vox
2454 2967 2540 3015 est
2595 2961 2934 3030 pmnitentite
2995 2956 3333 3032 prmdieatio,
3395 2982 3517 3036 quae
3576 2969 3633 3024 in

2055 3048 2383 3119 quibusdam
2421 3065 2611 3106 eorum
2641 3053 2734 3122 qui
2759 3056 3018 3111 carnales
3034 3064 3163 3110 sunt
3188 3065 3242 3112 et
3273 3068 3489 3115 terrena
3532 3076 3629 3116 sa-

2056 3138 2214 3208 piunt
2234 3140 2301 3205 ³³,
2332 3141 2517 3196 audita
2540 3150 2646 3209 est,
2675 3157 2800 3199 cum
2828 3144 2904 3199 illi
2931 3146 3300 3215 prmdicationi
3331 3151 3630 3219 paruerint,

2057 3238 2113 3285 et
2172 3231 2501 3302 baptismate
2552 3235 2892 3304 poenitentia:
2940 3236 3199 3306 baptizati
3261 3238 3392 3295 sint.
3444 3240 3634 3312 itaque

2059 3322 2244 3387 Ficus,
2281 3324 2480 3394 inquit,
2535 3326 2761 3394 protulit
2808 3343 3024 3397 grossos
3058 3344 3206 3383 suos.
3243 3326 3433 3385 Ficum
3480 3331 3630 3385 illam

2056 3414 2337 3486 intelligit,
2389 3417 2477 3472 cui
2512 3426 2700 3486 postea
2730 3416 3009 3485 Christus,
3050 3429 3272 3490 propter
3319 3421 3618 3477 infecundi-

2061 3512 2250 3569 tatem,
2287 3506 2662 3571 maledixit“,
2685 3521 2881 3577 nempe
2902 3520 3232 3579 synagogam
3263 3504 3575 3563 Judaaorum
3612 3526 3629 3561 :

2055 3611 2176 3666 qua:
2228 3597 2451 3666 quidem
2500 3606 2762 3667 tanquam
2820 3614 3044 3667 grossos
3096 3599 3343 3668 quiante
3392 3598 3628 3654 fructum

2056 3688 2352 3756 perfectum
2376 3698 2695 3756 nascuntur,
2718 3689 2811 3745 sed
2828 3690 3077 3746 celeriter
3097 3690 3380 3756 decidunt,
3396 3706 3489 3746 eos
3503 3707 3633 3761 pro-

2055 3780 2181 3834 tulit
2218 3781 2310 3849 qui
2364 3778 2595 3837 Joannis
2651 3782 2979 3851 baptismate
3031 3782 3293 3852 baptizati
3329 3792 3508 3846 sunt.
3560 3783 3630 3840 lli

2056 3887 2291 3942 namque
2327 3871 2564 3927 fructum
2596 3888 2708 3943 pra:
2736 3888 2795 3928 se
2826 3874 3101 3940 tulerunt,
3136 3888 3235 3943 per
3264 3874 3535 3944 baptisma
3571 3877 3623 3928 in

2057 3979 2195 4034 aqua
2235 3965 2374 4031 sola,
2401 3966 2627 4037 ﬁguram
2653 3966 3004 4035 baptismatis
3035 3966 3091 4020 in
3118 3966 3333 4036 Spiritu
3356 3975 3548 4021 sancto
3574 3977 3629 4023 et

2056 4058 2181 4127 igne
2235 4059 2869 4127 pra-monstranteszad
2930 4057 3077 4129 quod
3135 4067 3317 4115 tamen
3352 4059 3457 4129 ipsi
3516 4074 3625 4113 non

2056 4156 2453 4216 pervenerunt:
2512 4149 2714 4219 quippe
2771 4149 2863 4218 qui
2920 4148 3150 4206 Joannis
3209 4151 3524 4207 testimonio
3557 4154 3627 4207 de

2054 4238 2280 4293 Christo
2336 4253 2447 4294 non
2497 4242 2807 4306 credentes,
2856 4256 2886 4295 a
2928 4242 3032 4296 ﬁde
3068 4242 3124 4296 in
3155 4242 3444 4298 Christum
3476 4245 3627 4299 exci-

2052 4331 2271 4385 derunt.
2306 4331 2481 4385 Vinea:
2498 4342 2689 4386 nostrw
2722 4334 2935 4402 florent,
2975 4333 3231 4388 dederunt
3271 4334 3503 4389 odorem.
3529 4332 3628 4387 Vi-

2055 4440 2185 4479 neas
2228 4430 2384 4479 vocat
2415 4425 2678 4479 ecclesias
2709 4426 3049 4480 credentium
3102 4426 3345 4491 Christo,
3382 4442 3504 4497 quae
3533 4443 3627 4496 per

2059 4515 2232 4582 ipsius
2262 4516 2705 4584 praedicationem
2759 4518 2812 4571 in
2845 4517 3098 4586 gentibus
3155 4518 3411 4587 plantata:
3445 4528 3573 4574 sunt
3609 4537 3623 4571 :

385 4627 482 4671 σας
512 4609 589 4676 τῷ
615 4608 928 4678 κηρύγματι
951 4607 1042 4660 τοῦ
1070 4606 1309 4678 Χριστοῦ
1355 4606 1652 4674 ἐκκλησίας
1702 4605 1809 4659 τῶν
1856 4623 1948 4656 πιο
1976 4624 2029 4683 D
2058 4624 2131 4678 qu

1877 4623 1948 4656 τις
1976 4624 2029 4683 D
2058 4624 2295 4678 quarum
2332 4610 2693 4666 ecclesiarum
2752 4608 2935 4677 ﬂores,
2970 4609 3211 4664 fructum
3236 4624 3301 4665 ex
3362 4612 3495 4681 ipsis
3530 4628 3624 4681 per

382 4700 721 4755 στευσάντων
751 4697 900 4766 αὺτῷ
926 4714 938 4727 ·
976 4691 1052 4751 ὧν
1085 4696 1391 4767 ἐκκλησιῶν
1430 4696 1565 4766 ἄνθη
1596 4694 1948 4765 προδεικτικά

379 4791 471 4843 τοῦ
505 4790 623 4842 κατ’
652 4789 852 4859 ἀρετὴν
903 4789 1187 4862 καρπίμου
1208 4789 1412 4853 αὐτῶν,
1443 4790 1490 4841 οί
1544 4788 1943 4859 προσενεγκόν-

376 4898 467 4943 τες
502 4880 719 4952 Χριστῴ
770 4881 917 4949 δῶρα
972 4880 1032 4945 ἐξ
1068 4878 1372 4934 Ἀνατολῶν
1426 4880 1609 4949 μάγοι,
1668 4882 1715 4932 οἱ
1771 4896 1944 4948 προσ-

388 4974 688 5038 αγαγόντες
719 4972 865 5040 αὐτῷ
890 4971 963 5033 ὠς
1018 4970 1232 5040 βασιλεῖ
1270 4970 1364 5022 καὶ
1398 4969 1540 5038 Θεῷ,
1566 4971 1660 5024 καὶ
1692 4969 1759 5024 δι’
1796 4971 1942 5038 ἡμᾶς

378 5064 578 5134 νεκρῷ,
614 5064 835 5131 χρυσὸν,
859 5063 953 5115 καὶ
988 5063 1226 5123 λίϐανον,
1257 5063 1350 5115 καὶ
1376 5061 1641 5131 σμύρναν,
1678 5061 1942 5128 παρέχον-

372 5169 464 5212 τες
496 5155 602 5213 τοῖς
637 5152 739 5202 ὑπὸ
770 5151 861 5202 τοῦ
898 5152 1051 5219 ἁγίου
1095 5151 1405 5220 Πνεύματος
1438 5150 1848 5221 ἐνεργουμένοις
1882 5149 1943 5201 τὸ

370 5242 474 5309 τῆς
506 5242 756 5309 γνώσεως
796 5242 1061 5312 χάρισμα,
1094 5242 1266 5308 εὐώδη
1303 5242 1479 5312 ὀσμὴν
1518 5242 1617 5311 τῆς
1666 5244 1743 5303 είς
1778 5242 1940 5294 αὑτὸν

371 5335 608 5403 Χριστὸν
644 5336 877 5397 πίστεως
902 5335 1009 5386 τῶν
1034 5334 1223 5387 ἐθνῶν.
1260 5334 1357 5386 Διὰ.
1387 5335 1559 5386 ταῦτα
1598 5334 1727 5402 γοῦν
1758 5350 1942 5404 φησιν⁶

371 5424 661 5490 ’Λνὰστα,
691 5426 848 5491 ἐλθὲ,
880 5427 917 5492 ὴ
942 5426 1212 5493 πλησίον
1250 5444 1386 5493 μου,
1422 5426 1577 5493 καλή
1605 5444 1744 5495 μου,
1780 5442 1943 5494 περι-

2056 4702 2313 4755 virtutem
2348 4700 2594 4755 futurum
2640 4701 3071 4770 praenuntiantes
3099 4701 3428 4757 exstiterunt
3460 4702 3622 4773 Magi,

2053 4796 2145 4865 qui
2180 4808 2405 4848 munera
2439 4792 2658 4849 Christo
2690 4794 2759 4849 ab
2803 4793 3036 4848 orientis
3068 4793 3317 4864 partibus
3345 4794 3622 4851 advehen-

2056 4895 2161 4950 tcs,
2179 4886 2227 4940 ei
2248 4894 2305 4940 ut
2328 4884 2460 4954 Regi
2480 4883 2676 4950 etDeo,
2703 4891 2759 4938 et
2782 4891 3004 4954 propter
3026 4896 3129 4939 nos
3148 4884 3619 4952 mortali,aurum,

2053 4985 2107 5029 et
2145 4978 2290 5035 thus.
2319 4984 2373 5029 et
2424 4976 2703 5045 myrrham
2734 4976 3082 5031 obtulerunt:
3125 4990 3345 5031 suavem
3378 4979 3622 5046 gentium

2054 5067 2175 5121 ﬁdei
2203 5068 2256 5121 in
2292 5069 2468 5136 ipsum
2495 5066 2773 5122 Christum
2812 5068 3033 5122 odorem
3058 5067 3377 5122 exhibentes
3406 5068 3496 5130 iis,
3527 5070 3622 5138 qui

2051 5174 2081 5213 a
2137 5159 2345 5229 Spiritu
2378 5166 2572 5214 sancto
2620 5158 2865 5213 scientiae
2921 5159 3123 5214 donum
3158 5166 3287 5213 sunt
3314 5159 3619 5214 consecuti.

2050 5250 2342 5321 Propterea
2373 5251 2539 5307 dicit:
2570 5249 2760 5320 Surge,
2794 5250 2928 5313 ueni,
2951 5251 3243 5319 propinqua
3263 5266 3400 5315 mea,
3417 5251 3621 5319 formo-

2045 5361 2104 5397 sa
2145 5361 2282 5409 mea,
2318 5343 2557 5398 columba
2588 5358 2723 5396 mea.
2766 5342 2980 5397 Recede
3008 5341 3264 5397 videlicet
3310 5343 3377 5396 ab
3425 5356 3487 5396 ea
3513 5342 3614 5396 do-

2046 5436 2203 5490 cendi
2236 5436 2466 5499 ratione,
2492 5449 2615 5506 qua:
2638 5435 2693 5488 in
2718 5432 2906 5505 ﬁguris
2934 5442 2988 5488 et
3020 5433 3230 5488 umbris
3258 5443 3374 5487 tum
3409 5441 3620 5487 natum

370 5517 562 5571 στεοά
598 5536 738 5585 μου.
768 5519 979 5589 Δηλαδὴ
1026 5519 1206 5588 ἔγειρε
1246 5520 1353 5570 ἀπὸ
1387 5518 1480 5572 τοῦ
1534 5519 1806 5572 διδάσκειν
1857 5520 1947 5572 διὰ
2045 5532 2117 5578 tun

1870 5520 1947 5572 5ιά
2045 5532 2161 5578 tum
2193 5525 2383 5579 litterae
2412 5526 2745 5588 continetur,
2780 5534 2835 5579 et
2865 5524 2986 5580 veni
3021 5526 3087 5578 ad
3131 5538 3194 5577 ea
3224 5523 3467 5579 docenda
3498 5539 3617 5593 qum

394 5610 505 5662 τῶν
538 5612 593 5661 ἐν
616 5626 675 5662 τε
726 5612 790 5679 τῇ
827 5610 983 5678 φύσει
1038 5613 1132 5665 καὶ
1182 5610 1258 5680 τῷ
1315 5612 1601 5681 γράμματι
1644 5612 1827 5665 τύπων
1853 5612 1946 5664 καὶ

2048 5616 2275 5683 spiritus
2303 5622 2453 5683 sunt,
2493 5624 2713 5686 propter
2745 5624 2893 5671 tuam
2934 5613 3001 5669 ad
3037 5628 3124 5669 me
3154 5613 3614 5685 propinquitatem

453 5789 497 5821 η
524 5789 709 5845 Μθιιὶι.
741 5806 794 5858 ι,
829 5791 915 5846 at.
992 5790 1036 5824 ³³
1072 5790 1297 5861 Philipp.
1326 5806 1405 5857 ιιι,
1442 5792 1526 5847 l9.
1608 5793 1650 5823 υ
1683 5794 1854 5848 Marc.
1888 5807 1967 5860 XI,
2000 5792 2202 5848 15.21.
