4424 6446
805 379 899 441 εει

2095 375 2509 434 MlClIAELlS
2555 375 2812 434 l’SElJJ

3937 385 4044 447 592

803 497 1042 562 Spiritus
1094 491 1267 548 sancti
1329 491 1647 547 muneribus
1681 489 1957 544 decorata.
2025 489 2067 542 Α
2107 506 2193 546 me
2218 495 2363 544 enim
2401 501 2442 554 Α
2476 509 2550 543 om

2294 495 2363 544 Im
2401 501 2442 554 Α
2476 493 2660 545 σκιῶν.
2693 494 2798 544 Καὶ
2827 491 2948 546 ἐλθὲ
2983 493 3063 556 εἰς
3097 493 3154 546 τὺ
3183 493 3528 548 διδάσκεσθαι
3556 498 3620 550 τὰ
3657 496 3751 550 τοῦ
3803 500 4039 566 πνεύμα·

801 588 1017 655 lm-gius
1106 585 1512 652 quodammodo
1581 585 1813 646 recedis,
1875 585 2005 637 dum
2069 585 2119 636 in
2182 585 2370 651 liguris

798 673 1093 733 descendis
1123 673 1189 725 ad
1211 672 1509 742 diseipulas
1531 675 1884 737 erudiendas,
1909 675 2097 742 eisque
2127 665 2367 725 nondum

803 782 864 818 ea
891 780 1011 833 qua:
1040 765 1268 830 spiritus
1299 777 1426 817 sunt
1479 766 1926 834 percipientibus.
1956 779 2116 817 sensu
2147 763 2372 834 pulcbra

803 855 1026 917 videris,
1055 870 1163 907 non
1201 855 1418 921 Spiritu.
1452 855 1657 909 Deinde
1686 857 1933 924 exposita
1971 869 2160 916 causa,
2186 853 2370 916 curei,

806 959 863 1000 ut
892 948 958 1001 ad
1012 963 1072 1002 se
1132 946 1362 1010 veniret,
1424 949 1807 1015 praacepisset:
1871 946 2164 1000 advenisse
2226 946 2370 998 enim

805 1049 1022 1106 tempus
1055 1039 1320 1089 adventus
1347 1039 1430 1088 sui
1474 1037 1524 1087 in
1555 1051 1752 1092 carne:
1781 1036 2130 1103 qnanmbrem
2160 1033 2374 1088 dicebat

804 1133 964 1183 etiam
992 1127 1274 1194 discipulis
1293 1128 1408 1180 suis
1435 1144 1447 1180 :
1471 1126 1701 1194 Surgite,
1727 1143 1906 1179 eamus
1931 1127 2109 1177 hinc”
2138 1134 2374 1193 :qunntn

809 1237 932 1273 cum
998 1221 1196 1272 lidnria
1244 1220 1431 1272 venire
1463 1219 1528 1271 ad
1563 1233 1621 1272 se
1663 1219 1880 1283 debeat,
1911 1233 2017 1270 non
2056 1218 2370 1271 declaravit.

806 1311 1075 1377 Quocirca
1111 1326 1258 1365 nunc
1285 1311 1446 1364 etiam
1482 1309 1613 1364 illud
1647 1310 1900 1378 exponit:
1926 1309 1988 1362 Et
2012 1312 2147 1389 ven},
2174 1310 2375 1362 colum-

807 1405 871 1454 ba
904 1420 1016 1456 mea
1041 1404 1092 1455 in
1127 1403 1346 1472 tegmine
1387 1410 1572 1469 petrw.
1604 1400 1833 1466 Quando
1865 1410 1915 1454 te
1945 1400 2226 1469 discipula:
2266 1414 2372 1452 non

808 1508 1135 1566 sequuntur,
1198 1511 1293 1564 per
1355 1509 1444 1550 res
1495 1495 1784 1548 sensibiles
1844 1492 2131 1547 docentem
2161 1508 2224 1546 ea
2257 1508 2376 1561 qua:

807 1589 1035 1656 spiritus
1097 1596 1260 1650 sunt;
1316 1586 1462 1648 veni,
1501 1596 1558 1638 tu
1607 1584 1890 1654 spiritalis,
1947 1599 2087 1647 mea,
2110 1585 2202 1654 qui
2255 1600 2375 1638 sum

807 1679 1199 1741 immutabilis,
1257 1677 1570 1747 evangelica
1629 1676 1882 1730 doctrina
1933 1676 2292 1731 servata:sic
2318 1683 2378 1729 ut

807 1785 919 1824 non
964 1769 1310 1824 abborreata
1347 1777 1744 1837 praeceptorum
1773 1767 1906 1838 legis
1943 1769 2161 1837 scripta:
2182 1769 2376 1822 obser-

2472 599 2562 644 τος
2583 581 2669 632 διὰ
2699 581 2798 649 τὴν
2835 583 2966 650 πρὸς
3010 583 3108 651 ἐμὲ
3154 584 3430 655 ἐγγύτητα
3467 585 3783 657 ὡραϊσμένη
3813 605 3901 662 μοι
3930 591 4038 645 τοῖς

2474 672 2566 724 τοῦ
2600 671 2863 739 παναγίου
2896 673 3208 742 Πνεύματος
3236 677 3623 745 ἐνεργήμασιν.
3677 676 3763 729 Ἐν
3799 673 3877 739 οἷς
3933 679 4042 745 γὰρ

2473 763 2673 832 τρόπον
2706 763 2830 814 τινὰ
2899 764 3153 834 μακρύνῃ
3217 767 3310 817 ἀπ’
3362 768 3496 834 ἐμοῦ
3550 770 3660 828 τοῖς
3709 771 3920 831 τύποις,
3955 767 4041 819 διὰ

2473 857 2569 916 τὰς
2611 855 3054 924 μαθητευομένας
3123 858 3648 924 συγκαταϐαίνουσα,
3680 861 3735 911 ἐν
3789 859 4038 929 αἰσθήσει

2477 943 2612 1011 καλὴ
2645 945 2738 995 καὶ
2762 944 2821 995 ού
2863 945 3156 1013 πνεύματι,
3217 948 3439 1011 ταύταις
3473 948 3667 1012 δοκεῖς,
3701 949 3772 1012 ὡς
3824 948 3897 1020 μὴ
3936 968 4042 1018 χω-

2480 1032 2696 1103 ρούσαις
2720 1033 2789 1085 τὰ
2809 1036 2900 1086 τοῦ
2921 1035 3250 1104 πνεύματος.
3277 1034 3408 1091 Εἶτα
3428 1039 3614 1109 ἐπειδὴ
3629 1039 3722 1108 τὴν
3745 1040 3843 1108 μὲν
3864 1041 4042 1091 αἰτίαν

2477 1124 2719 1188 ὑπέδειξε
2741 1125 2807 1176 δι’
2830 1128 2895 1193 ἦν
2915 1127 3190 1196 ἀπῄτησεν
3216 1129 3384 1198 αὐτὴν
3405 1129 3502 1199 τὴν
3527 1132 3661 1200 πρὸς
3687 1134 3847 1185 αὑτὸν
3875 1137 4042 1186 ἐπαν-

2477 1216 2706 1279 έλευσιν,
2726 1215 2940 1280 διδάξας
2965 1220 3260 1286 ἐφθακέναι
3285 1221 3374 1273 τὸν
3427 1224 3620 1291 καιρὸν
3654 1225 3750 1289 τῆς
3780 1227 3838 1275 ἐν
3881 1227 4045 1294 σαρκὶ

2477 1305 2766 1374 ἐπιδημίας
2795 1305 2980 1366 αὑτοῦ,
3011 1307 3131 1359 καθ’
3158 1310 3223 1378 ἣν
3258 1311 3352 1361 καὶ
3375 1311 3507 1380 πρδς
3531 1312 3652 1372 τοὶς
3680 1313 3914 1374 οἰκείους
3945 1332 4046 1381 μα-

2477 1396 2644 1465 θητὰς
2675 1396 2824 1465 ἔλεγε
2857 1400 2936 1450 va"
2969 1399 3327 1468 Ἐγείρεσθε,
3381 1404 3614 1472 ἄγωμεν
3642 1404 3954 1467 ἐντεῦθεν,
3985 1409 4046 1458 τὸ

2476 1490 2553 1553 δὲ,
2591 1492 2646 1542 ἐν
2694 1493 2820 1561 ποίᾳ
2883 1493 3151 1564 ἀσφαλείᾳ.
3203 1494 3282 1546 δεῖ
3318 1498 3450 1565 πρὸς
3507 1497 3668 1549 αὑτὸν
3726 1498 3928 1567 ταύτην
3961 1499 4044 1550 £2).-

2479 1581 2590 1633 θεῖν
2621 1621 2635 1644 ,
2689 1582 2787 1633 οὐκ
2838 1581 3115 1651 ἐδήλωσε,
3172 1583 3267 1636 νῦν
3329 1588 3418 1638 καὶ
3489 1588 3695 1656 ταύτην
3744 1588 4044 1647 διδάσκων,

2478 1676 2641 1742 φησίν
2668 1691 2680 1702 ’
2719 1673 2826 1727 Καὶ
2874 1675 3014 1729 ἐλθὲ
3068 1677 3173 1741 σὺ,
3208 1679 3526 1746 περιστερὰ
3570 1698 3710 1748 μου,
3755 1682 3824 1734 ὲν
3849 1682 4046 1748 σκέπῃ

2478 1761 2588 1830 τῆς
2637 1764 2874 1831 πέτρας.
2926 1766 3190 1836 Ἐχόμενα
3228 1769 3318 1820 τοῦ
3363 1770 3820 1841 προτειχίσματος
3852 1789 3865 1803 ⁸
3905 1775 4044 1842 ἤτοι,

805 1862 1048 1923 vatione.
1101 1863 1214 1916 Lex
1248 1860 1392 1914 enim
1425 1863 1624 1929 scripta
1678 1861 1849 1913 instar
1888 1859 2278 1930 propugnaculi
2309 1860 2376 1912 ab
2411 1860 2452 1915 Β
2484 1856 2552 1906 ὲπ

2309 1860 2376 1912 ab
2411 1860 2452 1915 Β
2484 1856 2670 1925 ἐπειδή
2705 1874 2785 1909 σοι
2820 1858 2894 1926 μὴ
2926 1860 3387 1913 ἐπακολουθοῦσιν
3415 1863 3470 1913 αἱ
3511 1863 3918 1933 διδασκόμεναι,
3965 1865 4044 1917 δι-

811 1957 1090 2011 actionum
1124 1954 1275 2008 vitiis
1337 1951 1754 2022 praemuniebat,
1790 1959 1844 2004 et
1870 1951 2076 2020 ﬁguras
2110 1951 2379 2005 duntaxat

805 2048 1053 2101 veritatis
1099 2045 1459 2101 ostendebat:
1500 2044 1700 2112 quibus
1758 2041 1951 2096 ordine
1985 2043 2050 2097 ad
2086 2042 2376 2112 perfectio-

809 2154 932 2194 nem
970 2139 1046 2192 ita
1081 2138 1428 2200 tendebatur,
1462 2145 1520 2189 ut
1553 2135 1784 2189 actionis
1835 2133 2053 2204 quidem
2122 2134 2376 2189 vitiorum

807 2231 1214 2301 purgationem,
1251 2230 1497 2298 ipsarum
1551 2227 1716 2280 etiam
1748 2225 2139 2295 cegitationum
2169 2226 2375 2296 impro-

809 2323 1001 2376 bat-um
1034 2321 1268 2386 ablutio,
1323 2321 1618 2389 ﬁgurarum
1643 2326 1822 2371 autem
1861 2317 2375 2386 contemplationem

810 2413 1078 2483 spiritalis
1128 2410 1195 2465 ad
1225 2412 1505 2465 veritatem
1558 2409 1835 2479 provectio
1879 2416 2219 2477 sequeretur.
2249 2409 2381 2474 Quae

813 2506 1030 2576 quidem
1060 2505 1218 2558 docet
1243 2505 1326 2559 lex
1363 2504 1626 2574 spiritus:
1661 2503 2016 2573 Evangelium
2046 2502 2296 2556 videlicet
2329 2503 2379 2555 in

811 2612 923 2666 quo
984 2596 1218 2665 tegimur
1271 2610 1302 2648 a
1342 2595 1582 2665 spiritali
1638 2603 1820 2663 petra,
1887 2594 2004 2663 qui,
2043 2594 2279 2647 utdivus
2312 2594 2386 2646 ait

811 2688 1110 2758 Apostolus
1125 2686 1190 2750 '°,
1205 2685 1460 2741 Christus
1478 2693 1584 2740 est.
1599 2684 1688 2739 Sic
1708 2687 1870 2756 igitur
1886 2697 2142 2754 sponsam
2161 2698 2386 2748 vocans,

813 2779 944 2848 quid
972 2778 1232 2847 deinceps
1260 2778 1409 2842 velit,
1448 2777 1688 2832 ostendit
1717 2794 1730 2831 :
1770 2776 2028 2829 nimirum
2063 2785 2120 2828 ut
2181 2775 2387 2827 umwa

815 2870 1064 2925 doctrinm
1098 2871 1288 2925 relicta
1341 2870 1397 2924 in
1430 2869 1628 2939 spiritu
1656 2875 1710 2924 et
1741 2867 1968 2921 veritate
2002 2865 2066 2919 ad
2096 2880 2154 2920 se
2187 2866 2387 2918 veniat.

2479 1949 2751 2018 δασκούσῃ
2787 1949 2987 2012 ταύτας
3018 1951 3105 2004 διὰ
3133 1951 3239 2004 τῶν
3269 1953 3326 2004 ἐν
3357 1953 3607 2023 αἰσθήσει
3656 1955 3722 2008 τά
3763 1957 3853 2008 τοῦ
3881 1958 4046 2010 πνεύο

2485 2057 2672 2108 ματος,
2715 2040 2833 2092 ἐ).θέ
2868 2041 2953 2104 σὺ,
2977 2043 3008 2108 ἡ
3036 2045 3399 2114 πνευματικὴ,
3422 2048 3486 2114 τῇ
3518 2048 3621 2116 ἐμῇ
3649 2045 3742 2098 τοῦ
3774 2048 4045 2116 ἀτρέπτου

2480 2129 2809 2198 εὖαγγελικῇ
2845 2131 3187 2202 παιδαγωγίᾳ
3233 2133 3606 2204 φυλαττομένῃ
3653 2136 3957 2198 ἀκολούθως
3979 2141 4044 2206 τῇ

2481 2221 2622 2272 κατὰ
2646 2221 2744 2282 τὰς
2771 2223 2989 2285 ἐντολὰς
3010 2223 3103 2276 τοῦ
3135 2225 3382 2294 γραπττοῦ
3404 2227 3568 2294 νόμου
3594 2229 3938 2298 προφυλακῇ.
3988 2228 4047 2282 '0

2480 2312 2585 2382 γὰρ
2652 2312 2891 2382 γραπτὸς
2939 2315 3098 2382 νόμος
3130 2322 3583 2387 προτειχίσματος
3615 2319 3770 2390 δίκην
3801 2321 3907 2372 ἀπὸ
3941 2319 4048 2372 τῶν

2476 2405 2595 2454 κατ’
2629 2406 2907 2472 ἐνέργειαν
2943 2407 3131 2459 παθῶν
3156 2410 3548 2478 προεφύλαττε,
3582 2412 3677 2463 καὶ
3702 2413 3825 2474 τοὺς
3843 2413 4046 2474 τύπους

2483 2495 2641 2563 μόνον
2667 2495 2766 2564 τῆς
2791 2497 3045 2566 ἀληθείας
3074 2501 3362 2565 ἐδείκνυεν,
3384 2496 3465 2565 οἷς
3495 2503 3790 2556 ἀκόλουθον
3812 2504 3946 2573 πρὸς
3963 2521 4049 2556 τε·

2481 2589 2753 2659 λειότητα,
2779 2594 2843 2662 τῇ
2883 2593 2980 2660 μὲν
3005 2593 3268 2664 καθάρσει
3296 2596 3404 2648 τῶν
3453 2597 3572 2651 κατ’
3605 2598 3889 2668 ἐνέργειαν
3945 2616 4049 2652 πα-

2483 2677 2614 2744 θῶν,
2638 2683 2669 2750 ή
2697 2685 2789 2733 καὶ
2810 2683 2987 2737 αὐτῶν
3019 2686 3124 2736 τῶν
3145 2689 3400 2740 ἐναντίων
3432 2690 3736 2756 ἐπιθυμιῶν
3756 2691 4045 2752 ἐκπλυσις·

2483 2773 2548 2840 τῇ
2573 2771 2628 2823 δέ
2660 2771 2861 2842 θεωρίᾳ
2910 2773 3016 2829 τῶν
3045 2775 3252 2840 τύπων,
3290 2778 3322 2846 ἡ
3380 2779 3436 2829 ἐν
3484 2778 3752 2848 πνεύματι
3789 2780 4051 2847 ἀναγωγὴ

2488 2866 2622 2933 πρδς
2689 2865 2857 2935 αὐτὴν
2920 2867 3019 2938 τὴν
3083 2869 3340 2939 ἀλήθειαν
3383 2888 3393 2900 ⁸
3434 2869 3578 2940 ἅπερ
3615 2875 3641 2924 ὁ
3680 2871 4048 2940 πνευματικὸς

815 2965 1054 3018 διδάσκει
1108 2963 1291 3033 νόμος,
1363 2963 1581 3024 πάντως
1668 2959 1729 3014 τὺ
1786 2958 2136 3027 Εὑαγγέλιον,
2208 2958 2266 3009 ἐν
2304 2951 2346 3021 ᾧ
2402 2957 2712 3024 σκεπόμεθα
2760 2959 2909 3028 παρά
2969 2961 3206 3029 Χριστοῦ
3251 2962 3349 3032 τῆς
3413 2963 3788 3032 πνευματικῆς
3820 2963 4047 3031 πέτρας,

816 3057 957 3110 κατὰ
989 3057 1077 3109 τὸν
1109 3055 1250 3109 θεῖον
1271 3055 1584 3109 ἀπόστολον.
1633 3052 1818 3115 Οὕτως
1843 3050 1934 3104 οὖν
1963 3048 2198 3110 καλέσας
2215 3049 2406 3117 αὐτὴν,
2435 3048 2486 3100 τί
2513 3047 2760 3117 βούλεται
2782 3048 2988 3116 λοιπὸν,
3019 3051 3078 3104 τὸ
3103 3051 3303 3123 ταύτην
3327 3053 3644 3108 καταλιπεῖν
3690 3054 3749 3108 τὸ
3781 3055 4051 3108 διδάσκειν

815 3149 885 3202 τὰ
912 3150 1012 3218 τῆς
1085 3149 1260 3211 σκιᾶς,
1330 3148 1422 3200 καὶ
1477 3145 1748 3214 πνεύματι
1802 3143 1898 3196 καὶ
1983 3140 2214 3212 ἀληθείᾳ
2278 3139 2451 3192 ἐλθεῖν
2479 3141 2615 3210 πρὸς
2653 3141 2846 3205 αὑτὸν,
2890 3142 3081 3212 φησίν,

1202 3236 1429 3292 Ostende
1461 3236 1586 3288 mihi
1617 3236 1804 3303 faciem
1837 3243 2004 3285 luant.

894 3331 1065 3386 Tuam
1094 3331 1265 3394 illam,
1299 3327 1600 3383 secundum
1625 3326 1912 3393 imaginem
1955 3336 2130 3376 meam
2153 3330 2206 3374 et
2231 3321 2384 3375 simi-

820 3424 1128 3482 litudinem,
1187 3429 1366 3489 retege
1401 3417 1590 3471 faciem
1631 3431 1696 3469 ac
1755 3417 1982 3469 formam
2043 3413 2384 3482 spiritalem;

820 3531 981 3584 quam
1025 3523 1082 3566 ut
1116 3512 1281 3566 rudes
1321 3509 1606 3578 discipulae
1644 3515 1868 3577 possent
1903 3505 2170 3574 aspicere,
2200 3505 2386 3574 liguris

824 3606 1066 3659 veritatis
1098 3611 1152 3656 et
1194 3601 1326 3655 velis
1364 3599 1676 3655 contexisti.

1128 3691 1288 3747 Sonet
1317 3705 1418 3745 vox
1462 3699 1553 3743 tua
1580 3691 1634 3743 in
1677 3687 1895 3742 auribus
1932 3688 2078 3740 meis.

893 3786 1028 3842 Dum
1085 3801 1296 3840 mecum
1339 3783 1663 3854 spiritaliter
1695 3783 1953 3836 versaris.
2008 3778 2208 3835 Vocem
2240 3777 2386 3834 enim

821 3881 1095 3950 magistrae
1131 3878 1324 3932 animm
1377 3876 1606 3944 spiritus
1636 3873 1854 3943 quidem
1909 3873 2067 3928 ducit
2113 3873 2179 3926 ad
2226 3885 2386 3924 aures

824 3971 1073 4026 Domini:
1101 3969 1262 4024 verba
1297 3976 1479 4021 autem
1531 3974 1586 4022 et
1643 3966 1878 4019 litteram
1911 3965 2112 4034 quibus
2157 3963 2386 4031 simplex

828 4065 882 4117 in
911 4065 1107 4133 spiritu
1135 4077 1316 4116 sermo
1343 4073 1478 4116 cont
1512 4059 1650 4115 escit
1680 4057 2041 4126 compositus,
2091 4053 2292 4125 perfert
2321 4055 2386 4106 ad

822 4170 982 4210 aures
1007 4153 1359 4209 discentium.

1289 4328 1403 4382 Vox
1443 4329 1580 4383 enim
1618 4338 1708 4381 tua
1743 4325 1931 4380 dulcis.

898 4421 1081 4476 Dulcis
1110 4420 1378 4490 profecto,
1413 4436 1534 4475 cum
1566 4435 1628 4475 ea
1655 4419 1972 4489 pronuntiet
2013 4431 2135 4486 qua:
2179 4415 2244 4470 ad
2277 4413 2416 4483 spi-'

825 4519 990 4565 rztuin
1027 4511 1318 4580 pertinent.

1284 4598 1347 4650 Et
1390 4597 1553 4666 [acies
1584 4606 1677 4650 tua
1720 4598 1927 4650 decora.

895 4691 1106 4759 Quippe
1130 4703 1250 4758 quae
1288 4687 1498 4741 Domini
1532 4690 1758 4742 formam
1794 4693 1994 4748 servat,
2029 4693 2083 4739 et
2130 4684 2384 4738 manibus

828 4784 1064 4850 Spiritus
1094 4789 1177 4834 est
1213 4789 1496 4832 exornata.

895 4873 1086 4942 Surge,
1110 4873 1240 4938 veni,
1267 4871 1554 4939 propinqua
1575 4883 1708 4932 mea,
1733 4866 1965 4934 formosa
1992 4883 2123 4933 mea,
2148 4865 2388 4920 columba

829 4978 964 5015 mea.

1516 5049 1700 5102 Pselli.

898 5146 1133 5216 llnjusce
1165 5145 1436 5200 sermonis
1464 5144 1889 5214 significationes
1941 5157 2080 5210 saepe
2111 5139 2382 5193 diximus:

827 5239 992 5291 verba
1021 5252 1139 5305 quae
1195 5238 1449 5306 deinceps
1498 5243 1825 5304 sequuntur,
1875 5231 2314 5301 interpretemur.
2343 5230 2387 5284 Ο

827 5330 1001 5395 virgo,
1034 5329 1229 5396 inquit,
1291 5329 1470 5380 anima
1514 5325 1827 5394 purissima,
1883 5339 2042 5393 surge
2089 5323 2155 5377 de
2207 5322 2387 5390 lapsu,

827 5427 882 5470 et
940 5420 1045 5470 huc
1093 5417 1241 5480 veni,
1292 5417 1545 5469 alacriter
1611 5423 1810 5479 tamen,
1887 5422 1941 5468 et
1995 5413 2139 5466 nulla
2202 5419 2389 5465 coacta

828 5510 1174 5571 necessitate,
1234 5509 1328 5562 sed
1389 5508 1575 5561 volens
1629 5523 1692 5561 ac
1743 5507 1954 5560 lubens.
2027 5504 2143 5559 Non
2195 5504 2385 5568 invita,

830 5604 1072 5669 inquam.
1103 5600 1196 5653 ενδ
1259 5600 1398 5653 ultro
1438 5598 1578 5652 veni.
1607 5596 1699 5652 Sic
1743 5598 1885 5652 enim
1918 5598 2142 5653 omnino
2196 5596 2261 5650 ad
2303 5610 2388 5649 me

939 5773 978 5802 ³⁵
1019 5769 1170 5823 J-ran.
1208 5785 1315 5832 xuv,
1346 5770 1435 5822 51.
1535 5771 1577 5800 ³⁸
1630 5767 1645 5821 l
1694 5768 1820 5823 Cor.
1866 5786 1916 5826 κ,
1951 5771 2001 5821 4.

2857 3233 3063 3297 Δεῑξόν
3085 3253 3186 3303 μοι
3220 3236 3336 3305 τὴν
3367 3237 3510 3306 ὄψιν
3541 3257 3674 3294 σου.

2560 3323 2798 3389 Ἤγουν,
2831 3325 3171 3396 ἀνακάλυψόν
3197 3346 3287 3397 μοι
3315 3329 3402 3380 τὸν
3433 3333 3551 3383 κατ’
3578 3333 3760 3387 εἰκόνα
3789 3335 3928 3405 ἐμὴν
3959 3338 4051 3389 καὶ

2485 3414 2744 3483 ὁμοίωσιν
2805 3420 3174 3487 πνευματικόν
3215 3436 3308 3471 σου
3376 3423 3718 3493 χαρακτῆρα,
3757 3425 3818 3478 ὃν
3862 3426 3949 3480 διὰ
3991 3428 4053 3480 τὸ

2489 3503 2678 3558 θεατὸν
2723 3508 2842 3569 ταῖς
2891 3509 3355 3579 μαθητευομέναις
3400 3512 3691 3583 γενέσθαι,
3723 3515 3914 3578 τύποις
3950 3517 4048 3586 τῆς

2485 3595 2742 3665 ἀληθείας
2770 3599 2862 3650 καὶ
2892 3598 3176 3668 συμὸόλοις
3206 3603 3598 3674 συνεκάλυψας.

2697 3691 2803 3742 Kal
2840 3691 3164 3745 ἀκούτισόν
3195 3710 3271 3762 με
3301 3695 3414 3761 τὴν
3439 3698 3650 3764 φωνήν
3687 3715 3825 3754 σου.

2571 3782 2658 3834 Ἐν
2703 3782 2779 3851 τῷ
2822 3783 3207 3852 πνευματικῶς
3244 3787 3591 3856 ἐντυγχάνειν
3627 3806 3740 3858 μοι.
3785 3789 3896 3860 Τὴν
3941 3792 4050 3861 γὰρ

2489 3873 2671 3943 φωνὴν
2709 3873 2805 3942 τῆς
2843 3873 3160 3927 διδασκάλου
3203 3874 3380 3945 ψυχῆς
3416 3876 3476 3929 τὸ
3524 3877 3624 3947 μὲν
3658 3878 3870 3950 πνεῦμα
3916 3883 4048 3935 ἀνά-

2487 3979 2574 4031 γει
2627 3965 2759 4035 πρδς
2803 3963 2871 4016 τὰ
2918 3957 3032 4018 ὦτα
3084 3964 3286 4035 Κυρίου
3314 3981 3329 3996 ·
3368 3967 3436 4020 τὰ
3473 3966 3530 4019 δέ
3589 3969 3806 4040 ῥήματα
3851 3970 3944 4022 καλ⁸
3993 3973 4053 4022 τὸ

2488 4054 2722 4125 γράμμα
2744 4095 2757 4118 ,
2786 4050 2864 4118 οἷς
2893 4056 2920 4106 ὀ
2948 4055 3150 4118 ἁπλοῦς
3179 4057 3236 4108 ἐν
3267 4055 3538 4126 πνεύματι
3568 4056 3722 4125 λόγος
3751 4061 4049 4129 παχύνεται

2491 4145 2889 4214 συντιθέμενος,
2931 4147 3157 4215 κατάγει
3188 4147 3322 4218 πρὸς
3354 4148 3420 4202 τὰ
3465 4141 3578 4202 ὦτα
3607 4150 3712 4203 τῶν
3747 4151 4050 4221 μαθητευος

2492 4234 2690 4303 μένων.

2876 4325 2996 4379 ’Ότι
3035 4327 3070 4393 ἡ
3109 4326 3277 4394 φωνή
3313 4343 3427 4384 σου
3457 4327 3645 4396 ἡδεῖα.

2560 4416 2772 4487 Δηλαδὴ
2791 4416 3018 4486 γλυκεῖα
3038 4419 3112 4481 ὡς
3137 4419 3206 4470 τὰ
3229 4419 3322 4472 τοῦ
3355 4421 3662 4490 πνεύματος
3685 4423 4047 4495 φθεγγομένη.

2894 4602 3004 4656 Καὶ
3043 4600 3080 4666 ἡ
3122 4599 3262 4668 ὄψις
3299 4613 3414 4654 σου
3449 4600 3650 4668 ὡραία.

2577 4691 2662 4754 Ὠς
2691 4691 2780 4754 τὸν
2809 4691 3135 4743 Δεσποτικὺν
3165 4689 3411 4754 σώζουσα
3436 4693 3778 4763 χαρακτῆρα,
3812 4697 3904 4747 καὶ
3933 4700 4050 4760 ταῖς

2494 4783 2648 4852 χερσὶ
2689 4782 3103 4853 καθωραῖσμένη
3138 4781 3229 4833 τοῦ
3266 4781 3599 4850 Πνεύματος.

2575 4872 2857 4938 Ἀνάστα,
2914 4873 3088 4938 ἐλθὲ,
3128 4872 3166 4940 ἠ
3213 4873 3480 4940 πλησίον
3524 4890 3672 4942 μου,
3713 4875 3870 4942 καλή
3898 4894 4048 4946 μου,

2492 4961 2807 5031 ,περιστερά
2840 4978 2981 5032 μου.

3153 5054 3412 5108 Ψελλοῦ.

2565 5141 2766 5196 Τούτου
2793 5141 3051 5204 πολλάκις
3076 5143 3302 5210 εἴπομεν
3331 5144 3423 5194 τοῦ
3447 5143 3604 5209 λόγου
3634 5142 3729 5206 τὰς
3761 5145 4046 5216 ἐμφάσεις·

2495 5235 2701 5301 Λόγους
2739 5233 2924 5285 λοιπὸν
2954 5234 3076 5295 τοὺς
3106 5233 3300 5302 ἐφεξῆς
3329 5237 3925 5304 προσεφερμηνευτέον.

2495 5320 2566 5377 Ὠ
2592 5325 2997 5395 παρθενεύουσα
3023 5364 3037 5389 ,
3077 5327 3261 5394 φησὶν,
3285 5325 3429 5394 ψυχὴ
3461 5327 3843 5398 καθαρωτάτη,

2509 5415 2793 5486 Ἀνάστηθι
2818 5416 2908 5467 τοῦ
2930 5416 3239 5484 πτώματος,
3265 5419 3357 5468 καὶ
3378 5416 3556 5486 δεῦρο,
3585 5418 3720 5488 πλὴν
3740 5419 4050 5490 προθύμως,

2498 5507 2613 5558 Οὐκ
2640 5505 2698 5569 ἐξ
2729 5506 2972 5575 ἀνάγκης
3001 5505 3055 5557 δέ
3082 5523 3246 5569 τινος,
3278 5506 3390 5559 ἀλλ’
3419 5508 3640 5578 ἑκουσίᾳ
3664 5509 3875 5583 γνώμῃ.

2497 5594 2642 5662 Φημὶ
2681 5593 2789 5664 γὰρ
2820 5593 2996 5664 δεῦρο,
3033 5597 3311 5648 τουτέστιν
3345 5595 3630 5659 ἑκουσίως.
