4424 6446
382 412 487 474 593

1380 406 1769 465 (ΞΟΜΜΕΝΤ.
1817 406 1883 463 IN
1931 406 2313 466 (LtNTlCUM
2342 406 2631 466 CANTIC.

3520 407 3622 471 591

380 524 539 575 Οὕτω
590 523 646 575 δὲ
702 523 918 584 πάντως
984 520 1116 591 πρὸς
1174 521 1272 590 ἐμὲ
1326 523 1424 591 τὴν
1482 522 1717 591 πέτραν,
1780 519 1949 588 φησι,
1984 533 2024 583 Α
2060 538 2127 575 ac

1874 519 1913 573 ἢ
1937 562 1949 585 ,
1984 533 2024 583 Α
2060 524 2311 587 aet-edes,
2338 532 2551 592 petram
2588 522 2776 593 utique
2795 521 3070 577 Christum
3103 523 3226 576 vita:
3246 520 3621 588 srtnpiternw:

1664 612 1914 683 [φθάσεις
1936 654 1949 676 ,

387 706 592 770 Ἥγουν
619 704 715 773 τὴν
744 704 947 774 πέτραν
969 702 1059 756 τὸν
1088 704 1320 772 Χριστὸν
1343 705 1487 773 ζωῆς
1516 704 1613 773 τῆς
1641 704 1880 765 αἰωνίου,

396 796 529 849 Ἀπδ
560 797 652 849 τοῦ
687 796 1147 866 προτειχίσματος
1175 797 1268 849 τοῦ
1300 797 1628 849 παλαιτάτου
1662 795 1848 864 νόμόυ,

379 888 489 940 Τοῦ
521 887 786 954 σύνεγγυς
816 888 1171 955 τυγχάνοντος
1202 888 1301 957 τῆς
1334 887 1541 957 πέτρας
1576 888 1879 957 μεταϐᾶσα.

385 980 647 1047 Ἔρχεται
673 978 778 1048 γὰρ
817 978 891 1041 ὡς
926 977 1162 1047 ἀληθῶς,
1193 978 1438 1030 τουτέστι
1471 979 1817 1046 προσεγγίζει

380 1070 493 1138 Τῆς
540 1069 745 1139 πέτρας
798 1069 859 1121 τὸ
908 1067 1318 1140 προτείχισμα,
1371 1071 1465 1124 καὶ
1525 1070 1662 1139 μάθε
1719 1071 1814 1123 καὶ
1863 1071 1953 1123 τὶν

1627 1162 1847 1233 [τρόπον
1867 1180 1879 1192 ·

382 1250 753 1321 Προτείχισμα
784 1252 837 1305 δὲ
861 1253 1076 1319 λέγεται
1105 1252 1265 1321 δῆθεν
1292 1254 1319 1305 6
1354 1253 1520 1306 πάλαι
1556 1254 1740 1322 νόμος.

381 1342 561 1413 Πέτρα
594 1344 649 1394 δὲ
690 1343 850 1396 πάλιν
879 1344 1127 1414 ἀρραγὴς
1155 1346 1187 1414 ή
1216 1344 1311 1397 νέα
1344 1344 1601 1412 διαθήκη.

380 1435 499 1487 Κᾶν
529 1433 760 1487 δοκῶσιν
788 1434 985 1497 ἔξωθεν
1020 1434 1265 1505 ἀλλήλων
1293 1436 1616 1503 ἀφεστάναι,

388 1526 450 1577 ὐ
476 1525 637 1594 νόμος
665 1528 693 1578 6
723 1528 1015 1589 Μωσαῖκὸς
1041 1526 1135 1579 καὶ
1169 1530 1196 1580 6
1228 1527 1332 1578 τῶν
1364 1528 1735 1595 Εὐαγγελίων,

391 1617 530 1669 Ἀλλ’
560 1619 709 1686 ὅμως
755 1622 898 1672 κατά
928 1618 1158 1689 δύναμιν
1190 1620 1439 1689 ἀλλήλοις
1470 1620 1879 1689 συνεργοῦνται.

380 1708 443 1760 Τί
492 1710 600 1778 γάρ
638 1712 785 1762 ἐστιν
821 1712 1116 1779 ἐγγύτερον
1171 1713 1335 1763 τᾶνδε
1386 1713 1495 1764 τῶν
1526 1712 1947 1778 κελευσμάτων;

391 1801 448 1852 ’0
496 1801 725 1862 παλαιὸς
755 1802 1036 1868 νομοθετεῖ
1060 1802 1221 1869 νόμος
1252 1803 1312 1854 τὸ
1343 1804 1416 1872 μὴ
1446 1804 1740 1873 μοιχεύειν,

390 1889 530 1942 Ἀλλ’
566 1892 593 1943 6
625 1890 815 1960 παρὼν
851 1892 943 1944 καὶ
975 1894 1096 1945 καθ’
1126 1895 1273 1962 ἡμᾶς
1309 1897 1336 1946 6
1366 1895 1474 1946 τῶν
1511 1897 1883 1962 Εὑαγγεὶ.ίιυν,

379 1982 488 2034 Καὶ
517 1983 677 2035 πάλιν
708 1984 1054 2050 ἐγκελεύεται
1089 1986 1306 2054 τέμνειν
1334 1988 1648 2055 ἐπιθυμίαν.

390 2073 627 2134 Ἐκεῖνος
657 2075 700 2127 δ’
734 2071 797 2127 αὖ
838 2076 1062 2145 ἀπέχειν
1096 2095 1153 2128 σε
1187 2077 1467 2147 νομοθετεῖ
1491 2079 1581 2130 τοῦ
1616 2081 1809 2147 φόνου,

388 2163 449 2215 'O
483 2163 539 2216 δὲ
570 2165 691 2233 μηδ’
739 2166 876 2228 ὅλως
919 2167 1052 2236 πρὸς
1085 2167 1252 2238 ὀργὴν
1295 2170 1565 2221 κινεῖσθαι
1612 2169 1951 2238 δογματίζει.

380 2257 441 2308 Εἰ
473 2257 527 2308 δὲ
559 2257 739 2325 ζητεῖς
769 2258 863 2310 καὶ
907 2259 1154 2329 πρόϐατα
1184 2262 1277 2313 καὶ
1311 2262 1565 2314 Σάϐϐατα
1601 2262 1697 2314 καὶ
1740 2262 1949 2331 Πάσχα,

380 2347 487 2409 Τάς
520 2350 757 2419 φανερὰς
792 2351 883 2403 καὶ
913 2354 1179 2420 σαρκικέις
1211 2353 1417 2404 ἐκείνου
1450 2353 1737 2420 διατάξεις,

381 2440 666 2492 Καὶ’ταῦθ’
699 2442 951 2510 εὑρήσεις
976 2446 1031 2495 ὲν
1058 2443 1205 2513 αὐτῷ
1228 2446 1614 2514 πνευματικῶς
1640 2445 1948 2511 ὲγκύπτων,

389 2532 453 2582 Ἠ
491 2534 662 2600 πέτρα
690 2534 795 2604 γὰρ
826 2537 1170 2605 πνευματικὴ
1201 2538 1251 2589 κ’
1284 2539 1343 2588 οὗ
1376 2538 1557 2605 χοῖκὸς
1586 2541 1613 2591 6
1640 2540 1841 2607 τοῖχος.

392 2623 528 2674 Ἀλλ’
563 2624 924 2694 ἀκουσώμεθα
954 2628 1137 2679 λοιπὸν
1173 2628 1280 2680 τῶν
1309 2630 1510 2697 ἐφεξῆς
1547 2630 1809 2699 ῥημάτων
1829 2670 1844 2692 ,

391 2713 702 2783 Ἀπόκρισιν
739 2716 845 2786 γὰρ
873 2717 1084 2769 δίδωσιν
1120 2719 1152 2786 ἡ
1180 2718 1364 2786 νύμφη
1398 2718 1473 2788 τῷ
1505 2719 1743 2788 νυμφίῳ.

450 2830 658 2892 Δεῑξόν
686 2847 787 2897 μοι
813 2817 953 2897 ’τὴν
983 2832 1126 2898 ὄψιν
1167 2848 1303 2895 σου,
1357 2833 1454 2885 καὶ
1498 2833 1827 2885 ἁκούτισόν
1877 2851 1952 2901 με

380 2919 494 2987 τὴν
540 2920 749 2988 φωνήν
774 2937 911 2984 σου,
957 2920 1046 2973 ὅτι
1091 2923 1129 2989 ἡ
1172 2923 1338 2991 φωνή
1390 2940 1505 2976 σου
1560 2923 1728 2990 ἡδεῖα
1762 2924 1857 2976 καὶ
1912 2925 1950 2991 ἡ

1393 3016 1561 3087 [ὄψις
1598 3032 1714 3071 σου
1744 3016 1949 3085 ὡραία.

381 3128 596 3197 Μηκέτι
636 3146 725 3197 μοι
762 3129 1116 3199 προσομιλῇς,
1150 3131 1280 3197 φησι
1314 3131 1445 3184 καλὲ
1474 3131 1694 3199 νυμφίε,

381 3221 479 3271 Διά
518 3238 677 3272 τινων
705 3221 1059 3290 προφητικῶν
1099 3224 1192 3274 καὶ
1226 3224 1466 3291 νομικῶν
1503 3224 1759 3292 βιὸλίων.

395 3312 534 3363 Ἀλλ’
559 3313 631 3373 ὡς
663 3311 782 3375 ἐξόν
810 3329 897 3381 μοι
922 3312 1113 3382 βλέψαι
1137 3331 1219 3378 σε,
1245 3316 1338 3367 καὶ
1367 3316 1463 3383 σῆς
1490 3316 1674 3383 φωνῆς
1700 3316 1950 3379 ἀκοῦσαι,

395 3405 737 3458 Ἀκούτισόν
767 3423 843 3473 με
887 3405 1002 3473 τὴν
1033 3406 1264 3475 φωνὴν,
1317 3407 1415 3460 καὶ
1462 3406 1667 3471 δεῖξόν
1708 3427 1810 3477 μοι
1844 3408 1955 3474 τὴν

1740 3500 1950 3571 [θείαν.

383 3588 443 3639 Εἰ
479 3592 585 3657 γὰρ
621 3590 769 3659 ἡδεῖα
804 3593 1046 3661 πέφυκεν
1080 3589 1223 3644 οὕτω
1260 3593 1355 3646 καὶ
1394 3592 1712 3662 γλυκυτάτη

391 3680 456 3731 'll
491 3681 555 3749 σὴ
584 3683 730 3751 φωνὴ
765 3684 1117 3753 προφητικῶς
1150 3686 1281 3753 ἡμῖν
1318 3681 1385 3755 ἦν
1413 3683 1715 3754 ἡχουμένη,

385 3772 688 3826 Κάντεῦθεν
721 3776 787 3844 ἦν
822 3792 914 3827 σου
960 3775 1229 3845 βλέπομεν
1273 3777 1394 3845 ὄψιν
1433 3777 1507 3837 ὡς
1543 3778 1599 3827 ὲν
1626 3774 1952 3844 κατόπτρῳ,

393 3864 712 3936 Ὠραιοτάτη
756 3867 967 3935 πέφυκε
1003 3869 1096 3921 καὶ
1132 3869 1612 3936 πανευειδεστάτη,

387 3956 450 4005 ’Ὠ
480 3957 719 4009 ποταπὸν
757 3958 1093 4027 καθέστηκεν
1123 3959 1183 4010 τὸ
1228 3957 1422 4020 κάλλος
1455 3958 1556 4020 τῆς
1589 3958 1686 4025 σῆς
1718 3958 1845 4019 θέας
1867 3998 1880 4019 .

386 4046 493 4096 Καὶ
531 4048 629 4113 τῆς
662 4048 845 4116 φωνῆς
880 4050 909 4100 ὁ
938 4049 1257 4118 γλυκασμὺς
1288 4049 1508 4118 ἁμέσως
1532 4049 1879 4116 δεδεγμένοςί

388 4140 624 4190 “Ηκουσε
660 4140 756 4209 τὴν
788 4141 1131 4211 παράκλησιν
1165 4142 1265 4209 τῆς
1292 4142 1509 4210 νύμφης
1535 4143 1564 4193 6
1593 4142 1846 4210 νυμφίος,

390 4231 485 4290 ’Ἠς
522 4230 722 4298 μᾶλλον
761 4230 950 4302 ὥσπερ
983 4233 1175 4286 ἑαυτὸν
1204 4235 1282 4295 είς
1324 4233 1633 4301 τούμφανὲς
1670 4232 1951 4296 δεικνύων,

385 4321 605 4389 Πρῶτον
628 4326 703 4385 εἰς
727 4323 902 4393 ἄγραν
926 4327 1185 4395 παρορμᾷ
1203 4326 1327 4388 τοὺς
1352 4324 1637 4395 θηρευτὰς,
1668 4327 1761 4378 καὶ
1783 4325 1948 4391 λέγει·

456 4434 713 4489 Ultio-me
756 4436 900 4503 ἡμῖν
926 4436 1241 4502 ἀλώπεκας
1263 4438 1515 4506 μικροὺς
1555 4438 1949 4506 ἀφανίζοντας

2062 631 2089 668 a
2124 617 2561 685 propugnaculo,
2612 631 2641 668 a
2695 615 2865 670 veteri
2926 616 3059 682 lege,
3103 630 3225 684 quae
3272 624 3438 684 petra:
3494 629 3627 669 con-

2050 708 2239 777 juncta
2284 716 2389 772 est,
2459 708 2877 763 transcenderis.
2925 705 3088 760 Venit
3142 707 3284 760 enim
3322 721 3486 761 vere:
3521 705 3625 761 hoc

2053 809 2158 861 est,
2213 799 2617 869 appr0pinquat
2665 798 2732 852 ad
2766 806 2929 865 petrae
3003 798 3501 867 propugnaculum.
3562 796 3627 849 Et

2056 893 2207 945 disce
2236 892 2398 946 etiam
2435 892 2681 946 modum.
2726 889 3208 959 PrOpugnaculum
3267 897 3449 943 autem
3491 902 3627 943 sane

2054 982 2258 1034 dicitur
2287 981 2509 1049 antiqua
2540 981 2659 1035 lex:
2693 989 2845 1050 petra
2874 995 3000 1035 vero
3030 980 3228 1045 solida,
3270 992 3477 1035 novum
3511 988 3625 1034 tes-

2055 1083 2379 1126 tamentum.
2413 1075 2493 1127 Ac
2522 1074 2774 1141 quamvis
2815 1074 3108 1128 videantur
3154 1074 3298 1128 inter
3330 1087 3389 1128 se
3418 1072 3626 1126 distare

2057 1166 2139 1219 lex
2178 1163 2435 1226 Mosaica,
2468 1172 2523 1218 et
2580 1163 2926 1235 Evangelium
2956 1183 2970 1228 ;
3006 1164 3206 1218 virtute
3254 1173 3438 1218 tamen
3492 1178 3627 1217 conv-

2056 1266 2253 1311 sonant
2300 1268 2464 1326 atque
2521 1257 2663 1311 inter
2690 1274 2747 1313 se
2778 1266 3111 1327 congruunt.
3170 1257 3311 1321 Quid
3353 1255 3497 1311 enim
3540 1255 3625 1310 his

2056 1348 2341 1418 praeceptis
2388 1356 2568 1418 potest
2618 1365 2741 1404 esse
2800 1351 3188 1419 coniunctius?
3236 1350 3472 1417 Antiqua
3540 1348 3624 1407 le:

2059 1439 2605 1493 vetatadnlterium:
2650 1440 3000 1507 Evangelium
3046 1448 3293 1509 amputat
3347 1439 3626 1507 cupidita-

2057 1544 2185 1587 tem.
2213 1532 2329 1596 llla,
2365 1537 2424 1586 ut
2466 1548 2496 1586 a
2539 1531 2685 1586 caede
2714 1531 3012 1594 abstineas,
3060 1532 3254 1600 jubet:
3302 1531 3404 1585 hoc
3434 1530 3627 1599 prohi-

2056 1623 2167 1683 bet,
2208 1638 2275 1675 ne
2304 1636 2535 1691 prorsus
2570 1623 2848 1676 irascaris.
2878 1621 3033 1685 Quod
3070 1622 3113 1674 si
3151 1621 3350 1689 quau-is
3385 1632 3438 1673 et
3468 1636 3624 1680 oves.

2055 1722 2107 1768 et
2140 1714 2402 1776 Sabbala,
2426 1722 2479 1768 et
2503 1714 2732 1776 Pasrha,
2764 1728 2882 1780 qua:
2915 1714 3025 1767 illic
3050 1713 3349 1765 secundum
3378 1728 3622 1776 carnem;

2063 1804 2151 1857 hic
2210 1804 2511 1858 secundum
2550 1804 2827 1871 spiritum,
2886 1803 2929 1857 si
2985 1802 3307 1865 attenderis,
3358 1802 3623 1856 invenies.

1994 1870 2224 1965 BLapis
2250 1898 2395 1951 enim
2441 1895 2728 1965 spiritalis,
2790 1909 2895 1946 non
2959 1904 3140 1947 autem
3206 1902 3478 1956 terrenus,
3543 1904 3627 1946 est

2058 1990 2259 2058 paries.
2303 1989 2431 2051 Sed,
2465 2003 2585 2057 qua}
2612 1996 2917 2055 sequuntur
2946 1986 3131 2051 verba,
3175 1985 3286 2056 jam
3313 1985 3621 2042 audiamus.

2055 2085 2268 2155 Sponsa
2299 2083 2441 2140 enim
2483 2082 2775 2154 respondet
2819 2095 3042 2151 sponso.

2129 2839 2354 2894 Ostende
2399 2841 2524 2894 mihi
2585 2841 2774 2907 [aciem
2824 2848 3003 2893 tuam:
3051 2843 3195 2892 sonet
3260 2852 3357 2890 vox
3418 2847 3507 2889 tua
3572 2837 3627 2889 in

2055 2933 2274 2986 auribus
2308 2935 2471 2988 meis:
2516 2950 2611 2987 eoa:
2659 2936 2797 2988 enim
2854 2943 2947 2987 tua
2992 2932 3185 2997 dulcis,
3220 2940 3268 2985 et
3327 2930 3488 2998 facies
3530 2940 3625 2983 tua

2053 3024 2263 3078 decora.

2125 3136 2202 3191 Ne
2234 3153 2445 3192 mecum
2479 3140 2735 3208 amplius,
2762 3156 2795 3195 o
2822 3154 3021 3209 Sponse
3046 3140 3308 3206 formose,
3340 3141 3626 3211 perlihros

1978 3223 2020 3279 C
2056 3231 2321 3299 quosdam
2375 3231 2728 3302 propheticos
2762 3240 2819 3286 et
2881 3232 3086 3303 legales
3142 3235 3492 3304 colloquare:
3530 3230 3626 3285 sed

2058 3321 2192 3375 mihi
2245 3321 2429 3377 videre
2477 3332 2530 3378 te
2592 3324 2773 3387 liceat,
2830 3333 2885 3379 et
2944 3341 3133 3380 vocem
3187 3334 3333 3380 tuam
3394 3323 3625 3383 audire;

2053 3424 2197 3467 sonet
2236 3430 2334 3468 vox
2364 3424 2457 3468 tua
2517 3416 2573 3469 in
2626 3417 2845 3469 auribus
2906 3419 3057 3479 meis,
3112 3418 3320 3473 ostende
3377 3418 3507 3470 mihi
3542 3417 3625 3481 {a-

2055 3510 2183 3560 ciem
2238 3517 2406 3561 tuam.
2470 3506 2605 3561 Nam
2642 3507 2685 3561 si
2729 3523 2832 3562 vox
2877 3519 2969 3562 tua
3015 3509 3173 3563 nobis
3221 3508 3630 3578 jucundissnna

2058 3595 2161 3649 fuit
2191 3605 2355 3665 atque
2378 3596 2696 3651 dulcissima
2723 3615 2739 3664 ;
2766 3598 2810 3650 si
2840 3598 3027 3652 vultus
3058 3605 3186 3652 tuus
3220 3597 3629 3668 pulcherrimus

2058 3689 2206 3742 visus
2264 3697 2348 3742 est
2382 3698 2433 3742 et
2470 3688 2709 3741 maxime
2767 3688 3025 3751 decorus,
3074 3704 3199 3743 cum
3243 3704 3347 3743 vox
3400 3696 3495 3743 tua
3532 3703 3630 3757 per

2058 3782 2353 3850 prophetas
2389 3781 2695 3843 insonaret,
2724 3792 2778 3835 et
2811 3782 3041 3835 turmam
3086 3790 3233 3836 tuam
3280 3792 3541 3851 tanquam
3574 3782 3630 3837 in

2057 3874 2279 3941 speculo
2316 3888 2705 3928 cernercmus:
2758 3880 3095 3941 quantanam
3164 3875 3268 3929 erit
3321 3875 3630 3943 praesentia:

2057 3975 2163 4018 tua:
2194 3964 2539 4033 pulcritudo!
2576 3973 2782 4033 quanta
2819 3966 2969 4019 vocis
2996 3965 3171 4034 ipsius
3220 3965 3477 4030 dulcedo,
3508 3981 3628 4033 qua:

2055 4057 2173 4110 sine
2206 4056 2317 4109 ullo
2350 4057 2530 4110 medio
2556 4056 2918 4110 exaudicturl
2953 4057 3182 4126 Sponsa:
3208 4073 3396 4125 preces
3422 4058 3631 4112 audivit

2056 4162 2314 4214 sponsus,
2349 4148 2440 4215 qui
2474 4156 2533 4199 ut
2565 4162 2622 4200 se
2652 4148 2827 4216 ipsum
2859 4163 3043 4201 coram
3070 4149 3242 4216 magis
3268 4149 3631 4216 conspicuum

2058 4240 2312 4308 praebeat,
2353 4248 2642 4295 venatores
2682 4243 2747 4294 ad
2788 4240 3020 4309 pra-dam
3056 4243 3279 4306 excitat,
3319 4242 3548 4298 dicens:

2132 4438 2319 4507 Capite
2348 4438 2496 4491 nobis
2557 4438 2734 4503 vulpes
2793 4438 3068 4505 parvulas,
3101 4454 3216 4508 qua
3270 4439 3630 4495 demolitmtur

381 4525 769 4594 ἀμπελῶνας,
819 4528 918 4580 καὶ
957 4531 1016 4581 al
1048 4526 1302 4597 ἄμπελοι
1336 4528 1504 4597 ἡμῶν
1536 4530 1945 4597 κινπρίζουσιν.
1984 4555 2026 4609 D
2060 4530 2127 4582 vir

1243 4547 1302 4581 ,οι
1336 4528 1504 4597 ἡμῶν
1536 4530 1945 4597 κινπρίζουσιν.
1984 4555 2026 4609 D
2060 4530 2235 4583 vineas
2259 4547 2274 4582 :
2297 4540 2345 4582 et
2370 4531 2531 4584 vincar
2559 4540 2752 4585 nostra:
2780 4531 2990 4599 ﬂorent.

459 4644 520 4696 Ὠ
546 4644 641 4711 τῆς
666 4644 896 4712 φρικτῆς
922 4644 1016 4696 καὶ
1036 4644 1272 4714 φοϐερᾶς
1297 4644 1387 4696 τοῦ
1414 4644 1586 4712 Λόγου
1611 4645 1945 4707 δυναστείαςῑ

386 4733 451 4783 Ὦ
472 4732 781 4793 παναλκοῦς
810 4733 1085 4801 δυνάμεως
1109 4735 1120 4786 !
1156 4733 1200 4785 ὣ
1236 4734 1467 4805 κράτους
1494 4736 1839 4805 ἀπορρήτουί

385 4821 611 4873 Κελεύει
642 4821 750 4890 γὰρ
784 4824 897 4884 τοῖς
924 4822 1235 4893 θηρευταῖς,
1269 4824 1511 4876 τουτέστι
1541 4826 1652 4885 τοῖς
1677 4823 1948 4889 ἀγγέλοις,

385 4912 597 4981 Ὥσπερ
630 4911 920 4973 ἀλώπεκας
954 4930 1101 4975 τινας,
1137 4914 1336 4984 μικρὰς
1369 4914 1763 4981 δυστηνοτάτας

385 5004 493 5070 Τὴν
524 5005 705 5057 πᾶσαν
731 5003 1106 5075 ἀποστατικὴν
1134 5004 1361 5074 δύναμιν
1385 5005 1493 5056 τῶν
1521 5005 1810 5073 δαιμόνων,

383 5096 658 5165 Θηρεῦσαι
682 5098 774 5149 καὶ
803 5100 1153 5165 συναγαγεῖν,
1187 5098 1481 5168 κρατῆσαι,
1510 5098 1603 5149 καὶ
1628 5095 1948 5167 δεσμεῦσαι,

384 5187 488 5239 Τὸν
518 5189 786 5258 δράκοντα
812 5190 903 5241 τὸν
936 5191 1193 5259 μέγιστον
1231 5192 1320 5242 τὸν
1348 5191 1658 5257 ἀποστάτην
1685 5189 1865 5256 φύσει,

388 5281 484 5345 Ὃς
517 5282 787 5352 ὲνεδρεύει
813 5282 931 5335 καθ’
964 5284 1140 5353 ἡμῶν,
1174 5284 1249 5347 ὡς
1272 5282 1407 5336 λέων
1443 5285 1523 5346 είς
1558 5284 1790 5352 ποίμνας
1826 5282 1955 5351 μαί-

1781 5394 1952 5440 νεται,

384 5463 489 5516 Τοῦ
527 5468 970 5537 κοσμοκράτορος
1018 5468 1231 5533 Σατᾶν,
1282 5469 1375 5519 τοῦ
1418 5467 1643 5530 σκότους
1690 5467 1780 5520 τὸν
1815 5485 1953 5538 προ-

1704 5557 1950 5629 [στάτην,

384 5651 411 5699 Ἰ
429 5650 487 5699 δν
514 5650 647 5721 ᾅδην
670 5650 760 5703 τὸν
790 5650 1125 5705 πλατύνοντα
1147 5652 1205 5703 τὸ
1228 5653 1401 5720 στόμα
1431 5654 1490 5704 τὸ
1517 5652 1776 5720 ζοφῶδες,

384 5743 487 5795 Τὸν
512 5744 701 5813 ἔχοντα
732 5746 823 5796 καὶ
851 5746 1083 5812 φέροντα
1109 5744 1169 5796 τὸ
1198 5745 1393 5814 κράτος
1422 5744 1514 5796 τοῦ
1555 5744 1809 5809 θανάτου,

385 5835 426 5886 ’ῐ
432 5835 489 5886 ὸν
520 5835 934 5906 ἐγκαυχώμενον
967 5836 1149 5890 λαϐεῖν
1192 5836 1266 5900 ὼς
1292 5838 1508 5892 νοσσιὰν
1541 5836 1842 5905 στρουθίον,

2129 4640 2173 4694 Ο
2210 4640 2495 4708 imperium
2530 4639 2694 4695 Verbi
2729 4642 2975 4696 terribile
3005 4658 3067 4697 ac
3108 4642 3518 4703 formidandum
3546 4647 3559 4699 l
3583 4647 3629 4702 Ο

2056 4728 2317 4782 virtutem
2382 4730 2850 4798 omnipotentem!
2921 4736 2961 4785 Ο
3024 4736 3196 4789 robur
3258 4737 3627 4793 incredibilel

2059 4819 2429 4878 Venatoribus
2484 4825 2631 4879 enim
2696 4826 2977 4895 praecepit,
3036 4829 3089 4883 id
3145 4839 3229 4884 est
3288 4834 3518 4900 angelis,
3571 4845 3632 4888 ut.

2059 4915 2376 4982 vulpeculas
2430 4918 2696 4984 quasdam
2754 4920 3007 4986 parvulas
3063 4930 3226 4989 captu
3276 4923 3628 4981 dilﬁcillimas

2056 5006 2443 5075 pervestigent,
2474 5009 2959 5077 comprehendant,
3010 5026 3292 5082 superent,
3333 5012 3576 5071 vinciant
3609 5036 3628 5073 :

2056 5107 2220 5152 totam
2248 5099 2508 5153 nimirum
2558 5101 2910 5155 deserlricem
2934 5102 3243 5158 dtemonum
3279 5116 3627 5176 potestatem:

2056 5190 2349 5245 draconem
2376 5193 2528 5245 illum
2562 5193 2892 5246 maximum:
2919 5194 3069 5247 illum
3107 5197 3370 5253 rebellem
3405 5212 3627 5268 natura,

2058 5283 2150 5350 qui
2192 5298 2299 5336 non
2334 5283 2494 5335 aliter
2525 5282 2577 5334 in
2608 5298 2709 5338 nos
2743 5299 2905 5353 quam
2943 5285 3028 5341 leo
3068 5287 3121 5340 in
3158 5303 3351 5358 greges
3380 5291 3626 5355 desaevit,

2060 5373 2250 5425 mundi
2302 5373 2564 5441 principis
2624 5373 2830 5427 Satan:
2895 5377 3195 5446 principem
3253 5382 3625 5445 tenebrarum,

2062 5464 2339 5517 infernum
2411 5466 2727 5519 tenebrosas
2802 5466 2987 5521 fauces
3063 5483 3194 5522 suas
3272 5473 3629 5539 aperientem,

2062 5557 2349 5609 habentem
2388 5570 2451 5607 ac
2481 5556 2742 5609 ferentem
2799 5558 2994 5610 mortis
3055 5557 3381 5627 imperium;
3442 5564 3533 5631 qui
3569 5581 3632 5620 se

2062 5662 2235 5716 posset
2252 5647 2298 5699 is
2333 5646 2544 5711 nidum,
2569 5648 2754 5702 orbem
2777 5649 2987 5702 scilicet
3006 5650 3342 5713 universum,
3367 5660 3629 5722 tanquam

2062 5756 2160 5794 ora
2198 5740 2411 5808 putrida
2467 5748 2628 5810 atque
2680 5742 2890 5810 altjecta
2944 5744 3155 5811 cepisse
3211 5750 3265 5797 et
3330 5743 3629 5813 diripuisse

2064 5832 2352 5903 gloriatur:
2392 5833 2482 5900 qui
2512 5842 2665 5888 terra
2692 5843 2905 5889 mentes
2932 5845 2982 5889 et
3014 5847 3163 5890 mare
3197 5849 3538 5896 cversurum.
3574 5843 3628 5890 ct
