4424 6446
808 356 913 418 595

2101 369 2516 431 MICIIAELIS
2548 377 2809 438 PSELLI

3960 396 4063 458 596

808 466 862 521 in
917 468 1157 527 nubibus
1222 473 1405 527 sedem
1465 472 1856 530 eollocaturum
1909 490 1967 531 se
2002 476 2221 544 jactitat
2260 478 2303 509 "
2364 481 2555 553 ιΑΤῆ

2364 497 2375 531 :
2412 481 2457 536 A
2486 485 2595 553 Τὴν
2624 490 2947 562 οἰκουμένην
2992 494 3309 563 σύμπασαν,
3358 498 3452 552 καὶ
3478 498 3682 571 ταύτην
3714 502 4057 573 ἀφαρπάσας,

804 559 967 631 Cujus
997 564 1214 633 quidem
1250 564 1419 619 latera
1449 576 1576 622 sunt
1599 582 1770 635 :enea,
1790 576 1843 623 et
1869 568 2089 623 dorsum
2118 568 2378 634 ferreum,

802 654 1016 711 viscer-a
1042 662 1220 710 autem
1267 657 1521 728 smyrites
1582 659 1760 729 lapis:
1825 669 2135 730 serpentem
2201 662 2377 732 ipsum

2502 578 2587 640 Ὠς
2617 579 2699 632 ὠά
2740 583 2806 635 τά
2843 583 3149 654 σαθρὸτατα
3182 592 3741 661 καταπεφρονημένα,

2489 672 2593 724 Τὸν
2622 674 2922 742 ἐξαλείφειν
2953 678 3231 745 φάσκοντα
3262 682 3364 750 γῆς
3388 682 3545 753 ὅρους
3578 684 3671 737 xal
3693 684 3985 757 θαλάττης.

806 762 1061 812 gravem;
1100 749 1251 803 illum
1285 763 1494 815 senem,
1538 750 1812 821 ingentem
1841 752 2017 818 illum,
2047 770 2379 825 omnemque
2488 764 2553 815 Τὸ

2167 771 2379 825 temque
2488 764 2590 815 Τὸν
2606 765 2679 817 ιέν
2718 768 2914 839 νεφέλῃ
2944 770 3172 838 λέγοντα
3205 775 3294 826 τὸν
3323 749 3518 844 θρόνον
3556 776 3880 846 καθιδρῦσαι
3901 820 3914 839 ,

806 839 965 890 aliam
996 838 1253 893 virtutem
1284 839 1403 907 ejus
1433 839 1721 898 hostilem:
1752 844 1924 899 virtus
1958 860 2091 901 sane
2119 848 2379 915 potentia:
2487 852 2553 911 οῖ

2305 848 2379 901 .itn
2487 851 2671 929 Οὗπερ
2694 838 2895 930 χαλκαί
2921 863 3023 932 μὲν
3052 865 3109 917 αἱ
3137 838 3375 937 πλευραὶ.
3393 868 3486 921 καὶ
3510 838 3769 939 σιδηρᾶ
3799 872 3833 940 ή
3876 873 4052 941 ῥάχις,

810 937 1069 995 tanquam
1096 928 1411 997 vulpeculas
1451 945 1647 1000 parvas
1671 940 1725 987 et
1758 944 1950 989 natura
1998 936 2380 994 fraudulentas

805 1023 1061 1092 appellat.
1096 1023 1568 1092 Contprebendite,
1602 1026 1801 1097 inquit,
1842 1031 1977 1084 mihi
2028 1047 2226 1101 parvas
2258 1033 2378 1087 vul-

804 1130 920 1182 pes,
953 1128 1073 1182 qua:
1102 1113 1318 1171 animas
1352 1116 1622 1173 humanas
1644 1118 2043 1178 demoliuntur.
2082 1123 2191 1180 llas
2226 1127 2373 1181 enim

804 1208 952 1259 solas
985 1205 1177 1262 vineas
1211 1216 1390 1263 vocat.

1350 1697 1527 1751 Trium
1564 1694 1816 1753 Patrum.

864 1816 1002 1872 Cum
1031 1826 1209 1872 autem
1232 1814 1294 1869 ad
1323 1814 1511 1884 sponsi
1531 1813 1848 1868 mandatum
1877 1814 2149 1884 magistra:
2173 1814 2368 1869 animae
2401 1831 2442 1885 Β

803 1908 905 1974 ipsi
939 1913 1138 1974 prmsto
1172 1914 1380 1969 essent,
1415 1913 1470 1958 et
1506 1919 1629 1958 cum
1666 1919 1729 1959 eo
1784 1920 1847 1958 ex
1874 1905 2130 1961 doctrina
2190 1907 2365 1976 ipsius

798 2004 1176 2059 versarentur,
1210 1996 1275 2049 ad
1304 2010 1398 2051 eas
1433 1996 1545 2049 ha‘c
1572 1997 1734 2051 verba
1763 1996 1926 2051 facit:
1983 1998 2170 2067 Capite
2216 1999 2365 2053 nobis

795 2088 971 2153 vulpes
1004 2086 1283 2153 parvulas:
1337 2084 1683 2139 observantia
1731 2096 2151 2156 praceptorum,
2200 2088 2365 2143 simul

796 2194 922 2233 eum
979 2178 1238 2232 vitiorum
1295 2177 1635 2232 motionibus
1698 2180 2069 2235 astutissimos
2121 2181 2363 2247 ipsorum

795 2278 1050 2325 auctores
1080 2270 1311 2340 spiritus
1365 2272 1650 2325 cohibete:
1703 2272 1795 2341 qui
1850 2272 2062 2341 parvuli
2112 2274 2367 2329 videntur

796 2362 1001 2421 adhuc,
1039 2376 1162 2415 cum
1196 2362 1323 2430 ipsze
1349 2364 1619 2417 motiones
1652 2363 1890 2417 nondum
1941 2364 1994 2416 in
2028 2374 2208 2418 aetum
2243 2380 2368 2435 pro-

802 2454 1096 2508 cesserint.
1132 2451 1299 2507 Nobis
1348 2462 1525 2509 autem
1557 2453 1695 2507 dixit
1720 2456 1887 2522 capite
1913 2465 2138 2525 propter
2202 2456 2363 2511 linem

798 2548 1161 2614 propositum,
1191 2546 1281 2615 qui
1322 2547 1374 2598 in
1409 2546 1519 2601 illis
1572 2548 1889 2603 erudiendis
1929 2550 2199 2617 expletur.
2235 2550 2367 2615 Qua:

796 2638 1158 2690 demoliuntur
1187 2638 1385 2702 vineas,
1422 2636 1474 2691 id
1503 2645 1608 2702 est,
1668 2640 1881 2693 animas
1924 2652 2196 2703 evertunt,
2246 2657 2367 2711 qua:

794 2744 893 2796 per
928 2728 1086 2782 ﬁdem
1123 2729 1175 2781 in
1230 2744 1315 2785 me
1347 2738 1477 2783 sunt
1524 2730 1801 2799 plantataa.
1859 2730 1929 2785 Et
1976 2734 2139 2786 vinea:
2173 2745 2367 2788 nostra:

795 2823 1007 2891 ﬂorent.
1052 2822 1263 2876 Animze
1290 2822 1579 2893 diligenter
1603 2838 1633 2878 a
1662 2824 1821 2879 nobis
1843 2825 1909 2880 ad
1952 2827 2181 2880 salutem
2208 2828 2369 2883 insti-

802 2921 931 2966 tutze
952 2912 1066 2980 jam
1104 2910 1298 2965 ﬂorent
1319 2913 1621 2966 secundum
1655 2912 1938 2977 virtutem,
1975 2912 2365 2980 fallacissimis,

801 3008 860 3054 ut
895 3000 1097 3055 dictum
1127 3009 1232 3066 est,
1268 3000 1555 3071 spiritibus
1582 2999 1907 3070 proﬂigatis.

1483 3195 1677 3253 Pselli.

871 3308 980 3363 Sed
1028 3306 1311 3363 videamus
1351 3306 1484 3377 quid
1511 3306 1659 3362 dicat
1690 3306 1856 3363 etiam
1890 3322 2091 3378 sponsa
2114 3316 2167 3364 et
2194 3309 2365 3377 virgo.

864 3400 1038 3467 Nepos
1065 3416 1211 3453 meus
1234 3400 1382 3464 mihi,
1414 3408 1465 3453 et
1495 3416 1587 3469 ego
1612 3400 1713 3453 illi.

865 3488 1071 3545 Verum
1108 3505 1325 3546 morose
1354 3490 1614 3560 deinceps
1642 3505 1848 3561 sponso
1880 3490 2150 3561 loquitur:

868 3580 974 3645 Qui
994 3582 1163 3650 pascit
1200 3582 1340 3636 inter
1385 3582 1524 3647 lilia,
1548 3583 1712 3637 donec
1744 3583 1942 3649 aspiret
1964 3582 2099 3645 dies,
2124 3592 2174 3636 et
2214 3582 2368 3636 incli-

799 3678 988 3723 nentur
1039 3668 1261 3733 umbrw,
1315 3678 1569 3723 revertere
1604 3686 1623 3723 :
1668 3670 1860 3723 similis
1913 3680 2024 3724 esto
2087 3684 2164 3733 tu,
2210 3687 2366 3737 nepos

798 3762 895 3821 mi,
924 3776 1130 3829 caprea:
1158 3760 1449 3833 ΔΙιὶηηιιιοινε
1486 3777 1759 3817 cervorum
1798 3779 1954 3832 super
1992 3775 2193 3818 montes
2239 3781 2367 3818 con-

800 3854 1036 3907 vallium.

866 3943 911 3998 Ο
942 3943 1309 4011 pulcherrime
1356 3952 1541 4013 pastor
1570 3944 1779 4011 ovium,
1837 3961 1959 4017 qua:
2018 3957 2203 4003 mente
2238 3954 2367 4001 sunt

800 4033 1066 4103 praeditas,
1104 4034 1283 4104 inquit
1307 4050 1508 4105 sponsa
1533 4036 1599 4091 ad
1633 4037 1811 4107 ipsum
1854 4037 2090 4094 Verbum
2122 4048 2177 4093 et
2203 4054 2368 4107 spon-

800 4138 947 4185 sum,
980 4124 1074 4193 qui
1115 4138 1247 4180 oves
1313 4132 1437 4181 tuas
1490 4127 1813 4194 virtutibus,
1870 4137 1929 4182 ut
1978 4128 2105 4189 liliis
2164 4131 2364 4196 pascis,

798 4229 992 4268 rursus
1031 4223 1083 4269 te
1110 4229 1321 4286 caprea:
1368 4225 1461 4269 aut
1515 4231 1803 4273 cervorum
1855 4218 2084 4273 hinnulo
2130 4220 2365 4273 similem

800 4306 1002 4371 praebe,
1030 4314 1089 4359 ut
1117 4305 1278 4373 paulo
1307 4314 1433 4361 ante
1471 4322 1636 4378 super
1687 4309 1903 4363 vallium
1939 4318 2153 4364 montes
2202 4311 2366 4365 Salie-

803 4398 936 4451 bas:
972 4405 1136 4465 atque
1166 4412 1382 4453 omnem
1416 4400 1714 4469 potentiam
1744 4400 2126 4455 adversantem
2158 4410 2363 4464 eVerte,

2491 950 2732 1016 Ἐγκατα
2753 951 2820 1017 δ’,
2846 951 2920 1015 ῶς
2949 970 3133 1021 φασιν,
3161 956 3327 1009 αὐτοῦ
3357 957 3625 1028 σμυρίτης
3648 960 3795 1021 λίθος
3826 975 3839 987 ·

2485 1040 2653 1091 Αὐτὸν
2687 1042 2776 1093 τὸν
2800 1043 2944 1110 ὅφιν,
2979 1045 3070 1097 τὸν
3100 1046 3297 1111 δεινὸν,
3328 1048 3419 1101 τὸν
3446 1050 3700 1121 γέροντα,
3725 1051 3817 1103 τὸν
3856 1052 4051 1120 μέγαν,

2485 1132 2593 1184 Kal
2628 1134 2809 1187 πᾶσαν
2840 1136 3005 1206 ἄλλην
3033 1137 3264 1208 δύναμιν
3294 1141 3459 1194 αὑτοῦ
3490 1142 3588 1212 τὴν
3612 1144 3883 1208 ἐναντίαν,

2494 1225 2557 1276 'll
2587 1224 2815 1296 δύναμις
2844 1229 3091 1299 ὠνόμασε
3117 1233 3216 1301 τῆς
3241 1231 3411 1296 ὅντως
3438 1233 3780 1301 δυναστείας,

2496 1316 2582 1378 Ὦς.
2608 1319 2888 1374 ἀλωπέκια
2920 1322 3089 1392 μικρὰ
3122 1323 3215 1376 καὶ
3258 1324 3451 1393 δολερὰ
3477 1328 3541 1396 τῇ
3583 1326 3765 1394 φύσει.

2483 1408 2525 1459 Τ
2528 1410 2619 1471 οὺς
2638 1408 2767 1476 γοῦν
2802 1414 3029 1483 μικροὺς
3058 1415 3365 1480 ἀλώπεκας,
3393 1416 3548 1485 φησὶ,
3577 1418 3888 1487 κρατήσατέ
3934 1435 4048 1489 μοι,

2495 1498 2581 1563 Ὠς
2605 1500 2932 1569 βλαπτικοὺς
2948 1505 3314 1573 τυγχάνοντας
3332 1505 3517 1575 ψυχῶν
3536 1507 3645 1558 τῶν
3666 1506 4045 1577 ἀνθρωπίνων.

2495 1591 2794 1657 Ἀμπέλους
2831 1592 2939 1663 γάρ
2976 1593 3051 1657 ὡς
3099 1594 3313 1665 άληθῶς
3343 1596 3547 1659 ταύτας
3571 1596 3742 1649 ἐννόει
3782 1597 3971 1665 μόνας.

2980 1701 3104 1755 Τῶν
3127 1700 3177 1772 τ’
3211 1704 3511 1772 Πατέρων.

2561 1810 2712 1863 Ἐπεὶ
2747 1810 2803 1864 δὲ
2841 1812 2980 1865 κατὰ
3006 1813 3252 1868 κέλευσιν
3289 1815 3383 1868 τοῦ
3411 1816 3645 1884 νυμφίου
3693 1818 4045 1887 παραστᾶσαι

2468 1901 2641 1969 τούτῳ
2681 1902 2737 1953 αἱ
2768 1901 3076 1955 διδάσκαλοι
3109 1904 3301 1973 ψυχαὶ,
3328 1906 3467 1975 ὑπὲρ
3501 1907 3606 1960 τῶν
3638 1907 4043 1977 διδασκομένων

2466 1990 2614 2060 αὑτῷ
2666 1992 3072 2060 ἐντυγχάνουσι,
3128 1996 3266 2064 πρὸς
3321 1996 3525 2061 ταύτας
3583 1996 3757 2059 οὕτως
3834 1999 4039 2068 φησίν·

2468 2081 2726 2135 Πιάσατε
2756 2083 2902 2151 ἡμῖν
2930 2084 3246 2151 ἀλώπεκας
3270 2087 3504 2154 μικρὰς,
3540 2089 3709 2158 ήγουν
3734 2089 4039 2157 κατάσχετε

2466 2174 2557 2227 διὰ
2595 2175 2707 2229 τῶν
2761 2175 2993 2229 ἐντολῶν
3028 2177 3144 2245 ἆμα
3179 2180 3300 2239 ταῖς
3355 2182 3602 2247 κινήσεσι
3627 2180 3735 2232 τῶν
3762 2178 3952 2232 παθῶν
3975 2179 4042 2232 τά

2467 2263 2676 2318 τούτων
2709 2264 2859 2319 αἴτια
2908 2265 3249 2336 δολερὼτατα
3292 2267 3579 2336 πνεύματα
3644 2268 3725 2321 ἔτι
3779 2268 4043 2321 δοκοῦντα

2469 2357 2700 2421 νεάζειν,
2723 2358 2771 2409 εἰ
2804 2357 2969 2426 μήπω
3002 2358 3058 2409 al
3085 2356 3194 2411 τῶν
3219 2356 3407 2412 παθῶν
3439 2360 3685 2428 κινήσεις
3723 2359 4031 2429 προκόψου-

2471 2466 2555 2503 σιν
2584 2450 2662 2513 εἰς
2694 2449 3001 2519 ἐνέργειαν.
3037 2449 3203 2519 Ἡμῖν
3219 2450 3275 2502 δέ
3310 2468 3441 2519 φησι
3476 2448 3831 2519 κατάσχετε,
3867 2448 3953 2499 διὰ
3981 2446 4044 2499 τὸ

2470 2542 2642 2610 πέρας
2688 2539 2943 2605 δέξασθαι
3010 2540 3072 2593 τὸ
3146 2541 3288 2594 κατὰ
3338 2543 3540 2595 σκοπὸν
3585 2543 3717 2611 ἡμῖν
3774 2541 3869 2593 ἐπὶ
3920 2542 4039 2602 ταῖς

2475 2631 2967 2701 μαθητευομὲναις.
3004 2631 3427 2700 Ἀςρανίζοντας
3474 2630 3831 2701 ἀμπελῶνας
3862 2647 3877 2663 ·
3930 2630 4040 2697 δηιο-

2467 2722 2621 2787 λαδὴ,
2672 2723 3006 2785 ἀπολλύντας
3034 2723 3211 2792 ψυχάς
3240 2725 3307 2793 τῇ
3348 2724 3429 2786 εἰς
3474 2722 3576 2793 ἐμὲ
3624 2723 3805 2774 πίστει
3859 2737 4036 2787 πεφυ-

2466 2831 2559 2866 τευ
2568 2814 2754 2883 μένας.
2780 2814 2963 2867 Kalal
2979 2814 3237 2882 ἄμπελοι
3263 2814 3433 2884 ἡμῶν
3455 2812 3869 2881 κυπρίζουσινο
3898 2814 4037 2880 ἦτοι,

2469 2908 2525 2959 αἱ
2559 2907 2686 2975 παρ’
2719 2906 2876 2975 ήμῶν
2917 2906 3055 2977 πρὸς
3106 2907 3383 2975 σωτηρίαν
3415 2905 3840 2975 ἐπιμελούμεναι
3873 2904 4040 2973 ψυχαὶ

2467 2997 2567 3067 ήδη
2598 2996 2818 3050 ἀνθοῦσι
2840 2999 2959 3049 κατ’
2991 2997 3213 3068 ἀρετὴν,
3247 2996 3359 3050 τῶν
3380 2996 3760 3066 δολερωτάτων
3790 2994 4038 3064 πνευμά-

2468 3106 2577 3144 των
2602 3089 3048 3160 κατασχεθέντων
3067 3129 3083 3156 ,
3110 3090 3185 3153 ὡς
3203 3090 3441 3160 εἴρηται.

3115 3199 3381 3255 Ψελλοῦ.

2553 3312 2692 3365 Ἀλλ’
2723 3310 2919 3382 ἴδωμεν
2942 3312 3038 3363 καὶ
3067 3311 3118 3362 τί
3145 3326 3313 3378 φησιν
3343 3309 3376 3377 ή
3413 3307 3601 3378 νύμφη
3624 3306 3720 3361 καὶ
3745 3304 4036 3376 παρθένος.

2484 3401 2829 3469 Ἀδελφιδός
2855 3420 2974 3471 μου
3004 3402 3155 3471 ἐμοὶ,
3198 3400 3359 3471 κάγὼ
3390 3400 3570 3466 αὐτῷ.

2482 3493 2622 3547 Ἀλλ’
2652 3492 2849 3561 ἐφεξῆς
2876 3493 3185 3545 ἐκδυσωπεῖ
3216 3493 3449 3559 λέγουσα
3478 3492 3557 3564 τῷ
3577 3493 3818 3560 νυμφίῳ·

2550 3583 2613 3634 '0
2638 3582 2969 3650 ποιμαίνων
2980 3582 3050 3633 ἐν
3070 3581 3194 3646 τοῖς
3208 3582 3455 3648 κρίνοις,
3478 3581 3589 3647 ἓως
3610 3577 3682 3636 οὗ
3700 3581 4037 3648 διαπνεύσῃ

2469 3674 2507 3741 ὴ
2538 3671 2727 3740 ἡμέρα
2760 3671 2860 3728 καὶ
2915 3670 3244 3738 κινηθῶσιν
3276 3674 3336 3725 αι
3376 3673 3565 3733 σκιαὶ.
3618 3673 4035 3740 ἀπόστρεψον,

2470 3762 2780 3832 ὀμοιώθητι
2803 3761 2906 3824 σὺ,
2938 3762 3222 3830 ἁδελφιδέ
3247 3780 3389 3831 μου,
3421 3760 3500 3826 τῷ
3522 3762 3774 3832 δόρκωνι
3794 3762 3831 3830 ἣ
3852 3763 4040 3831 νεϐρῷ

2468 3855 2709 3923 ἐλάφων
2726 3854 2823 3915 ἐπὶ
2855 3852 2928 3907 τὰ
2958 3854 3064 3921 ὅρη
3106 3852 3509 3922 κοιλωμάτων.

2468 3942 2539 3998 Ὦ
2572 3944 2955 3999 καλλιστότατε
2986 3946 3192 4014 ποιμήν
3242 3944 3355 3997 τῶν
3381 3944 3615 4011 λογικῶν
3650 3944 3961 4015 προϐάτων,

2467 4038 2633 4108 Φησὶν
2667 4037 2701 4107 ή
2740 4036 2927 4105 νύμφη
2955 4036 3092 4107 προς
3122 4036 3286 4088 αὑτὸν
3322 4036 3413 4088 τὸν
3439 4037 3612 4104 Λόγον
3644 4038 3737 4089 καὶ
3780 4037 4031 4103 νυμφίον,

2474 4130 2570 4190 ’ος
2592 4129 2812 4197 τρέφεις
2841 4144 2933 4180 σου
2963 4130 3033 4181 τὰ
3056 4127 3304 4197 πρόσατα
3327 4130 3446 4190 ταῖς
3470 4130 3693 4198 ἀρεταῖς
3714 4128 3787 4189 ὠς
3807 4127 4036 4195 κρίνοις,

2469 4218 2579 4271 Kal
2608 4218 2771 4271 πάλιν
2804 4217 3004 4287 φάνηθι
3047 4218 3246 4288 δορκάς
3273 4218 3306 4288 ἦ
3343 4218 3439 4272 καὶ
3466 4219 3656 4289 νεϐρὸς
3689 4219 3928 4287 ἐλάφων,

2467 4312 2579 4363 Kal
2608 4310 2769 4363 πάλιν
2799 4311 3140 4380 ἀναζήτησω
3173 4311 3359 4380 ὥσπερ
3386 4312 3860 4382 ἀνθυποστρέψας,

2470 4403 2648 4473 Ἀπερ
2669 4402 2871 4473 ἐπήδας
2900 4402 3008 4472 πρὸ
3044 4401 3239 4473 μικροῦ
3264 4404 3372 4455 τῶν
3394 4403 3745 4472 κοιλωμάτων
3766 4404 3891 4474 ὅρη,

799 4499 855 4546 et
884 4491 1053 4546 colles
1089 4491 1253 4546 nimis
1290 4493 1461 4546 elatos
1499 4505 1745 4561 exaequa.
1784 4491 1878 4547 Sic
1920 4491 2065 4547 enim
2108 4493 2364 4547 cursibus
2394 4502 2442 4564 ι)
2468 4498 2546 4549 Ka

1963 4491 2065 4545 nim
2108 4493 2364 4547 cursibus
2394 4502 2442 4564 ι)
2468 4496 2583 4549 Kal
2615 4496 2790 4548 πᾶσαν
2817 4493 3142 4562 ἐξαφάνισον
3179 4494 3409 4564 δύναμιν
3442 4495 3710 4561 ἐναντίαν,

802 4581 914 4636 tuis
965 4584 1147 4637 omnis
1180 4583 1339 4637 vallis
1405 4583 1751 4652 itnplebitur:
1810 4591 1866 4639 et
1919 4585 2097 4640 omnis
2140 4586 2360 4639 malitia:

798 4674 953 4729 collis
984 4673 1397 4728 lnuniliabitur:
1442 4682 1497 4727 et
1543 4690 1737 4730 omnes
1791 4676 2088 4745 impietatis
2154 4678 2362 4733 umbra:

801 4766 1208 4820 diseutientur:
1276 4774 1329 4820 et
1392 4766 1511 4822 dies
1583 4766 1779 4823 salutis
1836 4768 2159 4825 mortalibus
2216 4771 2363 4840 aspi-

798 4859 962 4915 rabit.

1352 5062 1531 5117 Trium
1568 5064 1815 5120 Patrum.

870 5150 1162 5221 Reuertere,
1193 5156 1495 5209 assimilare
1528 5167 1603 5225 tu,
1653 5176 1809 5226 nepos
1855 5160 1949 5224 mi,
1996 5176 2197 5229 caprew
2251 5161 2368 5214 hin-

1018 5262 1288 5305 cmorum
1316 5265 1472 5319 super
1515 5262 1711 5307 montes
1745 5254 2083 5309 convallium.

1127 5439 1167 5480 ts
1232 5423 1399 5490 l‘eras,
1462 5427 1769 5482 animarum
1834 5429 2200 5498 corruptrices
2252 5444 2372 5496 qua:

1162 5516 1414 5581 smviuut,
1449 5526 1501 5571 et
1528 5521 1858 5589 serpentium
1909 5535 2080 5583 more,
2112 5520 2368 5575 vitiorum

1128 5624 1173 5662 ιε
1201 5609 1506 5676 ρΠυιιιιιιηι,
1545 5612 1764 5681 repelle.
1825 5610 1887 5665 Et
1944 5621 2231 5682 prol-terea
2287 5621 2367 5676 tu,

1084 5797 1192 5851 xlv,
1235 5784 1311 5837 li.

84 5244 991 5999 ί

2472 4589 2584 4640 Kal
2618 4586 2975 4656 καθομάλισον
3008 4586 3230 4654 βουνοὺς
3271 4586 3397 4649 τοὺς
3426 4586 3567 4653 ἄγαν
3597 4588 3963 4655 ἐπηρμένους.

2472 4677 2629 4729 Οὕτω
2654 4678 2761 4746 γὰρ
2785 4677 3204 4747 πληρωθήσεται
3233 4680 3343 4740 σοῖς
3372 4677 3593 4747 δρόμοις
3623 4680 3773 4730 πάσα
3795 4678 4031 4748 φάραγξ,

2473 4771 2582 4823 Καὶ
2615 4771 2721 4833 πᾶς
2750 4769 3216 4838 ταπεινωθήσεται
3251 4768 3437 4838 βουνὸς
3476 4771 3503 4823 ὁ
3534 4770 3631 4838 τῆς
3659 4770 3877 4835 κακίας,

2472 4863 2579 4914 Kal
2615 4863 2785 4914 πᾶσαι
2813 4860 3196 4931 κινηθήσονται
3231 4861 3382 4914 σκιαὶ
3414 4863 3509 4929 τῆς
3531 4860 3744 4928 ἀθεῖας,

2469 4953 2578 5006 Kal
2606 4952 2919 5005 διαπνεύσει
2942 4952 3151 5021 βροτοῖς
3185 4954 3365 5022 ήμέρα
3395 4954 3691 5023 σωτηρίας.

2998 5065 3119 5120 Τῶν
3139 5063 3187 5133 τ’
3221 5065 3516 5133 Πατέρων.

2554 5158 2986 5225 Ἀπόστρεψον,
3010 5157 3318 5225 ὀμοιώθητι
3346 5157 3447 5219 σὺ,
3480 5157 3765 5226 ἀδελφιδέ
3788 5174 3927 5226 μου,
3958 5157 4034 5221 τῷ

2470 5248 2744 5315 δόρκωνι,
2777 5252 2813 5318 ἡ
2852 5248 3039 5317 νεϐρῷ
3063 5248 3305 5317 ἐλάφων
3344 5249 3439 5301 ἐπὶ
3492 5248 3563 5302 τὰ
3602 5249 3706 5317 ὄρη
3743 5247 3861 5303 τῶν
3915 5268 4034 5302 κοι-

2469 5341 2774 5408 λωμάτων.

2553 5435 2921 5503 Ἀπόστρεψον
2976 5434 3034 5486 δὲ
3097 5434 3165 5487 τὰ
3219 5434 3338 5487 καθ’
3389 5436 3545 5504 ἡμῶν
3598 5433 3900 5504 μαινόμενα
3934 5433 4035 5500 ψολ-

2469 5524 2709 5592 χοφθὸρα
2732 5523 2898 5591 νοητὰ
2948 5522 3112 5591 θηρία
3139 5563 3153 5585 ,
3183 5524 3251 5575 τὰ
3281 5524 3436 5593 δίκην
3469 5524 3645 5589 ὄφεων
3676 5524 3767 5575 τὸν
3812 5523 3889 5573 ἰὸν
3928 5522 4035 5572 τῶν

2471 5615 2654 5667 παθῶν
2689 5616 2742 5667 ἐν
2771 5617 2901 5685 ἡμῖν
2946 5616 3232 5685 ἐκχέοντα·
3283 5617 3575 5671 κάντεῦθεν
3622 5615 3915 5687 ὀμοιώθητι
3971 5615 4031 5666 σὺ
