  <div class='ocr_page' id='page_1' title='image "/cluster/home/n/w/nwhite01/storage/ocr_20150623/122/nnc1.0046979611/302.png"; bbox 0 0 4424 6446; ppageno 0'>
   <div class='ocr_carea' id='block_1_1' title="bbox 400 429 504 491">
    <p class='ocr_par' dir='ltr' id='par_1_1' title="bbox 400 429 504 491">
     <span class='ocr_line' id='line_1_1' title="bbox 400 429 504 491; baseline -0.019 0"><span class='ocrx_word' id='word_1_1' title='bbox 400 429 504 491; x_wconf 70' lang='grc'><strong>597</strong></span> 
     </span>
    </p>
   </div>
   <div class='ocr_carea' id='block_1_2' title="bbox 1413 409 2669 477">
    <p class='ocr_par' dir='ltr' id='par_1_2' title="bbox 1413 409 2669 477">
     <span class='ocr_line' id='line_1_2' title="bbox 1413 409 2669 477; baseline -0.01 0"><span class='ocrx_word' id='word_1_2' title='bbox 1413 415 1799 477; x_wconf 83' lang='lat' dir='ltr'><strong>COMMENT.</strong></span> <span class='ocrx_word' id='word_1_3' title='bbox 1845 414 1925 473; x_wconf 85' lang='grc' dir='ltr'><strong>ΙΝ</strong></span> <span class='ocrx_word' id='word_1_4' title='bbox 1955 410 2342 473; x_wconf 74' lang='lat' dir='ltr'><strong>CANTICUM</strong></span> <span class='ocrx_word' id='word_1_5' title='bbox 2384 409 2669 470; x_wconf 75' lang='lat' dir='ltr'><strong>CAN&#39;l‘lC.</strong></span> 
     </span>
    </p>
   </div>
   <div class='ocr_carea' id='block_1_3' title="bbox 3545 398 3649 461">
    <p class='ocr_par' dir='ltr' id='par_1_3' title="bbox 3545 398 3649 461">
     <span class='ocr_line' id='line_1_3' title="bbox 3545 398 3649 461; baseline 0 0"><span class='ocrx_word' id='word_1_6' title='bbox 3545 398 3649 461; x_wconf 80' lang='lat'><strong>598</strong></span> 
     </span>
    </p>
   </div>
   <div class='ocr_carea' id='block_1_4' title="bbox 404 510 2151 602">
    <p class='ocr_par' dir='ltr' id='par_1_4' title="bbox 404 524 2151 602">
     <span class='ocr_line' id='line_1_4' title="bbox 404 524 2151 602; baseline -0.006 -15"><span class='ocrx_word' id='word_1_7' title='bbox 404 533 694 602; x_wconf 80' lang='grc' dir='ltr'>πάντως,ή</span> <span class='ocrx_word' id='word_1_8' title='bbox 722 531 813 585; x_wconf 89' lang='grc' dir='ltr'><strong>τοῦ</strong></span> <span class='ocrx_word' id='word_1_9' title='bbox 844 528 979 584; x_wconf 81' lang='grc' dir='ltr'>Θεοῦ</span> <span class='ocrx_word' id='word_1_10' title='bbox 1002 527 1093 581; x_wconf 71' lang='grc' dir='ltr'>καὶ</span> <span class='ocrx_word' id='word_1_11' title='bbox 1112 527 1322 597; x_wconf 76' lang='grc' dir='ltr'>[ἰατρὸς</span> <span class='ocrx_word' id='word_1_12' title='bbox 1347 526 1978 593; x_wconf 82' lang='grc' dir='ltr'>ὲνυπόστατος’δύναμις,</span> <span class='ocrx_word' id='word_1_13' title='bbox 2008 524 2055 583; x_wconf 79' lang='grc' dir='ltr'>Α</span> <span class='ocrx_word' id='word_1_14' title='bbox 2084 524 2151 579; x_wconf 90' lang='lat' dir='ltr'><strong>dil</strong></span> 
     </span>
    </p>
   </div>
   <div class='ocr_carea' id='block_1_5' title="bbox 1896 510 3643 602">
    <p class='ocr_par' dir='ltr' id='par_1_5' title="bbox 1896 510 3643 591">
     <span class='ocr_line' id='line_1_5' title="bbox 1896 510 3643 591; baseline -0.005 -16"><span class='ocrx_word' id='word_1_15' title='bbox 1896 542 1978 591; x_wconf 66' lang='grc' dir='ltr'>ιις,</span> <span class='ocrx_word' id='word_1_16' title='bbox 2008 524 2055 583; x_wconf 80' lang='grc' dir='ltr'>Α</span> <span class='ocrx_word' id='word_1_17' title='bbox 2084 524 2285 579; x_wconf 90' lang='lat' dir='ltr'><strong>dilecte</strong></span> <span class='ocrx_word' id='word_1_18' title='bbox 2307 523 2404 587; x_wconf 89' lang='lat' dir='ltr'><strong>mi,</strong></span> <span class='ocrx_word' id='word_1_19' title='bbox 2440 521 2535 591; x_wconf 89' lang='lat' dir='ltr'><strong>qui</strong></span> <span class='ocrx_word' id='word_1_20' title='bbox 2562 518 2658 573; x_wconf 86' lang='lat' dir='ltr'><strong>Dei</strong></span> <span class='ocrx_word' id='word_1_21' title='bbox 2691 526 2745 573; x_wconf 84' lang='lat' dir='ltr'><strong>et</strong></span> <span class='ocrx_word' id='word_1_22' title='bbox 2782 513 2960 571; x_wconf 89' lang='lat' dir='ltr'><strong>Patris</strong></span> <span class='ocrx_word' id='word_1_23' title='bbox 2982 512 3144 568; x_wconf 91' lang='lat' dir='ltr'><strong>unius</strong></span> <span class='ocrx_word' id='word_1_24' title='bbox 3186 518 3354 581; x_wconf 84' lang='lat' dir='ltr'><strong>atque</strong></span> <span class='ocrx_word' id='word_1_25' title='bbox 3397 510 3643 577; x_wconf 78' lang='lat' dir='ltr'><strong>ejusdem</strong></span> 
     </span>
    </p>
   </div>
   <div class='ocr_carea' id='block_1_6' title="bbox 397 617 1977 695">
    <p class='ocr_par' dir='ltr' id='par_1_6' title="bbox 397 617 1977 695">
     <span class='ocr_line' id='line_1_6' title="bbox 397 617 1977 695; baseline -0.006 -16"><span class='ocrx_word' id='word_1_26' title='bbox 397 624 649 695; x_wconf 81' lang='grc' dir='ltr'>ἀγαπητέ</span> <span class='ocrx_word' id='word_1_27' title='bbox 687 640 807 693; x_wconf 87' lang='grc' dir='ltr'>μου,</span> <span class='ocrx_word' id='word_1_28' title='bbox 852 624 963 685; x_wconf 88' lang='grc' dir='ltr'>τοῖς</span> <span class='ocrx_word' id='word_1_29' title='bbox 990 619 1351 690; x_wconf 77' lang='grc' dir='ltr'><strong>φυγαδεύουσι</strong></span> <span class='ocrx_word' id='word_1_30' title='bbox 1380 618 1538 682; x_wconf 84' lang='grc' dir='ltr'>ζώοις</span> <span class='ocrx_word' id='word_1_31' title='bbox 1567 619 1636 672; x_wconf 66' lang='grc' dir='ltr'><strong>τά</strong></span> <span class='ocrx_word' id='word_1_32' title='bbox 1674 617 1857 670; x_wconf 78' lang='grc' dir='ltr'>ίοϐόλα</span> <span class='ocrx_word' id='word_1_33' title='bbox 1882 617 1977 684; x_wconf 82' lang='grc' dir='ltr'>οη-</span> 
     </span>
    </p>
   </div>
   <div class='ocr_carea' id='block_1_7' title="bbox 402 708 1976 787">
    <p class='ocr_par' dir='ltr' id='par_1_7' title="bbox 402 708 1976 787">
     <span class='ocr_line' id='line_1_7' title="bbox 402 708 1976 787; baseline -0.005 -19"><span class='ocrx_word' id='word_1_34' title='bbox 402 716 513 787; x_wconf 87' lang='grc' dir='ltr'>ρία,</span> <span class='ocrx_word' id='word_1_35' title='bbox 545 716 602 768; x_wconf 80' lang='grc' dir='ltr'><strong>ἐν</strong></span> <span class='ocrx_word' id='word_1_36' title='bbox 638 714 717 784; x_wconf 84' lang='grc' dir='ltr'>τῷ</span> <span class='ocrx_word' id='word_1_37' title='bbox 752 712 1077 767; x_wconf 79' lang='grc' dir='ltr'>ἀπελαύνειν</span> <span class='ocrx_word' id='word_1_38' title='bbox 1124 712 1314 781; x_wconf 76' lang='grc' dir='ltr'>πόρῤω</span> <span class='ocrx_word' id='word_1_39' title='bbox 1344 709 1503 779; x_wconf 80' lang='grc' dir='ltr'>ἡμῶν</span> <span class='ocrx_word' id='word_1_40' title='bbox 1534 710 1603 762; x_wconf 73' lang='grc' dir='ltr'><strong>τά</strong></span> <span class='ocrx_word' id='word_1_41' title='bbox 1635 708 1976 777; x_wconf 80' lang='grc' dir='ltr'><strong>πονηρότατα</strong></span> 
     </span>
    </p>
   </div>
   <div class='ocr_carea' id='block_1_8' title="bbox 401 799 1977 873">
    <p class='ocr_par' dir='ltr' id='par_1_8' title="bbox 401 799 1977 873">
     <span class='ocr_line' id='line_1_8' title="bbox 401 799 1977 873; baseline -0.004 -16"><span class='ocrx_word' id='word_1_42' title='bbox 401 806 690 873; x_wconf 82' lang='grc' dir='ltr'>πνεύματα</span> <span class='ocrx_word' id='word_1_43' title='bbox 718 819 731 835; x_wconf 90' lang='grc'><strong>·</strong></span> <span class='ocrx_word' id='word_1_44' title='bbox 785 802 930 857; x_wconf 77' lang='grc' dir='ltr'>οὕτω</span> <span class='ocrx_word' id='word_1_45' title='bbox 977 804 1035 856; x_wconf 84' lang='grc' dir='ltr'>δὲ</span> <span class='ocrx_word' id='word_1_46' title='bbox 1086 802 1298 864; x_wconf 80' lang='grc' dir='ltr'><strong>τούτοις</strong></span> <span class='ocrx_word' id='word_1_47' title='bbox 1328 799 1645 871; x_wconf 80' lang='grc' dir='ltr'>όμοιώθητι,</span> <span class='ocrx_word' id='word_1_48' title='bbox 1682 800 1977 870; x_wconf 78' lang='grc' dir='ltr'><strong>ἐρχόμενος</strong></span> 
     </span>
    </p>
   </div>
   <div class='ocr_carea' id='block_1_9' title="bbox 403 889 1977 962">
    <p class='ocr_par' dir='ltr' id='par_1_9' title="bbox 403 889 1977 962">
     <span class='ocr_line' id='line_1_9' title="bbox 403 889 1977 962; baseline -0.004 -14"><span class='ocrx_word' id='word_1_49' title='bbox 403 895 619 959; x_wconf 77' lang='grc' dir='ltr'>ἐπἰτάς</span> <span class='ocrx_word' id='word_1_50' title='bbox 643 894 1021 960; x_wconf 76' lang='grc' dir='ltr'><strong>διδασκάλους,</strong></span> <span class='ocrx_word' id='word_1_51' title='bbox 1061 896 1161 956; x_wconf 86' lang='grc' dir='ltr'><strong>τὰς</strong></span> <span class='ocrx_word' id='word_1_52' title='bbox 1188 892 1345 962; x_wconf 87' lang='grc' dir='ltr'>δίκην</span> <span class='ocrx_word' id='word_1_53' title='bbox 1384 890 1527 960; x_wconf 77' lang='grc' dir='ltr'>ὀρῶν</span> <span class='ocrx_word' id='word_1_54' title='bbox 1577 889 1977 961; x_wconf 81' lang='grc' dir='ltr'>ὑπερκειμένας</span> 
     </span>
    </p>
   </div>
   <div class='ocr_carea' id='block_1_10' title="bbox 401 979 1977 1051">
    <p class='ocr_par' dir='ltr' id='par_1_10' title="bbox 401 979 1977 1051">
     <span class='ocr_line' id='line_1_10' title="bbox 401 979 1977 1051; baseline -0.005 -13"><span class='ocrx_word' id='word_1_55' title='bbox 401 986 511 1038; x_wconf 85' lang='grc' dir='ltr'><strong>τῶν</strong></span> <span class='ocrx_word' id='word_1_56' title='bbox 550 982 936 1038; x_wconf 83' lang='grc' dir='ltr'>κοιλανθεισῶν</span> <span class='ocrx_word' id='word_1_57' title='bbox 964 984 1078 1046; x_wconf 87' lang='grc' dir='ltr'>τοῖς</span> <span class='ocrx_word' id='word_1_58' title='bbox 1130 983 1239 1036; x_wconf 84' lang='grc' dir='ltr'><strong>τῶν</strong></span> <span class='ocrx_word' id='word_1_59' title='bbox 1276 982 1467 1035; x_wconf 82' lang='grc' dir='ltr'>παθῶν</span> <span class='ocrx_word' id='word_1_60' title='bbox 1504 980 1739 1051; x_wconf 79' lang='grc' dir='ltr'>ῥεύμασι</span> <span class='ocrx_word' id='word_1_61' title='bbox 1800 979 1977 1049; x_wconf 87' lang='grc' dir='ltr'>μαθη-</span> 
     </span>
    </p>
   </div>
   <div class='ocr_carea' id='block_1_11' title="bbox 401 1071 1978 1144">
    <p class='ocr_par' dir='ltr' id='par_1_11' title="bbox 401 1071 1978 1144">
     <span class='ocr_line' id='line_1_11' title="bbox 401 1071 1978 1144; baseline -0.003 -16"><span class='ocrx_word' id='word_1_62' title='bbox 401 1077 593 1143; x_wconf 75' lang='grc' dir='ltr'>τριῶν,</span> <span class='ocrx_word' id='word_1_63' title='bbox 622 1075 763 1129; x_wconf 84' lang='grc' dir='ltr'>ὥστε</span> <span class='ocrx_word' id='word_1_64' title='bbox 810 1074 1146 1144; x_wconf 80' lang='grc' dir='ltr'>φυγαδεῦσαι</span> <span class='ocrx_word' id='word_1_65' title='bbox 1176 1075 1267 1129; x_wconf 80' lang='grc' dir='ltr'>διὰ</span> <span class='ocrx_word' id='word_1_66' title='bbox 1313 1073 1493 1143; x_wconf 86' lang='grc' dir='ltr'>μέσων</span> <span class='ocrx_word' id='word_1_67' title='bbox 1524 1072 1750 1125; x_wconf 80' lang='grc' dir='ltr'>ἐκείνων</span> <span class='ocrx_word' id='word_1_68' title='bbox 1782 1071 1851 1125; x_wconf 80' lang='grc' dir='ltr'>τὰ</span> <span class='ocrx_word' id='word_1_69' title='bbox 1880 1071 1978 1136; x_wconf 82' lang='grc' dir='ltr'>τὴν</span> 
     </span>
    </p>
   </div>
   <div class='ocr_carea' id='block_1_12' title="bbox 401 1162 1978 1236">
    <p class='ocr_par' dir='ltr' id='par_1_12' title="bbox 401 1162 1978 1236">
     <span class='ocr_line' id='line_1_12' title="bbox 401 1162 1978 1236; baseline -0.003 -18"><span class='ocrx_word' id='word_1_70' title='bbox 401 1166 610 1219; x_wconf 79' lang='grc' dir='ltr'>τούτων</span> <span class='ocrx_word' id='word_1_71' title='bbox 676 1165 1073 1236; x_wconf 83' lang='grc' dir='ltr'>κατωρύξαντα</span> <span class='ocrx_word' id='word_1_72' title='bbox 1132 1165 1371 1235; x_wconf 83' lang='grc' dir='ltr'>φυσικὴν</span> <span class='ocrx_word' id='word_1_73' title='bbox 1400 1164 1736 1234; x_wconf 83' lang='grc' dir='ltr'>ὁμαλότητα,</span> <span class='ocrx_word' id='word_1_74' title='bbox 1787 1162 1880 1217; x_wconf 74' lang='grc' dir='ltr'><strong>καὶ</strong></span> <span class='ocrx_word' id='word_1_75' title='bbox 1919 1162 1978 1214; x_wconf 85' lang='grc' dir='ltr'><strong>ἐν</strong></span> 
     </span>
    </p>
   </div>
   <div class='ocr_carea' id='block_1_13' title="bbox 402 1249 1977 1323">
    <p class='ocr_par' dir='ltr' id='par_1_13' title="bbox 402 1249 1977 1323">
     <span class='ocr_line' id='line_1_13' title="bbox 402 1249 1977 1323; baseline -0.003 -17"><span class='ocrx_word' id='word_1_76' title='bbox 402 1253 627 1317; x_wconf 74' lang='grc' dir='ltr'>ταύταις</span> <span class='ocrx_word' id='word_1_77' title='bbox 652 1254 1080 1323; x_wconf 84' lang='grc' dir='ltr'>ἐμφωλεῦσαντα</span> <span class='ocrx_word' id='word_1_78' title='bbox 1109 1253 1430 1323; x_wconf 80' lang='grc' dir='ltr'>ψυχοφθόρα</span> <span class='ocrx_word' id='word_1_79' title='bbox 1448 1251 1611 1323; x_wconf 80' lang='grc' dir='ltr'>θηρία</span> <span class='ocrx_word' id='word_1_80' title='bbox 1635 1268 1652 1284; x_wconf 85' lang='grc'><strong>·</strong></span> <span class='ocrx_word' id='word_1_81' title='bbox 1684 1249 1977 1306; x_wconf 78' lang='grc' dir='ltr'>κάντεῦθεν</span> 
     </span>
    </p>
   </div>
   <div class='ocr_carea' id='block_1_14' title="bbox 403 1342 1977 1416">
    <p class='ocr_par' dir='ltr' id='par_1_14' title="bbox 403 1342 1977 1416">
     <span class='ocr_line' id='line_1_14' title="bbox 403 1342 1977 1416; baseline -0.004 -16"><span class='ocrx_word' id='word_1_82' title='bbox 403 1350 853 1415; x_wconf 72' lang='grc' dir='ltr'>ἀποκαταστῆσαι</span> <span class='ocrx_word' id='word_1_83' title='bbox 900 1348 1066 1401; x_wconf 90' lang='grc' dir='ltr'>πάλιν</span> <span class='ocrx_word' id='word_1_84' title='bbox 1098 1349 1293 1410; x_wconf 78' lang='grc' dir='ltr'>αὑταῖς</span> <span class='ocrx_word' id='word_1_85' title='bbox 1314 1346 1412 1416; x_wconf 83' lang='grc' dir='ltr'><strong>τὴν</strong></span> <span class='ocrx_word' id='word_1_86' title='bbox 1441 1345 1742 1414; x_wconf 76' lang='grc' dir='ltr'>εἰρημένην</span> <span class='ocrx_word' id='word_1_87' title='bbox 1774 1342 1977 1411; x_wconf 82' lang='grc' dir='ltr'>ὁμαλό-</span> 
     </span>
    </p>
   </div>
   <div class='ocr_carea' id='block_1_15' title="bbox 402 1436 1981 1510">
    <p class='ocr_par' dir='ltr' id='par_1_15' title="bbox 402 1436 1981 1510">
     <span class='ocr_line' id='line_1_15' title="bbox 402 1436 1981 1510; baseline -0.003 -19"><span class='ocrx_word' id='word_1_88' title='bbox 402 1456 578 1503; x_wconf 65' lang='grc' dir='ltr'><strong>ιιιητα⁹</strong></span> <span class='ocrx_word' id='word_1_89' title='bbox 616 1442 756 1510; x_wconf 70' lang='grc' dir='ltr'>φημὶ</span> <span class='ocrx_word' id='word_1_90' title='bbox 794 1441 851 1492; x_wconf 88' lang='grc' dir='ltr'><strong>δέ</strong></span> <span class='ocrx_word' id='word_1_91' title='bbox 891 1441 989 1510; x_wconf 86' lang='grc' dir='ltr'>τὴν</span> <span class='ocrx_word' id='word_1_92' title='bbox 1032 1440 1145 1492; x_wconf 85' lang='grc' dir='ltr'>τῶν</span> <span class='ocrx_word' id='word_1_93' title='bbox 1198 1438 1444 1508; x_wconf 79' lang='grc' dir='ltr'>ψυχικῶν</span> <span class='ocrx_word' id='word_1_94' title='bbox 1473 1436 1756 1508; x_wconf 82' lang='grc' dir='ltr'>δυνάμεων</span> <span class='ocrx_word' id='word_1_95' title='bbox 1809 1437 1981 1488; x_wconf 81' lang='grc' dir='ltr'>ἰσονο-</span> 
     </span>
    </p>
   </div>
   <div class='ocr_carea' id='block_1_16' title="bbox 408 1529 559 1597">
    <p class='ocr_par' dir='ltr' id='par_1_16' title="bbox 408 1529 559 1597">
     <span class='ocr_line' id='line_1_16' title="bbox 408 1529 559 1597; baseline 0.026 -18"><span class='ocrx_word' id='word_1_96' title='bbox 408 1529 559 1597; x_wconf 84' lang='grc' dir='ltr'>μίαν.</span> 
     </span>
    </p>
   </div>
   <div class='ocr_carea' id='block_1_17' title="bbox 932 1615 1460 1685">
    <p class='ocr_par' dir='ltr' id='par_1_17' title="bbox 932 1615 1460 1685">
     <span class='ocr_line' id='line_1_17' title="bbox 932 1615 1460 1685; baseline -0.002 -16"><span class='ocrx_word' id='word_1_97' title='bbox 932 1617 1054 1669; x_wconf 84' lang='grc' dir='ltr'><strong>Τῶν</strong></span> <span class='ocrx_word' id='word_1_98' title='bbox 1086 1615 1132 1685; x_wconf 79' lang='grc' dir='ltr'><strong>τ’</strong></span> <span class='ocrx_word' id='word_1_99' title='bbox 1163 1615 1460 1682; x_wconf 83' lang='grc' dir='ltr'>Πατέρων.</span> 
     </span>
    </p>
   </div>
   <div class='ocr_carea' id='block_1_18' title="bbox 473 1702 1977 1778">
    <p class='ocr_par' dir='ltr' id='par_1_18' title="bbox 473 1702 1977 1778">
     <span class='ocr_line' id='line_1_18' title="bbox 473 1702 1977 1778; baseline -0.002 -20"><span class='ocrx_word' id='word_1_100' title='bbox 473 1706 658 1761; x_wconf 82' lang='grc' dir='ltr'>Ταῦτα</span> <span class='ocrx_word' id='word_1_101' title='bbox 686 1710 865 1761; x_wconf 82' lang='grc' dir='ltr'>τοίνυν</span> <span class='ocrx_word' id='word_1_102' title='bbox 897 1706 1271 1778; x_wconf 82' lang='grc' dir='ltr'>ήδιδάσκα).ος</span> <span class='ocrx_word' id='word_1_103' title='bbox 1308 1706 1403 1759; x_wconf 76' lang='grc' dir='ltr'><strong>τὸν</strong></span> <span class='ocrx_word' id='word_1_104' title='bbox 1446 1704 1681 1773; x_wconf 79' lang='grc' dir='ltr'>νυμφίον</span> <span class='ocrx_word' id='word_1_105' title='bbox 1713 1702 1842 1769; x_wconf 78' lang='grc' dir='ltr'>περὶ</span> <span class='ocrx_word' id='word_1_106' title='bbox 1868 1702 1977 1755; x_wconf 82' lang='grc' dir='ltr'><strong>τῶν</strong></span> 
     </span>
    </p>
   </div>
   <div class='ocr_carea' id='block_1_19' title="bbox 406 1793 1979 1870">
    <p class='ocr_par' dir='ltr' id='par_1_19' title="bbox 406 1793 1979 1870">
     <span class='ocr_line' id='line_1_19' title="bbox 406 1793 1979 1870; baseline -0.008 -14"><span class='ocrx_word' id='word_1_107' title='bbox 406 1800 862 1870; x_wconf 76' lang='grc' dir='ltr'>μαθητευομένων</span> <span class='ocrx_word' id='word_1_108' title='bbox 908 1796 1282 1865; x_wconf 86' lang='grc' dir='ltr'>αίτησαμένη,</span> <span class='ocrx_word' id='word_1_109' title='bbox 1348 1793 1485 1864; x_wconf 81' lang='grc' dir='ltr'>πρὸς</span> <span class='ocrx_word' id='word_1_110' title='bbox 1543 1794 1742 1856; x_wconf 83' lang='grc' dir='ltr'>ταύτας</span> <span class='ocrx_word' id='word_1_111' title='bbox 1795 1793 1979 1845; x_wconf 76' lang='grc' dir='ltr'>λοιπὸν</span> 
     </span>
    </p>
   </div>
   <div class='ocr_carea' id='block_1_20' title="bbox 403 1884 1979 1963">
    <p class='ocr_par' dir='ltr' id='par_1_20' title="bbox 403 1884 1979 1963">
     <span class='ocr_line' id='line_1_20' title="bbox 403 1884 1979 1963; baseline -0.006 -17"><span class='ocrx_word' id='word_1_112' title='bbox 403 1894 590 1963; x_wconf 77' lang='grc' dir='ltr'>τρέπει</span> <span class='ocrx_word' id='word_1_113' title='bbox 620 1892 711 1942; x_wconf 81' lang='grc' dir='ltr'><strong>τὸν</strong></span> <span class='ocrx_word' id='word_1_114' title='bbox 744 1889 925 1956; x_wconf 88' lang='grc' dir='ltr'>λόγον,</span> <span class='ocrx_word' id='word_1_115' title='bbox 959 1887 1057 1939; x_wconf 76' lang='grc' dir='ltr'><strong>καὶ</strong></span> <span class='ocrx_word' id='word_1_116' title='bbox 1090 1888 1156 1939; x_wconf 82' lang='grc' dir='ltr'>τὰ</span> <span class='ocrx_word' id='word_1_117' title='bbox 1188 1887 1364 1939; x_wconf 86' lang='grc' dir='ltr'>οίκεῖα</span> <span class='ocrx_word' id='word_1_118' title='bbox 1395 1884 1736 1955; x_wconf 78' lang='grc' dir='ltr'>ἐξηγουμένη</span> <span class='ocrx_word' id='word_1_119' title='bbox 1765 1886 1979 1950; x_wconf 76' lang='grc' dir='ltr'>αὑταῖς,</span> 
     </span>
    </p>
   </div>
   <div class='ocr_carea' id='block_1_21' title="bbox 403 1977 1979 2048">
    <p class='ocr_par' dir='ltr' id='par_1_21' title="bbox 403 1977 1979 2048">
     <span class='ocr_line' id='line_1_21' title="bbox 403 1977 1979 2048; baseline -0.004 -13"><span class='ocrx_word' id='word_1_120' title='bbox 403 1987 495 2035; x_wconf 65' lang='grc' dir='ltr'><strong>καὶ</strong></span> <span class='ocrx_word' id='word_1_121' title='bbox 535 1983 623 2035; x_wconf 78' lang='grc' dir='ltr'>διὰ</span> <span class='ocrx_word' id='word_1_122' title='bbox 647 1982 851 2035; x_wconf 84' lang='grc' dir='ltr'>τούτων</span> <span class='ocrx_word' id='word_1_123' title='bbox 883 1980 1089 2041; x_wconf 84' lang='grc' dir='ltr'>ταύτας</span> <span class='ocrx_word' id='word_1_124' title='bbox 1123 1979 1339 2044; x_wconf 78' lang='grc' dir='ltr'>ἐνάγειν</span> <span class='ocrx_word' id='word_1_125' title='bbox 1363 1977 1741 2048; x_wconf 86' lang='grc' dir='ltr'>ἐπιχειροῦσα,</span> <span class='ocrx_word' id='word_1_126' title='bbox 1769 1977 1935 2047; x_wconf 89' lang='grc' dir='ltr'>φησίν</span> <span class='ocrx_word' id='word_1_127' title='bbox 1964 1993 1979 2009; x_wconf 79' lang='grc'><strong><em>⁸</em></strong></span> 
     </span>
    </p>
   </div>
   <div class='ocr_carea' id='block_1_22' title="bbox 404 2054 1982 2141">
    <p class='ocr_par' dir='ltr' id='par_1_22' title="bbox 404 2054 1982 2141">
     <span class='ocr_line' id='line_1_22' title="bbox 404 2054 1982 2141; baseline 0.005 -18"><span class='ocrx_word' id='word_1_128' title='bbox 404 2054 527 2124; x_wconf 75' lang='grc' dir='ltr'><strong>Ἐπὶ</strong></span> <span class='ocrx_word' id='word_1_129' title='bbox 551 2074 758 2139; x_wconf 80' lang='grc' dir='ltr'>κοίτην</span> <span class='ocrx_word' id='word_1_130' title='bbox 776 2089 892 2141; x_wconf 82' lang='grc' dir='ltr'><strong>μου</strong></span> <span class='ocrx_word' id='word_1_131' title='bbox 918 2071 986 2122; x_wconf 82' lang='grc' dir='ltr'><strong>ἐν</strong></span> <span class='ocrx_word' id='word_1_132' title='bbox 1008 2069 1182 2131; x_wconf 77' lang='grc' dir='ltr'><em>νυξὶν</em></span> <span class='ocrx_word' id='word_1_133' title='bbox 1203 2068 1462 2133; x_wconf 70' lang='grc' dir='ltr'>ἐζήτησα</span> <span class='ocrx_word' id='word_1_134' title='bbox 1499 2066 1572 2119; x_wconf 80' lang='grc' dir='ltr'><strong>ὃν</strong></span> <span class='ocrx_word' id='word_1_135' title='bbox 1599 2066 1917 2134; x_wconf 74' lang='grc' dir='ltr'>ἠγάπησεν</span> 
     </span>
    </p>
   </div>
   <div class='ocr_carea' id='block_1_23' title="bbox 400 2149 1982 2228">
    <p class='ocr_par' dir='ltr' id='par_1_23' title="bbox 400 2149 1982 2228">
     <span class='ocr_line' id='line_1_23' title="bbox 400 2149 1982 2228; baseline -0.009 -15"><span class='ocrx_word' id='word_1_136' title='bbox 400 2160 570 2227; x_wconf 66' lang='grc' dir='ltr'>ψυχή</span> <span class='ocrx_word' id='word_1_137' title='bbox 590 2177 709 2228; x_wconf 89' lang='grc' dir='ltr'><strong>μου</strong></span> <span class='ocrx_word' id='word_1_138' title='bbox 730 2175 745 2192; x_wconf 77' lang='grc' dir='ltr'><strong>ο</strong></span> <span class='ocrx_word' id='word_1_139' title='bbox 786 2160 957 2228; x_wconf 80' lang='grc' dir='ltr'>ήγουν</span> <span class='ocrx_word' id='word_1_140' title='bbox 1009 2159 1065 2209; x_wconf 86' lang='grc' dir='ltr'>ὲν</span> <span class='ocrx_word' id='word_1_141' title='bbox 1100 2156 1265 2227; x_wconf 81' lang='grc' dir='ltr'>σαρκί</span> <span class='ocrx_word' id='word_1_142' title='bbox 1301 2172 1425 2224; x_wconf 87' lang='grc' dir='ltr'>μου,</span> <span class='ocrx_word' id='word_1_143' title='bbox 1459 2154 1545 2223; x_wconf 79' lang='grc' dir='ltr'>ἐφ’</span> <span class='ocrx_word' id='word_1_144' title='bbox 1647 2155 1865 2208; x_wconf 77' lang='grc' dir='ltr'>ἐδόκουν</span> <span class='ocrx_word' id='word_1_145' title='bbox 1896 2155 1982 2208; x_wconf 67' lang='grc' dir='ltr'>διὰ</span> 
     </span>
    </p>
   </div>
   <div class='ocr_carea' id='block_1_24' title="bbox 400 2246 1982 2320">
    <p class='ocr_par' dir='ltr' id='par_1_24' title="bbox 400 2246 1982 2320">
     <span class='ocr_line' id='line_1_24' title="bbox 400 2246 1982 2320; baseline -0.003 -17"><span class='ocrx_word' id='word_1_146' title='bbox 400 2252 462 2303; x_wconf 81' lang='grc' dir='ltr'>τὸ</span> <span class='ocrx_word' id='word_1_147' title='bbox 506 2250 625 2303; x_wconf 82' lang='grc' dir='ltr'>κατ’</span> <span class='ocrx_word' id='word_1_148' title='bbox 678 2250 848 2320; x_wconf 81' lang='grc' dir='ltr'>αὐτὴν</span> <span class='ocrx_word' id='word_1_149' title='bbox 875 2250 975 2319; x_wconf 72' lang='grc' dir='ltr'><strong>ήδῦ</strong></span> <span class='ocrx_word' id='word_1_150' title='bbox 1030 2247 1434 2310; x_wconf 82' lang='grc' dir='ltr'>ἀναπαύεσθαι,</span> <span class='ocrx_word' id='word_1_151' title='bbox 1475 2247 1533 2298; x_wconf 84' lang='grc' dir='ltr'><strong>ἐν</strong></span> <span class='ocrx_word' id='word_1_152' title='bbox 1580 2247 1698 2309; x_wconf 84' lang='grc' dir='ltr'>ταῖς</span> <span class='ocrx_word' id='word_1_153' title='bbox 1730 2246 1850 2310; x_wconf 74' lang='grc' dir='ltr'>νυξὶ</span> <span class='ocrx_word' id='word_1_154' title='bbox 1884 2246 1982 2313; x_wconf 86' lang='grc' dir='ltr'>τῆς</span> 
     </span>
    </p>
   </div>
   <div class='ocr_carea' id='block_1_25' title="bbox 402 2338 1983 2413">
    <p class='ocr_par' dir='ltr' id='par_1_25' title="bbox 402 2338 1983 2413">
     <span class='ocr_line' id='line_1_25' title="bbox 402 2338 1983 2413; baseline -0.003 -18"><span class='ocrx_word' id='word_1_155' title='bbox 402 2342 623 2410; x_wconf 80' lang='grc' dir='ltr'>ἀγνοίας</span> <span class='ocrx_word' id='word_1_156' title='bbox 653 2342 893 2413; x_wconf 81' lang='grc' dir='ltr'>ἐζήτησα</span> <span class='ocrx_word' id='word_1_157' title='bbox 923 2341 981 2393; x_wconf 77' lang='grc' dir='ltr'>τὸ</span> <span class='ocrx_word' id='word_1_158' title='bbox 1010 2341 1213 2409; x_wconf 86' lang='grc' dir='ltr'>κυρίως</span> <span class='ocrx_word' id='word_1_159' title='bbox 1272 2338 1458 2403; x_wconf 82' lang='grc' dir='ltr'>καλὸν,</span> <span class='ocrx_word' id='word_1_160' title='bbox 1490 2338 1625 2409; x_wconf 84' lang='grc' dir='ltr'>ὅπερ</span> <span class='ocrx_word' id='word_1_161' title='bbox 1660 2340 1779 2391; x_wconf 74' lang='grc' dir='ltr'>ἐστὶ</span> <span class='ocrx_word' id='word_1_162' title='bbox 1811 2340 1839 2391; x_wconf 99' lang='lat'><strong>6</strong></span> <span class='ocrx_word' id='word_1_163' title='bbox 1860 2338 1983 2407; x_wconf 78' lang='grc' dir='ltr'>ἐμοὶ</span> 
     </span>
    </p>
   </div>
   <div class='ocr_carea' id='block_1_26' title="bbox 403 2424 1977 2500">
    <p class='ocr_par' dir='ltr' id='par_1_26' title="bbox 403 2424 1977 2500">
     <span class='ocr_line' id='line_1_26' title="bbox 403 2424 1977 2500; baseline -0.003 -18"><span class='ocrx_word' id='word_1_164' title='bbox 403 2430 755 2500; x_wconf 75' lang='grc' dir='ltr'>ήγαπημένος</span> <span class='ocrx_word' id='word_1_165' title='bbox 800 2429 1052 2497; x_wconf 83' lang='grc' dir='ltr'>νυμφίος,</span> <span class='ocrx_word' id='word_1_166' title='bbox 1113 2428 1317 2495; x_wconf 77' lang='grc' dir='ltr'>εὑρεῖν,</span> <span class='ocrx_word' id='word_1_167' title='bbox 1375 2426 1514 2479; x_wconf 88' lang='grc' dir='ltr'><strong>κατά</strong></span> <span class='ocrx_word' id='word_1_168' title='bbox 1561 2426 1621 2479; x_wconf 82' lang='grc' dir='ltr'>τὸ</span> <span class='ocrx_word' id='word_1_169' title='bbox 1669 2424 1977 2493; x_wconf 89' lang='grc' dir='ltr'>είρημένον,</span> 
     </span>
    </p>
   </div>
   <div class='ocr_carea' id='block_1_27' title="bbox 401 2513 1976 2590">
    <p class='ocr_par' dir='ltr' id='par_1_27' title="bbox 401 2513 1976 2590">
     <span class='ocr_line' id='line_1_27' title="bbox 401 2513 1976 2590; baseline -0.004 -15"><span class='ocrx_word' id='word_1_170' title='bbox 401 2523 483 2575; x_wconf 82' lang='grc' dir='ltr'><strong>δτι</strong></span> <span class='ocrx_word' id='word_1_171' title='bbox 519 2520 609 2584; x_wconf 65' lang='grc' dir='ltr'>νὺξ</span> <span class='ocrx_word' id='word_1_172' title='bbox 654 2513 720 2590; x_wconf 68' lang='grc' dir='ltr'>ἦν</span> <span class='ocrx_word' id='word_1_173' title='bbox 767 2519 896 2588; x_wconf 73' lang='grc' dir='ltr'>περὶ</span> <span class='ocrx_word' id='word_1_174' title='bbox 927 2518 1025 2586; x_wconf 84' lang='grc' dir='ltr'><strong>ἐμέ</strong></span> <span class='ocrx_word' id='word_1_175' title='bbox 1079 2517 1178 2585; x_wconf 80' lang='grc' dir='ltr'><strong>τὴν</strong></span> <span class='ocrx_word' id='word_1_176' title='bbox 1235 2517 1487 2580; x_wconf 87' lang='grc' dir='ltr'>δείλαιον,</span> <span class='ocrx_word' id='word_1_177' title='bbox 1517 2516 1609 2568; x_wconf 78' lang='grc' dir='ltr'>καὶ</span> <span class='ocrx_word' id='word_1_178' title='bbox 1640 2516 1739 2567; x_wconf 77' lang='grc' dir='ltr'><strong>οὐκ</strong></span> <span class='ocrx_word' id='word_1_179' title='bbox 1768 2514 1940 2581; x_wconf 74' lang='grc' dir='ltr'>ἔγνων</span> <span class='ocrx_word' id='word_1_180' title='bbox 1963 2531 1976 2546; x_wconf 91' lang='grc'><strong>·</strong></span> 
     </span>
    </p>
   </div>
   <div class='ocr_carea' id='block_1_28' title="bbox 404 2606 1976 2680">
    <p class='ocr_par' dir='ltr' id='par_1_28' title="bbox 404 2606 1976 2680">
     <span class='ocr_line' id='line_1_28' title="bbox 404 2606 1976 2680; baseline 0 -19"><span class='ocrx_word' id='word_1_181' title='bbox 404 2612 683 2680; x_wconf 75' lang='grc' dir='ltr'>φωτισμὸν</span> <span class='ocrx_word' id='word_1_182' title='bbox 740 2610 851 2680; x_wconf 77' lang='grc' dir='ltr'>γὰρ</span> <span class='ocrx_word' id='word_1_183' title='bbox 925 2606 1065 2662; x_wconf 85' lang='grc' dir='ltr'>εἶναι</span> <span class='ocrx_word' id='word_1_184' title='bbox 1135 2608 1233 2678; x_wconf 81' lang='grc' dir='ltr'><strong>τὴν</strong></span> <span class='ocrx_word' id='word_1_185' title='bbox 1303 2607 1515 2677; x_wconf 81' lang='grc' dir='ltr'>τρυφήν</span> <span class='ocrx_word' id='word_1_186' title='bbox 1576 2606 1976 2676; x_wconf 79' lang='grc' dir='ltr'>ὑπελάμϐανον.</span> 
     </span>
    </p>
   </div>
   <div class='ocr_carea' id='block_1_29' title="bbox 417 2693 1982 2770">
    <p class='ocr_par' dir='ltr' id='par_1_29' title="bbox 417 2693 1982 2770">
     <span class='ocr_line' id='line_1_29' title="bbox 417 2693 1982 2770; baseline -0.003 -15"><span class='ocrx_word' id='word_1_187' title='bbox 417 2701 707 2770; x_wconf 75' lang='grc' dir='ltr'>Ἐζήτησα</span> <span class='ocrx_word' id='word_1_188' title='bbox 735 2702 917 2755; x_wconf 74' lang='grc' dir='ltr'>αὐτὸν</span> <span class='ocrx_word' id='word_1_189' title='bbox 956 2698 1054 2751; x_wconf 75' lang='grc' dir='ltr'><strong>καί</strong></span> <span class='ocrx_word' id='word_1_190' title='bbox 1088 2701 1202 2766; x_wconf 84' lang='grc' dir='ltr'><strong>οὺχ</strong></span> <span class='ocrx_word' id='word_1_191' title='bbox 1243 2693 1424 2765; x_wconf 73' lang='grc' dir='ltr'>εὖρον</span> <span class='ocrx_word' id='word_1_192' title='bbox 1450 2698 1637 2751; x_wconf 77' lang='grc' dir='ltr'>αὑτὸν</span> <span class='ocrx_word' id='word_1_193' title='bbox 1660 2736 1675 2760; x_wconf 87' lang='grc'><strong>,</strong></span> <span class='ocrx_word' id='word_1_194' title='bbox 1717 2697 1982 2751; x_wconf 72' lang='grc' dir='ltr'>ἐκάλεσα</span> 
     </span>
    </p>
   </div>
   <div class='ocr_carea' id='block_1_30' title="bbox 401 2786 1979 2860">
    <p class='ocr_par' dir='ltr' id='par_1_30' title="bbox 401 2786 1979 2860">
     <span class='ocr_line' id='line_1_30' title="bbox 401 2786 1979 2860; baseline -0.004 -15"><span class='ocrx_word' id='word_1_195' title='bbox 401 2793 608 2856; x_wconf 80' lang='grc' dir='ltr'>αὐτὸν,</span> <span class='ocrx_word' id='word_1_196' title='bbox 652 2793 747 2846; x_wconf 77' lang='grc' dir='ltr'>καὶ</span> <span class='ocrx_word' id='word_1_197' title='bbox 777 2795 888 2860; x_wconf 83' lang='grc' dir='ltr'><strong>οὐχ</strong></span> <span class='ocrx_word' id='word_1_198' title='bbox 926 2790 1241 2855; x_wconf 68' lang='grc' dir='ltr'>ὑπήκουσέ</span> <span class='ocrx_word' id='word_1_199' title='bbox 1258 2806 1378 2855; x_wconf 86' lang='grc' dir='ltr'><strong>μου</strong></span> <span class='ocrx_word' id='word_1_200' title='bbox 1408 2805 1422 2821; x_wconf 88' lang='grc'><strong>·</strong></span> <span class='ocrx_word' id='word_1_201' title='bbox 1459 2787 1663 2858; x_wconf 82' lang='grc' dir='ltr'>δηλαδὴ</span> <span class='ocrx_word' id='word_1_202' title='bbox 1692 2786 1979 2856; x_wconf 76' lang='grc' dir='ltr'>ζητήσασα</span> 
     </span>
    </p>
   </div>
   <div class='ocr_carea' id='block_1_31' title="bbox 406 2870 1979 2946">
    <p class='ocr_par' dir='ltr' id='par_1_31' title="bbox 406 2870 1979 2946">
     <span class='ocr_line' id='line_1_31' title="bbox 406 2870 1979 2946; baseline -0.003 -14"><span class='ocrx_word' id='word_1_203' title='bbox 406 2880 567 2932; x_wconf 65' lang='grc' dir='ltr'>αὐτὸν</span> <span class='ocrx_word' id='word_1_204' title='bbox 591 2881 647 2930; x_wconf 87' lang='grc' dir='ltr'><strong>ἐν</strong></span> <span class='ocrx_word' id='word_1_205' title='bbox 669 2881 780 2940; x_wconf 75' lang='grc' dir='ltr'>τοῖς</span> <span class='ocrx_word' id='word_1_206' title='bbox 808 2877 949 2930; x_wconf 73' lang='grc' dir='ltr'>κατὰ</span> <span class='ocrx_word' id='word_1_207' title='bbox 977 2876 1154 2944; x_wconf 85' lang='grc' dir='ltr'>σάρκα</span> <span class='ocrx_word' id='word_1_208' title='bbox 1185 2876 1388 2945; x_wconf 78' lang='grc' dir='ltr'>ἡδέσιν,</span> <span class='ocrx_word' id='word_1_209' title='bbox 1413 2876 1511 2945; x_wconf 77' lang='grc' dir='ltr'><strong>οὐχ</strong></span> <span class='ocrx_word' id='word_1_210' title='bbox 1535 2870 1716 2944; x_wconf 76' lang='grc' dir='ltr'>εὗρον.</span> <span class='ocrx_word' id='word_1_211' title='bbox 1762 2876 1979 2946; x_wconf 78' lang='grc' dir='ltr'>Ἐπειδὴ</span> 
     </span>
    </p>
   </div>
   <div class='ocr_carea' id='block_1_32' title="bbox 408 2963 1980 3041">
    <p class='ocr_par' dir='ltr' id='par_1_32' title="bbox 408 2963 1980 3041">
     <span class='ocr_line' id='line_1_32' title="bbox 408 2963 1980 3041; baseline -0.001 -19"><span class='ocrx_word' id='word_1_212' title='bbox 408 2975 476 3041; x_wconf 80' lang='grc' dir='ltr'>τῇ</span> <span class='ocrx_word' id='word_1_213' title='bbox 512 2973 749 3040; x_wconf 80' lang='grc' dir='ltr'>σαρκικῇ</span> <span class='ocrx_word' id='word_1_214' title='bbox 780 2970 939 3040; x_wconf 77' lang='grc' dir='ltr'>ἡδονῇ</span> <span class='ocrx_word' id='word_1_215' title='bbox 972 2968 1215 3037; x_wconf 85' lang='grc' dir='ltr'>φυσικῶς</span> <span class='ocrx_word' id='word_1_216' title='bbox 1236 2969 1264 3020; x_wconf 89' lang='lat'><strong>6</strong></span> <span class='ocrx_word' id='word_1_217' title='bbox 1292 2968 1449 3029; x_wconf 88' lang='grc' dir='ltr'>πόνος</span> <span class='ocrx_word' id='word_1_218' title='bbox 1479 2963 1828 3030; x_wconf 84' lang='grc' dir='ltr'>συνέξευκται</span> <span class='ocrx_word' id='word_1_219' title='bbox 1858 2983 1869 2996; x_wconf 86' lang='grc'><em>’</em></span> <span class='ocrx_word' id='word_1_220' title='bbox 1899 2966 1980 3020; x_wconf 85' lang='grc' dir='ltr'><strong>ὅτι</strong></span> 
     </span>
    </p>
   </div>
   <div class='ocr_carea' id='block_1_33' title="bbox 407 3054 1979 3129">
    <p class='ocr_par' dir='ltr' id='par_1_33' title="bbox 407 3054 1979 3129">
     <span class='ocr_line' id='line_1_33' title="bbox 407 3054 1979 3129; baseline -0.004 -16"><span class='ocrx_word' id='word_1_221' title='bbox 407 3062 643 3129; x_wconf 78' lang='grc' dir='ltr'>φθορᾶς,</span> <span class='ocrx_word' id='word_1_222' title='bbox 680 3061 800 3129; x_wconf 80' lang='grc' dir='ltr'>ἥτις</span> <span class='ocrx_word' id='word_1_223' title='bbox 845 3058 1005 3127; x_wconf 84' lang='grc' dir='ltr'>όδῦνη</span> <span class='ocrx_word' id='word_1_224' title='bbox 1056 3057 1224 3120; x_wconf 82' lang='grc' dir='ltr'>ἐστὶν,</span> <span class='ocrx_word' id='word_1_225' title='bbox 1270 3057 1303 3126; x_wconf 84' lang='grc' dir='ltr'><strong>ή</strong></span> <span class='ocrx_word' id='word_1_226' title='bbox 1357 3055 1479 3108; x_wconf 87' lang='grc' dir='ltr'>κατ’</span> <span class='ocrx_word' id='word_1_227' title='bbox 1540 3054 1793 3123; x_wconf 68' lang='grc' dir='ltr'>αἴσθησιν</span> <span class='ocrx_word' id='word_1_228' title='bbox 1821 3055 1979 3126; x_wconf 83' lang='grc' dir='ltr'>ήδονὴ</span> 
     </span>
    </p>
   </div>
   <div class='ocr_carea' id='block_1_34' title="bbox 408 3146 1973 3219">
    <p class='ocr_par' dir='ltr' id='par_1_34' title="bbox 408 3146 1973 3219">
     <span class='ocr_line' id='line_1_34' title="bbox 408 3146 1973 3219; baseline -0.004 -16"><span class='ocrx_word' id='word_1_229' title='bbox 408 3152 638 3218; x_wconf 80' lang='grc' dir='ltr'>γένεσις.</span> <span class='ocrx_word' id='word_1_230' title='bbox 690 3148 994 3204; x_wconf 76' lang='grc' dir='ltr'>Κάντεῦθεν</span> <span class='ocrx_word' id='word_1_231' title='bbox 1038 3146 1132 3201; x_wconf 85' lang='grc' dir='ltr'>ἀπ’</span> <span class='ocrx_word' id='word_1_232' title='bbox 1178 3148 1352 3214; x_wconf 81' lang='grc' dir='ltr'>αὐτῆς</span> <span class='ocrx_word' id='word_1_233' title='bbox 1396 3146 1567 3215; x_wconf 82' lang='grc' dir='ltr'>ἔγνων</span> <span class='ocrx_word' id='word_1_234' title='bbox 1598 3147 1699 3216; x_wconf 83' lang='grc' dir='ltr'>τῆς</span> <span class='ocrx_word' id='word_1_235' title='bbox 1755 3146 1973 3219; x_wconf 86' lang='grc' dir='ltr'>πείρας,</span> 
     </span>
    </p>
   </div>
   <div class='ocr_carea' id='block_1_35' title="bbox 406 3238 1977 3312">
    <p class='ocr_par' dir='ltr' id='par_1_35' title="bbox 406 3238 1977 3312">
     <span class='ocr_line' id='line_1_35' title="bbox 406 3238 1977 3312; baseline -0.003 -17"><span class='ocrx_word' id='word_1_236' title='bbox 406 3244 490 3295; x_wconf 75' lang='grc' dir='ltr'><strong>ὅτι</strong></span> <span class='ocrx_word' id='word_1_237' title='bbox 548 3242 646 3312; x_wconf 85' lang='grc' dir='ltr'>τῆς</span> <span class='ocrx_word' id='word_1_238' title='bbox 687 3240 827 3294; x_wconf 86' lang='grc' dir='ltr'><strong>κατά</strong></span> <span class='ocrx_word' id='word_1_239' title='bbox 881 3240 1060 3310; x_wconf 88' lang='grc' dir='ltr'>σάρκα</span> <span class='ocrx_word' id='word_1_240' title='bbox 1115 3238 1308 3307; x_wconf 79' lang='grc' dir='ltr'>ἡδονῆς</span> <span class='ocrx_word' id='word_1_241' title='bbox 1358 3240 1386 3290; x_wconf 96' lang='lat'><strong>6</strong></span> <span class='ocrx_word' id='word_1_242' title='bbox 1439 3239 1562 3307; x_wconf 71' lang='grc' dir='ltr'>ἐμοὶ</span> <span class='ocrx_word' id='word_1_243' title='bbox 1610 3238 1977 3308; x_wconf 86' lang='grc' dir='ltr'>ἀγαπώμενος</span> 
     </span>
    </p>
   </div>
   <div class='ocr_carea' id='block_1_36' title="bbox 410 3327 1979 3400">
    <p class='ocr_par' dir='ltr' id='par_1_36' title="bbox 410 3327 1979 3400">
     <span class='ocr_line' id='line_1_36' title="bbox 410 3327 1979 3400; baseline -0.004 -15"><span class='ocrx_word' id='word_1_244' title='bbox 410 3334 606 3387; x_wconf 74' lang='grc' dir='ltr'>ἄπεστι</span> <span class='ocrx_word' id='word_1_245' title='bbox 638 3350 652 3363; x_wconf 72' lang='grc' dir='ltr'><strong>ο</strong></span> <span class='ocrx_word' id='word_1_246' title='bbox 681 3332 867 3400; x_wconf 90' lang='grc' dir='ltr'>διόπερ</span> <span class='ocrx_word' id='word_1_247' title='bbox 890 3333 946 3381; x_wconf 82' lang='grc' dir='ltr'><strong>ἐν</strong></span> <span class='ocrx_word' id='word_1_248' title='bbox 967 3331 1137 3399; x_wconf 81' lang='grc' dir='ltr'>ταύτῃ</span> <span class='ocrx_word' id='word_1_249' title='bbox 1167 3329 1471 3397; x_wconf 82' lang='grc' dir='ltr'>καλεσάσης</span> <span class='ocrx_word' id='word_1_250' title='bbox 1502 3344 1603 3396; x_wconf 89' lang='grc' dir='ltr'><strong>μου</strong></span> <span class='ocrx_word' id='word_1_251' title='bbox 1626 3327 1815 3380; x_wconf 89' lang='grc' dir='ltr'>τοῦτον</span> <span class='ocrx_word' id='word_1_252' title='bbox 1842 3328 1979 3396; x_wconf 82' lang='grc' dir='ltr'>πρὸς</span> 
     </span>
    </p>
   </div>
   <div class='ocr_carea' id='block_1_37' title="bbox 407 3418 1981 3490">
    <p class='ocr_par' dir='ltr' id='par_1_37' title="bbox 407 3418 1981 3490">
     <span class='ocr_line' id='line_1_37' title="bbox 407 3418 1981 3490; baseline -0.003 -15"><span class='ocrx_word' id='word_1_253' title='bbox 407 3423 705 3476; x_wconf 83' lang='grc' dir='ltr'>ἀπόλαυσιν</span> <span class='ocrx_word' id='word_1_254' title='bbox 737 3422 969 3487; x_wconf 73' lang='grc' dir='ltr'>ἄλυπον,</span> <span class='ocrx_word' id='word_1_255' title='bbox 1001 3421 1099 3490; x_wconf 81' lang='grc' dir='ltr'>οὐχ</span> <span class='ocrx_word' id='word_1_256' title='bbox 1130 3420 1458 3488; x_wconf 84' lang='grc' dir='ltr'>ὑπήκουσεν.</span> <span class='ocrx_word' id='word_1_257' title='bbox 1500 3418 1663 3472; x_wconf 86' lang='grc' dir='ltr'>Ὀοεν</span> <span class='ocrx_word' id='word_1_258' title='bbox 1690 3421 1981 3490; x_wconf 87' lang='grc' dir='ltr'>διαπορου-</span> 
     </span>
    </p>
   </div>
   <div class='ocr_carea' id='block_1_38' title="bbox 412 3508 1978 3583">
    <p class='ocr_par' dir='ltr' id='par_1_38' title="bbox 412 3508 1978 3583">
     <span class='ocr_line' id='line_1_38' title="bbox 412 3508 1978 3583; baseline -0.001 -19"><span class='ocrx_word' id='word_1_259' title='bbox 412 3514 546 3583; x_wconf 80' lang='grc' dir='ltr'>μὲνη</span> <span class='ocrx_word' id='word_1_260' title='bbox 576 3512 699 3567; x_wconf 88' lang='grc' dir='ltr'>τάδε</span> <span class='ocrx_word' id='word_1_261' title='bbox 751 3508 903 3564; x_wconf 80' lang='grc' dir='ltr'>εἷπον</span> <span class='ocrx_word' id='word_1_262' title='bbox 933 3512 1066 3582; x_wconf 83' lang='grc' dir='ltr'>πρὸς</span> <span class='ocrx_word' id='word_1_263' title='bbox 1096 3511 1338 3580; x_wconf 75' lang='grc' dir='ltr'>ἐμαυτήν</span> <span class='ocrx_word' id='word_1_264' title='bbox 1364 3525 1379 3541; x_wconf 88' lang='grc'><strong>·</strong></span> <span class='ocrx_word' id='word_1_265' title='bbox 1417 3509 1865 3580; x_wconf 80' lang='grc' dir='ltr'>Ἀγαστήσομαι</span> <span class='ocrx_word' id='word_1_266' title='bbox 1901 3510 1978 3579; x_wconf 75' lang='grc' dir='ltr'><strong>δή</strong></span> 
     </span>
    </p>
   </div>
   <div class='ocr_carea' id='block_1_39' title="bbox 410 3600 1979 3671">
    <p class='ocr_par' dir='ltr' id='par_1_39' title="bbox 410 3600 1979 3671">
     <span class='ocr_line' id='line_1_39' title="bbox 410 3600 1979 3671; baseline -0.003 -14"><span class='ocrx_word' id='word_1_267' title='bbox 410 3605 509 3657; x_wconf 75' lang='grc' dir='ltr'>καὶ</span> <span class='ocrx_word' id='word_1_268' title='bbox 550 3602 845 3658; x_wconf 80' lang='grc' dir='ltr'>κυκλώσω</span> <span class='ocrx_word' id='word_1_269' title='bbox 879 3603 949 3657; x_wconf 81' lang='grc' dir='ltr'><strong>ἐν</strong></span> <span class='ocrx_word' id='word_1_270' title='bbox 992 3602 1065 3671; x_wconf 81' lang='grc' dir='ltr'>τῇ</span> <span class='ocrx_word' id='word_1_271' title='bbox 1116 3602 1309 3663; x_wconf 76' lang='grc' dir='ltr'>πόλει,</span> <span class='ocrx_word' id='word_1_272' title='bbox 1347 3601 1418 3654; x_wconf 84' lang='grc' dir='ltr'><strong>ἐν</strong></span> <span class='ocrx_word' id='word_1_273' title='bbox 1454 3600 1579 3666; x_wconf 84' lang='grc' dir='ltr'>ταῖς</span> <span class='ocrx_word' id='word_1_274' title='bbox 1601 3601 1841 3669; x_wconf 82' lang='grc' dir='ltr'>ἀγοραῖς</span> <span class='ocrx_word' id='word_1_275' title='bbox 1881 3600 1979 3655; x_wconf 80' lang='grc' dir='ltr'>καὶ</span> 
     </span>
    </p>
   </div>
   <div class='ocr_carea' id='block_1_40' title="bbox 406 3690 1978 3761">
    <p class='ocr_par' dir='ltr' id='par_1_40' title="bbox 406 3690 1978 3761">
     <span class='ocr_line' id='line_1_40' title="bbox 406 3690 1978 3761; baseline -0.004 -11"><span class='ocrx_word' id='word_1_276' title='bbox 406 3698 479 3750; x_wconf 84' lang='grc' dir='ltr'><strong>ἐν</strong></span> <span class='ocrx_word' id='word_1_277' title='bbox 500 3696 626 3761; x_wconf 86' lang='grc' dir='ltr'>ταῖς</span> <span class='ocrx_word' id='word_1_278' title='bbox 656 3695 997 3759; x_wconf 79' lang='grc' dir='ltr'>πλατείαις·</span> <span class='ocrx_word' id='word_1_279' title='bbox 1048 3692 1149 3746; x_wconf 76' lang='grc' dir='ltr'><strong>καί</strong></span> <span class='ocrx_word' id='word_1_280' title='bbox 1195 3691 1429 3758; x_wconf 79' lang='grc' dir='ltr'>ζητήσω</span> <span class='ocrx_word' id='word_1_281' title='bbox 1478 3690 1551 3744; x_wconf 82' lang='grc' dir='ltr'><strong>ὃν</strong></span> <span class='ocrx_word' id='word_1_282' title='bbox 1589 3692 1908 3760; x_wconf 75' lang='grc' dir='ltr'>ἠγάπησεν</span> <span class='ocrx_word' id='word_1_283' title='bbox 1940 3693 1978 3760; x_wconf 75' lang='grc' dir='ltr'><strong><em>ἠ</em></strong></span> 
     </span>
    </p>
   </div>
   <div class='ocr_carea' id='block_1_41' title="bbox 408 3781 1979 3854">
    <p class='ocr_par' dir='ltr' id='par_1_41' title="bbox 408 3781 1979 3854">
     <span class='ocr_line' id='line_1_41' title="bbox 408 3781 1979 3854; baseline -0.003 -16"><span class='ocrx_word' id='word_1_284' title='bbox 408 3785 578 3854; x_wconf 64' lang='grc' dir='ltr'>ψυχή</span> <span class='ocrx_word' id='word_1_285' title='bbox 610 3802 747 3852; x_wconf 84' lang='grc' dir='ltr'>μου.</span> <span class='ocrx_word' id='word_1_286' title='bbox 784 3785 965 3848; x_wconf 82' lang='grc' dir='ltr'>Ἤτοι,</span> <span class='ocrx_word' id='word_1_287' title='bbox 1015 3781 1384 3851; x_wconf 80' lang='grc' dir='ltr'>ἐγερθήσομαι</span> <span class='ocrx_word' id='word_1_288' title='bbox 1440 3781 1546 3833; x_wconf 73' lang='grc' dir='ltr'>ἀπὸ</span> <span class='ocrx_word' id='word_1_289' title='bbox 1576 3782 1676 3850; x_wconf 80' lang='grc' dir='ltr'><strong>τῆς</strong></span> <span class='ocrx_word' id='word_1_290' title='bbox 1711 3784 1979 3851; x_wconf 85' lang='grc' dir='ltr'>σαρκικῆς</span> 
     </span>
    </p>
   </div>
   <div class='ocr_carea' id='block_1_42' title="bbox 411 3871 1982 3945">
    <p class='ocr_par' dir='ltr' id='par_1_42' title="bbox 411 3871 1982 3945">
     <span class='ocr_line' id='line_1_42' title="bbox 411 3871 1982 3945; baseline -0.001 -18"><span class='ocrx_word' id='word_1_291' title='bbox 411 3876 680 3945; x_wconf 78' lang='grc' dir='ltr'>σχέσεως,</span> <span class='ocrx_word' id='word_1_292' title='bbox 747 3875 841 3927; x_wconf 76' lang='grc' dir='ltr'>καὶ</span> <span class='ocrx_word' id='word_1_293' title='bbox 911 3872 1171 3941; x_wconf 83' lang='grc' dir='ltr'>θεωρήσω</span> <span class='ocrx_word' id='word_1_294' title='bbox 1231 3871 1653 3938; x_wconf 86' lang='grc' dir='ltr'>είσαγωγικῶς,</span> <span class='ocrx_word' id='word_1_295' title='bbox 1700 3872 1793 3923; x_wconf 77' lang='grc' dir='ltr'><strong>καὶ</strong></span> <span class='ocrx_word' id='word_1_296' title='bbox 1842 3871 1982 3925; x_wconf 80' lang='grc' dir='ltr'>οὓτω</span> 
     </span>
    </p>
   </div>
   <div class='ocr_carea' id='block_1_43' title="bbox 409 3960 1978 4036">
    <p class='ocr_par' dir='ltr' id='par_1_43' title="bbox 409 3960 1978 4036">
     <span class='ocr_line' id='line_1_43' title="bbox 409 3960 1978 4036; baseline -0.001 -20"><span class='ocrx_word' id='word_1_297' title='bbox 409 3966 622 4036; x_wconf 77' lang='grc' dir='ltr'>πράξω.</span> <span class='ocrx_word' id='word_1_298' title='bbox 656 3962 963 4017; x_wconf 82' lang='grc' dir='ltr'>Κάντεῦοεν</span> <span class='ocrx_word' id='word_1_299' title='bbox 992 3963 1083 4016; x_wconf 78' lang='grc' dir='ltr'>διὰ</span> <span class='ocrx_word' id='word_1_300' title='bbox 1111 3963 1306 4031; x_wconf 87' lang='grc' dir='ltr'>πείρας</span> <span class='ocrx_word' id='word_1_301' title='bbox 1329 3960 1657 4032; x_wconf 87' lang='grc' dir='ltr'>τελεώτερον</span> <span class='ocrx_word' id='word_1_302' title='bbox 1682 3962 1943 4033; x_wconf 83' lang='grc' dir='ltr'>οεωρήσω</span> <span class='ocrx_word' id='word_1_303' title='bbox 1966 3982 1978 3993; x_wconf 91' lang='grc'><strong>·</strong></span> 
     </span>
    </p>
   </div>
   <div class='ocr_carea' id='block_1_44' title="bbox 409 4038 1976 4125">
    <p class='ocr_par' dir='ltr' id='par_1_44' title="bbox 409 4038 1976 4125">
     <span class='ocr_line' id='line_1_44' title="bbox 409 4038 1976 4125; baseline -0.001 -16"><span class='ocrx_word' id='word_1_304' title='bbox 409 4059 501 4110; x_wconf 75' lang='grc' dir='ltr'><strong>καὶ</strong></span> <span class='ocrx_word' id='word_1_305' title='bbox 532 4057 607 4119; x_wconf 87' lang='grc' dir='ltr'><strong>ὡς</strong></span> <span class='ocrx_word' id='word_1_306' title='bbox 633 4056 739 4109; x_wconf 84' lang='grc' dir='ltr'><strong>ἀπὸ</strong></span> <span class='ocrx_word' id='word_1_307' title='bbox 767 4054 998 4125; x_wconf 83' lang='grc' dir='ltr'>Θεωρίας</span> <span class='ocrx_word' id='word_1_308' title='bbox 1040 4055 1340 4124; x_wconf 81' lang='grc' dir='ltr'>ἀρχομένη,</span> <span class='ocrx_word' id='word_1_309' title='bbox 1376 4038 1495 4107; x_wconf 58' lang='grc' dir='ltr'><strong>καὶ⁴</strong></span> <span class='ocrx_word' id='word_1_310' title='bbox 1522 4054 1604 4118; x_wconf 88' lang='grc' dir='ltr'><strong>είς</strong></span> <span class='ocrx_word' id='word_1_311' title='bbox 1636 4054 1803 4125; x_wconf 83' lang='grc' dir='ltr'>αὐτὴν</span> <span class='ocrx_word' id='word_1_312' title='bbox 1838 4072 1976 4108; x_wconf 82' lang='grc' dir='ltr'>κατ-</span> 
     </span>
    </p>
   </div>
   <div class='ocr_carea' id='block_1_45' title="bbox 409 4145 1981 4219">
    <p class='ocr_par' dir='ltr' id='par_1_45' title="bbox 409 4145 1981 4219">
     <span class='ocr_line' id='line_1_45' title="bbox 409 4145 1981 4219; baseline -0.003 -17"><span class='ocrx_word' id='word_1_313' title='bbox 409 4147 625 4202; x_wconf 86' lang='grc' dir='ltr'>αντῶσα</span> <span class='ocrx_word' id='word_1_314' title='bbox 659 4147 924 4201; x_wconf 85' lang='grc' dir='ltr'>κυκλώσω</span> <span class='ocrx_word' id='word_1_315' title='bbox 958 4148 1016 4199; x_wconf 88' lang='grc' dir='ltr'><strong>ἐν</strong></span> <span class='ocrx_word' id='word_1_316' title='bbox 1048 4147 1258 4216; x_wconf 82' lang='grc' dir='ltr'>ἐμαυτῇ</span> <span class='ocrx_word' id='word_1_317' title='bbox 1282 4145 1424 4199; x_wconf 86' lang='grc' dir='ltr'><strong>κατά</strong></span> <span class='ocrx_word' id='word_1_318' title='bbox 1453 4145 1652 4216; x_wconf 81' lang='grc' dir='ltr'>πρᾶξιν</span> <span class='ocrx_word' id='word_1_319' title='bbox 1677 4146 1776 4214; x_wconf 85' lang='grc' dir='ltr'><strong>μὲν</strong></span> <span class='ocrx_word' id='word_1_320' title='bbox 1794 4146 1981 4219; x_wconf 83' lang='grc' dir='ltr'>ὥσπερ</span> 
     </span>
    </p>
   </div>
   <div class='ocr_carea' id='block_1_46' title="bbox 410 4233 1982 4309">
    <p class='ocr_par' dir='ltr' id='par_1_46' title="bbox 410 4233 1982 4309">
     <span class='ocr_line' id='line_1_46' title="bbox 410 4233 1982 4309; baseline -0.001 -16"><span class='ocrx_word' id='word_1_321' title='bbox 410 4242 468 4293; x_wconf 82' lang='grc' dir='ltr'><strong>ἐν</strong></span> <span class='ocrx_word' id='word_1_322' title='bbox 499 4241 722 4308; x_wconf 85' lang='grc' dir='ltr'>ἀγοραῖς</span> <span class='ocrx_word' id='word_1_323' title='bbox 742 4256 885 4303; x_wconf 88' lang='grc' dir='ltr'>τινος</span> <span class='ocrx_word' id='word_1_324' title='bbox 911 4239 1143 4303; x_wconf 88' lang='grc' dir='ltr'>πόλεως,</span> <span class='ocrx_word' id='word_1_325' title='bbox 1180 4238 1374 4301; x_wconf 86' lang='grc' dir='ltr'>πόνους</span> <span class='ocrx_word' id='word_1_326' title='bbox 1406 4233 1493 4290; x_wconf 75' lang='grc' dir='ltr'>οἷα</span> <span class='ocrx_word' id='word_1_327' title='bbox 1521 4239 1982 4309; x_wconf 82' lang='grc' dir='ltr'>δεδοκιμασμένον</span> 
     </span>
    </p>
   </div>
   <div class='ocr_carea' id='block_1_47' title="bbox 410 4328 1981 4401">
    <p class='ocr_par' dir='ltr' id='par_1_47' title="bbox 410 4328 1981 4401">
     <span class='ocr_line' id='line_1_47' title="bbox 410 4328 1981 4401; baseline -0.001 -17"><span class='ocrx_word' id='word_1_328' title='bbox 410 4331 673 4401; x_wconf 83' lang='grc' dir='ltr'>ἀργύριον</span> <span class='ocrx_word' id='word_1_329' title='bbox 730 4330 1165 4400; x_wconf 76' lang='grc' dir='ltr'>μεταϐάλλουσα,</span> <span class='ocrx_word' id='word_1_330' title='bbox 1206 4329 1301 4384; x_wconf 78' lang='grc' dir='ltr'>καὶ</span> <span class='ocrx_word' id='word_1_331' title='bbox 1357 4328 1693 4400; x_wconf 78' lang='grc' dir='ltr'>κομιζομένη</span> <span class='ocrx_word' id='word_1_332' title='bbox 1740 4331 1939 4400; x_wconf 85' lang='grc' dir='ltr'>ἀρετάς</span> <span class='ocrx_word' id='word_1_333' title='bbox 1966 4348 1981 4363; x_wconf 81' lang='grc' dir='ltr'><strong>ο</strong></span> 
     </span>
    </p>
   </div>
   <div class='ocr_carea' id='block_1_48' title="bbox 411 4418 1980 4490">
    <p class='ocr_par' dir='ltr' id='par_1_48' title="bbox 411 4418 1980 4490">
     <span class='ocr_line' id='line_1_48' title="bbox 411 4418 1980 4490; baseline 0.002 -18"><span class='ocrx_word' id='word_1_334' title='bbox 411 4420 550 4473; x_wconf 81' lang='grc' dir='ltr'>κατά</span> <span class='ocrx_word' id='word_1_335' title='bbox 597 4419 827 4489; x_wconf 78' lang='grc' dir='ltr'>θεωρίαν</span> <span class='ocrx_word' id='word_1_336' title='bbox 887 4419 967 4484; x_wconf 83' lang='grc' dir='ltr'>δὲ,</span> <span class='ocrx_word' id='word_1_337' title='bbox 1018 4420 1092 4482; x_wconf 83' lang='grc' dir='ltr'>ὡς</span> <span class='ocrx_word' id='word_1_338' title='bbox 1158 4421 1215 4471; x_wconf 85' lang='grc' dir='ltr'><strong>ἐν</strong></span> <span class='ocrx_word' id='word_1_339' title='bbox 1267 4418 1550 4481; x_wconf 87' lang='grc' dir='ltr'>πλατείαις</span> <span class='ocrx_word' id='word_1_340' title='bbox 1594 4420 1980 4490; x_wconf 82' lang='grc' dir='ltr'>διεξερχομένη</span> 
     </span>
    </p>
   </div>
   <div class='ocr_carea' id='block_1_49' title="bbox 2079 600 3651 672">
    <p class='ocr_par' dir='ltr' id='par_1_49' title="bbox 2079 600 3651 672">
     <span class='ocr_line' id='line_1_49' title="bbox 2079 600 3651 672; baseline -0.01 -2"><span class='ocrx_word' id='word_1_341' title='bbox 2079 613 2331 670; x_wconf 67' lang='lat' dir='ltr'><strong>essentiaa</strong></span> <span class='ocrx_word' id='word_1_342' title='bbox 2369 611 2545 667; x_wconf 88' lang='lat' dir='ltr'><strong>virtus</strong></span> <span class='ocrx_word' id='word_1_343' title='bbox 2595 622 2678 672; x_wconf 89' lang='lat' dir='ltr'><strong>es,</strong></span> <span class='ocrx_word' id='word_1_344' title='bbox 2739 613 2792 662; x_wconf 90' lang='lat' dir='ltr'><strong>te</strong></span> <span class='ocrx_word' id='word_1_345' title='bbox 2847 602 3220 659; x_wconf 86' lang='lat' dir='ltr'><strong>animantibus</strong></span> <span class='ocrx_word' id='word_1_346' title='bbox 3262 602 3370 656; x_wconf 85' lang='lat' dir='ltr'><strong>illis</strong></span> <span class='ocrx_word' id='word_1_347' title='bbox 3413 600 3651 656; x_wconf 78' lang='lat' dir='ltr'><strong>similem</strong></span> 
     </span>
    </p>
   </div>
   <div class='ocr_carea' id='block_1_50' title="bbox 2081 690 3650 775">
    <p class='ocr_par' dir='ltr' id='par_1_50' title="bbox 2081 690 3650 775">
     <span class='ocr_line' id='line_1_50' title="bbox 2081 690 3650 775; baseline -0.01 -15"><span class='ocrx_word' id='word_1_348' title='bbox 2081 705 2297 767; x_wconf 81' lang='lat' dir='ltr'><strong>exhibe,</strong></span> <span class='ocrx_word' id='word_1_349' title='bbox 2321 719 2443 775; x_wconf 78' lang='lat' dir='ltr'><strong>quae</strong></span> <span class='ocrx_word' id='word_1_350' title='bbox 2471 714 2778 758; x_wconf 88' lang='lat' dir='ltr'><strong>vcnenosas</strong></span> <span class='ocrx_word' id='word_1_351' title='bbox 2802 698 2945 753; x_wconf 81' lang='lat' dir='ltr'><strong>feras</strong></span> <span class='ocrx_word' id='word_1_352' title='bbox 2969 696 3329 757; x_wconf 89' lang='lat' dir='ltr'><strong>insectantur,</strong></span> <span class='ocrx_word' id='word_1_353' title='bbox 3360 700 3422 745; x_wconf 88' lang='lat' dir='ltr'><strong>ut</strong></span> <span class='ocrx_word' id='word_1_354' title='bbox 3455 690 3650 760; x_wconf 89' lang='lat' dir='ltr'><strong>procul</strong></span> 
     </span>
    </p>
   </div>
   <div class='ocr_carea' id='block_1_51' title="bbox 2080 781 3650 866">
    <p class='ocr_par' dir='ltr' id='par_1_51' title="bbox 2080 781 3650 866">
     <span class='ocr_line' id='line_1_51' title="bbox 2080 781 3650 866; baseline -0.011 -14"><span class='ocrx_word' id='word_1_355' title='bbox 2080 814 2108 852; x_wconf 91' lang='lat' dir='ltr'><strong>a</strong></span> <span class='ocrx_word' id='word_1_356' title='bbox 2171 798 2333 853; x_wconf 89' lang='lat' dir='ltr'><strong>nobis</strong></span> <span class='ocrx_word' id='word_1_357' title='bbox 2408 792 2851 866; x_wconf 89' lang='lat' dir='ltr'><strong>improbissimos</strong></span> <span class='ocrx_word' id='word_1_358' title='bbox 2930 787 3165 859; x_wconf 87' lang='lat' dir='ltr'><strong>spiritus</strong></span> <span class='ocrx_word' id='word_1_359' title='bbox 3239 790 3478 838; x_wconf 82' lang='lat' dir='ltr'><strong>avertas.</strong></span> <span class='ocrx_word' id='word_1_360' title='bbox 3550 781 3650 845; x_wconf 87' lang='lat' dir='ltr'><strong>&#39;l‘e,</strong></span> 
     </span>
    </p>
   </div>
   <div class='ocr_carea' id='block_1_52' title="bbox 2083 872 3651 960">
    <p class='ocr_par' dir='ltr' id='par_1_52' title="bbox 2083 872 3651 960">
     <span class='ocr_line' id='line_1_52' title="bbox 2083 872 3651 960; baseline -0.012 -14"><span class='ocrx_word' id='word_1_361' title='bbox 2083 892 2331 960; x_wconf 90' lang='lat' dir='ltr'><strong>inquam,</strong></span> <span class='ocrx_word' id='word_1_362' title='bbox 2365 887 2476 943; x_wconf 85' lang='lat' dir='ltr'><strong>illis</strong></span> <span class='ocrx_word' id='word_1_363' title='bbox 2495 886 2728 943; x_wconf 77' lang='lat' dir='ltr'><strong>similem</strong></span> <span class='ocrx_word' id='word_1_364' title='bbox 2758 889 2980 954; x_wconf 76' lang='lat' dir='ltr'><strong>praesta,</strong></span> <span class='ocrx_word' id='word_1_365' title='bbox 3010 878 3241 934; x_wconf 87' lang='lat' dir='ltr'><strong>veniens</strong></span> <span class='ocrx_word' id='word_1_366' title='bbox 3268 875 3322 928; x_wconf 92' lang='lat' dir='ltr'><strong>in</strong></span> <span class='ocrx_word' id='word_1_367' title='bbox 3354 872 3651 943; x_wconf 77' lang='lat' dir='ltr'><strong>magistras</strong></span> 
     </span>
    </p>
   </div>
   <div class='ocr_carea' id='block_1_53' title="bbox 2079 964 3651 1048">
    <p class='ocr_par' dir='ltr' id='par_1_53' title="bbox 2079 964 3651 1048">
     <span class='ocr_line' id='line_1_53' title="bbox 2079 964 3651 1048; baseline -0.013 -12"><span class='ocrx_word' id='word_1_368' title='bbox 2079 982 2313 1044; x_wconf 91' lang='lat' dir='ltr'><strong>animas,</strong></span> <span class='ocrx_word' id='word_1_369' title='bbox 2397 989 2520 1048; x_wconf 63' lang='lat' dir='ltr'><strong>qua‘.</strong></span> <span class='ocrx_word' id='word_1_370' title='bbox 2592 976 2734 1031; x_wconf 90' lang='lat' dir='ltr'><strong>inter</strong></span> <span class='ocrx_word' id='word_1_371' title='bbox 2793 970 3095 1038; x_wconf 88' lang='lat' dir='ltr'><strong>discipulas</strong></span> <span class='ocrx_word' id='word_1_372' title='bbox 3166 964 3651 1038; x_wconf 82' lang='lat' dir='ltr'><strong>perturbationum</strong></span> 
     </span>
    </p>
   </div>
   <div class='ocr_carea' id='block_1_54' title="bbox 2082 1056 3654 1141">
    <p class='ocr_par' dir='ltr' id='par_1_54' title="bbox 2082 1056 3654 1141">
     <span class='ocr_line' id='line_1_54' title="bbox 2082 1056 3654 1141; baseline -0.012 -14"><span class='ocrx_word' id='word_1_373' title='bbox 2082 1072 2338 1129; x_wconf 85' lang='lat' dir='ltr'><strong>ﬂuctibus</strong></span> <span class='ocrx_word' id='word_1_374' title='bbox 2378 1072 2688 1141; x_wconf 87' lang='lat' dir='ltr'><strong>depressas,</strong></span> <span class='ocrx_word' id='word_1_375' title='bbox 2723 1062 2992 1120; x_wconf 89' lang='lat' dir='ltr'><strong>montium</strong></span> <span class='ocrx_word' id='word_1_376' title='bbox 3030 1062 3205 1115; x_wconf 88' lang='lat' dir='ltr'><strong>instar</strong></span> <span class='ocrx_word' id='word_1_377' title='bbox 3248 1056 3558 1113; x_wconf 72' lang='lat' dir='ltr'><strong>excellunt:</strong></span> <span class='ocrx_word' id='word_1_378' title='bbox 3592 1062 3654 1109; x_wconf 92' lang='lat' dir='ltr'><strong>ut</strong></span> 
     </span>
    </p>
   </div>
   <div class='ocr_carea' id='block_1_55' title="bbox 2082 1149 3654 1235">
    <p class='ocr_par' dir='ltr' id='par_1_55' title="bbox 2082 1149 3654 1235">
     <span class='ocr_line' id='line_1_55' title="bbox 2082 1149 3654 1235; baseline -0.009 -16"><span class='ocrx_word' id='word_1_379' title='bbox 2082 1167 2327 1235; x_wconf 88' lang='lat' dir='ltr'><strong>ipsarum</strong></span> <span class='ocrx_word' id='word_1_380' title='bbox 2378 1178 2545 1235; x_wconf 88' lang='lat' dir='ltr'><strong>opera</strong></span> <span class='ocrx_word' id='word_1_381' title='bbox 2600 1158 2874 1232; x_wconf 87' lang='lat' dir='ltr'><strong>propellas</strong></span> <span class='ocrx_word' id='word_1_382' title='bbox 2926 1163 2982 1211; x_wconf 90' lang='lat' dir='ltr'><strong>et</strong></span> <span class='ocrx_word' id='word_1_383' title='bbox 3046 1151 3201 1221; x_wconf 76' lang='lat' dir='ltr'><strong>luges</strong></span> <span class='ocrx_word' id='word_1_384' title='bbox 3264 1150 3473 1206; x_wconf 80' lang='lat' dir='ltr'><strong>bestias</strong></span> <span class='ocrx_word' id='word_1_385' title='bbox 3528 1149 3654 1205; x_wconf 85' lang='lat' dir='ltr'><strong>illas</strong></span> 
     </span>
    </p>
   </div>
   <div class='ocr_carea' id='block_1_56' title="bbox 2081 1242 3652 1326">
    <p class='ocr_par' dir='ltr' id='par_1_56' title="bbox 2081 1242 3652 1326">
     <span class='ocr_line' id='line_1_56' title="bbox 2081 1242 3652 1326; baseline -0.011 -14"><span class='ocrx_word' id='word_1_386' title='bbox 2081 1256 2405 1326; x_wconf 81' lang='lat' dir='ltr'><strong>pestiferas,</strong></span> <span class='ocrx_word' id='word_1_387' title='bbox 2490 1268 2613 1325; x_wconf 87' lang='lat' dir='ltr'><strong>quae</strong></span> <span class='ocrx_word' id='word_1_388' title='bbox 2693 1248 2999 1306; x_wconf 87' lang='lat' dir='ltr'><strong>naturalem</strong></span> <span class='ocrx_word' id='word_1_389' title='bbox 3060 1242 3279 1299; x_wconf 89' lang='lat' dir='ltr'><strong>rudium</strong></span> <span class='ocrx_word' id='word_1_390' title='bbox 3344 1242 3652 1295; x_wconf 89' lang='lat' dir='ltr'><strong>animarum</strong></span> 
     </span>
    </p>
   </div>
   <div class='ocr_carea' id='block_1_57' title="bbox 2078 1332 3652 1418">
    <p class='ocr_par' dir='ltr' id='par_1_57' title="bbox 2078 1332 3652 1418">
     <span class='ocr_line' id='line_1_57' title="bbox 2078 1332 3652 1418; baseline -0.012 -13"><span class='ocrx_word' id='word_1_391' title='bbox 2078 1348 2501 1418; x_wconf 61' lang='lat' dir='ltr'><strong>aequabilitatem</strong></span> <span class='ocrx_word' id='word_1_392' title='bbox 2549 1350 2840 1404; x_wconf 80' lang='lat' dir='ltr'><strong>excavant,</strong></span> <span class='ocrx_word' id='word_1_393' title='bbox 2904 1340 2958 1393; x_wconf 92' lang='lat' dir='ltr'><strong>iu</strong></span> <span class='ocrx_word' id='word_1_394' title='bbox 3014 1336 3205 1405; x_wconf 84' lang='lat' dir='ltr'><strong>eisque</strong></span> <span class='ocrx_word' id='word_1_395' title='bbox 3255 1333 3360 1387; x_wconf 87' lang='lat' dir='ltr'><strong>sibi</strong></span> <span class='ocrx_word' id='word_1_396' title='bbox 3414 1332 3652 1386; x_wconf 82' lang='lat' dir='ltr'><strong>latebras</strong></span> 
     </span>
    </p>
   </div>
   <div class='ocr_carea' id='block_1_58' title="bbox 2081 1424 3653 1506">
    <p class='ocr_par' dir='ltr' id='par_1_58' title="bbox 2081 1424 3653 1506">
     <span class='ocr_line' id='line_1_58' title="bbox 2081 1424 3653 1506; baseline -0.012 -13"><span class='ocrx_word' id='word_1_397' title='bbox 2081 1438 2452 1493; x_wconf 89' lang='lat' dir='ltr'><strong>constituunt.</strong></span> <span class='ocrx_word' id='word_1_398' title='bbox 2512 1437 2690 1506; x_wconf 86' lang='lat' dir='ltr'><strong>Atque</strong></span> <span class='ocrx_word' id='word_1_399' title='bbox 2755 1434 2831 1487; x_wconf 87' lang='lat' dir='ltr'><strong>ita</strong></span> <span class='ocrx_word' id='word_1_400' title='bbox 2884 1430 3174 1502; x_wconf 84' lang='lat' dir='ltr'><strong>pristinam</strong></span> <span class='ocrx_word' id='word_1_401' title='bbox 3238 1426 3348 1481; x_wconf 90' lang='lat' dir='ltr'><strong>illis</strong></span> <span class='ocrx_word' id='word_1_402' title='bbox 3390 1424 3653 1479; x_wconf 86' lang='lat' dir='ltr'><strong>virtutum</strong></span> 
     </span>
    </p>
   </div>
   <div class='ocr_carea' id='block_1_59' title="bbox 2080 1525 2721 1599">
    <p class='ocr_par' dir='ltr' id='par_1_59' title="bbox 2080 1525 2721 1599">
     <span class='ocr_line' id='line_1_59' title="bbox 2080 1525 2721 1599; baseline -0.011 -15"><span class='ocrx_word' id='word_1_403' title='bbox 2080 1528 2503 1599; x_wconf 68' lang='lat' dir='ltr'><strong>aequabilitatem</strong></span> <span class='ocrx_word' id='word_1_404' title='bbox 2536 1525 2721 1580; x_wconf 81' lang='lat' dir='ltr'><strong>redde.</strong></span> 
     </span>
    </p>
   </div>
   <div class='ocr_carea' id='block_1_60' title="bbox 2624 1610 3116 1667">
    <p class='ocr_par' dir='ltr' id='par_1_60' title="bbox 2624 1610 3116 1667">
     <span class='ocr_line' id='line_1_60' title="bbox 2624 1610 3116 1667; baseline -0.012 0"><span class='ocrx_word' id='word_1_405' title='bbox 2624 1614 2813 1667; x_wconf 82' lang='lat' dir='ltr'><strong>Trium</strong></span> <span class='ocrx_word' id='word_1_406' title='bbox 2869 1610 3116 1664; x_wconf 79' lang='lat' dir='ltr'><strong>Patrum.</strong></span> 
     </span>
    </p>
   </div>
   <div class='ocr_carea' id='block_1_61' title="bbox 2153 1697 3653 1780">
    <p class='ocr_par' dir='ltr' id='par_1_61' title="bbox 2153 1697 3653 1780">
     <span class='ocr_line' id='line_1_61' title="bbox 2153 1697 3653 1780; baseline -0.009 -16"><span class='ocrx_word' id='word_1_407' title='bbox 2153 1710 2277 1766; x_wconf 78' lang='lat' dir='ltr'><strong>Hzec</strong></span> <span class='ocrx_word' id='word_1_408' title='bbox 2309 1710 2476 1780; x_wconf 78' lang='lat' dir='ltr'><strong>igitur</strong></span> <span class='ocrx_word' id='word_1_409' title='bbox 2510 1706 2776 1776; x_wconf 81' lang='lat' dir='ltr'><strong>magistra</strong></span> <span class='ocrx_word' id='word_1_410' title='bbox 2819 1718 2943 1758; x_wconf 88' lang='lat' dir='ltr'><strong>cum</strong></span> <span class='ocrx_word' id='word_1_411' title='bbox 2987 1703 3055 1757; x_wconf 87' lang='lat' dir='ltr'><strong>de</strong></span> <span class='ocrx_word' id='word_1_412' title='bbox 3109 1697 3398 1768; x_wconf 80' lang='lat' dir='ltr'><strong>discipulis</strong></span> <span class='ocrx_word' id='word_1_413' title='bbox 3449 1710 3653 1763; x_wconf 73' lang='lat' dir='ltr'><strong>sponso</strong></span> 
     </span>
    </p>
   </div>
   <div class='ocr_carea' id='block_1_62' title="bbox 2084 1791 3656 1862">
    <p class='ocr_par' dir='ltr' id='par_1_62' title="bbox 2084 1791 3656 1862">
     <span class='ocr_line' id='line_1_62' title="bbox 2084 1791 3656 1862; baseline -0.011 -4"><span class='ocrx_word' id='word_1_414' title='bbox 2084 1804 2461 1862; x_wconf 76' lang='lat' dir='ltr'><strong>disseruisset,</strong></span> <span class='ocrx_word' id='word_1_415' title='bbox 2505 1800 2569 1855; x_wconf 88' lang='lat' dir='ltr'><strong>ad</strong></span> <span class='ocrx_word' id='word_1_416' title='bbox 2594 1814 2688 1853; x_wconf 90' lang='lat' dir='ltr'><strong>eas</strong></span> <span class='ocrx_word' id='word_1_417' title='bbox 2719 1812 2844 1851; x_wconf 85' lang='lat' dir='ltr'><strong>mox</strong></span> <span class='ocrx_word' id='word_1_418' title='bbox 2896 1808 3205 1849; x_wconf 87' lang='lat' dir='ltr'><strong>sermonem</strong></span> <span class='ocrx_word' id='word_1_419' title='bbox 3262 1791 3570 1854; x_wconf 85' lang='lat' dir='ltr'><strong>convertit;</strong></span> <span class='ocrx_word' id='word_1_420' title='bbox 3599 1795 3656 1841; x_wconf 90' lang='lat' dir='ltr'><strong>et</strong></span> 
     </span>
    </p>
   </div>
   <div class='ocr_carea' id='block_1_63' title="bbox 2087 1879 3654 1961">
    <p class='ocr_par' dir='ltr' id='par_1_63' title="bbox 2087 1879 3654 1961">
     <span class='ocr_line' id='line_1_63' title="bbox 2087 1879 3654 1961; baseline -0.01 -14"><span class='ocrx_word' id='word_1_421' title='bbox 2087 1910 2207 1960; x_wconf 77' lang='lat' dir='ltr'><strong>quae</strong></span> <span class='ocrx_word' id='word_1_422' title='bbox 2233 1894 2298 1947; x_wconf 90' lang='lat' dir='ltr'><strong>ad</strong></span> <span class='ocrx_word' id='word_1_423' title='bbox 2356 1910 2415 1949; x_wconf 90' lang='lat' dir='ltr'><strong>se</strong></span> <span class='ocrx_word' id='word_1_424' title='bbox 2468 1893 2643 1961; x_wconf 86' lang='lat' dir='ltr'><strong>ipsam</strong></span> <span class='ocrx_word' id='word_1_425' title='bbox 2704 1888 3002 1959; x_wconf 84' lang='lat' dir='ltr'><strong>pertinent,</strong></span> <span class='ocrx_word' id='word_1_426' title='bbox 3065 1883 3310 1952; x_wconf 79' lang='lat' dir='ltr'><strong>exponit;</strong></span> <span class='ocrx_word' id='word_1_427' title='bbox 3365 1890 3528 1949; x_wconf 84' lang='lat' dir='ltr'><strong>atque</strong></span> <span class='ocrx_word' id='word_1_428' title='bbox 3578 1879 3654 1933; x_wconf 90' lang='lat' dir='ltr'><strong>ita</strong></span> 
     </span>
    </p>
   </div>
   <div class='ocr_carea' id='block_1_64' title="bbox 2086 1975 3653 2044">
    <p class='ocr_par' dir='ltr' id='par_1_64' title="bbox 2086 1975 3653 2044">
     <span class='ocr_line' id='line_1_64' title="bbox 2086 1975 3653 2044; baseline -0.011 -2"><span class='ocrx_word' id='word_1_429' title='bbox 2086 1987 2265 2042; x_wconf 77' lang='lat' dir='ltr'><strong>Studet</strong></span> <span class='ocrx_word' id='word_1_430' title='bbox 2296 2000 2391 2041; x_wconf 89' lang='lat' dir='ltr'><strong>eas</strong></span> <span class='ocrx_word' id='word_1_431' title='bbox 2421 1984 2729 2039; x_wconf 87' lang='lat' dir='ltr'><strong>instituere.</strong></span> <span class='ocrx_word' id='word_1_432' title='bbox 2764 1979 2828 2033; x_wconf 86' lang='lat' dir='ltr'><strong>In</strong></span> <span class='ocrx_word' id='word_1_433' title='bbox 2874 1978 3088 2039; x_wconf 79' lang='lat' dir='ltr'><strong>lectulo,</strong></span> <span class='ocrx_word' id='word_1_434' title='bbox 3150 1975 3349 2044; x_wconf 91' lang='lat' dir='ltr'><strong>inquit,</strong></span> <span class='ocrx_word' id='word_1_435' title='bbox 3393 1989 3507 2027; x_wconf 86' lang='lat' dir='ltr'><strong>meo</strong></span> <span class='ocrx_word' id='word_1_436' title='bbox 3561 1987 3653 2041; x_wconf 83' lang='lat' dir='ltr'><strong>per</strong></span> 
     </span>
    </p>
   </div>
   <div class='ocr_carea' id='block_1_65' title="bbox 2086 2066 3656 2147">
    <p class='ocr_par' dir='ltr' id='par_1_65' title="bbox 2086 2066 3656 2147">
     <span class='ocr_line' id='line_1_65' title="bbox 2086 2066 3656 2147; baseline -0.007 -17"><span class='ocrx_word' id='word_1_437' title='bbox 2086 2086 2259 2131; x_wconf 80' lang='lat' dir='ltr'><strong>noctes</strong></span> <span class='ocrx_word' id='word_1_438' title='bbox 2311 2075 2528 2147; x_wconf 63' lang='lat' dir='ltr'><strong>quaesivi</strong></span> <span class='ocrx_word' id='word_1_439' title='bbox 2560 2089 2711 2142; x_wconf 82' lang='lat' dir='ltr'><strong>quem</strong></span> <span class='ocrx_word' id='word_1_440' title='bbox 2761 2071 2935 2141; x_wconf 79' lang='lat' dir='ltr'><strong>diligit</strong></span> <span class='ocrx_word' id='word_1_441' title='bbox 2990 2069 3173 2121; x_wconf 81' lang='lat' dir='ltr'><strong>anima</strong></span> <span class='ocrx_word' id='word_1_442' title='bbox 3204 2083 3338 2120; x_wconf 83' lang='lat' dir='ltr'><strong>mea.</strong></span> <span class='ocrx_word' id='word_1_443' title='bbox 3374 2066 3430 2119; x_wconf 85' lang='lat' dir='ltr'><strong>in</strong></span> <span class='ocrx_word' id='word_1_444' title='bbox 3490 2079 3656 2119; x_wconf 78' lang='lat' dir='ltr'><strong>carne</strong></span> 
     </span>
    </p>
   </div>
   <div class='ocr_carea' id='block_1_66' title="bbox 2084 2160 3653 2234">
    <p class='ocr_par' dir='ltr' id='par_1_66' title="bbox 2084 2160 3653 2234">
     <span class='ocr_line' id='line_1_66' title="bbox 2084 2160 3653 2234; baseline -0.008 -11"><span class='ocrx_word' id='word_1_445' title='bbox 2084 2171 2335 2226; x_wconf 83' lang='lat' dir='ltr'><strong>videlicet</strong></span> <span class='ocrx_word' id='word_1_446' title='bbox 2392 2184 2531 2233; x_wconf 89' lang='lat' dir='ltr'><strong>mea,</strong></span> <span class='ocrx_word' id='word_1_447' title='bbox 2599 2168 2654 2221; x_wconf 94' lang='lat' dir='ltr'><strong>in</strong></span> <span class='ocrx_word' id='word_1_448' title='bbox 2704 2181 2809 2234; x_wconf 91' lang='lat' dir='ltr'><strong>qua</strong></span> <span class='ocrx_word' id='word_1_449' title='bbox 2892 2172 3116 2234; x_wconf 87' lang='lat' dir='ltr'><strong>propter</strong></span> <span class='ocrx_word' id='word_1_450' title='bbox 3166 2160 3501 2229; x_wconf 87' lang='lat' dir='ltr'><strong>voluptatem</strong></span> <span class='ocrx_word' id='word_1_451' title='bbox 3555 2171 3653 2227; x_wconf 82' lang='lat' dir='ltr'><strong>per</strong></span> 
     </span>
    </p>
   </div>
   <div class='ocr_carea' id='block_1_67' title="bbox 2084 2250 3649 2331">
    <p class='ocr_par' dir='ltr' id='par_1_67' title="bbox 2084 2250 3649 2331">
     <span class='ocr_line' id='line_1_67' title="bbox 2084 2250 3649 2331; baseline -0.01 -13"><span class='ocrx_word' id='word_1_452' title='bbox 2084 2272 2271 2318; x_wconf 88' lang='lat' dir='ltr'><strong>noctes</strong></span> <span class='ocrx_word' id='word_1_453' title='bbox 2311 2261 2635 2331; x_wconf 70' lang='lat' dir='ltr'><strong>ignorantiae</strong></span> <span class='ocrx_word' id='word_1_454' title='bbox 2668 2258 2893 2313; x_wconf 84' lang='lat' dir='ltr'><strong>videbar</strong></span> <span class='ocrx_word' id='word_1_455' title='bbox 2921 2255 3335 2324; x_wconf 87' lang='lat' dir='ltr'><strong>conquiescere,</strong></span> <span class='ocrx_word' id='word_1_456' title='bbox 3398 2250 3649 2319; x_wconf 74' lang='lat' dir='ltr'><strong>quaesivi,</strong></span> 
     </span>
    </p>
   </div>
   <div class='ocr_carea' id='block_1_68' title="bbox 2084 2345 3653 2423">
    <p class='ocr_par' dir='ltr' id='par_1_68' title="bbox 2084 2345 3653 2423">
     <span class='ocr_line' id='line_1_68' title="bbox 2084 2345 3653 2423; baseline -0.006 -17"><span class='ocrx_word' id='word_1_457' title='bbox 2084 2352 2226 2423; x_wconf 88' lang='lat' dir='ltr'><strong>quod</strong></span> <span class='ocrx_word' id='word_1_458' title='bbox 2260 2368 2384 2407; x_wconf 85' lang='lat' dir='ltr'><strong>vere</strong></span> <span class='ocrx_word' id='word_1_459' title='bbox 2408 2353 2607 2407; x_wconf 91' lang='lat' dir='ltr'><strong>bonum</strong></span> <span class='ocrx_word' id='word_1_460' title='bbox 2631 2357 2715 2404; x_wconf 89' lang='lat' dir='ltr'><strong>est</strong></span> <span class='ocrx_word' id='word_1_461' title='bbox 2746 2349 2815 2419; x_wconf 92' lang='lat' dir='ltr'><strong>(is</strong></span> <span class='ocrx_word' id='word_1_462' title='bbox 2837 2356 3018 2401; x_wconf 88' lang='lat' dir='ltr'><strong>autem</strong></span> <span class='ocrx_word' id='word_1_463' title='bbox 3050 2345 3282 2401; x_wconf 84' lang='lat' dir='ltr'><strong>dilectus</strong></span> <span class='ocrx_word' id='word_1_464' title='bbox 3309 2350 3395 2398; x_wconf 89' lang='lat' dir='ltr'><strong>est</strong></span> <span class='ocrx_word' id='word_1_465' title='bbox 3417 2356 3653 2411; x_wconf 89' lang='lat' dir='ltr'><strong>sponsus</strong></span> 
     </span>
    </p>
   </div>
   <div class='ocr_carea' id='block_1_69' title="bbox 2083 2441 3653 2516">
    <p class='ocr_par' dir='ltr' id='par_1_69' title="bbox 2083 2441 3653 2516">
     <span class='ocr_line' id='line_1_69' title="bbox 2083 2441 3653 2516; baseline -0.009 -16"><span class='ocrx_word' id='word_1_466' title='bbox 2083 2444 2261 2516; x_wconf 83' lang='lat' dir='ltr'><strong>meus)</strong></span> <span class='ocrx_word' id='word_1_467' title='bbox 2298 2444 2565 2498; x_wconf 88' lang='lat' dir='ltr'><strong>invenire.</strong></span> <span class='ocrx_word' id='word_1_468' title='bbox 2603 2441 2707 2496; x_wconf 87' lang='lat' dir='ltr'><strong>Sed</strong></span> <span class='ocrx_word' id='word_1_469' title='bbox 2766 2441 2880 2509; x_wconf 86' lang='lat' dir='ltr'><strong>ipsa</strong></span> <span class='ocrx_word' id='word_1_470' title='bbox 2923 2446 3143 2508; x_wconf 83' lang='lat' dir='ltr'><strong>propter</strong></span> <span class='ocrx_word' id='word_1_471' title='bbox 3196 2450 3421 2491; x_wconf 85' lang='lat' dir='ltr'><strong>causam</strong></span> <span class='ocrx_word' id='word_1_472' title='bbox 3485 2448 3653 2503; x_wconf 77' lang='lat' dir='ltr'><strong>quam</strong></span> 
     </span>
    </p>
   </div>
   <div class='ocr_carea' id='block_1_70' title="bbox 2082 2526 3651 2604">
    <p class='ocr_par' dir='ltr' id='par_1_70' title="bbox 2082 2526 3651 2604">
     <span class='ocr_line' id='line_1_70' title="bbox 2082 2526 3651 2604; baseline -0.008 -12"><span class='ocrx_word' id='word_1_473' title='bbox 2082 2536 2527 2600; x_wconf 83' lang='lat' dir='ltr'><strong>commemoravi,</strong></span> <span class='ocrx_word' id='word_1_474' title='bbox 2574 2534 2703 2604; x_wconf 84' lang='lat' dir='ltr'><strong>quia</strong></span> <span class='ocrx_word' id='word_1_475' title='bbox 2763 2531 3018 2586; x_wconf 86' lang='lat' dir='ltr'><strong>nimirum</strong></span> <span class='ocrx_word' id='word_1_476' title='bbox 3078 2545 3185 2583; x_wconf 77' lang='lat' dir='ltr'><strong>nox</strong></span> <span class='ocrx_word' id='word_1_477' title='bbox 3238 2543 3325 2583; x_wconf 92' lang='lat' dir='ltr'><strong>me</strong></span> <span class='ocrx_word' id='word_1_478' title='bbox 3394 2526 3651 2581; x_wconf 87' lang='lat' dir='ltr'><strong>miseram</strong></span> 
     </span>
    </p>
   </div>
   <div class='ocr_carea' id='block_1_71' title="bbox 2083 2617 3653 2695">
    <p class='ocr_par' dir='ltr' id='par_1_71' title="bbox 2083 2617 3653 2695">
     <span class='ocr_line' id='line_1_71' title="bbox 2083 2617 3653 2695; baseline -0.006 -14"><span class='ocrx_word' id='word_1_479' title='bbox 2083 2625 2408 2695; x_wconf 88' lang='lat' dir='ltr'><strong>occupabat,</strong></span> <span class='ocrx_word' id='word_1_480' title='bbox 2450 2638 2559 2677; x_wconf 92' lang='lat' dir='ltr'><strong>non</strong></span> <span class='ocrx_word' id='word_1_481' title='bbox 2588 2624 2805 2693; x_wconf 85' lang='lat' dir='ltr'><strong>agnovi.</strong></span> <span class='ocrx_word' id='word_1_482' title='bbox 2842 2620 3305 2675; x_wconf 86' lang='lat' dir='ltr'><strong>lllumiuationem</strong></span> <span class='ocrx_word' id='word_1_483' title='bbox 3346 2617 3494 2671; x_wconf 90' lang='lat' dir='ltr'><strong>enim</strong></span> <span class='ocrx_word' id='word_1_484' title='bbox 3526 2630 3653 2671; x_wconf 85' lang='lat' dir='ltr'><strong>esse</strong></span> 
     </span>
    </p>
   </div>
   <div class='ocr_carea' id='block_1_72' title="bbox 2081 2708 3650 2779">
    <p class='ocr_par' dir='ltr' id='par_1_72' title="bbox 2081 2708 3650 2779">
     <span class='ocr_line' id='line_1_72' title="bbox 2081 2708 3650 2779; baseline -0.008 -7"><span class='ocrx_word' id='word_1_485' title='bbox 2081 2717 2313 2772; x_wconf 82' lang='lat' dir='ltr'><strong>delicias</strong></span> <span class='ocrx_word' id='word_1_486' title='bbox 2345 2715 2674 2770; x_wconf 85' lang='lat' dir='ltr'><strong>arbitrabar.</strong></span> <span class='ocrx_word' id='word_1_487' title='bbox 2708 2714 2942 2779; x_wconf 74' lang='lat' dir='ltr'><strong>Qutcsivi</strong></span> <span class='ocrx_word' id='word_1_488' title='bbox 2993 2712 3167 2774; x_wconf 84' lang='lat' dir='ltr'><strong>illum,</strong></span> <span class='ocrx_word' id='word_1_489' title='bbox 3199 2721 3250 2765; x_wconf 78' lang='lat' dir='ltr'><strong>et</strong></span> <span class='ocrx_word' id='word_1_490' title='bbox 3296 2725 3398 2763; x_wconf 82' lang='lat' dir='ltr'><strong>non</strong></span> <span class='ocrx_word' id='word_1_491' title='bbox 3434 2708 3605 2762; x_wconf 78' lang='lat' dir='ltr'><strong>int-eui</strong></span> <span class='ocrx_word' id='word_1_492' title='bbox 3633 2723 3650 2759; x_wconf 90' lang='lat'><strong><em>:</em></strong></span> 
     </span>
    </p>
   </div>
   <div class='ocr_carea' id='block_1_73' title="bbox 2083 2797 3651 2869">
    <p class='ocr_par' dir='ltr' id='par_1_73' title="bbox 2083 2797 3651 2869">
     <span class='ocr_line' id='line_1_73' title="bbox 2083 2797 3651 2869; baseline -0.007 -9"><span class='ocrx_word' id='word_1_493' title='bbox 2083 2806 2265 2860; x_wconf 84' lang='lat' dir='ltr'><strong>vocavi</strong></span> <span class='ocrx_word' id='word_1_494' title='bbox 2294 2822 2434 2869; x_wconf 82' lang='lat' dir='ltr'><strong>eum,</strong></span> <span class='ocrx_word' id='word_1_495' title='bbox 2484 2814 2665 2858; x_wconf 84' lang='lat' dir='ltr'><strong>etnon</strong></span> <span class='ocrx_word' id='word_1_496' title='bbox 2716 2803 2919 2856; x_wconf 83' lang='lat' dir='ltr'><strong>audivit</strong></span> <span class='ocrx_word' id='word_1_497' title='bbox 2981 2819 3082 2856; x_wconf 84' lang='lat' dir='ltr'><strong>me.</strong></span> <span class='ocrx_word' id='word_1_498' title='bbox 3142 2800 3376 2867; x_wconf 68' lang='lat' dir='ltr'><strong>Qumsivi</strong></span> <span class='ocrx_word' id='word_1_499' title='bbox 3438 2797 3651 2852; x_wconf 77' lang='lat' dir='ltr'><strong>scilicet</strong></span> 
     </span>
    </p>
   </div>
   <div class='ocr_carea' id='block_1_74' title="bbox 2084 2890 3648 2969">
    <p class='ocr_par' dir='ltr' id='par_1_74' title="bbox 2084 2890 3648 2969">
     <span class='ocr_line' id='line_1_74' title="bbox 2084 2890 3648 2969; baseline -0.009 -17"><span class='ocrx_word' id='word_1_500' title='bbox 2084 2900 2258 2969; x_wconf 87' lang='lat' dir='ltr'><strong>ipsum</strong></span> <span class='ocrx_word' id='word_1_501' title='bbox 2294 2898 2346 2950; x_wconf 91' lang='lat' dir='ltr'><strong>in</strong></span> <span class='ocrx_word' id='word_1_502' title='bbox 2384 2897 2568 2950; x_wconf 87' lang='lat' dir='ltr'><strong>carnis</strong></span> <span class='ocrx_word' id='word_1_503' title='bbox 2598 2896 2994 2964; x_wconf 83' lang='lat' dir='ltr'><strong>voluptatibus,</strong></span> <span class='ocrx_word' id='word_1_504' title='bbox 3039 2902 3091 2946; x_wconf 85' lang='lat' dir='ltr'><strong>ct</strong></span> <span class='ocrx_word' id='word_1_505' title='bbox 3122 2908 3226 2945; x_wconf 88' lang='lat' dir='ltr'><strong>non</strong></span> <span class='ocrx_word' id='word_1_506' title='bbox 3281 2893 3483 2945; x_wconf 88' lang='lat' dir='ltr'><strong>inveni.</strong></span> <span class='ocrx_word' id='word_1_507' title='bbox 3515 2890 3648 2943; x_wconf 78' lang='lat' dir='ltr'><strong>Nam</strong></span> 
     </span>
    </p>
   </div>
   <div class='ocr_carea' id='block_1_75' title="bbox 2083 2983 3647 3057">
    <p class='ocr_par' dir='ltr' id='par_1_75' title="bbox 2083 2983 3647 3057">
     <span class='ocr_line' id='line_1_75' title="bbox 2083 2983 3647 3057; baseline -0.004 -14"><span class='ocrx_word' id='word_1_508' title='bbox 2083 2988 2267 3043; x_wconf 85' lang='lat' dir='ltr'><strong>carnis</strong></span> <span class='ocrx_word' id='word_1_509' title='bbox 2300 2988 2562 3057; x_wconf 84' lang='lat' dir='ltr'><strong>voluptati</strong></span> <span class='ocrx_word' id='word_1_510' title='bbox 2596 2986 2928 3040; x_wconf 87' lang='lat' dir='ltr'><strong>naturaliter</strong></span> <span class='ocrx_word' id='word_1_511' title='bbox 2964 2985 3296 3053; x_wconf 83' lang='lat' dir='ltr'><strong>eonjunctus</strong></span> <span class='ocrx_word' id='word_1_512' title='bbox 3341 2993 3425 3037; x_wconf 82' lang='lat' dir='ltr'><strong>est</strong></span> <span class='ocrx_word' id='word_1_513' title='bbox 3470 2983 3647 3037; x_wconf 80' lang='lat' dir='ltr'><strong>dolor.</strong></span> 
     </span>
    </p>
   </div>
   <div class='ocr_carea' id='block_1_76' title="bbox 2080 3071 3649 3144">
    <p class='ocr_par' dir='ltr' id='par_1_76' title="bbox 2080 3071 3649 3144">
     <span class='ocr_line' id='line_1_76' title="bbox 2080 3071 3649 3144; baseline -0.002 -16"><span class='ocrx_word' id='word_1_514' title='bbox 2080 3073 2456 3144; x_wconf 88' lang='lat' dir='ltr'><strong>Corruptionis</strong></span> <span class='ocrx_word' id='word_1_515' title='bbox 2483 3074 2650 3140; x_wconf 86' lang='lat' dir='ltr'><strong>enim,</strong></span> <span class='ocrx_word' id='word_1_516' title='bbox 2686 3089 2807 3143; x_wconf 67' lang='lat' dir='ltr'><strong>qua:</strong></span> <span class='ocrx_word' id='word_1_517' title='bbox 2829 3072 3044 3143; x_wconf 89' lang='lat' dir='ltr'><strong>quidem</strong></span> <span class='ocrx_word' id='word_1_518' title='bbox 3080 3081 3162 3127; x_wconf 86' lang='lat' dir='ltr'><strong>est</strong></span> <span class='ocrx_word' id='word_1_519' title='bbox 3195 3072 3369 3132; x_wconf 87' lang='lat' dir='ltr'><strong>dolor,</strong></span> <span class='ocrx_word' id='word_1_520' title='bbox 3400 3071 3649 3139; x_wconf 85' lang='lat' dir='ltr'><strong>voluptas</strong></span> 
     </span>
    </p>
   </div>
   <div class='ocr_carea' id='block_1_77' title="bbox 2003 3164 3648 3252">
    <p class='ocr_par' dir='ltr' id='par_1_77' title="bbox 2003 3164 3648 3252">
     <span class='ocr_line' id='line_1_77' title="bbox 2003 3164 3648 3252; baseline -0.002 -32"><span class='ocrx_word' id='word_1_521' title='bbox 2003 3183 2202 3252; x_wconf 64' lang='lat' dir='ltr'><strong>cquae</strong></span> <span class='ocrx_word' id='word_1_522' title='bbox 2260 3184 2425 3223; x_wconf 91' lang='lat' dir='ltr'><strong>sensu</strong></span> <span class='ocrx_word' id='word_1_523' title='bbox 2494 3168 2829 3238; x_wconf 85' lang='lat' dir='ltr'><strong>percipitur,</strong></span> <span class='ocrx_word' id='word_1_524' title='bbox 2899 3178 2983 3222; x_wconf 87' lang='lat' dir='ltr'><strong>est</strong></span> <span class='ocrx_word' id='word_1_525' title='bbox 3044 3181 3235 3222; x_wconf 84' lang='lat' dir='ltr'><strong>causa.</strong></span> <span class='ocrx_word' id='word_1_526' title='bbox 3298 3164 3648 3235; x_wconf 78' lang='lat' dir='ltr'><strong>Quapropter</strong></span> 
     </span>
    </p>
   </div>
   <div class='ocr_carea' id='block_1_78' title="bbox 2079 3259 3647 3328">
    <p class='ocr_par' dir='ltr' id='par_1_78' title="bbox 2079 3259 3647 3328">
     <span class='ocr_line' id='line_1_78' title="bbox 2079 3259 3647 3328; baseline -0.003 -15"><span class='ocrx_word' id='word_1_527' title='bbox 2079 3260 2456 3328; x_wconf 83' lang='lat' dir='ltr'><strong>experimento</strong></span> <span class='ocrx_word' id='word_1_528' title='bbox 2518 3260 2685 3314; x_wconf 89' lang='lat' dir='ltr'><strong>didici</strong></span> <span class='ocrx_word' id='word_1_529' title='bbox 2766 3259 3025 3314; x_wconf 89' lang='lat' dir='ltr'><strong>dilectum</strong></span> <span class='ocrx_word' id='word_1_530' title='bbox 3115 3273 3291 3313; x_wconf 90' lang='lat' dir='ltr'><strong>meum</strong></span> <span class='ocrx_word' id='word_1_531' title='bbox 3366 3259 3561 3312; x_wconf 80' lang='lat' dir='ltr'><strong>abesse</strong></span> <span class='ocrx_word' id='word_1_532' title='bbox 3617 3272 3647 3309; x_wconf 89' lang='lat' dir='ltr'><strong>a</strong></span> 
     </span>
    </p>
   </div>
   <div class='ocr_carea' id='block_1_79' title="bbox 2080 3350 3651 3421">
    <p class='ocr_par' dir='ltr' id='par_1_79' title="bbox 2080 3350 3651 3421">
     <span class='ocr_line' id='line_1_79' title="bbox 2080 3350 3651 3421; baseline -0.001 -17"><span class='ocrx_word' id='word_1_533' title='bbox 2080 3352 2266 3406; x_wconf 84' lang='lat' dir='ltr'><strong>carnis</strong></span> <span class='ocrx_word' id='word_1_534' title='bbox 2298 3351 2613 3420; x_wconf 85' lang='lat' dir='ltr'><strong>voluptate:</strong></span> <span class='ocrx_word' id='word_1_535' title='bbox 2652 3353 2705 3406; x_wconf 91' lang='lat' dir='ltr'><strong>in</strong></span> <span class='ocrx_word' id='word_1_536' title='bbox 2744 3366 2851 3421; x_wconf 91' lang='lat' dir='ltr'><strong>qua</strong></span> <span class='ocrx_word' id='word_1_537' title='bbox 2888 3366 3011 3404; x_wconf 90' lang='lat' dir='ltr'><strong>cum</strong></span> <span class='ocrx_word' id='word_1_538' title='bbox 3046 3350 3198 3404; x_wconf 91' lang='lat' dir='ltr'><strong>illum</strong></span> <span class='ocrx_word' id='word_1_539' title='bbox 3255 3364 3561 3413; x_wconf 76' lang='lat' dir='ltr'><strong>vocassent,</strong></span> <span class='ocrx_word' id='word_1_540' title='bbox 3592 3359 3651 3402; x_wconf 89' lang='lat' dir='ltr'><strong>ut</strong></span> 
     </span>
    </p>
   </div>
   <div class='ocr_carea' id='block_1_80' title="bbox 2081 3440 3651 3509">
    <p class='ocr_par' dir='ltr' id='par_1_80' title="bbox 2081 3440 3651 3509">
     <span class='ocr_line' id='line_1_80' title="bbox 2081 3440 3651 3509; baseline -0.001 -14"><span class='ocrx_word' id='word_1_541' title='bbox 2081 3444 2219 3496; x_wconf 87' lang='lat' dir='ltr'><strong>citra</strong></span> <span class='ocrx_word' id='word_1_542' title='bbox 2255 3442 2568 3498; x_wconf 88' lang='lat' dir='ltr'><strong>molestiam</strong></span> <span class='ocrx_word' id='word_1_543' title='bbox 2592 3443 2921 3504; x_wconf 88' lang='lat' dir='ltr'><strong>oblectarer,</strong></span> <span class='ocrx_word' id='word_1_544' title='bbox 2950 3456 3058 3496; x_wconf 93' lang='lat' dir='ltr'><strong>nou</strong></span> <span class='ocrx_word' id='word_1_545' title='bbox 3089 3441 3302 3495; x_wconf 88' lang='lat' dir='ltr'><strong>audivit</strong></span> <span class='ocrx_word' id='word_1_546' title='bbox 3335 3456 3440 3495; x_wconf 92' lang='lat' dir='ltr'><strong>me.</strong></span> <span class='ocrx_word' id='word_1_547' title='bbox 3460 3440 3651 3509; x_wconf 87' lang='lat' dir='ltr'><strong>Itaque</strong></span> 
     </span>
    </p>
   </div>
   <div class='ocr_carea' id='block_1_81' title="bbox 2081 3530 3650 3603">
    <p class='ocr_par' dir='ltr' id='par_1_81' title="bbox 2081 3530 3650 3603">
     <span class='ocr_line' id='line_1_81' title="bbox 2081 3530 3650 3603; baseline -0.003 -16"><span class='ocrx_word' id='word_1_548' title='bbox 2081 3532 2162 3587; x_wconf 85' lang='lat' dir='ltr'><strong>sic</strong></span> <span class='ocrx_word' id='word_1_549' title='bbox 2195 3531 2573 3587; x_wconf 72' lang='lat' dir='ltr'><strong>haesitabunda</strong></span> <span class='ocrx_word' id='word_1_550' title='bbox 2604 3533 2785 3587; x_wconf 86' lang='lat' dir='ltr'><strong>locuta</strong></span> <span class='ocrx_word' id='word_1_551' title='bbox 2820 3547 2941 3586; x_wconf 88' lang='lat' dir='ltr'><strong>sum</strong></span> <span class='ocrx_word' id='word_1_552' title='bbox 2970 3549 2983 3585; x_wconf 92' lang='lat'><strong>:</strong></span> <span class='ocrx_word' id='word_1_553' title='bbox 3039 3531 3289 3603; x_wconf 84' lang='lat' dir='ltr'><strong>Surgam,</strong></span> <span class='ocrx_word' id='word_1_554' title='bbox 3324 3542 3370 3585; x_wconf 90' lang='lat' dir='ltr'><strong>et</strong></span> <span class='ocrx_word' id='word_1_555' title='bbox 3419 3530 3650 3584; x_wconf 81' lang='lat' dir='ltr'><strong>circuibo</strong></span> 
     </span>
    </p>
   </div>
   <div class='ocr_carea' id='block_1_82' title="bbox 2083 3622 3650 3691">
    <p class='ocr_par' dir='ltr' id='par_1_82' title="bbox 2083 3622 3650 3691">
     <span class='ocr_line' id='line_1_82' title="bbox 2083 3622 3650 3691; baseline 0.001 -17"><span class='ocrx_word' id='word_1_556' title='bbox 2083 3624 2136 3677; x_wconf 83' lang='lat' dir='ltr'><strong>in</strong></span> <span class='ocrx_word' id='word_1_557' title='bbox 2179 3623 2414 3685; x_wconf 84' lang='lat' dir='ltr'><strong>civitate,</strong></span> <span class='ocrx_word' id='word_1_558' title='bbox 2455 3622 2510 3676; x_wconf 82' lang='lat' dir='ltr'><strong>in</strong></span> <span class='ocrx_word' id='word_1_559' title='bbox 2558 3622 2692 3691; x_wconf 79' lang='lat' dir='ltr'><strong>foris</strong></span> <span class='ocrx_word' id='word_1_560' title='bbox 2756 3630 2807 3676; x_wconf 70' lang='lat' dir='ltr'><strong>at</strong></span> <span class='ocrx_word' id='word_1_561' title='bbox 2853 3622 3066 3690; x_wconf 79' lang='lat' dir='ltr'><strong>plateis,</strong></span> <span class='ocrx_word' id='word_1_562' title='bbox 3117 3632 3167 3677; x_wconf 80' lang='lat' dir='ltr'><strong>et</strong></span> <span class='ocrx_word' id='word_1_563' title='bbox 3224 3638 3456 3691; x_wconf 68' lang='lat' dir='ltr'><strong>qumram</strong></span> <span class='ocrx_word' id='word_1_564' title='bbox 3496 3638 3650 3689; x_wconf 85' lang='lat' dir='ltr'><strong>quem</strong></span> 
     </span>
    </p>
   </div>
   <div class='ocr_carea' id='block_1_83' title="bbox 2079 3712 3653 3781">
    <p class='ocr_par' dir='ltr' id='par_1_83' title="bbox 2079 3712 3653 3781">
     <span class='ocr_line' id='line_1_83' title="bbox 2079 3712 3653 3781; baseline 0.002 -18"><span class='ocrx_word' id='word_1_565' title='bbox 2079 3712 2254 3780; x_wconf 80' lang='lat' dir='ltr'><strong>diligit</strong></span> <span class='ocrx_word' id='word_1_566' title='bbox 2287 3712 2467 3765; x_wconf 83' lang='lat' dir='ltr'><strong>anima</strong></span> <span class='ocrx_word' id='word_1_567' title='bbox 2500 3728 2635 3766; x_wconf 77' lang='lat' dir='ltr'><strong>mea.</strong></span> <span class='ocrx_word' id='word_1_568' title='bbox 2666 3712 2969 3781; x_wconf 75' lang='lat' dir='ltr'><strong>Exsurgam</strong></span> <span class='ocrx_word' id='word_1_569' title='bbox 3000 3712 3070 3765; x_wconf 88' lang='lat' dir='ltr'><strong>ab</strong></span> <span class='ocrx_word' id='word_1_570' title='bbox 3115 3712 3302 3765; x_wconf 83' lang='lat' dir='ltr'><strong>habitu</strong></span> <span class='ocrx_word' id='word_1_571' title='bbox 3341 3712 3570 3775; x_wconf 86' lang='lat' dir='ltr'><strong>carnali,</strong></span> <span class='ocrx_word' id='word_1_572' title='bbox 3596 3724 3653 3767; x_wconf 89' lang='lat' dir='ltr'><strong>et</strong></span> 
     </span>
    </p>
   </div>
   <div class='ocr_carea' id='block_1_84' title="bbox 2082 3801 3652 3872">
    <p class='ocr_par' dir='ltr' id='par_1_84' title="bbox 2082 3801 3652 3872">
     <span class='ocr_line' id='line_1_84' title="bbox 2082 3801 3652 3872; baseline -0.002 -14"><span class='ocrx_word' id='word_1_573' title='bbox 2082 3802 2499 3872; x_wconf 84' lang='lat' dir='ltr'><strong>centemplabor</strong></span> <span class='ocrx_word' id='word_1_574' title='bbox 2530 3804 2789 3872; x_wconf 88' lang='lat' dir='ltr'><strong>primum,</strong></span> <span class='ocrx_word' id='word_1_575' title='bbox 2826 3810 2987 3872; x_wconf 80' lang='lat' dir='ltr'><strong>atque</strong></span> <span class='ocrx_word' id='word_1_576' title='bbox 3020 3802 3092 3855; x_wconf 89' lang='lat' dir='ltr'><strong>ita</strong></span> <span class='ocrx_word' id='word_1_577' title='bbox 3118 3801 3347 3855; x_wconf 82' lang='lat' dir='ltr'><strong>faciam:</strong></span> <span class='ocrx_word' id='word_1_578' title='bbox 3405 3810 3519 3857; x_wconf 89' lang='lat' dir='ltr'><strong>tum</strong></span> <span class='ocrx_word' id='word_1_579' title='bbox 3557 3818 3652 3871; x_wconf 84' lang='lat' dir='ltr'><strong>per</strong></span> 
     </span>
    </p>
   </div>
   <div class='ocr_carea' id='block_1_85' title="bbox 2083 3888 3651 3961">
    <p class='ocr_par' dir='ltr' id='par_1_85' title="bbox 2083 3888 3651 3961">
     <span class='ocr_line' id='line_1_85' title="bbox 2083 3888 3651 3961; baseline -0.001 -16"><span class='ocrx_word' id='word_1_580' title='bbox 2083 3892 2476 3961; x_wconf 80' lang='lat' dir='ltr'><strong>experientiam</strong></span> <span class='ocrx_word' id='word_1_581' title='bbox 2512 3891 2805 3961; x_wconf 81' lang='lat' dir='ltr'><strong>perfectius</strong></span> <span class='ocrx_word' id='word_1_582' title='bbox 2833 3890 3271 3961; x_wconf 85' lang='lat' dir='ltr'><strong>conteutplabor.</strong></span> <span class='ocrx_word' id='word_1_583' title='bbox 3298 3888 3369 3943; x_wconf 84' lang='lat' dir='ltr'><strong>Et</strong></span> <span class='ocrx_word' id='word_1_584' title='bbox 3386 3900 3651 3959; x_wconf 81' lang='lat' dir='ltr'><strong>tanquam</strong></span> 
     </span>
    </p>
   </div>
   <div class='ocr_carea' id='block_1_86' title="bbox 2088 3982 3651 4055">
    <p class='ocr_par' dir='ltr' id='par_1_86' title="bbox 2088 3982 3651 4055">
     <span class='ocr_line' id='line_1_86' title="bbox 2088 3982 3651 4055; baseline 0 -18"><span class='ocrx_word' id='word_1_585' title='bbox 2088 3998 2118 4036; x_wconf 89' lang='lat' dir='ltr'><strong>a</strong></span> <span class='ocrx_word' id='word_1_586' title='bbox 2178 3985 2643 4054; x_wconf 89' lang='lat' dir='ltr'><strong>contemplatione</strong></span> <span class='ocrx_word' id='word_1_587' title='bbox 2701 3985 2971 4055; x_wconf 89' lang='lat' dir='ltr'><strong>incipiens</strong></span> <span class='ocrx_word' id='word_1_588' title='bbox 3036 3994 3203 4053; x_wconf 89' lang='lat' dir='ltr'><strong>atque</strong></span> <span class='ocrx_word' id='word_1_589' title='bbox 3276 3982 3333 4038; x_wconf 89' lang='lat' dir='ltr'><strong>in</strong></span> <span class='ocrx_word' id='word_1_590' title='bbox 3401 3982 3651 4038; x_wconf 79' lang='lat' dir='ltr'><strong>eamdem</strong></span> 
     </span>
    </p>
   </div>
   <div class='ocr_carea' id='block_1_87' title="bbox 2083 4073 3653 4144">
    <p class='ocr_par' dir='ltr' id='par_1_87' title="bbox 2083 4073 3653 4144">
     <span class='ocr_line' id='line_1_87' title="bbox 2083 4073 3653 4144; baseline 0 -17"><span class='ocrx_word' id='word_1_591' title='bbox 2083 4073 2365 4140; x_wconf 86' lang='lat' dir='ltr'><strong>desinens,</strong></span> <span class='ocrx_word' id='word_1_592' title='bbox 2397 4075 2644 4131; x_wconf 87' lang='lat' dir='ltr'><strong>circuibo</strong></span> <span class='ocrx_word' id='word_1_593' title='bbox 2670 4075 2724 4129; x_wconf 93' lang='lat' dir='ltr'><strong>in</strong></span> <span class='ocrx_word' id='word_1_594' title='bbox 2753 4090 2840 4130; x_wconf 91' lang='lat' dir='ltr'><strong>me</strong></span> <span class='ocrx_word' id='word_1_595' title='bbox 2880 4075 2997 4144; x_wconf 87' lang='lat' dir='ltr'><strong>ipsa</strong></span> <span class='ocrx_word' id='word_1_596' title='bbox 3061 4089 3156 4144; x_wconf 90' lang='lat' dir='ltr'><strong>per</strong></span> <span class='ocrx_word' id='word_1_597' title='bbox 3191 4075 3464 4129; x_wconf 88' lang='lat' dir='ltr'><strong>actionem</strong></span> <span class='ocrx_word' id='word_1_598' title='bbox 3526 4074 3653 4144; x_wconf 83' lang='lat' dir='ltr'><strong>qui-</strong></span> 
     </span>
    </p>
   </div>
   <div class='ocr_carea' id='block_1_88' title="bbox 2083 4164 3651 4234">
    <p class='ocr_par' dir='ltr' id='par_1_88' title="bbox 2083 4164 3651 4234">
     <span class='ocr_line' id='line_1_88' title="bbox 2083 4164 3651 4234; baseline 0.001 -16"><span class='ocrx_word' id='word_1_599' title='bbox 2083 4164 2229 4228; x_wconf 90' lang='lat' dir='ltr'><strong>dem,</strong></span> <span class='ocrx_word' id='word_1_600' title='bbox 2272 4166 2440 4225; x_wconf 90' lang='lat' dir='ltr'><strong>veluti</strong></span> <span class='ocrx_word' id='word_1_601' title='bbox 2487 4166 2542 4220; x_wconf 90' lang='lat' dir='ltr'><strong>in</strong></span> <span class='ocrx_word' id='word_1_602' title='bbox 2594 4164 2728 4221; x_wconf 79' lang='lat' dir='ltr'><strong>foris</strong></span> <span class='ocrx_word' id='word_1_603' title='bbox 2777 4165 3015 4234; x_wconf 85' lang='lat' dir='ltr'><strong>alicujus</strong></span> <span class='ocrx_word' id='word_1_604' title='bbox 3070 4164 3359 4228; x_wconf 66' lang='lat' dir='ltr'><strong>civitatis,</strong></span> <span class='ocrx_word' id='word_1_605' title='bbox 3407 4165 3651 4226; x_wconf 83' lang='lat' dir='ltr'><strong>labores.</strong></span> 
     </span>
    </p>
   </div>
   <div class='ocr_carea' id='block_1_89' title="bbox 2083 4255 3652 4326">
    <p class='ocr_par' dir='ltr' id='par_1_89' title="bbox 2083 4255 3652 4326">
     <span class='ocr_line' id='line_1_89' title="bbox 2083 4255 3652 4326; baseline 0 -17"><span class='ocrx_word' id='word_1_606' title='bbox 2083 4256 2240 4325; x_wconf 83' lang='lat' dir='ltr'><strong>quasi</strong></span> <span class='ocrx_word' id='word_1_607' title='bbox 2271 4264 2555 4326; x_wconf 76' lang='lat' dir='ltr'><strong>argentum</strong></span> <span class='ocrx_word' id='word_1_608' title='bbox 2590 4256 2902 4325; x_wconf 86' lang='lat' dir='ltr'><strong>probatum,</strong></span> <span class='ocrx_word' id='word_1_609' title='bbox 2930 4255 3248 4325; x_wconf 85' lang='lat' dir='ltr'><strong>impendens</strong></span> <span class='ocrx_word' id='word_1_610' title='bbox 3269 4295 3284 4319; x_wconf 94' lang='lat'><strong>,</strong></span> <span class='ocrx_word' id='word_1_611' title='bbox 3333 4262 3388 4310; x_wconf 92' lang='lat' dir='ltr'><strong>et</strong></span> <span class='ocrx_word' id='word_1_612' title='bbox 3422 4255 3652 4309; x_wconf 84' lang='lat' dir='ltr'><strong>virtutes</strong></span> 
     </span>
    </p>
   </div>
   <div class='ocr_carea' id='block_1_90' title="bbox 2085 4348 3648 4416">
    <p class='ocr_par' dir='ltr' id='par_1_90' title="bbox 2085 4348 3648 4416">
     <span class='ocr_line' id='line_1_90' title="bbox 2085 4348 3648 4416; baseline -0.002 -15"><span class='ocrx_word' id='word_1_613' title='bbox 2085 4360 2447 4416; x_wconf 85' lang='lat' dir='ltr'><strong>comparans:</strong></span> <span class='ocrx_word' id='word_1_614' title='bbox 2480 4362 2574 4416; x_wconf 90' lang='lat' dir='ltr'><strong>per</strong></span> <span class='ocrx_word' id='word_1_615' title='bbox 2597 4348 3115 4416; x_wconf 87' lang='lat' dir='ltr'><strong>contemplationem</strong></span> <span class='ocrx_word' id='word_1_616' title='bbox 3155 4356 3362 4411; x_wconf 84' lang='lat' dir='ltr'><strong>autem,</strong></span> <span class='ocrx_word' id='word_1_617' title='bbox 3390 4356 3648 4415; x_wconf 80' lang='lat' dir='ltr'><strong>tanquam</strong></span> 
     </span>
    </p>
   </div>
   <div class='ocr_carea' id='block_1_91' title="bbox 2088 4437 3651 4508">
    <p class='ocr_par' dir='ltr' id='par_1_91' title="bbox 2088 4437 3651 4508">
     <span class='ocr_line' id='line_1_91' title="bbox 2088 4437 3651 4508; baseline 0 -18"><span class='ocrx_word' id='word_1_618' title='bbox 2088 4437 2140 4491; x_wconf 92' lang='lat' dir='ltr'><strong>in</strong></span> <span class='ocrx_word' id='word_1_619' title='bbox 2170 4440 2366 4508; x_wconf 88' lang='lat' dir='ltr'><strong>plateis</strong></span> <span class='ocrx_word' id='word_1_620' title='bbox 2398 4454 2731 4508; x_wconf 80' lang='lat' dir='ltr'><strong>percurrens</strong></span> <span class='ocrx_word' id='word_1_621' title='bbox 2760 4439 2814 4492; x_wconf 92' lang='lat' dir='ltr'><strong>in</strong></span> <span class='ocrx_word' id='word_1_622' title='bbox 2844 4438 3189 4493; x_wconf 83' lang='lat' dir='ltr'><strong>naturalibtts</strong></span> <span class='ocrx_word' id='word_1_623' title='bbox 3242 4452 3421 4492; x_wconf 87' lang='lat' dir='ltr'><strong>rerum</strong></span> <span class='ocrx_word' id='word_1_624' title='bbox 3456 4452 3651 4507; x_wconf 71' lang='lat' dir='ltr'><strong>specu~</strong></span> 
     </span>
    </p>
   </div>
   <div class='ocr_carea' id='block_1_92' title="bbox 408 4510 2155 4597">
    <p class='ocr_par' dir='ltr' id='par_1_92' title="bbox 408 4510 2155 4581">
     <span class='ocr_line' id='line_1_92' title="bbox 408 4510 2155 4581; baseline 0.001 -18"><span class='ocrx_word' id='word_1_625' title='bbox 408 4514 525 4574; x_wconf 84' lang='grc' dir='ltr'>ταῖς</span> <span class='ocrx_word' id='word_1_626' title='bbox 558 4513 816 4580; x_wconf 81' lang='grc' dir='ltr'>φυσικαῖς</span> <span class='ocrx_word' id='word_1_627' title='bbox 850 4510 1109 4581; x_wconf 85' lang='grc' dir='ltr'>θεωρίαις</span> <span class='ocrx_word' id='word_1_628' title='bbox 1146 4511 1256 4564; x_wconf 80' lang='grc' dir='ltr'>τῶν</span> <span class='ocrx_word' id='word_1_629' title='bbox 1289 4512 1457 4564; x_wconf 78' lang='grc' dir='ltr'>ὄντων</span> <span class='ocrx_word' id='word_1_630' title='bbox 1478 4527 1491 4540; x_wconf 86' lang='grc'><strong>·</strong></span> <span class='ocrx_word' id='word_1_631' title='bbox 1525 4511 1620 4564; x_wconf 77' lang='grc' dir='ltr'>καὶ</span> <span class='ocrx_word' id='word_1_632' title='bbox 1648 4512 1745 4581; x_wconf 82' lang='grc' dir='ltr'><strong>τὴν</strong></span> <span class='ocrx_word' id='word_1_633' title='bbox 1773 4512 1979 4565; x_wconf 83' lang='grc' dir='ltr'>τούτων</span> <span class='ocrx_word' id='word_1_634' title='bbox 2012 4524 2054 4580; x_wconf 82' lang='lat' dir='ltr'><strong>D</strong></span> <span class='ocrx_word' id='word_1_635' title='bbox 2086 4528 2155 4581; x_wconf 61' lang='lat' dir='ltr'><strong>[al</strong></span> 
     </span>
    </p>
   </div>
   <div class='ocr_carea' id='block_1_93' title="bbox 1897 4510 3644 4597">
    <p class='ocr_par' dir='ltr' id='par_1_93' title="bbox 1897 4524 3644 4597">
     <span class='ocr_line' id='line_1_93' title="bbox 1897 4524 3644 4597; baseline 0 -17"><span class='ocrx_word' id='word_1_636' title='bbox 1897 4530 1979 4565; x_wconf 81' lang='grc' dir='ltr'>’ων</span> <span class='ocrx_word' id='word_1_637' title='bbox 2012 4524 2054 4580; x_wconf 91' lang='lat' dir='ltr'><strong>D</strong></span> <span class='ocrx_word' id='word_1_638' title='bbox 2086 4528 2406 4594; x_wconf 85' lang='lat' dir='ltr'><strong>latiuuibus,</strong></span> <span class='ocrx_word' id='word_1_639' title='bbox 2428 4543 2482 4584; x_wconf 88' lang='lat' dir='ltr'><strong>et</strong></span> <span class='ocrx_word' id='word_1_640' title='bbox 2510 4530 2716 4583; x_wconf 88' lang='lat' dir='ltr'><strong>variam</strong></span> <span class='ocrx_word' id='word_1_641' title='bbox 2744 4528 2960 4583; x_wconf 81' lang='lat' dir='ltr'><strong>illarum</strong></span> <span class='ocrx_word' id='word_1_642' title='bbox 3009 4528 3292 4583; x_wconf 82' lang='lat' dir='ltr'><strong>scientiam</strong></span> <span class='ocrx_word' id='word_1_643' title='bbox 3347 4528 3644 4597; x_wconf 82' lang='lat' dir='ltr'><strong>colligens:</strong></span> 
     </span>
    </p>
   </div>
   <div class='ocr_carea' id='block_1_94' title="bbox 410 4601 1977 4674">
    <p class='ocr_par' dir='ltr' id='par_1_94' title="bbox 410 4601 1977 4674">
     <span class='ocr_line' id='line_1_94' title="bbox 410 4601 1977 4674; baseline 0.001 -19"><span class='ocrx_word' id='word_1_644' title='bbox 410 4603 663 4674; x_wconf 79' lang='grc' dir='ltr'>διάφορον</span> <span class='ocrx_word' id='word_1_645' title='bbox 694 4601 895 4671; x_wconf 85' lang='grc' dir='ltr'>γνῶσιν</span> <span class='ocrx_word' id='word_1_646' title='bbox 928 4604 1263 4671; x_wconf 79' lang='grc' dir='ltr'>συλλέγουσα</span> <span class='ocrx_word' id='word_1_647' title='bbox 1288 4618 1303 4633; x_wconf 83' lang='lat'><strong><em>°</em></strong></span> <span class='ocrx_word' id='word_1_648' title='bbox 1329 4604 1423 4656; x_wconf 77' lang='grc' dir='ltr'>καὶ</span> <span class='ocrx_word' id='word_1_649' title='bbox 1455 4601 1597 4656; x_wconf 77' lang='grc' dir='ltr'>οὕτω</span> <span class='ocrx_word' id='word_1_650' title='bbox 1627 4601 1845 4673; x_wconf 87' lang='grc' dir='ltr'>ζητήσω</span> <span class='ocrx_word' id='word_1_651' title='bbox 1887 4605 1977 4657; x_wconf 74' lang='grc' dir='ltr'>τὸν</span> 
     </span>
    </p>
   </div>
   <div class='ocr_carea' id='block_1_95' title="bbox 411 4689 1975 4761">
    <p class='ocr_par' dir='ltr' id='par_1_95' title="bbox 411 4689 1975 4761">
     <span class='ocr_line' id='line_1_95' title="bbox 411 4689 1975 4761; baseline -0.001 -17"><span class='ocrx_word' id='word_1_652' title='bbox 411 4690 743 4760; x_wconf 81' lang='grc' dir='ltr'>ποθούμενόν</span> <span class='ocrx_word' id='word_1_653' title='bbox 771 4708 862 4761; x_wconf 95' lang='grc' dir='ltr'><strong>μοι</strong></span> <span class='ocrx_word' id='word_1_654' title='bbox 892 4690 1093 4761; x_wconf 86' lang='grc' dir='ltr'>εὑρεῖν.</span> <span class='ocrx_word' id='word_1_655' title='bbox 1140 4689 1433 4757; x_wconf 68' lang='grc' dir='ltr'>Ἐζήτησα</span> <span class='ocrx_word' id='word_1_656' title='bbox 1475 4689 1697 4755; x_wconf 81' lang='grc' dir='ltr'>αὐτὸν,</span> <span class='ocrx_word' id='word_1_657' title='bbox 1737 4689 1834 4742; x_wconf 78' lang='grc' dir='ltr'>καὶ</span> <span class='ocrx_word' id='word_1_658' title='bbox 1864 4691 1975 4757; x_wconf 85' lang='grc' dir='ltr'><strong>οὐχ</strong></span> 
     </span>
    </p>
   </div>
   <div class='ocr_carea' id='block_1_96' title="bbox 409 4778 1979 4851">
    <p class='ocr_par' dir='ltr' id='par_1_96' title="bbox 409 4778 1979 4851">
     <span class='ocr_line' id='line_1_96' title="bbox 409 4778 1979 4851; baseline -0.001 -14"><span class='ocrx_word' id='word_1_659' title='bbox 409 4778 588 4851; x_wconf 81' lang='grc' dir='ltr'>εὗρον</span> <span class='ocrx_word' id='word_1_660' title='bbox 612 4783 819 4845; x_wconf 77' lang='grc' dir='ltr'>αὑτὸν,</span> <span class='ocrx_word' id='word_1_661' title='bbox 861 4780 1124 4835; x_wconf 78' lang='grc' dir='ltr'>ἐκάλεσα</span> <span class='ocrx_word' id='word_1_662' title='bbox 1149 4782 1355 4846; x_wconf 80' lang='grc' dir='ltr'>αὑτὸν,</span> <span class='ocrx_word' id='word_1_663' title='bbox 1384 4781 1482 4835; x_wconf 76' lang='grc' dir='ltr'>καὶ</span> <span class='ocrx_word' id='word_1_664' title='bbox 1503 4785 1616 4850; x_wconf 83' lang='grc' dir='ltr'><strong>οὐχ</strong></span> <span class='ocrx_word' id='word_1_665' title='bbox 1663 4782 1979 4847; x_wconf 82' lang='grc' dir='ltr'>ὑπήκουσέ</span> 
     </span>
    </p>
   </div>
   <div class='ocr_carea' id='block_1_97' title="bbox 411 4874 1979 4947">
    <p class='ocr_par' dir='ltr' id='par_1_97' title="bbox 411 4874 1979 4947">
     <span class='ocr_line' id='line_1_97' title="bbox 411 4874 1979 4947; baseline 0 -19"><span class='ocrx_word' id='word_1_666' title='bbox 411 4892 544 4928; x_wconf 75' lang='lat' dir='ltr'><strong>nov.</strong></span> <span class='ocrx_word' id='word_1_667' title='bbox 592 4875 845 4945; x_wconf 87' lang='grc' dir='ltr'>Δηλονότι</span> <span class='ocrx_word' id='word_1_668' title='bbox 879 4874 1020 4928; x_wconf 88' lang='grc' dir='ltr'>κατὰ</span> <span class='ocrx_word' id='word_1_669' title='bbox 1071 4874 1269 4946; x_wconf 77' lang='grc' dir='ltr'>πρᾶξιν</span> <span class='ocrx_word' id='word_1_670' title='bbox 1324 4875 1419 4927; x_wconf 73' lang='grc' dir='ltr'><strong>καὶ</strong></span> <span class='ocrx_word' id='word_1_671' title='bbox 1472 4874 1705 4946; x_wconf 85' lang='grc' dir='ltr'>Θεωρίαν</span> <span class='ocrx_word' id='word_1_672' title='bbox 1740 4876 1979 4947; x_wconf 84' lang='grc' dir='ltr'>ἐζήτησα</span> 
     </span>
    </p>
   </div>
   <div class='ocr_carea' id='block_1_98' title="bbox 415 4967 966 5036">
    <p class='ocr_par' dir='ltr' id='par_1_98' title="bbox 415 4967 966 5036">
     <span class='ocr_line' id='line_1_98' title="bbox 415 4967 966 5036; baseline 0.005 -18"><span class='ocrx_word' id='word_1_673' title='bbox 415 4967 592 5030; x_wconf 73' lang='grc' dir='ltr'>αὑτὸν,</span> <span class='ocrx_word' id='word_1_674' title='bbox 628 4967 966 5036; x_wconf 86' lang='grc' dir='ltr'>μιμουμένη.</span> 
     </span>
    </p>
   </div>
   <div class='ocr_carea' id='block_1_99' title="bbox 423 5055 1972 5127">
    <p class='ocr_par' dir='ltr' id='par_1_99' title="bbox 423 5055 1972 5127">
     <span class='ocr_line' id='line_1_99' title="bbox 423 5055 1972 5127; baseline 0.001 -16"><span class='ocrx_word' id='word_1_675' title='bbox 423 5057 720 5111; x_wconf 73' lang='grc' dir='ltr'>Ἐκάλεσα</span> <span class='ocrx_word' id='word_1_676' title='bbox 808 5058 996 5112; x_wconf 76' lang='grc' dir='ltr'>αὑτὸν</span> <span class='ocrx_word' id='word_1_677' title='bbox 1079 5057 1178 5111; x_wconf 81' lang='grc' dir='ltr'><strong>καί</strong></span> <span class='ocrx_word' id='word_1_678' title='bbox 1254 5058 1367 5126; x_wconf 79' lang='grc' dir='ltr'><strong>οὐχ</strong></span> <span class='ocrx_word' id='word_1_679' title='bbox 1436 5055 1751 5123; x_wconf 77' lang='grc' dir='ltr'>ὑπήκουσέ</span> <span class='ocrx_word' id='word_1_680' title='bbox 1833 5074 1972 5127; x_wconf 84' lang='grc' dir='ltr'>μου.</span> 
     </span>
    </p>
   </div>
   <div class='ocr_carea' id='block_1_100' title="bbox 1070 5149 1334 5203">
    <p class='ocr_par' dir='ltr' id='par_1_100' title="bbox 1070 5149 1334 5203">
     <span class='ocr_line' id='line_1_100' title="bbox 1070 5149 1334 5203; baseline 0 0"><span class='ocrx_word' id='word_1_681' title='bbox 1070 5149 1310 5203; x_wconf 73' lang='grc' dir='ltr'><strong>Ψελλοὗ</strong></span> <span class='ocrx_word' id='word_1_682' title='bbox 1321 5189 1334 5202; x_wconf 94' lang='grc'><strong>.</strong></span> 
     </span>
    </p>
   </div>
   <div class='ocr_carea' id='block_1_101' title="bbox 426 5238 1973 5311">
    <p class='ocr_par' dir='ltr' id='par_1_101' title="bbox 426 5238 1973 5311">
     <span class='ocr_line' id='line_1_101' title="bbox 426 5238 1973 5311; baseline -0.001 -18"><span class='ocrx_word' id='word_1_683' title='bbox 426 5241 512 5305; x_wconf 79' lang='grc' dir='ltr'>Ὠς</span> <span class='ocrx_word' id='word_1_684' title='bbox 540 5244 728 5306; x_wconf 80' lang='grc' dir='ltr'>ὅντως,</span> <span class='ocrx_word' id='word_1_685' title='bbox 758 5241 1143 5311; x_wconf 86' lang='grc' dir='ltr'>ἀκατάληπτος</span> <span class='ocrx_word' id='word_1_686' title='bbox 1182 5242 1215 5310; x_wconf 85' lang='grc' dir='ltr'>ἡ</span> <span class='ocrx_word' id='word_1_687' title='bbox 1241 5242 1331 5310; x_wconf 83' lang='grc' dir='ltr'>σὴ,</span> <span class='ocrx_word' id='word_1_688' title='bbox 1366 5238 1567 5310; x_wconf 85' lang='grc' dir='ltr'>Χριστὲ</span> <span class='ocrx_word' id='word_1_689' title='bbox 1619 5256 1744 5307; x_wconf 90' lang='grc' dir='ltr'>μου,</span> <span class='ocrx_word' id='word_1_690' title='bbox 1794 5239 1973 5307; x_wconf 84' lang='grc' dir='ltr'>φύσις.</span> 
     </span>
    </p>
   </div>
   <div class='ocr_carea' id='block_1_102' title="bbox 428 5331 1978 5404">
    <p class='ocr_par' dir='ltr' id='par_1_102' title="bbox 428 5331 1978 5404">
     <span class='ocr_line' id='line_1_102' title="bbox 428 5331 1978 5404; baseline -0.002 -17"><span class='ocrx_word' id='word_1_691' title='bbox 428 5334 549 5386; x_wconf 74' lang='grc' dir='ltr'><strong>Ἐπὶ</strong></span> <span class='ocrx_word' id='word_1_692' title='bbox 602 5334 703 5403; x_wconf 83' lang='grc' dir='ltr'>τὴν</span> <span class='ocrx_word' id='word_1_693' title='bbox 744 5334 931 5404; x_wconf 87' lang='grc' dir='ltr'>κοίτην</span> <span class='ocrx_word' id='word_1_694' title='bbox 958 5351 1095 5404; x_wconf 88' lang='grc' dir='ltr'>μου,</span> <span class='ocrx_word' id='word_1_695' title='bbox 1129 5334 1300 5404; x_wconf 72' lang='grc' dir='ltr'>φησὶ,</span> <span class='ocrx_word' id='word_1_696' title='bbox 1362 5331 1460 5403; x_wconf 85' lang='grc' dir='ltr'>τὴν</span> <span class='ocrx_word' id='word_1_697' title='bbox 1516 5332 1653 5399; x_wconf 77' lang='grc' dir='ltr'>ἄγαν</span> <span class='ocrx_word' id='word_1_698' title='bbox 1690 5332 1978 5403; x_wconf 85' lang='grc' dir='ltr'>προκοπήν</span> 
     </span>
    </p>
   </div>
   <div class='ocr_carea' id='block_1_103' title="bbox 1806 5423 1974 5496">
    <p class='ocr_par' dir='ltr' id='par_1_103' title="bbox 1806 5423 1974 5496">
     <span class='ocr_line' id='line_1_103' title="bbox 1806 5423 1974 5496; baseline -0.006 0"><span class='ocrx_word' id='word_1_699' title='bbox 1806 5423 1934 5496; x_wconf 76' lang='grc' dir='ltr'><strong>[μου</strong></span> <span class='ocrx_word' id='word_1_700' title='bbox 1958 5463 1974 5489; x_wconf 70' lang='grc' dir='ltr'><strong>ν</strong></span> 
     </span>
    </p>
   </div>
   <div class='ocr_carea' id='block_1_104' title="bbox 426 5507 1838 5587">
    <p class='ocr_par' dir='ltr' id='par_1_104' title="bbox 426 5507 1838 5587">
     <span class='ocr_line' id='line_1_104' title="bbox 426 5507 1838 5587; baseline 0.001 -21"><span class='ocrx_word' id='word_1_701' title='bbox 426 5513 511 5567; x_wconf 89' lang='grc' dir='ltr'>Ἐν</span> <span class='ocrx_word' id='word_1_702' title='bbox 610 5514 704 5568; x_wconf 79' lang='grc' dir='ltr'>καὶ</span> <span class='ocrx_word' id='word_1_703' title='bbox 732 5515 987 5583; x_wconf 77' lang='grc' dir='ltr'>φθάσασα</span> <span class='ocrx_word' id='word_1_704' title='bbox 1018 5514 1205 5568; x_wconf 83' lang='grc' dir='ltr'>λοιπὸν</span> <span class='ocrx_word' id='word_1_705' title='bbox 1233 5515 1439 5585; x_wconf 69' lang='grc' dir='ltr'>ἠλπισα</span> <span class='ocrx_word' id='word_1_706' title='bbox 1465 5515 1838 5583; x_wconf 86' lang='grc' dir='ltr'>καταπαῦσαι,</span> 
     </span>
    </p>
   </div>
   <div class='ocr_carea' id='block_1_105' title="bbox 418 5598 1730 5674">
    <p class='ocr_par' dir='ltr' id='par_1_105' title="bbox 418 5598 1730 5674">
     <span class='ocr_line' id='line_1_105' title="bbox 418 5598 1730 5674; baseline 0.003 -20"><span class='ocrx_word' id='word_1_707' title='bbox 418 5598 509 5667; x_wconf 79' lang='grc' dir='ltr'>Ὠς</span> <span class='ocrx_word' id='word_1_708' title='bbox 533 5605 632 5673; x_wconf 72' lang='grc' dir='ltr'><strong>ήδη</strong></span> <span class='ocrx_word' id='word_1_709' title='bbox 659 5604 717 5657; x_wconf 83' lang='grc' dir='ltr'><strong>τὸ</strong></span> <span class='ocrx_word' id='word_1_710' title='bbox 742 5605 1041 5674; x_wconf 86' lang='grc' dir='ltr'>ἀκρότατον</span> <span class='ocrx_word' id='word_1_711' title='bbox 1075 5605 1289 5658; x_wconf 82' lang='grc' dir='ltr'>πάντων</span> <span class='ocrx_word' id='word_1_712' title='bbox 1314 5605 1691 5659; x_wconf 77' lang='grc' dir='ltr'>καταλαϐοῦσα</span> <span class='ocrx_word' id='word_1_713' title='bbox 1716 5623 1730 5637; x_wconf 90' lang='grc'><strong>·</strong></span> 
     </span>
    </p>
   </div>
   <div class='ocr_carea' id='block_1_106' title="bbox 413 5697 1905 5769">
    <p class='ocr_par' dir='ltr' id='par_1_106' title="bbox 413 5697 1905 5769">
     <span class='ocr_line' id='line_1_106' title="bbox 413 5697 1905 5769; baseline 0.001 -22"><span class='ocrx_word' id='word_1_714' title='bbox 413 5698 581 5748; x_wconf 76' lang='grc' dir='ltr'>’Ὅταν</span> <span class='ocrx_word' id='word_1_715' title='bbox 607 5697 740 5766; x_wconf 76' lang='grc' dir='ltr'>πρὸς</span> <span class='ocrx_word' id='word_1_716' title='bbox 771 5698 939 5749; x_wconf 88' lang='grc' dir='ltr'>νύκτα</span> <span class='ocrx_word' id='word_1_717' title='bbox 965 5698 1220 5765; x_wconf 82' lang='grc' dir='ltr'>πέφθακα</span> <span class='ocrx_word' id='word_1_718' title='bbox 1248 5698 1356 5750; x_wconf 85' lang='grc' dir='ltr'><strong>τῶν</strong></span> <span class='ocrx_word' id='word_1_719' title='bbox 1385 5698 1544 5751; x_wconf 81' lang='grc' dir='ltr'>Θείῶν</span> <span class='ocrx_word' id='word_1_720' title='bbox 1573 5699 1905 5769; x_wconf 70' lang='grc' dir='ltr'>μυστηρίων,</span> 
     </span>
    </p>
   </div>
   <div class='ocr_carea' id='block_1_107' title="bbox 410 5788 1763 5860">
    <p class='ocr_par' dir='ltr' id='par_1_107' title="bbox 410 5788 1763 5860">
     <span class='ocr_line' id='line_1_107' title="bbox 410 5788 1763 5860; baseline 0.004 -23"><span class='ocrx_word' id='word_1_721' title='bbox 410 5788 637 5857; x_wconf 57' lang='lat' dir='ltr'><strong>timidi;</strong></span> <span class='ocrx_word' id='word_1_722' title='bbox 679 5788 1022 5860; x_wconf 67' lang='grc' dir='ltr'>ἀναζητοῦσα</span> <span class='ocrx_word' id='word_1_723' title='bbox 1054 5790 1142 5843; x_wconf 73' lang='grc' dir='ltr'><strong>τὸν</strong></span> <span class='ocrx_word' id='word_1_724' title='bbox 1176 5790 1345 5859; x_wconf 86' lang='grc' dir='ltr'>Λόγον</span> <span class='ocrx_word' id='word_1_725' title='bbox 1385 5791 1476 5843; x_wconf 68' lang='grc' dir='ltr'>καὶ</span> <span class='ocrx_word' id='word_1_726' title='bbox 1513 5789 1763 5859; x_wconf 84' lang='grc' dir='ltr'>νυμφίον,</span> 
     </span>
    </p>
   </div>
   <div class='ocr_carea' id='block_1_108' title="bbox 2090 4616 3656 4689">
    <p class='ocr_par' dir='ltr' id='par_1_108' title="bbox 2090 4616 3656 4689">
     <span class='ocr_line' id='line_1_108' title="bbox 2090 4616 3656 4689; baseline 0.001 -18"><span class='ocrx_word' id='word_1_727' title='bbox 2090 4628 2255 4685; x_wconf 87' lang='lat' dir='ltr'><strong>atque</strong></span> <span class='ocrx_word' id='word_1_728' title='bbox 2288 4623 2380 4684; x_wconf 83' lang='lat' dir='ltr'><strong>ita,</strong></span> <span class='ocrx_word' id='word_1_729' title='bbox 2408 4634 2565 4689; x_wconf 91' lang='lat' dir='ltr'><strong>quem</strong></span> <span class='ocrx_word' id='word_1_730' title='bbox 2584 4619 2839 4675; x_wconf 90' lang='lat' dir='ltr'><strong>desidero</strong></span> <span class='ocrx_word' id='word_1_731' title='bbox 2862 4619 3389 4675; x_wconf 88' lang='lat' dir='ltr'><strong>conaborinvenire.</strong></span> <span class='ocrx_word' id='word_1_732' title='bbox 3417 4616 3656 4683; x_wconf 75' lang='lat' dir='ltr'><strong>Qumict’</strong></span> 
     </span>
    </p>
   </div>
   <div class='ocr_carea' id='block_1_109' title="bbox 2078 4707 3653 4773">
    <p class='ocr_par' dir='ltr' id='par_1_109' title="bbox 2078 4707 3653 4773">
     <span class='ocr_line' id='line_1_109' title="bbox 2078 4707 3653 4773; baseline 0.001 -12"><span class='ocrx_word' id='word_1_733' title='bbox 2078 4708 2246 4772; x_wconf 83' lang='lat' dir='ltr'><strong>illum,</strong></span> <span class='ocrx_word' id='word_1_734' title='bbox 2274 4720 2323 4763; x_wconf 84' lang='lat' dir='ltr'><strong>et</strong></span> <span class='ocrx_word' id='word_1_735' title='bbox 2355 4726 2456 4763; x_wconf 87' lang='lat' dir='ltr'><strong>non</strong></span> <span class='ocrx_word' id='word_1_736' title='bbox 2511 4710 2685 4762; x_wconf 76' lang='lat' dir='ltr'><strong>inveni</strong></span> <span class='ocrx_word' id='word_1_737' title='bbox 2726 4725 2744 4763; x_wconf 90' lang='lat'><strong><em>:</em></strong></span> <span class='ocrx_word' id='word_1_738' title='bbox 2780 4710 2957 4762; x_wconf 82' lang='lat' dir='ltr'><strong>vocavi</strong></span> <span class='ocrx_word' id='word_1_739' title='bbox 3018 4724 3157 4773; x_wconf 86' lang='lat' dir='ltr'><strong>eum,</strong></span> <span class='ocrx_word' id='word_1_740' title='bbox 3189 4718 3237 4761; x_wconf 75' lang='lat' dir='ltr'><strong>et</strong></span> <span class='ocrx_word' id='word_1_741' title='bbox 3286 4723 3387 4760; x_wconf 74' lang='lat' dir='ltr'><strong>non</strong></span> <span class='ocrx_word' id='word_1_742' title='bbox 3443 4707 3653 4762; x_wconf 76' lang='lat' dir='ltr'><strong>audivit</strong></span> 
     </span>
    </p>
   </div>
   <div class='ocr_carea' id='block_1_110' title="bbox 2080 4797 3650 4867">
    <p class='ocr_par' dir='ltr' id='par_1_110' title="bbox 2080 4797 3650 4867">
     <span class='ocr_line' id='line_1_110' title="bbox 2080 4797 3650 4867; baseline -0.001 -15"><span class='ocrx_word' id='word_1_743' title='bbox 2080 4815 2181 4854; x_wconf 87' lang='lat' dir='ltr'><strong>me.</strong></span> <span class='ocrx_word' id='word_1_744' title='bbox 2214 4801 2320 4853; x_wconf 89' lang='lat' dir='ltr'><strong>Per</strong></span> <span class='ocrx_word' id='word_1_745' title='bbox 2359 4798 2631 4853; x_wconf 87' lang='lat' dir='ltr'><strong>actionem</strong></span> <span class='ocrx_word' id='word_1_746' title='bbox 2695 4799 2954 4853; x_wconf 84' lang='lat' dir='ltr'><strong>nimirum</strong></span> <span class='ocrx_word' id='word_1_747' title='bbox 3017 4808 3072 4853; x_wconf 90' lang='lat' dir='ltr'><strong>et</strong></span> <span class='ocrx_word' id='word_1_748' title='bbox 3127 4797 3650 4867; x_wconf 85' lang='lat' dir='ltr'><strong>contemplationem</strong></span> 
     </span>
    </p>
   </div>
   <div class='ocr_carea' id='block_1_111' title="bbox 2080 4889 2809 4961">
    <p class='ocr_par' dir='ltr' id='par_1_111' title="bbox 2080 4889 2809 4961">
     <span class='ocr_line' id='line_1_111' title="bbox 2080 4889 2809 4961; baseline -0.001 -16"><span class='ocrx_word' id='word_1_749' title='bbox 2080 4890 2310 4961; x_wconf 68' lang='lat' dir='ltr'><strong>quaesivi</strong></span> <span class='ocrx_word' id='word_1_750' title='bbox 2343 4890 2494 4944; x_wconf 90' lang='lat' dir='ltr'><strong>illum</strong></span> <span class='ocrx_word' id='word_1_751' title='bbox 2524 4889 2809 4944; x_wconf 89' lang='lat' dir='ltr'><strong>imitando.</strong></span> 
     </span>
    </p>
   </div>
   <div class='ocr_carea' id='block_1_112' title="bbox 2165 5063 3099 5132">
    <p class='ocr_par' dir='ltr' id='par_1_112' title="bbox 2165 5063 3099 5132">
     <span class='ocr_line' id='line_1_112' title="bbox 2165 5063 3099 5132; baseline 0 -13"><span class='ocrx_word' id='word_1_752' title='bbox 2165 5064 2351 5119; x_wconf 79' lang='lat' dir='ltr'><strong>Vocavi</strong></span> <span class='ocrx_word' id='word_1_753' title='bbox 2373 5080 2511 5132; x_wconf 79' lang='lat' dir='ltr'><strong>cum,</strong></span> <span class='ocrx_word' id='word_1_754' title='bbox 2543 5073 2596 5118; x_wconf 81' lang='lat' dir='ltr'><strong>et</strong></span> <span class='ocrx_word' id='word_1_755' title='bbox 2631 5080 2731 5118; x_wconf 84' lang='lat' dir='ltr'><strong>non</strong></span> <span class='ocrx_word' id='word_1_756' title='bbox 2772 5063 2972 5117; x_wconf 81' lang='lat' dir='ltr'><strong>audivit</strong></span> <span class='ocrx_word' id='word_1_757' title='bbox 3000 5079 3099 5119; x_wconf 84' lang='lat' dir='ltr'><strong>me.</strong></span> 
     </span>
    </p>
   </div>
   <div class='ocr_carea' id='block_1_113' title="bbox 2766 5154 2954 5210">
    <p class='ocr_par' dir='ltr' id='par_1_113' title="bbox 2766 5154 2954 5210">
     <span class='ocr_line' id='line_1_113' title="bbox 2766 5154 2954 5210; baseline 0.011 -2"><span class='ocrx_word' id='word_1_758' title='bbox 2766 5154 2954 5210; x_wconf 84' lang='lat' dir='ltr'><strong>Pselli.</strong></span> 
     </span>
    </p>
   </div>
   <div class='ocr_carea' id='block_1_114' title="bbox 2154 5244 3635 5314">
    <p class='ocr_par' dir='ltr' id='par_1_114' title="bbox 2154 5244 3635 5314">
     <span class='ocr_line' id='line_1_114' title="bbox 2154 5244 3635 5314; baseline -0.001 -15"><span class='ocrx_word' id='word_1_759' title='bbox 2154 5246 2267 5300; x_wconf 87' lang='lat' dir='ltr'><strong>Tua</strong></span> <span class='ocrx_word' id='word_1_760' title='bbox 2335 5246 2581 5314; x_wconf 60' lang='lat' dir='ltr'><strong>proiecto</strong></span> <span class='ocrx_word' id='word_1_761' title='bbox 2652 5253 2863 5311; x_wconf 87' lang='lat' dir='ltr'><strong>natura,</strong></span> <span class='ocrx_word' id='word_1_762' title='bbox 2936 5244 3186 5310; x_wconf 81' lang='lat' dir='ltr'><strong>Christe,</strong></span> <span class='ocrx_word' id='word_1_763' title='bbox 3247 5244 3635 5313; x_wconf 86' lang='lat' dir='ltr'><strong>comprehendi</strong></span> 
     </span>
    </p>
   </div>
   <div class='ocr_carea' id='block_1_115' title="bbox 2084 5334 3650 5405">
    <p class='ocr_par' dir='ltr' id='par_1_115' title="bbox 2084 5334 3650 5405">
     <span class='ocr_line' id='line_1_115' title="bbox 2084 5334 3650 5405; baseline -0.003 -13"><span class='ocrx_word' id='word_1_764' title='bbox 2084 5337 2293 5405; x_wconf 87' lang='lat' dir='ltr'><strong>nequit.</strong></span> <span class='ocrx_word' id='word_1_765' title='bbox 2324 5334 2435 5405; x_wconf 79' lang='lat' dir='ltr'><strong>Ego</strong></span> <span class='ocrx_word' id='word_1_766' title='bbox 2486 5336 2540 5389; x_wconf 91' lang='lat' dir='ltr'><strong>iu</strong></span> <span class='ocrx_word' id='word_1_767' title='bbox 2592 5336 2792 5389; x_wconf 87' lang='lat' dir='ltr'><strong>lectulo</strong></span> <span class='ocrx_word' id='word_1_768' title='bbox 2823 5334 3225 5404; x_wconf 81' lang='lat' dir='ltr'><strong>progressionis</strong></span> <span class='ocrx_word' id='word_1_769' title='bbox 3279 5349 3431 5399; x_wconf 59' lang='lat' dir='ltr'><strong>meae,</strong></span> <span class='ocrx_word' id='word_1_770' title='bbox 3487 5334 3650 5389; x_wconf 80' lang='lat' dir='ltr'><strong>valde</strong></span> 
     </span>
    </p>
   </div>
   <div class='ocr_carea' id='block_1_116' title="bbox 2083 5423 3651 5496">
    <p class='ocr_par' dir='ltr' id='par_1_116' title="bbox 2083 5423 3651 5496">
     <span class='ocr_line' id='line_1_116' title="bbox 2083 5423 3651 5496; baseline 0 -18"><span class='ocrx_word' id='word_1_771' title='bbox 2083 5426 2446 5496; x_wconf 83' lang='lat' dir='ltr'><strong>prol&#39;eceram,</strong></span> <span class='ocrx_word' id='word_1_772' title='bbox 2508 5442 2592 5480; x_wconf 88' lang='lat' dir='ltr'><strong>me</strong></span> <span class='ocrx_word' id='word_1_773' title='bbox 2647 5426 3060 5493; x_wconf 88' lang='lat' dir='ltr'><strong>conquieturam</strong></span> <span class='ocrx_word' id='word_1_774' title='bbox 3109 5423 3417 5493; x_wconf 83' lang='lat' dir='ltr'><strong>sperabant,</strong></span> <span class='ocrx_word' id='word_1_775' title='bbox 3460 5432 3651 5493; x_wconf 83' lang='lat' dir='ltr'><strong>utpote</strong></span> 
     </span>
    </p>
   </div>
   <div class='ocr_carea' id='block_1_117' title="bbox 2086 5515 3644 5587">
    <p class='ocr_par' dir='ltr' id='par_1_117' title="bbox 2086 5515 3644 5587">
     <span class='ocr_line' id='line_1_117' title="bbox 2086 5515 3644 5587; baseline -0.002 -17"><span class='ocrx_word' id='word_1_776' title='bbox 2086 5531 2207 5587; x_wconf 69' lang='lat' dir='ltr'><strong>qua:</strong></span> <span class='ocrx_word' id='word_1_777' title='bbox 2238 5518 2347 5586; x_wconf 83' lang='lat' dir='ltr'><strong>jam</strong></span> <span class='ocrx_word' id='word_1_778' title='bbox 2376 5517 2443 5570; x_wconf 89' lang='lat' dir='ltr'><strong>ad</strong></span> <span class='ocrx_word' id='word_1_779' title='bbox 2503 5515 2856 5585; x_wconf 82' lang='lat' dir='ltr'><strong>perfectionis</strong></span> <span class='ocrx_word' id='word_1_780' title='bbox 2912 5515 3182 5585; x_wconf 78' lang='lat' dir='ltr'><strong>l&#39;aStigium</strong></span> <span class='ocrx_word' id='word_1_781' title='bbox 3236 5515 3644 5584; x_wconf 85' lang='lat' dir='ltr'><strong>pervenissem:</strong></span> 
     </span>
    </p>
   </div>
   <div class='ocr_carea' id='block_1_118' title="bbox 2082 5604 3639 5679">
    <p class='ocr_par' dir='ltr' id='par_1_118' title="bbox 2082 5604 3639 5679">
     <span class='ocr_line' id='line_1_118' title="bbox 2082 5604 3639 5679; baseline -0.003 -15"><span class='ocrx_word' id='word_1_782' title='bbox 2082 5609 2177 5664; x_wconf 88' lang='lat' dir='ltr'><strong>sed</strong></span> <span class='ocrx_word' id='word_1_783' title='bbox 2249 5617 2599 5679; x_wconf 86' lang='lat' dir='ltr'><strong>posteaquam</strong></span> <span class='ocrx_word' id='word_1_784' title='bbox 2692 5609 2757 5661; x_wconf 90' lang='lat' dir='ltr'><strong>ad</strong></span> <span class='ocrx_word' id='word_1_785' title='bbox 2842 5608 3151 5662; x_wconf 88' lang='lat' dir='ltr'><strong>divinorum</strong></span> <span class='ocrx_word' id='word_1_786' title='bbox 3250 5604 3639 5677; x_wconf 86' lang='lat' dir='ltr'><strong>mysteriorum</strong></span> 
     </span>
    </p>
   </div>
   <div class='ocr_carea' id='block_1_119' title="bbox 2087 5697 3646 5765">
    <p class='ocr_par' dir='ltr' id='par_1_119' title="bbox 2087 5697 3646 5765">
     <span class='ocr_line' id='line_1_119' title="bbox 2087 5697 3646 5765; baseline -0.004 -11"><span class='ocrx_word' id='word_1_787' title='bbox 2087 5709 2299 5755; x_wconf 81' lang='lat' dir='ltr'><strong>noctem</strong></span> <span class='ocrx_word' id='word_1_788' title='bbox 2326 5700 2554 5765; x_wconf 84' lang='lat' dir='ltr'><strong>accessi,</strong></span> <span class='ocrx_word' id='word_1_789' title='bbox 2583 5699 2794 5754; x_wconf 80' lang='lat' dir='ltr'><strong>ardenti</strong></span> <span class='ocrx_word' id='word_1_790' title='bbox 2822 5700 3003 5754; x_wconf 89' lang='lat' dir='ltr'><strong>studio</strong></span> <span class='ocrx_word' id='word_1_791' title='bbox 3027 5697 3262 5752; x_wconf 83' lang='lat' dir='ltr'><strong>Verbqu</strong></span> <span class='ocrx_word' id='word_1_792' title='bbox 3294 5705 3347 5752; x_wconf 92' lang='lat' dir='ltr'><strong>et</strong></span> <span class='ocrx_word' id='word_1_793' title='bbox 3379 5711 3646 5764; x_wconf 87' lang='lat' dir='ltr'><strong>sponsum</strong></span> 
     </span>
    </p>
   </div>
   <div class='ocr_carea' id='block_1_120' title="bbox 2090 5785 3644 5862">
    <p class='ocr_par' dir='ltr' id='par_1_120' title="bbox 2090 5785 3644 5862">
     <span class='ocr_line' id='line_1_120' title="bbox 2090 5785 3644 5862; baseline -0.003 -18"><span class='ocrx_word' id='word_1_794' title='bbox 2090 5806 2361 5862; x_wconf 56' lang='lat' dir='ltr'><strong>qurereus,</strong></span> <span class='ocrx_word' id='word_1_795' title='bbox 2414 5790 2523 5846; x_wconf 89' lang='lat' dir='ltr'><strong>illic</strong></span> <span class='ocrx_word' id='word_1_796' title='bbox 2557 5806 2679 5846; x_wconf 86' lang='lat' dir='ltr'><strong>cum</strong></span> <span class='ocrx_word' id='word_1_797' title='bbox 2706 5790 2854 5847; x_wconf 85' lang='lat' dir='ltr'><strong>nullo</strong></span> <span class='ocrx_word' id='word_1_798' title='bbox 2881 5790 3039 5846; x_wconf 81' lang='lat' dir='ltr'><strong>modo</strong></span> <span class='ocrx_word' id='word_1_799' title='bbox 3063 5788 3417 5858; x_wconf 83' lang='lat' dir='ltr'><strong>conspicuum</strong></span> <span class='ocrx_word' id='word_1_800' title='bbox 3442 5785 3644 5843; x_wconf 78' lang='lat' dir='ltr'><strong>inveni.</strong></span> 
     </span>
    </p>
   </div>
  </div>
