4424 6446
790 377 892 442 5‘59

2084 378 2500 439 MICHAELIS
2539 379 2801 438 PSELLI

3932 387 4035 447 600

795 489 1047 558 Cumque
1103 505 1295 545 rursus
1352 489 1503 543 illum
1556 504 1859 555 vocassem,
1912 504 2021 545 non
2075 489 2538 560 responditAoo

2075 489 2360 560 respondit
2389 494 2436 548 Α
2464 490 2577 558 Οὐχ
2608 481 2768 558 εὗρον
2800 489 2986 543 τοῦτον
3014 490 3264 558 οὐδαμῶς
3290 492 3468 545 ἐκεῖσε
3498 494 3795 562 πεφηνότα.

787 581 948 637 mihi.
982 581 1155 648 Quam
1190 597 1317 636 vere
1371 597 1573 651 sponsa
1602 582 2026 638 sollicitudinem
2068 589 2359 652 exaggerat

788 676 980 729 suaml
1046 672 1204 727 Nulla
1264 675 1409 729 enim
1473 676 1677 740 anima,
1728 675 1854 730 llcet
1911 675 1978 729 ad
2040 674 2357 744 angelorum

787 766 1178 833 perfectionem
1228 765 1472 825 accedat,
1515 772 1568 819 ct
1599 765 1664 818 ad
1711 780 1895 819 rerum
1925 765 2147 835 penitus
2201 778 2359 817 arca-

788 871 983 910 narum
1009 855 1383 923 cognitionem
1432 856 1733 923 perveniat,
1771 871 1829 910 se
1880 856 2120 910 divinam
2160 869 2352 908 essen-

784 949 918 1002 tiam
944 948 1312 1016 inspecturam
1348 958 1553 1015 speret.
1590 947 1821 1013 Quando
1879 948 2047 1017 igitur
2094 962 2359 1017 sponsum

786 1056 950 1109 quem
977 1041 1323 1109 quaesiverat,
1358 1055 1466 1095 non
1495 1040 1718 1107 invenit,
1749 1041 2059 1108 audiamus,
2085 1043 2214 1111 quid
2246 1043 2361 1113 ipsa

787 1134 934 1186 velit.
971 1133 1061 1186 Sic
1098 1135 1244 1187 enim
1275 1134 1384 1188 ait:

860 1223 1089 1293 Surgam
1125 1226 1268 1294 jam,
1300 1235 1348 1279 et
1386 1227 1618 1281 circuibo
1672 1228 1725 1280 in
1779 1229 2012 1292 civitate,
2044 1228 2099 1281 in
2131 1229 2262 1297 foris
2311 1240 2361 1283 et

788 1318 841 1368 in
872 1317 1059 1384 plateis
1081 1333 1099 1371 :
1122 1326 1171 1371 et
1198 1335 1432 1387 quazram
1458 1336 1607 1388 quem
1630 1320 1806 1390 diligit
1832 1322 2013 1373 anima
2032 1338 2164 1376 mea.
2202 1324 2364 1386 Qum-

787 1409 885 1462 sivi
909 1409 1081 1476 illum,
1116 1419 1167 1465 et
1201 1427 1305 1465 non
1338 1413 1530 1467 inveni.
1581 1412 1773 1467 Vocavi
1819 1430 1958 1478 eum,
1996 1423 2043 1468 et
2077 1430 2179 1467 non
2209 1415 2363 1466 audi-

787 1498 859 1550 vit
887 1515 988 1553 me.

860 1682 1186 1753 Exsurgam,
1219 1685 1416 1754 inquit,
1450 1694 1505 1741 ct
1533 1690 1847 1758 perquiram
1876 1690 2049 1744 illum.
2075 1688 2360 1753 Naturam,

790 1791 911 1843 qum
964 1778 1171 1832 mundo
1208 1781 1544 1845 continetur,
1588 1784 1900 1836 universam
1961 1784 2360 1853 pervestigabo.

2463 582 2573 635 Kal
2603 580 2764 634 πάλιν
2789 579 2979 633 τοῦτον
3010 581 3273 653 κέκληκα,
3302 584 3440 653 πλὴν
3466 585 3563 654 οὐχ
3602 586 3882 654 ὑπήκουσέ
3912 604 4032 655 μου.

2474 673 2559 736 Ὠς
2590 674 2801 742 ἀληθῶς
2830 676 3164 745 ἐκτραγῳδεῖ
3194 678 3319 734 τοὺς
3348 676 3539 744 λόγους
3573 679 3606 748 ἡ
3641 677 3929 744 παρθένος.

2460 766 2621 835 ιΨυχὴ
2654 766 2763 836 γὰρ
2791 768 2940 820 πᾶσα
2967 766 3201 836 καθαρά,
3237 767 3340 821 κᾶν
3363 770 3499 837 πρὸς
3528 769 3794 836 ἀγγέλους
3830 769 4032 840 φθάσῃ,

2464 859 2575 911 Kal
2600 857 2707 909 τῶν
2744 858 2957 911 ἀδύτων
2985 857 3188 911 ἔσωθεν
3221 858 3439 932 εἰσέλθῃ
3470 860 3580 913 τῶν
3610 860 3891 930 ἀρρήτων,

2463 950 2554 1018 Μὴ
2594 949 2862 1018 νομιζέτω
2894 948 3132 1002 κατιδεῖν
3155 949 3253 1020 τὴν
3287 949 3477 1018 θεῖκὴν
3508 952 3719 1003 οὐσίαν.

2475 1041 2629 1093 Ἐπεὶ¹
2662 1040 2791 1107 γοῦν
2822 1041 2899 1103 ὠς
2932 1040 3197 1111 ἐζήτησεν
3237 1042 3335 1111 οὐχ
3364 1036 3487 1113 εὗρε
3517 1043 3609 1095 τὸν
3630 1044 3863 1111 νυμφίον
3887 1084 3902 1105 ,

2476 1136 2825 1203 Ἀκούσωμεν
2858 1134 2909 1186 τί
2946 1135 3217 1204 βούλεται.
3251 1137 3388 1205 Φησὶ
3420 1137 3528 1208 γὰρ
3562 1137 3705 1190 οὕτω
3737 1136 3899 1190 πάλιν
3927 1153 3940 1167 ⁸

2533 1228 2971 1297 Ἀναστήσομαι
3001 1228 3098 1295 δὴ,
3128 1229 3227 1282 καὶ
3257 1228 3549 1283 κυκλώσω
3611 1229 3681 1282 ἐν
3720 1228 3795 1296 τῇ
3842 1230 4034 1291 πόλει,

2464 1323 2532 1375 ἐν
2576 1322 2841 1390 ἀγοραῖς,
2882 1322 2980 1375 καὶ
3010 1322 3080 1374 ἐν
3125 1322 3256 1387 ταῖς
3286 1322 3620 1388 πλατείαις,
3666 1322 3763 1375 καὶ
3806 1320 4039 1388 ζητήσω

2464 1414 2536 1466 ὃν
2583 1412 2900 1480 ἠγάπησεν
2930 1414 2967 1479 ἡ
3020 1412 3189 1480 ψυχή
3229 1429 3380 1480 μουο
3408 1411 3666 1479 ἐζήτησα
3692 1414 3903 1477 αὐτὸν,
3939 1411 4037 1464 καὶ

2465 1506 2578 1573 οὐχ
2631 1498 2844 1571 εὗρον,
2882 1502 3147 1558 ἐκάλεσα
3193 1504 3402 1569 αὐτὸν,
3436 1504 3534 1557 καὶ
3572 1506 3684 1572 οὺχ
3723 1502 4041 1569 ὑπήκουσέ

2465 1614 2601 1664 μου.

2550 1680 3039 1753 Ἐξαναστήσομαι,
3076 1684 3229 1754 φησὶ,
3261 1686 3353 1737 καὶ
3382 1685 3690 1754 ψηλαφήσω
3724 1682 3932 1747 τοῦτον,

2468 1777 2580 1830 Kal.
2609 1778 2791 1829 πᾶσαν
2821 1777 3193 1847 ὑπερκόσμιον
3223 1775 3622 1845 περικυκλώσω
3650 1774 3836 1844 φύσιν,

793 1867 945 1924 lianc
968 1871 1113 1924 enim
1142 1872 1416 1926 civitatem
1465 1874 1703 1942 appellat
1731 1875 1833 1929 hoc
1878 1850 2033 1930 loco:
2098 1850 2357 1944 quemad-
2398 1850 2439 1903 Β
2472 1872 2540 1922 ’Ἦ

2152 1850 2357 1930 temad-
2398 1850 2439 1903 Β
2472 1872 2574 1922 Ἢν
2606 1869 2758 1922 πόλιν
2796 1870 3150 1938 ἐπωνόμασεν
3180 1871 3207 1920 ὀ
3244 1870 3402 1936 λόγος
3442 1869 3549 1920 τῶν
3586 1868 3899 1937 ’ᾼσμάτω-ι.

793 1961 1016 2013 modum
1044 1971 1097 2016 et
1133 1977 1229 2030 per
1259 1964 1465 2032 plateas
1521 1964 1774 2035 intelligit
1803 1975 1981 2023 coetus
2014 1969 2359 2038 angelorum.

791 2053 871 2103 Ad
899 2052 1045 2105 illius
1074 2054 1262 2123 igitur,
1292 2056 1488 2123 inquit,
1523 2056 1995 2125 investigationem
2022 2074 2109 2113 me
2129 2060 2357 2114 contuli.

789 2146 969 2214 Atque
996 2143 1102 2199 hoc
1124 2148 1403 2215 proposito
1434 2154 1486 2201 et
1514 2149 1746 2202 consilio
1786 2161 2013 2205 naturas
2045 2152 2360 2220 angelorum

791 2247 981 2285 onmes
1008 2248 1203 2303 magno
1238 2236 1425 2292 labore
1456 2237 1758 2307 exploravi,
1787 2254 2037 2307 sperans,
2093 2257 2179 2296 me
2208 2242 2361 2296 illum

788 2326 846 2378 in
880 2326 1089 2395 angelis
1136 2338 1541 2382 assecuturam.
1579 2328 1781 2383 Verum
1816 2345 1939 2384 cum
1989 2332 2170 2401 ipsum
2226 2334 2365 2388 inter

791 2418 1019 2485 angelos
1052 2427 1422 2487 pescrutarer,
1458 2427 1517 2471 ut
1546 2418 1671 2488 quis
1705 2421 1993 2489 qualisque
2026 2431 2195 2485 esset,
2225 2424 2367 2479 unde

789 2509 1120 2577 principium
1176 2509 1421 2573 haberet,
1484 2519 1537 2565 et
1587 2527 1696 2579 quo
1760 2512 1866 2565 ﬁne
1919 2513 2363 2580 concluderetur,

789 2603 1173 2672 intelligerem,
1227 2602 1490 2658 custodes
1522 2619 1775 2673 superna:
1823 2605 2061 2661 civitatis
2114 2605 2243 2661 Sion
2280 2622 2365 2662 me

792 2700 1179 2762 pervagantem
1217 2704 1382 2762 atque
1416 2694 1785 2764 inquirentem
1819 2705 2246 2766 conspexerunt.
2275 2697 2367 2751 Sic

790 2787 936 2841 enim
970 2790 1339 2843 narrationem
1397 2791 1740 2859 persequitur
1764 2804 1916 2843 suam
1946 2810 1959 2845 :

864 2972 1183 3027 Invenerunt
1242 2990 1323 3028 me
1374 2976 1635 3038 custodes,
1706 2975 1795 3044 qui
1849 2975 2037 3030 obeunt
2080 2979 2365 3033 civitatem.

793 3152 954 3216 Tum,
986 3153 1184 3223 inquit,
1220 3161 1537 3222 percontata
1578 3170 1696 3210 sum
1726 3155 1880 3211 illos:

859 3248 1025 3309 Num,
1054 3262 1207 3316 quem
1238 3246 1411 3317 diligit
1442 3248 1625 3299 anima
1644 3264 1780 3308 mea,
1811 3248 2056 3303 vidistis?

866 3338 1169 3407 Sperabam
1223 3340 1368 3393 enim
1411 3339 1655 3408 profecto
1715 3338 1949 3394 Verbum
1986 3350 2039 3395 et
2097 3356 2364 3411 sponsum

796 3447 976 3487 meum
1026 3432 1078 3484 in
1122 3432 1331 3503 angelis
1359 3432 1551 3487 saltem
1607 3432 1838 3503 intelligi
1872 3441 1926 3488 et
1978 3435 2366 3505 comprehendi

793 3540 977 3592 posse.
1008 3523 1235 3589 Verum,
1297 3539 1421 3577 cum
1451 3533 1503 3579 et
1561 3524 1663 3578 hos
1692 3527 2180 3582 animadverterem
2235 3527 2369 3581 nihil

795 3618 977 3677 scire,
1016 3617 1083 3670 ab
1117 3617 1199 3670 eis
1231 3616 1513 3683 haesitans,
1550 3616 1748 3687 inquit,
1781 3619 2008 3672 recessi.
2047 3619 2128 3673 Ab
2157 3618 2364 3689 angelis

794 3722 973 3765 autem
1003 3711 1145 3764 haud
1183 3711 1255 3765 ita
1317 3711 1508 3779 procul
1545 3725 1950 3776 concesseram,
2006 3726 2128 3765 cum
2187 3710 2367 3765 inveni

794 3817 955 3871 quem
990 3802 1170 3873 diligit
1202 3801 1385 3855 anima
1420 3817 1563 3857 mea.
1607 3800 1679 3855 Ut
1720 3800 2021 3871 paululum,
2078 3801 2273 3869 inquit,
2302 3802 2371 3857 ab

797 3894 1005 3964 angelis
1038 3894 1357 3963 pertransii,
1390 3908 1486 3963 per
1515 3892 1674 3947 tidem
1726 3892 2055 3961 intelligens,
2089 3891 2367 3948 Christum

797 3985 1229 4054 omnipotentem
1267 3993 1321 4039 et
1364 3985 1603 4039 Verbum
1663 3984 1833 4039 Deum
1879 3979 2369 4054 atque'hominem

796 4077 944 4130 nulla
979 4077 1194 4130 ratione
1227 4074 1617 4144 comprehendi
1653 4090 1835 4144 pos<e,
1885 4075 2069 4128 inveni
2104 4075 2281 4144 ipsum
2316 4077 2369 4129 in

796 4170 870 4225 iis
897 4184 1017 4238 quae
1052 4167 1256 4236 ingenii
1307 4166 1648 4235 rationisque
1686 4166 1794 4219 vim
1854 4176 2014 4233 atque
2066 4165 2371 4236 intelligen-

796 4262 929 4314 tiam
963 4276 1177 4315 omnem
1202 4270 1485 4328 superant.
1515 4257 1707 4312 Divina
1730 4258 1874 4313 enim
1902 4257 2062 4313 Verbi
2095 4273 2157 4312 ac
2182 4259 2371 4327 sponsi

796 4362 999 4407 natura
1056 4366 1123 4403 eo
1190 4360 1423 4414 tantum,
1484 4366 1590 4417 quo
1625 4365 1733 4402 non
1789 4364 1950 4418 posse
1981 4348 2370 4417 comprehendi

798 4444 1174 4513 cognoscitur,
1214 4442 1272 4495 ﬁt
1304 4441 1850 4510 comprehensibilis.

866 4537 1033 4590 Tenui
1087 4552 1227 4599 eum,
1253 4552 1345 4587 nec
1365 4535 1562 4597 dimisi,
1599 4535 1759 4587 donec
1806 4534 2186 4589 introduxerint
2215 4536 2369 4588 illuni
2405 4515 2446 4570 θ

798 4629 853 4679 in
887 4627 1101 4680 domum
1134 4637 1320 4679 matris
1361 4642 1507 4692 mete,
1544 4634 1592 4677 et
1625 4626 1680 4677 in
1714 4625 2010 4678 cubiculum
2047 4626 2217 4692 illius,
2258 4644 2374 4696 qua:

798 4736 880 4772 me
910 4720 1145 4788 concepit

871 4810 1142 4875 Quoniam
1177 4810 1717 4878 incomprehensum,
1753 4809 1951 4878 inquit,
1988 4809 2139 4863 illum
2167 4809 2368 4871 inveni,

799 4905 947 4956 intus
997 4918 1119 4956 eum
1175 4902 1349 4966 tenui,
1392 4910 1446 4955 et
1502 4902 1554 4955 in
1607 4901 1787 4956 medio
1840 4900 2047 4967 cordis,
2112 4901 2372 4969 Patrique

800 5004 1135 5049 eoreternum
1193 5008 1314 5047 esse
1364 4993 1616 5062 cognovi.
1678 4991 1791 5047 Nos
1854 4993 1999 5047 enim
2051 4992 2271 5057 domus,
2315 4999 2369 5044 et

802 5084 1025 5151 templa,
1094 5092 1147 5135 et
1197 5082 1451 5136 cubicula
1515 5097 1707 5137 sumus
1766 5081 2003 5151 Spiritus
2060 5081 2262 5145 sancti,
2311 5088 2370 5133 ut

802 5176 1007 5228 Paulus
1042 5176 1117 5227 ait
1142 5174 1207 5240 ³⁸,
1241 5175 1334 5242 qui
1361 5185 1412 5229 et
1442 5174 1629 5243 genuit
1664 5189 1764 5227 nos
1789 5182 1843 5227 et
1879 5173 2074 5237 nutrit,
2104 5171 2370 5242 quemad-

802 5268 1023 5322 modum
1055 5266 1170 5335 ipse
1208 5265 1375 5319 novit.

1493 5358 1676 5411 Pselli.

876 5450 983 5505 Sed
1016 5451 1455 5522 prmstantiorem
1492 5465 1690 5521 sponsa
1720 5466 2068 5521 progressum
2099 5461 2368 5513 assecuta,

806 5558 1003 5598 rursus
1037 5544 1241 5598 amicos
1271 5550 1429 5613 urget
1460 5543 1547 5597 his
1571 5544 1752 5597 verbis
1785 5561 1796 5596 :

879 5636 1139 5703 Adjuravi
1176 5650 1283 5701 vos,
1318 5635 1442 5702 ﬁlia:
1462 5634 1779 5699 Jerusalem,
1805 5651 1894 5702 per
1921 5637 2136 5690 virtutes
2176 5646 2221 5690 ct
2263 5637 2372 5704 for-

877 5815 961 5871 ³⁸Ι
990 5817 1111 5873 Cor.
1168 5834 1248 5887 tn,
1311 5820 1413 5886 it};
1469 5835 1541 5887 vr,
1586 5819 1680 5886 l9,
1721 5817 1761 5872 ll
1792 5819 1916 5875 Cor.
1958 5836 2026 5887 Vl,
2064 5819 2142 5874 16.

2465 1960 2662 2022 Καθὼς
2691 1978 2794 2029 περ
2826 1955 2977 2013 εἶπεν
3000 1960 3208 2030 ἀγορὰς
3231 1960 3330 2021 τὰς
3370 1961 3483 2013 ἄνω
3519 1958 3877 2028 πανηγύρεις.

2477 2054 2563 2116 Ὡς
2590 2053 2719 2121 γοῦν
2749 2054 2980 2123 ἀνέστην
3008 2054 3094 2123 δὴ,
3131 2053 3286 2123 φησὶ,
3312 2051 3448 2121 πρὸς
3478 2051 3706 2120 ζήτησιν
3732 2048 3963 2105 ἐκείνου.

2464 2146 2572 2198 Kal.
2589 2145 2667 2215 τῷ
2692 2143 2879 2213 σκοπῷ
2903 2145 2994 2196 καὶ
3020 2143 3264 2213 λογισμῷ
3286 2143 3383 2205 τὰς
3414 2142 3523 2196 τῶν
3554 2141 3800 2210 ἀγγέλων
3828 2140 4040 2210 φύσεις,

2476 2237 2719 2298 Ἀπάσας
2750 2234 3087 2306 ἐξηρεύνησα
3122 2236 3261 2304 μετά
3288 2235 3485 2288 πολλοῦ
3514 2235 3607 2288 τοῦ
3639 2235 3824 2298 πόνου,

2477 2330 2799 2392 Ἐλπὶζουσα
2833 2329 3164 2381 καταλαϐεῖν
3190 2328 3353 2381 αὐτὸν
3388 2330 3445 2381 ἐν
3476 2330 3587 2389 τοῖς
3612 2327 3887 2394 ἀγγέλοις.

2478 2422 2565 2484 Ὠς
2596 2422 2907 2492 ἐψηλάφουν
2934 2421 3226 2491 τοιγαροῦν
3260 2421 3423 2473 αὑτὸν
3455 2420 3512 2472 ἐν
3539 2421 3651 2481 τοῖς
3692 2418 3969 2487 ἀγγέλοις,

2470 2516 2655 2577 Ὅπως
2690 2514 2755 2567 ἂν
2785 2514 2941 2582 μάθω
2970 2514 3051 2575 τίς
3085 2514 3316 2564 ἐστικαὶ
3350 2511 3589 2574 ποταπὸς
3620 2512 3898 2579 τυγχάνει,

2468 2608 2578 2660 Kal
2605 2607 2769 2659 πόθεν
2802 2606 2916 2674 ἔχει
2941 2605 3038 2673 τὴν
3069 2605 3262 2674 ἀρχὴν,
3297 2606 3390 2655 καὶ
3421 2604 3526 2656 τίνι
3551 2603 3876 2671 καταλήγει,

2468 2702 2530 2752 Οἱ
2562 2700 2802 2767 φύλακες
2830 2698 2929 2767 τῆς
2962 2697 3171 2759 πόλεως
3198 2696 3336 2748 Σιὼν
3362 2696 3461 2765 τῆς
3493 2696 3802 2764 ἀνωτάτης,

2468 2789 2899 2859 Περινοστοῦσαν
2928 2784 3065 2840 εἶδόν
3103 2804 3169 2857 με
3200 2788 3296 2858 τὴν
3325 2788 3498 2848 πόλιν,
3532 2789 3625 2839 καὶ
3655 2786 3945 2855 ζητοῦσαν.

2511 2882 2604 2953 ησὶ
2634 2880 2741 2950 γάρ
2771 2880 2912 2933 οὕτω
2933 2879 3167 2946 καθεξῆς
3192 2877 3380 2948 ὥσπερ
3406 2880 3622 2946 ἀφηγου
3636 2880 3771 2947 μένη
3807 2895 3821 2910 ο

2543 2975 2824 3041 Εῦροσαν
2851 2988 2921 3040 με
2955 2973 3009 3024 οὶ
3039 2970 3381 3038 τηροῦντες,
3408 2972 3460 3022 οὶ
3484 2968 3855 3034 κυκλοῦντες
3880 2968 3948 3022 ἐν
3973 2967 4047 3037 τῇ

2470 3069 2664 3120 πόλει.

2394 3183 2438 3241 c
2473 3159 2629 3225 Εἶτα,
2657 3159 2846 3230 φησὶν,
2878 3157 3138 3227 ἠρώτησα
3171 3155 3307 3226 πρὸς
3338 3155 3464 3217 τοὺς
3496 3153 3760 3221 ἀγγέλους
3786 3151 3934 3205 τάδε·

2471 3254 2565 3321 Μὴ
2609 3253 2681 3306 ὃν
2722 3251 3041 3319 ἠγάπησεν
3081 3252 3117 3317 ἠ
3168 3246 3338 3316 ψυχή
3385 3264 3525 3315 μου,
3569 3246 3765 3310 loetc;

2472 3342 2737 3407 Ἠλπιζον
2766 3342 2873 3411 γὰρ
2895 3341 2970 3404 ὼς
3000 3339 3248 3409 ἀληθῶς,
3278 3340 3382 3391 κάν
3417 3339 3531 3399 τοῖς
3560 3335 3813 3402 ἀγγέλοις
3846 3330 3987 3384 εἶναι

2470 3434 2838 3504 Καταληπτὸν
2868 3433 2961 3484 καὶ
2991 3430 3247 3500 προσιτὸν
3276 3429 3366 3482 τὸν
3400 3429 3572 3495 Λόγον
3593 3427 3687 3479 καὶ
3717 3423 3972 3493 νυμφίον.

2484 3526 2634 3580 Ἐπεὶ
2656 3524 2712 3578 δέ
2740 3522 2963 3584 τούτους
3006 3521 3223 3584 ἔγνωκα
3256 3519 3419 3589 μηδὲν
3452 3515 3869 3584 ἐπισταμένους,

2471 3617 2754 3689 Παρῆλθον
2782 3615 2936 3679 αὖθις
2978 3614 3071 3666 ἀπ’
3105 3611 3303 3675 αὐτῶν,
3332 3610 3518 3680 φησὶν,
3561 3605 3905 3675 ὲξειπσροῦτα
3926 3644 3938 3656 .

2473 3686 2581 3764 Kal
2616 3686 2699 3772 ibi;
2735 3708 2930 3779 μικρὸν
2981 3707 3068 3758 ὅτε
3116 3704 3395 3775 παρῆλθον
3447 3702 3542 3755 ἀπ’
3583 3698 3796 3760 αὐτῶν,
3837 3696 3941 3757 ἐως
3985 3686 4046 3747 οὗ

3032 3790 3210 3868 [εὗρον
3242 3794 3300 3847 δν
3344 3796 3631 3863 ἠγάπησεν
3662 3792 3693 3861 ή
3732 3789 3876 3858 ψυχή
3924 3805 4044 3857 μου.

2487 3894 2572 3957 Ὠς
2609 3890 2739 3961 γοῦν
2771 3888 3047 3960 παρῆλθον
3078 3888 3207 3958 γὰρ,
3240 3886 3393 3957 φησὶ,
3434 3884 3629 3955 μικρὸν
3657 3883 3720 3934 ἐκ
3750 3880 3857 3933 τῶν
3879 3879 4046 3946 άγγέ-

3895 3969 4045 4041 fumi,

2474 4074 2817 4129 Πιστεύσασα
2837 4074 2914 4143 τῷ
2936 4071 3183 4142 λογισμῷ
3198 4071 3295 4141 τὴν
3317 4066 3698 4136 ἀκαταληψίαν

2476 4168 2582 4220 Τοῦ
2614 4166 3057 4235 παντοκράτορος
3087 4160 3325 4232 Χριστοῦ
3356 4160 3448 4212 καὶ
3472 4156 3821 4227 θεανθρώπου
3843 4154 4042 4223 Λόγου,

2476 4255 2646 4329 Εὗρον
2674 4258 2839 4311 αὑτὸν
2869 4256 2944 4319 ὡς
2983 4254 3198 4325 ἀληθῶς
3227 4253 3284 4306 ἐν
3312 4255 3421 4315 τοῖς
3444 4250 3869 4317 ἀκαταλήπτοις.

2484 4355 2549 4406 Ἥ
2581 4352 2743 4421 φύσις
2783 4351 2890 4417 γάρ
2925 4351 2956 4418 ὴ
2992 4348 3150 4417 θεῖκὴ
3183 4344 3276 4400 τοῦ
3300 4346 3473 4412 Λόγου
3498 4343 3589 4396 καὶ
3615 4340 3873 4411 νυμφίου,

2477 4446 2567 4515 Τῷ
2601 4444 2673 4514 μὴ
2705 4438 3222 4509 καταλαμϐάνεσθαι
3258 4434 3577 4504 καταληπτὴ
3607 4434 3884 4500 τυγχάνει.

2558 4536 2892 4602 Ἐκράτησα
2940 4531 3127 4584 αὐτὸν
3161 4528 3260 4583 καὶ
3301 4531 3411 4582 οὐκ
3453 4525 3659 4595 ἀφῆκα
3698 4522 3904 4584 αὐτὸν,
3938 4520 4050 4584 ἓως

2471 4624 2542 4683 οὗ
2572 4627 2900 4693 εἰσήγαγον
2939 4624 3130 4677 αὑτὸν
3178 4625 3263 4688 εἷς
3293 4622 3402 4675 τὸν
3452 4615 3624 4674 οἶκον
3671 4615 3783 4684 τῆς
3826 4612 4051 4684 μητρός

2465 4740 2602 4791 μου,
2643 4718 2740 4771 καὶ
2771 4721 2859 4782 εἰς
2911 4717 2977 4768 τὸ
3010 4714 3283 4784 ταμιεῖον
3321 4714 3431 4777 τῆς
3480 4708 3923 4772 συλλαϐούσης
3953 4719 4045 4773 με.

2541 4812 2807 4877 Ἐπείπερ
2839 4809 3222 4879 ἀκατάληπτον
3253 4806 3435 4865 αὑτὸν,
3464 4803 3649 4872 φησιν,
3688 4798 3939 4868 ἐςεῦρον,

2476 4902 2663 4953 Ἕνδον
2697 4900 2860 4952 αὐτὸν
2899 4899 3181 4967 ἐκράτησα
3212 4896 3305 4947 καὶ
3338 4896 3502 4963 μέσον
3526 4890 3625 4960 τῆς
3662 4889 3910 4959 καρδίας,

2479 4996 2588 5047 Kal.
2609 4994 2683 5063 τῷ
2709 4992 2883 5062 Πατρὶ
2914 4992 3248 5059 συνάναρχον
3267 4987 3539 5058 ἐγνώρισα
3564 4982 3874 5053 τυγχάνειν,

2490 5084 2682 5155 Ἡμεῖς
2714 5085 2824 5153 γὰρ
2850 5079 2987 5135 οἴκοι
3019 5083 3114 5133 καὶ
3140 5080 3259 5134 ναοὶ
3287 5080 3378 5132 καὶ
3417 5078 3651 5147 μάλιστα
3682 5075 3881 5143 ταμεῖα

2485 5178 2591 5229 Τοῦ
2616 5177 2753 5230 Πνεύ
2764 5193 2930 5245 ματος
2962 5174 3325 5243 τυγχάνομεν,
3346 5171 3484 5224 κατὰ
3507 5171 3597 5221 τὸν
3625 5170 3798 5239 μέγαν
3822 5166 4051 5227 Παῦλον,

2483 5268 2589 5323 Τοῦ
2619 5269 2710 5320 καὶ
2743 5268 3103 5335 γεννήσαντος
3160 5264 3307 5333 ἡμᾶς
3351 5263 3445 5314 καὶ
3488 5260 3798 5330 τρέφοντος,
3826 5257 3903 5320 ὡς
3926 5253 4057 5308 οἶδε.

3132 5354 3392 5409 Ψελλοῦ.

2565 5453 2725 5505 ’Λλλά
2750 5452 2849 5521 τὴν
2881 5451 3112 5521 κρείττω
3136 5447 3419 5517 προκοπὴν
3449 5447 3481 5514 ἡ
3510 5443 3694 5514 νύμφη
3728 5442 4055 5512 ψηλαφῶσας

2488 5547 2648 5600 πάλιν
2677 5545 2801 5606 τοὺς
2832 5543 3017 5611 φίλους
3060 5542 3321 5595 δυσωπεῖ.
3368 5539 3504 5607 Φησὶ
3533 5538 3640 5605 γὰρ
3670 5535 3879 5597 τούτοις
3910 5534 4056 5585 τάδε·

2562 5638 2813 5705 Ὦρκισα
2832 5631 3006 5703 ὑμᾶς,
3040 5630 3359 5702 θυγατέρες
3397 5628 3704 5696 Ἰερουσαλ
3716 5626 3811 5696 ὴμ,
3838 5625 3905 5678 ἐν
3931 5621 4058 5687 ταῖς·
