4424 6446
399 368 503 435 601

398 566 662 635 ἐγεῲητε
694 571 789 623 καὶ
822 572 1156 643 ἐξεγείρητε
1208 580 1321 645 τὴν
1368 582 1608 652 ἀγάπην
1639 584 1749 650 ἕως
1779 580 1850 640 οὗ
1886 589 1970 639 08-

396 656 587 723 λήσῃ.

470 749 575 800 Τοῦ
602 750 760 817 λόγου
786 755 971 809 τούτου
996 757 1298 825 φθάσαντες
1320 764 1549 833 εἴπομεν
1566 766 1658 829 τὰς
1682 768 1972 835 ἐμφάσεις·

398 836 591 906 λόγους
629 843 813 897 λοιπὸν
835 850 960 911 τοὺς
990 851 1206 920 ἑφεξῆς,
1230 853 1303 915 ὡς
1329 855 1573 918 δυνατὸν,
1615 861 1899 913 σκεπτέον.

478 933 570 994 Τίς
600 932 749 1001 αὕτη
782 937 815 1002 ἡ
850 938 1264 995 ἀναϐαίνουσα
1300 944 1418 998 ἀπὸ
1458 946 1566 1012 τῆς
1615 949 1860 1015 ἐρήμου,
1900 952 1973 1013 ὡς

400 1024 659 1089 στελέχη
691 1031 945 1090 καπνοῦ,
988 1035 1385 1104 τεθυμιαμένη
1435 1040 1711 1106 σμύρναν
1740 1042 1839 1094 καὶ
1884 1044 1974 1094 λίς

402 1114 588 1165 ϐανον
618 1118 736 1171 ἀπὸ
766 1120 1008 1175 πάντων
1050 1127 1374 1192 κονιορτῶν
1401 1131 1716 1198 μυρεψολὼ

402 1204 586 1260 Ταῦτα
615 1212 887 1280 τοιγάρτοι
915 1214 1162 1280 λέγουσιν
1191 1221 1239 1270 οἱ
1267 1220 1407 1287 φίλοι
1434 1224 1566 1289 προς
1596 1224 1858 1293 ἀλλήλους
1886 1243 1899 1258 ο

412 1298 470 1349 '0
498 1299 606 1350 τῶν
652 1305 909 1371 ῥημάτων
940 1307 995 1358 δὲ
1040 1310 1239 1372 σκοπὸς
1287 1307 1443 1373 οὗτος
1473 1315 1639 1375 ἐστιν,
1670 1315 1747 1378 ὡς
1793 1314 1969 1385 οῗμαι,

409 1387 475 1439 Ἦ
511 1389 694 1458 νύμφη
730 1395 837 1462 γὰρ
884 1398 974 1447 καὶ
1013 1402 1274 1468 πρότερον
1322 1405 1440 1467 ταῖς
1495 1406 1717 1474 ἀρεταῖς
1760 1408 1970 1477 ὑψώθη,

401 1479 477 1548 Τῇ
514 1481 713 1544 πίστει,
750 1488 814 1552 τῇ
842 1488 1111 1555 πραότητι
1146 1492 1237 1542 καὶ
1261 1496 1323 1562 τῇ
1360 1494 1702 1567 δικαιοσύνῃ,

412 1571 565 1622 Ἐπεὶ
598 1573 653 1625 δὲ
686 1576 776 1625 καὶ
811 1578 943 1644 πρὸς
974 1581 1170 1651 ἀρετῆς
1204 1583 1331 1635 ἄλλο
1370 1587 1568 1655 μετέϐη
1612 1590 1830 1659 σχῆμα,

400 1661 670 1729 Νηστείας
713 1668 1017 1734 ἀγρυπνίας
1049 1687 1107 1722 τε
1161 1674 1254 1723 καὶ
1303 1681 1609 1747 προσευχῆς
1641 1680 1934 1749 παννύχου,

401 1752 509 1803 Καὶ
533 1752 629 1821 τὴν
651 1757 865 1826 μορφὴν
889 1759 1155 1826 ἠλλάξατο
1193 1767 1307 1826 ταῖς
1335 1766 1473 1832 ἄγαν
1510 1770 1859 1836 χαμευνίαις,

1413 382 1803 443 (ΣΟΜΜΕΝΤ.
1848 385 1929 445 IN
1970 387 2360 450 CANTICUM
2400 395 2691 460 CANTIC.

400 481 695 551 δυνάμεσι
747 487 843 539 καὶ
884 486 953 540 ἐν
980 490 1106 555 ταῖς
1144 492 1434 561 ὶσχὺσεσι
1482 496 1585 549 τοῦ
1620 498 1822 564 ἀπῃοοῦ,
1868 498 1976 551 ἐὰν
2006 509 2047 561 Α
2082 505 2147 555 tit

1145 492 1434 561 ὶσχὺσεσι
1482 496 1585 549 τοῦ
1620 498 1822 564 (ig-poi},
1868 498 1976 551 ἐὰν
2006 509 2047 561 Α
2082 505 2339 559 titudines
2379 512 2515 577 agri,
2548 514 2593 564 si
2629 516 2892 569 suscitetis

3549 426 3653 491 (.03

2948 530 2996 572 et
3045 526 3280 581 excitetis
3320 528 3649 600 charitatem,

2080 597 2243 651 donec
2272 601 2514 657 voluerit.

2150 775 2401 845 Htecjam
2434 780 2887 853 explanavimus;
2928 803 3100 859 quare
3134 806 3430 865 pergamus
3456 801 3524 854 ad
3560 817 3649 857 re-

2078 864 2245 932 liqua.

2146 958 2276 1020 Qua:
2306 969 2382 1012 est
2409 960 2534 1021 ista,
2562 979 2677 1027 qua:
2695 971 2930 1023 ascendit
2960 974 3024 1027 de
3053 973 3258 1028 deserto
3283 978 3415 1030 sicut
3446 979 3647 1045 virgula

2076 1049 2230 1116 fumi,
2277 1052 2513 1107 redolens
2547 1058 2817 1126 myrrham
2851 1071 2901 1114 et
2938 1067 3055 1118 thus
3084 1082 3147 1119 ea:
3182 1068 3435 1123 universis
3473 1071 3649 1136 pulve—

2075 1142 2219 1194 ribus
2244 1149 2577 1211 unguentarii
2611 1151 2632 1201 Ρ

2151 1234 2276 1287 Haec
2308 1238 2471 1290 amici
2509 1240 2652 1292 inter
2692 1258 2755 1296 se
2786 1245 3179 1315 colloquuntur
3215 1267 3227 1302 :
3268 1265 3390 1319 quae
3421 1252 3641 1320 quidem

2074 1336 2138 1375 eo
2167 1333 2433 1390 spectant,
2456 1328 2597 1393 quod
2624 1345 2746 1383 cum
2779 1342 2936 1388 antea
2968 1350 3173 1403 sponsa
3209 1337 3504 1394 virtutibus
3534 1340 3641 1406 his,

2074 1428 2266 1481 nempe
2298 1414 2421 1476 ﬁde,
2441 1422 2878 1484 mansuetudine,
2903 1426 3137 1490 justitia,
3164 1427 3418 1482 decorata
3442 1428 3641 1496 fuerit;

2074 1521 2197 1560 mox
2228 1517 2405 1562 autem
2439 1511 2504 1564 ad
2541 1513 2677 1566 alios
2711 1514 2975 1569 virtutum
3035 1520 3254 1573 habitus
3313 1523 3643 1587 ascenderit,

2070 1596 2260 1663 jejunii
2293 1597 2570 1661 nimirum,
2606 1602 2821 1669 vigiliae,
2850 1606 3112 1658 orationis
3160 1617 3450 1676 perpetuae,
3483 1619 3645 1678 atque

2074 1701 2283 1753 aSperae
2311 1688 2460 1740 humi
2498 1689 2844 1747 dormitionis
2884 1712 2896 1746 :
2931 1712 3149 1764 sponsae
3182 1698 3491 1767 profectum
3520 1710 3641 1755 stu—

2078 1788 2266 1846 pentes
2301 1781 2485 1846 amici,
2537 1790 2590 1835 et
2645 1791 2902 1853 tanquam
2940 1788 3114 1855 ignari
3151 1791 3217 1844 de
3258 1791 3349 1845 illa
3396 1791 3538 1846 inter
3585 1806 3644 1846 se

400 1841 463 1891 Οί
486 1841 627 1908 (pilai.
663 1846 1083 1917 κατεπλάγησαν
1113 1852 1209 1923 τὴν
1233 1857 1514 1926 προκοπὴν
1536 1860 1631 1925 τῆς
1653 1858 1891 1929 νύμφης,
1993 1844 2039 1903 Β
2066 1841 2147 1922 cm

1993 1844 2039 1903 Β
2066 1871 2449 1937 conquirentes
2478 1890 2490 1924 :
2524 1873 2777 1937 Quaenam
2807 1885 2910 1937 est,
2946 1878 3217 1946 inquiunt,
3253 1881 3376 1946 ista,
3422 1898 3545 1951 qua
3577 1882 3644 1937 de

401 1934 508 1985 Καί
543 1954 655 1999 πως
700 1940 1115 2011 ὑποκρινόμενοι
1158 1947 1319 2014 δῆθεν
1350 1951 1438 2001 τὸν
1466 1951 1785 2020 ἀγνοοῦντα,

401 2025 534 2094 Περὶ
558 2031 658 2097 τῆς
691 2031 909 2104 νύμφης
949 2037 1192 2093 θέλουσιν
1219 2044 1501 2115 ἐπερωτᾷν
1534 2046 1821 2116 ἀλλήλους*

399 2119 495 2182 Τίς
526 2120 684 2188 αὕτη,
722 2126 985 2194 λέγοντες,
1021 2132 1186 2196 ἐστὶν,
1223 2135 1343 2203 ἥτις
1378 2139 1440 2189 ἐκ
1462 2140 1557 2208 τῆς
1588 2140 1797 2209 ἐρήμου

399 2211 540 2277 Πρὸς
572 2215 835 2283 οὐρανοὺς
887 2221 1214 2291 ἀνέδραμεν,
1248 2226 1436 2297 ὥσπερ
1469 2229 1678 2282 κάπνου
1709 2230 1933 2301 στελέχη

397 2300 648 2372 Σμύρνης
672 2306 846 2378 ὀσμὴν
872 2311 1236 2381 ἐκπέμπουσα
1259 2318 1351 2368 καὶ
1371 2316 1688 2386 θαυμαστοῦ
1718 2300 1960 2389 λιϐάνου;

395 2389 556 2460 Ψυχὴ
594 2395 703 2464 γὰρ
736 2399 881 2449 πᾶσα
907 2399 1137 2455 θέλουσα
1170 2404 1387 2458 λίϐανον
1410 2408 1751 2477 τελεσθῆναι,

400 2482 603 2548 Ἦγουν
627 2488 855 2556 τερπνὸν
893 2490 1139 2561 θυμίαμα
1168 2494 1244 2564 τῷ
1269 2495 1482 2563 βασιλεῖ
1510 2499 1618 2551 τῶν
1641 2499 1800 2561 ὅλων,

399 2574 495 2626 Ἂν
548 2576 621 2648 μὴ
650 2581 895 2653 νεκρὼσῃ
946 2586 1205 2656 πρότερον
1247 2591 1421 2642 πάντα
1456 2592 1522 2644 τὰ
1549 2593 1687 2663 μέλη
1737 2594 1960 2664 ταύτης,

396 2665 505 2717 Καὶ
554 2669 767 2739 σμύρνα
792 2672 953 2741 δῆθεν
983 2677 1210 2745 γένηται
1251 2679 1472 2749 Χριστῷ
1503 2684 1960 2751 συννεκρωθεῖσα,

396 2756 510 2808 υὺκ
537 2757 712 2821 ἄλλως
748 2760 953 2829 γίνεταί
980 2780 1110 2817 ποτε
1141 2766 1355 2822 λίϐανον
1397 2770 1468 2840 τῷ
1498 2773 1710 2843 Κυρίῳ.

916 2853 1039 2907 Τῶν
1061 2862 1109 2924 γ’
1140 2860 1439 2928 Πατέρων.

464 2936 677 2999 Ταύτας
719 2940 852 3006 γοῦν
913 2944 1011 3007 τὰς
1066 2950 1515 3018 προτελειοτάτας
1575 2955 1960 3029 ὲξηγησαμένη

392 3027 683 3092 ἀναϐάσεις
709 3049 832 3101 μου,
863 3034 1113 3103 Ὥρκισα
1130 3042 1298 3109 ὑμᾶς,
1317 3045 1634 3113 θυγατέρες
1660 3027 1962 3117 Ἰερουσαέ

392 3120 539 3184 .liut,
575 3122 644 3175 ἐν
669 3124 797 3190 ταῖς
826 3128 1123 3197 δυνάμεσι
1158 3136 1255 3187 καὶ
1286 3136 1357 3187 ἐν
1387 3138 1511 3203 ταῖς
1542 3142 1827 3207 ὶσχύσεσι
1854 3143 1960 3196 τοῦ

391 3213 596 3279 ὑγροῦ,
628 3216 736 3269 ἐὰν
762 3220 1029 3288 ere/pnes
1060 3224 1158 3279 καὶ
1186 3227 1522 3295 ἑξεγείρητε
1549 3230 1665 3297 τὴν
1694 3233 1959 3300 ἀγάπην,

390 3303 499 3367 ἕως
524 3305 601 3358 ἂν
636 3310 869 3378 θελήσῃ
893 3327 906 3341 ⁶
951 3312 1148 3384 δηλαδὴ
1204 3315 1395 3386 ὥσπερ
1434 3318 1648 3390 ὦρκισα
1683 3322 1827 3392 ὑμᾶς
1875 3325 1962 3377 διὰ

391 3396 498 3448 τῶν
534 3398 773 3451 ἀπειλῶν
811 3403 904 3454 καὶ
933 3404 1041 3457 τῶν
1076 3408 1442 3475 ἐπαγγελιῶν,
1487 3412 1628 3465 κατὰ
1664 3414 1760 3483 τὴν
1794 3415 1960 3484 αὐτὴν

392 3487 600 3541 ἔννοιαν
638 3491 847 3560 ὥρκισα
871 3494 1032 3548 πάλιν
1064 3498 1206 3566 ὑμᾶς
1238 3500 1326 3553 διὰ
1352 3502 1450 3569 τῆς
1481 3504 1599 3554 κατ’
1632 3505 1729 3572 ἐμὲ
1764 3506 1961 3575 ἐξηγή-

395 3597 551 3641 σεως.
626 3585 792 3653 Δίκην
854 3587 1017 3656 ὅρκου
1077 3590 1153 3658 τῷ
1203 3592 1323 3644 κατ’
1385 3594 1487 3663 ἐμὲ
1552 3598 1957 3667 παραδείγματι

391 3669 737 3738 βεϐαιώσασα
768 3678 858 3730 καὶ
893 3680 1191 3749 στηρίξασα
1222 3684 1356 3748 πρὸς
1384 3685 1476 3737 τὸν
1519 3687 1660 3738 κατά
1682 3688 1811 3740 Θεὸν
1839 3690 1963 3759 δρό-

393 3780 522 3832 μον·
560 3766 757 3836 μέχρις
792 3769 857 3821 ᾶν
886 3772 917 3838 ή
944 3770 1061 3823 θεία
1113 3775 1382 3842 ἑμιράνεια
1412 3776 1510 3846 τὴν
1540 3779 1802 3848 ἀτρεψίαν
1832 3782 1959 3851 ὑμῖν

388 3856 703 3924 χαρίσηται.
743 3859 810 3910 Ai
853 3860 910 3912 δὲ
950 3860 1196 3931 θάμϐους
1244 3866 1638 3935 πληρωθεῖσαι,
1693 3872 1787 3925 καὶ
1836 3874 1956 3925 καθ’

387 3948 586 4010 ἑαυτὰς
612 3952 739 4019 περλ⁸
766 3952 863 4019 τῆς
886 3954 1304 4026 ὲξηγησαμένης
1329 3959 1754 4029 διαπορούμεναί
1788 3980 1952 4032 φασι·

392 4039 485 4101 Τίς
512 4039 664 4106 αὕτη
694 4041 732 4105 ἠ
752 4042 1161 4099 ἀναϐαίνουσα
1183 4047 1297 4101 ἀπὸ
1333 4048 1441 4117 τῆς
1468 4050 1692 4120 ἐρήμου
1718 4054 1957 4122 ὡςξστε-

384 4128 534 4195 λέχη
587 4133 860 4197 arani-of);
909 4137 1050 4205 ἦτοι,
1098 4140 1226 4191 ποία
1253 4140 1400 4193 ἐστὶν
1444 4143 1605 4213 αῦτη,
1642 4148 1675 4217 ή
1711 4149 1818 4201 ἀπὸ
1848 4150 1954 4203 τῶν

386 4222 573 4274 παθῶν
605 4226 977 4297 ἐστερημένης
1001 4230 1164 4295 ἕξεως
1196 4232 1332 4301 πρὸς
1361 4235 1495 4288 Θεὸν
1527 4237 1802 4309 ὑψουμένη
1834 4242 1955 4294 κατ’

384 4313 585 4384 ἀρετὴν
624 4318 716 4369 καὶ
747 4319 983 4385 γνῶσιν,
1016 4317 1104 4375 οἷα
1135 4322 1339 4386 κλῶνες
1374 4328 1600 4392 καπνοῦ,
1634 4331 1691 4392 ὃς
1732 4332 1834 4384 ὑπὸ
1859 4332 1952 4386 τοῦ

383 4409 682 4476 νεμομένου
739 4408 873 4479 ῦλην
926 4413 1135 4482 πυρὸς,
1177 4416 1251 4480 ὡς
1301 4420 1500 4487 κοῦρος
1568 4424 1951 4493 ἀναπέμπεται

2067 1961 2363 2015 solitudine
2392 1964 2444 2015 in
2480 1964 2648 2018 malos
2685 1967 2952 2030 ascendit,
2982 1970 3147 2024 veluti
3204 1972 3416 2041 virgula
3481 1975 3638 2040 fumi,

2065 2052 2286 2105 odorem
2322 2054 2567 2110 redolens
2596 2057 2830 2125 myrrhas
2873 2066 2928 2109 et
2975 2061 3150 2115 thuris
3198 2064 3423 2116 eximii?
3452 2062 3641 2121 Omnis

2064 2137 2208 2189 enim
2235 2137 2414 2190 anima
2448 2154 2568 2208 quae
2593 2141 2775 2195 studet
2808 2158 2930 2197 esse
2964 2146 3091 2201 thus
3120 2148 3471 2216 etjucundus
3504 2151 3642 2207 odor

2064 2225 2193 2296 Regi
2229 2229 2633 2292 universorum,
2670 2247 2895 2289 necesse
2926 2244 3009 2289 est
3041 2246 3099 2290 ut
3154 2241 3308 2308 prius
3351 2241 3642 2296 mortiﬁcet

2064 2319 2246 2371 omnia
2277 2321 2516 2374 membra
2542 2337 2661 2385 sua,
2681 2332 2845 2393 atque
2878 2327 2949 2380 ita
2978 2329 3196 2398 myrrha
3221 2329 3310 2383 ﬁat
3329 2346 3451 2385 cum
3482 2334 3639 2386 Chri-

2065 2418 2151 2462 sto
2179 2422 2542 2479 commortua,
2577 2413 2778 2486 alioqui
2812 2417 2940 2475 thus
2977 2419 3206 2477 Domino
3227 2422 3339 2479 ﬁeri
3358 2440 3635 2497 nunquam

2066 2500 2290 2569 poterit.

2622 2863 2807 2921 Trium
2836 2868 3083 2927 Patrum.

2133 2953 2267 3007 Cum
2294 2953 2459 3022 igitur
2493 2954 2593 3010 has
2626 2972 2777 3013 meas
2803 2964 3159 3018 ascensioncs
3198 2966 3634 3032 perfectissimus

2062 3043 2378 3107 explicarim
2414 3061 2428 3096 :
2470 3045 2673 3113 Adjuro
2714 3064 2825 3112 vos,
2865 3052 2995 3119 ﬁlice
3039 3053 3357 3122 Jerusalem,
3399 3075 3489 3126 per
3522 3062 3629 3114 οἱν-

1989 3183 2029 3239 c
2066 3146 2201 3190 tutes
2230 3148 2278 3192 et
2307 3138 2644 3207 fortitudines
2672 3144 2806 3212 agri,
2839 3147 2885 3198 si
2914 3148 3177 3200 suscitetis
3202 3159 3358 3218 atque
3391 3152 3632 3206 excitetis

2063 3226 2391 3292 charitatem,
2429 3228 2590 3283 donec
2634 3233 2778 3284 velit.
2818 3233 2980 3298 Quasi
3026 3236 3173 3289 dicat
3207 3256 3221 3291 :
3261 3239 3632 3302 Quemadmo-

2064 3317 2190 3372 dum
2221 3319 2466 3387 adjuravi
2504 3336 2602 3375 vos
2639 3338 2735 3390 per
2772 3325 2948 3379 minas
2985 3332 3039 3379 ct
3073 3329 3465 3395 promissiones
3498 3348 3512 3384 :
3540 3346 3633 3385 co-

2064 3409 2185 3463 dem
2214 3411 2375 3464 modo
2410 3427 2509 3466 vos
2541 3428 2759 3467 rursum
2806 3415 3002 3483 adjuro
3035 3432 3127 3485 per
3158 3433 3344 3472 eorum
3396 3435 3518 3488 qua:
3564 3423 3630 3475 ad

2062 3521 2147 3561 me
2166 3510 2462 3576 pertinent,
2484 3524 2545 3563 ex
2559 3509 2914 3577 positionem,
2942 3512 3193 3578 exemplo
3226 3527 3349 3565 meo
3369 3521 3631 3581 tanquam

2058 3597 2418 3667 jurejurando
2457 3617 2556 3657 vos
2595 3602 2951 3670 obstringens
2977 3615 3141 3670 atque
3174 3604 3532 3660 confirmans.
3572 3615 3631 3658 ut

2062 3698 2325 3757 perpetuo
2346 3706 2509 3743 cursu
2541 3691 2607 3745 ad
2643 3690 2808 3745 Deum
2837 3692 3206 3758 contendatis,
3233 3694 3414 3762 quoad
3447 3694 3629 3747 divina

2062 3785 2348 3848 praesentia
2392 3797 2491 3835 sua
2518 3784 2673 3837 vobis
2718 3783 3211 3837 immutabilitatem
3246 3785 3529 3853 largiatur.
3560 3786 3630 3838 At

2061 3872 2193 3940 ipsa:
2229 3871 2593 3927 admiratione
2626 3873 2821 3942 plenae,
2854 3882 3018 3941 atque
3066 3875 3207 3927 inter
3241 3890 3301 3929 se
3335 3875 3401 3929 de
3428 3890 3629 3944 sponsa

2059 3980 2180 4033 quae
2224 3963 2561 4018 disseruerat
2592 3966 2971 4033 colloquentes
3006 3986 3018 4020 :
3058 3967 3317 4032 Quantam
3382 3978 3485 4031 est,
3544 3968 3628 4023 in-

2058 4056 2275 4122 quiunt,
2305 4055 2407 4107 ista
2434 4072 2549 4124 qua:
2576 4057 2810 4110 ascendit
2852 4058 2915 4112 de
2964 4059 3191 4120 deserto,
3234 4062 3368 4112 sicut
3422 4061 3626 4126 virgula

2059 4145 2193 4212 fumi
2222 4148 2246 4199 ?
2278 4145 2331 4197 ld
2365 4154 2470 4208 est,
2503 4162 2751 4215 quaenam
2795 4158 2878 4203 est
2934 4150 3037 4203 ista
3063 4165 3183 4218 quae
3229 4164 3295 4203 ex
3362 4148 3547 4203 habiiu
3594 4164 3627 4204 a

2058 4237 2561 4306 perturbationibus
2588 4250 2818 4307 remoto,
2850 4258 2944 4310 per
2971 4243 3225 4297 virtutem
3261 4252 3314 4296 et
3339 4243 3621 4298 scientiam

2057 4330 2122 4382 ad
2159 4330 2326 4383 Deum
2363 4333 2574 4385 sublata
2607 4334 2949 4397 conscendit,
3014 4335 3161 4389 velut
3190 4337 3443 4390 surculus
3464 4334 3623 4400 fumi,

2056 4421 2148 4490 qui
2183 4424 2249 4475 ab
2288 4422 2407 4489 igne
2459 4424 2648 4477 silvam
2681 4426 3006 4491 depascente
3039 4427 3173 4480 levis
3210 4427 3263 4480 in
3300 4441 3426 4481 aera
3478 4428 3622 4481 tolli-

379 4498 514 4565 πρὸς
552 4500 722 4568 ἀέρας
757 4501 914 4555 Οὕτω
952 4504 1060 4575 γὰρ
1089 4507 1181 4559 καὶ
1206 4510 1356 4563 πᾶσα
1379 4512 1525 4583 ψυχὴ
1564 4514 1643 4584 τῷ
1675 4516 1949 4586 πνεύματι
1985 4516 2026 4569 ι)
2057 4524 2126 4567 tul

1875 4534 1949 4570 ιτι
1985 4516 2026 4569 ι)
2057 4513 2187 4567 tur?
2214 4513 2305 4568 Sic
2346 4515 2491 4568 enim
2544 4516 2725 4569 omnis
2766 4532 2987 4586 quoque
3036 4519 3215 4570 anima
3254 4519 3448 4586 spiritu
3498 4533 3622 4572 suc-

379 4586 596 4650 ζέουσα,
628 4592 769 4644 κατά
815 4594 1013 4662 πρᾶξιν
1043 4597 1141 4665 μὲν
1166 4599 1263 4669 τὴν
1290 4602 1388 4671 τῆς
1414 4605 1614 4674 σαρκὸς
1646 4606 1953 4677 παχύτητα,

377 4681 514 4732 κατᾶ
548 4679 779 4750 θεωρίαν
808 4683 866 4736 δὲ
895 4686 995 4756 τὴν
1040 4688 1140 4757 τῆς
1168 4689 1279 4743 τῶν
1314 4692 1485 4746 ὄντων
1514 4695 1727 4760 φύσεως
1752 4698 1954 4765 ἐπιφά-

376 4787 522 4824 νειαν
566 4772 896 4837 λεπτύνασα,
948 4779 1089 4831 κατά
1134 4783 1259 4845 τοὺς
1301 4784 1540 4851 ἀγαθοὺς
1583 4788 1819 4855 τρόπους
1862 4790 1954 4841 καὶ

376 4861 566 4928 λόγους
602 4863 778 4935 κούφη
820 4868 956 4937 πρὸς
985 4869 1119 4923 Θεὸν
1165 4872 1519 4943 ἀναφέρεται,
1556 4878 1630 4948 μὴ
1658 4896 1951 4933 κατασπω-

382 4956 515 5025 μένη
540 4960 604 5026 τῇ
637 4959 811 5028 γηΐνῳ
836 4960 1132 5031 παχύτητι.
1162 4963 1316 5018 Οὕτω
1340 4968 1395 5020 δὲ
1422 4969 1557 5039 πρὸς
1581 4970 1672 5022 τὸν
1694 4971 1949 5040 οὐράνιον

377 5048 606 5113 νυμξίον
633 5049 967 5120 ἀναφέρεται
994 5055 1366 5127 τεθυμιαμένη
1411 5060 1655 5129 σμύρναν
1682 5062 1776 5113 καὶ
1800 5062 1950 5115 λίϐα-

377 5155 463 5189 νον
493 5138 600 5191 ἀπὸ
626 5142 841 5194 πάντων
877 5148 1169 5213 κονιορτῶν
1204 5150 1470 5218 μυρεψοῦ.
1513 5154 1737 5219 Ἤγουν,
1769 5172 1948 5223 μεμυ-

380 5232 630 5298 ρισμένη,
669 5227 755 5285 οἷα
794 5234 891 5301 μὲν
922 5235 1155 5305 σμύρνῃ,
1185 5243 1249 5309 τῇ
1280 5242 1470 5311 ἀρετῇ,
1499 5244 1572 5305 ὡς
1598 5246 1655 5295 τὸ
1686 5244 1946 5313 σαρκικὸν

375 5323 697 5392 νεκρὼσασα
729 5329 982 5397 φρόνημα
1006 5346 1017 5358 ·
1063 5327 1150 5383 οἷα
1183 5333 1237 5384 δὲ
1264 5334 1485 5403 λιϐάνῳ,
1519 5339 1584 5405 τῇ
1621 5338 1842 5403 γνώσει,
1870 5339 1945 5400 ὡς

375 5416 483 5477 τοῖς
517 5417 866 5487 χαρακτῆρσι
904 5422 1001 5486 τῆς
1032 5422 1289 5491 ἀληθείας
1323 5426 1463 5479 θεῖον
1492 5429 1713 5497 ἄγαλμα
1745 5431 1945 5499 ἑαυτὴν

375 5506 722 5571 ἀποδείξασα.
760 5511 1200 5584 Τοιουτοτρόπως
1230 5517 1285 5570 δὲ
1318 5519 1641 5573 εὐωδίασται
1670 5519 1940 5592 διεξερχο-

378 5600 509 5661 μένη
556 5601 652 5653 τὰς
696 5600 805 5653 τῶν
839 5602 976 5655 ὅλων
1028 5607 1239 5674 φύσεις,
1294 5612 1389 5663 καὶ
1438 5612 1572 5681 πρὸς
1605 5614 1694 5665 τὸν
1738 5615 1941 5668 τούτων

374 5687 542 5741 αἴτιον
572 5693 848 5763 φερομένη
873 5711 886 5725 ·
921 5698 1012 5766 ἀφ’
1039 5692 1114 5752 ὧν
1146 5701 1302 5772 δίκην
1342 5705 1631 5773 κονιορτῶν
1660 5706 1709 5759 οἱ
1737 5708 1939 5761 τούτων

376 5778 518 5846 λόγοι
551 5782 643 5834 καὶ
676 5785 865 5853 τρόποι
914 5789 1217 5860 ἐγείρονται
1244 5794 1404 5865 αὐτῇ,
1435 5795 1784 5861 λεπτύνομτες
1809 5800 1935 5852 ταύ-

2054 4619 2237 4668 censa,
2269 4620 2367 4673 per
2428 4607 2700 4659 actionem
2743 4607 2988 4673 quidem,
3057 4608 3242 4663 carnis
3287 4609 3620 4663 crassitudi-

2054 4712 2176 4751 nem
2206 4714 2219 4759 ;
2261 4713 2354 4763 per
2389 4698 2912 4765 contemplationem
2948 4708 3150 4761 autem,
3192 4714 3373 4754 rerum
3411 4702 3619 4768 species

2052 4798 2358 4843 extenuans
2399 4806 2414 4844 :
2452 4789 2637 4857 probis
2668 4798 2781 4843 tum
2810 4792 3077 4856 moribus,
3115 4799 3228 4844 tum
3263 4793 3614 4846 sermonibus

2053 4880 2183 4935 levis
2215 4880 2279 4933 ad
2319 4879 2485 4935 Deum
2522 4880 2714 4944 fertur,
2750 4896 2851 4935 nec
2903 4890 3121 4936 terreno
3152 4881 3388 4950 pondere
3435 4881 3619 4950 depri-

2050 4971 2234 5025 mitur.
2273 4971 2384 5025 Hac
2416 4972 2625 5026 ratione
2646 4973 2921 5042 myrrham
2957 4981 3009 5027 et
3029 4973 3154 5026 thus
3181 4991 3246 5028 ex
3280 4975 3614 5028 aromatibus

2050 5073 2217 5131 atque
2274 5064 2533 5117 universo
2582 5065 2803 5132 pulvere
2833 5065 3183 5133 pigmentarii
3222 5065 3494 5127 redolens,
3544 5065 3612 5118 ad

2048 5154 2325 5208 ccelestem
2357 5170 2613 5221 sponsum
2648 5156 2981 5222 provehitur.
3014 5155 3224 5209 Virtute
3261 5156 3424 5224 igitur
3453 5155 3611 5225 quasi

2048 5245 2285 5314 myrrha,
2313 5261 2437 5299 cum
2463 5245 2644 5299 carnis
2671 5262 2888 5299 sensum
2914 5246 3334 5309 mortiﬁcaverit,
3365 5246 3563 5315 fragrat
3592 5263 3608 5299 :

2047 5338 2275 5391 scientia
2303 5353 2428 5392 vero
2457 5337 2610 5407 quasi
2651 5336 2830 5401 thure,
2871 5346 3125 5406 tanquam
3171 5327 3415 5392 veritatis
3440 5338 3606 5401 notis,

2046 5444 2108 5483 se
2169 5431 2342 5498 ipsam
2376 5429 2616 5482 divinam
2662 5429 2948 5498 imaginem
3000 5426 3260 5481 ostendit.
3308 5426 3382 5478 Ita
3424 5441 3603 5479 rerum

2046 5532 2268 5575 naturas
2315 5522 2688 5590 pertransiens
2727 5519 2970 5574 suaviter
3003 5517 3135 5579 olet,
3192 5516 3259 5570 ad
3309 5531 3604 5585 earumque

2046 5613 2217 5666 tendit
2249 5623 2527 5666 auctorem
2575 5629 2588 5664 :
2629 5628 2689 5664 ex
2722 5609 2921 5677 quibus
2948 5608 3118 5661 instar
3151 5607 3389 5674 pulveris
3416 5620 3601 5661 earum

2045 5706 2283 5759 rationes
2317 5714 2370 5760 et
2416 5704 2558 5757 modi
2612 5704 2922 5756 excitantur
2973 5701 3044 5763 ei,
3111 5705 3455 5753 attenuantes
3518 5698 3603 5753 his

2043 5798 2288 5854 veritatis
2358 5796 2569 5852 semitis
2622 5790 3109 5864 exploralricibus,
3172 5798 3429 5845 accurato
3481 5802 3600 5844 ser-
