  <div class='ocr_page' id='page_1' title='image "/cluster/home/n/w/nwhite01/storage/ocr_20150623/122/nnc1.0046979611/305.png"; bbox 0 0 4424 6446; ppageno 0'>
   <div class='ocr_carea' id='block_1_1' title="bbox 799 364 907 426">
    <p class='ocr_par' dir='ltr' id='par_1_1' title="bbox 799 364 907 426">
     <span class='ocr_line' id='line_1_1' title="bbox 799 364 907 426; baseline 0 -1"><span class='ocrx_word' id='word_1_1' title='bbox 799 364 907 426; x_wconf 82' lang='lat'><strong>603</strong></span> 
     </span>
    </p>
   </div>
   <div class='ocr_carea' id='block_1_2' title="bbox 2068 360 2783 423">
    <p class='ocr_par' dir='ltr' id='par_1_2' title="bbox 2068 360 2783 423">
     <span class='ocr_line' id='line_1_2' title="bbox 2068 360 2783 423; baseline -0.003 -3"><span class='ocrx_word' id='word_1_2' title='bbox 2068 361 2124 420; x_wconf 88' lang='grc' dir='ltr'><strong>Μ</strong></span> <span class='ocrx_word' id='word_1_3' title='bbox 2134 361 2487 423; x_wconf 79' lang='lat' dir='ltr'><strong>ICIIAELIS</strong></span> <span class='ocrx_word' id='word_1_4' title='bbox 2521 360 2653 421; x_wconf 86' lang='lat' dir='ltr'><strong>PSE</strong></span> <span class='ocrx_word' id='word_1_5' title='bbox 2665 360 2783 419; x_wconf 89' lang='lat' dir='ltr'><strong>LLI</strong></span> 
     </span>
    </p>
   </div>
   <div class='ocr_carea' id='block_1_3' title="bbox 3949 355 4052 417">
    <p class='ocr_par' dir='ltr' id='par_1_3' title="bbox 3949 355 4052 417">
     <span class='ocr_line' id='line_1_3' title="bbox 3949 355 4052 417; baseline 0 -1"><span class='ocrx_word' id='word_1_6' title='bbox 3949 355 4052 417; x_wconf 81' lang='grc' dir='ltr'><strong>6οί</strong></span> 
     </span>
    </p>
   </div>
   <div class='ocr_carea' id='block_1_4' title="bbox 802 460 2549 540">
    <p class='ocr_par' dir='ltr' id='par_1_4' title="bbox 802 466 2542 540">
     <span class='ocr_line' id='line_1_4' title="bbox 802 466 2542 540; baseline -0.005 -14"><span class='ocrx_word' id='word_1_7' title='bbox 802 487 985 536; x_wconf 76' lang='grc' dir='ltr'>ηιοηο,</span> <span class='ocrx_word' id='word_1_8' title='bbox 1018 470 1109 540; x_wconf 87' lang='lat' dir='ltr'><strong>qui</strong></span> <span class='ocrx_word' id='word_1_9' title='bbox 1136 476 1309 524; x_wconf 81' lang='lat' dir='ltr'><strong>totum</strong></span> <span class='ocrx_word' id='word_1_10' title='bbox 1331 466 1437 523; x_wconf 87' lang='lat' dir='ltr'><strong>hoc</strong></span> <span class='ocrx_word' id='word_1_11' title='bbox 1468 474 1728 539; x_wconf 83' lang='lat' dir='ltr'><strong>tauquam</strong></span> <span class='ocrx_word' id='word_1_12' title='bbox 1762 468 1812 522; x_wconf 92' lang='lat' dir='ltr'><strong>in</strong></span> <span class='ocrx_word' id='word_1_13' title='bbox 1852 468 1971 537; x_wconf 70' lang='lat' dir='ltr'><strong>igne</strong></span> <span class='ocrx_word' id='word_1_14' title='bbox 2006 468 2232 537; x_wconf 76' lang='lat' dir='ltr'><strong>spiritus</strong></span> <span class='ocrx_word' id='word_1_15' title='bbox 2274 484 2371 523; x_wconf 75' lang='lat' dir='ltr'><strong>cx~</strong></span> <span class='ocrx_word' id='word_1_16' title='bbox 2401 478 2447 536; x_wconf 74' lang='grc' dir='ltr'>Α</span> <span class='ocrx_word' id='word_1_17' title='bbox 2476 484 2542 519; x_wconf 73' lang='grc' dir='ltr'><strong>τα</strong></span> 
     </span>
    </p>
   </div>
   <div class='ocr_carea' id='block_1_5' title="bbox 2303 460 4050 540">
    <p class='ocr_par' dir='ltr' id='par_1_5' title="bbox 2308 460 4050 536">
     <span class='ocr_line' id='line_1_5' title="bbox 2308 460 4050 536; baseline -0.005 -13"><span class='ocrx_word' id='word_1_18' title='bbox 2308 484 2371 523; x_wconf 72' lang='grc' dir='ltr'><strong>χ-</strong></span> <span class='ocrx_word' id='word_1_19' title='bbox 2401 478 2447 536; x_wconf 75' lang='grc' dir='ltr'>Α</span> <span class='ocrx_word' id='word_1_20' title='bbox 2476 484 2595 528; x_wconf 73' lang='grc' dir='ltr'>ταις</span> <span class='ocrx_word' id='word_1_21' title='bbox 2645 467 2764 528; x_wconf 83' lang='grc' dir='ltr'>ταῖς</span> <span class='ocrx_word' id='word_1_22' title='bbox 2802 464 3216 533; x_wconf 79' lang='grc' dir='ltr'>βασανιστικαῖς</span> <span class='ocrx_word' id='word_1_23' title='bbox 3263 462 3362 531; x_wconf 83' lang='grc' dir='ltr'>τῆς</span> <span class='ocrx_word' id='word_1_24' title='bbox 3397 460 3653 530; x_wconf 77' lang='grc' dir='ltr'><strong>ἀληθείας</strong></span> <span class='ocrx_word' id='word_1_25' title='bbox 3700 461 3911 531; x_wconf 81' lang='grc' dir='ltr'>τριϐαἰς</span> <span class='ocrx_word' id='word_1_26' title='bbox 3959 463 4050 515; x_wconf 78' lang='grc' dir='ltr'><strong>τοῦ</strong></span> 
     </span>
    </p>
   </div>
   <div class='ocr_carea' id='block_1_6' title="bbox 800 563 1010 633">
    <p class='ocr_par' dir='ltr' id='par_1_6' title="bbox 800 563 1010 633">
     <span class='ocr_line' id='line_1_6' title="bbox 800 563 1010 633; baseline -0.005 -16"><span class='ocrx_word' id='word_1_27' title='bbox 800 563 1010 633; x_wconf 80' lang='lat' dir='ltr'><strong>coquit.</strong></span> 
     </span>
    </p>
   </div>
   <div class='ocr_carea' id='block_1_7' title="bbox 878 744 2434 823">
    <p class='ocr_par' dir='ltr' id='par_1_7' title="bbox 878 744 2434 823">
     <span class='ocr_line' id='line_1_7' title="bbox 878 744 2434 823; baseline -0.001 -26"><span class='ocrx_word' id='word_1_28' title='bbox 878 745 955 797; x_wconf 84' lang='lat' dir='ltr'><strong>En</strong></span> <span class='ocrx_word' id='word_1_29' title='bbox 979 746 1224 798; x_wconf 84' lang='lat' dir='ltr'><strong>lectulum</strong></span> <span class='ocrx_word' id='word_1_30' title='bbox 1253 744 1552 801; x_wconf 83' lang='lat' dir='ltr'><strong>Salomonis</strong></span> <span class='ocrx_word' id='word_1_31' title='bbox 1596 746 1875 815; x_wconf 70' lang='lat' dir='ltr'><strong>sexaginta</strong></span> <span class='ocrx_word' id='word_1_32' title='bbox 1915 747 2077 813; x_wconf 76' lang='lat' dir='ltr'><strong>fortes</strong></span> <span class='ocrx_word' id='word_1_33' title='bbox 2128 744 2367 798; x_wconf 82' lang='lat' dir='ltr'><strong>ambiunt</strong></span> <span class='ocrx_word' id='word_1_34' title='bbox 2423 810 2434 823; x_wconf 42' lang='lat'>.</span> 
     </span>
    </p>
   </div>
   <div class='ocr_carea' id='block_1_8' title="bbox 800 836 2370 905">
    <p class='ocr_par' dir='ltr' id='par_1_8' title="bbox 800 836 2370 905">
     <span class='ocr_line' id='line_1_8' title="bbox 800 836 2370 905; baseline -0.003 -14"><span class='ocrx_word' id='word_1_35' title='bbox 800 854 864 891; x_wconf 74' lang='lat' dir='ltr'><strong>er</strong></span> <span class='ocrx_word' id='word_1_36' title='bbox 893 838 1195 904; x_wconf 76' lang='lat' dir='ltr'><strong>[artissimis</strong></span> <span class='ocrx_word' id='word_1_37' title='bbox 1238 836 1431 899; x_wconf 80' lang='lat' dir='ltr'><strong>Israel,</strong></span> <span class='ocrx_word' id='word_1_38' title='bbox 1460 853 1637 891; x_wconf 84' lang='lat' dir='ltr'><strong>omnes</strong></span> <span class='ocrx_word' id='word_1_39' title='bbox 1678 847 1907 891; x_wconf 74' lang='lat' dir='ltr'><strong>tenentes</strong></span> <span class='ocrx_word' id='word_1_40' title='bbox 1943 837 2171 905; x_wconf 81' lang='lat' dir='ltr'><strong>gladios,</strong></span> <span class='ocrx_word' id='word_1_41' title='bbox 2211 847 2261 889; x_wconf 82' lang='lat' dir='ltr'><strong>et</strong></span> <span class='ocrx_word' id='word_1_42' title='bbox 2302 838 2370 888; x_wconf 85' lang='lat' dir='ltr'><strong>ad</strong></span> 
     </span>
    </p>
   </div>
   <div class='ocr_carea' id='block_1_9' title="bbox 802 925 2372 999">
    <p class='ocr_par' dir='ltr' id='par_1_9' title="bbox 802 925 2372 999">
     <span class='ocr_line' id='line_1_9' title="bbox 802 925 2372 999; baseline -0.003 -17"><span class='ocrx_word' id='word_1_43' title='bbox 802 932 938 983; x_wconf 87' lang='lat' dir='ltr'><strong>bella</strong></span> <span class='ocrx_word' id='word_1_44' title='bbox 970 930 1281 983; x_wconf 72' lang='lat' dir='ltr'><strong>doctissimi.</strong></span> <span class='ocrx_word' id='word_1_45' title='bbox 1326 929 1750 999; x_wconf 83' lang='lat' dir='ltr'><strong>Uniuscujusque</strong></span> <span class='ocrx_word' id='word_1_46' title='bbox 1807 930 1947 982; x_wconf 84' lang='lat' dir='ltr'><strong>ensis</strong></span> <span class='ocrx_word' id='word_1_47' title='bbox 2002 944 2158 995; x_wconf 83' lang='lat' dir='ltr'><strong>super</strong></span> <span class='ocrx_word' id='word_1_48' title='bbox 2197 925 2372 995; x_wconf 71' lang='lat' dir='ltr'><strong>feritur</strong></span> 
     </span>
    </p>
   </div>
   <div class='ocr_carea' id='block_1_10' title="bbox 805 1021 1620 1075">
    <p class='ocr_par' dir='ltr' id='par_1_10' title="bbox 805 1021 1620 1075">
     <span class='ocr_line' id='line_1_10' title="bbox 805 1021 1620 1075; baseline 0 0"><span class='ocrx_word' id='word_1_49' title='bbox 805 1038 956 1075; x_wconf 85' lang='lat' dir='ltr'><strong>suum</strong></span> <span class='ocrx_word' id='word_1_50' title='bbox 980 1040 1011 1075; x_wconf 91' lang='lat' dir='ltr'><strong>a</strong></span> <span class='ocrx_word' id='word_1_51' title='bbox 1054 1024 1238 1075; x_wconf 86' lang='lat' dir='ltr'><strong>timore</strong></span> <span class='ocrx_word' id='word_1_52' title='bbox 1270 1023 1323 1074; x_wconf 79' lang='lat' dir='ltr'><strong>in</strong></span> <span class='ocrx_word' id='word_1_53' title='bbox 1358 1021 1620 1075; x_wconf 81' lang='lat' dir='ltr'><strong>noctibus.</strong></span> 
     </span>
    </p>
   </div>
   <div class='ocr_carea' id='block_1_11' title="bbox 1493 1198 1679 1251">
    <p class='ocr_par' dir='ltr' id='par_1_11' title="bbox 1493 1198 1679 1251">
     <span class='ocr_line' id='line_1_11' title="bbox 1493 1198 1679 1251; baseline -0.005 0"><span class='ocrx_word' id='word_1_54' title='bbox 1493 1198 1679 1251; x_wconf 83' lang='lat' dir='ltr'><strong>Psclli.</strong></span> 
     </span>
    </p>
   </div>
   <div class='ocr_carea' id='block_1_12' title="bbox 879 1290 2368 1361">
    <p class='ocr_par' dir='ltr' id='par_1_12' title="bbox 879 1290 2368 1361">
     <span class='ocr_line' id='line_1_12' title="bbox 879 1290 2368 1361; baseline -0.001 -16"><span class='ocrx_word' id='word_1_55' title='bbox 879 1292 1001 1347; x_wconf 62' lang='lat' dir='ltr'><strong>llarc</strong></span> <span class='ocrx_word' id='word_1_56' title='bbox 1033 1292 1197 1346; x_wconf 85' lang='lat' dir='ltr'><strong>amici</strong></span> <span class='ocrx_word' id='word_1_57' title='bbox 1253 1290 1318 1346; x_wconf 88' lang='lat' dir='ltr'><strong>ad</strong></span> <span class='ocrx_word' id='word_1_58' title='bbox 1356 1290 1617 1361; x_wconf 79' lang='lat' dir='ltr'><strong>virginem</strong></span> <span class='ocrx_word' id='word_1_59' title='bbox 1666 1290 1880 1355; x_wconf 83' lang='lat' dir='ltr'><strong>dicunt,</strong></span> <span class='ocrx_word' id='word_1_60' title='bbox 1947 1290 2130 1344; x_wconf 93' lang='lat' dir='ltr'><strong>lectuli</strong></span> <span class='ocrx_word' id='word_1_61' title='bbox 2183 1292 2368 1361; x_wconf 82' lang='lat' dir='ltr'><strong>sponsi</strong></span> 
     </span>
    </p>
   </div>
   <div class='ocr_carea' id='block_1_13' title="bbox 804 1382 2372 1454">
    <p class='ocr_par' dir='ltr' id='par_1_13' title="bbox 804 1382 2372 1454">
     <span class='ocr_line' id='line_1_13' title="bbox 804 1382 2372 1454; baseline -0.001 -18"><span class='ocrx_word' id='word_1_62' title='bbox 804 1384 1271 1454; x_wconf 76' lang='lat' dir='ltr'><strong>pulchritudinem</strong></span> <span class='ocrx_word' id='word_1_63' title='bbox 1306 1384 1662 1451; x_wconf 80' lang='lat' dir='ltr'><strong>explicantes.</strong></span> <span class='ocrx_word' id='word_1_64' title='bbox 1697 1399 1806 1451; x_wconf 85' lang='lat' dir='ltr'><strong>quo</strong></span> <span class='ocrx_word' id='word_1_65' title='bbox 1835 1383 2007 1450; x_wconf 86' lang='lat' dir='ltr'><strong>magis</strong></span> <span class='ocrx_word' id='word_1_66' title='bbox 2035 1382 2372 1437; x_wconf 87' lang='lat' dir='ltr'><strong>succendant</strong></span> 
     </span>
    </p>
   </div>
   <div class='ocr_carea' id='block_1_14' title="bbox 802 1472 2369 1543">
    <p class='ocr_par' dir='ltr' id='par_1_14' title="bbox 802 1472 2369 1543">
     <span class='ocr_line' id='line_1_14' title="bbox 802 1472 2369 1543; baseline -0.001 -14"><span class='ocrx_word' id='word_1_67' title='bbox 802 1492 1020 1543; x_wconf 74' lang='lat' dir='ltr'><strong>sponsae</strong></span> <span class='ocrx_word' id='word_1_68' title='bbox 1048 1474 1403 1528; x_wconf 75' lang='lat' dir='ltr'><strong>desiderium.</strong></span> <span class='ocrx_word' id='word_1_69' title='bbox 1438 1472 1515 1527; x_wconf 84' lang='lat' dir='ltr'><strong>Tu</strong></span> <span class='ocrx_word' id='word_1_70' title='bbox 1547 1488 1674 1527; x_wconf 85' lang='lat' dir='ltr'><strong>vero</strong></span> <span class='ocrx_word' id='word_1_71' title='bbox 1706 1472 1834 1524; x_wconf 87' lang='lat' dir='ltr'><strong>mihi</strong></span> <span class='ocrx_word' id='word_1_72' title='bbox 1863 1472 1927 1524; x_wconf 89' lang='lat' dir='ltr'><strong>ad</strong></span> <span class='ocrx_word' id='word_1_73' title='bbox 1962 1473 2155 1525; x_wconf 91' lang='lat' dir='ltr'><strong>horum</strong></span> <span class='ocrx_word' id='word_1_74' title='bbox 2198 1488 2369 1540; x_wconf 83' lang='lat' dir='ltr'><strong>expo-</strong></span> 
     </span>
    </p>
   </div>
   <div class='ocr_carea' id='block_1_15' title="bbox 804 1561 2371 1633">
    <p class='ocr_par' dir='ltr' id='par_1_15' title="bbox 804 1561 2371 1633">
     <span class='ocr_line' id='line_1_15' title="bbox 804 1561 2371 1633; baseline -0.003 -13"><span class='ocrx_word' id='word_1_75' title='bbox 804 1568 1059 1620; x_wconf 86' lang='lat' dir='ltr'><strong>sitionem</strong></span> <span class='ocrx_word' id='word_1_76' title='bbox 1119 1565 1409 1633; x_wconf 90' lang='lat' dir='ltr'><strong>diligenter</strong></span> <span class='ocrx_word' id='word_1_77' title='bbox 1454 1561 1694 1616; x_wconf 84' lang='lat' dir='ltr'><strong>attende.</strong></span> <span class='ocrx_word' id='word_1_78' title='bbox 1756 1561 2012 1616; x_wconf 84' lang='lat' dir='ltr'><strong>Lectulus</strong></span> <span class='ocrx_word' id='word_1_79' title='bbox 2060 1561 2371 1616; x_wconf 90' lang='lat' dir='ltr'><strong>Salomonis</strong></span> 
     </span>
    </p>
   </div>
   <div class='ocr_carea' id='block_1_16' title="bbox 803 1654 2369 1723">
    <p class='ocr_par' dir='ltr' id='par_1_16' title="bbox 803 1654 2369 1723">
     <span class='ocr_line' id='line_1_16' title="bbox 803 1654 2369 1723; baseline -0.003 -12"><span class='ocrx_word' id='word_1_80' title='bbox 803 1670 887 1711; x_wconf 85' lang='lat' dir='ltr'><strong>est</strong></span> <span class='ocrx_word' id='word_1_81' title='bbox 916 1672 1103 1711; x_wconf 90' lang='lat' dir='ltr'><strong>eorum</strong></span> <span class='ocrx_word' id='word_1_82' title='bbox 1144 1656 1237 1723; x_wconf 88' lang='lat' dir='ltr'><strong>qui</strong></span> <span class='ocrx_word' id='word_1_83' title='bbox 1268 1656 1573 1720; x_wconf 80' lang='lat' dir='ltr'><strong>salvantur,</strong></span> <span class='ocrx_word' id='word_1_84' title='bbox 1624 1654 1801 1709; x_wconf 87' lang='lat' dir='ltr'><strong>locus.</strong></span> <span class='ocrx_word' id='word_1_85' title='bbox 1864 1654 2155 1723; x_wconf 81' lang='lat' dir='ltr'><strong>Sexaginta</strong></span> <span class='ocrx_word' id='word_1_86' title='bbox 2186 1662 2369 1708; x_wconf 88' lang='lat' dir='ltr'><strong>autem</strong></span> 
     </span>
    </p>
   </div>
   <div class='ocr_carea' id='block_1_17' title="bbox 806 1744 2367 1819">
    <p class='ocr_par' dir='ltr' id='par_1_17' title="bbox 806 1744 2367 1819">
     <span class='ocr_line' id='line_1_17' title="bbox 806 1744 2367 1819; baseline -0.004 -14"><span class='ocrx_word' id='word_1_87' title='bbox 806 1751 975 1805; x_wconf 80' lang='lat' dir='ltr'><strong>fortes</strong></span> <span class='ocrx_word' id='word_1_88' title='bbox 998 1750 1090 1819; x_wconf 85' lang='lat' dir='ltr'><strong>qui</strong></span> <span class='ocrx_word' id='word_1_89' title='bbox 1130 1750 1281 1803; x_wconf 87' lang='lat' dir='ltr'><strong>illum</strong></span> <span class='ocrx_word' id='word_1_90' title='bbox 1317 1749 1585 1811; x_wconf 89' lang='lat' dir='ltr'><strong>ambiunt,</strong></span> <span class='ocrx_word' id='word_1_91' title='bbox 1619 1755 1748 1803; x_wconf 86' lang='lat' dir='ltr'><strong>sunt</strong></span> <span class='ocrx_word' id='word_1_92' title='bbox 1800 1747 1877 1799; x_wconf 88' lang='lat' dir='ltr'><strong>illi</strong></span> <span class='ocrx_word' id='word_1_93' title='bbox 1939 1746 2042 1815; x_wconf 90' lang='lat' dir='ltr'><strong>ipsi</strong></span> <span class='ocrx_word' id='word_1_94' title='bbox 2102 1744 2367 1814; x_wconf 81' lang='lat' dir='ltr'><strong>profecto,</strong></span> 
     </span>
    </p>
   </div>
   <div class='ocr_carea' id='block_1_18' title="bbox 2474 553 4051 627">
    <p class='ocr_par' dir='ltr' id='par_1_18' title="bbox 2474 553 4051 627">
     <span class='ocr_line' id='line_1_18' title="bbox 2474 553 4051 627; baseline -0.003 -16"><span class='ocrx_word' id='word_1_95' title='bbox 2474 560 2534 611; x_wconf 87' lang='grc' dir='ltr'>ἐν</span> <span class='ocrx_word' id='word_1_96' title='bbox 2571 557 2649 626; x_wconf 82' lang='grc' dir='ltr'>τῷ</span> <span class='ocrx_word' id='word_1_97' title='bbox 2678 557 2814 627; x_wconf 79' lang='grc' dir='ltr'>πυρὶ</span> <span class='ocrx_word' id='word_1_98' title='bbox 2860 556 2953 609; x_wconf 81' lang='grc' dir='ltr'>τοῦ</span> <span class='ocrx_word' id='word_1_99' title='bbox 2988 556 3297 626; x_wconf 81' lang='grc' dir='ltr'>πνεύματος</span> <span class='ocrx_word' id='word_1_100' title='bbox 3332 554 3449 609; x_wconf 85' lang='grc' dir='ltr'>τόδε</span> <span class='ocrx_word' id='word_1_101' title='bbox 3476 553 3536 607; x_wconf 84' lang='grc' dir='ltr'><strong>τὸ</strong></span> <span class='ocrx_word' id='word_1_102' title='bbox 3569 556 3679 607; x_wconf 82' lang='grc' dir='ltr'>πᾶν</span> <span class='ocrx_word' id='word_1_103' title='bbox 3708 556 3874 607; x_wconf 78' lang='grc' dir='ltr'>οἱονεὶ</span> <span class='ocrx_word' id='word_1_104' title='bbox 3894 555 4051 623; x_wconf 70' lang='grc' dir='ltr'>ἓψον-</span> 
     </span>
    </p>
   </div>
   <div class='ocr_carea' id='block_1_19' title="bbox 2474 646 3151 713">
    <p class='ocr_par' dir='ltr' id='par_1_19' title="bbox 2474 646 3151 713">
     <span class='ocr_line' id='line_1_19' title="bbox 2474 646 3151 713; baseline -0.003 -12"><span class='ocrx_word' id='word_1_105' title='bbox 2474 666 2561 707; x_wconf 84' lang='grc' dir='ltr'><strong>τος</strong></span> <span class='ocrx_word' id='word_1_106' title='bbox 2590 646 2938 712; x_wconf 81' lang='grc' dir='ltr'>ἐξεταστικοῦ</span> <span class='ocrx_word' id='word_1_107' title='bbox 2969 646 3151 713; x_wconf 86' lang='grc' dir='ltr'><strong>λόγου.</strong></span> 
     </span>
    </p>
   </div>
   <div class='ocr_carea' id='block_1_20' title="bbox 2558 734 4051 805">
    <p class='ocr_par' dir='ltr' id='par_1_20' title="bbox 2558 734 4051 805">
     <span class='ocr_line' id='line_1_20' title="bbox 2558 734 4051 805; baseline -0.003 -14"><span class='ocrx_word' id='word_1_108' title='bbox 2558 736 2712 792; x_wconf 88' lang='grc' dir='ltr'><em>Ἰδοὺ</em></span> <span class='ocrx_word' id='word_1_109' title='bbox 2738 738 2774 801; x_wconf 73' lang='grc' dir='ltr'>ἡ</span> <span class='ocrx_word' id='word_1_110' title='bbox 2798 737 2977 803; x_wconf 77' lang='grc' dir='ltr'>κλίνη</span> <span class='ocrx_word' id='word_1_111' title='bbox 3006 737 3113 791; x_wconf 83' lang='grc' dir='ltr'><strong>τοῦ</strong></span> <span class='ocrx_word' id='word_1_112' title='bbox 3143 734 3448 805; x_wconf 77' lang='grc' dir='ltr'><strong>Σολομὼν,</strong></span> <span class='ocrx_word' id='word_1_113' title='bbox 3480 734 3779 799; x_wconf 78' lang='grc' dir='ltr'>ἐξήκοντα</span> <span class='ocrx_word' id='word_1_114' title='bbox 3808 734 4051 789; x_wconf 79' lang='grc' dir='ltr'>δυνατοί</span> 
     </span>
    </p>
   </div>
   <div class='ocr_carea' id='block_1_21' title="bbox 2474 824 4051 896">
    <p class='ocr_par' dir='ltr' id='par_1_21' title="bbox 2474 824 4051 896">
     <span class='ocr_line' id='line_1_21' title="bbox 2474 824 4051 896; baseline -0.005 -13"><span class='ocrx_word' id='word_1_115' title='bbox 2474 830 2679 894; x_wconf 74' lang='grc' dir='ltr'>κύκλῳ</span> <span class='ocrx_word' id='word_1_116' title='bbox 2707 829 2894 896; x_wconf 81' lang='grc' dir='ltr'>αὐτῆς</span> <span class='ocrx_word' id='word_1_117' title='bbox 2920 829 3039 883; x_wconf 83' lang='grc' dir='ltr'>ἀπὸ</span> <span class='ocrx_word' id='word_1_118' title='bbox 3063 828 3181 881; x_wconf 83' lang='grc' dir='ltr'><strong>τῶν</strong></span> <span class='ocrx_word' id='word_1_119' title='bbox 3217 826 3491 882; x_wconf 83' lang='grc' dir='ltr'><strong>δυνατῶν</strong></span> <span class='ocrx_word' id='word_1_120' title='bbox 3532 824 3801 893; x_wconf 69' lang='grc' dir='ltr'>Ἰσραὴλ,</span> <span class='ocrx_word' id='word_1_121' title='bbox 3830 826 4051 890; x_wconf 60' lang='grc' dir='ltr'>πάντες</span> 
     </span>
    </p>
   </div>
   <div class='ocr_carea' id='block_1_22' title="bbox 2474 918 4045 991">
    <p class='ocr_par' dir='ltr' id='par_1_22' title="bbox 2474 918 4045 991">
     <span class='ocr_line' id='line_1_22' title="bbox 2474 918 4045 991; baseline -0.005 -16"><span class='ocrx_word' id='word_1_122' title='bbox 2474 923 2829 991; x_wconf 76' lang='grc' dir='ltr'><strong>κατέχοντες</strong></span> <span class='ocrx_word' id='word_1_123' title='bbox 2893 921 3197 989; x_wconf 69' lang='grc' dir='ltr'>ῥομφαίας</span> <span class='ocrx_word' id='word_1_124' title='bbox 3268 918 3679 988; x_wconf 77' lang='grc' dir='ltr'><strong>δεδιδαγμένοι</strong></span> <span class='ocrx_word' id='word_1_125' title='bbox 3743 918 4045 985; x_wconf 70' lang='grc' dir='ltr'>πόλεμον*</span> 
     </span>
    </p>
   </div>
   <div class='ocr_carea' id='block_1_23' title="bbox 2472 1010 4048 1083">
    <p class='ocr_par' dir='ltr' id='par_1_23' title="bbox 2472 1010 4048 1083">
     <span class='ocr_line' id='line_1_23' title="bbox 2472 1010 4048 1083; baseline -0.004 -15"><span class='ocrx_word' id='word_1_126' title='bbox 2472 1014 2649 1081; x_wconf 79' lang='grc' dir='ltr'>ἀνὴρ,</span> <span class='ocrx_word' id='word_1_127' title='bbox 2672 1015 2940 1083; x_wconf 58' lang='grc' dir='ltr'>ῥομφαία</span> <span class='ocrx_word' id='word_1_128' title='bbox 2984 1014 3173 1068; x_wconf 84' lang='grc' dir='ltr'>αὑτοῦ</span> <span class='ocrx_word' id='word_1_129' title='bbox 3219 1014 3315 1069; x_wconf 77' lang='grc' dir='ltr'>ἐπὶ</span> <span class='ocrx_word' id='word_1_130' title='bbox 3345 1015 3452 1068; x_wconf 88' lang='grc' dir='ltr'>τὸν</span> <span class='ocrx_word' id='word_1_131' title='bbox 3470 1014 3668 1083; x_wconf 86' lang='grc' dir='ltr'>μηρὸν</span> <span class='ocrx_word' id='word_1_132' title='bbox 3698 1010 3887 1067; x_wconf 84' lang='grc' dir='ltr'>αὐτοῦ</span> <span class='ocrx_word' id='word_1_133' title='bbox 3930 1010 4048 1065; x_wconf 77' lang='grc' dir='ltr'>ἀπὸ</span> 
     </span>
    </p>
   </div>
   <div class='ocr_carea' id='block_1_24' title="bbox 2474 1104 3061 1176">
    <p class='ocr_par' dir='ltr' id='par_1_24' title="bbox 2474 1104 3061 1176">
     <span class='ocr_line' id='line_1_24' title="bbox 2474 1104 3061 1176; baseline 0.002 -16"><span class='ocrx_word' id='word_1_134' title='bbox 2474 1105 2735 1176; x_wconf 77' lang='grc' dir='ltr'>θάμϐους</span> <span class='ocrx_word' id='word_1_135' title='bbox 2762 1107 2832 1159; x_wconf 86' lang='grc' dir='ltr'><strong>ὲν</strong></span> <span class='ocrx_word' id='word_1_136' title='bbox 2857 1104 3061 1169; x_wconf 78' lang='grc' dir='ltr'>νυξίν.</span> 
     </span>
    </p>
   </div>
   <div class='ocr_carea' id='block_1_25' title="bbox 3134 1204 3398 1258">
    <p class='ocr_par' dir='ltr' id='par_1_25' title="bbox 3134 1204 3398 1258">
     <span class='ocr_line' id='line_1_25' title="bbox 3134 1204 3398 1258; baseline 0.004 -2"><span class='ocrx_word' id='word_1_137' title='bbox 3134 1204 3398 1258; x_wconf 65' lang='grc' dir='ltr'><strong>Ψελλοῦ.</strong></span> 
     </span>
    </p>
   </div>
   <div class='ocr_carea' id='block_1_26' title="bbox 2544 1291 4046 1367">
    <p class='ocr_par' dir='ltr' id='par_1_26' title="bbox 2544 1291 4046 1367">
     <span class='ocr_line' id='line_1_26' title="bbox 2544 1291 4046 1367; baseline -0.001 -24"><span class='ocrx_word' id='word_1_138' title='bbox 2544 1292 2607 1344; x_wconf 80' lang='lat' dir='ltr'><strong>Ol</strong></span> <span class='ocrx_word' id='word_1_139' title='bbox 2640 1291 2781 1359; x_wconf 76' lang='grc' dir='ltr'>φίλοι</span> <span class='ocrx_word' id='word_1_140' title='bbox 2810 1294 2981 1349; x_wconf 81' lang='grc' dir='ltr'>ταῦτα</span> <span class='ocrx_word' id='word_1_141' title='bbox 3023 1295 3242 1363; x_wconf 83' lang='grc' dir='ltr'>λέγουσι</span> <span class='ocrx_word' id='word_1_142' title='bbox 3267 1295 3429 1367; x_wconf 74' lang='grc' dir='ltr'>δῆθεν</span> <span class='ocrx_word' id='word_1_143' title='bbox 3468 1296 3602 1366; x_wconf 71' lang='grc' dir='ltr'>πρὸς</span> <span class='ocrx_word' id='word_1_144' title='bbox 3632 1294 3730 1363; x_wconf 79' lang='grc' dir='ltr'>τὴν</span> <span class='ocrx_word' id='word_1_145' title='bbox 3759 1291 4046 1360; x_wconf 74' lang='grc' dir='ltr'><strong>παρθένον,</strong></span> 
     </span>
    </p>
   </div>
   <div class='ocr_carea' id='block_1_27' title="bbox 2474 1384 3943 1457">
    <p class='ocr_par' dir='ltr' id='par_1_27' title="bbox 2474 1384 3943 1457">
     <span class='ocr_line' id='line_1_27' title="bbox 2474 1384 3943 1457; baseline -0.002 -20"><span class='ocrx_word' id='word_1_146' title='bbox 2474 1384 2547 1437; x_wconf 85' lang='grc' dir='ltr'><strong>Τὸ</strong></span> <span class='ocrx_word' id='word_1_147' title='bbox 2582 1385 2777 1449; x_wconf 78' lang='grc' dir='ltr'>κάλλος</span> <span class='ocrx_word' id='word_1_148' title='bbox 2807 1386 3184 1456; x_wconf 75' lang='grc' dir='ltr'><strong>ἀφηγούμενοι</strong></span> <span class='ocrx_word' id='word_1_149' title='bbox 3221 1388 3319 1457; x_wconf 83' lang='grc' dir='ltr'>τῆς</span> <span class='ocrx_word' id='word_1_150' title='bbox 3346 1386 3535 1456; x_wconf 85' lang='grc' dir='ltr'><strong>κλίνης</strong></span> <span class='ocrx_word' id='word_1_151' title='bbox 3564 1385 3658 1438; x_wconf 84' lang='grc' dir='ltr'>τοῦ</span> <span class='ocrx_word' id='word_1_152' title='bbox 3686 1385 3943 1453; x_wconf 77' lang='grc' dir='ltr'><strong>νυμφίου,</strong></span> 
     </span>
    </p>
   </div>
   <div class='ocr_carea' id='block_1_28' title="bbox 2486 1475 4044 1546">
    <p class='ocr_par' dir='ltr' id='par_1_28' title="bbox 2486 1475 4044 1546">
     <span class='ocr_line' id='line_1_28' title="bbox 2486 1475 4044 1546; baseline 0.001 -19"><span class='ocrx_word' id='word_1_153' title='bbox 2486 1475 2573 1539; x_wconf 79' lang='grc' dir='ltr'>Ὠς</span> <span class='ocrx_word' id='word_1_154' title='bbox 2608 1477 2809 1545; x_wconf 80' lang='grc' dir='ltr'>μᾶλλον</span> <span class='ocrx_word' id='word_1_155' title='bbox 2850 1478 3175 1546; x_wconf 78' lang='grc' dir='ltr'>ὑπανάψωσι</span> <span class='ocrx_word' id='word_1_156' title='bbox 3203 1478 3299 1532; x_wconf 84' lang='grc' dir='ltr'><strong>τὸν</strong></span> <span class='ocrx_word' id='word_1_157' title='bbox 3336 1477 3502 1531; x_wconf 73' lang='grc' dir='ltr'>πόθον</span> <span class='ocrx_word' id='word_1_158' title='bbox 3535 1478 3626 1531; x_wconf 79' lang='grc' dir='ltr'>τὸν</span> <span class='ocrx_word' id='word_1_159' title='bbox 3652 1477 3751 1545; x_wconf 84' lang='grc' dir='ltr'><strong>τῆς</strong></span> <span class='ocrx_word' id='word_1_160' title='bbox 3793 1477 4009 1545; x_wconf 80' lang='grc' dir='ltr'><strong>νύμφης</strong></span> <span class='ocrx_word' id='word_1_161' title='bbox 4032 1514 4044 1527; x_wconf 91' lang='grc'><strong>.</strong></span> 
     </span>
    </p>
   </div>
   <div class='ocr_carea' id='block_1_29' title="bbox 2475 1567 3945 1639">
    <p class='ocr_par' dir='ltr' id='par_1_29' title="bbox 2475 1567 3945 1639">
     <span class='ocr_line' id='line_1_29' title="bbox 2475 1567 3945 1639; baseline -0.001 -20"><span class='ocrx_word' id='word_1_162' title='bbox 2475 1567 2546 1619; x_wconf 83' lang='grc' dir='ltr'><strong>Σὺ</strong></span> <span class='ocrx_word' id='word_1_163' title='bbox 2575 1567 2631 1619; x_wconf 78' lang='grc' dir='ltr'>δέ</span> <span class='ocrx_word' id='word_1_164' title='bbox 2666 1584 2756 1637; x_wconf 87' lang='grc' dir='ltr'><strong>μοι</strong></span> <span class='ocrx_word' id='word_1_165' title='bbox 2800 1568 3006 1637; x_wconf 87' lang='grc' dir='ltr'>σφόδρα</span> <span class='ocrx_word' id='word_1_166' title='bbox 3034 1567 3269 1638; x_wconf 78' lang='grc' dir='ltr'><strong>πρόσεχε</strong></span> <span class='ocrx_word' id='word_1_167' title='bbox 3305 1571 3372 1639; x_wconf 82' lang='grc' dir='ltr'>τῇ</span> <span class='ocrx_word' id='word_1_168' title='bbox 3405 1567 3611 1621; x_wconf 87' lang='grc' dir='ltr'>τούτων</span> <span class='ocrx_word' id='word_1_169' title='bbox 3646 1567 3907 1637; x_wconf 75' lang='grc' dir='ltr'>ἐξηγήσει</span> <span class='ocrx_word' id='word_1_170' title='bbox 3932 1583 3945 1596; x_wconf 89' lang='grc'>·</span> 
     </span>
    </p>
   </div>
   <div class='ocr_carea' id='block_1_30' title="bbox 2474 1658 3957 1730">
    <p class='ocr_par' dir='ltr' id='par_1_30' title="bbox 2474 1658 3957 1730">
     <span class='ocr_line' id='line_1_30' title="bbox 2474 1658 3957 1730; baseline 0.003 -22"><span class='ocrx_word' id='word_1_171' title='bbox 2474 1658 2643 1727; x_wconf 86' lang='grc' dir='ltr'><strong>Κλίνη</strong></span> <span class='ocrx_word' id='word_1_172' title='bbox 2678 1659 2939 1727; x_wconf 86' lang='grc' dir='ltr'><strong>τυγχάνει</strong></span> <span class='ocrx_word' id='word_1_173' title='bbox 2986 1659 3241 1730; x_wconf 88' lang='grc' dir='ltr'>Σολομῶν</span> <span class='ocrx_word' id='word_1_174' title='bbox 3264 1662 3292 1713; x_wconf 81' lang='grc' dir='ltr'>ὁ</span> <span class='ocrx_word' id='word_1_175' title='bbox 3318 1659 3428 1713; x_wconf 90' lang='grc' dir='ltr'><strong>τῶν</strong></span> <span class='ocrx_word' id='word_1_176' title='bbox 3460 1661 3740 1714; x_wconf 81' lang='grc' dir='ltr'><strong>σωθέντων</strong></span> <span class='ocrx_word' id='word_1_177' title='bbox 3773 1661 3957 1721; x_wconf 85' lang='grc' dir='ltr'>τόπος,</span> 
     </span>
    </p>
   </div>
   <div class='ocr_carea' id='block_1_31' title="bbox 2484 1748 3835 1820">
    <p class='ocr_par' dir='ltr' id='par_1_31' title="bbox 2484 1748 3835 1820">
     <span class='ocr_line' id='line_1_31' title="bbox 2484 1748 3835 1820; baseline 0.001 -19"><span class='ocrx_word' id='word_1_178' title='bbox 2484 1748 2776 1820; x_wconf 79' lang='grc' dir='ltr'>Ἐξήκοντα</span> <span class='ocrx_word' id='word_1_179' title='bbox 2799 1749 2855 1802; x_wconf 89' lang='grc' dir='ltr'><strong>δέ</strong></span> <span class='ocrx_word' id='word_1_180' title='bbox 2886 1750 3097 1803; x_wconf 71' lang='grc' dir='ltr'>δυνατοὶ</span> <span class='ocrx_word' id='word_1_181' title='bbox 3121 1751 3577 1819; x_wconf 85' lang='grc' dir='ltr'>περικυκλοῦντες</span> <span class='ocrx_word' id='word_1_182' title='bbox 3608 1751 3835 1820; x_wconf 84' lang='grc' dir='ltr'>ταύτην,</span> 
     </span>
    </p>
   </div>
   <div class='ocr_carea' id='block_1_32' title="bbox 803 1827 2550 1911">
    <p class='ocr_par' dir='ltr' id='par_1_32' title="bbox 803 1827 2543 1909">
     <span class='ocr_line' id='line_1_32' title="bbox 803 1827 2543 1909; baseline -0.006 -16"><span class='ocrx_word' id='word_1_183' title='bbox 803 1843 897 1909; x_wconf 81' lang='lat' dir='ltr'><strong>qui</strong></span> <span class='ocrx_word' id='word_1_184' title='bbox 928 1840 1117 1894; x_wconf 84' lang='lat' dir='ltr'><strong>salvati</strong></span> <span class='ocrx_word' id='word_1_185' title='bbox 1146 1849 1295 1894; x_wconf 89' lang='lat' dir='ltr'><strong>sunt.</strong></span> <span class='ocrx_word' id='word_1_186' title='bbox 1335 1838 1623 1907; x_wconf 84' lang='lat' dir='ltr'><strong>Sexaginta</strong></span> <span class='ocrx_word' id='word_1_187' title='bbox 1672 1852 1800 1890; x_wconf 89' lang='lat' dir='ltr'><strong>vero</strong></span> <span class='ocrx_word' id='word_1_188' title='bbox 1842 1836 2096 1889; x_wconf 90' lang='lat' dir='ltr'><strong>dicuntur</strong></span> <span class='ocrx_word' id='word_1_189' title='bbox 2140 1835 2369 1905; x_wconf 88' lang='lat' dir='ltr'><strong>quicun-</strong></span> <span class='ocrx_word' id='word_1_190' title='bbox 2403 1827 2445 1883; x_wconf 86' lang='grc' dir='ltr'><strong><em>Β</em></strong></span> <span class='ocrx_word' id='word_1_191' title='bbox 2479 1840 2543 1892; x_wconf 79' lang='lat'><strong>&#39;0</strong></span> 
     </span>
    </p>
   </div>
   <div class='ocr_carea' id='block_1_33' title="bbox 2099 1827 3846 1911">
    <p class='ocr_par' dir='ltr' id='par_1_33' title="bbox 2140 1827 3846 1911">
     <span class='ocr_line' id='line_1_33' title="bbox 2140 1827 3846 1911; baseline 0.004 -23"><span class='ocrx_word' id='word_1_192' title='bbox 2140 1835 2369 1905; x_wconf 86' lang='lat' dir='ltr'><strong>quicun-</strong></span> <span class='ocrx_word' id='word_1_193' title='bbox 2403 1827 2445 1883; x_wconf 80' lang='grc' dir='ltr'><strong><em>Β</em></strong></span> <span class='ocrx_word' id='word_1_194' title='bbox 2479 1840 2683 1901; x_wconf 86' lang='grc' dir='ltr'>Ὄντως</span> <span class='ocrx_word' id='word_1_195' title='bbox 2714 1842 2865 1893; x_wconf 77' lang='grc' dir='ltr'>αὐτοὶ</span> <span class='ocrx_word' id='word_1_196' title='bbox 2895 1840 3209 1909; x_wconf 81' lang='grc' dir='ltr'>πεφύκασιν</span> <span class='ocrx_word' id='word_1_197' title='bbox 3234 1842 3283 1893; x_wconf 82' lang='grc' dir='ltr'><strong>οἱ</strong></span> <span class='ocrx_word' id='word_1_198' title='bbox 3310 1843 3451 1896; x_wconf 85' lang='grc' dir='ltr'>πάνυ</span> <span class='ocrx_word' id='word_1_199' title='bbox 3488 1843 3846 1911; x_wconf 79' lang='grc' dir='ltr'>σεσωσμέιοι.</span> 
     </span>
    </p>
   </div>
   <div class='ocr_carea' id='block_1_34' title="bbox 805 1926 2372 2001">
    <p class='ocr_par' dir='ltr' id='par_1_34' title="bbox 805 1926 2372 2001">
     <span class='ocr_line' id='line_1_34' title="bbox 805 1926 2372 2001; baseline -0.001 -19"><span class='ocrx_word' id='word_1_200' title='bbox 805 1946 912 2001; x_wconf 87' lang='lat' dir='ltr'><strong>que</strong></span> <span class='ocrx_word' id='word_1_201' title='bbox 941 1931 1123 1983; x_wconf 88' lang='lat' dir='ltr'><strong>divina</strong></span> <span class='ocrx_word' id='word_1_202' title='bbox 1179 1930 1354 1995; x_wconf 81' lang='lat' dir='ltr'><strong>gratia</strong></span> <span class='ocrx_word' id='word_1_203' title='bbox 1388 1944 1513 1982; x_wconf 83' lang='lat' dir='ltr'><strong>vere</strong></span> <span class='ocrx_word' id='word_1_204' title='bbox 1546 1936 1889 1995; x_wconf 57' lang='lat' dir='ltr'><strong>praestantes,</strong></span> <span class='ocrx_word' id='word_1_205' title='bbox 1927 1926 2234 1979; x_wconf 63' lang='lat' dir='ltr'><strong>daemonum</strong></span> <span class='ocrx_word' id='word_1_206' title='bbox 2277 1928 2372 1995; x_wconf 86' lang='lat' dir='ltr'><strong>qui</strong></span> 
     </span>
    </p>
   </div>
   <div class='ocr_carea' id='block_1_35' title="bbox 806 2019 2375 2091">
    <p class='ocr_par' dir='ltr' id='par_1_35' title="bbox 806 2019 2375 2091">
     <span class='ocr_line' id='line_1_35' title="bbox 806 2019 2375 2091; baseline -0.002 -16"><span class='ocrx_word' id='word_1_207' title='bbox 806 2039 899 2091; x_wconf 86' lang='lat' dir='ltr'><strong>per</strong></span> <span class='ocrx_word' id='word_1_208' title='bbox 928 2031 1116 2075; x_wconf 77' lang='lat' dir='ltr'><strong>noctes</strong></span> <span class='ocrx_word' id='word_1_209' title='bbox 1148 2022 1400 2076; x_wconf 88' lang='lat' dir='ltr'><strong>homines</strong></span> <span class='ocrx_word' id='word_1_210' title='bbox 1432 2029 1774 2089; x_wconf 80' lang='lat' dir='ltr'><strong>oppugnant,</strong></span> <span class='ocrx_word' id='word_1_211' title='bbox 1833 2019 2050 2088; x_wconf 83' lang='lat' dir='ltr'><strong>agmina</strong></span> <span class='ocrx_word' id='word_1_212' title='bbox 2082 2020 2375 2073; x_wconf 82' lang='lat' dir='ltr'><strong>formidine</strong></span> 
     </span>
    </p>
   </div>
   <div class='ocr_carea' id='block_1_36' title="bbox 806 2110 2369 2183">
    <p class='ocr_par' dir='ltr' id='par_1_36' title="bbox 806 2110 2369 2183">
     <span class='ocr_line' id='line_1_36' title="bbox 806 2110 2369 2183; baseline -0.003 -16"><span class='ocrx_word' id='word_1_213' title='bbox 806 2115 1172 2183; x_wconf 63' lang='lat' dir='ltr'><strong>repleverunt.</strong></span> <span class='ocrx_word' id='word_1_214' title='bbox 1224 2110 1688 2178; x_wconf 82' lang='lat' dir='ltr'><strong>Quemadmodum</strong></span> <span class='ocrx_word' id='word_1_215' title='bbox 1748 2112 1924 2182; x_wconf 81' lang='lat' dir='ltr'><strong>gladio</strong></span> <span class='ocrx_word' id='word_1_216' title='bbox 1951 2112 2031 2165; x_wconf 91' lang='lat' dir='ltr'><strong>vir</strong></span> <span class='ocrx_word' id='word_1_217' title='bbox 2072 2112 2369 2172; x_wconf 92' lang='lat' dir='ltr'><strong>accinctus,</strong></span> 
     </span>
    </p>
   </div>
   <div class='ocr_carea' id='block_1_37' title="bbox 805 2204 2374 2273">
    <p class='ocr_par' dir='ltr' id='par_1_37' title="bbox 805 2204 2374 2273">
     <span class='ocr_line' id='line_1_37' title="bbox 805 2204 2374 2273; baseline -0.002 -12"><span class='ocrx_word' id='word_1_218' title='bbox 805 2206 1052 2261; x_wconf 73' lang='lat' dir='ltr'><strong>imbelles</strong></span> <span class='ocrx_word' id='word_1_219' title='bbox 1088 2206 1338 2259; x_wconf 87' lang='lat' dir='ltr'><strong>homines</strong></span> <span class='ocrx_word' id='word_1_220' title='bbox 1372 2212 1426 2259; x_wconf 88' lang='lat' dir='ltr'><strong>et</strong></span> <span class='ocrx_word' id='word_1_221' title='bbox 1458 2207 1512 2257; x_wconf 92' lang='lat' dir='ltr'><strong>in</strong></span> <span class='ocrx_word' id='word_1_222' title='bbox 1554 2205 1754 2273; x_wconf 64' lang='lat' dir='ltr'><strong>pi‘aaliis</strong></span> <span class='ocrx_word' id='word_1_223' title='bbox 1811 2205 1993 2258; x_wconf 91' lang='lat' dir='ltr'><strong>minus</strong></span> <span class='ocrx_word' id='word_1_224' title='bbox 2045 2204 2374 2258; x_wconf 84' lang='lat' dir='ltr'><strong>exercitatos</strong></span> 
     </span>
    </p>
   </div>
   <div class='ocr_carea' id='block_1_38' title="bbox 808 2296 2372 2366">
    <p class='ocr_par' dir='ltr' id='par_1_38' title="bbox 808 2296 2372 2366">
     <span class='ocr_line' id='line_1_38' title="bbox 808 2296 2372 2366; baseline -0.002 -15"><span class='ocrx_word' id='word_1_225' title='bbox 808 2296 1204 2366; x_wconf 80' lang='lat' dir='ltr'><strong>perterrefacit.</strong></span> <span class='ocrx_word' id='word_1_226' title='bbox 1241 2296 1319 2349; x_wconf 91' lang='lat' dir='ltr'><strong>Illi</strong></span> <span class='ocrx_word' id='word_1_227' title='bbox 1372 2296 1519 2351; x_wconf 88' lang='lat' dir='ltr'><strong>enim</strong></span> <span class='ocrx_word' id='word_1_228' title='bbox 1562 2296 1717 2366; x_wconf 83' lang='lat' dir='ltr'><strong>signo</strong></span> <span class='ocrx_word' id='word_1_229' title='bbox 1744 2296 1927 2350; x_wconf 90' lang='lat' dir='ltr'><strong>crucis</strong></span> <span class='ocrx_word' id='word_1_230' title='bbox 1960 2303 2220 2363; x_wconf 85' lang='lat' dir='ltr'><strong>tanquam</strong></span> <span class='ocrx_word' id='word_1_231' title='bbox 2254 2296 2372 2365; x_wconf 83' lang='lat' dir='ltr'><strong>gla-</strong></span> 
     </span>
    </p>
   </div>
   <div class='ocr_carea' id='block_1_39' title="bbox 803 2389 2375 2457">
    <p class='ocr_par' dir='ltr' id='par_1_39' title="bbox 803 2389 2375 2457">
     <span class='ocr_line' id='line_1_39' title="bbox 803 2389 2375 2457; baseline 0.001 -16"><span class='ocrx_word' id='word_1_232' title='bbox 803 2389 897 2441; x_wconf 88' lang='lat' dir='ltr'><strong>dio</strong></span> <span class='ocrx_word' id='word_1_233' title='bbox 928 2389 1152 2457; x_wconf 78' lang='lat' dir='ltr'><strong>ancipiti</strong></span> <span class='ocrx_word' id='word_1_234' title='bbox 1186 2390 1405 2451; x_wconf 88' lang='lat' dir='ltr'><strong>armati,</strong></span> <span class='ocrx_word' id='word_1_235' title='bbox 1444 2389 1710 2443; x_wconf 90' lang='lat' dir='ltr'><strong>adversus</strong></span> <span class='ocrx_word' id='word_1_236' title='bbox 1740 2389 2080 2457; x_wconf 87' lang='lat' dir='ltr'><strong>principatus</strong></span> <span class='ocrx_word' id='word_1_237' title='bbox 2106 2397 2161 2443; x_wconf 86' lang='lat' dir='ltr'><strong>et</strong></span> <span class='ocrx_word' id='word_1_238' title='bbox 2183 2398 2375 2442; x_wconf 86' lang='lat' dir='ltr'><strong>contra</strong></span> 
     </span>
    </p>
   </div>
   <div class='ocr_carea' id='block_1_40' title="bbox 806 2478 2376 2549">
    <p class='ocr_par' dir='ltr' id='par_1_40' title="bbox 806 2478 2376 2549">
     <span class='ocr_line' id='line_1_40' title="bbox 806 2478 2376 2549; baseline 0 -16"><span class='ocrx_word' id='word_1_239' title='bbox 806 2480 992 2533; x_wconf 67' lang='lat' dir='ltr'><strong>mundi</strong></span> <span class='ocrx_word' id='word_1_240' title='bbox 1062 2488 1113 2532; x_wconf 89' lang='lat' dir='ltr'><strong>et</strong></span> <span class='ocrx_word' id='word_1_241' title='bbox 1154 2480 1500 2533; x_wconf 83' lang='lat' dir='ltr'><strong>tenebrarum</strong></span> <span class='ocrx_word' id='word_1_242' title='bbox 1549 2480 1849 2549; x_wconf 87' lang='lat' dir='ltr'><strong>principem</strong></span> <span class='ocrx_word' id='word_1_243' title='bbox 1902 2478 2064 2534; x_wconf 85' lang='lat' dir='ltr'><strong>Satan</strong></span> <span class='ocrx_word' id='word_1_244' title='bbox 2112 2481 2376 2535; x_wconf 86' lang='lat' dir='ltr'><strong>constite-</strong></span> 
     </span>
    </p>
   </div>
   <div class='ocr_carea' id='block_1_41' title="bbox 806 2569 2370 2641">
    <p class='ocr_par' dir='ltr' id='par_1_41' title="bbox 806 2569 2370 2641">
     <span class='ocr_line' id='line_1_41' title="bbox 806 2569 2370 2641; baseline 0.002 -19"><span class='ocrx_word' id='word_1_245' title='bbox 806 2579 953 2623; x_wconf 87' lang='lat' dir='ltr'><strong>runt.</strong></span> <span class='ocrx_word' id='word_1_246' title='bbox 991 2569 1111 2624; x_wconf 68' lang='lat' dir='ltr'><strong>llarc</strong></span> <span class='ocrx_word' id='word_1_247' title='bbox 1142 2571 1358 2640; x_wconf 80' lang='lat' dir='ltr'><strong>quidem</strong></span> <span class='ocrx_word' id='word_1_248' title='bbox 1406 2586 1433 2623; x_wconf 92' lang='lat' dir='ltr'><strong>a</strong></span> <span class='ocrx_word' id='word_1_249' title='bbox 1472 2572 1631 2627; x_wconf 90' lang='lat' dir='ltr'><strong>nobis</strong></span> <span class='ocrx_word' id='word_1_250' title='bbox 1666 2587 1764 2641; x_wconf 92' lang='lat' dir='ltr'><strong>pro</strong></span> <span class='ocrx_word' id='word_1_251' title='bbox 1800 2572 2012 2626; x_wconf 90' lang='lat' dir='ltr'><strong>viribus</strong></span> <span class='ocrx_word' id='word_1_252' title='bbox 2048 2572 2190 2625; x_wconf 86' lang='lat' dir='ltr'><strong>dicta</strong></span> <span class='ocrx_word' id='word_1_253' title='bbox 2222 2581 2370 2626; x_wconf 87' lang='lat' dir='ltr'><strong>sunt.</strong></span> 
     </span>
    </p>
   </div>
   <div class='ocr_carea' id='block_1_42' title="bbox 805 2661 2373 2728">
    <p class='ocr_par' dir='ltr' id='par_1_42' title="bbox 805 2661 2373 2728">
     <span class='ocr_line' id='line_1_42' title="bbox 805 2661 2373 2728; baseline 0.002 -17"><span class='ocrx_word' id='word_1_254' title='bbox 805 2661 959 2728; x_wconf 77' lang='lat' dir='ltr'><strong>Quod</strong></span> <span class='ocrx_word' id='word_1_255' title='bbox 990 2661 1033 2715; x_wconf 91' lang='lat' dir='ltr'><strong>si</strong></span> <span class='ocrx_word' id='word_1_256' title='bbox 1066 2661 1336 2716; x_wconf 81' lang='lat' dir='ltr'><strong>orationis</strong></span> <span class='ocrx_word' id='word_1_257' title='bbox 1394 2662 1565 2719; x_wconf 89' lang='lat' dir='ltr'><strong>series</strong></span> <span class='ocrx_word' id='word_1_258' title='bbox 1610 2663 1752 2717; x_wconf 86' lang='lat' dir='ltr'><strong>haud</strong></span> <span class='ocrx_word' id='word_1_259' title='bbox 1790 2662 1860 2717; x_wconf 90' lang='lat' dir='ltr'><strong>ita</strong></span> <span class='ocrx_word' id='word_1_260' title='bbox 1895 2662 2153 2718; x_wconf 90' lang='lat' dir='ltr'><strong>continua</strong></span> <span class='ocrx_word' id='word_1_261' title='bbox 2186 2662 2373 2715; x_wconf 86' lang='lat' dir='ltr'><strong>videa-</strong></span> 
     </span>
    </p>
   </div>
   <div class='ocr_carea' id='block_1_43' title="bbox 807 2752 2379 2823">
    <p class='ocr_par' dir='ltr' id='par_1_43' title="bbox 807 2752 2379 2823">
     <span class='ocr_line' id='line_1_43' title="bbox 807 2752 2379 2823; baseline 0.002 -21"><span class='ocrx_word' id='word_1_262' title='bbox 807 2760 921 2815; x_wconf 89' lang='lat' dir='ltr'><strong>tur,</strong></span> <span class='ocrx_word' id='word_1_263' title='bbox 981 2769 1046 2807; x_wconf 88' lang='lat' dir='ltr'><strong>ne</strong></span> <span class='ocrx_word' id='word_1_264' title='bbox 1081 2752 1388 2819; x_wconf 81' lang='lat' dir='ltr'><strong>admireris,</strong></span> <span class='ocrx_word' id='word_1_265' title='bbox 1441 2770 1473 2809; x_wconf 90' lang='grc' dir='ltr'>ο</span> <span class='ocrx_word' id='word_1_266' title='bbox 1518 2755 1792 2823; x_wconf 82' lang='lat' dir='ltr'><strong>princeps,</strong></span> <span class='ocrx_word' id='word_1_267' title='bbox 1855 2770 1989 2809; x_wconf 85' lang='lat' dir='ltr'><strong>neve</strong></span> <span class='ocrx_word' id='word_1_268' title='bbox 2038 2767 2379 2810; x_wconf 77' lang='lat' dir='ltr'><strong>commovea-</strong></span> 
     </span>
    </p>
   </div>
   <div class='ocr_carea' id='block_1_44' title="bbox 811 2844 2377 2918">
    <p class='ocr_par' dir='ltr' id='par_1_44' title="bbox 811 2844 2377 2918">
     <span class='ocr_line' id='line_1_44' title="bbox 811 2844 2377 2918; baseline 0.004 -23"><span class='ocrx_word' id='word_1_269' title='bbox 811 2844 889 2897; x_wconf 89' lang='lat' dir='ltr'><strong>ris</strong></span> <span class='ocrx_word' id='word_1_270' title='bbox 952 2862 964 2895; x_wconf 87' lang='lat'>:</span> <span class='ocrx_word' id='word_1_271' title='bbox 1040 2844 1120 2898; x_wconf 89' lang='lat' dir='ltr'><strong>sic</strong></span> <span class='ocrx_word' id='word_1_272' title='bbox 1186 2844 1331 2899; x_wconf 91' lang='lat' dir='ltr'><strong>enim</strong></span> <span class='ocrx_word' id='word_1_273' title='bbox 1379 2848 1640 2918; x_wconf 88' lang='lat' dir='ltr'><strong>pleraque</strong></span> <span class='ocrx_word' id='word_1_274' title='bbox 1699 2854 1826 2901; x_wconf 89' lang='lat' dir='ltr'><strong>sunt</strong></span> <span class='ocrx_word' id='word_1_275' title='bbox 1886 2847 2087 2918; x_wconf 86' lang='lat' dir='ltr'><strong>scripta</strong></span> <span class='ocrx_word' id='word_1_276' title='bbox 2140 2844 2377 2917; x_wconf 84' lang='lat' dir='ltr'><strong>prophe-</strong></span> 
     </span>
    </p>
   </div>
   <div class='ocr_carea' id='block_1_45' title="bbox 809 2943 940 2989">
    <p class='ocr_par' dir='ltr' id='par_1_45' title="bbox 809 2943 940 2989">
     <span class='ocr_line' id='line_1_45' title="bbox 809 2943 940 2989; baseline 0.015 -2"><span class='ocrx_word' id='word_1_277' title='bbox 809 2943 940 2989; x_wconf 75' lang='lat' dir='ltr'><strong>ltt‘a.</strong></span> 
     </span>
    </p>
   </div>
   <div class='ocr_carea' id='block_1_46' title="bbox 2487 1928 3904 2001">
    <p class='ocr_par' dir='ltr' id='par_1_46' title="bbox 2487 1928 3904 2001">
     <span class='ocr_line' id='line_1_46' title="bbox 2487 1928 3904 2001; baseline 0.004 -22"><span class='ocrx_word' id='word_1_278' title='bbox 2487 1928 2782 1998; x_wconf 80' lang='grc' dir='ltr'>Ἐξήκοντα</span> <span class='ocrx_word' id='word_1_279' title='bbox 2812 1931 2868 1982; x_wconf 80' lang='grc' dir='ltr'><strong>δὲ</strong></span> <span class='ocrx_word' id='word_1_280' title='bbox 2898 1931 3147 1998; x_wconf 79' lang='grc' dir='ltr'>λέγονται</span> <span class='ocrx_word' id='word_1_281' title='bbox 3177 1932 3253 2001; x_wconf 85' lang='grc' dir='ltr'>τῷ</span> <span class='ocrx_word' id='word_1_282' title='bbox 3280 1931 3422 2000; x_wconf 86' lang='grc' dir='ltr'><strong>λόγῳ</strong></span> <span class='ocrx_word' id='word_1_283' title='bbox 3448 1931 3555 1984; x_wconf 88' lang='grc' dir='ltr'><strong>τῶν</strong></span> <span class='ocrx_word' id='word_1_284' title='bbox 3594 1932 3904 2001; x_wconf 72' lang='grc' dir='ltr'>’ᾼσμάτων,</span> 
     </span>
    </p>
   </div>
   <div class='ocr_carea' id='block_1_47' title="bbox 2477 2020 3761 2094">
    <p class='ocr_par' dir='ltr' id='par_1_47' title="bbox 2477 2020 3761 2094">
     <span class='ocr_line' id='line_1_47' title="bbox 2477 2020 3761 2094; baseline 0.001 -20"><span class='ocrx_word' id='word_1_285' title='bbox 2477 2022 2683 2082; x_wconf 79' lang='grc' dir='ltr'>Οἴτινες</span> <span class='ocrx_word' id='word_1_286' title='bbox 2717 2020 2890 2085; x_wconf 75' lang='grc' dir='ltr'>οὕτως</span> <span class='ocrx_word' id='word_1_287' title='bbox 2947 2024 3166 2078; x_wconf 79' lang='grc' dir='ltr'>δυνατοὶ</span> <span class='ocrx_word' id='word_1_288' title='bbox 3197 2025 3262 2094; x_wconf 81' lang='grc' dir='ltr'>τῇ</span> <span class='ocrx_word' id='word_1_289' title='bbox 3296 2025 3481 2094; x_wconf 83' lang='grc' dir='ltr'>χάριτι</span> <span class='ocrx_word' id='word_1_290' title='bbox 3522 2027 3585 2093; x_wconf 82' lang='grc' dir='ltr'>τῇ</span> <span class='ocrx_word' id='word_1_291' title='bbox 3619 2024 3761 2094; x_wconf 67' lang='grc' dir='ltr'>θείᾳ,</span> 
     </span>
    </p>
   </div>
   <div class='ocr_carea' id='block_1_48' title="bbox 2482 2111 4044 2183">
    <p class='ocr_par' dir='ltr' id='par_1_48' title="bbox 2482 2111 4044 2183">
     <span class='ocr_line' id='line_1_48' title="bbox 2482 2111 4044 2183; baseline 0.004 -22"><span class='ocrx_word' id='word_1_292' title='bbox 2482 2111 2738 2178; x_wconf 76' lang='grc' dir='ltr'>Θάμϐους</span> <span class='ocrx_word' id='word_1_293' title='bbox 2762 2112 3066 2181; x_wconf 82' lang='grc' dir='ltr'>ἐνέπλησαν</span> <span class='ocrx_word' id='word_1_294' title='bbox 3094 2112 3291 2165; x_wconf 89' lang='grc' dir='ltr'>πολλοῦ</span> <span class='ocrx_word' id='word_1_295' title='bbox 3323 2113 3393 2165; x_wconf 84' lang='grc' dir='ltr'>τὰ</span> <span class='ocrx_word' id='word_1_296' title='bbox 3420 2112 3576 2183; x_wconf 83' lang='grc' dir='ltr'>στίχη</span> <span class='ocrx_word' id='word_1_297' title='bbox 3611 2113 3721 2164; x_wconf 89' lang='grc' dir='ltr'><strong>τῶν</strong></span> <span class='ocrx_word' id='word_1_298' title='bbox 3752 2113 4044 2182; x_wconf 72' lang='grc' dir='ltr'><strong>δαιμόνων,</strong></span> 
     </span>
    </p>
   </div>
   <div class='ocr_carea' id='block_1_49' title="bbox 2478 2202 4050 2277">
    <p class='ocr_par' dir='ltr' id='par_1_49' title="bbox 2478 2202 4050 2277">
     <span class='ocr_line' id='line_1_49' title="bbox 2478 2202 4050 2277; baseline 0.006 -25"><span class='ocrx_word' id='word_1_299' title='bbox 2478 2202 2599 2253; x_wconf 85' lang='grc' dir='ltr'><strong>Τῶν</strong></span> <span class='ocrx_word' id='word_1_300' title='bbox 2630 2205 2687 2255; x_wconf 84' lang='grc' dir='ltr'><strong>ἐν</strong></span> <span class='ocrx_word' id='word_1_301' title='bbox 2720 2204 2837 2271; x_wconf 76' lang='grc' dir='ltr'>νυξὶ</span> <span class='ocrx_word' id='word_1_302' title='bbox 2869 2206 2962 2258; x_wconf 87' lang='grc' dir='ltr'><strong>τὸν</strong></span> <span class='ocrx_word' id='word_1_303' title='bbox 2998 2206 3232 2276; x_wconf 89' lang='grc' dir='ltr'>πόλεμον</span> <span class='ocrx_word' id='word_1_304' title='bbox 3280 2206 3514 2276; x_wconf 84' lang='grc' dir='ltr'>ἐχόντων</span> <span class='ocrx_word' id='word_1_305' title='bbox 3550 2208 3670 2260; x_wconf 80' lang='grc' dir='ltr'>κατ’</span> <span class='ocrx_word' id='word_1_306' title='bbox 3710 2208 4050 2277; x_wconf 80' lang='grc' dir='ltr'>ἀνθρώπωνο</span> 
     </span>
    </p>
   </div>
   <div class='ocr_carea' id='block_1_50' title="bbox 2480 2291 4050 2369">
    <p class='ocr_par' dir='ltr' id='par_1_50' title="bbox 2480 2291 4050 2369">
     <span class='ocr_line' id='line_1_50' title="bbox 2480 2291 4050 2369; baseline 0.005 -26"><span class='ocrx_word' id='word_1_307' title='bbox 2480 2291 2687 2362; x_wconf 80' lang='grc' dir='ltr'>’Ὠσπερ</span> <span class='ocrx_word' id='word_1_308' title='bbox 2714 2294 3008 2365; x_wconf 84' lang='grc' dir='ltr'>ἐκπλήττει</span> <span class='ocrx_word' id='word_1_309' title='bbox 3038 2313 3123 2358; x_wconf 90' lang='grc' dir='ltr'><strong>τις</strong></span> <span class='ocrx_word' id='word_1_310' title='bbox 3149 2294 3288 2366; x_wconf 87' lang='grc' dir='ltr'>ἀνὴρ</span> <span class='ocrx_word' id='word_1_311' title='bbox 3331 2297 3609 2365; x_wconf 77' lang='grc' dir='ltr'>ῥομφαίαν</span> <span class='ocrx_word' id='word_1_312' title='bbox 3630 2298 3843 2351; x_wconf 53' lang='grc' dir='ltr'>ἐπὶτδν</span> <span class='ocrx_word' id='word_1_313' title='bbox 3874 2300 4050 2369; x_wconf 76' lang='grc' dir='ltr'>μηρὸν</span> 
     </span>
    </p>
   </div>
   <div class='ocr_carea' id='block_1_51' title="bbox 2480 2382 4052 2460">
    <p class='ocr_par' dir='ltr' id='par_1_51' title="bbox 2480 2382 4052 2460">
     <span class='ocr_line' id='line_1_51' title="bbox 2480 2382 4052 2460; baseline 0.006 -26"><span class='ocrx_word' id='word_1_314' title='bbox 2480 2382 2685 2453; x_wconf 81' lang='grc' dir='ltr'>Φέρων,</span> <span class='ocrx_word' id='word_1_315' title='bbox 2720 2385 2846 2448; x_wconf 86' lang='grc' dir='ltr'>τοὺς</span> <span class='ocrx_word' id='word_1_316' title='bbox 2876 2385 2951 2456; x_wconf 81' lang='grc' dir='ltr'>μὴ</span> <span class='ocrx_word' id='word_1_317' title='bbox 2968 2388 3103 2455; x_wconf 80' lang='grc' dir='ltr'>πρὸς</span> <span class='ocrx_word' id='word_1_318' title='bbox 3123 2387 3359 2457; x_wconf 84' lang='grc' dir='ltr'>πόλεμον</span> <span class='ocrx_word' id='word_1_319' title='bbox 3382 2387 3561 2451; x_wconf 87' lang='grc' dir='ltr'>καλῶς</span> <span class='ocrx_word' id='word_1_320' title='bbox 3587 2389 4052 2460; x_wconf 76' lang='grc' dir='ltr'>ἐκδεδοκιμασμέ-</span> 
     </span>
    </p>
   </div>
   <div class='ocr_carea' id='block_1_52' title="bbox 3879 2481 4049 2552">
    <p class='ocr_par' dir='ltr' id='par_1_52' title="bbox 3879 2481 4049 2552">
     <span class='ocr_line' id='line_1_52' title="bbox 3879 2481 4049 2552; baseline 0.018 -18"><span class='ocrx_word' id='word_1_321' title='bbox 3879 2481 4049 2552; x_wconf 84' lang='grc' dir='ltr'>[νονς.</span> 
     </span>
    </p>
   </div>
   <div class='ocr_carea' id='block_1_53' title="bbox 2491 2567 4049 2645">
    <p class='ocr_par' dir='ltr' id='par_1_53' title="bbox 2491 2567 4049 2645">
     <span class='ocr_line' id='line_1_53' title="bbox 2491 2567 4049 2645; baseline 0.006 -27"><span class='ocrx_word' id='word_1_322' title='bbox 2491 2567 2720 2621; x_wconf 57' lang='grc' dir='ltr'>Ἰιῖκεῖνοι</span> <span class='ocrx_word' id='word_1_323' title='bbox 2771 2569 2881 2639; x_wconf 84' lang='grc' dir='ltr'><strong>γὰρ</strong></span> <span class='ocrx_word' id='word_1_324' title='bbox 2932 2572 3274 2641; x_wconf 84' lang='grc' dir='ltr'>σπασάμενοι</span> <span class='ocrx_word' id='word_1_325' title='bbox 3302 2572 3362 2625; x_wconf 85' lang='grc' dir='ltr'><strong>τὸ</strong></span> <span class='ocrx_word' id='word_1_326' title='bbox 3394 2572 3489 2625; x_wconf 80' lang='grc' dir='ltr'>τοῦ</span> <span class='ocrx_word' id='word_1_327' title='bbox 3531 2572 3763 2643; x_wconf 88' lang='grc' dir='ltr'>σταυροῦ</span> <span class='ocrx_word' id='word_1_328' title='bbox 3800 2576 4049 2645; x_wconf 70' lang='grc' dir='ltr'>σημεῖον,</span> 
     </span>
    </p>
   </div>
   <div class='ocr_carea' id='block_1_54' title="bbox 2479 2658 3837 2733">
    <p class='ocr_par' dir='ltr' id='par_1_54' title="bbox 2479 2658 3837 2733">
     <span class='ocr_line' id='line_1_54' title="bbox 2479 2658 3837 2733; baseline 0.006 -24"><span class='ocrx_word' id='word_1_329' title='bbox 2479 2658 2687 2727; x_wconf 81' lang='grc' dir='ltr'>’Ὠσπερ</span> <span class='ocrx_word' id='word_1_330' title='bbox 2728 2661 3001 2729; x_wconf 77' lang='grc' dir='ltr'>ῥομφαίαν</span> <span class='ocrx_word' id='word_1_331' title='bbox 3030 2661 3283 2732; x_wconf 81' lang='grc' dir='ltr'><strong>δίστομον</strong></span> <span class='ocrx_word' id='word_1_332' title='bbox 3313 2664 3662 2733; x_wconf 83' lang='grc' dir='ltr'>ήκονημένην</span> <span class='ocrx_word' id='word_1_333' title='bbox 3695 2664 3837 2728; x_wconf 87' lang='grc' dir='ltr'>λίαν,</span> 
     </span>
    </p>
   </div>
   <div class='ocr_carea' id='block_1_55' title="bbox 2481 2750 4050 2823">
    <p class='ocr_par' dir='ltr' id='par_1_55' title="bbox 2481 2750 4050 2823">
     <span class='ocr_line' id='line_1_55' title="bbox 2481 2750 4050 2823; baseline 0.004 -22"><span class='ocrx_word' id='word_1_334' title='bbox 2481 2750 2625 2819; x_wconf 83' lang='grc' dir='ltr'>Πρὸς</span> <span class='ocrx_word' id='word_1_335' title='bbox 2654 2750 2752 2813; x_wconf 84' lang='grc' dir='ltr'><strong>τὰς</strong></span> <span class='ocrx_word' id='word_1_336' title='bbox 2774 2750 2950 2820; x_wconf 84' lang='grc' dir='ltr'>ἀρχάς</span> <span class='ocrx_word' id='word_1_337' title='bbox 2980 2753 3326 2823; x_wconf 80' lang='grc' dir='ltr'>ἀντέστησαν</span> <span class='ocrx_word' id='word_1_338' title='bbox 3362 2754 3456 2806; x_wconf 71' lang='grc' dir='ltr'><strong>καὶ</strong></span> <span class='ocrx_word' id='word_1_339' title='bbox 3491 2754 3625 2823; x_wconf 80' lang='grc' dir='ltr'>πρὸς</span> <span class='ocrx_word' id='word_1_340' title='bbox 3654 2755 3752 2817; x_wconf 84' lang='grc' dir='ltr'><strong>τὰς</strong></span> <span class='ocrx_word' id='word_1_341' title='bbox 3782 2754 4050 2820; x_wconf 80' lang='grc' dir='ltr'>ἐξουσίας,</span> 
     </span>
    </p>
   </div>
   <div class='ocr_carea' id='block_1_56' title="bbox 2480 2839 4050 2914">
    <p class='ocr_par' dir='ltr' id='par_1_56' title="bbox 2480 2839 4050 2914">
     <span class='ocr_line' id='line_1_56' title="bbox 2480 2839 4050 2914; baseline 0.003 -22"><span class='ocrx_word' id='word_1_342' title='bbox 2480 2839 2587 2893; x_wconf 79' lang='grc' dir='ltr'><strong>Τοῦ</strong></span> <span class='ocrx_word' id='word_1_343' title='bbox 2627 2842 3069 2912; x_wconf 84' lang='grc' dir='ltr'>κοσμοκράτορος</span> <span class='ocrx_word' id='word_1_344' title='bbox 3125 2842 3301 2897; x_wconf 80' lang='grc' dir='ltr'>Σατάν</span> <span class='ocrx_word' id='word_1_345' title='bbox 3343 2843 3437 2897; x_wconf 77' lang='grc' dir='ltr'>τοῦ</span> <span class='ocrx_word' id='word_1_346' title='bbox 3494 2844 3716 2907; x_wconf 77' lang='grc' dir='ltr'>σκότους</span> <span class='ocrx_word' id='word_1_347' title='bbox 3764 2844 3859 2897; x_wconf 63' lang='grc' dir='ltr'>τοῦ</span> <span class='ocrx_word' id='word_1_348' title='bbox 3915 2861 4050 2914; x_wconf 86' lang='grc' dir='ltr'>προ-</span> 
     </span>
    </p>
   </div>
   <div class='ocr_carea' id='block_1_57' title="bbox 3809 2934 4050 3000">
    <p class='ocr_par' dir='ltr' id='par_1_57' title="bbox 3809 2934 4050 3000">
     <span class='ocr_line' id='line_1_57' title="bbox 3809 2934 4050 3000; baseline 0.012 -14"><span class='ocrx_word' id='word_1_349' title='bbox 3809 2934 4021 3000; x_wconf 69' lang='grc' dir='ltr'>[στάτοι</span> <span class='ocrx_word' id='word_1_350' title='bbox 4033 2972 4050 2989; x_wconf 89' lang='grc'><strong>.</strong></span> 
     </span>
    </p>
   </div>
   <div class='ocr_carea' id='block_1_58' title="bbox 2480 3020 3907 3096">
    <p class='ocr_par' dir='ltr' id='par_1_58' title="bbox 2480 3020 3907 3096">
     <span class='ocr_line' id='line_1_58' title="bbox 2480 3020 3907 3096; baseline 0.004 -21"><span class='ocrx_word' id='word_1_351' title='bbox 2480 3020 2667 3076; x_wconf 83' lang='grc' dir='ltr'>Ταῦτα</span> <span class='ocrx_word' id='word_1_352' title='bbox 2692 3022 2790 3092; x_wconf 85' lang='grc' dir='ltr'>μὲν</span> <span class='ocrx_word' id='word_1_353' title='bbox 2811 3024 2955 3077; x_wconf 78' lang='grc' dir='ltr'>οὕτω</span> <span class='ocrx_word' id='word_1_354' title='bbox 2981 3024 3112 3095; x_wconf 84' lang='grc' dir='ltr'>παρ’</span> <span class='ocrx_word' id='word_1_355' title='bbox 3153 3024 3311 3094; x_wconf 89' lang='grc' dir='ltr'>ήμῶν</span> <span class='ocrx_word' id='word_1_356' title='bbox 3331 3024 3405 3089; x_wconf 84' lang='grc' dir='ltr'>ὠς</span> <span class='ocrx_word' id='word_1_357' title='bbox 3431 3025 3656 3078; x_wconf 80' lang='grc' dir='ltr'>δυνατὸν</span> <span class='ocrx_word' id='word_1_358' title='bbox 3692 3026 3907 3096; x_wconf 80' lang='grc' dir='ltr'>ἐλέχθη.</span> 
     </span>
    </p>
   </div>
   <div class='ocr_carea' id='block_1_59' title="bbox 2482 3112 3911 3186">
    <p class='ocr_par' dir='ltr' id='par_1_59' title="bbox 2482 3112 3911 3186">
     <span class='ocr_line' id='line_1_59' title="bbox 2482 3112 3911 3186; baseline 0.001 -20"><span class='ocrx_word' id='word_1_359' title='bbox 2482 3114 2545 3166; x_wconf 77' lang='lat' dir='ltr'><strong>El</strong></span> <span class='ocrx_word' id='word_1_360' title='bbox 2574 3112 2619 3167; x_wconf 82' lang='grc' dir='ltr'>δ’</span> <span class='ocrx_word' id='word_1_361' title='bbox 2650 3112 2778 3176; x_wconf 71' lang='grc' dir='ltr'>ἴσως</span> <span class='ocrx_word' id='word_1_362' title='bbox 2807 3113 2950 3167; x_wconf 88' lang='grc' dir='ltr'><strong>κατά</strong></span> <span class='ocrx_word' id='word_1_363' title='bbox 2980 3114 3234 3179; x_wconf 80' lang='grc' dir='ltr'>σύνταξιν</span> <span class='ocrx_word' id='word_1_364' title='bbox 3265 3116 3294 3169; x_wconf 84' lang='grc' dir='ltr'><strong>δ</strong></span> <span class='ocrx_word' id='word_1_365' title='bbox 3319 3115 3479 3183; x_wconf 83' lang='grc' dir='ltr'><strong>λόγος</strong></span> <span class='ocrx_word' id='word_1_366' title='bbox 3510 3116 3572 3168; x_wconf 83' lang='grc' dir='ltr'>οὐ</span> <span class='ocrx_word' id='word_1_367' title='bbox 3601 3114 3911 3186; x_wconf 75' lang='grc' dir='ltr'>προϐαίνει,</span> 
     </span>
    </p>
   </div>
   <div class='ocr_carea' id='block_1_60' title="bbox 2402 3166 3942 3277">
    <p class='ocr_par' dir='ltr' id='par_1_60' title="bbox 2402 3166 3942 3277">
     <span class='ocr_line' id='line_1_60' title="bbox 2402 3166 3942 3277; baseline 0.001 -20"><span class='ocrx_word' id='word_1_368' title='bbox 2402 3166 2447 3225; x_wconf 72' lang='grc' dir='ltr'>ο</span> <span class='ocrx_word' id='word_1_369' title='bbox 2478 3203 2665 3272; x_wconf 82' lang='grc' dir='ltr'>Μὴτδ</span> <span class='ocrx_word' id='word_1_370' title='bbox 2690 3166 2995 3276; x_wconf 74' lang='grc' dir='ltr'><strong>θαυμάζῃς,</strong></span> <span class='ocrx_word' id='word_1_371' title='bbox 3022 3166 3286 3271; x_wconf 49' lang='lat' dir='ltr'><strong>suae;</strong></span> <span class='ocrx_word' id='word_1_372' title='bbox 3319 3166 3481 3277; x_wconf 44' lang='grc' dir='ltr'><strong>,τε</strong></span> <span class='ocrx_word' id='word_1_373' title='bbox 3513 3166 3942 3277; x_wconf 48' lang='lat' dir='ltr'><strong>sanam;</strong></span> 
     </span>
    </p>
   </div>
   <div class='ocr_carea' id='block_1_61' title="bbox 2478 3294 3875 3367">
    <p class='ocr_par' dir='ltr' id='par_1_61' title="bbox 2478 3294 3875 3367">
     <span class='ocr_line' id='line_1_61' title="bbox 2478 3294 3875 3367; baseline 0 -18"><span class='ocrx_word' id='word_1_374' title='bbox 2478 3294 2635 3349; x_wconf 81' lang='grc' dir='ltr'>Οὖτω</span> <span class='ocrx_word' id='word_1_375' title='bbox 2659 3294 2769 3365; x_wconf 64' lang='grc' dir='ltr'><strong>γὰρ</strong></span> <span class='ocrx_word' id='word_1_376' title='bbox 2797 3294 2992 3363; x_wconf 79' lang='grc' dir='ltr'>ἔχειτὰ</span> <span class='ocrx_word' id='word_1_377' title='bbox 3022 3296 3193 3348; x_wconf 83' lang='grc' dir='ltr'>πολλὰ</span> <span class='ocrx_word' id='word_1_378' title='bbox 3213 3295 3325 3348; x_wconf 90' lang='grc' dir='ltr'><strong>τῶν</strong></span> <span class='ocrx_word' id='word_1_379' title='bbox 3354 3296 3875 3367; x_wconf 83' lang='grc' dir='ltr'>προφητικωτέρων.</span> 
     </span>
    </p>
   </div>
   <div class='ocr_carea' id='block_1_62' title="bbox 1357 3386 3104 3456">
    <p class='ocr_par' dir='ltr' id='par_1_62' title="bbox 1357 3386 3104 3450">
     <span class='ocr_line' id='line_1_62' title="bbox 1357 3386 3104 3450; baseline -0.005 -2"><span class='ocrx_word' id='word_1_380' title='bbox 1357 3392 1536 3448; x_wconf 83' lang='lat' dir='ltr'><strong>Trium</strong></span> <span class='ocrx_word' id='word_1_381' title='bbox 1577 3392 1819 3450; x_wconf 81' lang='lat' dir='ltr'><strong>Patrum.</strong></span> <span class='ocrx_word' id='word_1_382' title='bbox 3010 3386 3104 3440; x_wconf 65' lang='lat' dir='ltr'><strong>Trin</strong></span> 
     </span>
    </p>
   </div>
   <div class='ocr_carea' id='block_1_63' title="bbox 1780 3386 3527 3456">
    <p class='ocr_par' dir='ltr' id='par_1_63' title="bbox 1781 3386 3527 3456">
     <span class='ocr_line' id='line_1_63' title="bbox 1781 3386 3527 3456; baseline 0.001 -16"><span class='ocrx_word' id='word_1_383' title='bbox 1781 3412 1819 3450; x_wconf 78' lang='grc' dir='ltr'><strong>ι,</strong></span> <span class='ocrx_word' id='word_1_384' title='bbox 3010 3386 3132 3440; x_wconf 86' lang='grc' dir='ltr'><strong>Τῶν</strong></span> <span class='ocrx_word' id='word_1_385' title='bbox 3161 3387 3209 3456; x_wconf 82' lang='grc' dir='ltr'><strong>γ’</strong></span> <span class='ocrx_word' id='word_1_386' title='bbox 3228 3386 3527 3455; x_wconf 84' lang='grc' dir='ltr'>Πατέρων.</span> 
     </span>
    </p>
   </div>
   <div class='ocr_carea' id='block_1_64' title="bbox 882 3478 2629 3557">
    <p class='ocr_par' dir='ltr' id='par_1_64' title="bbox 882 3479 2629 3557">
     <span class='ocr_line' id='line_1_64' title="bbox 882 3479 2629 3557; baseline 0.006 -24"><span class='ocrx_word' id='word_1_387' title='bbox 882 3479 1169 3551; x_wconf 69' lang='lat' dir='ltr'><strong>Discipulaa</strong></span> <span class='ocrx_word' id='word_1_388' title='bbox 1199 3481 1383 3552; x_wconf 82' lang='lat' dir='ltr'><strong>igitur,</strong></span> <span class='ocrx_word' id='word_1_389' title='bbox 1428 3500 1550 3554; x_wconf 71' lang='lat' dir='ltr'><strong>qua:</strong></span> <span class='ocrx_word' id='word_1_390' title='bbox 1578 3485 1644 3540; x_wconf 89' lang='lat' dir='ltr'><strong>de</strong></span> <span class='ocrx_word' id='word_1_391' title='bbox 1675 3487 1933 3557; x_wconf 82' lang='lat' dir='ltr'><strong>magistra</strong></span> <span class='ocrx_word' id='word_1_392' title='bbox 1965 3502 2062 3542; x_wconf 89' lang='lat' dir='ltr'><strong>sua</strong></span> <span class='ocrx_word' id='word_1_393' title='bbox 2089 3487 2373 3543; x_wconf 83' lang='lat' dir='ltr'><strong>dubitave-</strong></span> <span class='ocrx_word' id='word_1_394' title='bbox 2550 3479 2629 3531; x_wconf 74' lang='grc' dir='ltr'>Αεε</span> 
     </span>
    </p>
   </div>
   <div class='ocr_carea' id='block_1_65' title="bbox 2305 3478 4052 3557">
    <p class='ocr_par' dir='ltr' id='par_1_65' title="bbox 2305 3478 4052 3549">
     <span class='ocr_line' id='line_1_65' title="bbox 2305 3478 4052 3549; baseline 0 -20"><span class='ocrx_word' id='word_1_395' title='bbox 2305 3504 2373 3543; x_wconf 66' lang='grc' dir='ltr'><strong>με..</strong></span> <span class='ocrx_word' id='word_1_396' title='bbox 2550 3479 2964 3549; x_wconf 79' lang='grc' dir='ltr'>Διαπορήσασαι</span> <span class='ocrx_word' id='word_1_397' title='bbox 2994 3479 3175 3532; x_wconf 82' lang='grc' dir='ltr'>τοίνυν</span> <span class='ocrx_word' id='word_1_398' title='bbox 3207 3480 3337 3549; x_wconf 75' lang='grc' dir='ltr'>περὶ</span> <span class='ocrx_word' id='word_1_399' title='bbox 3374 3480 3475 3549; x_wconf 86' lang='grc' dir='ltr'><strong>τῆς</strong></span> <span class='ocrx_word' id='word_1_400' title='bbox 3516 3479 3836 3532; x_wconf 80' lang='grc' dir='ltr'><strong>διδασκάλου</strong></span> <span class='ocrx_word' id='word_1_401' title='bbox 3864 3478 3919 3532; x_wconf 77' lang='grc' dir='ltr'><strong>αἱ</strong></span> <span class='ocrx_word' id='word_1_402' title='bbox 3949 3496 4052 3547; x_wconf 86' lang='grc' dir='ltr'>μα-</span> 
     </span>
    </p>
   </div>
   <div class='ocr_carea' id='block_1_66' title="bbox 811 3562 2558 3646">
    <p class='ocr_par' dir='ltr' id='par_1_66' title="bbox 811 3566 2558 3646">
     <span class='ocr_line' id='line_1_66' title="bbox 811 3566 2558 3646; baseline 0.007 -22"><span class='ocrx_word' id='word_1_403' title='bbox 811 3580 955 3635; x_wconf 83' lang='lat' dir='ltr'><strong>rant,</strong></span> <span class='ocrx_word' id='word_1_404' title='bbox 993 3588 1241 3640; x_wconf 67' lang='lat' dir='ltr'><strong>quaenam</strong></span> <span class='ocrx_word' id='word_1_405' title='bbox 1273 3584 1440 3639; x_wconf 88' lang='lat' dir='ltr'><strong>esset,</strong></span> <span class='ocrx_word' id='word_1_406' title='bbox 1476 3591 1619 3630; x_wconf 88' lang='lat' dir='ltr'><strong>nunc</strong></span> <span class='ocrx_word' id='word_1_407' title='bbox 1651 3577 1718 3631; x_wconf 87' lang='lat' dir='ltr'><strong>de</strong></span> <span class='ocrx_word' id='word_1_408' title='bbox 1748 3577 1866 3646; x_wconf 91' lang='lat' dir='ltr'><strong>ipsa</strong></span> <span class='ocrx_word' id='word_1_409' title='bbox 1898 3577 2159 3633; x_wconf 84' lang='lat' dir='ltr'><strong>dicuntur</strong></span> <span class='ocrx_word' id='word_1_410' title='bbox 2191 3596 2206 3634; x_wconf 93' lang='lat'><strong>:</strong></span> <span class='ocrx_word' id='word_1_411' title='bbox 2242 3579 2375 3633; x_wconf 84' lang='lat' dir='ltr'><strong>Ecce</strong></span> <span class='ocrx_word' id='word_1_412' title='bbox 2480 3566 2558 3637; x_wconf 67' lang='grc' dir='ltr'><strong>δή·</strong></span> 
     </span>
    </p>
   </div>
   <div class='ocr_carea' id='block_1_67' title="bbox 2299 3562 4046 3646">
    <p class='ocr_par' dir='ltr' id='par_1_67' title="bbox 2299 3562 4046 3642">
     <span class='ocr_line' id='line_1_67' title="bbox 2299 3562 4046 3642; baseline 0.005 -25"><span class='ocrx_word' id='word_1_413' title='bbox 2299 3596 2375 3633; x_wconf 49' lang='lat' dir='ltr'><strong>me</strong></span> <span class='ocrx_word' id='word_1_414' title='bbox 2480 3566 2719 3638; x_wconf 80' lang='grc' dir='ltr'>θήτριαι,</span> <span class='ocrx_word' id='word_1_415' title='bbox 2744 3571 2825 3623; x_wconf 86' lang='grc' dir='ltr'>ὅτι</span> <span class='ocrx_word' id='word_1_416' title='bbox 2850 3570 2930 3635; x_wconf 87' lang='grc' dir='ltr'><strong>τίς</strong></span> <span class='ocrx_word' id='word_1_417' title='bbox 2954 3571 3103 3624; x_wconf 81' lang='grc' dir='ltr'>ἐστιν</span> <span class='ocrx_word' id='word_1_418' title='bbox 3130 3562 3423 3642; x_wconf 77' lang='grc' dir='ltr'>αὕτη.’νῦν</span> <span class='ocrx_word' id='word_1_419' title='bbox 3452 3589 3586 3640; x_wconf 86' lang='grc' dir='ltr'>φασι</span> <span class='ocrx_word' id='word_1_420' title='bbox 3610 3572 3739 3641; x_wconf 75' lang='grc' dir='ltr'>περὶ</span> <span class='ocrx_word' id='word_1_421' title='bbox 3769 3572 3937 3642; x_wconf 80' lang='grc' dir='ltr'>αὐτῆς</span> <span class='ocrx_word' id='word_1_422' title='bbox 3967 3572 4046 3624; x_wconf 77' lang='grc' dir='ltr'><strong>τό·</strong></span> 
     </span>
    </p>
   </div>
   <div class='ocr_carea' id='block_1_68' title="bbox 810 3658 2557 3738">
    <p class='ocr_par' dir='ltr' id='par_1_68' title="bbox 810 3661 2557 3738">
     <span class='ocr_line' id='line_1_68' title="bbox 810 3661 2557 3738; baseline 0.006 -23"><span class='ocrx_word' id='word_1_423' title='bbox 810 3664 1064 3717; x_wconf 74' lang='lat' dir='ltr'><strong>lectulum</strong></span> <span class='ocrx_word' id='word_1_424' title='bbox 1087 3664 1414 3730; x_wconf 81' lang='lat' dir='ltr'><strong>Salomonis,</strong></span> <span class='ocrx_word' id='word_1_425' title='bbox 1447 3667 1502 3720; x_wconf 94' lang='lat' dir='ltr'><strong>in</strong></span> <span class='ocrx_word' id='word_1_426' title='bbox 1535 3682 1646 3736; x_wconf 93' lang='lat' dir='ltr'><strong>quo</strong></span> <span class='ocrx_word' id='word_1_427' title='bbox 1688 3668 1911 3738; x_wconf 89' lang='lat' dir='ltr'><strong>quidem</strong></span> <span class='ocrx_word' id='word_1_428' title='bbox 1948 3670 2207 3727; x_wconf 88' lang='lat' dir='ltr'><strong>Christus</strong></span> <span class='ocrx_word' id='word_1_429' title='bbox 2261 3670 2375 3725; x_wconf 79' lang='lat' dir='ltr'><strong>Rex</strong></span> <span class='ocrx_word' id='word_1_430' title='bbox 2479 3661 2557 3715; x_wconf 80' lang='grc' dir='ltr'><strong>Ἰδ</strong></span> 
     </span>
    </p>
   </div>
   <div class='ocr_carea' id='block_1_69' title="bbox 2307 3658 4054 3738">
    <p class='ocr_par' dir='ltr' id='par_1_69' title="bbox 2310 3658 4054 3733">
     <span class='ocr_line' id='line_1_69' title="bbox 2310 3658 4054 3733; baseline -0.006 -8"><span class='ocrx_word' id='word_1_431' title='bbox 2310 3687 2375 3725; x_wconf 78' lang='lat' dir='ltr'><strong>cx</strong></span> <span class='ocrx_word' id='word_1_432' title='bbox 2479 3661 2636 3715; x_wconf 84' lang='grc' dir='ltr'><em>’Ῐδοὺ</em></span> <span class='ocrx_word' id='word_1_433' title='bbox 2661 3662 2699 3729; x_wconf 78' lang='grc' dir='ltr'><strong><em>ἡ</em></strong></span> <span class='ocrx_word' id='word_1_434' title='bbox 2728 3664 2908 3731; x_wconf 78' lang='grc' dir='ltr'>κλίνη</span> <span class='ocrx_word' id='word_1_435' title='bbox 2938 3663 3048 3718; x_wconf 84' lang='grc' dir='ltr'><strong>τοῦ</strong></span> <span class='ocrx_word' id='word_1_436' title='bbox 3074 3662 3359 3733; x_wconf 78' lang='grc' dir='ltr'><strong>Σολομὼν</strong></span> <span class='ocrx_word' id='word_1_437' title='bbox 3380 3679 3395 3693; x_wconf 76' lang='grc'><strong>⁸</strong></span> <span class='ocrx_word' id='word_1_438' title='bbox 3427 3663 3513 3733; x_wconf 85' lang='grc' dir='ltr'>ἐφ’</span> <span class='ocrx_word' id='word_1_439' title='bbox 3531 3658 3597 3733; x_wconf 80' lang='grc' dir='ltr'>ἦς</span> <span class='ocrx_word' id='word_1_440' title='bbox 3617 3664 3831 3727; x_wconf 83' lang='grc' dir='ltr'>πάντως</span> <span class='ocrx_word' id='word_1_441' title='bbox 3858 3665 4054 3715; x_wconf 85' lang='grc' dir='ltr'>ἐπανα-</span> 
     </span>
    </p>
   </div>
   <div class='ocr_carea' id='block_1_70' title="bbox 812 3751 2559 3828">
    <p class='ocr_par' dir='ltr' id='par_1_70' title="bbox 812 3758 2557 3828">
     <span class='ocr_line' id='line_1_70' title="bbox 812 3758 2557 3828; baseline 0.006 -21"><span class='ocrx_word' id='word_1_442' title='bbox 812 3758 1072 3821; x_wconf 80' lang='lat' dir='ltr'><strong>paciﬁcus</strong></span> <span class='ocrx_word' id='word_1_443' title='bbox 1105 3758 1468 3827; x_wconf 82' lang='lat' dir='ltr'><strong>conquiescit,</strong></span> <span class='ocrx_word' id='word_1_444' title='bbox 1496 3762 1590 3828; x_wconf 91' lang='lat' dir='ltr'><strong>qui</strong></span> <span class='ocrx_word' id='word_1_445' title='bbox 1624 3775 1723 3816; x_wconf 93' lang='lat' dir='ltr'><strong>nos</strong></span> <span class='ocrx_word' id='word_1_446' title='bbox 1753 3768 1866 3815; x_wconf 90' lang='lat' dir='ltr'><strong>tum</strong></span> <span class='ocrx_word' id='word_1_447' title='bbox 1918 3763 2043 3826; x_wconf 90' lang='lat' dir='ltr'><strong>sibi,</strong></span> <span class='ocrx_word' id='word_1_448' title='bbox 2078 3773 2189 3817; x_wconf 91' lang='lat' dir='ltr'><strong>tum</strong></span> <span class='ocrx_word' id='word_1_449' title='bbox 2236 3764 2378 3818; x_wconf 87' lang='lat' dir='ltr'><strong>inter</strong></span> <span class='ocrx_word' id='word_1_450' title='bbox 2479 3768 2557 3803; x_wconf 81' lang='grc' dir='ltr'>πα</span> 
     </span>
    </p>
   </div>
   <div class='ocr_carea' id='block_1_71' title="bbox 2307 3751 4054 3828">
    <p class='ocr_par' dir='ltr' id='par_1_71' title="bbox 2307 3751 4054 3827">
     <span class='ocr_line' id='line_1_71' title="bbox 2307 3751 4054 3827; baseline 0.001 -23"><span class='ocrx_word' id='word_1_451' title='bbox 2307 3775 2378 3817; x_wconf 66' lang='grc' dir='ltr'><strong>[ρι’</strong></span> <span class='ocrx_word' id='word_1_452' title='bbox 2479 3751 2716 3807; x_wconf 88' lang='grc' dir='ltr'>παύεται</span> <span class='ocrx_word' id='word_1_453' title='bbox 2744 3756 2771 3807; x_wconf 86' lang='grc' dir='ltr'>ὁ</span> <span class='ocrx_word' id='word_1_454' title='bbox 2806 3754 2943 3824; x_wconf 79' lang='grc' dir='ltr'>πρὸς</span> <span class='ocrx_word' id='word_1_455' title='bbox 2979 3756 3171 3809; x_wconf 79' lang='grc' dir='ltr'>ἑαυτὸν</span> <span class='ocrx_word' id='word_1_456' title='bbox 3196 3756 3291 3808; x_wconf 76' lang='grc' dir='ltr'><strong>καὶ</strong></span> <span class='ocrx_word' id='word_1_457' title='bbox 3326 3754 3460 3824; x_wconf 74' lang='grc' dir='ltr'>πρὸς</span> <span class='ocrx_word' id='word_1_458' title='bbox 3500 3756 3767 3827; x_wconf 77' lang='grc' dir='ltr'><strong>ἀλλήλους</strong></span> <span class='ocrx_word' id='word_1_459' title='bbox 3792 3754 3888 3809; x_wconf 79' lang='grc' dir='ltr'>καὶ</span> <span class='ocrx_word' id='word_1_460' title='bbox 3918 3755 4054 3823; x_wconf 76' lang='grc' dir='ltr'>πρὸς</span> 
     </span>
    </p>
   </div>
   <div class='ocr_carea' id='block_1_72' title="bbox 812 3844 2559 3923">
    <p class='ocr_par' dir='ltr' id='par_1_72' title="bbox 812 3844 2559 3923">
     <span class='ocr_line' id='line_1_72' title="bbox 812 3844 2559 3923; baseline 0.006 -25"><span class='ocrx_word' id='word_1_461' title='bbox 812 3858 935 3909; x_wconf 89' lang='lat' dir='ltr'><strong>nos,</strong></span> <span class='ocrx_word' id='word_1_462' title='bbox 973 3854 1088 3899; x_wconf 91' lang='lat' dir='ltr'><strong>tum</strong></span> <span class='ocrx_word' id='word_1_463' title='bbox 1120 3846 1269 3901; x_wconf 85' lang='lat' dir='ltr'><strong>Patri</strong></span> <span class='ocrx_word' id='word_1_464' title='bbox 1304 3863 1405 3903; x_wconf 90' lang='lat' dir='ltr'><strong>suo</strong></span> <span class='ocrx_word' id='word_1_465' title='bbox 1434 3850 1828 3905; x_wconf 89' lang='lat' dir='ltr'><strong>reconciliavit.</strong></span> <span class='ocrx_word' id='word_1_466' title='bbox 1880 3852 2173 3923; x_wconf 77' lang='lat' dir='ltr'><strong>Sexaginta</strong></span> <span class='ocrx_word' id='word_1_467' title='bbox 2208 3853 2378 3909; x_wconf 81' lang='lat' dir='ltr'><strong>fortes</strong></span> <span class='ocrx_word' id='word_1_468' title='bbox 2479 3844 2559 3897; x_wconf 58' lang='grc' dir='ltr'><strong>τδκ</strong></span> 
     </span>
    </p>
   </div>
   <div class='ocr_carea' id='block_1_73' title="bbox 2308 3844 4055 3923">
    <p class='ocr_par' dir='ltr' id='par_1_73' title="bbox 2308 3844 4055 3917">
     <span class='ocr_line' id='line_1_73' title="bbox 2308 3844 4055 3917; baseline 0 -19"><span class='ocrx_word' id='word_1_469' title='bbox 2308 3866 2378 3908; x_wconf 61' lang='grc' dir='ltr'>ιρε</span> <span class='ocrx_word' id='word_1_470' title='bbox 2479 3844 2572 3897; x_wconf 78' lang='grc' dir='ltr'><strong>τὸν</strong></span> <span class='ocrx_word' id='word_1_471' title='bbox 2610 3844 2739 3897; x_wconf 82' lang='grc' dir='ltr'>ίδιον</span> <span class='ocrx_word' id='word_1_472' title='bbox 2799 3847 3023 3915; x_wconf 77' lang='grc' dir='ltr'>Πατέρα</span> <span class='ocrx_word' id='word_1_473' title='bbox 3082 3847 3471 3901; x_wconf 84' lang='grc' dir='ltr'>καταλλάττων</span> <span class='ocrx_word' id='word_1_474' title='bbox 3518 3848 3668 3917; x_wconf 81' lang='grc' dir='ltr'>ήμᾶς</span> <span class='ocrx_word' id='word_1_475' title='bbox 3721 3848 3993 3916; x_wconf 81' lang='grc' dir='ltr'>Χριστὸς,</span> <span class='ocrx_word' id='word_1_476' title='bbox 4026 3847 4055 3898; x_wconf 85' lang='grc' dir='ltr'>ὁ</span> 
     </span>
    </p>
   </div>
   <div class='ocr_carea' id='block_1_74' title="bbox 812 3935 2559 4014">
    <p class='ocr_par' dir='ltr' id='par_1_74' title="bbox 812 3936 2559 4014">
     <span class='ocr_line' id='line_1_74' title="bbox 812 3936 2559 4014; baseline 0.01 -25"><span class='ocrx_word' id='word_1_477' title='bbox 812 3936 1061 3990; x_wconf 89' lang='lat' dir='ltr'><strong>ambiunt</strong></span> <span class='ocrx_word' id='word_1_478' title='bbox 1095 3955 1109 3992; x_wconf 89' lang='lat'><strong>:</strong></span> <span class='ocrx_word' id='word_1_479' title='bbox 1138 3939 1505 4009; x_wconf 88' lang='lat' dir='ltr'><strong>cogitationes</strong></span> <span class='ocrx_word' id='word_1_480' title='bbox 1548 3940 1803 3997; x_wconf 88' lang='lat' dir='ltr'><strong>nimirum</strong></span> <span class='ocrx_word' id='word_1_481' title='bbox 1832 3942 2099 4003; x_wconf 84' lang='lat' dir='ltr'><strong>ellicaces.</strong></span> <span class='ocrx_word' id='word_1_482' title='bbox 2146 3960 2267 4014; x_wconf 75' lang='lat' dir='ltr'><strong>qua:</strong></span> <span class='ocrx_word' id='word_1_483' title='bbox 2293 3945 2378 3999; x_wconf 85' lang='lat' dir='ltr'><strong>di-</strong></span> <span class='ocrx_word' id='word_1_484' title='bbox 2480 3937 2559 4006; x_wconf 70' lang='grc' dir='ltr'><strong>εῖρ</strong></span> 
     </span>
    </p>
   </div>
   <div class='ocr_carea' id='block_1_75' title="bbox 2309 3935 4056 4014">
    <p class='ocr_par' dir='ltr' id='par_1_75' title="bbox 2309 3935 4056 4008">
     <span class='ocr_line' id='line_1_75' title="bbox 2309 3935 4056 4008; baseline 0.001 -20"><span class='ocrx_word' id='word_1_485' title='bbox 2309 3945 2378 3999; x_wconf 69' lang='lat' dir='ltr'><strong>li-</strong></span> <span class='ocrx_word' id='word_1_486' title='bbox 2480 3936 2755 4006; x_wconf 75' lang='grc' dir='ltr'>εἰρηνικὸς</span> <span class='ocrx_word' id='word_1_487' title='bbox 2784 3935 3055 4006; x_wconf 85' lang='grc' dir='ltr'>βασιλεύς.</span> <span class='ocrx_word' id='word_1_488' title='bbox 3100 3938 3397 4008; x_wconf 81' lang='grc' dir='ltr'>Ἕξήκοντα</span> <span class='ocrx_word' id='word_1_489' title='bbox 3420 3938 3635 3991; x_wconf 77' lang='grc' dir='ltr'>δυνατοὶ</span> <span class='ocrx_word' id='word_1_490' title='bbox 3660 3938 3840 4008; x_wconf 83' lang='grc' dir='ltr'>κύκλῳ</span> <span class='ocrx_word' id='word_1_491' title='bbox 3866 3938 4056 4007; x_wconf 78' lang='grc' dir='ltr'>αὐτῆς,</span> 
     </span>
    </p>
   </div>
   <div class='ocr_carea' id='block_1_76' title="bbox 814 4026 2561 4105">
    <p class='ocr_par' dir='ltr' id='par_1_76' title="bbox 814 4026 2561 4105">
     <span class='ocr_line' id='line_1_76' title="bbox 814 4026 2561 4105; baseline 0.007 -26"><span class='ocrx_word' id='word_1_492' title='bbox 814 4027 939 4081; x_wconf 89' lang='lat' dir='ltr'><strong>vina</strong></span> <span class='ocrx_word' id='word_1_493' title='bbox 978 4026 1182 4083; x_wconf 91' lang='lat' dir='ltr'><strong>virtute</strong></span> <span class='ocrx_word' id='word_1_494' title='bbox 1224 4029 1466 4098; x_wconf 65' lang='lat' dir='ltr'><strong>undilue</strong></span> <span class='ocrx_word' id='word_1_495' title='bbox 1496 4037 1722 4085; x_wconf 89' lang='lat' dir='ltr'><strong>tuentur</strong></span> <span class='ocrx_word' id='word_1_496' title='bbox 1748 4032 1986 4087; x_wconf 88' lang='lat' dir='ltr'><strong>animam</strong></span> <span class='ocrx_word' id='word_1_497' title='bbox 2012 4034 2078 4088; x_wconf 91' lang='lat' dir='ltr'><strong>ad</strong></span> <span class='ocrx_word' id='word_1_498' title='bbox 2110 4033 2202 4089; x_wconf 90' lang='lat' dir='ltr'><strong>Dei</strong></span> <span class='ocrx_word' id='word_1_499' title='bbox 2226 4036 2382 4105; x_wconf 80' lang='lat' dir='ltr'><strong>quie-</strong></span> <span class='ocrx_word' id='word_1_500' title='bbox 2484 4028 2561 4081; x_wconf 81' lang='grc' dir='ltr'>οῖτ</span> 
     </span>
    </p>
   </div>
   <div class='ocr_carea' id='block_1_77' title="bbox 2309 4026 4056 4105">
    <p class='ocr_par' dir='ltr' id='par_1_77' title="bbox 2309 4028 4056 4101">
     <span class='ocr_line' id='line_1_77' title="bbox 2309 4028 4056 4101; baseline 0.001 -20"><span class='ocrx_word' id='word_1_501' title='bbox 2309 4036 2382 4090; x_wconf 83' lang='lat' dir='ltr'><strong>ie-</strong></span> <span class='ocrx_word' id='word_1_502' title='bbox 2484 4028 2646 4099; x_wconf 77' lang='grc' dir='ltr'>οἵπερ</span> <span class='ocrx_word' id='word_1_503' title='bbox 2688 4028 2826 4081; x_wconf 84' lang='grc' dir='ltr'>είσὶν</span> <span class='ocrx_word' id='word_1_504' title='bbox 2851 4030 2899 4083; x_wconf 76' lang='lat' dir='ltr'><strong>oi</strong></span> <span class='ocrx_word' id='word_1_505' title='bbox 2926 4028 3049 4101; x_wconf 76' lang='grc' dir='ltr'>θείᾳ</span> <span class='ocrx_word' id='word_1_506' title='bbox 3080 4029 3306 4099; x_wconf 83' lang='grc' dir='ltr'>δυνάμει</span> <span class='ocrx_word' id='word_1_507' title='bbox 3356 4028 3693 4099; x_wconf 86' lang='grc' dir='ltr'>πανταχόθεν</span> <span class='ocrx_word' id='word_1_508' title='bbox 3722 4030 4056 4099; x_wconf 75' lang='grc' dir='ltr'>περιφυλάτο</span> 
     </span>
    </p>
   </div>
   <div class='ocr_carea' id='block_1_78' title="bbox 813 4118 2560 4193">
    <p class='ocr_par' dir='ltr' id='par_1_78' title="bbox 813 4118 2560 4193">
     <span class='ocr_line' id='line_1_78' title="bbox 813 4118 2560 4193; baseline 0.006 -24"><span class='ocrx_word' id='word_1_509' title='bbox 813 4125 921 4171; x_wconf 87' lang='lat' dir='ltr'><strong>tem</strong></span> <span class='ocrx_word' id='word_1_510' title='bbox 962 4129 1345 4187; x_wconf 66' lang='lat' dir='ltr'><strong>pra‘paratam,</strong></span> <span class='ocrx_word' id='word_1_511' title='bbox 1386 4118 1652 4176; x_wconf 86' lang='lat' dir='ltr'><strong>adversus</strong></span> <span class='ocrx_word' id='word_1_512' title='bbox 1677 4121 1922 4179; x_wconf 84' lang='lat' dir='ltr'><strong>fallacius</strong></span> <span class='ocrx_word' id='word_1_513' title='bbox 1958 4124 2251 4193; x_wconf 90' lang='lat' dir='ltr'><strong>spirituum</strong></span> <span class='ocrx_word' id='word_1_514' title='bbox 2280 4126 2381 4179; x_wconf 90' lang='lat' dir='ltr'><strong>im-</strong></span> <span class='ocrx_word' id='word_1_515' title='bbox 2481 4134 2560 4171; x_wconf 52' lang='grc' dir='ltr'>τοὶ</span> 
     </span>
    </p>
   </div>
   <div class='ocr_carea' id='block_1_79' title="bbox 2311 4118 4058 4193">
    <p class='ocr_par' dir='ltr' id='par_1_79' title="bbox 2311 4118 4058 4191">
     <span class='ocr_line' id='line_1_79' title="bbox 2311 4118 4058 4191; baseline 0 -20"><span class='ocrx_word' id='word_1_516' title='bbox 2311 4141 2381 4179; x_wconf 79' lang='grc' dir='ltr'>ιη-</span> <span class='ocrx_word' id='word_1_517' title='bbox 2481 4134 2668 4181; x_wconf 87' lang='grc' dir='ltr'>τοντες</span> <span class='ocrx_word' id='word_1_518' title='bbox 2690 4118 2790 4190; x_wconf 77' lang='grc' dir='ltr'><strong>τήν</strong></span> <span class='ocrx_word' id='word_1_519' title='bbox 2812 4120 2891 4183; x_wconf 90' lang='grc' dir='ltr'><strong>είς</strong></span> <span class='ocrx_word' id='word_1_520' title='bbox 2923 4121 3231 4176; x_wconf 76' lang='grc' dir='ltr'>ἀνάπαυσιν</span> <span class='ocrx_word' id='word_1_521' title='bbox 3264 4120 3416 4186; x_wconf 65' lang='grc' dir='ltr'><strong>Θειοῦ⁶</strong></span> <span class='ocrx_word' id='word_1_522' title='bbox 3434 4118 3855 4191; x_wconf 82' lang='grc' dir='ltr'>ἐτοιμασθεῖσαν</span> <span class='ocrx_word' id='word_1_523' title='bbox 3880 4119 4058 4190; x_wconf 75' lang='grc' dir='ltr'>ψυχήν</span> 
     </span>
    </p>
   </div>
   <div class='ocr_carea' id='block_1_80' title="bbox 814 4208 2561 4286">
    <p class='ocr_par' dir='ltr' id='par_1_80' title="bbox 814 4208 2561 4286">
     <span class='ocr_line' id='line_1_80' title="bbox 814 4208 2561 4286; baseline 0.006 -25"><span class='ocrx_word' id='word_1_524' title='bbox 814 4208 1131 4276; x_wconf 90' lang='lat' dir='ltr'><strong>proborum.</strong></span> <span class='ocrx_word' id='word_1_525' title='bbox 1149 4209 1307 4264; x_wconf 79' lang='lat' dir='ltr'><strong>Ratio</strong></span> <span class='ocrx_word' id='word_1_526' title='bbox 1324 4211 1467 4265; x_wconf 90' lang='lat' dir='ltr'><strong>enim</strong></span> <span class='ocrx_word' id='word_1_527' title='bbox 1488 4227 1610 4282; x_wconf 66' lang='lat' dir='ltr'><strong>qua:</strong></span> <span class='ocrx_word' id='word_1_528' title='bbox 1630 4212 1871 4283; x_wconf 91' lang='lat' dir='ltr'><strong>quinque</strong></span> <span class='ocrx_word' id='word_1_529' title='bbox 1884 4216 2140 4271; x_wconf 85' lang='lat' dir='ltr'><strong>sensibus</strong></span> <span class='ocrx_word' id='word_1_530' title='bbox 2162 4224 2380 4286; x_wconf 67' lang='lat' dir='ltr'><strong>prreest,</strong></span> <span class='ocrx_word' id='word_1_531' title='bbox 2483 4210 2561 4263; x_wconf 82' lang='grc' dir='ltr'><strong>ἀπ</strong></span> 
     </span>
    </p>
   </div>
   <div class='ocr_carea' id='block_1_81' title="bbox 2308 4208 4055 4286">
    <p class='ocr_par' dir='ltr' id='par_1_81' title="bbox 2308 4210 4055 4283">
     <span class='ocr_line' id='line_1_81' title="bbox 2308 4210 4055 4283; baseline 0 -20"><span class='ocrx_word' id='word_1_532' title='bbox 2308 4224 2380 4283; x_wconf 79' lang='lat' dir='ltr'><strong>st,</strong></span> <span class='ocrx_word' id='word_1_533' title='bbox 2483 4210 2594 4263; x_wconf 83' lang='grc' dir='ltr'><strong>ἀπὺ</strong></span> <span class='ocrx_word' id='word_1_534' title='bbox 2630 4210 2741 4264; x_wconf 89' lang='grc' dir='ltr'><strong>τῶν</strong></span> <span class='ocrx_word' id='word_1_535' title='bbox 2785 4210 3251 4267; x_wconf 78' lang='grc' dir='ltr'>ἐπιϐουλευόντων</span> <span class='ocrx_word' id='word_1_536' title='bbox 3301 4213 3631 4282; x_wconf 82' lang='grc' dir='ltr'>πνευμάτων</span> <span class='ocrx_word' id='word_1_537' title='bbox 3660 4212 3762 4281; x_wconf 82' lang='grc' dir='ltr'><strong>τῆς</strong></span> <span class='ocrx_word' id='word_1_538' title='bbox 3792 4212 4055 4282; x_wconf 85' lang='grc' dir='ltr'>πονηρίας</span> 
     </span>
    </p>
   </div>
   <div class='ocr_carea' id='block_1_82' title="bbox 814 4300 2561 4375">
    <p class='ocr_par' dir='ltr' id='par_1_82' title="bbox 814 4300 2561 4373">
     <span class='ocr_line' id='line_1_82' title="bbox 814 4300 2561 4373; baseline 0.006 -20"><span class='ocrx_word' id='word_1_539' title='bbox 814 4300 979 4353; x_wconf 88' lang='lat' dir='ltr'><strong>simul</strong></span> <span class='ocrx_word' id='word_1_540' title='bbox 1005 4315 1126 4354; x_wconf 91' lang='lat' dir='ltr'><strong>cum</strong></span> <span class='ocrx_word' id='word_1_541' title='bbox 1160 4300 1296 4371; x_wconf 85' lang='lat' dir='ltr'><strong>ipsis</strong></span> <span class='ocrx_word' id='word_1_542' title='bbox 1324 4302 1579 4357; x_wconf 84' lang='lat' dir='ltr'><strong>sensibus</strong></span> <span class='ocrx_word' id='word_1_543' title='bbox 1623 4314 1851 4373; x_wconf 86' lang='lat' dir='ltr'><strong>accepta</strong></span> <span class='ocrx_word' id='word_1_544' title='bbox 1889 4307 2168 4360; x_wconf 89' lang='lat' dir='ltr'><strong>senarium</strong></span> <span class='ocrx_word' id='word_1_545' title='bbox 2208 4305 2380 4362; x_wconf 84' lang='lat' dir='ltr'><strong>couti-</strong></span> <span class='ocrx_word' id='word_1_546' title='bbox 2484 4300 2561 4353; x_wconf 69' lang='grc' dir='ltr'>ὶνε</span> 
     </span>
    </p>
   </div>
   <div class='ocr_carea' id='block_1_83' title="bbox 2311 4300 4058 4375">
    <p class='ocr_par' dir='ltr' id='par_1_83' title="bbox 2316 4300 4058 4375">
     <span class='ocr_line' id='line_1_83' title="bbox 2316 4300 4058 4375; baseline 0.002 -23"><span class='ocrx_word' id='word_1_547' title='bbox 2316 4305 2380 4361; x_wconf 77' lang='lat' dir='ltr'><strong>ﬁ.</strong></span> <span class='ocrx_word' id='word_1_548' title='bbox 2484 4300 2825 4372; x_wconf 78' lang='grc' dir='ltr'>ἐνεργητικοὶ</span> <span class='ocrx_word' id='word_1_549' title='bbox 2846 4301 3095 4374; x_wconf 84' lang='grc' dir='ltr'>λογισμοί</span> <span class='ocrx_word' id='word_1_550' title='bbox 3122 4320 3135 4334; x_wconf 93' lang='grc'><strong>·</strong></span> <span class='ocrx_word' id='word_1_551' title='bbox 3162 4302 3259 4357; x_wconf 84' lang='grc' dir='ltr'>τοῦ</span> <span class='ocrx_word' id='word_1_552' title='bbox 3281 4304 3389 4375; x_wconf 78' lang='grc' dir='ltr'><strong>γὰρ</strong></span> <span class='ocrx_word' id='word_1_553' title='bbox 3410 4306 3528 4366; x_wconf 77' lang='grc' dir='ltr'>ταῖς</span> <span class='ocrx_word' id='word_1_554' title='bbox 3555 4303 3715 4356; x_wconf 78' lang='grc' dir='ltr'>πέντε</span> <span class='ocrx_word' id='word_1_555' title='bbox 3743 4302 4058 4372; x_wconf 85' lang='grc' dir='ltr'>αίσθήσεσιν</span> 
     </span>
    </p>
   </div>
   <div class='ocr_carea' id='block_1_84' title="bbox 815 4388 2562 4464">
    <p class='ocr_par' dir='ltr' id='par_1_84' title="bbox 815 4388 2559 4464">
     <span class='ocr_line' id='line_1_84' title="bbox 815 4388 2559 4464; baseline 0.006 -23"><span class='ocrx_word' id='word_1_556' title='bbox 815 4388 928 4441; x_wconf 85' lang='lat' dir='ltr'><strong>ciat</strong></span> <span class='ocrx_word' id='word_1_557' title='bbox 956 4404 1266 4444; x_wconf 88' lang='lat' dir='ltr'><strong>numerum.</strong></span> <span class='ocrx_word' id='word_1_558' title='bbox 1298 4391 1367 4444; x_wconf 80' lang='lat' dir='ltr'><strong>At</strong></span> <span class='ocrx_word' id='word_1_559' title='bbox 1398 4405 1524 4445; x_wconf 90' lang='lat' dir='ltr'><strong>cum</strong></span> <span class='ocrx_word' id='word_1_560' title='bbox 1547 4392 1736 4447; x_wconf 90' lang='lat' dir='ltr'><strong>divina</strong></span> <span class='ocrx_word' id='word_1_561' title='bbox 1770 4401 2039 4462; x_wconf 74' lang='lat' dir='ltr'><strong>praacepta</strong></span> <span class='ocrx_word' id='word_1_562' title='bbox 2088 4408 2209 4464; x_wconf 69' lang='lat' dir='ltr'><strong>qua:</strong></span> <span class='ocrx_word' id='word_1_563' title='bbox 2257 4406 2384 4451; x_wconf 89' lang='lat' dir='ltr'><strong>sunt</strong></span> <span class='ocrx_word' id='word_1_564' title='bbox 2488 4391 2559 4444; x_wconf 79' lang='grc' dir='ltr'><strong>ἐπ</strong></span> 
     </span>
    </p>
   </div>
   <div class='ocr_carea' id='block_1_85' title="bbox 2311 4388 4058 4464">
    <p class='ocr_par' dir='ltr' id='par_1_85' title="bbox 2311 4391 4058 4463">
     <span class='ocr_line' id='line_1_85' title="bbox 2311 4391 4058 4463; baseline -0.002 -16"><span class='ocrx_word' id='word_1_565' title='bbox 2311 4406 2384 4451; x_wconf 81' lang='lat' dir='ltr'><strong>int</strong></span> <span class='ocrx_word' id='word_1_566' title='bbox 2488 4391 2908 4457; x_wconf 79' lang='grc' dir='ltr'>ἐπιστατοῦντος</span> <span class='ocrx_word' id='word_1_567' title='bbox 2944 4394 3103 4461; x_wconf 84' lang='grc' dir='ltr'>λόγου</span> <span class='ocrx_word' id='word_1_568' title='bbox 3130 4394 3249 4463; x_wconf 72' lang='grc' dir='ltr'><strong>ἅμα</strong></span> <span class='ocrx_word' id='word_1_569' title='bbox 3277 4394 3503 4456; x_wconf 85' lang='grc' dir='ltr'>ταύταις</span> <span class='ocrx_word' id='word_1_570' title='bbox 3529 4394 3619 4447; x_wconf 79' lang='grc' dir='ltr'>τὸν</span> <span class='ocrx_word' id='word_1_571' title='bbox 3643 4392 3703 4456; x_wconf 78' lang='grc' dir='ltr'><strong>ἒξ</strong></span> <span class='ocrx_word' id='word_1_572' title='bbox 3730 4391 4058 4446; x_wconf 81' lang='grc' dir='ltr'>ἀποτελοῦν-</span> 
     </span>
    </p>
   </div>
   <div class='ocr_carea' id='block_1_86' title="bbox 813 4481 2560 4565">
    <p class='ocr_par' dir='ltr' id='par_1_86' title="bbox 813 4481 2560 4565">
     <span class='ocr_line' id='line_1_86' title="bbox 813 4481 2560 4565; baseline 0.006 -32"><span class='ocrx_word' id='word_1_573' title='bbox 813 4481 1002 4535; x_wconf 85' lang='lat' dir='ltr'><strong>decem</strong></span> <span class='ocrx_word' id='word_1_574' title='bbox 1031 4498 1284 4547; x_wconf 89' lang='lat' dir='ltr'><strong>numero,</strong></span> <span class='ocrx_word' id='word_1_575' title='bbox 1321 4483 1366 4540; x_wconf 90' lang='lat' dir='ltr'><strong>is</strong></span> <span class='ocrx_word' id='word_1_576' title='bbox 1412 4485 1507 4553; x_wconf 92' lang='lat' dir='ltr'><strong>qui</strong></span> <span class='ocrx_word' id='word_1_577' title='bbox 1554 4486 1811 4541; x_wconf 90' lang='lat' dir='ltr'><strong>sensibus</strong></span> <span class='ocrx_word' id='word_1_578' title='bbox 1870 4487 2082 4542; x_wconf 89' lang='lat' dir='ltr'><strong>ratione</strong></span> <span class='ocrx_word' id='word_1_579' title='bbox 2125 4488 2379 4557; x_wconf 89' lang='lat' dir='ltr'><strong>imperat,</strong></span> <span class='ocrx_word' id='word_1_580' title='bbox 2417 4510 2458 4565; x_wconf 69' lang='grc' dir='ltr'><strong>ι)</strong></span> <span class='ocrx_word' id='word_1_581' title='bbox 2485 4501 2560 4544; x_wconf 65' lang='grc' dir='ltr'><strong>τος</strong></span> 
     </span>
    </p>
   </div>
   <div class='ocr_carea' id='block_1_87' title="bbox 2310 4481 4057 4565">
    <p class='ocr_par' dir='ltr' id='par_1_87' title="bbox 2310 4481 4057 4565">
     <span class='ocr_line' id='line_1_87' title="bbox 2310 4481 4057 4565; baseline -0.003 -24"><span class='ocrx_word' id='word_1_582' title='bbox 2310 4496 2379 4552; x_wconf 79' lang='lat' dir='ltr'><strong>at,</strong></span> <span class='ocrx_word' id='word_1_583' title='bbox 2417 4510 2458 4565; x_wconf 68' lang='grc' dir='ltr'><strong>ι)</strong></span> <span class='ocrx_word' id='word_1_584' title='bbox 2485 4501 2577 4546; x_wconf 86' lang='grc' dir='ltr'><strong>τος</strong></span> <span class='ocrx_word' id='word_1_585' title='bbox 2614 4483 2847 4553; x_wconf 87' lang='grc' dir='ltr'>ἀριθμόν</span> <span class='ocrx_word' id='word_1_586' title='bbox 2872 4500 2884 4513; x_wconf 83' lang='lat'><strong><em>°</em></strong></span> <span class='ocrx_word' id='word_1_587' title='bbox 2928 4483 3038 4537; x_wconf 86' lang='grc' dir='ltr'><strong>τῶν</strong></span> <span class='ocrx_word' id='word_1_588' title='bbox 3085 4484 3142 4537; x_wconf 83' lang='grc' dir='ltr'>δὲ</span> <span class='ocrx_word' id='word_1_589' title='bbox 3177 4484 3336 4537; x_wconf 88' lang='grc' dir='ltr'>θείων</span> <span class='ocrx_word' id='word_1_590' title='bbox 3382 4482 3614 4537; x_wconf 85' lang='grc' dir='ltr'>ἐντολῶν</span> <span class='ocrx_word' id='word_1_591' title='bbox 3667 4481 4057 4552; x_wconf 85' lang='grc' dir='ltr'>ἐκπληρουσῶν</span> 
     </span>
    </p>
   </div>
   <div class='ocr_carea' id='block_1_88' title="bbox 820 4571 2567 4646">
    <p class='ocr_par' dir='ltr' id='par_1_88' title="bbox 820 4571 2567 4646">
     <span class='ocr_line' id='line_1_88' title="bbox 820 4571 2567 4646; baseline 0.002 -23"><span class='ocrx_word' id='word_1_592' title='bbox 820 4571 1051 4638; x_wconf 79' lang='lat' dir='ltr'><strong>perﬁcit,</strong></span> <span class='ocrx_word' id='word_1_593' title='bbox 1092 4588 1378 4628; x_wconf 89' lang='lat' dir='ltr'><strong>numerum</strong></span> <span class='ocrx_word' id='word_1_594' title='bbox 1421 4576 1653 4630; x_wconf 87' lang='lat' dir='ltr'><strong>absolvit</strong></span> <span class='ocrx_word' id='word_1_595' title='bbox 1695 4577 2129 4646; x_wconf 81' lang='lat' dir='ltr'><strong>sexagenarium,</strong></span> <span class='ocrx_word' id='word_1_596' title='bbox 2174 4594 2239 4631; x_wconf 79' lang='lat' dir='ltr'><strong>ex</strong></span> <span class='ocrx_word' id='word_1_597' title='bbox 2275 4581 2384 4631; x_wconf 86' lang='lat' dir='ltr'><strong>vir-</strong></span> <span class='ocrx_word' id='word_1_598' title='bbox 2484 4575 2567 4629; x_wconf 66' lang='grc' dir='ltr'>τὸν</span> 
     </span>
    </p>
   </div>
   <div class='ocr_carea' id='block_1_89' title="bbox 2311 4571 4058 4646">
    <p class='ocr_par' dir='ltr' id='par_1_89' title="bbox 2311 4574 4058 4644">
     <span class='ocr_line' id='line_1_89' title="bbox 2311 4574 4058 4644; baseline -0.003 -15"><span class='ocrx_word' id='word_1_599' title='bbox 2311 4581 2384 4631; x_wconf 91' lang='lat' dir='ltr'><strong>ir-</strong></span> <span class='ocrx_word' id='word_1_600' title='bbox 2484 4575 2576 4629; x_wconf 79' lang='grc' dir='ltr'>τὸν</span> <span class='ocrx_word' id='word_1_601' title='bbox 2607 4575 2760 4635; x_wconf 79' lang='grc' dir='ltr'>δέκα.</span> <span class='ocrx_word' id='word_1_602' title='bbox 2789 4575 2915 4627; x_wconf 83' lang='grc' dir='ltr'>ὅταν</span> <span class='ocrx_word' id='word_1_603' title='bbox 2940 4577 2966 4628; x_wconf 88' lang='grc' dir='ltr'>ὁ</span> <span class='ocrx_word' id='word_1_604' title='bbox 2990 4575 3133 4644; x_wconf 77' lang='grc' dir='ltr'><strong>λόγῳ</strong></span> <span class='ocrx_word' id='word_1_605' title='bbox 3165 4574 3472 4629; x_wconf 79' lang='grc' dir='ltr'>ἐπιστατῶν</span> <span class='ocrx_word' id='word_1_606' title='bbox 3495 4575 3617 4638; x_wconf 79' lang='grc' dir='ltr'>ταῖς</span> <span class='ocrx_word' id='word_1_607' title='bbox 3644 4574 3933 4644; x_wconf 78' lang='grc' dir='ltr'>αἰσθήσεσι</span> <span class='ocrx_word' id='word_1_608' title='bbox 3961 4574 4058 4636; x_wconf 77' lang='grc' dir='ltr'>τὰς</span> 
     </span>
    </p>
   </div>
   <div class='ocr_carea' id='block_1_90' title="bbox 818 4664 2565 4738">
    <p class='ocr_par' dir='ltr' id='par_1_90' title="bbox 818 4665 2565 4738">
     <span class='ocr_line' id='line_1_90' title="bbox 818 4665 2565 4738; baseline 0.003 -24"><span class='ocrx_word' id='word_1_609' title='bbox 818 4674 938 4717; x_wconf 89' lang='lat' dir='ltr'><strong>tute</strong></span> <span class='ocrx_word' id='word_1_610' title='bbox 968 4665 1177 4728; x_wconf 90' lang='lat' dir='ltr'><strong>vivens,</strong></span> <span class='ocrx_word' id='word_1_611' title='bbox 1219 4677 1276 4720; x_wconf 93' lang='lat' dir='ltr'><strong>ut</strong></span> <span class='ocrx_word' id='word_1_612' title='bbox 1305 4668 1510 4722; x_wconf 90' lang='lat' dir='ltr'><strong>dictum</strong></span> <span class='ocrx_word' id='word_1_613' title='bbox 1556 4678 1659 4723; x_wconf 92' lang='lat' dir='ltr'><strong>est.</strong></span> <span class='ocrx_word' id='word_1_614' title='bbox 1706 4672 1791 4722; x_wconf 80' lang='lat' dir='ltr'><strong>Ex</strong></span> <span class='ocrx_word' id='word_1_615' title='bbox 1824 4669 2134 4738; x_wconf 79' lang='lat' dir='ltr'><strong>fortissimis</strong></span> <span class='ocrx_word' id='word_1_616' title='bbox 2188 4668 2381 4724; x_wconf 78' lang='lat' dir='ltr'><strong>Israel.</strong></span> <span class='ocrx_word' id='word_1_617' title='bbox 2485 4666 2565 4719; x_wconf 89' lang='grc' dir='ltr'><strong>θεί</strong></span> 
     </span>
    </p>
   </div>
   <div class='ocr_carea' id='block_1_91' title="bbox 2310 4664 4057 4738">
    <p class='ocr_par' dir='ltr' id='par_1_91' title="bbox 2313 4664 4057 4737">
     <span class='ocr_line' id='line_1_91' title="bbox 2313 4664 4057 4737; baseline -0.004 -13"><span class='ocrx_word' id='word_1_618' title='bbox 2313 4669 2381 4724; x_wconf 78' lang='grc' dir='ltr'>εί.</span> <span class='ocrx_word' id='word_1_619' title='bbox 2485 4666 2637 4727; x_wconf 88' lang='grc' dir='ltr'>θείας</span> <span class='ocrx_word' id='word_1_620' title='bbox 2683 4667 2810 4737; x_wconf 79' lang='grc' dir='ltr'>ποιῇ</span> <span class='ocrx_word' id='word_1_621' title='bbox 2858 4665 3098 4728; x_wconf 84' lang='grc' dir='ltr'>ἐντολὰς,</span> <span class='ocrx_word' id='word_1_622' title='bbox 3154 4664 3543 4729; x_wconf 78' lang='grc' dir='ltr'>ἐξαπλασιάςει</span> <span class='ocrx_word' id='word_1_623' title='bbox 3582 4666 3681 4735; x_wconf 83' lang='grc' dir='ltr'><strong>τὴν</strong></span> <span class='ocrx_word' id='word_1_624' title='bbox 3724 4664 3920 4719; x_wconf 82' lang='grc' dir='ltr'>δεκάδα</span> <span class='ocrx_word' id='word_1_625' title='bbox 3948 4664 4057 4717; x_wconf 88' lang='grc' dir='ltr'><strong>τῶν</strong></span> 
     </span>
    </p>
   </div>
   <div class='ocr_carea' id='block_1_92' title="bbox 822 4758 2385 4821">
    <p class='ocr_par' dir='ltr' id='par_1_92' title="bbox 822 4758 2385 4821">
     <span class='ocr_line' id='line_1_92' title="bbox 822 4758 2385 4821; baseline 0.006 -11"><span class='ocrx_word' id='word_1_626' title='bbox 822 4758 886 4810; x_wconf 91' lang='lat' dir='ltr'><strong>lli</strong></span> <span class='ocrx_word' id='word_1_627' title='bbox 922 4769 1049 4813; x_wconf 87' lang='lat' dir='ltr'><strong>sunt</strong></span> <span class='ocrx_word' id='word_1_628' title='bbox 1102 4762 1328 4815; x_wconf 88' lang='lat' dir='ltr'><strong>omnino</strong></span> <span class='ocrx_word' id='word_1_629' title='bbox 1378 4778 1520 4818; x_wconf 64' lang='lat' dir='ltr'><strong>vera:</strong></span> <span class='ocrx_word' id='word_1_630' title='bbox 1552 4764 1749 4818; x_wconf 86' lang='lat' dir='ltr'><strong>mentis</strong></span> <span class='ocrx_word' id='word_1_631' title='bbox 1785 4766 1950 4818; x_wconf 89' lang='lat' dir='ltr'><strong>Deum</strong></span> <span class='ocrx_word' id='word_1_632' title='bbox 1985 4765 2226 4821; x_wconf 89' lang='lat' dir='ltr'><strong>videntis</strong></span> <span class='ocrx_word' id='word_1_633' title='bbox 2286 4781 2385 4819; x_wconf 82' lang='lat' dir='ltr'><strong>no-</strong></span> 
     </span>
    </p>
   </div>
   <div class='ocr_carea' id='block_1_93' title="bbox 822 4850 2382 4926">
    <p class='ocr_par' dir='ltr' id='par_1_93' title="bbox 822 4850 2382 4926">
     <span class='ocr_line' id='line_1_93' title="bbox 822 4850 2382 4926; baseline 0.006 -25"><span class='ocrx_word' id='word_1_634' title='bbox 822 4850 1018 4915; x_wconf 87' lang='lat' dir='ltr'><strong>tiones,</strong></span> <span class='ocrx_word' id='word_1_635' title='bbox 1058 4868 1122 4906; x_wconf 76' lang='lat' dir='ltr'><strong>ex</strong></span> <span class='ocrx_word' id='word_1_636' title='bbox 1158 4855 1358 4922; x_wconf 88' lang='lat' dir='ltr'><strong>quibus</strong></span> <span class='ocrx_word' id='word_1_637' title='bbox 1389 4863 1642 4910; x_wconf 88' lang='lat' dir='ltr'><strong>constant</strong></span> <span class='ocrx_word' id='word_1_638' title='bbox 1694 4854 1943 4911; x_wconf 85' lang='lat' dir='ltr'><strong>eﬂicaces</strong></span> <span class='ocrx_word' id='word_1_639' title='bbox 1968 4856 2071 4910; x_wconf 71' lang='lat' dir='ltr'><strong>illa:</strong></span> <span class='ocrx_word' id='word_1_640' title='bbox 2096 4856 2382 4926; x_wconf 85' lang='lat' dir='ltr'><strong>cogitatio-</strong></span> 
     </span>
    </p>
   </div>
   <div class='ocr_carea' id='block_1_94' title="bbox 819 4944 2383 5015">
    <p class='ocr_par' dir='ltr' id='par_1_94' title="bbox 819 4944 2383 5015">
     <span class='ocr_line' id='line_1_94' title="bbox 819 4944 2383 5015; baseline 0.003 -21"><span class='ocrx_word' id='word_1_641' title='bbox 819 4957 918 4997; x_wconf 85' lang='lat' dir='ltr'><strong>nes</strong></span> <span class='ocrx_word' id='word_1_642' title='bbox 938 4944 1005 4995; x_wconf 85' lang='lat' dir='ltr'><strong>ad</strong></span> <span class='ocrx_word' id='word_1_643' title='bbox 1027 4944 1225 4996; x_wconf 90' lang='lat' dir='ltr'><strong>bonum</strong></span> <span class='ocrx_word' id='word_1_644' title='bbox 1252 4945 1635 5015; x_wconf 78' lang='lat' dir='ltr'><strong>peragendum.</strong></span> <span class='ocrx_word' id='word_1_645' title='bbox 1660 4946 1920 4999; x_wconf 81' lang='lat' dir='ltr'><strong>Ambiunt</strong></span> <span class='ocrx_word' id='word_1_646' title='bbox 1946 4955 2125 5000; x_wconf 90' lang='lat' dir='ltr'><strong>autem</strong></span> <span class='ocrx_word' id='word_1_647' title='bbox 2146 4946 2383 5000; x_wconf 88' lang='lat' dir='ltr'><strong>animam</strong></span> 
     </span>
    </p>
   </div>
   <div class='ocr_carea' id='block_1_95' title="bbox 819 5036 2385 5105">
    <p class='ocr_par' dir='ltr' id='par_1_95' title="bbox 819 5036 2385 5105">
     <span class='ocr_line' id='line_1_95' title="bbox 819 5036 2385 5105; baseline 0.003 -18"><span class='ocrx_word' id='word_1_648' title='bbox 819 5036 873 5088; x_wconf 90' lang='lat' dir='ltr'><strong>in</strong></span> <span class='ocrx_word' id='word_1_649' title='bbox 905 5052 1009 5104; x_wconf 89' lang='lat' dir='ltr'><strong>qua</strong></span> <span class='ocrx_word' id='word_1_650' title='bbox 1051 5036 1192 5090; x_wconf 92' lang='lat' dir='ltr'><strong>Deus</strong></span> <span class='ocrx_word' id='word_1_651' title='bbox 1229 5038 1542 5105; x_wconf 89' lang='lat' dir='ltr'><strong>requiescit,</strong></span> <span class='ocrx_word' id='word_1_652' title='bbox 1573 5051 1764 5093; x_wconf 91' lang='lat' dir='ltr'><strong>omnes</strong></span> <span class='ocrx_word' id='word_1_653' title='bbox 1817 5046 2069 5092; x_wconf 88' lang='lat' dir='ltr'><strong>tenentes</strong></span> <span class='ocrx_word' id='word_1_654' title='bbox 2097 5036 2308 5105; x_wconf 83' lang='lat' dir='ltr'><strong>gladios</strong></span> <span class='ocrx_word' id='word_1_655' title='bbox 2330 5046 2385 5091; x_wconf 90' lang='lat' dir='ltr'><strong>et</strong></span> 
     </span>
    </p>
   </div>
   <div class='ocr_carea' id='block_1_96' title="bbox 819 5128 2385 5201">
    <p class='ocr_par' dir='ltr' id='par_1_96' title="bbox 819 5128 2385 5201">
     <span class='ocr_line' id='line_1_96' title="bbox 819 5128 2385 5201; baseline 0.004 -20"><span class='ocrx_word' id='word_1_656' title='bbox 819 5131 885 5181; x_wconf 81' lang='lat' dir='ltr'><strong>ad</strong></span> <span class='ocrx_word' id='word_1_657' title='bbox 926 5130 1062 5184; x_wconf 87' lang='lat' dir='ltr'><strong>bella</strong></span> <span class='ocrx_word' id='word_1_658' title='bbox 1091 5128 1419 5184; x_wconf 84' lang='lat' dir='ltr'><strong>doctissimi.</strong></span> <span class='ocrx_word' id='word_1_659' title='bbox 1458 5130 1834 5199; x_wconf 84' lang='lat' dir='ltr'><strong>Cogitationes</strong></span> <span class='ocrx_word' id='word_1_660' title='bbox 1875 5131 2023 5185; x_wconf 90' lang='lat' dir='ltr'><strong>enim</strong></span> <span class='ocrx_word' id='word_1_661' title='bbox 2064 5146 2186 5201; x_wconf 70' lang='lat' dir='ltr'><strong>quae</strong></span> <span class='ocrx_word' id='word_1_662' title='bbox 2227 5133 2385 5187; x_wconf 69' lang='lat' dir='ltr'><strong>dicta:</strong></span> 
     </span>
    </p>
   </div>
   <div class='ocr_carea' id='block_1_97' title="bbox 818 5222 2386 5293">
    <p class='ocr_par' dir='ltr' id='par_1_97' title="bbox 818 5222 2386 5293">
     <span class='ocr_line' id='line_1_97' title="bbox 818 5222 2386 5293; baseline 0.004 -20"><span class='ocrx_word' id='word_1_663' title='bbox 818 5228 971 5281; x_wconf 77' lang='lat' dir='ltr'><strong>Sunt,</strong></span> <span class='ocrx_word' id='word_1_664' title='bbox 1023 5236 1086 5274; x_wconf 79' lang='lat' dir='ltr'><strong>ex</strong></span> <span class='ocrx_word' id='word_1_665' title='bbox 1133 5222 1613 5289; x_wconf 86' lang='lat' dir='ltr'><strong>contemplationis</strong></span> <span class='ocrx_word' id='word_1_666' title='bbox 1669 5222 1888 5292; x_wconf 91' lang='lat' dir='ltr'><strong>quidem</strong></span> <span class='ocrx_word' id='word_1_667' title='bbox 1937 5222 2122 5277; x_wconf 88' lang='lat' dir='ltr'><strong>habitu</strong></span> <span class='ocrx_word' id='word_1_668' title='bbox 2175 5224 2386 5293; x_wconf 86' lang='lat' dir='ltr'><strong>gladios</strong></span> 
     </span>
    </p>
   </div>
   <div class='ocr_carea' id='block_1_98' title="bbox 822 5312 2383 5384">
    <p class='ocr_par' dir='ltr' id='par_1_98' title="bbox 822 5312 2383 5384">
     <span class='ocr_line' id='line_1_98' title="bbox 822 5312 2383 5384; baseline 0.003 -19"><span class='ocrx_word' id='word_1_669' title='bbox 822 5312 1023 5367; x_wconf 53' lang='lat' dir='ltr'><strong>habent</strong></span> <span class='ocrx_word' id='word_1_670' title='bbox 1067 5313 1357 5381; x_wconf 85' lang='lat' dir='ltr'><strong>ancipites,</strong></span> <span class='ocrx_word' id='word_1_671' title='bbox 1407 5313 1608 5382; x_wconf 90' lang='lat' dir='ltr'><strong>quibus</strong></span> <span class='ocrx_word' id='word_1_672' title='bbox 1637 5329 1699 5367; x_wconf 88' lang='lat' dir='ltr'><strong>ea</strong></span> <span class='ocrx_word' id='word_1_673' title='bbox 1740 5330 1861 5384; x_wconf 80' lang='lat' dir='ltr'><strong>quae</strong></span> <span class='ocrx_word' id='word_1_674' title='bbox 1900 5324 2029 5370; x_wconf 90' lang='lat' dir='ltr'><strong>sunt</strong></span> <span class='ocrx_word' id='word_1_675' title='bbox 2082 5318 2383 5379; x_wconf 89' lang='lat' dir='ltr'><strong>contraria,</strong></span> 
     </span>
    </p>
   </div>
   <div class='ocr_carea' id='block_1_99' title="bbox 822 5404 2388 5477">
    <p class='ocr_par' dir='ltr' id='par_1_99' title="bbox 822 5404 2388 5477">
     <span class='ocr_line' id='line_1_99' title="bbox 822 5404 2388 5477; baseline 0.004 -22"><span class='ocrx_word' id='word_1_676' title='bbox 822 5404 1127 5470; x_wconf 68' lang='lat' dir='ltr'><strong>dijuiliccnt</strong></span> <span class='ocrx_word' id='word_1_677' title='bbox 1165 5421 1178 5456; x_wconf 89' lang='lat'><strong>:</strong></span> <span class='ocrx_word' id='word_1_678' title='bbox 1211 5418 1277 5457; x_wconf 85' lang='lat' dir='ltr'><strong>ex</strong></span> <span class='ocrx_word' id='word_1_679' title='bbox 1314 5405 1549 5461; x_wconf 90' lang='lat' dir='ltr'><strong>actionis</strong></span> <span class='ocrx_word' id='word_1_680' title='bbox 1586 5415 1765 5460; x_wconf 85' lang='lat' dir='ltr'><strong>autem</strong></span> <span class='ocrx_word' id='word_1_681' title='bbox 1807 5409 1860 5460; x_wconf 87' lang='lat' dir='ltr'><strong>vi</strong></span> <span class='ocrx_word' id='word_1_682' title='bbox 1896 5422 2053 5462; x_wconf 82' lang='lat' dir='ltr'><strong>nsum</strong></span> <span class='ocrx_word' id='word_1_683' title='bbox 2098 5417 2261 5477; x_wconf 86' lang='lat' dir='ltr'><strong>atque</strong></span> <span class='ocrx_word' id='word_1_684' title='bbox 2296 5424 2388 5461; x_wconf 81' lang='lat' dir='ltr'><strong>ex-</strong></span> 
     </span>
    </p>
   </div>
   <div class='ocr_carea' id='block_1_100' title="bbox 826 5493 2389 5566">
    <p class='ocr_par' dir='ltr' id='par_1_100' title="bbox 826 5493 2389 5566">
     <span class='ocr_line' id='line_1_100' title="bbox 826 5493 2389 5566; baseline 0.004 -20"><span class='ocrx_word' id='word_1_685' title='bbox 826 5493 1147 5561; x_wconf 79' lang='lat' dir='ltr'><strong>perientiam</strong></span> <span class='ocrx_word' id='word_1_686' title='bbox 1173 5494 1443 5559; x_wconf 88' lang='lat' dir='ltr'><strong>obtinent,</strong></span> <span class='ocrx_word' id='word_1_687' title='bbox 1485 5497 1763 5566; x_wconf 89' lang='lat' dir='ltr'><strong>quomodo</strong></span> <span class='ocrx_word' id='word_1_688' title='bbox 1805 5498 2019 5564; x_wconf 90' lang='lat' dir='ltr'><strong>possint</strong></span> <span class='ocrx_word' id='word_1_689' title='bbox 2062 5498 2389 5553; x_wconf 72' lang='lat' dir='ltr'><strong>adversaria:</strong></span> 
     </span>
    </p>
   </div>
   <div class='ocr_carea' id='block_1_101' title="bbox 829 5585 2389 5658">
    <p class='ocr_par' dir='ltr' id='par_1_101' title="bbox 829 5585 2389 5658">
     <span class='ocr_line' id='line_1_101' title="bbox 829 5585 2389 5658; baseline 0.003 -21"><span class='ocrx_word' id='word_1_690' title='bbox 829 5594 1127 5655; x_wconf 78' lang='lat' dir='ltr'><strong>potestates</strong></span> <span class='ocrx_word' id='word_1_691' title='bbox 1179 5585 1475 5657; x_wconf 78' lang='lat' dir='ltr'><strong>proﬂigari.</strong></span> <span class='ocrx_word' id='word_1_692' title='bbox 1553 5586 1981 5658; x_wconf 81' lang='lat' dir='ltr'><strong>Uuiuscujusque</strong></span> <span class='ocrx_word' id='word_1_693' title='bbox 2040 5592 2179 5643; x_wconf 83' lang='lat' dir='ltr'><strong>ensis</strong></span> <span class='ocrx_word' id='word_1_694' title='bbox 2235 5606 2389 5658; x_wconf 83' lang='lat' dir='ltr'><strong>super</strong></span> 
     </span>
    </p>
   </div>
   <div class='ocr_carea' id='block_1_102' title="bbox 826 5676 2389 5747">
    <p class='ocr_par' dir='ltr' id='par_1_102' title="bbox 826 5676 2389 5747">
     <span class='ocr_line' id='line_1_102' title="bbox 826 5676 2389 5747; baseline 0.003 -20"><span class='ocrx_word' id='word_1_695' title='bbox 826 5678 1001 5744; x_wconf 69' lang='lat' dir='ltr'><strong>{mnur</strong></span> <span class='ocrx_word' id='word_1_696' title='bbox 1062 5693 1238 5736; x_wconf 84' lang='lat' dir='ltr'><strong>suum,</strong></span> <span class='ocrx_word' id='word_1_697' title='bbox 1294 5693 1326 5728; x_wconf 83' lang='grc' dir='ltr'><em>α</em></span> <span class='ocrx_word' id='word_1_698' title='bbox 1374 5676 1560 5729; x_wconf 81' lang='lat' dir='ltr'><strong>timore</strong></span> <span class='ocrx_word' id='word_1_699' title='bbox 1599 5677 1651 5729; x_wconf 84' lang='lat' dir='ltr'><strong>in</strong></span> <span class='ocrx_word' id='word_1_700' title='bbox 1688 5678 1950 5730; x_wconf 81' lang='lat' dir='ltr'><strong>noctibus.</strong></span> <span class='ocrx_word' id='word_1_701' title='bbox 1987 5679 2225 5747; x_wconf 69' lang='lat' dir='ltr'><strong>Singula:</strong></span> <span class='ocrx_word' id='word_1_702' title='bbox 2286 5680 2389 5733; x_wconf 71' lang='lat' dir='ltr'><strong>ille</strong></span> 
     </span>
    </p>
   </div>
   <div class='ocr_carea' id='block_1_103' title="bbox 831 5769 2386 5842">
    <p class='ocr_par' dir='ltr' id='par_1_103' title="bbox 831 5769 2386 5842">
     <span class='ocr_line' id='line_1_103' title="bbox 831 5769 2386 5842; baseline 0.005 -23"><span class='ocrx_word' id='word_1_703' title='bbox 831 5785 969 5838; x_wconf 76' lang='lat' dir='ltr'><strong>quas</strong></span> <span class='ocrx_word' id='word_1_704' title='bbox 1001 5769 1261 5837; x_wconf 76' lang='lat' dir='ltr'><strong>diximus,</strong></span> <span class='ocrx_word' id='word_1_705' title='bbox 1300 5770 1679 5840; x_wconf 77' lang='lat' dir='ltr'><strong>cogitationes,</strong></span> <span class='ocrx_word' id='word_1_706' title='bbox 1714 5770 1952 5841; x_wconf 83' lang='lat' dir='ltr'><strong>g&#39;adium</strong></span> <span class='ocrx_word' id='word_1_707' title='bbox 1996 5772 2222 5841; x_wconf 82' lang='lat' dir='ltr'><strong>spiritus</strong></span> <span class='ocrx_word' id='word_1_708' title='bbox 2279 5789 2386 5842; x_wconf 82' lang='lat' dir='ltr'><strong>quo</strong></span> 
     </span>
    </p>
   </div>
   <div class='ocr_carea' id='block_1_104' title="bbox 2484 4755 4059 4825">
    <p class='ocr_par' dir='ltr' id='par_1_104' title="bbox 2484 4755 4059 4825">
     <span class='ocr_line' id='line_1_104' title="bbox 2484 4755 4059 4825; baseline -0.001 -18"><span class='ocrx_word' id='word_1_709' title='bbox 2484 4756 2735 4821; x_wconf 84' lang='grc' dir='ltr'>ἐντολῶν,</span> <span class='ocrx_word' id='word_1_710' title='bbox 2758 4756 2852 4809; x_wconf 78' lang='grc' dir='ltr'><strong>καὶ</strong></span> <span class='ocrx_word' id='word_1_711' title='bbox 2875 4757 2965 4809; x_wconf 84' lang='grc' dir='ltr'>τὸν</span> <span class='ocrx_word' id='word_1_712' title='bbox 2991 4756 3253 4825; x_wconf 78' lang='grc' dir='ltr'>ἐξήκοντα</span> <span class='ocrx_word' id='word_1_713' title='bbox 3277 4755 3533 4807; x_wconf 77' lang='grc' dir='ltr'>ἀποτελεῖ</span> <span class='ocrx_word' id='word_1_714' title='bbox 3559 4755 3811 4824; x_wconf 82' lang='grc' dir='ltr'>ἀριθμὸν,</span> <span class='ocrx_word' id='word_1_715' title='bbox 3843 4755 3903 4806; x_wconf 83' lang='grc' dir='ltr'><strong>τὸ</strong></span> <span class='ocrx_word' id='word_1_716' title='bbox 3923 4756 4059 4821; x_wconf 86' lang='grc' dir='ltr'>ἀγα-</span> 
     </span>
    </p>
   </div>
   <div class='ocr_carea' id='block_1_105' title="bbox 2485 4845 4055 4919">
    <p class='ocr_par' dir='ltr' id='par_1_105' title="bbox 2485 4845 4055 4919">
     <span class='ocr_line' id='line_1_105' title="bbox 2485 4845 4055 4919; baseline 0 -20"><span class='ocrx_word' id='word_1_717' title='bbox 2485 4846 2595 4913; x_wconf 74' lang='grc' dir='ltr'>θὸν,</span> <span class='ocrx_word' id='word_1_718' title='bbox 2608 4848 2682 4910; x_wconf 83' lang='grc' dir='ltr'>ὡς</span> <span class='ocrx_word' id='word_1_719' title='bbox 2699 4847 2932 4919; x_wconf 73' lang='grc' dir='ltr'>εἴρηται,</span> <span class='ocrx_word' id='word_1_720' title='bbox 2948 4847 3335 4918; x_wconf 77' lang='grc' dir='ltr'>ἐργαζόμενος.</span> <span class='ocrx_word' id='word_1_721' title='bbox 3354 4846 3489 4901; x_wconf 77' lang='grc' dir='ltr'><strong>Ἀπὸ</strong></span> <span class='ocrx_word' id='word_1_722' title='bbox 3503 4845 3779 4901; x_wconf 84' lang='grc' dir='ltr'>δυνατῶν</span> <span class='ocrx_word' id='word_1_723' title='bbox 3794 4846 4055 4914; x_wconf 75' lang='grc' dir='ltr'>Ἰσραήλ.</span> 
     </span>
    </p>
   </div>
   <div class='ocr_carea' id='block_1_106' title="bbox 2485 4931 4058 5008">
    <p class='ocr_par' dir='ltr' id='par_1_106' title="bbox 2485 4931 4058 5008">
     <span class='ocr_line' id='line_1_106' title="bbox 2485 4931 4058 5008; baseline 0 -17"><span class='ocrx_word' id='word_1_724' title='bbox 2485 4931 2645 4991; x_wconf 80' lang='grc' dir='ltr'>Οὗτοι</span> <span class='ocrx_word' id='word_1_725' title='bbox 2670 4936 2728 4991; x_wconf 82' lang='grc' dir='ltr'>δὲ</span> <span class='ocrx_word' id='word_1_726' title='bbox 2762 4938 2978 5002; x_wconf 84' lang='grc' dir='ltr'>πάντως</span> <span class='ocrx_word' id='word_1_727' title='bbox 3024 4939 3081 4991; x_wconf 80' lang='grc' dir='ltr'>αἱ</span> <span class='ocrx_word' id='word_1_728' title='bbox 3127 4938 3347 5006; x_wconf 86' lang='grc' dir='ltr'>ἀληθεῖς</span> <span class='ocrx_word' id='word_1_729' title='bbox 3392 4937 3486 4990; x_wconf 78' lang='grc' dir='ltr'><strong>τοῦ</strong></span> <span class='ocrx_word' id='word_1_730' title='bbox 3524 4937 3754 5008; x_wconf 88' lang='grc' dir='ltr'>ὁρῶντος</span> <span class='ocrx_word' id='word_1_731' title='bbox 3792 4938 3925 4991; x_wconf 84' lang='grc' dir='ltr'>Θεὸν</span> <span class='ocrx_word' id='word_1_732' title='bbox 3966 4938 4058 4991; x_wconf 81' lang='grc' dir='ltr'>νοῦ</span> 
     </span>
    </p>
   </div>
   <div class='ocr_carea' id='block_1_107' title="bbox 2486 5022 4057 5099">
    <p class='ocr_par' dir='ltr' id='par_1_107' title="bbox 2486 5022 4057 5099">
     <span class='ocr_line' id='line_1_107' title="bbox 2486 5022 4057 5099; baseline -0.001 -17"><span class='ocrx_word' id='word_1_733' title='bbox 2486 5032 2620 5083; x_wconf 89' lang='grc' dir='ltr'>είσιν</span> <span class='ocrx_word' id='word_1_734' title='bbox 2662 5030 2883 5097; x_wconf 76' lang='grc' dir='ltr'>ἔννοιαι,</span> <span class='ocrx_word' id='word_1_735' title='bbox 2928 5031 3020 5099; x_wconf 79' lang='grc' dir='ltr'>ἀφ’</span> <span class='ocrx_word' id='word_1_736' title='bbox 3065 5022 3142 5083; x_wconf 83' lang='grc' dir='ltr'><strong>ὧν</strong></span> <span class='ocrx_word' id='word_1_737' title='bbox 3197 5031 3554 5099; x_wconf 82' lang='grc' dir='ltr'>ὑφιστάμενοι</span> <span class='ocrx_word' id='word_1_738' title='bbox 3605 5033 3653 5082; x_wconf 79' lang='grc' dir='ltr'><strong>οἱ</strong></span> <span class='ocrx_word' id='word_1_739' title='bbox 3695 5029 3791 5082; x_wconf 81' lang='grc' dir='ltr'>τοῦ</span> <span class='ocrx_word' id='word_1_740' title='bbox 3848 5027 4057 5096; x_wconf 83' lang='grc' dir='ltr'>ἀγαθοῦ</span> 
     </span>
    </p>
   </div>
   <div class='ocr_carea' id='block_1_108' title="bbox 2487 5124 4056 5195">
    <p class='ocr_par' dir='ltr' id='par_1_108' title="bbox 2487 5124 4056 5195">
     <span class='ocr_line' id='line_1_108' title="bbox 2487 5124 4056 5195; baseline -0.001 -19"><span class='ocrx_word' id='word_1_741' title='bbox 2487 5125 2827 5194; x_wconf 73' lang='grc' dir='ltr'>ἐνεργητικοὶ</span> <span class='ocrx_word' id='word_1_742' title='bbox 2879 5124 3152 5193; x_wconf 67' lang='grc' dir='ltr'>λογισμοὶ,</span> <span class='ocrx_word' id='word_1_743' title='bbox 3187 5124 3653 5195; x_wconf 85' lang='grc' dir='ltr'>περιφυλάττουσι</span> <span class='ocrx_word' id='word_1_744' title='bbox 3684 5124 3781 5195; x_wconf 81' lang='grc' dir='ltr'>τὴν</span> <span class='ocrx_word' id='word_1_745' title='bbox 3810 5125 3866 5175; x_wconf 88' lang='grc' dir='ltr'><strong>ἐν</strong></span> <span class='ocrx_word' id='word_1_746' title='bbox 3891 5126 4056 5194; x_wconf 64' lang='grc' dir='ltr'>ἐαυτῇ</span> 
     </span>
    </p>
   </div>
   <div class='ocr_carea' id='block_1_109' title="bbox 2488 5216 4059 5287">
    <p class='ocr_par' dir='ltr' id='par_1_109' title="bbox 2488 5216 4059 5287">
     <span class='ocr_line' id='line_1_109' title="bbox 2488 5216 4059 5287; baseline -0.001 -18"><span class='ocrx_word' id='word_1_747' title='bbox 2488 5218 2953 5270; x_wconf 73' lang='grc' dir='ltr'>ἐπαναπαύσασαν</span> <span class='ocrx_word' id='word_1_748' title='bbox 2984 5216 3075 5269; x_wconf 86' lang='grc' dir='ltr'><strong>τὸν</strong></span> <span class='ocrx_word' id='word_1_749' title='bbox 3097 5218 3368 5287; x_wconf 68' lang='grc' dir='ltr'>εἰρηνικὸν</span> <span class='ocrx_word' id='word_1_750' title='bbox 3391 5217 3614 5286; x_wconf 82' lang='grc' dir='ltr'>βασιλέα</span> <span class='ocrx_word' id='word_1_751' title='bbox 3635 5218 3831 5286; x_wconf 74' lang='grc' dir='ltr'>ψυχὴν,</span> <span class='ocrx_word' id='word_1_752' title='bbox 3862 5218 4059 5279; x_wconf 72' lang='grc' dir='ltr'>πάντες</span> 
     </span>
    </p>
   </div>
   <div class='ocr_carea' id='block_1_110' title="bbox 2491 5309 4059 5379">
    <p class='ocr_par' dir='ltr' id='par_1_110' title="bbox 2491 5309 4059 5379">
     <span class='ocr_line' id='line_1_110' title="bbox 2491 5309 4059 5379; baseline 0.001 -20"><span class='ocrx_word' id='word_1_753' title='bbox 2491 5309 2809 5377; x_wconf 76' lang='grc' dir='ltr'>κατέχοντες</span> <span class='ocrx_word' id='word_1_754' title='bbox 2843 5309 3135 5378; x_wconf 79' lang='grc' dir='ltr'>ῥομφαίας,</span> <span class='ocrx_word' id='word_1_755' title='bbox 3175 5309 3543 5379; x_wconf 79' lang='grc' dir='ltr'>δεδιδαγμένοι</span> <span class='ocrx_word' id='word_1_756' title='bbox 3568 5310 3822 5378; x_wconf 74' lang='grc' dir='ltr'>πόλεμον.</span> <span class='ocrx_word' id='word_1_757' title='bbox 3854 5310 4059 5371; x_wconf 77' lang='grc' dir='ltr'>Πάντες</span> 
     </span>
    </p>
   </div>
   <div class='ocr_carea' id='block_1_111' title="bbox 2488 5399 4058 5471">
    <p class='ocr_par' dir='ltr' id='par_1_111' title="bbox 2488 5399 4058 5471">
     <span class='ocr_line' id='line_1_111' title="bbox 2488 5399 4058 5471; baseline 0.001 -22"><span class='ocrx_word' id='word_1_758' title='bbox 2488 5399 2545 5451; x_wconf 80' lang='grc' dir='ltr'>δὲ</span> <span class='ocrx_word' id='word_1_759' title='bbox 2574 5403 2622 5454; x_wconf 78' lang='lat' dir='ltr'><strong>oi</strong></span> <span class='ocrx_word' id='word_1_760' title='bbox 2655 5402 2937 5470; x_wconf 80' lang='grc' dir='ltr'>εἰρημένοι</span> <span class='ocrx_word' id='word_1_761' title='bbox 2978 5402 3247 5471; x_wconf 77' lang='grc' dir='ltr'>λογισμοὶ,</span> <span class='ocrx_word' id='word_1_762' title='bbox 3278 5402 3398 5455; x_wconf 78' lang='grc' dir='ltr'>καθ’</span> <span class='ocrx_word' id='word_1_763' title='bbox 3428 5402 3539 5466; x_wconf 71' lang='grc' dir='ltr'>ἕξιν</span> <span class='ocrx_word' id='word_1_764' title='bbox 3572 5401 3669 5471; x_wconf 85' lang='grc' dir='ltr'>μὲν</span> <span class='ocrx_word' id='word_1_765' title='bbox 3697 5400 4058 5469; x_wconf 78' lang='grc' dir='ltr'>θεωρητικὴν,</span> 
     </span>
    </p>
   </div>
   <div class='ocr_carea' id='block_1_112' title="bbox 2491 5490 4058 5564">
    <p class='ocr_par' dir='ltr' id='par_1_112' title="bbox 2491 5490 4058 5564">
     <span class='ocr_line' id='line_1_112' title="bbox 2491 5490 4058 5564; baseline -0.003 -17"><span class='ocrx_word' id='word_1_766' title='bbox 2491 5490 2579 5549; x_wconf 66' lang='grc' dir='ltr'>οἷα</span> <span class='ocrx_word' id='word_1_767' title='bbox 2606 5494 2875 5563; x_wconf 74' lang='grc' dir='ltr'>ῥομφαίας</span> <span class='ocrx_word' id='word_1_768' title='bbox 2894 5494 3180 5564; x_wconf 84' lang='grc' dir='ltr'>διστόμους</span> <span class='ocrx_word' id='word_1_769' title='bbox 3204 5496 3301 5558; x_wconf 87' lang='grc' dir='ltr'>τὰς</span> <span class='ocrx_word' id='word_1_770' title='bbox 3344 5496 3642 5564; x_wconf 83' lang='grc' dir='ltr'>διακρίσεις</span> <span class='ocrx_word' id='word_1_771' title='bbox 3671 5495 3779 5547; x_wconf 90' lang='grc' dir='ltr'><strong>τῶν</strong></span> <span class='ocrx_word' id='word_1_772' title='bbox 3804 5493 4058 5547; x_wconf 80' lang='grc' dir='ltr'>ἐναντίων</span> 
     </span>
    </p>
   </div>
   <div class='ocr_carea' id='block_1_113' title="bbox 2493 5584 4059 5655">
    <p class='ocr_par' dir='ltr' id='par_1_113' title="bbox 2493 5584 4059 5655">
     <span class='ocr_line' id='line_1_113' title="bbox 2493 5584 4059 5655; baseline -0.002 -17"><span class='ocrx_word' id='word_1_773' title='bbox 2493 5586 2815 5653; x_wconf 83' lang='grc' dir='ltr'>κατέχουσι’</span> <span class='ocrx_word' id='word_1_774' title='bbox 2852 5585 2971 5638; x_wconf 84' lang='grc' dir='ltr'>κατ’</span> <span class='ocrx_word' id='word_1_775' title='bbox 3000 5585 3281 5655; x_wconf 76' lang='grc' dir='ltr'>ἐνέργειαν</span> <span class='ocrx_word' id='word_1_776' title='bbox 3321 5585 3377 5637; x_wconf 84' lang='grc' dir='ltr'>δὲ</span> <span class='ocrx_word' id='word_1_777' title='bbox 3422 5586 3731 5655; x_wconf 77' lang='grc' dir='ltr'>πρακτικὴν</span> <span class='ocrx_word' id='word_1_778' title='bbox 3762 5584 4059 5651; x_wconf 75' lang='grc' dir='ltr'>πεπείραν-</span> 
     </span>
    </p>
   </div>
   <div class='ocr_carea' id='block_1_114' title="bbox 2492 5674 4055 5747">
    <p class='ocr_par' dir='ltr' id='par_1_114' title="bbox 2492 5674 4055 5747">
     <span class='ocr_line' id='line_1_114' title="bbox 2492 5674 4055 5747; baseline -0.001 -20"><span class='ocrx_word' id='word_1_779' title='bbox 2492 5695 2581 5729; x_wconf 77' lang='grc' dir='ltr'><strong>ται</strong></span> <span class='ocrx_word' id='word_1_780' title='bbox 2612 5676 2705 5729; x_wconf 75' lang='grc' dir='ltr'>τοῦ</span> <span class='ocrx_word' id='word_1_781' title='bbox 2731 5677 2845 5737; x_wconf 84' lang='grc' dir='ltr'><strong>πῶς</strong></span> <span class='ocrx_word' id='word_1_782' title='bbox 2885 5677 2965 5729; x_wconf 77' lang='grc' dir='ltr'><strong>δεῖ</strong></span> <span class='ocrx_word' id='word_1_783' title='bbox 2994 5680 3113 5739; x_wconf 88' lang='grc' dir='ltr'>ταῖς</span> <span class='ocrx_word' id='word_1_784' title='bbox 3150 5676 3418 5738; x_wconf 87' lang='grc' dir='ltr'>ἐναντίαις</span> <span class='ocrx_word' id='word_1_785' title='bbox 3458 5678 3717 5747; x_wconf 75' lang='grc' dir='ltr'>δυνάμεσι</span> <span class='ocrx_word' id='word_1_786' title='bbox 3770 5674 4055 5746; x_wconf 69' lang='grc' dir='ltr'>μάχεσθαι.</span> 
     </span>
    </p>
   </div>
   <div class='ocr_carea' id='block_1_115' title="bbox 2498 5766 4057 5838">
    <p class='ocr_par' dir='ltr' id='par_1_115' title="bbox 2498 5766 4057 5838">
     <span class='ocr_line' id='line_1_115' title="bbox 2498 5766 4057 5838; baseline -0.003 -16"><span class='ocrx_word' id='word_1_787' title='bbox 2498 5768 2961 5837; x_wconf 69' lang='grc' dir='ltr'>’Λγίερρομραία</span> <span class='ocrx_word' id='word_1_788' title='bbox 2985 5770 3173 5823; x_wconf 71' lang='grc' dir='ltr'>αὑτοῦ</span> <span class='ocrx_word' id='word_1_789' title='bbox 3211 5769 3310 5824; x_wconf 77' lang='grc' dir='ltr'>ἐπὶ</span> <span class='ocrx_word' id='word_1_790' title='bbox 3348 5770 3451 5824; x_wconf 73' lang='grc' dir='ltr'>τὸν</span> <span class='ocrx_word' id='word_1_791' title='bbox 3486 5771 3681 5838; x_wconf 78' lang='grc' dir='ltr'>ιιηρέν</span> <span class='ocrx_word' id='word_1_792' title='bbox 3717 5767 3905 5825; x_wconf 67' lang='grc' dir='ltr'><strong>αὐταῖν</strong></span> <span class='ocrx_word' id='word_1_793' title='bbox 3934 5766 4057 5821; x_wconf 71' lang='grc' dir='ltr'>ἀπὸ</span> 
     </span>
    </p>
   </div>
  </div>
