4424 6446
353 420 462 483 605

1372 419 1755 479 COMMENT.
1798 420 1869 478 IN
1904 422 2295 485 t’IANI‘ICUM
2322 425 2613 487 CANTIC.

3504 418 3608 482 606

355 534 620 604 σάμόους
646 533 714 586 ἐν
744 530 926 595 νυξίν
952 547 964 562 ·
994 530 1184 601 ἡγουν,
1206 530 1435 593 ἕκαστος
1481 531 1589 589 τῶν
1624 530 1927 602 εἰρημένων
1960 541 2003 593 Α
2036 534 2102 588 vit

1864 548 1927 583 υν
1960 541 2003 593 Δ
2036 534 2163 589 vitia
2184 537 2570 603 conciduntur,
2603 536 2868 592 adversus
2898 534 3383 605 concupiscentem
3415 532 3611 586 anima:

353 626 634 695 λογισμῶν
665 625 763 693 τὴν
791 622 1144 694 ἀναιρετικὴν
1166 622 1275 675 τῶν
1301 622 1488 677 παθῶν
1536 624 1810 693 μάχαιραν
1838 622 1933 675 τοῦ

356 718 665 787 πνεύματος
714 715 856 768 κατά
900 715 1001 784 τῆς
1052 714 1459 784 ἐπιθυμητικῆς
1501 714 1785 783 δυνάμεως
1835 715 1935 782 τῆς

356 808 534 875 ψυχῆς
586 806 931 875 ἐπιφέρεται,
971 804 1061 856 διά
1107 802 1274 871 φόὸον
1317 802 1425 855 τῶν
1476 802 1935 854 ἐπιϐουλευόντων

357 902 495 969 αὐτῇ
522 900 579 950 ὲν
608 897 726 962 νυξὶ
751 897 849 966 τῆς
873 894 1114 963 ἀγνοίας,
1142 893 1285 947 κατά
1312 892 1410 955 τάς
1451 892 1678 960 ἀλόγους
1700 893 1798 961 τῆς
1822 892 1938 942 ἐπιο

359 988 556 1054 θυμίας
597 987 773 1056 ὁρμῆς
814 984 1205 1055 πονηροτάτων
1228 981 1524 1050 δαιμόνων.

431 1078 675 1146 Φορεῖον
704 1077 994 1143 ἐποίησεν
1024 1073 1214 1139 ἐαυτῷ
1250 1078 1281 1128 ό
1307 1073 1607 1139 ,ϐασιλεὺς
1658 1070 1935 1138 Σολομὼν

358 1172 481 1225 ἀπό
520 1171 725 1232 ξύλων
762 1170 869 1224 τοῦ
901 1167 1177 1222 Λιϐάνου.
1206 1167 1476 1232 Στύλους
1509 1165 1696 1219 αὑτοῦ
1734 1164 1937 1230 ἐποίη-

359 1279 471 1317 σεν
518 1264 826 1331 ἀργύριον,
880 1261 975 1314 καί
1027 1258 1359 1315 ἀνάκλιτον
1396 1258 1582 1312 αὑτοῦ
1635 1258 1933 1325 χρύσεον·

358 1356 634 1419 ἐπίϐασις
665 1353 852 1407 αὐτοῦ
874 1349 1171 1421 πορφυρᾶ,
1195 1350 1370 1415 ἐντὸς
1397 1349 1583 1403 αὑτοῦ
1616 1350 1938 1417 λιθόστρω-

363 1463 491 1511 τον,
524 1445 767 1515 ἀγάπην
804 1444 926 1499 ἀπὸ
962 1442 1301 1511 θυγατέρων
1346 1439 1763 1509 Ἰερουσαλήμ.

1021 1532 1285 1587 Ψελλοῦ.

366 1628 610 1697 Φορεῒον
636 1628 927 1694 ἐποίησεν
950 1626 1142 1690 ἐαυτῷ
1169 1627 1201 1677 ό
1219 1624 1520 1690 βασιλεὺς
1553 1620 1857 1691 Σολομὼν.

375 1721 432 1772 Ὀ
470 1720 624 1784 λόγος
648 1721 677 1771 6
708 1717 1063 1787 προκείμενος
1097 1714 1191 1769 τοῦ
1222 1716 1417 1782 μέλους
1443 1715 1551 1766 τῶν
1576 1713 1866 1783 ’ᾼσμάτων

361 1811 470 1881 Τὴν
495 1810 555 1873 ἐξ
583 1810 749 1863 ὲθνῶν
778 1808 1074 1862 αἰνίττεται
1108 1806 1397 1874 πανσόφως
1422 1804 1771 1874 Ἐκκλησίαν.

373 1902 430 1953 Ὀ
465 1901 722 1970 βασιλεὺς
752 1900 859 1969 γὰρ
894 1898 1167 1967 Σολομῶν,
1201 1898 1479 1950 τουτέστιν
1510 1899 1537 1950 6
1568 1896 1821 1965 νυμφίος,

361 1994 461 2056 ’ος
498 1996 646 2045 ἐστιν
672 1993 780 2045 τῶν
812 1992 981 2045 ἐθνῶν
1012 1990 1120 2043 τῶν
1152 1990 1499 2059 ἀπωσμένων
1532 1990 1721 2043 πάλαι.

362 2086 516 2138 Ἔστι
548 2085 647 2154 μὲν
673 2084 781 2153 γὰρ
809 2085 903 2137 καὶ
930 2084 1163 2146 Λίὸανος
1186 2085 1403 2146 σεπτὸς,
1442 2082 1793 2150 ἡγιασμένος,

358 2172 583 2241 Οῦτινος
632 2179 903 2246 μέμνηται
942 2177 1107 2229 Δαϐὶδ
1135 2180 1161 2229 6
1195 2176 1601 2245 ψαλμιγράφος,
1639 2175 1811 2241 λέγων
1838 2191 1851 2204 ⁸

371 2272 467 2336 Ὧς
498 2269 700 2339 ςροῖνιε
728 2267 1051 2335 ἐξανθήσει
1076 2268 1308 2333 δίκαιος
1338 2269 1407 2321 ἑν
1434 2267 1645 2333 Κυρίῳ,

359 2362 470 2416 Καί
489 2359 985 2429 πληθυνθήσεται
1016 2358 1216 2424 καλῶς
1239 2359 1319 2425 ὠς
1348 2358 1560 2426 κέδρος
1584 2358 1654 2411 ἐν
1675 2358 1927 2421 Λιϐάνῳ.

359 2454 513 2506 Ἔστι
537 2454 593 2505 δὲ
624 2452 785 2507 πάλιν
820 2452 1051 2513 Λίϐανος
1076 2451 1380 2521 ἀπόῆλητος
1410 2452 1467 2504 ὲν
1494 2452 1684 2515 πᾶσιν,

355 2540 540 2613 (ιὺπερ
565 2544 855 2613 ἐπεύχεται
892 2542 1056 2595 Δαδὶδ
1086 2542 1182 2606 τὰς
1217 2543 1440 2611 κέδρους
1478 2542 1852 2612 συντριϐῆναι.

356 2634 587 2695 Στύλους
613 2634 670 2685 δὲ
704 2632 767 2685 σύ
803 2650 891 2703 μοι
922 2637 1114 2701 νόησον
1142 2634 1236 2686 καὶ
1270 2633 1457 2702 βάσεις
1488 2634 1582 2685 τοῦ
1616 2634 1855 2703 φορείου,

353 2726 493 2788 Τοὺς
527 2724 856 2787 ἀποστόλους
889 2724 1103 2793 ἀληθῶς
1145 2724 1392 2787 καὶτοὺς
1430 2726 1714 2794 προφήτας
1751 2726 1927 2791 ὅλους,

354 2820 561 2880 υίτινες
589 2817 959 2885 ὑπεστήριξαν
989 2816 1225 2886 Χριστοῦ
1248 2817 1347 2886 τὴν
1382 2817 1726 2887 Ἐκκλησίαν,

354 2906 464 2959 Καὶ
490 2908 586 2977 τὴν
610 2908 832 2976 ἀγάπην
861 2905 1129 2977 ηὔξησαν,
1162 2908 1329 2977 ἤγουν
1363 2908 1464 2978 τὴν
1488 2909 1784 2975 σωτηρίαν,

352 2998 474 3050 Τῶν
501 2998 858 3067 ἀνθρωπίνων
881 2998 1081 3066 δηλαδὴ
1104 2998 1292 3067 ψυχῶν
1320 2998 1426 3050 τῶν
1447 2998 1814 3067 ἀπωσμένων.

354 3088 538 3141 Ταῦτα
577 3090 676 3158 μὲν
705 3082 797 3141 οῦν
836 3087 1133 3157 λελάληκεν
1166 3087 1305 3157 ὑπὲρ
1336 3088 1509 3159 αὑτῆς
1538 3090 1571 3159 ἡ
1607 3088 1816 3159 νύμφη.

884 3179 1007 3233 Τῶν
1034 3177 1077 3249 γ’
1104 3179 1397 3247 Πατέρων.

436 3273 529 3326 Ἐκ
556 3272 759 3327 τούτων
788 3272 896 3340 γάρ
912 3272 1020 3325 τῶν
1052 3274 1115 3325 ὲκ
1139 3274 1236 3341 τῆς
1258 3274 1501 3343 πονηρᾶς
1530 3273 1737 3342 ταύτης
1759 3275 1921 3327 ἐκκο-

352 3366 562 3418 πέντων
600 3364 776 3435 ῥίζης,
814 3365 907 3417 καὶ
929 3364 1023 3417 ἐπὶ
1056 3365 1276 3436 Χριστῷ
1314 3365 1391 3436 τῷ
1427 3365 1659 3435 θεμελίῳ
1694 3370 1793 3436 τῆς
1837 3368 1927 3419 πί-

353 3473 520 3518 στεως
554 3455 1107 3525 ὲποικοδομηθέντων,
1140 3459 1358 3525 φορεῖον
1386 3457 1565 3527 ἑαυτῷ
1600 3457 1922 3527 πεποίηκεν,

352 3548 512 3610 αὐτὸς
550 3548 783 3617 Χριστὸς
824 3548 854 3599 6
908 3546 1180 3616 είρηνικδς
1230 3548 1482 3617 βασιλεύς
1512 3564 1526 3578 ·
1579 3548 1674 3601 ἐπὶ
1722 3548 1926 3603 τούτων

353 3639 666 3707 ὲφθακότων
722 3640 801 3701 είς
844 3639 1159 3708 τελειότητα
1218 3639 1405 3710 ὥσπερ
1450 3640 1773 3711 ὀχούμενος,
1831 3643 1925 3695 καὶ

354 3730 491 3801 πρὶς
514 3731 637 3792 τοὺς
651 3729 1069 3797 διδασκομένους
1090 3731 1551 3800 μεταφερόμενος.
1577 3732 1732 3784 Κατά
1760 3733 1925 3809 μέρος

351 3825 409 3876 δὲ
442 3825 539 3892 τὴν
570 3824 664 3876 τοῦ
706 3824 926 3893 φορείου
971 3824 1318 3894 κατασκευὴν
1371 3824 1727 3895 ἐξηγούμενοι
1762 3843 1916 3893 φασι·

361 3918 634 3980 Στύλους
664 3916 850 3970 αὐτοῦ
879 3915 1169 3983 ἐποίησεν
1188 3916 1495 3984 ἀργύριον,
1529 3918 1687 3988 οίπερ
1719 3920 1825 3971 εἰσὶ
1854 3920 1923 3972 τά

352 4006 507 4073 λόγια
543 4006 767 4074 Κυρίου,
798 4005 834 4057 ἆ
878 4022 1041 4075 φησιν
1072 4008 1099 4059 6
1130 4006 1316 4068 Δαὸὶδ,
1344 4009 1519 4075 λόγια
1545 4007 1717 4076 ἁγνὰ,
1748 4009 1925 4077 ἀργύ-

346 4113 482 4161 ριον
518 4093 971 4163 πεπυρωμένον.
1020 4096 1136 4162 Ἐφ’
1170 4090 1250 4158 οἷς
1297 4095 1487 4166 ῶσπερ
1531 4098 1644 4149 τισὶ
1689 4099 1919 4164 στύλοις,

353 4182 533 4249 ὖψωσε
568 4183 701 4253 πρὸς
730 4181 930 4250 γνῶσιν
964 4182 1162 4235 ἑαυτοῦ
1192 4185 1221 4235 6
1276 4184 1508 4252 νυμφίος
1536 4185 1637 4255 τὴν
1680 4188 1921 4258 νύμφην,

352 4275 548 4326 οἰκεῖον
602 4271 807 4341 ταύτην
865 4273 1233 4343 ποιησάμενος
1274 4274 1480 4345 ὄχημα,
1545 4278 1817 4346 φέρουσαν
1865 4280 1923 4332 ὲν

352 4366 514 4433 ἑαυτῇ
548 4364 645 4433 τὴν
688 4363 952 4433 ἑνωτικὴν
1001 4367 1230 4417 τουτωνὶ
1271 4367 1379 4419 τῶν
1410 4367 1606 4434 λογίων
1637 4368 1917 4436 ἀλήθειαν.

2037 631 2363 693 potestatem
2396 627 2689 689 intentant,
2722 635 2944 695 propter
2999 635 3263 680 terrorem
3314 636 3478 693 quem
3516 637 3603 675 ue-

2034 714 2286 783 quissimi
2328 714 2604 770 daemones
2632 715 2774 771 dolis
2834 716 2948 771 suis
3001 715 3196 769 animae
3227 712 3498 781 objiciunt
3542 712 3597 764 in

2037 808 2293 864 noctibus
2312 808 2656 879 ignorantiae,
2680 825 2776 879 per
2802 809 3042 879 impetus
3068 804 3385 875 cupiditatis
3406 802 3619 857 rationi

2036 910 2431 971 repugnantes.

2110 1080 2396 1136 Ferculum
2424 1084 2545 1152 fecit
2578 1083 2679 1138 sibi
2711 1098 2804 1137 rex
2828 1081 3081 1138 Salomon
3102 1082 3165 1137 de
3195 1082 3353 1152 lignis
3385 1079 3609 1133 Libani:

2038 1174 2314 1229 columnas
2370 1176 2483 1244 ejus
2538 1176 2662 1244 fecit
2736 1186 3035 1246 argenteas,
3099 1185 3146 1227 et
3203 1172 3607 1228 reclinatorium

2038 1267 2153 1335 ejus
2216 1284 2473 1331 aureum,
2530 1284 2805 1322 ascensum
2836 1268 2950 1336 ejus
2986 1281 3302 1335 purpureum
3330 1304 3343 1326 ,
3374 1262 3610 1317 medium

2039 1360 2152 1427 ejus
2193 1360 2458 1428 lapidibus
2513 1368 2880 1424 constratum,
2933 1359 3246 1412 charitatem
3309 1372 3341 1408 a
3395 1354 3610 1424 ﬁliabus

2039 1449 2361 1505 Jerusalem.

2724 1537 2912 1593 Pselli.

2118 1630 2404 1686 Ferculum
2437 1630 2560 1700 fecit
2590 1630 2691 1683 sibi
2733 1644 2825 1682 rex
2859 1628 3137 1683 Salomon.

2111 1722 2302 1776 Sermo
2325 1720 2636 1789 propositus
2685 1718 2896 1774 Cantici
2936 1720 3273 1773 canticorum
3317 1718 3609 1788 sapientis-

2041 1813 2181 1867 sime
2228 1810 2527 1866 Ecclesiam
2552 1825 2616 1866 ex
2638 1811 2889 1881 gentibus
2919 1810 3209 1864 collectam
3242 1809 3441 1865 innuit.
3491 1808 3607 1862 Rex

2040 1903 2186 1957 enim
2238 1902 2520 1966 Salomon,
2571 1901 2623 1954 id
2679 1909 2783 1963 est,
2832 1915 3089 1969 Sponsus,
3122 1900 3211 1967 qui
3249 1906 3334 1954 est
3365 1898 3608 1968 gentium

2038 1994 2167 2049 olim
2201 1994 2551 2063 rejectarum.
2606 1992 2845 2047 Libanus
2874 1993 3035 2045 etiam
3060 2001 3145 2044 est
3185 1989 3529 2045 venerandus
3556 2000 3611 2043 ct

2036 2092 2283 2147 sanctus,
2310 2084 2374 2139 de
2395 2098 2505 2153 quo
2534 2084 2876 2139 Psalmorum
2909 2082 3160 2136 conditor
3202 2081 3371 2135 David
3420 2081 3611 2136 ιιιοιιιί-

2036 2180 2117 2233 nit
2144 2196 2157 2230 :
2186 2177 2400 2242 Justus,
2437 2179 2713 2247 inquiens,
2754 2188 2811 2231 ut
2835 2178 3013 2245 palma
3052 2177 3263 2247 ﬂorebit
3297 2194 3315 2233 :
3351 2176 3482 2230 sicut
3520 2191 3609 2229 ce-

2034 2271 2161 2323 drus
2212 2268 2398 2324 Libani
2440 2270 2877 2339 multiplicabilur
2908 2272 2975 2323 ”.
3031 2270 3125 2324 Est
3161 2277 3342 2323 autem
3388 2284 3608 2323 rursum

2034 2361 2276 2417 Libanus
2346 2363 2663 2432 repudiatus
2716 2363 2771 2416 in
2826 2364 3101 2423 omnibus,
3161 2361 3320 2427 cujus
3378 2360 3601 2425 quidem

2032 2463 2184 2523 optat
2235 2455 2405 2509 David
2460 2454 2656 2511 cedros
2711 2453 3005 2523 confringi.
3070 2454 3175 2507 Per
3218 2452 3506 2506 columnas
3554 2457 3610 2503 et

2032 2546 2193 2599 bases
2234 2554 2290 2599 tu
2328 2545 2460 2599 mihi
2495 2545 2773 2614 apostolos
2803 2551 2856 2598 et
2884 2546 3181 2614 prophetas
3212 2542 3475 2611 intelligo,
3511 2540 3603 2609 qui

2030 2636 2239 2691 Christi
2290 2636 2588 2692 Ecclesiam
2620 2637 3026 2698 sustinuerunt,
3064 2642 3117 2687 ot
3144 2633 3467 2688 charitatem
3500 2649 3603 2685 au-

2030 2736 2268 2793 xerunt,
2308 2728 2782 2796 humanarumque
2842 2726 3148 2778 animarum
3214 2739 3334 2791 quae
3387 2723 3609 2791 reiecta!

2030 2826 2209 2881 erant,
2267 2818 2465 2873 salutis
2523 2818 2744 2871 fuerunt
2800 2815 3214 2871 studiosissimi.
3256 2813 3380 2870 llaec
3436 2815 3601 2884 igitur

2029 2923 2232 2981 sponsa
2257 2909 2323 2966 de
2352 2924 2413 2966 se
2443 2909 2562 2980 ipsa
2589 2909 2767 2964 locuta
2796 2917 2901 2964 est.

2602 3176 2785 3232 Trium
2817 3177 3061 3231 Patrum.

2102 3268 2179 3325 Ex
2213 3268 2299 3326 bis
2329 3269 2473 3325 enim
2506 3268 2601 3339 qui
2651 3284 2717 3323 ex
2764 3268 3009 3337 improba
3050 3267 3153 3323 ista
3203 3266 3389 3322 radice
3433 3264 3602 3321 excisi

2029 3363 2284 3427 fuerant,
2334 3370 2389 3417 et
2441 3375 2610 3430 super
2663 3359 2945 3413 Christum
3006 3357 3126 3413 fidei
3187 3357 3603 3411 fundamentum

2028 3456 2299 3521 aedificati,
2336 3454 2603 3509 ferculum
2632 3452 2735 3507 sibi
2767 3451 2893 3505 fecit
2929 3452 3043 3520 ipse
3076 3450 3327 3504 Christus
3363 3449 3482 3503 Rex
3509 3447 3599 3501 ille

2030 3549 2331 3621 pacificus:
2389 3561 2515 3601 eum
2580 3559 2744 3613 super
2801 3542 2885 3597 his
2912 3542 2978 3596 ad
3017 3541 3402 3611 perfectionem
3429 3537 3603 3593 addu-

2028 3644 2154 3708 ctis,
2195 3648 2455 3711 tanquam
2511 3638 2566 3692 in
2627 3652 2813 3696 curru,
2875 3634 2941 3688 ad
2986 3632 3312 3689 erudiendos
3354 3631 3603 3687 homines

2028 3735 2337 3789 veheretur.
2408 3729 2697 3799 Sigillatim
2768 3735 2946 3781 autem
3011 3724 3201 3779 ferculi
3270 3724 3592 3793 apparatum

2024 3832 2370 3888 enarrantes,
2402 3822 2691 3877 Columnas
2749 3821 2887 3889 ejus,
2926 3817 3200 3887 inquiunt,
3234 3816 3357 3885 fecit
3411 3831 3601 3885 argen-

2029 3929 2168 3982 teas,
2201 3932 2321 3987 qua:
2356 3914 2577 3985 quidem
2609 3921 2737 3967 sunt
2766 3910 2983 3979 eloquia
3021 3909 3236 3963 Domini
3267 3926 3278 3961 :
3312 3907 3379 3962 de
3401 3908 3602 3977 quibus

2026 4008 2196 4064 David
2225 4025 2239 4061 :
2281 4006 2527 4076 Eloquia,
2559 4005 2757 4074 inquit,
2789 4013 2939 4056 casta
2968 4016 2986 4056 :
3020 4009 3289 4071 argentum
3320 4000 3436 4069 igne
3468 4013 3601 4053 exa-

2024 4103 2286 4154 minatum
2312 4098 2379 4153 ".
2408 4098 2584 4168 Super
2620 4097 2818 4166 quibus
2860 4103 3118 4163 tauquam
3179 4090 3452 4146 columnis
3477 4089 3601 4157 qui-

2025 4191 2254 4247 busdam
2295 4203 2532 4259 sponsus
2590 4187 2859 4243 sublatam
2894 4198 3151 4254 sponsam
3185 4180 3252 4237 ad
3295 4196 3355 4237 se
3405 4180 3591 4242 traxit.

2026 4282 2309 4355 proprium
2367 4282 2541 4351 ipsam
2593 4278 2905 4335 vehiculum
2943 4276 3322 4340 constituens,
3376 4288 3497 4344 qua:
3542 4272 3596 4325 iu

2024 4391 2084 4432 se
2116 4375 2234 4445 ipsa
2259 4373 2423 4428 ferret
2453 4386 2637 4426 veram
2664 4368 3218 4437 horumeloquiorum
3250 4366 3599 4435 conjunctio-

350 4454 459 4506 Καὶ
482 4452 806 4510 ἁνώιλιτον
839 4454 1028 4508 αὐτοῦ
1068 4457 1343 4523 χρυσίον,
1380 4458 1548 4525 ἦγουν
1579 4460 1922 4513 κατάπαυσιν
2027 4483 2092 4523 ne

1848 4476 1922 4513 3W
2027 4483 2168 4523 nem.
2206 4465 2276 4520 Et
2308 4463 2703 4519 reclinatorium
2741 4461 2854 4529 ejus
2883 4473 3140 4513 aureum:
3176 4455 3229 4511 id
3263 4464 3369 4521 est,
3396 4456 3595 4511 mentis

349 4548 445 4613 τῆς
484 4549 623 4601 κατά
672 4546 797 4599 νοῦν
828 4548 1095 4617 κινήσεως
1134 4550 1305 4619 αὑτῆς
1350 4550 1620 4621 πεποίηκε
1660 4553 1721 4605 τὸ
1752 4552 1919 4605 αὑτοῦ
1948 4534 2001 4593 Ῑ)
2028 4558 2096 4627 ips

1847 4552 1919 4605 :oii
1948 4534 2001 4593 Ῑ)
2028 4556 2201 4627 ipsius
2248 4554 2727 4625 tranquillitatem.
2779 4551 3108 4620 praecipuam
3159 4547 3267 4603 sibi
3311 4548 3402 4601 ubi
3434 4546 3594 4616 quie-

349 4638 691 4707 ὑπερούσιον.
712 4637 891 4707 Ὅπερ
914 4638 1169 4708 σημαίνει
1200 4642 1228 4692 6
1258 4642 1454 4709 χρυσδς
1477 4642 1551 4705 ὼς
1576 4642 1685 4695 τῶν
1714 4643 1920 4697 λοιπῶν
2021 4662 2096 4703 set

1846 4643 1920 4697 ὦν
2021 4653 2198 4703 sceret
2223 4645 2407 4699 sedem
2426 4641 2714 4698 constituit
2744 4655 2758 4693 :
2794 4639 2843 4693 id
2873 4640 3016 4692 enim
3058 4652 3153 4706 per
3174 4650 3369 4690 aurum
3401 4647 3593 4689 osten-

348 4727 535 4781 πασῶν
556 4728 697 4781 ὑλῶν
713 4726 1056 4798 τιμιώτερος.
1091 4731 1403 4797 Ἐπίόασις
1420 4735 1608 4788 αὑτοῦ
1625 4737 1919 4803 πορφύρα,

347 4819 588 4888 δηλονότι
626 4817 869 4885 βασιλεία
894 4817 1055 4872 Θεοῦ.
1085 4820 1147 4872 Εἰ
1187 4820 1292 4889 γὰρ
1318 4822 1594 4891 εἰρηνικὸς
1618 4825 1645 4875 ὀ
1669 4825 1923 4894 Σολομῶν

348 4910 735 4979 ἑρμηνεύεται,
769 4909 863 4962 καὶ
905 4908 1055 4978 δηλοῖ
1086 4909 1177 4963 τὸν
1226 4911 1619 4980 εἰρηνεύσαντα
1652 4916 1709 4966 ὲν
1742 4915 1921 4985 ἑαυτῷ

346 5006 412 5053 τλ
443 5002 617 5053 πάντα
648 5000 882 5069 Χριστόν
912 5015 929 5031 ο
974 5002 1007 5071 ἠ
1038 5001 1093 5053 δὲ
1117 5002 1308 5071 εἰρήνη
1338 5002 1691 5072 ἀνενόχλητος
1720 5006 1919 5076 εὐφρο-

350 5090 482 5156 σύνη
506 5091 674 5152 ἐστὶν,
698 5090 730 5157 ἡ
756 5087 799 5139 δ’
823 5089 1173 5160 ἀνενόχλητος
1197 5091 1530 5162 εὑφροσὺνη,
1556 5094 1917 5160 ἀστασίαστος

345 5180 478 5233 θεοῦ
533 5180 776 5249 βασιλεία
804 5182 1077 5251 ὑπάρχει·
1116 5181 1393 5251 βασιλείας
1428 5184 1535 5253 ἀρα
1567 5184 1701 5238 Θεοῦ
1731 5188 1763 5257 ἡ
1801 5189 1919 5239 ἐπί-

352 5271 504 5332 ϐασις
552 5271 650 5334 τῆς
692 5271 1093 5342 ὑποδεχομένης
1136 5271 1312 5342 ψυχῆς
1355 5274 1511 5344 δίκην
1560 5276 1779 5346 φορείου
1828 5276 1918 5329 τὸν

352 5361 621 5430 εἰρηνικὸν
645 5360 870 5430 βασιλέα
893 5363 1058 5416 ἐστίν.
1091 5363 1289 5430 Ἐντὸς
1307 5365 1492 5419 αὐτοῦ
1512 5368 1912 5434 λιθόστρωτον

352 5453 587 5521 ἀγάπην
622 5453 741 5507 ἀπὸ
766 5453 1101 5522 θυγατέρων
1148 5454 1546 5526 Ἰερουσαλήμ
1566 5473 1579 5487 ⁸
1616 5457 1733 5525 ἦτοι
1760 5459 1816 5509 ὲν
1844 5459 1909 5527 τῇ

352 5546 645 5617 κεκριμένη
687 5545 925 5599 διαθέσει
981 5548 1080 5616 τῆς
1140 5548 1327 5601 τούτου
1360 5550 1778 5620 χρηματισάσης
1814 5568 1913 5617 φοα

351 5643 487 5709 ρείον
510 5640 685 5711 ψυχῆς
714 5639 968 5712 ἐποίησεν
992 5641 1021 5693 ό
1050 5642 1439 5713 άκρογιιινιαίος
1469 5644 1611 5706 λίθος
1638 5646 1752 5707 ταῖς
1788 5644 1912 5697 ἑαυ-

423 5824 465 5857 ’⁹
497 5823 638 5881 I‘sal.
680 5841 786 5892 χει,
836 5825 916 5879 13.
999 5825 1043 5857 ⁸ο
1084 5823 1222 5880 Psal.
1284 5843 1357 5890 xi,
1397 5826 1442 5879 7.

2020 4737 2120 4802 dit,
2168 4732 2316 4804 quod
2351 4732 2516 4787 rebus
2565 4731 2823 4785 omnibus
2847 4745 2913 4785 es
2949 4728 3177 4781 materia
3211 4725 3595 4781 constantibus

2019 4825 2314 4882 antecellit.
2382 4824 2675 4876 Ascensum
2723 4821 2836 4888 ejus
2867 4833 3227 4887 purpureum:
3270 4816 3475 4884 regiam
3508 4816 3594 4869 ni-

2021 4918 2217 4973 mirum
2250 4914 2365 4968 Dei.
2399 4912 2531 4965 Nam
2564 4912 2611 4965 si
2653 4910 2915 4964 Salomon
2965 4907 3238 4978 signiﬁcat
3278 4905 3593 4976 pacificum,

2016 5018 2071 5065 et
2114 5007 2397 5062 Christum
2453 5005 2659 5059 indicat
2687 5003 2777 5070 qui
2815 5003 2868 5054 iu
2911 5016 2969 5057 se
2999 5008 3194 5053 cuncta
3239 4996 3589 5065 pacificavit:

2019 5116 2124 5171 pax
2155 5107 2337 5154 autem
2370 5107 2454 5154 est
2490 5096 2659 5151 animi
2717 5094 2901 5147 laetitia
2963 5093 3031 5145 ab
3072 5090 3219 5143 omni
3278 5087 3592 5141 turbatione

2018 5201 2265 5248 remota:
2305 5192 2421 5245 haec
2451 5202 2579 5243 vero
2614 5186 2801 5240 lzetitia
2828 5192 2912 5238 est
2964 5182 3055 5235 Dei
3108 5179 3255 5249 regia
3305 5178 3373 5232 ab
3432 5177 3581 5231 omni

2018 5286 2291 5341 seditione
2324 5284 2543 5336 aliena:
2605 5279 2754 5348 regia
2799 5278 2985 5345 utique
3040 5274 3130 5328 Dei
3183 5279 3269 5326 est
3321 5283 3586 5324 ascensus

2019 5378 2233 5440 animae,
2275 5388 2395 5443 qua:
2449 5370 2639 5427 ferculi
2673 5370 2847 5423 instar
2889 5364 3123 5433 suscipit
3159 5361 3361 5431 Regem
3393 5356 3584 5428 paciﬁ-

2021 5484 2169 5523 cum.
2222 5464 2457 5519 Medium
2490 5463 2605 5531 ejus
2652 5459 2911 5529 lapidibus
2936 5464 3183 5516 stratum,
3214 5450 3522 5505 charitatem
3552 5463 3585 5500 a

2025 5559 2237 5630 ﬁliabus
2274 5555 2612 5611 Jerusalem:
2660 5556 2713 5608 in
2755 5552 3041 5608 aﬂectioue
3076 5546 3330 5602 videlicet
3362 5544 3579 5604 anima),

2026 5666 2143 5721 lllliL‘
2193 5648 2458 5706 ferculum
2494 5648 2612 5719 ejus
2652 5645 2920 5702 declarata
2975 5648 3094 5698 cst:
3130 5639 3267 5711 lapis
3301 5633 3583 5707 singularis
