4424 6446
809 409 913 470 ὓιΊ

2098 397 2151 455 Μ
2164 394 2517 456 [CHAELIS
2552 396 2813 455 PSEIJJ

3948 403 4054 464 608

812 524 995 575 divina
1042 520 1290 573 doctrina
1344 532 1442 572 sua
1504 528 1666 585 alque
1733 513 1997 582 exemplis
2054 507 2559 568 charitatemAcoE

2304 526 2376 567 3m
2404 507 2458 567 Λ
2479 510 2571 563 τοῦ
2590 511 2759 574 θείαις
2783 514 3171 577 διδασκαλίαις,
3193 515 3412 580 καὶτοῖς
3433 517 3825 587 ὑποδείγμασιν
3848 518 4051 588 ἐστρω-

812 614 1138 676 constravit,
1181 628 1207 664 a
1263 610 1728 665 buecinatrieilms
1756 609 1871 662 suis
1903 609 2223 677 apostolicis
2256 608 2376 661 ani-

816 707 1007 760 mabus
1063 714 1206 773 (quae
1248 703 1369 757 filiae
1409 717 1624 771 quoque
1672 700 1972 756 Jerusalem
2035 700 2193 754 dicta:
2226 708 2375 765 sunt,

815 798 1074 869 quoniam
1106 805 1367 865 quantum
1409 796 1474 848 ad
1528 810 1750 849 carnem
1783 795 1998 857 attinet,
2040 792 2163 846 inde
2209 791 2380 860 origi-

815 906 937 945 nem
997 882 1243 956 trahunt)
1297 887 1609 956 incipiens:
1650 902 1773 940 cum
1825 884 2057 954 apostoli
2114 883 2270 952 primi
2314 885 2380 937 ad

816 982 1018 1037 L'hristi
1056 979 1440 1043 imitationem,
1483 979 1696 1031 animas
1732 992 1863 1031 suas
1897 992 1996 1046 pro
2028 975 2205 1029 salute
2239 974 2380 1027 Inul-

790 1081 995 1135 .torum
1029 1070 1332 1139 posuerint,
1378 1069 1846 1139 pra-ceperintque
1902 1077 1961 1120 ut
2016 1067 2157 1121 idem
2209 1066 2383 1121 eﬂice-

808 1152 961 1223 'rent,
997 1164 1306 1231 quicunque
1337 1161 1401 1215 ad
1438 1161 1823 1229 perfectionem
1887 1160 1939 1213 in
1974 1160 2194 1212 Christo
2220 1172 2384 1222 cupe-

821 1264 935 1307 rent
956 1253 1625 1322 pervenire.Quamobrem
1648 1269 1877 1319 magnus
1901 1252 2226 1320 Apostolus:
2251 1248 2384 1299 lmi-

823 1357 1038 1408 turores,
1070 1346 1270 1413 inquit,
1302 1345 1401 1397 mei
1431 1355 1611 1407 estote,
1648 1346 1785 1397 sicut
1817 1354 1865 1396 et
1901 1360 1991 1412 ego
2018 1342 2211 1396 Clu-isti
2244 1340 2310 1392 “.

1513 1436 1691 1489 Pselli.

895 1527 1099 1581 Deinde
1148 1542 1339 1580 omnes
1376 1527 1660 1581 hominum
1694 1528 1908 1580 animas
1943 1526 2288 1591 adhortatur,
2328 1533 2387 1579 ut

822 1634 848 1669 a
884 1619 1065 1670 uiundi
1099 1618 1374 1671 scandalis
1400 1628 1450 1672 et
1480 1618 1981 1686 perturbationibus
2005 1616 2309 1679 discedant,
2333 1625 2388 1669 et

824 1725 1081 1775 sponsum
1112 1726 1232 1763 cum
1263 1710 1394 1777 ipsis
1432 1710 1785 1776 eonjunctum
1810 1715 2077 1777 spectent.
2113 1707 2202 1759 Sic
2238 1707 2384 1761 enim

826 1817 1023 1863 sponsa
1058 1817 1165 1867 pra:
1198 1803 1379 1855 laetitia
1418 1804 1539 1854 illas
1571 1801 1911 1868 alloquitur:
1952 1799 2303 1869 Egredimini,
2336 1809 2385 1851 et

2482 604 2651 672 μένην
2677 606 2921 674 ἀγάπην,
2945 606 3052 659 ἀπὸ
3075 607 3181 659 τῶν
3203 607 3459 676 κηρύκων
3482 608 3643 661 αὑτοῦ
3672 610 4050 662 ἀποστολικῶν

2480 694 2667 763 ψυχῶν
2701 697 2778 765 (αἳ
2837 699 2929 750 καὶ
2975 698 3273 765 θυγατέρες
3309 698 3661 770 Ἰερουσαλὴμ
3705 701 4050 769 ἐκλήθησαν,

2480 786 2554 849 ὡς
2586 788 2649 839 ἐκ
2677 789 2879 856 ταύτης
2908 790 2967 841 τὸ
2988 793 3128 843 κατά
3182 792 3359 861 σάρκα
3394 792 3781 862 τυγχάνουσαι)
3808 792 4053 861 ἀρξάμε-

2485 894 2569 939 νος
2597 894 2609 907 ·
2640 878 2716 941 ὠς
2763 880 2994 950 πρώτων
3022 883 3130 934 τῶν
3161 884 3472 936 ἀποστόλων
3498 884 3636 937 κατὰ
3666 884 3895 953 μίμησιν
3928 885 4059 952 Χρι-

2486 968 2610 1019 στοῦ
2661 970 2756 1030 τὰς
2805 971 3013 1023 ἑαυτῶν
3054 971 3232 1041 ψυχὰς
3276 974 3575 1041 τιθεμένων
3630 974 3767 1043 ὑπὲρ
3802 974 3901 1041 τῆς
3950 974 4056 1025 τῶν

2486 1060 2693 1113 πολλῶν
2711 1063 2981 1131 σωτηρίας
2999 1082 3010 1094 ·
3038 1065 3331 1118 κάντεῦθεν
3350 1067 3418 1119 τὰ
3434 1067 3599 1133 ὃμοια
3616 1067 3877 1136 πράττειν
3900 1069 4057 1133 ἐγκε-

2484 1149 2789 1219 λευομένων
2824 1156 2935 1215 τοῖς
2968 1156 3277 1224 ἐφιεμένοις
3320 1158 3418 1225 τῆς
3450 1159 3508 1210 ἐν
3537 1157 3758 1227 Χριστῷ
3784 1158 4056 1224 τελειότη-

2485 1258 2599 1304 τος.
2632 1245 2723 1295 Διό
2752 1263 2914 1311 φησιν
2934 1248 2959 1298 ὁ
2990 1249 3162 1316 μέγας
3192 1250 3531 1313 Ἀπόστολος·
3554 1250 3811 1318 Mummi
3831 1268 3949 1319 μου
3971 1250 4058 1319 γι.

2486 1338 2686 1398 νεσθε,
2712 1338 2902 1401 καθὼς
2937 1337 3096 1405 κάγὼ
3133 1340 3409 1406 Χριστοῦ.

3142 1433 3401 1485 Ψελλοῡ.

2490 1515 2617 1571 Εἶτα
2644 1520 3009 1589 προτρέπεται
3034 1522 3233 1592 ψυχαῖς
3264 1524 3504 1587 ἀπάσαις
3525 1525 3630 1579 τῶν
3656 1527 3959 1597 ἀνθρώπων

2502 1610 2841 1674 ’Υπεξελθεῖν
2862 1612 2969 1664 τῶν
3002 1614 3280 1681 κοσμικῶν
3310 1616 3627 1671 σκανδάλων
3666 1620 3757 1671 καὶ
3787 1619 4055 1689 θορύϐων,

2490 1702 2596 1753 Καὶ
2627 1701 2716 1753 τὸν
2737 1701 2964 1770 νυμφίον
2988 1702 3225 1754 κατιδεῖν
3256 1704 3448 1765 αὑταῖς
3474 1708 3875 1775 συνηνωμένον.

2489 1794 2625 1859 Φησὶ
2656 1794 2763 1862 γὰρ
2793 1795 2934 1846 οὓτω
2965 1793 3098 1863 πρὸς
3120 1794 3289 1857 αὑτὰς
3317 1795 3406 1863 ὑφ’
3437 1798 3629 1869 ἡδονῆς
3678 1802 3708 1868 ἡ
3738 1801 3946 1867 νύμφη·

826 1900 1006 1944 ινιιρίρ,
1034 1906 1061 1941 o
1086 1892 1213 1958 filim
1233 1889 1382 1955 Sion,
1407 1891 1581 1959 inquit
1606 1906 1827 1956 sponsa,
1852 1892 2109 1959 quoniam
2128 1907 2246 1960 ego,
2268 1908 2388 1960 quae
2422 1857 2461 1911 Β

2309 1908 2388 1946 ua;
2422 1857 2461 1911 Β
2504 1857 2813 1948 Ἰέξέλθέτε
2841 1890 2937 1943 καί
2962 1857 3136 1957 ἴδετε,
3168 1886 3215 1945 ὦ
3234 1857 3548 1961 θυγατέρες
3566 1857 3672 1957 t'i'zc
3698 1857 3873 1951 έιὼαξ
3893 1857 4056 1959 φησιν

826 1980 977 2045 prius
1016 1979 1184 2031 invisa
1208 1980 1598 2042 fueram,nune
1624 1982 1761 2033 facta
1784 1996 1899 2032 sum
1922 1981 2385 2047 jucundissimuin

825 2069 1013 2131 sponsi
1047 2069 1351 2133 ferculum;
1391 2072 1549 2139 cupio
1574 2084 1669 2123 vos
1708 2072 1834 2123 item
1870 2075 2155 2125 universas
2190 2088 2251 2126 ex
2289 2074 2389 2126 hac

826 2160 934 2211 \ita
976 2158 1179 2225 fugere,
1217 2171 1267 2213 et
1297 2162 1447 2228 puris
1478 2162 1653 2217 oculis
1689 2176 1949 2229 sponsum
1992 2163 2297 2217 diademate
2320 2180 2387 2218 ex

826 2249 1080 2317 pretiosis
1105 2251 1372 2319 lapidibus
1390 2260 1648 2306 contexto
1672 2253 1981 2307 redimitum
2008 2256 2386 2322 contemplari,

825 2341 979 2410 quiia
1035 2352 1204 2395 matre
1254 2358 1351 2397 sua
1415 2345 1485 2396 ita
1544 2354 1859 2407 coronatus,
1923 2362 2007 2400 me
2060 2347 2160 2400 sibi
2230 2348 2391 2401 hodie

826 2432 1199 2499 (Ιιιειιυιιειτνίι.
1282 2434 1451 2490 Mater
1500 2452 1626 2490 vero
1684 2438 1832 2493 illius
1902 2436 2081 2494 Patris
2148 2438 2390 2494 Charitas

828 2526 899 2577 Ιιιιζ
912 2534 923 2575 t
935 2564 947 2577 .

1361 2791 1541 2845 Trium
1570 2788 1827 2849 Patrum.

898 2876 1032 2942 Quia
1070 2880 1328 2949 magistra
1380 2886 1765 2941 animadvertit
1823 2888 2123 2959 discipulas
2172 2891 2390 2945 hmsita-

827 2970 1037 3025 buudas
1084 2983 1307 3042 propter
1336 2991 1395 3029 se
1446 2986 1609 3047 atque
1669 2980 2032 3035 admiratione
2068 2982 2278 3050 plenas,
2330 2999 2392 3036 ea

828 3080 946 3130 qum
971 3068 1035 3117 ad
1063 3082 1119 3120 se
1150 3069 1500 3136 pertinerent,
1535 3072 1842 3140 explicare:
1872 3074 1923 3127 in
1946 3090 2147 3143 sponso
2172 3075 2395 3131 Christo

3576 1982 3632 2054 [ἡ
3658 1982 3845 2054 νύμφη
3873 1983 4054 2045 πάλιν,

2506 2068 2764 2141 Ἐπείπερ
2798 2073 2971 2141 ἔγωγε
3000 2072 3061 2125 τὸ
3097 2073 3227 2142 πρὶν
3256 2068 3389 2127 οὖσα
3422 2074 3795 2144 μεμισημένη.

2493 2161 2529 2211 Γ
2535 2162 2695 2225 έγονα
2726 2162 2819 2213 νῦν
2842 2163 3203 2231 τερπνότατον
3224 2165 3434 2233 φορεῖον
3463 2162 3557 2216 τοῦ
3591 2164 3845 2231 νυμφίου.

2491 2247 2641 2298 Θέλω
2666 2250 2757 2299 καὶ
2790 2250 2970 2311 πάσας
2998 2254 3255 2317 ἐκφυγεῖν
3285 2252 3429 2319 ὑμᾶς
3454 2252 3561 2304 ἀπὸ
3585 2251 3681 2304 τοῦ
3707 2252 3846 2320 βίου,

2495 2340 2601 2389 Καὶ
2626 2340 2880 2407 καθαροῖς
2912 2342 2969 2393 ἐν
2992 2342 3203 2411 ὄμμασι
3229 2344 3589 2413 προσϐλέπειν
3610 2344 3699 2394 τον
3732 2343 3968 2411 νυμφίον

2496 2434 2883 2501 Περικείμενον
2912 2435 3171 2502 στέφανον
3195 2438 3257 2486 ὲκ
3284 2435 3447 2487 λίθων
3474 2435 3808 2503 σεϐασμίων,

2508 2522 2594 2573 Ἐν
2626 2517 2777 2592 ᾧπερ
2802 2524 3177 2591 ἐστεφάνωσεν
3208 2523 3373 2577 αὐτὸν
3402 2526 3432 2593 ἡ
3471 2525 3655 2593 μήτηρ
3676 2522 3886 2588 τούτου,

2496 2615 2743 2683 Σήμερον
2775 2615 3205 2684 μνηστευόμενον
3233 2616 3333 2683 ἐμὲ
3357 2617 3455 2684 τὴν
3488 2615 3836 2681 Ἐκκλησίαν.

2496 2706 2695 2774 Μήτηρ
2719 2704 2774 2757 δὲ
2798 2705 2987 2758 τούτου
3021 2708 3262 2772 πέφυκεν
3295 2707 3326 2774 ἡ
3349 2705 3441 2757 τοῦ
3476 2706 3684 2773 Πατρὸς
3707 2707 3917 2774 ἀγάπη,

3022 2797 3145 2853 Τῶν
3175 2804 3221 2867 γθ
3244 2798 3536 2865 Πατέρων.

2579 2890 2731 2942 Ἐπεὶ
2755 2890 2810 2943 δὲ
2852 2890 2950 2954 τὰς
3012 2890 3456 2959 μαθητευομένας
3486 2892 3519 2958 ἡ
3561 2890 3877 2952 διδάσκαλος
3927 2886 4065 2942 εἶδέν

2497 2980 2948 3048 διαπορουμένας,
2994 2979 3089 3030 καὶ
3128 2977 3370 3047 θάμϐους
3418 2977 3817 3046 πληρουμένας,
3860 2976 3952 3028 καὶ
3997 2978 4063 3027 τὰ

2499 3069 2617 3120 κατ’
2644 3067 2811 3137 αὐτὴν
2830 3065 3224 3135 ἐξηγουμένας,
3249 3067 3307 3117 ἐν
3328 3066 3404 3136 τῷ
3424 3065 3641 3135 νυμφίῳ
3668 3064 3907 3135 Χριστῷ,
3940 3065 4065 3133 βού-

827 3158 943 3207 vult
980 3172 1073 3210 eas
1108 3159 1365 3228 deinceps
1400 3163 1595 3217 salutis
1629 3173 1834 3219 nostra:
1865 3167 2085 3220 modum
2121 3170 2389 3233 contueri,
2420 3182 2465 3239 ο
2500 3159 2574 3212 λετ

2326 3170 2389 3233 ri,
2420 3182 2465 3239 ο
2500 3159 2647 3212 λεται
2675 3160 2858 3212 λοιπὸν
2897 3157 3065 3221 αὑτὰς
3105 3157 3378 3227 θεωρῆσαι
3408 3158 3498 3210 τὸν
3533 3158 3729 3227 τρόπον
3760 3158 3857 3225 τῆς
3888 3172 4064 3225 σωτη-

828 3262 882 3304 et
919 3252 1110 3304 merito
1137 3252 1387 3309 dubitare
1424 3264 1586 3324 atque
1619 3258 1899 3323 admirari,
1951 3262 2225 3328 quomodo
2281 3262 2394 3330 ipse

830 3340 1129 3395 salutiferis
1157 3343 1492 3398 cruciatibus
1517 3359 1579 3397 ac
1611 3353 1782 3398 morte
1814 3361 1910 3398 sua
1937 3348 2391 3414 tranquillitatem

831 3431 989 3485 nobis
1022 3440 1076 3485 et
1126 3433 1290 3484 vitam
1350 3433 1575 3499 largitus
1606 3433 1695 3485 sit.
1728 3433 1963 3488 Proinde
1994 3451 2008 3487 :
2045 3434 2393 3506 Egredimini,

832 3523 1027 3591 inquit,
1066 3534 1111 3576 et
1154 3524 1338 3587 videte,
1381 3525 1514 3592 ﬁlia:
1554 3522 1681 3577 Sion
1716 3540 1733 3577 :
1768 3525 2028 3589 omittite,
2062 3506 2269 3594 quaead
2312 3543 2397 3582 me

830 3614 1081 3666 ancillam
1109 3616 1339 3667 attinent
1361 3613 1732 3678 considerare,
1758 3615 1885 3669 etin
1919 3614 2148 3671 Domino
2171 3618 2405 3687 paciﬁco

834 3706 1032 3758 tuentis
1091 3707 1264 3758 aciem
1320 3706 1555 3775 deiigile,
1613 3709 2063 3775 contemplantes,
2123 3711 2397 3778 quomodo

829 3800 1058 3851 salutem
1097 3798 1183 3853 hic
1228 3799 1386 3853 nobis
1421 3800 1796 3868 acquisiverit.
1852 3800 2001 3855 Filia:
2043 3804 2296 3872 speculae.
2342 3814 2401 3856 ut

834 3891 1154 3957 spiritaliter
1184 3905 1277 3959 per
1304 3890 1460 3943 fidem
1496 3892 1688 3959 genita:
1720 3907 1732 3944 ε
1772 3891 1903 3945 Sion
1937 3895 2080 3947 enim
2121 3895 2397 3963 speculam

832 3984 1123 4051 signiﬁcat.
1166 3981 1395 4052 Speeula
1440 3993 1643 4043 autem.
1669 3999 1731 4037 ex
1766 4001 1870 4054 qua
1894 3988 2016 4055 quis
2040 3987 2196 4041 facile
2227 3996 2401 4055 potest

831 4075 1191 4143 spiritualiter
1213 4074 1511 4143 despicere,
1528 4075 1791 4143 spiritalis
1809 4086 1891 4129 est
1917 4079 2215 4145 generatio,
2238 4094 2398 4147 quam

830 4168 923 4235 qui
950 4176 1281 4221 consecutus
1318 4182 1421 4220 non
1454 4176 1560 4230 est,
1614 4182 1794 4222 caecus
1833 4180 1915 4223 est
1947 4176 2001 4223 et
2062 4186 2221 4225 manu
2259 4172 2400 4223 viam

834 4268 1008 4312 tentat
1034 4259 1085 4310 in
1124 4258 1369 4312 veritatis
1399 4259 1626 4327 fulgore.
1675 4260 1928 4328 Spectato
1956 4269 2160 4325 autem,
2198 4263 2397 4331 inquit,

832 4350 1261 4419 dispensationis
1294 4352 1559 4404 rationem
1607 4352 1660 4404 in
1689 4352 1987 4405 diademate
2036 4370 2138 4421 quo
2177 4370 2403 4406 corona-

2502 3252 2621 3322 ρίας
2653 3252 2829 3322 ἡμῶν,
2881 3253 2974 3304 καὶ
3005 3249 3169 3313 ἀξίως
3202 3249 3477 3319 ἁπορῆσαί
3522 3266 3580 3301 τε
3622 3250 3715 3302 καὶ
3754 3249 4056 3317 θαυμάσαι,

2496 3348 2642 3407 ὅπως
2680 3344 2840 3406 αὐτὸς
2875 3344 2931 3395 ἐν
2964 3345 3076 3405 τοῖς
3118 3345 3403 3412 σωτηρίοις
3444 3340 3607 3394 αὖτοῦ
3646 3341 3930 3410 παθήμασι
3957 3341 4059 3392 ικαὶ

2496 3438 2574 3507 τῷ
2604 3436 2819 3504 θανάτῳ
2854 3436 2951 3505 τὴν
2974 3432 3242 3488 ἀπάθειαν
3275 3434 3367 3485 καὶ
3401 3433 3498 3501 τὴν
3527 3432 3671 3500 ζωὴν
3703 3432 3833 3500 ἡμῖν
3860 3430 4068 3499 ἐδωρή-

2500 3529 2744 3582 σατο.Διό
2762 3542 2945 3595 φησιν·
2960 3526 3269 3589 Ἐξέλθετε
3286 3526 3382 3577 καί
3401 3525 3574 3587 ιδετε,
3590 3521 3904 3590 θυγατέρες
3920 3520 4072 3573 Σιὼν

2499 3626 2556 3676 ἐν
2580 3620 2657 3689 τῷ
2689 3620 2898 3689 βασιλεῖ
2931 3617 3179 3686 Σολομῶν
3202 3630 3214 3643 ⁸
3249 3618 3437 3687 ἡγουν,
3480 3614 3841 3681 καταλείψατε
3872 3613 3933 3665 τὸ
3958 3614 4071 3673 τοῖς

2500 3712 2619 3766 κατ’
2645 3713 2744 3783 ἐμὲ
2770 3712 2867 3779 τὴν
2896 3709 3088 3779 δούλην
3120 3706 3466 3777 ἀσχολεῖσθαι
3484 3707 3573 3758 τὸν
3604 3704 3748 3764 νοῦν.
3780 3706 3868 3756 καὶ
3900 3706 3956 3756 ἐν
3989 3703 4066 3772 τῷ

2500 3802 2761 3872 εἰρηνικῴ
2811 3800 3050 3873 δεσπότῃ
3086 3799 3373 3861 θεάσασθε,
3424 3800 3568 3860 ὅπως
3606 3799 3736 3866 ἡμῖν
3780 3787 3932 3857 οὗτος
3974 3796 4071 3863 τὴν

2504 3897 2777 3966 σωτηρίαν
2821 3892 3332 3964 ἐπραγματεύσατο.
3391 3891 3565 3943 Τέκνα
3633 3888 4072 3957 σκοπευτηρίου·

2503 3991 2576 4052 ὡς
2601 3988 2914 4058 γενηθεῖσαι
2948 3983 3334 4053 πνευματικῶς
3361 3983 3448 4035 διὰ
3491 3982 3744 4042 πίστεως.
3783 3980 3921 4032 Σιὼν
3964 3982 4073 4048 γὰρ

2506 4082 2897 4149 σκοπευτήριον
2940 4078 3320 4148 ἑρμηνεύεται.
3363 4076 3768 4143 Σκοπευτήριον
3820 4073 3875 4124 δὲ
3924 4072 3983 4135 ἐξ
4012 4068 4072 4123 οὒ

2502 4173 2721 4227 δύναταί
2763 4189 2843 4234 τις
2868 4171 3009 4225 κατά
3043 4168 3167 4222 νοῦν
3205 4169 3337 4237 όρᾷν
3362 4165 3625 4237 ἀκριϐῶς,
3660 4167 3691 4233 ἡ
3725 4163 4069 4232 πνευματική

2504 4268 2619 4318 ἐστι
2646 4268 2918 4335 γέννησις,
2950 4260 3016 4333 ἦς
3048 4264 3076 4315 ό
3110 4262 3183 4331 μὴ
3212 4259 3390 4329 τυχὼν
3429 4258 3629 4325 τυφλός
3674 4258 3811 4321 ἐστι,
3850 4255 4076 4324 μυωπά-

2506 4359 2616 4423 ζων
2647 4359 2776 4429 περὶ
2809 4359 2905 4420 τὰς
2934 4357 3031 4425 τῆς
3061 4354 3316 4423 ἀληθείας
3360 4352 3554 4419 αὐγάς.
3587 4347 3861 4403 Θεάσασθε
3892 4347 3947 4399 δὲ
3984 4345 4076 4398 τὸν

835 4445 903 4497 rit
930 4460 1046 4496 eum
1079 4450 1249 4496 mater
1271 4460 1368 4496 sua
1399 4444 1453 4495 in
1482 4445 1563 4496 die
1594 4446 2010 4513 desponsationis
2068 4447 2232 4514 ipsius
2264 4462 2282 4500 :
2348 4447 2403 4501 in
2441 4516 2456 4521 _
2508 4453 2582 4521 εἰς

2348 4447 2403 4501 in
2441 4516 2456 4521 _
2508 4450 2825 4521 εἰρημένον,
2882 4448 3050 4515 φησὶ,
3096 4447 3196 4513 τῆς
3244 4442 3552 4509 οἰκονομίας
3590 4442 3825 4508 τρόπον,
3877 4438 3946 4490 ἐν
3997 4434 4076 4499 τῷ

834 4536 1020 4603 spinea
1058 4534 1315 4587 nimirum
1356 4549 1581 4594 corona,
1609 4552 1768 4604 quam
1796 4537 1997 4591 Christi
2022 4540 2182 4607 capiti
2223 4538 2400 4607 impo-
2438 4516 2479 4571 ί)
2508 4516 2581 4595 σε

2328 4554 2400 4591 ιο·
2438 4516 2479 4571 θ
2508 4542 2786 4608 στεφάνῳ
2814 4533 2861 4605 ᾧ
2896 4537 3321 4606 ἐστεφάνωσεν
3350 4533 3537 4586 αὑτὸν
3572 4532 3605 4597 ἠ
3632 4531 3828 4599 μήτηρ
3868 4528 4075 4590 αὐτοῦ,

835 4629 947 4681 sirit
973 4626 1285 4682 Judarorum
1312 4642 1607 4697 synagoga,
1633 4644 1694 4681 ex
1718 4644 1821 4697 qua
1842 4630 1958 4697 ipse
1984 4640 2067 4684 est
2099 4629 2399 4685 secundum

835 4735 1079 4783 carnem,
1147 4719 1201 4772 in
1257 4720 1343 4773 die
1395 4718 1692 4774 salutifera:
1745 4721 1938 4774 mortis
1991 4722 2131 4789 ejus.
2180 4721 2235 4774 in
2292 4736 2399 4789 qua

838 4813 1059 4878 proprio
1093 4811 1355 4879 sanguine
1381 4810 1679 4865 Ecclesiam
1713 4812 1813 4864 sibi
1844 4813 2212 4881 desponsavit.
2254 4813 2319 4867 Et
2348 4817 2403 4867 in

837 4904 921 4955 die
947 4904 1147 4957 lwtitia:
1171 4901 1342 4955 cordis
1371 4904 1482 4970 ejus
1512 4919 1530 4955 :
1582 4919 1684 4971 qua
1722 4904 1941 4972 quidem
1975 4905 2265 4957 salutarem
2309 4920 2408 4973 pro

842 4997 996 5051 nobis
1046 5006 1272 5049 mortem
1341 5005 1627 5065 appetens,
1669 5013 1769 5050 nos
1801 4998 1868 5051 ab
1920 4998 2090 5052 hostis
2140 4999 2406 5051 servitute

840 5091 1082 5143 liberavit
1116 5108 1126 5141 :
1163 5098 1324 5158 atque
1376 5092 1448 5142 ita
1494 5090 1671 5143 Patris
1700 5090 2086 5159 obtemperans
2116 5091 2403 5155 voluntati,

842 5182 1056 5235 {tutatus
1102 5191 1185 5235 est
1231 5183 1451 5251 Spiritu,
1505 5183 1627 5236 licet
1660 5184 1839 5237 carnis
1872 5184 2209 5237 cruciatibus
2242 5200 2405 5237 vexa-

841 5282 1014 5325 retur.
1060 5270 1155 5325 llis
1181 5288 1381 5342 sponsa
1407 5274 1709 5341 discipulas
1736 5283 1819 5328 est
1847 5276 2081 5329 allocuta
2108 5317 2124 5341 ,
2166 5276 2402 5345 diligens

842 5364 893 5417 id
922 5365 1063 5432 quod
1098 5364 1462 5419 demonstrari
1496 5381 1600 5418 non
1637 5376 1837 5435 potest,
1880 5376 1933 5419 et
1967 5368 2256 5421 humanam
2290 5372 2400 5438 glo-

842 5457 976 5508 riam
1010 5456 1243 5524 fugiens,
1278 5457 1630 5525 Cupiensque,
1679 5467 1735 5511 ut
1786 5472 2049 5529 sponsum
2084 5474 2243 5512 suum
2284 5470 2403 5513 tan-

841 5547 1126 5601 tummodo
1162 5562 1353 5602 omnes
1383 5548 1741 5602 admirentur.

2505 4635 2576 4687 ἐν
2598 4632 2785 4701 ἡμέρᾳ
2803 4632 3195 4697 νυμφεύσεως
3221 4625 3408 4679 αὐτοῦ
3426 4640 3440 4655 ο
3467 4623 3706 4694 δηλονότι
3726 4624 3781 4673 ἐν
3808 4622 3884 4688 τῷ
3912 4622 4080 4673 ἀκανο

2510 4723 2639 4791 Οίνῳ
2684 4721 2951 4789 στεφάνῳ,
2995 4713 3040 4787 ᾧ
3088 4719 3428 4783 ἐστεφάνωσε
3461 4716 3552 4767 τὸν
3606 4714 3839 4784 Χριστὸν
3883 4715 3915 4780 ἠ
3971 4710 4078 4763 τῶν

2522 4815 2791 4868 Ἰουδαίων
2823 4812 3134 4879 συναγωγὴ,
3168 4811 3225 4874 ἐξ
3250 4805 3313 4877 ἧς
3348 4802 3501 4869 οὗτος
3530 4809 3590 4858 τὸ
3623 4807 3761 4858 κατὰ
3795 4805 3993 4873 σάρκα,
4021 4803 4079 4853 ἐν

2512 4908 2695 4977 ἡμέρα
2721 4905 2813 4958 τοῦ
2845 4903 3112 4973 σωτηρίου
3145 4903 3349 4962 πάθους
3381 4899 3545 4953 αὐτοῦ
3587 4900 3646 4951 ἐν
3747 4897 3823 4965 τῷ
3849 4898 3963 4966 ίδίῳ
3995 4897 4080 4946 αῖ-

2518 5016 2647 5068 ματι
2690 4998 2788 5067 τὴν
2830 4996 3154 5064 Ἐκκλησίαν
3196 4992 3376 5061 ἑαυτῴ
3418 4990 3811 5059 ἐντμφεύσατο.
3861 4990 3965 5042 Καὶ
4013 4987 4081 5039 ἐν

2514 5091 2703 5159 ἡμέρᾳ
2720 5088 3105 5157 εὐφροσύνης
3128 5085 3371 5153 καρδίας
3401 5082 3607 5143 αὐτοῦ,
3634 5079 3755 5133 καθ’
3781 5082 3845 5149 ἣν
3866 5080 4081 5141 πάντως

2516 5182 2703 5235 παθὼν
2746 5180 2882 5248 ὑπὲρ
2925 5177 3083 5247 ἡμῶν
3136 5178 3195 5229 τὸ
3242 5177 3504 5244 σωτήριον
3557 5173 3727 5234 πάθος
3770 5170 4081 5240 ἀπήλλαξεν

2516 5278 2661 5345 ἡμᾶς
2696 5275 2792 5341 τῆς
2840 5271 2933 5323 τοῦ
2981 5270 3172 5338 ἐχθροῦ
3214 5267 3547 5335 τυραννίδος.
3594 5266 3687 5316 καὶ
3727 5265 3799 5326 ὡς
3834 5261 4082 5315 ἐντεῦθεν

2516 5364 2810 5436 πληρώσας
2838 5364 2897 5414 τὸ
2925 5362 3018 5413 τοῦ
3048 5361 3261 5429 Πατρὸς
3291 5359 3555 5427 βούλημα,
3592 5354 3875 5425 ηὐφράνθη
3914 5351 4077 5403 πνεύο

2518 5479 2669 5531 ματι,
2702 5460 2751 5511 εἰ
2776 5462 2867 5509 καὶ
2898 5459 3005 5517 τοῖς
3032 5454 3317 5523 παθήμασι
3345 5450 3592 5519 ὡδυνήθη
3622 5448 3804 5517 σαρκί.
3832 5446 4016 5498 Ταῦτα
4046 5446 4078 5512 ὴ

2514 5553 2697 5622 νύμφη
2745 5550 2879 5619 πρὸς
2913 5550 3008 5609 τὰς
3052 5544 3494 5615 μαθητευομένας
3522 5543 3761 5611 εἴρηκεν,
3814 5539 4081 5606 ἀγαπιτσα

841 5635 902 5687 τί)
945 5634 1333 5697 ἀνεπίδεικτον,
1376 5639 1468 5689 καὶ
1516 5639 1612 5707 τὴν
1659 5639 1784 5708 παρ’
1814 5638 2081 5709 ἀνθρώπῳ
2134 5640 2402 5708 φεύγουσα
2442 5642 2620 5707 δύξαν,
2649 5641 2742 5693 καὶ
2773 5638 3072 5707 βουλομένη
3098 5637 3260 5706 μόνον
3278 5636 3367 5688 τὸν
3392 5633 3583 5702 ἑαυτῆς
3646 5631 3873 5701 νυμφίον
3936 5630 4080 5683 ruat

848 5729 1061 5779 παντων
1091 5727 1480 5797 θαυμάζεσθαι.

910 5844 989 5895 ἰι
1025 5844 1147 5899 Cor.
1189 5861 1262 5910 ιι,
1308 5846 1355 5897 l.
