4424 6446
395 406 500 466 €09

1423 402 1805 464 COMMENT.
1840 405 1915 463 IN
1942 405 2324 470 CANTICUM
2359 412 2647 474 CANTIC.

3523 425 3628 489 610

466 515 610 567 Ἰδοὺ
643 513 698 568 εἴ
727 518 904 582 καλὴ,
947 519 982 581 ἡ
1023 520 1286 582 πλησίον
1311 536 1448 586 μου,
1477 518 1604 570 ἰδοὺ
1658 514 1712 570 εἷ
1761 519 1915 584 καλή
1945 534 1956 546 ·
1989 521 2035 580 Α
2135 522 2208 573 Ec

1885 519 1915 584 ιξ
1945 534 1956 546 ·
1989 521 2035 580 Α
2135 522 2269 573 Ecce
2299 524 2518 590 pulchra
2547 543 2620 586 cs.
2650 529 2940 598 propinqua
2967 547 3080 585 mea
3109 548 3126 584 .·
3153 549 3268 586 ecce
3297 533 3516 598 pulchra
3551 556 3621 592 es.

394 607 692 674 ὀφθαλμοί
719 624 834 661 c-‘cv
873 610 1230 677 περιστεραὶ,
1265 609 1436 674 ἐκτὸς
1470 607 1576 675 τῆς
1610 608 1961 676 ο-ιωπὴσεὼς

391 712 531 751 σου.

1053 793 1250 845 Ψελλο
1261 792 1313 848 ὗ.

464 882 683 936 Τούτων
714 884 788 946 ὡς
815 884 1042 952 ἤκουσεν
1072 885 1241 951 αὐτῆς
1286 885 1390 936 τῶν
1432 882 1605 948 λόγων
1648 884 1676 936 ὁ
1706 881 1956 951 νυμφίος,

395 973 539 1042 Πρὸς
572 975 791 1026 ἔπαινον
821 976 1091 1045 ἐγείρεται
1136 975 1227 1026 τοῦ
1277 974 1504 1036 κάλλους
1535 974 1704 1042 αὐτῆς
1743 974 1916 1040 λέγων
1942 988 1955 1001 ’

685 1063 833 1116 Ἰδοὺ
871 1060 927 1116 εἷ
955 1062 1135 1130 καλὴ,
1167 1065 1203 1130 ἡ
1233 1063 1657 1130 πλησίοι-μοι’.

393 1152 546 1223 Καλὴ
577 1157 683 1226 γὰρ
705 1154 872 1217 ὅντως
902 1155 1172 1222 πέφυκας,
1203 1155 1357 1224 φησὶ,
1387 1155 1563 1221 κάμοῦ
1593 1153 1838 1221 πλησίον,

393 1245 575 1307 Πάσας
602 1245 836 1314 σωθῆναι
871 1244 1098 1298 θέλουσα
1125 1245 1300 1313 ψυχὰς
1333 1245 1426 1306 τὰς
1453 1245 1559 1298 τῶν
1597 1245 1925 1313 ἀνθρώπων.

392 1334 506 1388 Εἶτ’
535 1338 818 1390 ἐπαινέσαι
869 1336 1151 1406 βουληθεὶς
1194 1336 1364 1406 αὐτὴν
1399 1337 1492 1389 καὶ
1525 1337 1664 1388 κατὰ
1697 1338 1882 1406 μέρος,

392 1428 528 1496 Φησί
562 1445 675 1490 πως
698 1427 838 1480 οὕτω
870 1427 1002 1496 πρὸς
1035 1428 1223 1497 αὐτὴν,
1257 1429 1423 1496 ήγουν
1449 1427 1545 1496 τὴν
1587 1428 1912 1495 Ἱίκκλησίαν
1939 1445 1951 1458 ·

721 1514 1037 1583 Ὀφθαλμοί
1066 1532 1180 1568 σου
1220 1517 1590 1584 περιστερᾶς.

393 1607 603 1677 Ὥσπερ
634 1608 692 1658 ὲν
725 1605 937 1675 σώματι
970 1605 1161 1676 βροτοῦ
1188 1607 1357 1660 πολλὰ
1380 1608 1636 1676 τυγχάνει
1670 1607 1831 1676 μέρη,

390 1697 575 1761 Πόδες,
600 1698 692 1750 καὶ
719 1699 916 1766 χεῖρες,
936 1699 1027 1749 καὶ
1047 1699 1263 1766 μαστοὶ,
1287 1699 1380 1750 καὶ
1407 1699 1622 1766 στῆθος,
1644 1697 1738 1748 καὶ
1757 1697 1950 1752 κοιλία·

389 1787 543 1840 Οὕτω
577 1788 667 1840 καὶ
695 1787 854 1857 σῶμα
883 1789 942 1840 τὸ
969 1788 1163 1840 σεπτὸν
1187 1788 1284 1856 τῆς
1310 1789 1458 1850 θείας
1500 1789 1845 1856 Ἐκκλησίας,

389 1871 572 1945 υῧπερ
600 1879 854 1945 τυγχάνει
884 1877 1089 1947 κεφαλὴ
1116 1878 1348 1945 Χριστὸς
1374 1879 1401 1930 ὀ
1431 1879 1524 1930 καὶ
1557 1878 1808 1946 νυμφίος.

401 1970 489 2034 Ἐξ
516 1969 809 2039 ὀφθαλμῶν
843 1969 1122 2040 ἁπὴρξατο
1152 1971 1242 2022 τὸν
1280 1971 1544 2038 στέφανον
1593 1970 1946 2038 συμπλέκειν,

388 2059 459 2110 Συ
482 2057 527 2110 δ’
556 2058 832 2127 ὀφθαλμὸν
862 2057 1112 2127 ἐννόησον
1142 2059 1239 2128 τῆς
1273 2059 1422 2119 θείας
1465 2059 1806 2128 Ἐκκλησίας,

387 2147 458 2201 Τὸ
487 2148 768 2217 σύνταγμα
799 2147 907 2200 τῶν
939 2147 1229 2217 προφητῶν
1259 2148 1368 2200 τῶν
1389 2148 1874 2218 ὀξυδερκεστάτων.

386 2237 566 2291 Θέλων
622 2239 678 2291 δὲ
739 2238 935 2307 ταύτης
987 2240 1225 2291 ἐπαινεῖν
1274 2242 1399 2303 τοὺς
1454 2240 1767 2311 ὀφθαλμοὺς
1821 2243 1944 2306 τοὺς

1673 2333 1863 2405 [ἔνδον.

383 2426 516 2492 Φησὶ
543 2425 635 2478 καὶ
658 2425 826 2479 ταῦτα
845 2425 978 2497 πρὸς
1000 2425 1185 2492 αὐτὴν,
1209 2424 1285 2487 ὡς
1315 2423 1437 2479 καθ’
1459 2425 1646 2495 εἱρμὸν
1668 2427 1939 2496 εὑρήσεις

465 2536 667 2602 Ἐκτὸς
685 2536 795 2603 τῆς
825 2535 1179 2601 σιωπήσεώς
1205 2552 1342 2591 σου.

381 2628 516 2690 Τοὺς
549 2626 856 2698 ὀφθαλμούς
891 2645 981 2680 σου
1014 2630 1141 2698 γὰρ,
1169 2628 1352 2696 φησὶν,
1387 2627 1626 2697 ἐπῄνεσα
1658 2629 1782 2691 τοὺς
1818 2628 1939 2695 ἔξω,

382 2721 445 2771 Oi
469 2720 576 2788 γάρ
595 2721 745 2782 ἐντὸς
777 2720 1068 2789 ὑπέρτεροι
1098 2719 1454 2788 τυγχάνουσιν
1478 2721 1724 2786 ἐπαίνου.

864 2834 906 2884 Τ
902 2831 986 2882 ὧν
1009 2830 1057 2899 γ’
1086 2830 1377 2899 Πατέρων.

454 2945 616 2998 Ὅθεν
648 2946 675 2998 ὁ
712 2944 917 3014 ταύτης
953 2945 1182 3014 νυμφίος
1211 2945 1612 3016 ἀποδεξάμενος
1634 2948 1821 3019 αὐτὴν,
1865 2949 1940 3013 ὡς

378 3036 520 3090 κατὰ
537 3033 710 3090 πάντα
728 3035 955 3105 ὡραίαν,
975 3036 1160 3104 φησίν·
1182 3035 1337 3091 ἰδοὺ
1352 3034 1408 3092 εἷ
1422 3039 1597 3106 καλὴ,
1616 3041 1652 3108 ὴ
1672 3043 1941 3110 πλησίον

375 3145 493 3195 μου
521 3144 534 3158 ·
561 3128 698 3196 ἦτοι,
721 3127 828 3180 ἰδοὺ
863 3129 1126 3199 ὑπάρχεις
1153 3129 1350 3200 ὡραία,
1373 3133 1406 3200 ἡ
1434 3131 1718 3199 ὲγγύσασά
1741 3151 1828 3200 μοι
1854 3134 1941 3186 διὰ

383 3221 685 3290 μιμήσεως,
729 3220 804 3282 ὡς
863 3220 922 3272 τὸ
972 3221 1090 3273 κατ’
1125 3223 1308 3275 εἰκόνα
1368 3223 1461 3274 καὶ
1511 3224 1632 3276 καθ’
1685 3225 1944 3294 ὁμοίωσιν

380 3311 570 3372 κάλλος
603 3311 718 3362 κατ’
753 3311 971 3380 ὲμπρ...
1009 3311 1208 3378 γνῶσιν
1251 3314 1570 3382 συνάψασαο
1608 3314 1715 3367 ἰδοὺ
1771 3317 1946 3388 ὑπάρ-

377 3416 492 3466 χεις
518 3398 712 3468 ὡραία,
745 3400 836 3450 καὶ
871 3399 959 3450 διὰ
981 3400 1038 3451 τὸ
1067 3401 1156 3452 ἐπὶ
1185 3402 1314 3452 πᾶσι
1373 3405 1482 3464 τοῖς
1525 3403 1945 3474 κατορθώμασιν

377 3488 598 3556 ἄτυφον.
632 3487 898 3540 Καὶοῦτω
927 3490 1026 3557 μὲν
1048 3489 1347 3553 καθολικῶς
1375 3492 1464 3542 τὸν
1495 3491 1699 3562 ταύτης
1724 3493 1944 3548 ἔπαινον

377 3580 687 3647 ἐποιήσατο.
742 3574 872 3630 Εἶτα
935 3581 1027 3632 καὶ
1071 3581 1212 3634 κατά
1269 3581 1434 3651 μέρος
1484 3582 1671 3636 τοῦτον
1726 3585 1943 3651 διέξεισι

378 3670 602 3739 φάσκων
633 3685 648 3697 ·
686 3669 1018 3741 Ὀφθαλμοί
1045 3688 1160 3726 σου
1191 3671 1566 3742 περιστερᾶς,
1621 3674 1793 3743 ἐκτὸς
1834 3676 1944 3746 τῆς

375 3759 726 3828 σιωπήσεὼς
755 3777 900 3815 σου’
925 3762 975 3814 οι
1010 3762 1121 3814 τῶν
1149 3763 1420 3833 αἰσθητῶν
1446 3766 1661 3828 πάντως
1686 3766 1945 3836 ἀντιλαμ-

377 3853 687 3922 ϐανόμενοι,
726 3853 820 3906 καὶ
848 3856 896 3906 οι
929 3853 1038 3906 τῶν
1073 3854 1278 3925 νοητῶν
1305 3857 1668 3926 πνευματικοί
1691 3877 1702 3887 ⁸
1737 3859 1819 3910 ὅτι
1873 3859 1940 3911 δι’

376 3944 551 3995 αὐτῶν
582 3944 760 3997 πᾶσαν
779 3943 877 4012 τὴν
896 3943 1072 3996 κτίσιν
1102 3943 1239 4013 πρὸς
1291 3943 1450 4008 δόξαν
1509 3944 1605 3998 τοῦ
1644 3947 1946 4016 Πεποιηκό-

374 4051 462 4098 τος
493 4035 623 4104 ὁρᾷς
651 4051 664 4064 ·
697 4033 837 4087 οὕτω
859 4035 915 4087 δέ
947 4051 1038 4088 σου
1065 4036 1113 4088 oi
1141 4035 1412 4116 ὀφθαλμώ⁸
1452 4031 1596 4090 οὗτοι
1651 4055 1947 4108 πνευματι-

375 4125 462 4175 κοὶ
496 4125 651 4186 ἐκτὸς
673 4125 772 4192 τῆς
803 4125 894 4176 ἐπὶ
921 4124 1040 4193 Θεῷ
1081 4126 1322 4193 ἀφασίας
1357 4143 1472 4179 σου.
1507 4127 1616 4181 Καὶ
1655 4129 1762 4198 γὰρ
1812 4128 1946 4197 μᾶλυ

374 4212 622 4282 ὶεοναῦτη
647 4215 1009 4283 πνευματικὴ,
1039 4215 1122 4268 ὅτι
1183 4217 1241 4268 ἐν
1278 4217 1418 4286 ἁγίῳ
1471 4218 1748 4287 Πνεύματι
1809 4219 1948 4287 ὑπὲρ

375 4304 575 4371 γνῶσιν
612 4303 869 4371 γινώσκει
899 4304 960 4356 τὸ
986 4305 1081 4358 τοῦ
1106 4307 1240 4360 Θεοῦ
1264 4309 1669 4376 ἀκατάληπτον.

1984 1854 2027 1908 Β
2057 1875 2110 1918 et
2165 1881 2424 1936 sponsus.

2065 613 2218 666 Oculi
2251 615 2346 678 lui,
2379 617 2631 672 colmuba:
2663 636 2681 674 :
2710 632 2904 690 pra'ter
2933 625 3197 678 silentium
3224 636 3391 679 tuum.

2757 789 2939 845 Pselli.

2132 869 2227 926 llis
2263 887 2480 941 sponsae
2537 878 2716 933 verbis
2743 882 2968 947 auditis,
3001 897 3238 954 sponsus
3270 887 3325 940 in
3362 889 3478 958 ejus
3502 893 3625 960 pul-

2060 961 2390 1020 chritudinis
2419 966 2608 1022 laudes
2633 971 2902 1026 excitatur
2938 968 2970 1028 τί
3010 975 3160 1043 Ecce,
3195 961 3474 1048 inquiens.
3505 986 3627 1033 vul-

2059 1047 2187 1100 chra
2254 1065 2326 1112 es,
2384 1055 2675 1124 propinqua
2751 1074 2886 1111 mea.
2943 1059 3176 1117 Pulchra
3211 1047 3484 1134 'pi'ol'ecto
3541 1085 3623 1130 P~,

2060 1137 2254 1207 inquit,
2289 1144 2590 1214 propinqua
2637 1163 2776 1210 mea,
2811 1165 2933 1203 cum
2970 1152 3248 1210 hominum
3296 1168 3621 1227 cunctorum

2059 1231 2272 1283 animas
2312 1233 2540 1286 salutem
2567 1239 2783 1306 assequi
2817 1241 3029 1309 cupias.
3082 1243 3284 1301 Deinde
3309 1263 3429 1302 eum
3466 1252 3623 1306 vellet

2059 1319 2302 1387 singulas
2336 1318 2455 1387 ejus
2501 1331 2684 1388 partes
2716 1324 2960 1394 laudare,
3007 1327 3072 1381 ad
3101 1329 3622 1405 ipsain,Eeclesiam

2059 1408 2317 1462 nimirum
2346 1449 2360 1474 ,
2421 1411 2700 1480 loquens:
2748 1413 2922 1482 Oculi,
2979 1421 3179 1490 inquit,
3235 1426 3313 1476 tui
3351 1428 3621 1484 columbae.

2055 1498 2518 1562 Quemadmodum:
2577 1503 2629 1557 in
2689 1505 2926 1564 hominis
2982 1527 3212 1582 corpore
3263 1521 3445 1574 multae
3497 1531 3626 1588 sunt

2053 1598 2260 1656 partcs,
2309 1600 2366 1644 ut
2402 1593 2588 1660 pedes,
2631 1607 2684 1651 et
2716 1614 2934 1666 manus,
2977 1615 3034 1658 et
3085 1607 3274 1674 ubera,
3326 1621 3380 1666 et
3411 1624 3620 1682 pectus,

2053 1690 2108 1737 et
2176 1691 2416 1740 muter:
2495 1689 2576 1741 sic
2639 1692 2802 1746 etiam
2870 1703 3000 1749 sunt
3075 1697 3125 1751 in
3176 1711 3369 1755 sancto
3427 1705 3620 1758 divina

2053 1770 2314 1825 Ecclesiae
2367 1787 2619 1843 corpore,
2669 1779 2829 1850 cujus
2873 1792 3037 1850 caput
3092 1793 3177 1839 est
3219 1788 3492 1861 Christus,
3531 1810 3617 1860 qu:

2511 1871 2590 1923 Ah
2647 1874 2825 1930 oculis
2884 1878 3049 1947 carpit
3112 1895 3370 1936 coronam
3435 1897 3623 1940 conte-

2057 1973 2204 2012 xere.
2265 1959 2344 2012 Tu
2408 1960 2664 2018 Ecclesia:
2705 1975 2907 2022 sanctae
2958 1972 3147 2026 oculos
3191 1974 3436 2046 intellige
3485 1981 3622 2033 scri-

2056 2056 2144 2118 pta
2212 2052 2605 2120 prophetarum
2665 2058 2985 2115 acutissime
3051 2063 3396 2120 intuentium.
3478 2067 3617 2124 Cum

2055 2150 2232 2196 autem
2283 2147 2442 2200 vellet
2479 2147 2768 2205 interiores
2817 2151 2980 2223 hujus
3029 2156 3222 2212 oculos
3275 2160 3614 2224 collaudare,

2055 2234 2169 2288 hcec
2198 2235 2360 2290 etiam
2398 2240 2620 2306 protulit
2644 2243 2828 2308 verba,
2855 2235 2990 2298 utin
3025 2245 3137 2316 ipsa
3165 2250 3308 2304 serie
3354 2252 3614 2320 reperies.

2119 2545 2321 2602 Prwler
2351 2551 2615 2605 silentium
2654 2567 2823 2611 tuum.

2119 2637 2341 2703 Oculos,
2373 2642 2569 2711 inquit,
2599 2652 2719 2701 tuos
2747 2650 3044 2707 exteriores
3081 2653 3452 2710 commendavi
3479 2673 3491 2708 :
3532 2659 3616 2711 in-

2050 2730 2309 2786 teriorum
2345 2733 2488 2787 enim
2513 2735 2701 2791 laudes
2741 2741 2887 2795 nulla
2918 2745 3136 2813 assequi
3168 2754 3347 2815 potest
3382 2751 3578 2805 oratio.

2611 2847 2793 2903 Trium
2823 2851 3068 2910 Patrum.

2117 2954 2304 3026 Itaque
2359 2973 2594 3028 sponsus
2625 2977 2743 3016 eam
2778 2973 2836 3017 ut
2884 2968 3138 3023 omnibus
3192 2971 3443 3039 partibus
3501 2973 3615 3027 for-

2047 3060 2253 3102 mosam
2282 3050 2590 3121 suscipiens
2617 3068 2631 3103 :
2663 3051 2817 3120 Ecce,
2849 3057 3043 3125 inquit,
3063 3060 3283 3126 pulchra
3305 3079 3381 3128 es,
3402 3067 3616 3133 propiu-

2046 3153 2150 3204 qua
2179 3154 2314 3193 mea.
2349 3141 2580 3196 Pulchra
2615 3144 2862 3212 profecto
2888 3163 2966 3212 es,
3009 3167 3127 3219 qua:
3150 3153 3275 3207 mihi
3310 3156 3613 3226 propinqua

2049 3243 2143 3296 per
2167 3230 2520 3287 imitationem
2547 3237 2769 3292 evasisti
2797 3255 2810 3291 :
2844 3254 3072 3308 quaeque
3119 3244 3608 3313 pulchritudinem,

2048 3338 2210 3392 quam
2265 3334 2484 3395 propter
2510 3328 2795 3399 imaginem
2829 3342 2882 3386 et
2912 3335 3324 3392 similitudinem
3357 3342 3611 3408 hausisti,

2047 3413 2250 3468 ellicaei
2302 3419 2612 3486 cognitime
2643 3424 2956 3479 cumulasti.
2987 3426 3126 3480 Ecce
3161 3429 3388 3497 pulchra
3422 3432 3612 3498 etiam,

2049 3507 2306 3571 quoniam
2355 3508 2421 3561 ad
2457 3510 2695 3578 reliquas
2741 3528 2933 3570 omnes
2976 3516 3206 3574 virtutes
3241 3527 3363 3575 tuas
3391 3520 3615 3576 humili-

2051 3605 2216 3651 tatem
2253 3599 2527 3668 adjungis.
2577 3601 2690 3656 Hoc
2729 3604 2892 3672 igitur
2921 3616 3078 3674 pacto
3107 3624 3229 3664 cum
3265 3625 3382 3666 eam
3417 3613 3470 3667 in
3495 3615 3615 3668 uni-

2049 3703 2266 3744 versum
2289 3690 2539 3754 laudarit,
2567 3709 2714 3748 nunc
2761 3697 3096 3768 singularum
3149 3703 3380 3772 partium
3423 3705 3613 3762 laudes

2052 3780 2411 3847 persequitur,
2451 3780 2626 3845 Oculi,
2661 3784 2932 3853 inquiens,
2986 3790 3062 3841 tui
3092 3791 3346 3846 columba:
3379 3809 3397 3847 :
3425 3805 3614 3861 praeter

2040 3866 2307 3920 silentium
2337 3876 2504 3921 tuum.
2539 3869 2714 3937 Oculi,
2767 3873 2855 3940 qui
2898 3883 2953 3928 et
3014 3891 3078 3930 ea
3103 3894 3224 3946 qua:
3250 3880 3353 3936 sub
3386 3896 3610 3939 sensum

2042 3956 2251 4012 cadunt
2301 3961 2627 4029 percipiunt,
2657 3973 2710 4018 et
2740 3979 2803 4019 ea
2846 3981 2966 4034 quae
3000 3979 3179 4023 mente
3235 3971 3350 4026 sola
3412 3973 3613 4029 intelli-

2042 4059 2265 4116 guntur,
2295 4059 2354 4105 ut
2411 4053 2710 4121 spiritales,
2768 4057 3255 4126 comprehendunt.
3311 4061 3447 4128 Quia
3505 4080 3604 4134 per

2043 4138 2191 4206 ipsos
2213 4143 2394 4195 omnia
2424 4158 2546 4212 quae
2608 4157 2793 4201 creata
2835 4157 2984 4212 sinit,
3045 4149 3216 4205 refers
3275 4154 3340 4207 ad
3396 4153 3608 4211 laudem

2043 4228 2336 4285 Creatoris.
2375 4231 2464 4287 Sic
2500 4242 2680 4289 autem
2713 4237 2860 4291 oculi
2907 4239 2996 4292 isti
3055 4241 3130 4294 tui
3162 4243 3431 4311 spiritales
3453 4255 3605 4311 sunt,

2045 4329 2242 4386 praeter
2273 4331 2418 4376 tuam
2469 4323 2537 4378 de
2607 4326 2716 4381 Deo
2779 4328 3203 4386 taciturnitatem
3241 4349 3254 4385 :
3299 4333 3414 4388 haec
3462 4337 3607 4391 enim

377 4395 547 4463 magis
576 4394 734 4447 etiam
769 4403 853 4448 est
885 4397 1146 4465 spiritalis
1180 4415 1194 4463 ;
1229 4413 1352 4451 nam
1398 4399 1451 4452 in
1495 4399 1699 4468 Spiritu
1721 4414 1934 4472 sancto,
1973 4406 2024 4460 id
2054 4412 2196 4478 quod
2216 4427 2431 4471 omnem
2460 4417 2827 4485 cognitionem
2875 4431 3117 4489 superat,
3187 4427 3470 4495 cognoscit
3540 4414 3610 4482 de

376 4485 486 4540 Deo
543 4502 735 4556 nempe
751 4489 893 4557 quod
927 4499 1157 4557 nequeat
1181 4492 1586 4561 comprehendi.

1016 4581 1276 4636 Ψελλοῦ.

442 4690 626 4742 Ταύτα
657 4691 754 4758 μὲν
787 4690 879 4744 οὖν
912 4692 988 4754 ὡς
1017 4696 1239 4760 γυναικὶ
1287 4699 1612 4766 προσομιλεῖ
1631 4702 1696 4770 τῇ
1727 4699 1939 4774 νύμφῃ.

374 4782 436 4834 Εἰ
459 4781 503 4832 δ’
526 4780 1013 4853 ἀναγωγικώτερον
1039 4783 1388 4854 ὲξερευνῆσαι
1417 4788 1611 4851 θέλεις,

376 4871 707 4942 Τριχώματα
746 4874 1023 4942 πεφύκασι
1073 4876 1173 4944 τῆς
1226 4875 1444 4948 νύμφης
1505 4881 1597 4931 καὶ
1649 4880 1940 4950 παρθένου,

381 4964 584 5030 Ἥγουν
613 4963 1113 5035 ὲγκαλλωπίσματα
1135 4965 1236 5036 τῆς
1265 4966 1413 5029 θείας
1456 4968 1805 5039 Ἐκκλησίας,

374 5053 448 5104 Τὸ
483 5053 682 5121 πλῆθος
707 5053 874 5116 ὅντως
902 5053 994 5105 τοῦ
1030 5055 1160 5108 λαοῦ
1212 5057 1312 5126 τῆς
1375 5057 1434 5121 ἐξ
1490 5057 1661 5112 ἐθνῶν
1714 5062 1933 5131 ἀγέλης.

455 5142 726 5208 Ὀδόντες
759 5158 875 5197 σου
908 5143 989 5208 ὡς
1019 5143 1231 5212 ἀγέλαι
1259 5145 1378 5199 τῶν
1425 5149 1827 5216 κεκορμένων,
1880 5153 1938 5202 al

371 5233 801 5286 ἀναϐαίνουσαι
825 5234 938 5286 ἀπὸ
961 5236 1065 5287 τοῦ
1086 5236 1364 5302 λουτροῦ,
1379 5240 1437 5290 αἱ
1459 5236 1648 5293 πᾶσαι
1679 5238 1946 5308 διδυμεύ-

372 5339 572 5387 οινσαι,
627 5324 726 5376 καὶ
755 5325 1096 5378 ἀτεκνοῦσα
1125 5327 1234 5379 οὐκ
1255 5327 1425 5381 ἔστιν
1447 5329 1515 5382 ἐν
1536 5330 1758 5396 αὐταῖς.

456 5415 702 5477 Ὀδόντας
725 5415 779 5467 δέ
805 5433 895 5485 μοι
928 5417 1163 5484 γίνωσκε
1189 5419 1316 5480 τοὺς
1362 5420 1539 5484 θείους
1567 5421 1939 5490 διδασκάλους,

373 5506 507 5568 Τοὺς
540 5509 939 5576 σαφηνίσαντας
961 5511 1094 5579 ἡμῖν
1121 5511 1342 5582 Γραφὴν
1367 5513 1467 5583 τὴν
1508 5515 1834 5586 σεδασμίαν,

374 5599 509 5658 Τοὺς
534 5600 822 5668 φροντίδας
855 5602 1056 5672 σαρκὸς
1097 5604 1654 5674 ὲναποκειραμένους,

375 5688 480 5738 Καὶ
513 5690 585 5757 τῷ
617 5690 717 5758 τῆς
746 5692 1106 5760 συνειδήσεως
1135 5693 1346 5762 λουτρῷ
1390 5682 1859 5767 κεκαθαρμένους.

377 5778 765 5848 Διδυμοτὸκους
790 5782 1008 5847 τούτους
1036 5785 1091 5837 δὲ
1120 5786 1281 5839 πάλιν
1338 5787 1367 5838 ὁ
1410 5787 1565 5854 λόγος
1615 5785 1789 5856 εἶπεν,

1967 4593 2021 4653 D

2699 4599 2886 4655 Pselli.

2114 4709 2236 4762 Ila‘c
2267 4717 2525 4778 tanquam
2581 4726 2704 4766 cum
2754 4713 2980 4768 muliere
3009 4727 3133 4767 cum
3195 4728 3392 4783 sponsa
3428 4718 3607 4787 loqui-

2042 4807 2153 4853 tur.
2185 4799 2340 4864 Quod
2369 4803 2415 4856 si
2445 4802 2525 4855 vis
2547 4801 2707 4855 altius
2734 4802 3125 4872 remindagare
3153 4821 3169 4858 :
3203 4819 3376 4860 coma:
3392 4822 3608 4876 sponsa:

2040 4891 2294 4960 virginis,
2343 4893 2444 4946 hoc
2468 4900 2552 4948 est
2577 4893 2773 4947 divina:
2837 4893 3098 4950 Ecclesiae
3161 4909 3500 4967 ornamenta,
3538 4917 3604 4956 ex

2041 4981 2278 5050 gentium
2311 4997 2470 5051 grege
2486 4991 2566 5038 est
2593 4984 2902 5039 multitudo.

2113 5161 2303 5216 Dentes
2335 5165 2410 5215 tui
2446 5164 2772 5234 sicutgreges
2798 5175 3071 5220 (ansarum
3114 5183 3227 5237 qua:
3257 5169 3604 5221 ascenderunt

2041 5266 2106 5305 ex
2129 5253 2362 5318 lavacro,
2399 5269 2574 5307 omnes
2598 5248 2833 5322 gemellis
2852 5255 3070 5322 fetibus,
3093 5265 3141 5308 et
3164 5254 3363 5309 sterilis
3397 5272 3501 5310 non
3525 5264 3602 5310 est

2044 5341 2181 5393 inter
2236 5357 2348 5394 eas.

2120 5433 2316 5488 Dentes
2356 5434 2484 5487 mihi
2543 5433 2827 5503 intelligito
2863 5434 3076 5490 divinos
3119 5434 3372 5490 doctores
3415 5449 3604 5491 sacro-

2048 5535 2290 5579 sanctam
2325 5525 2484 5578 nobis
2520 5525 2862 5593 Scripturam
2893 5525 3337 5594 interpretantes,
3371 5527 3465 5596 qui
3505 5527 3600 5583 de-

2046 5612 2226 5666 tonsis
2268 5611 2594 5679 rejectisque
2623 5612 2809 5667 carnis
2841 5613 3323 5679 sollicitmlinihus,
3389 5624 3442 5670 et
3469 5630 3601 5670 con-

2042 5703 2283 5756 ﬁcientia:
2308 5701 2524 5754 lavacro
2557 5701 2820 5762 mundati,
2847 5710 2956 5754 tum
2990 5704 3186 5757 anima:
3213 5713 3326 5758 tum
3351 5705 3601 5772 corporis

2036 5793 2332 5863 puritatem
2384 5793 2541 5861 quasi
2591 5793 2846 5860 gemellos
2889 5792 3030 5850 lctus
3075 5795 3273 5851 habere
3321 5795 3597 5852 dicuntur.
