  <div class='ocr_page' id='page_1' title='image "/cluster/home/n/w/nwhite01/storage/ocr_20150623/122/nnc1.0046979611/309.png"; bbox 0 0 4424 6446; ppageno 0'>
   <div class='ocr_carea' id='block_1_1' title="bbox 771 421 867 481">
    <p class='ocr_par' dir='ltr' id='par_1_1' title="bbox 771 421 867 481">
     <span class='ocr_line' id='line_1_1' title="bbox 771 421 867 481; baseline 0 -1"><span class='ocrx_word' id='word_1_1' title='bbox 771 421 867 481; x_wconf 69' lang='lat' dir='ltr'><strong>Cll</strong></span> 
     </span>
    </p>
   </div>
   <div class='ocr_carea' id='block_1_2' title="bbox 2065 407 2791 467">
    <p class='ocr_par' dir='ltr' id='par_1_2' title="bbox 2065 407 2791 467">
     <span class='ocr_line' id='line_1_2' title="bbox 2065 407 2791 467; baseline -0.001 -2"><span class='ocrx_word' id='word_1_2' title='bbox 2065 407 2481 467; x_wconf 80' lang='lat' dir='ltr'><strong>MICIIAELIS</strong></span> <span class='ocrx_word' id='word_1_3' title='bbox 2524 407 2791 467; x_wconf 75' lang='lat' dir='ltr'><strong>PSELH</strong></span> 
     </span>
    </p>
   </div>
   <div class='ocr_carea' id='block_1_3' title="bbox 3936 403 4037 467">
    <p class='ocr_par' dir='ltr' id='par_1_3' title="bbox 3936 403 4037 467">
     <span class='ocr_line' id='line_1_3' title="bbox 3936 403 4037 467; baseline -0.04 0"><span class='ocrx_word' id='word_1_4' title='bbox 3936 403 4037 467; x_wconf 67' lang='grc' dir='ltr'><strong>(ἷἶὲ</strong></span> 
     </span>
    </p>
   </div>
   <div class='ocr_carea' id='block_1_4' title="bbox 775 518 2522 598">
    <p class='ocr_par' dir='ltr' id='par_1_4' title="bbox 775 520 2522 598">
     <span class='ocr_line' id='line_1_4' title="bbox 775 520 2522 598; baseline -0.007 -12"><span class='ocrx_word' id='word_1_5' title='bbox 775 534 923 586; x_wconf 62' lang='lat' dir='ltr'><strong>Sicut</strong></span> <span class='ocrx_word' id='word_1_6' title='bbox 950 528 1221 598; x_wconf 71' lang='lat' dir='ltr'><strong>funiculus</strong></span> <span class='ocrx_word' id='word_1_7' title='bbox 1246 524 1516 580; x_wconf 82' lang='lat' dir='ltr'><strong>coecineus</strong></span> <span class='ocrx_word' id='word_1_8' title='bbox 1547 523 1688 579; x_wconf 83' lang='lat' dir='ltr'><strong><em>labia</em></strong></span> <span class='ocrx_word' id='word_1_9' title='bbox 1710 530 1821 585; x_wconf 83' lang='lat' dir='ltr'><strong>tuo,</strong></span> <span class='ocrx_word' id='word_1_10' title='bbox 1856 530 1901 573; x_wconf 82' lang='lat' dir='ltr'><strong>et</strong></span> <span class='ocrx_word' id='word_1_11' title='bbox 1919 520 2183 590; x_wconf 82' lang='lat' dir='ltr'><strong>eloquium</strong></span> <span class='ocrx_word' id='word_1_12' title='bbox 2207 529 2354 572; x_wconf 86' lang='lat' dir='ltr'><strong>tuum</strong></span> <span class='ocrx_word' id='word_1_13' title='bbox 2383 525 2432 582; x_wconf 78' lang='grc' dir='ltr'>Α</span> <span class='ocrx_word' id='word_1_14' title='bbox 2475 520 2522 573; x_wconf 82' lang='grc' dir='ltr'>Ὢ</span> 
     </span>
    </p>
   </div>
   <div class='ocr_carea' id='block_1_5' title="bbox 2268 518 4015 598">
    <p class='ocr_par' dir='ltr' id='par_1_5' title="bbox 2268 518 4015 592">
     <span class='ocr_line' id='line_1_5' title="bbox 2268 518 4015 592; baseline -0.001 -20"><span class='ocrx_word' id='word_1_15' title='bbox 2268 536 2354 572; x_wconf 86' lang='lat' dir='ltr'><strong>um</strong></span> <span class='ocrx_word' id='word_1_16' title='bbox 2383 525 2432 582; x_wconf 79' lang='grc' dir='ltr'>Α</span> <span class='ocrx_word' id='word_1_17' title='bbox 2475 520 2561 582; x_wconf 83' lang='grc' dir='ltr'>Ὠς</span> <span class='ocrx_word' id='word_1_18' title='bbox 2586 522 2678 573; x_wconf 70' lang='grc' dir='ltr'><strong>καὶ</strong></span> <span class='ocrx_word' id='word_1_19' title='bbox 2708 519 2883 589; x_wconf 74' lang='grc' dir='ltr'>ψυχῆς</span> <span class='ocrx_word' id='word_1_20' title='bbox 2912 521 3005 572; x_wconf 77' lang='grc' dir='ltr'><strong>καὶ</strong></span> <span class='ocrx_word' id='word_1_21' title='bbox 3031 520 3280 589; x_wconf 84' lang='grc' dir='ltr'>σώματος</span> <span class='ocrx_word' id='word_1_22' title='bbox 3312 520 3489 583; x_wconf 79' lang='grc' dir='ltr'>καλῶς</span> <span class='ocrx_word' id='word_1_23' title='bbox 3551 518 4015 592; x_wconf 62' lang='grc' dir='ltr'>καθηγνισμένους</span> 
     </span>
    </p>
   </div>
   <div class='ocr_carea' id='block_1_6' title="bbox 772 608 2345 685">
    <p class='ocr_par' dir='ltr' id='par_1_6' title="bbox 772 608 2345 685">
     <span class='ocr_line' id='line_1_6' title="bbox 772 608 2345 685; baseline -0.008 -14"><span class='ocrx_word' id='word_1_24' title='bbox 772 626 1043 673; x_wconf 79' lang='lat' dir='ltr'><strong>decorum.</strong></span> <span class='ocrx_word' id='word_1_25' title='bbox 1089 616 1313 685; x_wconf 64' lang='lat' dir='ltr'><strong>Sponsa</strong></span> <span class='ocrx_word' id='word_1_26' title='bbox 1369 612 1510 668; x_wconf 83' lang='lat' dir='ltr'><strong>labia</strong></span> <span class='ocrx_word' id='word_1_27' title='bbox 1587 626 1779 665; x_wconf 86' lang='lat' dir='ltr'><strong>rursus</strong></span> <span class='ocrx_word' id='word_1_28' title='bbox 1829 608 2197 662; x_wconf 85' lang='lat' dir='ltr'><strong>commendat.</strong></span> <span class='ocrx_word' id='word_1_29' title='bbox 2263 609 2345 660; x_wconf 90' lang='lat' dir='ltr'><strong>Tu</strong></span> 
     </span>
    </p>
   </div>
   <div class='ocr_carea' id='block_1_7' title="bbox 780 700 2351 779">
    <p class='ocr_par' dir='ltr' id='par_1_7' title="bbox 780 700 2351 779">
     <span class='ocr_line' id='line_1_7' title="bbox 780 700 2351 779; baseline -0.007 -16"><span class='ocrx_word' id='word_1_30' title='bbox 780 728 909 766; x_wconf 89' lang='lat' dir='ltr'><strong>vero</strong></span> <span class='ocrx_word' id='word_1_31' title='bbox 959 725 1053 779; x_wconf 84' lang='lat' dir='ltr'><strong>per</strong></span> <span class='ocrx_word' id='word_1_32' title='bbox 1088 707 1419 771; x_wconf 79' lang='lat' dir='ltr'><strong>funiculum,</strong></span> <span class='ocrx_word' id='word_1_33' title='bbox 1482 704 1683 760; x_wconf 77' lang='lat' dir='ltr'><strong>silentii</strong></span> <span class='ocrx_word' id='word_1_34' title='bbox 1726 701 1907 756; x_wconf 78' lang='lat' dir='ltr'><strong>dotem</strong></span> <span class='ocrx_word' id='word_1_35' title='bbox 1971 700 2203 769; x_wconf 83' lang='lat' dir='ltr'><strong>accipe:</strong></span> <span class='ocrx_word' id='word_1_36' title='bbox 2254 715 2351 770; x_wconf 90' lang='lat' dir='ltr'><strong>per</strong></span> 
     </span>
    </p>
   </div>
   <div class='ocr_carea' id='block_1_8' title="bbox 775 791 2346 870">
    <p class='ocr_par' dir='ltr' id='par_1_8' title="bbox 775 791 2346 870">
     <span class='ocr_line' id='line_1_8' title="bbox 775 791 2346 870; baseline -0.01 -13"><span class='ocrx_word' id='word_1_37' title='bbox 775 803 1049 870; x_wconf 75' lang='lat' dir='ltr'><strong>eloquium</strong></span> <span class='ocrx_word' id='word_1_38' title='bbox 1106 812 1237 852; x_wconf 83' lang='lat' dir='ltr'><strong>vero</strong></span> <span class='ocrx_word' id='word_1_39' title='bbox 1263 796 1543 858; x_wconf 88' lang='lat' dir='ltr'><strong>decorum,</strong></span> <span class='ocrx_word' id='word_1_40' title='bbox 1598 793 1837 847; x_wconf 80' lang='lat' dir='ltr'><strong>divinam</strong></span> <span class='ocrx_word' id='word_1_41' title='bbox 1883 791 2346 862; x_wconf 64' lang='lat' dir='ltr'><strong>praedicationem.</strong></span> 
     </span>
    </p>
   </div>
   <div class='ocr_carea' id='block_1_9' title="bbox 777 881 2351 960">
    <p class='ocr_par' dir='ltr' id='par_1_9' title="bbox 777 881 2351 960">
     <span class='ocr_line' id='line_1_9' title="bbox 777 881 2351 960; baseline -0.008 -16"><span class='ocrx_word' id='word_1_42' title='bbox 777 891 912 944; x_wconf 86' lang='lat' dir='ltr'><strong>Tum</strong></span> <span class='ocrx_word' id='word_1_43' title='bbox 955 889 1129 960; x_wconf 86' lang='lat' dir='ltr'><strong>gratia</strong></span> <span class='ocrx_word' id='word_1_44' title='bbox 1168 884 1555 941; x_wconf 76' lang='lat' dir='ltr'><strong>taciturnitatis</strong></span> <span class='ocrx_word' id='word_1_45' title='bbox 1587 884 1689 946; x_wconf 90' lang='lat' dir='ltr'><strong>sic,</strong></span> <span class='ocrx_word' id='word_1_46' title='bbox 1727 883 1925 953; x_wconf 90' lang='lat' dir='ltr'><strong>inquit,</strong></span> <span class='ocrx_word' id='word_1_47' title='bbox 1978 881 2225 944; x_wconf 77' lang='lat' dir='ltr'><strong>excellis,</strong></span> <span class='ocrx_word' id='word_1_48' title='bbox 2289 886 2351 933; x_wconf 91' lang='lat' dir='ltr'><strong>ut</strong></span> 
     </span>
    </p>
   </div>
   <div class='ocr_carea' id='block_1_10' title="bbox 774 970 2351 1050">
    <p class='ocr_par' dir='ltr' id='par_1_10' title="bbox 774 970 2351 1050">
     <span class='ocr_line' id='line_1_10' title="bbox 774 970 2351 1050; baseline -0.006 -15"><span class='ocrx_word' id='word_1_49' title='bbox 774 982 911 1035; x_wconf 84' lang='lat' dir='ltr'><strong>nihil</strong></span> <span class='ocrx_word' id='word_1_50' title='bbox 946 978 1303 1050; x_wconf 86' lang='lat' dir='ltr'><strong>superﬂuum,</strong></span> <span class='ocrx_word' id='word_1_51' title='bbox 1341 975 1477 1028; x_wconf 86' lang='lat' dir='ltr'><strong>nihil</strong></span> <span class='ocrx_word' id='word_1_52' title='bbox 1502 974 1801 1028; x_wconf 87' lang='lat' dir='ltr'><strong>absurdum</strong></span> <span class='ocrx_word' id='word_1_53' title='bbox 1862 973 2077 1026; x_wconf 81' lang='lat' dir='ltr'><strong>excidat</strong></span> <span class='ocrx_word' id='word_1_54' title='bbox 2127 986 2157 1025; x_wconf 92' lang='lat' dir='ltr'><strong>e</strong></span> <span class='ocrx_word' id='word_1_55' title='bbox 2195 970 2351 1025; x_wconf 84' lang='lat' dir='ltr'><strong>labiis</strong></span> 
     </span>
    </p>
   </div>
   <div class='ocr_carea' id='block_1_11' title="bbox 777 1059 2349 1138">
    <p class='ocr_par' dir='ltr' id='par_1_11' title="bbox 777 1059 2349 1138">
     <span class='ocr_line' id='line_1_11' title="bbox 777 1059 2349 1138; baseline -0.01 -9"><span class='ocrx_word' id='word_1_56' title='bbox 777 1076 906 1129; x_wconf 76' lang='lat' dir='ltr'><strong>tuis.</strong></span> <span class='ocrx_word' id='word_1_57' title='bbox 969 1075 1021 1125; x_wconf 57' lang='lat' dir='ltr'><strong>Si</strong></span> <span class='ocrx_word' id='word_1_58' title='bbox 1052 1070 1177 1138; x_wconf 89' lang='lat' dir='ltr'><strong>quid</strong></span> <span class='ocrx_word' id='word_1_59' title='bbox 1236 1068 1381 1121; x_wconf 87' lang='lat' dir='ltr'><strong>enim</strong></span> <span class='ocrx_word' id='word_1_60' title='bbox 1441 1066 1734 1135; x_wconf 83' lang='lat' dir='ltr'><strong>aliquando</strong></span> <span class='ocrx_word' id='word_1_61' title='bbox 1770 1066 1853 1117; x_wconf 89' lang='lat' dir='ltr'><strong>vis</strong></span> <span class='ocrx_word' id='word_1_62' title='bbox 1891 1063 2038 1130; x_wconf 84' lang='lat' dir='ltr'><strong>loqui</strong></span> <span class='ocrx_word' id='word_1_63' title='bbox 2107 1076 2227 1131; x_wconf 70' lang='lat' dir='ltr'><strong>qua:</strong></span> <span class='ocrx_word' id='word_1_64' title='bbox 2283 1059 2349 1114; x_wconf 86' lang='lat' dir='ltr'><strong>ad</strong></span> 
     </span>
    </p>
   </div>
   <div class='ocr_carea' id='block_1_12' title="bbox 778 1152 2352 1234">
    <p class='ocr_par' dir='ltr' id='par_1_12' title="bbox 778 1152 2352 1234">
     <span class='ocr_line' id='line_1_12' title="bbox 778 1152 2352 1234; baseline -0.01 -14"><span class='ocrx_word' id='word_1_65' title='bbox 778 1167 901 1220; x_wconf 81' lang='lat' dir='ltr'><strong>lidei</strong></span> <span class='ocrx_word' id='word_1_66' title='bbox 940 1160 1432 1234; x_wconf 80' lang='lat' dir='ltr'><strong>promulgationem</strong></span> <span class='ocrx_word' id='word_1_67' title='bbox 1473 1157 1887 1223; x_wconf 89' lang='lat' dir='ltr'><strong>doctrinamque</strong></span> <span class='ocrx_word' id='word_1_68' title='bbox 1924 1154 2217 1219; x_wconf 83' lang='lat' dir='ltr'><strong>pertinent,</strong></span> <span class='ocrx_word' id='word_1_69' title='bbox 2273 1152 2352 1206; x_wconf 92' lang='lat' dir='ltr'><strong>lo-</strong></span> 
     </span>
    </p>
   </div>
   <div class='ocr_carea' id='block_1_13' title="bbox 775 1240 2351 1324">
    <p class='ocr_par' dir='ltr' id='par_1_13' title="bbox 775 1240 2351 1324">
     <span class='ocr_line' id='line_1_13' title="bbox 775 1240 2351 1324; baseline -0.01 -15"><span class='ocrx_word' id='word_1_70' title='bbox 775 1256 982 1324; x_wconf 68' lang='lat' dir='ltr'><strong>quuis.</strong></span> <span class='ocrx_word' id='word_1_71' title='bbox 1018 1252 1148 1305; x_wconf 79' lang='lat' dir='ltr'><strong>Ecce</strong></span> <span class='ocrx_word' id='word_1_72' title='bbox 1170 1248 1390 1316; x_wconf 84' lang='lat' dir='ltr'><strong>pulchra</strong></span> <span class='ocrx_word' id='word_1_73' title='bbox 1414 1262 1488 1309; x_wconf 87' lang='lat' dir='ltr'><strong>es,</strong></span> <span class='ocrx_word' id='word_1_74' title='bbox 1515 1244 1809 1312; x_wconf 82' lang='lat' dir='ltr'><strong>propinqua</strong></span> <span class='ocrx_word' id='word_1_75' title='bbox 1842 1258 2109 1304; x_wconf 81' lang='lat' dir='ltr'><strong>mea,eece</strong></span> <span class='ocrx_word' id='word_1_76' title='bbox 2130 1240 2351 1311; x_wconf 79' lang='lat' dir='ltr'><strong>pulchra</strong></span> 
     </span>
    </p>
   </div>
   <div class='ocr_carea' id='block_1_14' title="bbox 776 1332 2352 1407">
    <p class='ocr_par' dir='ltr' id='par_1_14' title="bbox 776 1332 2352 1407">
     <span class='ocr_line' id='line_1_14' title="bbox 776 1332 2352 1407; baseline -0.01 -7"><span class='ocrx_word' id='word_1_77' title='bbox 776 1364 853 1400; x_wconf 87' lang='lat' dir='ltr'><strong>cs.</strong></span> <span class='ocrx_word' id='word_1_78' title='bbox 910 1344 1194 1399; x_wconf 88' lang='lat' dir='ltr'><strong>Geminam</strong></span> <span class='ocrx_word' id='word_1_79' title='bbox 1236 1341 1324 1393; x_wconf 91' lang='lat' dir='ltr'><strong>hic</strong></span> <span class='ocrx_word' id='word_1_80' title='bbox 1370 1350 1587 1407; x_wconf 90' lang='lat' dir='ltr'><strong>quoque</strong></span> <span class='ocrx_word' id='word_1_81' title='bbox 1617 1335 1847 1404; x_wconf 86' lang='lat' dir='ltr'><strong>protulit</strong></span> <span class='ocrx_word' id='word_1_82' title='bbox 1878 1334 2090 1387; x_wconf 88' lang='lat' dir='ltr'><strong>laudem</strong></span> <span class='ocrx_word' id='word_1_83' title='bbox 2116 1332 2352 1403; x_wconf 84' lang='lat' dir='ltr'><strong>pulchri-</strong></span> 
     </span>
    </p>
   </div>
   <div class='ocr_carea' id='block_1_15' title="bbox 778 1426 2353 1496">
    <p class='ocr_par' dir='ltr' id='par_1_15' title="bbox 778 1426 2353 1496">
     <span class='ocr_line' id='line_1_15' title="bbox 778 1426 2353 1496; baseline -0.008 -7"><span class='ocrx_word' id='word_1_84' title='bbox 778 1436 1003 1491; x_wconf 85' lang='lat' dir='ltr'><strong>tudinis.</strong></span> <span class='ocrx_word' id='word_1_85' title='bbox 1040 1434 1208 1488; x_wconf 84' lang='lat' dir='ltr'><strong>Genis</strong></span> <span class='ocrx_word' id='word_1_86' title='bbox 1263 1432 1405 1485; x_wconf 86' lang='lat' dir='ltr'><strong>enim</strong></span> <span class='ocrx_word' id='word_1_87' title='bbox 1438 1428 1623 1482; x_wconf 85' lang='lat' dir='ltr'><strong>vultus</strong></span> <span class='ocrx_word' id='word_1_88' title='bbox 1680 1426 1801 1496; x_wconf 89' lang='lat' dir='ltr'><strong>ejus</strong></span> <span class='ocrx_word' id='word_1_89' title='bbox 1857 1441 1885 1479; x_wconf 92' lang='lat' dir='ltr'><strong>a</strong></span> <span class='ocrx_word' id='word_1_90' title='bbox 1926 1441 2200 1496; x_wconf 88' lang='lat' dir='ltr'><strong>purpureo</strong></span> <span class='ocrx_word' id='word_1_91' title='bbox 2241 1440 2353 1478; x_wconf 92' lang='lat' dir='ltr'><strong>mo-</strong></span> 
     </span>
    </p>
   </div>
   <div class='ocr_carea' id='block_1_16' title="bbox 775 1518 2351 1587">
    <p class='ocr_par' dir='ltr' id='par_1_16' title="bbox 775 1518 2351 1587">
     <span class='ocr_line' id='line_1_16' title="bbox 775 1518 2351 1587; baseline -0.007 -8"><span class='ocrx_word' id='word_1_92' title='bbox 775 1527 962 1581; x_wconf 69' lang='lat' dir='ltr'><strong>destim</strong></span> <span class='ocrx_word' id='word_1_93' title='bbox 982 1526 1182 1579; x_wconf 84' lang='lat' dir='ltr'><strong>decore</strong></span> <span class='ocrx_word' id='word_1_94' title='bbox 1215 1521 1567 1583; x_wconf 89' lang='lat' dir='ltr'><strong>collaudatis,</strong></span> <span class='ocrx_word' id='word_1_95' title='bbox 1589 1518 1785 1572; x_wconf 75' lang='lat' dir='ltr'><strong>animae</strong></span> <span class='ocrx_word' id='word_1_96' title='bbox 1824 1531 2042 1587; x_wconf 88' lang='lat' dir='ltr'><strong>quoque</strong></span> <span class='ocrx_word' id='word_1_97' title='bbox 2068 1530 2351 1571; x_wconf 51' lang='lat' dir='ltr'><strong>common.</strong></span> 
     </span>
    </p>
   </div>
   <div class='ocr_carea' id='block_1_17' title="bbox 776 1605 2351 1687">
    <p class='ocr_par' dir='ltr' id='par_1_17' title="bbox 776 1605 2351 1687">
     <span class='ocr_line' id='line_1_17' title="bbox 776 1605 2351 1687; baseline -0.01 -15"><span class='ocrx_word' id='word_1_98' title='bbox 776 1620 864 1672; x_wconf 85' lang='lat' dir='ltr'><strong>dat</strong></span> <span class='ocrx_word' id='word_1_99' title='bbox 895 1613 1380 1687; x_wconf 87' lang='lat' dir='ltr'><strong>pulchritudinem,</strong></span> <span class='ocrx_word' id='word_1_100' title='bbox 1425 1610 1493 1667; x_wconf 87' lang='lat' dir='ltr'><strong>Ut</strong></span> <span class='ocrx_word' id='word_1_101' title='bbox 1549 1618 1781 1670; x_wconf 86' lang='lat' dir='ltr'><strong>taceam,</strong></span> <span class='ocrx_word' id='word_1_102' title='bbox 1840 1606 2118 1676; x_wconf 87' lang='lat' dir='ltr'><strong>inquiens,</strong></span> <span class='ocrx_word' id='word_1_103' title='bbox 2152 1605 2351 1660; x_wconf 89' lang='lat' dir='ltr'><strong>silentii</strong></span> 
     </span>
    </p>
   </div>
   <div class='ocr_carea' id='block_1_18' title="bbox 775 1695 2353 1765">
    <p class='ocr_par' dir='ltr' id='par_1_18' title="bbox 775 1695 2353 1765">
     <span class='ocr_line' id='line_1_18' title="bbox 775 1695 2353 1765; baseline -0.005 -8"><span class='ocrx_word' id='word_1_104' title='bbox 775 1707 942 1760; x_wconf 89' lang='lat' dir='ltr'><strong>decus</strong></span> <span class='ocrx_word' id='word_1_105' title='bbox 965 1707 1159 1759; x_wconf 76' lang='lat' dir='ltr'><strong>anima:</strong></span> <span class='ocrx_word' id='word_1_106' title='bbox 1181 1714 1305 1758; x_wconf 74' lang='lat' dir='ltr'><strong>tute.</strong></span> <span class='ocrx_word' id='word_1_107' title='bbox 1336 1702 1463 1757; x_wconf 61' lang='grc' dir='ltr'><strong>Πευο</strong></span> <span class='ocrx_word' id='word_1_108' title='bbox 1490 1699 1995 1755; x_wconf 83' lang='lat' dir='ltr'><strong>enimextrinsecus</strong></span> <span class='ocrx_word' id='word_1_109' title='bbox 2023 1698 2241 1765; x_wconf 84' lang='lat' dir='ltr'><strong>quidem</strong></span> <span class='ocrx_word' id='word_1_110' title='bbox 2262 1695 2353 1765; x_wconf 82' lang='lat' dir='ltr'><strong>ju-</strong></span> 
     </span>
    </p>
   </div>
   <div class='ocr_carea' id='block_1_19' title="bbox 774 1786 2355 1865">
    <p class='ocr_par' dir='ltr' id='par_1_19' title="bbox 774 1786 2355 1865">
     <span class='ocr_line' id='line_1_19' title="bbox 774 1786 2355 1865; baseline -0.008 -16"><span class='ocrx_word' id='word_1_111' title='bbox 774 1798 1012 1849; x_wconf 89' lang='lat' dir='ltr'><strong>cundum</strong></span> <span class='ocrx_word' id='word_1_112' title='bbox 1060 1791 1433 1865; x_wconf 88' lang='lat' dir='ltr'><strong>spectaculum</strong></span> <span class='ocrx_word' id='word_1_113' title='bbox 1490 1789 1753 1858; x_wconf 64' lang='lat' dir='ltr'><strong>praebent,</strong></span> <span class='ocrx_word' id='word_1_114' title='bbox 1805 1786 1953 1842; x_wconf 91' lang='lat' dir='ltr'><strong>intus</strong></span> <span class='ocrx_word' id='word_1_115' title='bbox 1992 1797 2171 1840; x_wconf 86' lang='lat' dir='ltr'><strong>autem</strong></span> <span class='ocrx_word' id='word_1_116' title='bbox 2220 1799 2355 1855; x_wconf 78' lang='lat' dir='ltr'><strong>prac-</strong></span> 
     </span>
    </p>
   </div>
   <div class='ocr_carea' id='block_1_20' title="bbox 778 1880 1749 1950">
    <p class='ocr_par' dir='ltr' id='par_1_20' title="bbox 778 1880 1749 1950">
     <span class='ocr_line' id='line_1_20' title="bbox 778 1880 1749 1950; baseline -0.011 -8"><span class='ocrx_word' id='word_1_117' title='bbox 778 1889 1037 1942; x_wconf 81' lang='lat' dir='ltr'><strong>stantiam</strong></span> <span class='ocrx_word' id='word_1_118' title='bbox 1071 1889 1357 1941; x_wconf 81' lang='lat' dir='ltr'><strong>continent</strong></span> <span class='ocrx_word' id='word_1_119' title='bbox 1389 1880 1749 1950; x_wconf 81' lang='lat' dir='ltr'><strong>singularem.</strong></span> 
     </span>
    </p>
   </div>
   <div class='ocr_carea' id='block_1_21' title="bbox 849 2162 2356 2242">
    <p class='ocr_par' dir='ltr' id='par_1_21' title="bbox 849 2162 2356 2242">
     <span class='ocr_line' id='line_1_21' title="bbox 849 2162 2356 2242; baseline -0.011 -10"><span class='ocrx_word' id='word_1_120' title='bbox 849 2178 1028 2236; x_wconf 70' lang='lat' dir='ltr'><strong>Comm</strong></span> <span class='ocrx_word' id='word_1_121' title='bbox 1061 2184 1172 2229; x_wconf 71' lang='lat' dir='ltr'><strong>tute</strong></span> <span class='ocrx_word' id='word_1_122' title='bbox 1195 2173 1331 2227; x_wconf 85' lang='lat' dir='ltr'><strong>sicut</strong></span> <span class='ocrx_word' id='word_1_123' title='bbox 1360 2184 1535 2242; x_wconf 78' lang='lat' dir='ltr'><strong>greges</strong></span> <span class='ocrx_word' id='word_1_124' title='bbox 1567 2183 1877 2236; x_wconf 86' lang='lat' dir='ltr'><strong>caprarum,</strong></span> <span class='ocrx_word' id='word_1_125' title='bbox 1942 2180 2059 2236; x_wconf 67' lang='lat' dir='ltr'><strong>qum</strong></span> <span class='ocrx_word' id='word_1_126' title='bbox 2117 2162 2356 2218; x_wconf 80' lang='lat' dir='ltr'><strong>revelata:</strong></span> 
     </span>
    </p>
   </div>
   <div class='ocr_carea' id='block_1_22' title="bbox 780 2265 1244 2325">
    <p class='ocr_par' dir='ltr' id='par_1_22' title="bbox 780 2265 1244 2325">
     <span class='ocr_line' id='line_1_22' title="bbox 780 2265 1244 2325; baseline -0.015 1"><span class='ocrx_word' id='word_1_127' title='bbox 780 2282 900 2325; x_wconf 84' lang='lat' dir='ltr'><strong>sunt</strong></span> <span class='ocrx_word' id='word_1_128' title='bbox 921 2286 984 2325; x_wconf 73' lang='lat' dir='ltr'><strong>ea:</strong></span> <span class='ocrx_word' id='word_1_129' title='bbox 1016 2265 1244 2322; x_wconf 80' lang='lat' dir='ltr'><strong>Guluad.</strong></span> 
     </span>
    </p>
   </div>
   <div class='ocr_carea' id='block_1_23' title="bbox 1316 2351 1784 2408">
    <p class='ocr_par' dir='ltr' id='par_1_23' title="bbox 1316 2351 1784 2408">
     <span class='ocr_line' id='line_1_23' title="bbox 1316 2351 1784 2408; baseline -0.011 0"><span class='ocrx_word' id='word_1_130' title='bbox 1316 2353 1500 2408; x_wconf 80' lang='lat' dir='ltr'><strong>Triuni</strong></span> <span class='ocrx_word' id='word_1_131' title='bbox 1536 2351 1784 2406; x_wconf 84' lang='lat' dir='ltr'><strong>Patrum.</strong></span> 
     </span>
    </p>
   </div>
   <div class='ocr_carea' id='block_1_24' title="bbox 856 2436 2354 2523">
    <p class='ocr_par' dir='ltr' id='par_1_24' title="bbox 856 2436 2354 2523">
     <span class='ocr_line' id='line_1_24' title="bbox 856 2436 2354 2523; baseline -0.013 -15"><span class='ocrx_word' id='word_1_132' title='bbox 856 2451 1232 2523; x_wconf 89' lang='lat' dir='ltr'><strong>Cogitationes</strong></span> <span class='ocrx_word' id='word_1_133' title='bbox 1294 2447 1507 2503; x_wconf 87' lang='lat' dir='ltr'><strong>scilicet</strong></span> <span class='ocrx_word' id='word_1_134' title='bbox 1552 2452 1692 2506; x_wconf 64' lang='lat' dir='ltr'><strong>tute,</strong></span> <span class='ocrx_word' id='word_1_135' title='bbox 1751 2454 1874 2511; x_wconf 73' lang='lat' dir='ltr'><strong>qua:</strong></span> <span class='ocrx_word' id='word_1_136' title='bbox 1928 2438 1996 2493; x_wconf 91' lang='lat' dir='ltr'><strong>ad</strong></span> <span class='ocrx_word' id='word_1_137' title='bbox 2047 2436 2354 2500; x_wconf 86' lang='lat' dir='ltr'><strong>actionem;</strong></span> 
     </span>
    </p>
   </div>
   <div class='ocr_carea' id='block_1_25' title="bbox 782 2528 2361 2617">
    <p class='ocr_par' dir='ltr' id='par_1_25' title="bbox 782 2528 2361 2617">
     <span class='ocr_line' id='line_1_25' title="bbox 782 2528 2361 2617; baseline -0.015 -16"><span class='ocrx_word' id='word_1_138' title='bbox 782 2548 985 2617; x_wconf 89' lang='lat' dir='ltr'><strong>quique</strong></span> <span class='ocrx_word' id='word_1_139' title='bbox 1021 2546 1074 2597; x_wconf 91' lang='lat' dir='ltr'><strong>in</strong></span> <span class='ocrx_word' id='word_1_140' title='bbox 1133 2541 1332 2612; x_wconf 75' lang='lat' dir='ltr'><strong>Spiritu</strong></span> <span class='ocrx_word' id='word_1_141' title='bbox 1384 2540 1450 2592; x_wconf 88' lang='lat' dir='ltr'><strong>ad</strong></span> <span class='ocrx_word' id='word_1_142' title='bbox 1508 2528 2024 2601; x_wconf 88' lang='lat' dir='ltr'><strong>contemplationem</strong></span> <span class='ocrx_word' id='word_1_143' title='bbox 2088 2528 2361 2598; x_wconf 89' lang='lat' dir='ltr'><strong>pertinent</strong></span> 
     </span>
    </p>
   </div>
   <div class='ocr_carea' id='block_1_26' title="bbox 785 2619 2359 2698">
    <p class='ocr_par' dir='ltr' id='par_1_26' title="bbox 785 2619 2359 2698">
     <span class='ocr_line' id='line_1_26' title="bbox 785 2619 2359 2698; baseline -0.013 -7"><span class='ocrx_word' id='word_1_144' title='bbox 785 2649 1093 2698; x_wconf 83' lang='lat' dir='ltr'><strong>sermones,</strong></span> <span class='ocrx_word' id='word_1_145' title='bbox 1135 2643 1190 2687; x_wconf 90' lang='lat' dir='ltr'><strong>et</strong></span> <span class='ocrx_word' id='word_1_146' title='bbox 1247 2644 1429 2686; x_wconf 87' lang='lat' dir='ltr'><strong>rerum</strong></span> <span class='ocrx_word' id='word_1_147' title='bbox 1468 2627 1785 2683; x_wconf 87' lang='lat' dir='ltr'><strong>divinarum</strong></span> <span class='ocrx_word' id='word_1_148' title='bbox 1821 2638 1942 2694; x_wconf 65' lang='lat' dir='ltr'><strong>quae.</strong></span> <span class='ocrx_word' id='word_1_149' title='bbox 1996 2619 2359 2691; x_wconf 87' lang='lat' dir='ltr'><strong>cognitionem</strong></span> 
     </span>
    </p>
   </div>
   <div class='ocr_carea' id='block_1_27' title="bbox 784 2713 2355 2795">
    <p class='ocr_par' dir='ltr' id='par_1_27' title="bbox 784 2713 2355 2795">
     <span class='ocr_line' id='line_1_27' title="bbox 784 2713 2355 2795; baseline -0.011 -15"><span class='ocrx_word' id='word_1_150' title='bbox 784 2734 1062 2795; x_wconf 86' lang='lat' dir='ltr'><strong>superant,</strong></span> <span class='ocrx_word' id='word_1_151' title='bbox 1089 2723 1269 2778; x_wconf 89' lang='lat' dir='ltr'><strong>studia</strong></span> <span class='ocrx_word' id='word_1_152' title='bbox 1293 2736 1358 2776; x_wconf 77' lang='lat' dir='ltr'><strong>ex</strong></span> <span class='ocrx_word' id='word_1_153' title='bbox 1388 2726 1568 2774; x_wconf 87' lang='lat' dir='ltr'><strong>mente</strong></span> <span class='ocrx_word' id='word_1_154' title='bbox 1598 2726 1691 2772; x_wconf 91' lang='lat' dir='ltr'><strong>tua</strong></span> <span class='ocrx_word' id='word_1_155' title='bbox 1719 2718 1800 2787; x_wconf 90' lang='lat' dir='ltr'><strong>(ut</strong></span> <span class='ocrx_word' id='word_1_156' title='bbox 1833 2730 1899 2769; x_wconf 79' lang='lat' dir='ltr'><strong>ex</strong></span> <span class='ocrx_word' id='word_1_157' title='bbox 1942 2714 2122 2783; x_wconf 88' lang='lat' dir='ltr'><strong>capite</strong></span> <span class='ocrx_word' id='word_1_158' title='bbox 2161 2713 2355 2779; x_wconf 73' lang='lat' dir='ltr'><strong>comae)</strong></span> 
     </span>
    </p>
   </div>
   <div class='ocr_carea' id='block_1_28' title="bbox 785 2802 2361 2888">
    <p class='ocr_par' dir='ltr' id='par_1_28' title="bbox 785 2802 2361 2888">
     <span class='ocr_line' id='line_1_28' title="bbox 785 2802 2361 2888; baseline -0.013 -15"><span class='ocrx_word' id='word_1_159' title='bbox 785 2817 1107 2888; x_wconf 84' lang='lat' dir='ltr'><strong>spiritaliter</strong></span> <span class='ocrx_word' id='word_1_160' title='bbox 1129 2813 1316 2869; x_wconf 89' lang='lat' dir='ltr'><strong>omnia</strong></span> <span class='ocrx_word' id='word_1_161' title='bbox 1336 2817 1638 2866; x_wconf 86' lang='lat' dir='ltr'><strong>nascuntur</strong></span> <span class='ocrx_word' id='word_1_162' title='bbox 1666 2826 1681 2862; x_wconf 87' lang='lat'><strong>:</strong></span> <span class='ocrx_word' id='word_1_163' title='bbox 1717 2816 1771 2862; x_wconf 93' lang='lat' dir='ltr'><strong>et</strong></span> <span class='ocrx_word' id='word_1_164' title='bbox 1797 2806 1864 2860; x_wconf 88' lang='lat' dir='ltr'><strong>ad</strong></span> <span class='ocrx_word' id='word_1_165' title='bbox 1882 2819 1944 2859; x_wconf 90' lang='lat' dir='ltr'><strong>ea</strong></span> <span class='ocrx_word' id='word_1_166' title='bbox 1966 2818 2088 2873; x_wconf 63' lang='lat' dir='ltr'><strong>qua:</strong></span> <span class='ocrx_word' id='word_1_167' title='bbox 2118 2802 2173 2855; x_wconf 92' lang='lat' dir='ltr'><strong>in</strong></span> <span class='ocrx_word' id='word_1_168' title='bbox 2195 2814 2361 2855; x_wconf 86' lang='lat' dir='ltr'><strong>carne</strong></span> 
     </span>
    </p>
   </div>
   <div class='ocr_carea' id='block_1_29' title="bbox 788 2895 2360 2975">
    <p class='ocr_par' dir='ltr' id='par_1_29' title="bbox 788 2895 2360 2975">
     <span class='ocr_line' id='line_1_29' title="bbox 788 2895 2360 2975; baseline -0.013 -13"><span class='ocrx_word' id='word_1_169' title='bbox 788 2908 1100 2975; x_wconf 80' lang='lat' dir='ltr'><strong>nuindoque</strong></span> <span class='ocrx_word' id='word_1_170' title='bbox 1114 2912 1259 2965; x_wconf 87' lang='lat' dir='ltr'><strong>sunt,</strong></span> <span class='ocrx_word' id='word_1_171' title='bbox 1286 2916 1451 2957; x_wconf 89' lang='lat' dir='ltr'><strong>sensu</strong></span> <span class='ocrx_word' id='word_1_172' title='bbox 1479 2906 1687 2962; x_wconf 88' lang='lat' dir='ltr'><strong>carent,</strong></span> <span class='ocrx_word' id='word_1_173' title='bbox 1707 2896 1784 2951; x_wconf 90' lang='lat' dir='ltr'><strong>uti</strong></span> <span class='ocrx_word' id='word_1_174' title='bbox 1805 2895 2061 2949; x_wconf 80' lang='lat' dir='ltr'><strong>ﬂorentes</strong></span> <span class='ocrx_word' id='word_1_175' title='bbox 2074 2904 2360 2961; x_wconf 90' lang='lat' dir='ltr'><strong>caprarum</strong></span> 
     </span>
    </p>
   </div>
   <div class='ocr_carea' id='block_1_30' title="bbox 788 2980 2357 3069">
    <p class='ocr_par' dir='ltr' id='par_1_30' title="bbox 788 2980 2357 3069">
     <span class='ocr_line' id='line_1_30' title="bbox 788 2980 2357 3069; baseline -0.01 -20"><span class='ocrx_word' id='word_1_176' title='bbox 788 3000 906 3069; x_wconf 78' lang='lat' dir='ltr'><strong>pili,</strong></span> <span class='ocrx_word' id='word_1_177' title='bbox 939 3012 1057 3065; x_wconf 76' lang='lat' dir='ltr'><strong>quae</strong></span> <span class='ocrx_word' id='word_1_178' title='bbox 1091 2994 1337 3050; x_wconf 79' lang='lat' dir='ltr'><strong>revelata:</strong></span> <span class='ocrx_word' id='word_1_179' title='bbox 1360 3000 1563 3046; x_wconf 82' lang='lat' dir='ltr'><strong>suntex</strong></span> <span class='ocrx_word' id='word_1_180' title='bbox 1591 2998 1776 3043; x_wconf 87' lang='lat' dir='ltr'><strong>monte</strong></span> <span class='ocrx_word' id='word_1_181' title='bbox 1805 2984 2069 3040; x_wconf 87' lang='lat' dir='ltr'><strong>invisibili</strong></span> <span class='ocrx_word' id='word_1_182' title='bbox 2108 2980 2310 3036; x_wconf 88' lang='lat' dir='ltr'><strong>Galaad</strong></span> <span class='ocrx_word' id='word_1_183' title='bbox 2343 2997 2357 3045; x_wconf 87' lang='lat'>;</span> 
     </span>
    </p>
   </div>
   <div class='ocr_carea' id='block_1_31' title="bbox 787 3068 2365 3154">
    <p class='ocr_par' dir='ltr' id='par_1_31' title="bbox 787 3068 2365 3154">
     <span class='ocr_line' id='line_1_31' title="bbox 787 3068 2365 3154; baseline -0.01 -17"><span class='ocrx_word' id='word_1_184' title='bbox 787 3068 907 3154; x_wconf 67' lang='lat' dir='ltr'><strong>qua:</strong></span> <span class='ocrx_word' id='word_1_185' title='bbox 938 3081 1194 3136; x_wconf 89' lang='lat' dir='ltr'><strong>nimirum</strong></span> <span class='ocrx_word' id='word_1_186' title='bbox 1230 3089 1449 3135; x_wconf 77' lang='lat' dir='ltr'><strong>retecue</strong></span> <span class='ocrx_word' id='word_1_187' title='bbox 1483 3085 1613 3132; x_wconf 90' lang='lat' dir='ltr'><strong>sunt</strong></span> <span class='ocrx_word' id='word_1_188' title='bbox 1643 3090 1709 3130; x_wconf 81' lang='lat' dir='ltr'><strong>ex</strong></span> <span class='ocrx_word' id='word_1_189' title='bbox 1762 3072 2006 3127; x_wconf 86' lang='lat' dir='ltr'><strong>tenebris</strong></span> <span class='ocrx_word' id='word_1_190' title='bbox 2052 3068 2280 3124; x_wconf 71' lang='lat' dir='ltr'><strong>malitia:</strong></span> <span class='ocrx_word' id='word_1_191' title='bbox 2310 3076 2365 3122; x_wconf 92' lang='lat' dir='ltr'><strong>et</strong></span> 
     </span>
    </p>
   </div>
   <div class='ocr_carea' id='block_1_32' title="bbox 788 3160 2361 3244">
    <p class='ocr_par' dir='ltr' id='par_1_32' title="bbox 788 3160 2361 3244">
     <span class='ocr_line' id='line_1_32' title="bbox 788 3160 2361 3244; baseline -0.011 -16"><span class='ocrx_word' id='word_1_192' title='bbox 788 3174 1110 3244; x_wconf 76' lang='lat' dir='ltr'><strong>ignorantia:</strong></span> <span class='ocrx_word' id='word_1_193' title='bbox 1155 3180 1209 3227; x_wconf 90' lang='lat' dir='ltr'><strong>et</strong></span> <span class='ocrx_word' id='word_1_194' title='bbox 1262 3170 1581 3239; x_wconf 83' lang='lat' dir='ltr'><strong>impietatis,</strong></span> <span class='ocrx_word' id='word_1_195' title='bbox 1627 3182 1695 3222; x_wconf 76' lang='lat' dir='ltr'><strong>ex</strong></span> <span class='ocrx_word' id='word_1_196' title='bbox 1729 3164 1929 3236; x_wconf 90' lang='lat' dir='ltr'><strong>quibus</strong></span> <span class='ocrx_word' id='word_1_197' title='bbox 1960 3161 2028 3217; x_wconf 88' lang='lat' dir='ltr'><strong>ad</strong></span> <span class='ocrx_word' id='word_1_198' title='bbox 2076 3160 2361 3216; x_wconf 85' lang='lat' dir='ltr'><strong>veritatem</strong></span> 
     </span>
    </p>
   </div>
   <div class='ocr_carea' id='block_1_33' title="bbox 788 3225 2433 3329">
    <p class='ocr_par' dir='ltr' id='par_1_33' title="bbox 788 3225 2433 3329">
     <span class='ocr_line' id='line_1_33' title="bbox 788 3225 2433 3329; baseline -0.013 -9"><span class='ocrx_word' id='word_1_199' title='bbox 788 3225 843 3319; x_wconf 42' lang='lat' dir='ltr'><strong>ei</strong></span> <span class='ocrx_word' id='word_1_200' title='bbox 872 3264 1153 3320; x_wconf 86' lang='lat' dir='ltr'><strong>scientiam</strong></span> <span class='ocrx_word' id='word_1_201' title='bbox 1193 3268 1248 3316; x_wconf 91' lang='lat' dir='ltr'><strong>et</strong></span> <span class='ocrx_word' id='word_1_202' title='bbox 1301 3225 1580 3329; x_wconf 37' lang='lat' dir='ltr'><strong>pietatem,</strong></span> <span class='ocrx_word' id='word_1_203' title='bbox 1604 3225 1763 3326; x_wconf 79' lang='lat' dir='ltr'><strong>quasi</strong></span> <span class='ocrx_word' id='word_1_204' title='bbox 1818 3253 2211 3322; x_wconf 77' lang='lat' dir='ltr'><strong>demigrarunt,</strong></span> <span class='ocrx_word' id='word_1_205' title='bbox 2266 3262 2365 3319; x_wconf 89' lang='lat' dir='ltr'><strong>per</strong></span> <span class='ocrx_word' id='word_1_206' title='bbox 2391 3225 2433 3281; x_wconf 60' lang='grc' dir='ltr'><strong>(δ</strong></span> 
     </span>
    </p>
   </div>
   <div class='ocr_carea' id='block_1_34' title="bbox 791 3342 2364 3425">
    <p class='ocr_par' dir='ltr' id='par_1_34' title="bbox 791 3342 2364 3425">
     <span class='ocr_line' id='line_1_34' title="bbox 791 3342 2364 3425; baseline -0.011 -15"><span class='ocrx_word' id='word_1_207' title='bbox 791 3356 1141 3425; x_wconf 82' lang='lat' dir='ltr'><strong>Evangelium</strong></span> <span class='ocrx_word' id='word_1_208' title='bbox 1174 3352 1316 3423; x_wconf 87' lang='lat' dir='ltr'><strong>quod</strong></span> <span class='ocrx_word' id='word_1_209' title='bbox 1344 3350 1594 3405; x_wconf 82' lang='lat' dir='ltr'><strong>ﬁdelibus</strong></span> <span class='ocrx_word' id='word_1_210' title='bbox 1619 3348 1862 3401; x_wconf 78' lang='lat' dir='ltr'><strong>futurum</strong></span> <span class='ocrx_word' id='word_1_211' title='bbox 1900 3342 2168 3413; x_wconf 87' lang='lat' dir='ltr'><strong>judicium</strong></span> <span class='ocrx_word' id='word_1_212' title='bbox 2191 3348 2364 3394; x_wconf 86' lang='lat' dir='ltr'><strong>attes-</strong></span> 
     </span>
    </p>
   </div>
   <div class='ocr_carea' id='block_1_35' title="bbox 793 3430 2366 3508">
    <p class='ocr_par' dir='ltr' id='par_1_35' title="bbox 793 3430 2366 3508">
     <span class='ocr_line' id='line_1_35' title="bbox 793 3430 2366 3508; baseline -0.011 -7"><span class='ocrx_word' id='word_1_213' title='bbox 793 3456 959 3501; x_wconf 73' lang='lat' dir='ltr'><strong>tatur.</strong></span> <span class='ocrx_word' id='word_1_214' title='bbox 998 3444 1201 3499; x_wconf 87' lang='lat' dir='ltr'><strong>Galaad</strong></span> <span class='ocrx_word' id='word_1_215' title='bbox 1230 3443 1372 3497; x_wconf 91' lang='lat' dir='ltr'><strong>enim</strong></span> <span class='ocrx_word' id='word_1_216' title='bbox 1414 3442 1459 3495; x_wconf 92' lang='lat' dir='ltr'><strong>si</strong></span> <span class='ocrx_word' id='word_1_217' title='bbox 1508 3436 1910 3508; x_wconf 87' lang='lat' dir='ltr'><strong>interpreteris,</strong></span> <span class='ocrx_word' id='word_1_218' title='bbox 1965 3431 2262 3489; x_wconf 89' lang='lat' dir='ltr'><strong>testimonii</strong></span> <span class='ocrx_word' id='word_1_219' title='bbox 2291 3430 2366 3486; x_wconf 88' lang='lat' dir='ltr'><strong>si-</strong></span> 
     </span>
    </p>
   </div>
   <div class='ocr_carea' id='block_1_36' title="bbox 793 3536 1433 3605">
    <p class='ocr_par' dir='ltr' id='par_1_36' title="bbox 793 3536 1433 3605">
     <span class='ocr_line' id='line_1_36' title="bbox 793 3536 1433 3605; baseline -0.011 -14"><span class='ocrx_word' id='word_1_220' title='bbox 793 3538 1011 3605; x_wconf 81' lang='lat' dir='ltr'><strong>gniﬁcat</strong></span> <span class='ocrx_word' id='word_1_221' title='bbox 1032 3536 1433 3605; x_wconf 86' lang='lat' dir='ltr'><strong>migrationem.</strong></span> 
     </span>
    </p>
   </div>
   <div class='ocr_carea' id='block_1_37' title="bbox 865 3612 2365 3693">
    <p class='ocr_par' dir='ltr' id='par_1_37' title="bbox 865 3612 2365 3693">
     <span class='ocr_line' id='line_1_37' title="bbox 865 3612 2365 3693; baseline -0.013 -11"><span class='ocrx_word' id='word_1_222' title='bbox 865 3628 1054 3682; x_wconf 85' lang='lat' dir='ltr'><strong>Dentes</strong></span> <span class='ocrx_word' id='word_1_223' title='bbox 1086 3627 1163 3680; x_wconf 91' lang='lat' dir='ltr'><strong>tui</strong></span> <span class='ocrx_word' id='word_1_224' title='bbox 1181 3626 1315 3680; x_wconf 87' lang='lat' dir='ltr'><strong>sicut</strong></span> <span class='ocrx_word' id='word_1_225' title='bbox 1342 3637 1517 3693; x_wconf 82' lang='lat' dir='ltr'><strong>greges</strong></span> <span class='ocrx_word' id='word_1_226' title='bbox 1538 3627 1836 3681; x_wconf 76' lang='lat' dir='ltr'><strong>lonsarum,</strong></span> <span class='ocrx_word' id='word_1_227' title='bbox 1875 3630 1992 3681; x_wconf 66' lang='lat' dir='ltr'><strong>qua</strong></span> <span class='ocrx_word' id='word_1_228' title='bbox 2014 3612 2365 3667; x_wconf 84' lang='lat' dir='ltr'><strong>ascenderunt</strong></span> 
     </span>
    </p>
   </div>
   <div class='ocr_carea' id='block_1_38' title="bbox 793 3707 2365 3785">
    <p class='ocr_par' dir='ltr' id='par_1_38' title="bbox 793 3707 2365 3785">
     <span class='ocr_line' id='line_1_38' title="bbox 793 3707 2365 3785; baseline -0.013 -9"><span class='ocrx_word' id='word_1_229' title='bbox 793 3723 857 3776; x_wconf 81' lang='lat' dir='ltr'><strong>de</strong></span> <span class='ocrx_word' id='word_1_230' title='bbox 887 3721 1115 3785; x_wconf 81' lang='lat' dir='ltr'><strong>Gulaad,</strong></span> <span class='ocrx_word' id='word_1_231' title='bbox 1150 3732 1329 3772; x_wconf 83' lang='lat' dir='ltr'><strong>omnes</strong></span> <span class='ocrx_word' id='word_1_232' title='bbox 1374 3713 1608 3785; x_wconf 85' lang='lat' dir='ltr'><strong>gemellis</strong></span> <span class='ocrx_word' id='word_1_233' title='bbox 1638 3710 1858 3782; x_wconf 79' lang='lat' dir='ltr'><strong>fetibus,</strong></span> <span class='ocrx_word' id='word_1_234' title='bbox 1915 3716 1963 3762; x_wconf 82' lang='lat' dir='ltr'><strong>et</strong></span> <span class='ocrx_word' id='word_1_235' title='bbox 2013 3707 2211 3761; x_wconf 80' lang='lat' dir='ltr'><strong>sterilis</strong></span> <span class='ocrx_word' id='word_1_236' title='bbox 2263 3721 2365 3759; x_wconf 87' lang='lat' dir='ltr'><strong>non</strong></span> 
     </span>
    </p>
   </div>
   <div class='ocr_carea' id='block_1_39' title="bbox 793 3812 1175 3865">
    <p class='ocr_par' dir='ltr' id='par_1_39' title="bbox 793 3812 1175 3865">
     <span class='ocr_line' id='line_1_39' title="bbox 793 3812 1175 3865; baseline -0.013 0"><span class='ocrx_word' id='word_1_237' title='bbox 793 3821 869 3865; x_wconf 80' lang='lat' dir='ltr'><strong>est</strong></span> <span class='ocrx_word' id='word_1_238' title='bbox 890 3812 1025 3863; x_wconf 85' lang='lat' dir='ltr'><strong>inter</strong></span> <span class='ocrx_word' id='word_1_239' title='bbox 1061 3825 1175 3863; x_wconf 84' lang='lat' dir='ltr'><strong>eas.</strong></span> 
     </span>
    </p>
   </div>
   <div class='ocr_carea' id='block_1_40' title="bbox 868 3883 2369 3963">
    <p class='ocr_par' dir='ltr' id='par_1_40' title="bbox 868 3883 2369 3963">
     <span class='ocr_line' id='line_1_40' title="bbox 868 3883 2369 3963; baseline -0.013 -8"><span class='ocrx_word' id='word_1_240' title='bbox 868 3902 1250 3955; x_wconf 77' lang='lat' dir='ltr'><strong>Mcditationes</strong></span> <span class='ocrx_word' id='word_1_241' title='bbox 1277 3904 1383 3950; x_wconf 75' lang='lat' dir='ltr'><strong>tua:</strong></span> <span class='ocrx_word' id='word_1_242' title='bbox 1408 3893 1610 3963; x_wconf 87' lang='lat' dir='ltr'><strong>quibus</strong></span> <span class='ocrx_word' id='word_1_243' title='bbox 1666 3900 1929 3959; x_wconf 87' lang='lat' dir='ltr'><strong>tanquam</strong></span> <span class='ocrx_word' id='word_1_244' title='bbox 1959 3886 2217 3942; x_wconf 87' lang='lat' dir='ltr'><strong>dentibus</strong></span> <span class='ocrx_word' id='word_1_245' title='bbox 2241 3883 2369 3954; x_wconf 89' lang='lat' dir='ltr'><strong>qui-</strong></span> 
     </span>
    </p>
   </div>
   <div class='ocr_carea' id='block_1_41' title="bbox 798 3978 2371 4058">
    <p class='ocr_par' dir='ltr' id='par_1_41' title="bbox 798 3978 2371 4058">
     <span class='ocr_line' id='line_1_41' title="bbox 798 3978 2371 4058; baseline -0.01 -9"><span class='ocrx_word' id='word_1_246' title='bbox 798 3994 1027 4049; x_wconf 88' lang='lat' dir='ltr'><strong>busdam</strong></span> <span class='ocrx_word' id='word_1_247' title='bbox 1057 4002 1322 4058; x_wconf 89' lang='lat' dir='ltr'><strong>corporea</strong></span> <span class='ocrx_word' id='word_1_248' title='bbox 1360 3987 1494 4055; x_wconf 88' lang='lat' dir='ltr'><strong>legis</strong></span> <span class='ocrx_word' id='word_1_249' title='bbox 1518 3994 1633 4037; x_wconf 91' lang='lat' dir='ltr'><strong>tum</strong></span> <span class='ocrx_word' id='word_1_250' title='bbox 1691 3982 1906 4052; x_wconf 81' lang='lat' dir='ltr'><strong>scriptae</strong></span> <span class='ocrx_word' id='word_1_251' title='bbox 1936 3989 2054 4033; x_wconf 82' lang='lat' dir='ltr'><strong>tum</strong></span> <span class='ocrx_word' id='word_1_252' title='bbox 2100 3978 2371 4033; x_wconf 85' lang='lat' dir='ltr'><strong>naturalis</strong></span> 
     </span>
    </p>
   </div>
   <div class='ocr_carea' id='block_1_42' title="bbox 803 4070 2369 4141">
    <p class='ocr_par' dir='ltr' id='par_1_42' title="bbox 803 4070 2369 4141">
     <span class='ocr_line' id='line_1_42' title="bbox 803 4070 2369 4141; baseline -0.013 0"><span class='ocrx_word' id='word_1_253' title='bbox 803 4083 1114 4141; x_wconf 87' lang='lat' dir='ltr'><strong>crassitudo</strong></span> <span class='ocrx_word' id='word_1_254' title='bbox 1137 4082 1187 4134; x_wconf 90' lang='lat' dir='ltr'><strong>in</strong></span> <span class='ocrx_word' id='word_1_255' title='bbox 1211 4093 1368 4133; x_wconf 87' lang='lat' dir='ltr'><strong>veros</strong></span> <span class='ocrx_word' id='word_1_256' title='bbox 1397 4089 1593 4131; x_wconf 84' lang='lat' dir='ltr'><strong>sensus</strong></span> <span class='ocrx_word' id='word_1_257' title='bbox 1613 4078 1967 4134; x_wconf 78' lang='lat' dir='ltr'><strong>extenuatur,</strong></span> <span class='ocrx_word' id='word_1_258' title='bbox 1997 4080 2049 4124; x_wconf 91' lang='lat' dir='ltr'><strong>et</strong></span> <span class='ocrx_word' id='word_1_259' title='bbox 2097 4070 2162 4121; x_wconf 92' lang='lat' dir='ltr'><strong>ad</strong></span> <span class='ocrx_word' id='word_1_260' title='bbox 2214 4082 2369 4122; x_wconf 90' lang='lat' dir='ltr'><strong>esum</strong></span> 
     </span>
    </p>
   </div>
   <div class='ocr_carea' id='block_1_43' title="bbox 798 4164 2371 4242">
    <p class='ocr_par' dir='ltr' id='par_1_43' title="bbox 798 4164 2371 4242">
     <span class='ocr_line' id='line_1_43' title="bbox 798 4164 2371 4242; baseline -0.014 -13"><span class='ocrx_word' id='word_1_261' title='bbox 798 4172 1098 4242; x_wconf 86' lang='lat' dir='ltr'><strong>spiritalem</strong></span> <span class='ocrx_word' id='word_1_262' title='bbox 1162 4168 1357 4222; x_wconf 90' lang='lat' dir='ltr'><strong>idonea</strong></span> <span class='ocrx_word' id='word_1_263' title='bbox 1414 4164 1681 4227; x_wconf 89' lang='lat' dir='ltr'><strong>redditur,</strong></span> <span class='ocrx_word' id='word_1_264' title='bbox 1739 4173 2029 4229; x_wconf 88' lang='lat' dir='ltr'><strong>caprarum</strong></span> <span class='ocrx_word' id='word_1_265' title='bbox 2092 4167 2371 4212; x_wconf 91' lang='lat' dir='ltr'><strong>lonsarum</strong></span> 
     </span>
    </p>
   </div>
   <div class='ocr_carea' id='block_1_44' title="bbox 799 4246 2375 4330">
    <p class='ocr_par' dir='ltr' id='par_1_44' title="bbox 799 4246 2375 4330">
     <span class='ocr_line' id='line_1_44' title="bbox 799 4246 2375 4330; baseline -0.013 -10"><span class='ocrx_word' id='word_1_266' title='bbox 799 4268 1005 4330; x_wconf 86' lang='lat' dir='ltr'><strong>instar,</strong></span> <span class='ocrx_word' id='word_1_267' title='bbox 1088 4260 1241 4314; x_wconf 81' lang='lat' dir='ltr'><strong>falsis</strong></span> <span class='ocrx_word' id='word_1_268' title='bbox 1325 4255 1581 4311; x_wconf 87' lang='lat' dir='ltr'><strong>omnibus</strong></span> <span class='ocrx_word' id='word_1_269' title='bbox 1641 4250 1996 4321; x_wconf 89' lang='lat' dir='ltr'><strong>opinionibus</strong></span> <span class='ocrx_word' id='word_1_270' title='bbox 2075 4246 2375 4313; x_wconf 89' lang='lat' dir='ltr'><strong>amputatis</strong></span> 
     </span>
    </p>
   </div>
   <div class='ocr_carea' id='block_1_45' title="bbox 802 4342 2368 4427">
    <p class='ocr_par' dir='ltr' id='par_1_45' title="bbox 802 4342 2368 4427">
     <span class='ocr_line' id='line_1_45' title="bbox 802 4342 2368 4427; baseline -0.015 -14"><span class='ocrx_word' id='word_1_271' title='bbox 802 4359 1165 4427; x_wconf 83' lang='lat' dir='ltr'><strong>rejectisque,</strong></span> <span class='ocrx_word' id='word_1_272' title='bbox 1235 4353 1383 4407; x_wconf 89' lang='lat' dir='ltr'><strong>circa</strong></span> <span class='ocrx_word' id='word_1_273' title='bbox 1456 4349 1740 4402; x_wconf 81' lang='lat' dir='ltr'><strong>veritatem</strong></span> <span class='ocrx_word' id='word_1_274' title='bbox 1820 4346 1993 4399; x_wconf 91' lang='lat' dir='ltr'><strong>solam</strong></span> <span class='ocrx_word' id='word_1_275' title='bbox 2061 4342 2368 4395; x_wconf 88' lang='lat' dir='ltr'><strong>immoran-</strong></span> 
     </span>
    </p>
   </div>
   <div class='ocr_carea' id='block_1_46' title="bbox 802 4427 2375 4509">
    <p class='ocr_par' dir='ltr' id='par_1_46' title="bbox 802 4427 2375 4509">
     <span class='ocr_line' id='line_1_46' title="bbox 802 4427 2375 4509; baseline -0.011 -12"><span class='ocrx_word' id='word_1_276' title='bbox 802 4454 934 4498; x_wconf 87' lang='lat' dir='ltr'><strong>tur:</strong></span> <span class='ocrx_word' id='word_1_277' title='bbox 973 4450 1025 4496; x_wconf 92' lang='lat' dir='ltr'><strong>et</strong></span> <span class='ocrx_word' id='word_1_278' title='bbox 1068 4439 1223 4509; x_wconf 89' lang='lat' dir='ltr'><strong>quasi</strong></span> <span class='ocrx_word' id='word_1_279' title='bbox 1298 4440 1513 4491; x_wconf 88' lang='lat' dir='ltr'><strong>lavacro</strong></span> <span class='ocrx_word' id='word_1_280' title='bbox 1560 4441 1823 4504; x_wconf 76' lang='lat' dir='ltr'><strong>purgatze,</strong></span> <span class='ocrx_word' id='word_1_281' title='bbox 1885 4446 1916 4485; x_wconf 87' lang='lat' dir='ltr'><strong>a</strong></span> <span class='ocrx_word' id='word_1_282' title='bbox 1971 4428 2203 4485; x_wconf 89' lang='lat' dir='ltr'><strong>terrenis</strong></span> <span class='ocrx_word' id='word_1_283' title='bbox 2254 4427 2375 4482; x_wconf 87' lang='lat' dir='ltr'><strong>istis</strong></span> 
     </span>
    </p>
   </div>
   <div class='ocr_carea' id='block_1_47' title="bbox 2465 611 4036 681">
    <p class='ocr_par' dir='ltr' id='par_1_47' title="bbox 2465 611 4036 681">
     <span class='ocr_line' id='line_1_47' title="bbox 2465 611 4036 681; baseline 0.001 -17"><span class='ocrx_word' id='word_1_284' title='bbox 2465 611 2560 678; x_wconf 82' lang='grc' dir='ltr'>Ὠς</span> <span class='ocrx_word' id='word_1_285' title='bbox 2586 612 2817 679; x_wconf 77' lang='grc' dir='ltr'>σπαρτί</span> <span class='ocrx_word' id='word_1_286' title='bbox 2824 628 2897 663; x_wconf 85' lang='grc' dir='ltr'>ον</span> <span class='ocrx_word' id='word_1_287' title='bbox 2928 612 3214 665; x_wconf 76' lang='grc' dir='ltr'>κόκκινον</span> <span class='ocrx_word' id='word_1_288' title='bbox 3246 612 3422 681; x_wconf 77' lang='grc' dir='ltr'>χείλη</span> <span class='ocrx_word' id='word_1_289' title='bbox 3454 627 3593 673; x_wconf 85' lang='grc' dir='ltr'>σου,</span> <span class='ocrx_word' id='word_1_290' title='bbox 3626 611 3723 663; x_wconf 71' lang='grc' dir='ltr'>καὶ</span> <span class='ocrx_word' id='word_1_291' title='bbox 3765 613 3803 678; x_wconf 77' lang='grc' dir='ltr'><strong><em>ἡ</em></strong></span> <span class='ocrx_word' id='word_1_292' title='bbox 3846 611 4036 665; x_wconf 75' lang='grc' dir='ltr'>λαλιά</span> 
     </span>
    </p>
   </div>
   <div class='ocr_carea' id='block_1_48' title="bbox 3572 702 3966 774">
    <p class='ocr_par' dir='ltr' id='par_1_48' title="bbox 3572 702 3966 774">
     <span class='ocr_line' id='line_1_48' title="bbox 3572 702 3966 774; baseline 0.005 -20"><span class='ocrx_word' id='word_1_293' title='bbox 3572 702 3713 774; x_wconf 83' lang='grc' dir='ltr'>[σου</span> <span class='ocrx_word' id='word_1_294' title='bbox 3760 704 3966 770; x_wconf 80' lang='grc' dir='ltr'>ὡραία.</span> 
     </span>
    </p>
   </div>
   <div class='ocr_carea' id='block_1_49' title="bbox 2453 790 4027 863">
    <p class='ocr_par' dir='ltr' id='par_1_49' title="bbox 2453 790 4027 863">
     <span class='ocr_line' id='line_1_49' title="bbox 2453 790 4027 863; baseline -0.001 -19"><span class='ocrx_word' id='word_1_295' title='bbox 2453 793 2539 844; x_wconf 87' lang='grc' dir='ltr'>Ἐν</span> <span class='ocrx_word' id='word_1_296' title='bbox 2562 792 2772 854; x_wconf 82' lang='grc' dir='ltr'><strong>τούτοις</strong></span> <span class='ocrx_word' id='word_1_297' title='bbox 2798 790 2960 843; x_wconf 84' lang='grc' dir='ltr'>πάλιν</span> <span class='ocrx_word' id='word_1_298' title='bbox 2984 792 3199 844; x_wconf 78' lang='grc' dir='ltr'>ἐπαινεί</span> <span class='ocrx_word' id='word_1_299' title='bbox 3232 790 3296 845; x_wconf 73' lang='grc' dir='ltr'>τὰ</span> <span class='ocrx_word' id='word_1_300' title='bbox 3332 792 3481 863; x_wconf 84' lang='grc' dir='ltr'>χείλη</span> <span class='ocrx_word' id='word_1_301' title='bbox 3523 794 3621 862; x_wconf 85' lang='grc' dir='ltr'>μὲν</span> <span class='ocrx_word' id='word_1_302' title='bbox 3656 795 3757 861; x_wconf 76' lang='grc' dir='ltr'><strong>τῆς</strong></span> <span class='ocrx_word' id='word_1_303' title='bbox 3786 795 4027 862; x_wconf 77' lang='grc' dir='ltr'><strong>νύμφης.</strong></span> 
     </span>
    </p>
   </div>
   <div class='ocr_carea' id='block_1_50' title="bbox 2455 882 4033 955">
    <p class='ocr_par' dir='ltr' id='par_1_50' title="bbox 2455 882 4033 955">
     <span class='ocr_line' id='line_1_50' title="bbox 2455 882 4033 955; baseline 0.002 -20"><span class='ocrx_word' id='word_1_304' title='bbox 2455 885 2525 936; x_wconf 67' lang='grc' dir='ltr'>Σὺ</span> <span class='ocrx_word' id='word_1_305' title='bbox 2550 884 2604 936; x_wconf 76' lang='grc' dir='ltr'>δὲ</span> <span class='ocrx_word' id='word_1_306' title='bbox 2637 883 2902 952; x_wconf 79' lang='grc' dir='ltr'>σπαρτίον</span> <span class='ocrx_word' id='word_1_307' title='bbox 2944 882 3179 949; x_wconf 79' lang='grc' dir='ltr'><strong>γίνωσκε</strong></span> <span class='ocrx_word' id='word_1_308' title='bbox 3227 884 3324 953; x_wconf 84' lang='grc' dir='ltr'><strong>τῆς</strong></span> <span class='ocrx_word' id='word_1_309' title='bbox 3364 886 3688 955; x_wconf 83' lang='grc' dir='ltr'>σιωπήσεως</span> <span class='ocrx_word' id='word_1_310' title='bbox 3732 885 3793 937; x_wconf 86' lang='grc' dir='ltr'><strong>τὸ</strong></span> <span class='ocrx_word' id='word_1_311' title='bbox 3846 886 4033 955; x_wconf 82' lang='grc' dir='ltr'>μέρος,</span> 
     </span>
    </p>
   </div>
   <div class='ocr_carea' id='block_1_51' title="bbox 2456 974 3864 1046">
    <p class='ocr_par' dir='ltr' id='par_1_51' title="bbox 2456 974 3864 1046">
     <span class='ocr_line' id='line_1_51' title="bbox 2456 974 3864 1046; baseline 0.001 -17"><span class='ocrx_word' id='word_1_312' title='bbox 2456 976 2568 1046; x_wconf 72' lang='grc' dir='ltr'>Τὴν</span> <span class='ocrx_word' id='word_1_313' title='bbox 2601 976 2647 1029; x_wconf 76' lang='grc' dir='ltr'>δ’</span> <span class='ocrx_word' id='word_1_314' title='bbox 2682 976 2750 1028; x_wconf 80' lang='grc' dir='ltr'><strong>αὖ</strong></span> <span class='ocrx_word' id='word_1_315' title='bbox 2784 975 2990 1045; x_wconf 78' lang='grc' dir='ltr'>ὡραίαν</span> <span class='ocrx_word' id='word_1_316' title='bbox 3016 974 3206 1027; x_wconf 73' lang='grc' dir='ltr'>λαλιὰν</span> <span class='ocrx_word' id='word_1_317' title='bbox 3232 978 3290 1029; x_wconf 83' lang='grc' dir='ltr'><strong>τὸ</strong></span> <span class='ocrx_word' id='word_1_318' title='bbox 3309 977 3568 1045; x_wconf 87' lang='grc' dir='ltr'>κήρυγμα</span> <span class='ocrx_word' id='word_1_319' title='bbox 3604 977 3665 1031; x_wconf 82' lang='grc' dir='ltr'><strong>τὸ</strong></span> <span class='ocrx_word' id='word_1_320' title='bbox 3699 978 3864 1031; x_wconf 88' lang='grc' dir='ltr'>θεῖον.</span> 
     </span>
    </p>
   </div>
   <div class='ocr_carea' id='block_1_52' title="bbox 2452 1066 4031 1140">
    <p class='ocr_par' dir='ltr' id='par_1_52' title="bbox 2452 1066 4031 1140">
     <span class='ocr_line' id='line_1_52' title="bbox 2452 1066 4031 1140; baseline 0.002 -21"><span class='ocrx_word' id='word_1_321' title='bbox 2452 1068 2591 1137; x_wconf 72' lang='grc' dir='ltr'>Φησὶ</span> <span class='ocrx_word' id='word_1_322' title='bbox 2623 1084 2731 1136; x_wconf 83' lang='grc' dir='ltr'><strong>γαρ</strong></span> <span class='ocrx_word' id='word_1_323' title='bbox 2752 1084 2766 1097; x_wconf 90' lang='grc'><strong>·</strong></span> <span class='ocrx_word' id='word_1_324' title='bbox 2803 1068 2873 1119; x_wconf 82' lang='grc' dir='ltr'><strong>Σὺ</strong></span> <span class='ocrx_word' id='word_1_325' title='bbox 2917 1066 3290 1137; x_wconf 74' lang='grc' dir='ltr'>κατώρθωσας</span> <span class='ocrx_word' id='word_1_326' title='bbox 3323 1070 3421 1136; x_wconf 78' lang='grc' dir='ltr'><strong>τῆς</strong></span> <span class='ocrx_word' id='word_1_327' title='bbox 3476 1069 3691 1138; x_wconf 82' lang='grc' dir='ltr'>σιωπῆς</span> <span class='ocrx_word' id='word_1_328' title='bbox 3725 1069 3823 1139; x_wconf 82' lang='grc' dir='ltr'>τὴν</span> <span class='ocrx_word' id='word_1_329' title='bbox 3853 1069 4031 1140; x_wconf 80' lang='grc' dir='ltr'><strong>χάριν,</strong></span> 
     </span>
    </p>
   </div>
   <div class='ocr_carea' id='block_1_53' title="bbox 2457 1158 3893 1229">
    <p class='ocr_par' dir='ltr' id='par_1_53' title="bbox 2457 1158 3893 1229">
     <span class='ocr_line' id='line_1_53' title="bbox 2457 1158 3893 1229; baseline 0.001 -18"><span class='ocrx_word' id='word_1_330' title='bbox 2457 1159 2643 1216; x_wconf 59' lang='grc' dir='ltr'>Μηδὲν</span> <span class='ocrx_word' id='word_1_331' title='bbox 2681 1158 2913 1211; x_wconf 86' lang='grc' dir='ltr'>λαλοῦσα</span> <span class='ocrx_word' id='word_1_332' title='bbox 2947 1159 3221 1227; x_wconf 75' lang='grc' dir='ltr'>περιττὸν,</span> <span class='ocrx_word' id='word_1_333' title='bbox 3261 1159 3397 1228; x_wconf 81' lang='grc' dir='ltr'>μηδὲ</span> <span class='ocrx_word' id='word_1_334' title='bbox 3430 1160 3848 1229; x_wconf 77' lang='grc' dir='ltr'><strong>πεπλανημένον</strong></span> <span class='ocrx_word' id='word_1_335' title='bbox 3877 1177 3893 1191; x_wconf 84' lang='grc'>⁶</span> 
     </span>
    </p>
   </div>
   <div class='ocr_carea' id='block_1_54' title="bbox 2455 1250 3873 1322">
    <p class='ocr_par' dir='ltr' id='par_1_54' title="bbox 2455 1250 3873 1322">
     <span class='ocr_line' id='line_1_54' title="bbox 2455 1250 3873 1322; baseline 0.002 -20"><span class='ocrx_word' id='word_1_336' title='bbox 2455 1251 2516 1302; x_wconf 88' lang='grc' dir='ltr'><strong>Εἰ</strong></span> <span class='ocrx_word' id='word_1_337' title='bbox 2551 1251 2659 1320; x_wconf 75' lang='grc' dir='ltr'><strong>γὰρ</strong></span> <span class='ocrx_word' id='word_1_338' title='bbox 2690 1250 2943 1318; x_wconf 80' lang='grc' dir='ltr'><strong>Θελήσεις</strong></span> <span class='ocrx_word' id='word_1_339' title='bbox 2965 1250 3185 1303; x_wconf 82' lang='grc' dir='ltr'>πώποτε</span> <span class='ocrx_word' id='word_1_340' title='bbox 3221 1251 3456 1319; x_wconf 76' lang='grc' dir='ltr'>λαλῆσαι</span> <span class='ocrx_word' id='word_1_341' title='bbox 3486 1255 3576 1305; x_wconf 75' lang='grc' dir='ltr'>καὶ</span> <span class='ocrx_word' id='word_1_342' title='bbox 3604 1255 3873 1322; x_wconf 81' lang='grc' dir='ltr'><strong>φωνῆσαι,</strong></span> 
     </span>
    </p>
   </div>
   <div class='ocr_carea' id='block_1_55' title="bbox 2455 1342 4030 1413">
    <p class='ocr_par' dir='ltr' id='par_1_55' title="bbox 2455 1342 4030 1413">
     <span class='ocr_line' id='line_1_55' title="bbox 2455 1342 4030 1413; baseline 0.004 -20"><span class='ocrx_word' id='word_1_343' title='bbox 2455 1342 2531 1393; x_wconf 85' lang='grc' dir='ltr'>Τὸ</span> <span class='ocrx_word' id='word_1_344' title='bbox 2565 1343 2829 1411; x_wconf 84' lang='grc' dir='ltr'>κήρυγμα</span> <span class='ocrx_word' id='word_1_345' title='bbox 2859 1343 2956 1411; x_wconf 80' lang='grc' dir='ltr'><strong>τῆς</strong></span> <span class='ocrx_word' id='word_1_346' title='bbox 2985 1342 3221 1405; x_wconf 82' lang='grc' dir='ltr'>πίστεως</span> <span class='ocrx_word' id='word_1_347' title='bbox 3248 1343 3539 1413; x_wconf 76' lang='grc' dir='ltr'><strong>κηρύττεις</strong></span> <span class='ocrx_word' id='word_1_348' title='bbox 3591 1347 3687 1398; x_wconf 75' lang='grc' dir='ltr'>καὶ</span> <span class='ocrx_word' id='word_1_349' title='bbox 3732 1346 4030 1408; x_wconf 76' lang='grc' dir='ltr'>διδάσκεις.</span> 
     </span>
    </p>
   </div>
   <div class='ocr_carea' id='block_1_56' title="bbox 2455 1433 3855 1504">
    <p class='ocr_par' dir='ltr' id='par_1_56' title="bbox 2455 1433 3855 1504">
     <span class='ocr_line' id='line_1_56' title="bbox 2455 1433 3855 1504; baseline 0.005 -17"><span class='ocrx_word' id='word_1_350' title='bbox 2455 1433 2601 1487; x_wconf 83' lang='grc' dir='ltr'>Ἰδοὺ</span> <span class='ocrx_word' id='word_1_351' title='bbox 2633 1434 2687 1485; x_wconf 79' lang='grc' dir='ltr'>εἶ</span> <span class='ocrx_word' id='word_1_352' title='bbox 2709 1435 2895 1501; x_wconf 73' lang='grc' dir='ltr'>καλὴ,</span> <span class='ocrx_word' id='word_1_353' title='bbox 2917 1434 2954 1500; x_wconf 70' lang='grc' dir='ltr'><strong><em>ἡ</em></strong></span> <span class='ocrx_word' id='word_1_354' title='bbox 2985 1436 3403 1504; x_wconf 76' lang='grc' dir='ltr'>πλησίονμου,</span> <span class='ocrx_word' id='word_1_355' title='bbox 3435 1437 3565 1490; x_wconf 70' lang='grc' dir='ltr'>ἰδοὺ</span> <span class='ocrx_word' id='word_1_356' title='bbox 3590 1433 3649 1491; x_wconf 80' lang='grc' dir='ltr'>εἷ</span> <span class='ocrx_word' id='word_1_357' title='bbox 3672 1438 3855 1502; x_wconf 63' lang='grc' dir='ltr'>καλή.</span> 
     </span>
    </p>
   </div>
   <div class='ocr_carea' id='block_1_57' title="bbox 2455 1526 4031 1594">
    <p class='ocr_par' dir='ltr' id='par_1_57' title="bbox 2455 1526 4031 1594">
     <span class='ocr_line' id='line_1_57' title="bbox 2455 1526 4031 1594; baseline 0.003 -16"><span class='ocrx_word' id='word_1_358' title='bbox 2455 1527 2688 1579; x_wconf 72' lang='grc' dir='ltr'>Διπλοῦν</span> <span class='ocrx_word' id='word_1_359' title='bbox 2725 1526 3006 1579; x_wconf 83' lang='grc' dir='ltr'>κάνταῦθα</span> <span class='ocrx_word' id='word_1_360' title='bbox 3029 1527 3228 1580; x_wconf 85' lang='grc' dir='ltr'>δέδωκε</span> <span class='ocrx_word' id='word_1_361' title='bbox 3250 1528 3339 1581; x_wconf 81' lang='grc' dir='ltr'><strong>τὸν</strong></span> <span class='ocrx_word' id='word_1_362' title='bbox 3390 1528 3610 1582; x_wconf 77' lang='grc' dir='ltr'>ἔπαινον</span> <span class='ocrx_word' id='word_1_363' title='bbox 3645 1529 3739 1582; x_wconf 81' lang='grc' dir='ltr'>τοῦ</span> <span class='ocrx_word' id='word_1_364' title='bbox 3782 1532 4031 1594; x_wconf 69' lang='grc' dir='ltr'>κάλλους,</span> 
     </span>
    </p>
   </div>
   <div class='ocr_carea' id='block_1_58' title="bbox 2456 1616 4032 1693">
    <p class='ocr_par' dir='ltr' id='par_1_58' title="bbox 2456 1616 4032 1693">
     <span class='ocr_line' id='line_1_58' title="bbox 2456 1616 4032 1693; baseline 0.004 -25"><span class='ocrx_word' id='word_1_365' title='bbox 2456 1618 2529 1669; x_wconf 87' lang='grc' dir='ltr'>Τὸ</span> <span class='ocrx_word' id='word_1_366' title='bbox 2569 1617 2662 1669; x_wconf 72' lang='grc' dir='ltr'>τοῦ</span> <span class='ocrx_word' id='word_1_367' title='bbox 2693 1616 2993 1686; x_wconf 82' lang='grc' dir='ltr'>προσώπου</span> <span class='ocrx_word' id='word_1_368' title='bbox 3020 1619 3125 1688; x_wconf 85' lang='grc' dir='ltr'>γὰρ</span> <span class='ocrx_word' id='word_1_369' title='bbox 3154 1618 3323 1688; x_wconf 81' lang='grc' dir='ltr'>αὐτῆς</span> <span class='ocrx_word' id='word_1_370' title='bbox 3359 1620 3456 1673; x_wconf 84' lang='grc' dir='ltr'>νῦν</span> <span class='ocrx_word' id='word_1_371' title='bbox 3483 1623 3784 1687; x_wconf 85' lang='grc' dir='ltr'>ἐπαινέσας</span> <span class='ocrx_word' id='word_1_372' title='bbox 3844 1625 4032 1693; x_wconf 74' lang='grc' dir='ltr'>μῆλον,</span> 
     </span>
    </p>
   </div>
   <div class='ocr_carea' id='block_1_59' title="bbox 2469 1706 3882 1783">
    <p class='ocr_par' dir='ltr' id='par_1_59' title="bbox 2469 1706 3882 1783">
     <span class='ocr_line' id='line_1_59' title="bbox 2469 1706 3882 1783; baseline 0.005 -24"><span class='ocrx_word' id='word_1_373' title='bbox 2469 1707 2556 1769; x_wconf 86' lang='grc' dir='ltr'>Ὠς</span> <span class='ocrx_word' id='word_1_374' title='bbox 2586 1706 2789 1777; x_wconf 84' lang='grc' dir='ltr'>πλῆρες</span> <span class='ocrx_word' id='word_1_375' title='bbox 2808 1707 3151 1777; x_wconf 79' lang='grc' dir='ltr'><strong>ἐρυθήματος</strong></span> <span class='ocrx_word' id='word_1_376' title='bbox 3179 1709 3274 1763; x_wconf 74' lang='grc' dir='ltr'>καὶ</span> <span class='ocrx_word' id='word_1_377' title='bbox 3303 1712 3659 1782; x_wconf 79' lang='grc' dir='ltr'>σωφροσύνης</span> <span class='ocrx_word' id='word_1_378' title='bbox 3689 1714 3882 1783; x_wconf 82' lang='grc' dir='ltr'>γέμον,</span> 
     </span>
    </p>
   </div>
   <div class='ocr_carea' id='block_1_60' title="bbox 2468 1799 3966 1871">
    <p class='ocr_par' dir='ltr' id='par_1_60' title="bbox 2468 1799 3966 1871">
     <span class='ocr_line' id='line_1_60' title="bbox 2468 1799 3966 1871; baseline 0.005 -21"><span class='ocrx_word' id='word_1_379' title='bbox 2468 1799 2731 1870; x_wconf 85' lang='grc' dir='ltr'>Ἐπῄνεσε</span> <span class='ocrx_word' id='word_1_380' title='bbox 2756 1802 2852 1851; x_wconf 83' lang='grc' dir='ltr'>καὶ</span> <span class='ocrx_word' id='word_1_381' title='bbox 2880 1803 2976 1868; x_wconf 81' lang='grc' dir='ltr'>τῆς</span> <span class='ocrx_word' id='word_1_382' title='bbox 3001 1800 3179 1871; x_wconf 76' lang='grc' dir='ltr'>ψυχῆς</span> <span class='ocrx_word' id='word_1_383' title='bbox 3204 1802 3265 1854; x_wconf 85' lang='grc' dir='ltr'><strong>τὸ</strong></span> <span class='ocrx_word' id='word_1_384' title='bbox 3295 1803 3510 1867; x_wconf 85' lang='grc' dir='ltr'>κάλλος,</span> <span class='ocrx_word' id='word_1_385' title='bbox 3565 1805 3739 1871; x_wconf 85' lang='grc' dir='ltr'>λέγων</span> <span class='ocrx_word' id='word_1_386' title='bbox 3768 1806 3966 1867; x_wconf 78' lang='grc' dir='ltr'>οὕτως’</span> 
     </span>
    </p>
   </div>
   <div class='ocr_carea' id='block_1_61' title="bbox 2381 1874 4033 1966">
    <p class='ocr_par' dir='ltr' id='par_1_61' title="bbox 2381 1874 4033 1966">
     <span class='ocr_line' id='line_1_61' title="bbox 2381 1874 4033 1966; baseline 0.005 -25"><span class='ocrx_word' id='word_1_387' title='bbox 2381 1874 2429 1933; x_wconf 74' lang='grc' dir='ltr'><strong>Β</strong></span> <span class='ocrx_word' id='word_1_388' title='bbox 2470 1891 2653 1951; x_wconf 77' lang='grc' dir='ltr'>Ἑκτὸς</span> <span class='ocrx_word' id='word_1_389' title='bbox 2673 1890 2775 1958; x_wconf 78' lang='grc' dir='ltr'>τῆς</span> <span class='ocrx_word' id='word_1_390' title='bbox 2809 1893 3137 1961; x_wconf 85' lang='grc' dir='ltr'>σιωπήσεως</span> <span class='ocrx_word' id='word_1_391' title='bbox 3167 1894 3261 1945; x_wconf 84' lang='grc' dir='ltr'>τοῦ</span> <span class='ocrx_word' id='word_1_392' title='bbox 3291 1894 3527 1958; x_wconf 83' lang='grc' dir='ltr'>κάλλους</span> <span class='ocrx_word' id='word_1_393' title='bbox 3554 1896 3652 1965; x_wconf 84' lang='grc' dir='ltr'><strong>τῆς</strong></span> <span class='ocrx_word' id='word_1_394' title='bbox 3688 1896 3864 1966; x_wconf 75' lang='grc' dir='ltr'>ψυχῆς</span> <span class='ocrx_word' id='word_1_395' title='bbox 3918 1914 4033 1950; x_wconf 90' lang='grc' dir='ltr'>σου.</span> 
     </span>
    </p>
   </div>
   <div class='ocr_carea' id='block_1_62' title="bbox 2458 1978 3732 2056">
    <p class='ocr_par' dir='ltr' id='par_1_62' title="bbox 2458 1978 3732 2056">
     <span class='ocr_line' id='line_1_62' title="bbox 2458 1978 3732 2056; baseline 0.005 -23"><span class='ocrx_word' id='word_1_396' title='bbox 2458 1980 2639 2033; x_wconf 80' lang='grc' dir='ltr'>Ταῦτα</span> <span class='ocrx_word' id='word_1_397' title='bbox 2668 1982 2767 2049; x_wconf 84' lang='grc' dir='ltr'><strong>μὲν</strong></span> <span class='ocrx_word' id='word_1_398' title='bbox 2796 1978 2891 2035; x_wconf 82' lang='grc' dir='ltr'>οὖν</span> <span class='ocrx_word' id='word_1_399' title='bbox 2925 1985 3196 2054; x_wconf 79' lang='grc' dir='ltr'>ἐρωτικὴν</span> <span class='ocrx_word' id='word_1_400' title='bbox 3222 1984 3423 2050; x_wconf 82' lang='grc' dir='ltr'>ἔξωθεν</span> <span class='ocrx_word' id='word_1_401' title='bbox 3441 1985 3554 2056; x_wconf 77' lang='grc' dir='ltr'>ἔχει</span> <span class='ocrx_word' id='word_1_402' title='bbox 3579 1986 3732 2053; x_wconf 82' lang='grc' dir='ltr'>θέαν,</span> 
     </span>
    </p>
   </div>
   <div class='ocr_carea' id='block_1_63' title="bbox 2470 2073 3868 2149">
    <p class='ocr_par' dir='ltr' id='par_1_63' title="bbox 2470 2073 3868 2149">
     <span class='ocr_line' id='line_1_63' title="bbox 2470 2073 3868 2149; baseline 0.004 -24"><span class='ocrx_word' id='word_1_403' title='bbox 2470 2073 2609 2125; x_wconf 76' lang='grc' dir='ltr'>Ἀλλ’</span> <span class='ocrx_word' id='word_1_404' title='bbox 2644 2074 2791 2126; x_wconf 79' lang='grc' dir='ltr'>ἔνδον</span> <span class='ocrx_word' id='word_1_405' title='bbox 2822 2075 3262 2142; x_wconf 83' lang='grc' dir='ltr'>μεγαλοπρεπεῖς</span> <span class='ocrx_word' id='word_1_406' title='bbox 3288 2075 3386 2141; x_wconf 80' lang='grc' dir='ltr'><strong>τὰς</strong></span> <span class='ocrx_word' id='word_1_407' title='bbox 3410 2078 3702 2142; x_wconf 75' lang='grc' dir='ltr'>ἀναϐάσεις</span> <span class='ocrx_word' id='word_1_408' title='bbox 3736 2080 3868 2149; x_wconf 80' lang='grc' dir='ltr'>ἔχει.</span> 
     </span>
    </p>
   </div>
   <div class='ocr_carea' id='block_1_64' title="bbox 2537 2164 4039 2237">
    <p class='ocr_par' dir='ltr' id='par_1_64' title="bbox 2537 2164 4039 2237">
     <span class='ocr_line' id='line_1_64' title="bbox 2537 2164 4039 2237; baseline 0.005 -21"><span class='ocrx_word' id='word_1_409' title='bbox 2537 2164 2801 2233; x_wconf 76' lang='grc' dir='ltr'>Τρίχωμά</span> <span class='ocrx_word' id='word_1_410' title='bbox 2816 2182 2955 2230; x_wconf 86' lang='grc' dir='ltr'>σου,</span> <span class='ocrx_word' id='word_1_411' title='bbox 2975 2165 3055 2230; x_wconf 87' lang='grc' dir='ltr'><strong>ὡς</strong></span> <span class='ocrx_word' id='word_1_412' title='bbox 3087 2167 3298 2234; x_wconf 74' lang='grc' dir='ltr'>ἀγέλαι</span> <span class='ocrx_word' id='word_1_413' title='bbox 3326 2165 3447 2219; x_wconf 78' lang='grc' dir='ltr'><strong>τῶν</strong></span> <span class='ocrx_word' id='word_1_414' title='bbox 3490 2167 3693 2237; x_wconf 72' lang='grc' dir='ltr'>αἰγῶν,</span> <span class='ocrx_word' id='word_1_415' title='bbox 3722 2169 3785 2221; x_wconf 82' lang='grc' dir='ltr'>αἲ</span> <span class='ocrx_word' id='word_1_416' title='bbox 3825 2168 4039 2225; x_wconf 77' lang='grc' dir='ltr'>ἀπεκα-</span> 
     </span>
    </p>
   </div>
   <div class='ocr_carea' id='block_1_65' title="bbox 2458 2255 3355 2324">
    <p class='ocr_par' dir='ltr' id='par_1_65' title="bbox 2458 2255 3355 2324">
     <span class='ocr_line' id='line_1_65' title="bbox 2458 2255 3355 2324; baseline 0.001 -16"><span class='ocrx_word' id='word_1_417' title='bbox 2458 2256 2787 2324; x_wconf 67' lang='grc' dir='ltr'>λύφθησαν</span> <span class='ocrx_word' id='word_1_418' title='bbox 2810 2255 2930 2309; x_wconf 74' lang='grc' dir='ltr'>ἀπὸ</span> <span class='ocrx_word' id='word_1_419' title='bbox 2955 2256 3062 2309; x_wconf 86' lang='grc' dir='ltr'>τοῦ</span> <span class='ocrx_word' id='word_1_420' title='bbox 3088 2256 3355 2310; x_wconf 76' lang='grc' dir='ltr'>Γαλαὰδ.</span> 
     </span>
    </p>
   </div>
   <div class='ocr_carea' id='block_1_66' title="bbox 2964 2347 3489 2417">
    <p class='ocr_par' dir='ltr' id='par_1_66' title="bbox 2964 2347 3489 2417">
     <span class='ocr_line' id='line_1_66' title="bbox 2964 2347 3489 2417; baseline 0.002 -16"><span class='ocrx_word' id='word_1_421' title='bbox 2964 2347 3089 2401; x_wconf 82' lang='grc' dir='ltr'><strong>Τῶν</strong></span> <span class='ocrx_word' id='word_1_422' title='bbox 3116 2352 3164 2417; x_wconf 76' lang='grc' dir='ltr'>γ’</span> <span class='ocrx_word' id='word_1_423' title='bbox 3194 2349 3489 2416; x_wconf 79' lang='grc' dir='ltr'>Πατέρων.</span> 
     </span>
    </p>
   </div>
   <div class='ocr_carea' id='block_1_67' title="bbox 2539 2438 4031 2513">
    <p class='ocr_par' dir='ltr' id='par_1_67' title="bbox 2539 2438 4031 2513">
     <span class='ocr_line' id='line_1_67' title="bbox 2539 2438 4031 2513; baseline 0.001 -21"><span class='ocrx_word' id='word_1_424' title='bbox 2539 2442 2717 2505; x_wconf 85' lang='grc' dir='ltr'>Ἤτοι,</span> <span class='ocrx_word' id='word_1_425' title='bbox 2745 2438 2796 2491; x_wconf 79' lang='lat' dir='ltr'><strong>0i</strong></span> <span class='ocrx_word' id='word_1_426' title='bbox 2827 2440 3119 2509; x_wconf 81' lang='grc' dir='ltr'>πρακτικοί</span> <span class='ocrx_word' id='word_1_427' title='bbox 3145 2456 3240 2491; x_wconf 90' lang='grc' dir='ltr'><strong>σου</strong></span> <span class='ocrx_word' id='word_1_428' title='bbox 3272 2439 3542 2509; x_wconf 73' lang='grc' dir='ltr'>λογισμοὶ,</span> <span class='ocrx_word' id='word_1_429' title='bbox 3610 2439 3705 2492; x_wconf 74' lang='grc' dir='ltr'>καὶ</span> <span class='ocrx_word' id='word_1_430' title='bbox 3739 2441 3789 2493; x_wconf 81' lang='grc' dir='ltr'>οῑ</span> <span class='ocrx_word' id='word_1_431' title='bbox 3821 2440 4031 2513; x_wconf 86' lang='grc' dir='ltr'>θεωρη-</span> 
     </span>
    </p>
   </div>
   <div class='ocr_carea' id='block_1_68' title="bbox 2462 2530 4039 2605">
    <p class='ocr_par' dir='ltr' id='par_1_68' title="bbox 2462 2530 4039 2605">
     <span class='ocr_line' id='line_1_68' title="bbox 2462 2530 4039 2605; baseline 0.003 -22"><span class='ocrx_word' id='word_1_432' title='bbox 2462 2532 2609 2583; x_wconf 73' lang='grc' dir='ltr'>τικοὶ</span> <span class='ocrx_word' id='word_1_433' title='bbox 2631 2532 2689 2583; x_wconf 80' lang='grc' dir='ltr'><strong>ὲν</strong></span> <span class='ocrx_word' id='word_1_434' title='bbox 2709 2530 2983 2600; x_wconf 87' lang='grc' dir='ltr'>πνεύματι</span> <span class='ocrx_word' id='word_1_435' title='bbox 3017 2530 3186 2597; x_wconf 84' lang='grc' dir='ltr'>λόγοι,</span> <span class='ocrx_word' id='word_1_436' title='bbox 3236 2532 3329 2583; x_wconf 81' lang='grc' dir='ltr'>καὶ</span> <span class='ocrx_word' id='word_1_437' title='bbox 3390 2531 3699 2599; x_wconf 75' lang='grc' dir='ltr'>θεολογικαὶ</span> <span class='ocrx_word' id='word_1_438' title='bbox 3738 2533 3848 2585; x_wconf 84' lang='grc' dir='ltr'>τῶν</span> <span class='ocrx_word' id='word_1_439' title='bbox 3898 2534 4039 2605; x_wconf 80' lang='grc' dir='ltr'>ὑπὲρ</span> 
     </span>
    </p>
   </div>
   <div class='ocr_carea' id='block_1_69' title="bbox 2460 2620 4036 2691">
    <p class='ocr_par' dir='ltr' id='par_1_69' title="bbox 2460 2620 4036 2691">
     <span class='ocr_line' id='line_1_69' title="bbox 2460 2620 4036 2691; baseline 0.001 -18"><span class='ocrx_word' id='word_1_440' title='bbox 2460 2621 2648 2691; x_wconf 78' lang='grc' dir='ltr'>νόησιν</span> <span class='ocrx_word' id='word_1_441' title='bbox 2678 2622 2975 2689; x_wconf 85' lang='grc' dir='ltr'>ἀγνώστων</span> <span class='ocrx_word' id='word_1_442' title='bbox 3003 2620 3289 2690; x_wconf 84' lang='grc' dir='ltr'>δογμάτων</span> <span class='ocrx_word' id='word_1_443' title='bbox 3313 2621 3591 2685; x_wconf 76' lang='grc' dir='ltr'>ἐπιϐολαὶ,</span> <span class='ocrx_word' id='word_1_444' title='bbox 3622 2622 3841 2675; x_wconf 76' lang='grc' dir='ltr'>ἅπαντα</span> <span class='ocrx_word' id='word_1_445' title='bbox 3864 2624 3928 2676; x_wconf 84' lang='grc' dir='ltr'>ὲκ</span> <span class='ocrx_word' id='word_1_446' title='bbox 3944 2623 4036 2676; x_wconf 75' lang='grc' dir='ltr'>τοῦ</span> 
     </span>
    </p>
   </div>
   <div class='ocr_carea' id='block_1_70' title="bbox 2462 2708 4037 2786">
    <p class='ocr_par' dir='ltr' id='par_1_70' title="bbox 2462 2708 4037 2786">
     <span class='ocr_line' id='line_1_70' title="bbox 2462 2708 4037 2786; baseline 0.002 -21"><span class='ocrx_word' id='word_1_447' title='bbox 2462 2715 2579 2775; x_wconf 91' lang='grc' dir='ltr'>νοός</span> <span class='ocrx_word' id='word_1_448' title='bbox 2599 2732 2693 2766; x_wconf 91' lang='grc' dir='ltr'><strong>σου</strong></span> <span class='ocrx_word' id='word_1_449' title='bbox 2722 2708 2832 2782; x_wconf 73' lang='grc' dir='ltr'>(οἷα</span> <span class='ocrx_word' id='word_1_450' title='bbox 2859 2713 2923 2782; x_wconf 81' lang='grc' dir='ltr'><strong>δὴ</strong></span> <span class='ocrx_word' id='word_1_451' title='bbox 2951 2714 3195 2782; x_wconf 81' lang='grc' dir='ltr'>κεφαλῆς</span> <span class='ocrx_word' id='word_1_452' title='bbox 3250 2712 3507 2783; x_wconf 84' lang='grc' dir='ltr'>κομώσης</span> <span class='ocrx_word' id='word_1_453' title='bbox 3560 2713 3705 2786; x_wconf 79' lang='grc' dir='ltr'>θρὶξ)</span> <span class='ocrx_word' id='word_1_454' title='bbox 3736 2732 4037 2785; x_wconf 81' lang='grc' dir='ltr'>πνευματι-</span> 
     </span>
    </p>
   </div>
   <div class='ocr_carea' id='block_1_71' title="bbox 2462 2804 4037 2876">
    <p class='ocr_par' dir='ltr' id='par_1_71' title="bbox 2462 2804 4037 2876">
     <span class='ocr_line' id='line_1_71' title="bbox 2462 2804 4037 2876; baseline 0.001 -20"><span class='ocrx_word' id='word_1_455' title='bbox 2462 2804 2575 2866; x_wconf 88' lang='grc' dir='ltr'>κῶς</span> <span class='ocrx_word' id='word_1_456' title='bbox 2602 2804 2830 2869; x_wconf 79' lang='grc' dir='ltr'>φύονται</span> <span class='ocrx_word' id='word_1_457' title='bbox 2849 2820 2861 2833; x_wconf 73' lang='grc' dir='ltr'><strong>ο</strong></span> <span class='ocrx_word' id='word_1_458' title='bbox 2895 2804 3141 2873; x_wconf 76' lang='grc' dir='ltr'>καὶπρὸς</span> <span class='ocrx_word' id='word_1_459' title='bbox 3159 2805 3227 2858; x_wconf 83' lang='grc' dir='ltr'>τὰ</span> <span class='ocrx_word' id='word_1_460' title='bbox 3252 2805 3309 2857; x_wconf 77' lang='grc' dir='ltr'><strong>ἐν</strong></span> <span class='ocrx_word' id='word_1_461' title='bbox 3354 2806 3519 2875; x_wconf 81' lang='grc' dir='ltr'>σαρκὶ</span> <span class='ocrx_word' id='word_1_462' title='bbox 3539 2806 3633 2857; x_wconf 75' lang='grc' dir='ltr'><strong>καὶ</strong></span> <span class='ocrx_word' id='word_1_463' title='bbox 3658 2806 3849 2876; x_wconf 87' lang='grc' dir='ltr'>κόσμῳ</span> <span class='ocrx_word' id='word_1_464' title='bbox 3879 2808 4037 2860; x_wconf 80' lang='grc' dir='ltr'>ἀναι-</span> 
     </span>
    </p>
   </div>
   <div class='ocr_carea' id='block_1_72' title="bbox 2464 2892 4038 2964">
    <p class='ocr_par' dir='ltr' id='par_1_72' title="bbox 2464 2892 4038 2964">
     <span class='ocr_line' id='line_1_72' title="bbox 2464 2892 4038 2964; baseline 0.003 -18"><span class='ocrx_word' id='word_1_465' title='bbox 2464 2894 2718 2962; x_wconf 80' lang='grc' dir='ltr'>σθητοῦσι</span> <span class='ocrx_word' id='word_1_466' title='bbox 2736 2894 2890 2963; x_wconf 84' lang='grc' dir='ltr'>δίκην</span> <span class='ocrx_word' id='word_1_467' title='bbox 2912 2892 3174 2957; x_wconf 78' lang='grc' dir='ltr'>εὐθαλοῦς</span> <span class='ocrx_word' id='word_1_468' title='bbox 3209 2894 3557 2964; x_wconf 83' lang='grc' dir='ltr'>τριχώματος</span> <span class='ocrx_word' id='word_1_469' title='bbox 3592 2896 3788 2964; x_wconf 82' lang='grc' dir='ltr'>αιγῶν,</span> <span class='ocrx_word' id='word_1_470' title='bbox 3831 2898 4038 2950; x_wconf 77' lang='grc' dir='ltr'>ἀποκασ</span> 
     </span>
    </p>
   </div>
   <div class='ocr_carea' id='block_1_73' title="bbox 2461 2984 4035 3057">
    <p class='ocr_par' dir='ltr' id='par_1_73' title="bbox 2461 2984 4035 3057">
     <span class='ocr_line' id='line_1_73' title="bbox 2461 2984 4035 3057; baseline 0.003 -22"><span class='ocrx_word' id='word_1_471' title='bbox 2461 2984 2819 3054; x_wconf 86' lang='grc' dir='ltr'>λυπτομένων</span> <span class='ocrx_word' id='word_1_472' title='bbox 2848 2985 2907 3049; x_wconf 78' lang='grc' dir='ltr'><strong>ἐξ</strong></span> <span class='ocrx_word' id='word_1_473' title='bbox 2928 2986 3089 3055; x_wconf 79' lang='grc' dir='ltr'>ὅρους</span> <span class='ocrx_word' id='word_1_474' title='bbox 3114 2986 3362 3037; x_wconf 75' lang='grc' dir='ltr'>ἀπόπτου</span> <span class='ocrx_word' id='word_1_475' title='bbox 3413 2986 3629 3039; x_wconf 83' lang='grc' dir='ltr'>Γαλαὰδ</span> <span class='ocrx_word' id='word_1_476' title='bbox 3676 2987 4035 3057; x_wconf 84' lang='grc' dir='ltr'>καλουμένου,</span> 
     </span>
    </p>
   </div>
   <div class='ocr_carea' id='block_1_74' title="bbox 2464 3075 4039 3145">
    <p class='ocr_par' dir='ltr' id='par_1_74' title="bbox 2464 3075 4039 3145">
     <span class='ocr_line' id='line_1_74' title="bbox 2464 3075 4039 3145; baseline 0.003 -17"><span class='ocrx_word' id='word_1_477' title='bbox 2464 3078 2557 3128; x_wconf 76' lang='grc' dir='ltr'>καὶ</span> <span class='ocrx_word' id='word_1_478' title='bbox 2586 3076 3093 3145; x_wconf 89' lang='grc' dir='ltr'>ἀποκεκαλυμμένα</span> <span class='ocrx_word' id='word_1_479' title='bbox 3113 3076 3251 3129; x_wconf 74' lang='grc' dir='ltr'>εἰσὶν</span> <span class='ocrx_word' id='word_1_480' title='bbox 3277 3076 3384 3128; x_wconf 79' lang='grc' dir='ltr'><strong>ἀπὸ</strong></span> <span class='ocrx_word' id='word_1_481' title='bbox 3433 3075 3659 3140; x_wconf 83' lang='grc' dir='ltr'>σκότους</span> <span class='ocrx_word' id='word_1_482' title='bbox 3718 3079 3917 3143; x_wconf 77' lang='grc' dir='ltr'>κακίας</span> <span class='ocrx_word' id='word_1_483' title='bbox 3944 3083 4039 3133; x_wconf 75' lang='grc' dir='ltr'>καὶ</span> 
     </span>
    </p>
   </div>
   <div class='ocr_carea' id='block_1_75' title="bbox 2465 3164 4040 3239">
    <p class='ocr_par' dir='ltr' id='par_1_75' title="bbox 2465 3164 4040 3239">
     <span class='ocr_line' id='line_1_75' title="bbox 2465 3164 4040 3239; baseline 0.002 -20"><span class='ocrx_word' id='word_1_484' title='bbox 2465 3166 2687 3233; x_wconf 80' lang='grc' dir='ltr'>ἀγνοίας</span> <span class='ocrx_word' id='word_1_485' title='bbox 2729 3164 2825 3217; x_wconf 73' lang='grc' dir='ltr'>καὶ</span> <span class='ocrx_word' id='word_1_486' title='bbox 2860 3164 3067 3229; x_wconf 85' lang='grc' dir='ltr'>ἁθείας,</span> <span class='ocrx_word' id='word_1_487' title='bbox 3113 3165 3188 3227; x_wconf 84' lang='grc' dir='ltr'>ὡς</span> <span class='ocrx_word' id='word_1_488' title='bbox 3214 3168 3279 3218; x_wconf 85' lang='grc' dir='ltr'>ὲκ</span> <span class='ocrx_word' id='word_1_489' title='bbox 3324 3164 3536 3218; x_wconf 84' lang='grc' dir='ltr'>τούτων</span> <span class='ocrx_word' id='word_1_490' title='bbox 3594 3168 3676 3230; x_wconf 75' lang='grc' dir='ltr'><strong>εἰς</strong></span> <span class='ocrx_word' id='word_1_491' title='bbox 3721 3168 3921 3239; x_wconf 77' lang='grc' dir='ltr'>ἀρετὴν</span> <span class='ocrx_word' id='word_1_492' title='bbox 3947 3172 4040 3222; x_wconf 74' lang='grc' dir='ltr'>καὶ</span> 
     </span>
    </p>
   </div>
   <div class='ocr_carea' id='block_1_76' title="bbox 2465 3254 4040 3328">
    <p class='ocr_par' dir='ltr' id='par_1_76' title="bbox 2465 3254 4040 3328">
     <span class='ocr_line' id='line_1_76' title="bbox 2465 3254 4040 3328; baseline 0.001 -20"><span class='ocrx_word' id='word_1_493' title='bbox 2465 3258 2667 3325; x_wconf 84' lang='grc' dir='ltr'>γνῶσιν</span> <span class='ocrx_word' id='word_1_494' title='bbox 2726 3258 2819 3309; x_wconf 82' lang='grc' dir='ltr'><strong>καὶ</strong></span> <span class='ocrx_word' id='word_1_495' title='bbox 2890 3255 3200 3309; x_wconf 75' lang='grc' dir='ltr'>θεοσέϐειαν</span> <span class='ocrx_word' id='word_1_496' title='bbox 3288 3254 3699 3323; x_wconf 81' lang='grc' dir='ltr'>μετοικισθέντα</span> <span class='ocrx_word' id='word_1_497' title='bbox 3753 3260 3903 3328; x_wconf 90' lang='grc' dir='ltr'><strong>παρά</strong></span> <span class='ocrx_word' id='word_1_498' title='bbox 3947 3258 4040 3311; x_wconf 79' lang='grc' dir='ltr'>τοῦ</span> 
     </span>
    </p>
   </div>
   <div class='ocr_carea' id='block_1_77' title="bbox 2468 3344 4040 3419">
    <p class='ocr_par' dir='ltr' id='par_1_77' title="bbox 2468 3344 4040 3419">
     <span class='ocr_line' id='line_1_77' title="bbox 2468 3344 4040 3419; baseline 0.001 -20"><span class='ocrx_word' id='word_1_499' title='bbox 2468 3344 2919 3417; x_wconf 77' lang='grc' dir='ltr'>μαρτυρουμένου</span> <span class='ocrx_word' id='word_1_500' title='bbox 2945 3347 3057 3409; x_wconf 84' lang='grc' dir='ltr'>τοῖς</span> <span class='ocrx_word' id='word_1_501' title='bbox 3086 3347 3300 3407; x_wconf 86' lang='grc' dir='ltr'>πιστοῖς</span> <span class='ocrx_word' id='word_1_502' title='bbox 3317 3346 3384 3399; x_wconf 90' lang='grc' dir='ltr'><strong>τά</strong></span> <span class='ocrx_word' id='word_1_503' title='bbox 3405 3345 3664 3415; x_wconf 85' lang='grc' dir='ltr'>μέλλοντα</span> <span class='ocrx_word' id='word_1_504' title='bbox 3680 3347 4040 3419; x_wconf 78' lang='grc' dir='ltr'>δικαιωτήρια</span> 
     </span>
    </p>
   </div>
   <div class='ocr_carea' id='block_1_78' title="bbox 2467 3436 4042 3509">
    <p class='ocr_par' dir='ltr' id='par_1_78' title="bbox 2467 3436 4042 3509">
     <span class='ocr_line' id='line_1_78' title="bbox 2467 3436 4042 3509; baseline 0.001 -19"><span class='ocrx_word' id='word_1_505' title='bbox 2467 3437 2824 3505; x_wconf 65' lang='grc' dir='ltr'>Εὐαγγελιου,</span> <span class='ocrx_word' id='word_1_506' title='bbox 2853 3438 2992 3506; x_wconf 85' lang='grc' dir='ltr'>ὅπερ</span> <span class='ocrx_word' id='word_1_507' title='bbox 3020 3437 3172 3507; x_wconf 86' lang='grc' dir='ltr'>δηλοῖ</span> <span class='ocrx_word' id='word_1_508' title='bbox 3191 3436 3252 3489; x_wconf 84' lang='grc' dir='ltr'><strong>τὸ</strong></span> <span class='ocrx_word' id='word_1_509' title='bbox 3282 3436 3516 3501; x_wconf 85' lang='grc' dir='ltr'>Γαλαὰδ,</span> <span class='ocrx_word' id='word_1_510' title='bbox 3554 3438 3803 3508; x_wconf 85' lang='grc' dir='ltr'>μετοικία</span> <span class='ocrx_word' id='word_1_511' title='bbox 3831 3455 4042 3509; x_wconf 87' lang='grc' dir='ltr'>μαρτυ-</span> 
     </span>
    </p>
   </div>
   <div class='ocr_carea' id='block_1_79' title="bbox 2472 3526 3074 3597">
    <p class='ocr_par' dir='ltr' id='par_1_79' title="bbox 2472 3526 3074 3597">
     <span class='ocr_line' id='line_1_79' title="bbox 2472 3526 3074 3597; baseline 0.003 -18"><span class='ocrx_word' id='word_1_512' title='bbox 2472 3527 2590 3597; x_wconf 84' lang='grc' dir='ltr'>ρίας</span> <span class='ocrx_word' id='word_1_513' title='bbox 2620 3526 3074 3597; x_wconf 78' lang='grc' dir='ltr'>ἑρμηνευόμενον.</span> 
     </span>
    </p>
   </div>
   <div class='ocr_carea' id='block_1_80' title="bbox 2554 3616 4045 3687">
    <p class='ocr_par' dir='ltr' id='par_1_80' title="bbox 2554 3616 4045 3687">
     <span class='ocr_line' id='line_1_80' title="bbox 2554 3616 4045 3687; baseline -0.001 -15"><span class='ocrx_word' id='word_1_514' title='bbox 2554 3618 2827 3679; x_wconf 80' lang='grc' dir='ltr'>Ὀδόντες</span> <span class='ocrx_word' id='word_1_515' title='bbox 2854 3635 2973 3673; x_wconf 87' lang='grc' dir='ltr'><strong>σου</strong></span> <span class='ocrx_word' id='word_1_516' title='bbox 3024 3618 3105 3683; x_wconf 87' lang='grc' dir='ltr'>ὠς</span> <span class='ocrx_word' id='word_1_517' title='bbox 3134 3616 3344 3687; x_wconf 81' lang='grc' dir='ltr'>ἀγέλαι</span> <span class='ocrx_word' id='word_1_518' title='bbox 3376 3616 3495 3670; x_wconf 84' lang='grc' dir='ltr'><strong>τῶν</strong></span> <span class='ocrx_word' id='word_1_519' title='bbox 3524 3619 3928 3687; x_wconf 61' lang='grc' dir='ltr'>κεκαρμὲνων,</span> <span class='ocrx_word' id='word_1_520' title='bbox 3984 3620 4045 3673; x_wconf 79' lang='grc' dir='ltr'>ατ</span> 
     </span>
    </p>
   </div>
   <div class='ocr_carea' id='block_1_81' title="bbox 2468 3708 4044 3778">
    <p class='ocr_par' dir='ltr' id='par_1_81' title="bbox 2468 3708 4044 3778">
     <span class='ocr_line' id='line_1_81' title="bbox 2468 3708 4044 3778; baseline 0 -14"><span class='ocrx_word' id='word_1_521' title='bbox 2468 3710 2780 3778; x_wconf 81' lang='grc' dir='ltr'><strong>ἀνέϐησαν</strong></span> <span class='ocrx_word' id='word_1_522' title='bbox 2812 3710 2931 3763; x_wconf 82' lang='grc' dir='ltr'>ἀπὸ</span> <span class='ocrx_word' id='word_1_523' title='bbox 2952 3708 3058 3762; x_wconf 82' lang='grc' dir='ltr'>τοῦ</span> <span class='ocrx_word' id='word_1_524' title='bbox 3084 3708 3366 3775; x_wconf 79' lang='grc' dir='ltr'>λουτροῦ,</span> <span class='ocrx_word' id='word_1_525' title='bbox 3389 3710 3447 3761; x_wconf 82' lang='grc' dir='ltr'><strong>αι</strong></span> <span class='ocrx_word' id='word_1_526' title='bbox 3477 3708 3663 3763; x_wconf 81' lang='grc' dir='ltr'>πᾶσαι</span> <span class='ocrx_word' id='word_1_527' title='bbox 3691 3709 4044 3778; x_wconf 74' lang='grc' dir='ltr'>διδυμεύου-</span> 
     </span>
    </p>
   </div>
   <div class='ocr_carea' id='block_1_82' title="bbox 2471 3800 3764 3866">
    <p class='ocr_par' dir='ltr' id='par_1_82' title="bbox 2471 3800 3764 3866">
     <span class='ocr_line' id='line_1_82' title="bbox 2471 3800 3764 3866; baseline -0.002 -8"><span class='ocrx_word' id='word_1_528' title='bbox 2471 3820 2594 3865; x_wconf 82' lang='grc' dir='ltr'>σαι,</span> <span class='ocrx_word' id='word_1_529' title='bbox 2624 3803 2720 3855; x_wconf 76' lang='grc' dir='ltr'>καὶ</span> <span class='ocrx_word' id='word_1_530' title='bbox 2753 3801 3095 3857; x_wconf 78' lang='grc' dir='ltr'>ἀτεχνοῦσα</span> <span class='ocrx_word' id='word_1_531' title='bbox 3112 3802 3222 3853; x_wconf 85' lang='grc' dir='ltr'>οὐκ</span> <span class='ocrx_word' id='word_1_532' title='bbox 3253 3800 3426 3853; x_wconf 79' lang='grc' dir='ltr'>ἔστιν</span> <span class='ocrx_word' id='word_1_533' title='bbox 3443 3800 3513 3853; x_wconf 80' lang='grc' dir='ltr'><strong>ἐν</strong></span> <span class='ocrx_word' id='word_1_534' title='bbox 3535 3801 3764 3866; x_wconf 82' lang='grc' dir='ltr'>αὐταῖς.</span> 
     </span>
    </p>
   </div>
   <div class='ocr_carea' id='block_1_83' title="bbox 2546 3883 4045 3961">
    <p class='ocr_par' dir='ltr' id='par_1_83' title="bbox 2546 3883 4045 3961">
     <span class='ocr_line' id='line_1_83' title="bbox 2546 3883 4045 3961; baseline -0.002 -15"><span class='ocrx_word' id='word_1_535' title='bbox 2546 3895 2769 3961; x_wconf 85' lang='grc' dir='ltr'>Ἤγουν,</span> <span class='ocrx_word' id='word_1_536' title='bbox 2802 3892 3183 3961; x_wconf 72' lang='grc' dir='ltr'>αξδιανοήσεις</span> <span class='ocrx_word' id='word_1_537' title='bbox 3215 3908 3331 3956; x_wconf 92' lang='grc' dir='ltr'>σου,</span> <span class='ocrx_word' id='word_1_538' title='bbox 3387 3889 3455 3943; x_wconf 84' lang='grc' dir='ltr'>δι’</span> <span class='ocrx_word' id='word_1_539' title='bbox 3512 3883 3588 3946; x_wconf 82' lang='grc' dir='ltr'><strong>ὧν</strong></span> <span class='ocrx_word' id='word_1_540' title='bbox 3646 3890 3833 3961; x_wconf 87' lang='grc' dir='ltr'>ὥσπερ</span> <span class='ocrx_word' id='word_1_541' title='bbox 3888 3892 4045 3944; x_wconf 77' lang='grc' dir='ltr'>τινῶν</span> 
     </span>
    </p>
   </div>
   <div class='ocr_carea' id='block_1_84' title="bbox 2470 3981 4045 4051">
    <p class='ocr_par' dir='ltr' id='par_1_84' title="bbox 2470 3981 4045 4051">
     <span class='ocr_line' id='line_1_84' title="bbox 2470 3981 4045 4051; baseline -0.002 -13"><span class='ocrx_word' id='word_1_542' title='bbox 2470 3986 2697 4038; x_wconf 84' lang='grc' dir='ltr'>ὀδόντων</span> <span class='ocrx_word' id='word_1_543' title='bbox 2728 3984 2788 4036; x_wconf 77' lang='grc' dir='ltr'><strong>τὸ</strong></span> <span class='ocrx_word' id='word_1_544' title='bbox 2820 3982 3133 4051; x_wconf 81' lang='grc' dir='ltr'>σωματικὸν</span> <span class='ocrx_word' id='word_1_545' title='bbox 3162 3985 3329 4050; x_wconf 83' lang='grc' dir='ltr'>πάχος</span> <span class='ocrx_word' id='word_1_546' title='bbox 3361 3981 3455 4033; x_wconf 74' lang='grc' dir='ltr'>τοῦ</span> <span class='ocrx_word' id='word_1_547' title='bbox 3489 3982 3735 4051; x_wconf 82' lang='grc' dir='ltr'>γραπτοῦ</span> <span class='ocrx_word' id='word_1_548' title='bbox 3762 3987 3926 4051; x_wconf 73' lang='grc' dir='ltr'>νόμον</span> <span class='ocrx_word' id='word_1_549' title='bbox 3957 3986 4045 4035; x_wconf 73' lang='grc' dir='ltr'><strong>καὶ</strong></span> 
     </span>
    </p>
   </div>
   <div class='ocr_carea' id='block_1_85' title="bbox 2471 4072 4043 4144">
    <p class='ocr_par' dir='ltr' id='par_1_85' title="bbox 2471 4072 4043 4144">
     <span class='ocr_line' id='line_1_85' title="bbox 2471 4072 4043 4144; baseline -0.001 -16"><span class='ocrx_word' id='word_1_550' title='bbox 2471 4076 2565 4128; x_wconf 82' lang='grc' dir='ltr'>τοῦ</span> <span class='ocrx_word' id='word_1_551' title='bbox 2597 4072 2827 4143; x_wconf 79' lang='grc' dir='ltr'>φυσικοῦ</span> <span class='ocrx_word' id='word_1_552' title='bbox 2856 4073 3174 4126; x_wconf 79' lang='grc' dir='ltr'>λεπτύνεται</span> <span class='ocrx_word' id='word_1_553' title='bbox 3202 4075 3279 4135; x_wconf 76' lang='grc' dir='ltr'>εἰς</span> <span class='ocrx_word' id='word_1_554' title='bbox 3308 4072 3480 4141; x_wconf 84' lang='grc' dir='ltr'>ἀληθῆ</span> <span class='ocrx_word' id='word_1_555' title='bbox 3507 4076 3776 4142; x_wconf 79' lang='grc' dir='ltr'>νοήματα,</span> <span class='ocrx_word' id='word_1_556' title='bbox 3796 4077 3889 4126; x_wconf 78' lang='grc' dir='ltr'><strong>καὶ</strong></span> <span class='ocrx_word' id='word_1_557' title='bbox 3912 4075 4043 4144; x_wconf 70' lang='grc' dir='ltr'>πρὸς</span> 
     </span>
    </p>
   </div>
   <div class='ocr_carea' id='block_1_86' title="bbox 2476 4164 4045 4237">
    <p class='ocr_par' dir='ltr' id='par_1_86' title="bbox 2476 4164 4045 4237">
     <span class='ocr_line' id='line_1_86' title="bbox 2476 4164 4045 4237; baseline -0.002 -17"><span class='ocrx_word' id='word_1_558' title='bbox 2476 4166 2678 4237; x_wconf 83' lang='grc' dir='ltr'>βρῶσιν</span> <span class='ocrx_word' id='word_1_559' title='bbox 2712 4166 3089 4235; x_wconf 85' lang='grc' dir='ltr'>πνευματικὴν</span> <span class='ocrx_word' id='word_1_560' title='bbox 3118 4165 3424 4233; x_wconf 79' lang='grc' dir='ltr'>ἐπιτήδειον</span> <span class='ocrx_word' id='word_1_561' title='bbox 3476 4164 3708 4236; x_wconf 86' lang='grc' dir='ltr'>γίνεται,</span> <span class='ocrx_word' id='word_1_562' title='bbox 3765 4166 3921 4235; x_wconf 80' lang='grc' dir='ltr'>δίκην</span> <span class='ocrx_word' id='word_1_563' title='bbox 3954 4185 4045 4217; x_wconf 83' lang='grc' dir='ltr'>κε-</span> 
     </span>
    </p>
   </div>
   <div class='ocr_carea' id='block_1_87' title="bbox 2475 4257 4043 4329">
    <p class='ocr_par' dir='ltr' id='par_1_87' title="bbox 2475 4257 4043 4329">
     <span class='ocr_line' id='line_1_87' title="bbox 2475 4257 4043 4329; baseline -0.003 -18"><span class='ocrx_word' id='word_1_564' title='bbox 2475 4259 2767 4329; x_wconf 84' lang='grc' dir='ltr'>καρμένων</span> <span class='ocrx_word' id='word_1_565' title='bbox 2798 4258 3009 4323; x_wconf 83' lang='grc' dir='ltr'>ἀγελών</span> <span class='ocrx_word' id='word_1_566' title='bbox 3035 4257 3215 4309; x_wconf 82' lang='grc' dir='ltr'>πᾶσαν</span> <span class='ocrx_word' id='word_1_567' title='bbox 3242 4257 3448 4309; x_wconf 77' lang='grc' dir='ltr'>ἔννοιαν</span> <span class='ocrx_word' id='word_1_568' title='bbox 3469 4257 3637 4325; x_wconf 67' lang='grc' dir='ltr'>ψευδῆ</span> <span class='ocrx_word' id='word_1_569' title='bbox 3664 4258 4043 4327; x_wconf 73' lang='grc' dir='ltr'>περιῄρηνται,</span> 
     </span>
    </p>
   </div>
   <div class='ocr_carea' id='block_1_88' title="bbox 2476 4345 4047 4417">
    <p class='ocr_par' dir='ltr' id='par_1_88' title="bbox 2476 4345 4047 4417">
     <span class='ocr_line' id='line_1_88' title="bbox 2476 4345 4047 4417; baseline -0.001 -19"><span class='ocrx_word' id='word_1_570' title='bbox 2476 4350 2602 4417; x_wconf 72' lang='grc' dir='ltr'>περὶ</span> <span class='ocrx_word' id='word_1_571' title='bbox 2632 4348 2798 4416; x_wconf 79' lang='grc' dir='ltr'>μόνην</span> <span class='ocrx_word' id='word_1_572' title='bbox 2836 4345 3334 4415; x_wconf 75' lang='grc' dir='ltr'>συναγελαζόμεναι</span> <span class='ocrx_word' id='word_1_573' title='bbox 3360 4347 3459 4414; x_wconf 78' lang='grc' dir='ltr'>τὴν</span> <span class='ocrx_word' id='word_1_574' title='bbox 3510 4346 3785 4415; x_wconf 82' lang='grc' dir='ltr'>ἀλήθειαν.</span> <span class='ocrx_word' id='word_1_575' title='bbox 3833 4347 3899 4398; x_wconf 78' lang='grc' dir='ltr'><strong>Δῖ</strong></span> <span class='ocrx_word' id='word_1_576' title='bbox 3956 4349 4047 4397; x_wconf 78' lang='grc' dir='ltr'><strong>καὶ</strong></span> 
     </span>
    </p>
   </div>
   <div class='ocr_carea' id='block_1_89' title="bbox 2476 4438 4047 4509">
    <p class='ocr_par' dir='ltr' id='par_1_89' title="bbox 2476 4438 4047 4509">
     <span class='ocr_line' id='line_1_89' title="bbox 2476 4438 4047 4509; baseline -0.001 -18"><span class='ocrx_word' id='word_1_577' title='bbox 2476 4439 2750 4509; x_wconf 75' lang='grc' dir='ltr'>ἀνέϐησαν</span> <span class='ocrx_word' id='word_1_578' title='bbox 2778 4438 3077 4507; x_wconf 53' lang='lat' dir='ltr'><strong>eameam:</strong></span> <span class='ocrx_word' id='word_1_579' title='bbox 3106 4438 3242 4506; x_wconf 83' lang='grc' dir='ltr'>πρὸς</span> <span class='ocrx_word' id='word_1_580' title='bbox 3274 4438 3342 4489; x_wconf 76' lang='grc' dir='ltr'>τὰ</span> <span class='ocrx_word' id='word_1_581' title='bbox 3380 4439 3728 4507; x_wconf 76' lang='grc' dir='ltr'>πνευματικὰ</span> <span class='ocrx_word' id='word_1_582' title='bbox 3760 4440 3853 4491; x_wconf 73' lang='grc' dir='ltr'><strong>καὶ</strong></span> <span class='ocrx_word' id='word_1_583' title='bbox 3885 4439 4047 4509; x_wconf 71' lang='grc' dir='ltr'>οὐρά-</span> 
     </span>
    </p>
   </div>
   <div class='ocr_carea' id='block_1_90' title="bbox 804 4523 2551 4618">
    <p class='ocr_par' dir='ltr' id='par_1_90' title="bbox 804 4523 2551 4618">
     <span class='ocr_line' id='line_1_90' title="bbox 804 4523 2551 4618; baseline -0.011 -30"><span class='ocrx_word' id='word_1_584' title='bbox 804 4546 969 4603; x_wconf 87' lang='lat' dir='ltr'><strong>atque</strong></span> <span class='ocrx_word' id='word_1_585' title='bbox 994 4532 1310 4587; x_wconf 79' lang='lat' dir='ltr'><strong>carnalibus</strong></span> <span class='ocrx_word' id='word_1_586' title='bbox 1331 4527 1594 4583; x_wconf 89' lang='lat' dir='ltr'><strong>sublimes</strong></span> <span class='ocrx_word' id='word_1_587' title='bbox 1651 4526 1717 4579; x_wconf 89' lang='lat' dir='ltr'><strong>ad</strong></span> <span class='ocrx_word' id='word_1_588' title='bbox 1754 4523 2021 4593; x_wconf 84' lang='lat' dir='ltr'><strong>spiritalia</strong></span> <span class='ocrx_word' id='word_1_589' title='bbox 2065 4529 2228 4589; x_wconf 90' lang='lat' dir='ltr'><strong>atque</strong></span> <span class='ocrx_word' id='word_1_590' title='bbox 2256 4532 2370 4571; x_wconf 72' lang='grc' dir='ltr'>σω·</span> <span class='ocrx_word' id='word_1_591' title='bbox 2404 4564 2447 4618; x_wconf 77' lang='lat' dir='ltr'><strong>D</strong></span> <span class='ocrx_word' id='word_1_592' title='bbox 2478 4552 2551 4586; x_wconf 67' lang='grc' dir='ltr'><strong>νιο</strong></span> 
     </span>
    </p>
   </div>
   <div class='ocr_carea' id='block_1_91' title="bbox 2300 4523 4047 4618">
    <p class='ocr_par' dir='ltr' id='par_1_91' title="bbox 2300 4529 4047 4618">
     <span class='ocr_line' id='line_1_91' title="bbox 2300 4529 4047 4618; baseline -0.002 -32"><span class='ocrx_word' id='word_1_593' title='bbox 2300 4532 2370 4571; x_wconf 68' lang='grc' dir='ltr'><strong>ω’</strong></span> <span class='ocrx_word' id='word_1_594' title='bbox 2404 4564 2447 4618; x_wconf 78' lang='lat' dir='ltr'><strong>D</strong></span> <span class='ocrx_word' id='word_1_595' title='bbox 2478 4552 2567 4586; x_wconf 88' lang='grc' dir='ltr'><strong>νια</strong></span> <span class='ocrx_word' id='word_1_596' title='bbox 2598 4535 2661 4586; x_wconf 82' lang='grc' dir='ltr'>ὲκ</span> <span class='ocrx_word' id='word_1_597' title='bbox 2682 4534 2790 4585; x_wconf 80' lang='grc' dir='ltr'>τῶν</span> <span class='ocrx_word' id='word_1_598' title='bbox 2823 4533 3026 4599; x_wconf 78' lang='grc' dir='ltr'>γηΐνων</span> <span class='ocrx_word' id='word_1_599' title='bbox 3082 4531 3177 4583; x_wconf 75' lang='grc' dir='ltr'><strong>καὶ</strong></span> <span class='ocrx_word' id='word_1_600' title='bbox 3211 4529 3488 4599; x_wconf 84' lang='grc' dir='ltr'>σαρκικῶν</span> <span class='ocrx_word' id='word_1_601' title='bbox 3542 4530 3767 4592; x_wconf 88' lang='grc' dir='ltr'>τούτων,</span> <span class='ocrx_word' id='word_1_602' title='bbox 3816 4531 3890 4592; x_wconf 83' lang='grc' dir='ltr'>ὡς</span> <span class='ocrx_word' id='word_1_603' title='bbox 3941 4532 4047 4583; x_wconf 74' lang='grc' dir='ltr'>ἀπὸ</span> 
     </span>
    </p>
   </div>
   <div class='ocr_carea' id='block_1_92' title="bbox 804 4611 2373 4683">
    <p class='ocr_par' dir='ltr' id='par_1_92' title="bbox 804 4611 2373 4683">
     <span class='ocr_line' id='line_1_92' title="bbox 804 4611 2373 4683; baseline -0.01 -5"><span class='ocrx_word' id='word_1_604' title='bbox 804 4629 954 4680; x_wconf 73' lang='lat' dir='ltr'><strong>leStia</strong></span> <span class='ocrx_word' id='word_1_605' title='bbox 985 4622 1444 4678; x_wconf 89' lang='lat' dir='ltr'><strong>conscenderunt.</strong></span> <span class='ocrx_word' id='word_1_606' title='bbox 1522 4614 1838 4683; x_wconf 85' lang='lat' dir='ltr'><strong>Omnesque</strong></span> <span class='ocrx_word' id='word_1_607' title='bbox 1886 4628 1982 4679; x_wconf 83' lang='lat' dir='ltr'><strong>per</strong></span> <span class='ocrx_word' id='word_1_608' title='bbox 2032 4611 2373 4680; x_wconf 89' lang='lat' dir='ltr'><strong>supradictas</strong></span> 
     </span>
    </p>
   </div>
   <div class='ocr_carea' id='block_1_93' title="bbox 808 4698 2376 4781">
    <p class='ocr_par' dir='ltr' id='par_1_93' title="bbox 808 4698 2376 4781">
     <span class='ocr_line' id='line_1_93' title="bbox 808 4698 2376 4781; baseline -0.007 -17"><span class='ocrx_word' id='word_1_609' title='bbox 808 4713 952 4781; x_wconf 83' lang='lat' dir='ltr'><strong>leges</strong></span> <span class='ocrx_word' id='word_1_610' title='bbox 979 4710 1226 4778; x_wconf 83' lang='lat' dir='ltr'><strong>geminos</strong></span> <span class='ocrx_word' id='word_1_611' title='bbox 1256 4708 1520 4759; x_wconf 90' lang='lat' dir='ltr'><strong>virtutum</strong></span> <span class='ocrx_word' id='word_1_612' title='bbox 1550 4702 1696 4758; x_wconf 84' lang='lat' dir='ltr'><strong>fetus</strong></span> <span class='ocrx_word' id='word_1_613' title='bbox 1733 4711 1850 4756; x_wconf 90' lang='lat' dir='ltr'><strong>tum</strong></span> <span class='ocrx_word' id='word_1_614' title='bbox 1883 4701 2045 4755; x_wconf 91' lang='lat' dir='ltr'><strong>dictis</strong></span> <span class='ocrx_word' id='word_1_615' title='bbox 2073 4709 2187 4753; x_wconf 92' lang='lat' dir='ltr'><strong>tum</strong></span> <span class='ocrx_word' id='word_1_616' title='bbox 2216 4698 2376 4753; x_wconf 82' lang='lat' dir='ltr'><strong>factis</strong></span> 
     </span>
    </p>
   </div>
   <div class='ocr_carea' id='block_1_94' title="bbox 804 4792 2379 4865">
    <p class='ocr_par' dir='ltr' id='par_1_94' title="bbox 804 4792 2379 4865">
     <span class='ocr_line' id='line_1_94' title="bbox 804 4792 2379 4865; baseline -0.008 -10"><span class='ocrx_word' id='word_1_617' title='bbox 804 4804 995 4856; x_wconf 87' lang='lat' dir='ltr'><strong>edunt.</strong></span> <span class='ocrx_word' id='word_1_618' title='bbox 1046 4799 1109 4853; x_wconf 87' lang='lat' dir='ltr'><strong>Et</strong></span> <span class='ocrx_word' id='word_1_619' title='bbox 1139 4798 1346 4854; x_wconf 86' lang='lat' dir='ltr'><strong>sterilis</strong></span> <span class='ocrx_word' id='word_1_620' title='bbox 1394 4804 1559 4865; x_wconf 77' lang='lat' dir='ltr'><strong>atque</strong></span> <span class='ocrx_word' id='word_1_621' title='bbox 1609 4794 1821 4849; x_wconf 89' lang='lat' dir='ltr'><strong>inutilis</strong></span> <span class='ocrx_word' id='word_1_622' title='bbox 1859 4792 2120 4863; x_wconf 86' lang='lat' dir='ltr'><strong>cegitatio</strong></span> <span class='ocrx_word' id='word_1_623' title='bbox 2156 4805 2266 4845; x_wconf 89' lang='lat' dir='ltr'><strong>non</strong></span> <span class='ocrx_word' id='word_1_624' title='bbox 2295 4797 2379 4843; x_wconf 88' lang='lat' dir='ltr'><strong>cst</strong></span> 
     </span>
    </p>
   </div>
   <div class='ocr_carea' id='block_1_95' title="bbox 808 4894 987 4947">
    <p class='ocr_par' dir='ltr' id='par_1_95' title="bbox 808 4894 987 4947">
     <span class='ocr_line' id='line_1_95' title="bbox 808 4894 987 4947; baseline -0.011 0"><span class='ocrx_word' id='word_1_625' title='bbox 808 4896 861 4947; x_wconf 89' lang='lat' dir='ltr'><strong>in</strong></span> <span class='ocrx_word' id='word_1_626' title='bbox 886 4894 987 4947; x_wconf 86' lang='lat' dir='ltr'><strong>eis.</strong></span> 
     </span>
    </p>
   </div>
   <div class='ocr_carea' id='block_1_96' title="bbox 880 4973 2375 5051">
    <p class='ocr_par' dir='ltr' id='par_1_96' title="bbox 880 4973 2375 5051">
     <span class='ocr_line' id='line_1_96' title="bbox 880 4973 2375 5051; baseline -0.008 -16"><span class='ocrx_word' id='word_1_627' title='bbox 880 4986 1027 5037; x_wconf 73' lang='lat' dir='ltr'><strong>Sicut</strong></span> <span class='ocrx_word' id='word_1_628' title='bbox 1060 4981 1329 5051; x_wconf 77' lang='lat' dir='ltr'><strong>funiculus</strong></span> <span class='ocrx_word' id='word_1_629' title='bbox 1347 4980 1617 5033; x_wconf 82' lang='lat' dir='ltr'><strong>coccineus</strong></span> <span class='ocrx_word' id='word_1_630' title='bbox 1670 4976 1815 5029; x_wconf 89' lang='lat' dir='ltr'><strong>labia</strong></span> <span class='ocrx_word' id='word_1_631' title='bbox 1868 4984 1981 5043; x_wconf 89' lang='lat' dir='ltr'><strong>tua,</strong></span> <span class='ocrx_word' id='word_1_632' title='bbox 2018 4984 2067 5029; x_wconf 88' lang='lat' dir='ltr'><strong>et</strong></span> <span class='ocrx_word' id='word_1_633' title='bbox 2110 4973 2375 5042; x_wconf 85' lang='lat' dir='ltr'><strong>eloquium</strong></span> 
     </span>
    </p>
   </div>
   <div class='ocr_carea' id='block_1_97' title="bbox 812 5076 1255 5128">
    <p class='ocr_par' dir='ltr' id='par_1_97' title="bbox 812 5076 1255 5128">
     <span class='ocr_line' id='line_1_97' title="bbox 812 5076 1255 5128; baseline -0.002 -3"><span class='ocrx_word' id='word_1_634' title='bbox 812 5084 957 5127; x_wconf 86' lang='lat' dir='ltr'><strong>tuum</strong></span> <span class='ocrx_word' id='word_1_635' title='bbox 986 5076 1255 5128; x_wconf 79' lang='lat' dir='ltr'><strong>decorum.</strong></span> 
     </span>
    </p>
   </div>
   <div class='ocr_carea' id='block_1_98' title="bbox 887 5157 2381 5226">
    <p class='ocr_par' dir='ltr' id='par_1_98' title="bbox 887 5157 2381 5226">
     <span class='ocr_line' id='line_1_98' title="bbox 887 5157 2381 5226; baseline -0.004 -9"><span class='ocrx_word' id='word_1_636' title='bbox 887 5165 1083 5218; x_wconf 83' lang='lat' dir='ltr'><strong>Verum</strong></span> <span class='ocrx_word' id='word_1_637' title='bbox 1122 5176 1449 5226; x_wconf 89' lang='lat' dir='ltr'><strong>sermonem,</strong></span> <span class='ocrx_word' id='word_1_638' title='bbox 1480 5160 1653 5214; x_wconf 89' lang='lat' dir='ltr'><strong>instar</strong></span> <span class='ocrx_word' id='word_1_639' title='bbox 1677 5158 1903 5213; x_wconf 80' lang='lat' dir='ltr'><strong>funiculi</strong></span> <span class='ocrx_word' id='word_1_640' title='bbox 1955 5157 2188 5211; x_wconf 88' lang='lat' dir='ltr'><strong>dimensi</strong></span> <span class='ocrx_word' id='word_1_641' title='bbox 2219 5166 2381 5224; x_wconf 87' lang='lat' dir='ltr'><strong>atque</strong></span> 
     </span>
    </p>
   </div>
   <div class='ocr_carea' id='block_1_99' title="bbox 812 5249 2380 5325">
    <p class='ocr_par' dir='ltr' id='par_1_99' title="bbox 812 5249 2380 5325">
     <span class='ocr_line' id='line_1_99' title="bbox 812 5249 2380 5325; baseline -0.006 -14"><span class='ocrx_word' id='word_1_642' title='bbox 812 5258 1076 5319; x_wconf 84' lang='lat' dir='ltr'><strong>coccinei,</strong></span> <span class='ocrx_word' id='word_1_643' title='bbox 1105 5263 1361 5325; x_wconf 88' lang='lat' dir='ltr'><strong>promunt</strong></span> <span class='ocrx_word' id='word_1_644' title='bbox 1394 5253 1540 5306; x_wconf 89' lang='lat' dir='ltr'><strong>labra</strong></span> <span class='ocrx_word' id='word_1_645' title='bbox 1577 5262 1689 5305; x_wconf 91' lang='lat' dir='ltr'><strong>tua.</strong></span> <span class='ocrx_word' id='word_1_646' title='bbox 1719 5249 2081 5316; x_wconf 84' lang='lat' dir='ltr'><strong>Quamobrem</strong></span> <span class='ocrx_word' id='word_1_647' title='bbox 2102 5250 2380 5317; x_wconf 89' lang='lat' dir='ltr'><strong>eloquium</strong></span> 
     </span>
    </p>
   </div>
   <div class='ocr_carea' id='block_1_100' title="bbox 816 5347 1651 5404">
    <p class='ocr_par' dir='ltr' id='par_1_100' title="bbox 816 5347 1651 5404">
     <span class='ocr_line' id='line_1_100' title="bbox 816 5347 1651 5404; baseline -0.007 0"><span class='ocrx_word' id='word_1_648' title='bbox 816 5361 968 5404; x_wconf 88' lang='lat' dir='ltr'><strong>tuum</strong></span> <span class='ocrx_word' id='word_1_649' title='bbox 999 5349 1221 5402; x_wconf 84' lang='lat' dir='ltr'><strong>omnino</strong></span> <span class='ocrx_word' id='word_1_650' title='bbox 1255 5347 1514 5401; x_wconf 86' lang='lat' dir='ltr'><strong>decorum</strong></span> <span class='ocrx_word' id='word_1_651' title='bbox 1547 5357 1651 5399; x_wconf 82' lang='lat' dir='ltr'><strong>est.</strong></span> 
     </span>
    </p>
   </div>
   <div class='ocr_carea' id='block_1_101' title="bbox 886 5432 2387 5507">
    <p class='ocr_par' dir='ltr' id='par_1_101' title="bbox 886 5432 2387 5507">
     <span class='ocr_line' id='line_1_101' title="bbox 886 5432 2387 5507; baseline -0.007 -12"><span class='ocrx_word' id='word_1_652' title='bbox 886 5442 1235 5495; x_wconf 73' lang='lat' dir='ltr'><strong>Sicutcortex</strong></span> <span class='ocrx_word' id='word_1_653' title='bbox 1258 5438 1884 5507; x_wconf 73' lang='lat' dir='ltr'><strong>mali&#39;punicigenmtua&#39;,</strong></span> <span class='ocrx_word' id='word_1_654' title='bbox 1931 5444 2081 5487; x_wconf 78' lang='lat' dir='ltr'><strong>extra</strong></span> <span class='ocrx_word' id='word_1_655' title='bbox 2117 5432 2387 5487; x_wconf 83' lang='lat' dir='ltr'><strong>silentium</strong></span> 
     </span>
    </p>
   </div>
   <div class='ocr_carea' id='block_1_102' title="bbox 819 5545 987 5589">
    <p class='ocr_par' dir='ltr' id='par_1_102' title="bbox 819 5545 987 5589">
     <span class='ocr_line' id='line_1_102' title="bbox 819 5545 987 5589; baseline -0.006 -1"><span class='ocrx_word' id='word_1_656' title='bbox 819 5545 987 5589; x_wconf 80' lang='lat' dir='ltr'><strong>tuum.</strong></span> 
     </span>
    </p>
   </div>
   <div class='ocr_carea' id='block_1_103' title="bbox 890 5622 2387 5692">
    <p class='ocr_par' dir='ltr' id='par_1_103' title="bbox 890 5622 2387 5692">
     <span class='ocr_line' id='line_1_103' title="bbox 890 5622 2387 5692; baseline -0.005 -12"><span class='ocrx_word' id='word_1_657' title='bbox 890 5626 1091 5680; x_wconf 87' lang='lat' dir='ltr'><strong>Cortici</strong></span> <span class='ocrx_word' id='word_1_658' title='bbox 1117 5625 1328 5679; x_wconf 85' lang='lat' dir='ltr'><strong>scilicet</strong></span> <span class='ocrx_word' id='word_1_659' title='bbox 1354 5624 1479 5677; x_wconf 90' lang='lat' dir='ltr'><strong>mali</strong></span> <span class='ocrx_word' id='word_1_660' title='bbox 1508 5623 1688 5692; x_wconf 88' lang='lat' dir='ltr'><strong>punici</strong></span> <span class='ocrx_word' id='word_1_661' title='bbox 1705 5622 1911 5677; x_wconf 80' lang='lat' dir='ltr'><strong>similes</strong></span> <span class='ocrx_word' id='word_1_662' title='bbox 1934 5632 2060 5675; x_wconf 88' lang='lat' dir='ltr'><strong>sunt</strong></span> <span class='ocrx_word' id='word_1_663' title='bbox 2094 5636 2243 5691; x_wconf 71' lang='lat' dir='ltr'><strong>genm</strong></span> <span class='ocrx_word' id='word_1_664' title='bbox 2262 5631 2387 5685; x_wconf 73' lang='lat' dir='ltr'><strong>tua&#39;,</strong></span> 
     </span>
    </p>
   </div>
   <div class='ocr_carea' id='block_1_104' title="bbox 823 5714 2385 5783">
    <p class='ocr_par' dir='ltr' id='par_1_104' title="bbox 823 5714 2385 5783">
     <span class='ocr_line' id='line_1_104' title="bbox 823 5714 2385 5783; baseline -0.001 -14"><span class='ocrx_word' id='word_1_665' title='bbox 823 5725 878 5769; x_wconf 90' lang='lat' dir='ltr'><strong>ut</strong></span> <span class='ocrx_word' id='word_1_666' title='bbox 913 5717 1216 5770; x_wconf 82' lang='lat' dir='ltr'><strong>severitatis</strong></span> <span class='ocrx_word' id='word_1_667' title='bbox 1246 5724 1496 5769; x_wconf 88' lang='lat' dir='ltr'><strong>amantes</strong></span> <span class='ocrx_word' id='word_1_668' title='bbox 1529 5725 1687 5783; x_wconf 88' lang='lat' dir='ltr'><strong>atque</strong></span> <span class='ocrx_word' id='word_1_669' title='bbox 1723 5714 1789 5767; x_wconf 90' lang='lat' dir='ltr'><strong>ab</strong></span> <span class='ocrx_word' id='word_1_670' title='bbox 1823 5715 1970 5767; x_wconf 89' lang='lat' dir='ltr'><strong>omni</strong></span> <span class='ocrx_word' id='word_1_671' title='bbox 2028 5714 2385 5767; x_wconf 88' lang='lat' dir='ltr'><strong>dissolutione</strong></span> 
     </span>
    </p>
   </div>
   <div class='ocr_carea' id='block_1_105' title="bbox 826 5804 2384 5878">
    <p class='ocr_par' dir='ltr' id='par_1_105' title="bbox 826 5804 2384 5878">
     <span class='ocr_line' id='line_1_105' title="bbox 826 5804 2384 5878; baseline 0 -18"><span class='ocrx_word' id='word_1_672' title='bbox 826 5816 1058 5873; x_wconf 65' lang='lat' dir='ltr'><strong>remotae,</strong></span> <span class='ocrx_word' id='word_1_673' title='bbox 1078 5808 1294 5878; x_wconf 86' lang='lat' dir='ltr'><strong>quando</strong></span> <span class='ocrx_word' id='word_1_674' title='bbox 1320 5808 1485 5863; x_wconf 90' lang='lat' dir='ltr'><strong>etiam</strong></span> <span class='ocrx_word' id='word_1_675' title='bbox 1517 5821 1621 5861; x_wconf 88' lang='lat' dir='ltr'><strong>non</strong></span> <span class='ocrx_word' id='word_1_676' title='bbox 1645 5812 1815 5860; x_wconf 63' lang='lat' dir='ltr'><strong>taces.</strong></span> <span class='ocrx_word' id='word_1_677' title='bbox 1836 5804 1986 5860; x_wconf 81' lang='lat' dir='ltr'><strong>Licet</strong></span> <span class='ocrx_word' id='word_1_678' title='bbox 2012 5806 2154 5859; x_wconf 91' lang='lat' dir='ltr'><strong>enim</strong></span> <span class='ocrx_word' id='word_1_679' title='bbox 2176 5805 2227 5858; x_wconf 88' lang='lat' dir='ltr'><strong>in</strong></span> <span class='ocrx_word' id='word_1_680' title='bbox 2255 5818 2384 5859; x_wconf 86' lang='lat' dir='ltr'><strong>Con-</strong></span> 
     </span>
    </p>
   </div>
   <div class='ocr_carea' id='block_1_106' title="bbox 2475 4621 4045 4697">
    <p class='ocr_par' dir='ltr' id='par_1_106' title="bbox 2475 4621 4045 4697">
     <span class='ocr_line' id='line_1_106' title="bbox 2475 4621 4045 4697; baseline -0.004 -19"><span class='ocrx_word' id='word_1_681' title='bbox 2475 4626 2702 4697; x_wconf 84' lang='grc' dir='ltr'>λουτροῦ</span> <span class='ocrx_word' id='word_1_682' title='bbox 2732 4623 3132 4692; x_wconf 62' lang='grc' dir='ltr'>καθαρεύουσαν.</span> <span class='ocrx_word' id='word_1_683' title='bbox 3161 4640 3174 4652; x_wconf 73' lang='grc' dir='ltr'><strong>ο</strong></span> <span class='ocrx_word' id='word_1_684' title='bbox 3212 4623 3305 4675; x_wconf 74' lang='grc' dir='ltr'><strong>καὶ</strong></span> <span class='ocrx_word' id='word_1_685' title='bbox 3335 4624 3507 4674; x_wconf 85' lang='grc' dir='ltr'>πᾶσαι</span> <span class='ocrx_word' id='word_1_686' title='bbox 3555 4621 3642 4673; x_wconf 85' lang='grc' dir='ltr'>διὰ</span> <span class='ocrx_word' id='word_1_687' title='bbox 3672 4621 3782 4673; x_wconf 84' lang='grc' dir='ltr'>τῶν</span> <span class='ocrx_word' id='word_1_688' title='bbox 3825 4623 4045 4691; x_wconf 75' lang='grc' dir='ltr'>εἰρημέ-</span> 
     </span>
    </p>
   </div>
   <div class='ocr_carea' id='block_1_107' title="bbox 2476 4713 4047 4786">
    <p class='ocr_par' dir='ltr' id='par_1_107' title="bbox 2476 4713 4047 4786">
     <span class='ocr_line' id='line_1_107' title="bbox 2476 4713 4047 4786; baseline -0.005 -16"><span class='ocrx_word' id='word_1_689' title='bbox 2476 4736 2582 4771; x_wconf 86' lang='grc' dir='ltr'><strong>νων</strong></span> <span class='ocrx_word' id='word_1_690' title='bbox 2634 4717 2814 4786; x_wconf 89' lang='grc' dir='ltr'>νόμων</span> <span class='ocrx_word' id='word_1_691' title='bbox 2855 4713 3299 4783; x_wconf 82' lang='grc' dir='ltr'>διδυμοτοκοῦσαι</span> <span class='ocrx_word' id='word_1_692' title='bbox 3346 4714 3471 4775; x_wconf 82' lang='grc' dir='ltr'>τοὺς</span> <span class='ocrx_word' id='word_1_693' title='bbox 3514 4713 3725 4778; x_wconf 82' lang='grc' dir='ltr'>λόγους,</span> <span class='ocrx_word' id='word_1_694' title='bbox 3776 4714 3872 4763; x_wconf 73' lang='grc' dir='ltr'><strong>καὶ</strong></span> <span class='ocrx_word' id='word_1_695' title='bbox 3924 4714 4047 4772; x_wconf 60' lang='grc' dir='ltr'>τοὺς</span> 
     </span>
    </p>
   </div>
   <div class='ocr_carea' id='block_1_108' title="bbox 2482 4802 4048 4877">
    <p class='ocr_par' dir='ltr' id='par_1_108' title="bbox 2482 4802 4048 4877">
     <span class='ocr_line' id='line_1_108' title="bbox 2482 4802 4048 4877; baseline -0.005 -17"><span class='ocrx_word' id='word_1_696' title='bbox 2482 4810 2719 4877; x_wconf 79' lang='grc' dir='ltr'>τρόπους</span> <span class='ocrx_word' id='word_1_697' title='bbox 2748 4808 2857 4858; x_wconf 84' lang='grc' dir='ltr'><strong>τῶν</strong></span> <span class='ocrx_word' id='word_1_698' title='bbox 2880 4806 3113 4875; x_wconf 84' lang='grc' dir='ltr'>ἀρετῶν.</span> <span class='ocrx_word' id='word_1_699' title='bbox 3156 4806 3442 4874; x_wconf 79' lang='grc' dir='ltr'>Ἀκαρπος</span> <span class='ocrx_word' id='word_1_700' title='bbox 3493 4804 3589 4855; x_wconf 56' lang='grc' dir='ltr'><strong>καὶ⁸</strong></span> <span class='ocrx_word' id='word_1_701' title='bbox 3649 4802 3933 4872; x_wconf 80' lang='grc' dir='ltr'>ἀνωφελὴς</span> <span class='ocrx_word' id='word_1_702' title='bbox 3976 4803 4048 4852; x_wconf 75' lang='grc' dir='ltr'><strong>ἐν·</strong></span> 
     </span>
    </p>
   </div>
   <div class='ocr_carea' id='block_1_109' title="bbox 2480 4898 3214 4957">
    <p class='ocr_par' dir='ltr' id='par_1_109' title="bbox 2480 4898 3214 4957">
     <span class='ocr_line' id='line_1_109' title="bbox 2480 4898 3214 4957; baseline -0.005 -4"><span class='ocrx_word' id='word_1_703' title='bbox 2480 4917 2596 4953; x_wconf 90' lang='grc' dir='ltr'>νοια</span> <span class='ocrx_word' id='word_1_704' title='bbox 2627 4900 2727 4950; x_wconf 80' lang='grc' dir='ltr'><strong>οὐκ</strong></span> <span class='ocrx_word' id='word_1_705' title='bbox 2752 4898 2896 4949; x_wconf 75' lang='grc' dir='ltr'>ἐστιν</span> <span class='ocrx_word' id='word_1_706' title='bbox 2918 4898 2975 4948; x_wconf 83' lang='grc' dir='ltr'><strong>ὲν</strong></span> <span class='ocrx_word' id='word_1_707' title='bbox 3002 4898 3214 4957; x_wconf 80' lang='grc' dir='ltr'>αὐταῖς.</span> 
     </span>
    </p>
   </div>
   <div class='ocr_carea' id='block_1_110' title="bbox 2572 4981 4051 5056">
    <p class='ocr_par' dir='ltr' id='par_1_110' title="bbox 2572 4981 4051 5056">
     <span class='ocr_line' id='line_1_110' title="bbox 2572 4981 4051 5056; baseline -0.008 -13"><span class='ocrx_word' id='word_1_708' title='bbox 2572 4992 2667 5055; x_wconf 85' lang='grc' dir='ltr'>Ὠς</span> <span class='ocrx_word' id='word_1_709' title='bbox 2701 4990 2993 5056; x_wconf 76' lang='grc' dir='ltr'>σπαρτίον</span> <span class='ocrx_word' id='word_1_710' title='bbox 3023 4985 3489 5052; x_wconf 71' lang='grc' dir='ltr'>κόκκινονχείλη</span> <span class='ocrx_word' id='word_1_711' title='bbox 3521 4999 3657 5047; x_wconf 82' lang='grc' dir='ltr'>σου,</span> <span class='ocrx_word' id='word_1_712' title='bbox 3688 4982 3783 5033; x_wconf 78' lang='grc' dir='ltr'>καὶ</span> <span class='ocrx_word' id='word_1_713' title='bbox 3810 4981 3845 5048; x_wconf 77' lang='grc' dir='ltr'><strong><em>ἡ</em></strong></span> <span class='ocrx_word' id='word_1_714' title='bbox 3872 4981 4051 5033; x_wconf 72' lang='grc' dir='ltr'>λαλιά</span> 
     </span>
    </p>
   </div>
   <div class='ocr_carea' id='block_1_111' title="bbox 2485 5080 2841 5147">
    <p class='ocr_par' dir='ltr' id='par_1_111' title="bbox 2485 5080 2841 5147">
     <span class='ocr_line' id='line_1_111' title="bbox 2485 5080 2841 5147; baseline -0.008 -13"><span class='ocrx_word' id='word_1_715' title='bbox 2485 5096 2601 5134; x_wconf 84' lang='grc' dir='ltr'>σου</span> <span class='ocrx_word' id='word_1_716' title='bbox 2639 5080 2841 5147; x_wconf 81' lang='grc' dir='ltr'>ὡραία.</span> 
     </span>
    </p>
   </div>
   <div class='ocr_carea' id='block_1_112' title="bbox 2559 5161 4051 5240">
    <p class='ocr_par' dir='ltr' id='par_1_112' title="bbox 2559 5161 4051 5240">
     <span class='ocr_line' id='line_1_112' title="bbox 2559 5161 4051 5240; baseline -0.003 -18"><span class='ocrx_word' id='word_1_717' title='bbox 2559 5171 2811 5240; x_wconf 87' lang='grc' dir='ltr'>Δηλονότι</span> <span class='ocrx_word' id='word_1_718' title='bbox 2876 5164 2963 5221; x_wconf 74' lang='grc' dir='ltr'>οἷα</span> <span class='ocrx_word' id='word_1_719' title='bbox 2990 5169 3089 5238; x_wconf 83' lang='grc' dir='ltr'><strong>μὲν</strong></span> <span class='ocrx_word' id='word_1_720' title='bbox 3119 5165 3383 5236; x_wconf 79' lang='grc' dir='ltr'>σπαρτὶον</span> <span class='ocrx_word' id='word_1_721' title='bbox 3415 5165 3847 5235; x_wconf 83' lang='grc' dir='ltr'>μεμετρημένον,</span> <span class='ocrx_word' id='word_1_722' title='bbox 3887 5161 3972 5218; x_wconf 76' lang='grc' dir='ltr'>οἷα</span> <span class='ocrx_word' id='word_1_723' title='bbox 3997 5166 4051 5217; x_wconf 80' lang='grc' dir='ltr'>δὲ</span> 
     </span>
    </p>
   </div>
   <div class='ocr_carea' id='block_1_113' title="bbox 2490 5250 4053 5328">
    <p class='ocr_par' dir='ltr' id='par_1_113' title="bbox 2490 5250 4053 5328">
     <span class='ocr_line' id='line_1_113' title="bbox 2490 5250 4053 5328; baseline -0.004 -14"><span class='ocrx_word' id='word_1_724' title='bbox 2490 5263 2741 5314; x_wconf 81' lang='grc' dir='ltr'>κόκκινον</span> <span class='ocrx_word' id='word_1_725' title='bbox 2770 5260 2942 5328; x_wconf 81' lang='grc' dir='ltr'>ἀληθῆ</span> <span class='ocrx_word' id='word_1_726' title='bbox 2968 5260 3059 5309; x_wconf 85' lang='grc' dir='ltr'><strong>τὸν</strong></span> <span class='ocrx_word' id='word_1_727' title='bbox 3083 5258 3238 5324; x_wconf 88' lang='grc' dir='ltr'>λόγον</span> <span class='ocrx_word' id='word_1_728' title='bbox 3277 5256 3639 5325; x_wconf 69' lang='grc' dir='ltr'>προφέροντα,</span> <span class='ocrx_word' id='word_1_729' title='bbox 3694 5250 3753 5308; x_wconf 79' lang='grc' dir='ltr'>οὗ</span> <span class='ocrx_word' id='word_1_730' title='bbox 3812 5258 3846 5324; x_wconf 77' lang='grc' dir='ltr'><strong>ἡ</strong></span> <span class='ocrx_word' id='word_1_731' title='bbox 3896 5256 4053 5308; x_wconf 72' lang='grc' dir='ltr'>λαλιὶ</span> 
     </span>
    </p>
   </div>
   <div class='ocr_carea' id='block_1_114' title="bbox 2486 5344 3673 5419">
    <p class='ocr_par' dir='ltr' id='par_1_114' title="bbox 2486 5344 3673 5419">
     <span class='ocr_line' id='line_1_114' title="bbox 2486 5344 3673 5419; baseline -0.005 -17"><span class='ocrx_word' id='word_1_732' title='bbox 2486 5352 2703 5411; x_wconf 84' lang='grc' dir='ltr'>πάντως</span> <span class='ocrx_word' id='word_1_733' title='bbox 2731 5352 2761 5417; x_wconf 82' lang='grc' dir='ltr'>ἠ</span> <span class='ocrx_word' id='word_1_734' title='bbox 2800 5350 3048 5419; x_wconf 76' lang='grc' dir='ltr'>προφορά</span> <span class='ocrx_word' id='word_1_735' title='bbox 3079 5348 3165 5397; x_wconf 78' lang='grc' dir='ltr'>διὰ</span> <span class='ocrx_word' id='word_1_736' title='bbox 3196 5346 3366 5399; x_wconf 78' lang='grc' dir='ltr'>ταῦτα</span> <span class='ocrx_word' id='word_1_737' title='bbox 3390 5344 3673 5412; x_wconf 81' lang='grc' dir='ltr'>ὼράῖσται.</span> 
     </span>
    </p>
   </div>
   <div class='ocr_carea' id='block_1_115' title="bbox 2566 5434 4055 5509">
    <p class='ocr_par' dir='ltr' id='par_1_115' title="bbox 2566 5434 4055 5509">
     <span class='ocr_line' id='line_1_115' title="bbox 2566 5434 4055 5509; baseline -0.004 -15"><span class='ocrx_word' id='word_1_738' title='bbox 2566 5444 2662 5504; x_wconf 78' lang='grc' dir='ltr'>Ὧς</span> <span class='ocrx_word' id='word_1_739' title='bbox 2685 5444 2951 5509; x_wconf 73' lang='grc' dir='ltr'>λέπυρον</span> <span class='ocrx_word' id='word_1_740' title='bbox 2972 5438 3118 5507; x_wconf 72' lang='grc' dir='ltr'>ῥοᾶς</span> <span class='ocrx_word' id='word_1_741' title='bbox 3138 5438 3343 5507; x_wconf 76' lang='grc' dir='ltr'>μῆλόν</span> <span class='ocrx_word' id='word_1_742' title='bbox 3369 5454 3483 5491; x_wconf 86' lang='grc' dir='ltr'>σου</span> <span class='ocrx_word' id='word_1_743' title='bbox 3507 5438 3671 5502; x_wconf 77' lang='grc' dir='ltr'>ἐκτὸς</span> <span class='ocrx_word' id='word_1_744' title='bbox 3709 5434 3817 5503; x_wconf 84' lang='grc' dir='ltr'>τῆς</span> <span class='ocrx_word' id='word_1_745' title='bbox 3841 5438 4055 5505; x_wconf 68' lang='grc' dir='ltr'>σιωπή-</span> 
     </span>
    </p>
   </div>
   <div class='ocr_carea' id='block_1_116' title="bbox 2491 5536 2819 5601">
    <p class='ocr_par' dir='ltr' id='par_1_116' title="bbox 2491 5536 2819 5601">
     <span class='ocr_line' id='line_1_116' title="bbox 2491 5536 2819 5601; baseline 0 -12"><span class='ocrx_word' id='word_1_746' title='bbox 2491 5536 2647 5601; x_wconf 85' lang='grc' dir='ltr'>σεώς</span> <span class='ocrx_word' id='word_1_747' title='bbox 2679 5551 2819 5589; x_wconf 79' lang='grc' dir='ltr'>σου.</span> 
     </span>
    </p>
   </div>
   <div class='ocr_carea' id='block_1_117' title="bbox 2564 5618 4057 5695">
    <p class='ocr_par' dir='ltr' id='par_1_117' title="bbox 2564 5618 4057 5695">
     <span class='ocr_line' id='line_1_117' title="bbox 2564 5618 4057 5695; baseline -0.005 -18"><span class='ocrx_word' id='word_1_748' title='bbox 2564 5626 2779 5695; x_wconf 77' lang='grc' dir='ltr'>Δηλαδὴ</span> <span class='ocrx_word' id='word_1_749' title='bbox 2806 5618 2894 5676; x_wconf 77' lang='grc' dir='ltr'>οἶα</span> <span class='ocrx_word' id='word_1_750' title='bbox 2946 5623 3179 5693; x_wconf 78' lang='grc' dir='ltr'>λὲπυρον</span> <span class='ocrx_word' id='word_1_751' title='bbox 3206 5623 3336 5691; x_wconf 78' lang='grc' dir='ltr'>ροᾶς</span> <span class='ocrx_word' id='word_1_752' title='bbox 3370 5620 3663 5687; x_wconf 65' lang='grc' dir='ltr'>στύφουσαξ</span> <span class='ocrx_word' id='word_1_753' title='bbox 3700 5622 3839 5671; x_wconf 88' lang='grc' dir='ltr'>εἰσιν</span> <span class='ocrx_word' id='word_1_754' title='bbox 3869 5622 3921 5670; x_wconf 74' lang='grc' dir='ltr'>αἱ</span> <span class='ocrx_word' id='word_1_755' title='bbox 3950 5637 4057 5670; x_wconf 69' lang='grc' dir='ltr'>εντα-</span> 
     </span>
    </p>
   </div>
   <div class='ocr_carea' id='block_1_118' title="bbox 2497 5709 4056 5785">
    <p class='ocr_par' dir='ltr' id='par_1_118' title="bbox 2497 5709 4056 5785">
     <span class='ocr_line' id='line_1_118' title="bbox 2497 5709 4056 5785; baseline -0.005 -19"><span class='ocrx_word' id='word_1_756' title='bbox 2497 5714 2638 5785; x_wconf 80' lang='grc' dir='ltr'>ρειαί</span> <span class='ocrx_word' id='word_1_757' title='bbox 2676 5730 2795 5765; x_wconf 75' lang='grc' dir='ltr'>σουο</span> <span class='ocrx_word' id='word_1_758' title='bbox 2831 5713 2918 5765; x_wconf 77' lang='grc' dir='ltr'>διὰ</span> <span class='ocrx_word' id='word_1_759' title='bbox 2950 5712 3010 5764; x_wconf 82' lang='grc' dir='ltr'><strong>τὸ</strong></span> <span class='ocrx_word' id='word_1_760' title='bbox 3048 5711 3273 5778; x_wconf 80' lang='grc' dir='ltr'>στυγνόν</span> <span class='ocrx_word' id='word_1_761' title='bbox 3303 5726 3359 5761; x_wconf 89' lang='grc' dir='ltr'><strong>τε</strong></span> <span class='ocrx_word' id='word_1_762' title='bbox 3388 5710 3482 5761; x_wconf 73' lang='grc' dir='ltr'>καὶ</span> <span class='ocrx_word' id='word_1_763' title='bbox 3512 5710 3817 5778; x_wconf 79' lang='grc' dir='ltr'>ἁδιάχυτρν,</span> <span class='ocrx_word' id='word_1_764' title='bbox 3845 5709 3934 5760; x_wconf 75' lang='grc' dir='ltr'><strong>καὶ</strong></span> <span class='ocrx_word' id='word_1_765' title='bbox 3968 5709 4056 5760; x_wconf 86' lang='grc' dir='ltr'>ὅτε</span> 
     </span>
    </p>
   </div>
   <div class='ocr_carea' id='block_1_119' title="bbox 2498 5799 4054 5877">
    <p class='ocr_par' dir='ltr' id='par_1_119' title="bbox 2498 5799 4054 5877">
     <span class='ocr_line' id='line_1_119' title="bbox 2498 5799 4054 5877; baseline -0.002 -21"><span class='ocrx_word' id='word_1_766' title='bbox 2498 5810 2573 5877; x_wconf 61' lang='grc' dir='ltr'><strong>μη</strong></span> <span class='ocrx_word' id='word_1_767' title='bbox 2606 5806 2835 5875; x_wconf 76' lang='grc' dir='ltr'>σιωπᾷς.</span> <span class='ocrx_word' id='word_1_768' title='bbox 2882 5804 2941 5857; x_wconf 84' lang='grc' dir='ltr'><strong>Εἰ</strong></span> <span class='ocrx_word' id='word_1_769' title='bbox 2979 5804 3084 5874; x_wconf 88' lang='grc' dir='ltr'><strong>γάρ</strong></span> <span class='ocrx_word' id='word_1_770' title='bbox 3111 5804 3201 5856; x_wconf 71' lang='grc' dir='ltr'><strong>καὶ</strong></span> <span class='ocrx_word' id='word_1_771' title='bbox 3232 5804 3350 5864; x_wconf 82' lang='grc' dir='ltr'>ταῖς</span> <span class='ocrx_word' id='word_1_772' title='bbox 3377 5800 3615 5871; x_wconf 74' lang='grc' dir='ltr'>ὁμιλίαις</span> <span class='ocrx_word' id='word_1_773' title='bbox 3670 5800 3822 5852; x_wconf 77' lang='grc' dir='ltr'>εἴωθε</span> <span class='ocrx_word' id='word_1_774' title='bbox 3856 5799 4054 5853; x_wconf 68' lang='grc' dir='ltr'>πολλὰ·</span> 
     </span>
    </p>
   </div>
  </div>
