4424 6446
353 395 459 457 M3

1388 380 1773 441 COMMENT.
1808 381 1881 437 IN
1918 381 2300 441 (JANTICUM
2326 383 2611 444 CANTIC.

3498 392 3601 456 6H

352 519 437 562 ›.ι;
470 502 527 553 τὸ
558 496 745 568 χαρίεν
768 494 1127 562 ἐπιγίνεσθαι,
1180 491 1316 545 ἀλλὰ
1352 493 1415 545 σὺ
1465 491 1552 544 διὰ
1597 489 1657 541 τὶ
1718 491 1801 540 καλ
1865 507 1919 539 ευ
1949 496 1992 550 Α
2026 506 2099 560 ετ(

1865 507 1919 539 εν
1949 496 1992 550 Α
2026 492 2303 560 gressibus
2344 494 2657 563 muniisque
2695 494 3042 550 sermonibus
3077 495 3396 564 jucunditas
3421 499 3599 556 inesse

349 592 574 654 ταύταις
603 588 1051 660 συνεσταλμένον,
1076 585 1138 638 τὸ
1160 582 1551 656 διακεχυμένον
1577 581 1814 651 κράζεις.

432 775 528 841 Ὠς
558 773 781 843 πύργος
810 768 988 825 Δαΰίδ
1019 769 1316 840 τράχηλος
1338 780 1478 821 σου.

1031 861 1292 918 Ψελλοῦ.

419 958 530 1011 Καὶ
558 956 734 1010 ταῦτα
771 954 1225 1024 γυναικοπρεπῶς
1256 952 1580 1021 προσομιλεῖ
1613 953 1678 1022 τῇ
1710 952 1915 1021 νύμφῃ⁸

348 1048 528 1101 Θέλων
558 1049 667 1117 γὰρ
691 1044 893 1113 ταύτης
917 1044 1159 1097 ἐπαινεῖν
1199 1042 1290 1093 τὸν
1336 1041 1604 1112 τράχηλον
1628 1041 1848 1110 ἐξόχως,

347 1140 552 1209 Πύργῳ
578 1135 915 1205 παρείκασεν
943 1131 1106 1187 αὑτὸν
1133 1129 1452 1199 ὑψηλοτάτῳ
1480 1129 1646 1191 πάνυ,

348 1228 438 1299 Τῷ
467 1225 756 1295 δομηθέντι
787 1224 1053 1293 πρότερον
1078 1221 1229 1292 παρὰ
1253 1219 1416 1275 Δαὸὶδ
1444 1220 1536 1271 τοῦ
1568 1218 1717 1268 θείου

343 1321 439 1372 Ἐν
468 1316 753 1386 Θαλφειὼθ
776 1316 913 1386 πρὸς
952 1314 1183 1384 τήρησιν
1210 1312 1465 1367 ἁπάντων
1495 1308 1602 1362 τῶν
1632 1309 1910 1377 ἁρμάτων

343 1409 467 1462 Τῶν
493 1407 880 1480 τροπουμένων
911 1406 1042 1475 παρ’
1074 1404 1242 1458 αὑτοῦ
1286 1402 1540 1471 πολέμων
1579 1400 1910 1467 ἀλλοφύλων.

342 1503 414 1555 Σὺ
444 1502 500 1555 δέ
528 1518 619 1571 μοι
654 1496 921 1570 τράχηλον
950 1500 1119 1570 αὐτῆς
1148 1496 1246 1566 τῆς
1275 1493 1424 1557 θείας
1459 1492 1805 1564 Ἐκκλησίας,

343 1588 446 1643 Τδν
479 1589 653 1658 μέγαν
680 1586 893 1641 Παῦλον
913 1586 1175 1654 γίνωσκε,
1214 1584 1450 1638 δέσποτα
1471 1582 1806 1652 στεφηφόρε,

340 1682 445 1733 Τὸν
468 1679 702 1750 Χριστὸν
737 1678 1092 1750 βαστάσαντα
1114 1674 1215 1744 τὴν
1237 1674 1480 1744 κεφαλὴν
1515 1674 1624 1727 τῶν
1654 1673 1814 1736 ὅλων,

339 1772 449 1823 Καὶ
483 1772 605 1824 κατ’
638 1773 849 1824 ἐκεῖνον
873 1768 926 1820 si
951 1784 1103 1828 τινας
1132 1766 1350 1834 ἐτέρους
1377 1764 1695 1833 διδαχθήσῃ.

2033 582 2224 641 soleat,
2260 588 2316 633 tu
2337 592 2516 636 tamen
2542 594 2765 655 propter
2781 594 2926 640 tuam
2944 586 2998 639 in
3030 588 3137 644 illis
3152 603 3369 659 quoque
3393 597 3599 664 tempe-

2034 674 2287 736 rantiam,
2313 674 2457 741 quod
2479 676 2760 742 profusum
2777 692 2841 732 ac
2855 678 3184 735 dissolutum
3199 688 3305 747 est,
3319 683 3594 754 reprimis.

2102 762 2249 818 Sicut
2282 768 2449 820 turris
2493 767 2660 822 David
2690 772 2884 823 tollunt
2934 782 3102 828 tuum.

2712 861 2892 916 Pselli.

2098 948 2163 1003 Et
2198 951 2311 1005 ham
2370 951 2628 1005 muliebri
2685 969 2834 1009 more
2896 971 3021 1011 cum
3088 973 3289 1027 sponsa
3336 959 3594 1030 loquitur.

2026 1040 2160 1096 Cum
2188 1043 2333 1097 enim
2370 1043 2531 1097 vellet
2573 1043 2771 1098 collum
2796 1044 2913 1113 ejus
2966 1050 3316 1105 vehementer
3348 1050 3593 1116 laudare,

2023 1135 2161 1186 turri
2224 1134 2354 1187 illud
2382 1134 2709 1191 celsissima:
2742 1133 3106 1207 comparavit,
3133 1157 3255 1210 qua:
3308 1157 3338 1196 θ
3408 1145 3595 1199 divino

2025 1222 2225 1276 D.-.vide
2243 1225 2295 1276 in
2325 1223 2654 1293 Tlialpliioth
2691 1226 2866 1283 fuerat
2884 1229 3216 1285 exaediﬁcata
3242 1236 3306 1287 ad
3327 1242 3591 1289 curruum

2022 1315 2265 1367 omnium
2299 1313 2692 1377 defensionem.
2752 1334 2877 1374 cum
2936 1322 3181 1377 externis
3222 1321 3378 1381 bellis
3429 1325 3592 1381 tinem

2023 1405 2396 1472 imposuisset.
2451 1404 2530 1458 Tu
2570 1422 2695 1463 vero
2728 1410 2882 1476 milii,
2915 1413 3175 1482 princeps
3206 1414 3591 1486 stephephore,

2020 1506 2225 1550 sancire
2252 1494 2763 1565 Ecclesiaecollum,
2785 1515 3039 1572 magnum
3072 1504 3300 1562 Paulum
3330 1507 3591 1580 intellige,

2019 1586 2109 1654 qui
2152 1595 2317 1656 caput
2355 1588 2596 1642 omnium
2630 1588 2909 1646 Christum
2964 1594 3217 1664 gestavit,
3275 1606 3329 1653 et
3368 1599 3414 1654 si
3452 1615 3590 1669 quos

2017 1677 2244 1732 aliosilli
2269 1677 2476 1733 similes
2499 1678 2763 1734 didicisti.
2795 1681 2872 1736 Ex
2915 1684 3001 1739 his
3023 1686 3165 1740 enim
3194 1689 3445 1756 suspensi
3461 1700 3591 1745 sunt

2015 1764 2238 1820 ordines
2269 1767 2518 1835 corporis
2546 1770 2871 1836 expertium,
2904 1786 3042 1841 quos
3070 1772 3159 1829 hic
3190 1776 3338 1831 mille
3369 1778 3590 1849 clypeos

339 1864 556 1917 Τούτων
586 1864 681 1916 καὶ
713 1862 822 1931 γάρ
845 1860 1172 1931 ἐξήρτηνται
1203 1859 1387 1923 τάξεις
1415 1857 1526 1911 τῶν
1546 1856 1870 1926 ἀσωμάτων,
1942 1859 1980 1914 Β
2013 1873 2086 1911 να

1842 1875 1870 1919 ν,
1942 1859 1980 1914 Β
2013 1868 2186 1911 vocat.
2227 1856 2411 1925 Neque
2437 1874 2565 1914 vero
2591 1875 2689 1914 cur
2721 1862 2865 1917 mille
2890 1865 3108 1931 dixerit,
3171 1881 3407 1936 qua-ras.
3441 1869 3589 1926 Solet

342 1957 554 2025 Ἀσπερ
581 1957 610 2007 6
628 1954 785 2022 λόγος
818 1953 1045 2024 θυρεοὺς
1070 1953 1297 2006 ἐκάλεσε
1320 1950 1545 2022 χιλίους.

337 2045 427 2114 Μὴ
457 2045 641 2113 μέντοι
670 2044 824 2112 λόγον
848 2045 1105 2112 ἀπαιτῇς,
1126 2041 1378 2105 δέσποτα,
1404 2043 1509 2096 τῶν
1540 2043 1743 2115 χιλίων.

341 2137 502 2199 Ἐθος
523 2136 633 2207 γάρ
660 2138 776 2188 ἐστι
794 2137 861 2203 τῇ
890 2134 1078 2203 Γραφῇ
1108 2132 1266 2187 τοῦτο
1285 2134 1541 2197 πολλάκις
1567 2135 1769 2203 λέγειν.

336 2229 547 2298 Ὥσπερ
565 2226 748 2297 φησιν’
763 2225 828 2279 Ὀ
846 2225 1029 2294 νόμος
1047 2240 1164 2279 σου
1188 2225 1293 2279 τοῦ
1310 2226 1614 2295 στόματος
1628 2225 1909 2293 τυγχάνει

1662 2316 1835 2387 [ὑπὲρ

348 2408 633 2477 Ἀργύρου
685 2408 784 2462 καί
840 2406 1074 2476 χρυσοῦ
1105 2445 1120 2469 ,
1180 2406 1426 2460 Δέσποτα
1454 2445 1469 2469 ,
1527 2406 1825 2473 χιλιάδας.

335 2503 447 2553 Καὶ
480 2498 757 2566 χιλιάδας
805 2497 1039 2568 ἀλλαχοῦ
1066 2495 1184 2551 τῶν
1215 2499 1629 2552 εὐθυνούντων
1650 2498 1818 2566 λέγει.

415 2594 510 2655 Ὠς
542 2574 769 2659 πύργος
811 2589 987 2643 Λαρῖίὸ
1032 2590 1329 2658 τράχηλός
1374 2607 1491 2644 σου
1514 2605 1527 2619 ·
1557 2593 1589 2644 d
1613 2589 1911 2659 ᾠκοδομη-

240 2730 243 2733 .
326 2680 513 2751 μένος
541 2683 610 2733 ἐν
642 2682 963 2749 Halys-riam.

822 2772 945 2827 Τῶν
968 2768 1009 2843 τι
1049 2771 1344 2839 Πατέρων.

406 2857 696 2922 ἸΙτοι,οἵα
726 2863 953 2930 πύργος
987 2862 1167 2915 Δαόὶδ
1212 2862 1241 2914 6
1302 2862 1395 2915 τοῦ
1454 2862 1904 2933 πρακτικωτάτου

332 2952 428 3003 καὶ
461 2951 948 3020 θεωρητικωτάτου
982 2951 1101 3014 νοός
1143 2968 1237 3004 σου
1269 2952 1572 3015 ἐνδιάθετος
1600 2955 1758 3021 λόγος
1783 2957 1902 3017 ταῖς

332 3043 506 3105 θείαις
535 3044 781 3104 ἐντολαῖς
824 3041 1169 3112 ᾠκοδόμηται
1215 3043 1314 3111 μὲν
1363 3044 1485 3096 κατ’
1527 3045 1749 3115 ἀρετὴν,
1811 3041 1901 3098 οἶα

328 3134 516 3186 ἐπάνω
545 3132 823 3196 ἐπάλξεων
845 3132 953 3184 τῶν
977 3132 1070 3184 τοῦ
1095 3133 1474 3202 ἀντικειμένου
1496 3135 1865 3204 πειρατηρίων
1882 3150 1896 3165 ο

327 3226 540 3294 αἴρεται
564 3223 620 3277 δὲ
642 3223 783 3276 κατὰ
818 3223 1018 3289 γνῶσιν
1064 3224 1143 3285 εἰς
1192 3222 1300 3292 ὕψη
1347 3226 1723 3295 πνευματικῆς
1770 3225 1901 3279 θεω-

330 3318 489 3386 ρίαςο
523 3315 757 3386 καὶγὰρ
804 3315 832 3366 6
859 3316 958 3386 μὲν
996 3315 1207 3387 (Δαϐὶδ)
1254 3318 1440 3381 ἱκανὸς
1469 3320 1633 3387 χειρὶ,
1683 3320 1900 3389 ἰσχυρὸς

326 3408 516 3477 ὁράσει
540 3408 903 3477 ἑρμηνεύεται
921 3425 934 3438 ⁸
956 3410 983 3460 6
1009 3409 1064 3460 δὲ
1090 3408 1399 3478 (τράχηλος)
1426 3409 1485 3461 τὸ
1501 3410 1713 3476 λογικόν
1729 3412 1898 3477 ἐστιν,

325 3496 403 3557 ὡς
452 3496 874 3565 προδεδήλωται.
892 3495 965 3548 Τὸ
1017 3496 1096 3561 δὲ,
1122 3496 1590 3567 ᾠκοδομημένος
1622 3502 1711 3563 εἰς
1748 3502 1900 3553 Θαλ-

327 3584 529 3653 ςεειὼθ,
562 3585 591 3637 6
625 3585 724 3653 μὲν
756 3585 985 3649 ⁹Δκύλας
1019 3588 1328 3656 ἡρμήνευεν
1350 3586 1550 3641 ἐπάνω
1563 3590 1894 3655 ἐπάλξεων,

324 3677 353 3725 6
381 3675 437 3727 δὲ
459 3675 777 3744 Σύμμαχος,
801 3678 888 3741 εὶς
923 3675 1102 3743 ὕψος.
1150 3676 1314 3730 Ὅθεν
1358 3677 1452 3730 καὶ
1492 3678 1761 3748 δεδήλωκε
1803 3679 1893 3732 διὰ

329 3764 441 3816 τῶν
498 3765 829 3834 εἰρημένων,
883 3766 966 3817 ὅτι
1006 3764 1067 3818 τὸ
1104 3765 1322 3833 λογικὸν
1351 3766 1451 3834 τῆς
1471 3766 1690 3838 νύμφης
1729 3768 1897 3839 ὑπερ-

326 3856 591 3923 ανέστηκε
623 3857 721 3923 μὲν
740 3857 881 3907 κατὰ
919 3857 1115 3925 πρᾶξιν
1142 3858 1252 3910 τῶν
1274 3857 1600 3912 ἐπιδουλιῶν
1623 3859 1717 3913 τοῦ
1747 3861 1895 3913 ἀντι-

327 3945 583 4012 κειμένου
614 3962 627 3974 ·
669 3946 811 4015 ἡρθη
867 3946 925 3999 δὲ
964 3950 1105 3999 κατὰ
1137 3947 1371 4018 θεωρίαν
1411 3949 1491 4011 είς
1561 3948 1693 4019 ὕψος
1747 3951 1894 4021 ,ἀλη-

323 4034 450 4097 θοῦς
464 4034 709 4104 γνώμης.
725 4038 814 4089 Διὸ
835 4039 926 4090 καί
945 4054 1128 4107 φησιν·
1149 4040 1338 4092 Χίλιοι
1355 4040 1554 4107 θυρεοὶ
1572 4040 1893 4109 κρέμανται

322 4126 417 4179 ἐπ’
450 4129 640 4179 αὐτόν
663 4142 678 4158 ο
740 4128 933 4197 ῆγουν,
965 4130 1021 4182 ai
1060 4129 1591 4195 δεκαπλασιάζουσαι
1623 4133 1721 4195 τὰς
1762 4133 1893 4187 δέκα

322 4215 474 4278 θείας
503 4216 724 4277 ἐντολὰς
750 4217 958 4270 τούτων
976 4220 1246 4287 ἐνέργειαι
1265 4238 1279 4252 ·
1311 4222 1406 4273 καὶ
1458 4223 1889 4289 δεκαπλασιαζό-

321 4320 480 4371 μεναι
508 4304 669 4356 πάλιν
696 4305 837 4357 κατὰ
859 4304 950 4356 τὸν
980 4309 1207 4373 φυσικὸν
1251 4308 1436 4378 νόμον,
1467 4310 1542 4374 ὡς
1585 4312 1885 4379 δεκαδικδν,

318 4396 412 4445 καὶ
443 4394 589 4446 οὕτω
623 4395 935 4465 πληροῦσαι
965 4398 1056 4451 τὸν
1084 4399 1355 4469 χιλιοστὸν
1396 4402 1651 4473 ἀριθμὸν,
1683 4399 1771 4458 οἷά
1799 4423 1887 4459 τι·

316 4503 405 4548 νες
433 4487 617 4557 θυρεοὶ
643 4488 779 4557 πρὸς
796 4488 856 4541 τὸ
884 4490 1172 4558 φυλάττειν
1204 4509 1266 4545 σε
1297 4493 1406 4547 ἀπὸ
1432 4494 1540 4549 τῶν
1567 4498 1662 4550 τοῦ
1691 4497 1885 4568 ἐχθροῦ

2012 1949 2157 2001 enim
2190 1948 2467 2015 Scriptura
2495 1965 2560 2004 eo
2614 1952 2878 2007 vocabulo
2938 1954 3250 2025 frequenter
3297 1961 3397 2014 uti.
3435 1959 3588 2015 Sicut

2011 2038 2235 2107 inquit:
2297 2038 2400 2091 ιω·
2471 2042 2579 2093 oris
2638 2043 2715 2095 tui
2770 2059 2925 2111 super
2984 2047 3154 2099 millia
3217 2050 3337 2102 auri
3383 2058 3434 2103 et
3498 2068 3588 2103 ar-

2010 2131 2151 2196 genti
2227 2129 2286 2177 ¹⁵¹.
2371 2127 2436 2182 Et
2509 2131 2638 2185 alibi
2699 2148 2712 2182 τ
2778 2132 2987 2199 Millia,
3068 2138 3279 2207 inquit,
3383 2141 3589 2195 laetan-

2010 2221 2141 2273 tium
2197 2222 2262 2271 ⁸³.

2079 2604 2230 2663 Sicut
2264 2611 2426 2664 turris
2448 2609 2617 2665 Darii!
2644 2611 2839 2667 collum
2869 2621 3014 2668 tuum
3035 2630 3188 2687 ,‘qtttB
3204 2617 3472 2689 (edi/irata
3501 2633 3580 2677 est

2005 2698 2061 2751 in
2086 2698 2422 2766 Thalplu'otlt.

2548 2793 2726 2848 Trium
2767 2794 3015 2852 Patrum.

2077 2877 2226 2933 Sicut
2266 2882 2431 2934 turris
2466 2882 2657 2947 David,
2699 2896 2782 2939 est
2815 2888 3046 2942 interior
3069 2889 3269 2946 mentis
3297 2899 3404 2947 tua:
3462 2903 3577 2948 tum

2003 2973 2217 3027 actione
2286 2980 2404 3026 tum
2454 2978 2918 3045 contemplatione
2982 2982 3220 3036 maxime
3272 2991 3581 3054 praestantis

2002 3062 2164 3126 ratio,
2195 3078 2312 3132 qua
2334 3079 2430 3133 per
2461 3066 2712 3121 virtutem
2767 3070 2968 3125 divinis
3004 3072 3276 3129 mandatis
3304 3077 3578 3145 ludiﬁcata

2003 3162 2080 3206 est
2122 3169 2291 3223 super
2329 3161 2749 3227 propugnacula,
2810 3161 2863 3216 id
2915 3171 3020 3227 est,
3058 3178 3222 3235 super
3275 3169 3575 3224 adversarii

2009 3246 2340 3303 tentationes
2366 3264 2380 3300 :
2410 3249 2621 3304 tollitur
2650 3258 2832 3307 autem
2865 3268 2962 3323 per
2996 3256 3281 3313 scientiam
3306 3259 3361 3314 in
3388 3262 3577 3317 altitu-

2007 3334 2187 3388 dinem
2236 3336 2503 3405 spiritalis
2560 3344 3056 3412 contemplationis.
3108 3346 3276 3404 David
3306 3351 3452 3406 enim
3491 3353 3572 3408 si-

2001 3423 2224 3490 gnillcat
2274 3439 2440 3480 manu
2472 3437 2731 3486 strenuus
2784 3441 2837 3487 et
2884 3448 3013 3491 acer
3056 3439 3199 3492 visu.
3236 3438 3447 3496 Collum
3477 3457 3574 3498 au-

2001 3520 2107 3567 tem
2143 3523 2224 3569 est
2256 3518 2420 3582 ratio,
2461 3528 2520 3573 ut
2542 3522 2748 3575 dictum
2769 3533 2875 3581 est.
2907 3525 3042 3581 Nam
3077 3530 3208 3584 illud
3247 3550 3260 3585 :
3288 3532 3420 3598 ρυω
3447 3536 3576 3589 α’άί-

1996 3603 2157 3671 ﬁcata
2178 3616 2255 3659 est
2283 3609 2339 3660 in
2372 3607 2711 3678 Thalpliioth,
2749 3614 2944 3685 Aquila
2967 3620 3185 3689 quidem
3241 3626 3428 3688 vertit,
3467 3626 3573 3681 Su-

1996 3710 2087 3763 per
2125 3702 2523 3767 propugnacula
2549 3719 2567 3764 ;
2598 3702 2958 3773 Symmachus
2989 3719 3195 3777 autem,
3218 3711 3285 3767 In
3331 3717 3574 3771 altitudi-

1997 3800 2136 3839 nem.
2173 3786 2329 3841 Unde
2361 3803 2429 3842 ex
2482 3792 2548 3845 iis
2588 3808 2711 3860 qua:
2750 3796 2895 3850 dicta
2947 3810 3098 3865 sunt,
3152 3813 3299 3872 patet
3352 3822 3571 3877 sponsa:

1994 3872 2263 3927 rationem
2304 3879 2523 3931 actione
2550 3881 2767 3947 quidem
2801 3884 2973 3942 hostis
3002 3891 3227 3946 consilia
3258 3872 3519 3965 superare
3550 3914 3564 3952 :

1993 3964 2455 4031 contemplatione
2496 3984 2625 4025 vero
2674 3973 2789 4027 tolli
2844 3977 2911 4030 ad
2943 3994 3081 4035 vera:
3121 3964 3451 4053 cognitionis
3475 4004 3568 4043 su-

1992 4051 2335 4109 blimitatem.
2369 4056 2525 4113 Mille
2543 4061 2712 4130 clypei
2750 4069 2971 4132 pendent
3006 4088 3163 4141 super
3182 4051 3320 4131 eam.
3356 4077 3563 4135 Horum

1998 4143 2256 4200 videlicet
2281 4150 2525 4207 actiones
2553 4154 2735 4210 decies
2764 4160 2949 4223 divina
2986 4176 3255 4237 praecepta
3299 4173 3563 4243 multipli-

1991 4243 2219 4301 cantes;
2248 4252 2369 4307 quae
2423 4256 2617 4300 rursus
2649 4262 2745 4315 per
2804 4250 2975 4319 legem
3010 4259 3316 4313 naturalem
3376 4262 3559 4319 decies

1990 4325 2360 4394 multiplicata:
2416 4346 2703 4388 numerum
2771 4340 2990 4407 explent
3052 4344 3453 4416 millenarium;
3506 4363 3563 4408 ct

1989 4422 2245 4484 tanquam
2269 4418 2445 4490 clypei
2474 4424 2671 4491 quibus
2693 4427 2762 4481 ab
2794 4429 2971 4486 ltOSlis
3010 4435 3224 4503 sagittis
3246 4441 3560 4496 invulnera-

1985 4504 2111 4561 bilis
2136 4512 2495 4576 conserveris,
2531 4515 2600 4569 ab
2640 4532 2703 4571 ea
2737 4530 2889 4588 parte
2924 4537 3043 4592 quae
3072 4526 3125 4578 in
3155 4535 3208 4581 te
3234 4538 3318 4583 est
3347 4535 3560 4588 ratione

317 4578 489 4647 βελῶν
517 4580 780 4647 ἄτρωτον,
819 4581 1197 4652 ἀπῃώρηνται,
1229 4583 1303 4648 ὡς
1339 4587 1611 4655 τραχήλου
1661 4588 1755 4642 τοῦ
1788 4589 1883 4641 σοῦ
1916 4667 1933 4686 Ι
1990 4609 2064 4663 pr:

1810 4589 1883 4686 ποῦ
1916 4667 1956 4686 h
1990 4597 2214 4663 praedita
2273 4607 2533 4669 tanquam
2590 4619 2622 4659 e
2672 4578 2816 4662 collo
2864 4578 3557 4686 dependente

315 4667 555 4734 λογικοῦ.
597 4668 867 4738 Ἐντούτῳ
901 4670 1010 4740 γὰρ
1038 4674 1070 4740 ή
1104 4672 1292 4741 νύμφη
1360 4675 1515 4742 ζητεῖ
1560 4676 1623 4728 τὸ
1680 4677 1883 4744 ἀγαθὸν
1916 4667 1958 4723 ι)
1985 4694 2062 4744 em

1241 4689 1292 4766 δίη
1360 4675 1515 4742 ζητεῖ
1560 4676 1623 4728 τδ
1680 4677 1883 4744 ἀγαθὸν
1916 4667 2345 4759 l)enimanima
2388 4667 2584 4766 quaerit
2646 4701 2845 4759 bonam
2899 4667 2988 4763 Dei

313 4757 405 4808 τοῦ
437 4758 571 4811 Θεοῦ
596 4758 829 4828 θέλημα,
853 4762 945 4813 καὶ
983 4762 1162 4815 πείθει
1215 4765 1277 4817 τὸ
1327 4766 1426 4834 μὲν
1485 4766 1884 4838 ἐπιθυμητικὸν

316 4849 503 4901 ποθεῖν
538 4849 715 4915 τοῦτο,
747 4852 810 4905 τὸ
838 4852 894 4906 δὲ
912 4852 1660 4927 θυμικὸνύπεραγωνίζεσθαι
1691 4859 1881 4914 αὐτοῦ’

317 4941 415 4991 καὶ
441 4940 531 4993 διὰ
591 4942 685 4995 τοῦ
719 4944 885 4997 αὑτοῦ
914 4946 1139 5014 λογικοῦ
1169 4948 1439 5020 κέχρηται
1470 4954 1591 5015 ταῖς
1635 4952 1733 5023 μὲν
1786 4955 1876 5007 al-

317 5032 543 5102 σθήσεσι
573 5034 707 5104 πρὸς
727 5037 827 5107 τὴν
849 5037 941 5089 τοῦ
965 5038 1172 5105 ἀγαθοῦ
1188 5042 1479 5111 διάκρισιν,
1498 5045 1592 5096 καὶ
1609 5044 1687 5115 τῷ
1704 5062 1852 5115 φωνη
1866 5072 1879 5085 ο

311 5121 453 5191 τικῷ
480 5121 614 5190 πρὸς
650 5124 752 5193 τὴν
777 5125 968 5178 τούτου
993 5126 1244 5194 ἕκφασιν,
1284 5132 1379 5183 καὶ
1430 5134 1497 5201 τῇ
1564 5135 1878 5205 γονιμότητι

312 5212 450 5279 πρὸς
481 5211 708 5282 αὔξησιν
735 5214 902 5267 αὑτοῦ
925 5233 939 5247 ·
964 5219 1058 5271 καὶ
1074 5218 1161 5272 διὰ
1192 5220 1396 5273 τούτων
1426 5220 1533 5275 τῶν
1558 5221 1692 5276 δέκα
1718 5224 1877 5280 δυνά·

315 5313 483 5366 μεων,
512 5300 605 5351 τοῦ
626 5318 685 5353 τε
718 5301 937 5371 λογικοῦ
983 5323 1149 5376 φημι,
1180 5311 1274 5362 καὶ
1319 5310 1413 5363 τοῦ
1456 5312 1875 5383 ἐπιθυμητικοῦ,

310 5390 407 5442 καὶ
443 5389 535 5443 τοῦ
580 5392 837 5462 θυμικοῦ,
893 5400 989 5449 καὶ
1030 5399 1139 5451 τῶν
1194 5403 1355 5455 πέντε
1412 5405 1743 5475 αἰσθήσεων,
1781 5414 1874 5465 καὶ

308 5479 411 5547 τῆς
427 5483 739 5552 φωνητικῆς
765 5486 1068 5558 ἐνεργείας,
1085 5493 1180 5545 καὶ
1208 5496 1306 5564 τῆς
1330 5498 1565 5567 φυσικῆς
1589 5504 1874 5574 γονιμὸτη·

306 5572 471 5632 τοςμό
491 5574 718 5641 φυσικὸς
741 5578 901 5646 νόμος
933 5580 1269 5650 συνίσταται,
1293 5588 1385 5639 καὶ
1431 5589 1537 5641 ὑπὸ
1580 5589 1689 5643 τῶν
1740 5591 1871 5647 δέκα

3053 4713 3383 4770 voluntatem
3421 4734 3436 4770 :
3492 4735 3558 4774 ac

1988 4783 2127 4849 parti
2187 4785 2409 4852 quidem
2465 4796 2875 4863 concupiscenti
2944 4808 3251 4871 persuadet,
3312 4820 3369 4862 ut
3432 4825 3552 4866 eam

1985 4871 2260 4929 desideret
2288 4893 2302 4937 ;
2354 4878 2614 4937 irascenti
2648 4900 2799 4953 vero,
2827 4899 2885 4942 ut
2924 4907 3022 4960 pro
3056 4894 3143 4948 illa
3177 4898 3473 4969 depugnet,
3500 4913 3555 4958 et

1984 4975 2051 5016 ex
2079 4977 2144 5017 ca
2173 4967 2404 5023 rationis
2433 4976 2753 5047 prrescripto
2771 4979 2839 5033 ad
2887 4982 3089 5037 bonum
3142 4967 3553 5056 diiudicandum

1981 5239 2383 5313 adaugendum.
2454 5248 2531 5301 Ex
2577 5250 2767 5308 decem
2818 5258 2904 5314 liis
2948 5260 3320 5334 facultatibus,
3354 5284 3550 5342 nempe

1982 5335 2320 5403 rationabili,
2354 5344 2794 5412 concupiscibili,
2831 5350 3109 5422 irascibili,
3164 5360 3404 5431 quinque
3422 5335 3549 5419 scii-

1980 5424 2159 5489 sibus,
2215 5432 2629 5497 pronuntiandi,
2692 5438 3057 5513 gignendique
3106 5424 3410 5506 vi'cons'tat
3460 5456 3546 5510 lex

1979 5517 2266 5581 naturalis,
2312 5534 2435 5588 qua:
2472 5523 2541 5577 ad
2587 5525 2788 5583 bonum
2825 5536 3194 5605 peragendum
3246 5541 3433 5599 decem
3460 5548 3545 5601 di-

1979 5606 2119 5659 vinis
2184 5612 2469 5703 prazccptis
2521 5614 2577 5669 id
2620 5618 2698 5673 illi
2753 5628 3170 5693 suggerentibus
3231 5634 3537 5703 adjuvatur.

1739 5688 1867 5752 ῐται,
1980 5699 2158 5767 Atque
2220 5701 2335 5757 haec
2391 5706 2482 5774 qui
2507 5708 2608 5763 Eem
2667 5688 2881 5768 dccem—
2924 5732 3190 5791 praaccpta
3255 5688 3373 5793 quae
3426 5727 3543 5799 lege
