4424 6446
792 406 900 474 619

2070 402 2481 461 ΜΙιῖῐῐςιΕΗὸ
2522 401 2783 463 PSELLI

3928 411 4034 475 6‘20

797 522 907 570 ltnn
952 513 1148 569 anima:
1179 522 1302 576 ture,
1334 523 1367 562 ο
1408 524 1630 578 sponsa,
1675 511 1929 560 ardenter
1987 511 2039 561 iu
2071 509 2245 562 Verbo
2304 520 2355 561 ct
2386 518 2435 576 Α
2461 518 2544 576 τάς

2304 520 2355 561 et
2386 518 2435 576 Λ
2461 518 2557 576 τὰς
2586 531 2677 566 σου
2699 512 2788 565 τὸν
2817 510 3092 581 ὀφθαλμὸν
3126 511 3211 564 τὸν
3239 512 3333 581 τῆς
3370 512 3567 586 ψυχῆς,
3606 509 3650 572 ὦ
3679 517 3883 590 νύμφη,
3919 524 4033 590 Θερ-

793 623 999 679 sponso
1029 607 1285 663 delixum.
1317 602 1559 671 dumque
1597 601 1794 653 anima:
1839 610 1945 653 tua:
1982 600 2204 654 oculum
2258 602 2358 653 levi

793 699 997 755 Christi
1030 696 1161 765 jngo
1212 692 1493 748 subditum
1542 698 1883 745 conluemnr.
1921 688 2059 743 Vere
2124 704 2218 743 cor
2262 704 2360 743 no-

795 802 987 849 strum,
1023 786 1298 855 inquiunt,
1328 782 1602 845 excitasti,
1637 790 1825 850 postea
1851 795 2016 851 quam
2046 795 2112 835 ex
2138 790 2189 834 te
2215 780 2352 833 didi-

793 881 969 933 cimus
1000 876 1162 931 Verbi
1191 873 1643 929 incarnationem.
1672 875 1849 942 Atque
1877 873 1941 927 ad
1968 873 2112 927 hunc
2139 871 2359 942 quidem

794 970 1012 1024 modum
1050 966 1209 1021 amici
1242 964 1516 1035 Virginem
1545 964 1949 1019 collaudarunt.

1332 1140 1517 1194 Trium
1578 1139 1828 1195 Patrum.

862 1236 968 1290 Sed
1003 1235 1262 1305 quoniam
1303 1240 1411 1286 tota
1456 1247 1516 1287 cs
1549 1233 1685 1286 adeo
1721 1232 1969 1300 pulchra,
2029 1233 2145 1285 ι·εηὶ
2180 1231 2242 1284 de
2270 1230 2358 1284 Li-

793 1330 954 1390 bano,
978 1344 1194 1395 sponsa,
1226 1327 1338 1378 veni
1370 1325 1433 1378 de
1471 1325 1687 1378 Libano.
1737 1324 1814 1374 Ad
1846 1338 1932 1377 me
1970 1324 2059 1392 qui
2115 1337 2363 1392 compre-

794 1421 955 1473 hendi
994 1434 1227 1489 nequeo,
1271 1415 1595 1487 progredere
1654 1429 1870 1483 semper
1900 1430 1961 1467 ex
2023 1414 2148 1477 title,
2203 1415 2360 1482 (qua:

793 1511 1012 1578 quidem
1058 1509 1164 1563 Deo
1191 1524 1296 1560 non
1338 1508 1495 1559 aliter
1527 1520 1589 1557 ac
1622 1505 1770 1568 thus,
1812 1504 1863 1557 id
1887 1514 2067 1558 autem
2102 1514 2185 1559 cst
2218 1506 2358 1559 liba-

791 1618 916 1663 uus,
952 1599 1213 1667 oﬂet‘lttr)
1248 1615 1341 1667 per
1368 1612 1516 1667 spem
1548 1596 1841 1664 proﬁciens
1889 1598 1954 1649 ad
2009 1598 2356 1655 cliaritatem,

792 1702 1013 1761 propter
1043 1706 1207 1760 quam
1244 1704 1346 1756 ego
1379 1690 1554 1740 l'actus
1578 1701 1698 1739 sum
1742 1686 1928 1750 homo,
1956 1692 2009 1738 et
2044 1694 2096 1738 ttt
2130 1683 2357 1737 cliiceris

788 1783 953 1838 Deus.
985 1782 1194 1837 Etenim
1228 1780 1435 1840 venies,
1493 1786 1655 1845 atque
1688 1777 1968 1845 pervenies
2012 1776 2078 1829 ab
2110 1775 2263 1828 initio
2297 1775 2360 1827 li-

2467 607 2582 674 μῶς
2628 602 2994 667 ἑνατενίζοντα
3021 604 3099 673 τῲ
3124 605 3282 674 Λόγῳ
3310 606 3404 659 καὶ
3429 610 3668 678 νυμφίῳ,
3698 613 3787 664 καὶ
3812 614 3909 683 τῆς
3935 619 4037 685 cru-

2462 698 2562 764 χῆς
2602 695 2691 747 τὸν
2738 694 3007 765 τράχηλον
3058 695 3155 763 τῆς
3203 696 3304 766 σῆς
3349 697 3730 769 ὑποκλιθέντα,
3793 706 3883 758 καὶ
3944 709 4037 760 τοῦ

2462 787 2697 856 Χριστοῦ
2736 788 2827 840 τὸν
2863 788 3097 858 ἐλαφρὸν
3126 787 3291 856 ζυγὸν
3327 791 3686 846 ἀναλαϐόντα.
3748 795 3837 858 Ὠς
3869 798 4036 861 δντως

2463 878 2799 949 ἐκαρδίωσας
2846 881 3014 949 ἡμᾶς,
3049 881 3229 947 φασιν,
3260 882 3291 944 ἡ
3324 882 3534 953 νύμφηο
3572 883 3646 945 ὡς
3676 884 3782 936 ἀπὸ
3810 887 3903 939 σοῦ
3929 893 4033 959 γὰρ

2463 972 2704 1041 ἔγνωμεν
2744 971 2842 1041 τὴν
2871 972 3145 1040 σάρκωσιν
3188 972 3280 1025 τοῦ
3328 974 3524 1042 Λόγου.
3575 975 3733 1029 Οὕτω
3795 978 3893 1047 μὲν
3943 976 4034 1032 οὖν

2462 1063 2736 1133 ἐπῄνεσαν
2756 1063 2802 1115 οἱ
2838 1062 2982 1130 φίλοι
3008 1064 3106 1131 τὴν
3143 1062 3432 1133 παρθένον.

2957 1153 3079 1206 Τῶν
3099 1154 3147 1222 γ’
3173 1154 3352 1222 Πατέί
3369 1172 3470 1208 ων.

2543 1245 2713 1298 Ἑπὰν
2750 1246 2804 1298 δὲ
2842 1246 3010 1307 οὕτως
3048 1247 3142 1315 ὅλη
3193 1248 3458 1316 ὑπάρχεις
3496 1245 3657 1316 καλὴ.
3690 1248 3870 1317 Δεῦρο
3914 1249 4031 1304 ἀπὸ

2462 1337 2718 1393 Λιϐάνου
2742 1340 2968 1407 νύμφη,
2999 1338 3174 1405 δεῦρο
3199 1338 3317 1391 ἀπὸ
3340 1340 3599 1393 Λιϐάνου
3629 1356 3643 1369 ⁸
3677 1342 3865 1410 ἤγουν,
3892 1344 4030 1413 Πρός

2466 1445 2530 1497 με
2548 1426 2955 1497 ἀπερίγραπτον
2982 1427 3067 1480 ἀεὶ
3088 1425 3242 1478 ποιοῦ
3273 1426 3371 1496 τὴν
3395 1427 3621 1495 πορείαν
3650 1429 3756 1482 ἀπὸ
3774 1432 4030 1493 πίστεως,

2462 1518 2582 1584 ἥτις
2614 1515 2730 1585 Θεῷ
2766 1514 3134 1585 προσφέρεται
3164 1511 3253 1569 οἷα
3288 1516 3522 1581 λίϐανος,
3583 1516 3650 1569 δι’
3695 1518 3906 1581 ἐλπίδος
3952 1521 4030 1581 είς

2460 1607 2559 1675 τὴν
2592 1607 2811 1674 ἀγάπην
2839 1606 3221 1675 προκύπτουσα
3244 1624 3256 1637 ·
3302 1606 3369 1659 δι’
3422 1608 3487 1678 ἢν
3522 1604 3630 1674 ἑγὼ
3673 1607 3888 1676 γίνομαι
3940 1610 4030 1662 άν-

2462 1696 2701 1763 θρωπος,
2756 1694 2849 1748 καὶ
2895 1695 2959 1747 σὺ
3017 1695 3138 1763 γίνῃ
3198 1694 3349 1756 Θεός.
3400 1696 3509 1750 Καὶ
3540 1699 3647 1766 γὰρ
3700 1689 3893 1768 ἑλεύσῃ
3940 1701 4032 1750 καὶ

2460 1785 2710 1855 διεὶεὺσῃ
2746 1785 2839 1837 ἀπ’
2886 1787 3058 1856 ἀρχῆς
3099 1787 3335 1847 πίστεως
3387 1787 3494 1839 ἀπὸ
3549 1789 3790 1858 κεφαλῆς
3845 1790 4031 1859 Σανὴρ

788 1876 899 1938 dei,
944 1889 972 1925 a
1017 1873 1193 1941 capite
1234 1870 1394 1923 Sanir
1424 1876 1479 1923 et
1520 1869 1777 1923 Aermou.
1811 1868 1876 1921 Et
1904 1868 2087 1921 venies
2139 1866 2355 1936 quidem
2386 1892 2431 1950 Β
2462 1879 2535 1927 καί

2279 1882 2355 1920 Bm
2386 1892 2431 1950 Β
2462 1878 2553 1927 καὶ
2621 1874 2888 1945 ’Λερμὼεδ
2922 1878 3014 1926 καὶ
3049 1875 3243 1945 ὲλεύσῃ
3281 1876 3378 1945 μὲν
3425 1875 3562 1945 πρός
3623 1894 3693 1945 με
3752 1881 3817 1949 τῇ
3874 1879 4026 1947 amr;

787 1967 853 2017 ad
888 1979 970 2016 me
992 1977 1115 2015 eum
1145 1961 1291 2014 omni
1332 1958 1636 2022 cliaritate;
1671 1959 1955 2028 pervenies
1983 1966 2163 2009 autem
2192 1957 2355 2009 velte-

789 2057 953 2109 3nenti
988 2069 1107 2106 eum
1141 2053 1340 2119 impetu
1364 2065 1456 2116 per
1478 2049 1749 2102 fornacem
1785 2048 2058 2100 variarum
2088 2057 2203 2099 tum
2231 2061 2355 2099 car-

789 2149 876 2201 nis
917 2156 1028 2198 ttnn
1066 2142 1250 2195 mttndi
1294 2139 1678 2203 tentationum,
1728 2153 1823 2207 spe
1866 2139 2209 2191 conﬁrmata.
2263 2136 2355 2189 Sic

790 2245 968 2288 autem
1003 2235 1209 2295 venies,
1259 2240 1313 2286 et
1340 2231 1662 2300 pervenies;
1703 2229 1959 2297 quoniam
2005 2230 2069 2281 ad
2099 2244 2203 2289 me,
2247 2243 2355 2281 non

788 2343 886 2396 per
913 2325 1375 2384 incredulitatem,
1415 2332 1473 2374 ut
1506 2322 1713 2388 primus
1742 2320 1922 2380 ltomo,
1957 2319 2048 2387 qui
2081 2334 2177 2387 spe
2219 2318 2357 2371 divi-

790 2419 975 2472 nitatis
1002 2419 1259 2485 tlrccptus
1288 2421 1390 2474 est,
1428 2413 1528 2466 iter
1557 2411 1734 2466 facere
1760 2410 2001 2480 cmpisti,
2028 2412 2120 2464 sed
2158 2423 2249 2478 per
2288 2410 2355 2463 ti-

789 2511 907 2565 dem
955 2528 967 2562 :
1004 2524 1121 2577 qua:
1153 2508 1369 2574 quidem
1407 2505 1563 2567 ﬁdes,
1598 2514 1655 2557 ut
1694 2511 1873 2573 caput,
1910 2502 2236 2572 principium
2268 2511 2351 2556 est

788 2604 853 2656 ad
881 2602 1136 2654 virtutem
1176 2598 1431 2652 ducentis
1458 2598 1579 2661 viae,
1602 2609 1763 2665 quam
1792 2594 1997 2648 indicat
2037 2592 2219 2657 Sanir,
2255 2609 2355 2647 cu-

784 2695 873 2764 jus
910 2693 1285 2759 interpretatio
1309 2699 1410 2751 est,
1444 2690 1675 2743 lucernae
1711 2688 1793 2739 via
1830 2704 1841 2739 :
1878 2696 1931 2739 et
1967 2702 2061 2755 per
2092 2699 2263 2754 spem,
2298 2693 2356 2737 ιιι

789 2784 1092 2839 sttblevcris
1116 2794 1167 2835 et
1196 2779 1457 2834 l'Ct‘l'CCI‘iS
1482 2780 1549 2832 ab
1572 2793 1737 2831 onere
1761 2789 1921 2845 atque
1948 2786 2081 2830 :cstu
2112 2775 2352 2844 gravium

792 2877 1041 2929 laborum
1068 2883 1121 2928 et
1148 2870 1515 2925 molestiarum
1552 2887 1565 2921 :
1594 2870 1737 2938 quod
1774 2882 1867 2937 per
1890 2868 2124 2919 Acrtnon
2158 2867 2356 2918 intelli—

790 2970 956 3036 gitur,
985 2980 1145 3035 quam
1182 2963 1399 3032 quidem
1434 2975 1614 3014 vocem
1670 2974 1845 3011 rorem
1912 2961 2351 3025 interpretamur.

790 3061 967 3126 Atque
994 3058 1066 3110 ita
1093 3054 1293 3110 cubilia
1323 3055 1561 3115 leonum,
1597 3049 2001 3119 pardorutnqne
2033 3055 2245 3100 montes
2270 3046 2353 3097 in-

789 3150 1021 3206 columis
1056 3148 1288 3203 evitabis
1344 3165 1356 3199 :
1400 3157 1729 3199 consensum
1768 3141 2020 3193 videlicet
2052 3139 2351 3192 carnalium

2457 1966 2672 2032 ἁγάπῃο
2711 1965 2957 2037 διελεύσῃ
2986 1964 3042 2016 δὲ
3079 1964 3432 2034 ἀκατασχὲτῳ
3465 1967 3541 2034 τῷ
3572 1968 3875 2037 φρονήματι
3927 1972 4026 2038 τὴν

2457 2060 2688 2123 κάμινον
2725 2058 2831 2108 τῶν
2862 2059 2916 2109 ἑν
2956 2057 3119 2124 σαρκὶ
3152 2058 3241 2109 καὶ
3294 2057 3483 2125 κόσμῳ
3521 2060 3786 2110 παντοίων
3833 2075 4029 2128 πειρα-

2456 2148 2658 2216 τηρίων
2686 2150 2750 2216 τῇ
2782 2146 2958 2197 ἐλπίδι
3011 2147 3397 2216 στηριζομένη.
3424 2146 3578 2200 Οὕτω
3613 2148 3667 2200 δὲ
3718 2148 3912 2219 ἑλεύσῃ
3935 2149 4029 2200 καὶ

2455 2237 2724 2308 διελεύση,
2794 2238 3088 2306 ἐπειδήπερ
3154 2238 3261 2289 ἀπὸ
3324 2239 3557 2301 πίστεως
3610 2239 3707 2308 τὴν
3772 2240 3908 2308 πρός
3961 2258 4028 2310 με

2457 2328 2681 2396 πορείαν
2710 2327 2859 2397 ἤρξω
2893 2328 3183 2393 ποιεῖσθαι,
3222 2329 3316 2381 καὶ
3351 2330 3448 2380 οὐκ
3490 2329 3547 2392 ἐξ
3573 2331 3831 2391 ἀπιστίας
3883 2334 4023 2385 κατὰ

2456 2420 2546 2471 τον
2588 2420 3009 2488 πρωτόπλαστον
3070 2419 3423 2473 δελεασθέντα
3506 2422 3679 2473 ἐλπίδι
3735 2422 4024 2489 θεότητος·

2456 2511 2575 2578 ἥτις
2621 2509 2801 2571 πίστις
2834 2505 2920 2561 ὸῖα
2952 2510 3182 2579 κεφαλὴ,
3220 2511 3361 2580 ἀρχή
3388 2512 3502 2561 ἐστι
3534 2511 3631 2578 τῆς
3664 2528 3720 2563 τε
3751 2513 3868 2563 κατ’
3894 2513 4019 2579 ἁρε-

2456 2602 2556 2668 τὴν
2590 2598 3005 2667 πεφωτισμὲνης
3061 2599 3178 2653 ὁδοῦ
3240 2600 3397 2668 (ὅπερ
3446 2601 3507 2651 τὸ
3552 2601 3730 2669 Σανὴρ
3765 2602 4025 2669 παριστᾷ,

2458 2688 2594 2752 ὁδὸς
2626 2692 2857 2755 λύχνου
2888 2687 3367 2756 ἑρμηνευόμενον),
3432 2687 3527 2739 καὶ
3576 2688 3675 2755 τῆς
3720 2691 3785 2740 δι’
3839 2690 4028 2740 ἐλπίδα

2458 2780 2737 2847 evntem;
2798 2777 2889 2829 τοῦ
2951 2778 3146 2846 βάρους
3198 2779 3291 2829 καὶ
3344 2777 3438 2829 τοῦ
3490 2778 3767 2840 καύσωνος
3797 2779 3895 2847 τῆς
3918 2779 4023 2828 τῶν

2458 2870 2727 2922 ἀκουσίων
2759 2869 2934 2920 πόνων
2976 2868 3304 2937 ἐπαγωγῆς*
3355 2872 3491 2937 ὅπερ
3552 2869 3699 2935 δηλοῖ
3750 2870 3809 2921 τὸ
3870 2872 4024 2937 Ἀερ-

2461 2959 2596 3028 μὼν,
2641 2958 2779 3025 δρεό
2795 2976 2860 3023 ος
2892 2959 3325 3027 ἑρμηνευόμενον
3349 2973 3361 2988 ’
3396 2962 3487 3010 καὶ
3536 2960 3677 3011 οὕτω
3707 2960 4025 3027 φυλαχίιήσῃ

2457 3051 2564 3102 ἀπὸ
2598 3050 2844 3119 μανδρῶν
2873 3051 3120 3113 λεόντων,
3155 3050 3261 3103 ἀπὸ
3287 3050 3455 3117 ὀρέων
3491 3050 3808 3119 παρδάλεων
3838 3066 3849 3078 ·
3882 3052 4020 3119 ἦτοι,

2458 3141 2563 3193 ἀπὸ
2597 3141 2690 3207 τῆς
2716 3141 2868 3208 δίκην
2898 3140 3133 3208 μάνδραις
3177 3140 3441 3208 ἑνωτικῆς
3478 3143 3614 3191 κατὰ
3652 3139 3743 3190 σοῦ
3775 3140 4021 3208 ὁμονοίας

790 3244 1154 3310 voluptatum,
1188 3254 1308 3308 quae
1342 3237 1558 3290 leonum
1606 3235 1781 3287 instar
1822 3246 2016 3299 magno
2053 3231 2253 3299 impetu
2300 3230 2353 3280 in
2382 3211 2424 3272 (ἶ
2457 3231 2532 3283 τῶ

2300 3230 2353 3280 itt
2382 3211 2424 3272 (ἶ
2457 3231 2563 3283 τῶν
2584 3232 2699 3282 κατ’
2736 3230 2966 3297 ἔλλειψιν
2986 3229 3083 3297 τῆς
3119 3229 3319 3298 ἀρετῆς
3351 3229 3626 3298 σαρκικῶν
3662 3229 4020 3296 ἡδυπαθειῶν,

796 3341 867 3393 te,
903 3345 958 3383 ut
991 3344 1019 3380 a
1053 3329 1253 3380 virtute
1283 3324 1532 3388 delicias,
1558 3332 1723 3376 ruunt
1759 3340 1771 3375 :
1803 3331 1856 3375 ct
1886 3320 2210 3374 tenlaliones
2240 3320 2357 3372 illas

795 3439 915 3491 quae
947 3436 1011 3474 ex
1043 3420 1259 3472 virtutis
1287 3415 1622 3484 pratstantia,
1658 3422 1919 3481 tanquam
1956 3426 2019 3465 ex
2049 3410 2170 3463 altis
2207 3425 2359 3464 tuon-

797 3515 966 3573 tilins,
998 3522 1056 3563 ιιι
1084 3507 1394 3577 arrogantia
1430 3505 1695 3565 eﬂ'eraris,
1736 3503 1829 3556 tibi
1874 3509 2091 3554 struunt
2129 3499 2355 3555 insidias

796 3605 1166 3660 lraudulenter
1187 3617 1202 3663 ;
1227 3598 1366 3666 quod
1388 3595 1605 3665 quidem
1635 3595 1924 3663 pardorunt
1952 3594 2185 3645 varietas
2222 3592 2358 3645 indi-

796 3708 901 3754 cat.
939 3695 1159 3758 Venics,
1203 3700 1257 3745 et
1287 3688 1588 3759 pervenies,
1628 3694 1680 3738 ct
1704 3685 2033 3745 servaberis,
2065 3695 2123 3736 ut
2152 3684 2355 3736 dictum

796 3799 899 3843 cst.
951 3784 1207 3849 Quoniam
1260 3778 1548 3833 vulnerasti
1590 3792 1679 3829 cor
1721 3786 1980 3837 nostrum,
2034 3790 2183 3827 soror
2224 3791 2355 3836 mea,

795 3896 1007 3950 sponsa.
1032 3878 1169 3944 Quia
1205 3873 1416 3929 scilicet
1449 3871 1501 3923 in
1536 3884 1772 3923 amorem
1825 3877 1879 3921 et
1920 3867 2249 3921 desiderium
2282 3867 2358 3919 tui

798 3970 1084 4029 concitasti
1103 3978 1212 4024 tres
1239 3967 1401 4019 unius
1421 3962 1717 4018 divinitatis
1746 3974 2025 4029 personas,
2049 3960 2133 4010 cui
2160 3967 2359 4022 tuente,

796 4068 1009 4119 ratione
1043 4071 1095 4115 et
1130 4059 1323 4128 spiritu
1361 4056 1634 4125 placuisti,
1667 4068 1699 4106 ο
1724 4067 1842 4121 qu;u
1880 4051 2011 4103 tnilti
2069 4053 2209 4102 inter
2239 4064 2357 4100 car-

797 4159 880 4211 nis
913 4155 1354 4222 conjunctionem
1388 4163 1445 4201 es
1477 4162 1633 4200 soror
1668 4164 1679 4197 :
1718 4153 1939 4213 propter
1994 4142 2355 4195 voluntarium

802 4262 979 4300 autem
1010 4243 1292 4298 cltaritatis
1328 4239 1594 4291 vinculum
1633 4245 1793 4302 atquc.
1829 4235 2078 4287 unioaem
2111 4234 2356 4300 spiritus,

799 4341 1120 4403 ιιιεειιοιιειιιιι
1149 4348 1207 4385 es
1236 4332 1364 4383 milii
1409 4330 1532 4396 (qui
1563 4343 1680 4380 sunt
1714 4328 1818 4378 una
1856 4341 1921 4378 ex
1972 4325 2145 4377 tribus
2174 4338 2358 4392 perso-

798 4429 913 4496 nis)
946 4426 1225 4494 unigenito
1251 4422 1509 4474 nimirum
1562 4418 1737 4471 Patris
1791 4415 1947 4469 Filio.
1993 4415 2200 4467 Etenim
2233 4429 2356 4466 cum

2458 3322 2795 3390 τυραννικῶς
2830 3317 2916 3372 οἷα
2948 3322 3173 3373 λεόντων
3210 3321 3546 3388 ποιουμένων
3582 3319 3720 3371 κατὰ
3781 3317 3873 3369 σοῦ
3926 3319 4023 3378 τὰς

2457 3414 2653 3482 ὁρμὰς,
2689 3414 2780 3463 καὶ
2806 3412 2912 3463 ἀπὸ
2942 3412 3046 3462 τῶν
3073 3410 3193 3462 καθ’
3223 3409 3525 3479 ὑπερϐολὴν
3558 3409 3655 3478 τῆς
3692 3409 3889 3479 ἀρετῆς
3918 3424 4021 3459 πα-

2461 3507 2589 3568 θῶν,
2618 3506 2706 3570 ἀφ’
2737 3503 2901 3570 ὕψους
2932 3501 3029 3563 τὰς
3060 3501 3282 3569 ἐφόδους
3333 3501 3474 3553 κατὰ
3537 3501 3630 3552 σοῦ
3688 3499 4023 3568 ποιουμένων

2460 3597 2667 3660 δολίως,
2702 3597 2837 3665 ὅπερ
2867 3596 2927 3646 τὸ
2965 3593 3206 3645 ποικίλον
3228 3593 3336 3644 τῶν
3382 3593 3695 3662 παρδάλεων
3740 3593 3980 3660 παριστᾶ
4005 3607 4018 3620 ·

2461 3688 2652 3758 ἐλεύσῃ
2689 3687 2743 3739 δὲ
2775 3688 2864 3738 καὶ
2890 3686 3133 3756 διελεύσῃ
3184 3685 3276 3737 καὶ
3310 3683 3652 3754 φυλαχθήσῃ.
3684 3684 3756 3745 ὡς
3788 3685 4020 3752 εἴρηται,

2460 3778 2808 3841 Ἐπειδιξπερ
2821 3776 3184 3841 ἐκιφδίωσίις
3204 3774 3381 3842 ἡμᾶς,
3401 3774 3630 3841 ἀδελφή
3653 3791 3770 3841 μου
3788 3775 3987 3839 νύμφη
4006 3786 4019 3798 ·

2460 3869 2724 3938 δηλονότι,
2753 3869 2845 3927 Ei;
2878 3867 3038 3918 πόθον
3058 3883 3146 3916 σου
3168 3866 3369 3933 ἤγαγες
3393 3865 3488 3925 τὰς
3518 3867 3663 3932 τρεῖς
3702 3865 4021 3921 ὑποστάσεις

2452 3961 2556 4028 τῆς
2577 3960 2704 4027 μιᾶς
2750 3956 3022 4023 θεότητος,
3052 3954 3124 4015 ὡς
3160 3953 3329 4022 ταύτῃ
3364 3953 3776 4023 εὐαρεστὴσασα
3807 3951 3882 4020 νῷ
3928 3950 4021 4001 xa‘.

2460 4050 2603 4117 λόγῳ
2661 4050 2753 4101 καὶ
2807 4048 3119 4113 πνεύματι,
3169 4047 3200 4112 ἡ
3262 4045 3350 4097 διὰ
3413 4046 3509 4113 μὲν
3555 4044 3819 4113 τὴνκατέι
3848 4042 4017 4109 σάρκα

2461 4140 2725 4208 ὁμοφυῖαν
2766 4137 2963 4205 ἁδελφή
3001 4154 3123 4204 μου,
3168 4136 3253 4187 διὰ
3300 4136 3354 4186 δὲ
3413 4134 3473 4186 τὸ
3533 4136 3594 4185 ἑκ
3656 4133 4023 4203 προαιρέσεως

2462 4227 2783 4297 κολληθῆναί
2834 4242 2918 4294 μοι
2952 4225 3016 4275 δι’
3054 4225 3293 4293 ἀγάπης,
3345 4224 3436 4275 καὶ
3489 4221 3545 4273 ἓν
3596 4221 3810 4288 πνεῦμα
3868 4222 4009 4285 γενε-

2463 4320 2604 4380 σθαι,
2631 4317 2997 4386 νυμφενοεῑσέι
3029 4332 3115 4383 μοι
3138 4314 3214 4383 τῷ
3242 4315 3318 4366 ἐν).
3341 4315 3446 4366 τῶν
3472 4314 3782 4381 εἰρημένων
3855 4312 4023 4379 τριῶν

2462 4408 2826 4466 ὑποστάσεων,
2863 4407 3060 4475 δηλαδὴ
3089 4405 3163 4473 τῷ
3204 4407 3482 4472 μονογενεῖ
3509 4404 3601 4455 τοῦ
3649 4403 3855 4472 Πατρὶς
3889 4403 4018 4467 Tit}.

798 4493 987 4572 sancta
1036 4493 1317 4581 Scriptura
1348 4511 1543 4579 plurali
1575 4509 1742 4560 utitur
1769 4522 1993 4559 numero
2038 4506 2262 4572 loquens
2291 4503 2358 4556 de
2394 4536 2434 4589 υ
2465 4502 2545 4552 Κα

2291 4503 2358 4556 de
2394 4536 2434 4589 υ
2465 4501 2571 4552 Καὶ
2603 4498 2708 4566 γὰρ
2748 4499 2943 4548 ὁπόταν
2981 4498 3012 4564 ἡ
3046 4495 3175 4561 ἁγία
3205 4495 3389 4563 Γραφὴ
3420 4494 3495 4561 τῷ
3526 4493 3869 4561 πληθυντικῷ
3898 4494 4022 4561 περὶ

800 4612 927 4669 Deo,
960 4603 1338 4658 sanctissimas
1369 4599 1488 4651 illas
1533 4596 1740 4650 indicat
1779 4609 1889 4649 tres
1921 4611 2200 4664 personas,
2240 4609 2356 4662 my-

798 4702 929 4749 snee
984 4694 1300 4759 sgnilieans
1356 4691 1572 4741 modum
1634 4687 1951 4739 substantia:
2000 4692 2359 4738 sacrosancta:

800 4791 945 4840 illius
979 4787 1240 4851 initioque
1268 4782 1503 4834 carentis
1535 4780 1777 4830 unitatis.
1815 4778 1948 4842 Quia
1979 4777 2156 4829 unitas
2191 4778 2244 4827 in
2270 4776 2361 4827 tri-

800 4884 988 4940 nitate,
1019 4886 1072 4928 et
1101 4875 1316 4927 trinitas
1356 4873 1406 4923 iit
1447 4871 1653 4923 unitate
1690 4868 1831 4921 Dens
1862 4876 1961 4921 est.
2001 4867 2064 4918 Et
2096 4880 2295 4919 rursus
2332 4881 2345 4917 ι

814 4966 1111 5019 Vulnerasti
1140 4979 1228 5016 cor
1263 4971 1499 5014 nostrum
1540 4975 1558 5013 :
1592 4959 1695 5013 ltoc
1728 4969 1811 5013 est
1842 4959 1893 5010 in
1925 4957 2000 5007 tui
2028 4956 2357 5009 desiderium

802 5056 1167 5116 illiiallllllllSEi,
1203 5062 1314 5105 tum
1349 5052 1396 5103 in
1432 5068 1532 5104 uno
1556 5051 1826 5104 oculorum
1888 5058 2116 5108 tuorum,
2181 5052 2362 5096 mente

803 5150 1011 5204 GuliCet
1040 5156 1149 5209 tua,
1179 5158 1285 5213 qua
1314 5158 1400 5196 res
1432 5143 1648 5195 intuens
1694 5139 2084 5204 intelligibtlcs,
2116 5152 2199 5188 itte
2224 5136 2364 5187 vet-i-

802 5251 987 5303 tatem,
1018 5246 1177 5305 atque
1209 5236 1452 5289 omnium
1493 5232 1909 5300 intelligibiliuut
1964 5230 2120 5281 liueat
2174 5228 2355 5295 Cogni-

807 5336 949 5384 lintte
1006 5337 1265 5396 perpetua
1317 5325 1705 5393 contemplaris
1750 5331 1909 5374 :tttm
1947 5323 1996 5372 ir
2035 5336 2136 5371 uno
2182 5329 2364 5383 (omne

805 5424 923 5476 colli
954 5426 1047 5485 tui,
1090 5423 1299 5473 ratione
1324 5420 1573 5471 videlicet
1604 5427 1717 5481 tua,
1772 5432 1870 5483 qua
1918 5427 1970 5465 tu
2006 5414 2163 5466 veluti
2197 5426 2359 5464 orna-

808 5522 990 5565 mento
1040 5512 1162 5565 colli
1199 5509 1456 5563 decorata
1522 5509 1574 5560 itt
1630 5508 1840 5559 cunctis
1900 5504 2226 5567 actionibus,
2283 5518 2351 5553 nn

806 5619 1080 5659 sumntum
1124 5602 1323 5654 bonum
1353 5609 1408 5654 et
1446 5599 1604 5651 linem
1639 5600 1880 5651 omnium
1925 5595 2191 5662 sequeris,
2229 5602 2281 5646 et
2310 5608 2353 5643 ι’(

807 5697 923 5765 ipsa
963 5692 1344 5761 benignitatem
1384 5706 1552 5741 nteant
1582 5690 1861 5755 experiris.
1916 5688 2160 5753 Sponsus
2220 5685 2361 5736 enim

807 5785 1056 5842 Christus
1085 5795 1163 5836 est
1202 5785 1316 5851 ipsa
1357 5786 1574 5844 veritus,
1606 5792 1656 5832 et
1686 5795 1957 5831 sumntum
2021 5778 2241 5829 bonum.
2289 5777 2362 5825 Λι-

2463 4590 2595 4643 Θεοῦ
2653 4590 2913 4656 κέχρηται
2966 4586 3126 4653 λόγῳ,
3189 4584 3286 4651 τὴν
3342 4583 3572 4651 δήλωσιν
3629 4585 3862 4633 ποιεῖται
3918 4584 4021 4631 τῶν

2463 4680 2740 4745 παναγίων
2771 4677 2934 4746 τριῶν
2993 4674 3340 4727 ὑποστάσεων
3370 4689 3383 4703 ο
3452 4671 3728 4740 μυστικῶς
3759 4672 3849 4723 τὸν
3903 4672 4024 4738 τρί-

2462 4789 2560 4823 πον
2583 4774 2677 4840 τῆς
2711 4769 2979 4833 παναγίας
3013 4768 3102 4816 καὶ
3120 4765 3356 4833 ἁνὲιρχου
3388 4763 3607 4832 μονάδος
3645 4762 3982 4830 σημαίνουσα
4006 4775 4020 4791 ο

2462 4865 2542 4914 ὅτι
2602 4861 2769 4928 μονὰς
2835 4858 2890 4909 ἐν
2927 4857 3125 4926 τριάδι,
3183 4857 3274 4907 καὶ
3322 4856 3380 4905 ὲν
3423 4853 3607 4921 μονάδι
3633 4852 3790 4922 τριάς
3823 4854 3969 4901 ἐστιν
3997 4852 4023 4898 ὁ

2462 4955 2593 5017 Θεὸς
2616 4953 2789 5023 ἡμῶν.
2834 4952 2939 5002 Καὶ
2993 4946 3165 5011 αὖθις,
3209 4946 3604 5014 Ἐχιιρδίωσας
3652 4942 3826 5010 ἡμᾶς’
3886 4943 4020 5010 ἤτοι.

2464 5048 2569 5099 Καὶ
2606 5046 2764 5097 πάλιν
2805 5045 2859 5104 ἐς
2900 5039 3063 5092 πόθον
3118 5055 3209 5090 σου
3244 5040 3468 5107 ἤγαγες,
3544 5036 3606 5086 τὸ
3673 5034 3771 5102 μὲν
3830 5033 3899 5084 ὲν
3932 5032 4017 5082 ἐνὶ

2467 5140 2584 5191 ἀπὸ
2630 5131 2950 5203 ὀφθαλμῶν
2976 5149 3111 5194 σου,
3161 5131 3236 5199 τῷ
3276 5126 3787 5195 ἁντιλαμὸανομένῳ
3811 5122 4020 5180 πάντως

2464 5234 2567 5279 τῶν
2616 5226 2822 5294 νοητῶν
2867 5226 2947 5276 νοΐ
2973 5240 3085 5284 σου,
3117 5218 3383 5289 ἑωρακότι
3434 5234 3499 5287 με
3545 5214 3741 5281 γνώσει
3783 5211 4019 5280 ἀλήστῳ,

2465 5323 2521 5370 τό
2552 5320 2717 5386 πέρας
2768 5314 3110 5367 πάντωντῶν
3152 5310 3407 5377 γνωστῶν
3460 5311 3555 5375 τὴν
3614 5305 3902 5374 ἀλήθειαν·
3964 5302 4021 5349 το

2568 5411 2636 5461 ἐν
2695 5407 2785 5459 ἐνὶ
2856 5406 3127 5471 ἐνθέματι
3175 5400 3479 5470 τραχήλου
3530 5412 3667 5463 σου,
3718 5397 3887 5462 ὅσπερ
3952 5390 4021 5449 ὡς

2466 5504 2612 5563 τέλος
2662 5502 2878 5552 πάντων
2944 5500 3050 5549 τῶν
3105 5494 3364 5564 πρακτῶν
3418 5493 3532 5561 εἰμι.
3566 5490 3624 5541 τὸ
3695 5484 3894 5553 ἀγαθὴν
3947 5482 4021 5547 τῷ

2466 5594 2664 5660 λογικῷ
2704 5609 2814 5653 σου,
2845 5592 2917 5651 ὡς
2953 5587 3258 5658 πρακτικῷ,
3293 5580 3379 5635 οἷά
3428 5601 3509 5644 τις
3546 5586 3744 5649 κ-ἰσμος
3808 5577 4021 5646 περιδε-

2473 5702 2620 5752 ραιος
2652 5684 2988 5750 ἐντιίέί.ν.ενον
3034 5680 3171 5732 κατὰ
3200 5678 3397 5746 πρᾶξιν
3426 5674 3729 5743 πειραθέντι
3785 5689 3883 5740 μου
3928 5670 4024 5734 τῆς

2471 5776 2849 5845 χρηστότητος.
2883 5773 2988 5823 Καὶ
3022 5772 3123 5840 γὰρ
3165 5769 3319 5830 ait};
3358 5770 3499 5817 ἐστιν
3531 5764 3807 5833 ήὰλήθεια
3838 5762 3927 5813 καὶ
3966 5758 4023 5808 τὸ
