4424 6446
403 403 505 466 621

1393 395 1777 457 COMMENT.
1820 394 1900 454 ΙΝ
1943 394 2329 457 CANTICUM
2361 396 2654 460 CANTIC.

3538 407 3644 471 622

398 515 599 585 ἀγαθόν
622 532 633 547 ·
676 512 736 568 τδ
763 512 861 583 μὲν
885 512 1013 567 ὅταν
1046 511 1110 564 ὲκ
1144 511 1241 579 τῆς
1272 512 1457 576 οὐσίας
1485 512 1558 575 ὡς
1588 513 1877 582 ἄτρεπτος,
1910 508 1973 562 τὸ
2004 516 2047 571 Α
2078 524 2140 564 ve

1910 508 1973 562 τὸ
2004 516 2047 571 Α
2078 512 2278 566 veritas
2340 512 2561 582 quidem
2633 528 2753 570 esse
2830 514 3172 587 intelligitur,
3225 526 3497 589 quatenus
3552 538 3648 593 per

398 611 445 662 δ’
475 610 602 662 ὅταν
659 608 724 661 ἐκ
759 606 857 675 τῆς
888 604 1166 677 ἐνεργείας
1202 605 1277 668 ὡς
1316 605 1659 676 εὐεργετικὸς
1703 605 1851 660 δοκεῖ
1875 621 1973 673 ση-

404 699 712 770 μαίνεσθαι.

1074 876 1335 932 Ψελλοῦ.

478 972 544 1026 fl
584 966 1045 1034 ἐκαλλιὼθησαν
1094 967 1317 1036 μαστοί
1380 982 1519 1032 σου,
1558 964 1800 1033 ἀδελφή
1854 981 1973 1032 μου

2075 602 2371 656 essentiam
2420 611 2503 659 est
2550 604 2910 663 immutabilis
2945 626 2959 664 :
2994 624 3269 665 summum
3313 618 3492 667 autem
3547 617 3646 669 bo-

2074 706 2228 755 num,
2262 702 2534 761 quatenus
2566 711 2631 750 ex
2666 698 2926 767 operibus
2978 699 3258 756 beneﬁcus
3305 702 3650 760 demonstra-

2074 794 2181 836 tur.

2768 881 2951 938 Pselli.

2146 965 2316 1031 Quam
2341 969 2575 1036 pulrhrte
2591 973 2744 1042 facta:
2766 983 2888 1028 sunt
2919 993 3161 1034 mamma:
3180 986 3307 1046 tum,
3327 996 3479 1035 soror
3507 999 3646 1049 mea,

408 1062 661 1132 νύμφη]
695 1062 756 1116 Τι
784 1058 1251 1126 ἑκαλλιώθησαν
1277 1058 1503 1127 μαστοι
1553 1075 1672 1111 σου
1720 1055 1839 1111 ἀπὸ
1891 1054 1976 1108 οἵ·
2073 1073 2155 1126 ερι

1899 1054 1976 1108 οἵ·
2073 1073 2286 1126 sponsa.
2357 1058 2531 1126 Quam
2584 1062 2807 1130 pulchra
2871 1063 3021 1133 faeta
3086 1078 3211 1123 sunt
3257 1068 3421 1124 ubera
3478 1080 3570 1127 tua
3612 1089 3646 1125 a

542 1155 557 1192 1

398 1172 751 1297 νοῗένταῦθα
786 1243 949 1297 πάλιν
976 1244 1191 1297 ἐπαινεῖ
1232 1241 1332 1311 τῆς
1384 1239 1532 1302 θείας
1579 1236 1902 1304 Ἑκκλησίας

401 1335 513 1405 Τὴν
562 1334 671 1389 τῶν
726 1334 946 1403 μαστῶν
995 1334 1415 1405 ὲπίδοσιν,ἧτοι,
1448 1332 1555 1385 τῶν
1600 1329 1969 1398 διδαγμάτων.

402 1427 694 1496 Λὺξήσασα
737 1426 805 1479 τά
843 1426 1008 1479 τέκνα
1037 1427 1143 1497 γὰρ
1175 1427 1361 1495 ὥσπερ
1389 1424 1524 1494 γονὴ
1556 1422 1830 1490 φιλόπαις,

401 1518 507 1569 Τὸν
537 1515 596 1580 ἐξ
634 1516 803 1571 ἐθνῶν
842 1533 984 1586 φημι
1023 1517 1171 1583 λαὸν,
1218 1516 1311 1570 καὶ⁵
1354 1515 1541 1568 τοῦτον
1592 1512 1899 1583 καθορῶσα,

402 1610 545 1679 “pb;
588 1609 784 1678 μέτρον
815 1609 1094 1675 φθάσαντα
1121 1608 1346 1679 στερρὸν
1375 1607 1475 1677 τῆς
1533 1606 1683 1667 θείας
1735 1604 1968 1673 ἡλικίας.

401 1699 511 1751 Καὶ
543 1699 617 1767 μὴ
644 1697 963 1766 ψελλίζοντα
988 1698 1167 1755 ποσῶς
1200 1700 1279 1759 είς
1304 1696 1400 1766 τὴν
1428 1695 1588 1762 ἁγίαν
1620 1694 1827 1757 πίστιν,

401 1787 556 1841 Οἶνον
582 1790 703 1841 ἀντὶ
730 1787 823 1841 τοῦ
856 1789 1124 1857 γάλακτος
1149 1787 1370 1857 προχέει
1401 1787 1522 1840 καθ’
1554 1787 1790 1856 ἡμέραν,

399 1879 686 1933 Τουτὲστιν
719 1879 1024 1949 ὑψηλότερα
1054 1880 1303 1949 δόγματα
1337 1877 1545 1939 τούτοις
1578 1878 1754 1946 νέμει.

398 1972 471 2024 Τὸ
494 1973 623 2042 πρὶν
654 1972 752 2043 μὲν
781 1972 889 2044 γὰρ
922 1971 1166 2025 ἐδίδασκε
1201 1970 1423 2032 τούτοιῆ
1447 1970 1522 2034 ὡς
1580 1968 1896 2038 νεωτέρους,

399 2063 615 2133 Πατέρα
640 2063 817 2117 σέὗειν
839 2068 933 2118 καὶ
950 2065 1076 2118 Υίὸν
1101 2065 1195 2117 καὶ
1228 2063 1470 2133 Πνεῦμα,
1512 2060 1642 2113 Θεὸν
1675 2062 1790 2125 ἕνα,

398 2154 576 2222 Ὅπερ
604 2154 676 2215 ὡς
711 2154 851 2221 γάλα
877 2157 1086 2223 πέφυκε
1118 2154 1279 2224 δῆθεν
1322 2152 1665 2214 διδασκαλίας
1692 2167 1706 2182 ⁶

394 2240 507 2291 Νῦν
546 2241 601 2293 δὲ
630 2242 869 2296 διδάσκει
902 2247 1218 2315 σωφρονεῖν,
1247 2244 1536 2313 φυλάττειν
1584 2241 1899 2312 παρθενίαν,

410 2330 763 2400 Ἐγκράτειαν
789 2335 1152 2398 ἀσπάζεσθαι,
1182 2336 1362 2404 φιλεῖν
1386 2333 1741 2395 δικαιοσύνην
1773 2350 1787 2363 ·

394 2421 577 2490 “Amp
596 2421 668 2484 ὡς
688 2419 827 2486 οἶνος
862 2423 1107 2477 λέλεκται
1125 2424 1470 2487 διδασκαλίας
1490 2419 1647 2477 εῖναι.

462 2513 570 2565 Καὶ
592 2513 751 2581 ὀσμὴ
775 2516 1017 2583 ἱματίων
1039 2532 1153 2568 σου
1180 2515 1331 2584 ὑπὲρ
1354 2514 1548 2567 πάντα
1574 2512 1644 2567 τὰ
1666 2511 1959 2580 ἀρώματα.

398 2686 505 2738 Ἲῐν
544 2685 590 2738 δ’
621 2687 728 2740 άπὸ
752 2687 844 2740 σοῦ
873 2688 1161 2760 περιϐολὴν
1192 2689 1300 2740 τῶν
1328 2687 1557 2757 ἱματίων
1588 2687 1757 2756 φέρω,

406 2779 503 2831 Ἐκ
533 2779 640 2830 τῶν
674 2781 1098 2849 προσαγομένων
1126 2798 1227 2845 σοι,
1260 2781 1425 2849 φημὶ,
1450 2780 1831 2849 θυμιαμάτων,

394 2870 694 2939 Κρείττονα
720 2871 935 2923 πάντων
970 2873 1185 2941 ἥγημαι
1221 2873 1327 2923 τῶν
1349 2873 1655 2942 ἀρωμάτων
1691 2873 1857 2941 μόνην

460 3042 679 3110 Κηρίον
706 3043 1108 3105 ἀποστάζουσι
1138 3047 1209 3099 τὰ
1239 3048 1411 3114 χείλη
1449 3062 1586 3110 σου,
1615 3048 1838 3114 νύμφη.

398 3135 499 3185 Ἢν
526 3136 651 3203 γὰρ,
677 3138 830 3204 φησὶ,
856 3140 966 3199 τοῖς
993 3141 1201 3200 τέκνοις
1235 3155 1325 3190 σου
1369 3141 1553 3208 νέμεις
1582 3138 1951 3195 διδασκαλίαν,

402 3224 573 3294 ’Υπὲρ
606 3227 795 3295 κηρίον
824 3228 1032 3296 πέφυκε
1060 3230 1405 3297 γλυκάξουσα
1440 3232 1533 3282 καὶ
1561 3231 1704 3299 μέλι.

461 3316 610 3369 Mill
637 3317 735 3369 καὶ
766 3317 922 3385 τάλα
960 3319 1076 3373 ὑπὸ
1108 3320 1223 3387 τὴν
1252 3320 1541 3387 γλῶσσάν
1567 3340 1702 3375 σου.

390 3408 466 3458 Ui;
492 3408 621 3477 γὰρ,
647 3408 801 3477 φησὶ,
844 3411 1129 3476 μονοειδῶς
1162 3411 1252 3462 τὸν
1282 3411 1437 3479 Λόγον
1472 3414 1657 3481 νέμεις
1700 3417 1883 3480 πᾶσιν,

402 3500 563 3551 ’Λλλὰ
590 3502 924 3571 κατάλληλον
949 3504 1111 3556 παντὶ
1136 3504 1227 3555 καὶ
1251 3505 1382 3556 πᾶσι
1415 3504 1533 3557 κατ’
1557 3506 1735 3570 ἀξίαν.

390 3589 526 3650 Τοὺς
562 3591 660 3658 μὲν
702 3591 809 3660 γὰρ
853 3592 1333 3664 γαλακτοτροφεῖς,
1380 3593 1505 3655 τούς
1565 3613 1628 3663 γε
1674 3600 1939 3664 νηπιεστέ·

1691 3667 1881 3736 [ροντ’

389 3751 527 3813 Τοὺς
563 3752 607 3803 δ’
630 3748 696 3806 αὖ
737 3771 797 3822 γε
840 3755 1259 3826 μελιτοτροφεῖς,
1294 3758 1677 3821 τουτέστιτοὺς
1698 3761 1952 3824 τελείους.

473 3845 651 3912 Ὀσμὴ
686 3847 929 3913 ἱματίων
953 3864 1068 3899 σου
1096 3849 1175 3913 ὼς
1197 3848 1355 3917 ὀσμὴ
1378 3848 1645 3904 λιϐάνου.

389 3931 503 3984 Κᾶν
531 3933 835 4002 ὑπερτέραν
862 3935 1069 3987 ἀνωθεν
1097 3939 1312 3989 πάντων
1340 3938 1447 3989 τῶν
1484 3939 1810 4007 ἀρωμάτων,

388 4023 507 4074 Τῶν
539 4025 764 4092 ἱματίων
796 4025 892 4095 τὴν
921 4026 1092 4095 ὀσμὴν
1121 4024 1241 4080 εἷπε
1265 4029 1363 4097 τῆς
1400 4030 1751 4099 Ἐκκλησίας,

389 4115 525 4168 Ἀλλ’
558 4117 682 4184 ἴσην
712 4118 1025 4186 ἀπεφήνατο
1046 4118 1139 4170 νῦν
1168 4120 1266 4189 ἤδη
1294 4119 1371 4188 τῷ
1402 4120 1604 4189 λιϐάνῳ
1623 4138 1634 4149 ·

392 4208 515 4274 Εέγε
550 4210 800 4261 ἁπάντων
829 4209 1093 4278 κρείττων
1131 4206 1198 4280 ἦν
1230 4211 1340 4263 τῶν
1366 4214 1676 4281 ἀρωμάτων
1700 4206 1877 4277 οὗτος.

915 4304 1035 4357 Τῶν
1063 4312 1111 4373 γ’
1140 4307 1430 4374 Μανέρων.

463 4394 524 4445 Tl
582 4394 1038 4461 ἑνίαλλιὼθησαν
1089 4401 1311 4464 μαστοί
1371 4416 1507 4464 σου,
1562 4400 1791 4472 ἀδελφή
1831 4422 1951 4472 μου

385 4486 616 4552 rea-5.1;:

459 4579 638 4644 Ἤτοι,
668 4577 999 4648 Θαυμασίως
1042 4581 1101 4633 τὸ
1136 4581 1277 4634 θεῖον
1312 4584 1503 4646 κάλλος
1568 4587 1954 4655 περιεϐάλοντο

384 4668 445 4719 τό
474 4684 532 4719 τε
572 4671 904 4740 θεωρητικὸν
933 4671 1028 4723 καὶ
1080 4676 1381 4741 πρακτικόν
1409 4692 1524 4738 σου,
1553 4678 1620 4729 δι’
1652 4672 1724 4730 ὧν
1765 4680 1952 4751 ὥσπερ

385 4759 576 4825 μαζῶν
598 4763 658 4813 οὐ
686 4764 837 4832 παρὰ
867 4763 1048 4828 φύσιν,
1090 4765 1210 4816 οὐδὲ
1240 4767 1377 4837 ὑπὲρ
1410 4769 1594 4835 φύσιν,
1625 4771 1758 4823 ἀλλὰ
1794 4790 1949 4838 φυσι-

384 4853 493 4914 κῶς
516 4855 737 4924 τρέφεις
760 4855 939 4923 λόγοις
983 4859 1081 4909 καὶ
1110 4858 1333 4927 τρόποις
1360 4861 1495 4929 πρὸς
1521 4861 1823 4915 θεοσέϐειαν
1855 4866 1951 4929 τὰς

386 4946 519 5014 πρὸς
551 4945 745 5008 ταῦτα,
778 4942 864 4999 οἷα
900 4948 1146 5016 νηπίους,
1180 4951 1515 5020 ἐναγομένας
1536 4952 1736 5021 ψυχάς.

460 5238 519 5289 Τί
540 5237 996 5307 ἐκαλλιὼθησαν
1024 5243 1241 5307 pacto!
1271 5258 1388 5298 σου
1418 5246 1532 5299 ἀπὸ
1564 5247 1732 5300 οἴνου
1755 5250 1775 5300 !

452 5331 706 5400 Δηλονότι
737 5330 909 5386 ταῦτα
932 5332 1075 5386 οὕτω
1102 5336 1419 5404 θαυμασίως
1452 5337 1804 5409 ὡραῖσθησαν
1843 5343 1950 5393 ἀπὸ

383 5422 480 5488 τῆς
526 5421 685 5489 δίκην
736 5422 881 5474 οἴνου
935 5423 1230 5494 ἐξιστώσης
1253 5426 1392 5478 αὐτά
1444 5430 1585 5481 κατά
1619 5447 1673 5481 τε
1718 5431 1948 5499 ἄληστον

385 5512 581 5577 γνῶσιν
613 5513 709 5582 τῆς
745 5513 1004 5582 ἀληθείας
1071 5519 1164 5568 καὶ
1223 5517 1443 5586 βεὸαίαν
1490 5522 1711 5589 ἐνεργὸν
1769 5522 1950 5573 πίστιν

384 5603 473 5652 τοῦ
514 5604 721 5669 ἀγαθοῦ
742 5605 948 5673 χάριτι,
979 5607 1123 5659 θέσει
1151 5608 1415 5670 θεώσεως.
1442 5610 1722 5663 Ἐντεῦθεν
1747 5613 1803 5664 δέ
1835 5615 1950 5664 ἐστι

388 5697 639 5765 καὶοτμὴ
669 5699 897 5764 ἱματίων
921 5699 1059 5768 ὑπὲρ
1093 5700 1267 5751 πάντα
1311 5701 1379 5752 τά
1410 5702 1675 5771 ἀρώματα
1704 5720 1716 5731 '
1754 5704 1943 5771 ἱμάτια

384 5783 436 5834 δί
463 5785 555 5849 τῆς
589 5786 805 5856 νύμφης
836 5789 976 5857 άπερ
1003 5791 1029 5840 ὁ
1065 5790 1233 5858 μέγας
1259 5791 1551 5854 ἀπόστολος
1575 5793 1782 5855 Παῦλος
1822 5796 1945 5858 τοῖς

2076 1150 2193 1202 ι·ἱιιο
2223 1151 2243 1203 .'

2145 1238 2245 1294 llic
2276 1256 2486 1297 rursum
2520 1244 2708 1303 laudat
2731 1249 2928 1306 divinae
2948 1250 3213 1309 Ecclesiae
3234 1254 3488 1321 uberum,
3542 1257 3646 1333 boc

2076 1340 2185 1394 est,
2242 1332 2654 1404 diseiplinarum
2699 1339 3133 1400 incrementum.
3188 1344 3325 1400 Cum
3386 1332 3647 1403 enimut

2074 1433 2249 1479 mater
2273 1425 2565 1481 liberorum
2607 1432 3012 1501 amantissima,
3048 1452 3165 1502 eos,
3199 1439 3459 1509 populum
3491 1444 3643 1499 scili-

2073 1524 2159 1568 cet
2188 1530 2251 1568 ex
2286 1516 2541 1585 gentibus
2573 1522 2899 1588 enutritutn,
2942 1528 3009 1578 ad
3039 1529 3236 1585 divina:
3264 1533 3443 1589 aetatis
3488 1549 3642 1590 men-

2082 1619 2269 1658 suram
2309 1606 2491 1661 videat
2523 1613 2858 1679 pervenisse,
2914 1632 3014 1671 nec
3061 1622 3297 1689 amplius
3331 1624 3394 1678 in
3449 1633 3641 1681 sancta

2074 1694 2180 1748 ﬁde
2232 1695 2505 1753 balbutire
2565 1712 2659 1756 aut
2724 1703 2979 1762 luesitare
3030 1725 3044 1763 :
3088 1722 3192 1779 pro
3261 1712 3403 1769 lacte
3453 1718 3639 1771 vinum

2074 1783 2306 1839 effundit
2334 1788 2597 1855 quotidie,
2633 1792 2829 1848 altiora
2872 1795 2984 1852 illis
3012 1815 3319 1870 suggerens
3359 1796 3637 1860 insiltuta.

2073 1875 2233 1931 Prius
2273 1878 2444 1944 enim,
2505 1891 2560 1934 ut
2595 1884 2867 1951 rndiores,
2900 1888 3128 1944 docebat
3156 1907 3272 1959 eos,
3307 1904 3366 1949 ut
3413 1895 3636 1953 Patrem

2069 1975 2121 2020 et
2163 1964 2359 2023 Filium
2384 1977 2437 2025 et
2463 1970 2728 2043 Spiritum
2764 1990 3009 2034 sanctum
3065 1980 3228 2036 Deum
3254 1998 3421 2040 unum
3448 1990 3638 2043 adora-

2072 2068 2213 2111 rent.
2268 2058 2423 2124 Quod
2493 2064 2709 2133 quidem
2782 2078 2905 2122 erat
2966 2069 3129 2125 veluti
3198 2075 3459 2131 doctrinae
3524 2081 3633 2137 lac.

2068 2147 2226 2204 Nunc
2274 2163 2453 2207 autem
2513 2165 2716 2221 monet,
2769 2166 2827 2211 ut
2885 2159 3230 2229 modestiam,
3303 2170 3635 2237 castitatem,

2069 2245 2485 2309 temperantiam
2548 2248 2971 2319 amplectantur,
3037 2263 3096 2309 ut
3164 2254 3440 2324 justitiam
3511 2260 3638 2315 dili-

2066 2343 2214 2401 gant.
2283 2334 2415 2401 Quae
2490 2338 2710 2407 quidem
2772 2352 2900 2396 sunt
2983 2346 3149 2403 veluti
3229 2351 3491 2409 doctrina:
3552 2357 3634 2410 vi-

2064 2439 2216 2478 ιιυιη.

2139 2517 2206 2572 Et
2232 2521 2363 2575 odor
2399 2525 2823 2582 vestimentorum
2858 2539 3067 2585 tuorum
3098 2550 3254 2600 super
3294 2539 3470 2592 omnia
3509 2556 3634 2596 aro-

2066 2623 2229 2667 utam.

2135 2706 2308 2771 Quem
2384 2713 2524 2766 enim
2588 2729 2651 2767 ex
2722 2726 2773 2770 te
2845 2717 3289 2778 vestimentorum
3374 2728 3631 2783 amictum

2066 2812 2217 2866 gero,
2267 2818 2330 2853 ex
2385 2803 2473 2869 iis,
2533 2806 2776 2875 inquam,
2835 2810 3122 2867 sacriﬁciis
3174 2830 3293 2884 qum
3344 2819 3477 2872 Inibi
3535 2822 3633 2875 abs

2064 2897 2114 2941 te
2152 2890 2481 2961 oﬁ‘eruntur,
2524 2896 2651 2951 illud
2688 2899 2930 2959 arbitror
2982 2904 3238 2962 omnibus
3289 2912 3628 2969 smn-Atilius

2062 2991 2256 3050 praesta
2266 3000 2343 3039 re.

2132 3071 2337 3127 Fanum
2371 3077 2638 3133 distillant
2669 3081 2812 3137 labia
2856 3095 2967 3151 tua,
3006 3105 3219 3156 sponsa.

1985 3173 2028 3231 ε
2134 3162 2390 3220 Doctrina
2417 3170 2559 3223 enim
2581 3187 2685 3241 qua
2710 3178 2892 3233 nutris
2915 3179 3056 3235 ﬁlios
3081 3184 3223 3238 tuos'
3252 3184 3372 3240 lavo
3397 3194 3445 3241 et
3468 3189 3628 3245 melle

2062 3254 2274 3310 dulcior
2311 3266 2416 3314 est.

2131 3346 2305 3402 Melct
2329 3350 2412 3403 lac
2450 3352 2544 3406 sub
2574 3354 2756 3425 lingua
2789 3370 2901 3414 tua.

2130 3438 2321 3508 Neque
2377 3446 2520 3497 enim
2592 3449 2780 3503 eadem
2839 3466 3030 3509 omnes
3085 3457 3296 3515 ratione
3347 3462 3469 3523 alis.
3530 3465 3627 3519 sed

2063 3545 2159 3597 pro
2242 3548 2338 3584 sua
2424 3552 2699 3607 (plenique
2782 3553 2974 3598 natura
3053 3556 3217 3617 atque
3261 3560 3438 3608 atate.
3490 3552 3624 3609 Nam

2058 3621 2446 3681 imbecilliores
2495 3628 2634 3685 laete
2664 3634 2866 3702 pascis,
2899 3636 3064 3692 melle
3104 3649 3288 3696 autem
3330 3643 3625 3713 perfectio-

2059 3729 2166 3770 res.

2121 3909 2265 3961 Odor
2296 3909 2722 3965 vestimentorum
2764 3924 2993 3976 tuorum,
3020 3916 3154 3969 sicut
3181 3918 3310 3971 odor
3337 3920 3524 3975 thuris.

2126 3997 2261 4051 Cum
2300 3998 2559 4055 Ecclesiae
2593 4004 3056 4060 vestimentorum
3088 4008 3315 4064 odorem
3368 4015 3621 4081 superius

2055 4088 2267 4143 cunctis
2300 4093 2641 4147 aromatibus
2677 4099 3073 4163 anteposuerit,
3110 4115 3255 4154 nunc
3288 4102 3434 4156 tliuri
3479 4107 3621 4160 simi-

2056 4177 2159 4231 lem
2187 4189 2241 4233 et
2270 4195 2456 4251 parem
2486 4198 2609 4238 esse
2639 4187 2977 4252 pronuntiat.
3010 4186 3159 4244 Thus
3188 4204 3365 4246 autem
3401 4202 3484 4248 est
3506 4210 3621 4249 ont-

2055 4272 2205 4324 uium
2236 4287 2540 4328 aromatum
2570 4279 3111 4345 prmstantissimum.

2588 4366 2712 4419 Trin
2722 4386 2769 4420 nt
2825 4368 2987 4421 Palru
2997 4387 3066 4424 ιιι.

2129 4454 2297 4517 Quam
2322 4454 2554 4522 pulchra:
2578 4458 2731 4513 facta:
2758 4471 2879 4514 sunt
2913 4478 3156 4517 mamma:
3187 4472 3309 4531 tum,
3332 4481 3483 4521 soror
3508 4485 3621 4522 mea

2051 4545 2279 4609 sponsa!

2124 4635 2317 4689 Mirum
2356 4638 2408 4690 in
2442 4639 2660 4692 modum
2701 4640 2953 4708 profecto
2985 4643 3170 4698 divina
3203 4653 3334 4699 sunt
3373 4647 3617 4703 Dulchri-

2054 4729 2242 4781 tudine
2317 4733 2605 4793 decorata},
2674 4732 2974 4799 spcculatio
3033 4735 3292 4789 nimirum
3346 4748 3401 4793 et
3454 4738 3617 4805 actio,

2050 4819 2250 4884 quibus
2308 4828 2565 4886 tauquam
2632 4823 2886 4877 mammis
2937 4840 3045 4877 non
3091 4836 3285 4893 praeter
3344 4835 3617 4896 naturam,

2056 4922 2155 4960 nec
2181 4922 2346 4977 super
2380 4919 2656 4976 naturam,
2693 4914 2787 4983 sed
2845 4916 3145 4968 secundum
3198 4926 3450 4971 naturam
3494 4934 3617 4973 ver-

2061 4998 2146 5052 bis
2209 5009 2265 5052 et
2320 5001 2589 5062 moribus,
2645 5012 2899 5066 tanquam
2972 5004 3231 5070 infantes,
3291 5008 3501 5061 animas
3554 5010 3618 5062 ad

2050 5093 2312 5159 pietatem
2368 5094 2495 5158 alis,
2567 5109 2705 5164 quas
2764 5097 2817 5148 in
2872 5096 2956 5150 his
3009 5097 3372 5151 instituendas
3431 5114 3620 5157 susce-

2055 5183 2201 5250 pisti.

2129 5275 2299 5339 Quam
2330 5277 2547 5344 pulchra
2575 5277 2723 5345 facta
2760 5290 2881 5332 sunt
2916 5282 3076 5332 ubera
3116 5291 3206 5333 tua
3232 5299 3262 5335 a
3287 5282 3443 5336 vino!

2129 5357 2253 5411 llzec
2285 5362 2480 5427 quippe
2503 5367 2612 5413 tam
2649 5362 2874 5416 miriﬁce
2906 5362 3098 5417 elTecta
3130 5374 3259 5420 sunt
3299 5368 3527 5435 pulchra
3552 5384 3619 5423 ex

2056 5446 2340 5500 divinitate
2376 5448 2469 5501 tibi
2501 5451 2671 5518 gratis
2718 5467 3002 5517 concessa,
3053 5469 3081 5505 a
3131 5471 3236 5525 qua
3285 5466 3544 5527 tauquam
3588 5474 3619 5513 a

2058 5536 2184 5587 vino
2213 5536 2512 5590 eth-runtur
2549 5540 2665 5607 ipsa
2726 5551 2838 5593 tum
2904 5558 2999 5611 per
3036 5545 3313 5599 assiduam
3371 5550 3618 5605 veritatis

2059 5626 2441 5694 cognitionem,
2477 5636 2590 5681 tum
2648 5645 2743 5698 per
2777 5631 2987 5685 ﬁrmam
3040 5634 3162 5687 boni
3193 5635 3518 5692 ell‘ectriccm
3558 5638 3619 5692 ﬁ-

2056 5717 2194 5766 dem.
2236 5715 2369 5768 Ilinc
2415 5718 2577 5770 etiam
2614 5718 2938 5773 diﬂ‘unditur
2984 5723 3118 5775 odor
3167 5726 3613 5781 vestimentorum

2059 5814 2275 5858 tuorum
2321 5822 2482 5876 super
2517 5808 2699 5863 omnia
2734 5816 2998 5865 aromata.
3060 5810 3388 5869 Vestimenta
3430 5825 3610 5873 autem
