4424 6446
781 375 883 436 627

2036 374 2448 437 MICHAELIS
2503 380 2765 439 PSELIJ

3908 375 4012 440 628

783 483 907 535 mali
934 483 1118 552 punici
1154 483 1375 545 cortice,
1423 483 1720 553 discipulus
1765 485 1973 538 animas
1999 486 2338 550 cohibentes,
2373 492 2416 546 Α
2444 486 2522 556 τῷ

2268 501 2338 550 ξε,
2373 492 2416 546 Α
2444 486 2522 556 τῷ
2554 487 2612 540 δὲ
2646 487 2795 556 φόϐῳ
2822 486 2927 538 τῶν
2956 483 3332 556 ὴπειλημένων
3360 484 3630 538 κολάσεων
3667 483 3741 546 ῶς
3781 483 4015 554 λέπυρον

779 576 1006 645 spiritus
1045 577 1277 629 fructum
1325 577 1378 628 in
1431 576 1563 644 ipsis
1602 577 1668 630 ab
1697 577 1948 628 omnibus
1976 577 2340 644 p:-rturbatiu-

783 669 947 723 ilibus
995 669 1264 737 integrum
1322 678 1692 722 conservant:
1748 675 1859 719 tmn
1922 671 2342 736 promissionum

781 756 1196 824 radiisjustitiae
1229 755 1378 811 solus
1398 771 1490 809 eas
1517 755 1582 808 ad
1620 755 1925 809 futurorum
1961 759 2222 810 bonorum
2248 758 2345 810 de-

777 847 1038 900 sidcrium
1074 847 1495 910 inliammantes,
1545 847 1741 903 timore
1785 865 1942 918 quem
1973 850 2213 905 Charitas
2247 867 2344 905 ex-

777 939 927 1001 pellit
948 938 1014 1002 ‘7,
1050 949 1304 1008 tanquam
1327 939 1531 994 cortice
1559 938 1806 1007 disrupto
1838 958 1851 1003 ;
1886 940 2342 1009 quemadmodum

777 1027 994 1083 fructus
1038 1031 1302 1084 malorum
1352 1031 1672 1099 punicarum
1709 1041 1930 1099 gustum
1969 1031 2225 1094 oblectat,
2264 1035 2343 1087 sic

777 1123 974 1176 mentis
1013 1122 1249 1192 ipsarum
1294 1133 1479 1190 guttur
1521 1123 1807 1177 dulcedine
1854 1123 2210 1192 perfundunt,
2244 1142 2345 1194 gu-

777 1214 1040 1267 stautiunt
1081 1221 1133 1268 ct
1175 1213 1472 1267 videntium
1508 1214 1574 1278 ⁸⁸,
1621 1229 1844 1268 suavem
1870 1231 1992 1268 esse
2032 1215 2340 1269 Dominum.

781 1304 868 1354 lla:
910 1303 1173 1357 doctrinae
1223 1305 1403 1372 igitur,
1452 1301 1580 1357 dum
1613 1319 1639 1358 a
1667 1305 1949 1374 discipulis
1989 1321 2045 1358 re
2086 1307 2200 1374 ipsa
2235 1314 2344 1359 tra-

776 1404 996 1447 itmzur
1037 1403 1091 1450 et
1120 1395 1467 1460 excoluntur,
1499 1403 1612 1448 tum
1647 1409 1927 1462 paenarum
1962 1403 2107 1448 metu
2133 1409 2161 1446 a
2196 1395 2344 1451 vitiis

779 1497 1036 1552 purgant.
1092 1496 1202 1538 tum
1245 1500 1340 1554 spe
1378 1485 1721 1555 praemiorum
1773 1483 2070 1538 incendunt
2118 1485 2235 1540 illas
2275 1487 2340 1540 ad

768 1573 993 1638 justitie
1055 1589 1220 1643 opera
1276 1573 1701 1643 complectenda.
1771 1573 1932 1643 Cypri
1985 1591 2101 1628 cum
2153 1576 2340 1630 nardo.

779 1664 1127 1716 Diversarum
1159 1663 1409 1717 videlicet
1438 1663 1702 1716 virtutum
1739 1661 1936 1717 ﬂorens
1963 1672 2015 1717 et
2045 1666 2295 1720 mixturae
2325 1682 2340 1719 :

779 1755 878 1807 lznc
906 1765 1011 1818 est,
1049 1755 1202 1808 initia
1237 1766 1290 1809 et
1336 1755 1775 1817 commixtionis.
1819 1755 1888 1809 Ut
1919 1756 2073 1808 initia
2109 1772 2341 1826 namque

775 1849 1082 1900 subsistunt
1137 1849 1190 1900 in
1272 1847 1599 1910 animabus,
1651 1862 1771 1912 quae
1831 1848 2194 1902 instituuntur
2255 1849 2338 1903 vcl
2372 1815 2412 1870 Β

773 1935 1258 1988 counninationum
1293 1946 1438 1989 metu
1462 1936 1545 1988 vel
1576 1935 1848 1990 desiderio
1874 1937 2293 2004 promissionum
2322 1956 2338 2006 ;

777 2025 923 2078 varia
957 2025 1257 2080 secundum
1286 2027 1536 2079 virtutem
1563 2041 1759 2094 genera
1782 2028 1834 2080 in
1868 2026 2035 2081 Deum
2072 2039 2124 2083 et
2159 2030 2342 2098 proxi-

777 2132 924 2168 mum
955 2115 1258 2171 eharitatis.
1307 2116 1376 2171 Ut
1424 2119 1840 2173 commistiones
1878 2127 2080 2183 autem,
2118 2136 2342 2189 persua—

772 2206 900 2259 dent
925 2207 1032 2261 illis
1057 2217 1116 2262 ut
1145 2208 1272 2262 dum
1303 2217 1520 2277 propter
1551 2224 1700 2262 suam
1735 2224 1863 2278 erga
1902 2207 2067 2263 Deum
2101 2211 2340 2264 charita-

772 2308 877 2351 lcm
906 2313 1071 2354 carne
1101 2301 1401 2369 patiuntur,
1433 2300 1570 2354 mala
1600 2301 1904 2356 sustineant
1925 2303 1994 2356 ob
2017 2301 2337 2357 cbaritatem

770 2409 876 2462 qua
902 2394 1208 2464 proximum
1235 2395 2016 2465 amplectuntur,l:ntitiamque
2038 2396 2340 2466 percipiant

768 2502 834 2538 cx
867 2486 1047 2539 l‘utura
1080 2487 1544 2540 remuneratione.
1571 2485 1704 2539 Dum
1735 2496 1914 2540 autem
1937 2498 2158 2556 propter
2181 2502 2337 2541 suam

770 2579 824 2632 in
856 2581 1161 2647 proximum
1182 2579 1504 2632 charitatem
1522 2579 1660 2631 mala
1699 2580 1992 2643 sustinent,
2020 2579 2337 2633 charitatcm

767 2686 882 2740 pra:
913 2687 972 2726 se
1005 2671 1182 2724 lerant
1211 2686 1316 2740 qua
1348 2671 1515 2725 Deum
1552 2683 1987 2740 prosequuntur,
2025 2671 2145 2740 ejus
2189 2686 2338 2724 man-

767 2765 955 2817 datum
993 2771 1272 2818 servantes
1305 2800 1320 2823 ,
1370 2778 1476 2829 quo
1524 2764 1683 2817 nobis
1724 2763 2038 2833 prtecipitur
2073 2773 2129 2816 ut
2155 2763 2338 2832 proxi-

767 2871 916 2908 mum
973 2855 1289 2924 diligamus.
1325 2851 1416 2906 Sic
1450 2853 1618 2919 igitur
1644 2869 1856 2922 sponsa:
1897 2856 2146 2908 doelrina
2188 2854 2259 2908 sit
2285 2853 2337 2905 in

768 2945 1053 3015 discipulis
1091 2943 1290 2997 nardus
1327 2955 1376 2998 et
1393 2961 1598 2999 crocus.
1634 2944 1815 3012 ﬁstula
1853 2957 1901 2998 et
1949 2946 2338 2998 cinnamomum

768 3055 885 3093 cum
917 3039 1175 3092 universis
1202 3037 1360 3107 lignis
1397 3036 1592 3090 Libani
1618 3053 1636 3090 :
1681 3037 1732 3090 id
1769 3045 1875 3100 est,
1909 3048 2143 3106 quatuor
2167 3037 2339 3089 virtu-

2454 581 2582 647 ῥοᾶς
2636 581 2927 646 στύφοντες
2961 577 3058 640 τάς
3094 576 3541 644 μαθητευομένας
3570 574 3769 646 ψυχὰς,
3815 577 4016 643 φυλάτ-

2446 688 2595 722 τουσι
2624 670 2712 722 τον
2742 671 2797 722 ἐν
2830 670 3018 730 αὑταῖς
3052 669 3260 738 καρπὸν
3293 668 3386 719 τοῦ
3443 667 3752 735 πνεύματος
3789 666 4006 735 ἁλώδη-

2447 779 2537 813 τον
2568 760 2672 813 ἀπὸ
2721 762 2939 814 πάντων
2989 760 3096 811 τῶν
3162 758 3488 826 παραλόγων
3542 757 3730 810 παθῶν
3756 775 3769 788 ·
3807 761 3923 820 ταῖς
3952 759 4008 811 δὲ

2450 853 2630 907 ἀκτῖσι
2656 852 2760 904 τῶν
2786 851 3125 919 ἐπαγγελιῶν
3166 849 3258 902 τοῦ
3307 851 3405 917 τῆς
3437 849 3783 918 δικαιοσύνης
3827 850 4009 902 Ἡλίου

2448 945 2525 1005 είς
2575 942 2739 995 πόθον
2762 943 2868 995 τῶν
2897 940 3194 1011 μελλόντων
3225 938 3445 1006 ἀγαθῶν
3479 938 3680 1000 ταύτας
3737 937 4009 1008 καταθερ-

2452 1033 2753 1102 μαὶνοντες,
2797 1034 2886 1086 τὸν
2916 1032 3098 1102 φόϐον,
3125 1032 3198 1094 ὡς
3227 1030 3596 1102 προκάλυμμα
3615 1029 4010 1100 διαῤῥηγνύουο

2448 1141 2552 1189 σιν,
2584 1124 2688 1190 ἔξω
2713 1125 2897 1178 τοῦτον
2932 1126 3026 1194 τῆς
3070 1123 3294 1192 ἀγάπης
3343 1121 3639 1192 βαλλούσης
3675 1138 3688 1150 ·
3718 1121 3812 1174 καὶ
3843 1137 4010 1172 κατα-

2446 1215 2828 1283 γλυκαίνουσιν
2859 1215 2945 1267 τὸν
2966 1215 3154 1285 νοητὸν
3183 1213 3345 1267 αὑτὸν
3371 1214 3628 1284 φάρυγγα
3651 1212 4006 1280 γευσαμένων

2446 1311 2539 1362 καὶ
2583 1307 2952 1378 θεασαμένων,
3005 1307 3086 1358 ὅτι
3139 1305 3374 1375 χρηστὸς
3404 1306 3430 1356 ὁ
3478 1305 3702 1374 Κύριος,
3755 1301 4003 1368 καθάπερ

2447 1400 2542 1452 καὶ
2578 1399 2668 1451 τὸν
2698 1397 2951 1467 αἰσθητὸν
2981 1397 3009 1448 ὁ
3040 1397 3247 1466 καρπὲς
3293 1395 3400 1446 τῶν
3437 1395 3596 1464 ῥοῶν.
3643 1392 3923 1446 Ἐντεῦθεν
3965 1392 4007 1444 δ’

2445 1485 2594 1544 οὗτοι
2628 1489 2677 1541 οἱ
2701 1487 3072 1541 διδασκαλικοὶ
3100 1488 3246 1554 λόγοι
3275 1489 3348 1549 ὡς
3386 1489 3505 1548 ταῖς
3536 1485 4009 1556 μαθητευομέναις

2447 1580 2984 1651 πραγματευόμενοι,
3023 1579 3099 1647 τῷ
3132 1578 3278 1646 φόϐῳ
3304 1577 3410 1630 τῶν
3444 1577 3823 1646 ὴπειλημένων
3852 1575 3944 1627 κολ
3958 1577 4009 1626 i-

2447 1686 2585 1722 σεων
2610 1670 2798 1722 παθῶν
2829 1669 3115 1740 κάθαρσις,
3147 1671 3265 1730 ταῖς
3288 1667 3331 1720 δ’
3365 1667 3720 1736 ἐπαγγελίαις
3745 1667 3856 1718 τῶν
3879 1667 4004 1732 μελ-

2445 1758 2642 1811 λόντων
2673 1759 2913 1825 ἀγαθῶν,
2948 1762 3122 1828 ἔργων
3151 1758 3495 1826 δικαιοσύνης
3530 1757 3806 1825 φωτισμὸς
3835 1759 3980 1822 γίνον

2440 1867 2528 1905 ται
2576 1851 2820 1914 ταύταις.
2853 1851 3075 1916 Κύπροι
3106 1849 3253 1915 μετὰ
3280 1847 3533 1915 νάρδων
3566 1850 3703 1918 ἤτοι,
3739 1847 4006 1900 παντοίων

2441 1943 2650 2012 ἀρετῶν
2679 1942 2812 2013 ἄνθη
2839 1944 2930 1994 καὶ
2981 1943 3264 2012 κράματα,
3299 1941 3465 2010 ἀρχαὶ
3513 1940 3750 2009 δηλονότι
3778 1940 3868 1992 καὶ
3920 1939 4007 1996 iti-

2443 2034 2572 2097 ξεις.
2605 2035 2713 2086 Kal.
2744 2033 2817 2096 ὼς
2846 2033 2943 2102 μὲν
2974 2033 3138 2102 ἀρχαὶ
3168 2032 3467 2100 ὑφιστῶσιν
3513 2032 3568 2082 έν
3598 2034 3717 2092 ταῖς
3761 2031 4004 2082 διδασκο-

2445 2127 2632 2196 μέναις
2661 2125 2878 2193 ψυχαῖς,
2908 2124 2985 2193 τῷ
3018 2141 3077 2176 τε
3103 2123 3252 2192 φόϐῳ
3275 2124 3381 2175 τῶν
3409 2123 3646 2175 ἀπειλῶν
3682 2123 3773 2174 καὶ
3801 2121 3875 2190 τῷ
3909 2123 3998 2173 πό-

2441 2218 2518 2286 θῳ
2535 2217 2641 2268 τῶν
2668 2214 3027 2282 ἐπαγγελιῶν,
3054 2213 3121 2265 τά
3142 2213 3368 2282 διάφορα
3395 2215 3512 2264 κατ’
3533 2213 3732 2281 ἀρετὴν
3763 2213 3876 2280 εἴδη
3907 2211 4002 2279 τῆς

2439 2310 2518 2370 εἰς
2541 2310 2628 2361 τὸν
2651 2308 2781 2360 Θεὸν
2813 2308 2904 2359 καὶ
2949 2307 3038 2357 τὸν
3068 2306 3291 2374 πλησίον
3321 2305 3564 2374 ἀγάπηςο
3616 2306 3689 2366 ῶς
3741 2305 3794 2357 δὲ
3830 2304 4001 2373 μίξεις

2441 2399 2716 2452 πείθουσιν
2744 2400 2912 2462 αὑτάς
2942 2399 2999 2450 ὲν
3035 2398 3112 2467 τῷ
3149 2389 3377 2467 πάσχειν
3428 2398 3610 2467 σαρκὶ,
3643 2397 3726 2449 διὰ
3763 2399 3860 2465 τὴν
3919 2400 3999 2460 εἰς

2439 2493 2572 2545 Θεὸν
2597 2492 2836 2560 ἀγάπην,
2865 2490 3204 2554 ἀειεξικακεῖν
3241 2491 3326 2541 διὰ
3352 2490 3448 2559 τὴν
3482 2491 3616 2558 πρὸς
3654 2491 3742 2541 τὸν
3776 2489 3999 2557 πλησίον

2440 2585 2682 2653 ἀγάπην,
2722 2584 2812 2634 καὶ
2856 2580 3238 2648 εὐφραίνεσθαι
3270 2579 3356 2632 διά
3391 2579 3487 2647 τὴν
3514 2579 3810 2646 μέλλουσαν
3847 2580 4002 2646 μισθ-

2439 2675 2693 2727 απόδοσιν
2725 2691 2739 2703 ·
2789 2675 2846 2725 ἐν
2872 2673 2926 2725 δὲ
2980 2671 3058 2740 τῷ
3090 2670 3431 2734 ἀνεξικακεῖν
3479 2671 3564 2722 διὰ
3614 2673 3711 2738 τὴν
3748 2672 3824 2732 εἰς
3875 2669 3997 2721 τοῦ-

2439 2786 2531 2821 τον
2558 2766 2798 2835 ἀγάπην,
2821 2767 2919 2834 τὴν
2951 2767 3028 2824 εἰς
3062 2765 3192 2816 Θεὸν
3217 2764 3436 2833 ἀγάπην
3466 2762 3854 2822 ἐνδείκνυσθαι,
3907 2763 3996 2814 διά

2438 2865 2537 2934 τὴν
2559 2865 2787 2932 τήρησιν
2823 2861 2918 2928 τῆς
2949 2859 3112 2912 αὑτοῦ
3145 2860 3383 2927 ἐντολῆς,
3411 2860 3528 2928 ἥτις
3559 2859 3673 2910 ἐστὶ
3699 2857 3757 2909 τὸ
3781 2859 3999 2926 ἀγαπᾷν

2437 2957 2528 3008 τὸν
2589 2955 2837 3023 πλησίον.
2898 2952 3207 3005 Κάντεῦοεν
3235 2953 3283 3003 οι
3327 2951 3603 3020 εἰρημένοι
3637 2949 4000 3001 διδασκαλικοὶ

2438 3047 2587 3114 λόγοι
2614 3046 2852 3113 γίνονται
2881 3046 3000 3106 ταῖς
3033 3043 3441 3111 διδασκομέναις
3470 3039 3682 3106 νάρδος
3718 3039 3815 3092 καὶ
3865 3042 3998 3104 κρό-

769 3141 851 3184 tes
892 3129 1200 3200 prtecipum,
1241 3143 1363 3182 cum
1399 3128 1505 3182 illis
1535 3126 1792 3182 omnibus
1822 3142 1943 3196 quae
1976 3127 2109 3194 ipsis
2150 3126 2330 3192 subje-
2358 3149 2401 3207 ρ
2435 3152 2516 3189 κο,

2251 3128 2330 3192 10-
2358 3149 2401 3207 C
2435 3152 2562 3201 κος,
2588 3131 2853 3200 κάλαμος
2877 3131 2973 3182 καὶ
3002 3128 3379 3198 κιννάμωμον
3404 3129 3554 3197 μετὰ
3611 3127 3852 3180 πάντων
3893 3129 3998 3190 ξύ·

766 3234 866 3278 ειιῐε
927 3231 1075 3286 sunt,
1137 3221 1499 3291 plantatteque
1552 3222 1603 3272 in
1653 3218 1984 3274 sublimitate
2037 3217 2156 3272 lidei
2205 3233 2330 3286 erga

769 3315 958 3378 Deum,
1000 3322 1256 3382 tanquam
1281 3312 1332 3364 in
1358 3318 1543 3365 monte
1561 3311 1771 3365 Libani.
1795 3309 1897 3364 Per
1926 3308 2154 3361 nardum
2186 3310 2329 3362 enim

769 3408 823 3460 in
855 3421 958 3475 qua
991 3414 1236 3459 aromata
1285 3403 1433 3457 varia
1475 3403 1904 3457 conuniscentur
1931 3442 1945 3464 ,
1990 3401 2330 3468 prudentiam

766 3496 1142 3567 intelligimus,
1203 3495 1254 3547 in
1328 3507 1432 3562 qua
1487 3494 1750 3545 virtutum
1797 3490 2039 3543 omnium
2092 3490 2330 3544 ratioaes

767 3586 1080 3642 summatim
1140 3583 1506 3638 continentur.
1569 3580 1671 3634 Per
1729 3593 1948 3632 crocum
2007 3587 2184 3631 autem
2238 3577 2329 3646 qui

767 3679 999 3733 mediam
1049 3679 1190 3732 inter
1240 3674 1591 3744 [rigiditatem
1644 3679 1700 3725 et
1744 3671 2076 3724 caliditatem
2122 3669 2331 3723 obtinet

767 3771 900 3832 vim,
963 3781 1016 3824 et
1067 3769 1356 3835 utriusque
1412 3762 1654 3818 excludit
1709 3770 1948 3816 extren'ia
1991 3801 2005 3826 ,
2066 3760 2330 3828 justitiam

765 3862 1090 3932 accipimus,
1122 3873 1243 3929 quae
1269 3855 1516 3912 defectus
1550 3863 1604 3909 et
1631 3868 1888 3909 excessus
1935 3853 1988 3906 in
2038 3851 2332 3907 virtutibus

765 3956 925 4025 l‘ugit.
967 3953 1070 4008 Per
1114 3951 1329 4006 dulcem
1380 3961 1512 4002 vero
1552 3944 1745 3999 calami
1781 3944 2019 4000 ﬁstulam
2046 3958 2167 4011 quae
2198 3940 2330 3994 levis

764 4056 850 4101 est
882 4054 936 4100 et
970 4045 1023 4099 iu
1053 4042 1289 4098 sublime
1318 4038 1473 4093 facile
1511 4037 1740 4102 tollitur,
1770 4035 2127 4105 temperantia
2167 4031 2334 4101 signi-

767 4143 961 4192 ﬁcatur
999 4150 1166 4205 τίμιαι
1210 4141 1442 4187 mentem
1493 4129 1640 4199 gravi
1689 4142 1963 4196 corporea:
2019 4123 2331 4195 cupiditatis

765 4247 932 4285 onere
989 4228 1256 4292 sublevat,
1315 4237 1544 4292 eamque
1586 4221 1655 4275 ad
1694 4220 1955 4290 Spiritalia
1996 4230 2047 4274 et
2086 4219 2329 4272 caelestia

748 4323 1048 4384 sublimem
1086 4318 1248 4380 tollit,
1288 4327 1586 4381 eorumque
1619 4312 1787 4381 replet
1816 4312 2100 4365 suavitate.
2134 4309 2202 4362 At
2236 4324 2331 4380 per

763 4417 1165 4468 cinnamomum
1201 4406 1360 4476 cujus
1395 4416 1588 4458 natura
1618 4412 1700 4456 est
1735 4402 1909 4457 calida
1941 4412 2102 4472 atque
2127 4401 2329 4470 jucun-

2433 3231 2558 3281 λων
2595 3224 2703 3278 τοῦ
2734 3222 2987 3277 Λιϐάνου
3015 3237 3027 3251 ⁸
3051 3221 3237 3290 ἤγουν,
3261 3221 3523 3287 τέσσαρες
3560 3223 3773 3286 γενικαὶ
3807 3221 4000 3288 ἀρεταὶ

2434 3315 2574 3386 μετά
2598 3313 2787 3366 πασῶν
2818 3312 2921 3365 τῶν
2955 3311 3044 3363 ὑπ’
3080 3312 3249 3372 αὑτὰς
3282 3311 3522 3380 μερικῶν
3559 3310 3664 3362 τῶν
3711 3311 3992 3379 φυομένων

2432 3415 2488 3461 ἐν
2524 3409 2602 3478 τῷ
2641 3407 2761 3476 ὕψει
2787 3407 2883 3473 τῆς
2905 3405 2982 3467 εἰς
3009 3404 3139 3456 Θεὸν
3165 3407 3416 3468 πίστεως,
3445 3398 3530 3455 οἷα
3585 3404 3698 3473 δρει
3745 3405 3996 3457 Λιϐάνου.

2433 3503 2540 3555 Καὶ
2570 3502 2676 3572 γάρ
2700 3498 2893 3567 νάρδον
2921 3496 3017 3564 μέν
3041 3512 3195 3564 φησι,
3230 3497 3328 3566 τὴν
3355 3495 3430 3558 ὡς
3461 3495 3733 3563 διαφόρων
3765 3497 3996 3566 ἀρωμά-

2433 3608 2538 3642 των
2568 3589 2815 3658 μίγματα
2868 3583 3110 3645 ένοειδῶς
3140 3583 3408 3652 φέρουσαν
3439 3584 3625 3637 πασῶν
3655 3586 3763 3638 τῶν
3788 3586 3998 3654 ἀρετῶν

2433 3680 2558 3740 τοὺς
2589 3678 2781 3744 λόγους
2815 3676 3076 3744 φρόνησιν
3098 3690 3112 3704 ·
3146 3674 3343 3742 κρόκον
3369 3674 3447 3738 δὲ,
3477 3673 3550 3735 ῶς
3596 3675 3774 3743 μέσως
3808 3676 3997 3743 ἔχοντα

2433 3767 2644 3838 ψύξεως
2678 3784 2736 3819 τε
2785 3765 2877 3818 καὶ
2918 3765 3247 3833 θερμότητος
3274 3804 3288 3828 ,
3340 3764 3433 3816 καὶ
3487 3765 3584 3834 τὴν
3635 3765 3719 3832 ἐφ’
3763 3765 3998 3834 ἑκάτερα

2435 3860 2700 3929 ἀμετρίαν
2754 3857 3110 3926 ἐκφεύγοντα,
3149 3857 3246 3926 τὴν
3296 3857 3394 3918 τὰς
3454 3857 3720 3923 ἐλλείψεις
3769 3857 3861 3908 καὶ
3901 3859 3998 3919 τὰς

2441 3948 2750 4018 ὑπερϐολὰς
2800 3949 2912 3999 τῶν
2973 3945 3183 4011 ἀρετῶν
3268 3945 3748 4015 διαδιδράσκουσαν
3799 3943 3998 3996 δικαιο-

2433 4041 2626 4110 σύνηνο
2685 4038 2927 4107 κάλαμον
2986 4035 3064 4098 δὲ,
3108 4037 3398 4104 γλυκεῖαν,
3457 4037 3530 4098 ὡς
3588 4035 3832 4104 κούφην,
3905 4037 3997 4087 καὶ

2431 4133 2510 4193 εἰς
2564 4129 2694 4198 ὕψος
2754 4127 2954 4188 ἱκανῶς
3016 4127 3418 4197 ἀνατρέχονσαν
3471 4127 3570 4195 τὴν
3605 4128 3994 4195 σωφροσύνην·

2431 4223 2549 4293 ἥτις
2599 4218 2861 4290 σαρκικοῦ
2926 4218 3121 4288 βάρους
3187 4218 3286 4288 τὴν
3357 4217 3648 4287 ἐπιθυμίαν
3724 4217 3991 4284 κουφίζει,

2435 4314 2527 4365 καὶ
2577 4312 2700 4380 ὑψσί
2750 4309 2884 4381 πρὸς
2945 4309 3013 4360 τά
3062 4309 3404 4378 πνευματικά
3462 4308 3554 4359 καὶ
3625 4307 3865 4374 οὐράνια.
3902 4309 3994 4359 καὶ

2433 4405 2531 4472 τῆς
2605 4402 2808 4454 τούτων
2891 4399 3223 4469 γλυκύτητος
3295 4399 3386 4450 τὸν
3445 4399 3566 4450 νοῦν
3642 4399 3994 4468 ἐμφορεῖσθαι

763 4506 854 4567 ὼ,
915 4500 1249 4558 fortitudinis
1292 4497 1476 4552 divino
1527 4494 1644 4547 zelo
1680 4494 1942 4548 adversus
1994 4494 2326 4561 impietatem
2365 4503 2406 4556 [ι
2435 4513 2502 4553 πο

2247 4508 2326 4546 em
2365 4503 2406 4556 [ι
2435 4497 2611 4553 ποιεῖ·
2654 4496 2747 4547 καὶ
2780 4492 3119 4561 κινάμωμον.
3156 4491 3230 4552 ὡς
3262 4489 3460 4560 θερμὸν
3491 4490 3582 4542 καὶ
3605 4489 3724 4556 ἡδὺ,
3754 4491 3850 4559 τὴν
3869 4490 3994 4558 θείῳ

767 4608 928 4666 atque
955 4594 1202 4648 militiam
1248 4590 1489 4644 ardentis
1534 4588 1702 4643 robur
1732 4587 2025 4640 indicatur.
2069 4583 2178 4638 Nec
2209 4600 2333 4638 vero

765 4702 981 4756 sponsae
1022 4683 1282 4737 doctrinm
1316 4681 1368 4735 iu
1404 4678 1690 4749 discipulis
1715 4679 1824 4731 liazc
1865 4677 2020 4741 ﬁunt,
2062 4676 2155 4731 sed
2189 4691 2330 4744 myr-

768 4781 862 4831 rha
891 4793 1091 4847 quoque
1123 4786 1170 4830 et
1215 4773 1328 4827 aloe
1357 4789 1478 4826 cum
1509 4772 1748 4826 omnibus
1787 4772 1972 4840 primis
2009 4771 2284 4838 unguentis
2312 4784 2330 4821 :

769 4873 870 4923 hoc
915 4879 1018 4930 est,
1055 4865 1290 4921 carnalis
1329 4879 1528 4919 sensus
1572 4878 1758 4918 earum
1805 4861 2153 4915 mortiﬁcatio
2204 4873 2325 4912 cum

767 4959 1022 5015 oinnibus
1047 4958 1235 5026 primis
1266 4954 1501 5024 Spiritus
1539 4953 1713 5008 sancti
1749 4951 2084 5013 muneribus,
2115 4949 2324 5002 animas

771 5061 1168 5120 tinguentorum
1206 5048 1378 5101 instar
1404 5045 1794 5100 recreantibus.
1824 5042 1937 5099 Nisi
1966 5043 2109 5097 enim
2147 5041 2325 5093 anima

769 5145 945 5210 sapiat
977 5156 1038 5193 ea
1091 5155 1210 5208 qua:
1243 5149 1370 5190 sunt
1419 5137 1666 5204 spiritus,
1710 5142 1763 5188 et
1797 5133 2145 5188 sanctissima
2179 5131 2326 5184 illius

768 5235 908 5287 dona
954 5231 1234 5298 suscipiat,
1288 5229 1518 5290 timoris,
1567 5227 1810 5293 inquam,
1854 5223 2214 5284 fortitudinis,
2273 5227 2328 5272 et

769 5322 1004 5383 consilii,
1042 5331 1095 5374 et
1126 5320 1398 5378 scientiae,
1432 5331 1482 5371 ct
1514 5316 1861 5384 cognitionis,
1900 5323 1954 5368 et
1991 5314 2323 5374 intellectus,

767 5425 822 5470 et
849 5412 1124 5481 sapientia:
1157 5427 1171 5476 ;
1201 5411 1436 5462 carnalis
1463 5423 1657 5461 sensus
1683 5405 2176 5465 mortiﬁcationem,
2209 5417 2326 5471 qua:

770 5519 866 5574 per
890 5503 1229 5572 myrrhamet
1253 5501 1453 5559 aloem,
1484 5499 1683 5566 quibus
1715 5497 2051 5550 aromatibus
2077 5505 2324 5548 mortuo-

768 5607 886 5646 rum
941 5603 1168 5657 corpora
1215 5588 1565 5651 condiuntur,
1621 5587 1956 5656 intelligitur,
2010 5600 2119 5640 non
2171 5600 2320 5640 assc-

770 5764 970 5818 "Joan
1045 5781 1116 5828 tv,
1175 5763 1256 5817 18.
1358 5765 1400 5796 ⁸³
1453 5763 1599 5822 Psal.
1657 5780 1850 5828 xxxiii,
1919 5767 1972 5818 9.

2436 4585 2582 4655 ζήλῳ
2613 4583 2959 4653 πυρουμένην
2995 4581 3133 4633 κατά
3163 4579 3417 4640 ἀσεϐείας
3451 4579 3543 4632 καὶ
3572 4579 3766 4634 κακίας
3789 4579 3995 4646 ἀνδρεί-

2433 4694 2498 4728 αν
2518 4692 2532 4706 ·
2573 4675 2606 4744 ἣ
2635 4675 2727 4727 καὶ
2753 4674 2907 4744 ἡδεῖά
2938 4675 3052 4724 ὲστι
3081 4672 3167 4723 διὰ
3223 4670 3316 4722 τοῦ
3358 4671 3559 4732 παντὸς
3591 4669 3761 4722 καλοῦ
3833 4671 3996 4737 {map-

2433 4762 2812 4831 αγωνίζεσθαι.
2837 4762 2910 4814 Οὐ
2931 4761 3091 4826 μόνον
3131 4758 3188 4812 δὲ
3219 4757 3390 4810 ταῦτα
3416 4760 3534 4819 ταῖς
3588 4756 3996 4825 διδασκομὲναις

2429 4855 2476 4905 οἱ
2523 4850 2890 4904 διδασκαλικοὶ
2946 4849 3091 4915 λόγοι
3140 4848 3236 4916 τῆς
3293 4847 3509 4916 νύμφης
3551 4847 3804 4914 γίνονται,
3862 4847 3994 4899 ἀλλὰ

2430 4945 2665 5011 σμύρνα
2708 4943 2802 4996 καὶ
2835 4943 2986 5007 άλόη
3038 4942 3185 5011 μετὰ
3245 4939 3484 4993 πάντων
3535 4938 3651 4992 τῶι·
3709 4939 3989 5006 πρώτων·

2432 5035 2572 5103 ἦτοι,
2608 5033 2870 5101 νέκρωσις
2919 5031 3013 5082 τοῦ
3075 5031 3335 5100 σαρκικοῦ
3391 5030 3591 5082 τούτων
3651 5034 3991 5099 φρονήματος

2436 5123 2572 5193 μετὰ
2591 5123 2808 5175 πάντων
2836 5122 2942 5172 τῶν
2969 5121 3198 5190 πρῶτων
3221 5122 3328 5172 τῶν
3349 5120 3817 5188 ψυχαγωγούντων
3839 5121 3990 5188 δίκην

2437 5215 2621 5283 μύρων
2662 5212 3017 5282 χαρισμάτων
3051 5212 3141 5262 τοῦ
3172 5212 3503 5278 ῐΙνεύματος.
3538 5212 3597 5262 Εἰ
3639 5212 3710 5280 μὴ
3729 5211 3834 5280 γάρ
3862 5229 3990 5277 φρο-

2431 5307 2566 5375 νὴση
2623 5306 2896 5372 πάντωςὴ
2956 5302 3099 5372 ψυχὴ
3149 5303 3216 5354 τά
3260 5304 3350 5356 τοῦ
3403 5303 3734 5370 Πνεύματος,
3786 5304 3877 5354 καὶ
3923 5304 3989 5354 τὰ

2429 5397 2670 5462 πανάγια
2700 5396 2890 5447 τούτου
2927 5395 3144 5464 δέξηται
3207 5394 3541 5462 χαρίσματα,
3573 5395 3632 5445 τὸ
3679 5394 3770 5444 τοῦ
3823 5394 3985 5460 φὸενιυ

2433 5490 2576 5561 φημὶ
2611 5491 2704 5545 καὶ
2750 5489 2812 5542 τὸ
2842 5489 2938 5556 τῆς
2967 5487 3167 5555 ἰσχύος,
3206 5489 3298 5539 καὶ
3325 5486 3383 5538 τὸ
3416 5487 3512 5552 τῆς
3541 5486 3754 5554 βουλῆς,
3791 5485 3880 5536 καὶ
3931 5487 3988 5535 τὸ

2432 5583 2528 5652 τῆς
2580 5581 2925 5648 ἐπιστήμης,
2989 5579 3081 5630 καὶ
3155 5579 3214 5630 τὸ
3267 5577 3363 5646 τῆς
3420 5574 3714 5643 γνώσεως,
3778 5578 3866 5626 καὶ
3929 5577 3987 5626 τὸ
