4424 6446
414 407 523 470 629

418 522 517 590 τῆς
592 519 855 580 συνέσεως
891 557 905 579 ,

430 612 695 682 σαρκικοῦ
762 610 1110 681 φρονήματος
1178 609 1275 663 οὐκ
1355 611 1656 680 ἐνεργεῖται
1709 612 1742 681 ἡ
1787 610 1992 681 νέκρωσ-

418 721 547 767 σις·
631 697 699 773 ἧς
748 701 1019 771 δηλωτικά
1087 703 1119 770 ἡ
1177 702 1387 771 σμύρνα
1462 702 1558 754 καὶ
1620 704 1651 770 ἡ
1702 703 1857 770 ἀλόη,
1917 702 1991 763 ὡς

415 796 629 865 νεκρῶν
663 796 929 865 σωμάτιον
961 796 1417 863 ἀρωματίσματα.
1481 788 1639 847 Οὗτοι
1664 794 1720 846 δὲ
1750 795 1797 846 oi
1845 794 1992 861 λόγοι

416 890 536 950 ταῖς
567 886 983 955 διδασκομέναις
1021 885 1129 937 εἰσὶ
1156 885 1251 938 καὶ
1284 886 1447 955 πηγὴ
1483 887 1715 952 κήπων,
1751 886 1826 949 ὡς
1861 902 1994 956 προ-

420 980 635 1047 χέοντες
662 979 760 1049 τὴν
796 978 1128 1049 ἀρδεύουσαν
1158 979 1381 1045 γνῶσιν,
1438 980 1535 1039 τὰς
1566 974 1653 1029 οἷά
1695 996 1813 1031 τινα
1850 976 1994 1044 φυτὰ

422 1071 837 1139 πεφυτευμένας
886 1073 945 1124 ὲν
1000 1071 1191 1133 αὑταῖς
1266 1070 1563 1133 πολυειδεῖς
1615 1069 1838 1141 ἀρετάς.
1884 1068 1995 1122 Καὶ

421 1162 607 1231 φρέαρ
644 1162 861 1227 ὓδατος
889 1160 1124 1225 ζῶντος,
1179 1161 1277 1215 καὶ
1306 1159 1650 1229 ροιζοῦντος
1711 1159 1831 1213 ἀπὸ
1887 1158 1993 1211 τοῦ

423 1254 681 1308 Λιϐάνου
709 1269 721 1281 ·
753 1255 941 1324 ἡγουν,
987 1253 1149 1323 βάθος
1188 1254 1337 1315 θείας
1367 1252 1462 1306 καὶ
1514 1249 1748 1314 ἀειζώου
1800 1250 1993 1318 σοφίας

423 1343 659 1413 ἡκούσης
694 1342 1087 1405 διδασκαλικῶς
1143 1341 1211 1395 τά
1242 1345 1355 1404 τοῖς
1421 1341 1636 1402 πολλοῖς
1685 1338 1996 1407 ἀδιεξίτητα

422 1435 541 1488 θεῖα
573 1436 869 1505 μυστήρια,
902 1435 1092 1504 ὥσπερ
1134 1434 1244 1487 ἀπὸ
1281 1433 1514 1487 Λιὸάνου
1569 1430 1663 1485 τοῦ
1699 1430 1867 1500 ὕψους
1897 1430 1995 1498 τῆς

422 1528 500 1588 είς
537 1526 670 1579 Θεὸν
710 1527 965 1588 πίστεως.
1011 1526 1166 1578 Ἐπεὶ
1212 1524 1269 1577 δὲ
1329 1524 1655 1595 παράδεισον
1712 1524 1837 1586 τοὺς
1896 1521 1994 1591 τῆς

420 1616 641 1685 νύμφης
688 1616 1101 1680 διδασκαλικοὺς
1135 1615 1323 1683 λόγους
1351 1617 1378 1668 ὁ
1404 1615 1633 1684 νυμφίος
1659 1616 1899 1683 εἷρηκεν,
1921 1612 1997 1675 ὡς

418 1706 716 1775 δεδήλωται
744 1727 755 1740 ·
786 1709 959 1778 κῆπος
984 1710 1041 1763 δέ
1075 1712 1223 1763 ἐστιν
1256 1714 1282 1764 ὁ
1336 1712 1685 1780 παράδεισος,
1736 1710 1811 1772 ὡς
1862 1726 1997 1761 παν-

419 1798 580 1851 τοίων
616 1801 801 1867 φυτῶν
857 1803 1091 1872 χωρίον·
1153 1804 1328 1872 κῆπος
1362 1795 1470 1872 ἀρα
1526 1804 1625 1873 τῆς
1684 1802 1905 1872 νύμφης
1939 1803 1994 1854 αί

1399 402 1778 462 εολιλιΕΝΤ.
1818 403 1896 461 ΙΝ
1925 404 2314 466 CANTICUM
2342 406 2638 466 CANTIC.

965 518 1055 571 καὶ
1099 517 1157 569 τὸ
1212 517 1306 585 τῆς
1362 519 1553 586 σοφίας
1591 557 1606 580 ,
1666 517 1839 580 ἄλλως
1894 518 1987 571 τοῦ
2018 523 2064 580 Α
2093 530 2310 589 quetur.
2345 520 2467 575 lltcc
2511 534 2712 591 sponsa

1917 518 1987 571 τοῦ
2018 523 2064 580 Α
2093 530 2310 589 quetur.
2345 520 2467 575 Ilaec
2511 534 2728 591 sponsa:
2767 521 3013 576 instituta
3043 529 3096 575 ct
3124 517 3428 590 disciplina:
3466 521 3518 575 in
3545 522 3664 575 aui-

3560 404 3666 469 630

2096 612 2288 667 mubus
2309 613 2431 666 illas
2454 614 2830 669 excolentihus
2857 612 2992 667 lluut
3016 612 3180 668 etiam
3204 612 3323 681 fons
3352 612 3622 665 hortorum
3646 627 3666 666 :

2096 708 2218 759 inde
2269 712 2412 761 enim
2471 712 2708 777 cognitio
2786 710 2995 775 delituit,
3101 725 3209 779 qua
3248 709 3416 764 varia:
3457 709 3513 763 ln
3560 709 3668 764 illis

2095 812 2351 869 tauquam
2392 803 2609 869 plattltl',
2644 804 2821 858 insit:e
2852 803 3083 857 virtutes
3118 802 3431 871 irrigantur.
3468 799 3533 853 Et
3569 816 3668 867 pu-

2094 902 2206 945 teus
2239 909 2389 963 aqua:
2413 894 2648 952 viventis.
2685 903 2734 947 et
2764 912 2881 947 cum
2911 896 3135 963 strepitu
3158 895 3220 947 de
3250 892 3450 946 Libano
3476 893 3666 946 decur-

2094 986 2253 1039 rentis
2272 1001 2289 1038 :
2316 984 2366 1038 id
2399 995 2501 1049 est,
2520 1000 2585 1039 ex
2618 985 2986 1054 profunditate
3012 987 3209 1041 divina:
3238 1000 3300 1038 ac
3325 986 3669 1054 sempiterna:

2096 1081 2380 1148 sapientiae
2438 1080 2771 1146 resonantis,
2826 1089 2881 1133 et
2931 1078 3244 1135 docentium
3295 1091 3447 1131 more
3485 1077 3667 1129 divina

2096 1172 2349 1242 mysteria
2388 1173 2548 1241 vulgo
2579 1170 3003 1241 inexplicabilia,
3037 1180 3291 1241 tanquam
3332 1169 3399 1223 de
3431 1167 3665 1229 Libano,

2094 1261 2160 1315 de
2181 1261 2511 1317 sublimitate
2541 1261 2799 1331 injDeum
2825 1261 2947 1315 lldei
2971 1260 3362 1330 depromcntis,
3396 1258 3667 1324 Quoniam

2094 1355 2275 1401 autem
2332 1363 2548 1418 sponsae
2591 1364 2876 1404 sermones
2916 1360 3078 1418 atque
3117 1356 3386 1419 prmcepta
3432 1362 3669 1418 sponsus

2096 1438 2311 1492 hortum
2339 1477 2354 1502 ,
2402 1447 2460 1491 ut
2498 1440 2831 1494 declaratum
2867 1450 2975 1507 est,
3026 1440 3367 1510 nuncupavit
3409 1457 3425 1506 ;
3476 1439 3669 1493 hortus

2095 1545 2222 1583 vero
2248 1538 2331 1584 est
2363 1531 2671 1600 paradisus,
2700 1540 2951 1601 tanquam
2994 1534 3334 1589 diversarum
3358 1532 3669 1601 plantarum

2095 1621 2250 1675 locus
2287 1638 2301 1685 ;
2354 1622 2549 1677 hortus
2584 1638 2803 1693 sponsae
2834 1626 3255 1693 profectosunt
3286 1624 3481 1678 anima;
3510 1623 3671 1677 disci-

2096 1711 2258 1779 plinis
2296 1710 2416 1779 ejus
2448 1714 2674 1769 consita:
2695 1722 2857 1783 atque
2891 1715 3115 1771 eruditae
3139 1757 3153 1782 ,
3183 1730 3277 1785 per
3307 1728 3446 1784 quas
3464 1728 3525 1768 ea
3548 1726 3671 1783 qua:

2099 1800 2243 1854 dicta
2275 1808 2425 1861 sunt,
2453 1804 2635 1858 studet
2676 1805 2955 1873 perlicere.

423 1894 828 1961 πεφυτευμέναι
855 1894 962 1946 είσὶ
993 1893 1163 1963 ψυχαὶ
1195 1884 1307 1961 τοῖς
1358 1896 1756 1957 διδασκαλικοῖς
1789 1892 1990 1961 ταύτης
2029 1887 2229 1969 λόγοις,
2296 1890 2365 1943 δι’
2394 1884 2469 1944 ὧν
2502 1892 2803 1949 σπεύδουσα
2849 1894 2916 1947 τά
2947 1894 3071 1964 ἑξῆς
3137 1894 3405 1966 εἰρημένα
3469 1894 3669 1947 ἀποτε-

419 1981 474 2033 λέ
485 1998 592 2035 σαι’

505 2079 900 2148 Ἑξεγέρθητι,
937 2082 1153 2152 βορῤᾶ,
1187 2085 1279 2139 καὶ
1310 2084 1377 2138 τὰ
1412 2083 1557 2153 ἑξῆς.

1078 2369 1278 2421 Vallo
1288 2367 1319 2419 ῦ
1330 2407 1341 2420 .

502 2452 767 2524 Ἐπείπερ
796 2454 1098 2509 ἐπελάϐετο
1133 2458 1351 2520 πάντως
1385 2460 1483 2527 τῆς
1514 2458 1781 2523 ἐξουσίας.

449 2543 494 2593 Η
534 2545 833 2615 Ἐκκλησία
860 2548 951 2600 τοῦ
983 2549 1119 2601 Θεοῦ
1150 2552 1323 2619 κῆπος
1354 2550 1741 2617 ὀνομασθεῖσα,

426 2633 605 2701 ’ἔχων
635 2636 894 2689 ἀπάντων
925 2637 1035 2690 τῶν
1066 2639 1252 2705 φυτῶν
1278 2640 1336 2691 ἐν
1370 2640 1535 2708 ἑαυτῇ
1567 2642 1665 2708 τὴν
1704 2639 1877 2708 ὥραν,

422 2725 528 2777 Ὶόῦ
564 2727 660 2794 μὲν
699 2730 870 2799 βορρᾶ
894 2729 992 2798 τὴν
1033 2731 1293 2784 κάκιστον
1323 2731 1623 2801 ἔμπνευσιν
1646 2732 1923 2800 ἀφορίσαι,

420 2816 530 2882 Τὴν
563 2818 1097 2888 ἀποκρυσταλλῶσαν
1130 2823 1189 2874 τὸ
1216 2823 1410 2886 κάλλος
1455 2824 1563 2875 τῶν
1589 2823 1817 2875 ἀνθέων·

422 2907 524 2958 ἰ’δν
563 2909 713 2961 νότον
740 2911 796 2963 δὲ
824 2912 913 2963 τὸν
961 2912 1247 2966 κάλλιστον
1281 2917 1565 2985 προσαιτεῖ
1598 2915 1847 2967 πνεῦσαι·

429 3002 522 3061 Ὃς
553 3002 893 3061 ἐπιπνεύσας
923 3006 982 3055 ὲν
1010 3004 1147 3056 Σιὼν
1174 3008 1286 3067 τοῖς
1314 3006 1633 3067 ἀποστόλοις
1663 3006 1852 3069 πάλαι,

435 3091 712 3159 Ῥεύματα
731 3094 902 3160 λόγων
921 3096 1119 3148 δέδωκε
1140 3099 1249 3157 τοῖς
1271 3097 1586 3160 ἀποστόλοις
1605 3100 1773 3168 χέειν.

436 3181 642 3234 Ἐκεῖνο
674 3183 731 3235 τὸ
756 3186 1020 3250 πανάγιον
1044 3186 1279 3256 τοίνυνή
1314 3187 1497 3256 νύμφη
1532 3186 1756 3255 Πνεῦμα

425 3274 594 3326 Καλεῖ
637 3276 772 3343 πρὸς
810 3278 986 3346 κῆπον
1026 3278 1226 3345 ἑαυτῆς
1274 3278 1508 3331 πνεῦσαι
1559 3282 1659 3349 τὴν
1696 3280 1995 3350 σωτηρίαν,

432 3365 522 3427 Ὦς
554 3366 621 3419 ἄν
648 3370 1144 3438 καρποφορήσωσιν
1172 3369 1350 3423 πάντα
1372 3370 1440 3423 τά
1465 3370 1630 3424 τέκνα
1661 3371 1887 3440 ταύτης,

424 3460 531 3511 Καὶ
559 3460 653 3511 τὸν
680 3460 913 3529 Χριστὸν
944 3462 1253 3528 εὐφράνωσι
1290 3462 1380 3515 τὸν
1410 3464 1581 3530 Λόγον
1616 3462 1712 3516 καὶ
1741 3464 1992 3532 νυμφίον.

436 3550 590 3601 Ἐπεὶ
610 3550 740 3617 γοῦν
772 3551 799 3603 ὅ
830 3551 1173 3615 κεκέλευκεν,
1209 3555 1287 3615 είς
1321 3552 1481 3623 ἔργον
1516 3554 1784 3621 ἐγεγόνει,

424 3644 535 3695 Καὶ
569 3644 659 3695 τὸν
707 3642 917 3714 βορρᾱν
955 3646 1258 3715 σιγήσαντα
1288 3645 1536 3698 κατεῖδεν
1565 3646 1597 3715 ὴ
1632 3645 1922 3715 παρθένος,

426 3734 534 3788 Καὶ
568 3735 877 3789 πνεύσαντα
909 3738 999 3789 τὸν
1030 3737 1317 3790 κάλλιπον
1341 3736 1509 3800 ὅντως
1540 3739 1633 3791 καὶ
1656 3737 1797 3790 θεῖον
1824 3739 1995 3806 νότον,

424 3826 532 3878 Καὶ
564 3828 890 3897 καρποφόρα
919 3828 1171 3894 δείξαντα
1209 3828 1387 3883 πάντα
1413 3828 1479 3881 τά
1503 3829 1669 3881 τέκνα
1699 3829 1925 3897 ταύτης,

438 3918 761 3987 Ἐπεύχεται
788 3919 882 3973 τοῦ
917 3920 1195 3975 κατελθεῖν
1233 3920 1323 3973 τὸν
1356 3921 1668 3985 θαυμαστὸν
1708 3925 1943 3992 νυμφίον

425 4009 517 4071 Εἰς
550 4010 643 4061 τὸν
676 4011 1181 4081 καρποφορήσαντα
1222 4011 1401 4081 κῆπον
1425 4011 1597 4080 αὐτῆς
1627 4012 1685 4065 ὲν
1710 4014 1886 4083 τάχει,

436 4104 522 4165 Ὠς
545 4104 611 4157 ἂν
628 4106 880 4177 τρυγήσῃ
908 4105 1035 4167 τοὺς
1067 4106 1314 4176 καρποὺς
1338 4104 1503 4159 αὐτοῦ
1529 4107 1637 4159 τῶν
1658 4107 1995 4177 ἀκροδρύων,

424 4196 731 4263 Τουτέστιν,
753 4198 900 4261 ὅπως
932 4198 1209 4267 εὐφρανθῇ
1242 4199 1354 4261 τοῖς
1373 4199 1743 4269 καρποφόροις
1765 4200 1995 4263 τέκνοις.

428 4290 487 4342 Ei
520 4290 594 4358 μὴ
628 4289 733 4359 γάρ
756 4290 900 4342 οὕτω
924 4290 1059 4360 πρὸς
1094 4290 1242 4360 ἡμᾶς
1268 4290 1395 4353 τοὺς
1426 4291 1712 4354 ταπεινοὺς
1738 4292 1993 4363 κατέλθῃ,

436 4381 780 4436 Ἀναλαϐὼν
818 4383 912 4436 καὶ
950 4382 1091 4450 τοὺς
1144 4382 1386 4451 πραεῖς,
1439 4381 1580 4436 κατά
1626 4382 1717 4435 τὸν
1768 4382 1997 4448 Ψαλμο-

1741 4472 1994 4545 [γράφον.

425 4561 539 4614 Ούκ
566 4562 709 4615 ἔστιν
739 4562 911 4626 ἄλλως
948 4581 1063 4626 πως
1093 4565 1241 4633 ἡμᾶς
1270 4565 1349 4627 εἰς
1378 4563 1643 4635 οὐρανοὺς
1669 4564 1925 4634 ἀρθῆναι.

427 4654 611 4710 Ταῦτα
653 4656 751 4724 μὲν
780 4655 1148 4726 λελιπάρηκεν
1182 4659 1215 4727 ή
1244 4660 1430 4727 νύμφη
1465 4657 1543 4727 τῷ
1576 4658 1815 4727 νυμφίῳ.

2025 2087 2065 2141 Β
2166 2082 2337 2150 Surge
2373 2085 2576 2153 aquilo,
2605 2096 2649 2138 et
2678 2089 2790 2139 veni
2813 2096 2993 2141 auster
3014 2087 3213 2154 :perﬂa
3233 2087 3440 2137 hortum
3475 2100 3667 2144 meum,

2098 2184 2145 2227 et
2206 2176 2376 2241 ﬂuant
2420 2188 2662 2231 aromata
2686 2195 2819 2233 mea.
2880 2177 3170 2231 Descendat
3219 2193 3376 2245 nepos
3424 2192 3568 2230 meus
3616 2178 3669 2229 in

2100 2266 2306 2320 hortum
2336 2285 2524 2333 meum,
2557 2278 2607 2323 et
2638 2269 2873 2324 comedat
2896 2269 3126 2337 fructum
3150 2285 3339 2323 nucum
3373 2269 3507 2337 ejus.

2814 2360 3001 2416 Pselli.

2169 2449 2365 2506 Ροειειι
2421 2466 2586 2521 quam
2632 2453 2875 2509 Ecclesia
2936 2453 3027 2509 Dei
3084 2460 3412 2523 potestatem
3460 2452 3670 2521 accepit

2096 2548 2341 2611 omnino,
2373 2555 2431 2599 ut
2456 2547 2651 2602 hortus
2686 2546 2834 2601 illius
2866 2545 3167 2610 nominata,
3200 2544 3507 2613 plantarum
3551 2558 3671 2597 om—

2100 2639 2247 2691 nium
2302 2638 2468 2693 decus
2506 2639 2558 2692 in
2605 2654 2663 2693 se
2704 2639 3011 2700 continens,
3049 2638 3348 2708 pessimum
3397 2635 3670 2705 aquilonis

2096 2729 2304 2793 llatum,
2320 2731 2492 2800 glaeie
2516 2731 2703 2785 llorum
2726 2729 3183 2800 pulchritudinem
3203 2728 3668 2797 exstinguentem,

2099 2824 2431 2889 expelleret:
2463 2832 2712 2877 austrum
2746 2832 2927 2876 autem
2951 2820 3375 2877 saluberrimum
3424 2819 3627 2872 acciret
3654 2835 3669 2871 :

2096 2915 2189 2982 qui
2231 2914 2448 2983 spirans
2484 2916 2538 2969 in
2567 2915 2697 2968 Sion
2720 2913 2984 2983 apostolis
3012 2913 3141 2967 olim
3173 2912 3465 2967 verborum
3491 2908 3671 2963 ﬂuxus

2099 3005 2423 3061 instillavit:
2451 3006 2855 3061 sanctissimum
2874 3007 3025 3062 illum
3059 3004 3322 3076 Spiritum
3354 3013 3534 3069 vocat,
3575 3004 3670 3073 qui

2101 3099 2154 3151 in
2182 3098 2401 3152 hortum
2446 3116 2604 3153 suum
2654 3100 2852 3155 salutis
2904 3113 3069 3153 auras
3092 3097 3362 3163 infundat,
3390 3107 3449 3149 ut
3479 3110 3672 3151 omnes

2102 3189 2193 3242 lilii
2239 3192 2322 3243 sui
2376 3189 2613 3244 fructum
2661 3189 2864 3255 ferant,
2904 3198 2959 3246 et
3007 3189 3287 3245 Christum
3326 3186 3564 3242 Verbum
3615 3193 3671 3241 et

2099 3295 2360 3350 sponsum
2396 3282 2577 3335 laetitia
2621 3280 2890 3336 alliciant.
2926 3280 3061 3335 Cum
3112 3281 3276 3350 igitur
3306 3280 3451 3350 quod
3492 3279 3675 3346 jusse-

2102 3382 2207 3437 rat,
2245 3388 2302 3428 re
2325 3373 2436 3443 ipsa
2460 3373 2757 3443 perfectum
2777 3384 2941 3437 esset,
2969 3373 3389 3444 aquilonemque
3418 3371 3669 3427 silentem

2101 3464 2252 3532 virgo
2284 3465 2611 3533 perspiceret
2645 3466 2916 3533 posuisse,
2952 3464 3494 3534 pulcherrimumque
3528 3476 3653 3515 om-

2101 3555 2231 3610 nino
2253 3569 2317 3608 ac
2336 3555 2582 3609 divinum
2604 3562 2855 3610 austrum
2880 3555 3134 3625 perflare,
3164 3554 3307 3609 ﬁlios
3326 3568 3457 3609 suos
3478 3566 3671 3606 omnes

2098 3645 2413 3701 fructiferas
2462 3653 2839 3701 ostendentem
2890 3663 2905 3713 ;
2975 3645 3352 3701 admirabilem
3409 3658 3671 3713 sponsum

2097 3751 2254 3791 suum
2280 3738 2550 3799 obsecrat,
2590 3746 2646 3791 ut
2684 3737 2741 3791 in
2776 3737 2994 3791 hortum
3029 3751 3190 3791 suum
3218 3734 3449 3789 fertilem
3473 3734 3671 3788 celeri-

2100 3839 2181 3883 ter
2201 3830 2517 3893 descendat,
2543 3828 2911 3898 arborumque
2941 3841 3164 3882 suomm
3196 3826 3405 3893 fructus
3433 3834 3621 3895 carpat
3653 3842 3668 3879 :

2102 3923 2203 3975 hoc
2234 3930 2336 3985 est,
2380 3930 2437 3974 ut
2471 3922 2631 3975 bonis
2670 3920 2903 3974 filiorum
2940 3934 3164 3974 suorum
3216 3918 3475 3988 operibus
3519 3918 3673 3973 oble-

2099 4022 2295 4067 cletur.
2348 4013 2461 4067 Nisi
2518 4014 2662 4065 enim
2703 4011 2770 4065 ad
2820 4027 2920 4066 nos
2952 4010 3189 4065 humiles
3224 4019 3277 4063 et
3307 4009 3549 4078 abjectos
3595 4009 3671 4063 ita

2099 4103 2431 4168 descendat,
2493 4110 2793 4156 mansuetos
2827 4102 3115 4168 suscipiens
3132 4100 3201 4164 δ’,
3231 4110 3309 4163 ιιι,
3356 4100 3532 4170 inquit
3564 4099 3671 4153 Da-

2098 4196 2209 4259 vid,
2246 4194 2357 4248 [ieri
2400 4195 2549 4247 nullo
2581 4194 2739 4248 modo
2776 4204 2973 4263 potest,
2999 4202 3058 4247 ut
3090 4209 3188 4247 nos
3227 4193 3281 4247 in
3308 4193 3508 4246 cmlum
3534 4206 3669 4247 con-

2099 4288 2445 4342 scendamus.
2473 4287 2568 4341 His
2602 4303 2803 4357 Sponsa
2840 4287 3091 4356 precibus
3137 4301 3397 4357 sponsum
3433 4286 3668 4341 advoca-

2100 4379 2195 4433 vit.
2221 4378 2288 4432 At
2322 4380 2410 4433 ille
2434 4381 2525 4449 qui
2552 4381 2738 4449 implet
2781 4380 3033 4434 universa
3062 4419 3077 4445 ,
3122 4380 3518 4449 quiqueradest
3554 4378 3673 4433 ubio

2098 4485 2226 4538 que,
2254 4479 2309 4523 ct
2334 4469 2490 4533 dicit,
2512 4468 2647 4524 Ecce
2676 4469 2863 4523 adsum
2882 4470 2928 4501 ³⁰
2952 4470 3351 4531 invocantibus,
3375 4478 3669 4538 antequam

2100 4577 2300 4632 sponsa
2365 4564 2821 4633 supplicationem
2869 4564 3111 4631 expleret
3158 4563 3305 4615 illam
3350 4564 3670 4627 exatnliens,

2099 4652 2384 4707 descendit
2422 4654 2474 4708 in
2509 4654 2724 4709 hortum
2764 4654 2904 4723 ejus,
2944 4664 3000 4707 ut
3050 4655 3166 4724 ipsa
3215 4653 3424 4716 voluit,
3458 4664 3512 4708 ct
3556 4652 3673 4707 fru-

437 4745 495 4799 ’0
519 4747 575 4800 δὲ
609 4748 830 4817 πληρῶν
860 4748 925 4800 τὰ
951 4749 1241 4817 σύμπαντα
1266 4750 1360 4802 καὶ
1385 4748 1661 4819 πανταχοῦ
1689 4749 1991 4819 τυγχάνων,
2026 4758 2070 4814 ι)
2101 4753 2184 4799 ctu

1928 4764 1991 4816 ιν,
2026 4758 2070 4814 ι)
2101 4753 2222 4799 ctus
2251 4746 2509 4800 arborum
2558 4746 2733 4817 ipsius
2773 4747 3069 4817 decerpsit.
3109 4746 3197 4800 Sic
3233 4747 3379 4801 enim
3413 4759 3675 4815 sponsam

431 4837 491 4891 '0
520 4838 712 4905 λέγων,
748 4838 904 4893 Ἰδοὺ
943 4839 1202 4908 πάρειμι,
1238 4843 1351 4902 τοῖς
1382 4840 1853 4909 ἐπικαλουμένοις,

428 4929 563 4999 Πρίν
620 4930 976 5001 πληρωθῆναι
1052 4932 1151 5002 τὴν
1200 4931 1402 5002 εὐχὴν,
1470 4932 1567 5001 τῆς
1620 4930 1837 5000 νύμφης
1896 4933 1997 4984 ἑπ-

1715 5022 1869 5095 [ακού
1879 5042 1995 5091 σας,

427 5113 517 5175 Εἰς
544 5116 719 5183 κῆπον
750 5114 1116 5183 κατελήλυοεν
1147 5116 1337 5186 αὐτῆς,
1370 5116 1445 5179 ὼς
1476 5116 1775 5186 ἠϐουλήθη,

427 5203 533 5256 Καὶ
562 5207 688 5265 τοὺς
716 5206 961 5273 καρποὺς
983 5205 1249 5275 ἐτρύγησε
1278 5208 1482 5275 ταύτης
1508 5205 1617 5258 τῶν
1648 5204 1985 5275 ἀκροδρύων.

424 5295 561 5367 Φησὶ
581 5296 687 5368 γὰρ
712 5296 853 5350 οὕτω
875 5298 1008 5367 πρὸς
1029 5299 1218 5369 αὐτὴν,
1245 5296 1317 5360 ὡς
1346 5297 1466 5351 καθ’
1490 5297 1683 5368 είρμὸν
1714 5298 1990 5367 εὑρήσεις·

500 5390 807 5457 δίο-ἦλθον
840 5393 927 5456 είς
957 5390 1157 5458 κῆπόν
1177 5408 1320 5460 μου,
1352 5389 1587 5459 ἀδελφή
1614 5407 1734 5457 μου
1766 5390 1993 5457 νύμφη·

439 5482 767 5551 Ἐτρύγησα
792 5485 1068 5552 σμύρναν
1092 5500 1211 5551 μου
1232 5483 1382 5551 μετὰ
1409 5480 1729 5550 ἀρωμάτων
1751 5496 1892 5549 μου·

431 5575 690 5641 Ἐφαγον
716 5574 897 5640 ἄρτον
918 5592 1037 5642 μου
1057 5575 1205 5643 μετὰ
1227 5573 1472 5642 μέλιτός
1506 5590 1629 5641 μου
1648 5586 1661 5599 ⁸

435 5667 648 5721 Ἔπιον
676 5663 843 5719 οἶνόν
884 5684 995 5723 uov
1018 5669 1161 5721 uera
1196 5668 1491 5733 γάλακτός
1506 5684 1649 5735 μου.

504 5849 548 5871 ⁸·
611 5842 752 5898 l'sal.
791 5858 970 5909 CXLVI,
1005 5844 1057 5897 b'.
1137 5846 1180 5876 δ’)
1210 5844 1309 5899 l:a.
1358 5861 1511 5907 mn,
1548 5845 1596 5895 ί).

2097 4837 2446 4919 alloquitur;

2177 5380 2301 5435 Veni
2335 5384 2385 5433 in
2432 5384 2637 5434 hortum
2675 5395 2883 5439 meum,
2909 5393 3059 5431 soror
3085 5392 3222 5443 utra,
3262 5392 3478 5443 sponsa,
3542 5393 3673 5430 mrs-

2090 5476 2171 5528 sui
2198 5476 2469 5543 myrrham
2512 5490 2682 5527 tllt’tlm
2712 5489 2829 5525 cum
2886 5472 3223 5525 aromatibus
3254 5472 3380 5523 meis
3408 5485 3426 5524 :
3471 5474 3672 5524 comedi

2087 5583 2274 5637 panem
2308 5585 2477 5621 mcum
2512 5584 2625 5621 cum
2660 5567 2809 5621 melle
2841 5582 2953 5622 meo
2975 5582 2994 5620 :
3016 5565 3117 5619 bibi
3148 5566 3326 5619 viuum
3354 5580 3527 5619 meum
3553 5581 3670 5618 cum

2086 5660 2222 5717 lacte
2276 5679 2399 5720 meo.
