4424 6446
439 421 546 479 633

1416 413 1802 479 COMMENT.
1848 411 1926 469 IN
1966 411 2353 471 CANTICUM
2393 411 2683 472 C.—\NTIC.

3561 412 3667 482 634

437 533 672 600 Τοιαύτη
717 531 823 605 γάρ
854 527 921 600 ἦν
947 533 980 600 ὴ
1008 529 1460 601 παρακαλέσασα,
1501 528 1578 592 ὡς
1617 527 1691 598 μὴ
1724 542 2003 596 παρακου-
2037 532 2075 583 Α
2106 561 2184 599 θη

1920 542 2003 576 ου·
2037 532 2242 608 Aerat,
2305 560 2425 614 quze
2478 543 2823 615 precabatur,
2887 551 2946 598 ut
3004 545 3207 614 despici
3266 562 3372 601 non
3427 545 3667 605 deberet.

440 626 654 696 σθῆναι.
687 625 850 678 ὐοεν
873 623 1197 694 ποιούμενος
1223 622 1355 692 πρὸς
1381 620 1550 691 αὐτὴν
1568 621 1665 688 τὴν
1689 618 2000 686 ἀπόκρισιν,

439 719 600 789 φησίν
622 736 636 751 ο
654 719 962 786 Εἰσῆλθον
985 719 1072 782 εις
1101 715 1298 784 κῆπόν
1315 731 1457 783 μου,
1476 713 1705 781 ἀδελφή
1724 729 1842 781 μου
1859 713 2003 778 νύμ-

438 827 542 879 φη.
557 810 788 880 Δηλαδὴ,
802 813 900 862 Ὃν
915 809 1052 878 αὐτὴ
1068 804 1471 875 κατεφύτευσας
1487 803 1876 866 διδασκαλικῶς
1888 805 2004 862 ταῖς

439 904 600 975 ἐμαῖς
647 903 925 965 ἐντολαῖς·
968 903 1034 954 δι’
1077 894 1153 953 ὧν
1197 897 1422 968 ἐδιώχθη
1476 897 1573 966 μὲν
1603 896 1630 947 ὁ
1660 895 1862 964 χειμὼν
1895 894 2008 962 τῶν

443 995 653 1059 παθῶν,
688 995 914 1047 ἔπνευσε
946 993 1001 1046 δέ
1036 1010 1134 1062 μου
1166 992 1226 1045 τὸ
1256 991 1521 1057 πανάγιον
1542 989 1788 1057 Πνεῦμα,
1813 989 1904 1040 καὶ
1935 987 2003 1040 τά

442 1089 499 1140 ὲν
525 1089 602 1157 τῷ
627 1086 853 1156 τοιούτῳ
881 1087 1041 1155 κήπῳ
1075 1085 1214 1154 φυτά
1244 1084 1494 1154 ἤνεγκεν,
1541 1078 1627 1134 οἷα
1671 1081 1819 1150 μύρα
1863 1097 2002 1132 παν-

441 1184 558 1233 τοῖα
589 1179 714 1240 τοὺς
747 1177 855 1230 τῶν
896 1175 1108 1245 ἀρετῶν
1154 1174 1344 1241 λόγους
1367 1190 1381 1205 °
1416 1173 1538 1225 καθ’
1574 1170 1667 1229 οὒς
1710 1171 1801 1223 καὶ
1844 1168 2003 1231 αὐτὸς

441 1269 689 1338 είσῆλθον
719 1269 776 1320 ἐν
801 1267 976 1335 τούτῳ
996 1264 1072 1334 τῷ
1101 1264 1283 1334 κήπῳ,
1320 1265 1376 1315 ὲν
1402 1255 1444 1328 ᾧ
1469 1262 1535 1314 τὰ
1563 1261 1670 1329 ἐμά
1702 1260 2000 1327 Θελὴματα,

441 1362 496 1413 αἱ
521 1360 669 1427 άγιαί
705 1375 805 1428 μου
831 1356 1042 1410 ἐντολαὶ
1071 1354 1444 1422 ἐφυτεύθησαν
1464 1369 1476 1384 ·
1511 1351 1845 1422 δρεψάμενος
1873 1343 2005 1403 πάν-

441 1469 546 1512 τως
588 1450 680 1502 τὸν
717 1451 907 1504 τούτου
954 1450 1185 1516 καρπὸν,
1224 1447 1282 1508 ὃς
1328 1443 1658 1511 ὲστινήτῶν
1700 1441 2002 1512 εἰρημένων

444 1543 670 1595 ἐντολῶν
695 1544 934 1611 ποίησις.
969 1538 1219 1606 Ἀδελφή
1230 1555 1369 1606 μου,
1399 1537 1492 1589 τοῦ
1516 1534 1656 1588 κατὰ
1689 1533 1848 1602 φύσιν
1875 1532 2002 1585 Tim?

440 1633 533 1683 τοῦ
563 1631 697 1685 Θεοῦ
729 1634 819 1686 καὶ
849 1631 1082 1699 Πατρδς,
1111 1630 1186 1693 ὼς
1212 1629 1438 1682 ποιοῦσα
1467 1628 1528 1681 τὸ
1556 1627 1762 1695 Θέλημα
1791 1625 2001 1690 τούτου,

441 1723 533 1774 καὶ
569 1721 942 1792 υίοΘετηθεῖσα
973 1721 1120 1790 αύτῷ
1143 1719 1282 1773 κατὰ
1303 1721 1482 1790 χάριν·
1514 1719 1607 1772 καὶ
1630 1719 1834 1786 νύμφη
1860 1736 2000 1786 μου,

444 1813 517 1874 ὡς
543 1811 864 1880 κολληθεῖσά
911 1829 1000 1880 μοι
1042 1810 1108 1862 δι’
1160 1811 1378 1878 ἀγάπης
1412 1809 1508 1863 καὶ
1556 1808 1767 1876 πνεῦμα
1811 1809 1867 1860 ἒν
1909 1824 2003 1875 γε-

445 1903 666 1972 νομένη.
703 1900 972 1954 Εἰσελθὼν
1019 1901 1076 1953 δὲ
1112 1903 1169 1953 ἐν
1203 1900 1279 1968 τῷ
1320 1902 1596 1972 εἰρημένῳ
1651 1901 1813 1968 κήπῳ
1870 1916 2006 1968 μου,

455 1993 791 2061 Ἐτρύγησα
811 1993 1082 2059 σμύρναν
1095 1992 1241 2059 μετὰ
1261 1991 1578 2059 ἀρωμάτων
1593 2007 1729 2060 μου’
1752 1992 1888 2062 ἦτοι,
1913 1989 2011 2059 τὴν

445 2085 538 2138 τού
589 2082 850 2152 σαρκικοῦ
905 2083 1255 2151 φρονήματος
1291 2083 1397 2133 τῶν
1443 2082 1896 2151 μαθητευομένων
1930 2098 2011 2134 σοι

445 2181 709 2241 νέκρωσιν
743 2173 881 2242 μετὰ
909 2173 1018 2224 τῶν
1049 2173 1330 2240 ἑπομένων
1357 2172 1528 2244 ταύτῃ
1558 2173 1785 2242 ἀρετῶν.
1817 2174 1880 2224 Oi
1905 2171 2010 2240 γάρ

448 2273 608 2338 σαρκὶ
642 2269 735 2322 καὶ
782 2268 973 2336 κόσμῳ
1011 2266 1384 2337 νεκρὼσαντες
1431 2265 1492 2316 τὸ
1521 2264 1799 2332 φρόνημα,
1835 2263 2010 2315 Πνεύ-

450 2380 580 2429 ματι
611 2361 767 2414 τοῦτο
806 2360 1048 2430 ζητοῦσι,
1084 2360 1178 2412 καὶ
1221 2356 1588 2427 προσφέρουσι
1615 2355 1734 2424 Θεῷ
1763 2349 1848 2406 οἷά
1889 2372 2010 2408 τινα

447 2454 655 2520 καρπὸν
683 2453 1006 2521 ἀρωμάτων,
1057 2449 1285 2502 ἐντολῶν
1320 2447 1481 2500 αὑτοῦ
1509 2445 1754 2516 ποίησιν·
1788 2447 1917 2518 περὶ
1943 2441 2010 2516 ἦς

448 2555 630 2608 φησιν’
645 2541 906 2611 Ἕραγον
927 2540 1107 2606 ἄρτον
1122 2556 1240 2607 μου
1253 2538 1401 2607 μετὰ
1425 2537 1666 2606 μέλιτός
1678 2553 1818 2606 μου¹
1839 2537 2010 2591 ἔπιον

447 2633 613 2689 οἶνόν
624 2653 743 2702 μου
749 2633 900 2702 μετὰ
918 2633 1212 2702 γάλακτός
1224 2649 1362 2698 μου.
1387 2631 1493 2683 Καὶ
1522 2631 1682 2699 ἄρτος
1713 2631 1810 2699 μὲν
1845 2628 2008 2681 αὐτοῦ

447 2731 592 2782 ἐστιν
620 2728 698 2792 δν,
736 2728 808 2790 ὠς
840 2726 1216 2798 προλὲλεκται,
1244 2723 1405 2785 αὐτὸς
1431 2723 1726 2791 δεδήλωκεν
1756 2725 1814 2775 ὲν
1837 2722 2012 2789 Εὐαγ-

445 2821 640 2888 γελΞοις
667 2819 859 2882 είπὼν,
890 2820 972 2872 ὅτι
1008 2817 1186 2886 Ἐμὸν
1206 2815 1418 2884 ,ϐρῶμά
1452 2815 1583 2867 ἐστι
1611 2814 1676 2867 τὸ
1709 2814 1903 2868 ποιεῖν
1943 2814 2010 2867 τὸ

447 2911 675 2979 θέλημα
701 2911 808 2964 τοῦ
838 2909 1068 2978 Πατρός
1103 2925 1222 2975 μου
1241 2923 1253 2935 ·
1299 2906 1420 2975 μέλι
1452 2906 1528 2966 δὲ,
1557 2907 1622 2957 τα
1652 2905 2011 2972 γλυκαίνοντα

448 3002 536 3054 τὸν
561 3001 734 3053 ταῦτα
765 3000 1111 3069 προφέροντα
1144 2998 1413 3066 λάρυγγα,
1442 2995 1561 3047 οεία
1610 2994 1798 3047 τούτου
1831 2995 2004 3062 λόγια·

445 3089 585 3152 οἶνος
607 3091 686 3152 δὲ,
724 3091 757 3159 ἡ
799 3089 1094 3155 ἑκστατικὴ
1125 3089 1219 3156 τῆς
1252 3086 1392 3139 κατὰ
1431 3087 1592 3152 φύσιν
1631 3085 1878 3147 οεώσεως
1914 3086 2008 3154 χάο

2107 637 2473 704 Quamobrem
2532 637 2609 690 illi
2667 635 3051 706 respondens:
3119 635 3270 704 Veni,
3336 637 3556 706 inquit,
3616 637 3674 690 in

2108 731 2319 782 hortum
2347 744 2544 792 meum,
2573 743 2726 781 soror
2745 744 2880 791 mea,
2906 724 3305 795 sponsa.Quem
3339 738 3391 781 lu
3416 728 3673 781 nimirum

2106 823 2489 877 mandatorum
2546 835 2789 874 meorum
2837 821 3089 875 doctrina
3136 817 3676 886 consevisti,quibus

2065 947 2074 958 -
2111 911 2580 981 perturbationum
2611 910 2846 979 procella
2870 911 3118 966 discussa
3157 921 3258 965 est.
3285 909 3461 963 Flavit
3490 918 3672 963 autem

2109 1012 2333 1058 sanctus
2363 1003 2602 1070 Spiritus
2634 1016 2809 1065 meus,
2840 1010 2893 1056 et
2917 1003 3112 1071 plantae
3135 1001 3301 1077 istius
3336 1000 3476 1054 horti
3509 998 3674 1053 veluti

2109 1103 2384 1163 unguenta
2439 1095 2615 1158 varia,
2681 1093 2948 1146 virtutum
3006 1093 3249 1146 rationes
3306 1090 3675 1160 protulerunt,

2108 1199 2204 1252 per
2251 1198 2390 1253 quas
2452 1198 2552 1251 ego
2584 1197 2800 1251 quoque
2831 1182 2884 1235 in
2935 1181 3080 1236 hunc
3129 1181 3350 1235 hortum
3394 1180 3677 1248 ingressus

2110 1291 2253 1340 sum,
2306 1275 2362 1328 in
2423 1289 2531 1342 quo
2589 1275 2898 1328 voluntates
2950 1286 3102 1336 meae,
3165 1279 3353 1324 sancta
3407 1275 3678 1340 praecepta

2111 1382 2227 1420 mea
2273 1368 2517 1435 plantata
2579 1373 2726 1419 sunt.
2759 1364 2932 1432 l-lujus
2987 1379 3089 1434 ego
3155 1361 3396 1418 fruetum
3454 1363 3680 1416 omnino

2110 1457 2380 1526 decerpsi.
2426 1455 2528 1521 Qui
2581 1469 2716 1510 sane
2771 1453 2990 1509 [ructus
3046 1455 3290 1523 ipsorum
3341 1460 3427 1508 est
3473 1467 3680 1522 prmce-

2109 1556 2325 1616 ptorum
2373 1546 2704 1601 observatio.
2759 1544 2925 1601 Soror
2973 1560 3108 1609 mea,
3161 1545 3253 1614 qui
3309 1552 3506 1598 natura
3559 1557 3679 1597 sum

2111 1636 2285 1692 Filius
2309 1635 2401 1689 Dei
2436 1644 2490 1690 et
2518 1634 2712 1698 Patris,
2750 1634 2949 1704 quippe
2988 1648 3109 1702 quae
3143 1634 3260 1702 ejus
3293 1634 3681 1700 obtemperans

2111 1727 2397 1790 voluntati,
2444 1734 2497 1780 et
2537 1726 2585 1778 ei
2615 1739 2710 1794 per
2758 1727 2986 1794 gratiam
3039 1740 3134 1793 pro
3173 1724 3276 1776 filia
3313 1739 3374 1776 es
3405 1723 3680 1800 adoptata.

2114 1821 2322 1888 Sponsa
2380 1835 2516 1882 mea,
2580 1825 2768 1886 utpote
2822 1817 2950 1868 milii
3032 1832 3125 1885 per
3181 1815 3498 1869 charitatem
3553 1828 3680 1868 cou-

2108 1911 2320 1981 juneta,
2347 1919 2509 1977 atque
2542 1924 2684 1962 unus
2736 1906 2926 1962 effecta
2977 1908 3224 1974 spiritus.
3263 1907 3550 1976 Ingressus
3589 1920 3685 1958 au-

2113 2013 2217 2056 tem
2277 2003 2330 2054 iu
2404 2001 2620 2053 hortum
2693 2012 2909 2064 meum,
2980 2000 3172 2050 messui
3243 1998 3513 2066 myrrham
3564 2013 3681 2050 cum

2112 2091 2434 2144 aromatibus
2471 2091 2641 2154 meis;
2691 2104 2882 2158 nempe
2931 2089 3171 2143 carnalis
3214 2103 3408 2143 sensus
3439 2087 3685 2157 discipu-

2114 2184 2285 2236 larum
2361 2189 2577 2235 tuarum
2641 2178 3117 2233 mortiﬁcationem
3190 2193 3316 2230 eum
3387 2176 3686 2231 virtutibus

2112 2289 2231 2344 qua!
2261 2275 2404 2326 illam
2432 2281 2868 2337 consequuntur.
2895 2269 2998 2335 Qui
3028 2271 3171 2323 enim
3203 2269 3356 2322 carni
3389 2275 3445 2320 et
3479 2267 3683 2321 mundo

2112 2380 2332 2420 sensum
2373 2363 2862 2426 mortitieaverunt,
2892 2377 3015 2415 eum
3049 2359 3280 2428 Spiritui
3305 2360 3512 2424 dicant,
3546 2357 3686 2412 Deo-

2111 2472 2216 2526 que
2261 2456 2426 2509 veluti
2477 2454 2764 2522 quemdam
2827 2462 3136 2506 aromatum
3186 2452 3448 2514 fructum,
3481 2464 3687 2520 prace-

2112 2559 2329 2616 ptorum
2359 2543 2595 2597 offerunt
2641 2543 3074 2596 observationem
3109 2559 3122 2594 :
3177 2541 3244 2595 de
3297 2555 3427 2610 qua,
3460 2540 3682 2601 comedi,

2112 2639 2304 2708 inquit,
2359 2653 2544 2704 panem
2585 2652 2752 2688 meum
2782 2650 2901 2688 cum
2949 2633 3104 2687 melle
3136 2648 3292 2687 meo:
3345 2632 3452 2686 bibi
3509 2634 3687 2686 vinum

2111 2747 2279 2784 meum
2327 2745 2444 2782 cum
2504 2729 2640 2780 lacte
2696 2741 2830 2779 meo.
2877 2727 2950 2778 Ae
3001 2724 3157 2795 panis
3191 2725 3406 2793 quidem
3441 2724 3565 2790 ejus
3603 2735 3689 2780 est

2111 2822 2217 2880 ille.
2279 2837 2462 2890 quem,
2497 2829 2556 2874 ut
2599 2829 2756 2872 antea
2787 2818 2989 2872 dictum
3024 2827 3126 2881 est,
3191 2819 3307 2886 ipse
3334 2816 3637 2872 declaravit
3669 2832 3683 2868 :

2111 2912 2283 2973 Meus,
2321 2911 2579 2980 inquiens
2610 2910 2662 2964 in
2707 2910 3037 2979 Evangeliis,
3091 2908 3235 2962 cibus
3263 2917 3364 2973 est,
3405 2917 3462 2960 ut
3490 2909 3688 2976 faciam

2111 3003 2428 3056 t-oluntatem
2477 2999 2660 3054 Patris
2692 3001 2792 3054 mei
2829 3002 2898 3052 ⁵³.
2940 2999 3041 3054 Mel
3098 3008 3279 3052 autent
3322 3007 3452 3053 sunt
3505 2999 3688 3052 divina

2110 3094 2228 3161 ejus
2268 3091 2505 3162 eloquia,
2541 3106 2660 3159 quae
2707 3090 2941 3159 linguam
3001 3105 3030 3143 a
3088 3104 3192 3157 qua
3241 3088 3689 3158 pronuntiantur,

453 3200 556 3256 ρεςο
581 3183 674 3236 καὶ
707 3181 847 3248 γάλα
872 3183 904 3250 ἡ
931 3181 1125 3248 ἄδηλος
1153 3180 1409 3248 ἁπλότης.
1440 3179 1640 3231 Λοιπὸν
1665 3181 1721 3231 ὲν
1744 3175 1831 3240 αἷς
1856 3172 2010 3240 οὗτος
2035 3191 2078 3252 C
2112 3185 2200 3239 du]

1947 3194 2010 3240 ὀς
2035 3191 2078 3252 C
2112 3185 2398 3239 dulcedine
2455 3181 2812 3252 perfundunt.
2843 3181 3036 3235 Vinum
3071 3195 3200 3234 vero
3232 3188 3317 3235 est
3349 3183 3519 3250 gratia
3555 3181 3694 3234 divi-

448 3276 536 3329 διὰ
583 3274 690 3326 τῶν
744 3273 914 3340 ἁγίων
953 3271 1119 3323 αὑτοῦ
1170 3270 1398 3323 ἐντολῶν
1444 3270 1748 3339 είσέρχεται
1786 3270 2004 3340 ψυχαῖς,

449 3368 541 3420 καὶ
575 3366 763 3433 τρέφει
812 3365 909 3434 μὲν
957 3362 1180 3424 ταύτας,
1214 3361 1289 3423 ὡς
1319 3361 1466 3431 ἄρτῳ
1509 3360 1646 3429 μετὰ
1681 3361 1912 3429 μέλιτος,
1943 3365 2007 3431 τῇ

449 3459 616 3526 ἀρετῇ
657 3457 793 3525 μετὰ
827 3455 1109 3524 γνώσεως·
1146 3451 1352 3514 ποτίζει
1379 3453 1434 3504 δὲ
1464 3448 1549 3504 οἶα
1579 3449 1721 3505 οἶνον
1749 3454 1885 3523 μετὰ
1909 3455 2011 3521 γά-

449 3548 665 3610 λακτος,
706 3547 803 3615 τὴν
847 3545 988 3597 κατὰ
1029 3544 1187 3612 χάριν
1240 3542 1455 3604 θέωσιν,
1505 3542 1640 3611 μετὰ
1678 3543 1775 3612 τῆς
1825 3543 2009 3595 ἀδόλου

449 3641 749 3707 ἁπλότητος
775 3653 788 3668 ·
832 3637 927 3706 τὴν
961 3635 1165 3687 τούτων
1197 3632 1472 3701 σωτηρίαν
1521 3632 1680 3695 αὐτὸς
1708 3633 1868 3685 οἱονεί
1896 3653 2012 3688 τινα

452 3731 615 3800 ἄρτον
672 3729 808 3796 μετὰ
857 3725 1070 3795 μέλιτος
1119 3724 1312 3786 ἐσθίει,
1363 3724 1456 3776 καὶ
1498 3723 1663 3775 οἱονεί
1711 3741 1834 3777 τινα
1873 3721 2012 3779 οἶνον

455 3821 590 3887 μετᾶ
630 3819 898 3884 γάλακτος
931 3815 1096 3867 πίνει.
1129 3813 1291 3866 Ὅθεν
1335 3813 1471 3880 πρὸς
1509 3813 1602 3876 οὓς
1632 3815 1898 3883 εἰσῆλθεν,
1939 3819 2014 3880 ὡς

454 3908 699 3976 εἴρηται,
756 3907 848 3956 καὶ
896 3904 1187 3972 οἰκητήρια
1220 3902 1442 3964 τούτους
1478 3903 1535 3954 ἐν
1561 3904 1700 3973 ἁγίῳ
1738 3907 2012 3975 Πνεύματι

454 3997 647 4050 ἑαυτοῦ
698 3996 942 4063 ἐποίησε,
972 3994 1105 4062 φησι
1134 4009 1146 4022 ·
1205 3993 1447 4062 Φάγετε,
1482 3997 1534 4046 οὶ
1571 3997 1841 4059 πλησίον
1871 4015 2010 4064 μου,

454 4090 549 4142 καί
582 4093 764 4147 πίετε,
797 4087 894 4138 καὶ
939 4086 1300 4153 μεθύσϐητε,
1339 4084 1593 4152 ἀδελφοί
1614 4104 1751 4154 μου.
1787 4089 2009 4154 Ἤγουν,

453 4179 791 4248 Στραφέντες
843 4176 940 4246 μὲν
970 4178 1018 4227 οἱ
1051 4175 1457 4239 ἀπαλλαγέντες
1505 4177 1711 4239 παθῶν,
1744 4179 1837 4229 καὶ
1869 4180 2015 4245 ἐγγί-

456 4270 643 4330 σαντές
669 4285 756 4334 μοι
777 4266 864 4318 διά
887 4266 1277 4334 καθαρωτάτης
1315 4267 1708 4334 μεταγνώσεως
1736 4273 1799 4339 τῇ
1826 4272 2011 4343 ἀρετῇ·

458 4359 605 4408 πίετε
650 4356 706 4408 δὲ
754 4357 844 4408 τὸν
886 4355 1205 4406 ἐκστατικὸν
1244 4355 1340 4422 τῆς
1387 4354 1632 4417 Θεὼσεως
1681 4353 1821 4409 οἶνον
1878 4360 2016 4426 μετὰ

453 4451 548 4517 τῆς
577 4448 711 4518 πρός
746 4464 810 4517 με
842 4446 1029 4498 ἀδόλου
1055 4447 1290 4508 πίστεως
1313 4463 1325 4476 ⁸
1365 4447 1460 4498 καὶ
1491 4449 1598 4499 ἀπὸ
1621 4449 1726 4499 τῶν
1752 4447 1892 4502 κατᾶ
1916 4450 2016 4519 φύ-

2122 3275 2308 3330 uitatis
2342 3275 2644 3342 elargilrix,
2672 3289 2792 3341 qua:
2830 3271 2882 3325 id
2921 3273 3066 3340 quod
3116 3273 3364 3324 naturale
3389 3281 3493 3333 est.
3527 3287 3690 3341 supra

2117 3378 2364 3419 naturam
2397 3365 2632 3418 extollit.
2666 3363 2771 3415 Lac
2796 3372 2974 3416 autem
3001 3369 3082 3416 est
3117 3363 3226 3415 doli
3261 3377 3456 3430 expers
3484 3362 3695 3429 simpli-

2114 3459 2274 3512 citas.
2303 3455 2550 3525 Sponsus
2600 3455 2764 3523 igitur
2799 3456 2851 3507 in
2886 3468 3022 3522 quas
3074 3468 3169 3521 per
3217 3462 3405 3507 sancta
3439 3453 3692 3506 mundata

2116 3565 2235 3609 sua,
2268 3550 2481 3602 animas
2515 3548 2838 3616 ingreditur,
2869 3559 2961 3600 eas
3012 3553 3125 3598 tum
3176 3545 3347 3598 nutrit
3369 3546 3526 3614 quasi
3554 3559 3693 3613 pane

2117 3643 2353 3708 quodam
2385 3656 2508 3694 eum
2545 3639 2728 3701 melle,
2775 3639 2974 3691 virtute
3025 3651 3151 3690 cum
3186 3637 3498 3705 cognitione
3529 3649 3543 3693 :
3580 3646 3692 3690 tum

2120 3741 2288 3803 potat,
2325 3731 2480 3802 quasi
2511 3732 2641 3784 vino
2675 3746 2798 3784 eum
2833 3731 2994 3794 laete,
3027 3743 3289 3783 concessa
3328 3743 3425 3796 per
3461 3729 3690 3796 gratiam

2117 3825 2418 3886 divinitate,
2449 3839 2571 3877 cum
2599 3831 2804 3876 remota
2837 3836 2864 3874 a
2905 3821 3032 3876 dolo
3058 3821 3437 3886 simplicitate.
3486 3820 3693 3874 llorum

2118 3932 2245 3970 vero
2275 3915 2506 3970 salutem
2542 3921 2800 3980 tauquam
2829 3927 3020 3980 panem
3052 3911 3341 3978 quemdam
3379 3925 3503 3964 cmn
3537 3911 3696 3965 melle

2118 4010 2230 4075 ipse
2261 4005 2515 4068 comedit,
2547 4020 2608 4056 ac
2657 4003 2821 4055 veluti
2871 4004 3056 4055 vinttm
3081 4001 3352 4071 quoddam
3390 4017 3513 4056 cum
3550 4002 3692 4056 lacte

2119 4099 2272 4152 bibit.
2316 4096 2503 4166 Itaque
2545 4098 2609 4149 ad
2647 4110 2808 4164 quos,
2868 4101 2927 4148 ut
2986 4095 3242 4158 diximus,
3278 4095 3557 4162 ingressus
3588 4101 3693 4158 est,

2116 4205 2362 4260 quosque
2393 4188 2670 4241 domicilia
2707 4200 2805 4239 sua
2846 4186 2899 4238 in
2929 4185 3136 4254 Spiritu
3165 4194 3358 4240 sancto
3382 4187 3691 4248 constituit,

2117 4284 2266 4351 ipsos
2295 4282 2485 4334 invitat
2511 4283 2574 4334 ad
2621 4283 2760 4336 hunc
2793 4280 3013 4334 modum
3048 4298 3062 4334 :
3097 4279 3390 4344 Comedite,
3418 4281 3696 4348 propinqui

2118 4372 2242 4430 mei.
2297 4380 2344 4424 et
2401 4371 2581 4436 bibite,
2635 4382 2684 4425 et
2717 4371 3075 4434 inebriamiui,
3134 4370 3329 4438 fratres
3391 4371 3540 4423 mei:
3599 4370 3694 4439 qui

2121 4461 2370 4516 videlicet
2417 4463 2664 4514 conversi
2725 4463 2882 4524 estis,
2916 4469 2969 4515 et
3001 4461 3130 4513 vitia
3165 4460 3471 4528 repulistis,
3530 4468 3584 4512 et
3627 4457 3694 4511 ad

457 4557 537 4592 σιν
562 4539 698 4605 πρὸς
723 4539 788 4590 τά
819 4537 956 4607 ὑπὲρ
1001 4537 1164 4604 φύσιν
1197 4537 1521 4606 μετάστητε,
1553 4538 1645 4600 οὓς
1686 4542 1826 4593 κατὰ
1852 4542 2012 4610 χάριν
2049 4523 2091 4577 Ῐ)
2122 4567 2204 4603 me

1945 4559 2012 4593 ⁵ιν
2049 4523 2091 4577 D
2122 4567 2227 4614 me,
2261 4551 2521 4604 virtutem
2586 4566 2709 4604 cum
2758 4566 2891 4620 pura
2945 4551 3254 4619 cognitione
3307 4549 3573 4610 eulentes,
3603 4563 3692 4602 ae-

454 4635 510 4682 ἐν
546 4631 685 4698 ἁγίῳ
725 4630 1002 4699 Πνεύματι
1029 4628 1316 4697 υἱοθέτησα
1352 4629 1429 4697 τῷ
1463 4630 1576 4699 ίδίῳ
1605 4631 1796 4702 Πατρί.
1831 4632 2012 4686 Ταῦτα

457 4725 585 4791 γοῦν
616 4725 702 4776 διὰ
731 4724 829 4786 τὰς
861 4723 1234 4792 παρακλήσεις
1265 4723 1363 4790 τῆς
1388 4722 1603 4792 νύμφης
1624 4725 1759 4793 πρὸς
1786 4724 1883 4788 τὰς
1913 4744 2013 4793 μα-

453 4817 818 4885 θητευομένας
852 4813 1133 4884 εἰρηκότος
1166 4813 1258 4866 τοῦ
1299 4816 1552 4882 νυμφίου,
1606 4815 1740 4886 αὓτη
1789 4817 2014 4880 ταύταις

459 4913 654 4980 ἑαυτὴν
687 4910 986 4979 ποιουμένη
1025 4908 1376 4977 παράδειγμα
1423 4908 1514 4961 τοῦ
1559 4911 1674 4972 πῶς
1697 4910 2017 4965 ἀκούσονται

455 5004 552 5070 τῆς
597 5001 781 5070 φωνῆς
820 4999 914 5052 τοῦ
963 5002 1199 5069 νυμφίου
1258 5001 1449 5068 αὐτῆς,
1502 5001 1596 5052 καὶ
1641 5003 2019 5056 εἰσοικίσονται

453 5093 662 5158 τοῦτον,
700 5091 884 5160 φησίνο
910 5091 1059 5159 Ἐγὼ
1091 5091 1373 5154 καθεύδω,
1406 5093 1558 5162 φησὶ,
1604 5095 1698 5146 καὶ
1734 5094 1771 5159 ἡ
1813 5095 2022 5161 καρδία

450 5200 569 5250 μου
604 5180 913 5249 ἀγρυπνεῖ,
967 5181 1135 5248 φωνὴ
1173 5181 1500 5248 ἀδελφιδοῦ
1535 5201 1654 5250 μου
1686 5184 1883 5250 κρούει
1924 5185 2022 5236 ἐπὶ

457 5270 569 5337 τὴν
603 5271 810 5337 θύραν.
865 5272 974 5322 Καὶ
1007 5271 1256 5323 καθεύδω
1298 5273 1394 5340 μὲν
1443 5273 1578 5341 πρὸς
1620 5273 1686 5325 τὰ
1732 5275 1858 5343 ἡδέα
1907 5276 2015 5328 τῶν

457 5363 757 5430 παρόντων,
800 5362 891 5414 ἐπὶ
953 5361 1162 5424 τούτοις
1191 5366 1255 5432 τῇ
1291 5366 1457 5432 ἀργίᾳ
1499 5365 1686 5434 ὥσπερ
1739 5367 2017 5419 ύπνουσῶν

461 5471 560 5522 μου
596 5453 702 5506 τῶν
734 5454 1059 5524 αἰσθήσεων.
1097 5457 1364 5525 Γρηγορεί
1385 5456 1441 5508 δέ
1469 5473 1568 5525 μου
1595 5459 1621 5509 ὁ
1649 5457 1787 5521 νοῦς,
1827 5458 1908 5509 ἵνα
1942 5459 2016 5530 μὴ

456 5545 482 5594 ὁ
502 5543 640 5612 ὑπὲρ
660 5542 816 5607 λόγον
846 5543 1016 5609 Λόγος
1036 5543 1205 5595 ἐλθὼν
1229 5542 1436 5613 εύρήσῃ
1461 5543 1620 5596 αύτδν
1644 5543 2011 5613 ῥᾳθυμοῦντα.

469 5636 559 5687 Ἐν
596 5630 676 5696 οἷς
706 5634 760 5687 δὲ
795 5639 1080 5706 γρηγορεῖ,
1111 5635 1299 5690 ἀκούει
1327 5637 1423 5704 τῆς
1471 5636 1632 5688 αὑτοῦ
1666 5636 1758 5689 τοῦ
1797 5639 2013 5708 ἀγαπη-

533 5819 573 5848 ⁵’
604 5816 758 5870 Joan.
793 5832 866 5879 tv,
899 5816 985 5869 54.

2118 4641 2392 4696 cessistis.
2444 4641 2618 4696 Bibite
2667 4653 2848 4696 autem
2898 4640 3343 4708 obstupefaciens
3387 4639 3693 4694 divinitatis

2121 4733 2304 4786 vinum
2342 4747 2466 4785 cum
2507 4730 2613 4784 doli
2655 4743 2878 4801 experte
2907 4748 3032 4801 erga
3075 4747 3162 4786 me
3209 4731 3311 4785 ﬁde
3347 4749 3358 4782 :
3401 4740 3454 4785 et
3489 4730 3556 4784 ab
3588 4730 3700 4785 illis

2122 4839 2242 4892 quae
2286 4823 2553 4877 naturalia
2585 4832 2732 4888 sunt,
2779 4824 2844 4878 ad
2878 4838 2939 4877 ea
2985 4839 3106 4892 quae
3157 4834 3366 4877 natura:
3409 4831 3704 4892 praestant,

2127 4914 2544 4970 trausfcrintini.
2579 4915 2728 4979 Quos
2781 4929 2912 4984 ergo
2968 4929 3065 4982 per
3111 4915 3343 4982 gratiam
3396 4913 3451 4965 in
3502 4923 3702 4966 saneto.

2124 5005 2328 5069 Spiritu
2389 5004 2530 5058 [ilius
2599 5006 2850 5071 adeptavi
2912 5004 3056 5057 Patri
3145 5018 3290 5056 meo.
3355 5001 3479 5057 Ha-c
3534 5004 3696 5071 igitur

2123 5110 2359 5163 sponsus
2416 5111 2538 5150 cum
2596 5112 2691 5165 per
2741 5110 2956 5163 sponsa:
3011 5093 3425 5148 adhortationes
3478 5093 3544 5147 ad
3574 5093 3695 5163 ejus

2123 5186 2423 5255 tliscipulas
2444 5188 2694 5247 dixisset,
2727 5188 2838 5255 ipsa
2873 5202 2932 5240 se
2957 5187 3066 5241 illis
3089 5186 3393 5254 exetuplum
3424 5185 3698 5254 praebens,

2125 5295 2233 5347 quo
2269 5281 2427 5332 modo
2453 5280 2638 5334 audire
2671 5279 2906 5332 debeant
2952 5294 3140 5332 vocem
3186 5279 3370 5347 sponsi
3403 5280 3512 5340 sui,
3544 5291 3698 5334 eum-

2123 5389 2229 5443 que
2277 5373 2330 5426 in
2368 5375 2587 5428 domum
2640 5373 3026 5427 introducere:
3060 5372 3189 5442 Ego.
3226 5373 3433 5441 inquit,
3464 5373 3692 5431 dormio.

2123 5474 2169 5516 et
2223 5479 2311 5515 cor
2368 5481 2538 5517 nicum
2595 5464 2800 5532 vigilat,
2843 5480 2941 5517 vox
2989 5464 3188 5530 nepotis
3243 5465 3343 5516 mei
3396 5464 3575 5532 pulsat
3628 5465 3699 5516 ad

2124 5554 2333 5605 ostimn.
2370 5554 2431 5604 lit
2457 5552 2672 5605 dormio
2712 5551 2929 5621 quidem
2981 5552 3047 5605 ad
3096 5566 3158 5605 ea
3197 5567 3316 5620 qua:
3349 5552 3402 5604 in
3457 5550 3559 5604 hac
3587 5552 3696 5603 vita

2119 5643 2356 5712 jucunda
2387 5643 2657 5710 videntur,
2687 5658 2808 5698 cum
2850 5657 3046 5696 sensus
3095 5642 3199 5696 mei
3243 5641 3396 5708 quasi
3436 5655 3530 5704 per
3557 5655 3696 5693 cor.-
