4424 6446
424 401 524 463 (37

1398 408 1745 468 ΕΟΜΜΕΝἸ
1830 412 1899 467 IS
1934 422 1946 458 l
1989 419 2013 459 Α
2037 416 2232 479 \"l‘lCl
2270 423 2315 478 Μ
2352 426 2646 485 LANTIC.

3560 442 3676 506 638

422 514 714 583 ἁμαρτίας,
765 515 857 568 τὸν
903 532 965 569 εκ
1019 519 1121 587 τῆς
1176 520 1577 588 παραϐάσεως·
1632 523 1816 577 λοιπὸν
1872 525 1990 580 πῶς
2035 552 2060 595 λ
2098 550 2169 585 |l||

1925 525 1990 580 3::
2035 552 2060 595 ι
2098 549 2421 591 innocentiae
2466 551 2548 596 cst
2583 542 2982 607 indumenttnn.
3028 547 3081 601 in
3125 548 3316 618 primis
3342 553 3511 607 veleri
3554 570 3672 609 mea

425 604 714 673 ἐνδύσομαι
767 606 931 659 αὑτὸν
980 609 1056 677 τῷ
1103 611 1350 680 φωτεινῷ
1405 612 1503 680 τῆς
1567 613 1989 682 ἁναμαρτπσία

423 696 760 749 ἀπελαθέντα
785 699 904 751 ὲνδύ
916 716 1075 768 ματι;
1113 702 1451 770 Ἔνιψάμην
1478 702 1618 768 τοὺς
1641 706 1834 770 πόδας
1849 724 1987 774 μου,

422 787 607 856 ἄκρως
651 788 985 858 καθαρθεῖσα
1016 790 1093 859 τῷ
1122 808 1179 843 τε
1216 792 1426 863 λουτρῷ
1462 793 1557 845 τοῦ
1591 792 1987 863 βαπτίσματος,

423 880 514 931 καὶ
541 880 605 947 τῇ
639 878 732 931 τοῦ
785 882 1054 948 παναγῖου
1106 885 1423 954 Πνεύματος
1468 885 1833 957 ἐπιφοιτήσει,
1896 887 1991 939 καὶ

419 974 486 1035 τῇ
515 971 621 1021 τῶν
640 971 801 1025 θείων
824 974 1050 1025 ἐντολῶν
1076 977 1330 1045 τηρήσει.
1364 976 1546 1039 Ὅθεν,
1589 976 1720 1043 Πῶς
1744 975 1991 1046 μολυνῶ

419 1062 658 1127 αὐτοὺς,
702 1063 843 1133 ἴχνος
875 1064 1140 1137 δεξαμένη
1171 1067 1484 1139 παραλόγου
1520 1067 1847 1138 meum“;

502 1266 918 1337 Ἐξεδυσάμην
947 1268 1053 1321 τὸν
1088 1267 1309 1337 χιτῶνά
1332 1287 1468 1337 μου,
1501 1269 1624 1337 πῶς
1656 1269 1983 1340 ἐνδύσομαι

421 1359 644 1422 aliter;
682 1357 1016 1427 Ἐνιψάμην
1037 1360 1177 1426 τοὺς
1195 1361 1382 1426 πόδας
1419 1378 1552 1429 μου,
1591 1359 1714 1427 πῶς
1737 1361 1983 1430 μολυνῶ

423 1452 683 1516 adrade;

1070 1545 1330 1598 Ψελλοῦ.

510 1632 675 1699 Ἐγὼ,
704 1636 861 1701 φησὶ,
894 1636 987 1687 καὶ
1014 1638 1291 1705 πρόπαλαι
1322 1637 1419 1697 τὰς
1448 1637 1614 1705 θύρας
1648 1636 1835 1701 ἄνοιξά
1868 1653 1979 1689 σοι·

417 1721 489 1772 Τὸ
532 1724 637 1791 γὰρ
669 1726 764 1790 τῆς
804 1724 1167 1792 παραϐάσεως
1202 1725 1539 1792 ὲξεδυσάμτ,ν
1577 1727 1770 1795 πάχος,

417 1811 592 1877 Ὅπερ
620 1812 719 1864 οὐκ
744 1813 1106 1882 ἐπενδύσομαι
1129 1812 1349 1866 πώποτε
1393 1814 1732 1883 μεταγνοῦσα
1755 1830 1769 1845 ·

2101 638 2305 689 pec-catt
2332 630 2509 682 tuuira
2531 648 2688 698 quam
2713 650 2774 687 ex
2807 640 3240 707 transgressione
3267 652 3669 709 contraxeram,

2101 734 2177 765 me»
2261 720 2613 786 ριιεροιιςιιι·
2674 723 2960 788 Quomodo
3016 727 3126 794 jam
3179 731 3402 786 induam
3465 736 3662 804 ipsam,

2099 806 2379 869 stin-ndidu
2430 818 2712 878 depulsam
2771 815 3095 873 indumento
3124 819 3147 870 ?
3177 818 3303 875 Lavi
3338 824 3492 891 pedes
3529 841 3667 879 meos

2102 909 2312 949 tamen
2351 901 2712 965 lntptzsmatis,
2739 914 2792 958 et
2836 909 3008 963 sancti
3049 908 3288 976 Spiritus
3330 914 3583 975 adventu.
3615 926 3669 970 ct

2097 986 2295 1040 divino:
2314 1006 2399 1041 ιιιιι
2436 997 2818 1050 mandatorum
2846 998 3228 1057 observatione
3250 1003 3449 1057 eximie
3472 1021 3667 1075 purga-

2098 1086 2179 1125 ta°
2213 1076 2481 1138 Qnmtiodo
2507 1086 2669 1148 igitur
2702 1087 2843 1150 illos,
2866 1089 3122 1159 improba:
3153 1088 3467 1163 cupiditatis
3493 1100 3663 1152 vesti—

2095 1180 2179 1233 ειιι
2214 1182 2469 1237 sequens.
2507 1176 2790 1230 iimuinalto
2820 1179 2845 1231 Ρ
3202 1194 3205 1195 ⁷

2168 1262 2466 1327 b‘rspoliart
2487 1282 2562 1318 me
2579 1271 2754 1321 tunica
2776 1287 2908 1335 mea,
2924 1276 3239 1341 quomodum
3257 1276 3471 1330 induant
3484 1277 3665 1333 illam?

2094 1349 2219 1405 Lam
2248 1358 2397 1421 pedes
2438 1375 2575 1413 meos
2607 1398 2620 1423 ,
2662 1365 2919 1431 quomodo
2954 1367 3237 1432 inquinabo
3277 1368 3396 1424 illos
3429 1373 3452 1423 1'

2793 1537 2974 1593 Pselli.

2163 1625 2294 1693 Ego,
2321 1625 2515 1695 inqttlt,
2544 1629 2652 1694 jam
2683 1631 2892 1699 pridem
2920 1631 3065 1686 fores
3092 1635 3276 1700 aperui
3314 1636 3429 1690 tibi.
3455 1638 3663 1693 Trans-

2088 1717 2387 1784 gressionis
2411 1719 2554 1771 eitim
2575 1720 2995 1775 crassitudinem
3025 1725 3174 1786 exui,
3208 1740 3307 1780 nec
3329 1731 3656 1784 sententiam

2090 1822 2331 1875 unquam
2372 1811 2611 1869 mutabo.
2645 1822 2701 1864 ιιι
2723 1827 2840 1865 eam
2871 1815 3067 1868 iterum
3098 1817 3340 1871 induam.
3386 1818 3661 1875 Terrenas

415 1903 524 1955 Καὶ
550 1904 825 1972 μολυσμὸν
855 1905 1137 1977 ἀπέρριψα
1163 1907 1259 1975 τῆς
1294 1911 1396 1975 γῆς
1430 1908 1492 1959 ἐκ
1512 1907 1619 1958 τῶν
1649 1905 1829 1958 ποδῶν
1856 1923 1979 1974 μου,
2015 1894 2058 1953 Β
2088 1898 2162 1951 ab:

1908 1923 1979 1969 au,
2015 1894 2058 1953 B
2088 1898 2317 1953 abswrsi
2370 1902 2558 1957 Sordes
2618 1906 2843 1971 pedibus
2893 1907 3049 1969 meis.
3097 1924 3301 1979 eosque
3344 1911 3395 1965 in
3459 1913 3655 1967 salutis

415 1993 525 2045 Καὶ
562 1993 783 2055 τούτους
818 1995 1210 2064 παρεσκεύασα
1245 1996 1379 2064 πρδς
1412 1995 1634 2063 τρίϐους
1683 1995 1977 2065 σωτηρίας·

413 2084 633 2153 Οῦσπερ
671 2086 853 2138 οὐκέτι
888 2086 1099 2155 μολυνῶ
1131 2088 1431 2155 στραφεῖσα
1461 2086 1566 2156 πρὸ
1591 2084 1854 2141 τούπίσω.

415 2175 633 2227 Τούτων
658 2174 733 2237 ὡς
768 2176 1000 2245 ἤκουσεν
1029 2177 1201 2245 αὐτῆς
1233 2178 1340 2228 τῶν
1364 2177 1538 2243 λόγων
1573 2177 1599 2228 ὁ
1624 2177 1875 2245 νυμφίος,

417 2265 601 2317 Ἔνδον
634 2265 897 2335 ἠθέλησεν
928 2265 1097 2334 αὐτῆς
1127 2266 1313 2335 ὥσπερ
1345 2264 1767 2333 κατασκηνῶσαι
1793 2280 1806 2293 ⁸

426 2349 562 2402 Ἀλλ’
596 2350 790 2402 οῦκουν
819 2351 909 2403 τὸν
939 2351 1218 2422 ἀχώρητον
1245 2347 1313 2420 ἦν
1350 2352 1485 2413 ὅλως
1519 2352 1835 2422 χωρηθῆναι
1859 2367 1874 2379 ·

413 2439 601 2492 Ταῦτα
640 2443 732 2493 καὶ
767 2443 878 2509 γὰρ
913 2443 1232 2510 ἐπλήρωσεν
1270 2445 1303 2513 ἡ
1336 2444 1456 2513 χεὶρ
1497 2442 1663 2495 αὑτοῦ
1694 2444 1789 2495 καὶ
1820 2443 1978 2512 μόνη,

426 2531 514 2593 Ὠς
580 2532 674 2583 ἀπ’
752 2533 920 2601 αὐτῆς
988 2518 1180 2602 μαθεῖν
1254 2534 1369 2586 ἔστι
1432 2535 1531 2603 τῆς
1591 2533 1809 2602 νύμφης
1872 2535 1981 2586 τῶν

1568 2623 1585 2695 [
1604 2624 1910 2694 ’ᾼσμάτωνο

938 2711 1060 2763 Τῶν
1088 2710 1137 2779 γ’
1160 2712 1457 2779 Πατέρων.

490 2797 826 2866 Ἀδελφιδός
844 2816 964 2867 μου
987 2800 1306 2853 ἀπέστειλε
1334 2800 1504 2868 χεῖρα
1525 2799 1711 2853 αὑτοῦ
1731 2800 1851 2854 ἀπὸ
1869 2798 1978 2869 τῆς

408 2887 585 2954 huic.
612 2890 705 2942 καὶ
738 2890 776 2957 ἡ
809 2892 1008 2943 κοιλία
1029 2908 1146 2958 μου
1170 2891 1421 2958 ἐθροήθη
1447 2890 1537 2943 ἐπ’
1559 2892 1767 2944 αὐτόν.

494 2978 653 3045 Ἐγὼ,
681 2980 836 3047 φησὶ,
875 2982 967 3030 καὶ
998 2979 1184 3047 quatiat
1215 2980 1398 3031 πᾶσαν
1446 2979 1578 3046 ὲμοῦ
1626 2980 1723 3047 τὴν
1774 2978 1971 3049 θύραν,

409 3071 540 3124 ὥσθ’
572 3072 927 3136 ὑποδέξασθαι
971 3073 1206 3141 Χριστὸν
1242 3072 1333 3123 τὸν
1372 3072 1545 3139 Λόγον
1578 3072 1673 3124 καὶ
1719 3070 1974 3140 νυμφίον.

412 3164 560 3234 Πλὴν
613 3162 767 3229 μόλις
796 3162 1138 3232 εἰσελήλυθεν
1198 3164 1232 3232 ἡ
1283 3164 1405 3232 χεὶρ
1448 3160 1616 3215 αὑτοῦ
1669 3162 1759 3213 καὶ
1817 3162 1973 3230 μόνη.

2086 1993 2314 2046 semitas
2342 1994 2515 2048 direxi
2545 2036 2557 2058 ,
2597 2014 2663 2050 ne
2689 1997 2801 2049 ullo
2834 2015 3073 2067 unquam
3108 2010 3351 2071 tempore
3383 2021 3467 2059 me
3500 2014 3652 2059 retro

2084 2094 2419 2143 convertam.
2474 2094 2532 2139 ut
2575 2087 2852 2154 inquinent
2887 2092 3029 2144 illos.
3075 2090 3199 2146 llmc
3232 2109 3447 2162 sponsa:
3488 2098 3654 2151 verba

2083 2189 2318 2241 sponsus
2346 2193 2468 2227 cum
2517 2177 2785 2243 audisset,
2827 2182 2878 2232 in
2925 2181 3182 2236 interiore
3215 2183 3335 2251 ejus
3377 2186 3541 2239 veluti
3576 2198 3656 2239 ta-

2082 2269 2378 2325 bernaculo
2411 2274 2573 2324 voluit
2617 2273 2862 2328 habitare
2897 2296 2907 2336 ;
2947 2277 3039 2331 sed
3071 2279 3242 2339 illttm.
3281 2288 3338 2332 ut
3371 2282 3462 2349 qui
3499 2296 3653 2335 cont-

2083 2361 2341 2428 prehendi
2377 2378 2482 2413 non
2534 2372 2733 2426 potest.
2781 2364 3000 2419 minime
3033 2367 3299 2435 capiebat.
3348 2368 3463 2423 lloc
3506 2370 3654 2424 enim

2081 2464 2245 2503 manu
2277 2453 2484 2518 sponsi.
2521 2467 2693 2519 eaque
2728 2455 2840 2507 sola
2886 2456 3194 2524 replebatur
3230 2476 3244 2512 :
3280 2466 3337 2513 ut
3380 2474 3446 2514 ex
3482 2459 3654 2530 ipsius

2081 2553 2294 2609 sponsae
2327 2551 2489 2594 cantu
2526 2558 2817 2610 possumus
2842 2545 3165 2617 intelligere.

2639 2725 2818 2779 Trium
2847 2725 3093 2782 Patrum.

2153 2812 2329 2882 Nepos
2357 2831 2499 2869 meus
2556 2817 2697 2869 misit
2738 2836 2948 2872 manant
2985 2837 3136 2873 suam
3185 2836 3276 2889 per
3305 2822 3561 2891 foramen,
3601 2834 3652 2880 et

2082 2922 2255 2965 venter
2283 2928 2425 2964 meus
2452 2913 2718 2965 intremui!
2751 2913 2819 2965 nd
2850 2923 3045 2967 tactum
3071 2916 3205 2983 ejus.

2150 3003 2262 3057 Etsi
2316 3014 2508 3061 totum.
2563 3008 2755 3071 inquit,
2813 3006 3013 3058 ostium
3071 3023 3248 3061 meum
3321 3010 3527 3076 aperui,
3589 3020 3648 3064 ut

2080 3093 2355 3151 Christum
2394 3094 2627 3147 Verbum
2664 3105 2715 3147 et
2746 3111 3006 3163 sponsum
3059 3114 3236 3152 meum
3264 3101 3596 3169 susciperem
3630 3120 3645 3164 ;

2079 3194 2258 3239 tamen
2314 3187 2401 3239 vix
2439 3202 2629 3239 manus
2665 3188 2807 3253 ejus.
2844 3203 3013 3252 eaque
3066 3189 3178 3243 sola
3243 3191 3485 3246 immissi
3541 3202 3639 3249 est.

408 3254 571 3307 Ὅθεν
632 3254 694 3306 τὸ
760 3253 990 3324 μέγεθος
1046 3252 1214 3307 αὐτοῦ
1284 3253 1538 3322 μεγάλως
1599 3243 2151 3329 κατεπλάγην.8ηῃ

1887 3268 1971 3348 ηξ·
2003 3243 2048 3304 c
2080 3276 2265 3344 Itaque
2288 3276 2728 3342 magnitudinem
2752 3277 2922 3343 ipsius
2953 3292 3279 3348 magnopere
3315 3296 3431 3335 sum
3467 3283 3634 3337 admi-

405 3345 603 3408 Καλῶς
644 3345 1036 3415 ἐφιλοσόφησεν
1070 3347 1104 3412 ὴ
1156 3344 1372 3415 καθαρὰ
1410 3342 1697 3413 παρθένος.
1754 3343 1817 3395 Ἦ
1865 3343 1974 3396 τῶν

405 3436 706 3506 ἀνθρώπων
735 3436 839 3507 γὰρ
872 3437 1054 3506 φύσις,
1096 3437 1129 3505 ἡ
1167 3437 1310 3490 πάνυ
1344 3434 1653 3506 βραχυτάτη
1687 3451 1813 3487 om:
1848 3460 1853 3465 ν
1882 3433 1972 3495 κὸς

405 3528 567 3595 φύσιν
622 3526 811 3597 θεῖκὴν
861 3526 956 3580 τοῦ
1023 3526 1337 3595 θαυμαστοῦ
1398 3526 1669 3596 νυμφίου,
1910 3524 1971 3576 όὺ

403 3620 624 3679 δύναται
659 3621 875 3687 χωρεῖν,
916 3620 1069 3689 φησι,
1102 3619 1202 3685 τὴν
1231 3618 1513 3687 θειοτάτην
1544 3617 1726 3685 φύσιν,
1762 3617 1885 3668 ὅσον
1914 3618 1971 3667 ὲν

414 3710 750 3779 ὑπολήψεσιν
814 3710 909 3762 καὶ
964 3713 1083 3769 ταῖς
1141 3709 1461 3770 θεολογίαις.
1520 3707 1798 3773 ’Λνέστην
1861 3706 1975 3775 ἐγὼ

402 3801 637 3864 ἀνοῖξαι
669 3800 749 3865 τῷ
785 3800 1084 3869 ἀδελφιδῷ
1123 3816 1263 3867 μου·
1318 3798 1513 3868 χεῖρές
1544 3815 1665 3865 μου
1706 3797 1975 3861 ἕσταξαν

402 3894 700 3961 σμύρναν,
756 3890 1047 3944 δάκτυλοί
1090 3909 1210 3959 μου
1265 3892 1544 3959 σμύρναν
1606 3889 1807 3955 πλήρη
1874 3887 1973 3939 ἐπὶ

400 3978 600 4046 χεῖρας
658 3978 761 4031 τοῦ
825 3978 1126 4045 κλείθρου.
1192 3978 1353 4045 Ἐγὼ,
1402 3979 1587 4046 φησιν,
1652 3977 1727 4039 ὡς
1785 3977 1970 4047 ἧνοιξα

402 4070 660 4133 δέξασθαι
691 4070 783 4122 τὸν
822 4071 1076 4138 νυμφίον,
1122 4071 1369 4131 κάκεῖνος
1400 4063 1467 4139 ἦν
1512 4067 1818 4138 ἀχώρητος,
1878 4068 1970 4120 ἀν-

403 4163 567 4229 έστην
599 4162 735 4231 πρὸς
770 4160 1025 4213 ἐπίπονον
1058 4161 1148 4213 καὶ
1178 4161 1453 4231 θειοτέραν
1476 4162 1650 4226 τάξιν,
1673 4163 1820 4222 ὅπως
1853 4163 1962 4221 τοῖς

404 4256 587 4315 πόνοις
614 4255 722 4314 τοῖς
755 4252 987 4317 πολλοῖς,
1016 4253 1217 4322 σαρκός
1241 4270 1298 4306 τε
1329 4256 1395 4324 τῇ
1436 4252 1722 4323 νεκρὼσει,
1764 4254 1967 4307 πλατύ-

399 4360 557 4411 τερον
601 4342 796 4408 ἁνοίξω
826 4360 928 4411 μου
960 4344 1051 4396 τοῦ
1079 4343 1346 4414 λογισμοῦ
1395 4345 1491 4414 τὴν
1519 4346 1712 4416 θύραν,
1754 4350 1848 4401 καὶ
1879 4349 1969 4401 τὸν

400 4438 687 4506 ἀχ·ῖρητον
736 4436 798 4488 τὸ
848 4436 978 4506 πρὶν
1030 4436 1353 4505 εἰσδέξωμαι
1400 4438 1654 4508 νυμφίον.
1706 4440 1866 4494 Ὅθεν
1914 4444 1968 4494 αἱ

397 4527 575 4596 χεῖρές
602 4544 724 4594 μου,
752 4528 903 4595 φησὶ,
932 4527 1070 4595 μετὰ
1094 4528 1187 4578 καὶ
1217 4527 1324 4581 τῶν
1347 4528 1626 4581 δακτύλων
1646 4532 1757 4593 τοῖς
1786 4532 1969 4595 πόνοις

399 4618 645 4687 σμύρναν
676 4617 901 4683 ἐσταξαν
946 4619 1138 4689 μέχρις
1176 4621 1342 4672 αὑτοῦ
1369 4620 1461 4673 τοῦ
1490 4620 1740 4693 κλείθρου
1763 4640 1777 4654 ⁸
1815 4642 1972 4676 τουτ-

397 4708 565 4770 έστιν,
613 4708 1100 4778 ’Δπενέκρωσαμτὰ
1140 4710 1272 4779 μέλη
1301 4712 1400 4780 τῆς
1432 4713 1633 4782 σαρκός
1662 4731 1782 4783 μου,
1811 4715 1970 4785 μέχρι

397 4801 465 4850 τὰ
516 4799 741 4868 κλεῖθρα
790 4801 1083 4869 σύμπαντα
1114 4804 1212 4871 τῆς
1247 4801 1417 4872 θύρας
1469 4804 1657 4873 ἣνοιξά
1709 4824 1835 4875 μου,
1876 4809 1970 4860 καὶ

396 4890 583 4951 πάσας
624 4890 935 4942 ἀνεπέτασα
986 4891 1085 4953 τὰς
1129 4892 1306 4962 ψυχῆς
1358 4892 1661 4961 αξσθήσεις.
1720 4896 1970 4960 Ἥνοιξα

394 4979 508 5043 ἑςῲ
544 4978 623 5044 τῷ
651 4981 948 5049 ἀδελφιδῷ
966 5001 1105 5051 μου,
1143 4983 1239 5035 καὶ
1276 4986 1308 5035 ό
1334 4984 1786 5054 ἀδελφιδόςμου
1824 5000 1971 5055 παρ-

394 5072 601 5137 ῆλθεν.
646 5073 805 5125 Ἀλλὰ
848 5074 950 5127 κᾶν
989 5074 1195 5143 ἣεδοιξα,
1240 5077 1425 5144 φησιν,
1458 5078 1675 5139 ἁπάσας
1724 5097 1824 5148 μου
1868 5080 1967 5144 τὰς

395 5162 587 5230 θύρας,
642 5164 750 5216 οὐδ’
810 5165 981 5227 οὕτως
1036 5162 1104 5235 ἦν
1158 5184 1248 5235 μοι
1300 5170 1542 5237 χωρητὸς
1584 5171 1809 5238 ὀΛὸγος
1871 5174 1965 5225 καὶ

399 5255 653 5324 νυμφίος.
723 5258 896 5323 Ψυχή
928 5274 1046 5326 μου
1084 5257 1339 5325 ἐξῆλθεν
1402 5262 1471 5312 ἐν
1540 5262 1700 5331 λόγῳ
1753 5264 1959 5319 αὐτοῦ.

393 5342 545 5409 Εἶτα,
580 5348 764 5416 φησιν,
799 5348 1061 5416 ἀνύψωσα
1111 5351 1201 5402 τὸν
1255 5352 1378 5403 νοῦν
1432 5352 1565 5422 πρὸς
1610 5355 1701 5407 τὸν
1748 5356 1956 5426 αἰθέρα,

390 5437 630 5491 ποθοῦσα
676 5439 942 5508 δήπουθεν
996 5442 1187 5510 μαθεῖν
1246 5446 1415 5511 σαφές
1466 5462 1518 5496 τι
1575 5448 1701 5515 περὶ
1742 5449 1955 5503 τούτου.

404 5528 546 5580 Ἀλλ’
582 5531 729 5597 ὅμως
772 5530 1103 5599 ὑψηλότερος
1152 5536 1245 5585 καὶ
1298 5536 1407 5586 τῶν
1456 5539 1635 5605 νεφῶν
1691 5540 1953 5609 ὑπῆρχεν.

387 5621 525 5686 Φησὶ
582 5620 689 5689 γὰρ
738 5617 855 5673 εἶτα
921 5624 1150 5694 καθεξῆς
1201 5627 1233 5692 ἡ
1277 5626 1461 5695 νύμφη
1510 5630 1604 5681 καὶ
1653 5631 1952 5699 παρθένος·

402 5712 688 5775 Ἐζήτησα
717 5713 924 5778 αὑτὸν,
964 5716 1061 5766 καὶ
1106 5720 1217 5783 οὐχ
1248 5716 1424 5786 εὖρον
1445 5724 1648 5784 αὐτὸν,
1691 5721 1956 5777 ἐκάλεσα

387 5804 571 5854 μηδ’·
595 5804 688 5856 καὶ
730 5807 837 5871 οὐχ
872 5806 1180 5876 ὑπήκουσέ
1197 5827 1332 5877 μοι’.
1384 5812 1491 5865 Καὶ
1522 5813 1633 5877 πῶς
1666 5815 1770 5885 γὰρ
1801 5816 1950 5886 εὗρε·

2077 3377 2214 3422 rata.
2250 3368 2515 3421 Praeclare
2540 3384 2671 3437 pura
2706 3369 2853 3437 virgo
2876 3369 3311 3440 philosophatur.
3343 3372 3638 3427 Hominum

2075 3458 2218 3511 enim
2253 3468 2444 3511 natura
2470 3460 2649 3511 minor
2676 3469 2778 3523 est,
2803 3474 2963 3525 quam
2995 3470 3047 3512 ιιι
3078 3460 3314 3515 divinant
3339 3462 3643 3519 admirandi

2078 3545 2243 3600 Verbi
2276 3556 2530 3601 naturam
2563 3549 2821 3617 Opinione
2852 3560 2943 3604 aut
2971 3552 3197 3606 scientia
3228 3564 3394 3622 queat
3425 3556 3645 3609 univer-

2075 3654 2188 3692 sam
2220 3639 2703 3708 comprehendere.
2762 3641 3008 3705 Suri-exi,
3056 3653 3109 3695 ut
3163 3647 3423 3711 aperirem
3474 3649 3644 3713 nepoti

2075 3746 2209 3782 meo.
2245 3729 2438 3784 Manus
2468 3748 2593 3784 mea:
2624 3733 2959 3786 stillaverunt
3003 3735 3272 3801 myrrham
3302 3751 3321 3789 :
3360 3736 3515 3807 digiti
3547 3738 3646 3791 mei

2074 3821 2347 3889 myrrham
2377 3820 2585 3889 plenam
2620 3823 2674 3874 in
2717 3840 2902 3877 manus
2936 3824 3152 3891 pessuli.
3213 3825 3345 3894 Ego,
3383 3835 3441 3880 ut
3474 3841 3643 3894 spon-

2074 3927 2218 3973 sum.
2260 3913 2457 3981 inquit,
2483 3917 2812 3982 exciperem,
2837 3917 3046 3984 aperui.
3078 3916 3249 3969 Atille
3273 3918 3643 3986 penetralibus

2074 4003 2212 4057 meis
2244 4005 2362 4073 capi
2399 4018 2508 4057 non
2550 4013 2781 4073 poterat.
2832 4005 3054 4061 Surrexi
3088 4007 3151 4061 ad
3207 4008 3536 4063 laboriosum
3586 4018 3644 4064 et

2074 4092 2244 4159 magis
2269 4094 2513 4147 divinum
2540 4095 2810 4159 ordinem,
2837 4105 2895 4148 ιιι
2925 4111 3088 4164 quem
3117 4108 3276 4152 antea
3309 4112 3505 4166 capere
3531 4114 3641 4154 non

2075 4187 2383 4247 potueram,
2417 4181 2696 4237 laboribus
2724 4184 2907 4239 multis
2930 4192 2982 4238 et
3013 4185 3197 4240 carnis
3229 4185 3643 4242 tuortillcatione

2074 4272 2319 4327 latiorem
2353 4275 2696 4344 cogitationis
2737 4284 2946 4344 portam
2981 4277 3337 4345 patefaciens.
3373 4294 3635 4347 sponsum

2072 4363 2610 4432 comprehenderem.
2666 4364 2818 4419 Unde
2870 4381 3063 4419 manus
3096 4382 3252 4431 meae,
3289 4368 3487 4436 inquit,
3516 4382 3637 4422 cum

2073 4453 2257 4524 digitis
2304 4455 2646 4510 continenter
2680 4457 2953 4525 myrrham
2986 4457 3321 4511 distillarunt
3366 4473 3538 4528 usque
3571 4460 3635 4513 ad

2002 4567 2047 4625 υ
2076 4546 2376 4613 pessulum.
2428 4545 2571 4610 Quin
2606 4546 2768 4599 etiam
2810 4548 3041 4615 pessulis
3088 4548 3343 4603 omnibus
3397 4549 3638 4603 reductis

2074 4635 2218 4687 fores
2249 4634 2455 4702 aperui,
2498 4633 2551 4687 id
2580 4644 2685 4697 est,
2734 4636 2919 4690 carnis
2950 4653 3081 4691 mea:
3113 4638 3370 4692 membris
3406 4641 3637 4693 mortiti-

2070 4725 2227 4790 catis,
2255 4726 2450 4779 anima:
2478 4740 2673 4781 sensus
2696 4742 2884 4781 omnes
2917 4729 3165 4797 patefeci.
3191 4728 3364 4783 Pandi
3386 4730 3525 4797 [ores
3544 4748 3642 4783 ue-

2069 4818 2179 4883 poti
2209 4834 2318 4870 meo
2342 4834 2361 4871 :
2393 4829 2447 4871 at
2466 4818 2550 4871 ille
2571 4819 2921 4873 declinaverat
2941 4832 3091 4889 atque
3117 4823 3416 4875 transierat.
3439 4823 3639 4886 Quatu-

2071 4907 2153 4961 vis
2200 4906 2344 4962 fores
2382 4923 2531 4962 meas
2567 4908 2912 4977 patr-fecerim
2976 4910 3281 4975 universas,
3322 4927 3428 4965 non
3459 4919 3637 4965 tamen

2068 4998 2303 5052 Verbum
2343 5007 2394 5053 et
2423 5014 2679 5068 sponsum
2716 5002 2862 5066 potui
2898 5002 3384 5069 comprehendere.
3443 5004 3635 5055 Anima

2069 5106 2181 5143 utea
2203 5107 2409 5161 egressa
2439 5101 2534 5155 est,
2566 5101 2621 5143 ut
2648 5108 2803 5157 nepos
2841 5094 3046 5146 locutus
3097 5103 3173 5147 est
3211 5109 3375 5148 meus.
3428 5092 3633 5148 Sustuli

2066 5192 2299 5238 mentem
2331 5200 2525 5242 meam.
2557 5185 2754 5253 inquit,
2793 5186 2858 5239 ad
2920 5186 3146 5248 coalum,
3202 5194 3260 5237 ιιι
3315 5185 3383 5238 de
3438 5186 3636 5240 dilecto

2063 5288 2185 5328 meo
2220 5274 2423 5343 aliquid
2454 5274 2831 5346 intelligerent.
2884 5277 2953 5329 At
2992 5276 3077 5329 ille
3123 5276 3263 5329 crelo
3303 5283 3421 5331 erat
3458 5278 3632 5331 subli-

2064 5366 2204 5418 lnior
2230 5367 2423 5418 multo.
2457 5365 2546 5418 Sic
2581 5369 2724 5419 enim
2768 5366 3029 5436 deinceps
3065 5367 3303 5435 loquitur
3343 5382 3543 5434 sponsa
3580 5380 3631 5420 et

2061 5459 2215 5526 virgo
2243 5476 2254 5510 :
2293 5459 2545 5524 Quwsivi,
2579 5468 2627 5511 et
2653 5477 2753 5510 nou
2788 5460 2957 5513 inueni
2988 5458 3137 5511 illum
3165 5476 3183 5513 .'
3214 5460 3410 5521 vocari,
3444 5469 3495 5513 et
3524 5475 3628 5512 non

2063 5550 2325 5616 respondit
2365 5550 2515 5602 mihi.
2551 5548 2867 5618 Ecqnonam
2910 5549 3071 5601 modo
3100 5548 3330 5601 inveniri
3381 5563 3626 5617 compre-

2062 5639 2333 5705 hcndique
2366 5640 2565 5705 poterit
2603 5639 2671 5697 is.
2705 5640 2794 5704 qui
2843 5639 2980 5691 nihil
3014 5650 3095 5692 est
3128 5653 3314 5691 eorum
3367 5653 3487 5707 qua:
3523 5654 3617 5692 co-

2055 5729 2294 5798 gnitione
2326 5730 2720 5798 percipiuntuz,
2761 5745 2865 5782 non
2896 5730 3123 5796 species,
3158 5744 3265 5783 non
3294 5728 3483 5797 ﬁgura,
3513 5745 3620 5783 non

2057 5820 2224 5887 locus,
2275 5836 2379 5875 non
2413 5820 2736 5889 quantitas?
2779 5819 3089 5874 lttt'eltet‘lllll
3124 5837 3202 5875 me
3249 5820 3487 5877 custodes
3524 5821 3613 5884 qui
