4424 6446
776 428 884 491 6-13

2056 416 2470 479 illlCIIAELIS
2512 412 2775 475 PSELLI

3927 405 4033 469 644

785 551 972 595 tamen
1028 555 1096 594 ne
1134 538 1272 593 forte
1302 536 1639 609 speculando
1681 533 1959 605 agendove
1992 533 2232 601 decepta:
2262 546 2362 600 pro
2395 542 2432 597 Α
2464 528 2513 581 δ’

2286 546 2362 584 ιιο
2395 542 2432 597 Α
2464 528 2513 581 δ’
2545 531 2601 581 αί
2629 526 2837 597 ταύτης
2872 524 3175 596 μαθήτριαι
3208 524 3287 585 εἰς
3320 519 3651 590 ἀναζήτησιν
3673 515 3765 570 τοῦ
3801 519 4033 585 νυμφίου

801 647 900 686 nee
963 630 1221 685 tenebras
1271 630 1674 696 amplectantur
1734 642 1748 678 :
1800 627 1984 691 itaque
2038 622 2353 691 magistratu

781 721 1117 788 interrogant
1147 720 1291 771 hunc
1318 718 1371 770 in
1409 717 1626 769 modum
1668 733 1681 765 -.
1720 714 1908 779 Qualis
1945 722 2021 766 est
2055 726 2209 778 nepos
2236 720 2355 763 tuus

780 828 847 867 ea:
878 822 1077 878 nepote,
1112 827 1140 863 ο
1176 812 1395 878 pulchra
1422 810 1556 862 inter
1579 806 1865 861 mulieres?
1896 804 2070 874 qualis
2098 815 2173 858 est
2200 820 2357 871 nepos

784 918 900 958 tuus
929 919 994 958 ea:
1025 910 1231 971 nepote,
1265 902 1388 970 quia
1421 903 1499 956 sic
1530 899 1797 969 adjurasti
1850 900 1984 952 nos?
2017 897 2229 962 Quibus
2282 898 2359 951 in-

781 995 1294 1065 diciisdignuscitur
1318 993 1370 1046 in
1422 991 1888 1060 eontemplando?
1921 1007 1989 1046 ne
2015 993 2133 1045 loco
2163 992 2355 1062 ipsius,

780 1099 901 1137 eum
930 1085 1021 1153 qui
1054 1098 1113 1137 se
1145 1084 1319 1137 lucem
1353 1082 1573 1137 simulat
1606 1082 1673 1143 “,
1708 1096 1831 1135 cum
1860 1081 1934 1136 sit
1958 1081 2221 1145 tenebrae,
2262 1095 2358 1149 pro

781 1175 1014 1228 veritate
1046 1173 1390 1228 mendacium
1420 1172 1682 1242 amplexae
1709 1172 2082 1241 suscipiamus
2115 1187 2129 1225 :
2165 1186 2196 1225 ο
2242 1184 2359 1240 spe-

785 1266 933 1319 ciosa
967 1266 1109 1319 inter
1139 1280 1234 1319 eas
1262 1278 1381 1333 quae
1414 1262 1491 1317 illi
1545 1271 1676 1317 sunt
1734 1263 2099 1330 desponsatze,
2169 1270 2357 1331 utpote

782 1355 1021 1424 perlecta
1083 1362 1136 1408 et
1198 1354 1459 1423 magistra
1517 1355 1784 1408 omnium.
1843 1352 1909 1406 Et
1960 1354 2162 1423 quibus
2227 1356 2354 1407 item

781 1445 957 1515 signis
982 1447 1034 1499 in
1067 1447 1275 1515 agendo
1302 1445 1713 1516 distinguitur?
1757 1461 1822 1499 ne
1854 1446 2357 1514 perturbationibus

781 1550 882 1607 per
932 1537 1150 1591 virtutis
1204 1551 1487 1591 excessum
1512 1536 1772 1605 decepta),
1822 1547 1877 1590 et
1905 1536 2067 1591 rebus
2102 1536 2358 1591 secundis

782 1628 1049 1698 pellectus,
1075 1641 1174 1695 pro
1224 1628 1371 1681 bono
1414 1625 1615 1679 malum
1657 1628 2105 1695 complectamur.
2144 1625 2265 1679 Haec
2294 1641 2356 1678 ex

789 1730 841 1772 te
887 1718 1210 1785 quaerimus,
1267 1718 1395 1785 quia
1462 1731 1564 1770 nos
1610 1716 1968 1784 jurejurando
2018 1716 2356 1776 devinciens.

783 1808 989 1862 amoris
1028 1809 1298 1861 llamiuam
1360 1808 1413 1859 in
1467 1807 1630 1861 nobis
1676 1821 1802 1875 erga
1843 1806 1993 1859 illum
2058 1805 2356 1869 suscitasti,

2460 618 2628 687 αὐτῆς
2680 616 3067 687 διεγερθεῖσαι,
3130 615 3224 666 καὶ
3284 611 3572 665 δεδοικυῖαι
3634 611 3828 679 μήπως
3892 609 4037 662 κατά

2467 705 2705 774 θεωρίαν
2739 706 2772 776 ἢ
2830 704 2971 758 κατά
3001 704 3200 775 πρᾶξιν
3240 703 3630 773 ἀπατηθεῖσαι,
3681 702 3868 761 σκότος
3914 700 4035 752 ἀντὶ

2462 799 2641 867 φωτὸς
2682 797 3069 864 ὑποδέξωνται,
3117 794 3372 856 τοιαύτας
3425 792 3703 846 ποιοῦνται
3752 792 3850 854 τὰς
3898 793 4033 843 ἀπο-

2464 890 2673 959 κρίσεις
2726 888 2864 958 πρὸς
2908 886 3005 958 τὴν
3038 885 3395 939 διδάσκαλονο
3436 885 3497 937 Τί
3540 882 3870 951 ἀδελφιδός
3918 897 4035 935 σου

2459 979 2577 1035 ἀπὸ
2599 976 2927 1046 ἀδελφιδοῦ
2965 976 3003 1042 ἢ
3037 975 3194 1044 καλὴ
3220 975 3292 1028 ἐν
3314 973 3557 1044 γυναιξί
3573 990 3593 1039 ;
3629 973 3689 1026 Τί
3713 971 4036 1039 ἀδελφιδός

2458 1087 2576 1125 σου
2601 1071 2715 1124 ἀπὸ
2765 1067 3113 1137 ἀδελφιδοῦ,
3149 1066 3237 1120 ὅτι
3279 1065 3542 1134 ὣρκισας
3581 1063 3772 1134 mide;
3804 1062 4035 1133 Δηλαδὴν

2471 1162 2822 1231 Ἀνάγγειλον
2875 1163 3031 1231 ἡμῖν,
3084 1160 3207 1214 τίνα
3258 1161 3395 1212 εἰσὶν
3466 1160 3534 1213 τὰ
3595 1158 3738 1212 κατὰ
3799 1156 4038 1225 θεωρίαν

2460 1254 2819 1322 γνωρίσματα
2859 1251 2953 1305 τοῦ
2981 1251 3270 1322 ἀγαπητοῦ
3300 1268 3392 1303 σου
3414 1265 3427 1279 ·
3465 1248 3554 1303 ἵνα
3586 1250 3661 1319 μὴ
3695 1248 3884 1301 τοῦτον
3919 1264 4030 1300 πα-

2467 1346 2899 1415 ραγνωρίσασαι,
2946 1345 3038 1397 τὸν
3074 1345 3263 1406 σκότος
3295 1344 3423 1396 ὄντα
3462 1344 3556 1395 καὶ
3585 1341 3703 1410 φῶς
3746 1339 4038 1411 ὐποκρινό-

2464 1454 2625 1507 μενον
2677 1436 3062 1507 ὑποδεξὼμεθα
3109 1437 3224 1489 ἀντ’
3276 1435 3461 1497 αὑτοῦ,
3493 1437 3612 1488 ἀντὶ
3642 1434 3740 1504 τῆς
3776 1432 4037 1502 ἀληθείας

2459 1530 2537 1601 τῷ
2581 1530 2772 1600 ψεύδει
2804 1531 3215 1601 παρατυχοῦσαι
3241 1547 3256 1562 ο
3291 1531 3323 1599 ἡ
3378 1529 3687 1596 ὡραιοτάτη
3736 1531 3856 1589 ταῖς
3905 1546 4040 1596 νυμ-

2462 1623 2789 1693 φευομὲναις
2831 1622 2996 1676 αὐτοῦ
3023 1623 3098 1684 ὡς
3119 1620 3302 1674 τελεία
3349 1622 3443 1673 καὶ
3466 1620 3672 1673 τούτων
3696 1617 4034 1679 διδάσκαλος.

2462 1716 2571 1769 Καὶ
2618 1715 2739 1767 τίνα
2780 1714 2942 1766 πάλιν
3001 1713 3108 1764 εἰσὶ
3144 1711 3213 1763 τὰ
3259 1710 3451 1763 τοῦτον
3503 1711 3644 1763 κπτά
3691 1709 3891 1777 πρᾶξιν
3937 1726 4039 1776 χα-

2463 1804 2895 1875 ρακτηρίζοντα;
2927 1805 3116 1866 Ὅπως
3171 1803 3244 1873 μὴ
3289 1802 3375 1855 διὰ
3429 1803 3536 1853 τῶν
3569 1801 3691 1854 καθ’
3734 1800 4039 1869 ὑπερϐολὴν

783 1901 1144 1969 cocgistiquc,
1180 1906 1238 1951 ut
1265 1912 1388 1951 eum
1425 1897 1614 1951 sedulo
1649 1900 2047 1966 conquireutes
2088 1897 2362 1952 invenire-
2397 1887 2437 1941 Β
2466 1896 2530 1962 τῆ

2292 1912 2362 1952 re-
2397 1887 2564 1962 Βτῆς
2624 1896 2829 1965 ἀρετῆς
2894 1894 3085 1948 παθῶν
3141 1895 3332 1947 τοῦτον
3391 1894 3902 1964 παραγνωρίσασαι,
3965 1894 4039 1953 ὡς

785 2004 934 2042 mus.

2460 1986 2651 2055 ἁγαθῷ
2695 1986 2773 2055 τῷ
2828 1985 3052 2056 πονηρῷ
3111 1987 3526 2055 περιπέσωμεν,
3582 1986 3873 2038 κλαπεῖσαι
3933 1984 4041 2037 ἀπὸ

782 2084 889 2135 τῶν
920 2083 1134 2147 δεξιῶν.
1168 2082 1353 2135 Ταῦτα
1399 2083 1453 2134 δὲ
1504 2082 1655 2153 παρὰ
1699 2082 1791 2134 σοῦ
1824 2081 2096 2151 ζητοῦμεν
2139 2082 2357 2152 μαθεῖν,
2397 2081 2478 2133 ὃτι
2521 2082 2581 2133 τὸ
2611 2081 2748 2150 πρὸς
2777 2081 2938 2133 αὑτὸν
2969 2079 3191 2150 φίλτρον
3226 2078 3413 2131 ὲνέθου
3444 2079 3595 2148 ἡμῖν,
3663 2076 3818 2144 δίκην
3872 2077 4042 2145 ὅρκου

783 2174 1175 2242 ἀπαναγκάζον
1206 2175 1355 2241 ἡμᾶς
1400 2173 1589 2227 τοῦτον
1616 2174 1931 2243 ἀναζητεῖν,
1966 2176 2057 2226 καὶ
2101 2173 2356 2225 σπεύδειν
2394 2171 2584 2224 τούτου
2617 2174 2915 2241 ἐπιτυχεῖν.

855 2270 1054 2338 Adiuro
1082 2284 1187 2333 vos,
1213 2269 1339 2337 ﬁlia:
1371 2267 1688 2334 Jerusalem,
1743 2284 1834 2333 per
1857 2269 2116 2337 potentias
2166 2280 2211 2322 et
2249 2268 2364 2336 for-

786 2361 1039 2415 titudines
1063 2362 1202 2429 agri,
1240 2361 1286 2413 si
1307 2361 1608 2413 inveneritis
1639 2370 1873 2427 nepotem
1896 2376 2090 2424 meum,
2121 2361 2369 2416 nuntiate

782 2450 888 2515 illi,
922 2466 1002 2504 me
1033 2450 1288 2503 charitate
1313 2466 1425 2503 esse
1460 2449 1807 2504 vulneratam.

1512 2629 1701 2683 Pselli.

858 2721 1088 2791 Adjuro,
1120 2721 1318 2791 inquit,
1348 2738 1447 2776 vos
1473 2738 1567 2792 per
1596 2722 1712 2792 agri
1753 2720 2076 2791 potentiam,
2108 2722 2208 2775 hoc
2260 2727 2364 2783 est,

786 2828 885 2884 per
936 2814 1135 2867 divina:
1170 2814 1456 2867 ebaritatis
1489 2815 1618 2878 vim,
1675 2822 1733 2867 ut
1765 2828 1968 2882 sponso
2029 2813 2365 2867 desiderium

798 2921 977 2959 meum
1017 2906 1295 2959 indicetis.
1336 2904 1431 2960 His
1465 2906 1684 2975 quidem
1740 2906 1919 2959 verbis
1946 2921 2147 2971 sponsa
2203 2920 2366 2975 auge-

791 2995 876 3049 Ios
898 2994 1226 3048 obtestatur.
1254 2996 1322 3047 At
1354 2994 1421 3049 de
1454 2996 1639 3065 sponsi
1675 2996 1987 3048 inventione
2015 2994 2368 3063 chpcrantcs

789 3084 954 3136 etiam
977 3083 1294 3150 angelorum
1327 3084 1479 3137 chori
1509 3103 1523 3138 :
1576 3083 1891 3151 Cuiusmodi
1959 3094 2057 3148 est,
2091 3083 2365 3151 inquiunt,

791 3188 952 3240 nepos
989 3173 1158 3225 tuus?
1185 3171 1395 3237 Quibus
1434 3173 1531 3227 tibi
1557 3174 1854 3243 insigniter
1888 3172 2079 3228 notis?
2110 3172 2178 3227 Ut
2216 3173 2372 3242 igna-

793 3277 908 3327 ros,
941 3263 1078 3317 doce
1110 3278 1209 3317 nos
1241 3263 1423 3316 omnia
1463 3264 1771 3335 diligenter.

1343 3542 1526 3595 Trium
1576 3543 1825 3594 Patrum.

865 3632 1055 3702 Incipit
1100 3636 1361 3703 magistra
1415 3637 1602 3704 sponsi
1632 3636 1719 3691 sui
1750 3646 1911 3690 notas
1945 3643 2107 3705 atque
2135 3636 2367 3707 insignia

798 3724 1106 3779 declarare.
1140 3732 1217 3779 Ac
1248 3728 1483 3796 primum
1538 3728 1755 3795 quidem
1812 3744 1872 3780 ea
1905 3730 2199 3797 generatim
2234 3746 2370 3783 enu-

795 3826 1002 3869 inerat:
1033 3818 1225 3886 Nepos,
1261 3819 1536 3885 inquiens,
1568 3834 1735 3881 meus,
1758 3818 2014 3871 candidus
2034 3827 2080 3871 et
2118 3817 2369 3869 rubicun-

795 3908 917 3974 dus,
952 3909 1147 3962 electus
1171 3924 1232 3961 ex
1270 3910 1445 3962 decem
1487 3908 1992 3964 millibus.Dilcctus
2022 3924 2173 3963 mens
2202 3909 2366 3979 (quod

805 3995 873 4048 ad
906 4005 1155 4049 naturam
1195 3998 1431 4050 divinam
1470 4000 1727 4068 pertinet)
1762 4011 1845 4055 est
1875 4002 2144 4055 candidus
2170 4008 2229 4055 ut
2270 4002 2358 4054 lux

797 4087 1081 4140 inaccessa
1114 4104 1126 4140 :
1169 4090 1512 4144 rubicundus
1537 4092 1709 4146 instar
1727 4094 1870 4157 auri,
1891 4094 2034 4163 quod
2062 4096 2273 4147 caneris
2303 4108 2367 4147 ex

801 4177 1033 4228 materia
1092 4180 1473 4234 constantibus
1523 4184 1821 4241 antecellit.
1849 4192 1908 4237 ut
1942 4184 2370 4252 supersubstan-

804 4268 991 4320 tialis:
1054 4268 1263 4322 electus
1327 4287 1392 4323 ex
1453 4274 1638 4325 decem
1701 4275 1964 4339 millibus,
2031 4284 2088 4328 ut
2122 4277 2274 4334 solus
2303 4296 2369 4334 ex

808 4368 963 4426 patre
987 4362 1229 4428 genitus.
1251 4362 1525 4425 Quantum
1559 4372 1735 4416 autem
1766 4373 1974 4433 spectat
2018 4366 2083 4420 ad
2117 4366 2371 4421 humani—

801 4457 989 4507 tatem,
1052 4449 1320 4505 candidus
1384 4460 1488 4515 est,
1526 4463 1581 4505 nt
1644 4470 1814 4522 purus
1870 4463 2033 4524 atque
2064 4458 2271 4528 integer
2302 4461 2371 4513 ab

802 4543 949 4593 muni
989 4553 1215 4608 peccato
1242 4560 1255 4597 :
1287 4544 1649 4603 rubicundus.
1681 4555 1739 4597 ut
1789 4548 1881 4613 qui
1916 4550 2189 4615 proprium
2245 4565 2371 4604 san.

804 4632 1026 4697 guinem
1055 4632 1107 4683 in
1128 4647 1291 4686 cruce
1315 4648 1412 4699 pro
1438 4634 1596 4689 nobis
1619 4635 1843 4689 etludit:
1871 4639 2074 4693 electus
2091 4655 2156 4692 ex
2186 4640 2368 4695 decem

804 4719 1064 4780 millibus,
1090 4729 1148 4771 nt
1178 4722 1330 4774 solus
1362 4722 1480 4791 ipse
1497 4740 1560 4776 ex
1585 4726 1838 4779 omnibus
1854 4729 1972 4780 sine
1993 4728 2198 4782 semine
2215 4738 2374 4785 natus

802 4822 863 4858 ex
898 4810 1132 4876 virgine.
1162 4810 1335 4878 Atque
1370 4812 1436 4864 ad
1463 4813 1606 4867 hunc
1638 4815 1854 4881 quidem
1890 4816 2110 4869 modum
2149 4818 2203 4871 in
2261 4820 2374 4887 spi-

802 4897 909 4948 ritu
948 4899 1091 4952 bune
1148 4904 1601 4970 contenlplatnur.
1667 4905 1850 4961 Rebus
1878 4919 2056 4961 autem
2113 4918 2166 4963 et
2214 4909 2374 4966 factis

802 4989 1097 5041 candidum
1129 4996 1511 5062 experiuntur,
1545 4999 1637 5066 qui
1661 5000 1729 5052 ab
1750 5001 2004 5053 omnibus
2027 5010 2371 5070 peccatorum

804 5082 1018 5149 purgati
1054 5092 1184 5135 sunt
1208 5085 1464 5140 sordibus
1497 5106 1509 5141 :
1541 5089 1931 5154 rubicundum,
1967 5093 2058 5160 qui
2109 5093 2161 5145 in
2197 5094 2375 5148 varias

804 5170 1105 5225 incidentes
1162 5178 1513 5241 tentationes,
1546 5193 1611 5230 ex
1666 5180 1774 5232 illis
1806 5195 1900 5248 per
1946 5182 2287 5248 patientiam,
2320 5191 2377 5234 ut

802 5259 994 5329 igneus
1028 5264 1145 5315 auri
1181 5263 1361 5333 fulgor
1391 5282 1454 5321 ex
1481 5267 1721 5332 fornace,
1746 5272 1955 5338 probati
1982 5272 2330 5341 resplendent
2356 5290 2369 5324 :

801 5357 1032 5405 electum
1055 5370 1119 5407 ex
1153 5356 1339 5410 decem
1374 5359 1637 5423 millibus,
1670 5362 1764 5428 qui
1793 5377 1885 5429 per
1908 5363 2294 5416 absﬁnentiani
2320 5374 2375 5418 et

804 5442 1148 5497 tolerantiam
1186 5449 1434 5501 Inundati
1470 5452 1681 5504 nullum
1713 5455 1767 5505 in
1796 5467 1857 5506 se
1908 5454 2037 5521 ipsis
2069 5453 2367 5508 humanum

803 5534 1087 5587 continent
1129 5538 1342 5602 vitium,
1378 5554 1556 5610 neque
1586 5552 1767 5596 tamen
1800 5555 2083 5613 preplerea
2107 5545 2372 5599 excidunt

804 5622 1227 5684 abbumilitate.
1268 5631 1473 5689 Deinde
1534 5634 1813 5706 sigillatim
1842 5639 2005 5693 etiam
2062 5640 2247 5707 sponsi
2290 5640 2371 5693 sui

875 5800 921 5831 ”
952 5800 993 5855 ll
1029 5804 1152 5858 (Lor.
1185 5821 1264 5872 tu,
1301 5807 1385 5861 Η.

2546 2267 2794 2334 Ὠρκισα
2828 2262 3006 2335 ὑμᾶς,
3030 2265 3349 2335 θυγατέρες
3382 2263 3787 2332 Ἰερουσαλὴμ,
3818 2263 3887 2316 ἐν
3912 2263 4039 2327 ταῖς

2473 2354 2765 2425 δυνάμεσι
2816 2358 2913 2410 καὶ
2968 2357 3038 2410 ἐν
3088 2356 3215 2421 ταῖς
3246 2356 3530 2423 ἱσχύσεσι
3562 2355 3666 2408 τοῦ
3694 2356 3897 2423 dum“),
3932 2357 4041 2409 ἐὰν

2472 2448 2690 2515 εὕρητε
2731 2448 2835 2501 τὸν
2873 2448 3241 2516 ἀδελφιδοῦν
3286 2465 3437 2517 μου,
3494 2448 3887 2516 ἐπαγγείλατε
3949 2446 4039 2500 ὅτι

2467 2543 2795 2612 τετρωμένη
2829 2544 3063 2613 ἀγάπης
3093 2543 3226 2612 ἐγώ.

3116 2636 3379 2690 Ψελλοῦ.

2476 2730 2715 2803 Ὁρκίζω
2744 2731 2828 2799 δὴ,
2859 2729 3045 2798 φησὶν,
3074 2729 3217 2797 ὑμᾶς
3249 2730 3305 2782 ἐν
3331 2732 3396 2798 τῇ
3424 2728 3517 2779 τοῦ
3555 2726 3723 2798 ἀγροῦ
3756 2727 4005 2796 δυνάμει,

2481 2825 2569 2876 Ἐν
2604 2825 2667 2892 τῇ
2706 2821 2888 2891 χάριτι
2921 2821 3019 2889 τῆς
3050 2818 3198 2880 θείας
3230 2819 3570 2882 δυναστείας,

2472 2916 2590 2967 Ἵνα
2628 2914 2717 2965 τὸν
2748 2912 2909 2964 πόθον
2935 2913 3025 2963 τὸν
3059 2910 3190 2979 ὲμδν
3224 2910 3412 2978 εἴπητε
3443 2908 3518 2978 τῷ
3543 2908 3780 2978 νυμφίῳ,

2471 3006 2655 3060 Ταῦτα
2694 3006 2791 3074 μὲν
2821 3003 3245 3073 λελιπάρηκενή
3277 3002 3462 3072 νύμφη
3494 3001 3619 3066 τοὺς
3650 3001 3933 3071 ἀγγέλους.

2482 3099 2912 3169 ’Λμηχανοῦντες
2945 3096 3001 3149 δὲ
3022 3094 3206 3147 λοιπὸν
3235 3094 3331 3164 τὴν
3364 3094 3580 3165 εὕρεσιν
3613 3097 3819 3147 ἐκείνου

2478 3193 2589 3244 Καὶ
2613 3191 2718 3242 τῶν
2736 3189 2984 3257 ἀγγέλων
3005 3187 3054 3240 ol
3083 3187 3255 3257 χοροὶ,
3276 3189 3407 3255 φασὶ
3439 3186 3572 3255 πρὸς
3597 3187 3693 3256 τὴν
3730 3188 3997 3256 παρθένον
4027 3202 4039 3215 ⁸

2482 3280 2545 3331 Ὢ
2574 3278 2813 3340 ποταπός
2847 3295 2933 3339 τις
2964 3277 3201 3345 πέφυκε,
3238 3278 3424 3344 φασὶν,
3462 3278 3741 3344 ἁδελφιδὴ
3780 3294 3902 3343 σοις

2395 3339 2440 3397 C
2486 3371 2571 3422 Ἐν
2600 3370 2706 3422 τίσι
2728 3368 2835 3439 γὰρ
2866 3339 3753 3438 σχηματισμοῖςεχαρακτηρίξεταί
3786 3339 3901 3434 σοις

2474 3461 2691 3525 Δίδαξον
2720 3461 2962 3524 ἅπαντας
2986 3461 3165 3521 καλῶς
3204 3462 3352 3529 ἡμᾶς
3390 3461 3463 3522 ὡς
3489 3460 3831 3527 ἀγνοοῦντας.

2992 3551 3115 3605 Τῶν
3142 3556 3192 3618 τ’
3226 3552 3519 3617 Πατέρων.

2549 3644 2880 3713 ’Λπέιρχεται
2909 3642 3093 3695 λοιπὸν
3131 3644 3164 3713 ὴ
3198 3644 3513 3697 διδάσκαλος
3539 3646 3903 3713 ἀπαγγέλλειν
3946 3648 4039 3699 τοῦ

2470 3737 2705 3804 νυμφίου
2737 3736 2908 3804 αὐτῆς
2973 3735 3040 3788 τὰ
3093 3736 3470 3804 γνωρίσματα.
3517 3738 3628 3789 Καὶ
3681 3739 3894 3806 πρῶτον
3948 3742 4044 3808 μὲν

2471 3827 2739 3897 καθολικῷ
2767 3827 2910 3897 λόγῳ
2939 3827 3111 3880 ταῦτα
3148 3826 3437 3891 διεξιοῦσα,
3466 3828 3649 3897 φησίν
3699 3830 4043 3898 Ἀὃελφιδίς

2465 3937 2584 3987 μου
2639 3918 2859 3983 λευκὸς
2912 3917 3009 3970 καὶ
3062 3916 3327 3984 πυρῤὸς,
3373 3916 3871 3986 ἑκλελογισμένος
3925 3920 4042 3973 ἀπὸ

2465 4008 2791 4077 μυριάδων.
2834 4009 3011 4071 Ἤτοι,
3044 4005 3106 4060 '0
3136 4009 3412 4075 ἀγαπητός
3450 4026 3571 4077 μου,
3624 4009 3761 4060 κατὰ
3812 4011 3909 4078 μὲν
3948 4010 4043 4078 τὴν

2472 4098 2621 4150 θείαν
2668 4099 2830 4166 φύσιν
2857 4097 3047 4159 λευκὸς
3082 4096 3178 4165 μὲν
3229 4096 3303 4159 ὡς
3332 4098 3625 4166 ἀπρόσιτον
3654 4099 3766 4166 φῶς
3792 4115 3803 4127 ·
3838 4101 4043 4170 πυρρὸς

2470 4188 2527 4240 δὲ
2584 4184 2671 4240 οἷα
2726 4186 2925 4257 χρυσὸς
2976 4186 3079 4238 τῶν
3137 4186 3336 4239 λοιπῶν
3390 4188 3531 4239 ὑλῶν
3576 4187 3919 4257 τιμιώτερος,
3970 4188 4045 4250 ὡς

2477 4278 2805 4348 ὑπερούσιος
2830 4293 2842 4306 ·
2883 4278 2977 4329 καὶ
3016 4277 3459 4346 ἐκλελογισμένΟς
3488 4280 3597 4331 ἀπὸ
3641 4281 3937 4349 μυριάδων,
3969 4282 4045 4340 ὼς

2477 4367 2636 4437 μόνος
2670 4368 2734 4419 ἐκ
2776 4368 2981 4436 πατρὸς
3028 4368 3273 4437 ἀχρόνως
3323 4370 3557 4437 τεχθείς.
3618 4372 3776 4423 Κατὰ
3829 4372 3886 4423 δὲ
3945 4372 4045 4440 τὴν

2475 4459 2841 4528 ἀνθρωπίνην,
2867 4458 3059 4521 λευκὸς
3100 4462 3195 4528 μὲν
3226 4460 3300 4521 ὡς
3325 4462 3561 4529 καθαρὸς
3590 4462 3677 4513 διὰ
3702 4463 3762 4514 τὸ
3794 4466 4045 4532 ἀναμάρ-

2473 4566 2634 4615 τητον
2656 4565 2670 4579 ο
2699 4548 2905 4618 πυρῤὸς
2932 4549 3010 4611 δὲ,
3043 4550 3116 4611 ὡς
3147 4549 3205 4601 τὸ
3228 4552 3425 4601 οἰκεῖον
3465 4546 3601 4619 αἷμα
3634 4554 3691 4603 ἐν
3722 4553 3798 4620 τῷ
3832 4555 4044 4623 σταυριῖ.

2398 4667 2451 4726 D
2478 4640 2670 4710 ἐκχέας
2700 4642 2838 4709 ὑπὲρ
2877 4642 3063 4710 ήμῶν’
3105 4643 3200 4693 καὶ
3232 4642 3672 4711 ὲκλελογισμένος
3716 4646 3821 4696 ἀπὸ
3853 4648 4021 4713 μυριὰ

2480 4731 2606 4794 δων,
2640 4731 2713 4792 ὡς
2743 4733 2901 4801 μόνος
2929 4732 3087 4793 αὐτὸς
3122 4733 3230 4783 ἀπὸ
3269 4734 3483 4784 πάντων
3518 4736 3774 4802 ἀσπόρως
3810 4738 3871 4787 ἐκ
3908 4755 4043 4805 παρη

2482 4822 2635 4874 θένου
2689 4821 2923 4890 τεχθεὶς.
2960 4822 3069 4873 Καὶ
3116 4822 3256 4874 οὓτω
3308 4824 3408 4891 μὲν
3464 4822 3749 4893 θεωρεῖται
3786 4824 3935 4890 οὗτος
3991 4832 4047 4879 ἐν

2480 4911 2773 4977 πνεύματι.
2824 4911 2911 4963 Ἑν
2953 4912 3116 4982 πείρᾳ
3150 4913 3205 4965 δὲ
3237 4913 3425 4965 τούτου
3460 4916 3598 4967 κατὰ
3645 4919 3847 4986 πρᾶξιν
3874 4922 4047 4984 γίνον-

2477 5017 2588 5061 ται,
2638 4999 2711 5062 ὡς
2763 5000 2860 5069 μὲν
2903 5000 3119 5065 λευκοῦ,
3154 5004 3202 5053 οἱ
3260 5003 3366 5054 ἀπὸ
3422 5005 3619 5066 παντὸς
3677 5007 4042 5076 καθαρθέντες

2479 5092 2652 5162 ῥύπου
2709 5092 3159 5159 ἁμαρτημάτων·
3196 5092 3269 5154 ὼς
3314 5095 3370 5146 δὲ
3418 5096 3651 5165 πυρροῦ,
3700 5100 3749 5149 οἱ
3785 5100 4044 5161 ποικίλοις

2482 5184 2807 5253 πειρασμοῖς
2842 5185 3250 5252 περιπεσόντες,
3287 5185 3376 5235 καὶ
3406 5186 3481 5255 τῷ
3514 5186 3761 5239 ἐντεῦθεν
3792 5189 3887 5256 τῆς
3915 5191 4044 5242 irro-

2483 5278 2647 5342 μονῆς
2668 5274 2916 5343 δοκιμίῳ,
2938 5274 3010 5335 ὠς
3044 5274 3241 5343 χρυσοῦ
3269 5279 3329 5327 ὲκ
3361 5279 3724 5347 χωνευτηρίου
3751 5282 4043 5351 maiorm,

2479 5364 2895 5433 ἀναλάμψαντες
2921 5379 2934 5391 ⁸
2962 5365 3057 5416 καὶ
3087 5365 3159 5427 ὡς
3193 5366 3645 5436 ὲκλελογισμένου
3695 5370 3803 5421 ἀπὸ
3854 5372 4047 5439 μυριά-

2479 5455 2604 5517 δων,
2636 5458 2683 5507 οί
2716 5456 2772 5507 ἐν
2802 5458 2866 5525 τῇ
2897 5456 2964 5507 δι’
2997 5455 3323 5524 ἐγκρατείας
3355 5455 3621 5527 καθάρσει
3658 5461 3749 5511 καὶ
3804 5465 3869 5529 τῇ
3916 5466 4045 5512 ὑπο-

2484 5550 2619 5616 μονῇ
2659 5547 2789 5616 μήτι
2841 5546 3267 5615 καταδεξάμενοι
3297 5548 3461 5611 πάθος
3485 5552 3540 5601 ὲν
3571 5551 3781 5612 ἑαυτοῖς
3819 5556 4046 5620 pasam

2482 5638 2840 5708 ἀνθρώπινον.
2881 5638 2974 5690 καὶ
3020 5638 3104 5690 διὰ
3130 5638 3288 5691 τοῦτο
3323 5639 3419 5707 τῆς
3452 5643 3946 5711 ταπεινοφροσύνης
3972 5644 4045 5711 μὴ
