4424 6446
384 414 497 478 645

1366 398 1758 465 COMMENT.
1790 395 1868 456 ΙΝ
1908 388 2297 452 CANTICUM
2325 388 2621 452 CANTIC.

3529 392 3637 457 6L6

389 529 827 584 ἐκπεπτωκότες.
863 516 993 573 Εἶτα
1040 519 1133 572 καῖ
1176 514 1318 570 κατὰ
1375 515 1542 584 μέρος
1576 514 1608 582 ἡ
1640 510 1825 579 νύμφη
1866 507 1965 576 τὴν
1995 506 2036 560 Α
2068 516 2136 555 no

1887 507 1965 576 τὴν
1995 506 2036 560 Α
2068 509 2229 556 notas
2265 512 2318 557 et
2343 504 2499 573 signa
2538 503 2916 574 persequitur:
2944 505 3141 574 Caput,
3176 504 3459 576 inquiens,
3496 508 3634 577 ejus.

388 623 496 675 τῶν
546 614 945 687 γνωριτμάτων
997 612 1090 664 τοῦ
1156 606 1390 679 νυμφίου
1451 605 1620 673 αὐτῆς
1670 599 1961 666 ποιουμένη

388 713 666 779 ἐξήγησιν,
700 708 919 776 φάσκεν
960 703 1204 772 ιιέφαλὴ
1250 698 1436 754 αὑτοῦ
1479 696 1734 767 χρυσίον
1766 688 1961 760 ὀφὰτζζ

393 806 620 866 ἰι-ίουν,
670 802 696 850 6
750 798 937 849 τοῦτον
979 796 1100 847 κατ’
1164 791 1352 844 οὐσίαν
1399 786 1605 857 γεννῶν
1653 782 1965 853 ἀπόρρητος

388 890 527 954 Νοῦς
557 891 714 961 (πρὸς
756 889 814 941 ὃν
862 889 938 947 ὼς
992 882 1232 950 κεφαλὴν
1259 883 1286 934 6
1316 881 1556 949 ἄρρητός
1593 874 1759 928 αὑτοῦ
1792 873 1965 939 Λόγος

388 982 483 1035 τοῦ
519 979 799 1050 συμφυοῦς
852 975 972 1029 κατ’
1022 974 1210 1027 οὐσίαν
1262 970 1596 1039 Πνεῦματος,
1630 966 1819 1031 ἀνάγει
1872 961 1965 1014 τὸν

391 1075 659 1142 ἑπόμενον
690 1069 785 1122 νῦν
812 1063 901 1121 οἶα
930 1067 1151 1138 χρυσίον
1196 1060 1582 1132 καθαρώτατον
1610 1058 1719 1111 τῶν
1762 1054 1964 1108 λοιπῶν

389 1166 534 1217 ὑλῶν
592 1160 1035 1232 ὑπερκείμενον),
1076 1156 1295 1209 πάντων
1350 1155 1491 1207 κατὰ
1530 1154 1707 1204 πάντα
1762 1145 1962 1217 τρόπον

391 1257 633 1323 ἀπείρως
668 1253 976 1324 ἐξῴκισται.
1016 1247 1243 1318 Κεφαλὴ
1298 1246 1405 1317 γάρ
1437 1246 1551 1298 ἐστι
1580 1239 1675 1294 τοῦ
1704 1238 1958 1311 Χριστοῦ,

390 1346 530 1398 κατὰ
581 1346 673 1397 τὸν
724 1344 865 1397 θεῖον
908 1338 1248 1402 Ἀπόστο).ον,
1294 1337 1379 1405 ὡς
1423 1334 1556 1395 Θεὸς
1605 1333 1696 1385 καὶ
1749 1332 1958 1400 Πατήρ.

391 1438 608 1490 Τούτων
642 1436 685 1487 δ’
720 1432 891 1494 οὓτως
939 1431 1157 1483 πάντων
1181 1424 1667 1497 ὑπερηρεισμένων
1693 1421 1957 1490 θεωριῶν,

390 1532 484 1581 καὶ
532 1525 674 1577 κατὰ
718 1524 777 1575 τὸ
826 1520 1106 1591 ἐγχωροῦν
1144 1521 1201 1571 ἐν
1251 1518 1415 1587 πείρα
1468 1514 1633 1570 αὑτοῦ
1680 1511 1962 1582 γίνεται,ό

393 1618 558 1687 μηδὲν
590 1617 699 1669 τῶν
722 1616 893 1668 ὅντων
935 1610 1353 1681 ὑπερανατιθεὶς
1383 1607 1477 1661 τοῦ
1525 1610 1641 1668 ταῖς
1677 1601 1960 1657 ἀναποδεί-

392 1723 538 1767 κτοις
597 1700 1001 1771 μυσταγωγίαις
1055 1697 1345 1766 ἀγνώστοις
1398 1690 1750 1762 νοουμένουῆ
1795 1706 1952 1757 γινων

392 1796 657 1865 σκομένου
700 1793 839 1863 ὑπὲρ
872 1793 1056 1861 νόησιν
1081 1789 1241 1855 λόγου
1278 1787 1373 1854 τῆς
1407 1785 1661 1846 πίστεως,
1695 1782 1789 1835 καὶ
1821 1780 1958 1849 ὑπὲρ

388 1890 481 1941 τοῦ
539 1890 777 1957 τηρῆσαι
824 1885 1034 1950 τοῦτον,
1074 1885 1193 1938 ὅλον
1223 1882 1415 1936 ἑαυτὸν
1464 1882 1575 1943 τοῖς
1631 1877 1955 1947 πειρασμοῖς

390 1980 692 2049 προδιδοὺὴ
736 1976 1029 2030 κάντεῦθεν
1080 1977 1153 2039 ὡς
1210 1979 1268 2029 ἐν
1307 1973 1522 2044 καμίνῳ
1570 1967 1954 2039 καθαρώτατον

388 2068 611 2137 χρυσίον
636 2067 918 2134 φυλάττων
961 2064 1059 2132 τὴν
1089 2064 1273 2115 πίστιν
1304 2061 1593 2131 ἀμείωτον.
1626 2058 1958 2121 Βόστρυχοι

386 2158 572 2211 (ιὺτοῦ
623 2158 846 2219 ἐλάται,
900 2155 1162 2223 μέλανες
1212 2153 1292 2217 ὡς
1350 2150 1557 2218 κόραξ.
1592 2149 1768 2204 Ἤτοι,
1806 2145 1863 2196 at
1896 2145 1955 2195 ἐν

386 2252 525 2317 ἁγίῳ
551 2249 828 2317 Πνεῦματι
860 2247 962 2299 ὑπὸ
992 2246 1085 2298 τοῦ
1137 2242 1471 2309 Μονογενοῦς
1522 2236 1954 2306 ἐκπληρούμεναι

385 2340 478 2391 τοῦ
513 2339 723 2408 Πατρός
759 2337 1018 2400 εὐδοκίαι,
1052 2335 1113 2387 τὸ
1140 2335 1218 2399 ὃν,
1254 2335 1285 2401 ἠ
1326 2331 1458 2399 ζωὴ,
1490 2332 1520 2397 ἡ
1559 2328 1736 2395 σοφία,
1770 2324 1956 2377 καὶτὰ

385 2433 565 2499 ὃμοια.
604 2430 783 2497 "Amp
816 2426 1293 2479 κατακαλύπτουσι
1323 2425 1439 2482 ταῖς
1480 2421 1621 2471 κατὰ
1653 2418 1835 2485 φύσιν,
1868 2410 1957 2469 οἷά

384 2539 505 2573 τινα
544 2519 785 2586 κεφαλὴν
836 2516 1040 2587 τρίχες,
1080 2516 1177 2583 τὴν
1241 2514 1368 2581 μίαν
1418 2510 1592 2579 ἀρχὴν
1639 2509 1735 2561 καὶ
1775 2507 1953 2559 αἰτίαν

385 2610 493 2660 τῶν
529 2609 663 2660 ὅλων
704 2607 810 2661 ὑπὸ
851 2605 1156 2671 κατάληψιν
1194 2605 1363 2663 ποιεῖς
1393 2598 1652 2651 δοκοῦντα
1701 2597 1790 2648 τὸν
1822 2599 1954 2648 ἀκα-

386 2698 679 2763 τάληπτον.
730 2695 948 2746 Ἑλάται
989 2691 1089 2759 μέν
1127 2692 1266 2742 εἰσιν
1298 2688 1479 2756 ὑψηλά
1511 2703 1568 2737 τε
1602 2685 1697 2736 καὶ
1720 2686 1953 2754 οὐρανο-

397 2790 549 2856 μήκη
575 2787 789 2855 δένδρα,
813 2783 887 2846 ὼς
918 2783 1039 2842 τοὺς
1072 2781 1274 2833 τούτων
1301 2779 1440 2831 κατὰ
1467 2777 1693 2844 γνώμην
1740 2778 1959 2842 ἀντεχο-

390 2881 584 2947 μένους
619 2878 676 2929 ἐν
707 2876 783 2945 τῷ
814 2873 1159 2944 προνοεῖσθαι
1192 2871 1260 2922 δι’
1298 2869 1517 2935 ἀγάπης
1545 2868 1653 2919 τῶν
1683 2866 1957 2934 ἐχομένων

392 2970 691 3034 ἀνάγουσαι
719 2966 858 3018 κατὰ
890 2961 1088 3032 πρᾶξιν
1116 2956 1426 3030 μιμητικῶς
1454 2956 1591 3024 πρὸς
1611 2958 1669 3006 τδι
1700 2954 1827 3022 inf/oc
1858 2955 1956 3017 τῆς

387 3058 533 3118 θείας
591 3055 992 3123 μακαριότητος
1018 3068 1031 3083 ’
1087 3052 1313 3119 μέλανες
1344 3049 1387 3101 δ’
1415 3043 1519 3099 οἷα
1550 3044 1737 3116 κόραξ,
1769 3045 1841 3104 ὡς
1875 3043 1953 3112 τῷ

2065 608 2259 646 aurum
2312 595 2527 661 ophatz.
2566 596 2719 651 Mens
2759 596 2848 650 illa
2879 596 3135 650 nimirum
3176 595 3489 662 iueﬂ‘abilis,
3526 598 3640 667 (ad

2068 698 2229 751 quam
2273 690 2331 736 ut
2363 683 2428 736 ad
2458 693 2643 753 caput.
2679 684 2955 740 ineﬂabile
3004 685 3239 740 Verbum
3291 687 3464 757 ipsius
3511 688 3642 742 sub-

2068 773 2325 826 stantiam
2358 776 2769 830 connaturalem
2804 776 3093 845 Spiritum,
3127 777 3293 831 refert
3321 783 3638 847 sequentem

2069 873 2332 927 mentem,
2401 873 2660 935 tanquam
2726 881 2915 922 aurum
2977 867 3334 938 purissimum
3393 867 3639 939 reliquas

2067 958 2324 1011 materias
2383 957 2742 1027 antecedens)
2790 959 3009 1014 arebus
3059 959 3317 1015 omnibus
3365 960 3637 1015 omni.ra-

2066 1046 2214 1101 tione
2239 1047 2408 1101 distat
2437 1047 2667 1103 infinite.
2721 1048 2898 1118 Caput
2935 1050 3080 1105 enim
3127 1050 3359 1115 Christi,
3390 1058 3450 1103 ut
3475 1048 3637 1105 divus

2063 1138 2246 1207 inquit
2277 1139 2737 1208 Apostolus",est
2750 1138 2891 1195 Deus
2912 1148 2966 1195 et
2994 1139 3171 1196 Pater.
3257 1139 3355 1198 His
3377 1141 3638 1197 omnibus

2063 1228 2622 1299 contemplationibus
2653 1233 2728 1286 ita
2762 1233 3175 1296 constitutis,ad
3205 1234 3322 1302 ejus
3350 1236 3638 1304 experien-

2065 1320 2218 1384 tiam,
2272 1332 2536 1392 quantum
2587 1324 2735 1393 capit
2764 1324 3000 1378 humana
3030 1334 3251 1389 natura,
3311 1325 3559 1394 pervenit
3589 1327 3635 1380 is

2064 1412 2153 1480 qui
2172 1412 2294 1467 ﬁdei
2327 1414 2525 1467 rationi
2554 1430 2715 1482 quam
2744 1415 3017 1483 mysteriis
3047 1415 3634 1471 indemonstrabilibuu

2062 1502 2320 1559 iueti'abili
2355 1504 2669 1572 cognitione
2697 1504 3030 1560 intellectam
3056 1516 3151 1561 aut
3169 1508 3445 1578 cognitam
3470 1508 3635 1563 habet

2062 1609 2225 1665 super
2261 1609 2480 1649 omnem
2534 1595 2949 1663 cogitationem,
2992 1598 3123 1652 nihil
3158 1599 3427 1669 praeponit
3455 1600 3632 1655 omni-

2058 1700 2172 1750 eo:
2235 1693 2289 1741 et
2343 1701 2443 1755 pro
2503 1701 2565 1741 ea
2598 1686 2797 1742 tuenda
2830 1690 3314 1760 conservandaque
3371 1700 3539 1746 totum
3573 1705 3633 1745 se

2062 1777 2241 1846 ipsum
2314 1775 2713 1832 tentationibus
2798 1794 2863 1833 ac
2922 1780 3179 1850 periculis
3237 1781 3632 1851 tormentisque

2061 1869 2289 1938 objicit;
2323 1877 2487 1938 atque
2520 1871 2594 1923 ita
2618 1880 2875 1941 tanquam
2908 1873 2963 1927 in
2990 1872 3212 1929 fornace
3235 1888 3430 1929 aurum
3456 1874 3634 1944 puris-

2060 1957 2261 2015 simum
2332 1960 2489 2014 tidem
2551 1961 2750 2017 retinet
2810 1963 3235 2020 immaculatam.
3303 1965 3480 2019 Coma:
3516 1965 3631 2027 eius

2057 2050 2190 2102 sicut
2245 2048 2400 2103 elata:
2423 2050 2764 2117 palmarum:
2823 2053 2992 2123 nigra?
3008 2056 3163 2122 quasi
3190 2071 3400 2109 corvus.
3463 2055 3627 2109 Bona:

2063 2139 2275 2192 scilicet
2325 2137 2507 2194 Patris
2564 2141 2899 2207 voluntates,
2952 2142 3020 2196 ab
3085 2142 3369 2212 unigenito
3409 2142 3545 2196 Filio
3575 2143 3630 2196 in

2065 2227 2281 2297 Spiritu
2335 2242 2527 2283 saneto
2564 2233 2839 2301 expletas;
2878 2248 3056 2299 meus,
3089 2235 3219 2298 vita,
3252 2235 3520 2304 sapientia
3580 2245 3634 2290 et

2058 2321 2145 2374 his
2192 2321 2391 2374 similia
2448 2338 2621 2390 ;quae
2648 2324 2865 2392 quidem
2917 2326 3269 2390 naturaliter,
3318 2333 3378 2379 ut
3446 2326 3630 2395 capilli

2059 2423 2221 2483 caput
2246 2414 2467 2483 aliquod
2525 2424 2736 2484 tegunt,
2772 2432 2939 2470 unum
2968 2417 3291 2486 principium
3315 2424 3369 2471 et
3407 2431 3629 2472 causam

2057 2523 2240 2563 rerum
2306 2510 2717 2572 universarum,
2780 2523 3015 2578 eumque
3063 2509 3157 2579 qui
3239 2510 3630 2580 comprehendi

2057 2616 2165 2655 non
2194 2610 2391 2671 potest,
2422 2602 2674 2655 videntur
2742 2601 2989 2671 redigere
3027 2603 3131 2656 sub
3182 2603 3628 2671 comprehensio-

2058 2708 2208 2747 nem.
2278 2692 2447 2745 Elatae
2498 2692 2717 2759 quidem
2775 2700 2905 2745 sunt
2952 2692 3179 2747 arbores
3210 2693 3529 2748 celsissimze
3562 2694 3628 2747 ad

2059 2784 2260 2837 coelum
2325 2798 2499 2851 usque
2546 2782 2883 2848 tendentes;
2940 2783 3196 2852 quoniam
3247 2798 3342 2838 eos
3370 2784 3464 2853 qui
3505 2770 3631 2838 haec

2057 2877 2244 2929 animo
2273 2876 2698 2943 amplectuntur,
2726 2875 2854 2927 dum
2889 2876 3236 2943 prospiciunt
3264 2890 3329 2931 ea
3354 2890 3476 2945 quas
3533 2890 3631 2944 per

2056 2967 2377 3019 charitatem
2436 2966 2809 3034 possidentur,
2866 2965 3051 3033 operis
3083 2975 3261 3019 autem
3305 2966 3630 3031 imitatiOne,

2061 3059 2372 3127 perducunt
2423 3058 2489 3109 ad
2546 3056 2747 3110 divinae
2803 3056 3163 3113 beatitudinis
3216 3058 3628 3113 sublimitatem.

390 3148 799 3216 ἀνεξερευνήτῳ
831 3146 941 3196 τῶν
977 3144 1260 3213 χριμάτων
1292 3141 1397 3193 τῶν
1430 3139 1589 3189 θείων
1638 3136 1953 3187 συστέλλου·
1981 3156 2025 3215 C
2057 3146 2137 3212 Νη

1879 3152 1953 3187 δυ·
1981 3156 2025 3215 C
2057 3146 2233 3214 Nigrae
2290 3157 2467 3199 autem
2505 3147 2660 3215 quasi
2691 3161 2891 3202 corvus
2927 3163 2939 3199 :
2969 3149 3095 3216 quia
3139 3147 3626 3219 imperrcstigabili

386 3253 478 3287 σαι
532 3236 673 3287 κατὰ
728 3234 963 3302 θεωρίαν
1015 3233 1107 3283 τὸν
1157 3229 1338 3297 νοερὸν
1388 3226 1681 3295 ὀφθαλμόν.
1719 3226 1826 3277 Καὶ
1852 3226 1957 3294 γάρ

384 3327 571 3393 ῶσπερ
600 3325 662 3375 τὸ
695 3323 884 3375 λευκὸν
918 3322 1116 3391 χρῶμα
1145 3319 1382 3386 ὑφαπλοῖ
1414 3320 1512 3386 τὴν
1556 3318 1699 3385 ὄψιν,
1728 3316 1869 3369 οὕτω
1898 3316 1956 3367 τὸ

390 3418 558 3483 μέλαν
593 3416 889 3467 συστέλλει.
927 3417 990 3465 Οἱ
1043 3410 1338 3479 ὀφθαλμοί
1370 3410 1555 3465 αὐτοῦ
1578 3409 1658 3474 ὡς
1688 3422 1956 3475 περιστε-

377 3506 479 3572 ραὶ
508 3505 604 3557 ἐπὶ
641 3505 1000 3570 πληρώματα
1050 3501 1317 3555 ὑδάτωνο
1362 3500 1582 3566 Ἥγουν.
1618 3498 1789 3551 αἰτοῦ
1823 3515 1956 3550 παν-

385 3594 541 3658 αγίου
576 3592 886 3659 Πνεῦματος
919 3590 1187 3658 ἐνέργειαι
1221 3588 1513 3657 (ὀφθαλμοὶ
1542 3588 1745 3656 Κυρίου
1789 3604 1957 3658 προσ-

385 3684 797 3753 αγορευόμεναι,
858 3684 938 3734 ὃτι.
982 3683 1047 3734 δι’
1079 3681 1257 3733 αὐτῶν
1310 3681 1553 3745 πέφυκεν
1633 3681 1954 3734 ἐπισκοπεῖν

384 3776 507 3836 τοὺς
539 3774 633 3825 ἐπὶ
680 3773 779 3841 γῆς
813 3773 843 3823 6
875 3772 1048 3837 Θεὸς),
1084 3770 1158 3832 ῶς
1188 3787 1329 3832 τινες
1354 3770 1680 3839 περιστεραὶ
1705 3772 1797 3822 ἐπὶ
1824 3772 1955 3840 πλήο

388 3883 504 3936 pst;
538 3866 745 3916 ὑδάτων
780 3862 1077 3931 δεξαμενάς
1123 3862 1409 3929 ῶρμηνται
1432 3876 1445 3888 ·
1476 3861 1565 3914 ἐπὶ
1599 3862 1697 3923 τὰς
1753 3863 1952 3930 ἀρετὰς

383 3956 547 4016 οὔσας
577 3953 917 4023 πληρώματα
945 3954 1052 4004 τῶν
1096 3951 1169 4013 ὡς
1203 3951 1409 4003 ὑδάτων
1439 3950 1729 4021 οὐρανόθεν
1757 3968 1953 4021 κατερ-

384 4050 627 4117 χομένων
660 4046 817 4097 Θείων
848 4044 1098 4109 ἐντολῶν,
1132 4044 1219 4095 διὰ
1250 4045 1309 4095 τὸ
1338 4034 1463 4105 τοὺς
1506 4044 1710 4095 τούτων
1762 4044 1950 4108 λόγους

383 4145 448 4208 τῇ
477 4140 671 4207 πράξει
710 4136 1046 4205 πληροῦσθαι
1100 4137 1207 4189 τῶν
1259 4137 1500 4189 ἐντολῶν.
1564 4137 1768 4205 Ὀρμᾷν
1818 4137 1863 4187 δ’
1894 4136 1949 4187 αἱ

382 4231 630 4282 τοιαῦται
665 4229 937 4296 ἐνέργειαι
965 4229 1057 4279 ἐπὶ
1094 4227 1190 4287 τὰς
1218 4228 1416 4295 ἀρετάς
1460 4226 1722 4293 εἴρηνται,
1754 4226 1833 4277 ὅτι
1857 4225 1949 4279 ἐὰν

388 4324 462 4393 μὴ
516 4322 715 4391 Κύριος
751 4320 818 4373 δι’
878 4319 1059 4371 αὐτῶν
1107 4318 1439 4388 οἰκοδομήσῃ
1492 4319 1612 4369 κατ’
1642 4316 1842 4386 ἀρετὴν
1875 4316 1950 4379 ῶς

383 4430 505 4467 τινα
546 4410 693 4464 οἷκον
746 4410 935 4475 αὑτοῦ,
994 4411 1091 4479 τὴν
1144 4408 1205 4459 τὸ
1256 4408 1461 4474 ἀγαθὸν
1507 4409 1949 4477 προαιρουμένην

380 4504 578 4572 ψυχὴν,
611 4506 690 4564 είς
722 4502 898 4571 μάτην
946 4502 1239 4553 ἐκοπίασεν
1272 4501 1300 4551 6
1329 4500 1643 4566 οἰκοδομῶν.
1698 4499 1788 4563 Ὠς
1840 4514 1943 4549 πε-

374 4593 643 4662 ριστεραί
675 4593 754 4655 δὲ,
789 4592 943 4658 φησὶ,
984 4590 1343 4657 λελουμέναι
1400 4590 1469 4642 ἐν
1502 4592 1771 4657 γάλακτι,
1810 4594 1945 4642 καθ-

381 4682 593 4750 ήμεναι
644 4683 741 4733 ἐπὶ
775 4679 1135 4747 πληρώματα
1177 4679 1444 4731 ὑδάτωνο
1477 4680 1676 4747 δηλαδὴ
1711 4680 1949 4749 καθαραὶ

382 4775 561 4842 φύσει.
596 4774 717 4825 Εἰσὶ
758 4773 867 4840 γὰρ
906 4771 1184 4832 παντελῶς
1230 4770 1519 4837 ἁμόλυντοι
1551 4771 1607 4821 αἱ
1649 4771 1743 4823 τοῦ
1776 4773 1945 4823 Πνεῦ-

385 4883 550 4934 ματος
572 4865 864 4932 ἐνέργειαι,
894 4862 1378 4929 ἐπαναπαυόμεναι
1414 4863 1533 4924 ταῖς
1567 4861 1772 4916 τούτων
1805 4866 1945 4917 κατὰ

382 4958 538 5027 χάριν
566 4955 1024 5024 πεπληρωμέναις
1054 4953 1272 5021 ψυχαῖς,
1307 4954 1379 5015 ὡς
1405 4954 1817 5023 καθαρθείσαις,
1848 4960 1943 5009 καὶ

384 5048 783 5117 φωτισθείσαις,
811 5045 949 5117 [καὶ]
983 5044 1403 5106 τελειωθείσαις.
1448 5047 1510 5098 Oi
1547 5048 1645 5114 μὲν
1681 5048 1944 5116 ὀφθαλμοὶ

377 5138 470 5189 τοῦ
486 5139 715 5205 νυμφίου
732 5136 979 5189 τοιοῦτοι,
1000 5140 1071 5189 Al
1088 5138 1140 5187 δὲ
1154 5136 1429 5203 σιαγόνες
1447 5137 1632 5214 αὐτοῦ
1644 5139 1723 5203 ὡς
1734 5139 1940 5207 φιάλαι

379 5229 483 5282 τοῦ
535 5226 836 5296 ἀρώματος
885 5229 1149 5294 salicum“
1201 5225 1525 5295 μυρεψικιὶ.
1580 5227 1770 5280 Εῖτουν
1838 5230 1938 5297 τῆς

380 5321 507 5389 περὶ
543 5321 722 5372 πάντα
753 5318 846 5371 τοῦ
894 5318 1029 5370 Θεοῦ
1078 5321 1333 5386 προνοίας
1362 5321 1410 5369 οί
1436 5318 1583 5384 λόγοι
1636 5320 1816 5387 (οἷπερ
1864 5320 1938 5383 ὥς

375 5430 517 5475 τινες
550 5413 796 5479 σιαγόνες
835 5414 953 5474 ταῖς
982 5412 1287 5480 ἐνεργείαις
1315 5410 1478 5463 οἱονεὶ
1508 5410 1811 5475 κινοῦνται,
1845 5413 1939 5464 καὶ

377 5507 499 5563 τοὺς
558 5504 858 5573 σωτηρίους
906 5504 1013 5555 τῶν
1064 5503 1272 5572 ἀρετῶν
1317 5503 1550 5570 τρόπους
1578 5501 1936 5570 διδάσκουσιν,

377 5597 469 5648 καὶ
519 5596 606 5648 διὰ
648 5597 853 5649 τούτων
910 5594 1292 5665 πνευματικῶς
1327 5594 1605 5663 τρέφουσι,
1634 5593 1931 5660 λεαίνοντές

452 5774 493 5806 ⁸⁷
538 5776 550 5825 ι
590 5774 713 5830 Cor.
750 5778 905 5841 31,5.

2059 3237 2374 3293 divinorum
2430 3237 2766 3306 iudiciorum
2826 3239 3059 3303 ratione,
3094 3240 3297 3295 mentis
3352 3240 3629 3294 oculosin

2058 3326 2529 3393 contemplatione
2589 3327 2969 3382 corroborant.
3015 3328 3151 3382 Nam
3185 3335 3244 3382 ut
3265 3330 3416 3385 color
3467 3330 3625 3384 albus

2055 3417 2235 3469 visum
2281 3416 2579 3485 disgregat,
2625 3417 2698 3469 ita
2757 3418 2911 3488 niger
2963 3421 3275 3474 continuat.
3334 3419 3488 3474 Oculi
3511 3420 3626 3488 ejus

2056 3508 2192 3559 sicut
2224 3506 2483 3560 columba:
2506 3520 2661 3573 super
2685 3507 3034 3576 plenitudines
3070 3526 3351 3579 aquarum.
3385 3509 3630 3566 Sanctis.

2057 3596 2180 3651 simi
2208 3596 2448 3666 Spiritus
2501 3598 2821 3653 aifectiones
2855 3600 3001 3653 oculi
3053 3600 3262 3654 Domini
3320 3610 3621 3655 vocantur:

2054 3688 2309 3756 quoniam
2331 3703 2427 3756 per
2446 3687 2593 3756 ipsas
2610 3687 2750 3743 Deus
2764 3690 3016 3744 mortales
3036 3689 3305 3760 inSpicere
3321 3693 3625 3747 consuevit.

2057 3777 2125 3833 Ut
2156 3777 2422 3831 columba:
2477 3780 2725 3846 quaedam
2769 3777 2835 3831 ad
2859 3780 3049 3848 plenos
3110 3795 3377 3850 aquarum
3440 3782 3626 3836 alveos

2054 3870 2381 3930 incitantur,
2433 3884 2625 3937 nempe
2673 3870 2736 3922 ad
2784 3871 3042 3934 virtutes,
3096 3886 3217 3939 qua:
3246 3886 3533 3941 aquarum,
3569 3874 3622 3927 id

2053 3970 2159 4024 est,
2226 3961 2542 4019 divinorum
2597 3962 2978 4016 mandatorum
3014 3966 3464 4020 descendentium
3497 3977 3626 4021 sunt

2053 4051 2438 4119 conceptacula
2490 4067 2505 4103 :
2565 4054 2692 4119 quia
2774 4066 3055 4107 sermones
3114 4067 3301 4107 earum
3369 4054 3626 4122 operibus

2054 4141 2351 4208 implentur
2386 4139 2790 4192 mandatorum.
2829 4140 3066 4193 Incitare
3088 4149 3269 4194 autem
3310 4140 3622 4197 affectiones

2053 4231 2137 4285 ha:
2168 4232 2233 4285 ad
2278 4231 2511 4285 virtutes
2536 4230 2698 4283 dictas
2738 4240 2862 4284 sunt
2889 4248 2903 4296 ;
2930 4230 3059 4299 quia
3104 4231 3206 4283 nisi
3238 4232 3495 4285 Dominus
3526 4247 3623 4300 per

2054 4324 2202 4391 ipsas
2235 4321 2472 4375 animam
2539 4320 2739 4375 bonum
2795 4321 3083 4388 eligentem
3114 4331 3370 4391 tanquam
3398 4323 3618 4375 domum

2057 4415 2297 4480 aliquam
2360 4427 2513 4464 suam
2548 4412 2920 4477 aediﬁcaverit,
2976 4413 3255 4467 incassum
3291 4413 3617 4483 laboratqui

1981 4479 2022 4531 θ
2054 4479 2313 4557 aediﬁcat.
2366 4502 2517 4556 Sicut
2567 4502 2841 4567 columba,
2876 4503 3073 4571 inquit,
3104 4520 3219 4571 qua:
3260 4506 3313 4556 in
3344 4504 3478 4557 lacte
3498 4479 3619 4559 sunt

2053 4592 2197 4654 lotae,
2254 4602 2301 4644 et
2340 4593 2566 4645 resident
2619 4591 2783 4659 juxta
2830 4591 3030 4656 ﬂuenta
3071 4590 3398 4658 plenissima.
3467 4591 3621 4644 Pura:

2056 4685 2267 4739 scilicet
2296 4699 2357 4735 ac
2385 4686 2606 4752 penitus
2635 4683 2847 4735 mundae
2872 4683 3101 4752 spiritus
3134 4682 3450 4736 aliectiones
3498 4699 3619 4750 qua:

2049 4775 2288 4830 resident
2322 4778 2371 4825 in
2404 4773 2713 4837 animabus,
2746 4788 2883 4841 quas
2911 4774 3039 4840 ipsae
3067 4780 3124 4827 ut
3149 4780 3404 4842 purgatas
3426 4781 3477 4826 et
3503 4775 3622 4826 illu-

2050 4875 2249 4923 stratas
2273 4877 2434 4934 atque
2459 4864 2727 4933 periectas
2757 4880 2850 4933 per
2883 4868 3109 4935 gratiam
3148 4866 3511 4934 repleverunt.
3542 4870 3618 4919 Ae

2050 4960 2236 5029 Sponsi
2266 4959 2482 5028 quidem
2508 4958 2649 5011 oculi
2682 4967 2811 5011 sunt
2836 4956 3121 5025 ejusmodi.
3148 4953 3303 5010 Cena:
3321 4956 3461 5009 illius
3483 4958 3615 5010 sicut

2052 5053 2247 5119 pltialw
2278 5052 2533 5104 aromatis
2558 5051 2784 5116 ferentes
2838 5048 3212 5117 pigmentaria.
3243 5048 3445 5102 Divina:
3468 5050 3612 5103 vitle-

2048 5142 2172 5195 licet
2237 5140 2590 5209 providentiae
2625 5149 2824 5192 cuncta
2860 5138 3194 5192 moderantis
3227 5146 3439 5193 ratione
3474 5142 3614 5208 (qua:

2046 5239 2303 5300 tanquam
2332 5246 2479 5299 gena:
2511 5231 2846 5294 actionibus,
2873 5239 2930 5283 ut
2956 5233 3028 5282 ita
3069 5233 3273 5296 dicam,
3305 5241 3608 5295 moventur,

2045 5332 2098 5376 et
2152 5321 2470 5376 salutiferos
2522 5322 2786 5374 virtutum
2842 5334 3023 5376 mores
3046 5320 3264 5384 docent,
3295 5329 3347 5373 et
3371 5334 3468 5389 per
3511 5320 3610 5373 hos

2048 5414 2373 5480 spiritaliter
2417 5413 2695 5477 nutriunt,
2748 5411 3057 5466 mollientes
3111 5411 3508 5477 quodammodo
3557 5410 3609 5463 id

2044 5506 2188 5575 quod
2253 5506 2306 5559 in
2363 5505 2472 5560 Deo
2532 5504 2831 5561 secundum
2881 5505 3175 5560 essentiam
3229 5504 3455 5574 intelligi
3500 5518 3607 5558 non

2043 5604 2247 5666 potest,
2322 5596 2449 5650 dum
2505 5595 2700 5649 horum
2759 5593 2978 5649 aetioue
3038 5594 3215 5662 ipsum
3293 5592 3605 5662 explanant)
