4424 6446
372 432 476 495 849

1356 407 1739 469 COMMENT.
1780 402 1858 463 IN
1896 400 2281 462 CANTICUM
2309 400 2596 461 CANTIC.

3511 393 3620 457 650

377 539 587 595 στύλοι
624 529 975 603 μαρμάρινα
1027 525 1509 594 τεθεμελιωμένοι
1570 522 1664 575 ἐπὶ
1722 520 1943 585 ,ϐάσεις
1978 531 2014 579 Α
2052 532 2124 569 mt

1880 536 1943 584 τις
1978 531 2014 579 Α
2052 530 2199 569 mum
2238 513 2528 581 diligamus
2588 509 2807 583 (quibus
2847 508 3021 576 ipsum
3080 507 3175 565 Dei
3235 504 3473 562 Vclbum
3510 516 3627 561 tau-

384 597 655 699 Lava-cie"
694 597 882 692 ἤγουν,
914 621 970 674 αἱ
1005 617 1237 672 καθόλου
1282 617 1377 669 καὶ
1429 614 1536 667 τῶν
1563 612 1738 666 ἄλλων
1768 608 1957 663 πασῶν
2060 624 2130 679 qu

1878 608 1957 662 ῶν
2060 622 2223 679 quam
2256 605 2400 658 binis
2428 604 2685 659 cruribus
2710 603 2761 655 in
2797 601 3085 655 animabus
3119 600 3370 655 lldelibus
3399 597 3625 663 incedit,

385 715 777 786 περιληπτικαὶ
795 712 888 766 δύο
912 708 1123 762 ἑντολαί
1147 724 1159 737 ·
1190 710 1223 779 ἡ
1250 709 1329 770 είς
1359 706 1520 758 αὑτὸν
1544 704 1742 772 δηλαδὴ
1771 701 1958 770 ἀγάπη

389 814 479 865 καὶ
522 811 601 870 είς
643 808 733 860 τὸν
782 804 1009 873 πλησίον
1044 798 1147 868 (οἷς
1203 802 1365 864 αὐτὸς
1412 800 1440 853 6
1484 798 1578 851 τοῦ
1625 796 1760 848 Θεοῦ
1793 797 1961 862 Λόγος

386 903 472 957 οἷὰ
496 918 602 952 τισι
638 900 900 969 κνήμαις,
938 897 994 949 ὲν
1024 899 1142 958 ταῖς
1175 895 1393 955 πισταῖς
1418 891 1584 961 βαίνει
1616 890 1835 957 ψυχαῖς,
1869 888 1963 938 καὶ

389 998 479 1049 τὸν
532 994 729 1062 δρόμον
788 991 845 1041 ὲν
900 989 1123 1050 ταύταις
1173 988 1409 1038 ποιεῖται
1468 986 1605 1036 κατὰ
1638 980 1841 1046 γνῶσιν
1872 978 1963 1031 καὶ

392 1077 743 1156 ἀρετὴν),οἷά
795 1099 936 1143 τινες
988 1080 1167 1132 στύλοι
1237 1078 1568 1148 μαρμάρινοι
1620 1077 1687 1144 τῇ
1733 1072 1965 1141 ἀρραγεῖ

398 1186 597 1237 πῖστει,
629 1176 724 1228 καὶ
768 1176 844 1244 τῷ
898 1172 1136 1241 λαμπρῷ
1194 1171 1289 1241 βίῳ
1345 1168 1776 1237 ὑπερανέχουσαι
1806 1162 1965 1217 αὑτὸν

396 1274 482 1324 τὸν
518 1269 905 1337 πιστευόμενον
935 1265 1137 1329 Λόγον·
1175 1263 1315 1315 ὥστε
1350 1260 1424 1329 μὴ
1471 1259 1702 1327 δι’ὴμᾶς
1733 1256 1799 1309 τὸ
1836 1255 1965 1307 ὅνο-

398 1380 475 1429 ιια
513 1362 675 1413 αὑτοῦ
708 1358 1071 1413 καταπίπτειν
1118 1358 1195 1418 εἰς
1237 1356 1297 1407 τὸ
1317 1353 1815 1421 ,βλασφημεῖσθαι
1845 1347 1968 1411 τοῖς

397 1455 656 1513 ἔθνεσιν,
698 1449 1072 1519 ἡδραιωμέναι
1108 1448 1245 1498 εἰσὶν
1294 1444 1369 1506 ὡς
1420 1443 1510 1495 ἐπί
1563 1459 1674 1496 τισι
1734 1442 1966 1510 χρυσαῖς

403 1542 588 1610 βάσεσι
620 1543 686 1608 τῇ
717 1538 945 1608 ἀληθείᾳ.
999 1555 1058 1589 τε
1100 1536 1193 1587 καὶ
1240 1533 1450 1603 ἀγαθῷ,
1481 1528 1561 1595 οἷς
1613 1532 1699 1586 διὰ
1747 1531 1805 1583 τὸ
1846 1530 1968 1582 κατ’

402 1635 595 1686 οὐσίαν
628 1631 892 1698 ἄτρεπτον
923 1627 1019 1681 καὶ
1047 1627 1107 1678 τὸ
1154 1627 1274 1678 κατ’
1305 1625 1592 1694 ἐνέργειαν
1621 1620 1971 1692 ἐνεργητικόν

400 1728 461 1776 τὸ
509 1723 661 1774 Θεῖον
708 1720 980 1790 δηλοῦται,
1034 1717 1063 1770 6
1128 1718 1309 1785 πάσης
1347 1716 1675 1787 ὑπέρκειται
1734 1711 1970 1779 φύσεως.

403 1815 555 1867 Μετὰ
586 1812 715 1880 γοῦν
747 1812 847 1877 τὴν
894 1809 1034 1862 κατά
1078 1810 1242 1879 μέρος
1272 1808 1366 1861 τοῦ
1426 1805 1656 1875 νυμφίου
1691 1803 1967 1874 ἐξήγησιν,

404 1903 704 1964 καθολικῶς
739 1902 898 1953 πάλιν
948 1902 979 1971 ἡ
1010 1899 1195 1970 νύμφη
1243 1900 1309 1952 τὰ
1338 1898 1465 1966 περὶ
1495 1894 1662 1950 αὑτοῦ
1693 1895 1971 1963 ἀπαγγέλ-

404 1995 566 2047 λουσα
594 1996 712 2056 ταῖς
744 1993 1231 2063 μαθητευομέναις,
1264 1989 1428 2059 φησίν
1447 2007 1461 2021 ο
1484 1985 1660 2053 Εἶδος
1683 1986 1869 2042 αὐτοῦ
1892 1988 1972 2052 ὡς

413 2088 688 2150 Λίϐανος,
742 2086 1031 2149 ἐκλεκτὲς
1057 2086 1136 2150 ὼς
1180 2082 1405 2150 κέδρος.
1447 2082 1681 2148 ’Πτοι,ἠ
1730 2080 1974 2148 ἐνέργεια

406 2175 571 2227 αὐτοῦ
610 2173 734 2226 καθ’
770 2176 836 2243 ἢν
864 2172 1112 2242 αὺτὸς,ή
1158 2172 1249 2225 τοῦ
1299 2171 1433 2223 Θεοῦ
1483 2172 1577 2222 καὶ
1623 2168 1836 2236 Πατρός
1890 2169 1976 2218 ὲν·

408 2265 712 2325 υπόστατος
734 2263 964 2333 δύναμις
987 2263 1471 2334 χαρακτηρίζεται,
1502 2260 1676 2312 πᾶσίν
1720 2261 1833 2311 ἐστι
1863 2259 1976 2311 δια-

410 2354 585 2424 φανὴς
609 2356 704 2408 καὶ
740 2355 1057 2425 κατάδηλος,
1101 2355 1175 2416 ὡς
1200 2353 1261 2405 τὸ
1288 2352 1412 2423 ὄρος
1456 2353 1483 2403 6
1514 2351 1763 2411 Λίϐανος,
1801 2350 1887 2402 διὰ
1917 2350 1977 2402 τὸ

410 2446 765 2514 ὑπερκεῖσθαι
786 2445 894 2496 τῶν
924 2444 1100 2495 αὐτῶν
1122 2442 1543 2511 παρακειμένων
1571 2440 1734 2509 ὀρῶν.
1769 2438 1842 2492 Τὸ
1871 2438 1979 2507 γὰρ

409 2535 610 2600 ἀγαθὸν
634 2535 662 2586 6
689 2535 787 2603 τὴν
821 2534 972 2586 Θείαν
1008 2534 1264 2603 σημαίνει
1289 2532 1593 2600 ἐνέργειαν,
1636 2528 1795 2597 φύσει
1832 2529 1983 2599 παρά

412 2626 577 2677 πᾶσίν
609 2624 756 2677 ἐστιν
786 2625 1022 2693 αἱρετὸν,
1071 2625 1154 2676 ὅτι
1208 2621 1402 2673 τούτου
1438 2621 1505 2672 τά
1525 2620 1701 2673 πάντα
1742 2619 1977 2687 ἐφίεται.

413 2714 613 2781 Διόπερ
674 2714 817 2766 κατά
848 2713 945 2782 τὴν
980 2713 1278 2780 εἰρημένην
1333 2711 1615 2781 ἐνέργειαν
1663 2710 1917 2772 ἐκλεκτὸς
1944 2710 1971 2763 6

410 2803 644 2870 νυμφίος
679 2802 824 2853 ἐστὶν
857 2801 964 2853 ἀπὸ
996 2801 1087 2853 τοῦ
1124 2802 1344 2863 σκοέτους
1389 2801 1539 2862 ὄντος
1576 2802 1672 2852 καὶ
1705 2801 1819 2869 φῶς
1855 2800 1985 2852 ὕπο-

414 2894 770 2962 κρινομένου·
806 2892 994 2961 ῶσπερ
1036 2893 1085 2943 οἱ
1130 2893 1341 2961 κέδροις
1392 2892 1857 2962 παρεικαζὸμενοι
1904 2891 1983 2943 δί-

2063 708 2114 751 et
2154 710 2254 765 per
2283 694 2570 748 scientiam
2606 701 2771 762 atque
2834 691 3089 744 virtutem
3122 703 3346 743 cursum
3380 687 3631 758 conﬁcit)

2063 784 2230 839 veluti
2289 783 2560 837 columna:
2600 784 2849 851 quaedam
2900 794 3243 842 marmoreas,
3312 780 3464 832 ﬁrma
3526 776 3633 833 ﬁde

2066 888 2117 931 et
2146 879 2253 930 vita
2298 874 2583 946 splendida
2642 874 2914 928 sustinent
2946 872 3126 942 ipsum
3177 869 3451 935 Verbum;
3484 868 3630 940 quod

2064 968 2347 1023 creditur:
2408 982 2474 1021 ne
2514 972 2734 1036 propter
2770 978 2868 1018 nos
2896 980 3081 1017 nomen
3134 962 3254 1033 ejus
3284 976 3350 1016 eo
3396 961 3632 1027 decidat,

2066 1069 2126 1113 ut
2185 1060 2323 1111 inter
2381 1067 2557 1127 gentes
2621 1054 3021 1125 blasphematur
3061 1055 3128 1110 “.
3184 1052 3445 1109 Fundatze
3504 1063 3633 1108 sunt

2069 1164 2237 1219 Super
2263 1149 2427 1203 bases
2461 1165 2675 1213 aureas,
2710 1164 2897 1202 verum
2923 1157 2976 1202 et
3002 1146 3224 1213 bonum,
3277 1145 3486 1216 quibus
3517 1152 3633 1199 tum

2069 1249 2291 1312 propter
2327 1248 2537 1293 natura:
2562 1240 3083 1305 immutabilitatem,
3110 1247 3221 1291 tmn
3254 1245 3478 1308 propter
3505 1250 3635 1307 pro—

2072 1332 2317 1387 merendi
2348 1332 2737 1401 benignitatem
2771 1330 3081 1386 declaratur
3112 1328 3277 1396 Deus,
3307 1331 3397 1400 qui
3425 1338 3637 1384 natura!

2072 1434 2291 1496 prmstat
2325 1426 2614 1479 universae.
2644 1421 2941 1492 Postquam
2970 1423 3135 1493 igitur
3168 1436 3369 1493 sponsa
3393 1420 3639 1491 singulas

2072 1517 2261 1588 sponsi
2290 1526 2469 1585 partes
2518 1515 2793 1584 expressit
2848 1515 3189 1576 summatim,
3254 1512 3452 1567 iterum
3505 1511 3638 1565 illud

2072 1609 2355 1678 discipulis
2405 1606 2725 1662 describens
2753 1641 2770 1670 ,
2811 1605 3056 1675 Species,
3087 1605 3283 1674 inquit,
3340 1605 3483 1675 ejus,
3546 1618 3643 1673 per

2072 1715 2233 1771 quem
2291 1698 2384 1753 Dei
2454 1705 2508 1751 et
2576 1695 2753 1750 Patris
2822 1696 3313 1751 consubstantialis
3391 1695 3639 1765 potentia

2074 1794 2427 1862 exprimitur,
2455 1789 2714 1843 omnibus
2735 1797 2817 1844 est
2845 1789 3074 1844 illustris
3114 1797 3279 1859 atque
3312 1788 3641 1857 conspicua,

2077 1885 2152 1937 uti
2188 1898 2351 1955 mons
2375 1880 2642 1945 Libanus,
2664 1880 2755 1951 qui
2780 1882 2920 1935 inter
2943 1882 3152 1936 vicinos
3183 1889 3395 1935 montes
3417 1880 3645 1934 eminet.

2077 1970 2286 2024 Bonum
2361 1969 2507 2025 enim
2566 1970 2711 2039 quod
2771 1970 2878 2023 vim
2930 1969 3171 2024 divinam
3226 1968 3519 2038 signiﬁcat,
3576 1969 3645 2023 ab

2078 2064 2333 2119 Omnibus
2364 2063 2605 2133 eligitur,
2629 2061 2887 2132 quoniam
2922 2060 3053 2115 illud
3073 2068 3335 2130 expetunt
3366 2060 3643 2127 universa.

2080 2153 2470 2220 Quamobrem,
2513 2168 2608 2223 per
2642 2162 2849 2218 actum,
2887 2160 2945 2206 ut
3006 2151 3271 2217 diximus,
3318 2150 3531 2207 electus
3564 2157 3649 2205 est

2080 2262 2341 2316 Sponsus,
2380 2255 2432 2300 et
2460 2260 2489 2298 a
2525 2245 2767 2299 tenebris
2797 2259 2917 2313 qua:
2941 2244 3114 2297 lucem
3137 2258 3195 2298 se
3218 2258 3342 2299 esse
3366 2242 3649 2305 simulant,

2079 2337 2430 2394 secernitur:
2470 2344 2529 2390 ut
2556 2334 2737 2389 ccdris
2790 2335 3077 2389 assimilati
3107 2334 3264 2402 justi,
3322 2334 3392 2388 ab
3424 2333 3649 2403 injustis

2080 2440 2135 2484 ct
2176 2428 2463 2499 improbis.
2500 2426 2694 2482 Guttur
2726 2426 2873 2479 illius
2901 2424 3142 2489 dulcedo,
3173 2434 3221 2479 et
3260 2433 3403 2478 totus
3433 2424 3654 2478 deside-

2084 2524 2242 2577 rium.
2304 2521 2510 2576 Novum
2566 2520 2769 2589 quippe
2842 2516 3286 2584 Testamentum,
3343 2531 3439 2588 per
3507 2514 3652 2586 quod

2084 2624 2344 2681 tanquam
2411 2627 2507 2682 per
2563 2619 2771 2681 guttur,
2832 2609 3015 2663 cibum
3078 2608 3371 2663 constituit
3418 2608 3650 2663 salutem

2085 2706 2388 2767 hominum,
2423 2704 2583 2758 dulce
2616 2715 2699 2758 est
2730 2702 2933 2781 gutturi
2972 2709 3180 2757 nostro.
3208 2700 3282 2755 Ex
3322 2715 3390 2756 eo
3419 2712 3655 2768 namque

2087 2796 2265 2852 dulcis
2295 2804 2479 2849 manat
2512 2796 2579 2850 de
2614 2796 2909 2851 virtutibus
2938 2795 3213 2850 sermonis
3245 2803 3425 2864 potus.
3464 2792 3655 2863 Itaque

2089 2894 2236 2940 totus
2260 2889 2425 2939 etiam
2458 2893 2541 2940 est
2573 2884 2933 2947 desiderium,
2985 2891 3171 2952 utpote
3202 2898 3384 2937 rerum
3439 2881 3657 2951 optabi-

414 3002 578 3045 καιοι,
608 2984 715 3036 ire
733 2983 839 3037 τῶν
878 2984 1078 3037 ἀδίκων
1113 2984 1207 3037 καὶ
1238 2983 1507 3053 πονηρῶν.
1542 2982 1779 3051 Λάρυτξ
1800 2980 1985 3038 αὐτοῦ
2089 2979 2161 3032 liu

1914 2980 1985 3035 οὗ
2089 2979 2220 3032 lium
2255 2988 2418 3047 atque
2449 2976 2877 3046 expetendarum
2909 2987 3234 3031 extremum.
3261 2975 3357 3029 llic
3398 2991 3554 3042 nepos
3579 2981 3659 3029 est

413 3078 785 3142 γλυκασμὸς,
839 3076 938 3127 καὶ
978 3074 1118 3138 ὅλος
1152 3075 1450 3142 ἐπιθυμία.
1484 3075 1714 3141 Ἤγουν,
1746 3076 1779 3145 η
1811 3073 1987 3141 Καινὴ
2090 3085 2160 3121 me

1911 3073 1987 3141 ινὴ
2090 3084 2256 3131 meus,
2280 3077 2329 3121 et
2362 3068 2444 3120 hic
2477 3070 2801 3136 propinquus
2829 3083 2998 3125 meus.
3019 3066 3152 3135 ﬁlia:
3212 3065 3658 3119 Jerusalem.|lic

415 3164 659 3234 Διαθήκη
693 3167 758 3219 δι’
785 3163 852 3239 ἦς
889 3166 962 3229 ὡς
992 3166 1081 3219 διά
1105 3183 1248 3227 τινος
1280 3167 1561 3237 φάρυγγος
1593 3165 1786 3236 βρῶμα
1820 3168 1986 3219 ποιεῖ’
2016 3181 2058 3239 C
2093 3162 2162 3213 “li

1916 3168 1986 3219 εἷο
2016 3181 2058 3239 c
2093 3162 2281 3229 utique
2327 3158 2559 3214 dilectus
2619 3168 2701 3214 est
2757 3176 2932 3224 meus,
2986 3160 3144 3227 cujus
3199 3175 3299 3228 ego
3346 3158 3657 3229 singulatim

415 3275 504 3310 ται
528 3258 624 3325 τὴν
645 3259 752 3310 τῶν
772 3259 1075 3329 ἀνθρώπων
1103 3258 1396 3325 σωτηρίαν,
1417 3257 1639 3324 γλυκεῖὰ
1667 3260 1779 3309 ἐστι
1801 3257 1878 3327 τῷ
1892 3258 1986 3311 λά·
2092 3259 2162 3302 alt

1909 3258 1986 3311 ιά-
2092 3259 2256 3318 atque
2287 3250 2339 3302 in
2374 3250 2687 3303 universum
2719 3257 2876 3303 notas
2928 3258 2981 3303 ct
3023 3249 3177 3319 signa
3210 3249 3365 3304 vobis
3406 3248 3656 3317 exposui.

420 3367 581 3417 ρυγγι
611 3351 787 3419 ἡμῶν,
819 3349 895 3413 ὡς
926 3349 1051 3411 τοὺς
1078 3347 1221 3416 ἡδεῖς
1251 3346 1346 3399 καὶ
1372 3348 1634 3415 ποτίμους
1661 3346 1850 3414 λόγους
1878 3348 1985 3400 τῶν
2096 3341 2167 3394 Ilii

1913 3348 1985 3400 ὧν
2096 3341 2192 3395 llic
2260 3350 2342 3395 est
2394 3343 2706 3397 declaratus
2768 3340 3113 3412 propinquus
3180 3356 3357 3404 meus,
3413 3356 3536 3411 quae
3592 3340 3660 3396 ad

418 3441 629 3510 ἀρετῶν
676 3441 964 3509 βλύζουσα.
1003 3438 1166 3491 Ὅθεν
1220 3439 1312 3490 καὶ
1355 3438 1474 3499 ὅλος
1510 3438 1776 3505 ἐπιθυμία
1818 3440 1985 3502 ἐστὶν,
2093 3437 2165 3505 ips

1915 3441 1985 3502 ὶν,
2093 3437 2296 3505 ipsum,
2356 3443 2414 3488 ut
2467 3434 2533 3487 ad
2591 3436 2877 3488 veritatem
2948 3449 3045 3503 per
3102 3433 3430 3496 scientiam,
3487 3442 3546 3486 ut
3595 3432 3662 3488 ad

416 3530 489 3589 ὼς
524 3530 750 3599 ἔσχατον
793 3530 1035 3599 ὀρεκτόν.
1076 3524 1264 3592 Οὗτος
1298 3529 1330 3580 d
1356 3527 1683 3595 ἀδελφιδός
1726 3544 1866 3595 μου,
1892 3528 1989 3580 καὶ
2097 3526 2163 3579 bo

1918 3528 1989 3580 ταὶ
2097 3526 2322 3589 bonum,
2377 3540 2472 3593 per
2498 3524 2767 3579 eﬁicacem
2798 3524 2957 3578 ﬁdem
3019 3524 3468 3594 appropinquavi.
3506 3521 3665 3578 Filia:

417 3617 601 3687 οὗτος
647 3625 679 3674 ό
719 3622 989 3687 πλησίον
1023 3635 1164 3688 μου,
1220 3617 1534 3686 θυγατέρες
1574 3618 1987 3687 Ἰερουσαλήμ.
2098 3616 2163 3670 Je

1919 3621 1987 3687 ἐμ.
2098 3616 2439 3681 Jerusalem,
2474 3616 2755 3683 discipulae
2807 3631 2960 3679 mete,
2997 3626 3117 3685 quae
3146 3616 3216 3670 ab
3270 3616 3418 3671 omni
3451 3624 3666 3685 pertur-

421 3711 631 3777 Εῐτουν,
679 3705 849 3773 οὗτος
880 3712 1116 3778 ὑπάρχει
1161 3712 1188 3761 6
1224 3710 1504 3777 ἀγαπητός
1555 3726 1677 3776 μου,
1731 3702 1792 3762 οὗ
1854 3709 1995 3762 κατά
2100 3709 2162 3761 ba

1919 3709 1995 3761 ,τὰ
2100 3709 2319 3761 batione
2346 3717 2401 3762 et
2428 3707 2564 3761 vitio
2596 3715 2851 3776 separata
2881 3706 3122 3761 divinam
3184 3722 3373 3777 pacem
3401 3707 3583 3769 video,
3610 3713 3666 3759 et

424 3802 587 3868 μέρος
619 3817 676 3851 τε
712 3802 806 3852 καὶ
838 3799 1066 3854 καθόλου
1105 3798 1462 3870 ὲξηγησὰμην
1512 3798 1642 3868 ὑμῖν
1676 3799 1744 3851 τά
1791 3799 1994 3870 γνωρί-
2099 3800 2171 3853 Iml

1921 3799 1994 3867 σί·
2099 3799 2343 3853 lmtitiam
2419 3799 2654 3852 abomni
2738 3799 3147 3868 perturbatione
3218 3806 3506 3863 remotam,
3568 3794 3668 3850 Dei

422 3907 624 3959 σματα.
657 3890 767 3945 Καὶ
794 3884 950 3954 οὗτός
980 3892 1128 3943 ἔστιν
1160 3892 1187 3942 6
1217 3888 1564 3960 χρηματίσας
1599 3888 1824 3961 πλησίον
1870 3908 1996 3961 μου,
2105 3892 2159 3946 ni

1257 3888 1564 3960 ρηματίσας
1599 3888 1824 3961 πλησίον
1870 3908 1996 3961 μου,
2105 3892 2363 3947 nimirum
2400 3891 2543 3944 intra
2567 3908 2659 3945 nos
2695 3906 2911 3961 regnum
2938 3891 3004 3944 “.

421 3983 714 4053 ἑγγισάσης
762 3981 956 4051 τούτῳ,
987 3981 1062 4044 ὡς
1116 3981 1214 4052 μὲν
1264 3980 1492 4051 ἀληθείᾳ
1545 3982 1686 4035 κατὰ
1741 3982 1972 4052 ἄληστον
2010 3983 2229 4051 γνῶσιν,
2265 3985 2342 4047 ὡς
2378 3984 2423 4037 δ’
2453 3985 2644 4055 ἀγαθῷ
2674 3985 2794 4038 κατ’
2849 3983 3169 4055 ἔμπρακτον
3227 3984 3431 4037 πίστιν.
3471 3982 3667 4053 Μαθή-

420 4078 567 4147 τριαί
600 4094 722 4146 μου,
758 4077 858 4144 τῆς
884 4076 1098 4145 ὁρώσης
1139 4078 1198 4128 ὲν
1230 4079 1296 4145 τῇ
1332 4074 1532 4137 παντὸς
1568 4075 1775 4137 πάθους
1804 4076 2092 4147 ἀπαλλαγῇ
2122 4080 2221 4147 τὴν
2289 4079 2445 4134 θείαν
2512 4081 2761 4149 εἰρήνην,
2836 4082 2933 4133 καὶ
2982 4078 3334 4147 ἀνενόχλητον
3400 4078 3670 4148 suspecti-

424 4188 538 4238 νην,
591 4170 805 4228 παντως
855 4166 970 4231 τὴν
1016 4165 1189 4229 ἐντὸς
1248 4165 1416 4233 ἡμῶν
1469 4166 1576 4221 τοῦ
1614 4165 1762 4220 Θεοῦ
1786 4166 2133 4229 βασιλείαν.

1072 4257 1334 4310 Ψελλοῦ.

493 4348 719 4414 Λευκὸς
748 4349 845 4402 καὶ
867 4349 1095 4417 πυρῤὸς
1125 4345 1628 4416 ἐκλελογισμένος
1648 4345 1766 4400 ἀπὸ
1786 4345 1996 4414 μυριά-

1781 4435 1921 4500 δων,

1781 4438 1877 4489 δω]

436 4532 671 4593 Ἐκεῖνος
711 4530 942 4599 πέφυκε,
985 4530 1173 4598 φησὶν,
1205 4528 1372 4589 ὅντως
1403 4525 1717 4595 ἀδελφιδοῦς
1751 4438 1877 4595 ilico,

432 4625 528 4686 Ὃς
552 4625 609 4674 ἐν
627 4623 847 4692 σταυρῷ
864 4624 961 4689 τὴν
980 4622 1250 4689 ἄχραντον
1278 4619 1516 4689 πλευρὰν
1547 4618 1801 4688 λελογχευ
1811 4620 1987 4687 μένος,

425 4709 571 4783 Αἷμα
607 4715 701 4767 καὶ
734 4713 874 4781 ὕδωρ
897 4713 1120 4765 ἔϐλυσεν
1144 4710 1453 4781 ἀνθρώποις
1484 4710 1823 4778 παραδόξως.

431 4806 526 4867 ’⁸ος
542 4803 651 4857 ἀπὸ
683 4804 901 4856 πάντων
922 4803 1031 4855 τῶν
1055 4802 1261 4873 βροτῶν
1290 4802 1449 4871 μόνος
1472 4803 1536 4853 ἐκ
1567 4801 1667 4868 τῆς
1699 4800 1993 4872 Παρθένου,

431 4896 590 4946 Ἀνευ
622 4894 836 4963 λοχείας
869 4892 1149 4973 προελθὼν
1174 4891 1460 4961 ἄνθρωπος
1494 4890 1770 4959 ἐλογίσθη.

429 4986 652 5055 Κεφαλὴ
682 4986 738 5037 δὲ
774 4982 936 5036 αὑτοῦ
966 4982 1041 5043 ὼς
1072 4984 1291 5052 χρυσίον
1320 4983 1563 5048 Κεφὰτζ,

431 5076 624 5137 Ὅστις
665 5073 924 5143 τυγχάνει
951 5073 1211 5141 καθαρὸς,
1246 5073 1430 5141 φησὶν,
1467 5072 1524 5137 ἐξ
1556 5073 1855 5142 ἁμαρτίας.

431 5168 753 5232 Βόστρυχοι
789 5164 976 5216 (οἰ-τοῖ’
1002 5164 1231 5229 elata},
1268 5164 1529 5233 μέλανες
1551 5163 1692 5216 ὡσεὶ
1720 5165 1995 5228 κόρακος.

2792 4258 2977 4311 Pselli.

2173 4348 2442 4404 Candidus
2465 4358 2514 4402 et
2549 4348 2897 4413 rubicundus,
2931 4348 3125 4401 electus
3153 4362 3220 4401 ea:
3266 4347 3441 4403 decem
3498 4351 3669 4405 milli—

2102 4441 2218 4495 bus.
2254 4440 2347 4494 Ille
2373 4452 2478 4504 est,
2534 4441 2733 4509 inquit,
2762 4454 2889 4494 vere
2933 4440 3298 4495 consobrinus
3332 4456 3509 4505 meus,
3572 4444 3668 4512 qui

2104 4533 2157 4586 in
2209 4547 2371 4587 cruce
2426 4546 2491 4585 ex
2550 4531 2899 4585 immaculato
2947 4530 3116 4584 latere
3171 4533 3325 4586 basta
3380 4531 3669 4588 vulnerato

2105 4622 2415 4676 hominibus
2436 4622 2755 4690 sanguinem
2785 4630 2839 4673 et
2873 4632 3065 4688 aquam
3106 4619 3431 4674 mirabiliter
3454 4620 3668 4676 eﬂ‘udit.

2020 4680 2072 4739 Β
2101 4715 2202 4779 Qui
2238 4716 2387 4769 solus
2420 4714 2564 4767 inter
2592 4726 2785 4766 omnes
2803 4727 2869 4767 ex
2910 4710 3116 4779 virgine
3148 4710 3267 4765 sine
3289 4710 3478 4766 dolore
3500 4720 3670 4768 natus

2104 4814 2191 4860 est
2240 4804 2425 4858 homo.
2464 4802 2636 4869 Caput
2698 4802 2814 4870 ejus
2843 4803 2980 4856 sicut
3036 4818 3229 4855 aurum
3286 4800 3533 4870 Cephats.
3564 4804 3669 4870 Qui

2107 4895 2174 4948 ab
2207 4892 2379 4956 omni,
2414 4894 2608 4961 inquit.
2640 4892 2851 4960 integer
2873 4906 2937 4945 ac
2973 4907 3141 4960 purus
3170 4902 3251 4946 est
3277 4892 3484 4959 peccati
3524 4892 3669 4948 labe.

2110 4985 2288 5040 Coma:
2323 4985 2439 5053 ejus
2472 4986 2605 5038 sicut
2638 4982 2815 5047 elatw,
2851 4982 3017 5051 nigra:
3044 4984 3197 5050 quasi
3223 4984 3383 5036 corvi.
3407 4983 3666 5050 Ornatus,

2107 5077 2311 5147 inquit,
2339 5090 2617 5130 comatum
2651 5074 2771 5144 ejus
2812 5083 2940 5128 sunt
2989 5073 3183 5129 Petrus
3237 5082 3290 5128 ct
3320 5073 3538 5141 Paulus,
3571 5079 3667 5145 qui

2104 5176 2265 5222 antra
2320 5166 2459 5236 nigri
2488 5166 2872 5234 tenebrosique
2920 5165 3153 5231 fuerant,
3209 5174 3263 5221 et
3311 5168 3562 5237 quisquis
3600 5184 3667 5223 ex

434 5248 606 5317 Οὗτος
643 5255 878 5323 πέφυκε,
915 5256 1305 5325 φησ“ι,νκόσμος
1350 5255 1553 5325 Πέτρος
1579 5254 1673 5306 καὶ
1702 5253 1913 5316 Παῦλος
1945 5256 1997 5306 οἰ
2102 5274 2181 5324 get

1945 5256 1997 5306 οἰ
2102 5259 2355 5324 gentibus
2384 5257 2688 5324 baptizatum
2715 5265 2799 5310 est
2836 5261 2890 5308 ει
2913 5255 2982 5308 ad
3031 5255 3180 5308 illum
3228 5257 3484 5312 accessit.
3514 5255 3668 5312 Oculi

1111 5345 1193 5418 [τὸ
1222 5349 1352 5417 πρὶν
1380 5347 1531 5409 ὄντες
1563 5348 1921 5416 ὲζοφωμένοι.

433 5441 539 5491 Καὶ⁹
566 5439 670 5502 πᾶς
706 5438 765 5502 ιε
792 5438 977 5501 ἔθνους
998 5438 1318 5507 βαπτισθεὶς
1349 5441 1442 5491 καὶ
1469 5439 1746 5508 προελθὼν
1777 5442 1991 5511 ἐκείνῳ.

435 5531 499 5582 Oi
535 5528 823 5598 ὀφθαλμοὶ
850 5527 1035 5581 αὑτοῦ
1060 5528 1139 5591 ὡς
1178 5531 1513 5596 περιστεραὶ
1547 5529 1645 5583 ἐπὶ
1678 5530 1994 5599 πληρώμα-

1116 5619 1242 5691 [τος
1280 5619 1512 5675 ὑδάτων
1543 5626 1923 5692 λελοιιμένιιι.

504 5798 547 5828 ⁶⁰
579 5795 681 5852 Isa.
716 5814 809 5863 ιιι,
857 5800 908 5853 5.
986 5801 1028 5832 ⁶¹
1085 5804 1214 5854 Luc.
1291 5816 1420 5863 xvn,
1467 5802 1556 5871 ἓξ.

763 5896 1030 5957 ΡΑτιιοι..
1060 5902 1173 5959 Gn.
1208 5895 1462 5959 CXXII.

2104 5350 2219 5419 ejus
2284 5350 2421 5402 sicut
2471 5347 2727 5399 columbae
2793 5361 2948 5415 super
3008 5346 3357 5413 pleuitudines
3409 5365 3668 5417 aquarum

2102 5443 2244 5495 lotio.
2280 5440 2427 5493 Illius
2467 5438 2613 5493 oculi
2642 5447 2771 5492 sunt
2806 5437 3079 5507 prophetae
3110 5437 3398 5507 prudentia
3455 5438 3668 5509 simpli-

2107 5548 2218 5597 ces,
2247 5540 2297 5586 et
2358 5531 2603 5587 moribus
2649 5530 2975 5584 admirandi.
3032 5528 3209 5600 Super
3273 5530 3665 5600 plenitudmcs,

2109 5625 2304 5695 inquit,
2334 5640 2599 5694 aquarum
2629 5626 2789 5680 lotae:
2827 5622 2878 5678 id
2911 5631 3017 5691 est,
3061 5623 3319 5681 omnibus
3376 5622 3667 5679 virtutibus

3207 5891 3278 5953 21
