4424 6446
413 407 519 473 653

914 515 1034 570 Τῶν
1087 515 1130 584 γ’
1185 515 1479 582 Πατέρων.

505 611 656 664 Ἐπεὶ
689 609 732 662 δ’
770 609 828 661 αἱ
874 608 1174 679 μαθήτριαι
1216 608 1368 675 παρά
1409 606 1506 676 τῆς
1549 605 1871 659 διδασκάλου
1908 607 1988 666 τίς

421 706 565 756 ἐστιν
600 703 627 753 ὀ
660 697 862 769 ταύτης
895 699 1127 769 νυμφίος
1167 698 1256 750 διὰ
1307 697 1418 750 τῶν
1449 697 1612 750 αὖτοῦ
1636 697 1991 766 χαρισμάτων

423 792 866 861 ἀνεδιδάχθησαν,
899 791 1219 861 βουλόμεναι
1250 789 1438 842 λοιπὸν
1491 789 1682 858 μαθεῖν
1728 791 1823 842 καὶ
1857 789 1992 841 ὅπου

423 880 575 948 οὗτος
601 887 746 955 ἣκει,
769 883 904 953 φασὶ
927 884 1062 953 πρὸς
1097 883 1289 953 αὐτήν·
1320 882 1444 936 Ποῦ
1466 882 1743 949 ἀπῆλθεν
1765 886 1796 936 ό
1823 881 1995 936 ἀδελ·

421 956 595 1044 ςιδός
617 990 753 1038 σου,
786 973 824 1042 ἠ
859 972 1012 1037 καλὴ
1045 971 1113 1024 ἐν
1135 971 1372 1041 γυναιξί
1390 990 1408 1035 ;
1437 971 1646 1041 Δηλαδὴ
1677 971 1996 1039 ἀνὰγγειλον

420 1072 552 1138 ἡμῖν
585 1067 714 1120 ἔνθα
757 1066 984 1135 ὲνδημεῖ
1016 1065 1299 1134 ἀγαπητός
1331 1082 1448 1127 σου,
1495 1066 1527 1133 ἡ
1556 1065 1614 1116 ὲν
1647 1065 1764 1126 ταῖς
1798 1064 1996 1114 ἀπολε-

425 1160 621 1217 σέισαις
645 1157 869 1226 ψυχαῖς,
903 1154 990 1207 διὰ
1023 1154 1121 1224 τὴν
1160 1154 1259 1224 τῆς
1305 1154 1454 1218 θείας
1485 1153 1705 1222 ἐντολῆς
1740 1152 1994 1223 παράϐα-

426 1268 531 1309 σιν,
566 1251 627 1302 τὸ
654 1248 850 1311 κάλλος
876 1248 968 1300 τοῦ
1001 1247 1122 1299 κατ’
1155 1246 1341 1299 εἰκόνα
1383 1247 1477 1300 καὶ
1509 1245 1602 1300 τοῦ
1642 1245 1762 1299 καθ’
1788 1246 1990 1313 ὁμοίω-

421 1356 527 1403 σιν,
562 1337 913 1393 ἀπολαϐοῦσα
946 1336 1104 1390 τοῦτο
1133 1336 1294 1389 πάλιν
1323 1338 1380 1390 ἐν
1408 1336 1486 1407 τῷ
1510 1334 1892 1406 νυμφευθῆναι
1915 1333 1991 1403 τῷ

421 1431 578 1498 Λόγῳ
599 1430 692 1482 τοῦ
723 1429 880 1482 Θεοῦ.
924 1429 1078 1481 Ἐπεὶ
1116 1428 1181 1480 δι’
1221 1421 1297 1481 ὧν
1326 1427 1647 1498 ἀκηκόαμεν
1675 1425 1994 1498 γνωρισμά-

420 1541 528 1574 των
559 1521 726 1574 αὑτοῦ
773 1520 928 1574 οὔπω
972 1519 1190 1590 ὁρῶμεν
1223 1519 1384 1572 αὑτὸν
1415 1521 1473 1572 ὲν
1521 1521 1672 1590 ἡμῖν,
1720 1519 1838 1572 ποῦ
1881 1518 1996 1571 ἀπ-

421 1613 681 1680 έϐλεψεν
709 1615 742 1665 ὁ
766 1610 1091 1679 ἀδευῳιδός
1121 1625 1272 1673 σου;
1319 1611 1417 1664 καὶ
1448 1610 1786 1677 ζητήσομεν
1811 1607 1996 1662 αὑτὸν

416 1703 566 1770 μετὰ
591 1700 729 1754 σοῦ.
764 1697 1019 1768 Δηλονὸτι
1052 1699 1154 1751 ποῦ
1190 1697 1473 1768 ἀγαπητός
1519 1712 1612 1748 σου
1663 1695 1895 1764 ἀόρατος
1922 1693 1997 1746 ὢν

423 1793 650 1861 ὁρᾶσθαι
681 1794 773 1845 καὶ
807 1789 1060 1860 ἠθέλησε,
1104 1791 1198 1842 καὶ
1251 1792 1364 1858 ἅμα
1407 1806 1490 1842 σοι
1535 1787 1820 1856 ὁδηγῶμεν
1859 1786 1996 1854 πρὸς

423 1885 490 1937 τὰ
527 1886 834 1954 κρείττονα,
863 1882 1261 1952 ψηλαφήσομεν
1291 1880 1451 1934 αὑτὸν
1490 1879 1632 1931 κατὰ
1665 1877 1862 1945 πρᾶξιν
1905 1875 1999 1928 καὶ
2034 1872 2071 1924 Β

426 1974 677 2043 θεωρέαν.
716 1971 780 2024 Ἡ
809 1970 862 2023 δὲ
891 1970 1294 2040 ἀποκρινομένη
1329 1968 1461 2038 πρὸς
1487 1966 1676 2029 αὐτάς·
1727 1965 1995 2033 Ἀδελφι·

423 2063 530 2127 δός
560 2081 677 2131 μου
701 2065 918 2127 κατέϐη
951 2065 1037 2127 εἰς
1069 2061 1264 2124 κῆπον
1291 2059 1477 2113 αὑτοῦ
1519 2061 1602 2123 εἰς
1633 2057 1855 2126 φιάλας
1887 2054 1992 2108 τοῦ

421 2153 751 2220 ἀρώμᾱτος.
803 2153 981 2212 Ἤτοι,
1033 2154 1062 2203 ὁ
1117 2151 1345 2220 ἀόρατος
1408 2149 1547 2201 κατᾶ
1608 2149 1668 2199 τὸ
1715 2145 1846 2214 ὕψος
1895 2147 1994 2214 τῆς

424 2245 616 2298 ἑαυτοῦ
649 2244 867 2306 οὐσίας,
903 2244 1189 2312 ἀγαπητός
1227 2260 1350 2310 μου,
1411 2241 1616 2310 κατέϐη
1665 2241 1782 2292 κατ’
1839 2238 1994 2306 ἐνέρ-

423 2352 576 2401 γειαν
613 2336 688 2397 ὡς
718 2336 796 2396 εἰς
825 2333 1002 2402 κῆπον
1024 2332 1185 2386 αὐτοῦ
1218 2334 1316 2401 τὴν
1356 2333 1467 2393 τοῖς
1504 2331 1665 2392 θείοις
1710 2327 1874 2382 αὑτοῦ
1903 2328 1994 2379 Οε-

423 2427 629 2496 λήμασι
658 2427 1074 2496 πεφυτευμένην
1107 2424 1303 2488 κτίσιν,
1336 2423 1430 2476 καὶ
1466 2423 1539 2485 ὡς
1567 2424 1646 2484 εἰς
1675 2421 1867 2488 φιάλας
1899 2419 1992 2472 τοῦ

423 2518 716 2588 ἀρώματος
751 2519 848 2582 τὰς
887 2517 1028 2571 κατὰ
1077 2516 1176 2585 τὴν
1224 2515 1306 2577 είς
1348 2514 1480 2567 Θεὸν
1531 2514 1713 2566 πίστιν
1743 2513 1993 2574 δεκτικὰς

423 2611 600 2678 Ιζινχὰς
629 2611 726 2677 τῆς
755 2609 1159 2676 εὐωδιαζούσης
1187 2606 1357 2670 αὐτὰς
1385 2605 1479 2657 τοῦ
1515 2604 1774 2671 παναγίου
1822 2603 1993 2656 Πνεύ-

429 2719 598 2768 ματος
661 2702 902 2771 χάριτος,
947 2701 1066 2770 ἥτις
1116 2701 1422 2768 ἁναμορφοῖ
1476 2696 1703 2760 ταύταις
1747 2696 1888 2748 κατᾶ
1935 2711 1993 2746 τε

426 2791 658 2861 θεωρίαν
713 2793 807 2844 καὶ
851 2791 1051 2861 πρᾶξιν
1109 2791 1169 2842 τὸ
1213 2790 1335 2843 κατ’
1381 2789 1565 2841 εἰκόνα
1610 2789 1704 2840 καὶ
1757 2788 1816 2840 τὸ
1867 2787 1993 2840 καθ’

425 2883 701 2948 ὁμοίωσιν,
735 2881 793 2932 ἐν
849 2875 936 2942 αἶς
991 2879 1064 2941 ὡς
1119 2878 1232 2946 ἰδίῳ
1276 2876 1635 2946 ὲκτυπώματι
1682 2877 1710 2928 ὁ
1763 2875 1993 2945 νυμφίος

427 2973 620 3040 ὁρᾶται
644 2988 655 2998 ·
700 2970 903 3038 κατέϐη
928 2971 1006 3033 δὲ,
1045 2971 1117 3034 ὼς
1152 2973 1388 3041 εἴρηται,
1435 2969 1747 3038 ποιμαίνειν
1785 2970 1840 3018 ὲν
1885 2971 1992 3028 τοῖς

427 3065 622 3130 κήποις
653 3061 746 3113 καὶ
778 3061 1056 3126 συλλέγειν
1108 3059 1268 3128 κρίνα
1290 3100 1304 3125 ,
1347 3060 1516 3129 ἧγουν
1555 3059 1761 3110 διέπειν
1791 3057 1859 3109 τὰ
1901 3056 1990 3108 λο-

428 3152 559 3218 γικὰ
594 3153 840 3220 πρόὸατα
871 3152 962 3203 καὶ
1009 3150 1298 3218 ἐκτρέφειν
1345 3150 1484 3202 κατὰ
1519 3150 1720 3217 γνῷσιν
1748 3150 1843 3201 καὶ
1868 3150 1995 3218 ἁρε-

426 3244 525 3311 τὴν
552 3242 607 3294 ἕν
639 3260 698 3294 τε
729 3245 794 3312 τῇ
824 3245 990 3312 νοητῇ
1022 3243 1116 3293 καὶ
1146 3245 1210 3312 τῇ
1241 3241 1472 3310 αἱσθητῇ
1505 3242 1678 3293 κτίσει
1701 3257 1713 3269 ·
1747 3242 1803 3292 ἐν
1831 3235 1914 3302 αἷς
1947 3241 1996 3292 οἱ
2025 3222 2066 3276 C

427 3335 574 3400 λόγοι
602 3335 693 3386 καὶ
715 3333 763 3384 οἱ
808 3331 1001 3401 τρόποι
1035 3330 1142 3383 τῶν
1173 3329 1385 3397 ἀρετῶν
1411 3330 1484 3392 ὦς
1531 3346 1642 3381 τισι
1680 3332 1877 3398 κήποις
1901 3347 2000 3381 πε-

429 3424 756 3494 φντευμένοι
804 3422 907 3474 εἰσί
949 3437 962 3450 °
1014 3420 1108 3473 καὶ
1149 3421 1464 3487 ἐκλέγεσθαι
1489 3421 1563 3482 ὡς
1608 3420 1715 3472 ἀπὸ
1757 3419 2002 3472 ἀκανθῶν

429 3514 607 3580 κρίνα,
633 3511 740 3564 τῶν
776 3510 1230 3579 συμπνιγομένων
1258 3507 1457 3579 δηλαδὴ
1483 3508 1670 3576 ψυχῶν
1705 3511 1769 3578 τῇ
1808 3525 1998 3576 σωμα-

426 3606 552 3673 τικῇ
615 3602 875 3671 μερίμνῃ,
935 3601 1034 3660 τὰς
1081 3600 1291 3668 ταύτην
1342 3599 1621 3660 παντελῶς
1663 3598 2002 3666 ἁναθεμένας

427 3695 568 3765 Θεῷ,
602 3695 876 3764 ἑπομένας
908 3691 1059 3761 αὐτῷ
1093 3692 1150 3744 ἐν
1184 3690 1534 3757 Εὐαγγελίοις
1561 3690 1852 3756 φάσκοντι·
1891 3694 2002 3742 Ka-

429 3787 714 3854 τίιμιίθετε
742 3784 809 3837 τὰ
835 3784 1008 3852 κρίνα
1038 3781 1142 3835 τοῦ
1163 3780 1368 3849 ἀγροῦ,
1409 3779 1492 3832 ὅτι
1525 3784 1596 3832 οὺ
1631 3779 1834 3847 κοπιᾷ,
1862 3780 2004 3832 οὐδὲ·

428 3880 615 3943 νήθει.
643 3873 742 3928 Ὧν
775 3876 864 3928 καί
910 3891 1074 3944 φησιν
1129 3873 1332 3942 ἑκάστη
1353 3887 1366 3900 '
1412 3871 1561 3940 Ἐγὼ
1591 3871 1667 3935 τῷ
1703 3871 2004 3939 ἀδελφιδῷ

424 3985 564 4036 μου,
593 3966 691 4018 καὶ
729 3967 761 4018 ό
799 3963 1120 4032 ἀδελφιδός
1161 3980 1277 4031 μου
1303 3962 1454 4030 ἐμοὶ,
1511 3963 1544 4014 ό
1575 3962 1903 4028 ποιμαίνων
1937 3962 2005 4011 ἐν

431 4057 552 4123 τοῖς
583 4059 807 4126 κρίνοις
839 4072 854 4086 ⁸
890 4056 1084 4116 εἴτονν,
1105 4052 1250 4121 Ἐγὼ
1277 4054 1352 4123 τῴ
1379 4051 1496 4120 Θεῷ
1527 4050 1624 4113 ζῶ,
1660 4051 1827 4120 νεκρὰ
1856 4069 2005 4117 γειο.

435 4151 571 4218 μένη
597 4149 675 4220 τῷ
705 4149 916 4217 κόσμῳ,
956 4147 1052 4199 καὶ
1085 4146 1142 4197 ἐν
1199 4144 1322 4212 ἐμοὶ
1368 4143 1526 4212 μόνος
1578 4141 1812 4211 Χριστὸς
1865 4141 1950 4210 ζῇ,
1980 4144 2006 4192 ὁ

433 4238 693 4305 διεξάγων
719 4237 816 4305 τὴν
851 4235 991 4288 κατὰ
1017 4233 1242 4302 γνώμην
1270 4235 1446 4301 τούτῳ
1491 4231 1764 4301 ἑπομένην
1803 4231 2000 4300 ψυχὴ»,

435 4330 527 4383 καὶ
558 4328 837 4395 ἐκτρέιξων
874 4326 952 4387 ὡς
996 4326 1053 4376 ἐν
1099 4323 1304 4394 κρίνοις
1346 4324 1466 4385 ταῖς
1504 4322 1852 4392 λαμπρότησι
1900 4322 2004 4371 τᾶν)

434 4419 664 4488 ἀρετῶν.

1103 4508 1363 4564 Ψελλοῦ.

505 4603 691 4655 Ταῦτα
726 4605 826 4671 μὲν
855 4602 949 4655 οὗν
990 4603 1285 4670 λελάληκεν
1320 4603 1434 4664 τοῖς
1467 4599 1695 4669 φύλαξ»)
1729 4601 1761 4669 ἡ
1793 4598 2000 4666 νύμφη.

451 4695 677 4744 Ἐκεῖνοι
707 4693 750 4744 δ’
776 4693 1065 4762 ἀκριϐέστε
1078 4709 1169 4762 ρον
1195 4688 1350 4754 αὖθις
1380 4692 1701 4761 ἐπερωτῶσι

509 4785 632 4838 Ποῦ
695 4785 968 4853 ἀπῆλθεν
1013 4787 1044 4838 ό
1101 4783 1423 4851 ἁδελφιδός
1472 4799 1608 4844 σου,
1655 4785 1691 4850 ἡ
1741 4785 1896 4850 muli;
1937 4785 2004 4836 ἐι·

447 4878 676 4945 γυναιξί
698 4895 716 4942 ;
742 4877 864 4930 Ποῦ
894 4874 1159 4942 ἀπῆλθε,
1193 4875 1312 4928 ποῦ
1335 4872 1678 4940 ἀπέϐλεψεν
1701 4878 1732 4927 ό
1763 4876 2007 4940 (way-

441 4971 546 5033 δίς
572 4985 686 5021 σου
711 4985 729 5032 ;
761 4967 855 5021 καὶ
883 4965 1214 5035 ζητήσομεν
1235 4966 1421 5018 αὑτὸν
1453 4965 1602 5034 μετὰ
1632 4965 1768 5017 σοῦ.

525 5059 583 5110 ’0
619 5057 858 5120 ποταπὸς
882 5053 948 5127 ἦν
988 5058 1250 5126 πρότερον
1278 5050 1430 5116 οὗτος
1464 5055 1859 5124 μεμαθηκότες,

446 5151 557 5204 Νῦν
593 5150 912 5219 ἐκζητοῦσιν
940 5150 1033 5202 καὶ⁵
1068 5150 1262 5219 μαθεῖν
1291 5149 1382 5202 καὶ
1419 5148 1518 5200 ποῦ
1546 5166 1673 5200 ποτε
1707 5148 1928 5218 μετέϐη·

445 5244 669 5297 Οὐδέπω
695 5243 802 5311 γὰρ
827 5243 1139 5309 ἐπέγνωσαν
1159 5242 1256 5312 τὴν
1284 5242 1554 5310 σάρκωσιν
1582 5240 1675 5292 τοῦ
1708 5240 1898 5304 Λόγου,

453 5339 553 5389 Ἢν
579 5334 855 5388 κατελθὼν
889 5336 983 5386 ἐπὶ
1017 5333 1114 5402 τῆς
1158 5334 1259 5402 γῆς
1278 5332 1529 5402 ἀρρήτως
1553 5329 1862 5400 ἐσαρκὼθη.

447 5429 569 5479 Ὅτι
597 5428 640 5480 δ’
669 5428 727 5479 οὑ
755 5428 916 5479 πᾶσιν
937 5425 1195 5491 ἔγνωστο,
1225 5424 1486 5484 δέσποτα,
1513 5423 1623 5483 τοῖς
1648 5421 1900 5488 ἀγγέλοις
1918 5462 1931 5481 ,

447 5519 520 5569 Τὸ
551 5517 648 5585 τῆς
679 5517 1144 5586 ὲνανθρωπήσεως
1177 5514 1480 5585 μυστήριον
1502 5512 1596 5565 τοῦ
1629 5513 1827 5579 Λόγου,

445 5607 621 5675 Μέχρι
653 5605 748 5674 τῆς
786 5605 1100 5677 ἀναλήψεως
1125 5604 1288 5659 αὐτοῦ
1321 5605 1452 5675 πρὸς
1475 5603 1565 5656 τὸν
1593 5604 1828 5667 Πατέοα,

520 5784 562 5815 ⁶¹
593 5781 780 5838 Matth.
809 5802 822 5823 ι
846 5801 881 5849 l,
909 5784 995 5839 '28.

1392 404 1777 466 COMMENT.
1825 401 1900 462 lN
1941 402 2334 464 CANTICUM
2379 403 2670 462 C.-\:\'TlC.

2019 524 2056 571 Α

2031 4562 2083 4618 1)

3553 409 3659 474 €51

2644 517 2735 570 Tri
2744 536 2774 571 ιι
2784 536 2824 568 ιιι
2864 518 2938 572 Pu
2949 532 2962 571 ι
2975 535 3033 571 ru
3042 535 3087 571 nt
3100 559 3112 570 .

2164 608 2299 661 Cum
2331 609 2613 681 discipula:
2667 625 2732 664 ex
2764 611 3044 681 magistra,
3079 617 3204 684 quis
3234 626 3382 673 esset
3423 635 3664 689 sponsus

2095 701 2239 769 ejus,
2279 716 2374 772 per
2405 702 2561 773 signa
2592 711 2646 758 et
2675 715 2832 760 natas
2883 706 3058 775 ipsius
3119 706 3478 773 didicissent,
3522 713 3666 766 scire

2094 805 2270 848 autem
2314 804 2597 863 cuperent,
2637 812 2874 865 quonam
2922 798 3172 865 abiisset,
3224 799 3306 855 sic
3338 801 3482 855 illam
3516 818 3664 856 COIII-

2096 888 2332 953 pellunt:
2391 886 2506 951 Quo
2563 888 2693 941 abiit
2748 905 2904 958 nepos
2931 904 3071 957 tuus,
3142 909 3173 944 ο
3246 892 3472 958 pulchra
3529 895 3666 946 inter

2095 979 2380 1036 mulieres?
2411 978 2454 1030 0
2517 995 2636 1048 qua:
2668 982 2810 1036 inter
2840 985 3075 1051 animas,
3132 990 3387 1058 imaginis
3427 999 3482 1047 et
3509 994 3666 1047 simi-

2099 1070 2348 1127 litudinis
2398 1071 2861 1143 pulchritudinem
2929 1079 3168 1132 mandati
3226 1085 3668 1151 transgressione

2097 1163 2365 1232 perditam
2431 1165 2556 1221 ideo
2614 1171 2974 1237 recuperasti,
3033 1175 3158 1241 quia
3217 1175 3310 1231 Dei
3376 1177 3557 1236 Verbo
3606 1196 3668 1236 cs

2099 1255 2428 1326 desponsata
2455 1276 2470 1314 :
2497 1260 2722 1330 quando
2748 1276 2813 1317 ex
2844 1265 3018 1333 signis
3047 1280 3110 1320 ae
3159 1270 3304 1322 notis
3341 1269 3461 1338 ejus
3487 1272 3586 1328 abs
3617 1284 3668 1328 te

2099 1350 2460 1414 enumeratis,
2493 1355 2734 1408 nondum
2773 1355 2951 1425 ipsum
2980 1361 3033 1414 in
3069 1361 3228 1416 nobis
3272 1366 3663 1432 conspicimus,

2097 1458 2324 1509 quonam
2381 1447 2612 1513 respexit
2670 1463 2825 1516 nepos
2877 1453 3046 1506 tuus?
3095 1462 3144 1506 et
3204 1471 3500 1522 qumremus
3549 1474 3667 1512 eum

2100 1545 2288 1589 (ecum.
2325 1535 2425 1591 Ubi
2459 1537 2698 1594 dilectus
2731 1548 2859 1595 tuus
2887 1542 2982 1611 qui
3029 1554 3113 1598 est
3147 1546 3460 1613 invisibilis,
3492 1552 3663 1620 aspici

2097 1629 2314 1682 voluit?
2347 1630 2531 1684 Indica
2582 1632 2762 1695 nobis,
2822 1644 2880 1688 ut
2916 1643 2968 1690 te
2995 1636 3132 1691 duce
3170 1646 3236 1691 ad
3282 1641 3666 1708 praestantiora

2099 1722 2514 1788 contendentes,
2548 1739 2672 1778 eum
2705 1737 2819 1779 tum
2853 1733 3063 1795 agendo
3087 1743 3198 1784 tum
3249 1735 3664 1802 contemplandn

2102 1816 2534 1884 pervestigemus
2561 1825 2616 1871 et
2649 1832 3032 1888 assequamur.
3070 1821 3165 1879 llis
3203 1840 3405 1893 sponsa
3442 1843 3669 1898 respon-

2103 1905 2457 1974 tletf-Nepos,
2500 1909 2775 1978 inquiens,
2827 1930 2971 1966 meus
3022 1916 3290 1970 descendit
3344 1920 3397 1971 in
3457 1923 3669 1977 hortum

2102 2014 2257 2051 suum
2289 1997 2356 2050 ad
2377 1999 2588 2068 phialas
2623 2005 2905 2058 aromatis.

2175 2091 2595 2148 Difectusineus
2643 2097 2736 2165 qui
2803 2097 3128 2155 substantia!
3179 2117 3292 2157 sua:
3345 2105 3670 2162 celsitudine

2101 2193 2184 2237 est
2219 2185 2532 2250 invisibilis,
2581 2190 2757 2258 rcipsa
2824 2199 3082 2261 tanquam
3141 2194 3194 2247 in
3240 2194 3455 2250 hortum
3508 2213 3666 2252 suum

2103 2275 2384 2329 descendit
2426 2279 2477 2330 in
2515 2289 2849 2344 creaturam,
2879 2297 3041 2351 quam
3072 2285 3270 2341 divinis
3293 2290 3669 2346 voluntatibus

2103 2371 2219 2422 suis
2246 2371 2359 2438 ipse
2389 2372 2676 2439 plantavit,
2705 2384 2759 2427 et
2794 2381 3056 2443 tanquam
3100 2377 3163 2430 ad
3200 2376 3409 2446 phialas
3451 2395 3634 2435 aroma
3655 2413 3669 2425 -

2103 2462 2192 2520 lis,
2227 2463 2290 2514 ad
2325 2464 2536 2516 animas
2567 2465 2670 2518 sibi
2708 2480 2806 2534 per
2833 2465 2990 2520 iidem
3019 2468 3070 2520 in
3110 2467 3274 2522 Deum
3311 2479 3517 2538 gratas,
3549 2490 3671 2528 sua-

2103 2553 2330 2606 vissitno
2392 2556 2579 2622 gratia)
2634 2556 2810 2610 sancti
2868 2557 3109 2627 Spiritus
3173 2565 3344 2618 odore
3395 2564 3665 2634 perfusas.

2098 2644 2231 2710 Qua:
2261 2646 2480 2714 quidem
2511 2649 2686 2717 gratia
2718 2665 2812 2715 per
2833 2653 3355 2722 contemplationem
3414 2666 3467 2711 et
3498 2662 3672 2717 actio-
3719 2709 3729 2718 .

2104 2753 2248 2801 nem,
2285 2738 2540 2806 imaginis
2594 2749 2648 2794 et
2683 2741 3063 2798 similitudinis
3118 2745 3286 2802 decus
3336 2748 3389 2802 in
3445 2750 3527 2805 eis
3584 2753 3667 2806 sic

2102 2830 2396 2896 instaurat,
2439 2844 2490 2885 ut
2530 2848 2768 2901 sponsus
2829 2835 2879 2887 in
2919 2835 3028 2890 illis
3082 2845 3338 2907 tanquam
3395 2847 3670 2912 exemplar

2104 2923 2156 2977 in
2187 2926 2343 2993 signo
2368 2925 2589 2994 proprio
2615 2928 2984 2997 perspiciatur
3005 2944 3348 3000 expressum.
3381 2933 3670 2991 Descendit

2102 3025 2306 3081 autem,
2348 3026 2404 3070 ut
2437 3019 2642 3073 dictum
2673 3029 2776 3082 est,
2804 3028 2860 3074 ut
2892 3029 3082 3090 pascat
3139 3025 3192 3076 in
3229 3024 3397 3080 hortis
3427 3033 3481 3080 et
3510 3027 3669 3081 colli-

2102 3117 2192 3176 gat
2227 3108 2376 3162 lilia:
2411 3110 2515 3164 hoc
2548 3117 2654 3176 est,
2689 3119 2746 3165 ut
2769 3125 2901 3167 oves
2946 3114 3161 3168 ratione
3215 3117 3469 3184 praeditas
3523 3128 3670 3188 tegat

2102 3207 2155 3249 et
2191 3197 2401 3251 nutriat
2423 3213 2520 3266 per
2554 3201 2837 3255 scientiam
2888 3211 3054 3272 atque
3085 3205 3361 3273 virtutem,
3395 3210 3447 3261 in
3474 3219 3663 3264 natura

2105 3298 2217 3341 tum
2248 3287 2573 3359 intelligibili
2602 3301 2713 3345 tum
2745 3294 3025 3348 sensibili:
3081 3296 3134 3349 in
3175 3298 3373 3365 quibus
3403 3299 3664 3354 virtutum

2101 3382 2344 3436 rationes
2396 3395 2460 3435 ac
2512 3381 2656 3436 modi
2692 3393 2952 3453 tanquam
3000 3385 3054 3439 in
3109 3387 3278 3443 hortis
3339 3391 3665 3459 quibusdam

2103 3473 2298 3525 consiti
2352 3482 2515 3539 sunt;
2575 3483 2628 3527 et
2681 3476 2899 3547 colligat
2963 3479 3130 3533 veluti
3197 3481 3305 3532 lilia
3343 3484 3411 3535 de
3471 3487 3662 3552 spinis,

2107 3579 2302 3630 nempe
2330 3581 2396 3620 ex
2433 3567 2724 3623 animabus
2750 3585 2871 3639 quae
2895 3573 3178 3640 corporeis
3202 3574 3666 3631 sollicitudinibus

2105 3653 2468 3723 sull‘ocantur,
2529 3659 2744 3713 animas
2780 3661 2901 3715 illas
2945 3677 3068 3728 qua:
3117 3664 3334 3731 rejeetis
3393 3666 3662 3734 ejusmodi

2105 3747 2280 3814 spinis
2313 3748 2420 3800 Deo
2453 3759 2645 3817 parent
2681 3751 2804 3820 ipsi,
2838 3752 2889 3805 in
2919 3754 3225 3821 Evangeliis
3259 3756 3493 3810 dicenti:
3527 3757 3669 3811 Cun-

2105 3845 2336 3895 sir/crmc
2369 3843 2486 3896 lilia
2555 3845 2692 3913 agri,
2741 3862 2846 3897 non
2891 3847 3156 3903 laborant.
3209 3853 3370 3918 neque
3430 3861 3548 3902 rent
3587 3853 3665 3900 εἰ

2107 3936 2346 3998 Quarum
2382 3934 2546 3988 etiam
2599 3936 2812 4004 singula
2854 3937 3025 3992 dicit:
3083 3936 3195 4007 Ego
3244 3943 3416 4008 nepoti
3459 3958 3590 4006 meo,
3620 3952 3669 3995 et

2109 4040 2264 4090 nepos
2296 4042 2441 4078 meus
2468 4027 2617 4092 nti/ti,
2650 4027 2744 4096 qni
2768 4030 2936 4097 pascit
2965 4030 3100 4082 inter
3141 4030 3279 4084 lilia.
3321 4030 3428 4098 Ego
3468 4033 3669 4101 quippe

2111 4117 2218 4170 Deo
2249 4120 2395 4181 vivo,
2438 4129 2652 4172 mortua
2687 4120 2911 4183 mundo,
2945 4122 3080 4175 etin
3110 4136 3195 4176 me
3223 4123 3375 4176 solus
3413 4123 3667 4178 Christus

2109 4209 2260 4272 vivit,
2295 4212 2388 4278 qui
2427 4211 2563 4278 regit
2625 4213 2864 4264 animam
2895 4229 3015 4280 qua:
3050 4213 3228 4282 ipsum
3286 4215 3558 4283 sequitur,
3614 4226 3670 4266 et

2111 4305 2281 4370 [nscit
2309 4305 2358 4354 in
2386 4303 2536 4367 liliis,
2578 4305 2630 4356 iu
2668 4304 3052 4372 splendcriiius
3082 4308 3364 4361 virtutum.

2805 4483 2985 4538 l’srlli.

2182 4573 2307 4627 llaec
2370 4574 2696 4630 custodibus
2731 4591 2932 4644 sponsa
2988 4592 3110 4630 cum
3162 4575 3560 4646 respondisset,
3591 4574 3668 4628 illi

2113 4681 2305 4719 rursus
2335 4682 2454 4719 eam
2498 4669 2838 4737 interrogant
2867 4669 3212 4724 accuratius:

2180 4759 2296 4824 Quo
2331 4758 2460 4812 abiit
2497 4775 2656 4829 nepos
2698 4768 2840 4822 mus,
2867 4777 2897 4813 ο
2940 4759 3163 4826 pulchra
3193 4761 3330 4813 inter
3373 4759 3614 4813 mulieres
3644 4759 3670 4812 .’

2111 4851 2226 4914 Quo
2259 4851 2486 4918 respexit
2518 4866 2673 4918 nepos
2701 4851 2862 4903 tuus?
2913 4863 2960 4902 el
2991 4867 3284 4920 quaeremus
3329 4866 3446 4904 eum
3477 4859 3669 4903 (ecum.

2182 5030 2370 5094 Qualis
2413 5032 2514 5085 iste
2541 5030 2635 5096 sit,
2666 5030 2778 5100 jam
2814 5030 3206 5085 intelleximus.
3251 5029 3405 5083 Nunc
3445 5044 3669 5083 avemus

2112 5123 2243 5176 illud
2295 5123 2459 5176 etiam
2495 5123 2665 5187 scire,
2697 5138 2808 5192 quo
2830 5123 3212 5178 descenderit:
3251 5121 3486 5176 nondum
3524 5122 3669 5175 enim

2113 5217 2385 5281 cognitaltt
2463 5216 2664 5269 habent
2721 5213 2900 5270 "Verbi
2971 5215 3422 5276 incarnationem,
3505 5226 3666 5281 quam

2118 5309 2378 5363 ineliabili
2428 5310 2641 5362 ratione
2705 5309 2760 5362 in
2823 5317 3024 5363 terram
3083 5307 3421 5364 descendens
3472 5303 3669 5358 induit.

2120 5402 2291 5471 Cujus
2332 5401 2552 5472 quidem
2589 5403 2987 5458 incarnationis
3020 5400 3343 5472 mysterium
3371 5414 3438 5454 ne
3460 5398 3672 5486 angelis

2117 5503 2356 5571 quidem,
2391 5507 2513 5554 ante
2551 5498 2710 5554 Verbi
2744 5497 3115 5552 ascensionem
3148 5495 3213 5548 ad
3246 5493 3456 5547 Patrem
3505 5489 3672 5544 fuisse

2117 5602 2480 5666 exploratmn,
2505 5609 2570 5648 ex
2596 5605 2808 5648 sunnno
2835 5591 3217 5661 prophetarum
3249 5584 3446 5640 Davidc
3471 5598 3674 5652 cogn»
