4424 6446
425 381 527 445 657

1402 380 1783 442 COMMENT.
1832 380 1911 438 IN
1944 380 2330 442 CANTICUM
2375 383 2667 444 CANTlC.

3551 385 3658 446 6.58

427 494 515 543 τόν
543 506 643 554 μου
668 487 790 543 κατ’
821 487 1100 560 ἐνέργειαν
1123 489 1315 553 κάλλος
1376 490 1480 544 Καὶ
1519 491 1623 562 ὕψη
1663 509 1728 560 με
1765 493 1989 560 ὲνεργη-
2021 500 2071 551 Α
2098 512 2174 565 ενι

1906 500 2334 565 m-Aspeclari
2377 513 2482 552 non
2545 505 2742 567 potest.
2804 499 2869 551 ad
2926 496 3380 566 pulchriunlinem
3441 514 3560 567 qua:
3591 519 3653 554 cat

432 582 583 635 τικόν
609 593 670 633 ’τε
700 584 795 634 καὶ
822 579 1254 653 παντοδύνμμον.
1298 581 1666 649 Πνευματικοὶ
1709 582 1818 650 γάρ
1856 583 1994 634 εἰσιν

427 675 474 726 οἱ
504 672 772 742 ὀφθαλμοί
812 691 929 726 σου.
977 673 1049 725 Τὸ
1085 672 1166 737 δὲ,
1203 673 1467 742 Τρίχωμὰ
1509 690 1647 738 σου,
1677 673 1756 738 ὡς
1787 672 1995 741 ἀγέλαι

428 763 544 816 τῶν
571 762 774 830 αιτῶν,
810 761 871 814 αἲ
893 762 1288 830 ἀνεφάνησαν
1321 761 1418 816 διὰ
1452 763 1556 816 τοῦ
1598 765 1846 816 Γαλαὰδ
1866 780 1880 794 ο
1917 765 1995 816 εἷ-

427 871 552 907 τουν
580 856 642 906 Οἱ
676 855 743 907 ἐκ
775 854 869 907 τοῦ
915 855 1032 918 νοός
1070 872 1185 920 σου,
1217 850 1306 908 οἷα
1346 855 1410 926 δὴ
1457 855 1698 925 κεφαλῆς
1739 855 1995 923 κομὼσης

431 945 572 1015 θρὶξ,
629 947 1023 1014 πνευματικῶς
1065 947 1324 1015 φυόμενοι
1388 948 1483 1000 καὶ
1539 947 1996 1025 ᾁναισθητοῠντες

429 1038 565 1104 πρὸς
591 1037 660 1089 τΞι
699 1037 963 1106 παρόντα,
996 1037 1287 1106 πρακτικοί
1321 1055 1379 1090 τε
1423 1039 1516 1091 καὶ
1545 1039 1872 1108 θεωρητικοὶ
1901 1041 1996 1092 καὶ

429 1126 730 1195 θεολογικοὶ
765 1126 921 1196 δίκην
950 1127 1210 1191 εὐθαλοῦς
1259 1127 1604 1199 τριχώματος
1645 1131 1816 1198 αἰγῶν
1861 1132 1994 1184 ἀνα-

428 1217 795 1284 δεικνυμένων
825 1218 913 1271 διά
946 1235 1090 1281 τινος
1121 1219 1370 1273 ἀπόπτου
1429 1220 1588 1290 ὅρους
1633 1221 1842 1274 Γαλαὰδ
1892 1239 1993 1274 κα-

429 1305 714 1373 λουμένου,
774 1306 1286 1378 ἁνακεκαλυμμένοι
1341 1309 1448 1362 ἀπὸ
1508 1310 1734 1372 σκότους
1797 1311 1996 1373 κακίας

433 1396 530 1450 καὶ
579 1397 804 1464 ἀγνοίας
858 1398 951 1450 καὶ
992 1397 1178 1461 ἀθεῖας
1233 1399 1402 1452 εἰσίν’
1441 1401 1522 1452 ὅτι
1549 1402 1612 1452 ἐκ
1636 1400 1837 1452 τούτων
1869 1417 1996 1469 μετ-

432 1488 747 1557 ῳκὶσθησαν
789 1491 868 1551 εἰς
904 1490 1102 1560 ἀρετὴν
1159 1491 1252 1543 καὶ
1307 1491 1506 1558 γνῶσιν
1560 1493 1652 1544 καὶ
1688 1491 1996 1543 θεοσέϐειαν

431 1579 585 1648 παρὰ
614 1579 706 1632 τοῦ
764 1580 1171 1650 μαρτυροῦντος
1207 1584 1318 1644 τοῖς
1364 1587 1574 1646 πιστοῖς
1631 1585 1697 1636 τα
1732 1584 1996 1653 μέλλοντα

429 1670 785 1740 δικαιωτήρια
823 1671 1179 1738 Εὑαγγελίου.
1213 1675 1494 1727 Μετοικία
1527 1673 1633 1741 γὰρ
1665 1675 1996 1742 μαρτυρίας

430 1760 489 1811 τὸ
547 1760 756 1813 Γαλαὰδ
805 1762 1188 1831 ἑρμηνεύεται.
1249 1765 1358 1816 Καὶ
1413 1763 1554 1817 οὕτω
1597 1764 1694 1833 μὲν
1731 1764 1992 1833 Τρίχωμά

431 1856 709 1906 com—Ol
736 1854 791 1906 δὲ
818 1853 1061 1920 ὀδόντες
1091 1869 1228 1916 σου,
1247 1855 1328 1919 ὠς
1343 1855 1551 1921 ἀγέλαι
1576 1855 1695 1908 τῶν
1719 1854 1996 1924 κεκιιρμέο

431 1958 571 2004 νων,
597 1942 660 1994 αἳ
681 1943 987 2009 ἀνέϐησαν
1013 1944 1131 1998 ἀπὸ
1154 1944 1258 1997 τοῦ
1286 1943 1567 2011 λουτροῦ,
1593 1947 1650 1997 al
1679 1944 1868 1999 πᾶσαι
1907 1944 1994 1996 δι-

429 2031 819 2100 ὃ.ν·μεύουσαι,
863 2035 961 2088 καὶ
990 2036 1326 2090 araer-0170a
1349 2039 1460 2090 οὐκ
1491 2035 1660 2090 ἐστιν
1679 2038 1747 2090 ἐν
1765 2037 1990 2101 αὑταῖς.

429 2123 743 2194 Δηλαδὴ,Αἰ
779 2124 979 2178 ἔννοιαί
1020 2144 1134 2188 σου,
1188 2126 1257 2179 δι’
1293 2121 1366 2181 ὧν
1419 2127 1478 2179 τὸ
1540 2128 1850 2198 σωματικὸν
1897 2127 1990 2178 τοῦ

428 2216 593 2280 νόμου
660 2217 830 2285 πάχος
883 2219 962 2281 εἰς
1011 2219 1186 2288 ἀληθῆ
1231 2219 1551 2273 λεπτύνεται
1588 2221 1858 2289 νοήματα,
1899 2220 1991 2272 καὶ

429 2305 561 2372 πρὸς
595 2306 796 2374 βρῶσιν
834 2309 1210 2380 πνευματικὴν
1244 2313 1550 2381 ἐπιτήδειον
1573 2311 1802 2379 γίνεται,
1834 2311 1990 2381 δίκην

430 2397 784 2464 κεκαρμένων
819 2398 1028 2463 ἀγελῶν
1080 2403 1258 2452 πᾶσαν
1313 2402 1482 2471 ψευδῆ
1527 2403 1793 2472 ὑπόληψιν
1840 2420 1993 2472 περι-

429 2484 682 2553 ᾕρηνται,
715 2490 843 2555 περὶ
877 2489 1044 2558 μόνην
1075 2490 1568 2560 συναγελαζόμεναι
1595 2494 1692 2563 τὴν
1715 2494 1993 2563 ἀλήθειαν.

431 2576 700 2644 Αἴπερλὼς
747 2579 856 2631 ἀπὸ
900 2580 1125 2651 λουτροῦ
1169 2583 1576 2651 καθαρεύσασαι
1629 2586 1736 2637 τῶν
1783 2585 1992 2654 ψευδῶν

431 2667 776 2736 ὑπολήψεων,
818 2670 1113 2741 ὑψώθησαν
1153 2674 1259 2726 ἀπὸ
1305 2673 1413 2726 τῶν
1448 2677 1651 2743 γηΐνων
1678 2678 1770 2729 καὶ
1801 2695 1992 2747 σαρκι-

427 2755 541 2808 κῶν
584 2757 719 2824 πρὸς
779 2759 844 2810 τὰ
891 2762 1235 2829 πνευματικὰ
1275 2764 1363 2814 καὶ
1418 2760 1664 2833 οὐράνια,
1716 2763 1994 2833 διδυμοτο-

428 2846 621 2899 κοῦσαι
645 2848 770 2910 τοὺς
800 2849 989 2916 λόγους
1020 2850 1126 2902 τῶν
1157 2853 1368 2920 ἀρετῶν
1395 2869 1406 2882 ·
1459 2858 1549 2905 καί
1607 2853 1856 2924 ἄκαρπος
1899 2853 1993 2906 καὶ

428 2939 708 3007 ἀ.ωφελὴς
740 2941 1034 3011 ἑνθύμησις
1060 2943 1158 2996 οὐκ
1181 2943 1325 2996 ἔστιν
1357 2947 1414 2996 ἐν
1436 2946 1642 3006 αὐταῖς.
1689 2946 1782 3011 Ὠς
1809 2963 1993 3014 anap-

427 3031 556 3082 τίον
590 3030 875 3084 κόκκινον
899 3034 1070 3100 χείλη
1100 3050 1236 3095 σου,
1262 3033 1356 3086 καὶ
1378 3033 1414 3100 ἠ
1439 3036 1619 3087 λαλιά
1645 3052 1758 3089 σου
1788 3036 1989 3102 ὡραία.

430 3121 707 3188 Δηλονότι,
758 3117 845 3175 οἷα
895 3125 992 3193 μὲν
1034 3124 1298 3194 σπαρτίον
1335 3127 1768 3196 μεμετρημένον,
1818 3121 1904 3180 οἷα
1933 3128 1991 3181 δὲ
2021 3147 2062 3203 C

429 3211 683 3264 κόκκινον
709 3213 882 3285 ἀληθῆ
924 3215 1014 3267 τὸν
1063 3215 1217 3281 λόγον
1272 3217 1634 3286 προφέροντα.
1701 3217 1859 3272 Ὅθεν
1902 3219 1996 3270 καὶ

434 3301 572 3369 καλὴ
616 3303 646 3370 ἡ
679 3304 865 3355 τούτου
899 3306 1149 3374 προφορά
1199 3307 1294 3368 Ὡς
1323 3305 1592 3371 λέπυρον
1618 3302 1766 3372 ῥοᾶς
1800 3305 1997 3373 μῆλόν

429 3410 544 3446 σου
571 3395 741 3459 ἐκτὸς
761 3393 872 3460 ’τῆς
909 3395 1261 3462 σιωπήσεώς
1285 3412 1400 3449 σου
1419 3413 1434 3428 ⁸
1468 3399 1603 3466 ἤτοι,
1634 3394 1734 3449 Οἴα
1765 3398 1996 3466 λέπυρον

433 3485 556 3551 ῥοᾶς
587 3483 884 3550 στύφουσαί
911 3487 1046 3536 εἰσιν
1065 3486 1120 3537 αἱ
1153 3485 1377 3553 παρειαί
1413 3502 1526 3549 σου,
1563 3487 1649 3538 διὰ
1683 3487 1740 3538 τὸ
1771 3487 1994 3554 στυγνόν

430 3593 491 3626 τε
550 3576 642 3626 καὶ
692 3575 1018 3644 ἁδιὰχυτον,
1062 3577 1155 3628 καὶ
1213 3578 1301 3628 ὅτε
1363 3579 1436 3646 μὴ
1485 3579 1712 3647 σιωπᾷς,
1748 3578 1825 3647 τῷ
1857 3597 1994 3632 συν-

431 3668 745 3739 εσταλμένῳ
794 3667 1129 3738 κολαζούσης
1177 3686 1268 3722 σου
1334 3670 1432 3740 τὴν
1482 3670 1540 3721 ὲν
1587 3672 1705 3733 ταῖς
1756 3672 1994 3740 ὁμιλίαις

430 3759 695 3830 διάχυσιν.

1141 3851 1347 3906 ελλοῦ.

503 3941 691 3996 Ταῦτα
728 3941 828 4010 μὲν
857 3937 948 3995 οὖν
983 3941 1282 4013 λελάληκεν
1311 3946 1342 4012 ἠ
1374 3943 1558 4012 νύμφη
1586 3945 1692 4003 τοῖς
1716 3944 1989 4010 ἀγγέλοις.

444 4034 582 4087 Ἀλλ’
607 4036 634 4087 ὁ
664 4033 1170 4104 φιλανθρωπότατος
1201 4033 1476 4102 Δεσπότης
1513 4033 1605 4086 καὶ
1637 4035 1886 4102 νυμφίος,

444 4123 600 4179 Ἰδὼν¹
624 4124 929 4194 βαΰζουσαν
963 4126 1131 4197 αὐτὴν
1168 4127 1258 4177 καὶ
1283 4125 1798 4195 κατατρυχωμένην,

432 4217 540 4270 Καὶ
588 4215 938 4285 μεριμνῶσαν
989 4216 1278 4284 περιττῶς,
1313 4217 1405 4268 καὶ
1433 4216 1768 4286 ψηλαφῶσαν
1818 4215 1992 4282 τοῦτο,

432 4305 599 4358 Πάλιν
632 4305 892 4376 ἐπῄνεσεν
926 4305 1095 4374 αὐτὴν
1123 4308 1378 4374 φωνήσας
1407 4305 1650 4374 ἀοράτως
1678 4321 1690 4334 ³

433 4398 598 4463 Kal};
640 4393 712 4458 εἴ,
766 4398 1034 4461 πλησίον
1066 4414 1206 4464 μου,
1257 4397 1337 4459 ὡς
1370 4396 1634 4462 εὐδοκία,
1690 4398 1872 4464 ὡραία
1916 4398 1995 4464 ὡς

441 4488 848 4556 Ἰερουσαλὴμ,
875 4488 1094 4556 θάμϐος
1127 4489 1205 4554 ὠς
1233 4487 1602 4556 τεταγμέναι.

431 4580 602 4647 Καλὴ,
635 4581 788 4648 φησὶ,
817 4580 1128 4648 γεγένησαι,
1160 4579 1254 4632 καὶ
1288 4578 1478 4648 μῶμον
1507 4579 1703 4632 οὔκουν
1733 4579 1896 4650 ἔχεις,

432 4672 508 4739 Τῇ
539 4671 752 4742 εὐδοκία
787 4673 849 4738 τῇ
888 4673 990 4740 ἐμῇ
1018 4670 1192 4730 καλῶς
1222 4671 1569 4739 ὁμοιωθεῖσα.

431 4762 540 4812 Καὶ
572 4761 634 4812 σὺ
659 4760 765 4828 γὰρ
795 4761 967 4823 θέλεις
987 4762 1230 4824 ἅπαντας
1256 4763 1490 4832 σωθῆναι
1513 4763 1635 4824 τοὺς
1656 4760 1992 4832 ἀνθρώπους.

434 4853 541 4905 λαὶ
574 4851 734 4904 πάλιν
772 4852 1125 4923 Ἰερουσαλὴμ
1156 4853 1335 4914 καλῶς
1367 4854 1732 4923 ὲξωμοιὼθης,

444 4944 531 4996 Ἐν
565 4937 708 5017 ᾗπερ
742 4944 1134 5012 ἀνα-πέπαυμαι
1180 4945 1317 5012 μετὰ
1353 4945 1564 4996 καὶτοῦ
1604 4945 1812 5015 Πατρός
1864 4963 1986 5013 μου.

435 5032 596 5084 Ὀἣεν
631 5033 724 5084 καὶ
756 5033 960 5102 θάμϐος
995 5035 1256 5102 κέκτησαι
1278 5075 1290 5091 ,
1326 5034 1418 5086 καὶ
1461 5033 1664 5103 φοϐερὰ
1704 5034 1990 5103 τυγχάνεις

432 5118 645 5186 ’Ὠσπερ
678 5120 730 5170 αἱ
760 5121 1089 5189 τεταγμέναι
1117 5137 1216 5189 μου
1245 5121 1499 5189 δυνάμεις
1525 5121 1628 5173 τῶν
1652 5123 1917 5190 ἀγγέλων.

443 5207 616 5271 Ἐμοῖ,
650 5210 800 5278 φησὶ,
834 5209 1146 5278 λελάληκεν,
1183 5212 1306 5279 ἐμοὶ
1339 5213 1532 5273 σεπτδς
1564 5215 1813 5281 νυμφίος.

433 5300 633 5351 Λοιπὸν
659 5299 715 5351 δὲ
744 5301 1011 5369 Πρόσχες
1044 5303 1138 5354 ἐπ’
1167 5302 1292 5370 ἐμοὶ
1319 5302 1458 5368 τοὺς
1488 5303 1830 5372 ὀφθαλμούς
1852 5323 1989 5371 σου,

1724 5395 1916 5464 [λέγει.

433 5481 506 5531 Τὸ
534 5480 646 5548 φῶς
679 5481 785 5551 γὰρ
836 5483 1211 5554 ἀνεπτέρωσεν
1247 5486 1343 5554 ἐμὲ
1383 5487 1490 5540 τῶν
1541 5488 1834 5557 ὀφθαλμῶν
1871 5506 1988 5554 σου,

433 5572 542 5624 Καὶ
561 5573 776 5627 πάντων
797 5577 1175 5646 κατεφρόνησα
1198 5577 1306 5629 τῶν
1333 5579 1610 5648 κοσμικῶν
1630 5579 1988 5649 πραγμάτων.

547 5753 588 5782 ⁵³
613 5753 766 5808 Cant.
809 5769 882 5822 tv,
911 5755 962 5808 5.
1040 5755 1085 5786 ⁵⁸
1117 5754 1283 5812 Eeeli.
1320 5773 1466 5823 κιιν,

2097 590 2353 658 operibus
2386 592 2734 658 perspicitur.
2765 591 3242 660 conteurplandam
3270 603 3550 648 converte.
3589 592 3654 647 Et

2096 694 2289 734 cernes
2331 695 2414 733 me
2459 681 2756 734 beneﬁcum
2787 691 2841 737 et
2875 683 3330 751 omnipotentem.
3369 682 3657 752 Spiritalcs

2095 773 2238 824 enim
2302 781 2431 826 sunt
2482 772 2624 825 oculi
2680 774 2776 826 lui.
2835 772 3033 841 Capilli
3094 790 3221 830 vero
3279 776 3414 830 sicut
3479 790 3656 843 greges

2097 873 2399 925 caprarum,
2435 877 2550 929 qui?
2604 873 2956 926 apparuerunt
2993 879 3057 916 εα
3086 861 3314 916 Calaad.
3354 865 3657 930 Cogitatio-

2099 962 2194 1001 nes
2223 950 2491 1011 videlicet,
2541 965 2660 1017 ιἰυεο
2712 960 2769 1003 ιιι
2809 968 2877 1006 ex
2936 953 3113 1021 capite
3163 969 3350 1016 comm,
3406 955 3552 1008 sicut
3589 970 3658 1008 ex

2099 1048 2276 1089 mente
2310 1042 2635 1104 proveniunt
2672 1049 2761 1093 tua
2794 1042 3177 1108 spiritualiter,
3223 1045 3436 1098 nullum
3475 1061 3656 1099 rerum

2098 1125 2260 1194 hujus
2311 1130 2428 1182 vitae
2475 1147 2694 1185 sensum
2758 1132 3043 1197 habentes,
3090 1135 3182 1189 sed
3241 1137 3294 1190 in
3355 1137 3563 1205 agendo
3608 1147 3661 1189 et

2098 1219 2521 1288 contemplando
2601 1230 2653 1274 et
2707 1222 2909 1276 divinis
2980 1226 3144 1278 rebus
3218 1225 3660 1296 pervestigandis

2098 1319 2395 1378 occupatio,
2429 1313 2635 1368 similes
2663 1325 2791 1368 sunt
2823 1314 3143 1369 ﬂorentibus
3195 1332 3485 1385 caprarum
3514 1318 3659 1386 pilis,

2099 1415 2217 1469 qua:
2259 1417 2351 1469 per
2386 1403 2554 1455 altum
2577 1405 2864 1470 quenulam
2897 1417 2949 1459 et
2979 1406 3273 1458 obscurum
3308 1415 3541 1460 montem
3565 1410 3656 1475 qui

2097 1490 2546 1552 diciturGilaad.
2583 1496 2892 1562 conspicua:
2941 1503 3331 1565 apparuerunt.
3381 1496 3658 1566 Siquidem

2097 1597 2161 1636 ex
2189 1583 2412 1636 malitia:
2451 1594 2502 1638 et
2529 1585 2850 1653 ignorantiae
2880 1595 3042 1654 atque
3067 1587 3361 1656 impietatis
3397 1589 3658 1647 tenebris.

2099 1677 2164 1728 ad
2200 1675 2418 1729 virtutis
2449 1686 2499 1729 et
2521 1676 2766 1730 scientiae
2822 1677 3153 1752 pietatisque
3207 1679 3382 1733 lucem
3434 1681 3663 1734 conuni-

2100 1774 2330 1833 graruut
2393 1781 2485 1834 per
2535 1765 2909 1835 Evangelium,
2968 1770 3112 1836 quod
3167 1768 3419 1824 ﬁdelibus
3473 1769 3663 1838 iudicii

2032 1825 2071 1878 Β
2101 1825 2269 1904 laturi
2308 1825 2914 1909 testimoniinuvreddit.
2949 1825 3152 1910 Galaad
3179 1859 3325 1912 enim
3364 1825 3660 1927 signiﬁcat,

2100 1943 2481 2012 illigrationem
2539 1947 2864 2000 testimonii.
2921 1949 2995 2000 Ac
3051 1949 3117 2002 de
3169 1950 3384 2018 capillis
3438 1949 3660 2020 quidem

2102 2029 2390 2086 hactenus.
2452 2033 2637 2086 Dentes
2683 2039 2754 2086 tui
2790 2040 2924 2088 sicut
2986 2053 3162 2106 greges
3197 2047 3488 2102 tonsarum,
3545 2055 3661 2107 qua:

2103 2125 2444 2176 uacent/erunt
2472 2124 2788 2188 deluracro,
2842 2143 3016 2180 omnes
3079 2128 3316 2196 gemellis
3355 2129 3570 2194 fetibus,
3611 2138 3661 2182 et

2099 2214 2295 2267 sterilis
2323 2230 2423 2267 non
2453 2225 2530 2268 est
2570 2217 2704 2269 inter
2725 2234 2834 2269 eas.
2893 2218 3271 2286 Cogitationes
3326 2227 3430 2272 tuae
3463 2219 3662 2288 quibus

2100 2319 2421 2374 corpoream
2477 2306 2612 2375 legis
2661 2308 3083 2363 crassitudinem
3146 2310 3199 2363 in
3255 2325 3415 2363 veros
3465 2325 3660 2364 sensus

2099 2407 2386 2459 extenuas,
2412 2404 2465 2448 et
2488 2398 2553 2448 ad
2597 2397 2932 2464 spiritualem
2987 2398 3169 2452 cibum
3210 2400 3458 2453 idoneum
3519 2400 3660 2453 redi-

2097 2484 2202 2552 gis,
2256 2483 2432 2538 instar
2488 2499 2779 2555 caprarum
2816 2503 2935 2556 quae
2990 2499 3160 2542 tonsae
3228 2496 3380 2550 sunt,
3431 2489 3661 2542 veritate

2099 2582 2308 2627 tantum
2339 2585 2682 2640 conservata,
2715 2576 2880 2630 falsas
2910 2593 3100 2632 omnes
3157 2579 3411 2646 rejiciunt
3441 2579 3657 2646 opinio.

2097 2678 2227 2717 nes:
2261 2673 2318 2718 et
2360 2672 2620 2733 tanquam
2659 2665 2712 2718 in
2768 2667 2985 2721 lavacro
3017 2681 3046 2720 a
3101 2667 3255 2722 falsis
3304 2668 3659 2737 opinionibus

2097 2755 2316 2817 ahlutm,
2352 2755 2597 2824 geminos
2623 2756 2882 2809 virtutum
2910 2755 3136 2812 edentes
3170 2757 3402 2821 fructus,
3437 2772 3465 2810 a
3496 2759 3660 2811 rebus

2098 2845 2332 2916 terrenis
2363 2854 2526 2915 atque
2548 2847 2867 2902 carnalibus
2898 2847 2964 2900 ad
2997 2850 3276 2919 spiritales
3326 2858 3379 2902 et
3409 2850 3659 2905 cmlestes

2097 2937 2584 3002 conscenderunt;
2626 2955 2803 3008 neque
2836 2941 2943 2993 ulla
2995 2941 3255 2994 intereas
3312 2940 3524 2993 inutilis
3572 2952 3659 2993 est

2098 3037 2190 3080 aut
2251 3029 2610 3084 infructuosa.
2662 3030 2811 3085 Sicut
2870 3032 3138 3100 funiculus
3192 3032 3463 3084 coccineus
3513 3031 3659 3084 labia

2097 3132 2208 3178 tua.
2253 3129 2300 3173 et
2331 3121 2594 3188 eloquium
2649 3131 2795 3174 tuum
2853 3123 3184 3177 decorum”.
3240 3123 3310 3177 Ut
3359 3121 3657 3176 funiculum

2099 3211 2408 3264 dnnensum
2443 3221 2605 3280 atque
2629 3213 2968 3276 coccineum,
3013 3229 3322 3269 sermonem
3373 3215 3660 3284 proferunt

2099 3317 2285 3354 verum
2316 3318 2328 3354 :
2370 3305 2510 3355 unde
2537 3305 2795 3371 pra-clara
2829 3319 3045 3373 quoque
3066 3314 3149 3360 est
3179 3305 3297 3374 ejus
3338 3307 3660 3375 pronuntia-

2095 3395 2194 3446 tio.
2253 3395 2403 3448 Sicut
2456 3406 2636 3447 σοι-ια
2671 3396 2803 3448 mali
2847 3398 3024 3464 punici
3081 3414 3226 3468 gente
3290 3409 3416 3463 tute,
3471 3411 3663 3468 praeter

2100 3485 2371 3538 silentium
2436 3499 2605 3537 tuum.
2654 3484 2882 3555 Pmpter
2927 3489 3283 3542 constrictam
3329 3505 3393 3544 ac
3440 3491 3664 3544 minimc

2097 3575 2275 3630 fusam
2308 3577 2575 3630 orationis
2599 3577 2731 3640 vim,
2760 3595 2912 3648 gen-.e
2941 3589 3046 3632 tua:
3080 3589 3209 3634 sunt
3231 3581 3438 3635 similes
3470 3583 3661 3635 cortici

2100 3667 2226 3720 mali
2260 3667 2467 3736 punici.
2505 3665 2571 3720 Et
2600 3673 2818 3736 quando
2861 3686 2964 3723 non
2993 3673 3463 3743 taceshbrevilate
3488 3675 3664 3728 corri-

2097 3757 2180 3826 gis
2209 3757 2262 3809 in
2297 3755 2657 3812 coneiouibus
2685 3759 3124 3815 dissolutionem.

2779 3849 2960 3905 Pselli.

2158 3935 2285 3989 Haec
2314 3951 2436 3990 cum
2465 3938 2669 4007 angelis
2699 3953 2896 4007 sponsa
2927 3939 3264 4007 loquebatur,
3316 3956 3438 3996 cum
3475 3943 3663 3997 huma-

2096 4027 2352 4083 nissimus
2392 4030 2650 4083 Dominus
2711 4039 3011 4098 etsponsus
3059 4045 3178 4084 eam
3229 4032 3554 4087 clamantem
3608 4045 3664 4088 et

2095 4120 2310 4172 anxiam
2341 4137 2404 4174 ac
2429 4121 2799 4175 vehementius
2841 4121 3149 4183 sollicitum,
3182 4122 3234 4175 in
3267 4139 3325 4178 se
3357 4123 3672 4194 indagando-

2095 4211 2461 4279 conspicatus,
2503 4227 2720 4265 rursum
2771 4211 2836 4265 ad
2877 4211 3062 4267 laudes
3095 4213 3213 4282 ejus
3245 4229 3364 4269 sese
3397 4219 3664 4270 convertit

2097 4302 2444 4357 invisibiliter
2484 4321 2497 4358 :
2531 4303 2759 4358 Pulchra
2786 4321 2860 4369 es,
2896 4306 3168 4375 inquiens,
3203 4309 3492 4377 propinqua
3526 4325 3659 4374 mea,

2097 4393 2232 4446 sicut
2297 4394 2431 4446 bona
2484 4395 2958 4457 voluntas,decora
3006 4399 3140 4449 sicut
3191 4396 3514 4462 Jerusalem,
3558 4410 3664 4452 ter-

2025 4470 2188 4538 Dror
2232 4485 2365 4538 sicut
2424 4487 2562 4538 acies
2623 4488 2904 4539 ordinate.
2955 4489 3208 4552 Pulchra,
3257 4490 3465 4559 inquit,
3522 4490 3662 4544 facta

2097 4591 2177 4638 es,
2211 4585 2264 4629 et
2297 4576 2506 4629 macula
2543 4591 2647 4629 non
2688 4587 2770 4629 est
2802 4578 2852 4629 in
2927 4587 2999 4638 te,
3031 4580 3222 4632 merito
3255 4580 3407 4634 bona:
3471 4579 3661 4632 volun-

2098 4666 2192 4718 tati
2222 4682 2350 4719 mea:
2381 4675 2712 4734 comparata.
2758 4665 2892 4719 Nam
2953 4679 3007 4721 tu
3073 4684 3288 4738 quoque
3331 4671 3414 4723 vis
3473 4684 3662 4722 omnes

2099 4757 2345 4811 homines
2403 4757 2584 4809 salvos
2643 4756 2778 4809 ﬁeri.
2839 4755 3098 4814 Plan-lare
3145 4759 3306 4811 etiam
3362 4759 3659 4812 assimilata

2100 4864 2160 4901 es
2223 4847 2325 4916 ipsi
2408 4844 2708 4902 Jerusalem
2766 4849 2816 4899 in
2872 4864 2974 4915 qua
3020 4864 3141 4902 cum
3203 4846 3360 4901 Patre
3391 4864 3510 4901 meo
3576 4863 3662 4900 re-

2095 4937 2274 5007 quievi
2308 4938 2372 4991 “.
2401 4937 2760 5002 Quamobrem
2790 4946 2836 4991 el
2881 4946 3138 4992 terrorem
3185 4940 3418 5001 obtines,
3450 4946 3504 4993 ct
3556 4937 3664 4991 for-

2099 5026 2366 5081 midabilis
2396 5042 2480 5092 es,
2507 5037 2566 5080 ut
2600 5027 2914 5096 angelorum
2936 5043 3173 5081 meorum
3206 5029 3350 5082 acies
3378 5029 3658 5082 ordinatae.

2099 5116 2248 5180 Mhi,
2273 5115 2466 5184 inquit,
2513 5117 2725 5170 locutus
2749 5125 2830 5170 est
2854 5117 3196 5172 venerandus
3229 5132 3466 5185 sponsus
3489 5133 3659 5170 meus.

2097 5211 2276 5262 Averte
2297 5206 2472 5260 oculos
2507 5216 2622 5261 tuos
2651 5224 2683 5258 τι
2715 5223 2811 5260 me.
2852 5205 2971 5260 Jam
3014 5209 3225 5273 coujiee
3263 5211 3313 5262 in
3350 5225 3435 5263 me
3469 5209 3658 5263 oculos

2100 5310 2246 5354 tuus.
2300 5297 2416 5351 Lux
2438 5297 2581 5353 enim
2605 5299 2874 5352 oculorum
2903 5309 3112 5352 tuorum
3145 5299 3357 5354 avolare
3393 5317 3471 5354 me
3513 5300 3657 5370 fecit.

2098 5401 2152 5448 ct
2179 5393 2360 5447 omnia
2389 5391 2572 5445 mundi
2598 5391 2808 5460 negotia
2842 5392 3080 5461 despexi.
3118 5394 3223 5444 Sed
3275 5395 3366 5462 qui
3418 5393 3662 5447 volunta-

2099 5491 2201 5536 tem
2229 5481 2555 5550 diligeutium
2587 5497 2642 5534 se
2685 5481 2815 5546 facit
2836 5481 2881 5512 "
2915 5523 2929 5546 ,
2960 5480 3248 5536 confestim
3276 5483 3494 5538 divinos
3529 5500 3662 5538 ocu-

2102 5577 2183 5632 los
2233 5592 2362 5632 suos
2397 5577 2449 5631 in
2484 5591 2737 5646 sponsam
2774 5577 3035 5647 coniecit;
3066 5577 3364 5648 vidensque
3411 5594 3530 5633 eam
3552 5580 3660 5633 vir-

1654 5758 1694 5789 "
1749 5757 1892 5812 i-‘sal.
1949 5757 2243 5820 cxuv,19-
