4424 6446
744 390 850 458 663

2006 393 2417 456 MICHAELIS
2465 397 2726 460 PSELLI

3888 408 3995 473 66/.

755 519 1015 563 "umerus
1039 504 1495 568 immobilitatem,
1524 506 1567 559 si
1602 522 1693 575 per
1724 523 1782 562 se
1815 509 1986 575 ipsum
2016 520 2321 580 specletur,
2356 508 2399 565 Α
2431 507 2502 575 ὁτι

2233 526 2321 565 ιη’,
2356 508 2399 565 Α
2431 507 2755 581 ὁγδοήκοντα
2796 515 3023 585 ἀριθμὸς
3068 516 3354 589 ἀκινησίαν
3382 521 3504 573 καθ’
3537 521 3726 575 ἑαυτὸν
3765 523 3967 589 θεωρυύ

754 602 1029 664 υςιριιιὶὶις
1072 601 1474 669 septuagenarii
1528 610 1705 654 autem
1763 603 1970 655 nmneri
2012 602 2102 670 qui
2146 603 2321 669 impar

753 706 859 758 est,
907 703 1106 747 motum
1155 693 1534 762 amplectitur;
1566 700 1619 746 et
1646 692 1841 747 anima:
1883 704 2321 763 postremo.qu

757 788 933 841 adhuc
964 788 1016 837 in
1043 785 1145 837 ﬁde
1164 792 1289 836 sunt
1326 783 1493 838 rudes
1518 794 1571 836 et
1591 784 1931 846 adolescnnt,
1966 784 2058 839 sed
2092 786 2161 837 ad
2183 805 2323 840 men-

757 894 933 930 suram
959 879 1129 930 astatis
1172 875 1508 940 plenitudinis
1541 876 1737 931 Christi
1766 877 1831 943 θ’,
1896 879 2136 931 nondum
2167 882 2323 949 pisti-

757 974 841 1025 ti;e
873 973 1128 1040 operibus
1189 972 1458 1025 mundatze
1517 978 1679 1039 atque
1730 972 2012 1027 illustratae
2071 990 2323 1044 pervene-

761 1074 885 1115 runt
919 1080 930 1114 :
963 1070 1015 1116 et
1056 1060 1183 1130 quia
1218 1068 1485 1114 mortuam
1521 1061 1699 1116 adhuc
1732 1064 1784 1116 in
1826 1079 1883 1119 se
1915 1064 2070 1117 iidem
2103 1074 2318 1135 gerunt.

758 1150 996 1204 nondum
1031 1151 1095 1203 ad
1120 1166 1306 1203 earnm
1331 1164 1447 1218 quae
1482 1151 1761 1205 salvantur
1791 1152 2011 1207 ordines
2036 1156 2320 1208 ascribun-

758 1254 864 1296 tnr.
923 1240 999 1295 Ex
1032 1243 1287 1296 omnibus
1309 1253 1488 1296 autem
1516 1243 1802 1296 ordinibus
1827 1259 1961 1313 quos
1990 1262 2322 1300 commemo-

754 1337 1018 1398 ravimus,
1068 1351 1172 1389 una
1220 1344 1303 1389 est
1368 1336 1617 1389 columba
1684 1336 1919 1405 perlecta
1960 1339 2117 1392 matri
2187 1355 2317 1402 suze,

754 1430 924 1483 electa
945 1428 1193 1496 genitrici
1227 1442 1358 1481 sum.
1396 1428 1526 1492 Qum
1581 1427 1833 1480 nimirum
1877 1440 2158 1498 postquam
2214 1431 2321 1484 Deo

754 1520 1007 1583 credidit,
1038 1529 1085 1572 et
1109 1534 1393 1590 ptenarum
1418 1518 1703 1571 formidine
1738 1529 1959 1587 purgata
1987 1531 2090 1579 est,
2130 1530 2181 1572 et
2226 1534 2321 1586 spe

754 1612 1179 1681 promissionum
1204 1613 1496 1673 illustrata,
1518 1612 1799 1665 cbaritatis
1815 1610 2096 1664 ali‘ectione
2120 1611 2317 1663 bonmn

755 1704 927 1767 colit;
980 1713 1035 1757 ct
1070 1704 1215 1755 nulla
1249 1704 1349 1754 alia
1400 1702 1466 1756 de
1500 1718 1687 1763 causa,
1739 1706 1830 1755 sed
1872 1703 2048 1771 ipsum
2103 1710 2321 1770 propter

755 1809 835 1856 se.
892 1802 950 1847 ut
983 1801 1171 1847 natura
1208 1793 1408 1847 bonum
1444 1795 1860 1862 complectitur:
1894 1796 2006 1848 haec
2029 1794 2171 1847 enim
2214 1807 2316 1845 una

757 1884 1001 1951 profecto
1030 1890 1134 1947 est,
1195 1892 1378 1952 utpote
1410 1898 1502 1951 per
1549 1881 1887 1935 divinitatem
1947 1883 2039 1935 nni
2100 1891 2155 1934 et
2214 1881 2313 1934 soli

758 1973 868 2027 Deo
904 1976 1220 2043 conjuncta,
1254 1986 1308 2027 et
1340 1972 1477 2043 apud
1514 1973 1691 2042 ipsmn
1735 1974 2026 2027 immobilis
2059 1987 2283 2025 manens
2312 1990 2327 2037 ;

757 2066 1008 2118 columba
1064 2075 1263 2127 autem,
1319 2073 1375 2118 ut
1400 2066 1659 2133 spiritalis
1685 2074 1842 2132 atque
1888 2063 2147 2131 perlecta,
2206 2081 2327 2117 cum

758 2157 1000 2209 ninnium
1055 2157 1324 2211 elTectrice
1354 2139 1620 2226 sapientia
1676 2172 1770 2226 per
1792 2158 2027 2227 amplum
2063 2158 2327 2210 virtutum

760 2248 964 2301 culzum
1006 2250 1337 2318 conjuncta;
1378 2259 1536 2317 atque
1582 2248 1633 2302 in
1694 2249 1807 2316 ipsa
1854 2264 1945 2318 per
1992 2248 2327 2317 singularum

759 2342 1020 2394 virtutum
1062 2340 1271 2396 fructus
1302 2340 1675 2410 progrediens.
1709 2339 1826 2404 Qua
1860 2340 2079 2408 quidem
2111 2339 2329 2407 sapien-

761 2432 833 2484 tia
878 2433 945 2484 ab
980 2431 1191 2484 ancillis
1247 2440 1297 2483 et
1320 2432 1675 2485 mercenariis
1705 2431 1978 2495 eximitur,
2009 2441 2061 2483 et
2094 2430 2145 2483 in
2168 2433 2326 2482 lilium

760 2523 1019 2591 adoptata
1095 2532 1257 2590 atque
1307 2521 1479 2580 electa
1544 2521 1880 2575 divinitatem
1945 2536 2040 2590 per
2098 2522 2326 2587 graiam

760 2614 1105 2683 adipiscitur.
1161 2612 1418 2666 Viderunt
1450 2613 1597 2665 illam
1645 2613 1794 2681 ﬁliw,
1848 2622 1895 2666 et
1968 2612 2328 2664 beatissimam

757 2705 1119 2772 pradicabunt
1149 2720 1306 2765 eam;
1375 2707 1563 2773 regina:
1594 2713 1641 2757 et
1697 2704 1997 2756 concubina:
2035 2703 2327 2756 laudabunt

759 2816 896 2851 eam.
957 2799 1119 2850 liecta
1144 2807 1196 2849 et
1217 2798 1473 2864 praeclara
1519 2797 1662 2850 illius
1711 2795 1850 2849 facta
1898 2796 2083 2849 lideles
2116 2805 2326 2848 tantum

759 2893 880 2959 ejus
906 2888 1183 2956 discipula:
1217 2903 1354 2956 quas
1383 2888 1433 2939 in
1496 2888 1708 2941 lavacro
1740 2886 2166 2956 regenerationis
2210 2886 2325 2954 ipsa

764 2984 971 3052 genuit,
1004 2991 1241 3049 experta:
1272 2991 1420 3044 sunt,
1452 2988 1505 3034 et
1528 2981 1643 3033 solo
1668 2981 1831 3032 verbo
1882 2978 2119 3032 dit‘inam
2155 2978 2325 3046 ipsam

760 3075 1170 3144 praedicabunt;
1196 3089 1315 3141 qua:
1342 3085 1519 3127 autem
1545 3072 1773 3142 justiti-.e
1811 3075 2070 3142 operibus
2122 3073 2326 3125 ittunsi-

761 3176 903 3221 natie
941 3181 1164 3233 regnum
1206 3164 1767 3233 Deicousequuntur,
1827 3181 2057 3234 qumque
2124 3166 2330 3233 suppli-

761 3260 971 3313 ciorum
1005 3260 1254 3312 timorea
1294 3257 1459 3311 variis
1514 3259 1753 3325 peccatis
1807 3258 2107 3322 abstinent,
2159 3258 2328 3326 ipsam

760 3350 924 3405 etiam
955 3351 1210 3420 operibus
1237 3349 1641 3403 collaudabunt.

1256 3437 1438 3495 Trium
1497 3438 1737 3490 Patrum.

852 3530 1301 3600 Quandoquidem
1364 3530 1535 3599 gloria
1617 3530 1889 3597 magistrae
1942 3535 2027 3582 est
2100 3527 2334 3597 discipu-

763 3625 937 3679 larum
990 3624 1311 3678 illuminatio
1346 3629 1399 3677 et
1424 3622 1692 3692 purgatio,
1763 3619 1831 3673 de
1880 3634 1985 3688 qua
2026 3620 2187 3674 etiam
2246 3620 2334 3672 di-

763 3726 891 3771 cunt
927 3733 940 3768 :

837 3808 967 3873 Quw
984 3818 1054 3860 est
1081 3809 1185 3861 ista
1207 3823 1322 3875 qua:
1350 3805 1686 3875 progreditur
1708 3805 1860 3872 quasi
1878 3819 2009 3856 auro
2022 3821 2081 3855 ra
2111 3819 2331 3856 consur-

765 3916 907 3968 gens,
937 3899 1156 3965 pulchra
1179 3907 1235 3950 nt
1271 3898 1418 3961 luna,
1440 3898 1602 3950 electa
1626 3896 1796 3959 utsol,
1820 3896 2068 3948 terribilis
2112 3905 2169 3946 ut
2196 3896 2331 3948 acies

767 3987 1026 4040 ordinata
1050 3987 1073 4039 9

841 4075 977 4129 Vere
1005 4074 1323 4128 admiranda
1356 4080 1440 4127 est
1469 4072 1725 4140 magistra
1767 4083 1977 4127 nostra.
2004 4073 2134 4127 Nam
2166 4074 2336 4131 disci~

769 4167 910 4237 pulis
941 4169 1055 4220 suis
1092 4182 1210 4235 quze
1248 4181 1339 4232 per
1378 4166 1752 4233 purgationem
1776 4180 1803 4217 a
1831 4166 2174 4219 tenebrarum
2208 4184 2333 4236 ope-

768 4259 920 4313 ribus
947 4264 1307 4318 recesserunt,
1330 4254 1422 4309 sed
1444 4271 1537 4322 per
1567 4256 1889 4320 cognitionis
1918 4257 2333 4314 illustrationem

768 4348 1011 4400 nondum
1056 4345 1119 4398 ad
1146 4346 1371 4413 jnstitiaz
1402 4357 1564 4411 opera
1602 4354 1960 4410 pervenerunt
1987 4387 2000 4409 ,
2033 4348 2333 4401 utdocendi

2432 622 2589 670 μενος
2623 606 2790 672 δηλοῖ,
2825 610 3183 678 περιγράφων
3216 612 3307 663 τοῦ
3354 613 3723 683 ἑϐδομήκοντα
3757 615 3990 684 ἀριθμοῦ

2429 694 2682 761 περιττοῦ
2714 696 2863 759 δντος
2890 699 2988 768 τὴν
3025 698 3233 768 κίνησιν
3256 718 3270 732 ο
3298 704 3390 755 καὶ
3424 704 3477 757 αἱ
3517 705 3655 757 κατά
3689 705 3787 774 τὴν
3820 706 3996 757 τιέστιν

2428 784 2505 835 ἔτι
2540 787 2825 850 νεάζουσαι
2856 790 2951 841 καὶ
2988 792 3061 860 μὴ
3088 795 3173 858 εὶς
3200 794 3419 861 μέτρον
3446 795 3687 862 ἡλικίας
3710 797 3816 851 τοῦ
3847 800 3996 856 πλη-

2420 876 2693 942 ρώματος
2750 880 2855 933 τοῦ
2916 884 3171 949 Χριστοῦ
3220 885 3305 939 διὰ
3360 887 3732 958 καθαρότητός
3785 906 3843 940 τε
3902 895 3993 940 καὶ

2430 972 2710 1039 φωτισμοῦ
2753 972 2925 1041 ἔργων
2955 975 3299 1045 δικαιοσύνης
3340 977 3651 1046 φθάσασαι,
3685 982 3778 1033 καὶ
3809 980 3896 1032 διὰ
3936 981 3996 1031 τδ

2430 1061 2628 1130 νεκράν
2668 1063 2746 1114 ἔτι
2789 1064 2887 1134 τὴν
2922 1065 3101 1118 πίστιν
3132 1068 3189 1119 ὲν
3223 1070 3444 1131 ἑαυταῖς
3491 1070 3829 1141 περιφέρειν,
3876 1073 3995 1133 ταῖς

2431 1153 2767 1221 σωζομέναις
2818 1156 3001 1218 τάξεσι
3062 1158 3260 1227 μηκέτι
3322 1161 3841 1230 συναριθμούμεναι.
3900 1162 3996 1215 Ἐκ

2431 1244 2618 1295 πασῶν
2648 1246 2703 1297 δὲ
2737 1246 2843 1298 τῶν
2870 1248 3161 1319 λεχθεισῶν
3188 1250 3394 1314 τάξεων
3426 1251 3521 1320 μία
3551 1252 3669 1304 ἐστὶ
3701 1252 3996 1321 περιστερά

2427 1336 2607 1389 τελεία
2644 1340 2709 1405 τῇ
2759 1341 2925 1409 μητρὶ
2972 1340 3177 1409 αὐτῆς,
3235 1342 3467 1412 ἑκλεκτή
3513 1344 3628 1394 ἐστι
3661 1346 3725 1412 τῇ
3762 1345 3993 1414 τεκούσῃ

2428 1428 2617 1497 αὑτήν·
2654 1430 2839 1497 ἤγουν,
2872 1432 2903 1499 ἡ
2952 1434 3087 1499 μετὰ
3116 1433 3174 1484 τὸ
3212 1433 3499 1485 πιστεῦσαι
3539 1434 3678 1503 Θεῷ,
3717 1436 3810 1487 καὶ
3848 1436 3997 1503 φόεῳ

2433 1521 2529 1587 μὲν
2564 1520 2670 1572 τῶν
2700 1521 2939 1574 ἀπειλῶν
2972 1522 3310 1592 καθαρθῆναι
3332 1563 3344 1585 ,
3389 1526 3561 1576 ἐλπίδι
3593 1525 3647 1578 δὲ
3677 1525 3784 1577 τῶν
3823 1529 3996 1593 ἑπαγ-

2429 1613 2625 1679 γελιῶν
2657 1614 3012 1683 φωτισθῆναι,
3050 1618 3409 1684 ἀγαπητικῶς
3439 1619 3743 1671 διατεθεῖσα
3776 1622 3902 1690 περὶ
3938 1621 3997 1672 τὸ

2428 1702 2649 1768 ἀγαθὸν,
2680 1706 2771 1754 καὶ
2806 1703 2879 1771 μὴ
2914 1704 2978 1755 δι’
3004 1705 3186 1774 ἕτερον
3216 1723 3264 1757 τι
3296 1706 3524 1759 ποιοῦσα
3559 1709 3721 1773 αὐτὸ,
3757 1710 3891 1761 am
3929 1710 3996 1763 δι’

2431 1795 2581 1856 αὐτὸ,
2609 1794 2682 1857 ὡς
2724 1795 2883 1863 φύσει
2912 1796 3095 1849 καλόν.
3136 1798 3282 1866 Αῦτη
3317 1800 3426 1869 γάρ
3457 1800 3553 1868 μία
3584 1800 3683 1867 μέν
3714 1803 3861 1854 ἑστιν
3882 1844 3895 1865 ,
3924 1803 3999 1865 ὡς

2432 1888 2572 1938 κατὰ
2623 1886 2813 1938 θέωσιν
2858 1889 3120 1941 ἑνωθεῖσα
3154 1889 3230 1959 τῷ
3273 1891 3351 1942 ἑνὶ
3397 1892 3487 1942 καὶ
3539 1892 3683 1961 μόνῳ
3714 1891 3851 1961 Θεῷ,
3908 1892 3999 1943 καὶ

2434 1976 2563 2045 παρ’
2624 1978 2769 2046 αύτῷ
2830 1979 3083 2048 ἀκίνητος
3138 1980 3390 2049 μένουσα.
3446 1982 3748 2051 Περιστερὰ
3798 1983 3874 2045 δὲ,
3924 1982 3998 2043 ὡς

2432 2068 2777 2136 πνευματικὴ
2809 2068 2900 2119 καὶ
2931 2069 3110 2122 τελεία
3139 2072 3205 2139 τῇ
3235 2071 3524 2139 πανταιτίᾳ
3559 2073 3735 2141 σοφίᾳ.
3763 2071 3836 2133 ὠς
3865 2071 3997 2139 πρὸς

2430 2156 2638 2225 ταύτην
2668 2159 3009 2222 ἀνατατικῶς
3038 2160 3104 2212 δι’
3140 2162 3377 2230 ἑκάστης
3410 2162 3613 2230 ἀρετῆς
3649 2162 3995 2228 συναχθεῖσα,

2432 2250 2524 2299 καὶ
2579 2249 2675 2318 τὴν
2734 2251 2790 2301 ἑν
2849 2250 2984 2319 αὐτῇ
3047 2252 3340 2319 ποιουμένη
3396 2251 3652 2319 πρόοδον,
3706 2251 3847 2303 κατὰ
3900 2250 3998 2319 τὴν

2431 2340 2665 2407 ἑκάστης
2704 2341 2904 2409 ἀρετῆς
2942 2341 3171 2407 γένεσιν.
3202 2336 3385 2412 Ἶιίτινι
3427 2341 3586 2410 σοφίᾳ
3616 2342 3711 2394 καὶ
3747 2342 3997 2407 ἐκλελεγ-

2434 2432 2567 2499 μένη
2616 2433 2762 2482 ἐστὶν
2817 2434 2923 2485 ἀπὸ
2970 2434 3076 2484 τῶν
3128 2434 3379 2486 δουλίδων
3416 2434 3506 2485 καὶ
3546 2433 3869 2501 μισθωτῶν,
3924 2432 3997 2493 ὡς

2434 2526 2858 2594 υἱοθετισαμένη
2906 2526 3109 2594 ταύτην
3142 2527 3280 2578 κατὰ
3310 2528 3407 2595 τὴν
3456 2526 3512 2576 ἑν
3554 2526 3733 2595 χάριτι
3782 2525 3994 2577 θέωσιν.

2432 2617 2696 2670 Εἵδοσαν
2731 2621 2925 2682 αὐτὴν
2954 2616 3300 2685 θυγατέρες,
3336 2616 3433 2668 καὶ
3456 2617 3859 2683 μακαριοῦσίν
3891 2617 4000 2667 αὑ-

2430 2706 2564 2772 τήν’
2591 2706 2990 2770 βασίλισσαι,
3025 2706 3117 2756 καὶ
3161 2704 3468 2757 παλλακαὶ
3512 2704 3866 2756 αὶνέσοι·σιν
3896 2704 3998 2754 ai)-

2431 2797 2562 2864 τήν.
2594 2798 2843 2865 Δηλονότι
2889 2799 2945 2849 ἐν
2985 2797 3150 2866 πείρα
3200 2797 3306 2850 τῶν
3354 2796 3795 2865 κατορθωμάτων
3834 2794 3999 2861 αὐτῆς

2430 2890 2735 2956 γεγόνασιν,
2769 2890 2823 2942 αἱ
2856 2888 3015 2957 μόνον
3044 2889 3230 2940 πισταὶ
3258 2888 3457 2957 ταύτης
3491 2888 3808 2957 μαθήτριαι⁸
3841 2887 3906 2947 ἃς
3945 2887 4000 2937 ἑν

2430 2982 2505 3051 τῷ
2549 2982 2756 3052 λουτρῷ
2806 2982 2903 3050 τῆς
2952 2982 3367 3047 παλιγγενεσίας
3405 2981 3676 3041 άπέτεκε,
3725 2983 3818 3031 καὶ
3855 2978 3999 3046 μόνῳ

2436 3075 2580 3143 λόγῳ
2608 3075 2773 3144 αὐτὴν
2798 3075 3189 3127 ἑκθειάσουσιν.
3228 3074 3292 3125 Ai
3317 3074 3370 3126 δὲ
3400 3073 3488 3125 δια
3518 3072 3797 3140 φωτισμοῦ
3826 3071 4000 3140 ἔργων

2434 3167 2777 3233 δικαιοσύνης
2802 3166 2902 3234 τῆς
2930 3166 3024 3217 τοῦ
3054 3164 3187 3218 Θεοῦ
3221 3164 3498 3234 βασιλείας
3530 3162 3997 3229 ἀντιποιούμεναι,

2436 3262 2529 3312 καὶ
2574 3259 2631 3310 αἱ
2673 3257 2760 3310 διὰ
2818 3256 2980 3325 φόϐον
3020 3256 3127 3307 τῶν
3172 3254 3447 3307 κολάσεων
3500 3254 3768 3306 παντοίων
3817 3250 4001 3303 κακῶν

2440 3354 2791 3423 ἀπεχόμεναι,
2823 3352 2916 3403 καὶ
2949 3350 3015 3403 δι’
3041 3350 3218 3419 ἔργων
3252 3346 3631 3401 ἐπαινέσωσιν
3666 3346 3858 3414 αὑτήν.

2958 3440 3080 3493 Τῶν
3107 3444 3153 3507 γ’
3190 3437 3485 3502 Πατέρων.

2518 3532 2843 3602 Ἐπειδήπερ
2882 3530 3008 3595 δόξα
3038 3531 3134 3593 τῆς
3168 3527 3489 3579 διδασκάλου
3536 3524 3655 3577 ἐστὶ
3681 3523 3790 3574 τῶν
3830 3520 4001 3589 μαθη-

2434 3624 2599 3695 τριῶν
2635 3627 2661 3676 ὁ
2712 3622 2989 3692 φωτισμὸς
3034 3621 3125 3673 καὶ
3180 3621 3212 3688 ἡ
3260 3618 3547 3687 κάθαρσις,
3606 3616 3731 3684 περὶ
3781 3610 3847 3685 ἦς
3910 3614 4003 3664 καὶ

2436 3715 2641 3784 ἐροῦσι·

2512 3806 2606 3869 Τίς
2635 3804 2784 3869 αὕτη
2810 3802 2847 3867 ἡ
2880 3802 3267 3854 ἐκκύπτουσα
3295 3799 3434 3852 ὡσεὶ
3469 3797 3705 3863 ὄρθρος,
3735 3794 3890 3860 καλὴ
3924 3794 4003 3857 ὡς

2436 3898 2693 3964 σελήνη,
2740 3894 2994 3961 ὲκλεκτὴ
3041 3893 3121 3959 ὠς
3171 3893 3375 3959 ἥλιος,
3418 3891 3635 3958 θάμϐος
3681 3889 3760 3953 ὡς
3801 3903 4001 3954 τεταγ-

2430 3990 2602 4057 μέναι
2622 4006 2640 4053 ;

2508 4079 2717 4149 Δηλαδὴ
2760 4079 3033 4146 θαυμασία
3069 4077 3149 4138 τίς
3195 4076 3341 4127 ἐστιν
3381 4076 3413 4143 ἡ
3462 4070 3776 4131 διδάσκαλος
3811 4067 3998 4137 ἡμῶν,

2435 4173 2508 4235 ὠς
2540 4176 2655 4234 ταῖς
2695 4173 2791 4241 μὲν
2822 4170 3156 4230 ἀποστάσαις
3187 4167 3292 4218 τῶν
3325 4166 3501 4233 ἔργων
3533 4161 3623 4214 τοῦ
3664 4161 3882 4220 σκότους
3916 4159 4003 4211 διὰ

2438 4240 2778 4333 καθάρσεως,
2812 4264 2977 4332 μήπω
3001 4260 3055 4312 δὲ
3080 4261 3148 4311 τὰ
3175 4258 3311 4327 ἔργα
3340 4257 3436 4322 τῆς
3463 4253 3805 4319 δικαιοσύνης
3836 4268 4002 4303 κατα-

2437 4358 2747 4417 λαϐούσαις,
2779 4356 2865 4407 διὰ
2897 4352 3179 4421 φωτισμὸν
3212 4350 3464 4417 γνώσεως
3494 4344 3999 4412 συγκαταδαίνουσα

768 4440 906 4491 ratio
940 4437 1165 4505 requirit
1193 4476 1204 4499 ,
1233 4450 1352 4488 sese
1386 4436 1791 4499 aecommodat,
1826 4451 1889 4490 ac
1930 4439 2130 4507 przebet
2179 4443 2335 4509 quasi
2362 4458 2415 4516 Β
2441 4448 2515 4499 διδ

2258 4443 2335 4496 asi
2362 4458 2415 4516 D
2441 4445 2825 4508 διδασκαλικῶς
2855 4444 2932 4495 ἔτι
2961 4442 3181 4495 ἑωθινὸν
3217 4440 3331 4508 φῶς
3355 4481 3368 4502 ,
3408 4441 3463 4489 ἐν
3499 4439 3574 4504 τῷ
3604 4437 3671 4487 τα
3718 4436 3814 4503 μὲν
3862 4436 3999 4493 τέως

770 4531 943 4583 lucem
994 4530 1333 4589 matutinam,
1367 4542 1427 4581 ea
1457 4527 1640 4580 celans
1672 4531 1925 4597 mysteria
1954 4546 2072 4598 qua:
2095 4534 2333 4587 nondum

771 4622 951 4675 valent
981 4620 1472 4689 comprehendere:
1507 4628 1671 4684 atque
1723 4620 1809 4673 illa
1857 4623 2076 4677 tradens
2136 4628 2333 4694 quibus

770 4713 1131 4782 percipiendis
1177 4722 1303 4765 sunt
1337 4712 1564 4775 idonetp,
1604 4711 2017 4783 futurarumque
2051 4731 2331 4784 ptenarum

773 4805 934 4859 minis
984 4820 1077 4859 eas
1112 4805 1177 4859 ad
1225 4805 1382 4857 ﬁnem
1441 4812 1602 4869 atque
1641 4805 2001 4858 obedientiam
2036 4807 2331 4861 adducens.

772 4897 882 4950 Illis
907 4912 1033 4949 vero
1050 4912 1167 4965 quae
1187 4912 1309 4949 cum
1336 4896 1578 4950 veritatis
1599 4895 1927 4949 crediderint
1945 4898 2331 4966 prasdicationi,

772 5005 801 5042 a
838 4989 1060 5042 malitiae
1116 4997 1291 5041 tamen
1365 4988 1625 5055 operibus
1682 4988 2031 5041 tenebrarum
2094 4988 2335 5042 nondum

774 5097 903 5140 sunt
929 5095 1192 5156 purgatae,
1227 5086 1295 5137 ita
1335 5100 1394 5139 se
1416 5083 1634 5138 exhibet
1660 5083 1881 5145 bonam,
1916 5092 1974 5137 ut
2008 5086 2337 5153 pmnitentize

776 5178 1061 5247 disciplina
1091 5178 1245 5248 quasi
1271 5178 1410 5231 lunae
1442 5176 1733 5245 quamdam
1765 5177 1937 5230 lucem
1960 5178 2334 5246 suppeditans,

779 5272 1100 5337 ignorantize
1129 5280 1337 5324 noctem
1360 5270 1427 5323 ab
1450 5271 1526 5323 eis
1550 5270 1871 5339 repellat.At
1901 5284 2023 5323 cum
2051 5271 2336 5325 animabus

777 5363 883 5416 illis
919 5378 1037 5431 quae
1062 5362 1257 5414 virtute
1297 5360 1533 5430 praedita:
1595 5368 1851 5430 tanquam
1917 5361 1969 5413 in
2007 5360 2095 5414 die
2143 5363 2339 5415 decore

778 5453 1078 5513 ambulant,
1117 5466 1174 5505 se
1218 5453 1442 5505 electam
1492 5453 1627 5521 gerit
1684 5453 1882 5521 (qualis
1921 5461 2003 5506 est
2072 5452 2175 5517 sol,
2243 5451 2337 5521 qui

779 5549 890 5591 tmn
923 5541 1277 5609 amplitudine
1314 5548 1423 5593 tmn
1469 5540 1759 5609 splendore
1812 5543 2023 5596 caeteris
2085 5543 2205 5597 εαξη
2254 5543 2336 5595 lu-

784 5628 1022 5682 minibus
1040 5628 1362 5696 antecellit),
1386 5638 1439 5681 et
1469 5643 1609 5682 verae
1642 5630 1972 5699 Cognitionis
2002 5632 2177 5686 lucem
2207 5632 2334 5686 sub-

848 5803 891 5834 "
928 5802 1124 5872 Eplies.
1174 5822 1246 5870 ιν,
1310 5805 1390 5860 l5.

2442 4538 2699 4608 ἀχώρητα
2736 4538 2961 4596 ταύταις
3008 4533 3281 4601 μυστήρια
3322 4528 3619 4596 κρύπτειν,
3662 4522 4000 4592 παραδηλοῦν

2441 4629 2497 4681 δὲ
2542 4627 2610 4678 τὰ
2642 4625 2883 4694 χωρητά,
2934 4623 3029 4674 καὶ
3079 4623 3200 4682 ταῖς
3246 4618 3497 4677 ἀπειλαῖς
3540 4614 3649 4667 τῶν
3700 4610 4001 4681 μελλουσῶν

2441 4718 2713 4771 κολάσεων
2760 4717 2892 4782 πρὸς
2940 4712 3182 4781 ὑπακοὴν
3228 4708 3607 4777 ἐπιστρέφειν·
3655 4710 3774 4769 ταῖς
3812 4707 3867 4758 δὲ
3912 4723 4001 4755 7::-

2445 4810 2767 4868 στευσάσαις
2798 4806 2895 4874 μὲν
2930 4804 3007 4872 τῷ
3044 4806 3137 4871 τῆς
3169 4801 3425 4869 ἀληθείας
3458 4798 3768 4867 κηρύγματι
3789 4837 3803 4860 ,
3837 4797 4002 4865 μήπω

2442 4902 2498 4953 δὲ
2532 4897 2917 4968 καθαρθεῑσαις
2946 4894 3053 4946 τῶν
3086 4894 3175 4945 τοῦ
3206 4893 3425 4950 σκότους
3457 4892 3551 4957 τῆς
3578 4887 3774 4949 κακίας
3805 4886 3998 4955 ἔργων,

2446 4989 2622 5057 ἀγαθὴ
2656 4992 2802 5041 ἑστιν
2825 5027 2838 5051 ,
2870 4986 2941 5047 ὡς
2973 4986 3090 5045 ταῖς
3125 4984 3261 5051 πρὸς
3295 4980 3581 5047 μετάνοιαν
3633 4975 3999 5035 διδασκαλίαις

2445 5081 2693 5150 καθάπερ
2722 5096 2775 5130 τι
2811 5075 3124 5143 σεληνιακὸν
3174 5072 3287 5141 φῶς
3330 5072 3426 5139 τὴν
3457 5069 3625 5120 νύκτα
3656 5068 3750 5135 τῆς
3783 5065 4003 5131 ἀγνοίας

2444 5176 2647 5227 τούτων
2682 5169 3193 5238 καταφαιδρύνουσα
3219 5182 3233 5196 ’
3268 5168 3384 5225 ταῖς
3419 5163 3461 5213 δ’
3505 5161 3577 5223 ὡς
3610 5161 3668 5211 ἐν
3702 5160 3881 5227 ἡμέρᾳ
3916 5156 4004 5207 ευ-

2448 5267 2729 5336 σχημόνως
2760 5260 3185 5330 περιπατούσαις
3216 5256 3487 5325 ἐναρέτοις
3514 5253 3709 5320 ψυχαῖς
3753 5248 4004 5312 ἐκλελεγ-

2448 5360 2580 5427 μὲνη
2642 5356 2788 5407 ἐστὶν
2835 5348 3058 5421 (οἷάπερ
3101 5367 3181 5410 τις
3214 5349 3363 5416 ἥλιος
3394 5346 3498 5395 τῶν
3531 5342 3730 5395 λοιπῶν
3766 5340 3886 5391 κατ’
3919 5337 4008 5388 οὖ⁴

2449 5450 2607 5519 ρανδν
2636 5446 2828 5515 φώτων
2855 5444 3012 5511 αἴγλῃ
3053 5458 3110 5492 τε
3139 5439 3231 5491 καὶ
3266 5437 3482 5502 μεγέθει
3509 5431 3926 5499 διαφανέστερος
3963 5428 4005 5494 ),

2446 5541 2519 5601 ὡς
2544 5536 2905 5591 ἀνατέλλουσα
2931 5532 3151 5593 ταύταις
3178 5530 3291 5599 φῶς
3315 5524 3543 5594 ἀληθοῦς
3574 5521 3845 5589 γνώσεως,
3879 5520 4008 5569 κάν-

2443 5631 2630 5683 τεῦθεν
2682 5627 3056 5697 ἐκπλήττουσα
3106 5622 3202 5684 τὰς
3255 5619 3467 5691 ὁρώσας
3528 5612 3695 5683 αὐτὴν
3752 5610 4005 5678 καθάπερ
