4424 6446
389 418 494 479 665

1367 414 1749 475 COMMENT.
1785 414 1864 473 IN
1899 413 2282 474 CANTICUM
2307 413 2615 474 CANTIC.‘

3514 401 3626 463 666

391 525 685 593 ἐπιφάνειά
717 541 799 588 τις
830 526 1136 592 ἀγγελικιτη
1170 524 1399 589 τάξεων.
1435 527 1541 576 Καὶ
1572 524 1742 576 ταῦτα
1785 526 1881 592 μὲν
1913 526 1967 576 αἱ
2000 536 2036 586 Α
2077 524 2138 574 ιιιί

1879 544 1881 560 ι
1913 526 1967 576 αἱ
2000 536 2036 586 Α
2077 524 2376 587 ministrat;
2418 533 2579 591 atque
2605 524 2675 577 ita
2711 529 2931 589 stupore
2957 534 3020 574 ac
3085 527 3295 573 terrore
3344 512 3507 569 allicit
3568 530 3626 567 se

400 618 693 689 μαθήτριαι
729 618 858 688 περὶ
890 617 989 685 τῆς
1020 617 1337 670 διδασκάλου
1367 617 1642 687 εἰρήκασι,

934 882 1058 936 Τῶν
1080 879 1123 949 τ’
1150 881 1443 947 Πατέρων.

467 978 651 1030 Ταῦτα
710 977 810 1046 μὲν
864 975 922 1027 αἰ
978 973 1273 1043 μαθήτριαι
1312 976 1439 1041 περὶ
1491 975 1589 1041 τῆς
1641 971 1959 1025 διδασκάλου

396 1074 649 1142 εἰρήκασι
672 1111 686 1131 .
714 1070 782 1124 τὰ
815 1070 859 1123 δ’
885 1068 1023 1138 αὕτη
1056 1070 1184 1138 περὶ
1215 1068 1416 1122 τούτων
1452 1067 1584 1135 πρὸς
1616 1066 1705 1119 τὸν
1732 1064 1962 1135 νυμφίον

399 1164 580 1234 φησιν·
615 1166 717 1227 Εἰς
747 1162 945 1229 κῆπον
972 1163 1196 1229 καρύας
1214 1158 1633 1223 κατέϐηνίδεῖν
1655 1158 1724 1211 ἐν
1745 1155 1962 1224 γεννή-

394 1272 541 1323 μασι
561 1254 662 1308 τοῦ
682 1252 1027 1321 χειμάρῤου’
1056 1250 1201 1303 ἰδεῖν
1221 1253 1272 1303 εἱ
1300 1252 1567 1318 ἤνθησεν
1600 1250 1636 1315 ἠ
1670 1248 1961 1315 ἄμπελος,

398 1350 449 1399 εἰ
484 1348 757 1415 ἤνθησαν
784 1341 1202 1411 αιροαί.”ίίτοι,
1224 1339 1563 1409 συγκατῶην
1590 1340 1651 1390 ἐκ
1680 1337 1770 1390 τοῦ
1801 1338 1965 1405 ὕψους

400 1438 496 1505 τῆς
534 1435 801 1504 μυστικῆς
823 1434 1185 1502 θεωρίας-ταῖς
1206 1430 1575 1499 γεωργούσαις
1592 1428 1785 1498 ψυχαῖς
1806 1426 1967 1481 οἱονεὶ

402 1529 580 1597 κάρυα
603 1567 617 1591 ,
650 1527 788 1580 κατὰ
823 1526 921 1595 μὲν
950 1524 1011 1576 τὸ
1052 1524 1207 1585 em;
1234 1522 1469 1591 λέπυρον
1503 1521 1674 1591 πικρὰ
1695 1561 1709 1581 ,
1743 1519 1880 1571 κατὰ
1911 1519 1964 1569 δὲ

400 1620 460 1671 τὸ
484 1618 630 1687 ἐντος
661 1617 892 1686 σκληρὰ,
926 1616 1049 1667 κατ’
1087 1614 1246 1667 αὑτὸν
1274 1613 1329 1665 δὲ
1362 1612 1451 1664 τὸν
1477 1612 1622 1663 ἓνδον
1651 1611 1759 1662 τῶν
1787 1610 1963 1661 τοιού-

400 1727 509 1761 των
540 1707 794 1778 λεπύρων
822 1706 1034 1777 καρπὸν
1054 1706 1203 1773 ἡδέα·
1229 1704 1327 1771 τὴν
1354 1706 1419 1772 τῇ
1448 1701 1641 1770 πικρίᾳ
1672 1699 1779 1752 τῶν
1805 1700 1966 1751 ἀκου-

404 1800 533 1852 σίων
568 1797 890 1868 πειρασμῶν
937 1797 1030 1849 καὶ
1070 1798 1137 1864 τῇ
1189 1794 1515 1861 σκληρότητι
1558 1792 1665 1843 τῶν
1705 1790 1965 1842 ἑκουσίων

2066 619 2358 681 intuentes,
2383 628 2441 670 ιιι
2471 617 2740 669 instructa
2778 627 2939 683 atque
2969 611 3215 667 ordinata
3263 608 3475 677 agmina
3531 620 3628 657 an-

2062 708 2439 777 gelorum.Ac
2492 706 2559 761 de
2609 707 2865 775 magistra
2917 703 3136 773 quidem
3201 699 3481 768 discipulae
3552 695 3626 749 ita

2065 803 2257 855 locutae
2285 812 2433 856 sunt.

2596 892 2779 945 Trium
2814 888 3058 944 Patrum.

2136 982 2259 1039 Haec
2309 984 2525 1052 quidem
2581 983 2863 1050 discipula?
2933 981 3000 1036 de
3038 980 3294 1049 magistra
3353 975 3605 1029 dixerunt

2068 1076 2189 1141 lpsa
2216 1090 2348 1128 vero
2392 1073 2458 1126 de
2481 1073 2766 1141 discipulis
2794 1069 2860 1123 ad
2914 1085 3176 1139 sponsum
3215 1069 3284 1121 ita
3339 1065 3578 1133 loquitur
3611 1080 3625 1115 :

2072 1164 2139 1218 In
2154 1165 2359 1218 hortum
2384 1165 2530 1218 nucis
2558 1162 2798 1217 descendi
2820 1204 2833 1223 ,
2854 1172 2914 1215 ut
2948 1161 3170 1215 viderem
3221 1162 3275 1213 in
3309 1157 3628 1228 germimbus

2070 1258 2319 1310 torrentis
2355 1274 2371 1311 :
2404 1266 2460 1309 ut
2507 1256 2751 1317 viderem,
2778 1271 2844 1307 an
2887 1253 3153 1322 ﬂoruisset
3194 1254 3364 1313 vinea,
3415 1268 3483 1304 an
3530 1251 3632 1316 ﬂo-

2065 1351 2293 1403 ruissent
2325 1348 2467 1402 mala
2514 1349 2728 1416 punica.
2770 1346 2841 1401 De
2878 1348 3121 1416 mystica}
3156 1343 3629 1411 contemplationis

2066 1440 2402 1494 sublimitate
2428 1438 2687 1493 descendi
2726 1437 2791 1490 ad
2843 1438 3056 1491 animas
3114 1433 3334 1487 virtutis
3363 1433 3628 1487 excultri-

2066 1538 2463 1596 ces,tanquam
2498 1528 2564 1581 ad
2617 1543 2804 1591 nuces,
2870 1540 3097 1595 quarum
3154 1533 3340 1578 cortex
3393 1522 3633 1577 exterior

2066 1620 2204 1673 alter
2238 1619 2456 1687 quidem
2512 1633 2750 1682 amarus,
2782 1618 2918 1671 alter
2936 1626 3115 1669 autem
3148 1615 3320 1670 durus
3374 1623 3454 1670 est
3484 1631 3497 1666 ε
3527 1631 3630 1667 ιιιι·

2066 1711 2213 1765 t-leus
2247 1719 2425 1763 autem
2450 1709 2539 1777 qni
2562 1708 2643 1762 bis
2668 1709 2965 1761 corticibus
2995 1706 3312 1769 includitur,
3332 1704 3629 1774 iucundus:

2068 1800 2297 1855 dulcedo
2326 1800 2579 1852 nimirum
2633 1798 2916 1863 virtutum,
2944 1812 3065 1867 qua:
3098 1804 3212 1849 tum
3272 1795 3635 1849 amaritudine

404 1889 829 1958 πεφυλαγμένην
876 1886 1187 1955 γλυκύτητα
1216 1885 1323 1937 τῶν
1357 1884 1587 1951 ἀρετῶν,
1625 1881 1730 1934 ἀπό
1762 1898 1820 1932 τε
1856 1879 1962 1932 τῶν
1996 1870 2036 1927 Β
2064 1908 2151 1963 8m

1881 1870 2307 1963 lCBVBgravium
2368 1892 2758 1954 tentationum.
2834 1898 2948 1945 tum
3030 1892 3319 1959 asperitate
3381 1890 3628 1944 laborum

404 1982 523 2034 κατ’
548 1981 785 2050 ἔλλειψιν
806 1980 985 2033 αὐτῶν
1016 1978 1108 2030 καὶ
1140 1977 1244 2030 τῶν
1272 1976 1389 2029 καθ’
1422 1974 1725 2044 ὑπερὸολὴν
1754 1972 1964 2025 παθῶν·

405 2072 544 2122 ῶστε
596 2070 891 2122 θεάσασθαι
942 2072 998 2121 ὲν
1044 2072 1107 2138 τῇ
1164 2070 1405 2134 ὑπομονῇ
1454 2065 1670 2126 αὐτῶν,
1724 2064 1967 2131 κυήματι

404 2162 539 2233 οὗσῃ
568 2162 665 2230 τῆς
698 2160 925 2229 ῥεούσης
950 2160 1179 2227 θλίψεως
1207 2161 1268 2211 ἐκ
1301 2156 1391 2209 τοῦ
1422 2156 1686 2225 χειμῶνος
1713 2154 1819 2205 τῶν
1852 2170 1971 2203 πει-

410 2251 633 2319 ρασμῶν
661 2252 724 2319 (ἡ
757 2249 932 2316 Oli-tt;
962 2250 1067 2318 γὰρ
1103 2248 1379 2317 ὑπομονὴν
1402 2246 1833 2316 κατεργάζεται)
1860 2244 1967 2294 εἴτε

408 2344 758 2411 εὐχαριστία,
823 2341 932 2392 εἴτε
1003 2340 1283 2408 ὃυσφημίᾳ
1346 2338 1675 2406 προσάγεταὶ
1742 2352 1821 2386 σοι
1893 2332 1970 2401 τῷ

413 2435 689 2503 ἰατρικῶς,
724 2434 835 2485 ἀλλ’
877 2435 935 2484 οὔ
983 2430 1370 2501 τιμωρητικῶς
1402 2429 1740 2481 παιδεύοντν
1779 2425 1973 2478 θεάσα-

410 2523 534 2575 σθαι
565 2524 620 2574 δὲ
660 2523 820 2573 πάλιν
865 2522 956 2573 ἐὰν
988 2537 1045 2571 τε
1092 2520 1250 2580 αὐτὸς
1281 2520 1307 2569 ὁ
1353 2520 1408 2569 ἐν
1448 2516 1794 2582 Εὑηγελίοις
1822 2514 1971 2581 εἰρη-

412 2614 541 2674 κὼς,
567 2615 644 2664 ἔτι
674 2613 819 2679 Ἐγώ
838 2615 949 2679 εἰμι
979 2613 1013 2677 ἠ
1033 2613 1319 2678 ἄμπελος,
1348 2611 1405 2659 ὲν
1431 2611 1495 2677 τῇ
1528 2608 1771 2677 ὑπομονῇ
1802 2605 1969 2673 ταύτῃ

414 2702 808 2770 προδείκνυται,
846 2702 920 2763 ὡς
950 2701 1111 2762 ἄνθος
1152 2700 1375 2767 βότρυος
1403 2697 1679 2757 ποιοῦντος
1708 2694 1847 2747 οἶνον
1877 2695 1970 2762 τῆς

412 2792 626 2858 φύσεως
658 2790 977 2840 ἐκστατικὸν
999 2788 1137 2839 κατὰ
1161 2788 1258 2856 τὴν
1291 2786 1533 2845 θεώσεως
1564 2784 1743 2851 χάριν.
1783 2781 1839 2832 Ὀ
1867 2780 1973 2847 γὰρ

411 2885 467 2934 ἐν
503 2883 745 2949 ὑπομονῇ
781 2880 874 2932 καὶ
902 2880 1071 2947 αὐτῆς
1116 2878 1213 2947 τῆς
1256 2878 1387 2938 ἰδίας
1421 2876 1634 2944 φύσεως
1668 2872 1971 2941 ὑπερορῶν,

411 2976 507 3040 τὴν
540 2973 678 3041 ὑπὲρ
708 2970 869 3039 φύσιν
898 2972 995 3037 τῆς
1032 2969 1281 3037 θεότητος
1308 2968 1518 3035 δέχεται
1546 2966 1722 3034 χάριν·
1757 2965 1849 3014 καὶ
1882 2964 1976 3013 ἐὰν

413 3066 468 3117 αἱ
500 3065 652 3131 δίκην
678 3063 837 3132 ῥοιῶν
857 3062 933 3131 τῷ
959 3062 1054 3129 μὲν
1079 3059 1384 3128 φαινομένῳ
1404 3058 1620 3125 λεπύρῳ
1640 3052 1974 3123 στυφουσῶν,

412 3154 488 3223 τῷ
515 3154 560 3205 δ’
592 3154 739 3215 ἐντος
765 3153 951 3207 τούτου
985 3150 1351 3219 κεκρυμμένῳ
1372 3148 1568 3217 καρπῴ
1596 3148 1721 3206 τοὺς
1747 3144 1976 3211 γευομέ-

415 3261 536 3305 νους
563 3242 988 3309 γλυκαινουσῶν,
1018 3241 1431 3308 πεφυλαγμέναι
1468 3238 1566 3306 μὲν
1590 3236 1665 3306 τῷ
1692 3235 1785 3288 τοῦ
1814 3234 1975 3302 φόϐου

416 3354 508 3387 σου
541 3334 883 3397 στυπτικῶς,
921 3332 1307 3401 εὐφραίνουσαι
1350 3331 1405 3382 δὲ
1450 3332 1576 3390 τοὺς
1615 3325 1981 3395 γευσαμένους

416 3430 477 3496 τῇ
513 3427 609 3493 τῆς
650 3427 729 3487 εἰς
778 3424 837 3476 σὲ
874 3424 1084 3483 ἐλπίδος
1112 3422 1410 3489 γλυκύτητι
1458 3419 1670 3490 ἀρεταί·
1720 3417 1917 3485 δηλαδὴ
1948 3418 1978 3483 ὴ

418 3517 677 3583 φρόνησις
706 3515 798 3566 καὶ
836 3515 867 3583 ἡ
896 3512 1221 3582 ἀκεραιὸτης
1260 3511 1414 3579 δίκην
1452 3509 1736 3569 ἀνθοῦντος
1768 3505 1980 3576 καρποῦ

419 3608 737 3675 ἐδείχθησαν
768 3606 826 3657 ἐν
857 3609 921 3675 τῇ
954 3606 1221 3673 ὑπομονῇ·
1254 3606 1285 3670 ἠ
1320 3604 1416 3672 μὲν
1449 3602 1730 3671 φρόνησις,
1761 3602 1860 3669 τὴν
1903 3600 1980 3659 εἰς

422 3706 479 3756 σὲ
513 3704 721 3766 πίστιν,
748 3702 821 3763 ὦς
859 3719 978 3753 τινα
1012 3702 1254 3771 κεφαλὴν
1290 3699 1399 3753 ἀπὸ
1427 3698 1518 3750 τοῦ
1555 3696 1747 3767 ἐχθροῦ
1786 3697 1983 3764 φυλατ-

417 3812 586 3848 τουσα
617 3796 854 3858 ἄτρωτον
875 3809 887 3821 ·
912 3796 943 3862 ἡ
976 3792 1019 3845 δ’
1046 3793 1389 3862 ἀκεραιότης,
1418 3791 1515 3856 τὴν
1543 3790 1619 3849 εἰς
1648 3788 1736 3839 τὸν
1761 3788 1985 3855 πλησίον

422 3887 642 3955 ἀγάπην
672 3884 967 3936 ἀσάλευτον
999 3885 1054 3934 ὲν
1081 3884 1198 3943 ταῖς
1228 3881 1333 3931 τῶν
1362 3879 1685 3946 πειρασμῶν
1714 3877 1983 3938 ποικίλαις

424 3976 741 4043 ἐπαγωγαῖς
765 3990 775 4001 ·
810 3972 990 4034 καθὼς
1043 3971 1204 4032 αὐτὸς
1254 3973 1309 4023 ὲν
1343 3968 1688 4035 Εὑαγγελίοις
1734 3967 1980 4034 εἴρηκας·

436 4068 587 4121 Ἰὀοὺ
607 4067 720 4134 ἐγὼ
742 4063 1094 4118 ἀποστέλλω
1114 4062 1285 4130 ὑμᾶς.
1308 4064 1386 4126 ὡς
1412 4062 1672 4128 πρόϐατα
1695 4059 1805 4131 [ἐν]
1820 4059 1986 4126 μέσῳ

422 4160 641 4211 λύκων.
665 4158 915 4209 Γίνεσθε
946 4149 1058 4208 οὖν
1072 4155 1341 4223 φρόνιμοι
1359 4152 1437 4217 ὠς
1455 4156 1505 4205 οἰ
1529 4152 1713 4219 ὄφεις,
1739 4153 1830 4203 καὶ
1853 4152 1984 4203 ἀκέ-

418 4268 573 4319 ραιοι
597 4252 675 4314 ὡς
690 4252 747 4302 aI
772 4245 1544 4317 περιστεραί.-υ-Ἑκεῐδώσω
1567 4245 1705 4307 τοὺς
1719 4243 1987 4311 μαστούς

420 4344 537 4411 μού
559 4357 676 4395 σοι.
706 4342 927 4401 Πάντως
953 4341 1009 4392 εν
1039 4338 1116 4407 τῷ
1134 4338 1403 4407 εἰρημένῳ
1430 4339 1592 4405 κήπῳ
1616 4336 1722 4387 τῶν
1755 4336 1984 4402 ἀρετῶν,

425 4437 483 4498 ὃς
513 4436 659 4485 ἔστιν
684 4434 739 4484 αἰ
771 4436 827 4483 ὲν
852 4429 1075 4492 ταύταις
1106 4428 1507 4497 πεφυτευμέναι
1551 4426 1867 4496 μαθήτριαι,
1891 4425 1988 4493 τὴν

2069 1992 2260 2053 sponte
2295 1995 2699 2051 susceptorum,
2740 1999 2768 2036 a
2832 1982 3336 2052 perturbationibus
3392 1991 3445 2036 et
3486 1981 3634 2035 vitiis

2070 2074 2121 2127 in
2147 2072 2360 2127 delectu
2391 2081 2555 2141 atque
2597 2087 2826 2128 excessu
2872 2072 3305 2126 consistentibus
3350 2072 3402 2124 in
3457 2071 3635 2124 medio

2068 2172 2501 2217 conservantur:
2536 2171 2592 2215 ut
2634 2164 2871 2217 viderem
2942 2162 2995 2215 in
3057 2161 3314 2230 patientia
3368 2160 3633 2229 ipsarum,

2070 2270 2188 2322 qua:
2221 2255 2384 2308 veluti
2428 2264 2615 2322 partus
2643 2254 2863 2321 quidam
2891 2268 2956 2308 ex
2985 2254 3341 2307 tribulatione
3375 2261 3633 2319 tanquam

2069 2360 2132 2396 ex
2175 2354 2413 2396 torrente
2462 2345 2827 2397 tentationum
2877 2344 3181 2412 (tribulatio
3225 2344 3367 2396 enim
3426 2344 3637 2410 patien-

2072 2437 2200 2487 tiam
2249 2436 2525 2504 nperatm)
2562 2436 2643 2489 vel
2708 2450 2805 2503 per
2852 2435 3152 2503 gratiarum
3207 2434 3499 2495 actionem,
3554 2433 3637 2487 vel

2074 2544 2167 2596 per
2195 2527 2632 2581 lamentationem
2715 2529 2939 2580 olleitur
2988 2527 3083 2580 tibi
3127 2540 3234 2579 non
3284 2525 3499 2588 acerbe,
3544 2525 3638 2578 sed

2074 2620 2266 2673 medici
2308 2634 2456 2673 more
2495 2620 2853 2688 castigantis;
2889 2629 2947 2670 ιιι
2974 2618 3209 2671 viderem
3244 2632 3462 2678 rursus,
3492 2631 3561 2669 an
3594 2615 3641 2669 is

2073 2712 2165 2779 qui
2229 2711 2280 2763 in
2330 2710 2635 2778 Evangelits
2677 2710 2815 2763 dixit
2849 2727 2859 2760 :
2904 2710 3011 2777 Ego
3039 2725 3155 2762 sum
3195 2709 3312 2761 vitis
3337 2708 3418 2773 ⁷ο,
3455 2707 3641 2761 innac

2077 2800 2331 2869 patientia
2385 2808 2643 2868 appareat
2692 2802 2835 2852 sicut
2890 2798 2989 2853 llos
3046 2798 3209 2861 botri,
3258 2798 3442 2851 vinum
3482 2806 3643 2851 natu-

2085 2904 2200 2941 ram
2259 2889 2702 2957 obstupefaciens
2751 2905 2847 2957 per
2893 2889 3195 2943 divinitatis
3248 2888 3474 2958 gratiam
3514 2901 3644 2956 pro-

2076 2979 2345 3033 ducentis.
2397 2980 2498 3043 Qui
2528 2981 2673 3032 enim
2728 2982 2898 3047 ipsam
2959 2995 3179 3049 quoque
3220 2990 3468 3032 naturam
3518 2994 3644 3047 pro-

2082 3071 2258 3138 priam
2302 3086 2397 3139 per
2424 3072 2739 3140 patientiam
2775 3070 3034 3139 despicit,
3085 3070 3387 3125 divinitatis
3415 3069 3642 3138 gratiam

2080 3167 2271 3212 natura
2325 3161 2756 3228 przestantierem
2808 3159 3145 3227 adipiscitur.
3197 3158 3280 3212 An
3343 3157 3645 3226 ﬂoruissent

2084 3250 2223 3301 mala
2247 3251 2455 3317 punica.
2495 3252 2573 3303 An
2622 3252 2763 3319 (quze
2794 3250 2968 3304 instar
3000 3251 3265 3304 malorum
3300 3248 3644 3315 punicorum,

2080 3340 2281 3407 quibus
2305 3350 2490 3392 cortex
2518 3339 2737 3407 quidem
2773 3340 3118 3393 extrinsecus
3139 3338 3292 3391 adest
3316 3335 3647 3405 astu-ingenui

2084 3432 2187 3481 vim
2223 3430 2454 3495 habens,
2493 3430 2828 3485 intrinsecus
2859 3439 3041 3484 autem
3101 3429 3243 3483 inest
3283 3427 3491 3481 fructus
3520 3441 3647 3493 gus—

2083 3520 2321 3574 tantibus
2356 3520 2702 3574 dulcedinem
2738 3521 2993 3589 alierens)
3025 3521 3255 3573 virtutes
3291 3519 3394 3572 illa:
3424 3517 3643 3571 timoris

2084 3612 2157 3663 tui
2196 3612 2517 3667 austeritate
2558 3623 2918 3674 conservata},
2950 3612 3293 3681 gustantinm
3321 3618 3499 3663 autem
3534 3609 3651 3660 ani-

2086 3718 2202 3755 mos
2237 3704 2348 3771 spei
2396 3702 2521 3757 inte
2549 3703 2843 3757 dulcedine
2884 3705 3243 3769 delectantes,
3268 3717 3461 3771 nempe
3522 3716 3653 3770 pru-

2084 3793 2263 3847 dentia
2314 3804 2367 3847 et
2404 3796 2735 3862 simplicitas
2767 3796 2832 3849 ad
2880 3796 3290 3849 similitudinem
3316 3794 3528 3847 fructus
3564 3792 3657 3844 llo-

2085 3886 2350 3938 rescentis
2374 3897 2655 3942 exstarent
2676 3889 2727 3941 in
2772 3889 3033 3957 patientia
3072 3905 3084 3939 :
3115 3886 3400 3956 prudentia
3429 3883 3650 3953 quidem

2088 3972 2245 4026 ﬁdem
2290 3990 2414 4044 erga
2478 3984 2534 4029 te
2601 3977 2668 4029 ab
2732 3977 2905 4029 hostis
2963 3975 3182 4038 ictibus,
3263 3971 3428 4026 veluti
3493 3978 3656 4039 caput

2086 4067 2357 4133 quoddam
2407 4067 2673 4138 integrum
2741 4085 2966 4123 servans
3028 4085 3041 4119 :
3097 4066 3417 4135 simplicitas
3471 4072 3651 4116 autem

2088 4158 2429 4212 dilectionem
2454 4176 2577 4229 erga
2604 4163 2906 4230 proximum
2982 4161 3034 4213 in
3073 4159 3238 4212 variis
3298 4154 3654 4210 tentationum

2090 4246 2487 4302 invasionibns.
2528 4250 2992 4313 Quemadmodum
3058 4250 3110 4301 in
3176 4242 3484 4313 Evangeliis
3543 4241 3659 4311 ipse

2089 4340 2320 4396 dixisti:
2361 4338 2493 4393 Ecce
2556 4341 2703 4392 mitto
2757 4358 2845 4393 vos
2917 4342 3053 4393 sicut
3104 4356 3218 4392 oves
3278 4341 3416 4394 inter
3482 4342 3653 4408 lupos.

2093 4434 2271 4488 Estote
2311 4451 2431 4503 ergo
2470 4434 2747 4501 prudentes
2800 4436 2935 4487 sicut
2975 4446 3257 4502 serpentes,
3317 4445 3364 4487 et
3402 4434 3659 4503 simplices

426 4529 505 4589 εἰς
538 4525 705 4586 αὑτὰς
733 4524 927 4593 ἠθικὴν
969 4524 1060 4575 καὶ
1096 4523 1331 4590 φυσικὴν
1360 4520 1708 4572 διδασκαλίαν
1746 4534 1867 4586 μου,
1900 4512 1985 4571 αἷς
2020 4541 2063 4594 D
2093 4527 2173 4578 sic;

1906 4512 1985 4571 αἷς
2020 4541 2063 4594 ι)
2093 4527 2221 4578 sicut
2254 4526 2504 4579 columba:
2555 4528 2621 4581 '“.
2668 4557 2735 4567 —
2771 4526 2895 4579 Illic
2929 4526 3065 4578 dabo
3100 4527 3194 4579 tibi
3225 4527 3398 4595 :ttbera
3450 4526 3653 4578 mea".

426 4617 623 4689 οἷάπερ
650 4620 879 4686 γάλακτι
905 4618 1105 4685 φυσικῇ
1132 4616 1227 4666 καὶ
1251 4614 1566 4682 καταλλήλῳ
1588 4614 1756 4680 τροφῇ
1785 4609 1987 4671 ταύτας

426 4710 725 4778 τρέφουσα,
760 4704 1043 4775 προστάξαι
1076 4721 1156 4755 σοι
1180 4704 1256 4773 τῷ
1284 4704 1519 4772 νυμφίῳ,
1550 4703 1623 4762 ὡς
1656 4700 1903 4751 ἐντεῦθεν
1929 4701 1988 4751 τὸ

432 4801 521 4855 σόν
560 4816 616 4852 τε
658 4798 884 4851 ποιοῦσα
921 4798 1132 4865 θέλημα
1163 4797 1255 4848 καὶ
1286 4797 1367 4847 σο)⁵
1402 4798 1500 4858 τὰς
1548 4795 1992 4865 μαθητευομένας

434 4907 523 4959 μοι
572 4890 937 4959 προσάγουσα.
988 4883 1120 4938 Εἶτα
1167 4886 1471 4955 στρέφουσα
1504 4885 1598 4947 ,τὸν
1649 4885 1803 4948 λόγον
1854 4883 1989 4951 πρὸς

431 4982 529 5041 τὰς
558 4980 1002 5049 μαθητευομένας
1056 4979 1217 5030 οἱονεί
1248 4994 1380 5046 φησι
1404 4977 1539 5046 πρὸς
1570 4976 1757 5041 αὑτὰς,
1790 4978 1892 5036 ὅτι,
1932 4976 1992 5027 Εἰ

433 5073 526 5124 καὶ
566 5071 904 5139 συγκατέεην
940 5071 1067 5138 ὑμῖν
1115 5072 1178 5122 ὲκ
1206 5068 1296 5121 τοῦ
1328 5066 1733 5137 μυστικώτερον
1765 5069 1896 5137 ὁρᾷ-δ
1938 5068 1995 5117 ἐν

436 5165 602 5231 ἑαυτῇ
630 5164 719 5214 τὸν
758 5163 990 5228 νυμφίον
1019 5179 1143 5230 μου,
1188 5164 1267 5225 εἰς
1298 5162 1357 5213 τὸ
1391 5161 1686 5215 θεάσασθαι
1717 5160 1880 5211 αὐτὸν
1906 5164 1998 5211 καὶ

438 5257 495 5307 ὲν
526 5257 687 5322 ὑμῖν,
725 5255 797 5315 ὡς
840 5254 1059 5321 εἴρηκα.
1112 5254 1273 5306 Ἀλλὰ
1305 5255 1403 5306 ούκ
1446 5254 1584 5321 ἔγνω
1616 5257 1647 5321 ἡ
1693 5254 1835 5323 ψυχή
1876 5270 1997 5321 μου.

440 5347 651 5415 Δηλαδὴ
683 5345 834 5397 οὔπω
868 5345 1177 5415 ἐθεασάμην
1220 5346 1380 5399 αὑτὸν
1412 5347 1467 5396 ὲν
1498 5346 1624 5408 ὑμῖν
1645 5385 1658 5406 ,
1703 5345 1777 5406 ὼς
1812 5344 1886 5413 μὴ
1911 5361 1996 5395 τε-

440 5436 755 5497 λειωθείσας
810 5436 889 5486 ἔτι
938 5437 1081 5487 κατὰ
1133 5436 1397 5503 Χριστόν·
1449 5429 1599 5497 οὗτος
1652 5434 1694 5485 δ’
1754 5433 1999 5485 ἐντεῦθεν

440 5523 590 5577 ἔθετό
620 5541 685 5592 με
725 5522 947 5593 ἅρματα
1003 5524 1328 5592 ’Δμιναδάὅσ
1378 5523 1586 5585 εἴτουν,
1633 5522 1899 5592 πεποίηκέ
1933 5539 1998 5591 με

439 5617 691 5686 ὀχήματα
713 5616 928 5679 ἑαυτοῦ,
958 5616 1031 5679 ὠς
1060 5619 1179 5679 ταῖς
1204 5616 1569 5679 διδασκαλίαις
1604 5616 1869 5684 φέρουσαν
1899 5614 1999 5666 αὺ-

514 5795 558 5825 ⁷⁰
616 5794 771 5848 Joan.
810 5810 896 5861 xv,
1055 5797 1096 5826 τί
1128 5795 1314 5849 Matth.
1360 5813 1410 5860 κ,
1445 5797 1526 5850 l6.

1604 5797 1645 5827 "
1672 5795 1825 5850 Cant.
1858 5810 1947 5859 vn,
1981 5792 2035 5844 Ξ.

2094 4617 2151 4671 In
2202 4632 2267 4670 eo
2300 4618 2559 4670 nimirum
2622 4618 2884 4673 virtutum
2936 4619 3093 4671 horto
3150 4635 3312 4688 quem
3361 4619 3495 4684 divi,
3541 4634 3661 4688 qua:

2093 4716 2218 4760 sunt
2263 4706 2542 4775 discipulae
2591 4709 2645 4761 in
2714 4710 2848 4778 ipsis
2912 4709 3203 4777 plantataz,
3256 4710 3555 4764 naturalem
3608 4718 3663 4764 et

2099 4796 2356 4850 moralem
2390 4798 2695 4852 doctrinam
2721 4814 2921 4863 meam,
2944 4815 3174 4869 quarum
3206 4800 3361 4869 quasi
3382 4808 3570 4852 mutuo
3600 4814 3663 4852 ac

2097 4890 2585 4958 naturaliquodam
2621 4891 2776 4945 lactis
2818 4894 2944 4947 cibo
2991 4894 3138 4963 ipsas
3169 4892 3374 4951 nutrio.
3412 4892 3663 4960 pra-bebo

2097 4982 2193 5034 tibi
2232 4996 2455 5049 sponso,
2483 4996 2544 5035 ea
2580 4984 2791 5037 ratione
2834 4985 3213 5053 obtemperans
3240 4982 3501 5035 voluntati
3532 4991 3658 5042 tuae,

2100 5081 2260 5140 atque
2302 5072 2419 5125 illas
2454 5072 2547 5124 tibi
2596 5086 2625 5124 a
2688 5088 2770 5125 me
2826 5074 3098 5128 institutas
3161 5072 3458 5125 adducens.
3524 5069 3660 5123 Tum

2107 5162 2171 5214 ad
2238 5160 2532 5229 discipulas
2589 5171 2914 5217 convertens
2966 5177 3272 5216 sermonem
3324 5179 3336 5214 :
3380 5159 3662 5223 Descendi,

2108 5251 2315 5318 inquit,
2384 5253 2447 5304 ad
2509 5267 2601 5306 vos
2644 5252 2713 5305 ab
2784 5252 2870 5305 illa
2922 5253 3095 5322 magis
3165 5267 3361 5305 arcana
3414 5252 3664 5320 specula—

2109 5343 2254 5395 tione
2303 5358 2407 5412 qua
2466 5357 2725 5411 sponsum
2766 5359 2945 5397 meum
2998 5345 3053 5397 in
3110 5360 3193 5397 me
3243 5344 3360 5409 ipsa
3422 5350 3666 5395 contem-

2107 5436 2245 5501 plor,
2315 5443 2370 5486 ut
2406 5434 2641 5488 viderem
2677 5435 2852 5502 ipsum
2891 5436 2941 5487 in
2987 5434 3164 5498 vobis,
3204 5431 3662 5503 quemadmodum

2106 5524 2239 5577 dixi.
2298 5524 2399 5577 Sed
2472 5542 2577 5578 non
2614 5527 2760 5579 novit
2811 5526 2990 5578 anima
3052 5540 3190 5579 mea.
3239 5522 3484 5574 Nondum
3541 5532 3667 5587 pro-

2108 5614 2246 5668 lecto
2297 5614 2520 5669 illutnin
2572 5616 2724 5672 vobis
2759 5615 3033 5685 perspexi.
3085 5628 3203 5682 qua:
3237 5612 3452 5681 quidem
3487 5609 3669 5663 adhuc
