4424 6446
399 396 509 462 669

1380 392 1761 454 COMMENT-
1797 395 1870 453 IN
1904 393 2285 455 CANTICUM
2327 395 2617 456 CANTIC.

3538 399 3648 461 670

396 510 575 574 κακίᾳ
605 505 994 577 νηπιάζουσα)
1029 506 1235 579 δοχεῖόν
1272 507 1386 561 ἑστι
1438 510 1535 577 τῆς
1585 507 1819 577 φυσικῆς
1860 509 1966 560 τῶν
1996 522 2041 572 Α
2070 517 2119 563 et

1896 509 1966 560 ῶν
1996 522 2041 572 Α
2070 517 2119 563 et
2153 510 2221 562 ab
2251 510 2395 561 omni
2435 510 2623 563 fraude
2668 508 2997 576 seiunctum,
3041 524 3104 564 ac
3148 516 3437 579 propterea
3497 511 3643 565 haud

400 602 609 675 ὁρατῶν
639 600 914 667 γνώσεως,
946 599 1126 661 καλῶς
1157 602 1222 670 τῇ
1263 598 1508 668 μαχαίρᾳ
1536 597 1630 650 τοῦ
1659 599 1968 667 Πνεύματος

400 692 689 761 ἐξεσμένον
751 690 845 743 καὶ
900 690 999 759 τῆς
1054 692 1270 758 ἀπάτης
1322 689 1780 759 ἀπηλλαγμένον
1844 689 1973 740 κάν-

400 786 586 839 τεῦθεν
628 784 702 845 ὡς
744 784 817 852 μὴ
853 782 1063 849 ἀλόγως
1096 782 1203 834 τῶν
1250 780 1527 848 αἰσθητῶν
1577 779 1969 849 ἀντιλαμϐάνου

405 894 582 948 μενον,
615 876 676 927 οὔ
709 874 870 943 φιλας
913 874 1011 935 τὰς
1066 873 1389 941 ἐπιφανείας
1440 872 1547 924 τῶν
1595 872 1804 940 ἀρετῶν
1854 872 1972 921 ἑπι-

404 972 650 1037 φὲρεται,
722 966 855 1019 ἀλλά
922 966 1099 1028 πάσας
1156 967 1269 1027 τοῖς
1323 966 1711 1032 πνευματικεῖς
1766 963 1970 1015 τούτων

400 1060 578 1125 λόγοις
625 1058 1049 1127 κεκερασμένας.
1087 1056 1155 1109 Ἠ
1199 1056 1257 1107 δὲ
1310 1057 1505 1109 κοιλία
1560 1071 1677 1108 σου
1718 1056 1972 1123 θημονία

400 1153 573 1205 σίτου
600 1146 982 1218 πεέραγμένη
1014 1148 1084 1200 ἐν
1120 1150 1344 1215 κρίνοις
1367 1162 1385 1179 ο
1417 1148 1552 1216 ἦτοι,
1575 1146 1646 1197 Τὸ
1683 1162 1973 1212 φανταστι-

401 1244 495 1295 κον
521 1259 634 1303 σου,
666 1242 824 1309 ὅπερ,
858 1235 946 1293 οἶα
973 1238 1151 1291 κοιλία
1174 1239 1270 1293 σὺν
1299 1240 1411 1301 τοῖς
1449 1236 1825 1308 περιττώμασι
1847 1238 1972 1299 τοὺς

404 1335 468 1385 ὲκ
504 1332 611 1385 τῶν
649 1331 958 1401 βρωμάτων
992 1330 1204 1401 χυμοὺς
1238 1329 1581 1400 ἀδιακρίτους
1611 1327 1816 1380 τούτων
1848 1330 1971 1380 ἐπι-

402 1424 698 1495 φερομένη)
733 1423 849 1492 άμα
889 1424 1008 1483 ταῖς
1059 1422 1406 1491 ἐπιφανείαις
1437 1421 1544 1473 τῶν
1577 1419 1791 1491 ὁρατῶν
1843 1422 1971 1483 τοὺς

400 1515 605 1569 τούτων
632 1515 957 1583 ἐπιφέρεται
984 1514 1201 1581 λόγους,
1238 1513 1499 1574 ἀπόθεσις
1540 1514 1656 1565 ἐστι
1706 1514 1801 1567 καὶ
1851 1512 1971 1565 δια-

405 1607 541 1677 μονὴ
571 1607 729 1675 (ὅπερ
762 1605 822 1656 τὸ
856 1605 1087 1674 θημονία
1119 1604 1291 1673 δηλοῖ)
1321 1602 1412 1655 τοῦ
1444 1602 1653 1655 ἔνδοθεν
1690 1603 1800 1655 τῶν
1841 1620 1973 1668 φανὴ

403 1694 600 1747 θεισῶν
658 1692 1011 1761 ἐπιφανειῶν,
1044 1692 1120 1750 ῶς
1155 1691 1260 1743 ὑπὸ
1285 1691 1570 1761 ἀσταχύων
1621 1690 1770 1742 σίτου
1821 1707 1974 1761 περι-

402 1783 815 1851 καλυπτομέιου
870 1781 969 1849 τῆς
1000 1783 1057 1833 ὲν
1087 1778 1230 1841 ὅλοις
1276 1779 1533 1848 ἀληθείας
1581 1779 1761 1846 λόγου,
1814 1781 1972 1850 ἄχρις

2081 613 2302 663 temere,
2336 616 2453 670 Quae
2495 602 2598 655 sub
2626 616 2847 657 sensum
2896 603 3117 664 cadunt,
3154 602 3483 671 percipiens,
3536 617 3645 655 non

2079 693 2355 760 simplices
2390 694 2653 745 virtutum
2695 694 2906 761 species
2936 690 3114 753 affert,
3142 693 3234 745 sed
3269 708 3463 746 omnes
3494 692 3651 761 spiri-

2079 782 2280 833 talibus
2307 795 2492 834 earum
2518 780 2821 837 rationibus
2853 791 3205 851 temperatas.
3250 781 3435 835 Venter
3464 792 3646 836 autem

2077 881 2195 925 tuus
2230 874 2368 925 sicut
2414 888 2629 925 accrrus
2685 875 2850 926 tritici
2901 874 3129 928 rallatus
3176 874 3327 928 (iliis.
3360 873 3456 929 Vis
3486 875 3647 929 uimi-

2078 979 2194 1016 rum
2227 964 2598 1033 imaginativa,
2634 980 2755 1034 quae
2786 967 3000 1034 quidem
3022 968 3105 1037 (ut
3132 976 3322 1020 venter
3342 968 3644 1021 simuleum

2078 1056 2241 1109 rciws
2270 1056 2561 1125 snperﬂnis
2584 1058 2828 1111 ciborum
2857 1073 3051 1113 succos
3079 1059 3146 1111 ab
3178 1058 3287 1112 illis
3315 1058 3643 1113 indiscretos

2081 1146 2351 1216 continet)
2396 1164 2502 1201 una
2535 1163 2657 1201 cum
2696 1164 2879 1202 rerum
2926 1149 3219 1201 visibilium
3243 1148 3529 1219 speciebus
3557 1163 3650 1202 ea-

2076 1254 2194 1293 rum
2250 1240 2490 1295 rationes
2546 1243 2706 1310 gerit,
2765 1249 2850 1295 est
2891 1241 3152 1308 repositio
3210 1251 3264 1294 et
3298 1241 3647 1296 conservatio

2075 1333 2242 1400 (quod
2268 1333 2486 1401 quidem
2517 1347 2748 1387 acervus
2781 1333 3005 1403 iudicat)
3060 1333 3291 1387 rationis
3314 1348 3493 1387 rerum
3522 1348 3644 1386 om-

2076 1424 2225 1476 uimn
2263 1423 2526 1486 veritatis,
2563 1438 2681 1492 qua:
2715 1424 2855 1476 inter
2898 1424 3130 1491 species,
3173 1433 3232 1476 ut
3283 1422 3425 1477 inter
3460 1427 3645 1491 spicas

2075 1510 2338 1571 triticum,
2368 1511 2720 1564 circuinterta
2757 1510 3073 1576 includitur,
3105 1511 3279 1564 donec
3321 1525 3417 1579 per
3462 1510 3643 1564 scieno

2076 1604 2204 1656 tiam
2224 1602 2481 1671 cogitatio
2506 1602 2678 1669 ipsam
2709 1602 3057 1670 distinguens
3084 1602 3387 1663 attraxerit,
3411 1600 3645 1653 nudam-

2077 1707 2183 1760 que
2216 1692 2284 1747 ab
2316 1694 2465 1746 omni
2500 1691 2878 1760 integumento
2913 1706 2977 1745 ac
3003 1690 3439 1745 dubitationead
3488 1706 3645 1744 men-

2081 1794 2187 1839 tem
2205 1784 2588 1838 transmiserit.
2612 1783 3036 1837 Circumrallata
3066 1792 3246 1835 autem
3266 1781 3534 1835 custodita
3561 1788 3647 1835 est

404 1875 470 1928 ἀν
504 1875 624 1942 μετ’
680 1875 990 1940 ἐπιστήμης
1044 1872 1366 1940 διακρίνασα
1412 1870 1775 1939 ἐφελκύσηται
1815 1870 1974 1921 αὑτὸν
2010 1875 2049 1932 Β
2083 1876 2151 1927 lue

1899 1870 1974 1921 τὸν
2010 1875 2049 1932 Β
2083 1876 2199 1965 haec“
2227 1873 2485 1940 repositio
2512 1873 2926 1941 tranquillitate,
2958 1886 3079 1940 qua:
3105 1871 3221 1939 agri
3273 1871 3511 1925 liliorum
3549 1885 3646 1925 ex-

401 1966 435 2033 ή
464 1966 692 2025 διάνοια,
745 1965 837 2017 καὶ
885 1962 1091 2032 γυμνὸν
1126 1962 1325 2024 παντὸς
1375 1959 1828 2030 ἐπικαλύμματος
1881 1960 1976 2012 καὶ

402 2057 814 2126 προϐλήματος,
853 2055 1196 2125 παραπέμψῃ
1231 2053 1309 2124 τῷ
1343 2052 1437 2123 νῷ.
1488 2052 1885 2121 Πεφυλαγμὲνη
1918 2053 1974 2103 δέ

402 2148 609 2216 ἐστινὴ
645 2145 901 2207 ἀπόθεσις
942 2145 1133 2213 αὖτηὴ
1164 2142 1250 2194 διὰ
1293 2142 1401 2194 τῶν
1427 2142 1629 2213 κρίνων
1667 2141 1760 2194 τοῦ
1802 2142 1973 2211 ἀγροῦ

404 2236 1016 2305 παραδειγματιζομένη
1045 2237 1102 2285 ὲν
1135 2233 1507 2301 Εὐαγγελίοις,
1531 2233 1855 2303 ἀμεριμνία,
1889 2234 1971 2285 ἵνα

408 2328 483 2395 μὴ
517 2328 621 2378 ὑπὸ
646 2328 754 2379 τῶν
784 2326 875 2378 τοῦ
909 2326 1023 2395 βίου
1076 2324 1349 2393 διαφθαρῇ
1391 2323 1692 2393 μεριμνῶν,
1741 2325 1832 2374 καὶ
1881 2323 1973 2375 τοῦ

404 2420 461 2469 ὲν
508 2418 678 2488 ταύτῃ
736 2416 1108 2487 πνευματικοῦ
1166 2414 1380 2485 καρποῦ
1434 2418 1461 2467 ὁ
1517 2415 1680 2476 καλδς
1732 2413 1975 2481 γεωργὸς

403 2508 527 2572 νοῦς
563 2508 822 2579 στερηθῇ.
868 2509 977 2561 Καὶ
1018 2506 1160 2559 οὕτω
1204 2509 1299 2576 μὲν
1340 2508 1373 2575 ἡ
1422 2506 1597 2557 κοιλία
1649 2522 1764 2557 σου.
1804 2508 1867 2557 οι
1920 2506 1975 2557 δὲ

402 2600 513 2652 δύο
539 2601 759 2667 μαστοί
790 2615 927 2660 σου.
968 2600 1047 2664 ὠς
1083 2599 1192 2652 δύο
1238 2598 1434 2664 νεϐροὶ
1476 2596 1712 2665 δίδυμοι
1759 2595 1971 2663 δορκά-

405 2691 513 2754 δος
542 2707 558 2722 ο
585 2690 849 2761 ἠγουν,Ἥ
877 2694 1077 2759 φυσικὴ
1111 2690 1206 2742 καὶ
1234 2688 1452 2758 imiimi;
1480 2687 1795 2740 διδασκαλία
1833 2704 1925 2738 σου
1957 2702 1970 2716 ⁸

404 2783 469 2833 δι’
504 2776 577 2834 ὧν
636 2782 731 2843 τὰς
775 2782 982 2843 ἀτελεῖς
1015 2781 1232 2849 τρέφεις
1284 2779 1451 2847 ἡμᾶς,
1507 2772 1705 2847 οἷάπερ
1743 2776 1975 2842 γάλακτι

405 2875 517 2935 τοῖς
542 2873 787 2939 φυσικοῖς
810 2872 989 2938 λόγοις
1016 2871 1110 2923 καὶ
1144 2871 1365 2938 τρόποις
1398 2869 1534 2937 πρὸς
1558 2868 1653 2937 τὴν
1676 2870 1731 2918 ὲν
1758 2866 1975 2935 Χριστῷ

404 2964 713 3033 τελειότητα
744 2980 758 2993 '
794 2964 909 3031 άμα
935 2965 996 3013 ὲκ
1035 2960 1126 3013 σοῦ
1158 2961 1297 3013 κατά
1345 2960 1442 3027 μὲν
1490 2958 1722 3027 Θεωρίαν
1762 2960 1975 3026 ὀξυδερ-

408 3055 539 3117 κῶς,
576 3054 718 3106 κατά
758 3054 813 3105 δὲ
852 3052 1049 3121 πρᾶξιν
1075 3052 1385 3120 όξυδρόμως
1411 3051 1663 3119 προΐασιν
1691 3068 1704 3081 ·
1736 3051 1808 3112 ὡς
1840 3054 1970 3120 μήτε

403 3146 497 3200 τὸν
535 3145 692 3212 λόγον
724 3144 1027 3213 ἄπρακτον,
1073 3142 1206 3210 μήτε
1242 3143 1339 3210 τὴν
1374 3142 1570 3209 πρᾶξιν
1616 3142 1805 3209 ἄλογον
1856 3145 1972 3194 ἐπι-

2077 1963 2257 2034 emplo
2296 1966 2347 2017 in
2385 1964 2689 2033 Evangeliis
2750 1964 3062 2015 declaratur
3099 1965 3166 2025 ⁷⁸,
3204 1977 3274 2017 ne
3325 1964 3483 2017 istius
3521 1963 3646 2016 vita!

2076 2056 2537 2113 sollicitudiullms
2568 2069 2719 2109 mens
2741 2055 2896 2121 quasi
2923 2054 3098 2109 bonus
3133 2054 3369 2121 agricola
3413 2054 3642 2123 spiritali

2079 2151 2250 2218 ipsius
2288 2149 2470 2201 fructu
2499 2148 2764 2215 priretur.
2798 2147 2976 2213 Atque
3017 2146 3088 2199 ita
3113 2145 3331 2213 quidem
3367 2160 3425 2199 se
3454 2154 3645 2199 venter

2080 2242 2259 2294 habet.
2321 2240 2435 2291 Duo
2490 2237 2867 2290 autcmubcra
2913 2247 3027 2300 tua,
3087 2238 3223 2289 sicut
3281 2237 3388 2289 duo
3439 2236 3644 2288 Itimmfi

2076 2330 2279 2400 gemelli
2299 2344 2520 2395 capre-iv.
2558 2326 2835 2381 Naturalis
2872 2335 2927 2380 et
2977 2326 3199 2381 moralis
3249 2324 3500 2379 doctrina
3533 2339 3642 2395 qua

2079 2438 2178 2475 nos
2210 2421 2558 2490 imperfectos
2582 2429 2839 2488 tanquam
2866 2418 3026 2481 lacte,
3051 2425 3166 2471 tum
3204 2418 3507 2471 rationibus
3542 2432 3641 2469 na-

2079 2512 2369 2574 turalibus,
2404 2522 2517 2564 tum
2553 2511 2795 2565 moribus
2825 2508 2891 2561 ad
2931 2523 3048 2563 eam
3076 2523 3198 2578 qua:
3230 2510 3282 2560 in
3317 2507 3539 2562 Christo
3556 2518 3643 2561 est

2078 2604 2466 2672 perfectionem
2518 2600 2733 2653 nutrit:
2769 2599 2973 2668 pariter
3003 2612 3069 2651 ex
3107 2606 3159 2652 te
3194 2607 3307 2650 tum
3339 2606 3497 2651 acute
3548 2614 3643 2666 per

2076 2694 2613 2761 contemplationem,
2653 2701 2766 2745 tum
2798 2706 2894 2759 per
2919 2691 3187 2769 actionem
3214 2690 3463 2743 celeriter
3484 2687 3600 2741 ﬂuit
3623 2706 3636 2741 :

2077 2802 2200 2840 cum
2235 2802 2407 2853 neque
2449 2786 2712 2837 rationem
2742 2784 2858 2835 sine
2886 2783 3120 2844 actione,
3156 2797 3332 2848 neque
3368 2782 3641 2834 actionem

2078 2874 2197 2926 sine
2225 2874 2435 2925 ratione
2467 2872 2666 2924 doceas
2691 2885 2812 2924 esse
2844 2870 3334 2938 complectenda").
3372 2868 3451 2921 Ad
3502 2869 3639 2927 huic,

2076 2966 2268 3017 collum
2298 2974 2443 3015 tuum
2476 2965 2607 3016 sicut
2644 2963 2805 3014 turris
2835 2960 3081 3014 eburnea.
3121 2961 3364 3015 Rationis
3399 2963 3500 3023 vis,
3524 2977 3643 3029 qua:

2079 3066 2134 3107 ut
2175 3057 2372 3107 collum
2407 3055 2567 3122 capiti
2597 3068 2795 3120 corpus
2834 3054 3128 3121 reliquum,
3184 3052 3255 3105 ita
3289 3054 3453 3104 menti
3510 3067 3638 3105 sen-

2078 3163 2196 3199 Slllll
2253 3162 2441 3197 conum
2466 3148 2548 3205 tit,
2590 3148 2758 3199 turris
2798 3145 3015 3212 quidem
3053 3145 3225 3197 instar
3258 3158 3353 3210 per
3389 3145 3639 3196 virtutem

402 3236 779 3305 δεικνυμένης.
824 3235 964 3303 Πρὸς
996 3234 1201 3294 τούτοις
1239 3233 1319 3297 δὲ,
1360 3234 1659 3300 Ἰριὶκηλός
1710 3252 1846 3291 σου.
1892 3236 1969 3299 ὡς
2000 3204 2043 3264 C
2079 3254 2105 3289 a
2139 3254 2149 3289 l

1892 3236 1969 3299 ῶς
2000 3204 2043 3264 C
2079 3254 2105 3289 a
2139 3239 2299 3289 rebus
2322 3237 2635 3289 carnalibus
2670 3235 2736 3289 ad
2764 3237 3035 3303 spiritales
3065 3250 3126 3287 ac
3157 3234 3407 3287 emit-stes
3427 3234 3639 3287 extolli-

407 3329 629 3394 πύργος
660 3324 1074 3392 ἐλεφάντινος.
1120 3323 1332 3385 Εῖτουν,
1372 3324 1447 3374 Τὸ
1491 3323 1761 3375 συνάπτον
1791 3324 1868 3393 τῷ
1898 3325 1970 3393 νῷ

404 3418 501 3485 τὴν
558 3415 809 3483 αἴσθησιν
859 3413 1073 3480 λογικόν
1126 3428 1241 3474 σου,
1291 3411 1541 3480 καθάπερ
1602 3413 1867 3480 τράχηλος
1906 3416 1967 3481 τῇ

403 3506 610 3575 κεφαλῇ
656 3506 717 3556 το
766 3504 951 3556 λοιπὸν
1005 3503 1182 3571 σῶμα,
1239 3496 1325 3553 οἷα
1361 3502 1460 3571 μὲν
1499 3502 1706 3571 πύργος
1759 3505 1969 3571 αἴρεται

409 3599 530 3650 κατ’
570 3596 770 3667 ἀρετὴν
797 3596 904 3647 ἀπὸ
928 3595 1033 3647 τῶν
1068 3594 1342 3663 σαρκικῶν
1369 3592 1505 3663 πρὸς
1538 3594 1605 3644 τὰ
1631 3593 1972 3661 πνευματικά

405 3690 499 3739 καὶ
549 3688 776 3754 οὐράνια
801 3702 815 3715 ο
845 3680 931 3737 οἶα
965 3685 1007 3736 δ’
1043 3684 1382 3750 ἐλεφάντινος
1424 3684 1563 3733 λεῖον
1612 3683 1845 3751 ὑπάρχει
1879 3682 1972 3732 καὶ

405 3778 644 3847 καθαρόν
672 3779 758 3827 διὰ
779 3776 837 3829 τὸ
862 3774 1202 3844 ἀπηλλάχθαι
1224 3775 1320 3841 τῆς
1344 3774 1461 3825 κατ’
1488 3773 1721 3841 ἔλλειψιν
1746 3773 1969 3841 ἀρετῆς,

404 3870 499 3920 καὶ
542 3867 843 3935 ὑπερϐολὴν
893 3865 1218 3935 μολυντικῆς
1261 3863 1367 3917 τῶν
1413 3864 1599 3931 ψυχῶν
1636 3865 1967 3930 ἀνισότητος.

405 3960 512 4011 Καὶ
548 3958 839 4025 ὀφθαλμοί
877 3974 1015 4021 σου,
1051 3956 1130 4020 ὡς
1175 3958 1383 4024 λίμναι
1436 3954 1506 4006 ἐν
1556 3953 1857 4006 Ἑσσεὸὼν
1904 3955 1972 4007 ἑν

402 4052 621 4115 πύλαις
652 4050 938 4117 θυγατρὸς
972 4046 1237 4100 πολλῶν.
1269 4046 1499 4115 Δηλαδὴ,
1534 4046 1599 4097 Αἱ
1643 4045 1973 4115 θεωρητικαὶ

406 4144 503 4209 τῆς
536 4141 713 4209 ψυχῆς
745 4157 837 4192 σου
872 4140 1154 4207 δυνάμεις,
1213 4132 1410 4207 οἷάπερ
1447 4136 1634 4205 λίμναι
1671 4138 1972 4203 συναγωγοὶ

400 4232 509 4283 τῶν
560 4234 618 4283 ἐν
661 4233 852 4293 αὑταῖς
901 4231 1222 4299 εἰσρεόντων
1256 4229 1463 4282 ὑδάτων
1495 4228 1784 4295 συνάγουσι
1812 4230 1868 4279 ὲν
1906 4229 1970 4297 τῇ

401 4323 624 4392 αὐξήσει
674 4324 773 4389 τῆς
819 4321 939 4373 κατ’
974 4321 1176 4390 ἀρετὴν
1216 4319 1365 4382 θείας
1403 4320 1780 4388 καρποφορίας
1812 4320 1970 4391 (ὅπερ

398 4414 459 4465 τ’)
510 4412 782 4465 Ἐσσεσὼν
824 4410 1205 4480 ἑρμηνεύεται)
1240 4411 1327 4463 διὰ
1379 4410 1559 4477 μέσων
1612 4411 1720 4461 τῶν
1773 4412 1969 4480 αἰσθή-

2077 3337 2199 3390 tur;
2227 3328 2355 3379 levis
2376 3335 2455 3378 est
2480 3333 2657 3378 autent
2687 3334 2737 3377 et
2758 3340 2887 3391 pura
2940 3340 3060 3392 qua:
3096 3332 3177 3376 est
3208 3323 3365 3387 ebur,
3385 3323 3639 3390 quoniam

2075 3421 2143 3471 ab
2168 3420 2267 3470 inze
2291 3418 2533 3484 gualitatc
2573 3418 2767 3484 quasin
2794 3432 3019 3469 excessu
3060 3415 3384 3484 defectuque
3419 3416 3637 3467 virtutis

2076 3509 2215 3560 inust
2247 3520 2298 3560 et
2348 3511 2555 3560 animus
2582 3508 2853 3575 inquinat.
2889 3516 2969 3560 est
3000 3507 3386 3559 renimissima.
3411 3504 3472 3558 Et
3496 3506 3638 3557 oculi

2076 3599 2149 3646 tui
2182 3598 2315 3648 sicut
2349 3597 2565 3661 piscina:
2607 3599 2657 3646 in
2702 3594 2935 3647 Essebou
2984 3595 3037 3646 in
3086 3596 3253 3660 portis
3286 3596 3411 3661 ﬁlia:
3441 3595 3635 3647 multo-

2076 3702 2211 3737 rum.
2252 3686 2461 3738 Anima:
2522 3695 2625 3738 tua:
2663 3686 2914 3752 potentia:
2964 3685 3327 3752 spec-nlatiwe,
3385 3696 3639 3751 tanqmun

2077 3778 2295 3845 piscinae
2338 3791 2509 3844 aquas
2559 3791 2679 3843 qua:
2726 3776 2864 3828 inse
2898 3777 3169 3839 inlinunt,
3218 3776 3556 3845 colligentes,
3586 3778 3638 3828 in

2075 3868 2273 3920 divinw
2309 3868 2576 3920 ubertatis
2607 3866 2683 3934 (id
2717 3867 2863 3919 enim
2926 3868 3196 3935 significat
3242 3865 3511 3933 Essebou)
3546 3880 3641 3935 per

2076 3959 2337 4011 virtutum
2400 3957 2761 4019 incrementa,
2816 3970 3079 4009 sensuum
3130 3970 3295 4023 opera
3353 3971 3448 4023 per
3502 3971 3639 4021 quos

2075 4052 2233 4119 quasi
2270 4064 2365 4118 per
2400 4049 2665 4118 quasdam
2688 4057 2872 4118 portas
2906 4050 2960 4102 in
2985 4048 3218 4101 animam
3252 4048 3636 4101 intellectivam

2073 4140 2317 4210 cognitio
2345 4154 2527 4192 rerum
2568 4139 2895 4207 ingreditur,
2925 4155 2990 4191 ex
3045 4137 3195 4190 varia
3232 4152 3414 4190 rerum
3445 4148 3637 4190 natura

2073 4232 2345 4301 colligunt
2412 4232 2811 4299 cognitionem,
2869 4245 2992 4298 quae
3056 4246 3122 4283 ex
3185 4229 3640 4298 contemplatione

2072 4333 2438 4394 comparatur.
2477 4324 2741 4376 Praeterea
2790 4339 2950 4376 nasus
2989 4334 3108 4374 tuus
3163 4323 3299 4373 sicut
3344 4323 3510 4374 turris
3544 4320 3639 4374 Lt-

2074 4413 2220 4479 bam’,
2250 4430 2365 4484 quae
2395 4414 2603 4479 respicit
2634 4412 2822 4477 [aciem
2853 4410 3121 4464 Damasci.
3172 4408 3377 4478 Nempe
3408 4410 3489 4463 vis
3519 4410 3638 4464 dis-

400 4520 559 4569 σεων,
601 4503 670 4555 δι’
713 4497 789 4555 ῶν
818 4502 891 4564 ῶς
938 4519 1099 4553 τινων
1146 4501 1331 4553 πυλῶν
1365 4502 1443 4562 εἰς
1474 4502 1665 4569 νοεράν
1707 4502 1885 4570 ψυχὴν
1933 4504 2048 4601 ὴΙ)
2082 4522 2143 4559 ce

1881 4520 1885 4542 ι
1933 4504 2048 4601 ὴῙ)
2082 4505 2340 4559 cernendi
2378 4506 2520 4573 (quae
2573 4515 2630 4557 ut
2676 4502 2999 4558 suavitatem
3051 4517 3079 4553 a
3117 4500 3383 4563 foeditate,
3417 4500 3498 4553 sic
3564 4514 3628 4553 ea

397 4592 505 4645 τῶν
532 4593 669 4647 ὅλων
699 4592 903 4660 γνῶσις
950 4593 1175 4644 εἰσιέναι
1230 4591 1470 4660 πέφυκε,
1511 4591 1610 4660 τὴν
1644 4596 1967 4663 τικτομένην

398 4683 543 4736 κατά
574 4683 808 4752 θεωρίαν
839 4682 1062 4750 γνῶσιν,
1104 4684 1167 4734 ἐκ
1192 4683 1289 4747 τῆς
1317 4683 1573 4751 διαφόρου
1607 4682 1822 4749 φύσεως
1857 4684 1965 4737 τῶν

396 4778 585 4827 οντων.
600 4774 741 4844 Πρὸς
766 4775 822 4826 δὲ
841 4773 1068 4835 τούτοις.
1090 4772 1333 4840 Μυκτήρ
1348 4788 1484 4835 σου,
1507 4774 1585 4837 ὡς
1608 4777 1831 4842 πύργος
1859 4776 1964 4828 τοῦ

396 4863 671 4928 Λιϐάνου,
704 4865 1020 4916 σκοπεύων
1035 4864 1358 4929 πρόσωπον
1388 4866 1728 4931 Δαμασκοῦ.
1763 4867 1963 4935 Δηλον-

394 4955 497 5018 ότι,
525 4956 596 5007 Τὸ
624 4949 841 5024 (οἷάπερ
890 4953 1117 5006 εὐωδίαν
1144 4954 1250 5006 ἀπὸ
1278 4955 1558 5019 δυσωδίας,
1608 4958 1839 5026 χωρέξον
1871 4958 1967 5021 τὰς

398 5045 679 5114 ὑποθήκας
730 5044 850 5097 τῶν
900 5049 986 5110 εις
1041 5044 1351 5097 διακονίαν
1402 5046 1962 5115 ἀποστελλομένων,

392 5135 492 5188 διὰ
515 5136 657 5199 τοὺς
688 5134 1028 5201 μέλλοντας
1061 5136 1460 5203 κληρονομεῖν
1495 5151 1693 5204 σωτηρ
1718 5155 1814 5199 αν,
1842 5142 1961 5191 λει-

392 5226 721 5293 τουργικῶν
742 5228 1117 5294 πνεύματων,
1140 5226 1245 5279 ἀπὸ
1264 5229 1365 5279 τῶν
1391 5229 1489 5280 ὑπε
1500 5229 1701 5299 ρϐολῶν
1730 5232 1838 5281 τῶν
1866 5233 1962 5300 τῆς

394 5318 655 5387 πονηρίας
689 5317 1032 5386 πνευμάτων)
1058 5316 1391 5386 διακριτικὸν
1424 5333 1543 5380 σου,
1571 5319 1729 5370 οἱονεὶ
1756 5318 1961 5388 πύργος

392 5407 723 5476 ἑψηλότατος
756 5410 895 5460 κατά
924 5408 1013 5459 τὸν
1050 5408 1283 5460 Λίϐανον
1314 5408 1456 5472 ὅρος,
1494 5410 1799 5461 ἀποϐλέπον
1823 5410 1960 5463 κατὰ

389 5500 449 5551 τὸ
471 5501 761 5567 πρόσωπον
797 5500 896 5568 τῆς
922 5500 1125 5560 πόλεως
1157 5500 1469 5568 Δαμασκοῦ,
1508 5504 1597 5553 καὶ
1626 5503 1719 5561 τὰς
1747 5504 1955 5553 ἐκεῖθεν

390 5591 499 5643 τῶν
534 5591 741 5663 ἐχθρῶν
766 5592 987 5660 ἐφόδους
1014 5592 1091 5661 τῷ
1143 5592 1354 5661 Ἰσραὴλ
1394 5594 1594 5660 μηνύον
1628 5613 1635 5622 ·
1670 5594 1727 5660 ἐξ
1757 5594 1947 5663 ὑψηλο-

460 5770 506 5803 ⁷⁵
548 5768 733 5825 Matth.
787 5786 855 5835 γι,
924 5770 1007 5824 18.
1107 5772 1149 5800 ⁷*
1187 5768 1345 5825 llcbr.
1374 5784 1408 5834 ι,
1452 5769 1537 5823 Η.

2077 4612 2196 4667 qua:
2242 4604 2544 4665 suggerunt
2600 4594 2830 4647 ministri
2900 4593 3116 4659 spiritus
3179 4592 3231 4642 in
3284 4590 3637 4643 ministerium

2073 4689 2221 4743 missi
2258 4699 2465 4755 propter
2494 4702 2580 4739 cos
2612 4686 2699 4753 (μί
2730 4683 2919 4737 salutis
2947 4681 3301 4735 hereditatem
3322 4696 3637 4749 consequen-

2072 4790 2157 4833 tur
2183 4779 2249 4844 ⁷⁸,
2283 4779 2354 4832 ab
2382 4779 2449 4831 iis
2487 4791 2605 4846 qua:
2628 4791 2656 4828 a
2692 4774 2951 4841 nequitiae
2978 4772 3270 4840 spiritibus
3323 4786 3635 4841 suggerun-

2070 4878 2181 4933 tur,
2216 4868 2504 4937 dijndicat)
2556 4876 2642 4919 est
2706 4864 2871 4918 veluti
2907 4861 3207 4915 celsissima
3255 4860 3419 4915 turris
3472 4874 3637 4928 super

2074 4969 2312 5015 montem
2343 4959 2608 5011 Libanum
2669 4960 2773 5008 sita
2805 4969 2927 5023 qua:
2978 4952 3202 5022 respicit
3235 4951 3426 5004 faciem
3483 4950 3635 5005 urbis

2072 5050 2345 5113 Damasci,
2378 5056 2543 5117 atque
2599 5046 2725 5100 inde
2782 5044 3019 5098 hostium
3082 5042 3373 5096 adventum
3431 5041 3636 5095 indicat

2068 5140 2251 5196 lsraeli
2278 5158 2291 5193 :
2314 5141 2602 5209 spirituum
2628 5137 3036 5189 immundorum
3063 5138 3295 5204 impetus
3327 5142 3382 5187 et
3406 5133 3633 5189 insidias

2069 5234 2293 5303 respicit
2322 5241 2374 5285 et
2400 5231 2683 5293 discernit,
2733 5231 3086 5298 ipsorumque
3117 5227 3278 5281 dolos
3312 5226 3478 5279 menti
3526 5235 3631 5278 tua:

2072 5323 2261 5388 Deum,
2290 5321 2467 5391 quoad
2495 5324 2640 5386 licet,
2679 5323 2906 5375 intuenti
2958 5318 3314 5379 denuntians.
3348 5328 3396 5371 te
3420 5318 3488 5370 ab
3532 5330 3629 5369 co-

2068 5429 2185 5466 rum
2220 5413 2502 5466 fraudibus
2528 5422 2579 5466 et
2610 5412 2825 5480 injuriis
2858 5410 3121 5478 integram
3142 5414 3453 5462 conservat.
3479 5406 3628 5459 Talis

2064 5515 2243 5559 autem
2276 5514 2359 5559 est
2393 5509 2475 5559 vis
2512 5515 2601 5557 tua
2651 5502 2994 5557 discernendi
3027 5516 3092 5555 ac
3127 5499 3438 5570 judicandi,
3490 5510 3627 5564 quo-

2060 5596 2203 5648 niam
2240 5604 2403 5663 caput
2435 5605 2582 5648 tuum
2619 5602 2676 5646 ut
2722 5592 3004 5648 Carmelus
3048 5604 3213 5660 super
3245 5598 3298 5644 te
3341 5586 3629 5659 (Christus
