4424 6446
385 377 492 440 673

1369 371 1756 431 COMMENT.
1807 371 1886 432 IN
1925 371 2308 431 CANTICUM
2352 373 2646 435 CANTIC.

3542 379 3646 442 674

388 485 726 555 μεθίστησιν.
794 480 1109 534 Ἐντεῦθεν
1155 481 1211 534 δὲ
1253 482 1343 533 κοιλ⁴
1395 482 1555 549 ὀσμὴ
1608 483 1782 549 ῥινός
1828 497 1968 544 σου,
2000 484 2046 542 Λ
2074 489 2135 535 let

1894 498 1968 544 ην,
2000 484 2046 542 Λ
2074 489 2178 535 tem
2206 481 2436 550 implcns
2469 483 2758 546 suavitate,
2783 496 2888 551 qua
2919 521 2923 529 .
2969 492 3067 536 tua
3099 499 3306 554 sponso
3335 498 3641 558 susreptani

383 578 466 640 ὡς
483 574 650 642 μῆλα
678 589 688 602 ·
727 571 930 634 εἴτουν,
969 571 1034 624 Ἡ
1067 571 1347 641 πληροῦσα
1390 571 1582 640 νοητῆς
1615 573 1840 634 εὐωδίας
1870 572 1963 624 τοῦ

387 667 655 732 παναγέου
689 663 1008 733 ῐινεύματος
1050 663 1230 732 χάρις,
1269 663 1336 732 ἢν
1370 663 1507 732 αύτὴ
1551 664 1648 731 μὲν
1683 663 1963 714 εἰσέπνευ-

387 777 485 820 σας
525 757 631 810 ἀπὸ
665 756 760 808 τοῦ
793 755 1030 826 νυμνρὶου
1063 756 1267 821 ταύτης
1307 753 1710 824 μεταλαϐοῦσα,
1749 754 1874 822 ἐμοὶ
1911 753 1964 805 δὲ

385 849 592 916 ταύτην
641 847 971 909 ὲνὲπνευσας
1029 844 1337 914 μεταδοῦσα
1367 861 1454 915 μοι
1511 845 1678 915 αὐτῆς
1713 863 1724 877 ·
1769 840 1964 914 οἷάπερ

389 941 536 1009 μῆλα
568 939 663 1007 τὴν
701 938 852 1006 ῶραν
893 937 991 1006 μὲν
1023 936 1297 1006 εὐπρεπῆ,
1327 936 1502 1006 εὐώδη
1541 937 1597 989 δὲ
1636 936 1731 1006 τὴν
1764 935 1961 1004 ὀσμὴν,

387 1034 482 1084 καὶ
536 1030 634 1100 τὴν
686 1029 878 1098 γεῦσιν
936 1029 1066 1097 ἡδέα
1104 1043 1118 1058 ·
1169 1028 1445 1098 εὐπρεπὴς
1499 1029 1596 1099 μὲν
1652 1027 1788 1080 κατὰ
1838 1028 1964 1089 τοὺς

385 1123 627 1192 τρόπους
660 1119 770 1172 τῶν
815 1120 1050 1190 ἀρετῶν,
1084 1117 1315 1180 εὔπνους
1351 1119 1408 1172 δὲ
1446 1118 1586 1173 κατὰ
1618 1120 1742 1182 τοὺς
1771 1117 1962 1185 λόγους

387 1215 587 1274 αὐτῶν,
625 1213 722 1276 καὶ
769 1212 998 1278 γλυκεῖα
1049 1210 1193 1263 κατὰ
1224 1210 1323 1279 τὴν
1369 1210 1562 1279 πεῖράν
1607 1226 1695 1277 μοι
1757 1207 1959 1260 ἔσεται.

387 1306 500 1360 Καὶ
525 1309 556 1359 ὀ
582 1304 814 1372 λάρυγξ
847 1317 986 1367 σου,
1012 1301 1085 1367 ὡς
1120 1297 1285 1366 οἶνος
1316 1301 1536 1369 ἀγαθὸς
1563 1300 1963 1368 πορευόμενος

387 1398 468 1463 τῷ
506 1393 808 1465 ἀδελφιδῷ
857 1409 975 1461 μου
1025 1393 1113 1458 εὶς
1164 1392 1514 1456 εὐθύτητας,
1570 1391 1964 1458 ἱκανούμενος

387 1490 624 1559 χεθλεσί
668 1505 788 1556 μου
837 1485 935 1538 καὶ
997 1483 1248 1537 ὀδοῦσιν
1283 1497 1296 1512 ·
1334 1482 1472 1553 ἦτοι,
1516 1478 1962 1538 Ὀδιδασκαλικδς

388 1582 540 1647 λόγος
589 1597 681 1631 σου
723 1572 920 1646 οἷάπερ
956 1571 1098 1636 οἶνος
1133 1574 1432 1636 κάλλιστος.
1461 1572 1686 1642 καρδίας
1723 1571 1962 1640 εὐφρυμ

389 1674 535 1733 meo;
573 1669 802 1738 ὑπάρξει
858 1684 968 1734 μοι,
1031 1666 1433 1736 προφερόμενος
1483 1665 1539 1716 ὲν
1588 1663 1664 1732 τῷ
1695 1659 1962 1730 ἀγαπητῷ

391 1765 484 1816 σου
520 1781 532 1792 ·
568 1758 626 1815 οὗ
676 1778 764 1818 μοι
823 1761 961 1825 αὐτὴ
1030 1759 1190 1809 πόθον
1242 1756 1530 1819 ὲνέσταξας
1582 1755 1658 1816 εἰς
1706 1755 1961 1816 ἀπλανεῖς

2074 574 2126 628 in
2155 590 2254 626 nos
2287 572 2522 628 cﬂ'undis
2553 589 2566 624 ι
2596 573 2738 628 sicut
2769 589 2926 642 poma
2968 584 3095 628 sunt
3130 587 3241 631 tum
3273 586 3500 648 aspectu
3521 581 3644 650 pul-

2071 663 2224 730 elira,
2255 673 2365 715 tum
2403 661 2632 715 odoratu
2665 662 2879 728 suavia,
2911 671 3022 716 tum
3055 675 3273 732 gustatu
3305 664 3482 722 dulcia
3513 683 3528 734 ;
3563 668 3645 723 sic

2073 755 2189 823 ipsa
2224 753 2380 806 nobis
2412 753 2514 806 erit
2550 761 2602 805 et
2631 753 2889 806 virtutum
2921 755 3163 809 moribus
3183 760 3403 823 decora,
3435 767 3490 812 et
3511 757 3644 813 odo-

2075 845 2237 898 rifero
2299 860 2613 898 sermonum
2660 854 2966 911 venustate,
3002 854 3055 900 et.
3083 845 3262 901 dulcis
3292 850 3642 919 experientia:

2067 939 2426 1007 jiicunditate.
2457 940 2520 992 Et
2551 950 2736 1008 guttur
2761 949 2906 989 tuum
2933 941 3065 992 sicut
3099 940 3273 993 vinum
3307 943 3517 1009 bonum,
3551 961 3640 997 ra-

2069 1030 2194 1082 dens
2215 1033 2385 1096 nepoti
2413 1047 2522 1082 meo
2549 1031 2601 1082 in
2635 1031 2972 1084 rectitudines
2997 1071 3011 1096 ,
3043 1034 3295 1103 sufﬁciens
3317 1033 3484 1088 labris
3511 1037 3639 1090 meis

2069 1131 2118 1174 et
2152 1121 2417 1174 dentibus.
2457 1120 2823 1177 Institutioiiis
2853 1133 2962 1176 tute
3013 1138 3196 1177 sermo
3227 1125 3317 1194 qui
3352 1136 3411 1179 ut
3449 1126 3635 1180 vinum

2070 1213 2332 1281 Optimum
2361 1213 2524 1267 corda
2573 1212 2736 1267 allicit
2773 1216 2976 1281 laetitia,
3009 1215 3113 1270 erit
3146 1217 3322 1282 nobis,
3352 1219 3477 1274 dum
3520 1234 3642 1285 pro-

2072 1303 2356 1354 nuntiatur
2413 1303 2466 1354 in
2517 1302 2717 1355 ililei-to
2759 1312 2850 1355 tuo
2883 1305 3041 1372 cujus
3102 1305 3258 1359 nobis
3307 1306 3637 1362 desiderium

2073 1391 2376 1459 instillasti,
2411 1393 2462 1446 in
2495 1393 2612 1448 vias
2645 1402 2826 1448 rectas
2860 1411 2874 1448 :
2906 1404 2962 1448 ιιι
2995 1411 3121 1449 cuin
3150 1405 3407 1466 tanquam
3437 1400 3636 1452 verita-

2071 1490 2177 1535 tem
2217 1483 2632 1550 amplectamur,
2676 1498 2777 1536 nec
2809 1498 2901 1551 per
2927 1483 3199 1538 defectum
3224 1495 3318 1539 aut
3346 1501 3636 1542 excessum

2071 1588 2098 1625 a
2121 1573 2337 1626 virtutis
2361 1573 2682 1628 rectitudine
2707 1573 3060 1629 dcileclamus
3095 1595 3108 1631 :
3159 1585 3213 1630 et
3239 1572 3512 1633 sufficiens
3545 1593 3641 1633 tio-

2069 1665 2200 1718 stris
2250 1665 2538 1732 appetendi
2572 1667 2851 1733 potentiis,
2893 1667 3093 1736 quibus
3156 1676 3410 1739 tanquam
3474 1670 3640 1726 labris

2071 1756 2387 1808 osculamur
2431 1757 2572 1824 quod
2609 1757 2813 1825 placuit
2852 1759 3119 1813 voluntati
3157 1777 3170 1813 :
3207 1771 3260 1815 et
3299 1753 3636 1832 intelligendi
3708 1783 3710 1785 ‘

392 1855 512 1906 κατ’
553 1854 756 1922 ἀρετὴν
786 1849 934 1912 ὁδούς
971 1867 982 1878 ·
1027 1850 1084 1901 ὲν
1116 1848 1193 1918 τῷ
1237 1846 1454 1916 ἔχεσθαι
1485 1846 1695 1910 τούτου,
1725 1846 1797 1906 ὡς
1830 1844 1955 1914 ἁλη-
1993 1839 2037 1897 Β
2070 1844 2139 1900 l'at

1881 1854 1955 1914 ιη·
1993 1839 2037 1897 Β
2070 1844 2438 1914 facultatibus,
2471 1849 2668 1917 quibus
2702 1857 2961 1920 tanquam
3007 1851 3284 1917 dentibus,
3318 1869 3439 1923 qua:
3493 1855 3628 1908 dura

391 1945 540 2007 θείας
576 1961 588 1973 ·
629 1945 724 1996 καὶ
770 1941 846 2012 μὴ
879 1941 1188 2010 συγχωρεῖν
1223 1955 1312 2008 με,
1351 1939 1430 2001 εἰς
1473 1939 1539 1990 τὰ
1578 1938 1698 1990 κατ’
1729 1937 1964 2005 ἔλλειψιν

390 2039 487 2102 τῆς
520 2034 720 2103 ἀρετῆ;
749 2032 918 2100 πάθη,
945 2031 978 2100 ἦ
1009 2031 1076 2082 τά
1109 2029 1228 2082 καθ’
1269 2027 1574 2098 ὑπερϐολὴν
1606 2026 1922 2098 πλησιάζειν
1947 2043 1962 2058 ο

393 2127 528 2195 πρὸς
578 2126 634 2177 δὲ
673 2123 765 2176 καὶ
800 2121 984 2192 ἀρκῶν
1023 2126 1141 2183 ταῖς
1177 2136 1236 2172 τε
1290 2119 1602 2188 ὀρεκτικαῖς
1656 2135 1762 2188 μου
1807 2118 1964 2170 δυνάσ

397 2233 543 2285 μεσι,
579 2215 645 2267 δι’
698 2207 770 2267 ὢν
809 2207 896 2266 οἶα
926 2213 1150 2282 χειλέων
1194 2212 1301 2264 πᾶν
1331 2209 1561 2274 ἁσπάζω
1595 2210 1691 2279 μὲν
1727 2209 1785 2261 τὸ
1825 2209 1964 2262 κατά

394 2302 668 2377 βούλησιν,
713 2309 806 2359 καὶ
844 2308 962 2368 ταῖς
1010 2305 1378 2373 διανοητικαῖς
1411 2318 1425 2333 ο
1465 2302 1531 2353 δι’
1565 2296 1640 2354 ὧν
1688 2300 1762 2363 ῶς
1801 2318 1962 2353 τινων

391 2399 618 2450 ὀδόντων
648 2398 780 2467 προς
825 2396 1027 2465 βρῶσιν
1075 2395 1448 2464 πνευματικὴν
1485 2393 1546 2445 τὸ
1575 2393 1830 2462 δυσχερὲς
1857 2393 1963 2443 τῶν

392 2491 680 2556 νοημάτων
721 2487 1080 2539 καταλεαίνω.
1116 2486 1224 2554 Τῆς
1272 2483 1402 2552 γοῦν
1439 2483 1672 2552 πληθύος
1712 2483 1818 2535 τῶν
1867 2500 1966 2552 μα-

393 2581 769 2648 θητευομένων
805 2578 1186 2646 ἁπαιτησάσης
1215 2577 1312 2647 τὴν
1349 2576 1665 2628 διδάσκαλον
1711 2574 1965 2641 ἐπιστρέ-

390 2676 487 2740 ψαι
522 2672 628 2723 ἀπὸ
654 2671 746 2722 τοῦ
780 2670 946 2738 ὕψους
976 2673 1073 2739 τῆς
1109 2669 1374 2739 μυστικῆς
1398 2667 1652 2736 θεωρζας,
1690 2667 1784 2717 καὶ
1836 2681 1964 2733 συγ-

393 2762 698 2830 καταϐῆναι
767 2763 906 2813 κατά
971 2761 1068 2830 τὴν
1119 2761 1316 2829 ἠθικὴν
1371 2759 1688 2826 φιλοσοφῐαν
1751 2759 1962 2822 αὐταῖς,

394 2853 533 2904 ὥστε
565 2852 862 2903 θεάσασθαι
888 2853 944 2903 ἐν
979 2853 1114 2920 αὐτῇ
1159 2850 1227 2902 τὰ
1257 2849 1522 2919 εἰρημένα
1560 2848 1764 2914 ταύτης
1803 2865 1965 2900 πνευ-

393 2945 598 3013 ματικὰ
624 2944 816 3013 κάλλη,
841 2947 932 2997 καὶ
959 2945 1322 3014 συναναὸῆναι
1352 2942 1521 3012 ταύτῃ
1543 2942 1631 2995 διὸ.
1656 2942 1964 3011 μιμήσεως·

391 3039 526 3108 πρὸς
554 3038 756 3098 ταύτας
789 3036 924 3105 αὐτὴ
961 3053 1092 3104 φησι
1125 3053 1138 3066 ⁸
1177 3035 1322 3104 Ἐγὼ
1367 3033 1444 3099 τῷ
1483 3033 1786 3100 ἀδελφιδῴ
1825 3050 1963 3101 μου,

390 3130 486 3182 καὶ
527 3129 617 3180 ἐπ’
639 3127 742 3195 ἐμὲ
773 3129 806 3193 ἡ
836 3128 1168 3195 ἐπιστροφὴ
1195 3126 1402 3180 αὑτοῦ.
1440 3127 1675 3195 Δηλαδὴ,
1702 3125 1848 3195 Αὐτὴ
1888 3124 1963 3194 τῷ

390 3219 660 3288 ἀγαπητῷ
691 3236 791 3286 μου
824 3219 952 3288 ὃλην
994 3218 1241 3288 ἐμαυτὴν
1291 3217 1584 3286 ἀνεθέμην,
1639 3217 1732 3269 καὶ
1790 3221 1957 3286 χωρὶς

389 3313 553 3362 abeo-3
581 3311 733 3363 οὐδὲν
761 3315 932 3362 ποιεῖν
967 3310 1229 3380 βούλομαι
1254 3325 1268 3338 ·
1303 3310 1395 3362 καὶ
1426 3308 1512 3362 ἐπ’
1550 3308 1651 3377 ἐμὲ
1692 3309 1788 3377 τὴν
1819 3308 1959 3359 οὓτω

391 3400 696 3468 φρονοῦιαν
727 3403 762 3469 ἡ
791 3400 956 3452 αὑτοῦ
991 3400 1400 3468 συγκατάϐασις
1428 3400 1662 3467 γίνεται,
1709 3399 1960 3467 ἐπιστρέ-

390 3509 580 3560 φοντος
633 3493 739 3544 ἀπὸ
779 3493 875 3561 τῆς
912 3491 1049 3554 ἰδίας
1099 3492 1408 3563 περιωπῆς,
1451 3491 1599 3554 ὃπως
1653 3491 1681 3542 ὁ
1728 3489 1956 3558 ἀόρατοι⁵

2066 1949 2191 1993 sunt.
2214 1950 2266 1995 et
2302 1939 2368 1994 ad
2401 1941 2843 2011 cognoscendum
2891 1940 3153 2005 ditlieilia,
3186 1944 3252 1998 ad
3285 1959 3436 1999 esum
3469 1955 3524 1999 et
3551 1947 3634 1999 ci-

2069 2031 2193 2084 bum
2229 2033 2528 2098 spiritalem
2563 2031 2866 2101 frangimus
2894 2041 2948 2086 et
2979 2034 3276 2088 molliinus.
3306 2033 3441 2088 Cum
3472 2036 3638 2106 igitur

2075 2122 2473 2190 disripularum
2504 2123 2796 2177 multitudo
2832 2137 2863 2177 a
2905 2124 3160 2193 magistra
3216 2123 3536 2194 ﬂagitasset,
3578 2137 3640 2180 ut

2067 2214 2135 2267 ab
2163 2227 2364 2266 arcana
2387 2215 2860 2283 contemplationis
2892 2215 3181 2271 altitudine
3229 2231 3354 2271 sese
3391 2218 3499 2272 illis
3543 2233 3640 2289 per

2067 2305 2325 2358 moralem
2366 2305 2760 2374 pliilosoiiliiam
2794 2305 3086 2360 demitteus
3111 2320 3161 2361 et
3192 2309 3635 2375 accommodans,

2076 2397 2148 2448 ita
2185 2403 2554 2460 converteret,
2603 2404 2662 2448 ut
2693 2395 2970 2466 spiritales
3024 2397 3142 2466 ejus
3204 2398 3637 2467 pulchritudines

2068 2503 2185 2556 quae
2219 2488 2378 2539 dicta:
2401 2495 2552 2546 sunt,
2584 2489 2636 2540 in
2667 2489 2756 2541 illa
2783 2499 3002 2556 possent
3038 2489 3258 2554 intueri,
3287 2498 3338 2543 et
3369 2506 3490 2544 cum
3522 2492 3637 2560 ipsa

2070 2579 2232 2632 simul
2289 2593 2384 2645 per
2433 2578 2792 2632 imitationem
2843 2580 3260 2646 conscenderet,
3310 2581 3375 2634 ad
3412 2597 3504 2637 eas
3558 2585 3634 2637 ita

2071 2669 2366 2736 respondet
2409 2685 2420 2720 :
2469 2665 2577 2737 Ego
2617 2669 2796 2738 nepoti
2840 2686 2974 2731 meo,
3015 2682 3061 2723 et
3116 2671 3184 2723 ad
3237 2687 3319 2724 me
3368 2673 3638 2728 conrersio

2069 2763 2203 2826 ejus.
2243 2759 2354 2825 Ego
2385 2773 2468 2811 me
2501 2766 2668 2812 totam
2707 2759 2909 2812 dilecto
2935 2776 3056 2813 meo
3102 2759 3348 2816 dedicavi
3389 2781 3401 2816 :
3435 2770 3488 2816 ct
3519 2763 3638 2818 sine

2071 2848 2188 2916 ipso
2233 2847 2366 2898 nihil
2409 2848 2583 2899 facere
2635 2846 2916 2900 constitui.
2955 2845 3299 2918 Quapropter
3350 2849 3463 2918 ipse
3497 2864 3637 2917 quo-

2069 2954 2175 3009 que
2213 2939 2278 2991 ad
2311 2954 2396 2991 me
2427 2939 2506 2991 sic
2531 2938 2779 2991 allectum
2809 2954 2867 2994 ac.
2904 2938 3166 3005 demittit,
3211 2955 3237 2991 a
3263 2941 3482 3009 propria
3523 2940 3641 3010 glo-

2071 3033 2150 3083 ria
2187 3031 2257 3082 ita
2289 3045 2346 3082 se
2370 3040 2728 3093 i-onvertens;
2766 3040 2822 3080 ut
2846 3044 2970 3082 cum
3014 3031 3306 3086 invisibilis
3338 3034 3429 3096 sit,
3472 3032 3637 3088 abiis

2071 3126 2162 3192 qui
2230 3122 2412 3176 videre
2469 3122 2616 3173 illum
2660 3123 2886 3188 cupiunt
2945 3123 3212 3177 videatur.
3273 3122 3472 3178 Veium
3529 3139 3634 3179 non

2068 3217 2262 3284 patior,
2333 3225 2391 3266 ut
2440 3214 2556 3282 ipsa
2605 3215 2720 3267 sola
2771 3212 2921 3267 fruar
2983 3215 3154 3283 ipsius
3209 3218 3632 3283 conjunctione;

2068 3307 2160 3358 sed
2219 3304 2402 3372 cupio,
2433 3313 2491 3356 ut
2519 3306 2679 3357 etiam
2740 3303 2814 3357 illi
2865 3305 2956 3373 qui
3011 3314 3143 3358 sunt
3175 3307 3349 3360 adhuc
3387 3309 3638 3376 imperfe-

2066 3397 2161 3460 cti,
2197 3397 2424 3450 salutem
2449 3395 2517 3448 ab
2553 3411 2616 3448 eo
2635 3405 3065 3467 consequantur.
3093 3395 3326 3452 Proinde
3351 3399 3551 3463 clamo,
3579 3407 3638 3455 et

2066 3487 2189 3541 dico
2223 3502 2238 3540 :

389 3588 562 3657 ὁρῷτο
589 3590 697 3649 τοῖς
734 3587 1074 3657 βουλομένοις
1101 3586 1290 3640 τοῦτον
1324 3587 1478 3658 ὀρᾷν.
1526 3586 1667 3639 Ἀλλ’
1704 3587 1803 3641 οὐκ
1836 3585 2101 3653 ἀνέχομαι
2145 3583 2304 3652 μόνον
2334 3581 2434 3649 τῆς
2499 3583 2650 3650 ἱερᾶς
2715 3581 2884 3636 αὐτοῦ
2948 3583 3242 3638 ἀπολαύειν
3302 3585 3585 3650 κοινωνίας
3616 3599 3635 3618 ⁶

393 3681 653 3752 βούλομαι
691 3680 748 3733 δὲ
779 3681 874 3734 καὶ
899 3683 1023 3744 τοὺς
1057 3680 1264 3744 ἀτελεῖς
1295 3681 1400 3745 ἔτι,
1427 3681 1556 3752 παρ’
1577 3679 1744 3736 αὐτοῦ
1770 3679 2040 3750 σωτηρίας
2073 3678 2272 3744 τυχεῖν.
2308 3677 2398 3727 Διὸ
2426 3675 2536 3741 βοῶ
2566 3677 2658 3727 καὶ
2695 3675 2840 3742 λέγω
2862 3691 2878 3707 ο

473 3774 666 3838 Ἐλθὲ,
689 3771 970 3841 ἀδελφιδέ
986 3788 1128 3842 μου,
1150 3771 1331 3825 καὶτὰ
1355 3772 1502 3843 ἑξῆς.

2148 3766 2292 3826 Veni,
2320 3781 2472 3832 nepos
2503 3766 2999 3833 mi,egredi'amurin
3025 3785 3232 3837 agrum,
3254 3785 3637 3824 commoremur

2059 3839 2112 3890 in
2150 3837 2310 3896 villis.
2340 3854 2489 3888 mane
2508 3852 2783 3904 surgamus
2811 3837 2878 3888 ad
2904 3839 3100 3897 vincas.
3128 3839 3394 3893 videamus
3423 3857 3490 3893 an
3517 3844 3634 3895 ritis

2057 3907 2451 3976 ﬂoruerit,“
2503 3906 2742 3972 ﬂoruerit
2788 3923 3018 3972 germen,
3061 3926 3126 3961 an
3173 3909 3447 3974 ﬂoruerint
3489 3912 3633 3966 mala

2057 3978 2272 4045 punica.
2307 3975 2430 4028 Illic
2470 3976 2605 4028 dabo
2647 3977 2742 4027 tibi
2775 3979 2934 4030 ubera
2970 3995 3104 4032 mea.
3140 3978 3513 4044 Mandragorie
3538 3988 3633 4034 de-

2055 4047 2247 4099 derunt
2303 4048 2510 4098 odorem
2543 4085 2556 4106 ,
2612 4056 2659 4097 et
2718 4046 2771 4096 in
2815 4050 2977 4110 portis
3012 4050 3206 4101 nostris
3260 4065 3436 4102 omnes
3473 4067 3629 4104 nuces

2059 4132 2142 4196 ttat
2162 4132 2220 4167 as
2249 4132 2402 4194 super
2425 4127 2612 4235 utiliores
2641 4132 2768 4184 quas
2788 4117 2927 4170 dedit
2963 4118 3089 4171 milii
3116 4127 3285 4172 mater
3315 4135 3450 4186 mea,
3475 4137 3631 4189 nepos

2064 4203 2155 4235 nit.
2196 4200 2393 4235 servavt
2428 4196 2465 4235 tt
2506 4200 2542 4235 t.

2064 4203 2155 4247 nit,
2196 4200 2393 4237 servavi
2428 4196 2542 4238 ttDt.

908 4275 1030 4331 Τῶν
1063 4274 1111 4347 γ’
1146 4276 1440 4345 Πατέρων.
2614 4276 2654 4329 Τ

1321 4295 1440 4330 nor.
2614 4276 2792 4329 Trium
2829 4275 3068 4330 Patrum.

460 4394 618 4460 Λέγει
648 4387 742 4445 οἷν
773 4393 804 4463 η
836 4390 1022 4462 νύμφη
1054 4392 1186 4460 πρὸς
1215 4391 1312 4454 τάς
1347 4389 1821 4461 μαθητευομένας·
1841 4395 1962 4445 Λοι-

390 4487 490 4538 πὸν
523 4486 598 4555 τῷ
644 4485 862 4554 νυμφίῳ
904 4500 1005 4553 μου
1040 4485 1133 4535 καὶ
1178 4483 1275 4552 τὴν
1319 4483 1534 4551 αἴτησιν
1575 4484 1726 4554 ὑμῶν
1759 4485 1960 4551 ἀναφέ-

390 4580 561 4646 ρουσα
588 4593 729 4644 φημι
749 4591 762 4604 ·
792 4574 985 4636 Ἐλθέ,
1011 4573 1295 4642 ἀδελφιδέ
1325 4591 1474 4642 μου,
1509 4575 1843 4644 ἐξέλθωμεν
1874 4577 1960 4640 εἰς

389 4670 593 4736 ἀκρον.
630 4669 840 4729 Εἰτουν,
867 4665 1055 4735 Δεῦρο,
1078 4667 1328 4736 ἀγαπητέ
1363 4683 1483 4734 μου,
1515 4665 1815 4734 ἐξέλθωμεν
1849 4667 1957 4734 ἐγώ

387 4774 446 4808 τε
478 4760 510 4827 η
549 4757 826 4825 μυστικῶς
865 4754 1145 4823 θεωροῦσα
1174 4771 1253 4820 σε,
1291 4756 1381 4808 καὶ
1409 4755 1568 4817 αὐτὸς
1603 4756 1630 4805 ὁ
1660 4753 1832 4818 οὕτως
1866 4773 1955 4824 μοι

391 4847 800 4916 θεωρούμενος,
839 4846 973 4915 προς
1016 4846 1106 4898 τὸν
1142 4845 1300 4915 χορὸν
1352 4847 1459 4898 τῶν
1504 4846 1957 4916 μαθητευομένων

394 4955 504 5005 μοι,
535 4937 592 4988 ὃν
622 4935 808 5004 ὥσπερ
840 4934 1004 5004 ἀγρόν
1027 4952 1145 4986 τινα
1167 4935 1430 5004 τριϐόλων
1455 4936 1547 4986 καὶ
1573 4936 1824 4988 ἀκανθῶν
1848 4937 1954 4990 τῶν

393 5025 811 5093 συμπνιγουσῶν
841 5024 1037 5087 αὐτὸν,
1074 5023 1166 5076 τοῦ
1212 5023 1324 5092 βίου
1365 5023 1646 5094 μεριμνῶν
1685 5025 1780 5076 καὶ
1809 5026 1954 5093 λογι-

392 5118 544 5187 σμῶν
569 5115 852 5185 ὲμπαθῶν,
889 5115 1226 5185 ἐξεκάθηρα·
1267 5115 1571 5185 ἐξέλθωμεν
1616 5117 1671 5168 δὲ
1712 5116 1957 5186 φανερώ-

392 5226 582 5270 σαντες
619 5206 894 5276 αὐτῷτὴν
939 5206 1312 5275 πνευματικὴν
1361 5206 1655 5274 συνάφειαν
1694 5206 1851 5276 ἡμῶν
1898 5210 1954 5258 ὲν

389 5304 501 5363 τοῖς
538 5299 679 5351 κατά
711 5299 909 5368 πρᾶξιν
940 5297 1161 5367 τρόποις
1189 5296 1296 5348 τῶν
1325 5298 1553 5368 ἀρετῶν.
1598 5295 1860 5361 Ἐξιόντες
1889 5299 1955 5363 δ’,

389 5391 464 5452 ὡς
497 5389 715 5459 εἴρηται
738 5427 754 5453 ,
797 5387 1140 5456 αύλισθῶμεν
1164 5388 1222 5439 ὲν
1261 5386 1472 5456 κώμαις
1501 5405 1514 5419 ο
1546 5389 1742 5458 ἤγουν,
1786 5406 1958 5441 κατα-

390 5477 759 5547 σκηνώσωμεν
791 5477 847 5528 ἐν
892 5477 1114 5546 ψυχαῖς,
1145 5474 1222 5544 τῷ
1263 5475 1486 5544 ὀνόματί
1528 5492 1620 5528 σου
1655 5478 1829 5539 πάσας
1859 5480 1957 5540 τὰς

389 5569 754 5639 θεωρητικὰς,
786 5567 883 5619 καὶ
916 5567 1013 5629 τὰς
1040 5566 1328 5636 ὀρεκτικᾶς
1354 5566 1608 5636 δυνάμεις
1641 5568 1837 5631 αὐτῶν,
1864 5571 1958 5623 καὶ

390 5661 488 5722 τὰς
519 5659 799 5729 αἰσθήσεις
852 5659 944 5710 ἐπὶ
973 5657 1032 5709 τὸ
1067 5657 1196 5710 αὐτὸ
1229 5656 1730 5726 συναθροιςούσαις,
1758 5655 1955 5730 οἷάπερ

393 5751 574 5820 κῶμαι
611 5750 736 5812 τοὺς
764 5746 1044 5812 οἰκοῦντας
1073 5748 1260 5812 αὑτάς.
1311 5747 1480 5811 Αὐτὸς
1511 5748 1610 5819 μὲν
1642 5751 1955 5821 οἰκητήριόν

2137 4389 2350 4459 Sponsa
2392 4387 2559 4458 igitur
2609 4388 2673 4442 ad
2704 4388 2997 4459 discipulas
3040 4389 3212 4445 dicit:
3249 4388 3370 4446 Jain
3427 4408 3634 4463 sponso

2064 4496 2184 4536 meo
2212 4496 2399 4550 preces
2425 4491 2635 4536 vestras
2668 4496 2947 4550 exponens
2975 4482 3096 4536 dico
3125 4499 3138 4535 :
3168 4481 3314 4549 Veni,
3346 4499 3502 4552 nepos
3535 4489 3629 4550 mi,

2065 4574 2392 4642 egrediantur
2425 4574 2475 4624 in
2499 4589 2705 4642 agrum.
2732 4576 2862 4640 Age,
2898 4573 3092 4626 dilecte
3128 4574 3223 4639 ini,
3269 4590 3549 4641 exeamus,
3577 4586 3632 4632 et

2062 4680 2164 4734 ego
2196 4681 2312 4733 qua:
2339 4675 2387 4716 te
2412 4666 2640 4734 mystice
2680 4665 3040 4732 contemplor,
3071 4672 3122 4716 et
3147 4672 3201 4716 tu
3241 4666 3332 4733 qui
3365 4669 3444 4720 sic
3483 4685 3512 4722 a
3547 4685 3631 4724 me

2062 4757 2430 4825 spectaris,ad
2469 4757 2696 4810 chorum
2726 4757 3121 4825 discipularum
3166 4773 3405 4812 mearum
3434 4776 3628 4830 :quein

2064 4855 2123 4898 ut
2149 4860 2336 4914 agrum
2366 4860 2394 4897 a
2419 4845 2632 4897 tribulis
2661 4855 2714 4898 et
2745 4846 2937 4914 spinis.
2962 4861 2988 4895 a
3015 4847 3136 4900 vitae
3171 4847 3630 4904 sollicitudinibus

2064 4941 2115 4986 ct
2149 4935 2330 5002 pravis
2376 4934 2796 5004 cogitationibUs
2832 4935 3010 5003 ipsum
3049 4936 3463 5002 sull‘ocautibus,
3502 4955 3630 5007 pur-

2062 5024 2207 5093 gavi.
2243 5025 2596 5093 ligrediamur
2643 5036 2820 5079 autem
2853 5027 3204 5082 ostendentes
3231 5029 3304 5082 illi
3330 5030 3627 5098 spiritalem

2063 5116 2503 5184 conjunctionein
2554 5125 2797 5170 nostrain
2850 5119 2902 5171 in
2953 5120 3215 5171 virtutum
3259 5121 3505 5175 moribus
3536 5135 3630 5189 per

2061 5211 2329 5263 actionem
2389 5213 2681 5277 expressis.
2728 5207 3084 5276 Egredientes
3121 5226 3271 5275 vero,
3315 5223 3372 5266 ut
3420 5211 3624 5265 dictum

2059 5311 2161 5363 est,
2204 5313 2604 5352 commoremur
2656 5301 2708 5350 iii
2753 5299 2914 5364 villis,
2949 5301 3003 5352 in
3039 5303 3326 5355 animabus
3357 5316 3479 5371 quae
3528 5318 3631 5356 no-

2062 5394 2191 5444 mini
2229 5404 2338 5457 tuo,
2380 5401 2436 5444 ut
2466 5391 2606 5443 villa:
2635 5391 2846 5444 incolas
2872 5407 3024 5456 suos,
3054 5400 3282 5446 cunctas
3313 5392 3623 5461 intelligen-

2060 5486 2113 5538 di
2144 5484 2542 5554 appctcndiqiic
2569 5482 2838 5551 potentias
2863 5492 2915 5536 et
2943 5497 3138 5537 sensus
3157 5484 3208 5535 in
3234 5499 3401 5537 unum
3429 5498 3628 5551 cogen-

2062 5584 2142 5629 tes
2181 5574 2526 5628 dcdirai-uut.
2562 5572 2670 5626 llas
2705 5581 2759 5625 lu
2805 5572 3142 5626 domicilium
3180 5574 3274 5628 tibi
3319 5574 3371 5627 in
3418 5574 3624 5644 Spiritu

2062 5675 2253 5719 sancto
2284 5665 2610 5718 constitues.
2656 5660 2767 5731 Ego
2797 5673 2978 5715 autem
3013 5663 3123 5719 illis
3163 5681 3247 5719 me
3285 5665 3480 5733 ipsam,
3516 5681 3624 5735 quo

2062 5761 2155 5814 tibi
2190 5760 2459 5830 placeant,
2493 5770 2798 5834 exemplum
2843 5764 3129 5834 prtestabo.
3159 5758 3317 5814 Mane
3340 5776 3623 5830 surgamus

1992 4635 2034 4687 ο
