  <div class='ocr_page' id='page_1' title='image "/cluster/home/n/w/nwhite01/storage/ocr_20150623/122/nnc1.0046979611/341.png"; bbox 0 0 4424 6446; ppageno 0'>
   <div class='ocr_carea' id='block_1_1' title="bbox 777 388 884 454">
    <p class='ocr_par' dir='ltr' id='par_1_1' title="bbox 777 388 884 454">
     <span class='ocr_line' id='line_1_1' title="bbox 777 388 884 454; baseline 0.056 -5"><span class='ocrx_word' id='word_1_1' title='bbox 777 388 884 454; x_wconf 69' lang='grc'><strong>675</strong></span> 
     </span>
    </p>
   </div>
   <div class='ocr_carea' id='block_1_2' title="bbox 2074 377 2786 439">
    <p class='ocr_par' dir='ltr' id='par_1_2' title="bbox 2074 377 2786 439">
     <span class='ocr_line' id='line_1_2' title="bbox 2074 377 2786 439; baseline -0.004 0"><span class='ocrx_word' id='word_1_2' title='bbox 2074 377 2492 439; x_wconf 70' lang='lat' dir='ltr'><strong>MICIIAELIS</strong></span> <span class='ocrx_word' id='word_1_3' title='bbox 2525 377 2786 439; x_wconf 78' lang='lat' dir='ltr'><strong>PSELLI</strong></span> 
     </span>
    </p>
   </div>
   <div class='ocr_carea' id='block_1_3' title="bbox 3945 382 4047 448">
    <p class='ocr_par' dir='ltr' id='par_1_3' title="bbox 3945 382 4047 448">
     <span class='ocr_line' id='line_1_3' title="bbox 3945 382 4047 448; baseline 0.059 -6"><span class='ocrx_word' id='word_1_4' title='bbox 3945 382 4047 448; x_wconf 73' lang='lat'><strong>676</strong></span> 
     </span>
    </p>
   </div>
   <div class='ocr_carea' id='block_1_4' title="bbox 773 495 2520 574">
    <p class='ocr_par' dir='ltr' id='par_1_4' title="bbox 773 496 2520 574">
     <span class='ocr_line' id='line_1_4' title="bbox 773 496 2520 574; baseline -0.006 -15"><span class='ocrx_word' id='word_1_5' title='bbox 773 514 842 560; x_wconf 79' lang='lat' dir='ltr'><strong>ad</strong></span> <span class='ocrx_word' id='word_1_6' title='bbox 873 509 1050 560; x_wconf 83' lang='lat' dir='ltr'><strong>vineas</strong></span> <span class='ocrx_word' id='word_1_7' title='bbox 1085 523 1100 560; x_wconf 88' lang='lat'><strong><em>:</em></strong></span> <span class='ocrx_word' id='word_1_8' title='bbox 1146 515 1199 559; x_wconf 87' lang='grc' dir='ltr'>ιιι</span> <span class='ocrx_word' id='word_1_9' title='bbox 1236 505 1328 574; x_wconf 88' lang='lat' dir='ltr'><strong>qui</strong></span> <span class='ocrx_word' id='word_1_10' title='bbox 1353 517 1412 556; x_wconf 87' lang='lat' dir='ltr'><strong>cs</strong></span> <span class='ocrx_word' id='word_1_11' title='bbox 1437 501 1662 571; x_wconf 73' lang='lat' dir='ltr'><strong>iustitia:</strong></span> <span class='ocrx_word' id='word_1_12' title='bbox 1687 499 1790 564; x_wconf 90' lang='lat' dir='ltr'><strong>sol,</strong></span> <span class='ocrx_word' id='word_1_13' title='bbox 1828 497 2157 568; x_wconf 77' lang='lat' dir='ltr'><strong>cognitionis</strong></span> <span class='ocrx_word' id='word_1_14' title='bbox 2191 496 2364 550; x_wconf 68' lang='lat' dir='ltr'><strong>lucem</strong></span> <span class='ocrx_word' id='word_1_15' title='bbox 2398 505 2440 559; x_wconf 76' lang='grc' dir='ltr'><strong>Α</strong></span> <span class='ocrx_word' id='word_1_16' title='bbox 2475 513 2520 550; x_wconf 83' lang='grc' dir='ltr'><strong>σι</strong></span> 
     </span>
    </p>
   </div>
   <div class='ocr_carea' id='block_1_5' title="bbox 2296 495 4043 574">
    <p class='ocr_par' dir='ltr' id='par_1_5' title="bbox 2296 495 4043 567">
     <span class='ocr_line' id='line_1_5' title="bbox 2296 495 4043 567; baseline 0.002 -20"><span class='ocrx_word' id='word_1_17' title='bbox 2296 510 2364 548; x_wconf 66' lang='lat' dir='ltr'><strong>rm</strong></span> <span class='ocrx_word' id='word_1_18' title='bbox 2398 505 2440 559; x_wconf 77' lang='grc' dir='ltr'><strong>Α</strong></span> <span class='ocrx_word' id='word_1_19' title='bbox 2475 513 2565 550; x_wconf 92' lang='grc' dir='ltr'><strong>σου</strong></span> <span class='ocrx_word' id='word_1_20' title='bbox 2610 495 2668 546; x_wconf 80' lang='grc' dir='ltr'><strong>ἐν</strong></span> <span class='ocrx_word' id='word_1_21' title='bbox 2720 495 2858 564; x_wconf 82' lang='grc' dir='ltr'>ἁγίῳ</span> <span class='ocrx_word' id='word_1_22' title='bbox 2913 495 3186 564; x_wconf 83' lang='grc' dir='ltr'>Πνεύμσιτι</span> <span class='ocrx_word' id='word_1_23' title='bbox 3218 495 3420 559; x_wconf 83' lang='grc' dir='ltr'>ταύτας</span> <span class='ocrx_word' id='word_1_24' title='bbox 3465 496 3810 567; x_wconf 85' lang='grc' dir='ltr'>ποιούμενος,</span> <span class='ocrx_word' id='word_1_25' title='bbox 3854 499 3962 564; x_wconf 81' lang='grc' dir='ltr'><strong>ἐγὼ</strong></span> <span class='ocrx_word' id='word_1_26' title='bbox 3988 498 4043 550; x_wconf 81' lang='grc' dir='ltr'>δὲ</span> 
     </span>
    </p>
   </div>
   <div class='ocr_carea' id='block_1_6' title="bbox 775 585 2360 655">
    <p class='ocr_par' dir='ltr' id='par_1_6' title="bbox 775 585 2360 655">
     <span class='ocr_line' id='line_1_6' title="bbox 775 585 2360 655; baseline -0.008 -5"><span class='ocrx_word' id='word_1_27' title='bbox 775 599 1037 651; x_wconf 82' lang='lat' dir='ltr'><strong>emittens</strong></span> <span class='ocrx_word' id='word_1_28' title='bbox 1069 597 1122 649; x_wconf 92' lang='lat' dir='ltr'><strong>in</strong></span> <span class='ocrx_word' id='word_1_29' title='bbox 1167 589 1398 655; x_wconf 79' lang='lat' dir='ltr'><strong>animas,</strong></span> <span class='ocrx_word' id='word_1_30' title='bbox 1439 593 1682 646; x_wconf 90' lang='lat' dir='ltr'><strong>laborum</strong></span> <span class='ocrx_word' id='word_1_31' title='bbox 1727 589 1966 644; x_wconf 77' lang='lat' dir='ltr'><strong>fructum</strong></span> <span class='ocrx_word' id='word_1_32' title='bbox 2008 585 2242 641; x_wconf 80' lang='lat' dir='ltr'><strong>ferentes</strong></span> <span class='ocrx_word' id='word_1_33' title='bbox 2265 600 2360 653; x_wconf 89' lang='lat' dir='ltr'><strong>pa-</strong></span> 
     </span>
    </p>
   </div>
   <div class='ocr_carea' id='block_1_7' title="bbox 777 679 2358 756">
    <p class='ocr_par' dir='ltr' id='par_1_7' title="bbox 777 679 2358 756">
     <span class='ocr_line' id='line_1_7' title="bbox 777 679 2358 756; baseline -0.006 -15"><span class='ocrx_word' id='word_1_34' title='bbox 777 688 1052 751; x_wconf 88' lang='lat' dir='ltr'><strong>tientiam,</strong></span> <span class='ocrx_word' id='word_1_35' title='bbox 1113 701 1233 756; x_wconf 74' lang='lat' dir='ltr'><strong>qua:</strong></span> <span class='ocrx_word' id='word_1_36' title='bbox 1294 685 1450 754; x_wconf 78' lang='lat' dir='ltr'><strong>quasi</strong></span> <span class='ocrx_word' id='word_1_37' title='bbox 1494 685 1685 738; x_wconf 89' lang='lat' dir='ltr'><strong>botrus</strong></span> <span class='ocrx_word' id='word_1_38' title='bbox 1729 683 1951 752; x_wconf 91' lang='lat' dir='ltr'><strong>quidam</strong></span> <span class='ocrx_word' id='word_1_39' title='bbox 2017 695 2115 748; x_wconf 89' lang='lat' dir='ltr'><strong>per</strong></span> <span class='ocrx_word' id='word_1_40' title='bbox 2157 679 2358 732; x_wconf 91' lang='lat' dir='ltr'><strong>multas</strong></span> 
     </span>
    </p>
   </div>
   <div class='ocr_carea' id='block_1_8' title="bbox 780 769 2355 842">
    <p class='ocr_par' dir='ltr' id='par_1_8' title="bbox 780 769 2355 842">
     <span class='ocr_line' id='line_1_8' title="bbox 780 769 2355 842; baseline -0.006 -12"><span class='ocrx_word' id='word_1_41' title='bbox 780 777 1186 842; x_wconf 86' lang='lat' dir='ltr'><strong>tribulationes,</strong></span> <span class='ocrx_word' id='word_1_42' title='bbox 1209 774 1394 828; x_wconf 91' lang='lat' dir='ltr'><strong>vinum</strong></span> <span class='ocrx_word' id='word_1_43' title='bbox 1418 774 1700 841; x_wconf 71' lang='lat' dir='ltr'><strong>lcetiﬁcans</strong></span> <span class='ocrx_word' id='word_1_44' title='bbox 1727 789 1817 826; x_wconf 85' lang='lat' dir='ltr'><strong>cor</strong></span> <span class='ocrx_word' id='word_1_45' title='bbox 1841 770 2066 824; x_wconf 78' lang='lat' dir='ltr'><strong>hominis</strong></span> <span class='ocrx_word' id='word_1_46' title='bbox 2098 771 2145 802; x_wconf 84' lang='lat'><strong>&quot;’</strong></span> <span class='ocrx_word' id='word_1_47' title='bbox 2169 769 2355 831; x_wconf 90' lang='lat' dir='ltr'><strong>stillat,</strong></span> 
     </span>
    </p>
   </div>
   <div class='ocr_carea' id='block_1_9' title="bbox 781 861 2356 936">
    <p class='ocr_par' dir='ltr' id='par_1_9' title="bbox 781 861 2356 936">
     <span class='ocr_line' id='line_1_9' title="bbox 781 861 2356 936; baseline -0.008 -17"><span class='ocrx_word' id='word_1_48' title='bbox 781 877 1008 936; x_wconf 81' lang='lat' dir='ltr'><strong>propter</strong></span> <span class='ocrx_word' id='word_1_49' title='bbox 1057 879 1208 932; x_wconf 86' lang='lat' dir='ltr'><strong>spem</strong></span> <span class='ocrx_word' id='word_1_50' title='bbox 1249 863 1442 917; x_wconf 72' lang='lat' dir='ltr'><strong>futura:</strong></span> <span class='ocrx_word' id='word_1_51' title='bbox 1479 861 1940 916; x_wconf 76' lang='lat' dir='ltr'><strong>remunerationis</strong></span> <span class='ocrx_word' id='word_1_52' title='bbox 1984 877 1997 913; x_wconf 89' lang='lat'><strong>:</strong></span> <span class='ocrx_word' id='word_1_53' title='bbox 2044 873 2144 926; x_wconf 73' lang='lat' dir='ltr'><strong>ego</strong></span> <span class='ocrx_word' id='word_1_54' title='bbox 2177 865 2356 910; x_wconf 88' lang='lat' dir='ltr'><strong>autem</strong></span> 
     </span>
    </p>
   </div>
   <div class='ocr_carea' id='block_1_10' title="bbox 781 948 2358 1024">
    <p class='ocr_par' dir='ltr' id='par_1_10' title="bbox 781 948 2358 1024">
     <span class='ocr_line' id='line_1_10' title="bbox 781 948 2358 1024; baseline -0.004 -15"><span class='ocrx_word' id='word_1_55' title='bbox 781 953 1082 1009; x_wconf 87' lang='lat' dir='ltr'><strong>secundum</strong></span> <span class='ocrx_word' id='word_1_56' title='bbox 1112 954 1289 1024; x_wconf 90' lang='lat' dir='ltr'><strong>ipsum</strong></span> <span class='ocrx_word' id='word_1_57' title='bbox 1325 953 1458 1006; x_wconf 86' lang='lat' dir='ltr'><strong>solis</strong></span> <span class='ocrx_word' id='word_1_58' title='bbox 1488 961 1666 1006; x_wconf 91' lang='lat' dir='ltr'><strong>ortum</strong></span> <span class='ocrx_word' id='word_1_59' title='bbox 1701 951 1976 1021; x_wconf 66' lang='lat' dir='ltr'><strong>patientia:</strong></span> <span class='ocrx_word' id='word_1_60' title='bbox 2016 963 2194 1003; x_wconf 89' lang='lat' dir='ltr'><strong>mores</strong></span> <span class='ocrx_word' id='word_1_61' title='bbox 2237 948 2358 1002; x_wconf 88' lang='lat' dir='ltr'><strong>illos</strong></span> 
     </span>
    </p>
   </div>
   <div class='ocr_carea' id='block_1_11' title="bbox 780 1039 2360 1111">
    <p class='ocr_par' dir='ltr' id='par_1_11' title="bbox 780 1039 2360 1111">
     <span class='ocr_line' id='line_1_11' title="bbox 780 1039 2360 1111; baseline -0.008 -11"><span class='ocrx_word' id='word_1_62' title='bbox 780 1044 1078 1100; x_wconf 86' lang='lat' dir='ltr'><strong>ostendens</strong></span> <span class='ocrx_word' id='word_1_63' title='bbox 1107 1043 1354 1111; x_wconf 80' lang='lat' dir='ltr'><strong>exeiuplo</strong></span> <span class='ocrx_word' id='word_1_64' title='bbox 1393 1057 1530 1095; x_wconf 90' lang='lat' dir='ltr'><strong>meo.</strong></span> <span class='ocrx_word' id='word_1_65' title='bbox 1571 1041 1647 1095; x_wconf 89' lang='lat' dir='ltr'><strong>lta</strong></span> <span class='ocrx_word' id='word_1_66' title='bbox 1682 1057 1845 1109; x_wconf 87' lang='lat' dir='ltr'><strong>porro</strong></span> <span class='ocrx_word' id='word_1_67' title='bbox 1867 1046 2155 1109; x_wconf 78' lang='lat' dir='ltr'><strong>surgentes</strong></span> <span class='ocrx_word' id='word_1_68' title='bbox 2182 1039 2360 1090; x_wconf 79' lang='lat' dir='ltr'><strong>ridea-</strong></span> 
     </span>
    </p>
   </div>
   <div class='ocr_carea' id='block_1_12' title="bbox 780 1130 2358 1202">
    <p class='ocr_par' dir='ltr' id='par_1_12' title="bbox 780 1130 2358 1202">
     <span class='ocr_line' id='line_1_12' title="bbox 780 1130 2358 1202; baseline -0.004 -14"><span class='ocrx_word' id='word_1_69' title='bbox 780 1152 916 1198; x_wconf 83' lang='lat' dir='ltr'><strong>mus,</strong></span> <span class='ocrx_word' id='word_1_70' title='bbox 955 1153 1021 1188; x_wconf 86' lang='lat' dir='ltr'><strong>an</strong></span> <span class='ocrx_word' id='word_1_71' title='bbox 1053 1133 1291 1202; x_wconf 81' lang='lat' dir='ltr'><strong>ﬂoruerit</strong></span> <span class='ocrx_word' id='word_1_72' title='bbox 1328 1134 1496 1193; x_wconf 84' lang='lat' dir='ltr'><strong>vinea,</strong></span> <span class='ocrx_word' id='word_1_73' title='bbox 1525 1150 1590 1185; x_wconf 85' lang='lat' dir='ltr'><strong>an</strong></span> <span class='ocrx_word' id='word_1_74' title='bbox 1620 1149 1828 1201; x_wconf 83' lang='lat' dir='ltr'><strong>germen</strong></span> <span class='ocrx_word' id='word_1_75' title='bbox 1857 1132 2119 1201; x_wconf 83' lang='lat' dir='ltr'><strong>ﬂoruerit,</strong></span> <span class='ocrx_word' id='word_1_76' title='bbox 2151 1148 2217 1183; x_wconf 86' lang='lat' dir='ltr'><strong>an</strong></span> <span class='ocrx_word' id='word_1_77' title='bbox 2258 1130 2358 1198; x_wconf 78' lang='lat' dir='ltr'><strong>flo-</strong></span> 
     </span>
    </p>
   </div>
   <div class='ocr_carea' id='block_1_13' title="bbox 783 1223 2354 1292">
    <p class='ocr_par' dir='ltr' id='par_1_13' title="bbox 783 1223 2354 1292">
     <span class='ocr_line' id='line_1_13' title="bbox 783 1223 2354 1292; baseline -0.005 -11"><span class='ocrx_word' id='word_1_78' title='bbox 783 1228 985 1281; x_wconf 80' lang='lat' dir='ltr'><strong>ruerint</strong></span> <span class='ocrx_word' id='word_1_79' title='bbox 1019 1228 1161 1276; x_wconf 87' lang='lat' dir='ltr'><strong>mala</strong></span> <span class='ocrx_word' id='word_1_80' title='bbox 1193 1225 1386 1291; x_wconf 82' lang='lat' dir='ltr'><strong>punica</strong></span> <span class='ocrx_word' id='word_1_81' title='bbox 1414 1241 1431 1277; x_wconf 92' lang='lat'><strong><em>:</em></strong></span> <span class='ocrx_word' id='word_1_82' title='bbox 1463 1225 1872 1292; x_wconf 86' lang='lat' dir='ltr'><strong>conspiciamus</strong></span> <span class='ocrx_word' id='word_1_83' title='bbox 1904 1233 2016 1276; x_wconf 90' lang='lat' dir='ltr'><strong>tum</strong></span> <span class='ocrx_word' id='word_1_84' title='bbox 2046 1223 2162 1292; x_wconf 91' lang='lat' dir='ltr'><strong>ipse</strong></span> <span class='ocrx_word' id='word_1_85' title='bbox 2191 1223 2354 1292; x_wconf 79' lang='lat' dir='ltr'><strong>quiin</strong></span> 
     </span>
    </p>
   </div>
   <div class='ocr_carea' id='block_1_14' title="bbox 783 1314 2355 1384">
    <p class='ocr_par' dir='ltr' id='par_1_14' title="bbox 783 1314 2355 1384">
     <span class='ocr_line' id='line_1_14' title="bbox 783 1314 2355 1384; baseline -0.004 -12"><span class='ocrx_word' id='word_1_86' title='bbox 783 1318 1113 1378; x_wconf 83' lang='lat' dir='ltr'><strong>abscondito</strong></span> <span class='ocrx_word' id='word_1_87' title='bbox 1141 1315 1317 1382; x_wconf 85' lang='lat' dir='ltr'><strong>vides,</strong></span> <span class='ocrx_word' id='word_1_88' title='bbox 1352 1324 1464 1368; x_wconf 91' lang='lat' dir='ltr'><strong>tum</strong></span> <span class='ocrx_word' id='word_1_89' title='bbox 1487 1330 1587 1384; x_wconf 80' lang='lat' dir='ltr'><strong>ego</strong></span> <span class='ocrx_word' id='word_1_90' title='bbox 1606 1331 1726 1384; x_wconf 65' lang='lat' dir='ltr'><strong>qum</strong></span> <span class='ocrx_word' id='word_1_91' title='bbox 1754 1317 1806 1368; x_wconf 92' lang='lat' dir='ltr'><strong>in</strong></span> <span class='ocrx_word' id='word_1_92' title='bbox 1835 1314 2142 1375; x_wconf 78' lang='lat' dir='ltr'><strong>manifesto,</strong></span> <span class='ocrx_word' id='word_1_93' title='bbox 2175 1322 2355 1366; x_wconf 90' lang='lat' dir='ltr'><strong>utrum</strong></span> 
     </span>
    </p>
   </div>
   <div class='ocr_carea' id='block_1_15' title="bbox 785 1406 2356 1478">
    <p class='ocr_par' dir='ltr' id='par_1_15' title="bbox 785 1406 2356 1478">
     <span class='ocr_line' id='line_1_15' title="bbox 785 1406 2356 1478; baseline 0.001 -18"><span class='ocrx_word' id='word_1_94' title='bbox 785 1409 1178 1478; x_wconf 83' lang='lat' dir='ltr'><strong>discipularum</strong></span> <span class='ocrx_word' id='word_1_95' title='bbox 1210 1423 1240 1461; x_wconf 89' lang='lat' dir='ltr'><strong>a</strong></span> <span class='ocrx_word' id='word_1_96' title='bbox 1265 1423 1349 1461; x_wconf 89' lang='lat' dir='ltr'><strong>me</strong></span> <span class='ocrx_word' id='word_1_97' title='bbox 1380 1408 1753 1462; x_wconf 87' lang='lat' dir='ltr'><strong>institutarum</strong></span> <span class='ocrx_word' id='word_1_98' title='bbox 1785 1406 1914 1460; x_wconf 85' lang='lat' dir='ltr'><strong>ﬁdes</strong></span> <span class='ocrx_word' id='word_1_99' title='bbox 1945 1407 1964 1477; x_wconf 92' lang='lat'>(</span> <span class='ocrx_word' id='word_1_100' title='bbox 1995 1422 2115 1476; x_wconf 75' lang='lat' dir='ltr'><strong>qua:</strong></span> <span class='ocrx_word' id='word_1_101' title='bbox 2143 1415 2200 1458; x_wconf 92' lang='lat' dir='ltr'><strong>ut</strong></span> <span class='ocrx_word' id='word_1_102' title='bbox 2231 1406 2356 1461; x_wconf 81' lang='lat' dir='ltr'><strong>ritis</strong></span> 
     </span>
    </p>
   </div>
   <div class='ocr_carea' id='block_1_16' title="bbox 785 1495 2354 1569">
    <p class='ocr_par' dir='ltr' id='par_1_16' title="bbox 785 1495 2354 1569">
     <span class='ocr_line' id='line_1_16' title="bbox 785 1495 2354 1569; baseline -0.003 -17"><span class='ocrx_word' id='word_1_103' title='bbox 785 1503 836 1552; x_wconf 91' lang='lat' dir='ltr'><strong>iu</strong></span> <span class='ocrx_word' id='word_1_104' title='bbox 867 1500 1141 1569; x_wconf 80' lang='lat' dir='ltr'><strong>palmites,</strong></span> <span class='ocrx_word' id='word_1_105' title='bbox 1172 1500 1250 1555; x_wconf 90' lang='lat' dir='ltr'><strong>sic</strong></span> <span class='ocrx_word' id='word_1_106' title='bbox 1277 1499 1396 1568; x_wconf 83' lang='lat' dir='ltr'><strong>ipsa</strong></span> <span class='ocrx_word' id='word_1_107' title='bbox 1428 1499 1482 1552; x_wconf 92' lang='lat' dir='ltr'><strong>in</strong></span> <span class='ocrx_word' id='word_1_108' title='bbox 1513 1499 1695 1552; x_wconf 75' lang='lat' dir='ltr'><strong>varias</strong></span> <span class='ocrx_word' id='word_1_109' title='bbox 1727 1498 1960 1552; x_wconf 89' lang='lat' dir='ltr'><strong>virtutes</strong></span> <span class='ocrx_word' id='word_1_110' title='bbox 1990 1495 2354 1563; x_wconf 65' lang='lat' dir='ltr'><strong>diﬂuntlit&#39;ur)</strong></span> 
     </span>
    </p>
   </div>
   <div class='ocr_carea' id='block_1_17' title="bbox 779 1585 2355 1658">
    <p class='ocr_par' dir='ltr' id='par_1_17' title="bbox 779 1585 2355 1658">
     <span class='ocr_line' id='line_1_17' title="bbox 779 1585 2355 1658; baseline -0.003 -14"><span class='ocrx_word' id='word_1_111' title='bbox 779 1590 1031 1646; x_wconf 89' lang='lat' dir='ltr'><strong>ﬂoruerit</strong></span> <span class='ocrx_word' id='word_1_112' title='bbox 1076 1591 1223 1644; x_wconf 87' lang='lat' dir='ltr'><strong>intus</strong></span> <span class='ocrx_word' id='word_1_113' title='bbox 1267 1589 1484 1658; x_wconf 87' lang='lat' dir='ltr'><strong>quidem</strong></span> <span class='ocrx_word' id='word_1_114' title='bbox 1525 1603 1619 1658; x_wconf 91' lang='lat' dir='ltr'><strong>per</strong></span> <span class='ocrx_word' id='word_1_115' title='bbox 1668 1588 1914 1642; x_wconf 85' lang='lat' dir='ltr'><strong>habitum</strong></span> <span class='ocrx_word' id='word_1_116' title='bbox 1949 1603 2014 1642; x_wconf 84' lang='lat' dir='ltr'><strong>ex</strong></span> <span class='ocrx_word' id='word_1_117' title='bbox 2051 1585 2355 1641; x_wconf 83' lang='lat' dir='ltr'><strong>rationibus</strong></span> 
     </span>
    </p>
   </div>
   <div class='ocr_carea' id='block_1_18' title="bbox 778 1677 2355 1747">
    <p class='ocr_par' dir='ltr' id='par_1_18' title="bbox 778 1677 2355 1747">
     <span class='ocr_line' id='line_1_18' title="bbox 778 1677 2355 1747; baseline -0.004 -10"><span class='ocrx_word' id='word_1_118' title='bbox 778 1684 1064 1747; x_wconf 71' lang='lat' dir='ltr'><strong>virtutum,</strong></span> <span class='ocrx_word' id='word_1_119' title='bbox 1119 1679 1253 1734; x_wconf 73' lang='lat' dir='ltr'><strong>toris</strong></span> <span class='ocrx_word' id='word_1_120' title='bbox 1302 1689 1480 1733; x_wconf 89' lang='lat' dir='ltr'><strong>autem</strong></span> <span class='ocrx_word' id='word_1_121' title='bbox 1522 1693 1620 1747; x_wconf 92' lang='lat' dir='ltr'><strong>per</strong></span> <span class='ocrx_word' id='word_1_122' title='bbox 1672 1680 1941 1733; x_wconf 83' lang='lat' dir='ltr'><strong>actionem</strong></span> <span class='ocrx_word' id='word_1_123' title='bbox 1993 1693 2058 1732; x_wconf 84' lang='lat' dir='ltr'><strong>ex</strong></span> <span class='ocrx_word' id='word_1_124' title='bbox 2108 1677 2355 1731; x_wconf 89' lang='lat' dir='ltr'><strong>moribus</strong></span> 
     </span>
    </p>
   </div>
   <div class='ocr_carea' id='block_1_19' title="bbox 782 1767 2357 1843">
    <p class='ocr_par' dir='ltr' id='par_1_19' title="bbox 782 1767 2357 1843">
     <span class='ocr_line' id='line_1_19' title="bbox 782 1767 2357 1843; baseline -0.006 -15"><span class='ocrx_word' id='word_1_125' title='bbox 782 1786 943 1843; x_wconf 88' lang='lat' dir='ltr'><strong>atque</strong></span> <span class='ocrx_word' id='word_1_126' title='bbox 973 1771 1244 1826; x_wconf 86' lang='lat' dir='ltr'><strong>institutis</strong></span> <span class='ocrx_word' id='word_1_127' title='bbox 1275 1772 1540 1839; x_wconf 88' lang='lat' dir='ltr'><strong>ipsarmn.</strong></span> <span class='ocrx_word' id='word_1_128' title='bbox 1579 1767 1712 1821; x_wconf 78' lang='lat' dir='ltr'><strong>Nam</strong></span> <span class='ocrx_word' id='word_1_129' title='bbox 1736 1771 1929 1823; x_wconf 65' lang='lat' dir='ltr'><strong>animae</strong></span> <span class='ocrx_word' id='word_1_130' title='bbox 1959 1767 2058 1823; x_wconf 90' lang='lat' dir='ltr'><strong>ﬂos</strong></span> <span class='ocrx_word' id='word_1_131' title='bbox 2087 1784 2151 1822; x_wconf 80' lang='lat' dir='ltr'><strong>ex</strong></span> <span class='ocrx_word' id='word_1_132' title='bbox 2183 1768 2357 1821; x_wconf 83' lang='lat' dir='ltr'><strong>virtu-</strong></span> 
     </span>
    </p>
   </div>
   <div class='ocr_carea' id='block_1_20' title="bbox 2465 586 4039 660">
    <p class='ocr_par' dir='ltr' id='par_1_20' title="bbox 2465 586 4039 660">
     <span class='ocr_line' id='line_1_20' title="bbox 2465 586 4039 660; baseline -0.001 -20"><span class='ocrx_word' id='word_1_133' title='bbox 2465 586 2710 656; x_wconf 78' lang='grc' dir='ltr'>ἐμαυτὴν</span> <span class='ocrx_word' id='word_1_134' title='bbox 2751 586 3082 655; x_wconf 72' lang='grc' dir='ltr'>παριστῶσα</span> <span class='ocrx_word' id='word_1_135' title='bbox 3111 586 3336 650; x_wconf 73' lang='grc' dir='ltr'>ταύταις</span> <span class='ocrx_word' id='word_1_136' title='bbox 3379 588 3730 659; x_wconf 84' lang='grc' dir='ltr'>παράδειγμα</span> <span class='ocrx_word' id='word_1_137' title='bbox 3764 591 3899 658; x_wconf 75' lang='grc' dir='ltr'>πρὸς</span> <span class='ocrx_word' id='word_1_138' title='bbox 3940 593 4039 660; x_wconf 80' lang='grc' dir='ltr'>σὴν</span> 
     </span>
    </p>
   </div>
   <div class='ocr_carea' id='block_1_21' title="bbox 2465 675 4042 748">
    <p class='ocr_par' dir='ltr' id='par_1_21' title="bbox 2465 675 4042 748">
     <span class='ocr_line' id='line_1_21' title="bbox 2465 675 4042 748; baseline 0 -18"><span class='ocrx_word' id='word_1_139' title='bbox 2465 678 2848 748; x_wconf 73' lang='grc' dir='ltr'><strong>εὐαρέστησιν.</strong></span> <span class='ocrx_word' id='word_1_140' title='bbox 2887 675 3286 745; x_wconf 81' lang='grc' dir='ltr'>Ὀρθρίσωμεν</span> <span class='ocrx_word' id='word_1_141' title='bbox 3317 679 3404 741; x_wconf 74' lang='grc' dir='ltr'>εἰς</span> <span class='ocrx_word' id='word_1_142' title='bbox 3445 676 3802 745; x_wconf 76' lang='grc' dir='ltr'><strong>ἀμπελῶνας</strong></span> <span class='ocrx_word' id='word_1_143' title='bbox 3829 693 3841 707; x_wconf 81' lang='grc'><strong><em>⁸</em></strong></span> <span class='ocrx_word' id='word_1_144' title='bbox 3881 678 4042 740; x_wconf 72' lang='grc' dir='ltr'>αὐτὸς</span> 
     </span>
    </p>
   </div>
   <div class='ocr_carea' id='block_1_22' title="bbox 2467 768 4043 840">
    <p class='ocr_par' dir='ltr' id='par_1_22' title="bbox 2467 768 4043 840">
     <span class='ocr_line' id='line_1_22' title="bbox 2467 768 4043 840; baseline 0.001 -18"><span class='ocrx_word' id='word_1_145' title='bbox 2467 771 2566 839; x_wconf 82' lang='grc' dir='ltr'><strong>μὲν</strong></span> <span class='ocrx_word' id='word_1_146' title='bbox 2592 771 2620 822; x_wconf 86' lang='grc' dir='ltr'>ὀ</span> <span class='ocrx_word' id='word_1_147' title='bbox 2650 769 2836 830; x_wconf 84' lang='grc' dir='ltr'>Ἥλιος</span> <span class='ocrx_word' id='word_1_148' title='bbox 2861 768 2962 837; x_wconf 85' lang='grc' dir='ltr'><strong>τῆς</strong></span> <span class='ocrx_word' id='word_1_149' title='bbox 2999 768 3366 840; x_wconf 82' lang='grc' dir='ltr'><strong>δικαιοσύνης,</strong></span> <span class='ocrx_word' id='word_1_150' title='bbox 3408 768 3714 822; x_wconf 76' lang='grc' dir='ltr'><strong>ἀνατέλλων</strong></span> <span class='ocrx_word' id='word_1_151' title='bbox 3749 768 3863 836; x_wconf 76' lang='grc' dir='ltr'>φῶς</span> <span class='ocrx_word' id='word_1_152' title='bbox 3905 768 4043 836; x_wconf 83' lang='grc' dir='ltr'><strong>γνὼ-</strong></span> 
     </span>
    </p>
   </div>
   <div class='ocr_carea' id='block_1_23' title="bbox 2465 858 4042 929">
    <p class='ocr_par' dir='ltr' id='par_1_23' title="bbox 2465 858 4042 929">
     <span class='ocr_line' id='line_1_23' title="bbox 2465 858 4042 929; baseline -0.001 -18"><span class='ocrx_word' id='word_1_153' title='bbox 2465 877 2604 922; x_wconf 86' lang='grc' dir='ltr'>σεως</span> <span class='ocrx_word' id='word_1_154' title='bbox 2653 862 2776 923; x_wconf 87' lang='grc' dir='ltr'>ταῖς</span> <span class='ocrx_word' id='word_1_155' title='bbox 2812 859 3287 929; x_wconf 78' lang='grc' dir='ltr'>καρποφορούσαις</span> <span class='ocrx_word' id='word_1_156' title='bbox 3339 859 3542 928; x_wconf 74' lang='grc' dir='ltr'>ψυχαῖς</span> <span class='ocrx_word' id='word_1_157' title='bbox 3576 858 3673 928; x_wconf 77' lang='grc' dir='ltr'>τὴν</span> <span class='ocrx_word' id='word_1_158' title='bbox 3706 859 3814 911; x_wconf 89' lang='grc' dir='ltr'><strong>τῶν</strong></span> <span class='ocrx_word' id='word_1_159' title='bbox 3864 858 4042 910; x_wconf 88' lang='grc' dir='ltr'>πόνων</span> 
     </span>
    </p>
   </div>
   <div class='ocr_carea' id='block_1_24' title="bbox 2471 947 4040 1020">
    <p class='ocr_par' dir='ltr' id='par_1_24' title="bbox 2471 947 4040 1020">
     <span class='ocr_line' id='line_1_24' title="bbox 2471 947 4040 1020; baseline -0.002 -18"><span class='ocrx_word' id='word_1_160' title='bbox 2471 951 2750 1020; x_wconf 84' lang='grc' dir='ltr'>ὑπομονήν</span> <span class='ocrx_word' id='word_1_161' title='bbox 2772 967 2784 981; x_wconf 76' lang='grc'><em>’</em></span> <span class='ocrx_word' id='word_1_162' title='bbox 2819 951 2941 1020; x_wconf 76' lang='grc' dir='ltr'>ἥτις</span> <span class='ocrx_word' id='word_1_163' title='bbox 2973 950 3048 1012; x_wconf 89' lang='grc' dir='ltr'><strong>ῶς</strong></span> <span class='ocrx_word' id='word_1_164' title='bbox 3087 967 3170 1013; x_wconf 88' lang='grc' dir='ltr'><strong>τις</strong></span> <span class='ocrx_word' id='word_1_165' title='bbox 3201 949 3396 1019; x_wconf 82' lang='grc' dir='ltr'><strong>βότρυς</strong></span> <span class='ocrx_word' id='word_1_166' title='bbox 3425 949 3521 1002; x_wconf 79' lang='grc' dir='ltr'>’διὰ</span> <span class='ocrx_word' id='word_1_167' title='bbox 3562 949 3774 1002; x_wconf 81' lang='grc' dir='ltr'>πολλῶν</span> <span class='ocrx_word' id='word_1_168' title='bbox 3808 947 4040 1017; x_wconf 76' lang='grc' dir='ltr'><strong>θλίψεων</strong></span> 
     </span>
    </p>
   </div>
   <div class='ocr_carea' id='block_1_25' title="bbox 2463 1038 4038 1110">
    <p class='ocr_par' dir='ltr' id='par_1_25' title="bbox 2463 1038 4038 1110">
     <span class='ocr_line' id='line_1_25' title="bbox 2463 1038 4038 1110; baseline -0.003 -16"><span class='ocrx_word' id='word_1_169' title='bbox 2463 1040 2762 1103; x_wconf 77' lang='grc' dir='ltr'>ἀποστάζει</span> <span class='ocrx_word' id='word_1_170' title='bbox 2789 1040 2878 1092; x_wconf 85' lang='grc' dir='ltr'><strong>τὸν</strong></span> <span class='ocrx_word' id='word_1_171' title='bbox 2913 1040 3002 1092; x_wconf 76' lang='grc' dir='ltr'>διὰ</span> <span class='ocrx_word' id='word_1_172' title='bbox 3051 1039 3148 1110; x_wconf 82' lang='grc' dir='ltr'><strong>τὴν</strong></span> <span class='ocrx_word' id='word_1_173' title='bbox 3183 1038 3374 1093; x_wconf 81' lang='grc' dir='ltr'>ἐλπίδα</span> <span class='ocrx_word' id='word_1_174' title='bbox 3421 1041 3521 1109; x_wconf 84' lang='grc' dir='ltr'><strong>τῆς</strong></span> <span class='ocrx_word' id='word_1_175' title='bbox 3554 1039 3852 1110; x_wconf 80' lang='grc' dir='ltr'>μελλούσης</span> <span class='ocrx_word' id='word_1_176' title='bbox 3886 1039 4038 1109; x_wconf 71' lang='grc' dir='ltr'>μισθι</span> 
     </span>
    </p>
   </div>
   <div class='ocr_carea' id='block_1_26' title="bbox 2465 1124 4038 1198">
    <p class='ocr_par' dir='ltr' id='par_1_26' title="bbox 2465 1124 4038 1198">
     <span class='ocr_line' id='line_1_26' title="bbox 2465 1124 4038 1198; baseline -0.002 -16"><span class='ocrx_word' id='word_1_177' title='bbox 2465 1129 2756 1192; x_wconf 84' lang='grc' dir='ltr'>αποδοσίας</span> <span class='ocrx_word' id='word_1_178' title='bbox 2786 1129 3187 1198; x_wconf 63' lang='grc' dir='ltr'>εὐφραντικὸν</span> <span class='ocrx_word' id='word_1_179' title='bbox 3206 1127 3313 1196; x_wconf 82' lang='grc' dir='ltr'>τῆς</span> <span class='ocrx_word' id='word_1_180' title='bbox 3348 1129 3594 1197; x_wconf 82' lang='grc' dir='ltr'><strong>καρδίας</strong></span> <span class='ocrx_word' id='word_1_181' title='bbox 3617 1124 3784 1182; x_wconf 76' lang='grc' dir='ltr'>οἶνον</span> <span class='ocrx_word' id='word_1_182' title='bbox 3803 1143 3817 1158; x_wconf 76' lang='grc' dir='ltr'><strong>ο</strong></span> <span class='ocrx_word' id='word_1_183' title='bbox 3845 1125 3956 1196; x_wconf 84' lang='grc' dir='ltr'>ἐγὼ</span> <span class='ocrx_word' id='word_1_184' title='bbox 3981 1127 4038 1180; x_wconf 80' lang='grc' dir='ltr'>δὲ</span> 
     </span>
    </p>
   </div>
   <div class='ocr_carea' id='block_1_27' title="bbox 2465 1219 4039 1291">
    <p class='ocr_par' dir='ltr' id='par_1_27' title="bbox 2465 1219 4039 1291">
     <span class='ocr_line' id='line_1_27' title="bbox 2465 1219 4039 1291; baseline -0.002 -18"><span class='ocrx_word' id='word_1_185' title='bbox 2465 1221 2606 1273; x_wconf 81' lang='grc' dir='ltr'>κατὰ</span> <span class='ocrx_word' id='word_1_186' title='bbox 2655 1220 2754 1291; x_wconf 81' lang='grc' dir='ltr'><strong>τὴν</strong></span> <span class='ocrx_word' id='word_1_187' title='bbox 2802 1221 3101 1291; x_wconf 77' lang='grc' dir='ltr'>εἰρημένην</span> <span class='ocrx_word' id='word_1_188' title='bbox 3144 1221 3444 1290; x_wconf 79' lang='grc' dir='ltr'>ἀνατολὴν,</span> <span class='ocrx_word' id='word_1_189' title='bbox 3498 1220 3624 1282; x_wconf 71' lang='grc' dir='ltr'>τοὺς</span> <span class='ocrx_word' id='word_1_190' title='bbox 3673 1219 3907 1289; x_wconf 80' lang='grc' dir='ltr'><strong>τρόπους</strong></span> <span class='ocrx_word' id='word_1_191' title='bbox 3940 1219 4039 1288; x_wconf 89' lang='grc' dir='ltr'><strong>τῆς</strong></span> 
     </span>
    </p>
   </div>
   <div class='ocr_carea' id='block_1_28' title="bbox 2468 1312 4042 1382">
    <p class='ocr_par' dir='ltr' id='par_1_28' title="bbox 2468 1312 4042 1382">
     <span class='ocr_line' id='line_1_28' title="bbox 2468 1312 4042 1382; baseline -0.002 -17"><span class='ocrx_word' id='word_1_192' title='bbox 2468 1313 2748 1382; x_wconf 78' lang='grc' dir='ltr'>ὑπομονῆς</span> <span class='ocrx_word' id='word_1_193' title='bbox 2792 1312 3019 1376; x_wconf 82' lang='grc' dir='ltr'>ταύταις</span> <span class='ocrx_word' id='word_1_194' title='bbox 3047 1313 3474 1366; x_wconf 79' lang='grc' dir='ltr'>ὑποδεικνύουσα</span> <span class='ocrx_word' id='word_1_195' title='bbox 3515 1312 3593 1382; x_wconf 86' lang='grc' dir='ltr'>τῷ</span> <span class='ocrx_word' id='word_1_196' title='bbox 3635 1312 3756 1365; x_wconf 80' lang='grc' dir='ltr'>κατ’</span> <span class='ocrx_word' id='word_1_197' title='bbox 3807 1312 3907 1380; x_wconf 80' lang='grc' dir='ltr'>ἐμὲ</span> <span class='ocrx_word' id='word_1_198' title='bbox 3941 1328 4042 1362; x_wconf 87' lang='grc' dir='ltr'>πα-</span> 
     </span>
    </p>
   </div>
   <div class='ocr_carea' id='block_1_29' title="bbox 2469 1402 4043 1476">
    <p class='ocr_par' dir='ltr' id='par_1_29' title="bbox 2469 1402 4043 1476">
     <span class='ocr_line' id='line_1_29' title="bbox 2469 1402 4043 1476; baseline 0.001 -20"><span class='ocrx_word' id='word_1_199' title='bbox 2469 1406 2808 1476; x_wconf 83' lang='grc' dir='ltr'>ρ;.δείγματι.</span> <span class='ocrx_word' id='word_1_200' title='bbox 2837 1405 3102 1469; x_wconf 75' lang='grc' dir='ltr'>Οὕτως-δέ</span> <span class='ocrx_word' id='word_1_201' title='bbox 3134 1402 3766 1476; x_wconf 76' lang='grc' dir='ltr'>ὀρθρίσαντες,”Ῑδωμεν</span> <span class='ocrx_word' id='word_1_202' title='bbox 3786 1405 3836 1456; x_wconf 83' lang='grc' dir='ltr'>εὶ</span> <span class='ocrx_word' id='word_1_203' title='bbox 3859 1402 4043 1470; x_wconf 78' lang='grc' dir='ltr'>ἤνθη-</span> 
     </span>
    </p>
   </div>
   <div class='ocr_carea' id='block_1_30' title="bbox 2463 1495 4042 1566">
    <p class='ocr_par' dir='ltr' id='par_1_30' title="bbox 2463 1495 4042 1566">
     <span class='ocr_line' id='line_1_30' title="bbox 2463 1495 4042 1566; baseline -0.003 -16"><span class='ocrx_word' id='word_1_204' title='bbox 2463 1514 2575 1550; x_wconf 80' lang='grc' dir='ltr'>σεν</span> <span class='ocrx_word' id='word_1_205' title='bbox 2619 1498 2657 1564; x_wconf 74' lang='grc' dir='ltr'><strong><em>ἡ</em></strong></span> <span class='ocrx_word' id='word_1_206' title='bbox 2689 1497 2976 1566; x_wconf 73' lang='grc' dir='ltr'>ἄμπελος,</span> <span class='ocrx_word' id='word_1_207' title='bbox 3000 1497 3274 1565; x_wconf 74' lang='grc' dir='ltr'>ἤνθησεν</span> <span class='ocrx_word' id='word_1_208' title='bbox 3313 1498 3345 1550; x_wconf 84' lang='grc' dir='ltr'><strong>ό</strong></span> <span class='ocrx_word' id='word_1_209' title='bbox 3374 1496 3730 1564; x_wconf 83' lang='grc' dir='ltr'>κυπρισμὸς,</span> <span class='ocrx_word' id='word_1_210' title='bbox 3762 1495 4042 1563; x_wconf 73' lang='grc' dir='ltr'>ἤνθησαν</span> 
     </span>
    </p>
   </div>
   <div class='ocr_carea' id='block_1_31' title="bbox 2463 1582 4041 1658">
    <p class='ocr_par' dir='ltr' id='par_1_31' title="bbox 2463 1582 4041 1658">
     <span class='ocr_line' id='line_1_31' title="bbox 2463 1582 4041 1658; baseline -0.005 -16"><span class='ocrx_word' id='word_1_211' title='bbox 2463 1591 2520 1642; x_wconf 77' lang='grc' dir='ltr'>αἱ</span> <span class='ocrx_word' id='word_1_212' title='bbox 2547 1589 2686 1655; x_wconf 82' lang='grc' dir='ltr'>ῥοαί</span> <span class='ocrx_word' id='word_1_213' title='bbox 2712 1605 2725 1620; x_wconf 74' lang='grc' dir='ltr'><strong>ο</strong></span> <span class='ocrx_word' id='word_1_214' title='bbox 2759 1590 2898 1658; x_wconf 72' lang='grc' dir='ltr'>ἤτοι,</span> <span class='ocrx_word' id='word_1_215' title='bbox 2932 1587 3267 1657; x_wconf 83' lang='grc' dir='ltr'>Θεασώμεθα</span> <span class='ocrx_word' id='word_1_216' title='bbox 3315 1587 3380 1639; x_wconf 91' lang='grc' dir='ltr'><strong>σύ</strong></span> <span class='ocrx_word' id='word_1_217' title='bbox 3420 1603 3478 1639; x_wconf 88' lang='grc' dir='ltr'><strong>τε</strong></span> <span class='ocrx_word' id='word_1_218' title='bbox 3531 1588 3559 1640; x_wconf 84' lang='grc' dir='ltr'>ὁ</span> <span class='ocrx_word' id='word_1_219' title='bbox 3587 1586 3645 1639; x_wconf 80' lang='grc' dir='ltr'><strong>ἐν</strong></span> <span class='ocrx_word' id='word_1_220' title='bbox 3691 1587 3769 1655; x_wconf 84' lang='grc' dir='ltr'><strong>τῷ</strong></span> <span class='ocrx_word' id='word_1_221' title='bbox 3815 1582 4041 1653; x_wconf 83' lang='grc' dir='ltr'>κρυπτῷ</span> 
     </span>
    </p>
   </div>
   <div class='ocr_carea' id='block_1_32' title="bbox 2465 1674 4039 1746">
    <p class='ocr_par' dir='ltr' id='par_1_32' title="bbox 2465 1674 4039 1746">
     <span class='ocr_line' id='line_1_32' title="bbox 2465 1674 4039 1746; baseline -0.001 -18"><span class='ocrx_word' id='word_1_222' title='bbox 2465 1677 2677 1744; x_wconf 82' lang='grc' dir='ltr'><strong>βλέπων</strong></span> <span class='ocrx_word' id='word_1_223' title='bbox 2699 1717 2713 1740; x_wconf 96' lang='grc'><strong>,</strong></span> <span class='ocrx_word' id='word_1_224' title='bbox 2763 1675 2916 1744; x_wconf 81' lang='grc' dir='ltr'>κάγὼ</span> <span class='ocrx_word' id='word_1_225' title='bbox 2963 1677 2998 1746; x_wconf 85' lang='grc' dir='ltr'>ὴ</span> <span class='ocrx_word' id='word_1_226' title='bbox 3044 1677 3101 1730; x_wconf 86' lang='grc' dir='ltr'><strong>ἐν</strong></span> <span class='ocrx_word' id='word_1_227' title='bbox 3129 1676 3206 1746; x_wconf 84' lang='grc' dir='ltr'>τῷ</span> <span class='ocrx_word' id='word_1_228' title='bbox 3241 1674 3459 1746; x_wconf 85' lang='grc' dir='ltr'>φανερῷ</span> <span class='ocrx_word' id='word_1_229' title='bbox 3482 1716 3498 1739; x_wconf 95' lang='grc'><strong>,</strong></span> <span class='ocrx_word' id='word_1_230' title='bbox 3529 1676 3623 1728; x_wconf 79' lang='grc' dir='ltr'>ἐὰν</span> <span class='ocrx_word' id='word_1_231' title='bbox 3651 1676 3684 1743; x_wconf 83' lang='grc' dir='ltr'>ἡ</span> <span class='ocrx_word' id='word_1_232' title='bbox 3729 1675 3808 1735; x_wconf 83' lang='grc' dir='ltr'><strong>είς</strong></span> <span class='ocrx_word' id='word_1_233' title='bbox 3840 1675 3898 1727; x_wconf 83' lang='grc' dir='ltr'><strong>σέ</strong></span> <span class='ocrx_word' id='word_1_234' title='bbox 3933 1674 4039 1727; x_wconf 90' lang='grc' dir='ltr'><strong>τῶν</strong></span> 
     </span>
    </p>
   </div>
   <div class='ocr_carea' id='block_1_33' title="bbox 2466 1765 4040 1838">
    <p class='ocr_par' dir='ltr' id='par_1_33' title="bbox 2466 1765 4040 1838">
     <span class='ocr_line' id='line_1_33' title="bbox 2466 1765 4040 1838; baseline -0.003 -17"><span class='ocrx_word' id='word_1_235' title='bbox 2466 1768 2922 1837; x_wconf 83' lang='grc' dir='ltr'>μαθητευομὲνων</span> <span class='ocrx_word' id='word_1_236' title='bbox 2964 1784 3054 1838; x_wconf 85' lang='grc' dir='ltr'><strong>μοι</strong></span> <span class='ocrx_word' id='word_1_237' title='bbox 3089 1768 3309 1830; x_wconf 88' lang='grc' dir='ltr'>πίστις,</span> <span class='ocrx_word' id='word_1_238' title='bbox 3349 1768 3469 1838; x_wconf 72' lang='grc' dir='ltr'>ἥτις</span> <span class='ocrx_word' id='word_1_239' title='bbox 3500 1768 3580 1829; x_wconf 84' lang='grc' dir='ltr'><strong>είς</strong></span> <span class='ocrx_word' id='word_1_240' title='bbox 3621 1765 3719 1828; x_wconf 85' lang='grc' dir='ltr'>τὰς</span> <span class='ocrx_word' id='word_1_241' title='bbox 3749 1765 4040 1835; x_wconf 71' lang='grc' dir='ltr'>διαφόρους</span> 
     </span>
    </p>
   </div>
   <div class='ocr_carea' id='block_1_34' title="bbox 783 1854 2530 1930">
    <p class='ocr_par' dir='ltr' id='par_1_34' title="bbox 783 1857 2530 1930">
     <span class='ocr_line' id='line_1_34' title="bbox 783 1857 2530 1930; baseline -0.007 -11"><span class='ocrx_word' id='word_1_242' title='bbox 783 1875 898 1919; x_wconf 83' lang='grc' dir='ltr'>ιιιιιι</span> <span class='ocrx_word' id='word_1_243' title='bbox 956 1864 1266 1917; x_wconf 82' lang='lat' dir='ltr'><strong>rationibus</strong></span> <span class='ocrx_word' id='word_1_244' title='bbox 1313 1861 1586 1930; x_wconf 74' lang='lat' dir='ltr'><strong>germinat</strong></span> <span class='ocrx_word' id='word_1_245' title='bbox 1642 1876 1737 1930; x_wconf 88' lang='lat' dir='ltr'><strong>per</strong></span> <span class='ocrx_word' id='word_1_246' title='bbox 1788 1875 1967 1914; x_wconf 90' lang='lat' dir='ltr'><strong>mores</strong></span> <span class='ocrx_word' id='word_1_247' title='bbox 2028 1861 2270 1930; x_wconf 86' lang='lat' dir='ltr'><strong>ipsarqu</strong></span> <span class='ocrx_word' id='word_1_248' title='bbox 2305 1859 2357 1913; x_wconf 92' lang='lat' dir='ltr'><strong>in</strong></span> <span class='ocrx_word' id='word_1_249' title='bbox 2389 1857 2530 1924; x_wconf 86' lang='grc' dir='ltr'><strong>Βὰρ</strong></span> 
     </span>
    </p>
   </div>
   <div class='ocr_carea' id='block_1_35' title="bbox 2291 1854 4038 1930">
    <p class='ocr_par' dir='ltr' id='par_1_35' title="bbox 2305 1854 4038 1926">
     <span class='ocr_line' id='line_1_35' title="bbox 2305 1854 4038 1926; baseline -0.003 -14"><span class='ocrx_word' id='word_1_250' title='bbox 2305 1859 2357 1913; x_wconf 91' lang='lat' dir='ltr'><strong>in</strong></span> <span class='ocrx_word' id='word_1_251' title='bbox 2389 1860 2434 1918; x_wconf 86' lang='lat' dir='ltr'><strong>B</strong></span> <span class='ocrx_word' id='word_1_252' title='bbox 2462 1856 2684 1924; x_wconf 76' lang='grc' dir='ltr'>ἀρετὰς,</span> <span class='ocrx_word' id='word_1_253' title='bbox 2712 1857 2788 1918; x_wconf 84' lang='grc' dir='ltr'><strong>ὡς</strong></span> <span class='ocrx_word' id='word_1_254' title='bbox 2840 1857 2917 1918; x_wconf 86' lang='grc' dir='ltr'><strong>είς</strong></span> <span class='ocrx_word' id='word_1_255' title='bbox 2957 1855 3214 1924; x_wconf 85' lang='grc' dir='ltr'>κλήματα</span> <span class='ocrx_word' id='word_1_256' title='bbox 3248 1855 3492 1926; x_wconf 78' lang='grc' dir='ltr'>ἄμπελος</span> <span class='ocrx_word' id='word_1_257' title='bbox 3522 1855 3830 1926; x_wconf 79' lang='grc' dir='ltr'>διαιρεῖται,</span> <span class='ocrx_word' id='word_1_258' title='bbox 3869 1854 4038 1926; x_wconf 80' lang='grc' dir='ltr'>ἦνθη-</span> 
     </span>
    </p>
   </div>
   <div class='ocr_carea' id='block_1_36' title="bbox 777 1948 2354 2023">
    <p class='ocr_par' dir='ltr' id='par_1_36' title="bbox 777 1948 2354 2023">
     <span class='ocr_line' id='line_1_36' title="bbox 777 1948 2354 2023; baseline -0.006 -12"><span class='ocrx_word' id='word_1_259' title='bbox 777 1972 976 2011; x_wconf 79' lang='lat' dir='ltr'><strong>carue:</strong></span> <span class='ocrx_word' id='word_1_260' title='bbox 1003 1954 1159 2023; x_wconf 75' lang='lat' dir='ltr'><strong>cujus</strong></span> <span class='ocrx_word' id='word_1_261' title='bbox 1191 1954 1309 2006; x_wconf 67' lang='lat' dir='ltr'><strong>ﬁtlei</strong></span> <span class='ocrx_word' id='word_1_262' title='bbox 1335 1953 1433 2004; x_wconf 85' lang='lat' dir='ltr'><strong>ﬂos</strong></span> <span class='ocrx_word' id='word_1_263' title='bbox 1457 1960 1567 2003; x_wconf 89' lang='lat' dir='ltr'><strong>tmn</strong></span> <span class='ocrx_word' id='word_1_264' title='bbox 1593 1964 1844 2014; x_wconf 86' lang='lat' dir='ltr'><strong>arcanus,</strong></span> <span class='ocrx_word' id='word_1_265' title='bbox 1873 1957 1984 2003; x_wconf 92' lang='lat' dir='ltr'><strong>tum</strong></span> <span class='ocrx_word' id='word_1_266' title='bbox 2015 1948 2354 2012; x_wconf 78' lang='lat' dir='ltr'><strong>manifestus,</strong></span> 
     </span>
    </p>
   </div>
   <div class='ocr_carea' id='block_1_37' title="bbox 779 2042 2358 2112">
    <p class='ocr_par' dir='ltr' id='par_1_37' title="bbox 779 2042 2358 2112">
     <span class='ocr_line' id='line_1_37' title="bbox 779 2042 2358 2112; baseline -0.004 -13"><span class='ocrx_word' id='word_1_267' title='bbox 779 2059 861 2102; x_wconf 62' lang='lat'><strong>(‘5&#39;.</strong></span> <span class='ocrx_word' id='word_1_268' title='bbox 908 2047 1004 2101; x_wconf 87' lang='lat' dir='ltr'><strong>ﬂos</strong></span> <span class='ocrx_word' id='word_1_269' title='bbox 1067 2047 1327 2100; x_wconf 75' lang='lat' dir='ltr'><strong>maior-im</strong></span> <span class='ocrx_word' id='word_1_270' title='bbox 1393 2046 1713 2112; x_wconf 82' lang='lat' dir='ltr'><strong>puuicorum</strong></span> <span class='ocrx_word' id='word_1_271' title='bbox 1760 2085 1774 2107; x_wconf 94' lang='lat'><strong>,</strong></span> <span class='ocrx_word' id='word_1_272' title='bbox 1850 2057 1970 2111; x_wconf 74' lang='lat' dir='ltr'><strong>qua:</strong></span> <span class='ocrx_word' id='word_1_273' title='bbox 2027 2042 2358 2094; x_wconf 80' lang='lat' dir='ltr'><strong>intrinseCus</strong></span> 
     </span>
    </p>
   </div>
   <div class='ocr_carea' id='block_1_38' title="bbox 786 2135 2359 2206">
    <p class='ocr_par' dir='ltr' id='par_1_38' title="bbox 786 2135 2359 2206">
     <span class='ocr_line' id='line_1_38' title="bbox 786 2135 2359 2206; baseline -0.004 -14"><span class='ocrx_word' id='word_1_274' title='bbox 786 2139 1004 2206; x_wconf 76' lang='lat' dir='ltr'><strong>quidem</strong></span> <span class='ocrx_word' id='word_1_275' title='bbox 1065 2138 1277 2190; x_wconf 70' lang='lat' dir='ltr'><strong>dulcem</strong></span> <span class='ocrx_word' id='word_1_276' title='bbox 1348 2135 1585 2188; x_wconf 70' lang='lat' dir='ltr'><strong>frui-tum</strong></span> <span class='ocrx_word' id='word_1_277' title='bbox 1643 2137 1948 2198; x_wconf 88' lang='lat' dir='ltr'><strong>continent,</strong></span> <span class='ocrx_word' id='word_1_278' title='bbox 2012 2136 2359 2188; x_wconf 66' lang='lat' dir='ltr'><strong>extrinsecus</strong></span> 
     </span>
    </p>
   </div>
   <div class='ocr_carea' id='block_1_39' title="bbox 785 2227 2356 2292">
    <p class='ocr_par' dir='ltr' id='par_1_39' title="bbox 785 2227 2356 2292">
     <span class='ocr_line' id='line_1_39' title="bbox 785 2227 2356 2292; baseline -0.001 -12"><span class='ocrx_word' id='word_1_279' title='bbox 785 2242 965 2280; x_wconf 75' lang='lat' dir='ltr'><strong>autem</strong></span> <span class='ocrx_word' id='word_1_280' title='bbox 1005 2239 1288 2282; x_wconf 84' lang='lat' dir='ltr'><strong>austerum</strong></span> <span class='ocrx_word' id='word_1_281' title='bbox 1323 2231 1586 2281; x_wconf 79' lang='lat' dir='ltr'><strong>corticem</strong></span> <span class='ocrx_word' id='word_1_282' title='bbox 1636 2228 1950 2292; x_wconf 71' lang='lat' dir='ltr'><strong>pt&#39;azl&#39;erunt.</strong></span> <span class='ocrx_word' id='word_1_283' title='bbox 1992 2227 2201 2281; x_wconf 79' lang='lat' dir='ltr'><strong>Etenim</strong></span> <span class='ocrx_word' id='word_1_284' title='bbox 2235 2227 2356 2280; x_wconf 72' lang='lat' dir='ltr'><strong>ﬂtlei</strong></span> 
     </span>
    </p>
   </div>
   <div class='ocr_carea' id='block_1_40' title="bbox 780 2318 2360 2390">
    <p class='ocr_par' dir='ltr' id='par_1_40' title="bbox 780 2318 2360 2390">
     <span class='ocr_line' id='line_1_40' title="bbox 780 2318 2360 2390; baseline 0 -20"><span class='ocrx_word' id='word_1_285' title='bbox 780 2339 996 2390; x_wconf 66' lang='lat' dir='ltr'><strong>qttuqtte</strong></span> <span class='ocrx_word' id='word_1_286' title='bbox 1028 2321 1241 2375; x_wconf 64' lang='lat' dir='ltr'><strong>[uetus</strong></span> <span class='ocrx_word' id='word_1_287' title='bbox 1274 2320 1326 2373; x_wconf 92' lang='lat' dir='ltr'><strong>in</strong></span> <span class='ocrx_word' id='word_1_288' title='bbox 1360 2320 1568 2374; x_wconf 78' lang='lat' dir='ltr'><strong>erculta</strong></span> <span class='ocrx_word' id='word_1_289' title='bbox 1600 2320 1816 2388; x_wconf 81' lang='lat' dir='ltr'><strong>quidem</strong></span> <span class='ocrx_word' id='word_1_290' title='bbox 1851 2320 2046 2372; x_wconf 80' lang='lat' dir='ltr'><strong>animae</strong></span> <span class='ocrx_word' id='word_1_291' title='bbox 2077 2318 2360 2373; x_wconf 85' lang='lat' dir='ltr'><strong>alTectioue</strong></span> 
     </span>
    </p>
   </div>
   <div class='ocr_carea' id='block_1_41' title="bbox 781 2410 2355 2481">
    <p class='ocr_par' dir='ltr' id='par_1_41' title="bbox 781 2410 2355 2481">
     <span class='ocr_line' id='line_1_41' title="bbox 781 2410 2355 2481; baseline 0 -19"><span class='ocrx_word' id='word_1_292' title='bbox 781 2422 997 2481; x_wconf 81' lang='lat' dir='ltr'><strong>propter</strong></span> <span class='ocrx_word' id='word_1_293' title='bbox 1055 2412 1222 2466; x_wconf 81' lang='lat' dir='ltr'><strong>futuri</strong></span> <span class='ocrx_word' id='word_1_294' title='bbox 1278 2412 1480 2480; x_wconf 82' lang='lat' dir='ltr'><strong>pra-inii</strong></span> <span class='ocrx_word' id='word_1_295' title='bbox 1529 2427 1704 2478; x_wconf 86' lang='lat' dir='ltr'><strong>spem,</strong></span> <span class='ocrx_word' id='word_1_296' title='bbox 1757 2411 2000 2463; x_wconf 70' lang='lat' dir='ltr'><strong>lzctitiatn</strong></span> <span class='ocrx_word' id='word_1_297' title='bbox 2057 2410 2211 2462; x_wconf 82' lang='lat' dir='ltr'><strong>aﬂert</strong></span> <span class='ocrx_word' id='word_1_298' title='bbox 2248 2427 2262 2473; x_wconf 86' lang='lat'><strong>;</strong></span> <span class='ocrx_word' id='word_1_299' title='bbox 2303 2410 2355 2462; x_wconf 85' lang='lat' dir='ltr'><strong>in</strong></span> 
     </span>
    </p>
   </div>
   <div class='ocr_carea' id='block_1_42' title="bbox 777 2501 2356 2570">
    <p class='ocr_par' dir='ltr' id='par_1_42' title="bbox 777 2501 2356 2570">
     <span class='ocr_line' id='line_1_42' title="bbox 777 2501 2356 2570; baseline -0.003 -12"><span class='ocrx_word' id='word_1_300' title='bbox 777 2504 1050 2558; x_wconf 65' lang='lat' dir='ltr'><strong>exteriore</strong></span> <span class='ocrx_word' id='word_1_301' title='bbox 1093 2513 1268 2554; x_wconf 79' lang='lat' dir='ltr'><strong>autent</strong></span> <span class='ocrx_word' id='word_1_302' title='bbox 1299 2504 1482 2556; x_wconf 84' lang='lat' dir='ltr'><strong>earuis</strong></span> <span class='ocrx_word' id='word_1_303' title='bbox 1515 2517 1680 2555; x_wconf 81' lang='lat' dir='ltr'><strong>sensu</strong></span> <span class='ocrx_word' id='word_1_304' title='bbox 1707 2512 1930 2570; x_wconf 86' lang='lat' dir='ltr'><strong>propter</strong></span> <span class='ocrx_word' id='word_1_305' title='bbox 1965 2502 2182 2556; x_wconf 83' lang='lat' dir='ltr'><strong>virtutis</strong></span> <span class='ocrx_word' id='word_1_306' title='bbox 2211 2501 2356 2553; x_wconf 85' lang='lat' dir='ltr'><strong>labo-</strong></span> 
     </span>
    </p>
   </div>
   <div class='ocr_carea' id='block_1_43' title="bbox 782 2592 2354 2663">
    <p class='ocr_par' dir='ltr' id='par_1_43' title="bbox 782 2592 2354 2663">
     <span class='ocr_line' id='line_1_43' title="bbox 782 2592 2354 2663; baseline -0.001 -17"><span class='ocrx_word' id='word_1_307' title='bbox 782 2612 866 2649; x_wconf 88' lang='lat' dir='ltr'><strong>res</strong></span> <span class='ocrx_word' id='word_1_308' title='bbox 911 2595 1110 2663; x_wconf 80' lang='lat' dir='ltr'><strong>pra-bet</strong></span> <span class='ocrx_word' id='word_1_309' title='bbox 1141 2595 1520 2647; x_wconf 75' lang='lat' dir='ltr'><strong>acerbitatem.</strong></span> <span class='ocrx_word' id='word_1_310' title='bbox 1563 2592 1686 2646; x_wconf 82' lang='lat' dir='ltr'><strong>Illic</strong></span> <span class='ocrx_word' id='word_1_311' title='bbox 1713 2594 1847 2646; x_wconf 81' lang='lat' dir='ltr'><strong>dabo</strong></span> <span class='ocrx_word' id='word_1_312' title='bbox 1890 2594 2049 2646; x_wconf 84' lang='lat' dir='ltr'><strong>ubera</strong></span> <span class='ocrx_word' id='word_1_313' title='bbox 2086 2609 2200 2644; x_wconf 80' lang='lat' dir='ltr'><strong>mea</strong></span> <span class='ocrx_word' id='word_1_314' title='bbox 2237 2593 2354 2644; x_wconf 82' lang='lat' dir='ltr'><strong>libi.</strong></span> 
     </span>
    </p>
   </div>
   <div class='ocr_carea' id='block_1_44' title="bbox 781 2684 2354 2757">
    <p class='ocr_par' dir='ltr' id='par_1_44' title="bbox 781 2684 2354 2757">
     <span class='ocr_line' id='line_1_44' title="bbox 781 2684 2354 2757; baseline -0.001 -18"><span class='ocrx_word' id='word_1_315' title='bbox 781 2689 835 2740; x_wconf 77' lang='lat' dir='ltr'><strong>lu</strong></span> <span class='ocrx_word' id='word_1_316' title='bbox 903 2702 1030 2757; x_wconf 75' lang='lat' dir='ltr'><strong>agro</strong></span> <span class='ocrx_word' id='word_1_317' title='bbox 1082 2687 1331 2739; x_wconf 70' lang='lat' dir='ltr'><strong>videlicet</strong></span> <span class='ocrx_word' id='word_1_318' title='bbox 1394 2686 1484 2736; x_wconf 89' lang='lat' dir='ltr'><strong>illo</strong></span> <span class='ocrx_word' id='word_1_319' title='bbox 1546 2701 1708 2754; x_wconf 80' lang='lat' dir='ltr'><strong>quem</strong></span> <span class='ocrx_word' id='word_1_320' title='bbox 1761 2685 1908 2746; x_wconf 80' lang='lat' dir='ltr'><strong>dixi,</strong></span> <span class='ocrx_word' id='word_1_321' title='bbox 1963 2684 2354 2754; x_wconf 86' lang='lat' dir='ltr'><strong>discipularum</strong></span> 
     </span>
    </p>
   </div>
   <div class='ocr_carea' id='block_1_45' title="bbox 783 2777 2358 2846">
    <p class='ocr_par' dir='ltr' id='par_1_45' title="bbox 783 2777 2358 2846">
     <span class='ocr_line' id='line_1_45' title="bbox 783 2777 2358 2846; baseline -0.003 -14"><span class='ocrx_word' id='word_1_322' title='bbox 783 2795 1048 2841; x_wconf 82' lang='lat' dir='ltr'><strong>:ucarum,</strong></span> <span class='ocrx_word' id='word_1_323' title='bbox 1093 2778 1361 2846; x_wconf 69' lang='lat' dir='ltr'><strong>proferam</strong></span> <span class='ocrx_word' id='word_1_324' title='bbox 1420 2777 1514 2828; x_wconf 85' lang='lat' dir='ltr'><strong>tibi</strong></span> <span class='ocrx_word' id='word_1_325' title='bbox 1575 2791 1777 2845; x_wconf 79' lang='lat' dir='ltr'><strong>sponso</strong></span> <span class='ocrx_word' id='word_1_326' title='bbox 1825 2791 1965 2838; x_wconf 89' lang='lat' dir='ltr'><strong>meo,</strong></span> <span class='ocrx_word' id='word_1_327' title='bbox 2003 2791 2162 2844; x_wconf 88' lang='lat' dir='ltr'><strong>quam</strong></span> <span class='ocrx_word' id='word_1_328' title='bbox 2200 2777 2358 2829; x_wconf 83' lang='lat' dir='ltr'><strong>insti-</strong></span> 
     </span>
    </p>
   </div>
   <div class='ocr_carea' id='block_1_46' title="bbox 786 2868 2355 2922">
    <p class='ocr_par' dir='ltr' id='par_1_46' title="bbox 786 2868 2355 2922">
     <span class='ocr_line' id='line_1_46' title="bbox 786 2868 2355 2922; baseline -0.003 0"><span class='ocrx_word' id='word_1_329' title='bbox 786 2871 1004 2922; x_wconf 78' lang='lat' dir='ltr'><strong>tuemlis</strong></span> <span class='ocrx_word' id='word_1_330' title='bbox 1045 2871 1153 2922; x_wconf 84' lang='lat' dir='ltr'><strong>illis</strong></span> <span class='ocrx_word' id='word_1_331' title='bbox 1207 2869 1437 2922; x_wconf 80' lang='lat' dir='ltr'><strong>atlliibeo</strong></span> <span class='ocrx_word' id='word_1_332' title='bbox 1473 2869 1777 2921; x_wconf 82' lang='lat' dir='ltr'><strong>doctrinam</strong></span> <span class='ocrx_word' id='word_1_333' title='bbox 1813 2868 2072 2920; x_wconf 84' lang='lat' dir='ltr'><strong>moralem</strong></span> <span class='ocrx_word' id='word_1_334' title='bbox 2108 2873 2160 2919; x_wconf 85' lang='lat' dir='ltr'><strong>et</strong></span> <span class='ocrx_word' id='word_1_335' title='bbox 2194 2877 2355 2919; x_wconf 86' lang='lat' dir='ltr'><strong>natu-</strong></span> 
     </span>
    </p>
   </div>
   <div class='ocr_carea' id='block_1_47' title="bbox 783 2959 2355 3029">
    <p class='ocr_par' dir='ltr' id='par_1_47' title="bbox 783 2959 2355 3029">
     <span class='ocr_line' id='line_1_47' title="bbox 783 2959 2355 3029; baseline -0.001 -17"><span class='ocrx_word' id='word_1_336' title='bbox 783 2964 970 3023; x_wconf 70' lang='lat' dir='ltr'><strong>tab-tu,</strong></span> <span class='ocrx_word' id='word_1_337' title='bbox 1011 2970 1067 3013; x_wconf 83' lang='lat' dir='ltr'><strong>ut</strong></span> <span class='ocrx_word' id='word_1_338' title='bbox 1109 2977 1202 3029; x_wconf 78' lang='lat' dir='ltr'><strong>per</strong></span> <span class='ocrx_word' id='word_1_339' title='bbox 1241 2961 1378 3014; x_wconf 83' lang='lat' dir='ltr'><strong>hanc</strong></span> <span class='ocrx_word' id='word_1_340' title='bbox 1411 2959 1620 3015; x_wconf 81' lang='lat' dir='ltr'><strong>(lucens</strong></span> <span class='ocrx_word' id='word_1_341' title='bbox 1650 2975 1743 3014; x_wconf 89' lang='lat' dir='ltr'><strong>eas</strong></span> <span class='ocrx_word' id='word_1_342' title='bbox 1775 2961 1839 3012; x_wconf 68' lang='lat' dir='ltr'><strong>all</strong></span> <span class='ocrx_word' id='word_1_343' title='bbox 1877 2960 2219 3028; x_wconf 82' lang='lat' dir='ltr'><strong>disciplinam</strong></span> <span class='ocrx_word' id='word_1_344' title='bbox 2266 2975 2355 3012; x_wconf 92' lang='lat' dir='ltr'><strong>ar-</strong></span> 
     </span>
    </p>
   </div>
   <div class='ocr_carea' id='block_1_48' title="bbox 780 3051 2353 3113">
    <p class='ocr_par' dir='ltr' id='par_1_48' title="bbox 780 3051 2353 3113">
     <span class='ocr_line' id='line_1_48' title="bbox 780 3051 2353 3113; baseline 0.002 -13"><span class='ocrx_word' id='word_1_345' title='bbox 780 3068 994 3113; x_wconf 66' lang='grc' dir='ltr'><strong>νειιιιιιιιν</strong></span> <span class='ocrx_word' id='word_1_346' title='bbox 1020 3051 1302 3106; x_wconf 79' lang='lat' dir='ltr'><strong>ostendam</strong></span> <span class='ocrx_word' id='word_1_347' title='bbox 1337 3068 1516 3105; x_wconf 88' lang='lat' dir='ltr'><strong>rerum</strong></span> <span class='ocrx_word' id='word_1_348' title='bbox 1545 3060 1861 3106; x_wconf 85' lang='lat' dir='ltr'><strong>naturath</strong></span> <span class='ocrx_word' id='word_1_349' title='bbox 1888 3067 2045 3106; x_wconf 89' lang='lat' dir='ltr'><strong>suum</strong></span> <span class='ocrx_word' id='word_1_350' title='bbox 2075 3061 2353 3105; x_wconf 89' lang='lat' dir='ltr'><strong>auctorem</strong></span> 
     </span>
    </p>
   </div>
   <div class='ocr_carea' id='block_1_49' title="bbox 779 3143 2352 3213">
    <p class='ocr_par' dir='ltr' id='par_1_49' title="bbox 779 3143 2352 3213">
     <span class='ocr_line' id='line_1_49' title="bbox 779 3143 2352 3213; baseline -0.003 -13"><span class='ocrx_word' id='word_1_351' title='bbox 779 3146 1025 3200; x_wconf 75' lang='lat' dir='ltr'><strong>indicare</strong></span> <span class='ocrx_word' id='word_1_352' title='bbox 1093 3161 1188 3211; x_wconf 86' lang='lat' dir='ltr'><strong>per</strong></span> <span class='ocrx_word' id='word_1_353' title='bbox 1245 3153 1403 3197; x_wconf 83' lang='lat' dir='ltr'><strong>notas</strong></span> <span class='ocrx_word' id='word_1_354' title='bbox 1466 3145 1728 3213; x_wconf 77' lang='lat' dir='ltr'><strong>quasdam</strong></span> <span class='ocrx_word' id='word_1_355' title='bbox 1783 3152 1841 3196; x_wconf 86' lang='lat' dir='ltr'><strong>ut</strong></span> <span class='ocrx_word' id='word_1_356' title='bbox 1888 3143 2193 3205; x_wconf 76' lang='lat' dir='ltr'><strong>veritatem,</strong></span> <span class='ocrx_word' id='word_1_357' title='bbox 2248 3158 2352 3195; x_wconf 93' lang='lat' dir='ltr'><strong>non</strong></span> 
     </span>
    </p>
   </div>
   <div class='ocr_carea' id='block_1_50' title="bbox 781 3236 2351 3305">
    <p class='ocr_par' dir='ltr' id='par_1_50' title="bbox 781 3236 2351 3305">
     <span class='ocr_line' id='line_1_50' title="bbox 781 3236 2351 3305; baseline 0 -19"><span class='ocrx_word' id='word_1_358' title='bbox 781 3248 959 3290; x_wconf 84' lang='lat' dir='ltr'><strong>autent</strong></span> <span class='ocrx_word' id='word_1_359' title='bbox 994 3248 1049 3291; x_wconf 83' lang='grc' dir='ltr'>ιιι</span> <span class='ocrx_word' id='word_1_360' title='bbox 1075 3238 1227 3304; x_wconf 73' lang='lat' dir='ltr'><strong>juxta</strong></span> <span class='ocrx_word' id='word_1_361' title='bbox 1283 3237 1634 3305; x_wconf 79' lang='lat' dir='ltr'><strong>prtnleulium</strong></span> <span class='ocrx_word' id='word_1_362' title='bbox 1675 3236 1989 3289; x_wconf 62' lang='lat' dir='ltr'><strong>Graecorum</strong></span> <span class='ocrx_word' id='word_1_363' title='bbox 2043 3236 2351 3295; x_wconf 86' lang='lat' dir='ltr'><strong>stultitiam,</strong></span> 
     </span>
    </p>
   </div>
   <div class='ocr_carea' id='block_1_51' title="bbox 781 3327 2356 3396">
    <p class='ocr_par' dir='ltr' id='par_1_51' title="bbox 781 3327 2356 3396">
     <span class='ocr_line' id='line_1_51' title="bbox 781 3327 2356 3396; baseline -0.001 -18"><span class='ocrx_word' id='word_1_364' title='bbox 781 3329 1014 3379; x_wconf 77' lang='lat' dir='ltr'><strong>naturali</strong></span> <span class='ocrx_word' id='word_1_365' title='bbox 1052 3344 1230 3380; x_wconf 84' lang='lat' dir='ltr'><strong>rerum</strong></span> <span class='ocrx_word' id='word_1_366' title='bbox 1255 3327 1565 3396; x_wconf 79' lang='lat' dir='ltr'><strong>cognitione</strong></span> <span class='ocrx_word' id='word_1_367' title='bbox 1591 3327 1668 3381; x_wconf 90' lang='lat' dir='ltr'><strong>sic</strong></span> <span class='ocrx_word' id='word_1_368' title='bbox 1701 3343 1794 3381; x_wconf 87' lang='lat' dir='ltr'><strong>cas</strong></span> <span class='ocrx_word' id='word_1_369' title='bbox 1831 3327 2091 3392; x_wconf 79' lang='lat' dir='ltr'><strong>imbuant,</strong></span> <span class='ocrx_word' id='word_1_370' title='bbox 2140 3335 2356 3395; x_wconf 75' lang='lat' dir='ltr'><strong>ut_pre-</strong></span> 
     </span>
    </p>
   </div>
   <div class='ocr_carea' id='block_1_52' title="bbox 778 3415 2354 3484">
    <p class='ocr_par' dir='ltr' id='par_1_52' title="bbox 778 3415 2354 3484">
     <span class='ocr_line' id='line_1_52' title="bbox 778 3415 2354 3484; baseline -0.002 -19"><span class='ocrx_word' id='word_1_371' title='bbox 778 3418 866 3469; x_wconf 72' lang='lat' dir='ltr'><strong>eul</strong></span> <span class='ocrx_word' id='word_1_372' title='bbox 907 3433 935 3470; x_wconf 86' lang='lat' dir='ltr'><strong>a</strong></span> <span class='ocrx_word' id='word_1_373' title='bbox 983 3425 1034 3469; x_wconf 85' lang='lat' dir='ltr'><strong>te</strong></span> <span class='ocrx_word' id='word_1_374' title='bbox 1078 3419 1300 3470; x_wconf 79' lang='lat' dir='ltr'><strong>veritate</strong></span> <span class='ocrx_word' id='word_1_375' title='bbox 1354 3416 1656 3469; x_wconf 74' lang='lat' dir='ltr'><strong>tliseetlaut.</strong></span> <span class='ocrx_word' id='word_1_376' title='bbox 1713 3415 1923 3469; x_wconf 75' lang='lat' dir='ltr'><strong>Etenim</strong></span> <span class='ocrx_word' id='word_1_377' title='bbox 1984 3415 2354 3484; x_wconf 76' lang='lat' dir='ltr'><strong>mandragorm</strong></span> 
     </span>
    </p>
   </div>
   <div class='ocr_carea' id='block_1_53' title="bbox 779 3506 2352 3574">
    <p class='ocr_par' dir='ltr' id='par_1_53' title="bbox 779 3506 2352 3574">
     <span class='ocr_line' id='line_1_53' title="bbox 779 3506 2352 3574; baseline 0.004 -18"><span class='ocrx_word' id='word_1_378' title='bbox 779 3508 1032 3559; x_wconf 75' lang='lat' dir='ltr'><strong>dederunt</strong></span> <span class='ocrx_word' id='word_1_379' title='bbox 1058 3508 1290 3562; x_wconf 80' lang='lat' dir='ltr'><strong>odorem.</strong></span> <span class='ocrx_word' id='word_1_380' title='bbox 1313 3506 1511 3559; x_wconf 67' lang='lat' dir='ltr'><strong>lterum</strong></span> <span class='ocrx_word' id='word_1_381' title='bbox 1532 3507 1729 3574; x_wconf 77' lang='lat' dir='ltr'><strong>quippe</strong></span> <span class='ocrx_word' id='word_1_382' title='bbox 1755 3506 2095 3560; x_wconf 84' lang='lat' dir='ltr'><strong>sensibilium</strong></span> <span class='ocrx_word' id='word_1_383' title='bbox 2124 3508 2352 3574; x_wconf 71' lang='lat' dir='ltr'><strong>species.</strong></span> 
     </span>
    </p>
   </div>
   <div class='ocr_carea' id='block_1_54' title="bbox 779 3596 2351 3667">
    <p class='ocr_par' dir='ltr' id='par_1_54' title="bbox 779 3596 2351 3667">
     <span class='ocr_line' id='line_1_54' title="bbox 779 3596 2351 3667; baseline -0.001 -18"><span class='ocrx_word' id='word_1_384' title='bbox 779 3610 829 3651; x_wconf 86' lang='lat' dir='ltr'><strong>et</strong></span> <span class='ocrx_word' id='word_1_385' title='bbox 859 3599 1029 3667; x_wconf 70' lang='lat' dir='ltr'><strong>ipsius</strong></span> <span class='ocrx_word' id='word_1_386' title='bbox 1058 3600 1341 3667; x_wconf 61' lang='lat' dir='ltr'><strong>scripturae</strong></span> <span class='ocrx_word' id='word_1_387' title='bbox 1369 3607 1508 3650; x_wconf 75' lang='lat' dir='ltr'><strong>nota:</strong></span> <span class='ocrx_word' id='word_1_388' title='bbox 1533 3598 1686 3666; x_wconf 88' lang='lat' dir='ltr'><strong>quasi</strong></span> <span class='ocrx_word' id='word_1_389' title='bbox 1714 3596 2351 3664; x_wconf 68' lang='lat' dir='ltr'><strong>mandragormquaedam</strong></span> 
     </span>
    </p>
   </div>
   <div class='ocr_carea' id='block_1_55' title="bbox 783 3686 2342 3757">
    <p class='ocr_par' dir='ltr' id='par_1_55' title="bbox 783 3686 2342 3757">
     <span class='ocr_line' id='line_1_55' title="bbox 783 3686 2342 3757; baseline -0.002 -16"><span class='ocrx_word' id='word_1_390' title='bbox 783 3691 1088 3749; x_wconf 71' lang='lat' dir='ltr'><strong>l&#39;aciunt,ut</strong></span> <span class='ocrx_word' id='word_1_391' title='bbox 1124 3705 1276 3742; x_wconf 85' lang='lat' dir='ltr'><strong>mens</strong></span> <span class='ocrx_word' id='word_1_392' title='bbox 1313 3704 1407 3757; x_wconf 91' lang='lat' dir='ltr'><strong>per</strong></span> <span class='ocrx_word' id='word_1_393' title='bbox 1457 3703 1678 3741; x_wconf 86' lang='lat' dir='ltr'><strong>sensum</strong></span> <span class='ocrx_word' id='word_1_394' title='bbox 1723 3687 1830 3742; x_wconf 92' lang='lat' dir='ltr'><strong>illis</strong></span> <span class='ocrx_word' id='word_1_395' title='bbox 1881 3686 2178 3747; x_wconf 76' lang='lat' dir='ltr'><strong>inluerens,</strong></span> <span class='ocrx_word' id='word_1_396' title='bbox 2236 3703 2342 3738; x_wconf 88' lang='lat' dir='ltr'><strong>nou</strong></span> 
     </span>
    </p>
   </div>
   <div class='ocr_carea' id='block_1_56' title="bbox 779 3777 2352 3850">
    <p class='ocr_par' dir='ltr' id='par_1_56' title="bbox 779 3777 2352 3850">
     <span class='ocr_line' id='line_1_56' title="bbox 779 3777 2352 3850; baseline -0.003 -16"><span class='ocrx_word' id='word_1_397' title='bbox 779 3794 961 3835; x_wconf 90' lang='lat' dir='ltr'><strong>autem</strong></span> <span class='ocrx_word' id='word_1_398' title='bbox 995 3796 1091 3850; x_wconf 89' lang='lat' dir='ltr'><strong>per</strong></span> <span class='ocrx_word' id='word_1_399' title='bbox 1119 3797 1212 3834; x_wconf 88' lang='lat' dir='ltr'><strong>eas</strong></span> <span class='ocrx_word' id='word_1_400' title='bbox 1243 3784 1308 3834; x_wconf 75' lang='lat' dir='ltr'><strong>att</strong></span> <span class='ocrx_word' id='word_1_401' title='bbox 1357 3779 1639 3833; x_wconf 86' lang='lat' dir='ltr'><strong>veritatem</strong></span> <span class='ocrx_word' id='word_1_402' title='bbox 1675 3778 1964 3844; x_wconf 75' lang='lat' dir='ltr'><strong>vigilanter</strong></span> <span class='ocrx_word' id='word_1_403' title='bbox 2009 3777 2310 3831; x_wconf 78' lang='lat' dir='ltr'><strong>ascendens</strong></span> <span class='ocrx_word' id='word_1_404' title='bbox 2343 3819 2352 3837; x_wconf 89' lang='lat'>.</span> 
     </span>
    </p>
   </div>
   <div class='ocr_carea' id='block_1_57' title="bbox 777 3867 2352 3938">
    <p class='ocr_par' dir='ltr' id='par_1_57' title="bbox 777 3867 2352 3938">
     <span class='ocr_line' id='line_1_57' title="bbox 777 3867 2352 3938; baseline -0.003 -15"><span class='ocrx_word' id='word_1_405' title='bbox 777 3871 1168 3935; x_wconf 77' lang='lat' dir='ltr'><strong>oiulormisrat,</strong></span> <span class='ocrx_word' id='word_1_406' title='bbox 1213 3877 1266 3923; x_wconf 91' lang='lat' dir='ltr'><strong>et</strong></span> <span class='ocrx_word' id='word_1_407' title='bbox 1312 3877 1533 3938; x_wconf 87' lang='lat' dir='ltr'><strong>torpore</strong></span> <span class='ocrx_word' id='word_1_408' title='bbox 1593 3868 1758 3922; x_wconf 82' lang='lat' dir='ltr'><strong>veluti</strong></span> <span class='ocrx_word' id='word_1_409' title='bbox 1827 3867 2024 3920; x_wconf 86' lang='lat' dir='ltr'><strong>stolida</strong></span> <span class='ocrx_word' id='word_1_410' title='bbox 2085 3875 2352 3920; x_wconf 81' lang='lat' dir='ltr'><strong>teneatur.</strong></span> 
     </span>
    </p>
   </div>
   <div class='ocr_carea' id='block_1_58' title="bbox 780 3957 2354 4015">
    <p class='ocr_par' dir='ltr' id='par_1_58' title="bbox 780 3957 2354 4015">
     <span class='ocr_line' id='line_1_58' title="bbox 780 3957 2354 4015; baseline -0.003 -2"><span class='ocrx_word' id='word_1_411' title='bbox 780 3962 1138 4015; x_wconf 76' lang='lat' dir='ltr'><strong>Prmbueruut</strong></span> <span class='ocrx_word' id='word_1_412' title='bbox 1199 3961 1421 4014; x_wconf 89' lang='lat' dir='ltr'><strong>odorem</strong></span> <span class='ocrx_word' id='word_1_413' title='bbox 1477 3959 1751 4012; x_wconf 82' lang='lat' dir='ltr'><strong>rationum</strong></span> <span class='ocrx_word' id='word_1_414' title='bbox 1789 3959 2034 4012; x_wconf 80' lang='lat' dir='ltr'><strong>veritatis</strong></span> <span class='ocrx_word' id='word_1_415' title='bbox 2091 3957 2143 4010; x_wconf 90' lang='lat' dir='ltr'><strong>in</strong></span> <span class='ocrx_word' id='word_1_416' title='bbox 2192 3958 2354 4010; x_wconf 87' lang='lat' dir='ltr'><strong>rebus</strong></span> 
     </span>
    </p>
   </div>
   <div class='ocr_carea' id='block_1_59' title="bbox 777 4049 2352 4119">
    <p class='ocr_par' dir='ltr' id='par_1_59' title="bbox 777 4049 2352 4119">
     <span class='ocr_line' id='line_1_59' title="bbox 777 4049 2352 4119; baseline -0.003 -14"><span class='ocrx_word' id='word_1_417' title='bbox 777 4055 1031 4106; x_wconf 80' lang='lat' dir='ltr'><strong>oiuuibus</strong></span> <span class='ocrx_word' id='word_1_418' title='bbox 1061 4051 1391 4114; x_wconf 79' lang='lat' dir='ltr'><strong>exliibentis,</strong></span> <span class='ocrx_word' id='word_1_419' title='bbox 1436 4050 1481 4104; x_wconf 89' lang='lat' dir='ltr'><strong>si</strong></span> <span class='ocrx_word' id='word_1_420' title='bbox 1542 4049 1862 4119; x_wconf 87' lang='lat' dir='ltr'><strong>spiritaliter</strong></span> <span class='ocrx_word' id='word_1_421' title='bbox 1910 4049 2352 4102; x_wconf 78' lang='lat' dir='ltr'><strong>consitlereutur.</strong></span> 
     </span>
    </p>
   </div>
   <div class='ocr_carea' id='block_1_60' title="bbox 779 4137 2354 4210">
    <p class='ocr_par' dir='ltr' id='par_1_60' title="bbox 779 4137 2354 4210">
     <span class='ocr_line' id='line_1_60' title="bbox 779 4137 2354 4210; baseline -0.003 -12"><span class='ocrx_word' id='word_1_422' title='bbox 779 4145 1142 4210; x_wconf 75' lang='lat' dir='ltr'><strong>Quamobrem</strong></span> <span class='ocrx_word' id='word_1_423' title='bbox 1171 4155 1218 4197; x_wconf 85' lang='lat' dir='ltr'><strong>et</strong></span> <span class='ocrx_word' id='word_1_424' title='bbox 1252 4144 1305 4196; x_wconf 79' lang='lat' dir='ltr'><strong>in</strong></span> <span class='ocrx_word' id='word_1_425' title='bbox 1349 4143 1516 4208; x_wconf 81' lang='lat' dir='ltr'><strong>portis</strong></span> <span class='ocrx_word' id='word_1_426' title='bbox 1571 4143 1767 4195; x_wconf 79' lang='lat' dir='ltr'><strong>nostris</strong></span> <span class='ocrx_word' id='word_1_427' title='bbox 1807 4157 1984 4194; x_wconf 83' lang='lat' dir='ltr'><strong>omnes</strong></span> <span class='ocrx_word' id='word_1_428' title='bbox 2022 4156 2199 4194; x_wconf 78' lang='lat' dir='ltr'><strong>nuces.</strong></span> <span class='ocrx_word' id='word_1_429' title='bbox 2240 4137 2354 4194; x_wconf 79' lang='lat' dir='ltr'><strong>Hoc</strong></span> 
     </span>
    </p>
   </div>
   <div class='ocr_carea' id='block_1_61' title="bbox 779 4229 2352 4300">
    <p class='ocr_par' dir='ltr' id='par_1_61' title="bbox 779 4229 2352 4300">
     <span class='ocr_line' id='line_1_61' title="bbox 779 4229 2352 4300; baseline -0.006 -11"><span class='ocrx_word' id='word_1_430' title='bbox 779 4247 862 4289; x_wconf 86' lang='lat' dir='ltr'><strong>est</strong></span> <span class='ocrx_word' id='word_1_431' title='bbox 913 4237 969 4288; x_wconf 93' lang='lat' dir='ltr'><strong>in</strong></span> <span class='ocrx_word' id='word_1_432' title='bbox 1020 4233 1277 4289; x_wconf 86' lang='lat' dir='ltr'><strong>sensibus</strong></span> <span class='ocrx_word' id='word_1_433' title='bbox 1333 4234 1469 4287; x_wconf 90' lang='lat' dir='ltr'><strong>meis</strong></span> <span class='ocrx_word' id='word_1_434' title='bbox 1519 4231 1635 4300; x_wconf 81' lang='lat' dir='ltr'><strong>(qui</strong></span> <span class='ocrx_word' id='word_1_435' title='bbox 1683 4231 1853 4286; x_wconf 89' lang='lat' dir='ltr'><strong>veluti</strong></span> <span class='ocrx_word' id='word_1_436' title='bbox 1906 4239 2074 4300; x_wconf 66' lang='lat' dir='ltr'><strong>porta:</strong></span> <span class='ocrx_word' id='word_1_437' title='bbox 2106 4229 2352 4300; x_wconf 74' lang='lat' dir='ltr'><strong>quaedam</strong></span> 
     </span>
    </p>
   </div>
   <div class='ocr_carea' id='block_1_62' title="bbox 777 4324 2350 4394">
    <p class='ocr_par' dir='ltr' id='par_1_62' title="bbox 777 4324 2350 4394">
     <span class='ocr_line' id='line_1_62' title="bbox 777 4324 2350 4394; baseline -0.006 -12"><span class='ocrx_word' id='word_1_438' title='bbox 777 4329 1017 4382; x_wconf 80' lang='lat' dir='ltr'><strong>educunt</strong></span> <span class='ocrx_word' id='word_1_439' title='bbox 1037 4325 1256 4394; x_wconf 88' lang='lat' dir='ltr'><strong>quidem</strong></span> <span class='ocrx_word' id='word_1_440' title='bbox 1286 4340 1370 4380; x_wconf 90' lang='lat' dir='ltr'><strong>me</strong></span> <span class='ocrx_word' id='word_1_441' title='bbox 1387 4324 1454 4380; x_wconf 83' lang='lat' dir='ltr'><strong>ad</strong></span> <span class='ocrx_word' id='word_1_442' title='bbox 1478 4333 1528 4380; x_wconf 89' lang='lat' dir='ltr'><strong>te</strong></span> <span class='ocrx_word' id='word_1_443' title='bbox 1551 4333 1612 4378; x_wconf 86' lang='lat' dir='ltr'><strong>ut</strong></span> <span class='ocrx_word' id='word_1_444' title='bbox 1637 4339 1821 4379; x_wconf 89' lang='lat' dir='ltr'><strong>rerum</strong></span> <span class='ocrx_word' id='word_1_445' title='bbox 1840 4325 2081 4377; x_wconf 90' lang='lat' dir='ltr'><strong>omnium</strong></span> <span class='ocrx_word' id='word_1_446' title='bbox 2107 4337 2350 4388; x_wconf 88' lang='lat' dir='ltr'><strong>causam,</strong></span> 
     </span>
    </p>
   </div>
   <div class='ocr_carea' id='block_1_63' title="bbox 781 4414 2350 4486">
    <p class='ocr_par' dir='ltr' id='par_1_63' title="bbox 781 4414 2350 4486">
     <span class='ocr_line' id='line_1_63' title="bbox 781 4414 2350 4486; baseline -0.001 -18"><span class='ocrx_word' id='word_1_447' title='bbox 781 4434 878 4485; x_wconf 87' lang='lat' dir='ltr'><strong>per</strong></span> <span class='ocrx_word' id='word_1_448' title='bbox 904 4421 1211 4471; x_wconf 88' lang='lat' dir='ltr'><strong>naturalem</strong></span> <span class='ocrx_word' id='word_1_449' title='bbox 1235 4420 1477 4486; x_wconf 89' lang='lat' dir='ltr'><strong>ipsarum</strong></span> <span class='ocrx_word' id='word_1_450' title='bbox 1505 4417 1559 4470; x_wconf 90' lang='lat' dir='ltr'><strong>in</strong></span> <span class='ocrx_word' id='word_1_451' title='bbox 1588 4415 1784 4486; x_wconf 88' lang='lat' dir='ltr'><strong>spiritu</strong></span> <span class='ocrx_word' id='word_1_452' title='bbox 1813 4414 2350 4485; x_wconf 87' lang='lat' dir='ltr'><strong>contemplationem,</strong></span> 
     </span>
    </p>
   </div>
   <div class='ocr_carea' id='block_1_64' title="bbox 2389 3201 2430 3256">
    <p class='ocr_par' dir='ltr' id='par_1_64' title="bbox 2389 3201 2430 3256">
     <span class='ocr_line' id='line_1_64' title="bbox 2389 3201 2430 3256; baseline 0 0"><span class='ocrx_word' id='word_1_453' title='bbox 2389 3201 2430 3256; x_wconf 66' lang='grc' dir='ltr'><strong>(ἶ</strong></span> 
     </span>
    </p>
   </div>
   <div class='ocr_carea' id='block_1_65' title="bbox 2465 1946 4042 2018">
    <p class='ocr_par' dir='ltr' id='par_1_65' title="bbox 2465 1946 4042 2018">
     <span class='ocr_line' id='line_1_65' title="bbox 2465 1946 4042 2018; baseline 0 -20"><span class='ocrx_word' id='word_1_454' title='bbox 2465 1963 2556 1998; x_wconf 88' lang='grc' dir='ltr'><strong>σεν</strong></span> <span class='ocrx_word' id='word_1_455' title='bbox 2591 1947 2743 2010; x_wconf 82' lang='grc' dir='ltr'>ἐντός</span> <span class='ocrx_word' id='word_1_456' title='bbox 2780 1963 2839 2000; x_wconf 85' lang='grc' dir='ltr'><strong>τε</strong></span> <span class='ocrx_word' id='word_1_457' title='bbox 2874 1947 2995 2000; x_wconf 83' lang='grc' dir='ltr'>καθ’</span> <span class='ocrx_word' id='word_1_458' title='bbox 3027 1947 3142 2012; x_wconf 74' lang='grc' dir='ltr'>ἕξιν</span> <span class='ocrx_word' id='word_1_459' title='bbox 3171 1949 3282 2010; x_wconf 79' lang='grc' dir='ltr'>τοῖς</span> <span class='ocrx_word' id='word_1_460' title='bbox 3310 1948 3490 2016; x_wconf 81' lang='grc' dir='ltr'>λόγοις</span> <span class='ocrx_word' id='word_1_461' title='bbox 3524 1948 3632 1999; x_wconf 90' lang='grc' dir='ltr'><strong>τῶν</strong></span> <span class='ocrx_word' id='word_1_462' title='bbox 3661 1947 3894 2018; x_wconf 87' lang='grc' dir='ltr'>ἀρετῶν,</span> <span class='ocrx_word' id='word_1_463' title='bbox 3947 1946 4042 2000; x_wconf 81' lang='grc' dir='ltr'><strong>καὶ</strong></span> 
     </span>
    </p>
   </div>
   <div class='ocr_carea' id='block_1_66' title="bbox 2461 2040 4040 2111">
    <p class='ocr_par' dir='ltr' id='par_1_66' title="bbox 2461 2040 4040 2111">
     <span class='ocr_line' id='line_1_66' title="bbox 2461 2040 4040 2111; baseline 0 -19"><span class='ocrx_word' id='word_1_464' title='bbox 2461 2040 2617 2102; x_wconf 77' lang='grc' dir='ltr'>ἐκτὸς</span> <span class='ocrx_word' id='word_1_465' title='bbox 2660 2043 2781 2093; x_wconf 82' lang='grc' dir='ltr'>κατ’</span> <span class='ocrx_word' id='word_1_466' title='bbox 2833 2040 3118 2110; x_wconf 76' lang='grc' dir='ltr'>ἐνέργειαν</span> <span class='ocrx_word' id='word_1_467' title='bbox 3148 2043 3261 2104; x_wconf 84' lang='grc' dir='ltr'>τοῖς</span> <span class='ocrx_word' id='word_1_468' title='bbox 3309 2042 3531 2111; x_wconf 70' lang='grc' dir='ltr'>τρόποις</span> <span class='ocrx_word' id='word_1_469' title='bbox 3580 2041 3781 2095; x_wconf 83' lang='grc' dir='ltr'>αὐτῶν.</span> <span class='ocrx_word' id='word_1_470' title='bbox 3833 2040 3891 2092; x_wconf 91' lang='lat'><strong>&#39;0</strong></span> <span class='ocrx_word' id='word_1_471' title='bbox 3933 2042 4040 2110; x_wconf 74' lang='grc' dir='ltr'><strong>γάρ</strong></span> 
     </span>
    </p>
   </div>
   <div class='ocr_carea' id='block_1_67' title="bbox 2462 2133 4041 2204">
    <p class='ocr_par' dir='ltr' id='par_1_67' title="bbox 2462 2133 4041 2204">
     <span class='ocr_line' id='line_1_67' title="bbox 2462 2133 4041 2204; baseline 0 -21"><span class='ocrx_word' id='word_1_472' title='bbox 2462 2134 2601 2185; x_wconf 69' lang='grc' dir='ltr'>κατὰ</span> <span class='ocrx_word' id='word_1_473' title='bbox 2645 2135 2772 2196; x_wconf 77' lang='grc' dir='ltr'>τοὺς</span> <span class='ocrx_word' id='word_1_474' title='bbox 2818 2134 3010 2202; x_wconf 81' lang='grc' dir='ltr'>λόγους</span> <span class='ocrx_word' id='word_1_475' title='bbox 3042 2133 3152 2188; x_wconf 88' lang='grc' dir='ltr'><strong>τῶν</strong></span> <span class='ocrx_word' id='word_1_476' title='bbox 3184 2134 3395 2204; x_wconf 84' lang='grc' dir='ltr'>ἀρετῶν</span> <span class='ocrx_word' id='word_1_477' title='bbox 3427 2134 3690 2203; x_wconf 77' lang='grc' dir='ltr'>ἁνθισμδς</span> <span class='ocrx_word' id='word_1_478' title='bbox 3719 2135 3816 2204; x_wconf 86' lang='grc' dir='ltr'><strong>τῆς</strong></span> <span class='ocrx_word' id='word_1_479' title='bbox 3863 2133 4041 2203; x_wconf 74' lang='grc' dir='ltr'>ψυχῆς</span> 
     </span>
    </p>
   </div>
   <div class='ocr_carea' id='block_1_68' title="bbox 2461 2219 4040 2295">
    <p class='ocr_par' dir='ltr' id='par_1_68' title="bbox 2461 2219 4040 2295">
     <span class='ocr_line' id='line_1_68' title="bbox 2461 2219 4040 2295; baseline -0.001 -18"><span class='ocrx_word' id='word_1_480' title='bbox 2461 2226 2716 2294; x_wconf 78' lang='grc' dir='ltr'>κυπρίξει</span> <span class='ocrx_word' id='word_1_481' title='bbox 2768 2229 2906 2278; x_wconf 74' lang='grc' dir='ltr'>κατὰ</span> <span class='ocrx_word' id='word_1_482' title='bbox 2954 2226 3082 2289; x_wconf 72' lang='grc' dir='ltr'>τοὺς</span> <span class='ocrx_word' id='word_1_483' title='bbox 3112 2226 3348 2295; x_wconf 78' lang='grc' dir='ltr'>τρόπους</span> <span class='ocrx_word' id='word_1_484' title='bbox 3395 2225 3574 2278; x_wconf 78' lang='grc' dir='ltr'>αὐτῶν</span> <span class='ocrx_word' id='word_1_485' title='bbox 3602 2227 3659 2277; x_wconf 88' lang='grc' dir='ltr'><strong>ἐν</strong></span> <span class='ocrx_word' id='word_1_486' title='bbox 3696 2225 3877 2294; x_wconf 85' lang='grc' dir='ltr'>σαρκί.</span> <span class='ocrx_word' id='word_1_487' title='bbox 3933 2219 4040 2288; x_wconf 61' lang='grc' dir='ltr'><strong>ἐἷς</strong></span> 
     </span>
    </p>
   </div>
   <div class='ocr_carea' id='block_1_69' title="bbox 2463 2316 4040 2387">
    <p class='ocr_par' dir='ltr' id='par_1_69' title="bbox 2463 2316 4040 2387">
     <span class='ocr_line' id='line_1_69' title="bbox 2463 2316 4040 2387; baseline 0 -19"><span class='ocrx_word' id='word_1_488' title='bbox 2463 2317 2696 2379; x_wconf 70' lang='grc' dir='ltr'>πίστεως</span> <span class='ocrx_word' id='word_1_489' title='bbox 2725 2318 2784 2369; x_wconf 77' lang='grc' dir='ltr'>τὸ</span> <span class='ocrx_word' id='word_1_490' title='bbox 2816 2317 2974 2386; x_wconf 88' lang='grc' dir='ltr'>δῆθεν</span> <span class='ocrx_word' id='word_1_491' title='bbox 3006 2317 3267 2384; x_wconf 81' lang='grc' dir='ltr'>μυστικὸν</span> <span class='ocrx_word' id='word_1_492' title='bbox 3297 2317 3390 2370; x_wconf 70' lang='grc' dir='ltr'><strong>καὶ</strong></span> <span class='ocrx_word' id='word_1_493' title='bbox 3423 2317 3656 2386; x_wconf 80' lang='grc' dir='ltr'>φανερὸν</span> <span class='ocrx_word' id='word_1_494' title='bbox 3682 2317 3862 2380; x_wconf 76' lang='grc' dir='ltr'>ἄνθος,</span> <span class='ocrx_word' id='word_1_495' title='bbox 3899 2316 4040 2387; x_wconf 73' lang='grc' dir='ltr'>ῥοῶν</span> 
     </span>
    </p>
   </div>
   <div class='ocr_carea' id='block_1_70' title="bbox 2461 2409 4037 2479">
    <p class='ocr_par' dir='ltr' id='par_1_70' title="bbox 2461 2409 4037 2479">
     <span class='ocr_line' id='line_1_70' title="bbox 2461 2409 4037 2479; baseline -0.001 -19"><span class='ocrx_word' id='word_1_496' title='bbox 2461 2411 2606 2460; x_wconf 88' lang='grc' dir='ltr'>ἐστιν</span> <span class='ocrx_word' id='word_1_497' title='bbox 2643 2411 2802 2472; x_wconf 81' lang='grc' dir='ltr'>ἄνθος</span> <span class='ocrx_word' id='word_1_498' title='bbox 2835 2411 3036 2478; x_wconf 80' lang='grc' dir='ltr'>ἀἴπερ</span> <span class='ocrx_word' id='word_1_499' title='bbox 3066 2410 3217 2472; x_wconf 74' lang='grc' dir='ltr'>ἐντος</span> <span class='ocrx_word' id='word_1_500' title='bbox 3252 2409 3350 2479; x_wconf 82' lang='grc' dir='ltr'>μὲν</span> <span class='ocrx_word' id='word_1_501' title='bbox 3390 2410 3451 2461; x_wconf 78' lang='grc' dir='ltr'>τὸ</span> <span class='ocrx_word' id='word_1_502' title='bbox 3492 2409 3663 2476; x_wconf 80' lang='grc' dir='ltr'>γλυκὺ</span> <span class='ocrx_word' id='word_1_503' title='bbox 3696 2409 3790 2462; x_wconf 80' lang='grc' dir='ltr'>τοῦ</span> <span class='ocrx_word' id='word_1_504' title='bbox 3825 2409 4037 2478; x_wconf 73' lang='grc' dir='ltr'>καρποῦ</span> 
     </span>
    </p>
   </div>
   <div class='ocr_carea' id='block_1_71' title="bbox 2465 2499 4040 2572">
    <p class='ocr_par' dir='ltr' id='par_1_71' title="bbox 2465 2499 4040 2572">
     <span class='ocr_line' id='line_1_71' title="bbox 2465 2499 4040 2572; baseline -0.001 -20"><span class='ocrx_word' id='word_1_505' title='bbox 2465 2502 2874 2572; x_wconf 63' lang='grc' dir='ltr'>περιφέρουσιν,</span> <span class='ocrx_word' id='word_1_506' title='bbox 2911 2503 3066 2564; x_wconf 68' lang='grc' dir='ltr'>ἐκτὸς</span> <span class='ocrx_word' id='word_1_507' title='bbox 3095 2503 3150 2554; x_wconf 76' lang='grc' dir='ltr'>δὲ</span> <span class='ocrx_word' id='word_1_508' title='bbox 3181 2503 3242 2554; x_wconf 81' lang='grc' dir='ltr'>τὺ</span> <span class='ocrx_word' id='word_1_509' title='bbox 3269 2501 3362 2555; x_wconf 80' lang='grc' dir='ltr'>τοῦ</span> <span class='ocrx_word' id='word_1_510' title='bbox 3390 2501 3630 2571; x_wconf 77' lang='grc' dir='ltr'>λεπύρου</span> <span class='ocrx_word' id='word_1_511' title='bbox 3683 2501 3900 2570; x_wconf 80' lang='grc' dir='ltr'>πικρόν.</span> <span class='ocrx_word' id='word_1_512' title='bbox 3932 2499 4040 2551; x_wconf 80' lang='grc' dir='ltr'>Καὶ</span> 
     </span>
    </p>
   </div>
   <div class='ocr_carea' id='block_1_72' title="bbox 2461 2593 4040 2665">
    <p class='ocr_par' dir='ltr' id='par_1_72' title="bbox 2461 2593 4040 2665">
     <span class='ocr_line' id='line_1_72' title="bbox 2461 2593 4040 2665; baseline -0.001 -20"><span class='ocrx_word' id='word_1_513' title='bbox 2461 2595 2568 2664; x_wconf 74' lang='grc' dir='ltr'><strong>γάρ</strong></span> <span class='ocrx_word' id='word_1_514' title='bbox 2612 2596 2706 2646; x_wconf 69' lang='grc' dir='ltr'><strong>καὶ</strong></span> <span class='ocrx_word' id='word_1_515' title='bbox 2748 2595 2776 2646; x_wconf 88' lang='grc' dir='ltr'>ὁ</span> <span class='ocrx_word' id='word_1_516' title='bbox 2810 2595 2906 2662; x_wconf 82' lang='grc' dir='ltr'><strong>τῆς</strong></span> <span class='ocrx_word' id='word_1_517' title='bbox 2945 2595 3181 2657; x_wconf 85' lang='grc' dir='ltr'>πίστεως</span> <span class='ocrx_word' id='word_1_518' title='bbox 3219 2595 3430 2665; x_wconf 76' lang='grc' dir='ltr'>καρπὸς</span> <span class='ocrx_word' id='word_1_519' title='bbox 3475 2594 3617 2647; x_wconf 72' lang='grc' dir='ltr'>κατὰ</span> <span class='ocrx_word' id='word_1_520' title='bbox 3661 2593 3760 2663; x_wconf 82' lang='grc' dir='ltr'>μὲν</span> <span class='ocrx_word' id='word_1_521' title='bbox 3795 2608 4040 2661; x_wconf 77' lang='grc' dir='ltr'>κεκρυμ-</span> 
     </span>
    </p>
   </div>
   <div class='ocr_carea' id='block_1_73' title="bbox 2465 2680 4037 2754">
    <p class='ocr_par' dir='ltr' id='par_1_73' title="bbox 2465 2680 4037 2754">
     <span class='ocr_line' id='line_1_73' title="bbox 2465 2680 4037 2754; baseline -0.001 -18"><span class='ocrx_word' id='word_1_522' title='bbox 2465 2685 2634 2753; x_wconf 82' lang='grc' dir='ltr'>μένην</span> <span class='ocrx_word' id='word_1_523' title='bbox 2681 2685 2780 2753; x_wconf 87' lang='grc' dir='ltr'><strong>τῆς</strong></span> <span class='ocrx_word' id='word_1_524' title='bbox 2837 2685 3016 2754; x_wconf 66' lang='grc' dir='ltr'>ψυχῆς</span> <span class='ocrx_word' id='word_1_525' title='bbox 3052 2686 3313 2748; x_wconf 78' lang='grc' dir='ltr'>διάθεσιν,</span> <span class='ocrx_word' id='word_1_526' title='bbox 3365 2685 3726 2754; x_wconf 73' lang='grc' dir='ltr'>εύφραντικός</span> <span class='ocrx_word' id='word_1_527' title='bbox 3771 2685 3909 2745; x_wconf 90' lang='grc' dir='ltr'>ἐστι,</span> <span class='ocrx_word' id='word_1_528' title='bbox 3948 2680 4037 2735; x_wconf 83' lang='grc' dir='ltr'><strong>διὰ</strong></span> 
     </span>
    </p>
   </div>
   <div class='ocr_carea' id='block_1_74' title="bbox 2459 2770 4035 2844">
    <p class='ocr_par' dir='ltr' id='par_1_74' title="bbox 2459 2770 4035 2844">
     <span class='ocr_line' id='line_1_74' title="bbox 2459 2770 4035 2844; baseline -0.004 -15"><span class='ocrx_word' id='word_1_529' title='bbox 2459 2777 2556 2844; x_wconf 77' lang='grc' dir='ltr'><strong>τὴν</strong></span> <span class='ocrx_word' id='word_1_530' title='bbox 2589 2775 2688 2842; x_wconf 79' lang='grc' dir='ltr'><strong>τῆς</strong></span> <span class='ocrx_word' id='word_1_531' title='bbox 2725 2777 3021 2844; x_wconf 78' lang='grc' dir='ltr'>μελλούσης</span> <span class='ocrx_word' id='word_1_532' title='bbox 3061 2776 3485 2844; x_wconf 73' lang='grc' dir='ltr'>μισθαποδοσίας</span> <span class='ocrx_word' id='word_1_533' title='bbox 3527 2776 3720 2828; x_wconf 83' lang='grc' dir='ltr'>ἐλπίδα</span> <span class='ocrx_word' id='word_1_534' title='bbox 3747 2791 3761 2804; x_wconf 85' lang='grc'><em>’</em></span> <span class='ocrx_word' id='word_1_535' title='bbox 3810 2772 3949 2824; x_wconf 73' lang='grc' dir='ltr'>κατὰ</span> <span class='ocrx_word' id='word_1_536' title='bbox 3977 2770 4035 2823; x_wconf 70' lang='grc' dir='ltr'>δὲ</span> 
     </span>
    </p>
   </div>
   <div class='ocr_carea' id='block_1_75' title="bbox 2460 2864 4036 2936">
    <p class='ocr_par' dir='ltr' id='par_1_75' title="bbox 2460 2864 4036 2936">
     <span class='ocr_line' id='line_1_75' title="bbox 2460 2864 4036 2936; baseline -0.013 -2"><span class='ocrx_word' id='word_1_537' title='bbox 2460 2869 2556 2935; x_wconf 66' lang='grc' dir='ltr'>τὴν</span> <span class='ocrx_word' id='word_1_538' title='bbox 2589 2869 2742 2930; x_wconf 62' lang='grc' dir='ltr'>ἐκτδς</span> <span class='ocrx_word' id='word_1_539' title='bbox 2797 2868 2894 2934; x_wconf 70' lang='grc' dir='ltr'><strong>τῆς</strong></span> <span class='ocrx_word' id='word_1_540' title='bbox 2935 2869 3130 2935; x_wconf 70' lang='grc' dir='ltr'>σαρκὸς</span> <span class='ocrx_word' id='word_1_541' title='bbox 3169 2868 3449 2936; x_wconf 63' lang='grc' dir='ltr'>ὀδυνηρὸς,</span> <span class='ocrx_word' id='word_1_542' title='bbox 3489 2867 3575 2918; x_wconf 78' lang='grc' dir='ltr'><strong>διὰ</strong></span> <span class='ocrx_word' id='word_1_543' title='bbox 3607 2867 3666 2919; x_wconf 84' lang='grc' dir='ltr'><strong>τὸ</strong></span> <span class='ocrx_word' id='word_1_544' title='bbox 3707 2865 3805 2932; x_wconf 86' lang='grc' dir='ltr'><strong>τῆς</strong></span> <span class='ocrx_word' id='word_1_545' title='bbox 3834 2864 4036 2932; x_wconf 85' lang='grc' dir='ltr'>ἀρετῆς</span> 
     </span>
    </p>
   </div>
   <div class='ocr_carea' id='block_1_76' title="bbox 2460 2957 4036 3026">
    <p class='ocr_par' dir='ltr' id='par_1_76' title="bbox 2460 2957 4036 3026">
     <span class='ocr_line' id='line_1_76' title="bbox 2460 2957 4036 3026; baseline 0.001 -20"><span class='ocrx_word' id='word_1_546' title='bbox 2460 2958 2736 3009; x_wconf 77' lang='grc' dir='ltr'>ἐπίπονον.</span> <span class='ocrx_word' id='word_1_547' title='bbox 2781 2958 2938 3011; x_wconf 81' lang='grc' dir='ltr'><strong>Ἔκεῖ</strong></span> <span class='ocrx_word' id='word_1_548' title='bbox 2962 2959 3131 3011; x_wconf 77' lang='grc' dir='ltr'>δώσω</span> <span class='ocrx_word' id='word_1_549' title='bbox 3170 2959 3308 3023; x_wconf 73' lang='grc' dir='ltr'>τοὺς</span> <span class='ocrx_word' id='word_1_550' title='bbox 3338 2959 3609 3026; x_wconf 82' lang='grc' dir='ltr'>μαστούς</span> <span class='ocrx_word' id='word_1_551' title='bbox 3641 2975 3758 3025; x_wconf 82' lang='grc' dir='ltr'>μου</span> <span class='ocrx_word' id='word_1_552' title='bbox 3781 2957 3901 3010; x_wconf 87' lang='grc' dir='ltr'>σοί.</span> <span class='ocrx_word' id='word_1_553' title='bbox 3933 2958 4036 3022; x_wconf 63' lang='lat' dir='ltr'><strong>Ar,-</strong></span> 
     </span>
    </p>
   </div>
   <div class='ocr_carea' id='block_1_77' title="bbox 2459 3047 4037 3118">
    <p class='ocr_par' dir='ltr' id='par_1_77' title="bbox 2459 3047 4037 3118">
     <span class='ocr_line' id='line_1_77' title="bbox 2459 3047 4037 3118; baseline 0 -20"><span class='ocrx_word' id='word_1_554' title='bbox 2459 3047 2654 3110; x_wconf 84' lang='grc' dir='ltr'>λονότι,</span> <span class='ocrx_word' id='word_1_555' title='bbox 2687 3049 2776 3099; x_wconf 86' lang='grc' dir='ltr'>Ἐν</span> <span class='ocrx_word' id='word_1_556' title='bbox 2822 3048 2900 3118; x_wconf 83' lang='grc' dir='ltr'>τῷ</span> <span class='ocrx_word' id='word_1_557' title='bbox 2931 3049 3208 3118; x_wconf 82' lang='grc' dir='ltr'>εἰρημένῳ</span> <span class='ocrx_word' id='word_1_558' title='bbox 3239 3047 3393 3117; x_wconf 77' lang='grc' dir='ltr'><strong>ἀγρῷ</strong></span> <span class='ocrx_word' id='word_1_559' title='bbox 3419 3048 3528 3100; x_wconf 90' lang='grc' dir='ltr'><strong>τῶν</strong></span> <span class='ocrx_word' id='word_1_560' title='bbox 3576 3047 4037 3117; x_wconf 81' lang='grc' dir='ltr'>μαθητευομὲνων</span> 
     </span>
    </p>
   </div>
   <div class='ocr_carea' id='block_1_78' title="bbox 2467 3136 4038 3209">
    <p class='ocr_par' dir='ltr' id='par_1_78' title="bbox 2467 3136 4038 3209">
     <span class='ocr_line' id='line_1_78' title="bbox 2467 3136 4038 3209; baseline -0.001 -19"><span class='ocrx_word' id='word_1_561' title='bbox 2467 3157 2555 3207; x_wconf 84' lang='grc' dir='ltr'><strong>μοι</strong></span> <span class='ocrx_word' id='word_1_562' title='bbox 2585 3139 2842 3208; x_wconf 79' lang='grc' dir='ltr'>προσάξω</span> <span class='ocrx_word' id='word_1_563' title='bbox 2884 3157 2964 3191; x_wconf 87' lang='grc' dir='ltr'><strong>σοι</strong></span> <span class='ocrx_word' id='word_1_564' title='bbox 3013 3140 3092 3208; x_wconf 78' lang='grc' dir='ltr'>τῷ</span> <span class='ocrx_word' id='word_1_565' title='bbox 3141 3139 3363 3208; x_wconf 75' lang='grc' dir='ltr'>νυμφίῳ</span> <span class='ocrx_word' id='word_1_566' title='bbox 3395 3156 3496 3209; x_wconf 90' lang='grc' dir='ltr'><strong>μου</strong></span> <span class='ocrx_word' id='word_1_567' title='bbox 3524 3137 3622 3206; x_wconf 80' lang='grc' dir='ltr'><strong>τὴν</strong></span> <span class='ocrx_word' id='word_1_568' title='bbox 3656 3138 3792 3207; x_wconf 82' lang='grc' dir='ltr'>πρὸς</span> <span class='ocrx_word' id='word_1_569' title='bbox 3836 3136 4038 3198; x_wconf 82' lang='grc' dir='ltr'>ταύτας</span> 
     </span>
    </p>
   </div>
   <div class='ocr_carea' id='block_1_79' title="bbox 2461 3229 4039 3299">
    <p class='ocr_par' dir='ltr' id='par_1_79' title="bbox 2461 3229 4039 3299">
     <span class='ocr_line' id='line_1_79' title="bbox 2461 3229 4039 3299; baseline -0.001 -18"><span class='ocrx_word' id='word_1_570' title='bbox 2461 3231 2655 3299; x_wconf 75' lang='grc' dir='ltr'>ἠθικὴν</span> <span class='ocrx_word' id='word_1_571' title='bbox 2698 3231 2790 3282; x_wconf 73' lang='grc' dir='ltr'><strong>καὶ</strong></span> <span class='ocrx_word' id='word_1_572' title='bbox 2822 3231 3056 3299; x_wconf 72' lang='grc' dir='ltr'>φυσικὴν</span> <span class='ocrx_word' id='word_1_573' title='bbox 3088 3230 3587 3299; x_wconf 80' lang='grc' dir='ltr'>διδασκαλίαν’μου,</span> <span class='ocrx_word' id='word_1_574' title='bbox 3617 3230 3691 3292; x_wconf 88' lang='grc' dir='ltr'>ὡς</span> <span class='ocrx_word' id='word_1_575' title='bbox 3720 3230 3810 3282; x_wconf 74' lang='grc' dir='ltr'><strong>διὰ</strong></span> <span class='ocrx_word' id='word_1_576' title='bbox 3835 3229 4039 3281; x_wconf 84' lang='grc' dir='ltr'>τούτων</span> 
     </span>
    </p>
   </div>
   <div class='ocr_carea' id='block_1_80' title="bbox 2458 3321 4039 3391">
    <p class='ocr_par' dir='ltr' id='par_1_80' title="bbox 2458 3321 4039 3391">
     <span class='ocr_line' id='line_1_80' title="bbox 2458 3321 4039 3391; baseline 0.001 -20"><span class='ocrx_word' id='word_1_577' title='bbox 2458 3321 2628 3382; x_wconf 80' lang='grc' dir='ltr'>αὑτάς</span> <span class='ocrx_word' id='word_1_578' title='bbox 2667 3323 2803 3391; x_wconf 76' lang='grc' dir='ltr'>πρὸς</span> <span class='ocrx_word' id='word_1_579' title='bbox 2833 3324 2932 3390; x_wconf 73' lang='grc' dir='ltr'><strong>τὴν</strong></span> <span class='ocrx_word' id='word_1_580' title='bbox 2976 3323 3368 3390; x_wconf 82' lang='grc' dir='ltr'>μυσταγωγίαν</span> <span class='ocrx_word' id='word_1_581' title='bbox 3399 3322 3644 3385; x_wconf 77' lang='grc' dir='ltr'>ἀνάξασα</span> <span class='ocrx_word' id='word_1_582' title='bbox 3689 3323 3748 3374; x_wconf 79' lang='grc' dir='ltr'><strong>ἐν</strong></span> <span class='ocrx_word' id='word_1_583' title='bbox 3781 3321 3858 3390; x_wconf 75' lang='grc' dir='ltr'>τῷ</span> <span class='ocrx_word' id='word_1_584' title='bbox 3904 3322 4039 3372; x_wconf 83' lang='grc' dir='ltr'>ἀπο-</span> 
     </span>
    </p>
   </div>
   <div class='ocr_carea' id='block_1_81' title="bbox 2457 3413 4041 3482">
    <p class='ocr_par' dir='ltr' id='par_1_81' title="bbox 2457 3413 4041 3482">
     <span class='ocr_line' id='line_1_81' title="bbox 2457 3413 4041 3482; baseline 0.009 -18"><span class='ocrx_word' id='word_1_585' title='bbox 2457 3413 2630 3477; x_wconf 75' lang='grc' dir='ltr'>δεῖξαι</span> <span class='ocrx_word' id='word_1_586' title='bbox 2670 3413 2768 3482; x_wconf 79' lang='grc' dir='ltr'>τὴν</span> <span class='ocrx_word' id='word_1_587' title='bbox 2820 3415 2928 3466; x_wconf 92' lang='grc' dir='ltr'><strong>τῶν</strong></span> <span class='ocrx_word' id='word_1_588' title='bbox 2980 3415 3118 3466; x_wconf 81' lang='grc' dir='ltr'>ὅλων</span> <span class='ocrx_word' id='word_1_589' title='bbox 3165 3415 3328 3482; x_wconf 83' lang='grc' dir='ltr'>φύσιν</span> <span class='ocrx_word' id='word_1_590' title='bbox 3384 3432 3442 3466; x_wconf 87' lang='grc' dir='ltr'><strong>σε</strong></span> <span class='ocrx_word' id='word_1_591' title='bbox 3478 3415 3570 3466; x_wconf 83' lang='grc' dir='ltr'><strong>τὸν</strong></span> <span class='ocrx_word' id='word_1_592' title='bbox 3614 3414 3818 3482; x_wconf 80' lang='grc' dir='ltr'>ταύτης</span> <span class='ocrx_word' id='word_1_593' title='bbox 3868 3413 4041 3468; x_wconf 68' lang='grc' dir='ltr'><strong>αἵτιῠν</strong></span> 
     </span>
    </p>
   </div>
   <div class='ocr_carea' id='block_1_82' title="bbox 2459 3503 4043 3574">
    <p class='ocr_par' dir='ltr' id='par_1_82' title="bbox 2459 3503 4043 3574">
     <span class='ocr_line' id='line_1_82' title="bbox 2459 3503 4043 3574; baseline 0 -21"><span class='ocrx_word' id='word_1_594' title='bbox 2459 3503 2838 3572; x_wconf 73' lang='grc' dir='ltr'>αἱνιττομένην</span> <span class='ocrx_word' id='word_1_595' title='bbox 2895 3505 3242 3574; x_wconf 76' lang='grc' dir='ltr'>συμϐολικῶς</span> <span class='ocrx_word' id='word_1_596' title='bbox 3289 3505 3365 3567; x_wconf 84' lang='grc' dir='ltr'>ὡς</span> <span class='ocrx_word' id='word_1_597' title='bbox 3414 3505 3672 3573; x_wconf 77' lang='grc' dir='ltr'>ἀλήθειαν</span> <span class='ocrx_word' id='word_1_598' title='bbox 3722 3520 3734 3533; x_wconf 92' lang='grc'><strong>·</strong></span> <span class='ocrx_word' id='word_1_599' title='bbox 3782 3504 3872 3556; x_wconf 72' lang='grc' dir='ltr'><strong>καὶ</strong></span> <span class='ocrx_word' id='word_1_600' title='bbox 3921 3503 4043 3569; x_wconf 75' lang='grc' dir='ltr'>οὐχὶ</span> 
     </span>
    </p>
   </div>
   <div class='ocr_carea' id='block_1_83' title="bbox 2457 3595 4042 3668">
    <p class='ocr_par' dir='ltr' id='par_1_83' title="bbox 2457 3595 4042 3668">
     <span class='ocr_line' id='line_1_83' title="bbox 2457 3595 4042 3668; baseline 0.002 -24"><span class='ocrx_word' id='word_1_601' title='bbox 2457 3596 2597 3646; x_wconf 71' lang='grc' dir='ltr'>κατὰ</span> <span class='ocrx_word' id='word_1_602' title='bbox 2631 3597 2756 3657; x_wconf 72' lang='grc' dir='ltr'>τοὺς</span> <span class='ocrx_word' id='word_1_603' title='bbox 2812 3599 3215 3666; x_wconf 75' lang='grc' dir='ltr'>ματαιὸφρονας</span> <span class='ocrx_word' id='word_1_604' title='bbox 3255 3598 3546 3668; x_wconf 76' lang='grc' dir='ltr'>Ἕλληνας,</span> <span class='ocrx_word' id='word_1_605' title='bbox 3603 3595 4042 3668; x_wconf 73' lang='grc' dir='ltr'>παρασκευάζειν</span> 
     </span>
    </p>
   </div>
   <div class='ocr_carea' id='block_1_84' title="bbox 2455 3688 4041 3759">
    <p class='ocr_par' dir='ltr' id='par_1_84' title="bbox 2455 3688 4041 3759">
     <span class='ocr_line' id='line_1_84' title="bbox 2455 3688 4041 3759; baseline 0.001 -21"><span class='ocrx_word' id='word_1_606' title='bbox 2455 3688 2658 3746; x_wconf 62' lang='grc' dir='ltr'>ταύτας</span> <span class='ocrx_word' id='word_1_607' title='bbox 2695 3690 2815 3750; x_wconf 89' lang='grc' dir='ltr'>ταῖς</span> <span class='ocrx_word' id='word_1_608' title='bbox 2843 3693 3102 3755; x_wconf 75' lang='grc' dir='ltr'>φυσικαῖς</span> <span class='ocrx_word' id='word_1_609' title='bbox 3135 3691 3365 3753; x_wconf 83' lang='grc' dir='ltr'>ἐννοίαις</span> <span class='ocrx_word' id='word_1_610' title='bbox 3393 3691 3610 3759; x_wconf 66' lang='grc' dir='ltr'>μακρίν</span> <span class='ocrx_word' id='word_1_611' title='bbox 3648 3707 3740 3742; x_wconf 87' lang='grc' dir='ltr'><strong>σου</strong></span> <span class='ocrx_word' id='word_1_612' title='bbox 3774 3693 3872 3757; x_wconf 82' lang='grc' dir='ltr'><strong>τῆς</strong></span> <span class='ocrx_word' id='word_1_613' title='bbox 3905 3689 4041 3757; x_wconf 81' lang='grc' dir='ltr'>ἀλη-</span> 
     </span>
    </p>
   </div>
   <div class='ocr_carea' id='block_1_85' title="bbox 2457 3778 4043 3852">
    <p class='ocr_par' dir='ltr' id='par_1_85' title="bbox 2457 3778 4043 3852">
     <span class='ocr_line' id='line_1_85' title="bbox 2457 3778 4043 3852; baseline 0.004 -23"><span class='ocrx_word' id='word_1_614' title='bbox 2457 3778 2606 3840; x_wconf 87' lang='grc' dir='ltr'>θείας</span> <span class='ocrx_word' id='word_1_615' title='bbox 2636 3780 2965 3844; x_wconf 77' lang='grc' dir='ltr'>ἀπάγεσθαι.</span> <span class='ocrx_word' id='word_1_616' title='bbox 2998 3783 3108 3835; x_wconf 76' lang='grc' dir='ltr'><strong>Καὶ</strong></span> <span class='ocrx_word' id='word_1_617' title='bbox 3133 3783 3263 3852; x_wconf 77' lang='grc' dir='ltr'>γὰρ,</span> <span class='ocrx_word' id='word_1_618' title='bbox 3294 3785 3353 3834; x_wconf 77' lang='grc' dir='ltr'>Δί</span> <span class='ocrx_word' id='word_1_619' title='bbox 3381 3783 3782 3852; x_wconf 71' lang='grc' dir='ltr'>μανδραγόραι</span> <span class='ocrx_word' id='word_1_620' title='bbox 3812 3783 4043 3836; x_wconf 73' lang='grc' dir='ltr'>ἔδωκαν</span> 
     </span>
    </p>
   </div>
   <div class='ocr_carea' id='block_1_86' title="bbox 2458 3872 4042 3943">
    <p class='ocr_par' dir='ltr' id='par_1_86' title="bbox 2458 3872 4042 3943">
     <span class='ocr_line' id='line_1_86' title="bbox 2458 3872 4042 3943; baseline 0.003 -21"><span class='ocrx_word' id='word_1_621' title='bbox 2458 3873 2678 3939; x_wconf 77' lang='grc' dir='ltr'>ὀσμήν.</span> <span class='ocrx_word' id='word_1_622' title='bbox 2713 3873 2934 3936; x_wconf 80' lang='grc' dir='ltr'>Πάντως</span> <span class='ocrx_word' id='word_1_623' title='bbox 2967 3875 3023 3925; x_wconf 88' lang='grc' dir='ltr'>αἱ</span> <span class='ocrx_word' id='word_1_624' title='bbox 3052 3873 3159 3925; x_wconf 88' lang='grc' dir='ltr'><strong>τῶν</strong></span> <span class='ocrx_word' id='word_1_625' title='bbox 3195 3873 3468 3943; x_wconf 81' lang='grc' dir='ltr'>αἰσθητῶν</span> <span class='ocrx_word' id='word_1_626' title='bbox 3499 3876 3816 3942; x_wconf 63' lang='grc' dir='ltr'>ἐπιφάνειαι</span> <span class='ocrx_word' id='word_1_627' title='bbox 3857 3877 3948 3925; x_wconf 84' lang='grc' dir='ltr'><strong>καί</strong></span> <span class='ocrx_word' id='word_1_628' title='bbox 3974 3872 4042 3926; x_wconf 78' lang='grc' dir='ltr'>τὰ</span> 
     </span>
    </p>
   </div>
   <div class='ocr_carea' id='block_1_87' title="bbox 2456 3965 4042 4034">
    <p class='ocr_par' dir='ltr' id='par_1_87' title="bbox 2456 3965 4042 4034">
     <span class='ocr_line' id='line_1_87' title="bbox 2456 3965 4042 4034; baseline 0.001 -18"><span class='ocrx_word' id='word_1_629' title='bbox 2456 3965 2554 4032; x_wconf 83' lang='grc' dir='ltr'><strong>τῆς</strong></span> <span class='ocrx_word' id='word_1_630' title='bbox 2589 3965 2812 4034; x_wconf 82' lang='grc' dir='ltr'>Γραφῆς</span> <span class='ocrx_word' id='word_1_631' title='bbox 2850 3965 3114 4032; x_wconf 81' lang='grc' dir='ltr'>σύμϐολα,</span> <span class='ocrx_word' id='word_1_632' title='bbox 3147 3965 3290 4028; x_wconf 78' lang='grc' dir='ltr'>ειπερ</span> <span class='ocrx_word' id='word_1_633' title='bbox 3323 3966 3414 4017; x_wconf 85' lang='grc' dir='ltr'><strong>τὸν</strong></span> <span class='ocrx_word' id='word_1_634' title='bbox 3446 3965 3656 4027; x_wconf 82' lang='grc' dir='ltr'>τούτοις</span> <span class='ocrx_word' id='word_1_635' title='bbox 3705 3967 3824 4018; x_wconf 78' lang='grc' dir='ltr'>κατ’</span> <span class='ocrx_word' id='word_1_636' title='bbox 3855 3966 4042 4033; x_wconf 77' lang='grc' dir='ltr'>αἴσθη-</span> 
     </span>
    </p>
   </div>
   <div class='ocr_carea' id='block_1_88' title="bbox 2460 4052 4037 4123">
    <p class='ocr_par' dir='ltr' id='par_1_88' title="bbox 2460 4052 4037 4123">
     <span class='ocr_line' id='line_1_88' title="bbox 2460 4052 4037 4123; baseline -0.001 -19"><span class='ocrx_word' id='word_1_637' title='bbox 2460 4069 2546 4104; x_wconf 89' lang='grc' dir='ltr'><strong>σιν</strong></span> <span class='ocrx_word' id='word_1_638' title='bbox 2578 4053 2988 4122; x_wconf 78' lang='grc' dir='ltr'>ἐναπομὲνοντα</span> <span class='ocrx_word' id='word_1_639' title='bbox 3030 4054 3174 4114; x_wconf 75' lang='grc' dir='ltr'>νοῦν,</span> <span class='ocrx_word' id='word_1_640' title='bbox 3222 4055 3317 4106; x_wconf 76' lang='grc' dir='ltr'>καὶ</span> <span class='ocrx_word' id='word_1_641' title='bbox 3351 4052 3426 4123; x_wconf 76' lang='grc' dir='ltr'>μὴ</span> <span class='ocrx_word' id='word_1_642' title='bbox 3452 4054 3520 4105; x_wconf 81' lang='grc' dir='ltr'>δι’</span> <span class='ocrx_word' id='word_1_643' title='bbox 3552 4054 3732 4105; x_wconf 74' lang='grc' dir='ltr'>αὐτῶν</span> <span class='ocrx_word' id='word_1_644' title='bbox 3764 4054 3899 4122; x_wconf 76' lang='grc' dir='ltr'>πρὸς</span> <span class='ocrx_word' id='word_1_645' title='bbox 3938 4053 4037 4122; x_wconf 81' lang='grc' dir='ltr'><strong>τῆν</strong></span> 
     </span>
    </p>
   </div>
   <div class='ocr_carea' id='block_1_89' title="bbox 2456 4144 4040 4214">
    <p class='ocr_par' dir='ltr' id='par_1_89' title="bbox 2456 4144 4040 4214">
     <span class='ocr_line' id='line_1_89' title="bbox 2456 4144 4040 4214; baseline 0 -18"><span class='ocrx_word' id='word_1_646' title='bbox 2456 4144 2714 4213; x_wconf 81' lang='grc' dir='ltr'>ἀλήθειαν</span> <span class='ocrx_word' id='word_1_647' title='bbox 2743 4145 3126 4214; x_wconf 85' lang='grc' dir='ltr'>ἐγρηγορότως</span> <span class='ocrx_word' id='word_1_648' title='bbox 3168 4144 3513 4198; x_wconf 75' lang='grc' dir='ltr'>διαϐαίνοντα</span> <span class='ocrx_word' id='word_1_649' title='bbox 3541 4146 3750 4214; x_wconf 80' lang='grc' dir='ltr'>ναρκᾷν</span> <span class='ocrx_word' id='word_1_650' title='bbox 3797 4147 3892 4198; x_wconf 69' lang='grc' dir='ltr'>καὶ</span> <span class='ocrx_word' id='word_1_651' title='bbox 3920 4146 4040 4212; x_wconf 75' lang='grc' dir='ltr'>ηλι-</span> 
     </span>
    </p>
   </div>
   <div class='ocr_carea' id='block_1_90' title="bbox 2457 4231 4042 4305">
    <p class='ocr_par' dir='ltr' id='par_1_90' title="bbox 2457 4231 4042 4305">
     <span class='ocr_line' id='line_1_90' title="bbox 2457 4231 4042 4305; baseline 0.003 -21"><span class='ocrx_word' id='word_1_652' title='bbox 2457 4231 2600 4302; x_wconf 81' lang='grc' dir='ltr'>θιᾷν,</span> <span class='ocrx_word' id='word_1_653' title='bbox 2633 4233 2709 4295; x_wconf 87' lang='grc' dir='ltr'><strong>ῶς</strong></span> <span class='ocrx_word' id='word_1_654' title='bbox 2745 4251 2891 4295; x_wconf 87' lang='grc' dir='ltr'>τινες</span> <span class='ocrx_word' id='word_1_655' title='bbox 2930 4235 3327 4305; x_wconf 76' lang='grc' dir='ltr'>μανδραγόραι,</span> <span class='ocrx_word' id='word_1_656' title='bbox 3357 4235 3859 4303; x_wconf 78' lang='grc' dir='ltr'>παρασκευάζουσι.</span> <span class='ocrx_word' id='word_1_657' title='bbox 3894 4236 4042 4303; x_wconf 69' lang='grc' dir='ltr'>Παρ-</span> 
     </span>
    </p>
   </div>
   <div class='ocr_carea' id='block_1_91' title="bbox 2457 4323 4039 4399">
    <p class='ocr_par' dir='ltr' id='par_1_91' title="bbox 2457 4323 4039 4399">
     <span class='ocr_line' id='line_1_91' title="bbox 2457 4323 4039 4399; baseline 0.003 -24"><span class='ocrx_word' id='word_1_658' title='bbox 2457 4323 2619 4392; x_wconf 86' lang='grc' dir='ltr'>ἐσχον</span> <span class='ocrx_word' id='word_1_659' title='bbox 2687 4326 2917 4380; x_wconf 81' lang='grc' dir='ltr'>εὐωδίαν</span> <span class='ocrx_word' id='word_1_660' title='bbox 2981 4327 3090 4379; x_wconf 89' lang='grc' dir='ltr'><strong>τῶν</strong></span> <span class='ocrx_word' id='word_1_661' title='bbox 3137 4329 3234 4396; x_wconf 80' lang='grc' dir='ltr'><strong>τῆς</strong></span> <span class='ocrx_word' id='word_1_662' title='bbox 3288 4329 3345 4378; x_wconf 82' lang='grc' dir='ltr'><strong>ἐν</strong></span> <span class='ocrx_word' id='word_1_663' title='bbox 3394 4329 3534 4390; x_wconf 86' lang='grc' dir='ltr'>δλοις</span> <span class='ocrx_word' id='word_1_664' title='bbox 3581 4328 3836 4399; x_wconf 75' lang='grc' dir='ltr'>ἀληθείας</span> <span class='ocrx_word' id='word_1_665' title='bbox 3869 4329 4039 4393; x_wconf 36' lang='grc' dir='ltr'>λόγων</span> 
     </span>
    </p>
   </div>
   <div class='ocr_carea' id='block_1_92' title="bbox 2456 4418 4038 4489">
    <p class='ocr_par' dir='ltr' id='par_1_92' title="bbox 2456 4418 4038 4489">
     <span class='ocr_line' id='line_1_92' title="bbox 2456 4418 4038 4489; baseline 0.004 -21"><span class='ocrx_word' id='word_1_666' title='bbox 2456 4418 2841 4487; x_wconf 87' lang='grc' dir='ltr'>πνευματικῶς</span> <span class='ocrx_word' id='word_1_667' title='bbox 2886 4419 3294 4489; x_wconf 83' lang='grc' dir='ltr'>θεωρουμένων.</span> <span class='ocrx_word' id='word_1_668' title='bbox 3359 4421 3637 4473; x_wconf 78' lang='grc' dir='ltr'>Ἐντεῦθεν</span> <span class='ocrx_word' id='word_1_669' title='bbox 3676 4422 3732 4474; x_wconf 79' lang='grc' dir='ltr'>δὲ</span> <span class='ocrx_word' id='word_1_670' title='bbox 3757 4461 3770 4482; x_wconf 93' lang='grc'><strong>,</strong></span> <span class='ocrx_word' id='word_1_671' title='bbox 3808 4423 3915 4476; x_wconf 82' lang='lat' dir='ltr'><strong>Kal</strong></span> <span class='ocrx_word' id='word_1_672' title='bbox 3941 4423 4038 4475; x_wconf 73' lang='grc' dir='ltr'>ἐπὶ</span> 
     </span>
    </p>
   </div>
   <div class='ocr_carea' id='block_1_93' title="bbox 778 4506 2525 4588">
    <p class='ocr_par' dir='ltr' id='par_1_93' title="bbox 778 4506 2525 4588">
     <span class='ocr_line' id='line_1_93' title="bbox 778 4506 2525 4588; baseline 0.001 -28"><span class='ocrx_word' id='word_1_673' title='bbox 778 4509 1200 4578; x_wconf 87' lang='lat' dir='ltr'><strong>inquirendum:</strong></span> <span class='ocrx_word' id='word_1_674' title='bbox 1263 4508 1624 4563; x_wconf 87' lang='lat' dir='ltr'><strong>introducunt</strong></span> <span class='ocrx_word' id='word_1_675' title='bbox 1682 4515 1866 4561; x_wconf 91' lang='lat' dir='ltr'><strong>autem</strong></span> <span class='ocrx_word' id='word_1_676' title='bbox 1921 4513 1974 4561; x_wconf 92' lang='lat' dir='ltr'><strong>te</strong></span> <span class='ocrx_word' id='word_1_677' title='bbox 2021 4506 2088 4560; x_wconf 88' lang='lat' dir='ltr'><strong>ad</strong></span> <span class='ocrx_word' id='word_1_678' title='bbox 2134 4521 2220 4560; x_wconf 91' lang='lat' dir='ltr'><strong>me</strong></span> <span class='ocrx_word' id='word_1_679' title='bbox 2259 4520 2354 4575; x_wconf 88' lang='lat' dir='ltr'><strong>per</strong></span> <span class='ocrx_word' id='word_1_680' title='bbox 2386 4532 2429 4588; x_wconf 79' lang='grc' dir='ltr'><strong>ι)</strong></span> <span class='ocrx_word' id='word_1_681' title='bbox 2457 4510 2525 4575; x_wconf 60' lang='grc' dir='ltr'><strong>θιξ</strong></span> 
     </span>
    </p>
   </div>
   <div class='ocr_carea' id='block_1_94' title="bbox 2294 4506 4041 4588">
    <p class='ocr_par' dir='ltr' id='par_1_94' title="bbox 2295 4509 4041 4588">
     <span class='ocr_line' id='line_1_94' title="bbox 2295 4509 4041 4588; baseline 0.002 -28"><span class='ocrx_word' id='word_1_682' title='bbox 2295 4521 2354 4560; x_wconf 85' lang='lat' dir='ltr'><strong>er</strong></span> <span class='ocrx_word' id='word_1_683' title='bbox 2386 4532 2429 4588; x_wconf 79' lang='grc' dir='ltr'><strong>ι)</strong></span> <span class='ocrx_word' id='word_1_684' title='bbox 2457 4510 2663 4577; x_wconf 82' lang='grc' dir='ltr'>θύραις</span> <span class='ocrx_word' id='word_1_685' title='bbox 2683 4509 2854 4579; x_wconf 74' lang='grc' dir='ltr'>ἡμῶν</span> <span class='ocrx_word' id='word_1_686' title='bbox 2882 4511 3080 4564; x_wconf 80' lang='grc' dir='ltr'>πάντα</span> <span class='ocrx_word' id='word_1_687' title='bbox 3103 4513 3173 4566; x_wconf 84' lang='grc' dir='ltr'>τὰ</span> <span class='ocrx_word' id='word_1_688' title='bbox 3193 4511 3495 4580; x_wconf 78' lang='grc' dir='ltr'>ἀκρόδρυα</span> <span class='ocrx_word' id='word_1_689' title='bbox 3521 4531 3532 4542; x_wconf 90' lang='grc'><strong>·</strong></span> <span class='ocrx_word' id='word_1_690' title='bbox 3550 4514 3748 4574; x_wconf 49' lang='lat' dir='ltr'><strong>atto-1v,</strong></span> <span class='ocrx_word' id='word_1_691' title='bbox 3775 4513 3900 4568; x_wconf 69' lang='grc' dir='ltr'>Ἐπὶ</span> <span class='ocrx_word' id='word_1_692' title='bbox 3921 4518 4041 4577; x_wconf 75' lang='grc' dir='ltr'>ταῖς</span> 
     </span>
    </p>
   </div>
   <div class='ocr_carea' id='block_1_95' title="bbox 779 4600 2354 4670">
    <p class='ocr_par' dir='ltr' id='par_1_95' title="bbox 779 4600 2354 4670">
     <span class='ocr_line' id='line_1_95' title="bbox 779 4600 2354 4670; baseline 0.001 -16"><span class='ocrx_word' id='word_1_693' title='bbox 779 4603 978 4656; x_wconf 89' lang='lat' dir='ltr'><strong>mentis</strong></span> <span class='ocrx_word' id='word_1_694' title='bbox 1008 4600 1398 4670; x_wconf 77' lang='lat' dir='ltr'><strong>cognitionem)</strong></span> <span class='ocrx_word' id='word_1_695' title='bbox 1435 4609 1698 4670; x_wconf 71' lang='lat' dir='ltr'><strong>prompta:</strong></span> <span class='ocrx_word' id='word_1_696' title='bbox 1727 4608 1856 4656; x_wconf 85' lang='lat' dir='ltr'><strong>sunt</strong></span> <span class='ocrx_word' id='word_1_697' title='bbox 1885 4615 2079 4656; x_wconf 84' lang='lat' dir='ltr'><strong>omnes</strong></span> <span class='ocrx_word' id='word_1_698' title='bbox 2105 4600 2159 4654; x_wconf 92' lang='lat' dir='ltr'><strong>in</strong></span> <span class='ocrx_word' id='word_1_699' title='bbox 2189 4601 2354 4656; x_wconf 89' lang='lat' dir='ltr'><strong>rebus</strong></span> 
     </span>
    </p>
   </div>
   <div class='ocr_carea' id='block_1_96' title="bbox 776 4691 2353 4761">
    <p class='ocr_par' dir='ltr' id='par_1_96' title="bbox 776 4691 2353 4761">
     <span class='ocr_line' id='line_1_96' title="bbox 776 4691 2353 4761; baseline 0.001 -18"><span class='ocrx_word' id='word_1_700' title='bbox 776 4693 1081 4761; x_wconf 91' lang='lat' dir='ltr'><strong>procreatis</strong></span> <span class='ocrx_word' id='word_1_701' title='bbox 1119 4691 1298 4745; x_wconf 63' lang='lat' dir='ltr'><strong>insitae</strong></span> <span class='ocrx_word' id='word_1_702' title='bbox 1327 4691 1573 4744; x_wconf 82' lang='lat' dir='ltr'><strong>veritatis</strong></span> <span class='ocrx_word' id='word_1_703' title='bbox 1619 4692 1886 4755; x_wconf 88' lang='lat' dir='ltr'><strong>rationes,</strong></span> <span class='ocrx_word' id='word_1_704' title='bbox 1933 4707 2056 4760; x_wconf 76' lang='lat' dir='ltr'><strong>quae</strong></span> <span class='ocrx_word' id='word_1_705' title='bbox 2094 4699 2353 4761; x_wconf 89' lang='lat' dir='ltr'><strong>tanquam</strong></span> 
     </span>
    </p>
   </div>
   <div class='ocr_carea' id='block_1_97' title="bbox 780 4783 2353 4853">
    <p class='ocr_par' dir='ltr' id='par_1_97' title="bbox 780 4783 2353 4853">
     <span class='ocr_line' id='line_1_97' title="bbox 780 4783 2353 4853; baseline 0 -16"><span class='ocrx_word' id='word_1_706' title='bbox 780 4799 946 4838; x_wconf 74' lang='lat' dir='ltr'><strong>nuces</strong></span> <span class='ocrx_word' id='word_1_707' title='bbox 999 4791 1118 4836; x_wconf 90' lang='lat' dir='ltr'><strong>tum</strong></span> <span class='ocrx_word' id='word_1_708' title='bbox 1159 4797 1255 4851; x_wconf 90' lang='lat' dir='ltr'><strong>per</strong></span> <span class='ocrx_word' id='word_1_709' title='bbox 1307 4783 1591 4851; x_wconf 67' lang='lat' dir='ltr'><strong>scriptura:</strong></span> <span class='ocrx_word' id='word_1_710' title='bbox 1649 4791 1828 4845; x_wconf 88' lang='lat' dir='ltr'><strong>notas,</strong></span> <span class='ocrx_word' id='word_1_711' title='bbox 1873 4789 1986 4836; x_wconf 89' lang='lat' dir='ltr'><strong>tum</strong></span> <span class='ocrx_word' id='word_1_712' title='bbox 2035 4798 2131 4853; x_wconf 91' lang='lat' dir='ltr'><strong>per</strong></span> <span class='ocrx_word' id='word_1_713' title='bbox 2171 4798 2353 4838; x_wconf 89' lang='lat' dir='ltr'><strong>rermu</strong></span> 
     </span>
    </p>
   </div>
   <div class='ocr_carea' id='block_1_98' title="bbox 780 4871 2357 4943">
    <p class='ocr_par' dir='ltr' id='par_1_98' title="bbox 780 4871 2357 4943">
     <span class='ocr_line' id='line_1_98' title="bbox 780 4871 2357 4943; baseline -0.001 -16"><span class='ocrx_word' id='word_1_714' title='bbox 780 4873 1100 4928; x_wconf 74' lang='lat' dir='ltr'><strong>sensililium</strong></span> <span class='ocrx_word' id='word_1_715' title='bbox 1142 4873 1352 4940; x_wconf 86' lang='lat' dir='ltr'><strong>species</strong></span> <span class='ocrx_word' id='word_1_716' title='bbox 1390 4871 1699 4926; x_wconf 65' lang='lat' dir='ltr'><strong>Iudaeorum</strong></span> <span class='ocrx_word' id='word_1_717' title='bbox 1726 4871 2148 4943; x_wconf 59' lang='lat' dir='ltr'><strong>Grecorumque</strong></span> <span class='ocrx_word' id='word_1_718' title='bbox 2173 4873 2357 4927; x_wconf 89' lang='lat' dir='ltr'><strong>stulti-</strong></span> 
     </span>
    </p>
   </div>
   <div class='ocr_carea' id='block_1_99' title="bbox 781 4963 2355 5034">
    <p class='ocr_par' dir='ltr' id='par_1_99' title="bbox 781 4963 2355 5034">
     <span class='ocr_line' id='line_1_99' title="bbox 781 4963 2355 5034; baseline 0.002 -19"><span class='ocrx_word' id='word_1_719' title='bbox 781 4967 909 5015; x_wconf 86' lang='lat' dir='ltr'><strong>tiam</strong></span> <span class='ocrx_word' id='word_1_720' title='bbox 936 4963 1272 5016; x_wconf 86' lang='lat' dir='ltr'><strong>nutriebant.</strong></span> <span class='ocrx_word' id='word_1_721' title='bbox 1298 4963 1451 5018; x_wconf 86' lang='lat' dir='ltr'><strong>Uude</strong></span> <span class='ocrx_word' id='word_1_722' title='bbox 1469 4981 1628 5018; x_wconf 79' lang='lat' dir='ltr'><strong>noras</strong></span> <span class='ocrx_word' id='word_1_723' title='bbox 1656 4981 1813 5034; x_wconf 71' lang='lat' dir='ltr'><strong>super</strong></span> <span class='ocrx_word' id='word_1_724' title='bbox 1841 4974 2054 5028; x_wconf 71' lang='lat' dir='ltr'><strong>veteres,</strong></span> <span class='ocrx_word' id='word_1_725' title='bbox 2085 4981 2238 5033; x_wconf 83' lang='lat' dir='ltr'><strong>nepos</strong></span> <span class='ocrx_word' id='word_1_726' title='bbox 2264 4967 2355 5031; x_wconf 82' lang='lat' dir='ltr'><strong>mi,</strong></span> 
     </span>
    </p>
   </div>
   <div class='ocr_carea' id='block_1_100' title="bbox 783 5051 2358 5124">
    <p class='ocr_par' dir='ltr' id='par_1_100' title="bbox 783 5051 2358 5124">
     <span class='ocr_line' id='line_1_100' title="bbox 783 5051 2358 5124; baseline 0.003 -20"><span class='ocrx_word' id='word_1_727' title='bbox 783 5053 1004 5105; x_wconf 78' lang='lat' dir='ltr'><strong>servavi.</strong></span> <span class='ocrx_word' id='word_1_728' title='bbox 1056 5051 1168 5106; x_wconf 87' lang='lat' dir='ltr'><strong>lloc</strong></span> <span class='ocrx_word' id='word_1_729' title='bbox 1233 5063 1352 5118; x_wconf 82' lang='lat' dir='ltr'><strong>est,</strong></span> <span class='ocrx_word' id='word_1_730' title='bbox 1418 5064 1666 5110; x_wconf 82' lang='lat' dir='ltr'><strong>recentes</strong></span> <span class='ocrx_word' id='word_1_731' title='bbox 1726 5056 2068 5124; x_wconf 80' lang='lat' dir='ltr'><strong>evangelicas</strong></span> <span class='ocrx_word' id='word_1_732' title='bbox 2119 5056 2358 5108; x_wconf 83' lang='lat' dir='ltr'><strong>rationes</strong></span> 
     </span>
    </p>
   </div>
   <div class='ocr_carea' id='block_1_101' title="bbox 785 5142 2354 5216">
    <p class='ocr_par' dir='ltr' id='par_1_101' title="bbox 785 5142 2354 5216">
     <span class='ocr_line' id='line_1_101' title="bbox 785 5142 2354 5216; baseline 0.001 -20"><span class='ocrx_word' id='word_1_733' title='bbox 785 5146 983 5212; x_wconf 61' lang='lat' dir='ltr'><strong>(gratia</strong></span> <span class='ocrx_word' id='word_1_734' title='bbox 1004 5142 1244 5214; x_wconf 87' lang='lat' dir='ltr'><strong>Spiritus</strong></span> <span class='ocrx_word' id='word_1_735' title='bbox 1268 5145 1585 5216; x_wconf 86' lang='lat' dir='ltr'><strong>renovante)</strong></span> <span class='ocrx_word' id='word_1_736' title='bbox 1619 5161 1741 5200; x_wconf 91' lang='lat' dir='ltr'><strong>cum</strong></span> <span class='ocrx_word' id='word_1_737' title='bbox 1772 5146 2013 5215; x_wconf 85' lang='lat' dir='ltr'><strong>antiquis</strong></span> <span class='ocrx_word' id='word_1_738' title='bbox 2041 5145 2354 5200; x_wconf 60' lang='lat' dir='ltr'><strong>Graecorum</strong></span> 
     </span>
    </p>
   </div>
   <div class='ocr_carea' id='block_1_102' title="bbox 776 5235 2356 5305">
    <p class='ocr_par' dir='ltr' id='par_1_102' title="bbox 776 5235 2356 5305">
     <span class='ocr_line' id='line_1_102' title="bbox 776 5235 2356 5305; baseline 0.001 -18"><span class='ocrx_word' id='word_1_739' title='bbox 776 5235 1195 5305; x_wconf 61' lang='lat' dir='ltr'><strong>Jdtimorlllllque</strong></span> <span class='ocrx_word' id='word_1_740' title='bbox 1261 5238 1583 5304; x_wconf 66' lang='lat' dir='ltr'><strong>ignorantiae</strong></span> <span class='ocrx_word' id='word_1_741' title='bbox 1652 5249 1764 5291; x_wconf 91' lang='lat' dir='ltr'><strong>tum</strong></span> <span class='ocrx_word' id='word_1_742' title='bbox 1832 5238 2172 5291; x_wconf 87' lang='lat' dir='ltr'><strong>naturalibus</strong></span> <span class='ocrx_word' id='word_1_743' title='bbox 2243 5246 2356 5290; x_wconf 91' lang='lat' dir='ltr'><strong>tum</strong></span> 
     </span>
    </p>
   </div>
   <div class='ocr_carea' id='block_1_103' title="bbox 779 5327 2352 5398">
    <p class='ocr_par' dir='ltr' id='par_1_103' title="bbox 779 5327 2352 5398">
     <span class='ocr_line' id='line_1_103' title="bbox 779 5327 2352 5398; baseline 0.001 -18"><span class='ocrx_word' id='word_1_744' title='bbox 779 5327 997 5396; x_wconf 87' lang='lat' dir='ltr'><strong>scriptis</strong></span> <span class='ocrx_word' id='word_1_745' title='bbox 1019 5329 1324 5383; x_wconf 83' lang='lat' dir='ltr'><strong>rationibus</strong></span> <span class='ocrx_word' id='word_1_746' title='bbox 1338 5341 1684 5385; x_wconf 85' lang='lat' dir='ltr'><strong>coaeervatas</strong></span> <span class='ocrx_word' id='word_1_747' title='bbox 1710 5328 1924 5384; x_wconf 72' lang='lat' dir='ltr'><strong>servari</strong></span> <span class='ocrx_word' id='word_1_748' title='bbox 1947 5330 2040 5382; x_wconf 85' lang='lat' dir='ltr'><strong>tibi</strong></span> <span class='ocrx_word' id='word_1_749' title='bbox 2065 5351 2076 5384; x_wconf 86' lang='lat'><strong>:</strong></span> <span class='ocrx_word' id='word_1_750' title='bbox 2097 5330 2352 5398; x_wconf 88' lang='lat' dir='ltr'><strong>quoniam</strong></span> 
     </span>
    </p>
   </div>
   <div class='ocr_carea' id='block_1_104' title="bbox 778 5421 2356 5490">
    <p class='ocr_par' dir='ltr' id='par_1_104' title="bbox 778 5421 2356 5490">
     <span class='ocr_line' id='line_1_104' title="bbox 778 5421 2356 5490; baseline 0.002 -20"><span class='ocrx_word' id='word_1_751' title='bbox 778 5429 831 5470; x_wconf 89' lang='lat' dir='ltr'><strong>et</strong></span> <span class='ocrx_word' id='word_1_752' title='bbox 859 5435 952 5487; x_wconf 91' lang='lat' dir='ltr'><strong>per</strong></span> <span class='ocrx_word' id='word_1_753' title='bbox 992 5421 1232 5488; x_wconf 90' lang='lat' dir='ltr'><strong>scriptas</strong></span> <span class='ocrx_word' id='word_1_754' title='bbox 1264 5421 1388 5475; x_wconf 90' lang='lat' dir='ltr'><strong>illas</strong></span> <span class='ocrx_word' id='word_1_755' title='bbox 1412 5433 1641 5490; x_wconf 78' lang='lat' dir='ltr'><strong>purgata</strong></span> <span class='ocrx_word' id='word_1_756' title='bbox 1682 5436 1803 5476; x_wconf 87' lang='lat' dir='ltr'><strong>sum</strong></span> <span class='ocrx_word' id='word_1_757' title='bbox 1840 5435 1903 5473; x_wconf 87' lang='lat' dir='ltr'><strong>ac</strong></span> <span class='ocrx_word' id='word_1_758' title='bbox 1932 5421 2174 5474; x_wconf 87' lang='lat' dir='ltr'><strong>moribus</strong></span> <span class='ocrx_word' id='word_1_759' title='bbox 2199 5421 2356 5474; x_wconf 79' lang='lat' dir='ltr'><strong>insti-</strong></span> 
     </span>
    </p>
   </div>
   <div class='ocr_carea' id='block_1_105' title="bbox 781 5513 2354 5581">
    <p class='ocr_par' dir='ltr' id='par_1_105' title="bbox 781 5513 2354 5581">
     <span class='ocr_line' id='line_1_105' title="bbox 781 5513 2354 5581; baseline 0.004 -20"><span class='ocrx_word' id='word_1_760' title='bbox 781 5519 920 5573; x_wconf 88' lang='lat' dir='ltr'><strong>tuta,</strong></span> <span class='ocrx_word' id='word_1_761' title='bbox 947 5518 1000 5565; x_wconf 91' lang='lat' dir='ltr'><strong>et</strong></span> <span class='ocrx_word' id='word_1_762' title='bbox 1029 5528 1123 5580; x_wconf 89' lang='lat' dir='ltr'><strong>per</strong></span> <span class='ocrx_word' id='word_1_763' title='bbox 1147 5513 1424 5567; x_wconf 81' lang='lat' dir='ltr'><strong>naturales</strong></span> <span class='ocrx_word' id='word_1_764' title='bbox 1451 5513 1776 5578; x_wconf 88' lang='lat' dir='ltr'><strong>illuminata,</strong></span> <span class='ocrx_word' id='word_1_765' title='bbox 1808 5521 1867 5564; x_wconf 88' lang='lat' dir='ltr'><strong>ut</strong></span> <span class='ocrx_word' id='word_1_766' title='bbox 1900 5527 1992 5579; x_wconf 88' lang='lat' dir='ltr'><strong>per</strong></span> <span class='ocrx_word' id='word_1_767' title='bbox 2022 5528 2210 5565; x_wconf 90' lang='lat' dir='ltr'><strong>eorum</strong></span> <span class='ocrx_word' id='word_1_768' title='bbox 2233 5527 2354 5581; x_wconf 68' lang='lat' dir='ltr'><strong>quin</strong></span> 
     </span>
    </p>
   </div>
   <div class='ocr_carea' id='block_1_106' title="bbox 781 5601 2349 5674">
    <p class='ocr_par' dir='ltr' id='par_1_106' title="bbox 781 5601 2349 5674">
     <span class='ocr_line' id='line_1_106' title="bbox 781 5601 2349 5674; baseline 0.005 -22"><span class='ocrx_word' id='word_1_769' title='bbox 781 5601 920 5658; x_wconf 77' lang='lat' dir='ltr'><strong>facta</strong></span> <span class='ocrx_word' id='word_1_770' title='bbox 942 5613 1089 5668; x_wconf 88' lang='lat' dir='ltr'><strong>sunt,</strong></span> <span class='ocrx_word' id='word_1_771' title='bbox 1109 5607 1644 5674; x_wconf 86' lang='lat' dir='ltr'><strong>contemplationem,</strong></span> <span class='ocrx_word' id='word_1_772' title='bbox 1662 5615 1712 5662; x_wconf 90' lang='lat' dir='ltr'><strong>te</strong></span> <span class='ocrx_word' id='word_1_773' title='bbox 1735 5606 2084 5663; x_wconf 85' lang='lat' dir='ltr'><strong>Conditorem</strong></span> <span class='ocrx_word' id='word_1_774' title='bbox 2112 5606 2349 5662; x_wconf 91' lang='lat' dir='ltr'><strong>omnium</strong></span> 
     </span>
    </p>
   </div>
   <div class='ocr_carea' id='block_1_107' title="bbox 850 5785 1344 5851">
    <p class='ocr_par' dir='ltr' id='par_1_107' title="bbox 850 5785 1344 5851">
     <span class='ocr_line' id='line_1_107' title="bbox 850 5785 1344 5851; baseline 0.01 -16"><span class='ocrx_word' id='word_1_775' title='bbox 850 5785 892 5814; x_wconf 69' lang='grc' dir='ltr'><strong>τ’</strong></span> <span class='ocrx_word' id='word_1_776' title='bbox 936 5785 1073 5836; x_wconf 83' lang='lat' dir='ltr'><strong>Psal.</strong></span> <span class='ocrx_word' id='word_1_777' title='bbox 1107 5799 1225 5851; x_wconf 86' lang='lat' dir='ltr'><strong>cm,</strong></span> <span class='ocrx_word' id='word_1_778' title='bbox 1257 5787 1344 5840; x_wconf 78' lang='grc'><strong>15.</strong></span> 
     </span>
    </p>
   </div>
   <div class='ocr_carea' id='block_1_108' title="bbox 2459 4600 4041 4674">
    <p class='ocr_par' dir='ltr' id='par_1_108' title="bbox 2459 4600 4041 4674">
     <span class='ocr_line' id='line_1_108' title="bbox 2459 4600 4041 4674; baseline 0 -20"><span class='ocrx_word' id='word_1_779' title='bbox 2459 4600 2746 4670; x_wconf 70' lang='grc' dir='ltr'>αἰσθήσεσι</span> <span class='ocrx_word' id='word_1_780' title='bbox 2775 4619 2876 4671; x_wconf 89' lang='grc' dir='ltr'><strong>μου</strong></span> <span class='ocrx_word' id='word_1_781' title='bbox 2911 4602 3121 4673; x_wconf 74' lang='grc' dir='ltr'>(αἵπερ,</span> <span class='ocrx_word' id='word_1_782' title='bbox 3153 4603 3230 4664; x_wconf 83' lang='grc' dir='ltr'><strong>ῶς</strong></span> <span class='ocrx_word' id='word_1_783' title='bbox 3262 4601 3425 4674; x_wconf 86' lang='grc' dir='ltr'>θύραι</span> <span class='ocrx_word' id='word_1_784' title='bbox 3452 4604 3617 4666; x_wconf 77' lang='grc' dir='ltr'>τινὲς,</span> <span class='ocrx_word' id='word_1_785' title='bbox 3651 4603 3907 4671; x_wconf 71' lang='grc' dir='ltr'>ἐξάγουσι</span> <span class='ocrx_word' id='word_1_786' title='bbox 3941 4605 4041 4673; x_wconf 81' lang='grc' dir='ltr'>μὲν</span> 
     </span>
    </p>
   </div>
   <div class='ocr_carea' id='block_1_109' title="bbox 2462 4689 4041 4761">
    <p class='ocr_par' dir='ltr' id='par_1_109' title="bbox 2462 4689 4041 4761">
     <span class='ocr_line' id='line_1_109' title="bbox 2462 4689 4041 4761; baseline 0.004 -19"><span class='ocrx_word' id='word_1_787' title='bbox 2462 4690 2562 4759; x_wconf 82' lang='grc' dir='ltr'>ἐμὲ</span> <span class='ocrx_word' id='word_1_788' title='bbox 2603 4691 2741 4759; x_wconf 78' lang='grc' dir='ltr'>πρὸς</span> <span class='ocrx_word' id='word_1_789' title='bbox 2777 4689 3113 4761; x_wconf 78' lang='grc' dir='ltr'>ἀναζήτησιν</span> <span class='ocrx_word' id='word_1_790' title='bbox 3148 4709 3264 4758; x_wconf 91' lang='grc' dir='ltr'>σου,</span> <span class='ocrx_word' id='word_1_791' title='bbox 3319 4692 3395 4756; x_wconf 84' lang='grc' dir='ltr'><strong>ῶς</strong></span> <span class='ocrx_word' id='word_1_792' title='bbox 3443 4695 3661 4746; x_wconf 82' lang='grc' dir='ltr'>πάντων</span> <span class='ocrx_word' id='word_1_793' title='bbox 3708 4694 3904 4759; x_wconf 85' lang='grc' dir='ltr'>αίτίου,</span> <span class='ocrx_word' id='word_1_794' title='bbox 3954 4695 4041 4748; x_wconf 72' lang='grc' dir='ltr'><strong>διὰ</strong></span> 
     </span>
    </p>
   </div>
   <div class='ocr_carea' id='block_1_110' title="bbox 2460 4783 4035 4856">
    <p class='ocr_par' dir='ltr' id='par_1_110' title="bbox 2460 4783 4035 4856">
     <span class='ocr_line' id='line_1_110' title="bbox 2460 4783 4035 4856; baseline 0.004 -23"><span class='ocrx_word' id='word_1_795' title='bbox 2460 4783 2556 4848; x_wconf 78' lang='grc' dir='ltr'><strong>τῆς</strong></span> <span class='ocrx_word' id='word_1_796' title='bbox 2599 4783 2804 4835; x_wconf 85' lang='grc' dir='ltr'>τούτων</span> <span class='ocrx_word' id='word_1_797' title='bbox 2868 4783 3104 4851; x_wconf 78' lang='grc' dir='ltr'>φυσικῆς</span> <span class='ocrx_word' id='word_1_798' title='bbox 3176 4786 3233 4836; x_wconf 85' lang='grc' dir='ltr'><strong>ἐν</strong></span> <span class='ocrx_word' id='word_1_799' title='bbox 3286 4786 3562 4855; x_wconf 88' lang='grc' dir='ltr'>πνεύματι</span> <span class='ocrx_word' id='word_1_800' title='bbox 3607 4787 3878 4856; x_wconf 74' lang='grc' dir='ltr'>θεωρίαςο</span> <span class='ocrx_word' id='word_1_801' title='bbox 3922 4789 4035 4839; x_wconf 78' lang='grc' dir='ltr'>εἱσ-</span> 
     </span>
    </p>
   </div>
   <div class='ocr_carea' id='block_1_111' title="bbox 2465 4875 4036 4950">
    <p class='ocr_par' dir='ltr' id='par_1_111' title="bbox 2465 4875 4036 4950">
     <span class='ocr_line' id='line_1_111' title="bbox 2465 4875 4036 4950; baseline 0.003 -23"><span class='ocrx_word' id='word_1_802' title='bbox 2465 4876 2657 4942; x_wconf 84' lang='grc' dir='ltr'>άγουσι</span> <span class='ocrx_word' id='word_1_803' title='bbox 2694 4875 2751 4926; x_wconf 73' lang='grc' dir='ltr'>δέ</span> <span class='ocrx_word' id='word_1_804' title='bbox 2795 4891 2853 4926; x_wconf 92' lang='grc' dir='ltr'><strong>σε</strong></span> <span class='ocrx_word' id='word_1_805' title='bbox 2887 4875 3028 4926; x_wconf 80' lang='grc' dir='ltr'>κατά</span> <span class='ocrx_word' id='word_1_806' title='bbox 3050 4877 3253 4942; x_wconf 84' lang='grc' dir='ltr'>γνῶσιν</span> <span class='ocrx_word' id='word_1_807' title='bbox 3290 4879 3425 4946; x_wconf 83' lang='grc' dir='ltr'>πρός</span> <span class='ocrx_word' id='word_1_808' title='bbox 3468 4895 3536 4946; x_wconf 89' lang='grc' dir='ltr'><strong>με</strong></span> <span class='ocrx_word' id='word_1_809' title='bbox 3565 4878 3650 4930; x_wconf 74' lang='grc' dir='ltr'><strong>διὰ</strong></span> <span class='ocrx_word' id='word_1_810' title='bbox 3685 4882 3848 4948; x_wconf 78' lang='grc' dir='ltr'>μέσου</span> <span class='ocrx_word' id='word_1_811' title='bbox 3885 4881 4036 4950; x_wconf 70' lang='grc' dir='ltr'>νοὸς)</span> 
     </span>
    </p>
   </div>
   <div class='ocr_carea' id='block_1_112' title="bbox 2465 4965 4039 5041">
    <p class='ocr_par' dir='ltr' id='par_1_112' title="bbox 2465 4965 4039 5041">
     <span class='ocr_line' id='line_1_112' title="bbox 2465 4965 4039 5041; baseline 0.004 -23"><span class='ocrx_word' id='word_1_812' title='bbox 2465 4965 2742 5036; x_wconf 86' lang='grc' dir='ltr'>πρόχειροί</span> <span class='ocrx_word' id='word_1_813' title='bbox 2775 4970 2879 5018; x_wconf 83' lang='grc' dir='ltr'>εἰσι</span> <span class='ocrx_word' id='word_1_814' title='bbox 2907 4969 3104 5029; x_wconf 85' lang='grc' dir='ltr'>πάντες</span> <span class='ocrx_word' id='word_1_815' title='bbox 3133 4970 3178 5020; x_wconf 74' lang='grc' dir='ltr'><strong>οἱ</strong></span> <span class='ocrx_word' id='word_1_816' title='bbox 3213 4972 3323 5032; x_wconf 88' lang='grc' dir='ltr'>τοῖς</span> <span class='ocrx_word' id='word_1_817' title='bbox 3357 4986 3414 5020; x_wconf 89' lang='grc' dir='ltr'><strong>τε</strong></span> <span class='ocrx_word' id='word_1_818' title='bbox 3450 4970 3739 5038; x_wconf 76' lang='grc' dir='ltr'>συμϐόλοις</span> <span class='ocrx_word' id='word_1_819' title='bbox 3767 4973 3862 5040; x_wconf 89' lang='grc' dir='ltr'><strong>τῆς</strong></span> <span class='ocrx_word' id='word_1_820' title='bbox 3901 4990 4039 5041; x_wconf 76' lang='grc' dir='ltr'>γρα-</span> 
     </span>
    </p>
   </div>
   <div class='ocr_carea' id='block_1_113' title="bbox 2467 5059 4038 5134">
    <p class='ocr_par' dir='ltr' id='par_1_113' title="bbox 2467 5059 4038 5134">
     <span class='ocr_line' id='line_1_113' title="bbox 2467 5059 4038 5134; baseline 0.002 -23"><span class='ocrx_word' id='word_1_821' title='bbox 2467 5059 2594 5125; x_wconf 74' lang='grc' dir='ltr'>φῆς,</span> <span class='ocrx_word' id='word_1_822' title='bbox 2631 5060 2726 5111; x_wconf 74' lang='grc' dir='ltr'>καὶ</span> <span class='ocrx_word' id='word_1_823' title='bbox 2761 5062 2880 5120; x_wconf 66' lang='grc' dir='ltr'>ταῖς</span> <span class='ocrx_word' id='word_1_824' title='bbox 2915 5061 3262 5126; x_wconf 68' lang='grc' dir='ltr'>ἐπιφανείαις</span> <span class='ocrx_word' id='word_1_825' title='bbox 3290 5063 3396 5114; x_wconf 86' lang='grc' dir='ltr'><strong>τῶν</strong></span> <span class='ocrx_word' id='word_1_826' title='bbox 3433 5063 3727 5132; x_wconf 77' lang='grc' dir='ltr'>αἰσθητῶν,</span> <span class='ocrx_word' id='word_1_827' title='bbox 3765 5064 3929 5134; x_wconf 74' lang='grc' dir='ltr'>ἅπερ,</span> <span class='ocrx_word' id='word_1_828' title='bbox 3963 5067 4038 5127; x_wconf 79' lang='grc' dir='ltr'>ὼς</span> 
     </span>
    </p>
   </div>
   <div class='ocr_carea' id='block_1_114' title="bbox 2463 5147 4038 5220">
    <p class='ocr_par' dir='ltr' id='par_1_114' title="bbox 2463 5147 4038 5220">
     <span class='ocr_line' id='line_1_114' title="bbox 2463 5147 4038 5220; baseline 0.003 -22"><span class='ocrx_word' id='word_1_829' title='bbox 2463 5147 2624 5215; x_wconf 84' lang='grc' dir='ltr'>δρύες</span> <span class='ocrx_word' id='word_1_830' title='bbox 2669 5149 2849 5210; x_wconf 73' lang='grc' dir='ltr'>τινὲς,</span> <span class='ocrx_word' id='word_1_831' title='bbox 2906 5148 3129 5215; x_wconf 82' lang='grc' dir='ltr'>ἀλογίαν</span> <span class='ocrx_word' id='word_1_832' title='bbox 3197 5151 3494 5218; x_wconf 75' lang='grc' dir='ltr'>Ὶουδαῖκὴν</span> <span class='ocrx_word' id='word_1_833' title='bbox 3553 5150 3649 5202; x_wconf 78' lang='grc' dir='ltr'>καὶ</span> <span class='ocrx_word' id='word_1_834' title='bbox 3720 5149 4038 5220; x_wconf 73' lang='grc' dir='ltr'>Ἑλληνικὴν</span> 
     </span>
    </p>
   </div>
   <div class='ocr_carea' id='block_1_115' title="bbox 2466 5239 4037 5310">
    <p class='ocr_par' dir='ltr' id='par_1_115' title="bbox 2466 5239 4037 5310">
     <span class='ocr_line' id='line_1_115' title="bbox 2466 5239 4037 5310; baseline 0.003 -21"><span class='ocrx_word' id='word_1_835' title='bbox 2466 5239 2724 5308; x_wconf 65' lang='grc' dir='ltr'>ἐτρεςξον,</span> <span class='ocrx_word' id='word_1_836' title='bbox 2773 5241 3288 5310; x_wconf 82' lang='grc' dir='ltr'>ἐγκεκεντρισμένοι</span> <span class='ocrx_word' id='word_1_837' title='bbox 3342 5243 3438 5310; x_wconf 88' lang='grc' dir='ltr'><strong>τῆς</strong></span> <span class='ocrx_word' id='word_1_838' title='bbox 3500 5243 3558 5292; x_wconf 88' lang='grc' dir='ltr'><strong>ἐν</strong></span> <span class='ocrx_word' id='word_1_839' title='bbox 3599 5242 3740 5303; x_wconf 88' lang='grc' dir='ltr'>δλοις</span> <span class='ocrx_word' id='word_1_840' title='bbox 3779 5242 4037 5310; x_wconf 77' lang='grc' dir='ltr'>ἀληθείας</span> 
     </span>
    </p>
   </div>
   <div class='ocr_carea' id='block_1_116' title="bbox 2461 5331 4040 5402">
    <p class='ocr_par' dir='ltr' id='par_1_116' title="bbox 2461 5331 4040 5402">
     <span class='ocr_line' id='line_1_116' title="bbox 2461 5331 4040 5402; baseline 0.001 -19"><span class='ocrx_word' id='word_1_841' title='bbox 2461 5331 2820 5396; x_wconf 53' lang='grc' dir='ltr'>λόγοιῘΟθεν,</span> <span class='ocrx_word' id='word_1_842' title='bbox 2850 5332 2968 5384; x_wconf 75' lang='grc' dir='ltr'>Νέα</span> <span class='ocrx_word' id='word_1_843' title='bbox 2992 5334 3140 5400; x_wconf 79' lang='grc' dir='ltr'>πρὸς</span> <span class='ocrx_word' id='word_1_844' title='bbox 3168 5337 3413 5395; x_wconf 71' lang='grc' dir='ltr'>παλαιὰ,</span> <span class='ocrx_word' id='word_1_845' title='bbox 3441 5333 3725 5401; x_wconf 54' lang='grc' dir='ltr'><strong>ἀδελφιδὲ</strong></span> <span class='ocrx_word' id='word_1_846' title='bbox 3747 5352 3888 5402; x_wconf 78' lang='grc' dir='ltr'>μου,</span> <span class='ocrx_word' id='word_1_847' title='bbox 3907 5334 4040 5398; x_wconf 73' lang='grc' dir='ltr'>ἐτή-</span> 
     </span>
    </p>
   </div>
   <div class='ocr_carea' id='block_1_117' title="bbox 2453 5425 4037 5496">
    <p class='ocr_par' dir='ltr' id='par_1_117' title="bbox 2453 5425 4037 5496">
     <span class='ocr_line' id='line_1_117' title="bbox 2453 5425 4037 5496; baseline 0.003 -21"><span class='ocrx_word' id='word_1_848' title='bbox 2453 5425 2618 5490; x_wconf 63' lang='lat' dir='ltr'><strong>pruni</strong></span> <span class='ocrx_word' id='word_1_849' title='bbox 2649 5439 2767 5476; x_wconf 79' lang='grc' dir='ltr'>σοι.</span> <span class='ocrx_word' id='word_1_850' title='bbox 2821 5425 3057 5493; x_wconf 76' lang='grc' dir='ltr'>Δηλαδη,</span> <span class='ocrx_word' id='word_1_851' title='bbox 3086 5426 3224 5489; x_wconf 79' lang='grc' dir='ltr'>Τοὺς</span> <span class='ocrx_word' id='word_1_852' title='bbox 3270 5427 3557 5490; x_wconf 77' lang='grc' dir='ltr'>νεάζοντας</span> <span class='ocrx_word' id='word_1_853' title='bbox 3599 5430 3685 5496; x_wconf 76' lang='grc' dir='ltr'><strong>(τῇ</strong></span> <span class='ocrx_word' id='word_1_854' title='bbox 3742 5430 4037 5496; x_wconf 51' lang='lat' dir='ltr'><strong>xum-0202(3)</strong></span> 
     </span>
    </p>
   </div>
   <div class='ocr_carea' id='block_1_118' title="bbox 2459 5515 4035 5588">
    <p class='ocr_par' dir='ltr' id='par_1_118' title="bbox 2459 5515 4035 5588">
     <span class='ocr_line' id='line_1_118' title="bbox 2459 5515 4035 5588; baseline 0.001 -20"><span class='ocrx_word' id='word_1_855' title='bbox 2459 5515 2554 5568; x_wconf 84' lang='grc' dir='ltr'>τοῦ</span> <span class='ocrx_word' id='word_1_856' title='bbox 2611 5516 2924 5584; x_wconf 84' lang='grc' dir='ltr'>Πνεύματος</span> <span class='ocrx_word' id='word_1_857' title='bbox 2975 5522 3194 5587; x_wconf 81' lang='grc' dir='ltr'>χάριτι)</span> <span class='ocrx_word' id='word_1_858' title='bbox 3234 5521 3615 5586; x_wconf 74' lang='grc' dir='ltr'>εύσγγελικοὺς</span> <span class='ocrx_word' id='word_1_859' title='bbox 3665 5521 3854 5588; x_wconf 74' lang='grc' dir='ltr'>λόγους</span> <span class='ocrx_word' id='word_1_860' title='bbox 3901 5522 4035 5588; x_wconf 62' lang='grc' dir='ltr'>πρὶς</span> 
     </span>
    </p>
   </div>
   <div class='ocr_carea' id='block_1_119' title="bbox 2460 5607 4036 5681">
    <p class='ocr_par' dir='ltr' id='par_1_119' title="bbox 2460 5607 4036 5681">
     <span class='ocr_line' id='line_1_119' title="bbox 2460 5607 4036 5681; baseline 0.001 -21"><span class='ocrx_word' id='word_1_861' title='bbox 2460 5611 2574 5671; x_wconf 79' lang='grc' dir='ltr'>τοῖς</span> <span class='ocrx_word' id='word_1_862' title='bbox 2608 5607 2992 5662; x_wconf 76' lang='grc' dir='ltr'>παλαιωθεῖσιν</span> <span class='ocrx_word' id='word_1_863' title='bbox 3048 5610 3152 5662; x_wconf 72' lang='grc' dir='ltr'>ὑπὸ</span> <span class='ocrx_word' id='word_1_864' title='bbox 3187 5613 3283 5676; x_wconf 85' lang='grc' dir='ltr'><strong>τῆς</strong></span> <span class='ocrx_word' id='word_1_865' title='bbox 3325 5611 3642 5681; x_wconf 77' lang='grc' dir='ltr'>Ἑλληνικῆς</span> <span class='ocrx_word' id='word_1_866' title='bbox 3683 5612 3776 5664; x_wconf 69' lang='grc' dir='ltr'><strong>καὶ</strong></span> <span class='ocrx_word' id='word_1_867' title='bbox 3819 5609 4036 5663; x_wconf 72' lang='grc' dir='ltr'>Ἰουδαῖ-</span> 
     </span>
    </p>
   </div>
  </div>
