4424 6446
793 429 904 499 579

2080 426 2501 487 MICHAELIS
2527 427 2791 488 PSELLI

3946 429 4049 494 C-SO

800 556 949 603 meo,
988 539 1091 596 sub
1111 551 1291 596 mente
1320 538 1567 594 videlicet
1602 554 1720 609 qum
1751 538 1939 591 animae
1976 552 2108 591 mem
2144 554 2269 607 pars
2300 547 2381 593 cst
2411 544 2453 597 A
2480 539 2547 591 8i:

2300 547 2381 593 cst
2411 544 2453 597 A
2480 539 2634 609 δίκην
2669 537 2908 606 κεφαλῆς
2952 538 3176 608 ἀρχικὸν
3221 539 3318 608 τῆς
3363 538 3539 610 ψυχῆς
3588 555 3689 609 μου
3738 542 3952 605 πάντως
3987 544 4046 593 τὸ

801 632 1100 700 prtecipua,
1132 644 1325 683 sensus
1359 630 1660 698 subjiciunt
1691 648 1703 681 :
1741 628 1946 680 idcirco
1975 626 2215 681 futurum
2246 644 2369 695 spe-

801 737 862 774 ro
898 730 954 773 ut
994 721 1111 787 cjus
1144 719 1363 773 dextera
1398 719 1690 789 (promissa
1735 718 1994 770 nimirum
2027 720 2175 787 regni
2207 718 2371 771 cccle-

804 812 905 863 stis
933 810 1071 863 bona
1105 824 1228 874 qua:
1285 825 1313 862 a
1354 809 1595 862 dexteris
1632 808 1983 862 collocandos
2008 809 2249 861 manenti
2289 824 2371 863 me

805 904 873 955 sit
909 903 1283 969 complexura,
1330 903 1381 953 id
1421 909 1521 957 est.
1573 901 2035 969 comprehensum
2086 916 2169 954 me
2201 909 2369 953 totam

804 994 854 1045 in
934 992 1120 1046 futuro
1185 993 1420 1054 sa‘culo,
1482 992 1748 1044 infinitam
1819 994 2011 1045 anima:
2060 1000 2113 1044 et
2158 991 2372 1058 corpori

804 1085 1040 1137 laetitiam
1093 1085 1358 1153 praebens.
1412 1080 1674 1137 Universa
1743 1085 1906 1152 igitur
1954 1100 2074 1150 qua:
2127 1083 2373 1151 exposita

802 1185 1077 1229 suntcum
1107 1176 1268 1227 veluti
1308 1177 1569 1240 magistra
1608 1175 1859 1236 dixisset,
1896 1174 2185 1228 subintnlit
2217 1189 2230 1226 :

872 1268 1128 1335 Adjuravi
1176 1282 1285 1327 vos.
1336 1266 1461 1333 ﬁlim
1507 1264 1827 1329 Jerusalem,
1876 1282 1967 1333 per
2019 1266 2280 1333 potentias
2326 1275 2373 1319 et

805 1355 1137 1422 fortitudines
1170 1355 1313 1423 agri,
1334 1354 1379 1406 si
1405 1353 1665 1407 suscitetis
1696 1361 1744 1405 et
1780 1353 2014 1407 excitetis
2043 1354 2372 1417 charitatem,

803 1448 963 1499 donec
995 1445 1239 1499 voluerit.

878 1626 1191 1679 Diviuorum
1259 1624 1649 1693 mysteriorum
1710 1620 2056 1690 expositione
2120 1631 2377 1689 tanquam

801 1713 1158 1784 jurejurando
1186 1728 1282 1767 vos
1313 1713 1653 1771 confirmavi,
1680 1711 1963 1778 discipulae
1990 1725 2138 1775 mete,
2175 1726 2294 1777 qua:
2326 1710 2379 1763 in

808 1815 999 1859 sancto
1038 1806 1244 1871 Spiritu
1273 1805 1429 1856 video
1462 1817 1585 1856 eum
1623 1803 1713 1871 qui
1744 1816 1841 1854 nos
1875 1800 2022 1851 Patri
2050 1815 2150 1852 suo
2193 1815 2381 1851 recon—

2473 633 2658 701 νοερὸν
2704 630 3069 697 ύποτάσσουσι
3117 630 3178 684 τὸ
3227 631 3579 699 αἰσθητικὸν,
3630 631 3719 685 διὰ
3774 633 3933 686 τοῦτο
3988 635 4046 685 έν

2473 723 2685 776 ἐλπίσιν
2716 721 2852 789 εἰμὶ,
2884 722 2967 774 ὅτι
2997 722 3092 774 καὶ
3130 723 3164 792 ὴ
3192 719 3341 782 δεξιὰ
3374 720 3537 774 αὐτοῦ
3562 720 3920 792 περιλήψεταί
3957 742 4046 792 με.

2474 813 2698 876 Εἵτουν,
2744 812 2823 863 Τὰ
2856 810 3223 880 ὑποδεχόμενα
3272 811 3395 873 τοὺς
3443 811 3507 863 ὲκ
3551 810 3741 875 δεξιῶν
3781 812 4047 881 ἐπηγγελ-

2477 903 2615 975 μένα
2650 904 2830 971 ἀγαθὰ
2862 904 2956 971 τῆς
3002 903 3093 956 τοῦ
3127 902 3261 957 Θεοῦ
3298 902 3595 974 βασιλείας,
3630 905 3759 975 ὃλην
3806 926 3872 978 με
3908 910 4048 962 κατὰ

2475 1000 2565 1052 τὸν
2594 999 2856 1067 μέλλοντα
2903 999 3074 1052 αἰῶνα
3098 1000 3409 1068 περιέξουσι
3438 1000 3581 1071 ψυχῇ
3618 1000 3713 1053 καὶ
3746 1005 3908 1072 σαρκὶ⁵
3950 1005 4048 1073 τὴν

2477 1089 2777 1158 ἀπέραντον
2844 1086 3183 1158 εὐφροσύνην
3241 1090 3567 1159 παρέχοντα.
3627 1091 3810 1144 Πάντα
3862 1093 3920 1145 δὲ
3974 1096 4046 1149 τὰ

2478 1180 2739 1249 εἰρημένα
2767 1179 3161 1243 διδασκαλικῶς
3190 1180 3420 1235 εἰποῦσα
3446 1183 3660 1251 ἐπάγειο

2556 1273 2805 1338 Ὠρκιονα
2833 1268 3009 1339 ὑμᾶς,
3032 1271 3348 1340 θυγατέρες
3389 1270 3797 1343 Ἰερουσαλὴμ,
3827 1276 3896 1329 ἐν
3920 1276 4049 1340 ταῖς

2478 1361 2770 1431 δυνάμεσι
2802 1361 2898 1415 καὶ
2928 1361 2997 1413 ἐν
3035 1363 3165 1427 ταῖς
3217 1364 3504 1431 ίσχύσεονι
3542 1366 3648 1420 τοῦ
3686 1367 3871 1435 ἀγροῦ
3897 1408 3912 1432 ,
3944 1369 4050 1421 ἐὰν

2477 1453 2742 1521 ere/pate
2769 1454 2867 1507 καὶ
2897 1453 3005 1507 ἐὰν
3036 1453 3369 1523 ἐξεγείρητε
3397 1456 3510 1525 τὴν
3542 1456 3803 1526 ἀγάπην,
3834 1460 3942 1525 ἕως
3973 1459 4050 1512 ἂν

2480 1544 2732 1614 θελήσῃ.

2549 1631 2731 1698 Ἤτοι,
2764 1634 3270 1705 Κατησφαλισάμην
3304 1635 3478 1703 ὑμᾶς,
3525 1637 3599 1699 ὡς
3626 1637 3689 1690 δι’
3724 1637 3917 1705 ὅρκου,
3951 1640 4049 1708 τῆς

2481 1721 2588 1773 τῶν
2616 1721 2772 1773 θείων
2807 1724 3117 1791 μυστηρίων
3140 1723 3475 1794 ἐξηγήσεως,
3501 1724 3797 1794 μαθήτριαι
3821 1728 4048 1796 μου,τῆς

2485 1813 2541 1861 ὲν
2575 1812 2714 1880 ἁγίῳ
2754 1811 3028 1879 Πνεύματι
3074 1810 3289 1881 ὁρώσης
3324 1812 3416 1866 τὸν
3447 1814 3854 1877 καταλλάξαντα
3903 1815 4049 1883 ἡμᾶς

807 1897 1049 1950 ciliavit:
1085 1896 1213 1949 dum
1246 1909 1463 1948 causam
1493 1892 1728 1954 ostendi.
1751 1905 1869 1959 (1³ηΕ
1894 1906 1988 1958 Pe"
2020 1890 2376 1943 ί¹¹ίθ¹¹εείίν³⁵
2414 1872 2451 1926 Β
2481 1900 2554 1969 τῷ

2301 1903 2376 1943 ωε
2414 1872 2451 1926 Β
2481 1900 2557 1969 τῷ
2609 1872 2723 1970 ea
2772 1872 2980 1970 ηατρι·
3015 1872 3374 1965 ἀνέδιδάὲᾲσα
3405 1902 3501 1973 τὴν
3551 1872 3760 1967 αἰτίαν,
3795 1905 3860 1955 δι’
3889 1872 3955 1973 ἥδ
3993 1872 4048 1957 ti}

811 1991 1133 2054 aetivasque
1185 1986 1481 2057 potentias,
1536 1998 1740 2052 perque
1782 1981 2132 2035 fortitudines
2173 1982 2226 2034 in
2274 1981 2376 2035 hoc

815 2080 1021 2132 mumlo
1061 2076 1330 2140 valentes,
1357 2078 1557 2128 virtute
1582 2073 1833 2127 excitetis
1866 2083 1919 2127 et
1944 2072 2173 2127 scientia
2203 2072 2376 2126 susri-

814 2171 935 2223 tetis
993 2185 1112 2222 eum
1177 2169 1228 2220 in
1294 2166 1449 2221 vobis
1501 2166 1647 2232 (nam
1691 2165 1931 2219 dormire
1973 2164 2204 2226 videtur,
2250 2164 2376 2216 dum

815 2272 1099 2327 ignoratur
1121 2261 1264 2330 quod
1295 2269 1502 2313 rectum
1553 2258 1864 2324 bonumque
1907 2266 2011 2318 est,
2043 2270 2141 2307 nec
2173 2270 2227 2306 re
2262 2254 2376 2321 ipsa

815 2354 1109 2422 perficitur)
1141 2353 1232 2422 qui
1267 2352 1454 2405 dilexit
1488 2364 1585 2402 nos
1620 2357 1673 2400 et
1698 2362 1756 2401 se
1792 2348 1994 2415 ipsum,
2019 2354 2076 2398 ut
2106 2360 2203 2398 nos
2236 2344 2380 2398 τριὶίο

818 2454 1008 2507 meret,
1052 2444 1247 2495 obtulit
1286 2457 1299 2492 :
1353 2439 1528 2491 donec
1574 2436 1819 2491 secundo
1876 2436 2107 2487 adventu
2150 2448 2248 2488 suo
2285 2448 2378 2485 vo-

816 2531 998 2590 luerit,
1054 2542 1171 2596 qua:
1217 2543 1315 2581 sua
1348 2543 1443 2597 per
1474 2538 1722 2579 naturam
1770 2532 1898 2577 stmt
1950 2523 2191 2591 pr0pria,
2232 2522 2379 2575 eain

817 2620 970 2673 nobis
1002 2635 1094 2687 per
1127 2619 1357 2689 gratiam
1390 2617 1787 2686 accipientibus
1814 2614 2063 2684 exsequi.
2101 2612 2383 2681 DiSCipUiiC

815 2711 1179 2765 admiratione
1210 2725 1273 2762 ae
1292 2720 1513 2778 stupore
1544 2708 1716 2777 plena:
1739 2706 1805 2760 de
1834 2706 2090 2773 magistra
2120 2720 2134 2755 :

887 2890 1018 2956 Qua:
1057 2899 1155 2949 est,
1194 2888 1475 2957 inquiunt,
1528 2889 1656 2949 ista,
1708 2900 1823 2952 qute
1851 2882 2087 2937 ascendit
2116 2882 2383 2948 dealbata,

816 2983 1000 3037 innixa
1026 2998 1186 3049 super
1220 2990 1452 3046 nepotem
1477 2993 1632 3030 suum
1656 2978 1680 3031 ?

886 3075 1144 3138 Quaenam
1175 3080 1258 3125 est
1286 3071 1418 3133 haec,
1447 3085 1566 3138 quae
1592 3079 1697 3121 tam
1740 3068 1911 3136 perite
1956 3066 2180 3133 docens,
2227 3082 2255 3121 a
2296 3082 2383 3122 re-

2483 1998 2598 2055 ταῖς
2652 1993 3013 2061 θεωρητικαῖς
3072 1997 3164 2047 καὶ
3213 1997 3331 2058 ταῖς
3399 1999 3730 2066 πρακτικαῖς
3790 1996 4049 2064 δυνάμεσι

2485 2088 2577 2138 καὶ
2605 2085 2864 2153 ίσχύσεσι,
2889 2087 3006 2147 ταῖς
3042 2087 3099 2136 ἐν
3121 2087 3198 2154 τῷ
3233 2086 3459 2155 παρόντι
3491 2090 3679 2155 κόσμῳ
3701 2087 4047 2155 δυναμέναις,

2485 2179 2735 2247 ἐγείρητε
2761 2179 2879 2230 κατ’
2904 2176 3104 2247 ἀρετὴν
3135 2176 3229 2228 καὶ
3255 2177 3566 2247 ἐξεγείρητε
3598 2178 3737 2229 κατὰ
3767 2178 3964 2243 γνῶσιν
3997 2180 4051 2229 ἐν

2490 2270 2639 2336 ὑμῖν,
2678 2269 2959 2321 καθεύδειν
3000 2268 3278 2330 δοκοῦντα,
3316 2268 3444 2321 ὅταν
3494 2270 3753 2336 ἀγνοῆται
3780 2268 3840 2319 τὸ
3879 2267 4049 2333 εύθὲς,

2485 2348 2577 2411 καὶ
2608 2359 2681 2427 μὴ
2714 2360 3019 2429 πράττηται
3056 2360 3116 2411 τὸ
3146 2360 3329 2421 καλὸν,
3372 2360 3462 2409 τὸν
3496 2360 3856 2427 ἀγαπήσαντα
3884 2361 4049 2427 ἡμᾶς,

2486 2452 2578 2503 καὶ
2619 2451 2774 2503 δόντα
2810 2450 3000 2501 ἑαυτὸν
3043 2450 3237 2518 λύτρον
3271 2449 3408 2516 ὑπὲρ
3438 2450 3626 2519 ἡμῶν
3667 2450 3770 2511 ἓως
3808 2449 3873 2500 ἂν
3909 2448 4055 2499 εὐδο-

2487 2544 2632 2613 κήσῃ
2661 2542 2798 2593 κατὰ
2837 2541 2934 2611 τὴν
2964 2540 3221 2608 δευτέραν
3262 2539 3428 2591 αὐτοῦ
3458 2540 3760 2609 παρουσίαν
3797 2539 3957 2601 αὐτὸς
3986 2538 4055 2589 τὰ

2488 2635 2630 2686 κατὰ
2686 2633 2844 2701 φύσιν
2899 2634 3073 2684 οἰκεῖα
3129 2632 3259 2700 δρᾷν
3314 2633 3370 2683 έν
3410 2632 3539 2699 ἡμῖν
3595 2630 3860 2700 πάσχουσι
3916 2629 4057 2682 κατὰ

2486 2724 2647 2792 χάριν
2695 2723 2869 2775 αύτὰ⁶
2902 2725 2957 2773 αἱ
3005 2723 3062 2774 δὲ
3103 2721 3341 2791 θάμϐους
3380 2720 3750 2791 πληρωθεῖσαι
3796 2721 3924 2789 περὶ
3957 2720 4056 2786 τῆς

2486 2812 2802 2867 διδασκάλου
2834 2812 2986 2882 φασίο

2564 2905 2657 2968 Τίς
2708 2904 2857 2971 αὕτη
2918 2904 2954 2969 ὴ
3008 2903 3424 2956 ἀναϐαίνουσα
3465 2901 4055 2969 λελευκανθισμένη,

2488 2993 2981 3061 ἐπιστηριζομένη
3010 2995 3103 3045 ἐπὶ
3137 2995 3240 3045 τὸν
3270 2993 3599 3061 ἁδέλριδέν
3625 2991 3853 3057 αὐτῆς;

2557 3085 2790 3153 Δηλαδὴ,
2812 3084 2998 3136 Ὀποία
3028 3084 3261 3152 ὑπάρχει
3299 3084 3434 3153 αὕτη
3469 3084 3501 3153 ἡ
3531 3084 3925 3146 διδασκαλικῶς
3953 3082 4059 3137 ἀπὺ

819 3164 921 3218 lius
952 3164 1167 3217 arcanis
1188 3162 1250 3214 ad
1273 3161 1444 3229 magis
1471 3174 1700 3213 arcanas
1729 3158 2143 3227 recouditasque
2165 3173 2384 3227 progre-
2419 3194 2460 3249 Ο
2498 3192 2566 3243 μυ

2311 3173 2384 3211 τίδ’
2419 3194 2460 3249 C
2498 3175 2807 3243 μυστηρίων
2832 3175 2910 3234 είς
2935 3173 3442 3242 μυστηριωδέστερα
3466 3172 3830 3224 ἀναϐαίνουσα
3852 3213 3867 3237 ,
3898 3188 4058 3225 κεκα-

818 3256 967 3308 dimr
995 3255 1017 3307 ?
1046 3257 1114 3308 ab
1143 3255 1290 3306 omni
1321 3260 1668 3321 peccatorum
1703 3250 1911 3301 macula
1950 3260 2197 3318 purgata,
2230 3258 2391 3318 atque

819 3351 1005 3400 hutixa
1038 3346 1219 3413 nepoti
1264 3360 1363 3399 suo
1392 3344 1415 3396 ί
1472 3342 1722 3411 Sponsus
1761 3341 1924 3409 igitur
1951 3342 2391 3395 animadvertetis

820 3452 1034 3505 sponsae
1068 3436 1120 3488 in
1163 3433 1450 3503 discipulis
1486 3431 1838 3486 instituendis
1870 3431 2231 3500 diligentiam,
2273 3447 2392 3485 am-

823 3530 1168 3595 plcctensque
1189 3526 1334 3578 illius
1364 3524 1429 3576 ad
1460 3526 1657 3576 bonum
1689 3521 2057 3585 sedulitatem,
2087 3530 2393 3575 commonet

822 3631 939 3669 eam
991 3616 1185 3684 prioris
1228 3614 1352 3668 vitae
1392 3621 1452 3667 ut
1515 3613 1790 3667 submisse
1822 3612 1888 3665 de
1947 3626 2008 3666 se
2053 3612 2272 3676 sentiat,
2300 3627 2397 3667 nec

826 3710 1075 3763 laudibus
1106 3709 1247 3763 elata
1278 3707 1486 3761 incidat
1512 3704 1567 3759 in
1598 3703 1966 3773 arrogantiam
2002 3720 2016 3757 :

892 3900 1003 3955 Sub
1036 3915 1210 3967 pomo,
1233 3896 1507 3966 inquiens,
1535 3896 1758 3949 excitavi
1787 3908 1856 3949 te.

894 3993 953 4047 ld
984 4000 1088 4056 est,
1110 3992 1212 4047 sub
1227 3991 1389 4044 rebus
1415 3989 1536 4043 istis
1559 3988 1860 4057 procreatis
1890 4002 2010 4055 qua:
2041 3988 2225 4043 suavis
2254 3989 2398 4058 pomi

829 4089 1004 4141 instar
1031 4096 1435 4139 seususomnes
1466 4080 1766 4147 oblectant,
1787 4088 1840 4134 te
1866 4080 2070 4134 desidia
2104 4081 2170 4133 ad
2196 4082 2395 4136 bonum

831 4177 1264 4248 ainplectendum
1298 4175 1525 4227 inertem
1558 4182 1610 4226 et
1635 4187 1816 4227 rerum
1863 4172 2194 4226 eaducarum
2219 4173 2400 4227 studio

831 4271 1198 4339 con50pitam,
1222 4264 1480 4329 excitavi,
1520 4264 1877 4334 providentiae
1902 4264 2205 4333 iudiciique
2234 4265 2402 4317 ratio-

836 4365 995 4417 nibus
1028 4371 1077 4415 et
1109 4358 1455 4415 sermonibus
1482 4357 1766 4427 impellens
1797 4357 1865 4412 ad
1906 4357 2239 4412 desiderium
2272 4357 2401 4421 mei,

832 4458 1033 4508 ctenim

908 4546 1030 4599 lltic
1054 4545 1250 4615 peperit
1279 4553 1328 4598 te
1361 4552 1530 4597 mater
1561 4552 1680 4597 tua.
1712 4541 1836 4597 Illic
1864 4541 2064 4611 peperit
2094 4551 2141 4596 te
2168 4541 2398 4612 genitrix
2433 4543 2475 4598 D

837 4646 950 4691 tua.

910 4729 967 4783 ln
999 4728 1286 4783 affectione
1322 4727 1535 4782 scilicet
1566 4740 1746 4780 rerum
1779 4723 2049 4779 lluxarum
2078 4724 2329 4794 concepit
2355 4733 2404 4776 te

843 4828 1015 4894 prima
1048 4833 1219 4876 mater
1254 4830 1347 4874 tua
1383 4818 1492 4871 Eva
1528 4833 1794 4888 generans
1839 4833 1960 4871 cum
2010 4818 2303 4886 voluptate,
2352 4824 2403 4870 et

844 4920 1061 4987 pll’lCIIS
1112 4932 1233 4969 cum
1282 4914 1489 4968 dolore.
1532 4912 1739 4977 Quibus
1774 4910 2177 4973 affectionibus,
2221 4924 2402 4963 rerum

846 5008 1116 5077 fragilium
1141 5005 1410 5058 desiderio
1442 5003 1727 5057 laborabas
1750 5040 1763 5064 ,
1798 5001 2134 5069 voluptatein
2171 5014 2403 5069 sequens

844 5101 1198 5169 doloremque
1232 5096 1467 5164 fugiens,
1516 5094 1583 5147 ad
1624 5094 1919 5163 voluptatis
1966 5092 2123 5146 finem
2172 5093 2241 5145 ita
2275 5108 2406 5146 con-

847 5190 1099 5251 tendens,
1131 5199 1242 5242 uta
1278 5188 1465 5241 dolore
1494 5188 1663 5240 velles
1686 5186 1925 5253 separari
1958 5202 1973 5241 :
2016 5186 2160 5255 quod
2187 5185 2405 5253 quidem

850 5282 965 5333 tieri
1000 5282 1147 5333 nullo
1182 5279 1343 5333 modo
1380 5288 1578 5347 potest.
1624 5278 1857 5331 Proinde
1889 5278 1931 5331 si
1981 5277 2139 5347 cupis
2183 5278 2251 5330 ab
2289 5278 2410 5331 istis

849 5372 1344 5439 perturbationibus
1362 5384 1485 5423 esse
1508 5369 1696 5433 libera,
1722 5367 1863 5421 Pone
1889 5386 1967 5421 me
1991 5379 2045 5420 ut
2080 5370 2409 5437 signaculum

848 5479 1003 5530 super
1030 5477 1119 5513 cor
1151 5471 1318 5523 tuum,
1340 5469 1395 5512 ut
1413 5460 1737 5529 signaculum
1762 5476 1918 5528 super
1942 5459 2211 5512 brachium
2242 5469 2406 5511 tuum.

850 5554 905 5605 In
956 5568 1039 5607 me
1092 5552 1349 5606 nimirum
1409 5551 1707 5620 exemplari
1770 5559 2107 5620 permaneto,
2169 5550 2412 5620 principe

854 5645 1068 5713 quidem
1102 5644 1179 5697 tui
1221 5649 1373 5711 parte
1405 5650 1584 5696 mente
1616 5656 1840 5695 servans
1871 5641 2161 5709 imaginem
2202 5656 2296 5708 per
2322 5656 2413 5693 ve-

856 5750 970 5788 ram
1003 5731 1512 5801 contemplationem
1543 5743 1595 5786 et
1614 5731 1943 5786 desideriqu
1971 5732 2075 5784 mei
2102 5750 2116 5784 :
2148 5730 2195 5783 vi
2234 5741 2410 5783 autem

860 5838 964 5894 qua
1000 5824 1065 5879 ad
1097 5826 1359 5895 agendum
1395 5824 1542 5878 vales
1568 5863 1582 5889 ,
1611 5823 2025 5879 similitudinem
2057 5836 2282 5876 servans
2322 5836 2415 5889 per

2495 3268 2737 3335 θαρμένη
2776 3267 2969 3328 παντὸς
3019 3266 3190 3335 ῥύπου
3222 3265 3634 3335 ἁμαρτημάτων
3657 3303 3672 3327 ,
3707 3265 3800 3316 xa't
3840 3265 4059 3332 ἐπερει-

2492 3361 2689 3430 δομένη
2739 3361 2831 3412 ἐπὶ
2868 3360 2958 3412 τὸν
2989 3359 3263 3425 ἀδελφιδόν
3314 3359 3517 3427 αύτῆς;
3561 3358 3619 3409 Ὀ
3658 3355 3787 3425 γοῦν
3832 3356 4059 3423 νυμφίος

2493 3452 2591 3521 τὴν
2624 3453 2715 3503 ἐπὶ
2741 3455 2858 3513 ταῖς
2894 3452 3361 3520 μαθητευομέναις
3394 3451 3492 3519 τῆς
3521 3448 3737 3519 νύμφης
3766 3447 3906 3517 ὀρῶν
3938 3448 4059 3499 tm-

2500 3545 2738 3614 μέλειαν,
2768 3545 2862 3597 καὶ
2893 3544 3285 3613 ἀποδεχόμενος
3310 3542 3408 3611 τὴν
3429 3541 3633 3609 ταύτης
3664 3542 3741 3602 είς
3772 3540 3830 3591 τὸ
3860 3539 4061 3605 ἀγαθὸν

2496 3635 2788 3705 διέγερσιν,
2835 3634 3237 3702 ἀναμιμνήσκει
3269 3632 3437 3700 αὐτὴν
3468 3630 3561 3683 τοῦ
3597 3629 3862 3698 προτέρου
3909 3629 4022 3697 βίου
4045 3643 4059 3659 ·

2498 3726 2637 3779 ὣστε
2675 3726 3101 3795 μετριοσρονεῖν,
3138 3726 3228 3776 καὶ
3256 3722 3329 3793 μὴ
3355 3722 3441 3774 διὰ
3469 3722 3573 3773 τῶν
3595 3721 3831 3773 ἐπαίνων
3860 3719 3936 3787 τῷ
3966 3720 4061 3788 τῆς

2497 3818 2725 3887 οίήσεως
2760 3817 2921 3868 πάθει
2962 3816 3301 3884 περιπεσεῖν.
3339 3814 3449 3867 Καί
3475 3829 3607 3883 φησι
3639 3810 3775 3881 πρὸς
3802 3811 3990 3879 αὐτήν·

2581 3908 2724 3960 Ὑπὸ
2752 3907 2954 3976 μῆλον
2976 3905 3253 3975 ἐξήγειρά
3274 3921 3367 3959 σε.

2574 3999 2780 4065 Ἤγουν
2801 4038 2813 4059 ,
2846 3998 2981 4049 Ὑπὸ
3010 3997 3128 4067 τὴν,
3181 3997 3334 4065 δίκην
3390 3994 3558 4065 μήλου
3605 3992 3893 4064 τέρποντος
3918 4033 3931 4055 ,
3967 3993 4065 4054 τὰς

2502 4089 2719 4152 πλείους
2760 4090 2866 4140 τῶν
2905 4088 3208 4153 αἰσθήσεων
3260 4088 3476 4149 ἁπάσας
3513 4085 3714 4146 ταύτας
3751 4082 4068 4153 εὐφραίνου-

2504 4199 2606 4235 σαν
2650 4179 2910 4249 αἰσθητὴν
2942 4180 3117 4231 κτίσιν
3160 4177 3525 4245 καθευδούσης
3555 4176 3648 4229 σοῦ
3671 4216 3686 4240 ,
3717 4177 3781 4243 τῇ
3833 4174 3967 4244 πρὸς
3999 4172 4068 4224 τὰ

2504 4273 2642 4325 καλὰ
2678 4271 2919 4342 ῥᾳθυμία
2967 4271 3055 4321 διὰ
3108 4270 3206 4339 τὴν
3249 4269 3386 4337 πρὸς
3428 4269 3497 4322 τὰ
3548 4266 3707 4319 ύλικὰ
3754 4266 3957 4334 σχέσιν,
3989 4265 4067 4316 δι-

2509 4364 2702 4432 ήγειρὰ
2733 4380 2822 4414 σου
2851 4363 2911 4413 τὸ
2944 4362 3195 4431 φρόνημα
3225 4360 3360 4430 πρὸς
3390 4360 3551 4413 πόθον
3580 4357 3709 4429 ὲμὸν
3730 4357 3908 4424 λόγοις
3938 4372 4067 4425 προ-

2505 4454 2653 4514 νοίας
2687 4454 2778 4505 καὶ
2805 4452 3058 4520 κρίσεως,
3089 4453 3182 4504 καὶ
3210 4452 3318 4521 γὰρ

2585 4545 2740 4598 Ἐκεῖ
2764 4543 3025 4612 ὡδίνησέ
3072 4558 3146 4596 σε
3179 4541 3376 4612 μήτηρ
3406 4556 3542 4596 σου.
3598 4539 3877 4607 Ὠδίνησέ
3918 4554 3990 4592 σε
4030 4539 4069 4605 ἠ

2503 4637 2763 4693 τεκοῦσά
2788 4654 2882 4690 σε.

2573 4731 2846 4800 Δηλονότι,
2882 4729 2969 4781 Ἐν
2994 4730 3059 4797 τῇ
3091 4727 3271 4797 σχέσει
3302 4725 3409 4779 τῶν
3436 4725 3632 4777 ὑλικῶν
3664 4723 3987 4776 συνελὰδετό
4012 4738 4070 4773 σε

2506 4825 2539 4891 ἡ
2568 4823 2868 4891 προμήτωρ
2909 4836 3000 4872 σου
3039 4816 3178 4880 Εὕα,
3220 4818 3286 4886 τῇ
3324 4814 3445 4868 καθ’
3472 4814 3664 4883 ἡδονὴν
3709 4814 3940 4879 γενέσει,
3983 4812 4073 4863 καὶ

2506 4915 2740 4973 ἀπέτεκέ
2771 4930 2829 4964 σε
2857 4915 2920 4982 τῇ
2969 4910 3089 4964 κατ’
3117 4909 3307 4979 ὀδύνην
3334 4910 3605 4978 γεννήσει.
3652 4906 3772 4973 Ὑφ’
3801 4898 3874 4956 ὧν
3900 4904 4073 4955 συνεί-

2506 5025 2601 5078 χου
2633 5009 2699 5076 τῇ
2728 5003 3071 5076 προσπαθείᾳ
3109 5001 3215 5054 τῶν
3254 5000 3548 5068 αἰσθητῶν,
3586 5000 3685 5067 τὴν
3729 4998 3824 5067 μὲν
3850 4997 3916 5049 δι’
3948 4998 4072 5064 ἡδο-

2509 5098 2604 5167 νὴν
2629 5096 2917 5160 διώκουσα,
2936 5095 3033 5165 τὴν
3059 5092 3160 5164 [δὲ]
3178 5094 3244 5145 δι’
3266 5091 3457 5160 ὀδύνην
3474 5090 3765 5159 φεύγουσα·
3784 5087 4073 5140 κάντεῦθεν

2510 5186 2890 5257 φιλονεικοῦσα
2917 5189 3015 5253 τῆς
3042 5186 3235 5254 ἡδονῆς
3266 5183 3326 5235 τὸ
3358 5184 3530 5245 τέλος,
3555 5183 3653 5251 τὴν
3683 5180 3875 5247 ὀδύνην
3906 5180 4070 5247 φημι,

2510 5278 2711 5346 ταύτης
2763 5275 3104 5346 ἀποχωρίσαι
3126 5314 3141 5337 ,
3177 5276 3311 5343 ὅπερ
3338 5274 3637 5342 ἀμήχανον.
3689 5271 3747 5323 Εἰ
3783 5270 3876 5323 οὖν
3911 5270 4074 5339 βούλῃ

2510 5370 2783 5439 διαμένειν
2827 5368 2926 5435 τῆς
2969 5366 3224 5435 τοιαύτης
3274 5366 3509 5433 σχέσεως
3541 5364 3800 5432 ἐλευθέρα
3821 5403 3836 5427 ,
3869 5361 3976 5426 Θές
4000 5379 4075 5427 με

2511 5462 2588 5526 ὠς
2638 5459 2937 5529 σφραγῖδα
2963 5459 3061 5512 ἐπί
3088 5458 3204 5525 τὴν
3231 5457 3478 5525 καρδίαν
3501 5473 3635 5515 σου,
3670 5455 3749 5519 ὡς
3780 5453 4075 5522 σφραγῖδα

2512 5552 2607 5603 ἐπὶ
2650 5552 2754 5603 τὸν
2790 5548 3088 5619 ,βραχίονά
3134 5562 3249 5601 σου
3276 5563 3288 5576 ⁶
3325 5547 3520 5610 εἶτουν,
3540 5547 3628 5599 Ἐν
3656 5547 3777 5614 ἐμοὶ
3808 5545 3885 5613 τῷ
3914 5544 4076 5613 ἀρχεο

2513 5643 2668 5712 τύπῳ
2701 5646 2901 5711 μεῖνον,
2953 5640 3196 5709 τηροῦσα
3248 5638 3325 5708 τῷ
3372 5641 3468 5707 μὲν
3522 5640 3749 5708 ἡγεμόνι
3790 5655 3882 5690 σου
3914 5636 3987 5703 νῷ
4017 5635 4079 5686 τὸ

2516 5733 2634 5785 κατ’
2666 5732 2848 5783 εἰκόνα
2878 5733 2998 5783 κατ’
3030 5730 3241 5799 ἀπλανῆ
3271 5730 3504 5799 θεωρίαν
3533 5731 3625 5782 καὶ
3648 5728 3887 5781 διάθεσιν
3919 5722 4073 5794 ἐμοῦ’

2521 5827 2584 5893 τῇ
2632 5824 2675 5876 δ’
2729 5826 3049 5893 ἐνεργητικῇ
3094 5841 3185 5876 σου
3232 5822 3477 5891 δυνάμει,
3528 5822 3587 5873 τὸ
3635 5821 3752 5874 καθ’
3782 5818 4074 5890 ὁμοίωσιν,
