4424 6446
338 416 432 481 681

1315 406 1698 470 COMMENT.
1740 403 1820 465 ΙΝ
1865 397 2255 462 CANTICUM
2292 402 2598 463 CANTIC.

3483 390 3591 455 682

338 529 479 579 γαῖά
518 522 715 591 πρᾶξιν
758 520 1117 590 ἀνυπόκριτον
1153 520 1246 573 καὶ.
1295 519 1557 587 διάπυρον
1596 516 1915 585 ἀποτροπὴν
1944 514 1989 571 Α
2019 524 2081 564 ac

1843 516 1915 584 τὴν
1944 514 1989 571 Α
2019 510 2288 565 actionem
2315 513 2537 566 minime
2566 508 2899 569 simulatam,
2925 504 3311 571 ardentemque
3341 499 3590 555 dei-lina-

336 620 431 672 τοῦ
473 617 684 671 κακοῦ·
729 614 1025 667 κάντεῦθεν
1070 613 1216 684 μενῶ
1260 614 1355 664 καὶ
1388 612 1549 674 αὐτὸς
1580 612 1637 662 ἐν
1674 610 1775 673 σοι,
1822 626 1921 675 φυ-

335 712 544 764 λάττων
574 710 647 770 ὥς
677 725 760 769 τις
789 708 1026 777 σφραγὶς
1057 705 1151 758 τοῦ
1180 703 1519 773 διανοητικοῦ
1552 718 1647 753 σου
1680 700 1777 770 τὴν
1807 698 1920 762 ἕξιν

337 806 432 856 καὶ
481 803 579 870 τὴν
633 801 919 869 ἐνέργειαν
972 796 1207 859 ἀσύλους
1234 798 1298 865 τῇ
1330 795 1509 864 σχέσει
1550 791 1657 843 τῶν
1698 790 1919 852 ὑλικῶν,

339 896 428 949 ὅτι
459 891 704 962 κραταιά
725 933 739 957 ,
770 893 850 955 ὡς
891 889 1145 954 θάνατος
1166 928 1181 951 ,
1245 887 1445 956 ἀγάπη
1468 926 1482 945 .
1511 882 1779 951 σκληρὸς
1801 924 1816 946 ,
1846 880 1921 941 ὡς

340 987 513 1054 ᾅδης,
544 986 743 1053 ζῆλος.
783 985 967 1044 Ἤτοι,
1000 982 1093 1035 ὲάν
1122 985 1180 1034 ὲν
1204 983 1269 1049 τῇ
1312 980 1419 1048 ἐμῇ
1461 976 1672 1048 ἀγάπῃ,
1722 974 1813 1026 καὶ
1843 969 1922 1039 τῷ

339 1080 409 1134 δι’
436 1080 603 1148 αὐτὴν
633 1077 781 1146 ζήλῳ
832 1077 1033 1145 μενεῖς,
1071 1073 1217 1144 μενῶ
1263 1071 1357 1124 καὶ
1392 1070 1555 1131 αὐτὸς
1588 1069 1644 1119 ὲν
1672 1065 1753 1117 σοί
1782 1082 1795 1094 ο
1828 1062 1924 1116 καὶ

350 1172 697 1242 φυλαχθήση,
720 1169 795 1232 ὡς
823 1167 1059 1239 εἴρηται.
1107 1163 1435 1233 Ἐπειδήπερ
1464 1163 1498 1231 ή
1528 1159 1626 1229 μὲν
1652 1155 1808 1226 ὑλικὴ
1844 1156 1924 1217 είς

342 1266 444 1335 ἐμὲ
475 1263 660 1333 ἀγάπη
692 1262 889 1332 ἰσχυρά
917 1263 1086 1318 ἐστιν,
1117 1258 1192 1319 ὡς
1224 1258 1406 1309 πᾶσαν
1429 1253 1522 1306 ἐπὶ
1550 1250 1718 1304 κακὸν
1740 1249 1923 1317 ὁρμήν

339 1373 400 1407 τε
434 1356 528 1409 καὶ
563 1355 776 1422 κίνησιν
815 1349 1231 1411 καταπαύουσα,
1264 1347 1422 1414 δίκην
1462 1343 1713 1396 Θανάτου.
1761 1340 1818 1392 'O
1865 1339 1922 1392 δὲ

342 1446 409 1499 δι’
440 1447 535 1514 ἐμὲ
567 1444 724 1512 ζῆλος
768 1440 1044 1503 ἀνένδοτος
1070 1439 1148 1509 τῷ
1176 1435 1353 1504 κακῷ,
1388 1433 1464 1496 ὡς
1493 1432 1718 1497 ἀλόγους
1747 1430 1924 1499 όρμάς

343 1536 662 1607 δεσμεύων,
698 1536 794 1587 καὶ
830 1534 1126 1603 ἀπροῖτους
1176 1527 1427 1597 κατέχων
1473 1520 1562 1579 οἷά
1624 1541 1729 1593 περ
1768 1523 1921 1591 ᾅδης.

351 1628 462 1680 Καὶ
494 1626 603 1696 γὰρ
638 1624 948 1695 περίπτερα
984 1620 1179 1687 αὐτῆς,
1238 1618 1548 1687 περίπτερα
1596 1613 1789 1682 πυρὸς,
1828 1610 1924 1663 άν-

346 1718 548 1785 θρακες
584 1716 754 1785 πυρὸς
806 1714 1003 1781 φλόγες
1055 1711 1248 1777 αὐτῆς.
1300 1704 1515 1775 Δηλαδὴ
1566 1705 1633 1754 τά
1668 1702 1802 1770 ἔργα
1829 1702 1926 1768 τῆς

348 1810 483 1876 πρὸς
511 1810 576 1877 μὲ
602 1806 852 1876 ἐμπύρου
883 1805 1104 1874 ἀγάπης
1126 1802 1506 1868 ἁναπτὲρωσις
1527 1795 1729 1863 ταύτης
1754 1795 1922 1846 ἐστίν.

2020 604 2223 658 tionem
2251 617 2279 656 a
2310 604 2470 658 malo.
2492 604 2583 657 Sic
2611 604 2755 658 enim
2789 600 2905 670 ipse
2927 615 3034 668 quo
3056 614 3143 666 rue
3178 598 3230 651 in
3258 605 3309 651 te
3337 595 3590 656 manebo.

2022 703 2254 761 tuasque
2281 700 2339 745 ut
2365 693 2728 761 signaculum,
2762 701 2874 743 tum
2906 687 3237 755 intelligendi
3260 694 3373 737 tum
3395 680 3590 751 agendi

2023 784 2294 850 potentias
2331 791 2390 837 ut
2430 798 2609 835 rerum
2665 782 2939 851 fragilium
2982 787 3035 829 ιιι
3082 777 3414 830 caducarum
3459 772 3594 827 aﬂ‘e~

2024 877 2297 930 ctionibus
2338 875 2578 943 integras
2602 874 2962 926 conservabo.
3009 869 3151 934 Quia
3195 867 3347 934 fortis
3384 876 3484 927 est,
3527 874 3586 915 ut

2025 986 2189 1033 mors,
2222 968 2432 1022 dilectio
2462 983 2478 1018 :
2512 966 2649 1018 dura
2704 966 2839 1017 sicut
2870 966 3127 1030 infernus,
3157 958 3448 1013 inmutatio.
3482 954 3594 1007 Hoc

2024 1067 2128 1122 cst,
2184 1058 2228 1112 si
2273 1058 2325 1110 in
2365 1057 2630 1112 charitate
2664 1068 2783 1107 mea
2819 1052 3201 1121 perinanieris,
3244 1056 3297 1102 et
3326 1061 3428 1115 ego
3461 1045 3512 1097 in
3543 1054 3597 1096 te

2024 1148 2379 1221 permanebo,
2410 1156 2464 1201 et
2503 1144 2915 1200 eonservaberis
2937 1183 2951 1208 ,
2994 1150 3050 1193 ut
3084 1142 3287 1193 dictum
3318 1146 3424 1192 est.
3461 1134 3593 1188 Nam

2028 1244 2231 1312 integra
2264 1249 2428 1308 atque
2457 1236 2695 1306 perfecta
2721 1248 2848 1305 erga
2876 1248 2962 1286 me
3003 1232 3244 1284 Charitas
3280 1237 3390 1282 tam
3438 1227 3595 1280 fortis

2024 1346 2129 1402 est,
2167 1342 2245 1397 ut,
2284 1333 2475 1386 mortis
2530 1331 2720 1388 instar,
2764 1341 2955 1381 omnes
2998 1328 3060 1376 ad
3094 1325 3289 1376 malum
3326 1322 3598 1374 motiones

2026 1435 2191 1493 atque
2226 1426 2459 1489 impetus
2496 1420 2688 1474 sedet:
2740 1416 3015 1469 aemulatio
3046 1421 3227 1467 autem
3264 1420 3483 1479 propter
3512 1422 3597 1460 me

2029 1514 2171 1565 malo
2212 1528 2320 1565 non
2354 1509 2519 1572 cedit,
2554 1507 2646 1561 sed
2691 1516 2947 1574 tanquam
2991 1504 3237 1556 infernus
3280 1500 3478 1552 rationi
3509 1512 3599 1550 re-

2030 1610 2335 1674 pugnantes
2388 1611 2569 1654 motus
2614 1599 2805 1661 vincit,
2838 1596 3181 1663 vinctosque,
3234 1608 3302 1647 ne
3344 1588 3598 1661 progredi

2031 1696 2268 1765 possint,
2303 1699 2539 1747 coercet.
2577 1692 2690 1743 Alte
2718 1690 2863 1743 enim
2889 1688 3007 1757 ejus
3042 1687 3141 1739 ala:
3183 1685 3324 1754 ignis
3356 1698 3371 1736 :
3413 1696 3601 1750 prurire

2028 1788 2193 1849 ignis,
2229 1786 2457 1837 ﬂammai
2485 1782 2627 1848 ejus.
2660 1779 2834 1849 Opera
2870 1780 3072 1847 quippe
3096 1774 3341 1829 ardentis
3357 1787 3482 1841 erga
3514 1786 3602 1824 me

355 1858 481 1876 ην,
511 1858 572 1877 τι,
606 1858 669 1876 -.η
757 1858 768 1875 ι
932 1858 942 1872 ,
1058 1858 1100 1874 ⁸,
1343 1858 1353 1868 _
1490 1858 1497 1859 ί
1688 1858 1697 1863 _

346 1896 704 1964 Λὺγαζούσης
734 1897 790 1947 ἐν
816 1894 892 1964 τῷ
925 1896 1066 1963 φωτὶ
1105 1895 1201 1961 τῆς
1237 1888 1496 1958 ἀληθείας
1528 1887 1667 1939 κατά
1696 1883 1923 1954 θεωρίαν
1960 1858 1997 1911 n
2030 1882 2093 1932 ch

1862 1900 1923 1934 αν
1960 1858 1997 1911 n
2030 1876 2320 1932 charitatis
2376 1885 2508 1927 sunt
2560 1872 2725 1939 hujus
2782 1872 2901 1934 alar,
2944 1884 3064 1938 quae
3098 1869 3341 1920 illustrat
3376 1864 3431 1918 in
3482 1864 3603 1916 luce

347 1987 438 2039 τὸν
470 1986 615 2052 νοῦν,
650 1987 742 2038 καὶ
776 1984 1151 2054 άφανιζούσης
1201 1984 1299 2051 τὴν
1334 1981 1559 2045 ἄγνοιαν
1584 1995 1597 2007 ·
1634 1976 1925 2028 κάντεῦθεν

350 2076 679 2144 δαπανώσης
709 2077 851 2127 κατά
882 2073 1080 2143 πρᾶξιν
1104 2072 1213 2123 τῶν
1246 2071 1473 2123 ἐντολῶν
1505 2071 1681 2122 πᾶσαν
1708 2066 1926 2127 κακίαν,

350 2164 478 2234 (οἶά
509 2183 613 2234 περ
651 2166 963 2234 εὔπρηστον
1012 2164 1145 2233 ῦλην
1184 2163 1420 2231 φλόγες)
1456 2164 1551 2215 καὶ
1588 2158 1929 2227 ὲπιδιδούςης

351 2260 428 2319 εἰς
450 2256 695 2324 αῦξησιν.
718 2258 914 2326 Διόπερ
933 2254 1089 2321 ὕδωρ
1109 2254 1265 2307 πολὺ
1280 2257 1350 2307 οὺ
1369 2253 1695 2319 δυνήσεται
1714 2250 1930 2302 σϐέσαι

352 2347 468 2414 τὴν
488 2348 751 2416 ἀγάπην,
792 2347 891 2398 καὶ
935 2344 1187 2411 ποταμοὶ
1224 2346 1295 2396 οὐ
1336 2343 1803 2408 συγκλύσυυσιν
1826 2337 1930 2387 αὺ-

354 2438 489 2501 τήν.
515 2440 719 2505 Ἤγουν
758 2438 811 2488 αἱ
838 2437 1055 2504 ῥέουσαι
1082 2434 1156 2497 ὡς
1178 2434 1375 2499 πλῆθος
1400 2432 1607 2484 ὑδάτων
1628 2432 1689 2480 ἐκ
1705 2427 1797 2479 τοῦ
1825 2443 1931 2496 χει-

362 2531 536 2599 μῶνος
567 2532 675 2581 τῶν
702 2531 972 2581 ἀκουσίων
1004 2526 1327 2593 πειρασμῶν
1360 2523 1553 2574 πολλαὶ
1577 2521 1812 2589 θλίψεις,
1841 2520 1933 2570 καὶ

357 2622 414 2673 αἱ
442 2620 649 2671 τούτων
698 2616 1097 2685 ἀλλυπάλληλοι
1146 2615 1220 2678 ὡς
1256 2617 1496 2683 ποτάμια
1554 2613 1799 2682 ῥεύματα
1832 2613 1927 2662 ἐπ-

360 2710 580 2778 αγωγαὶ
601 2750 615 2772 ,
646 2710 701 2758 ὲν
742 2703 829 2769 αἷς
861 2707 928 2759 τὰ
959 2708 1055 2773 τῆς
1100 2707 1363 2775 πονηρίας
1406 2704 1691 2769 πνεύματα
1721 2704 1820 2771 τὴν
1855 2702 1935 2762 εἰς

364 2803 463 2870 ἐμὲ
496 2802 719 2869 ἀγάπην
752 2799 1072 2851 σπεύδουσιν
1103 2800 1135 2867 ἢ
1171 2796 1467 2866 ἐκριζῶσαι
1502 2796 1682 2846 τέλεον
1710 2792 1799 2843 διά
1847 2809 1934 2858 μι-

366 2891 605 2955 σοθείας,
638 2892 669 2958 ἢ
704 2888 1083 2953 κατακαλύψαι
1111 2888 1197 2937 διά
1232 2884 1665 2953 μισανθρωπίας,
1692 2883 1752 2935 οὐ
1782 2882 1939 2951 δυνή-

368 2998 551 3033 σονται
599 2979 723 3033 οὔτε
770 2980 948 3047 πάντη
998 2977 1185 3030 σϐέσαι
1217 2977 1386 3043 αὐτὴν
1427 2976 1515 3028 διὰ
1562 2974 1935 3043 βλασφημίας,

365 3072 486 3125 οὔτε
540 3070 880 3125 κατακλύσαι
927 3069 1020 3121 καὶ
1074 3068 1335 3136 ἀφανίσαι
1386 3066 1453 3117 δι’
1508 3064 1779 3134 ἀπραξίας
1830 3064 1937 3115 τῶν

2030 1968 2276 2023 veritatis
2336 1974 2573 2020 mentem
2646 1978 2744 2032 per
2814 1960 3329 2027 contemplationem
3363 1997 3379 2021 ,
3438 1964 3604 2021 atque

2033 2063 2357 2135 ignorantia:
2393 2061 2649 2115 tenebras
2681 2057 2929 2120 discutit,
2962 2062 3014 2107 et
3039 2067 3131 2120 per
3152 2051 3419 2104 actionem
3441 2056 3604 2116 atque

2031 2172 2197 2227 opera
2243 2153 2628 2209 mandatorum
2663 2149 2927 2201 malitiam
2958 2158 3178 2199 omnem
3229 2142 3335 2210 (ut
3375 2138 3607 2191 lianuute

2033 2246 2322 2299 materiam
2358 2256 2590 2295 accensu
2627 2238 2877 2304 facilem)
2913 2233 3176 2295 absumit,
3209 2239 3263 2285 et
3294 2232 3609 2283 incremen-

2034 2346 2147 2389 tum
2183 2332 2445 2401 suggerit.
2498 2328 2863 2392 Quamobrem
2895 2340 3033 2393 aqua
3065 2327 3230 2374 multa
3274 2335 3373 2373 non
3415 2316 3606 2383 poterit

2033 2427 2365 2494 exstinguere
2421 2419 2755 2481 cltaritatem,
2828 2425 2877 2469 et
2938 2415 3162 2482 ﬂumina
3212 2426 3315 2463 non
3383 2411 3603 2461 obruent

2035 2522 2229 2587 ipsam.
2264 2515 2520 2567 Fluentes
2567 2510 2848 2570 nimirum,
2883 2517 2942 2559 ut
2998 2518 3262 2571 aquarum
3314 2502 3485 2569 copia:
3542 2514 3609 2552 ex

2038 2613 2391 2665 inolcstarnm
2427 2603 2605 2656 hieme
2653 2601 3015 2653 tentationum
3063 2595 3244 2647 multa:
3292 2591 3610 2646 tribulatio-

2040 2716 2158 2762 nes,
2217 2708 2269 2750 et
2312 2696 2401 2748 alii
2438 2708 2602 2761 super
2640 2693 2778 2743 alios
2821 2696 3078 2755 tanquam
3137 2684 3381 2737 ﬂuviales
3412 2683 3609 2735 ﬂuctus

2042 2795 2357 2859 ingruentes
2379 2800 2565 2840 earum
2599 2783 2855 2851 impetus,
2882 2779 3081 2848 quibus
3105 2775 3358 2844 nequitiae
3382 2772 3613 2840 spiritus

2041 2884 2361 2939 charitatem
2418 2892 2546 2947 erga
2591 2890 2675 2929 me
2721 2880 2991 2926 conantur
3045 2877 3139 2921 aut
3188 2866 3449 2921 radicitus
3517 2878 3614 2933 per

2042 2974 2375 3043 impietatem
2434 2971 2486 3022 iu
2545 2966 2713 3019 Deum
2764 2964 3018 3023 evellere,
3060 2970 3156 3013 aut
3193 2974 3288 3028 per
3332 2957 3518 3011 odium
3557 2957 3613 3009 in

2042 3065 2347 3132 proximum
2373 3059 2607 3112 obruere
2631 3073 2646 3121 ;
2666 3068 2765 3108 nec
2794 3057 3047 3122 poterunt
3064 3048 3415 3114 exstinguere
3440 3048 3614 3113 ipsam

368 3164 597 3215 ἐντολῶν
627 3178 729 3230 μου
758 3178 770 3191 ο
808 3161 975 3228 αἴπερ
1006 3159 1419 3212 ἀποδεικνύουσι
1460 3157 1557 3226 μὲν
1591 3156 1688 3225 τὴν
1725 3158 1803 3217 εἰς
1839 3155 1936 3222 ἐμὲ
1966 3192 2009 3248 C
2046 3172 2108 3225 pc

1872 3155 1936 3222 μὲ
1966 3192 2009 3248 C
2046 3172 2139 3225 per
2173 3152 2569 3221 blasphemiam
2605 3188 2620 3210 ,
2674 3162 2773 3200 nec
2805 3146 3039 3199 obruere
3066 3150 3231 3210 atque
3265 3136 3482 3192 abolere
3520 3151 3614 3205 per

366 3257 609 3321 ἀγάπην,
651 3252 1017 3320 συμφέρονται
1050 3249 1103 3301 δὲ
1136 3250 1213 3310 είς
1248 3248 1337 3299 τὸν
1374 3247 1620 3314 πλησίον.
1660 3244 1801 3313 Πλὴν
1831 3244 1940 3295 ἐὰν

368 3343 487 3409 δῴη
511 3344 665 3409 ἀνὴρ
687 3342 1021 3408 τὸν,πάντα
1034 3341 1176 3403 ,βίον
1192 3336 1380 3391 αὑτοῦ
1401 3336 1470 3388 ἐς·
1490 3334 1563 3402 τῇ
1584 3335 1808 3402 ἀγάπῃ,
1841 3333 1939 3395 ἐε-

368 3434 688 3486 ουδει-ώσει
712 3431 1237 3495 ἐξουδενώσουσιν
1270 3428 1475 3480 αὐτόν·
1499 3426 1764 3495 δηλονότι,
1791 3427 1885 3476 ἐὰν
1912 3427 1939 3476 ὁ

374 3526 448 3593 μὴ
463 3528 528 3593 τῇ
546 3526 651 3575 τῶν
670 3524 1018 3593 προσκαίρων
1036 3521 1214 3587 ἀπάτῃ
1229 3517 1669 3586 ὲκθηλυνόμενος,
1685 3516 1941 3586 παράσχῃ

371 3619 482 3678 τοῖς
530 3616 803 3684 δεομένοις
848 3616 1024 3665 πάντα
1075 3613 1143 3663 τά
1195 3610 1508 3678 ὑπάρχοντα
1539 3607 1687 3675 αὐτῷ
1720 3607 1807 3658 διά
1841 3607 1941 3674 τὴν

374 3708 507 3774 πρός
559 3723 626 3773 με
665 3706 907 3771 ἀγάπην,
946 3700 1244 3770 εὐτελισμῴ
1287 3699 1652 3751 εὐτελίσουσιν
1692 3697 1851 3748 αὑτὸν
1886 3697 1943 3748 αἱ

373 3802 747 3868 ἀντικείμεναι
773 3799 1064 3866 δυνάμειςξ·
1102 3801 1316 3859 πάντως
1342 3792 1384 3863 ᾧ
1409 3797 1498 3848 τὸν
1533 3796 1651 3848 ’1ὼό
1678 3795 1817 3864 μετά
1846 3792 1944 3862 τὴν

373 3892 663 3961 ἀφαίρεσιν
696 3891 893 3951 παντὸς
923 3888 1016 3941 τοῦ
1045 3888 1305 3956 αἰσθητοῦ
1337 3887 1568 3938 πλούτου
1594 3883 1756 3936 αὑτοῦ
1788 3882 1945 3951 ἐξηυ-

371 3984 611 4046 τέλισαν,
659 3979 1039 4047 ὲξαιτούμεναι
1068 3979 1256 4030 τοῦτον
1302 3980 1394 4028 ἀπ’
1429 3976 1564 4045 ἐμοῦ
1594 3978 1670 4037 εἰς
1702 3974 1943 4041 δοκίμιον

374 4077 481 4126 τῶν
522 4075 609 4125 διὰ
661 4072 860 4141 σαρκὸς
893 4069 1115 4133 ὀδυνῶν,
1151 4070 1245 4120 καὶ
1291 4071 1413 4129 τοὺς
1443 4067 1629 4134 φίλους
1669 4064 1833 4117 αὐτοῦ
1865 4065 1944 4124 είς

373 4168 565 4221 τούτου
601 4165 904 4235 ὀνειδισμὸν
939 4164 1346 4232 ἐπεγείρουσαι.
1380 4144 1773 4213 Ταῦταποῐνυν
1808 4157 1945 4226 αὐτὴ

374 4261 583 4323 εἰδυῖα,
637 4258 764 4310 ὅταν
817 4257 997 4313 πάσας
1052 4271 1152 4321 μου
1204 4252 1300 4313 τὰς
1342 4252 1560 4311 ἐντολάς
1601 4252 1811 4319 τηρῇς,
1855 4250 1945 4300 καὶ

378 4352 537 4417 ὀδύνη
596 4366 675 4401 σοι
718 4347 919 4418 ὲπὲλθῃ
972 4346 1170 4413 σαρκὸς
1213 4343 1355 4394 κατά
1387 4342 1734 4409 συγχώρησιν
1786 4342 1944 4409 ἐμὴν,

376 4445 609 4511 γίνωσκε
662 4439 723 4491 τὸ
755 4438 994 4490 τοιοῦτον
1029 4435 1455 4503 ὲπισυμϐαίνειν
1509 4450 1616 4495 σοι,
1666 4434 1753 4484 ἵνα
1788 4450 1880 4484 σου
1915 4434 1946 4500 ή

2043 3253 2411 3311 contemptum
2468 3242 2888 3298 mandatorum,
2939 3249 3063 3304 qua:
3120 3232 3439 3284 charitatem
3497 3236 3612 3281 tum

2044 3352 2171 3405 erga
2200 3350 2286 3389 me
2317 3337 2611 3393 declarant,
2650 3338 2761 3382 tum
2798 3327 3087 3397 perﬁciunt
3124 3338 3248 3393 erga
3282 3322 3613 3391 proximum.

2045 3431 2296 3481 Attamen
2331 3426 2376 3478 si
2397 3424 2596 3477 dederit
2624 3422 2777 3473 homo
2812 3435 3013 3473 onmem
3037 3418 3193 3469 vitam
3222 3430 3374 3468 suam
3406 3417 3461 3465 in
3486 3411 3619 3463 cita-

2046 3520 2225 3581 ritate,
2280 3515 2610 3583 despectione
2656 3511 2939 3576 despicient
2980 3524 3120 3561 eum.
3157 3505 3211 3557 Si
3254 3504 3374 3564 quis
3429 3514 3616 3555 rerum

2046 3612 2273 3665 istarum
2307 3607 2577 3674 fragilium
2604 3601 2879 3656 blanditiis
2902 3600 3125 3652 minime
3152 3596 3497 3650 elIeminatus
3523 3604 3619 3646 aut

2047 3703 2329 3768 deceptus,
2385 3707 2602 3765 prapter
2634 3711 2788 3749 suam
2831 3695 2884 3745 in
2927 3706 3013 3745 me
3061 3691 3383 3743 charitatem
3431 3689 3617 3743 oinnia

2048 3794 2189 3848 bona
2226 3806 2324 3847 sua
2368 3788 2701 3859 pauperibus
2753 3784 3133 3845 distribuerit,
3170 3782 3495 3842 adversariae
3520 3796 3617 3850 po-

2049 3895 2273 3942 testates
2301 3901 2423 3938 enm
2453 3882 2916 3951 aspernabantur,
2959 3893 3025 3931 eo
3078 3878 3335 3929 nimirum
3368 3883 3618 3928 contem-

2050 3987 2143 4047 ptu
2196 3990 2302 4044 quo
2342 3974 2464 4037 Job,
2507 3972 2765 4026 omnibus
2794 3971 2871 4024 illi
2922 3968 3130 4023 divitiis
3184 3967 3480 4035 ademptis,
3540 3969 3617 4018 ita

2048 4068 2431 4138 despexerunt,
2484 4074 2538 4118 ut
2582 4078 2703 4117 eum
2736 4076 2765 4114 a
2800 4076 2884 4114 me
2924 4076 3019 4129 per
3063 4060 3247 4113 carnis
3276 4059 3490 4113 dolores
3524 4074 3619 4111 ex-

2050 4160 2371 4231 plorandum
2405 4157 2733 4227 ﬂagitantes,
2764 4156 2922 4207 etiam
2959 4154 3165 4206 amicos
3193 4152 3309 4220 ejus
3344 4152 3410 4204 ad
3439 4152 3617 4219 ipsum

2051 4250 2398 4303 contumeliis
2458 4248 2763 4300 vexandum
2805 4245 3106 4298 incitarint.
3157 4243 3284 4296 Hiec
3315 4252 3370 4295 tu
3414 4243 3621 4310 ρεισιιί-

2053 4346 2366 4401 ciens,cum
2390 4338 2573 4391 omnia
2607 4336 2860 4388 mandata
2899 4333 3383 4393 meacustodieris,
3409 4341 3463 4385 et
3496 4348 3622 4401 per-

2054 4437 2221 4490 missu
2260 4447 2380 4485 meo
2413 4440 2464 4484 te
2498 4429 2679 4482 carnis
2704 4429 2859 4481 dolor
2895 4427 3179 4489 invaserit,
3212 4426 3388 4490 c0gita
3438 4425 3488 4476 id
3523 4425 3620 4477 tibi

378 4534 513 4603 πρὸς
554 4532 654 4601 ἐμὲ
685 4530 871 4597 ἀγάπη
924 4529 1055 4581 πᾶσι
1090 4528 1392 4594 κατάδηλος
1425 4528 1669 4594 γένηται,
1705 4524 1777 4592 μὴ
1811 4525 1946 4575 sva-.-
1979 4518 2031 4575 D
2060 4542 2122 4579 co

1875 4525 1946 4575 £-.-
1979 4518 2397 4593 Deontingore,
2458 4536 2562 4573 non
2618 4518 2763 4586 quod
2824 4516 3165 4585 providentia
3222 4532 3328 4569 non
3380 4516 3451 4569 sit
3502 4531 3622 4584 qua:

378 4625 571 4692 δούσης
618 4624 728 4683 τοῖς
780 4621 1125 4688 πειρασμοῖς,
1176 4622 1267 4668 καὶ
1304 4617 1424 4685 οὐχι
1468 4616 1557 4667 διά
1601 4616 1657 4666 τὸ
1703 4615 1776 4682 μὴ
1808 4610 1944 4666 εἶναι

382 4715 636 4780 πρόνοιαν
667 4711 757 4760 ἐπὶ
792 4709 967 4760 πάντα
1000 4707 1309 4774 διήκουσαν.

464 4890 722 4961 Ἀδελφὴ
759 4889 926 4958 ήμῶν
954 4888 1153 4957 μικρὰ,
1186 4886 1285 4940 καὶ
1314 4884 1587 4955 μαστοὺς
1644 4885 1756 4937 οὐκ
1798 4883 1945 4950 ἔχει.

394 4989 453 5041 Τί
481 4984 829 5050 ποιήσωμεν
864 4978 937 5047 τῇ
982 4977 1214 5045 ἀδελφῇ
1260 4976 1428 5044 ἡμῶν
1472 4975 1541 5028 ἐν
1592 4973 1781 5041 ’ἡμέρᾳ
1814 4969 1850 5043 ᾖ
1880 4972 1955 5025 ἂν

385 5075 624 5141 λαληθῇ
651 5076 721 5125 ἐν
744 5071 895 5137 αὐτῇ
917 5087 935 5133 ;
961 5072 1028 5123 Et
1045 5069 1241 5135 τεῖχός
1266 5070 1456 5130 ἐστιν,
1482 5065 1959 5130 οἰκοδομήσομεν

385 5164 476 5215 ἐπ’
500 5163 696 5229 αὐτὴν
724 5160 1008 5223 ἐπάλξεις
1044 5155 1307 5223 ἀργυρᾶς
1337 5172 1351 5184 ·
1385 5157 1481 5207 καὶ
1522 5157 1574 5207 εὶ
1613 5154 1761 5221 θύρα
1806 5153 1956 5217 ἐστὶ,

382 5253 791 5323 διαγγιάψομεν
827 5252 918 5303 ἐπ’
944 5249 1142 5313 αὐτὴν
1180 5245 1405 5299 σανίδα
1441 5245 1745 5312 κεδρίνην.

917 5340 1040 5394 Τῶν
1070 5347 1115 5405 γ’
1139 5338 1437 5403 Πατέρων.

470 5438 536 5491 Ἦ
562 5437 618 5489 δὲ
641 5434 822 5505 νύμφη
858 5432 950 5485 τοῦ
977 5428 1215 5499 Χριστοῦ
1251 5427 1545 5496 Ἐκκλησία
1574 5426 1673 5496 ήδη
1733 5429 1833 5496 μὲν
1863 5430 1960 5498 τὴν

390 5530 589 5595 ἑαυτῆς
621 5529 747 5594 παρ’
776 5523 943 5578 αὐτοῦ
979 5521 1218 5575 λαϐοῦσα
1252 5519 1577 5588 ἀσφάλειαν,
1619 5520 1859 5574 ποθοῦσα
1905 5524 1961 5575 δὲ

393 5618 491 5671 καὶ
521 5616 619 5682 τὴν
647 5617 733 5668 ἒιά
778 5615 1153 5683 βαπτίσματος
1195 5609 1336 5663 κατά
1368 5610 1569 5676 γνῶσιν
1625 5610 1719 5663 καὶ
1764 5612 1964 5682 ἀρετὴν

388 5706 673 5760 τελείωσιν
690 5705 789 5773 τῆς
821 5703 930 5756 τῶν
951 5701 1375 5772 κατηχουμὲνων
1406 5700 1543 5769 αὐτῇ
1588 5698 1856 5753 Ἰουδαίων
1904 5720 1963 5755 τε

395 5799 489 5850 καὶ
529 5797 797 5866 Ἐλλήνων
825 5794 1175 5865 ὀμηγύρεως,
1207 5791 1337 5862 περὶ
1385 5790 1587 5861 ταύτης
1647 5795 1780 5860 φησι
1828 5795 1965 5864 πρὸς

633 5892 905 5953 Ρλτιοι..
946 5890 1059 5953 Gn.
1105 5888 1357 5951 CXXII.

2057 4625 2254 4669 cuncta
2286 4618 2551 4681 gubernet
2583 4625 2645 4664 ac
2679 4609 3011 4670 moderetur,
3042 4607 3134 4660 sed
3168 4617 3226 4659 ut
3249 4617 3338 4658 tua
3367 4608 3625 4659 tentatio-

2059 4708 2218 4759 nibus
2274 4706 2496 4757 minime
2535 4700 2943 4756 sucenmbentis
2971 4714 3096 4769 erga
3129 4713 3213 4751 me
3244 4697 3483 4751 Charitas
3529 4701 3623 4750 tiat

2059 4798 2317 4851 omnibus
2349 4795 2662 4847 manifesta.

2131 4888 2297 4942 Soror
2331 4897 2512 4938 nostra
2564 4900 2751 4952 parra,
2814 4891 2863 4935 et
2917 4880 3081 4934 ubera
3116 4897 3219 4934 non
3268 4881 3441 4933 habet.
3479 4878 3622 4946 Quid

2058 4979 2311 5046 faciemus
2340 4975 2511 5029 sorori
2538 4983 2735 5026 nostra:
2764 4973 2817 5028 in
2836 4972 2921 5024 die
2944 4974 2995 5023 in
3030 4987 3133 5039 qua
3176 4974 3384 5024 verbum
3419 4970 3623 5038 factum

2059 5072 2215 5140 fuerit
2278 5071 2331 5120 in
2386 5067 2490 5121 ea?
2546 5064 2604 5118 Si
2637 5080 2815 5116 murus
2879 5073 2978 5126 est,
3037 5064 3418 5130 ardiﬁrabimus
3468 5077 3624 5129 super

2057 5179 2174 5217 eam
2205 5158 2601 5229 propugnacula
2636 5163 2930 5223 argentea:
2971 5155 3015 5206 si
3067 5155 3259 5205 ostium
3287 5166 3386 5213 est,
3420 5152 3623 5205 descri-

2061 5256 2237 5306 bemus
2269 5263 2424 5316 super
2454 5263 2567 5298 eam
2598 5246 2839 5297 tabulam
2872 5243 3165 5297 cedrinmn.

2609 5334 2790 5387 Trium
2840 5334 3082 5387 Patrum.

2135 5434 2345 5501 Sponsa
2389 5429 2593 5483 Christi
2622 5426 2891 5488 Ecclesia,
2942 5441 3063 5477 cum
3095 5425 3206 5491 jam
3241 5439 3394 5479 suam
3451 5428 3625 5496 ipsius

2065 5524 2132 5577 ab
2154 5539 2219 5575 eo
2256 5522 2539 5574 securitau
2562 5534 2608 5569 iu
2639 5527 2789 5571 esset
2825 5524 3099 5577 assecuta,
3137 5524 3468 5585 cuperetque
3509 5528 3622 5570 tum

2065 5612 2378 5665 Juda-orum
2406 5618 2521 5663 tum
2554 5607 2797 5677 gentium
2828 5620 2855 5657 a
2889 5621 2945 5658 se
2984 5606 3323 5659 initiatorum
3376 5608 3625 5661 multitu-

2068 5705 2248 5758 dinem
2279 5716 2375 5771 per
2407 5700 2676 5768 baptisma
2708 5712 2771 5751 ex
2806 5697 3033 5750 scientia
3084 5706 3137 5750 et
3170 5701 3369 5752 virtute
3408 5700 3473 5753 ad
3500 5714 3625 5767 per-

2065 5793 2355 5848 fectionem
2385 5790 2691 5859 pervenire,
2716 5789 2832 5841 haec
2862 5788 2930 5841 de
2960 5788 3049 5840 illa
3082 5788 3148 5841 ad
3178 5803 3439 5858 sponsum
3463 5792 3623 5847 verba

3236 5885 3316 5945 22
