4424 6446
776 387 879 447 (37

794 540 1920 572 ΜΞ

1925 553 2214 563 -φ--σ-σ

1610 563 1935 575 *ι’-ι...

1983 402 2402 464 MItIIIAElJS
2454 408 2709 467 PSELLI

3940 423 4046 485 688

1754 703 1888 752 TUI"
1913 702 2462 758 ΙΙᾹΝΣΟΦΩΤΑΤΟΥ
2490 708 2606 759 KAI
2638 706 3064 761 ΤΙΜΙΩΤΛΤΟΥ

1418 860 2089 1000 ΜΙΧΑΗΛ
2200 868 2545 1001 ΤΟΥ
2706 872 3407 1011 ΨΕΛΑΟΥ

1648 1108 2120 1201 ΔΙΔΑΣΚΑ
2133 1111 2319 1202 AIA
2442 1116 3177 1207 ΠΑΝΤΟΔΑΠΗ.

1834 1454 2339 1513 SAPIENTISSIMI
2379 1454 2467 1509 ET
2528 1454 2994 1513 CELEBERRIMI

1342 1639 2525 1824 MICHAELIS
2683 1647 3449 1822 PSELLI

1595 1954 1743 2039 DE
1847 1951 2525 2043 OMNIFABIA
2612 1950 3219 2044 DOCTRINA

1412 2151 1678 2213 CAPITA
1720 2154 1816 2212 ET
1860 2154 2360 2225 QU/ESTIONES
2394 2158 2482 2217 AC
2523 2160 3102 2224 RESPONSIONES
3141 2160 3395 2221 CXCIII.

1648 2307 1736 2355 AD
1767 2307 2159 2359 MICHAELEM
2186 2311 2434 2372 DUCAM,
2465 2315 2951 2370 ΙΜΡΕΠΔΤΟΠΕΜ
2982 2320 3163 2371 θροι.

910 2460 984 2511 Ex
1015 2458 1312 2522 Apographo
1334 2456 1785 2521 Lindenbrogiano,
1810 2462 1939 2520 quod
1966 2467 2131 2512 exstat
2161 2464 2428 2528 Hamburgi
2454 2469 2501 2516 in
2529 2468 2654 2517 Bibl.
2682 2469 2733 2518 S.
2762 2470 2985 2535 Joannis,
3010 2476 3177 2527 (ξι-αλσο
3220 2481 3405 2539 primus
3447 2480 3602 2531 edidit
3634 2491 3687 2533 et
3730 2486 3905 2536 Latine

1958 2572 2109 2619 vertit
2136 2571 2275 2622 Joan.
2302 2574 2550 2625 Anam-us
2576 2578 2847 2630 I’Anntcws.

855 2866 905 2916 1.
939 2861 1112 2917 Credo
1142 2863 1195 2916 in
1224 2878 1392 2916 unum
1435 2860 1675 2929 Patrem,
1720 2866 2045 2937 principium
2107 2873 2354 2926 omnium
2389 2884 2433 2937 Α
2532 2897 2601 2933 α.

1498 2873 1675 2929 tlrem,
1720 2866 2045 2937 principium
2107 2873 2354 2926 omnium
2389 2884 2433 2937 Α
2532 2897 2601 2933 α.
2634 2882 2974 2948 Πιστεύωείς
2995 2887 3089 2941 ἕνα
3133 2889 3245 2941 Ila:

782 2965 834 3008 et
863 2969 1102 3018 causam,
1127 2968 1191 3009 ex
1213 2955 1361 3008 nullo
1382 2953 1582 3007 factum
1601 2963 1655 3008 et
1678 2957 1850 3010 solum
1872 2974 2047 3013 causae
2077 2976 2354 3030 expertem

784 3056 943 3114 atque
968 3044 1267 3116 ingenitum
1306 3062 1319 3100 :
1350 3056 1540 3100 natura
1571 3046 1783 3100 Patrem
1806 3049 2073 3118 nnigeniti
2102 3050 2217 3104 Filii
2246 3054 2353 3116 sui,

785 3139 1019 3208 Spiritus
1041 3140 1209 3193 sancti
1242 3140 1585 3193 emissorcm.
1632 3142 1697 3194 Et
1724 3143 1774 3194 in
1807 3160 1973 3197 unutn
2000 3143 2195 3200 Filium
2231 3149 2356 3200 uni-

781 3230 1046 3297 genitum,
1105 3228 1391 3281 Dominum
1427 3239 1672 3281 nostrum
1728 3230 1912 3283 Jesum
1954 3232 2254 3290 Clu-istum.
2292 3234 2356 3289 Et

781 3325 835 3376 in
872 3322 1132 3392 Spiritum
1162 3330 1412 3377 sanctum
1450 3338 1556 3377 non
1595 3335 1782 3377 natum
1814 3341 1879 3380 ex
1911 3326 2089 3392 Patre,
2150 3330 2242 3383 sed
2292 3348 2355 3385 ex

780 3414 1019 3469 essentia
1051 3416 1170 3483 ejus
1200 3415 1607 3483 procedentem.
1655 3417 1859 3470 dictum
1908 3418 2240 3475 Advocatum
2275 3434 2358 3477 ut-

781 3517 907 3575 pote
932 3506 1025 3575 qui
1068 3522 1229 3561 voces
1254 3522 1549 3575 precesque
1581 3509 1824 3561 omnium
1855 3511 2076 3580 excipit,
2116 3528 2212 3581 per
2240 3530 2356 3567 om-

777 3602 869 3654 nia
890 3600 1119 3653 similem
1148 3599 1291 3653 Patri
1323 3608 1375 3653 et
1397 3598 1552 3662 Filio,
1584 3601 1675 3670 qui
1706 3617 1768 3653 ex
1799 3600 1955 3656 l’atre
1981 3604 2200 3671 quidem
2230 3621 2355 3673 pro-

785 3693 950 3755 cedit,
1007 3692 1099 3746 sed
1148 3707 1245 3761 per
1279 3692 1480 3745 Filium
1530 3694 1709 3757 datur,
1771 3705 1825 3747 et
1873 3696 1940 3748 ab
2000 3696 2148 3750 omni
2195 3712 2355 3750 crea-

789 3789 910 3831 tura
940 3780 1013 3847 (I)
1047 3779 1331 3847 accipitur.
1364 3776 1565 3830 Ilarttm
1595 3780 1756 3832 trium
1780 3795 2137 3849 personarum
2159 3782 2350 3847 Patris,

779 3870 922 3934 I-‘iiii,
959 3880 1013 3923 et
1054 3869 1295 3938 Spiritus
1339 3868 1512 3921 sancti
1548 3884 1715 3922 unum
1750 3872 2100 3940 principium,
2134 3889 2239 3926 una
2274 3884 2356 3929 est

779 3971 993 4025 natura,
1048 3976 1155 4014 una
1199 3960 1476 4025 divinitas,
1526 3976 1633 4014 una
1671 3960 1863 4025 forma,
1898 3980 2001 4015 una
2031 3966 2262 4021 essentia
2300 3977 2355 4020 et

780 4052 1044 4120 putentia.

3253 2889 3351 2957 ἐρα
3377 2891 3474 2959 τὴν
3500 2892 3715 2946 πάντων
3732 2895 3903 2964 ἀρχὴν
3934 2896 4026 2951 καὶ

2463 2970 2662 3034 αἰτίαν,
2698 2974 2798 3025 οὐκ
2829 2975 2891 3026 ἔκ
2918 2993 3062 3040 τινος
3094 2980 3441 3047 γεννηθέντα,
3477 2985 3714 3036 ἀναίτιον
3747 2989 3837 3037 καὶ
3867 2988 4025 3055 ἀγέν-

2462 3078 2618 3129 νητον
2642 3064 2819 3131 μόνον,
2856 3067 3165 3138 ὑπάρχοντα
3206 3072 3425 3141 Πατέρα
3454 3075 3614 3140 φύσει
3660 3076 3753 3127 τοῦ
3796 3094 4020 3145 μονογε-

2462 3152 2583 3215 νοῦς
2624 3154 2752 3207 Υίοῦ
2786 3157 2971 3223 αὑτοῦ,
3034 3162 3126 3212 καὶ
3168 3163 3432 3231 προὸολέα
3464 3167 3555 3217 τοῦ
3590 3168 3746 3234 ἁγίου
3774 3169 4024 3238 Πνεύμα-

2459 3257 2569 3302 τος.
2601 3244 2707 3295 Καὶ
2733 3246 2809 3306 εἰς
2834 3246 2926 3298 ἕνα
2952 3248 3075 3300 Υἰὸν
3104 3250 3195 3302 τὸν
3220 3258 3505 3323 μονογενῆ,
3523 3257 3613 3307 τὸν
3641 3257 3840 3328 Κύριον
3867 3260 4024 3327 ἡμῶν

2472 3332 2678 3399 Ἰησοῦν
2706 3336 2957 3403 Χριστόν.
2987 3340 3092 3391 Καὶ
3112 3342 3189 3403 εἰς
3210 3343 3429 3411 Πνεῦμα
3459 3346 3631 3413 ἅγιον,
3662 3349 3722 3400 οὐ
3754 3351 4025 3418 γεννώμε-

2458 3440 2547 3474 νον
2573 3426 2633 3475 ὲκ
2678 3424 2768 3476 τοῦ
2802 3427 3031 3498 Πατρός,
3078 3431 3193 3483 ἀλλ’
3226 3436 3288 3484 ὲκ
3328 3436 3425 3503 τῆς
3454 3437 3641 3497 οὐσίας
3668 3439 3831 3491 αὑτοῦ
3859 3442 4019 3492 ἐκποο

2462 3515 2769 3584 ρευόμενον,
2815 3519 3170 3591 Παρακλητον
3217 3524 3615 3595 ὀνομαζόμενον
3662 3531 3735 3592 ὡς
3783 3532 3880 3593 τὰς
3912 3533 4018 3584 τῶν

2458 3606 2592 3658 ὅλων
2624 3609 2992 3679 παρακλήσεις
3012 3612 3316 3682 δεχόμενον,
3347 3620 3486 3671 κατὰ
3516 3622 3712 3682 παντὸς
3740 3623 3919 3690 ὅμοιον
3940 3623 4015 3691 τῷ

2458 3698 2633 3768 Ilath
2660 3699 2752 3751 καὶ
2785 3701 2914 3771 Υίῴ,
2949 3705 3011 3755 ἐκ
3049 3706 3143 3757 τοῦ
3178 3708 3388 3777 Πατρδις
3433 3712 3530 3779 μὲν
3568 3713 4016 3782 ἐκπορευόμενον.

2456 3788 2521 3841 δι’
2542 3791 2667 3842 Tia-3
2697 3791 2751 3843 δὲ
2791 3794 3203 3865 μεταδιδόμενον
3226 3804 3314 3851 καὶ
3346 3803 3894 3873 μεταλαμϐανόμενον
3917 3806 4021 3857 ὑπὸ

2458 3882 2637 3952 πάσης
2681 3883 2926 3946 κτίσεως.
2967 3886 3181 3939 Τούτων
3213 3890 3267 3942 δὲ
3312 3893 3419 3943 τῶν
3445 3895 3608 3963 τριῶν
3640 3896 4020 3963 ὑποστὰσειυν,

2458 3975 2689 4043 Πατρὺς,
2723 3975 2852 4027 Υίοῦ
2882 3978 2974 4028 καὶ
3012 3979 3169 4047 ἁγίου
3208 3984 3546 4051 Πνεύματος,
3580 3988 3676 4054 μία
3713 3990 3875 4057 ἁρχὴ,
3919 3989 4021 4055 μία

2458 4063 2638 4131 φύσις,
2681 4064 2776 4133 μία
2819 4065 3024 4136 θεότης,
3079 4071 3175 4139 μία
3209 4074 3412 4144 μορφὴ,
3470 4077 3567 4146 μία
3608 4079 3764 4130 οὐσία
3796 4080 3889 4131 καὶ
3922 4081 4014 4132 δύ-

2458 4172 2639 4223 ναμις.

778 4234 832 4286 ‘2.
867 4232 941 4286 De
988 4232 1258 4285 vocabulis
1298 4232 1605 4326 quibusdam
1654 4234 1709 4311 in
1749 4230 2166 4326 gitoristianorum
2221 4238 2350 4307 dog-
2382 4237 2423 4291 Β
2457 4246 2521 4315 β’,

2271 4252 2350 4307 ’9ο
2382 4237 2423 4291 Β
2457 4246 2521 4315 β’.
2572 4251 2705 4318 Περὶ
2737 4253 3039 4326 ὀνομιίτων
3076 4254 3253 4326 amity
3289 4260 3626 4325 λεγομένων
3673 4260 3742 4314 ἐν
3779 4261 3857 4326 τῷ
3901 4261 4018 4315 τῶν

1253 4312 1391 4353 male
1416 4303 1662 4369 usurpari
1687 4301 1873 4357 solitis.

850 4392 1095 4448 Essentia
1134 4400 1186 4446 et
1228 4399 1422 4444 natura
1462 4390 1519 4443 in
1563 4400 1746 4444 sancta
1782 4402 1836 4445 et
1901 4394 2349 4448 consubstantiali

781 4486 1046 4540 Trinitate
1070 4498 1237 4537 unum
1277 4482 1529 4550 idemque
1560 4482 1803 4546 denotat,
1835 4483 1994 4537 ambo
2026 4485 2173 4537 enim
2204 4500 2353 4539 com-

782 4577 968 4632 munia
991 4582 1198 4629 suntet
1226 4572 1573 4637 universalia,
1612 4584 1663 4625 et
1698 4572 1765 4626 de
1797 4573 1967 4628 tribus
2001 4575 2242 4643 personis
2270 4576 2351 4629 di-

781 4676 1001 4729 cuntur,
1040 4679 1270 4734 quarum
1300 4678 1407 4716 una
1439 4672 1633 4716 natura
1656 4673 1711 4717 et
1743 4679 1848 4717 una
1882 4664 2200 4730 substantia,
2243 4683 2349 4720 una

784 4764 976 4824 forma,
1033 4773 1139 4810 una
1165 4755 1442 4817 divinitas,
1500 4770 1606 4809 una
1664 4756 1853 4826 gratia,
1897 4773 2003 4810 una
2052 4759 2253 4827 paritas
2296 4768 2351 4813 et

781 4849 1079 4919 aequalitas,
1139 4862 1245 4901 una
1301 4845 1489 4915 gloria,
1519 4862 1625 4899 una
1670 4846 1943 4901 confessio
1991 4857 2047 4901 et
2094 4864 2197 4903 una
2252 4865 2344 4918 po-

785 4945 975 5000 tentia.

854 5032 1170 5103 llypostasis
1219 5038 1274 5084 et
1333 5044 1566 5099 persona
1614 5028 1863 5083 similiter
1910 5046 2075 5084 unum
2110 5041 2163 5085 et
2205 5033 2346 5088 idem

783 5124 1124 5196 signiﬁcant;
1159 5137 1282 5175 nam
1320 5123 1391 5174 ita
1425 5122 1599 5186 Pater,
1625 5138 1679 5174 ν.
1707 5138 1782 5191 3.,
1822 5121 2124 5191 liypostasis
2144 5133 2198 5178 et
2225 5141 2349 5194 per-

783 5232 915 5273 sona
949 5227 1049 5279 est,
1082 5214 1384 5284 liypostasis
1410 5222 1465 5266 et
1498 5228 1726 5281 persona
1756 5212 1942 5278 Filius,
1970 5215 2272 5283 hypostasis
2295 5227 2351 5271 et

784 5323 1014 5380 persona
1044 5306 1281 5374 Spiritus
1312 5314 1554 5360 sanctus.
1587 5302 1837 5359 Gloriiica
1877 5304 2037 5375 igitur
2070 5316 2179 5361 tres
2218 5324 2345 5376 per-

785 5415 947 5455 sonas
974 5398 1088 5453 sive
1119 5400 1453 5468 hypostases,
1479 5410 1642 5449 unam
1671 5410 1800 5449 vero
1842 5405 2088 5451 naturam
2130 5412 2347 5453 earum-

784 5492 905 5545 dem
937 5499 1096 5559 atque
1121 5488 1430 5543 essentiam.
1468 5486 1649 5540 Sancti
1674 5485 1870 5556 quippe
1898 5486 2085 5542 Patres
2113 5504 2212 5559 pro
2240 5506 2347 5546 uno

2903 4324 3273 4391 Χριστιανῶν
3300 4324 3564 4395 domum.

2524 4410 2695 4463 Οὑσία
2721 4411 2813 4463 καὶ
2836 4411 2992 4479 φύσις
3022 4415 3113 4466 ἐπὶ
3134 4416 3231 4483 τῆς
3258 4417 3414 4482 ἁγίας
3440 4420 3531 4470 καὶ
3545 4422 3827 4487 ὀμοουσίου
3854 4423 4016 4490 Τριά-

2452 4497 2536 4561 δος
2557 4500 2617 4551 τὸ
2645 4502 2796 4567 αὐτὸ,
2823 4504 3107 4573 ἀμφότερα
3137 4507 3245 4574 γὰρ
3277 4509 3428 4560 κοινὰ
3460 4510 3553 4560 καὶ
3599 4513 3883 4576 καθολικὰ,
3921 4516 4015 4565 καὶ

2453 4591 2594 4642 κατὰ
2609 4592 2774 4662 τριῶν
2793 4594 3143 4649 ὑποστάσεων
3160 4596 3446 4667 λεγόμενα.
3475 4601 3691 4653 Τούτων
3710 4604 3805 4671 μία
3830 4607 4012 4671 φύσις,

2452 4686 2543 4734 καὶ
2576 4683 2733 4736 οὐσία
2767 4685 2884 4754 μία,
2914 4688 3007 4739 καὶ
3040 4687 3137 4757 μία
3172 4689 3499 4757 ἑκτύπωσις,
3537 4696 3633 4762 μία
3666 4694 3874 4765 Θεότης,
3915 4700 4014 4767 μῖα

2452 4773 2631 4843 χάρις,
2667 4775 2763 4845 μία
2799 4776 2998 4846 ἰσότης,
3043 4779 3141 4848 μία
3168 4779 3313 4844 δόξα,
3361 4783 3458 4852 μία
3489 4784 3763 4853 ὁμολογία,
3791 4790 3884 4840 καὶ
3912 4788 4008 4857 μία

2451 4864 2696 4935 δύναμις.

2533 5043 2858 5107 Ύπόστασις
2901 5046 3061 5098 πάλιν
3105 5047 3198 5100 καὶ
3243 5050 3532 5119 πρόσωπον
3576 5054 3638 5105 τδ
3683 5056 3853 5108 αὑτόσ
3901 5049 4013 5109 οἷον

2452 5134 2746 5197 ὑπόστασις
2794 5136 2887 5187 καὶ
2926 5136 3219 5205 πρόσωπον
3261 5140 3289 5189 ὀ
3326 5140 3531 5212 Πατὴρ,
3582 5143 3877 5207 ὑπόστασις
3918 5147 4012 5198 καὶ

2452 5221 2741 5290 πρόσωπον
2761 5226 2788 5275 ὁ
2806 5224 2951 5288 Υίὸς,
2972 5225 3266 5291 ὑπόστασις
3284 5231 3377 5281 καὶ
3395 5231 3681 5298 πρόσωπον
3705 5235 3763 5284 τὸ
3790 5232 4013 5301 Πνεῦμα

2449 5311 2508 5363 τὸ
2540 5313 2711 5379 ἅγιον.
2745 5314 2941 5378 Δόξαζε
2971 5314 3065 5369 οὖν
3095 5318 3218 5386 τρία
3245 5320 3532 5389 πρόσωπα,
3560 5323 3678 5394 ἦτοι
3709 5326 3855 5394 τρεῖς
3889 5325 4013 5377 ὑπο-

2453 5404 2690 5470 στάσεις,
2745 5407 2871 5475 μίαν
2905 5407 2972 5476 ζδὲ
3014 5409 3174 5477 φύσιν
3210 5411 3317 5465 τῶν
3355 5412 3535 5465 αὐτῶν
3579 5416 3672 5467 καὶ
3703 5415 3912 5469 οὐσίαν.
3950 5417 4013 5469 οι

2451 5488 2541 5546 οὖν
2574 5496 2716 5561 ἆγιοι
2760 5498 2995 5568 Πατέρες
3050 5501 3141 5553 ἐπὶ
3183 5502 3275 5554 τοῦ
3322 5502 3485 5556 αὐτοῦ
3530 5504 3780 5558 τάττουσι
3816 5507 3877 5558 τὸ
3914 5507 4013 5575 τῆς

784 5581 1082 5649 eodemque
1111 5586 1321 5649 ponunt
1366 5577 1623 5633 vocabula
1666 5577 1916 5633 essentia:
1958 5587 2014 5633 et
2046 5588 2253 5636 naturae
2295 5591 2352 5641 et
2378 5587 2418 5645 C
2452 5585 2531 5638 ούε

2295 5591 2352 5641 et
2378 5587 2418 5645 C
2452 5585 2635 5649 οὐσίας
2666 5588 2755 5639 καὶ
2778 5588 2988 5655 φύσεως
3011 5590 3103 5644 καὶ
3133 5593 3343 5665 μορφῆς
3377 5595 3567 5665 ὄνομα.
3603 5596 3711 5651 Καὶ
3740 5596 3898 5652 πάλιν
3918 5598 4012 5650 ἐπὶ

2286 5693 2514 5752 ΝΟΤΑΕ.

857 5781 931 5853 (1)
966 5781 1283 5841 Hominibus
1307 5792 1458 5855 puta,
1499 5792 1559 5839 ut
1586 5781 1748 5840 Marc.
1780 5800 1896 5853 xw,
1928 5787 2029 5843 15:
2065 5788 2350 5859 Κηρύξατε
2392 5793 2452 5845 τὸ
2486 5793 2604 5848 Εὐσι¹

1586 5781 1748 5840 Marc.
1780 5800 1896 5853 xw,
1928 5787 2029 5843 15:
2065 5788 2350 5859 Κηρύξατε
2392 5793 2452 5845 τὸ
2486 5793 2819 5863 Εὐαγγέλιον
2848 5798 2997 5869 πάσῃ
3028 5801 3093 5869 τῇ
3121 5799 3312 5855 κτίσει.
