4424 6446
416 420 520 481 659

1536 417 1626 476 DE
1668 415 1951 478 OMNIFA
1965 415 2094 472 [UA
2140 415 2545 479 DOCTRINA.

3561 422 3671 486 690

416 544 509 595 τοῦ
539 539 703 593 αὑτοῦ
734 538 794 591 τὸ
834 538 1121 607 πρόσωπον
1154 538 1247 590 καὶ
1276 537 1373 604 τὴν
1421 538 1720 589 ὑπόστασιν
1765 536 1859 588 καὶ
1894 535 1986 588 τὸν
2013 536 2063 592 Α
2090 534 2161 588 fut

1919 535 1986 587 ’ὸν
2013 536 2063 592 Α
2090 534 2277 589 formae
2310 553 2323 588 :
2357 552 2421 589 ac
2448 536 2683 592 vicissim
2734 536 2879 591 idem
2917 534 3023 590 illis
3066 546 3146 591 est
3182 553 3437 607 persona,
3473 538 3666 592 chara-

415 632 761 704 χαρακτῆρα.
795 630 910 683 Μία
949 628 1041 681 οὖν
1076 629 1291 699 Θεότης,
1324 629 1421 698 μία
1455 628 1639 697 φύσις,
1680 627 1779 696 μία
1808 628 1986 690 οὑσία,

420 720 517 789 μία
544 717 747 787 μορφή.
773 717 883 769 Καὶ
910 716 1069 769 πάλιν
1093 715 1217 785 τρία
1248 716 1535 785 πρόσωπα,
1569 716 1718 781 τρεῖς
1748 713 1987 766 ὑποστά-

418 827 552 873 σεις,
588 811 677 861 καὶ
723 809 870 877 τρεῖς
914 809 1281 876 χαρακτῆρες,
1326 808 1479 876 τρεῖς
1511 805 1792 874 ἰδιότητες.
1826 805 1987 857 Ἐστι

415 902 470 952 δὲ
507 900 701 967 ἰδιότης
743 901 835 952 ἐπὶ
869 901 968 969 μὲν
1008 899 1101 952 τοῦ
1137 899 1371 968 Πατρὸς,
1400 901 1431 967 ἡ
1460 898 1778 966 ἀγεννησία,
1808 899 1901 950 ἐπὶ
1932 898 1988 950 δὲ

417 995 509 1045 τνῦ
549 993 700 1058 Υίοῦ,
731 996 762 1063 ἡ
808 994 1078 1062 γέννησις,
1122 993 1214 1045 ἐπὶ
1248 993 1303 1045 δὲ
1337 992 1430 1045 τοῦ
1461 992 1618 1060 ἁγίου
1652 990 1988 1061 Πνεὺματος,

418 1086 449 1151 ἡ
484 1083 832 1153 ἑκπόρευσις.

852 1182 920 1242 γ’.
952 1174 1089 1242 Περὶ
1114 1176 1559 1229 ἐνυποστιὲτων.

492 1335 732 1403 Πρόσεχε
762 1334 839 1403 τῷ
866 1334 1089 1402 ὀνόματι
1113 1334 1305 1403 τούτῳ,
1342 1335 1579 1387 δέσποτα
1602 1354 1723 1403 μου,
1755 1337 1988 1407 πολυσή-

424 1442 622 1493 μαντον
653 1425 761 1493 γάρ
795 1427 933 1489 ἐστι,
964 1426 1024 1477 τὸ
1061 1424 1119 1477 δὲ.
1163 1426 1365 1493 κυρίως
1401 1426 1531 1477 αὐτὸ
1565 1426 1986 1495 σημαινόμενον,

418 1518 841 1569 δυσκολώτατον.
871 1518 1100 1583 Λέγεται
1130 1513 1222 1569 οὖν
1248 1518 1609 1578 ἐνυπόστατα,
1641 1519 1787 1569 πᾶσα
1815 1518 1990 1586 ὑπαρ-

421 1608 502 1673 ξις
531 1610 643 1660 εἴτε
679 1608 963 1678 σωματικὴ
994 1608 1105 1661 εἴτε
1151 1609 1499 1677 ἁσωματικὴ,
1535 1609 1655 1660 καθ’
1686 1608 1714 1659 ὃ
1755 1609 1989 1677 ὑφέστη-

380 1716 381 1719 ‘
421 1717 537 1760 κεν,
557 1698 859 1770 ὥστεςκατὰ
875 1698 1061 1752 τοῦτον
1083 1699 1173 1752 τὸν
1194 1701 1349 1767 λόγον
1372 1701 1541 1762 εἴποις
1565 1699 1849 1770 ἀνορώπου
1883 1700 1980 1753 καὶ

417 1794 479 1843 τὸ
514 1792 707 1860 χρῶμα
736 1793 828 1843 καὶ
861 1791 955 1861 τὴν
978 1793 1165 1844 οὐσίαν
1195 1793 1576 1855 ὲνυπόστατον,
1612 1794 1815 1860 κυρίως
1851 1793 1988 1844 δὲτὸ

2093 637 2207 681 cter
2248 637 2302 681 et
2350 627 2674 697 hypostasis.
2709 627 2827 683 Una
2873 628 3057 695 itaque
3092 637 3177 682 est
3236 628 3521 691 Divinitas,
3566 645 3671 683 una

2095 728 2321 773 natura:
2358 735 2460 771 una
2503 720 2762 785 essentia,
2801 735 2909 774 una
2958 718 3151 774 forma.
3196 717 3309 773 Nec
3340 720 3518 774 minus
3560 730 3671 775 tres

2094 818 2220 861 sunt
2268 824 2535 878 personae,
2579 819 2689 863 tres
2744 810 3086 878 hypostases,
3126 816 3237 862 tres
3287 808 3668 877 proprietates.

2093 900 2187 954 Est
2212 911 2391 953 autem
2428 900 2733 969 proprietas
2772 900 2946 954 Patris
2991 898 3379 970 quidem-quod
3413 896 3485 951 sit
3520 898 3675 968 inge-

2094 993 2262 1053 nitus,
2307 993 2424 1044 Filii
2448 993 2592 1059 quod
2618 990 2834 1060 genitus
2859 1000 2942 1043 est
2970 1008 2998 1044 a
3022 992 3200 1051 Patre,
3231 987 3469 1059 Spiritus
3498 989 3668 1043 sancti

2093 1084 2233 1150 quod
2262 1084 2523 1150 procedit.

2094 1175 2143 1226 '5.
2180 1174 2255 1226 De
2315 1175 2663 1244 enhypostatis
2704 1179 2811 1229 sive
2833 1177 2925 1256 .h'is
2952 1191 3066 1256 quq:
3095 1188 3324 1243 persona:
3362 1173 3467 1226 sive
3505 1174 3671 1241 hypo-

2714 1254 2841 1299 stnsi
2865 1254 3064 1298 insunt.

2162 1337 2415 1397 Attende,
2448 1337 2664 1390 domine
2695 1338 2787 1402 mi,
2818 1338 2946 1391 huic
2985 1336 3250 1390 vocabulo
3276 1333 3664 1388 ἐνυποστάτουθ

2094 1426 2244 1493 plura
2272 1428 2416 1480 enim
2448 1428 2737 1497 signiﬁcat,
2765 1438 2821 1480 et
2855 1428 2983 1495 quid
3026 1427 3246 1496 proprie
3276 1427 3516 1488 denotet,
3559 1439 3669 1478 non

2094 1516 2228 1569 adeo
2276 1517 2421 1570 dictu
2468 1516 2623 1571 facile
2661 1526 2764 1571 est.
2810 1517 3076 1570 Dicuntur
3109 1520 3251 1570 enim
3288 1518 3468 1571 inesse
3500 1516 3664 1586 hypoo

2092 1606 2218 1659 stasi
2239 1622 2572 1677 quaecunque
2598 1622 2683 1662 res
2707 1607 2820 1662 sive
2843 1608 3150 1676 corporales
3172 1608 3284 1661 sive
3303 1606 3669 1675 incorporales

2094 1707 2345 1765 respectu
2399 1696 2515 1764 ejus
2560 1699 2612 1749 in
2652 1713 2760 1766 quo
2792 1707 2938 1762 sunt,
2971 1712 3079 1765 quo
3131 1711 3295 1751 sensu
3343 1694 3579 1750 hominis
3615 1704 3671 1747 et

2093 1787 2243 1842 color
2282 1796 2338 1840 et
2373 1786 2608 1840 essentia
2658 1786 2837 1841 inesse
2880 1786 3158 1855 hypostasi
3194 1786 3412 1848 dicitur,
3449 1783 3671 1854 proprie

422 1884 519 1951 μὲν
552 1882 744 1951 χρῶμα
776 1883 1252 1952 ἑτεροῦπόστατον.
1282 1884 1394 1935 Οὑκ
1444 1883 1553 1951 ἔχει
1578 1884 1685 1951 γὰρ
1714 1884 1848 1935 ίδίαν
1874 1884 1981 1935 ὑπ·
2021 1871 2063 1924 Β
2095 1887 2169 1930 lar

1921 1901 1981 1933 π·
2021 1871 2063 1924 Β
2095 1887 2271 1931 tamen
2328 1877 2475 1931 color
2519 1877 2585 1929 ab
2614 1878 2785 1930 altero
2830 1875 2995 1930 habet
3036 1877 3179 1945 quod
3235 1876 3505 1940 subsistit,
3558 1891 3668 1928 non

420 1975 597 2042 αρξιν,
624 1974 735 2027 ἀλλ’
759 1976 814 2025 ὲν
842 1976 1054 2043 σώματι
1078 1976 1406 2044 ὑφέστηκεν.
1442 1976 1503 2027 Ἡ
1527 1975 1581 2027 δὲ
1611 1976 1765 2027 οὑσία
1788 1977 2001 2043 κυρίως

421 2068 732 2127 ὑπόστασις,
751 2066 865 2118 ἀλλ’
882 2066 980 2118 οὑκ
997 2066 1377 2128 ὲνυπόστατος.
1407 2066 1546 2118 Ἀλλ’
1560 2068 1708 2131 ὅμως
1722 2084 1987 2137 καταχρη·

423 2156 617 2217 στικῶς
639 2155 884 2223 λέγονται
912 2157 1189 2210 καὶταῦτα
1210 2158 1569 2211 ὲνυπόστατα.
1590 2158 1755 2210 Πάλιν
1774 2158 1987 2224 λέγεται

420 2247 783 2299 ὲνυπόστατον
811 2249 839 2298 ὀ
867 2248 1123 2300 καθ’ὄλου
1142 2249 1445 2316 ἄνθρωπος,
1476 2250 1613 2318 ὅπερ
1636 2250 1988 2319 ὀνομάζουσιν

419 2341 467 2391 οἱ
500 2338 602 2401 ἔξω
627 2338 903 2407 φιλόσοφοι
932 2340 1301 2394 εἰδικώτατον.
1340 2341 1728 2401 Ἐνυπόστατος
1748 2342 1802 2394 δὲ
1832 2342 1987 2409 λέγε-

419 2445 509 2481 ται
546 2431 572 2480 ό
612 2429 732 2482 καθ’
779 2428 899 2480 ὅλου
950 2427 1254 2497 ἄνθρωπος,
1292 2429 1365 2491 ὡς
1404 2432 1461 2482 ὲν
1496 2431 1613 2491 ταῖς
1660 2428 1987 2480 ὑποστάσεσι

422 2518 811 2588 θεωρούμενος,
840 2514 972 2579 οἷον,
1015 2520 1071 2570 ὲν
1104 2518 1181 2587 τῷ
1221 2519 1409 2589 Πέτρῳ
1436 2521 1530 2572 καὶ
1556 2519 1633 2588 τῷ
1675 2518 1869 2587 Παύλῳ
1894 2518 1987 2570 καὶ

420 2615 529 2673 τοῖς
554 2610 756 2673 λοιποῖς
788 2614 1036 2680 μερικοῖς
1063 2610 1391 2681 ἀνθρώποις.
1420 2611 1556 2680 Τρία
1579 2607 1672 2662 οὖν
1695 2609 1866 2662 ταῦτα
1892 2609 1987 2662 τοῦ

423 2697 785 2748 ὲνυποστάτου
816 2698 1081 2766 λεγόμενα
1108 2699 1483 2767 σημαινόμενα
1506 2698 1565 2750 οὑ
1589 2699 1730 2751 πάνυ
1758 2698 1989 2749 δύσκολα

423 2788 501 2847 είς
525 2787 846 2855 κατάληψιν.
885 2790 1016 2857 Περὶ
1039 2788 1129 2839 τοῦ
1172 2789 1432 2856 τετάρτου
1464 2789 1553 2840 τοῦ
1586 2788 1986 2855 δυσκολωτέρου

423 2878 620 2946 ἐφεξῆς
660 2878 911 2947 ἐροῦμεν.

850 3056 909 3110 δ’.
943 3058 1077 3124 Περὶ
1112 3058 1545 3113 ἐνυποστάτου.

502 3147 894 3199 Ἑνυπόστατόν
939 3149 1053 3201 ἐστι
1107 3149 1168 3201 τὸ
1201 3150 1343 3220 ἄλλῳ
1399 3150 1641 3221 διαφόρῳ
1688 3152 1832 3206 τικτὲ
1892 3154 1991 3221 τὴν

419 3239 605 3291 οὐσίαν
629 3241 704 3301 εἰς
737 3239 854 3302 ἐνὸς
882 3240 1140 3292 σύστασιν
1165 3242 1455 3312 προσώπου
1489 3246 1581 3295 καὶ
1618 3246 1747 3311 μιᾶς
1778 3244 1991 3311 γένεσιν

423 3330 770 3391 ὑποστάσεως
806 3332 1163 3399 συγκείμενον
1222 3334 1315 3384 καὶ
1363 3334 1851 3403 συν-ἀφιστάμενον,
1915 3335 1990 3405 μὴ

422 3424 671 3491 μέντοιγε
720 3421 810 3475 καὶ
860 3424 979 3475 καθ’
1034 3425 1196 3475 ἑαυτὸ
1244 3424 1668 3494 γνωριζόμενοι).
1726 3427 1987 3496 Πρόσεχε,

422 3513 654 3566 δέσποτά
680 3531 804 3583 μοι),
835 3514 911 3581 τῷ
948 3516 1160 3584 ὁρισμῷ
1186 3514 1277 3567 τοῦ
1322 3517 1715 3576 ἑνυποστάτου,
1761 3516 1821 3569 Ἦ
1860 3520 1989 3583 ἁγία

424 3604 687 3675 καθολικὴ
733 3605 1029 3674 Ἐκκλησία
1059 3607 1149 3656 ἐπὶ
1182 3606 1278 3673 τῆς
1328 3606 1637 3674 οἰκονομίας
1673 3607 1802 3675 μίαν
1858 3610 1991 3662 ὑπό-

425 3714 613 3747 στασιν
641 3697 953 3765 δογματίζει
993 3697 1083 3749 καὶ
1131 3696 1221 3748 δύο
1254 3699 1467 3764 φύσεις.
1516 3697 1847 3751 Ὑπόστασιν
1899 3699 1991 3753 τὸν

424 3786 772 3856 σαρκωοέντα
803 3787 942 3851 Υἰδν,
979 3787 1164 3854 φύσεις
1194 3787 1250 3839 δὲ
1304 3786 1532 3856 θεότητα
1572 3789 1663 3841 καὶ
1712 3789 1993 3859 ἀνθρωπό-

422 3896 576 3947 τητα.
614 3879 687 3931 Τὸ
712 3877 803 3931 οὖν
831 3877 989 3947 σῶμα
1017 3880 1076 3931 τὸ
1099 3878 1339 3948 ἔμψυχον
1401 3878 1496 3932 καὶ
1526 3878 1726 3944 ἔννουν,
1763 3880 1790 3932 ὃ
1824 3898 1990 3950 προσ-

425 3967 644 4019 ελάϐετο
686 3968 713 4019 ὁ
755 3966 956 4034 Κύριος
1008 3966 1162 4035 ἡμῶν
1205 3964 1409 4035 Ἰησοῦς
1439 3965 1690 4037 Χριστὸς,
1730 3969 1787 4018 οὑ
1837 3971 1991 4022 καλεί

425 4056 742 4120 ὑπόστασιν,
776 4055 862 4108 ἵνα
896 4056 970 4125 μὴ
999 4055 1192 4125 εὑρεθῇ
1250 4056 1480 4123 λέγουσα
1519 4056 1611 4109 δύο
1642 4058 1989 4123 ὑποστάσεις,

422 4150 559 4217 ὅπερ
589 4148 847 4217 ἐφλυάρει
884 4148 1175 4217 Νεπόριος
1205 4148 1230 4199 δ
1258 4149 1553 4217 αίρετικδς,
1579 4150 1692 4202 ἀλλ’
1739 4152 1992 4220 ὀνομάζει

423 4242 805 4301 ὲνυπόστατον.
844 4241 916 4303 ὡς
942 4240 1000 4291 ὲν
1042 4243 1107 4311 τῇ
1142 4240 1233 4293 τοῦ
1277 4241 1406 4293 Υίοῦ
1453 4243 1744 4297 ὑποστάσει
1770 4244 1828 4297 τὸ
1854 4241 1991 4298 εἶναι

425 4336 517 4384 καὶ
543 4332 601 4384 τὸ
629 4332 919 4401 ὑποστῆναι
948 4330 1107 4385 λαϐὸν
1142 4333 1231 4383 καὶ
1269 4334 1391 4403 μηδ’
1419 4334 1492 4396 ὡς
1522 4337 1580 4386 ἐν
1609 4337 1743 4405 ῥιπῇ
1779 4334 1991 4403 ὀφθαλ-

435 4425 535 4491 μοῦ
570 4424 934 4492 προϋποστάν.
971 4424 1138 4484 Αὐτὸς
1167 4426 1273 4493 γὰρ
1297 4428 1322 4477 ὁ
1357 4426 1588 4493 Χριστὸς
1624 4428 1721 4495 μία
1752 4428 1826 4481 ὢν
1858 4430 1992 4482 ὑπό-

2090 1969 2234 2021 enim
2270 1968 2465 2037 gaudet
2491 1967 2603 2036 ipse
2635 1968 2988 2022 subsistentia
3022 1968 3260 2036 propria,
3289 1968 3387 2021 sed
3419 1966 3670 2021 subsistit

2090 2062 2143 2114 in
2175 2077 2400 2126 corpore
2429 2080 2440 2113 :
2474 2061 2717 2114 essentia
2761 2077 2890 2116 vero
2927 2061 3145 2130 proprie
3190 2062 3302 2129 ipsa
3349 2069 3433 2113 est
3490 2060 3665 2130 hypo-

2090 2154 2271 2215 stasis,
2292 2168 2398 2205 non
2425 2168 2552 2206 vero
2574 2153 2716 2206 inest
2738 2152 3038 2223 hypostasi.
3064 2151 3315 2205 Attamen
3335 2159 3389 2204 et
3407 2150 3521 2204 haec
3538 2149 3668 2204 sub-

2091 2245 2407 2297 Sistenlibus
2441 2245 2623 2297 inesse
2672 2244 2951 2298 dicuntur.
2982 2241 3234 2296 Vicissim
3265 2242 3468 2296 dicitur
3502 2241 3666 2294 etiam

2093 2337 2272 2389 inesse
2315 2335 2738 2389 subsistentibus
2783 2336 2947 2388 homo
2977 2335 3232 2388 universe
3263 2332 3667 2392 consideratus,

2089 2443 2247 2497 quem
2299 2427 2613 2496 philosophi
2669 2426 2879 2480 externi
2933 2426 3169 2495 speciem
3220 2423 3669 2493 specialissimarn

2091 2520 2348 2573 vocitant.
2403 2519 2587 2573 lnesse
2628 2530 2806 2573 autem
2854 2517 3284 2571 subsistentibus
3319 2516 3432 2570 sive
3474 2516 3673 2569 indivi-

2090 2608 2211 2663 duis
2255 2610 2473 2671 dicitur,
2535 2610 2678 2677 quod
2730 2610 2783 2662 in
2831 2610 2935 2662 illis
2990 2609 3328 2669 observatur,
3372 2625 3422 2661 v.
3481 2624 3557 2678 3.,
3614 2610 3671 2664 in

2092 2701 2270 2760 Petro,
2300 2701 2462 2755 Paulo
2492 2711 2547 2755 et
2571 2703 2691 2756 aliis
2732 2702 2960 2770 singulis
3007 2700 3341 2754 hominibus.
3383 2699 3508 2753 Tria
3557 2700 3673 2755 haec

2091 2793 2386 2862 signiﬁcata
2424 2792 2523 2844 τοῦ
2553 2795 2918 2847 ὲνυποστάτου
2951 2808 3058 2846 non
3090 2793 3226 2846 adeo
3256 2788 3489 2846 dilftcilia
3517 2806 3672 2846 com-

2092 2884 2362 2953 prehensu
2386 2894 2532 2950 sunt,
2562 2886 2628 2940 de
2653 2896 2848 2956 quarto
2870 2885 3171 2941 difﬁciliore
3195 2884 3309 2955 jam
3340 2900 3461 2939 sum
3493 2883 3672 2939 dictu-

2096 2990 2209 3028 I'US.

2239 3068 2290 3121 4.
2322 3067 2398 3121 De
2429 3066 2809 3137 Enhypostato,
2842 3069 2946 3122 sive
2984 3068 3331 3134 personaliter
3362 3068 3529 3121 unita.

2169 3159 2596 3227 Enhypostatum
2630 3157 2759 3211 illud
2788 3158 2904 3212 sive
2941 3157 3298 3225 personaliter
3325 3158 3539 3210 unitum
3563 3164 3670 3219 est,

2095 3251 2237 3321 quod
2297 3258 2506 3304 naturae
2547 3250 2701 3303 alteri
2730 3250 2967 3304 essentia
2998 3249 3271 3304 diﬁ‘erenti
3325 3250 3379 3304 in
3427 3263 3675 3319 personae

2097 3342 2258 3396 unius
2287 3341 2399 3395 sive
2440 3342 2794 3411 hypostaseos
2828 3341 3273 3396 constitutionem
3308 3349 3362 3395 et
3408 3340 3677 3409 composi-

2095 3434 2295 3487 tionem
2341 3432 2582 3486 additum
2622 3439 2705 3485 est
2753 3432 3135 3497 etcoexsistit,
3172 3447 3275 3487 nec
3314 3447 3411 3500 per
3463 3446 3522 3484 se
3562 3428 3677 3485 sive

2094 3523 2320 3578 seorsim
2374 3522 2675 3576 subsistere
2729 3523 3101 3591 cognoscitur.
3153 3521 3408 3584 Attende,
3455 3520 3676 3574 domine

2094 3612 2186 3672 mi,
2222 3610 2525 3664 deﬁnitioni
2578 3610 2944 3680 enhypostati.
2978 3609 3175 3665 Sancta
3220 3610 3456 3665 Ecclesia
3486 3610 3677 3664 catho-

2092 3704 2195 3757 lica
2230 3704 2280 3755 in
2308 3703 2679 3755 incarnatione
2713 3701 2913 3756 Christi
2943 3718 3104 3755 unam
3134 3717 3418 3771 personam
3452 3712 3507 3755 et
3538 3701 3674 3756 duas

2096 3802 2319 3847 naturas
2345 3793 2522 3847 docet.
2569 3793 2889 3855 Personam,
2926 3792 3118 3845 Filium
3172 3792 3535 3855 inearnatnm,
3578 3807 3675 3845 na-

2099 3894 2248 3939 turas
2298 3899 2443 3949 vero,
2494 3883 2836 3937 divinitatem
2888 3895 2943 3937 et
3005 3884 3420 3938 humanitatem.
3463 3881 3677 3952 Corpus

2096 3977 2257 4047 igitur
2301 3977 2481 4029 anima
2536 3985 2592 4029 et
2640 3985 2821 4029 mente
2886 3976 3170 4045 priedituni
3214 3977 3360 4046 quod
3414 3976 3675 4030 Dominus

2096 4077 2283 4123 noster
2304 4067 2464 4123 Jesus
2496 4066 2749 4121 Christus
2798 4068 3113 4137 assumpsit,
3142 4083 3251 4121 non
3290 4078 3446 4122 vocat
3486 4082 3677 4135 perso-

2096 4173 2244 4220 nam,
2276 4171 2344 4210 ne
2375 4157 2687 4210 inveniatur
2709 4156 2843 4210 duas
2870 4173 3072 4227 ponere
3106 4174 3385 4228 personas,
3416 4167 3476 4212 ut
3508 4160 3679 4213 hmre-

2099 4248 2236 4301 ticus
2253 4245 2530 4307 Nestor-ius
2556 4256 2788 4315 nugatus
2811 4255 2914 4312 est,
2937 4248 3031 4302 sed
3062 4258 3217 4303 vocat
3234 4249 3672 4318 enhypostatum,

2099 4338 2211 4393 sive
2252 4336 2462 4391 unitum
2497 4323 2764 4406 personali
2806 4339 3035 4403 ratione,
3075 4348 3260 4409 utpote
3290 4340 3433 4409 quod
3467 4340 3518 4393 in
3555 4339 3673 4394 Filii

2098 4445 2329 4499 persona
2364 4438 2419 4483 et
2448 4439 2509 4483 ut
2544 4429 2635 4493 sit,
2679 4439 2733 4483 et
2765 4439 2823 4483 ut
2862 4430 3128 4484 subsistat
3176 4431 3405 4500 accepit.
3439 4447 3539 4485 nec
3579 4447 3675 4501 per

429 4532 615 4576 στασις
643 4555 656 4576 ,
711 4514 907 4583 μᾶλλον
938 4515 1015 4577 δὲ,
1047 4516 1133 4571 ἵνα
1176 4516 1505 4584 σαφέστερον
1550 4518 1707 4584 εἴπω,
1763 4520 1922 4582 αὑτὸς
1964 4521 1993 4571 ὁ
2020 4540 2071 4600 D
2102 4537 2176 4575 inc

1964 4521 1993 4571 6
2020 4540 2071 4600 Ι)
2102 4530 2433 4576 momentum
2452 4527 2610 4574 antea
2637 4521 2903 4575 substitit.
2933 4520 3058 4574 Sive
3090 4519 3269 4589 potius
3295 4528 3354 4574 ut
3388 4520 3672 4589 perspicue

430 4607 554 4669 Υἱὸς
582 4605 669 4657 τοῦ
702 4604 834 4657 Θεοῦ
866 4605 961 4674 μία
994 4604 1068 4657 ὢν
1099 4606 1389 4668 ὑπόστασις
1419 4610 1517 4676 τῆς
1551 4609 1709 4675 ἁγίας
1742 4612 1989 4681 Τριὰδος,

432 4696 616 4760 γέγονε
666 4696 757 4747 καὶ
784 4694 861 4762 τῷ
896 4694 1129 4761 σώματι,
1168 4689 1211 4761 ᾧ
1248 4696 1631 4763 προσελάϐετο,
1678 4699 1989 4764 ὑπόστασις,

427 4787 566 4839 ὥστε
607 4788 665 4839 τὸ
707 4786 864 4853 σῶμα
916 4783 1006 4837 τοῦ
1061 4784 1264 4852 Κυρίου
1317 4787 1679 4842 ὲνυπόστατον
1739 4791 1857 4860 μὲν,
1898 4792 1993 4860 οὑχ

426 4877 714 4937 ὑπόστασις
756 4876 833 4931 δέ.

894 4962 953 5018 ε’.
995 4967 1129 5032 Περὶ
1169 4966 1515 5032 όμοουσιόυ.

503 5054 795 5123 Ὀμοούσια
834 5056 1052 5123 λέγεται
1103 5058 1201 5109 ὅσα
1231 5059 1347 5120 ταῖς
1380 5059 1478 5125 μὲν
1528 5059 1857 5112 ὑποστάσεσι
1917 5061 1992 5115 δι-

422 5145 652 5217 ¹ᾕρηνται
683 5147 776 5199 ἀπ’
796 5147 1061 5218 ἀλλήλων,
1097 5151 1161 5218 τῇ
1186 5149 1241 5201 δὲ
1273 5150 1429 5220 οὐσία
1449 5150 1703 5219 ἦνωνται.
1736 5146 1860 5205 Οἷον
1885 5152 1994 5219 ἐγὼ

426 5240 518 5290 καὶ
545 5240 607 5290 σὺ
639 5239 731 5291 καὶ
760 5239 960 5301 πάντες
985 5240 1035 5291 οί
1060 5241 1198 5293 κατὰ
1225 5241 1390 5309 μέρος
1425 5241 1723 5312 ἄνθρωποι,
1752 5244 1991 5297 ὑποστά-

428 5349 539 5392 σεις
574 5331 739 5398 ἐσμὲν
764 5331 1093 5401 διῃρημέναι
1121 5333 1214 5384 ἀπ’
1246 5332 1512 5403 ἀλλήλων,
1543 5335 1647 5387 ὑπὸ
1665 5336 1721 5389 δὲ
1748 5337 1877 5405 μίαν
1906 5337 1993 5389 οὺ-

431 5424 550 5474 σίαν
578 5423 905 5491 ἀναγόμενοι
926 5423 1068 5475 κατὰ
1096 5423 1183 5475 τὸν
1209 5424 1387 5478 κοινὸν
1412 5426 1565 5494 λόγον
1590 5426 1688 5495 τῆς
1717 5428 1993 5498 ἄνθρωπόν

426 5530 489 5580 τη
498 5529 604 5576 τος·
641 5515 780 5566 κατὰ
815 5514 944 5581 γοῦν
974 5516 1064 5568 τὸν
1094 5516 1249 5583 λόγον
1278 5517 1467 5570 τοῦτόν
1496 5520 1663 5587 ἐσμεν
1697 5521 1991 5588 όμοοὺσιοι.

457 5606 501 5657 0
530 5607 716 5675 Πατὴρ
741 5600 832 5658 οὖν
856 5607 948 5659 καὶ
972 5608 998 5659 ὁ
1026 5607 1154 5671 Υἱὸς
1185 5610 1279 5661 καὶ
1307 5609 1366 5662 τὸ
1398 5609 1551 5679 ἅγιον
1582 5612 1828 5682 Πνεῦμα,
1855 5612 1994 5665 κατὰ

432 5695 527 5763 μὲν
559 5696 653 5758 τὰς
685 5698 1007 5762 ὑποστάσεις
1039 5699 1343 5771 διῄρηνται·
1390 5703 1547 5765 ἄλλος
1579 5706 1688 5773 γὰρ
1726 5707 1750 5757 ό
1779 5707 1990 5775 Πατὴρ,

430 5788 522 5839 καὶ
557 5788 713 5852 ἄλλος
751 5792 775 5841 ὁ
814 5790 957 5854 Υίδς,
995 5794 1082 5844 καὶ
1139 5793 1293 5857 ἄλλος
1344 5796 1401 5846 τὸ
1450 5797 1670 5866 Πνεῦμα
1710 5799 1767 5851 τὸ
1816 5798 1988 5865 ἅγιον·

2099 4613 2269 4684 magis
2284 4612 2665 4675 dicam,Filius
2686 4612 2799 4681 ipse
2832 4612 2921 4665 Dei
2947 4619 3238 4667 cumAesset
3258 4628 3365 4666 una
3384 4628 3448 4667 ex
3482 4626 3673 4682 perso-

2097 4705 2182 4759 nis
2203 4704 2560 4759 sanctissimae
2580 4702 2881 4767 Trinitatis,
2897 4704 3058 4757 etiam
3082 4719 3282 4773 corpus
3302 4703 3442 4773 quod
3463 4719 3675 4758 assum-

2098 4796 2207 4865 psit
2236 4796 2292 4849 in
2322 4808 2606 4863 personam
2644 4810 2797 4848 suam
2837 4795 3098 4864 suscepit,
3138 4804 3197 4849 ut
3221 4810 3421 4863 corpus
3463 4794 3670 4848 Domini

2098 4903 2343 4959 personae
2362 4887 2581 4958 quidem
2608 4888 2821 4941 unitum
2844 4898 3009 4947 esset,
3036 4895 3090 4939 at
3115 4900 3345 4953 persona
3363 4901 3474 4939 non
3503 4898 3672 4941 esset.

2553 4976 2607 5032 5.
2646 4977 2720 5031 De
2754 4977 3210 5032 consubstantiali.

2167 5070 2657 5125 Consubstantialia
2694 5070 2967 5135 dicuntur,
3000 5084 3340 5139 quaecunque
3367 5069 3674 5124 subsisten—

2099 5164 2229 5218 tiam
2279 5162 2495 5232 quidem
2547 5162 2753 5216 habent
2791 5172 3120 5231 separatam,
3158 5161 3509 5217 subsistentia
3540 5176 3671 5216 vero

2099 5256 2373 5309 communi
2416 5252 2737 5322 junguntur.
2780 5251 2870 5306 Sic
2896 5269 2997 5323 ego
3042 5262 3097 5307 et
3151 5260 3206 5305 tu
3244 5261 3300 5307 et
3325 5252 3522 5323 singuli
3565 5252 3669 5306 ho-

2098 5343 2295 5407 mines,
2325 5355 2569 5410 persona:
2607 5342 2843 5395 invicem
2885 5342 3153 5396 distinctae
3199 5357 3407 5407 sumus,
3436 5341 3531 5396 sed
3567 5342 3671 5395 sub

2099 5449 2207 5488 una
2256 5433 2556 5487 substantia
2604 5442 2659 5487 et
2700 5434 2975 5488 communi
3036 5434 3392 5488 humanitatis
3444 5432 3670 5488 notione

2098 5524 2644 5595 comprehendimur:
2701 5539 2874 5594 eoque
2920 5534 3173 5594 respectu
3201 5539 3389 5579 sumus
3432 5524 3670 5578 consubc

2099 5617 2398 5671 stantiales.
2432 5616 2693 5671 Eumdem
2720 5618 2771 5670 in
2800 5617 3021 5671 modum
3061 5616 3239 5679 Pater,
3268 5616 3437 5670 Filius
3463 5627 3515 5670 ct
3537 5610 3665 5685 Spi-
3742 5646 3743 5649 η

2100 5709 2235 5763 titus
2266 5717 2486 5763 sanctus
2516 5708 2762 5778 personis
2806 5709 3029 5778 quidem
3072 5709 3311 5764 distincti
3352 5717 3499 5772 sunt,
3528 5708 3668 5765 alius

2100 5799 2241 5853 enim
2267 5809 2345 5853 est
2380 5800 2552 5865 Pater,
2574 5801 2710 5856 alius
2732 5800 2918 5871 Filius,
2933 5811 2987 5858 et
3004 5802 3140 5859 alius
3167 5801 3402 5874 Spiritus
3419 5810 3663 5868 sanctus,
