4424 6446
370 422 475 485 697

1483 419 1581 479 DE
1613 420 2040 481 OMNIFARIA
2086 423 2269 483 DOCT
2281 424 2483 484 RINA.

3507 426 3619 490 698

368 536 585 598 στάσεις
606 534 707 604 τῆς
734 533 894 603 ἁγίας
922 532 1173 601 θεότητος
1201 530 1403 595 πάσαις
1443 535 1563 597 ταῖς
1601 534 1697 603 τῆς
1743 536 1953 604 ἁνθρωι
1980 543 2026 596 Α
2055 555 2115 608 pe

1877 550 1953 589 ηωι
1980 543 2026 596 Α
2055 537 2307 608 personis
2339 538 2594 592 humanis
2625 535 2809 591 unitas
2842 549 2966 590 esse
2994 534 3374 606 personaliter,
3400 535 3624 608 integre

368 628 600 695 ’πιότητος
622 624 954 677 ὑποστάσεσι
981 622 1102 676 καθ’
1125 622 1420 675 ὑπόστασιν
1446 621 1753 693 ἠνώθησαν.
1782 625 1938 695 [Idan

366 717 425 770 δὲ
456 718 521 786 τῇ
564 714 876 785 ἀνθρωπίνῃ
916 713 1076 782 φύσει
1115 713 1293 783 φαμὲν
1328 714 1590 785 ξενωθῆναι
1632 716 1811 767 πᾶσαν
1842 714 1940 783 τὴν

367 806 468 875 τῆς
502 807 754 876 θεότητος
786 805 994 859 οὐσίαν.
1031 806 1167 857 Κατ’
1189 805 1375 858 ούδένα
1409 805 1516 874 γὰρ
1552 805 1710 873 λόγον
1760 822 1942 858 κεκοι-

368 897 613 967 νώνηκεν
638 898 665 949 6
698 897 889 967 Πατὴρ
917 897 1009 950 καὶ
1030 896 1091 949 τὸ
1119 896 1343 965 Πνεῦμα
1368 899 1426 950 τὸ
1454 898 1605 965 ἆγιον
1629 901 1694 967 τῇ
1730 897 1946 969 σαρκώ-

370 1004 453 1040 σει
482 988 573 1040 τοῦ
605 987 739 1040 Θεοῦ
769 988 974 1054 Λόγου,
1008 988 1054 1039 εἰ
1089 988 1164 1057 μὴ
1193 990 1315 1040 κατ’
1340 988 1587 1041 εὐδοκίαν
1619 991 1710 1042 καὶ
1743 988 1938 1058 βούλη-

372 1092 474 1127 σιν.
517 1076 673 1127 Πᾶσα
716 1074 809 1127 οὑν
846 1075 879 1143 ἡ
932 1074 1093 1142 φύσις
1137 1075 1195 1127 οὑ
1241 1076 1381 1128 κατὰ
1429 1076 1610 1145 μερῶν
1648 1078 1706 1129 ὲν
1744 1081 1810 1148 τῇ
1851 1077 1945 1131 τοῦ

370 1165 607 1236 Χριστοῦ
641 1166 938 1220 ὑποστάσει
975 1168 1318 1237 συνεργεῖται
1349 1168 1426 1237 τῷ
1456 1167 1596 1237 Θεῷ.

728 1260 808 1312 ιδ’.
840 1258 977 1326 Περὶ
1009 1260 1247 1328 φύσεως
1279 1260 1589 1325 ἀπαθείας.

455 1350 715 1416 Ὀφείλεις
748 1351 1032 1419 ὁμολογεῖν
1062 1353 1144 1405 ὅτι
1179 1354 1212 1422 ἡ
1246 1352 1406 1419 φύσις
1436 1352 1530 1405 τοῦ
1564 1353 1736 1419 Λόγου
1775 1355 1948 1421 ἐσαρ-

372 1439 527 1507 κώοη
560 1441 677 1511 ἦτοι
712 1441 890 1510 ήνώθη
928 1442 1113 1508 σαρκί.
1142 1442 1214 1495 Οὐ
1250 1442 1323 1512 μὴ
1356 1444 1436 1495 ὃτι
1467 1445 1498 1511 ἡ
1532 1443 1689 1509 φύσις
1720 1444 1813 1496 τοῦ
1844 1445 1949 1497 Λό-

370 1545 468 1595 γου
495 1530 663 1583 ἔπαθε
690 1531 875 1600 σαρκὶ,
901 1532 1013 1583 ἀλλ’
1032 1534 1113 1585 ὅτι
1138 1533 1165 1584 6
1190 1533 1423 1602 Χριστὸς
1450 1533 1615 1586 ἔπαθε
1646 1534 1807 1599 σαρκί
1831 1550 1843 1562 ’
1871 1535 1952 1586 ὅτι

376 1620 474 1688 μὲν
510 1622 617 1691 γὰρ
655 1624 682 1675 6
720 1622 850 1683 Θεὸς
890 1621 1175 1691 ἄνθρωπος
1214 1624 1427 1693 γέγονε,
1474 1626 1566 1677 καὶ
1606 1625 1891 1694 ἄνθρωπος
1928 1627 1957 1677 6

371 1711 502 1774 Θεὸς
539 1712 926 1782 ὁμολογοῦμεν.
968 1716 1075 1767 Καὶ
1113 1716 1196 1767 ὅτι
1234 1718 1265 1785 ἡ
1310 1716 1498 1785 θεότης
1537 1715 1717 1787 ἠνώθη
1754 1720 1818 1786 τῇ
1862 1718 1959 1770 ἀν-

373 1800 680 1870 θρωπότητι
714 1803 770 1853 ὲν
806 1802 905 1871 μιᾷ
934 1802 1042 1852 τῶν
1075 1802 1243 1870 αὑτῆς
1280 1803 1662 1868 ὑποστάσεων,
1699 1804 1953 1873 μεμαθίγ

2044 643 2175 683 vero
2202 637 2414 682 natura:
2433 627 2683 682 humana
2716 626 2980 696 integram
3010 624 3235 681 Deitatis
3259 626 3625 683 substantiam

2048 719 2257 773 unitam
2286 734 2409 773 esse
2452 716 2803 772 aﬂirmamus.
2853 716 3010 771 Nulla
3042 718 3185 771 enim
3221 717 3434 772 ratione
3469 718 3628 773 Pater

2051 818 2107 861 et
2134 807 2367 876 Spiritus
2396 816 2619 862 sanctus
2646 823 2768 861 cum
2787 806 3164 862 incarnatione
3188 808 3349 861 Verbi
3373 822 3627 862 commu-

2051 897 2275 959 nicavit,
2309 898 2416 953 nisi
2447 897 2837 967 complacendo
2858 898 3179 952 etvolendo.
3216 897 3426 967 Integra
3463 899 3630 968 igitur

2057 997 2275 1051 natura,
2322 1004 2424 1044 nec
2474 1004 2596 1057 pars
2639 989 2759 1057 ejus
2809 998 3017 1044 tantum
3062 989 3118 1044 in
3146 988 3351 1044 Christi
3398 1004 3628 1058 persona

2056 1088 2314 1148 operatur
2335 1079 2519 1135 divina
2550 1079 2888 1150 operatione.

2271 1259 2358 1312 14.
2396 1259 2471 1313 De
2495 1268 2701 1313 natura
2732 1260 2925 1315 divina:
2958 1262 3407 1330 intpassibilitate.

2133 1348 2410 1404 Fateberis
2452 1352 2637 1420 utique
2685 1362 2932 1407 naturam
2960 1352 3118 1407 Verbi
3145 1353 3478 1408 incarnatam
3517 1355 3630 1409 sive

2063 1437 2212 1489 carni
2247 1437 2453 1491 unitum
2486 1454 2627 1493 esse.
2656 1438 2772 1494 Non
2804 1441 2924 1494 ideo
2954 1449 3147 1495 natura
3180 1440 3339 1495 Verbi
3372 1457 3527 1510 passa
3549 1450 3635 1497 est

2062 1529 2115 1580 in
2150 1542 2334 1590 carne,
2374 1530 2468 1583 scd
2492 1530 2742 1585 Christus
2782 1531 2836 1584 in
2868 1546 3032 1586 carne
3067 1548 3260 1601 passus
3301 1541 3426 1587 est:
3462 1533 3632 1586 Deum

2063 1616 2208 1669 enim
2238 1615 2510 1670 hominem
2542 1628 2597 1671 ct
2631 1619 2905 1673 hominem
2938 1618 3104 1672 Deum
3124 1620 3321 1674 factum
3356 1636 3477 1675 esse
3501 1635 3636 1673 con-

2066 1706 2299 1759 ﬁtemur.
2333 1706 2629 1762 Didicimus
2651 1725 2867 1778 quoque
2898 1709 3240 1764 divinitatem
3272 1726 3393 1765 esse
3423 1712 3633 1765 unitam

2064 1797 2389 1852 humanitati
2458 1798 2511 1851 in
2579 1814 2687 1853 una
2732 1816 2960 1867 persona
3022 1803 3255 1854 humana
3306 1820 3320 1855 :
3379 1802 3635 1856 deitatem

374 1863 575 1961 καμεν,
613 1863 699 1944 δτι
738 1863 1094 1962 δὲῠή-Θεότης
1136 1863 1419 1962 ἄνδρωπος
1455 1863 1711 1959 γέγονεν,
1738 1863 1785 1962 ἢ*
1809 1863 1961 1961 ἐνην-
1995 1863 2034 1919 Β
2066 1902 2121 1940 au

1891 1911 1961 1961 ιν·
1995 1863 2034 1919 Β
2066 1897 2244 1940 autem
2289 1888 2565 1942 hominem
2607 1904 2728 1943 esse
2759 1888 2951 1943 factam
2980 1932 2992 1954 ,
3032 1892 3114 1945 vel
3153 1891 3510 1952 incarnatam.
3544 1901 3638 1945 aut

374 1982 699 2050 ορώπησεν,
747 1982 997 2051 οὐδαμῶς
1049 1983 1386 2052 ἀκηκόαμεν.
1423 1984 1575 2036 Ἐπεὶ
1623 1984 1679 2037 δὲ
1726 1984 1818 2037 οῦν
1864 1984 1959 2037 δύο

374 2073 563 2140 φύσεις
604 2074 695 2126 τοῦ
748 2074 1004 2143 Χριστοῦ,
1049 2075 1141 2127 δύο
1189 2076 1354 2130 αὑτοῦ
1406 2077 1499 2127 καὶ
1565 2076 1629 2127 τὰ
1683 2076 1961 2146 Θελήματα

374 2166 592 2227 πάντως
620 2166 688 2217 τὰ
730 2167 952 2232 φυσικὰ,
984 2168 1076 2219 καὶ
1108 2166 1388 2233 οελητικός
1419 2170 1565 2220 ἐστιν
1595 2168 1622 2219 6
1655 2168 1812 2231 αὐτὸς
1842 2166 1959 2220 κατ’

381 2256 551 2324 ἄμφω
579 2257 687 2308 τῶν
717 2257 880 2309 αὑτοῦ
913 2258 1144 2326 φύσεων.
1178 2258 1288 2328 Τὴν
1318 2259 1425 2328 γὰρ
1454 2259 1695 2325 φυσικῶς
1729 2259 1963 2327 ἐνυπάρ-

381 2362 580 2413 χουσαν
608 2347 737 2415 ἡμῖν
768 2347 1054 2418 θελητικὴν
1081 2348 1311 2417 δύναμιν
1340 2348 1589 2402 ἀνέλαϐε.
1616 2348 1719 2401 Δύο
1747 2348 1837 2401 οὖν
1866 2350 1960 2401 καὶ

374 2440 469 2497 τὰς
494 2437 770 2504 ἐνεργείας
788 2437 952 2489 αὑτοῦ
979 2455 1155 2507 φαμεν
1174 2443 1187 2456 ⁸
1216 2436 1322 2508 εἶχε
1343 2439 1441 2508 μὲν
1462 2440 1589 2508 γὰρ,
1617 2440 1690 2501 ώς
1717 2441 1814 2508 μὲν
1833 2440 1962 2501 Θεὸς

380 2528 475 2581 καὶ
500 2529 575 2596 τῷ
605 2531 778 2598 llath
804 2530 1083 2596 ὁμοούσιο;
1102 2571 1115 2595 ,
1142 2531 1237 2599 τὴν
1265 2531 1415 2583 θείαν
1440 2531 1738 2600 ἐνέργειαν,
1769 2534 1859 2584 καὶ
1887 2532 1959 2595 ῶς

375 2617 661 2688 ἅνθρωπος
690 2622 977 2690 γενόμενος
1009 2622 1102 2674 καὶ
1131 2625 1260 2691 ἡμῖν
1285 2622 1590 2692 ὁμοούσιος,
1622 2623 1718 2692 τῆς
1748 2624 1958 2694 ἀνθρω-

378 2712 539 2779 πίνης
572 2712 783 2779 φύσεως
813 2715 910 2782 τὴν
942 2714 1239 2783 ἐνέργειαν.

930 2899 1011 2954 ιε’.
1054 2901 1148 2965 Τίς
1182 2905 1213 2954 ό
1249 2903 1410 2966 Θεός.

449 3007 585 3060 Οῦτε
608 3011 635 3060 6
660 3008 883 3077 οὐρανὸς
906 3008 1056 3070 Θεὸς.
1086 3008 1207 3061 οὔτε
1231 3010 1259 3060 ό
1280 3010 1452 3079 ἥλιος,
1478 3010 1600 3062 οὑτε
1623 3012 1750 3064 ἄλλο
1773 3029 1823 3063 τι
1850 3012 1958 3063 τῶν

378 3101 691 3171 ὁρωμένων,
718 3100 831 3153 ἀλλ’
855 3101 972 3153 οὑδὲ
1004 3102 1031 3152 6
1064 3101 1427 3169 πολυτίμητος
1460 3102 1555 3154 καὶ
1585 3101 1959 3173 πολυθρύλ).ηο

2064 1980 2301 2034 humana
2337 1981 2580 2035 indutam
2608 1994 2800 2036 natura
2817 1983 3127 2052 neutiquam
3156 1985 3477 2039 audivimus.
3498 1984 3634 2038 Cum

2063 2090 2193 2128 vero
2218 2075 2339 2129 dure
2366 2076 2476 2129 sint
2513 2076 2714 2130 Christi
2746 2086 2974 2141 naturae,
3008 2078 3169 2132 etiam
3204 2078 3324 2131 dua-
3358 2088 3485 2132 sunt
3518 2079 3637 2146 ejus

2064 2166 2343 2219 naturales
2390 2166 2719 2229 voluntates,
2758 2175 2811 2220 et
2856 2168 2973 2236 ipse
3011 2168 3291 2221 voluntate
3313 2169 3511 2236 gaudet
3537 2184 3637 2221 se—

2061 2255 2298 2308 cundum
2342 2266 2626 2324 utramque
2656 2264 2926 2322 naturam,
2952 2258 3218 2327 siquidem
3247 2269 3296 2311 et
3325 2258 3636 2313 facultatem

2061 2345 2297 2409 volendi,
2356 2360 2477 2414 qua:
2520 2346 2675 2400 nobis
2732 2349 3053 2401 naturaliter
3101 2349 3262 2414 inest,
3317 2350 3634 2419 assumpsit.

2062 2432 2316 2501 Duplices
2364 2435 2525 2503 igitur
2554 2448 2608 2489 et
2649 2436 2997 2504 operationes
3045 2437 3215 2506 ipsius
3244 2451 3367 2491 esse
3408 2438 3639 2493 allirma-

2061 2546 2203 2582 Inus.
2232 2529 2304 2583 Ut
2332 2528 2473 2583 Dens
2501 2530 2644 2583 enim
2676 2540 2729 2585 et
2758 2533 3240 2587 consubstantialis
3279 2532 3424 2587 Patri
3457 2534 3640 2587 divina

2061 2620 2649 2691 gaudet.operatione,
2710 2623 2807 2676 sed
2853 2632 3107 2691 tanquam
3168 2624 3328 2677 homo
3379 2623 3553 2678 factus
3584 2632 3642 2679 et

2067 2712 2549 2766 consubstantialis
2568 2713 2748 2777 nobis,
2780 2714 3033 2769 humanae
3055 2716 3389 2784 operationis
3416 2730 3531 2769 non
3558 2726 3641 2769 est

2063 2819 2276 2872 expers.

2635 2895 2721 2948 15.
2759 2894 2885 2958 Quis
2920 2894 3077 2948 Deus.

2134 3005 2318 3074 Neque
2346 3007 2542 3061 cmlum
2560 3007 2722 3072 Deus,
2741 3022 2843 3061 nec
2868 3006 2974 3068 sol,
2993 3021 3171 3074 neque
3184 3006 3329 3060 aliud
3346 3008 3639 3076 quidquam

2063 3114 2256 3155 eorum
2287 3116 2408 3169 qua:
2437 3110 2755 3165 cernuntur,
2792 3101 2888 3154 sed
2928 3113 3105 3167 neque
3135 3099 3551 3154 honoratissima
3577 3115 3643 3155 ac

378 3209 468 3253 τος
497 3191 621 3253 νοῦς
646 3206 660 3220 °
691 3191 811 3242 οὐδὲ
848 3189 958 3241 ἰδέα
986 3207 1068 3249 τις
1103 3191 1243 3242 κατὰ
1277 3190 1541 3244 Πλάτωνα
1576 3193 1815 3261 χωριστὴ
1854 3209 1958 3243 σω-
1989 3197 2031 3254 c
2054 3209 2125 3248 .ce

1892 3210 1958 3243 ω·
1989 3197 2031 3254 C
2054 3194 2495 3249 celebratissima
2528 3194 2807 3249 hominum
2836 3193 3065 3247 vocibus
3103 3209 3277 3255 mens,
3313 3209 3489 3263 neque
3519 3194 3639 3248 idea

384 3284 589 3350 μάτων,
636 3281 753 3333 ἀλλ’
799 3282 919 3334 οὐδὲ
966 3281 1125 3348 φύσις
1166 3280 1301 3343 ὅλως
1346 3282 1659 3350 ὲγκόσμιος,
1704 3281 1817 3336 ἀλλ’
1844 3282 1964 3335 οὑδὲ

382 3370 517 3440 ζωὴ,
559 3373 678 3424 οὑδὲ
724 3372 859 3440 φῶς,
901 3373 1001 3424 οὐκ
1045 3372 1429 3441 ἁσωματότης,
1469 3375 1569 3425 οὑκ
1612 3372 1798 3436 ἀῦλία,
1841 3372 1964 3425 οὔτε

380 3464 630 3533 αξσθήσει
679 3464 868 3525 eum;
914 3464 1038 3515 οὔτε
1085 3462 1159 3532 νῷ
1204 3464 1406 3533 ληπτός
1436 3481 1451 3497 ο
1492 3464 1629 3517 ἀλλά
1672 3483 1756 3528 τις
1804 3467 1965 3535 ἑτέρα

382 3554 541 3621 φύσις
572 3554 1020 3623 ἁνεξερεύνητος,
1052 3557 1146 3607 καὶ
1177 3556 1341 3607 αὑτοῦ
1373 3556 1620 3626 δύναμις,
1653 3557 1688 3626 ἦ
1708 3574 1765 3610 τε
1796 3575 1967 3626 φρου-

388 3646 591 3715 ρητικὴ
638 3646 672 3713 ἦ
708 3663 765 3696 τε
812 3646 1094 3712 ζωογόνος.
1125 3648 1159 3714 ἦ
1192 3664 1249 3698 τε
1273 3648 1609 3719 ἀναγωγικὴ,
1642 3650 1737 3702 καὶ
1782 3650 1969 3713 ἁπλῶς

386 3739 556 3789 πᾶσαι
617 3737 670 3787 αἱ
721 3736 974 3805 δυνάμεις
1046 3736 1210 3789 αὑτοῦ
1273 3738 1491 3808 ἄπειροί
1544 3740 1651 3792 εἰσι
1703 3739 1798 3792 καὶ
1848 3740 1967 3791 ἀνέ-

385 3828 636 3897 κληπτοι,
662 3828 753 3880 καὶ
780 3828 942 3890 αὐτὸς
967 3828 1193 3898 ἄπειρος
1218 3831 1311 3882 καὶ
1338 3831 1477 3883 κατὰ
1502 3832 1678 3901 ἀρχὴν
1704 3833 1798 3885 καὶ
1825 3833 1967 3886 κατὰ

386 3919 555 3980 τέλος.
598 3920 703 3971 Καὶ
739 3919 801 3969 τὸ
848 3920 947 3987 μὲν
982 3918 1094 3972 ἀνω
1135 3919 1300 3973 αὑτοῦ
1347 3920 1584 3991 ἄναρχον
1620 3923 1967 3992 ὀνομάζεται,

384 4010 447 4061 τὸ
470 4010 525 4062 δὲ
548 4009 699 4061 κάτω
723 4007 1099 4079 ἀτελεύτητον,
1122 4010 1183 4063 τὸ
1204 4011 1263 4064 δὲ
1288 4010 1508 4080 ξύμπαν
1536 4010 1771 4065 αἰώνιον.
1790 4014 1971 4065 Ἀπει-

386 4115 480 4167 ρος
511 4096 604 4153 οὖν
634 4099 733 4167 τὴν
761 4097 989 4167 δύναμιν
1018 4102 1046 4151 6
1078 4099 1237 4163 Θεὸς,
1270 4101 1508 4171 ἄναρχός
1541 4120 1599 4155 τε
1633 4105 1726 4155 καὶ
1757 4102 1971 4161 ἀτελεύο

381 4206 544 4258 ςητος
580 4192 674 4242 καὶ
712 4191 950 4253 αἰώνιος.
985 4190 1156 4242 Τοῦτο
1192 4190 1250 4243 δὲ
1290 4191 1384 4243 καὶ
1415 4194 1443 4245 6
1475 4191 1733 4259 Θεολόγος
1772 4192 1971 4262 Γρηγόο

385 4298 500 4352 ριος
533 4281 610 4351 τῷ
640 4282 754 4335 ὃιτι
789 4282 1111 4351 Θεολογικῶς
1144 4283 1459 4353 διορίζεται.

392 4471 486 4529 ις’.
518 4464 649 4531 Πῶς
696 4462 819 4519 οἵδε
848 4465 992 4530 Θεὸς
1016 4465 1088 4517 τὰ
1110 4466 1604 4534 μεταϐαλλόμενα
1628 4467 1957 4534 πράγματα.

463 4630 575 4698 uox
604 4628 677 4691 ὡς
708 4628 818 4699 ἔχει
845 4627 914 4679 τὰ
943 4628 1242 4698 πράγματα
1272 4628 1529 4694 γινώσκει
1558 4629 1586 4680 6
1613 4626 1744 4690 Θεὸς
1770 4628 1963 4693 ταῦτα,

392 4723 505 4774 ἀλλ’
529 4723 603 4784 ώς
640 4720 785 4773 ἔστιν
820 4722 981 4782 αὐτὸς
1027 4720 1146 4773 κατ’
1170 4720 1376 4773 οὑσεαν.
1415 4714 1541 4772 Οἷὸν
1573 4720 1683 4772 εἰσι
1715 4720 1782 4772 τὰ
1822 4721 1966 4790 πρά-

391 4823 575 4881 γματα
626 4811 874 4881 μεριστὰ,
924 4812 952 4863 6
998 4810 1053 4863 δὲ
1102 4810 1236 4872 Θεὸς
1283 4809 1607 4879 ἀμέριστος·
1654 4809 1967 4879 ἀμερίστως

391 4904 482 4957 οῦν
512 4902 617 4957 οἶδε
649 4905 714 4956 τα
750 4903 1001 4973 μεριστά.
1035 4903 1141 4956 Καὶ
1174 4901 1336 4955 πάλιν
1366 4901 1432 4954 τὰ
1462 4902 1760 4971 πράγματα
1790 4901 1966 4955 ἀλλοι-

393 4998 505 5049 ωτὰ
533 4997 626 5049 καὶ
655 4995 965 5066 μεταϐλητὰ
986 5035 999 5058 ,
1032 4996 1060 5047 ό
1087 4995 1143 5047 δὲ
1174 4992 1305 5056 Θεὸς
1334 4993 1687 5055 ἀναλλοίωτος
1710 4994 1804 5046 καὶ
1828 4993 1966 5062 ἀμε-

392 5088 657 5154 τάϐλητος
682 5104 696 5117 ο
736 5086 1088 5147 ἀναλλοίωτος
1117 5080 1208 5139 οὖν
1235 5080 1341 5137 οἶδε
1367 5083 1436 5136 τὰ
1464 5083 1751 5145 ἁλλοιωτὰ,
1781 5084 1874 5136 καὶ⁹
1898 5083 1967 5135 τὰ

398 5177 706 5248 μεταϐλητὰ
738 5176 1144 5245 ἀμετασλήτως.
1186 5173 1373 5236 Οὖτως
1420 5175 1514 5227 καὶ
1544 5174 1613 5227 τὰ
1643 5173 1746 5226 ὑπὸ
1777 5174 1968 5244 χρόνον

396 5273 626 5333 αἰωνίως
660 5266 787 5336 οἶδε,
820 5269 917 5323 καὶ
945 5269 1013 5322 τὰ
1044 5269 1369 5339 ἐνδεχόμενα
1399 5268 1737 5335 ἀναγκαίως,
1768 5268 1865 5320 καὶ.
1897 5265 1967 5318 τὰ

399 5362 684 5430 σωματικὰ
730 5360 1056 5429 ἁσωμάτως.
1088 5359 1229 5412 Ἀλλ’
1252 5360 1351 5411 οὑκ
1402 5358 1592 5427 ἐπειδὴ
1638 5356 1894 5424 γινώσκει
1941 5355 1970 5407 6

395 5454 528 5512 Θεὸς
557 5452 861 5520 ἁσωμάτως
889 5452 949 5503 τὸ
981 5449 1162 5521 σῶμα,
1197 5447 1464 5518 ἠλλοιώθη
1495 5449 1669 5500 ἐκεῖνο
1699 5448 1791 5499 καὶ
1820 5443 1969 5501 ἀσώ-

399 5560 569 5613 ματον
609 5543 849 5609 γέγονεν.
888 5542 1025 5595 Ἀλλ’
1049 5543 1083 5611 ἡ
1130 5540 1229 5610 μὲν
1268 5538 1362 5592 τοῦ
1407 5537 1543 5591 Θεοῦ
1588 5538 1785 5605 γνῶσις
1829 5538 1970 5590 κατὰ

409 5635 498 5700 τὴν
534 5634 669 5686 ἰδίαν
701 5631 937 5701 ὓπαρξιν
967 5632 1227 5699 γινώσκει
1260 5631 1327 5682 τὰ
1360 5629 1681 5700 πράγματα.
1713 5626 1969 5680 Ἐκείνων

394 5724 453 5780 δὲ
480 5726 709 5778 ἕκαστον
735 5724 884 5793 μένει
909 5724 1044 5793 ὅπερ
1070 5722 1206 5776 ἐστί.
1235 5722 1378 5793 Πρὸς
1402 5720 1533 5788 γοῦν
1559 5721 1681 5782 τοὺς
1707 5718 1971 5789 ἀποροῦν-

396 5832 497 5878 τας
533 5817 624 5868 καὶ
655 5816 911 5880 λέγοντας
944 5815 990 5868 εἰ
1026 5813 1141 5883 ᾔδει
1172 5814 1201 5866 6
1234 5812 1365 5875 Θεὸς
1398 5810 1486 5865 τόν
1518 5809 1687 5881 ’Λδὰμ
1720 5808 1787 5865 τὰ
1821 5810 1967 5864 ἐντε-

2066 3300 2096 3338 a
2126 3285 2465 3353 corporibus,
2494 3294 2551 3339 ut
2595 3285 2756 3339 docet
2797 3284 2970 3349 Plato,
3004 3296 3251 3353 separata
3273 3300 3335 3339 ac
3373 3284 3642 3353 seiuncta,

2068 3391 2249 3446 neque
2280 3385 2475 3431 natura
2506 3377 2715 3435 mundi.
2749 3390 2929 3445 neque
2961 3375 3069 3430 vita
3099 3387 3193 3429 aut
3226 3376 3430 3439 lumen,
3466 3391 3646 3444 neque

2067 3465 2499 3536 incorporalitas,
2520 3476 2577 3520 ut
2601 3467 2673 3519 ita
2688 3467 2885 3532 dicam,
2908 3476 2962 3520 et
2983 3466 3431 3521 immaterialitas.
3456 3466 3643 3535 Neque

2068 3572 2233 3611 sensu
2294 3558 2523 3612 visibilis
2558 3573 2735 3627 neque
2770 3568 2955 3612 mente
3004 3557 3374 3627 perceptibilis
3420 3568 3523 3619 est,
3550 3558 3647 3611 sed

2071 3648 2178 3701 alia
2210 3648 2697 3716 imperscrutabilis
2737 3657 2951 3710 natura,
2977 3657 3033 3702 et
3071 3647 3312 3717 potentia
3344 3648 3483 3716 ejus,
3512 3662 3646 3701 con-

2072 3740 2343 3793 servatrix
2370 3739 2660 3809 datrixque
2695 3740 2818 3794 vita:
2848 3750 2903 3793 et
2924 3739 3264 3809 productrix,
3299 3748 3353 3793 et
3383 3739 3549 3793 semel
3591 3747 3649 3792 ut

2071 3832 2269 3893 dicam,
2330 3847 2522 3886 omnes
2564 3832 2736 3901 ipsius
2792 3831 3080 3886 facultates
3137 3830 3363 3885 inﬁnitae
3415 3840 3546 3885 sunt
3594 3839 3649 3885 et

2073 3920 2323 3990 principii
2359 3922 2570 3975 ratione
2625 3930 2680 3975 et
2717 3921 2858 3975 ﬁnis.
2908 3922 3083 3991 Atque
3113 3922 3261 3976 illius
3303 3922 3522 3989 quidem
3554 3937 3643 3975 rec

2072 4021 2263 4082 spectu
2321 4014 2439 4068 sine
2484 4014 2751 4083 principio
2797 4029 2918 4068 esse
2953 4014 3175 4075 dicitur,
3225 4015 3434 4068 ratione
3483 4013 3647 4082 hujus

2072 4117 2202 4157 vero
2224 4103 2345 4157 sine
2374 4104 2503 4170 ﬁne,
2535 4105 2636 4159 hoc
2663 4113 2748 4159 est
2769 4105 2994 4157 omnino
3020 4113 3277 4157 mternus.
3313 4102 3524 4156 Inﬁnita
3550 4102 3651 4171 igi-

2075 4204 2163 4249 tur
2212 4203 2482 4264 potestate
2526 4196 2689 4261 Deus,
2716 4206 2772 4249 et
2808 4195 3061 4265 principii
3109 4194 3341 4264 ﬁnisque
3372 4207 3568 4262 expers
3594 4201 3650 4246 et

2078 4295 2317 4341 aeternus
2331 4296 2414 4342 est
2433 4304 2445 4339 :
2467 4289 2612 4358 quod
2635 4297 2691 4343 et
2711 4287 3002 4358 Gregorius
3020 4286 3325 4355 Thcologus
3340 4300 3469 4339 vere
3499 4284 3655 4339 theo-

2074 4379 2246 4448 logice
2271 4380 2474 4433 docuit.

2179 4467 2265 4522 16.
2315 4467 2582 4533 Quomodo
2630 4473 2838 4537 prmcit
2881 4471 3015 4524 Deus
3055 4487 3135 4523 res
3169 4466 3546 4522 mutationibus

2746 4539 3009 4594 obnoxias
3032 4540 3056 4593 ?

2145 4628 2264 4683 Non
2296 4629 2484 4699 quales
2519 4642 2648 4685 sunt
2682 4647 2768 4686 res
2793 4633 2885 4686 tali
2913 4632 3225 4702 cognitione
3251 4626 3531 4699 cognoscit
3558 4639 3655 4681 eas

2077 4722 2249 4788 Deus;
2269 4723 2364 4777 sed
2382 4723 2524 4791 quali
2548 4724 2662 4791 ipse
2695 4732 2778 4777 est
2804 4723 3062 4777 essentia.
3094 4722 3209 4786 Sic,
3240 4739 3292 4775 v.
3315 4736 3391 4790 g.,
3412 4733 3499 4771 res
3525 4724 3653 4771 sunt

2074 4815 2320 4885 partibus
2347 4815 2643 4869 divisibiles
2671 4831 2685 4877 ;
2716 4814 2859 4871 Deus
2893 4816 3128 4884 partium
3159 4826 3215 4868 et
3247 4814 3535 4870 divisionis
3560 4832 3656 4870 ex-

2080 4919 2207 4973 pers
2233 4920 2246 4957 :
2288 4920 2376 4959 res
2402 4905 2584 4973 itaque
2610 4904 2857 4973 partibus
2883 4903 3183 4958 divisibiles
3210 4904 3523 4972 impartihili
3560 4918 3654 4957 ra-

2077 4995 2221 5047 tione
2253 4994 2552 5064 cognoscit.
2605 4994 2776 5048 Porro
2814 5008 2901 5047 res
2931 5002 3058 5047 sunt
3091 4992 3395 5046 alterationi
3429 5002 3484 5047 et
3522 5010 3647 5047 mu-

2074 5082 2267 5137 tationi
2297 5084 2578 5149 obnoxiae;
2609 5083 2750 5139 Deus
2771 5081 3127 5137 inalterabilis
3154 5090 3208 5135 et
3236 5081 3379 5136 haud
3411 5084 3653 5137 mutabi-

2074 5175 2189 5230 lis:
2265 5175 2543 5231 mutabilia
2622 5174 2781 5245 igitur
2867 5182 2925 5229 et
3003 5172 3304 5227 alterabilia
3375 5173 3656 5243 cognoscit

2076 5266 2499 5321 inalterabiliter
2528 5275 2583 5321 et
2608 5264 3042 5320 immutabiliter.
3074 5264 3150 5318 lta
3193 5264 3356 5317 etiam
3392 5278 3481 5317 res
3507 5272 3649 5318 temo

2077 5358 2320 5427 porarias
2348 5366 2552 5412 aeterna
2610 5357 2891 5427 cognoscit
2935 5357 3194 5421 ratione;
3237 5369 3465 5424 corpora
3517 5354 3649 5408 item

2076 5446 2287 5501 ratione
2341 5446 2692 5517 incorporali.
2744 5445 2865 5501 Non
2910 5454 3092 5500 autem
3150 5444 3275 5500 ideo
3326 5444 3450 5513 quia
3505 5442 3581 5498 De
3604 5457 3654 5499 Is

2076 5551 2305 5607 corpora
2335 5536 2667 5605 incorporali
2702 5536 2912 5590 ratione
2942 5533 3252 5605 cognoscit,
3303 5532 3424 5588 ideo
3453 5546 3655 5601 corpus

2077 5635 2337 5689 mutatur,
2400 5625 2566 5693 ﬁtque
2633 5624 2992 5695 incorporale.
3053 5621 3162 5677 Sed
3228 5619 3373 5676 Deus
3433 5621 3651 5690 quidem

2077 5716 2307 5772 scientia
2337 5730 2433 5770 sua
2464 5733 2549 5770 res
2578 5732 2677 5785 pro
2706 5714 2905 5770 divinae
2930 5712 3181 5769 essentia:
3212 5712 3423 5768 ratione
3448 5725 3651 5781 cogno-

2079 5810 2227 5877 scit;
2267 5808 2483 5864 iliarutn
2525 5818 2704 5864 autem
2736 5806 2992 5878 quaelibet
3036 5803 3181 5876 quod
3216 5814 3300 5861 cst
3342 5813 3543 5858 manet.
3574 5800 3654 5855 Ad
