4424 6446
398 424 495 489 ’101

1501 434 1591 492 DF
1632 435 2059 493 -‘l;\‘1\IlFAlll.\
2107 438 2509 502 DOC'l‘RlNA.

3542 447 3655 513 702

398 555 503 607 περ
546 538 637 591 ’.ὒν
674 538 723 590 οἱ
770 538 1051 609 ἔγγύτεροι
1092 541 1187 610 τῆς
1232 540 1414 601 ἐνὰδος
1462 546 1678 611 manu»
1728 548 1978 605 ἐλάττους
2010 551 2051 604 Α
2084 547 2145 618 igi

1910 547 2249 618 lucAigitur
2309 554 2593 622 propiores
2657 552 2853 607 unario
2911 553 3127 610 numeri
3202 564 3332 611 sunt
3393 555 3657 622 minores.

397 631 558 689 εἰσὶν,
588 632 634 681 οἱ
664 630 719 682 δὲ
752 631 1106 700 πορρωτέρω,
1138 632 1375 698 πλείους,
1404 635 1574 699 οὕτως
1606 640 1652 689 οἱ
1686 640 1971 707 ἐγγύτεροι

395 721 491 774 τοῦ
530 721 646 782 ἑνὸς
688 722 779 773 καὶ
822 722 983 791 μόνου
1024 722 1181 785 Θεοῦ,
1220 724 1438 779 ἔλαττον
1470 726 1647 795 ἔχοντο
1685 729 1741 780 τὲ
1786 732 1969 793 ποσὸν,

398 815 445 864 οἱ
474 813 527 865 δὲ
556 814 911 884 πορρωτέρω.
944 815 1123 869 πλέον.
1160 818 1477 889 Ἐγγύτεροι
1509 819 1562 872 δὲ
1590 821 1681 872 τοῦ
1709 821 1841 873 Θεοῦ
1877 823 1973 887 ἄγ-

396 903 577 969 γελοι,
620 904 980 973 ἀρχάγγελοι,
1028 908 1120 961 καὶ
1168 910 1221 961 ai
1270 910 1651 980 περικείμεναι
1694 911 1970 980 δυνάμεις,

396 994 732 1065 πορρωτέρω
764 996 818 1048 δὲ
853 996 901 1049 οἱ
936 997 1232 1068 ἄνθρωποι.
1271 1002 1431 1054 Ὥστε
1478 1003 1693 1065 πλείους
1732 1007 1831 1056 εἰσὶ
1866 1006 1971 1056 τῶν

395 1086 643 1155 ἀγγέλων
679 1088 726 1139 οἱ
765 1087 1059 1157 ἄνθρωποι,
1098 1092 1220 1144 δοεν
1259 1095 1349 1146 καὶ
1391 1096 1437 1147 οἱ
1480 1096 1575 1163 μὲν
1614 1096 1831 1161 ἄγγελοι
1870 1096 1969 1165 ήδη

395 1178 535 1231 κατὰ
561 1178 651 1231 τὸν
680 1179 914 1251 ἀριθμὸν
943 1182 1404 1254 ἑπερατὼῧησαν,
1438 1188 1546 1249 τοῖς
1580 1185 1635 1239 δὲ
1670 1186 1972 1255 ἀνθρώποις

394 1271 473 1331 εἰς
504 1269 565 1323 τὸ
597 1269 824 1342 ἄπειρον
858 1276 1144 1343 προχεῖτμι
1175 1276 1206 1344 ή
1238 1277 1507 1345 γέννησις.
1546 1277 1878 1346 Σταθήσεται
1916 1279 1971 1331 δὲ

393 1361 529 1432 αὑτὴ
561 1364 700 1414 κατὰ
730 1363 818 1416 τὸν
848 1364 946 1433 τῆς
979 1366 1288 1428 συντελείας
1322 1368 1531 1437 καιρόν.

975 1550 1043 1605 κ’,
1078 1543 1216 1609 Περὶ
1252 1544 1382 1599 τοῦ.

463 1630 536 1681 Οὐ
580 1632 688 1691 πᾶς
725 1630 848 1695 νοῦς
896 1633 1183 1702 μετέχεται
1225 1636 1328 1687 ὑπὸ
1370 1636 1548 1706 πάσης
1589 1638 1785 1707 ψυχῆς.
1817 1638 1873 1690 '0
1915 1639 1969 1691 δὲ

393 1719 606 1787 πρῶτος
636 1720 761 1784 νοῦς
799 1722 889 1773 ὑπ’
911 1722 1171 1791 οὐδεμιᾶς
1202 1724 1381 1794 ψυχῆς
1414 1727 1675 1795 μεθεκτός
1708 1731 1875 1781 ἐστιν.
1910 1730 1967 1781 Ὀ

392 1812 502 1880 γὲιρ
531 1811 670 1880 ὑπὲρ
702 1812 877 1864 πάντα
907 1812 972 1866 τὰ
1000 1812 1128 1866 ὄντα
1156 1815 1278 1877 νοῦς
1310 1819 1401 1868 καὶ
1432 1818 1647 1870 πάντων
1677 1821 1952 1888 Δημιουρο

2077 640 2291 711 longius
2334 657 2462 696 vero
2518 645 2710 698 remoti
2758 642 2995 713 majores
3027 652 3081 698 et
3107 644 3538 709 numerosiores,
3580 647 3659 700 sic

2077 748 2195 802 qua:
2222 734 2312 786 uni
2345 743 2400 788 et
2431 735 2528 787 soli
2562 735 2669 789 Deo
2700 735 2957 806 propiora
2987 744 3139 800 sunt,
3169 736 3359 790 eadem
3394 736 3660 806 pauciora

2076 841 2292 895 quoque
2321 838 2486 892 sunt;
2522 841 2642 896 qua:
2668 842 2796 883 vero
2826 828 3046 900 longius
3080 828 3305 891 distant,
3342 828 3497 897 plura
3530 837 3657 883 sunt

2077 934 2328 973 numero.
2361 921 2652 989 Propiores
2687 930 2867 974 autem
2896 922 3007 975 Deo
3036 930 3161 976 sunt
3191 919 3389 990 angeli,
3418 920 3658 974 archan-

2076 1011 2197 1081 geli,
2244 1021 2298 1065 et
2350 1011 2435 1064 his
2495 1011 2759 1081 proximae
2796 1021 3117 1082 potestates.
3175 1011 3413 1081 Longius
3456 1010 3524 1064 ab
3569 1010 3659 1063 illo

2075 1106 2272 1158 absunt
2303 1104 2572 1159 homines.
2625 1104 2793 1175 Igitur
2828 1104 3011 1173 plures
3052 1114 3178 1158 sunt
3217 1103 3466 1157 homines
3495 1116 3658 1171 quam

2076 1197 2274 1268 angeli,
2303 1197 2449 1251 unde
2473 1206 2527 1250 et
2555 1197 2866 1268 angelorum
2898 1211 3162 1250 numerus
3205 1196 3314 1263 jam
3347 1205 3431 1250 est
3468 1194 3659 1249 ﬁnitus

2073 1300 2125 1344 et
2161 1292 2627 1359 circumscriptus,
2657 1291 2941 1346 hominum
2978 1304 3108 1343 vero
3161 1288 3445 1358 generatio
3484 1289 3536 1342 in
3570 1288 3657 1341 in-

2074 1379 2284 1433 ﬁnitum
2331 1379 2650 1443 elfunditur,
2692 1393 2811 1447 qua:
2857 1386 3035 1433 tamen
3079 1385 3134 1433 et
3176 1375 3295 1446 ipsa
3339 1376 3561 1431 sistetur
3599 1376 3656 1431 in

2072 1471 2390 1526 szcculorum
2418 1469 2906 1525 consummatione.

2650 1560 2743 1615 20.
2771 1559 2846 1614 De
2870 1570 3060 1613 mente.

2142 1652 2256 1707 Non
2298 1652 2551 1719 qmelibet
2588 1668 2743 1707 mens
2773 1654 2842 1706 ab
2873 1650 3054 1704 anima
3081 1664 3406 1721 quacunque
3434 1646 3661 1719 partici-

2073 1754 2250 1813 patur.
2312 1742 2634 1811 Principalis
2668 1757 2823 1797 mens
2867 1756 2896 1795 a
2925 1740 3071 1795 nulla
3108 1740 3288 1793 anima
3340 1736 3655 1809 participari

2075 1842 2278 1904 potest.
2311 1832 2441 1898 Quae
2475 1834 2619 1887 enim
2653 1833 2908 1888 omnibus
2940 1834 3103 1888 rebus
3132 1846 3288 1887 mens
3314 1832 3658 1901 praastzmtior

391 1903 509 1969 γὸς,
549 1902 664 1966 πῶς
702 1903 767 1957 ἂν
804 1905 910 1957 ὑπὸ
950 1895 1126 1977 ψυχῆς
1172 1910 1528 1980 μετασχεθείη
1565 1910 1743 1976 τινός;
1781 1911 1967 1979 Πάσης
1995 1892 2041 1951 Β
2073 1892 2133 1978 ξε

1909 1928 1967 1979 ης
1995 1892 2041 1951 Β
2073 1892 2176 1984 est,
2204 1892 2517 1977 etomuium
2558 1922 2758 1991 opifex.
2802 1922 3079 1992 quomodo
3100 1922 3167 1977 ab
3190 1892 3370 1975 anima
3402 1920 3508 1975 ulla
3538 1934 3656 1990 par-

391 1994 499 2060 γὰρ
522 1998 715 2063 νοερᾶς
746 1996 983 2063 πληθύος
1014 1999 1105 2050 καὶ
1133 1998 1225 2051 τοῦ
1258 2000 1496 2069 πλήθους
1522 2001 1629 2053 τῶν
1657 2002 1791 2053 νοῶν
1817 2003 1969 2071 ἡγεῖ-

391 2084 478 2135 ταέ
511 2102 594 2146 τις
630 2085 778 2148 νοῦς.
814 2088 923 2139 Καὶ
966 2089 1269 2155 ἀμέθεκτος
1312 2092 1407 2144 καὶ
1454 2092 1668 2159 πρῶτος
1713 2094 1812 2161 μὲν
1846 2093 1969 2152 νοῦς

390 2168 543 2237 οὗτος
582 2175 698 2228 ἔστι
737 2179 831 2229 καὶ
873 2179 1218 2248 ὀνομάζεται.
1256 2182 1411 2236 Μετὰ
1448 2183 1505 2235 δὲ
1540 2185 1632 2236 τὸν
1670 2184 1969 2254 ἀμέθεκτον

392 2264 538 2329 νοῦν,
584 2267 611 2318 6
665 2268 925 2336 μεθεκτὸς
976 2272 1096 2339 μὲν,
1139 2272 1237 2341 οὐχ
1283 2274 1311 2325 6
1353 2275 1643 2343 ὲγκὸσμιος
1685 2276 1760 2334 δὲ.
1807 2276 1969 2328 ansa

393 2356 761 2428 ὑπερκόσμιος
794 2361 885 2412 καὶ
915 2363 1178 2431 χωριστὸς
1206 2363 1298 2415 τοῦ
1331 2366 1570 2435 κόσμου,
1606 2361 1723 2418 εἶτα
1753 2366 1780 2418 6
1808 2368 1967 2434 ἐγκό-

394 2466 574 2513 σμιος,
608 2451 755 2504 Ἐπεὶ
787 2452 928 2506 κατὰ
952 2456 1077 2516 τοὺς
1100 2455 1209 2507 τῶν
1240 2456 1504 2525 Ἑλλήνων
1530 2457 1721 2526 λόγους
1751 2461 1842 2512 καὶ
1872 2461 1968 2513 αὑ-

392 2536 482 2600 τὸς
520 2539 549 2591 6
587 2539 789 2609 κόσμος
827 2541 1068 2611 ἔμψυχος
1104 2544 1219 2612 ἅμα
1257 2546 1351 2598 καὶ
1385 2545 1567 2609 ἔννους
1612 2550 1749 2604 ἔστί.
1785 2548 1894 2603 Kal
1933 2550 1966 2620 ή

394 2630 683 2699 ἐγκόσμιος
714 2632 859 2702 ψυχὴ
890 2634 989 2685 οὐκ
1019 2634 1179 2697 εὐθὺς
1215 2636 1434 2705 μετέχει
1468 2638 1560 2690 τοῦ
1596 2639 1967 2711 ὑπερκοσμίου

393 2719 529 2782 νοὸς,
555 2721 690 2774 ἀλλὰ
721 2723 950 2793 πρώτως
972 2724 1067 2777 τοῦ
1094 2725 1410 2797 ὲγκοσμίου.
1437 2729 1621 2783 Ἔστιν
1645 2729 1737 2783 οῦν
1763 2732 1793 2800 ή
1816 2732 1966 2796 τάξις

394 2810 488 2862 καὶ
521 2812 548 2862 6
581 2812 814 2881 ἀριθμὸς
846 2816 938 2867 καὶ
965 2814 1033 2868 τὰ
1064 2815 1306 2885 ὀνόματα
1340 2817 1534 2881 οὕτως.
1572 2820 1630 2873 '0
1666 2822 1968 2890 ἀμέθεκτος

393 2901 536 2968 νοῦς,
568 2905 597 2956 6
628 2905 1022 2976 ὑπερκόσμιος,
1051 2909 1146 2960 καὶ
1174 2909 1202 2960 6
1231 2909 1541 2978 ἐγκόσμιος.

886 3192 987 3245 xa'.
1020 3195 1149 3245 Ἔτι
1175 3194 1308 3261 περὶ
1331 3194 1463 3247 νοῦ.

468 3283 581 3345 Πᾶς
631 3281 751 3344 νοῦς
799 3282 989 3337 ἑαυτὸν
1021 3287 1148 3339 νοεῖ.
1195 3284 1336 3337 Ἀλλ’
1376 3285 1405 3336 6
1441 3285 1660 3356 πρῶτος
1697 3285 1822 3352 νοῦς
1862 3291 1956 3343 καὶ

403 3372 698 3439 ἁμέθεκτος
730 3373 923 3425 ἑαυτὸν
959 3375 1140 3443 μόνον.
1168 3375 1300 3428 Οὐδὲ
1332 3377 1441 3447 γὰρ
1473 3376 1585 3447 ἔχει
1617 3396 1668 3432 τι
1711 3380 1818 3450 πρὸ
1868 3382 1965 3435 αὐ-

400 3463 513 3523 τοῦ,
574 3465 659 3515 ἶνα
708 3466 881 3516 ἐκεῖνο
926 3468 1119 3537 νοήσῃ.
1154 3465 1236 3518 Τὰ
1281 3467 1337 3519 δὲ
1385 3467 1503 3537 μετ’
1533 3470 1699 3523 αὐτὸν
1748 3471 1845 3524 οὐκ
1900 3472 1965 3525 ἂν

400 3554 660 3623 νοήσειεν.
727 3553 870 3607 Ἀλλ’
925 3554 1035 3625 ἔχει
1094 3555 1303 3610 τούτων
1352 3557 1449 3629 τὴν
1503 3561 1691 3629 νόησιν
1740 3564 1967 3635 ἀνοησίᾳ

398 3648 665 3716 κρείττονι
702 3650 958 3718 νοήσεως.
999 3649 1103 3701 Καὶ
1134 3650 1281 3702 ἔστιν
1306 3691 1321 3716 ,
1372 3652 1453 3705 ὅτι
1480 3648 1634 3716 οὗτος
1669 3656 1813 3721 νοῦς,
1843 3658 1966 3721 νοῦς

399 3738 512 3806 Eata
543 3740 631 3791 καὶ
654 3739 862 3807 νοητόν.
898 3739 1041 3803 Νοῦς
1084 3741 1183 3810 μὲν
1220 3741 1296 3804 ὡς
1323 3742 1457 3795 νοῶν
1511 3745 1704 3799 ἑαυτὸν
1729 3786 1744 3810 ,
1779 3747 1965 3817 νοητὸν

402 3827 477 3891 δὲ,
501 3828 573 3889 ὡς
605 3829 892 3897 νοούμενον
926 3828 1016 3897 ὑφ’
1063 3828 1280 3883 ἑαυτοῦ.
1325 3831 1384 3882 'O
1419 3832 1477 3885 δὲ
1510 3835 1647 3903 μετὰ
1696 3836 1786 3888 τὸν
1821 3838 1964 3906 ἀμέρ

401 3918 590 3970 Οεκτον
625 3918 883 3987 μεθεκτὸς
916 3919 1041 3983 νοῦς
1074 3921 1264 3975 ἑαυτόν
1304 3938 1361 3975 τε
1412 3923 1527 3992 ἅμα
1566 3928 1695 3987 νοεῖ,
1743 3927 1840 3979 καὶ
1874 3928 1966 3980 τὸν

400 4011 506 4080 πρὸ
539 4011 702 4063 αὐτοῦ
734 4009 878 4065 νοῦν.
917 4014 1029 4075 Πᾶς
1060 4014 1169 4081 γὰρ
1194 4013 1317 4076 νοῦς
1356 4014 1387 4085 ἦ
1422 4016 1614 4069 ἑαυτὸν
1655 4020 1785 4080 νοεῖ,
1824 4019 1855 4090 ἢ
1908 4021 1968 4072 τὸ

401 4103 538 4173 ὑπὲρ
578 4104 788 4167 ἑαυτὸν,
817 4103 848 4172 ἦ
876 4102 937 4155 τὸ
973 4104 1091 4173 μεθ’
1124 4104 1335 4157 ἑαυτόν.
1386 4105 1525 4157 Ἀλλ’
1558 4107 1605 4157 εἰ
1636 4110 1736 4174 μὲν
1759 4108 1819 4159 τὸ
1848 4109 1964 4176 μεθ’

401 4195 594 4247 ἑαυτὸν
624 4197 751 4256 νοεῖ,
797 4195 938 4248 κατὰ
970 4195 1029 4247 τὸ
1073 4199 1253 4264 χεῖρον
1313 4198 1659 4267 ἐπιστρέφει.
1696 4197 1759 4252 El
1810 4200 1865 4252 δὲ
1909 4201 1968 4253 τδ

398 4282 539 4351 ὑπὲρ
573 4284 763 4336 ἑαυτὸν
793 4285 921 4345 νοεῖ,
956 4284 1005 4335 εἰ
1040 4285 1139 4352 μὲν
1177 4283 1267 4335 διὰ
1314 4285 1409 4352 τῆς
1462 4284 1657 4337 ἑαυτοῦ
1689 4285 1964 4353 γνώσεως,

398 4375 588 4426 ἑαυτὸν
621 4373 737 4443 ἅμα
768 4375 987 4427 κάκεῖνο
1026 4373 1317 4441 γνώσεται.
1354 4374 1417 4428 ΕΞ
1456 4375 1511 4427 δὲ
1565 4376 1741 4429 ἐκεῖνο
1784 4377 1965 4446 μόνον,

402 4466 590 4517 ἑαυτὸν
615 4466 868 4537 ἀγνοήσει
903 4466 1025 4528 νοῦς
1062 4465 1157 4518 ὧν.
1210 4466 1368 4517 Ἀλλὰ
1417 4466 1480 4518 τὸ
1507 4467 1613 4537 πρὸ
1662 4468 1855 4522 ἑαυτοῦ
1882 4486 1967 4536 γι-

2076 2001 2369 2084 ticipetur?
2403 2012 2593 2068 Omnis
2615 2014 2760 2067 enim
2802 2012 3157 2082 iutelligibiiis
3194 2011 3559 2066 multitudinis
3599 2019 3655 2064 et

2073 2106 2433 2160 multitudinis
2468 2106 2733 2159 mentium
2773 2104 3030 2174 princeps
3058 2113 3142 2157 est
3192 2118 3347 2157 mens
3404 2102 3651 2171 qnzrdam

2073 2198 2273 2250 nullius
2303 2201 2498 2252 anima:
2528 2196 2817 2266 particeps.
2855 2195 3031 2265 Atque
3052 2196 3167 2249 htee
3193 2196 3365 2264 prima
3394 2210 3546 2249 tuens
3573 2204 3659 2249 est

2071 2298 2127 2344 et
2156 2290 2498 2343 nominatur.
2531 2287 2661 2343 Post
2691 2287 2828 2341 hanc
2860 2287 3063 2341 nullius
3096 2286 3419 2357 participem
3454 2289 3653 2341 anima:

2070 2383 2315 2437 succedit
2337 2397 2490 2436 mens
2520 2396 2626 2435 non
2648 2381 2923 2436 mundana
2946 2380 3188 2450 quidem,
3212 2380 3306 2435 sed
3326 2394 3656 2450 supramun~

2069 2472 2209 2524 dama
2259 2481 2314 2525 et
2366 2487 2395 2525 a
2450 2472 2655 2526 mundo
2700 2470 3037 2540 separabilis.
3100 2470 3301 2525 Deinde
3355 2470 3653 2532 mundana.

2070 2580 2218 2629 nam,
2261 2566 2563 2620 secundum
2609 2562 2923 2619 Graecorum
2956 2563 3306 2627 sententiam,
3340 2562 3455 2631 ipse
3489 2564 3651 2617 etiam

2070 2659 2309 2713 mundus
2360 2658 2538 2711 anima
2595 2672 2659 2712 ac
2694 2666 2878 2710 mente
2922 2655 3184 2725 praeditus
3233 2664 3336 2709 est.
3377 2655 3442 2710 Et
3470 2656 3653 2711 anima

2070 2750 2256 2804 mundi
2302 2765 2411 2803 non
2460 2748 2645 2804 statim
2684 2748 2928 2803 continet
2964 2747 3463 2816 supramundanam
3497 2755 3655 2803 men-

2072 2848 2203 2904 tem,
2227 2841 2322 2896 sed
2354 2842 2527 2907 primo
2555 2839 2909 2893 mundanam.
2944 2836 3089 2894 Ordo
3129 2839 3291 2909 igitur
3316 2847 3370 2892 et
3397 2853 3656 2892 numerus

2072 2941 2233 3000 atque
2264 2931 2483 2985 nomina
2508 2931 2587 2984 sic
2613 2945 2672 2985 se
2698 2929 2905 2984 habent
2942 2946 2955 2983 :
2985 2944 3141 2983 mens
3171 2929 3326 2995 cujus
3362 2929 3506 2982 nulla
3532 2928 3653 2981 ani-

2073 3037 2159 3077 ma
2183 3038 2405 3091 compos
2431 3031 2486 3077 et
2522 3021 2797 3091 particeps
2824 3020 2942 3075 ﬁeri
2985 3029 3183 3086 potest,
3219 3030 3336 3075 tum
3366 3008 3534 3075 iniens
3563 3035 3656 3074 su-

2072 3114 2444 3183 pramundana
2476 3129 2540 3168 ac
2570 3113 2807 3182 denique
2843 3112 3138 3166 mundana.

2520 3204 2609 3259 21,
2660 3202 2865 3257 Iterum
2912 3204 2975 3256 tle
3014 3213 3203 3257 mente.

2146 3298 2336 3355 Omnis
2368 3310 2523 3350 mens
2555 3295 2788 3365 seipsam
2823 3293 3096 3364 intelligit.
3131 3292 3237 3347 Sed
3290 3292 3464 3362 prima
3497 3306 3656 3346 mens

2066 3407 2187 3462 quae
2214 3406 2244 3444 a
2276 3387 2425 3442 nullo
2455 3384 2833 3454 participatur,
2870 3397 2928 3437 se
2950 3380 3202 3451 intelligit
3236 3381 3430 3435 solam.
3464 3380 3655 3449 Neque

2065 3485 2212 3540 enim
2269 3480 2431 3535 habet
2456 3475 2659 3546 aliquid
2693 3490 2753 3529 se
2795 3475 2968 3544 prius,
3008 3474 3153 3543 quod
3198 3472 3487 3543 intelligat.
3523 3471 3656 3538 Quae

2064 3589 2196 3629 vero
2220 3580 2342 3642 post
2370 3578 2518 3631 sunt,
2558 3582 2665 3620 non
2716 3564 2934 3634 quidem
2979 3563 3328 3629 intellexerit,
3362 3563 3457 3617 sed
3491 3563 3657 3618 habet

2066 3681 2253 3721 eorum
2307 3660 2673 3731 cognitionem
2716 3658 2837 3713 sine
2895 3655 3274 3728 intelligentia,
3334 3671 3434 3725 per
3476 3670 3652 3725 genus

2068 3752 2439 3826 perceptionis
2470 3750 2614 3819 quod
2641 3748 2982 3820 intelligendi
3012 3758 3136 3802 actu
3166 3757 3252 3802 est
3281 3746 3652 3817 praestantius.

2067 3847 2145 3900 Ac
2196 3859 2348 3898 mens
2382 3840 2500 3896 talis
2536 3840 2847 3895 intellectus
2894 3838 3055 3893 simul
3083 3847 3167 3892 est
3195 3846 3251 3892 et
3284 3836 3650 3906 intelligibile.

2068 3935 2379 3989 Intellectus
2403 3933 2644 4002 quidem,
2664 3939 2940 4000 quatenus
2968 3944 3026 3984 se
3050 3930 3167 3998 ipse
3195 3927 3467 3999 intelligit,
3490 3927 3652 3981 intel-

2069 4025 2273 4095 ligibile
2328 4038 2481 4085 vero,
2525 4034 2796 4091 quatenus
2848 4036 2878 4074 a
2914 4021 3095 4088 seipso
3150 4018 3486 4088 intelligitur.
3521 4014 3653 4083 Qua:

2070 4114 2197 4168 hinc
2228 4124 2348 4185 post
2378 4112 2881 4182 imparticipahilem
2907 4122 3145 4164 mentem
3174 4123 3329 4162 mens
3353 4106 3653 4177 participa-

2068 4206 2193 4260 bilis
2221 4205 2486 4269 succedit,
2516 4204 2749 4272 seipsam
2775 4200 2937 4255 simul
2970 4200 3219 4269 intelligit
3250 4208 3305 4253 et
3331 4198 3475 4252 illam
3504 4198 3655 4267 prio-

2069 4309 2181 4347 rem
2209 4309 2269 4347 se
2309 4294 2425 4362 ipsa
2467 4301 2728 4346 mentem.
2764 4288 2954 4344 Omnis
2983 4288 3130 4343 enim
3168 4302 3325 4341 mens
3361 4286 3442 4340 vel
3487 4285 3652 4339 intel-

2069 4386 2181 4455 ligit
2208 4386 2466 4453 seipsam,
2506 4382 2592 4437 vel
2626 4381 2768 4450 quod
2801 4396 2963 4450 supra
2990 4379 3184 4444 sc,vel
3215 4378 3358 4448 quod
3413 4377 3551 4431 infra
3586 4392 3651 4430 ac

2072 4487 2195 4546 post
2222 4491 2281 4531 se
2318 4485 2423 4530 est.
2459 4476 2526 4529 At
2557 4474 2778 4543 quando
2815 4473 2918 4526 hoc
2948 4472 3089 4541 quod
3123 4469 3259 4524 iul‘ra
3295 4485 3352 4524 se
3383 4478 3467 4523 est
3496 4468 3627 4522 intcl

399 4556 640 4619 νώσκων,
677 4555 944 4623 γνώσεται
968 4556 1062 4608 καὶ
1089 4555 1307 4607 ἑαυτόν.
1342 4553 1532 4607 Ἔστιν
1556 4554 1664 4624 ἄρα
1690 4556 1783 4608 καὶ
1806 4557 1865 4608 ὲν
1894 4556 1969 4626 τῷ
2004 4586 2047 4641 ο
2076 4566 2146 4636 lig

1903 4556 1969 4626 τῷ
2004 4586 2047 4641 ο
2076 4566 2215 4636 ligit,
2244 4565 2311 4619 ad
2337 4565 2579 4619 deterius
2612 4578 2671 4616 se
2706 4561 2995 4617 convertit.
3022 4559 3252 4625 Quando
3274 4568 3458 4612 autem
3489 4556 3650 4611 intcl-

401 4646 475 4714 ut?»
503 4648 711 4716 νοητὸν,
744 4648 836 4701 καὶ
868 4650 924 4700 ὲν
952 4646 1026 4716 τῷ
1043 4645 1218 4716 νοητῷ
1248 4646 1391 4712 νοῦς,
1417 4646 1511 4700 καὶ
1530 4648 1558 4699 6
1588 4647 1686 4716 μὲν
1718 4647 1972 4702 ὁλικώτε-

405 4754 513 4805 ρος,
540 4740 567 4791 6
590 4738 646 4791 δὲ
676 4737 1057 4809 μερικώτερος.

2077 4657 2193 4727 ligit
2217 4658 2269 4711 id
2307 4655 2452 4725 quod
2476 4671 2639 4725 supra
2660 4670 2719 4708 se
2738 4664 2843 4720 est,
2868 4664 3028 4721 atque
3054 4666 3149 4719 per
3162 4650 3246 4704 sui
3268 4650 3437 4719 ipsius
3462 4648 3650 4718 cogni-

2079 4748 2301 4810 tionem,
2334 4745 2569 4815 seipsam
2600 4744 2802 4815 pariter
2837 4752 2894 4796 et
2917 4742 3049 4795 illud
3086 4749 3378 4810 cognosvet
3408 4757 3421 4791 :
3459 4739 3502 4792 si
3526 4753 3655 4792 vero

400 4827 530 4880 iElud
576 4831 769 4896 solum,
819 4830 1049 4898 seipsam
1103 4828 1369 4896 ignorabit
1410 4840 1644 4884 mentem
1676 4845 1816 4885 esse.
1861 4832 1967 4890 Sed
2012 4840 2194 4909 utique
2223 4840 2351 4893 dum
2397 4838 2449 4893 id
2482 4838 2625 4908 quod
2663 4853 2720 4891 se
2755 4839 2908 4907 prius
2954 4846 3037 4889 est
3082 4835 3382 4904 cognoscit,
3419 4849 3650 4901 cognos-

403 4919 666 4974 eetetiam
693 4934 749 4974 se
779 4920 970 4989 ipsam.
1009 4921 1103 4974 Est
1142 4923 1303 4992 igitur
1328 4931 1381 4975 et
1406 4921 1458 4974 in
1500 4933 1681 4978 mente
1713 4923 2070 4996 intelligibile,
2134 4940 2187 4986 et
2239 4932 2295 4985 iu
2347 4930 2673 4990 intelligibili
2722 4944 2876 4983 mens
2936 4930 3056 4983 sive
3135 4927 3444 4982 intellectus
3511 4926 3653 4985 alius

405 5011 783 5073 univcrsaiior,
818 5010 1197 5080 particularior
1224 5013 1383 5066 alius.

885 5101 989 5170 ιβ’.
1032 5103 1156 5154 Ἔτι
1197 5104 1327 5167 περὶ
1359 5102 1490 5155 νοῦ.

479 5196 592 5257 Πᾶς
624 5192 746 5255 νοῦς
776 5193 869 5245 καὶ
901 5192 999 5259 τὴν
1028 5192 1212 5245 οὐσίαν
1240 5193 1336 5245 καλ
1351 5192 1447 5261 τὴν
1481 5192 1713 5263 δύναμιν
1747 5198 1839 5249 καὶ
1868 5197 1966 5266 τὴν

401 5285 699 5354 ἐνέργειαν,
740 5282 927 5335 αἰώνια
965 5282 1097 5350 ἔχει.
1124 5285 1261 5355 Ὀλη
1290 5300 1352 5352 γε
1400 5283 1517 5352 ἅμα.
1545 5286 1692 5337 ἐστὶν
1726 5288 1759 5355 ή
1808 5288 1964 5340 οὐσία

399 5375 491 5429 τοῦ
530 5376 621 5427 νοῦ
646 5375 738 5426 καὶ
766 5372 889 5425 οὕτε
919 5370 1142 5437 αὒξεται
1187 5374 1309 5427 οὕτε
1349 5373 1723 5443 μεγεθύνεται,
1779 5376 1900 5428 οὐδὲ
1935 5377 1962 5430 ὃ

398 5469 639 5536 σήμερον
669 5465 782 5517 ἔστι
810 5465 937 5534 χθὲς
962 5466 1061 5518 οὐκ
1098 5460 1184 5535 ἦν.
1226 5466 1336 5517 Καὶ
1380 5466 1415 5536 ή
1464 5466 1648 5536 νόησις
1697 5466 1753 5519 δὲ
1799 5468 1962 5521 αὑτοῦ

395 5559 556 5627 ὁμοία.
580 5557 695 5608 ἐστὶ
729 5558 797 5624 τῇ
846 5556 1025 5625 οὐσίᾳ.
1067 5555 1420 5625 Πληρεστάτη
1446 5556 1553 5627 γὰρ
1582 5560 1673 5609 καὶ
1718 5558 1835 5625 ὅλη,
1873 5559 1968 5611 καὶ

396 5647 531 5715 ὁμοῦ
558 5646 736 5699 πάντα.
760 5648 890 5711 νοεῖ,
926 5648 1019 5699 καὶ
1045 5646 1167 5699 οὔτε
1195 5646 1255 5700 ’ὼ
1284 5647 1657 5717 παρεληλυθὸς
1692 5649 1814 5718 ὁρᾷ,
1841 5649 1966 5702 οὔτε

396 5739 458 5790 τὺ
483 5738 672 5807 μέλλον
702 5738 778 5802 ὡς
827 5739 1086 5808 ἐσόμενον
1143 5733 1303 5804 οἶδεν,
1362 5739 1476 5792 ἀλλ’
1512 5742 1569 5793 ὲν
1603 5740 1680 5809 τῷ
1712 5740 1966 5795 ἐνεστῶτι

398 5829 577 5886 πάντα
624 5826 785 5893 οἶδεν,
815 5829 874 5882 οὔ
907 5828 1242 5899 κινούμενος,
1269 5830 1329 5882 οὐ
1362 5829 1828 5899 συλλογιζόμενος,
1866 5833 1962 5901 οὐχ

2560 5107 2650 5161 22.
2685 5105 2881 5160 Iterum
2909 5106 2969 5159 de
2999 5116 3185 5158 inmte.

2146 5199 2297 5255 Mens
2327 5199 2642 5261 essentiam,
2666 5198 3033 5266 potentiamet
3055 5195 3426 5265 operationem
3445 5204 3654 5251 arterna

2076 5287 2258 5342 habet.
2296 5288 2541 5342 Esscntia
2577 5286 2776 5340 mentis
2804 5284 2961 5340 simul
3003 5294 3109 5338 tota
3135 5293 3235 5348 est,
3271 5300 3443 5353 neque
3481 5302 3647 5357 auge-

2073 5387 2159 5431 tur
2192 5393 2369 5448 ncque
2399 5378 2451 5432 in
2474 5378 2731 5446 majorem
2758 5375 3187 5447 magnitudinem
3221 5375 3436 5437 crescit,
3469 5390 3647 5445 neque

2072 5468 2215 5536 quod
2248 5466 2411 5520 hodie
2436 5475 2519 5520 est
2552 5465 2667 5519 heri
2707 5480 2814 5518 non
2838 5472 2975 5528 erat,
3007 5472 3063 5517 et
3094 5462 3391 5517 intellectio
3414 5463 3532 5532 ejus
3558 5479 3647 5518 es»

2071 5558 2259 5613 sentite
2280 5567 2364 5611 est
2393 5557 2606 5612 similis.
2642 5555 2962 5610 Pleuissima
2990 5555 3133 5608 enim
3167 5564 3221 5608 et
3253 5563 3361 5608 tota
3397 5553 3651 5625 intelligit

2068 5659 2124 5705 et
2149 5664 2338 5703 omnes
2368 5664 2455 5703 res
2495 5648 2677 5713 simul,
2706 5657 2759 5702 ct
2790 5662 2891 5702 nec
2919 5647 3189 5716 prmterita
3222 5656 3477 5714 tanquam
3506 5661 3647 5715 prac-

2071 5737 2247 5802 terita,
2273 5751 2450 5807 neque
2477 5736 2655 5790 futura
2706 5743 2959 5804 tanquam
2989 5733 3165 5786 futura
3213 5731 3510 5802 cognoscit,
3551 5733 3645 5784 sed

2069 5830 2249 5885 omnia
2298 5829 2551 5898 intelligit
2580 5837 2836 5898 tanquam
2883 5824 3201 5894 pact-sentix:
3251 5839 3356 5876 non
3400 5833 3647 5878 moretur
