4424 6446
354 386 465 449 7θὸ

1455 392 1551 452 DE
1585 394 2011 454 OMNIFARH
2042 395 2445 457 DOCTRINA.

3502 401 3614 470 706

352 522 531 574 πάντα
563 518 650 573 διὰ
693 518 931 583 πάντων,
956 520 1050 573 καὶ
1078 521 1133 573 ὲν
1166 519 1343 590 ἐαυτῷ
1374 523 1521 574 ἐστιν
1569 520 1820 575 ἕκαστον.
1848 522 1928 574 Τά
1963 512 2005 566 Α
2039 504 2099 556 "ii

1865 522 1928 574 [ιά
1963 512 2005 566 Α
2039 503 2324 557 visionem.
2365 503 2560 559 Omnia
2603 502 2765 576 igitur
2802 522 2899 576 per
2940 523 3121 562 omnm
3162 518 3467 579 permeant,
3508 525 3612 566 nec

354 615 455 683 μὲν
480 611 726 681 σώματα,
779 612 903 665 καθ’
968 610 1137 664 έαυτά
1193 612 1311 664 ἐστι
1363 612 1617 677 ἕκαστον,
1642 613 1738 667 καὶ
1764 614 1826 666 οὐ
1861 613 1928 666 δι’

351 705 599 773 ἀλλήλων
635 706 828 774 φοιτᾷν
877 704 1108 757 δύναται
1159 703 1251 756 διὰ
1282 704 1380 771 τὴν
1413 705 1813 775 παχυμέρειαν.
1851 705 1934 758 Τὰ

350 798 407 850 δὲ
440 795 705 864 ἀσώματα
752 798 845 849 καὶ
873 796 1034 865 νοερὰ
1088 795 1206 865 εῐδη
1256 795 1412 859 ὲκτδς
1454 794 1766 865 παχύτητος
1803 796 1934 849 ὄντα

354 890 448 940 καὶ
495 886 795 956 μεγέθους,
853 887 921 939 δι’
966 886 1210 956 ἀλλήλων
1268 886 1517 953 φοιτῶσι.
1597 887 1707 940 Καὶ
1777 884 1933 950 αὖθις

354 977 636 1047 άσύγχυτα
677 978 949 1045 μένουσιν.
1006 976 1094 1030 Ἐν
1136 976 1383 1047 ἀλλήλοις
1432 976 1564 1045 γοῦν
1604 979 1710 1031 είσι
1755 980 1932 1032 πάντα

351 1071 422 1122 τὰ
450 1071 611 1137 νοερὰ
644 1070 759 1139 εἴδη
794 1071 1113 1139 ήνωμένως,
1142 1070 1237 1123 καὶ
1266 1072 1437 1140 χωρὶς
1476 1071 1711 1124 ἕκαστον
1751 1070 1933 1125 διακε-

352 1164 667 1232 κριμμένως
692 1204 707 1227 ,
761 1163 950 1233 ὥσπερ
980 1163 1044 1234 δὴ
1103 1164 1197 1215 καὶ
1226 1166 1293 1217 τά
1327 1164 1664 1234 θεωρήματα
1722 1166 1782 1218 έν
1831 1166 1930 1235 μιᾶ

351 1254 519 1323 hlium-

887 1354 1001 1411 xg'.
1039 1348 1173 1415 Περὶ
1202 1348 1331 1401 νοῦ.

426 1437 539 1500 Πᾶς
561 1435 684 1500 νοῦς
707 1437 923 1508 πλήρης
953 1440 1070 1489 ἐστὶ
1094 1438 1202 1489 τῶν
1233 1436 1393 1491 θείων
1417 1437 1593 1499 εἱδῶν,
1621 1432 1757 1499 οἷον,
1791 1440 1930 1505 ἀγα-

353 1528 601 1597 θότητος,
628 1528 929 1597 ὁσιότητος,
956 1529 1325 1598 δικαιοσύνης,
1358 1530 1710 1597 ταυτότητος,
1744 1531 1924 1599 ὁμοιό-

350 1634 512 1684 τητος
566 1620 661 1672 καὶ
702 1619 812 1670 τῶν
865 1617 1091 1681 λοιπῶν,
1126 1618 1241 1670 ἀλλ’
1292 1620 1321 1671 6
1360 1619 1457 1687 μὲν
1489 1617 1761 1689 θειότερος
1806 1618 1931 1680 νοῦς

349 1708 694 1779 ὀλικωτέρων
746 1710 864 1761 ἐστὶ
908 1709 1259 1776 περιεκτικὸς
1291 1709 1451 1761 εἰδῶν
1479 1750 1494 1775 ,
1528 1712 1555 1760 6
1589 1710 1647 1762 δὲ
1678 1711 1929 1762 ταπεινό-

352 1820 506 1873 τερος
531 1805 950 1875 μερικωτέρων·
989 1807 1038 1857 oi
1069 1806 1168 1873 μὲν
1202 1804 1311 1873 γὰρ
1339 1805 1597 1872 ἀνωτέρω
1628 1804 1800 1867 θείαις
1838 1804 1927 1856 δυ·
1960 1842 2005 1900 Β

354 1898 549 1964 νάμεσι
576 1896 815 1963 χρῶνται
854 1896 1118 1965 μείζοσιν,
1146 1897 1194 1947 οἱ
1229 1897 1284 1947 δὲ
1320 1896 1621 1965 κατώτεροι
1656 1896 1925 1964 πληθυνό-

354 2002 527 2056 μενοι,
562 1986 762 2055 μᾶλλον
795 1987 1076 2039 ἐλαττοῦσι
1129 1988 1225 2051 τὰς
1275 1986 1555 2054 δυνάμεις,
1592 1986 1660 2048 ἃς
1717 1986 1925 2055 ἔχουσι.

350 2070 433 2126 Τὰ
468 2075 577 2144 γὰρ
610 2076 686 2144 τῷ
735 2077 818 2128 ένὶ
870 2077 1271 2146 συγγενέστερα
1325 2078 1654 2146 ὲλαττότερα
1694 2082 1792 2146 μέν
1823 2080 1929 2129 εἰσι

351 2167 429 2237 τῷ
444 2168 659 2237 πλήθει,
695 2169 806 2220 τῶν
840 2169 930 2238 ὑφ’
954 2168 1144 2233 ἑαυτά,
1174 2171 1242 2238 τῇ
1269 2169 1497 2237 δυνάμει
1528 2168 1584 2220 δὲ
1615 2168 1925 2236 ὑπεραίρει.

353 2259 435 2311 Τὰ
465 2260 522 2313 δὲ
570 2259 662 2311 τοῦ
696 2261 815 2322 ένὸς
852 2262 1207 2330 πορρωτέρω,
1241 2260 1476 2328 ἔμπαλιν
1526 2258 1604 2327 τῷ
1637 2259 1735 2327 μὲν
1781 2256 1930 2326 ποσῷ

354 2349 840 2419 πληθυντικώτερά
898 2349 1029 2409 εἰσι,
1066 2350 1131 2418 τῇ
1182 2348 1239 2400 δὲ
1290 2348 1519 2417 δυνάμει
1574 2347 1925 2415 έλαττότερα.

354 2441 468 2492 lliv
504 2440 601 2509 μὲν
628 2440 739 2509 γὰρ
766 2439 825 2490 τὸ
855 2438 1267 2508 πληθυνόμενον
1303 2437 1620 2493 ἐλαττοῦται
1651 2438 1789 2489 κατὰ
1827 2438 1927 2506 τὴν

351 2530 599 2600 δύναμιν,
634 2532 741 2583 πᾶν
770 2530 826 2583 δὲ
855 2530 914 2582 τὸ
945 2530 1232 2599 ἑνούμενον
1256 2532 1321 2600 τῇ
1349 2530 1447 2598 μὲν
1488 2529 1716 2597 δυνάμει
1753 2546 1927 2595 μεγα-

356 2620 597 2685 Indue-rat,
639 2619 954 2675 ἐλαττοῦται
1000 2620 1056 2672 δὲ
1116 2621 1261 2673 κατὰ
1288 2621 1388 2690 τὴν
1422 2620 1694 2688 ποσότητα
1723 2638 1735 2651 ·
1768 2622 1800 2688 ἡ
1834 2621 1930 2689 μὲν

355 2712 466 2781 γὰρ
497 2712 687 2775 ἓνωσις
719 2712 1159 2782 δυναμικωτέρα,
1192 2713 1223 2780 ἡ
1259 2710 1315 2763 δὲ
1337 2710 1601 2779 διαίρεσις
1633 2709 1928 2777 πληθυντιο

357 2805 597 2872 κωτέρα.
630 2802 738 2853 Καὶ
767 2802 800 2868 ἡ
844 2799 942 2868 μὲν
975 2801 1166 2862 ἓνωσις
1205 2798 1444 2851 ἐλάττων
1474 2796 1612 2850 κατὰ
1635 2795 1730 2866 τὴν
1763 2798 1928 2848 ποσό-

361 2909 517 2958 τητα,
552 2894 587 2964 ἡ
635 2892 691 2946 δὲ
727 2891 987 2961 διαίρεσις
1047 2888 1419 2959 ἀσθενέστερα
1469 2886 1611 2941 κατὰ
1657 2885 1754 2955 τὴν
1779 2886 1931 2939 δύνα-

366 2995 477 3055 μινζ

892 3076 997 3139 κζ’.
1032 3076 1166 3142 Περὶ
1208 3073 1438 3142 ψυχῆς·

427 3166 623 3237 Τρίτον
645 3165 764 3219 ἐστὶ
785 3166 847 3218 τὸ
876 3166 1046 3227 πάθος
1074 3165 1168 3235 τῆς
1186 3165 1385 3233 ψυχῆς.
1412 3162 1523 3215 Καὶ
1546 3160 1607 3213 τὸ
1638 3160 1735 3231 μὲν
1760 3158 1928 3227 ἀκρό·
1956 3207 1995 3251 ρ
2112 3158 2137 3187 ³
2154 3158 2174 3188 τ

427 3274 516 3304 τον
543 3257 734 3304 αὐτῆς-
774 3256 832 3304 τὺ
860 3258 971 3304 τοῖς
998 3257 1207 3304 νοητοῖς
1239 3254 1539 3304 ἡνωμένον.
1570 3251 1755 3304 νόησις
1798 3249 1930 3302 ὠνὸ·
1967 3241 1996 3265 ⁴
2032 3242 2174 3280 sun"

1863 3158 1928 3211 16,
2112 3158 2239 3190 ares
2272 3158 2400 3189 sunt
2446 3158 2641 3189 anima:
2692 3158 2998 3207 passiones.
3055 3158 3232 3195 I't‘lma
3286 3158 3502 3211 quidem
3555 3158 3610 3201 et

1863 3251 1930 3301 ὦ,
1956 3207 1996 3265 C
2032 3241 2242 3280 summa
2270 3240 2375 3295 qua
2398 3227 2829 3295 intelligibilibus
2858 3229 3225 3299 conjungitur,
3254 3230 3610 3304 intelligentia

353 3272 516 3309 τατον
543 3257 734 3324 αὐτῆς,
774 3256 832 3308 τὸ
860 3258 971 3318 τοῖς
998 3257 1207 3325 νοητοῖς
1239 3254 1539 3323 ἡνωμένον,
1570 3251 1755 3322 νόησις
1798 3249 1930 3302 ὠνό-

360 3365 585 3417 μασται.
620 3349 693 3400 Τὸ
726 3348 783 3400 δὲ
814 3348 1043 3416 ἔσχατον
1077 3347 1138 3398 τὸ
1167 3346 1274 3397 τῶν
1304 3344 1576 3413 αἰσθητῶν
1606 3340 1927 3409 γνωστικὸν,

357 3438 442 3489 διά
487 3438 658 3507 μέσης
697 3438 795 3505 τῆς
840 3438 1024 3505 κοινῆς
1083 3436 1386 3505 αἰσθήσεως
1424 3435 1548 3499 δόξα
1582 3433 1817 3499 λέγεται.
1858 3431 1931 3483 Τὸ

354 3527 413 3581 δὲ
443 3529 605 3597 μέσον
632 3529 692 3580 τὸ
734 3529 946 3580 ἀνιέναι
974 3527 1068 3579 καὶ
1120 3527 1366 3579 κατιέναι
1400 3524 1661 3593 πεφυκὸς,
1696 3522 1927 3576 διάνοια.

359 3618 465 3672 Καὶ
503 3620 665 3689 μέχρι
726 3618 823 3687 μὲν
863 3616 1089 3678 τούτων,
1147 3618 1175 3668 ὁ
1225 3616 1555 3685 ἄνθρωπος,
1615 3614 1732 3684 ἦτοι
1783 3611 1927 3676 νοῦς,

362 3709 593 3773 διάνοια,
626 3707 773 3771 δόξα,
820 3706 957 3777 μετὰ
982 3706 1039 3757 δὲ
1068 3706 1244 3758 ταῦτα
1286 3700 1425 3758 εἶναι
1456 3704 1515 3756 τὸ
1544 3702 1702 3767 ζῶον.
1736 3701 1796 3753 'll
1832 3701 1930 3769 μὲν

358 3799 467 3868 γὰρ
490 3797 869 3858 πολυποίκιλος
897 3795 1077 3864 φύσις,
1105 3795 1206 3865 ἡδὲ
1230 3793 1329 3863 τῆς
1360 3794 1507 3855 θείας
1541 3792 1733 3863 μοίρας
1756 3790 1931 3860 ὑπάρ-

358 3906 547 3960 χουσα,
592 3890 624 3959 ἡ
660 3889 758 3958 μέν
784 3906 846 3956 γε
876 3888 1142 3956 ἐπιθυμία
1177 3886 1545 3953 πολυκέφαλον
1573 3884 1780 3953 θηρίον,
1812 3884 1839 3934 6
1873 3881 1930 3932 δὲ

359 3982 525 4051 θυμὸς
568 3981 887 4050 λεοντώδης,
920 3982 949 4032 6
995 3981 1052 4032 δὲ
1092 3979 1249 4047 λόγος
1300 3979 1329 4030 ὁ
1371 3976 1577 4048 ἀληθὴς
1619 3974 1925 4044 ἄνθρωπος.

357 4073 507 4125 Ἐστι
542 4072 600 4124 δὲ
632 4070 822 4124 τούτου
866 4071 959 4122 καὶ
996 4070 1150 4132 ἄλλος
1182 4069 1449 4137 θειότερος
1498 4066 1782 4135 ἄνθρωπος
1832 4063 1926 4116 καὶ

355 4163 738 4235 ἀληθέστερος,
788 4165 817 4216 6
867 4161 1051 4231 vospb;
1076 4199 1092 4223 ,
1140 4160 1197 4212 ὃν
1231 4158 1622 4228 αὐτάνθρωπον
1648 4172 1922 4226 προσαγο-

361 4254 608 4324 ρεύουσιν
638 4256 686 4307 ot
732 4254 842 4306 τῶν
891 4253 1048 4305 εἰδῶν
1092 4250 1501 4321 φιλοθεάμονες.
1546 4248 1742 4316 Τρίτον
1776 4247 1870 4299 οὖν
1900 4248 1928 4299 6

356 4345 665 4415 ἄνθρωπος,
691 4346 719 4397 6
755 4346 855 4413 μὲν
895 4343 1080 4413 νοερὸς
1110 4344 1203 4395 καὶ
1238 4339 1535 4409 μονοειδὴς,
1564 4340 1592 4390 6
1614 4338 1672 4390 δὲ
1707 4338 1925 4405 λογικὸς

360 4436 456 4486 καὶ
502 4434 769 4503 τριμερὴς
813 4432 908 4485 καὶ
957 4431 1304 4499 τριδύναμος,
1336 4432 1364 4482 6
1399 4428 1457 4481 δι
1486 4426 1802 4497 αίσθητικὸς
1832 4429 1926 4479 καὶ

2043 592 2224 645 minus
2258 595 2687 665 unumquodth
2717 606 2801 650 est
2825 613 2923 667 per
2948 614 3026 653 se.
3052 599 3118 653 At
3140 600 3288 655 enim
3321 615 3615 671 corporum

2040 683 2323 752 quodlibet
2360 700 2457 754 per
2487 702 2545 740 se
2579 697 2661 743 cst
2708 729 2722 751 ,
2755 704 2857 743 nec
2889 705 2986 759 per
3015 691 3119 745 alia
3153 701 3330 762 potest
3358 693 3429 748 ob
3463 707 3614 748 cras-

2041 777 2221 831 sitiem
2257 793 2557 847 permeare.
2593 781 2634 835 E
2665 782 2942 837 contrario
2973 784 3332 853 incorporalia
3373 795 3428 841 et
3457 786 3616 839 intol-

2043 867 2262 938 ligibilia
2295 877 2482 938 utpote
2533 872 2798 927 crassitiei
2835 881 2891 927 et
2925 875 3310 946 magnitudinis
3351 876 3615 947 expertia,

2043 954 2275 1010 invicem
2305 973 2364 1012 se
2391 968 2693 1027 permeant,
2721 976 2784 1014 ac
2811 961 3165 1017 nihilominus
3191 963 3472 1019 inconfusa
3504 982 3599 1035 per

2045 1061 2287 1102 manent.
2325 1047 2528 1104 Omnes
2556 1050 2723 1121 igitur
2747 1054 2958 1122 species
2990 1055 3357 1126 intelligihiles
3398 1058 3498 1111 sibi
3534 1058 3603 1110 in-

2041 1138 2216 1193 vicem
2248 1140 2435 1195 insunt
2466 1151 2631 1211 atque
2665 1143 2817 1197 unita
2842 1154 2990 1211 sunt,
3036 1162 3137 1200 nec
3167 1148 3347 1202 minus
3372 1158 3617 1217 separata

2041 1238 2255 1287 suntac
2294 1232 2585 1303 disjuncta,
2624 1235 2768 1290 sicut
2809 1238 2864 1290 in
2894 1239 3077 1293 anima
3109 1242 3484 1311 cogitationes.

2514 1328 2605 1385 26.
2634 1331 2820 1384 Adhuc
2848 1333 2912 1385 de
2941 1344 3131 1387 mente.

2110 1418 2301 1473 Omnis
2331 1436 2489 1475 mens
2522 1422 2721 1478 divinis
2749 1425 2903 1492 plena
2935 1434 3018 1479 est
3051 1428 3206 1491 ideis,
3250 1438 3307 1482 ut
3338 1430 3615 1499 bonitatis,

2041 1514 2371 1577 sanctitatis,
2396 1517 2646 1585 justitiar,
2680 1518 3000 1586 identitatis,
3031 1522 3419 1588 similitudinis,
3446 1535 3610 1579 caete-

2040 1606 2222 1675 risque
2257 1622 2273 1661 :
2326 1618 2381 1659 at
2420 1607 2659 1661 divinior
2700 1626 2854 1665 mens
2889 1611 3211 1681 integri‘ores
3257 1613 3405 1667 ideas
3443 1615 3613 1667 conti-

2040 1707 2154 1762 net,
2188 1699 2427 1753 vicissim
2467 1716 2576 1768 quo
2617 1699 2837 1755 inferior
2869 1712 2971 1768 est,
3004 1719 3070 1757 eo
3110 1705 3348 1759 minores
3404 1707 3615 1760 illarum

2038 1799 2243 1857 partes.
2281 1789 2606 1859 Superiores
2636 1792 2783 1845 enim
2818 1794 3119 1861 majoribus
3156 1795 3353 1850 divinis
3392 1793 3611 1850 faculta-

2036 1880 2182 1935 tibus
2213 1890 2441 1934 utuntur
2466 1923 2480 1946 ,
2521 1880 2809 1936 inferiores
2850 1899 2978 1937 vero
3022 1894 3231 1938 mentes
3265 1887 3392 1939 dum
3437 1887 3612 1941 multi-

2032 1971 2321 2038 plicantur,
2367 1971 2720 2025 facultatibus
2766 1989 2903 2041 quas
2937 1975 3138 2028 habent
3188 1986 3415 2031 utuntur
3443 1978 3613 2032 imbe-

2031 2060 2351 2115 cillioribus.
2388 2062 2520 2125 Qua:
2550 2063 2695 2114 eniin
2726 2062 2921 2114 unitati
2969 2064 3214 2131 proxima
3251 2076 3398 2126 sunt,
3428 2069 3609 2121 multi-

2032 2151 2219 2205 tudine
2260 2153 2478 2218 quidem
2511 2153 2578 2205 ab
2610 2152 2965 2206 inferioribus
3016 2155 3330 2220 vincuntur,
3377 2161 3614 2225 potentia

2029 2251 2209 2293 autem
2254 2250 2532 2309 praestant.
2587 2242 2838 2296 Vicissim
2887 2260 3005 2312 qua:
3052 2246 3120 2298 ab
3151 2248 3358 2300 unitate
3401 2248 3613 2319 longius

2032 2332 2314 2393 ret-edunt,
2350 2348 2579 2386 numero
2620 2333 2795 2402 plura,
2826 2337 2916 2387 sed
2954 2336 3195 2403 potentia
3221 2339 3430 2393 minora
3462 2351 3610 2394 sunt.

2031 2424 2304 2491 Quidquid
2367 2426 2512 2478 enim
2571 2426 2624 2477 in
2690 2426 3098 2479 multitudinem
3169 2428 3302 2493 abit,
3371 2434 3610 2499 potentia

2032 2517 2321 2579 minuitur,
2377 2518 2472 2569 sed
2533 2518 2677 2585 quod
2733 2518 2936 2581 unitur,
2981 2520 3222 2585 potentia
3278 2531 3508 2592 augetur
3551 2538 3614 2577 ac

2032 2608 2251 2669 crescit,
2288 2608 2412 2660 licet
2439 2624 2667 2662 numero
2698 2609 2994 2661 minuatur.
3030 2608 3214 2663 Unitio
3246 2614 3389 2665 enim
3426 2615 3613 2667 valen-

2035 2697 2141 2749 tior
2185 2704 2289 2755 est.
2363 2698 2557 2751 divisio
2609 2698 2969 2752 multitudinis
3021 2702 3379 2767 procreatrix.
3431 2704 3613 2761 Unitio

2037 2790 2216 2841 minor
2247 2804 2492 2852 numero,
2534 2790 2727 2843 divisio
2762 2792 3003 2859 potentia
3036 2792 3327 2851 inﬁrmior.

2600 3046 2689 3099 9.7.
2736 3045 2807 3099 Dc
2845 3048 3047 3101 anima.

2103 3133 2239 3190 Tres
2272 3145 2400 3189 sunt
2446 3136 2641 3189 animae
2692 3139 2998 3207 passiones.
3055 3140 3232 3195 Prima
3286 3143 3502 3211 quidem
3555 3155 3613 3201 et

2033 3317 2354 3386 appellatur.
2390 3317 2576 3370 Iulima
2605 3333 2711 3385 qua
2741 3333 2827 3371 res
2850 3319 3078 3374 sensiles
3107 3336 3203 3388 per
3220 3337 3439 3377 sensum
3463 3341 3581 3380 com

2036 3422 2253 3461 munem
2302 3408 2703 3477 cognoscimus,
2750 3410 2951 3463 dicitur
2997 3412 3203 3481 opinio.
3254 3414 3447 3477 Media,
3489 3433 3612 3486 quc

2032 3498 2376 3551 ascendendo
2406 3506 2461 3551 et
2486 3500 2870 3555 descendendo
2897 3502 3149 3573 colligere
3178 3516 3299 3574 apta
3340 3518 3464 3562 nata
3507 3523 3609 3565 est.

2033 3589 2209 3656 Atque
2243 3588 2406 3641 homo
2443 3588 2664 3657 quidem
2705 3592 2990 3655 hactenus,
3030 3609 3208 3661 mens,
3247 3597 3609 3661 ratiocinatio,

2030 3680 2215 3749 Opinio
2245 3696 2259 3733 :
2292 3680 2437 3749 quod
2483 3692 2733 3750 superest
2761 3682 2964 3736 animal
2992 3692 3099 3749 est,
3139 3698 3334 3741 natura
3368 3689 3513 3743 varia
3547 3706 3611 3743 ac

2031 3772 2335 3841 multiplex,
2371 3787 2497 3841 pars
2532 3773 2735 3827 divinas
2778 3775 2941 3828 sortis
2976 3777 3267 3846 particeps.
3314 3796 3439 3848 pars
3479 3797 3610 3835 con-

2030 3862 2363 3932 cupiscentia
2398 3864 2686 3931 multiceps
2720 3864 2993 3927 bestia,~et
3032 3865 3108 3919 ira
3138 3869 3316 3937 qualis
3345 3881 3428 3923 est
3493 3872 3610 3924 leo-

2030 3968 2158 4005 num
2189 3970 2202 4006 :
2240 3954 2333 4007 sed
2367 3970 2528 4009 verus
2569 3954 2736 4009 homo
2782 3956 2919 4010 ratio
2955 3966 3061 4011 est.
3095 3957 3319 4015 Exsistit
3362 3976 3524 4029 porro
3552 3973 3610 4016 et

2029 4047 2166 4100 alius
2216 4048 2381 4103 homo
2419 4048 2653 4104 divinior
2687 4050 2991 4120 veriorque,
3037 4052 3403 4124 intelligibilis,
3446 4072 3605 4125 quem

2029 4138 2415 4209 αὐτάνθρωπον
2452 4141 2811 4210 ipshominem
2863 4142 2978 4197 sive
3024 4143 3200 4198 ideam
3240 4146 3474 4211 homilnit
3511 4163 3608 4205 vo-

2030 4239 2156 4283 cant
2180 4230 2271 4298 qui
2311 4231 2553 4285 idearum
2589 4247 2653 4287 ac
2689 4233 2991 4301 specierum
3025 4235 3481 4305 contemplatione
3507 4239 3610 4293 ob-

2028 4321 2319 4377 lectantur.
2370 4322 2590 4393 Triplex
2626 4325 2792 4395 igitur
2822 4326 2988 4381 homo
3018 4328 3199 4393 datur,
3236 4344 3378 4383 unus
3404 4329 3607 4387 intuli-

2028 4413 2226 4483 gibilis,
2247 4413 2350 4467 iste
2380 4422 2435 4467 et
2466 4416 2662 4470 unicus
2690 4432 2754 4470 ac
2780 4418 3042 4487 simplex;
3076 4418 3214 4474 alter
3245 4421 3602 4487 rationabilis,

355 4524 639 4593 τιολυειδὴς
666 4526 760 4577 καὶ
785 4523 1145 4584 παντοδαπός.
1175 4523 1245 4573 Τὸ
1267 4521 1324 4573 δὲ
1348 4522 1698 4590 λογιζόμενον
1735 4520 1826 4571 καὶ
1860 4519 1921 4570 τὸ
1951 4531 2001 4590 D
2031 4503 2095 4556 ῙΓῘ

1860 4519 1921 4570 τὸ
1951 4531 2001 4590 D
2031 4503 2203 4557 tribus
2258 4503 2611 4560 facultatibus
2649 4522 2711 4561 ac
2774 4507 2940 4561 veluti
2998 4504 3248 4577 partibus
3298 4518 3600 4570 constans:

358 4613 595 4686 θεωροῦν
633 4614 790 4684 ἡμεῖς
825 4616 990 4684 ἐσμεν
1011 4631 1025 4645 ο
1066 4616 1227 4684 ἡμεῖς
1262 4616 1371 4682 γὰρ
1402 4609 1663 4681 καὶψυχὴ
1707 4608 1921 4663 ταυτόν.

862 4873 970 4939 κη’.
1010 4866 1147 4935 Περὶ
1184 4870 1313 4934 ψυχ
1325 4862 1413 4931 ῆς.

428 4960 550 5013 Τῶν
590 4959 720 5031 παρ’
754 4958 980 5029 Ἕλλησι
1005 4958 1184 5025 σοφῶν
1209 4958 1306 5023 τὴν
1341 4955 1540 5026 ψυχὴν,
1559 4953 1784 5008 Πλάτων
1829 4954 1928 5023 μὲν

359 5054 453 5105 καὶ
506 5051 916 5122 Ἀριστοτέλης,
976 5049 1052 5112 ὼς
1106 5048 1321 5118 ὀργάνῳ
1371 5047 1504 5114 φασὶ
1544 5045 1780 5117 χρῆσθαι
1842 5045 1923 5117 τῷ

359 5146 590 5213 σώματι.
667 5143 764 5197 Δεῖ
811 5145 941 5213 γὰρ,
974 5141 1139 5211 φησὶν
1199 5139 1607 5209 Ἀριστοτέλης,
1657 5139 1772 5203 τὴν
1813 5138 1930 5205 μὲν

356 5217 579 5303 τέχνην
607 5232 867 5302 χρῆσθαι
921 5234 1043 5299 τοῖς
1078 5232 1357 5302 ὀργάνοις
1378 5273 1392 5295 ,
1447 5230 1563 5298 τὴν
1597 5230 1665 5284 δὲ
1717 5230 1929 5300 ψυχὴν

367 5325 449 5390 τῷ
507 5324 756 5393 σώματι.
820 5326 882 5378 Οἱ
937 5324 993 5377 δὲ
1046 5325 1110 5377 ὲκ
1162 5326 1469 5394 Περιπάτου
1524 5322 1799 5392 φιλόσοφοι
1854 5325 1929 5385 ὡς

357 5410 539 5463 ἔνυλον
573 5406 713 5473 εἶδος
762 5410 1078 5481 μιγνύουσιν
1110 5412 1281 5481 αὐτὴν
1314 5410 1390 5482 τῷ
1424 5412 1635 5480 σώματι
1678 5414 1768 5465 καὶ
1811 5411 1928 5464 δια-

360 5500 671 5555 πλέκουσιν.
702 5501 767 5553 Ol
797 5499 855 5554 δὲ
900 5503 1030 5572 περὶ
1060 5501 1345 5571 Κλεάνθην
1376 5500 1469 5555 καὶ
1516 5500 1675 5571 σῶμα
1722 5500 1925 5569 ταύτην

356 5591 786 5661 ἀποφαίνονται,
822 5592 1128 5666 δυναμένην
1161 5596 1342 5665 μέντοι
1383 5594 1446 5662 γέ
1499 5611 1628 5647 ποτε
1680 5595 1771 5647 καὶ
1828 5594 1922 5647 τοῦ

358 5684 683 5755 φαινομένου
714 5685 1043 5756 χωρίζεσθαι
1074 5685 1344 5756 σώματος.
1391 5685 1661 5749 Πλωτῖνος
1699 5686 1754 5737 δέ
1789 5702 1923 5755 φησι

362 5774 436 5844 μὴ
464 5775 870 5845 ἀναγκάζεσθαι
901 5777 1149 5850 δέχεσθαι
1192 5778 1291 5851 τὴν
1323 5777 1501 5848 ψυχὴν
1543 5778 1605 5830 τὰ
1647 5777 1795 5849 πάθη
1824 5776 1919 5830 τοῦ

2036 4594 2222 4648 tertius
2279 4596 2551 4654 sensibilis
2590 4610 2645 4652 et
2700 4599 2977 4668 multiplex
3033 4601 3344 4670 variusque.
3376 4602 3603 4658 Sumus

2030 4694 2208 4737 autem
2259 4686 2307 4739 id
2354 4689 2501 4756 quod
2559 4689 2766 4743 ratione
2790 4698 2843 4743 et
2898 4690 3335 4746 consideratione
3382 4692 3600 4749 utitur:

2030 4776 2209 4829 anima
2241 4778 2388 4831 enim
2421 4779 2687 4848 cujusque
2711 4781 2755 4835 is
2784 4791 2867 4835 est
2902 4782 3149 4849 quisque.

2605 4870 2694 4924 98.
2731 4870 2801 4924 De
2825 4872 3023 4923 anima.

2100 4956 2245 5011 Inter
2272 4956 2490 5011 Gracche
2522 4959 2801 5026 sapientes
2830 4960 2981 5013 Plato
3006 4968 3062 5013 et
3091 4959 3409 5016 Aristoteles
3445 4967 3600 5016 aiunt

2028 5047 2264 5101 animam
2323 5062 2552 5117 corpore
2601 5050 2679 5104 uti
2736 5059 2991 5120 tanquam
3045 5054 3432 5108 instrumento.
3497 5055 3599 5109 Ars

2026 5140 2184 5201 enim,
2209 5139 2739 5207 inquitAristoteles,
2773 5142 3156 5206 instrumentis,
3176 5144 3357 5197 anima
3384 5160 3599 5212 corpore

2027 5231 2244 5300 indiget.
2290 5231 2360 5283 At
2402 5228 2747 5301 Peripatetici
2779 5232 3092 5301 phiIOSOphi
3136 5233 3374 5287 animam
3402 5275 3416 5299 ,
3450 5234 3598 5288 velut

2029 5321 2257 5376 formam
2290 5323 2553 5384 materiae,
2594 5323 2950 5377 inhaerentem
2978 5324 3190 5394 corpori
3228 5324 3508 5394 implicant
3532 5341 3598 5381 ac

2027 5414 2381 5484 permiscent.
2442 5413 2733 5469 Cleanthes
2767 5425 2824 5469 et
2864 5415 3101 5470 animam
3150 5416 3342 5471 statuit
3398 5432 3598 5488 corpus

2027 5519 2171 5568 esse,
2208 5510 2399 5572 utpote
2435 5518 2556 5574 qua:
2593 5504 2766 5574 possit
2795 5520 2825 5558 a
2849 5519 3076 5573 corpore
3108 5505 3253 5574 quod
3281 5505 3454 5560 oculis
3480 5521 3598 5560 cer-

2028 5594 2178 5650 nitur
2206 5596 2447 5665 separari
2495 5610 2559 5649 ac
2601 5598 2880 5651 secedere.
2910 5595 3153 5652 Plotinus
3184 5607 3344 5668 negat
3372 5612 3598 5653 necesse

2031 5702 2152 5743 esse
2189 5695 2248 5741 ut
2273 5686 2454 5741 anima
2486 5687 2735 5757 corporis
2771 5687 3118 5759 passionibus
3158 5688 3440 5755 afﬁciatur,
3470 5704 3598 5742 nam

2028 5794 2130 5836 nec
2160 5778 2422 5835 artiﬁcem
2452 5795 2515 5836 ea
2547 5794 2668 5851 qua
2699 5780 3078 5838 instrumentis
3124 5781 3235 5837 suis
3276 5780 3600 5846 contingunt
