4424 6446
845 394 950 455 707

2017 384 2426 443 Mli‘HAELIS
2466 386 2727 446 l‘SEl.l.l

3994 393 4103 453 τοῆ

844 516 1079 569 unquam
1114 500 1530 568 persentiscere.
1570 494 1888 549 Necessario
1920 503 2099 545 autem
2134 495 2206 545 uti
2241 494 2417 545 sensi-
2453 507 2490 556 Α
2535 498 2591 548 ad

2357 494 2417 542 δί·
2453 507 2490 556 Α
2535 498 2806 564 σώματος,
2852 496 2972 548 ἐπεὶ
3012 497 3145 566 μηᾶὲ
3183 500 3427 566 τεχνίτης
3457 501 3523 552 τὰ
3543 500 3690 569 παθη
3726 502 3827 552 τῶν
3860 502 4104 571 ὀργά-,ων

843 596 945 648 l‘us
970 594 1225 646 animam.
1256 590 1387 643 Nam
1426 600 1482 642 ιιι
1529 605 1625 657 per
1650 603 1848 655 corpus
1876 595 2152 654 operetur,
2202 600 2421 637 sensum

844 686 1048 738 habere
1089 682 1484 744 auxiliatorem,
1533 690 1586 733 ut
1630 695 1725 748 per
1771 678 1921 730 illum
1951 688 2176 730 externa
2209 690 2420 744 cogno-

847 787 983 829 scat.
1019 773 1471 839 Quandoquidem
1510 772 1668 841 igitur
1714 768 2075 838 incorporalis
2105 768 2285 819 anima
2316 776 2421 826 est,

848 868 1131 935 passiones
1158 863 1404 929 corporis
1432 864 1498 916 ad
1522 878 1638 914 eam
1672 875 1780 913 non
1813 861 2161 929 pertingent;
2197 857 2340 926 quod
2380 857 2421 910 si

847 956 1177 1022 pertingant,
1212 968 1320 1004 non
1353 951 1647 1004 essentiam
1683 951 1803 1019 ejus
1834 949 2088 1011 allicient,
2120 962 2306 1001 verum
2345 947 2423 1000 fa-

844 1049 1078 1099 cultates
1108 1055 1162 1097 et
1191 1045 1556 1113 operationcs.

1395 1223 1485 1276 ‘29.
1524 1221 1597 1275 De
1632 1223 1835 1273 anima.

914 1317 1041 1382 Qua:
1091 1317 1415 1377 miscentur,
1469 1315 1551 1367 vel
1614 1314 1685 1365 ita
1730 1313 2029 1365 miscentur
2073 1311 2214 1364 inter
2251 1326 2328 1374 se,
2368 1323 2423 1364 ut

843 1408 1272 1469 confundantur,
1335 1403 1795 1473 quemadmodum
1845 1404 2101 1455 humores
2152 1420 2165 1453 :
2224 1404 2305 1454 vel
2370 1413 2426 1455 ut

842 1501 1006 1554 modo
1055 1501 1400 1567 implicentur
1435 1506 1626 1551 mutuo
1664 1513 1726 1551 ac
1774 1503 2078 1565 permeent.
2130 1494 2208 1548 uti
2248 1510 2340 1548 aer
2372 1506 2425 1548 et

843 1592 956 1655 lux,
980 1592 1021 1643 si
1060 1593 1181 1660 quis
1206 1606 1325 1658 qua:
1366 1590 1577 1659 singula
1612 1589 1942 1648 consideret,
1992 1585 2079 1638 il'la
2125 1586 2301 1654 quoad
2335 1600 2423 1637 es-

843 1681 1073 1732 sentiam
1115 1680 1393 1739 distincta,
1450 1675 1858 1746 operationibus
1907 1674 2166 1743 permista
2232 1675 2425 1743 depre-

843 1767 1071 1821 hendet.
1122 1768 1258 1821 lline
1303 1766 1622 1820 Aristoteles
1665 1766 1935 1834 duplicem
1976 1764 2125 1833 ponit
2164 1765 2420 1828 animam,

2525 586 2827 649 ὐποδέξαιέ
2854 588 2919 641 ἄν
2950 603 3098 640 ποτε.
3118 588 3375 657 Δίσθήσει
3398 590 3453 642 δὲ
3478 589 3713 662 χρῆσθαί
3741 608 3903 660 φησιν
3934 594 4102 659 ἀναγ-

2524 680 2711 738 καῖον,
2771 678 2831 730 τὸ
2882 680 2987 748 γὰρ
3046 680 3132 731 διὰ
3202 679 3451 749 σώματος
3509 682 3786 752 ἐνεργοῦν,
3839 683 3948 753 ἔχει
4004 685 4102 753 τὴν

2526 769 2800 837 αἴσθησιν,
2831 769 2915 821 ἴνα
2938 771 3004 822 δι’
3032 771 3200 840 αὐτῆς
3240 771 3486 843 γινώσκῃ
3511 772 3578 825 τὰ
3604 772 3824 837 ἔξωθεν.
3856 774 3914 825 Εἰ
3942 770 4033 825 οὐν
4062 775 4095 842 ἡ

2526 862 2672 931 ψυχὴ
2711 861 3002 932 ἀσώματος
3026 901 3043 927 ,
3083 863 3149 915 τὰ
3188 862 3335 930 πάθη
3370 862 3463 916 τοῦ
3521 863 3771 931 σώματος
3805 865 3864 916 οὗ
3911 864 4102 932 διαδή’

2527 965 2681 1001 σεται
2717 950 2801 1001 ἐπ’
2833 950 3023 1019 αὐτήν.
3060 951 3122 1002 Εἰ
3150 951 3323 1004 δὲκαὶ
3353 950 3571 1022 ἔρχεται
3595 993 3609 1014 ,
3645 952 3744 1006 οὐκ
3774 955 3853 1015 είς
3881 954 3982 1023 τὴν
4007 956 4102 1006 οὐν

2529 1040 2650 1092 σίαν
2680 1042 2852 1111 αὐτῆς
2884 1042 3123 1112 ἔρχεται,
3156 1044 3269 1096 ἀλλ’
3300 1045 3382 1107 είς
3409 1046 3507 1108 τὰς
3546 1046 3802 1115 δυνάμεις
3845 1047 3941 1099 καὶ
3996 1047 4099 1109 τὰς

2524 1133 2607 1184 ὲνε
2619 1135 2822 1202 ργείοις.

3036 1226 3138 1278 κθ’.
3186 1228 3321 1293 Περὶ
3353 1232 3478 1296 ψυχ
3491 1226 3578 1294 ῆς.

2599 1318 2874 1384 Μίγνυται
2926 1321 2991 1371 τὰ
3060 1321 3363 1389 μιγνύμενα
3410 1322 3442 1391 ἢ
3496 1323 3798 1389 κιρνάμενα
3849 1320 4100 1390 ἀλλήλοις

2527 1414 2714 1482 ὥσπερ
2733 1412 2803 1463 τὰ
2837 1413 3052 1482 ὑγρὰ,ἢ
3079 1413 3482 1481 διαπλεκόμενα
3510 1412 3699 1483 ὥσπερ
3736 1415 3761 1466 ὅ
3784 1431 3844 1465 τε
3874 1414 3977 1484 ἀὴρ
4006 1415 4101 1466 καὶ

2526 1507 2587 1558 τὸ
2614 1506 2747 1573 φῶς.
2787 1506 2849 1556 Εί
2878 1504 2933 1555 δὲ
2968 1504 3198 1570 ὲφάπτοι
3233 1505 3293 1557 τὸ
3322 1506 3482 1573 μόνον
3508 1546 3521 1567 ,
3574 1510 3638 1574 τῇ
3681 1507 3780 1573 μὲν
3815 1507 3969 1575 οὐσίᾳ
4009 1524 4101 1558 κε-

2527 1598 2810 1667 χώρισται,
2837 1598 2957 1658 ταῖς
2991 1596 3046 1648 δὲ
3080 1597 3379 1665 ἐνεργείαις
3414 1598 3695 1665 μέμικται.
3728 1599 3835 1649 Kal.
3865 1600 4103 1669 Ἀριστο-

2526 1690 2690 1756 τέλης
2735 1689 2822 1739 διὰ
2872 1687 3031 1740 τοῦτο
3074 1686 3171 1755 τὴν
3200 1687 3377 1757 ψυχὴν
3428 1692 3570 1740 ποιεῖ
3607 1688 3812 1755 διττὴν,
3846 1688 3946 1757 τὴν
4001 1690 4101 1749 μὲν

2529 1780 2968 1848 κεχωρισμένην,
3023 1778 3123 1847 τὴν
3182 1779 3238 1830 δὲ
3297 1782 3354 1831 ὲν
3396 1779 3611 1848 σώματι
3661 1781 3761 1848 τὴν
3803 1781 4103 1832 ὑπόστασιν

839 1863 1003 1914 aliam
1035 1868 1362 1928 separatam,
1395 1859 1556 1911 aliam
1585 1872 1704 1926 quae
1728 1858 1782 1909 in
1816 1871 2040 1925 corpore
2067 1856 2328 1910 subsistit.
2357 1857 2423 1909 At
2460 1838 2505 1894 θ’
2535 1872 2586 1940 ἐκ

2357 1857 2423 1909 At
2460 1838 2505 1894 θ’
2535 1838 2790 1940 naua:
2817 1838 2965 1941 mi];
2980 1838 3129 1940 οὐχ-ἠ
3150 1871 3295 1940 ψυχὴ
3320 1838 3631 1923 αἰσθάνεται
3654 1873 3686 1940 ἡ
3715 1838 3771 1923 ἐν
3792 1872 3868 1941 τῷ
3887 1872 4098 1941 σώματι

841 1968 949 2005 non
988 1951 1157 2004 sentit
1187 1951 1369 2003 anima
1420 1964 1478 2002 se
1521 1948 1733 2015 corpori
1783 1963 1904 2001 esse
1945 1948 2283 2016 permistam,
2333 1949 2425 2001 sed

839 2058 1043 2112 corpus
1089 2042 1412 2093 animatum.
1471 2038 1681 2107 Corpus
1722 2037 1867 2090 enim
1920 2036 2114 2089 anima:
2162 2035 2428 2089 beneﬂcio

846 2135 1011 2187 habet
1057 2132 1199 2201 quod
1258 2132 1425 2184 sentit
1467 2130 1802 2199 appetitque,
1857 2137 2019 2196 atque
2069 2128 2296 2181 aliarum
2344 2138 2429 2182 est

839 2226 1195 2280 aﬂectionum
1223 2223 1517 2293 particeps.
1555 2222 1739 2290 Itaque
1771 2219 1920 2273 Plato
1952 2220 2139 2273 statuit
2178 2221 2277 2289 ipsi
2312 2221 2427 2273 nni-

842 2335 943 2372 mae
1000 2333 1121 2371 esse
1185 2330 1367 2369 veram
1424 2313 1814 2384 propriamque
1870 2312 2426 2379 substantiamzquw

841 2412 989 2464 enim
1032 2410 1083 2463 in
1134 2410 1242 2462 alio
1283 2408 1529 2461 subsistit
1572 2406 1766 2467 forma,
1821 2405 1888 2458 ab
1940 2404 2130 2457 eodem
2194 2404 2426 2472 qualitas

846 2502 1175 2567 essentialis,
1210 2516 1318 2553 non
1346 2499 1648 2553 substantia
1681 2498 1984 2566 appellatur

1302 2592 1391 2645 50.
1424 2591 1610 2643 Adhuc
1651 2589 1714 2642 de
1763 2590 1967 2640 anima.

912 2686 1082 2740 Aliter
1125 2685 1406 2755 physicus,
1436 2683 1592 2736 aliter
1638 2681 1958 2737 dialecticus
2008 2681 2241 2733 animam
2292 2679 2427 2733 deli-

842 2781 1022 2834 uiunt.
1082 2779 1349 2849 Physicus
1403 2778 1604 2830 animae
1700 2776 2056 2829 substantiam
2120 2774 2430 2827 considerat

842 2882 1112 2942 quatenus
1141 2887 1248 2924 non
1282 2879 1366 2923 est
1399 2886 1427 2923 a
1456 2885 1684 2939 corpore
1712 2878 1990 2937 separata;
2022 2875 2224 2920 natura:
2257 2866 2427 2933 siqui-

848 2967 972 3019 dem
1023 2962 1305 3017 scientiam
1340 2961 1639 3030 professus,
1677 2961 1949 3029 spectabit
1987 2961 2224 3013 animam
2281 2959 2425 3012 haud

843 3056 1148 3123 seiunctam
1178 3067 1475 3120 acorpore,
1494 3061 1551 3104 et
1580 3060 1850 3119 quatenus
1882 3051 2023 3103 haud
2051 3051 2295 3117 seiuncta
2320 3058 2422 3102 est.

845 3142 1176 3195 Dialecticus
1202 3156 1330 3194 vero
1351 3142 1513 3193 etiam
1549 3141 1790 3193 rationes
1828 3139 2077 3192 essentia:
2101 3139 2245 3193 illius
2282 3139 2333 3191 in
2367 3154 2425 3192 se

845 3243 1117 3303 spectatas
1177 3232 1467 3301 expendit:
1504 3241 1559 3285 et
1604 3231 2023 3285 mathematicus
2076 3231 2345 3283 abstracta
2393 3245 2421 3285 a

848 3338 1077 3391 corpore
1100 3321 1507 3389 contemplatur
1544 3339 1556 3373 :
1594 3320 1686 3374 sed
1725 3321 1933 3389 primus
1964 3320 2318 3388 philosoplms
2359 3322 2425 3373 de

848 3414 1250 3481 separabilitate
1280 3412 1403 3465 vitae
1428 3413 1497 3466 ab
1525 3413 1703 3466 anima
1729 3419 1814 3466 est
1858 3411 2138 3464 sollicitus.
2172 3409 2426 3475 Quarrere

846 3505 1104 3556 nimirum
1139 3510 1354 3570 oportet
1383 3517 1516 3555 num
1544 3502 1847 3555 substantia
1885 3501 1952 3554 sit
1986 3503 2167 3553 anima
2225 3514 2421 3563 necne,

846 3602 903 3647 et
946 3594 1259 3662 potentiane
1290 3607 1358 3644 an
1389 3603 1509 3647 actu
1552 3592 1857 3646 substantia
1896 3592 2004 3646 sit?
2033 3593 2208 3659 Atque
2242 3602 2425 3645 utrum

848 3699 1053 3753 corpus
1076 3684 1170 3747 sit,
1205 3699 1271 3736 an
1306 3683 1681 3751 incorporalis,
1706 3698 1773 3736 an
1801 3682 2127 3751 utrumque?
2148 3682 2426 3747 Quodam-

849 3777 1011 3831 modo
1042 3777 1205 3829 etiam
1234 3791 1300 3829 ex
1330 3775 1396 3827 iis
1438 3789 1559 3843 quae
1590 3774 1784 3828 animae
1833 3774 2033 3828 adsunt
2070 3774 2426 3828 substantiam

844 3868 966 3935 ejus
990 3866 1291 3936 intelligere
1318 3865 1399 3919 fas
1424 3874 1530 3919 est.
1556 3864 1823 3917 Caeterum
1849 3865 1955 3917 vita
1981 3874 2168 3918 nostra
2191 3866 2426 3919 rationa-

846 3958 989 4021 bilis,
1044 3973 1204 4026 quatu
1257 3965 1496 4011 mentem
1537 3955 1853 4009 Aristoteles
1888 3954 2144 4024 appellat,
2196 3970 2295 4025 pro
2330 3971 2427 4010 sua

845 4048 913 4102 ad
941 4063 1141 4117 corpus
1186 4047 1545 4103 inclinatione
1579 4056 1636 4100 et
1665 4047 1986 4116 separabilis
2015 4055 2101 4101 est
2126 4056 2181 4101 et
2210 4049 2427 4117 insepa-

845 4139 1055 4194 rabilis.

1408 4228 1497 4280 5l.
1537 4234 1610 4279 de
1644 4227 1848 4281 anima.

916 4320 1111 4373 Anima
1160 4334 1282 4387 qua:
1332 4319 1565 4387 seipsam
1619 4319 1899 4387 cognoscit
1945 4329 2000 4373 et
2052 4320 2197 4390 quod
2244 4321 2425 4376 divina

839 4410 1044 4481 gaudet
1070 4409 1447 4479 praerogativa,
1470 4407 1630 4476 longe
1651 4408 1819 4463 diSIal
1841 4424 1870 4462 a
1894 4420 2084 4464 natura
2114 4426 2425 4482 corporum,

2526 1961 2661 2016 οὐσα
2683 1964 2843 2033 εἴπερ
2884 1964 3251 2033 κέκραταιτῷ
3294 1964 3527 2033 σώματι,
3566 1965 3701 2017 ἀλλὰ
3745 1965 3807 2016 τὸ
3856 1966 4100 2033 ἔμψυχον

2529 2060 2708 2131 σῶμα.
2743 2058 2817 2110 Τὸ
2839 2057 2948 2127 γὰρ
2993 2057 3153 2124 σῶμα
3186 2058 3273 2108 διὰ
3303 2058 3401 2125 τὴν
3425 2057 3605 2126 ψυχὴν
3636 2056 3953 2126 αἰσθητικὸν
3993 2056 4099 2121 γέ-

2528 2168 2677 2218 γονε,
2706 2150 2799 2202 καὶ
2828 2147 3115 2218 ὀρεκτικὸν
3140 2147 3234 2199 καὶ
3257 2146 3365 2199 τῶν
3406 2147 3582 2200 ἄλλων
3612 2148 3802 2199 παθῶν
3826 2148 4098 2200 δεκτικιῖν.

2528 2242 2754 2294 Πλάτων
2782 2239 2839 2291 δὲ
2880 2237 2974 2307 τὴν
3003 2237 3265 2306 ἀληθινὴν
3296 2238 3485 2289 οὐσίαν
3528 2238 3627 2307 τῆς
3665 2238 3843 2307 ψυχῆς
3896 2237 4100 2307 ἑαυτῆς

2526 2348 2693 2399 φησιν
2733 2330 2894 2383 εἶναι.
2940 2329 3013 2380 Τὸ
3070 2328 3179 2396 γὰρ
3211 2330 3267 2380 ἐν
3311 2328 3454 2397 ἄλλῳ
3480 2329 3581 2398 τὴν
3629 2330 3926 2383 ὑπόστασιν
3978 2331 4101 2399 ἕχον

2527 2419 2683 2485 εἶδος,
2716 2421 2977 2488 ποιότητα
3005 2420 3235 2490 οὐσιὼδη
3272 2421 3466 2482 καλεῖ,
3504 2420 3615 2472 ἀλλ’
3649 2422 3747 2473 οὐκ
3794 2421 4003 2475 οὐσίαν.

3088 2598 3152 2651 λ’.
3183 2598 3319 2664 Περὶ
3358 2602 3484 2666 ψυχ
3496 2598 3583 2665 ῆς.

2598 2692 2883 2759 Διαφόρως
2914 2688 3159 2758 ὁρίζεται
3187 2689 3287 2757 τὴν
3319 2689 3497 2759 ψυχὴν
3538 2690 3565 2741 ὁ
3604 2692 3833 2755 φυσικὸς
3861 2693 3953 2742 καὶ
3985 2692 4101 2743 δια-

2526 2782 2777 2843 λεκτικός
2813 2797 2826 2810 ·
2860 2784 2886 2833 ὁ
2932 2783 3029 2850 μὲν
3079 2782 3188 2850 γὰρ
3229 2784 3454 2849 φυσικὸς
3488 2782 3949 2851 ἀντιλαμϐάνεται
4001 2786 4101 2849 τῆς

2526 2874 2763 2943 ψυχικῆς
2793 2873 3004 2938 οὐσίας,
3040 2874 3268 2926 καθόσον
3301 2875 3417 2925 ἐστὶ
3463 2875 3733 2944 σωμάτων
3773 2876 4097 2946 ἁχώριστος.

2540 2966 2596 3019 ὐ
2651 2966 2782 3034 γοῦν
2846 2966 3165 3034 φυσιολόγος
3224 2968 3648 3035 ἐπιστημονικὸς
3693 2968 3803 3033 ὢν,
3858 2972 3949 3021 καὶ
3993 2970 4100 3037 γὰρ

2527 3058 2828 3126 ἀχώριστον
2855 3058 3060 3110 εἴσεται
3105 3058 3200 3111 καὶ
3225 3058 3369 3120 ὅπως
3395 3056 3718 3128 ἀχώριστον.
3772 3060 3830 3112 Ὀ
3877 3060 3932 3112 δὲ
3978 3060 4097 3112 δια-

2526 3147 2772 3209 λεκτικὸς
2831 3147 2928 3198 καὶ
2965 3146 3093 3208 τοὺς
3140 3145 3419 3207 οὐσιώδεις
3457 3146 3651 3212 λόγους
3698 3145 3823 3199 καθ’
3872 3146 4099 3207 ἑαυτοὺς

2527 3238 2686 3301 ὄντας
2723 3240 2944 3290 ἐπινοεῖ.
2993 3237 3051 3290 '0
3094 3237 3152 3289 δὲ
3207 3237 3592 3306 μαθηματικὸς
3647 3238 3706 3303 ἐξ
3754 3238 4103 3307 ἀφαιρέσεως

2525 3329 2731 3383 τούτων
2762 3330 3154 3383 ὲπισκέπτεται
3183 3345 3195 3357 ·
3227 3332 3256 3382 ὁ
3304 3329 3362 3380 δὲ
3394 3330 3607 3400 πρῶτος
3649 3330 3938 3398 φιλόσοφος
3974 3331 4104 3393 περὶ

2525 3423 2621 3486 τῆς
2663 3422 3001 3490 χωριστικῆς
3054 3419 3199 3489 ζωῆς
3252 3419 3352 3487 τῆς
3394 3419 3573 3489 ψυχῆς
3627 3418 4099 3490 πραγματεύεται.

2527 3514 2617 3562 Δεῖ
2672 3511 2727 3563 δὲ
2787 3512 2967 3580 ζητεῖν
3002 3510 3232 3580 πότερον
3284 3511 3444 3564 οὐσία
3486 3513 3519 3579 ἡ
3570 3511 3716 3580 ψυχὴ
3745 3511 3777 3581 ἢ
3808 3509 3890 3561 οὗ.
3927 3509 4101 3577 Καὶ.οῆ

2526 3605 2683 3657 οὐσία
2710 3606 2953 3675 δυνάμει,
2983 3606 3016 3676 ἢ
3046 3607 3319 3676 ἐνεργείᾳ,
3366 3607 3477 3658 Καὶ
3509 3605 3666 3675 σῶμα
3709 3606 3740 3675 ἢ
3787 3604 4099 3672 ἀσώματος,

2526 3700 2559 3769 ἢ
2583 3700 2749 3767 ἄμφω
2773 3698 2974 3767 τρόπον
2999 3700 3138 3760 τινὰ,
3160 3698 3251 3749 καὶ
3280 3700 3342 3749 ἐκ
3358 3698 3466 3748 τῶν
3488 3697 3848 3765 ὑπαρχόντων
3876 3697 3941 3763 τῇ
3958 3694 4102 3761 ψυχῇ

2526 3788 2622 3855 τὴν
2655 3787 2843 3840 οὐσίαν
2888 3788 3058 3855 αὐτῆς
3100 3789 3321 3839 ἐννοεῖν.
3378 3787 3440 3839 'H
3475 3788 3531 3839 δὲ
3578 3787 3771 3856 λογικὴ
3806 3786 3961 3854 ὴμῶν
3987 3785 4100 3851 ζωὴ

2527 3881 2591 3949 ἢν
2617 3878 3023 3949 προσαγορεύει
3068 3879 3193 3932 νούν
3252 3880 3655 3949 Ἀριστοτέλης,
3695 3880 3753 3930 ὲν
3781 3880 3846 3948 τῇ
3881 3877 4015 3945 πρὸς
4043 3877 4104 3926 τὸ

2528 3968 2685 4038 σῶμα
2716 3970 2895 4022 γεύσει
2921 3973 3162 4040 χωριστή
3191 3987 3248 4022 τε
3282 3972 3398 4041 ἅμα
3438 3970 3553 4022 ἐστὶ
3592 3971 3687 4024 καὶ
3706 3968 4030 4038 ἁχώριστος.

3055 4235 3157 4289 λα’.
3191 4235 3331 4305 Περὶ
3366 4235 3595 4305 ψυχῆς.

2597 4327 2761 4398 Ψυχὴ
2791 4327 2994 4396 ἑαυτὴν
3031 4328 3257 4395 γνοῦσα,
3286 4330 3379 4382 καὶ
3412 4330 3492 4382 ὅτι
3524 4328 3666 4381 θεῖον
3706 4327 3817 4398 ἔχει
3866 4328 4100 4396 ἀξίωμα,

2529 4420 2719 4492 πόρρω
2767 4421 2865 4491 μὲν
2903 4422 3004 4491 τῆς
3049 4421 3261 4489 φύσεως
3311 4421 3549 4475 ἵσταται.
3608 4422 3832 4475 Πάντων
3882 4421 3938 4474 δὲ
3994 4421 4102 4473 τῶν

841 4501 1208 4569 omnibusque
1226 4507 1445 4568 praestat
1460 4497 1780 4552 seminibus.
1805 4498 1972 4553 Multo
1988 4501 2152 4555 etiam
2172 4512 2295 4556 ante
2314 4502 2429 4556 hate
2458 4517 2505 4576 ι)
2532 4527 2588 4563 στ

2354 4516 2429 4556 κα
2458 4517 2505 4576 D
2532 4512 2865 4581 σπερμάτων
2907 4513 3151 4581 προέχει.
3201 4513 3342 4565 Πολὺ
3395 4513 3453 4565 δέ
3503 4529 3557 4565 τι
3599 4513 3804 4566 τούτων
3837 4513 4101 4579 πρότερον

842 4591 915 4644 ab
953 4591 1209 4644 omnibus
1233 4589 1554 4659 corporibus
1586 4588 1841 4642 distincta
1896 4600 1998 4655 est,
2028 4602 2190 4661 atque
2219 4596 2270 4647 in
2296 4610 2424 4664 pro-

844 4683 961 4751 pria
992 4683 1123 4737 sede
1150 4697 1314 4752 supra
1347 4695 1540 4735 omnes
1587 4682 1864 4736 naturales
1914 4698 1977 4737 ac
2011 4687 2301 4741 seminales
2335 4703 2422 4741 ra.

847 4773 1042 4833 tiones,
1069 4773 1300 4827 dixerim
1330 4772 1495 4826 etiam
1524 4771 1697 4842 ipsius
1724 4772 1961 4828 universi
1994 4776 2274 4831 collocata.
2314 4777 2414 4832 Ne-

843 4879 953 4932 que
979 4864 1122 4917 enim
1158 4879 1222 4916 ex
1262 4864 1577 4918 deﬂuxione
1618 4864 1857 4920 siderum
1908 4866 1962 4918 in
1994 4881 2222 4935 corpora
2251 4871 2419 4934 venit,

844 4972 1025 5025 neque
1084 4957 1320 5009 naturali
1390 4958 1506 5011 sive
1563 4960 1831 5029 corporali
1891 4974 2043 5012 more
2107 4972 2416 5031 generatur,

846 5064 1028 5115 neque
1058 5048 1349 5102 seminales
1389 5051 1631 5104 rationes
1667 5068 1784 5106 eam
1814 5053 1867 5105 in
1900 5068 2101 5122 corpus
2126 5055 2418 5123 ejaculant,

850 5142 943 5194 scd
988 5157 1016 5193 a
1062 5141 1172 5195 Deo
1218 5141 1450 5210 desuper
1503 5143 1807 5198 descendit.
1842 5142 1973 5209 Qua:
2017 5160 2146 5199 vero
2190 5146 2418 5215 seipsam

850 5231 1080 5300 ignorat,
1117 5249 1294 5302 neque
1325 5234 1669 5291 scitcoeleste
1693 5252 1850 5291 suum
1886 5253 2056 5307 genus
2085 5254 2203 5292 esse
2240 5255 2301 5294 ac
2325 5257 2422 5295 no-

851 5326 981 5390 bile,
1015 5326 1288 5395 lilieraque
1317 5327 1628 5381 conditione
1657 5343 1713 5382 se
1738 5329 2013 5383 conditam
2049 5345 2112 5384 ac
2158 5332 2420 5385 constitu-

849 5427 999 5484 tam,
1064 5418 1151 5471 illa
1224 5420 1476 5490 mancipii
1536 5420 1589 5473 in
1644 5436 1848 5474 morem
1897 5422 2109 5490 corpori
2174 5422 2417 5485 inservit,

847 5510 1267 5580 libertatemque
1335 5513 1514 5581 perdit
1563 5523 1662 5567 :et
1725 5529 1952 5581 magnus
2003 5515 2170 5583 ipsius
2226 5516 2416 5569 oculus

853 5620 879 5655 a
908 5604 1146 5657 naturali
1180 5604 1449 5659 velamine
1480 5607 1731 5660 obruitur
1768 5619 1860 5662 aut
1889 5610 2271 5679 exstinguitur.

1058 5695 1147 5750 59..
1182 5694 1324 5748 Num
1364 5698 1541 5748 anima
1577 5699 1628 5750 in
1666 5698 1909 5767 angelum
1941 5711 2193 5753 mutetur.

922 5786 1052 5853 Qut?
1079 5786 1308 5843 diversis
1340 5801 1434 5857 per
1465 5791 1754 5845 essentiam
1797 5793 2086 5859 generibus
2131 5794 2248 5847 vite
2279 5808 2417 5861 prae-

2530 4604 2749 4656 πάντων
2786 4605 3051 4674 σωμάτων
3099 4603 3451 4674 κεχώρισται,
3508 4606 3602 4657 καὶ
3634 4604 3719 4672 ἐφ’
3770 4605 3935 4672 ἑαυτῇ
3968 4602 4100 4672 ἔδρα

2530 4696 2641 4749 ἄνω
2703 4712 2805 4748 που
2855 4696 3140 4765 καθημένη
3198 4696 3305 4748 τῶν
3351 4697 3597 4765 φυσικῶν
3649 4695 3823 4762 λόγων
3864 4696 3956 4747 καὶ
3997 4694 4102 4746 ad»:

2532 4788 2943 4857 σπερματικῶν,
2983 4788 3159 4838 εἰπεῖν
3187 4786 3239 4839 δὲ
3273 4788 3366 4840 καὶ
3403 4787 3567 4839 αὐτοῦ
3607 4786 3701 4839 τοῦ
3750 4787 3972 4848 παντὸς.
4026 4787 4100 4836 Οὐ

2529 4881 2638 4948 γὰρ
2662 4881 2768 4933 ἀπὸ
2791 4881 2887 4948 τῆς
2918 4880 3025 4933 τῶν
3051 4880 3265 4948 ἄστρων
3284 4880 3578 4951 ἀπορροίας
3602 4874 3679 4949 τῷ
3698 4879 3907 4948 σώματι
3929 4895 4101 4947 παρα-

2530 4978 2761 5044 γίνεται,
2823 4974 2946 5028 οὕτε
2998 4974 3106 5027 ἀπὸ
3160 4975 3370 5042 φύσεως
3443 4978 3523 5036 εἰς
3585 4976 3796 5040 γένεσιν
3860 4975 4097 5041 ἔρχεται,

2530 5065 2654 5119 οὔτε
2701 5067 3006 5136 σωματικοὶ
3048 5067 3195 5133 λόγοι
3225 5065 3429 5134 ταύτην
3480 5066 3558 5127 είς
3596 5066 3657 5117 τὸ
3683 5065 3843 5133 σῶμα
3872 5065 4097 5128 ἐξακον-

2531 5156 2800 5220 τίζουσιν,
2857 5156 2971 5209 ἀλλ’
3006 5157 3211 5209 ἄνωθεν
3270 5157 3379 5209 ἀπὸ
3411 5157 3545 5209 Θεοῦ
3578 5158 3843 5210 κάτεισιν.
3889 5157 4103 5224 ’Λγνοή-

2535 5264 2676 5299 σασα
2710 5248 2763 5299 δὲ
2794 5249 3017 5319 ἑαυτὴν,
3052 5251 3145 5300 καὶ
3174 5249 3256 5301 ὃτι
3293 5249 3391 5316 τῆς
3424 5249 3627 5302 ἄνωθεν
3674 5249 3951 5315 εὐγενείας
3984 5250 4099 5298 ἐστὶ

2529 5340 2623 5390 καὶ
2673 5340 2931 5407 ἐλευθέρα
2966 5339 3323 5408 καθέστηκεν,
3357 5340 3739 5409 δουλοπρεπῶς
3770 5339 3989 5409 θητεύει
4023 5339 4099 5406 τῷ

2531 5431 2763 5501 σώματι,
2796 5433 2887 5483 καὶ
2909 5432 3008 5501 τὴν
3040 5432 3355 5501 ἐλευθερίαν
3385 5432 3706 5486 ἀπόλλυσιν.
3740 5433 3851 5485 Καὶ
3879 5433 3906 5484 ὁ
3928 5431 4098 5499 μέγας

2533 5525 2705 5593 αὐτῆς
2736 5524 3011 5593 ὀφθαλμὸς
3038 5526 3139 5577 ὑπὸ
3170 5525 3263 5577 τοῦ
3291 5526 3519 5595 φυσικοῦ
3549 5524 3901 5595 καλύμματος
3936 5540 4101 5575 καταο

2528 5614 2813 5682 χώννυται,
2854 5614 2887 5682 ἢ
2935 5613 3349 5666 ἀποσϐέννυται.

2719 5701 2817 5770 λβ’.
2844 5702 2909 5752 El
2932 5700 3473 5769 μεταϐαλιειψυχὴ
3514 5703 3599 5765 είς
3633 5702 3906 5768 ἄγξελεικ

2600 5793 2672 5847 Οὐ
2743 5792 3070 5860 μεταϐάλλει
3126 5793 3191 5844 τὰ
3246 5792 3362 5843 κατ’
3428 5794 3609 5844 αἰσία-ι
3656 5794 3811 5860 ἕτερα
3863 5794 3901 5843 εἰ

3913 5790 3975 5855 δη
3999 5790 4095 5854 τῆς
