4424 6446
360 425 463 487 700

1453 405 1549 465 DE
1576 403 2002 463 OMNIFARIA
2060 401 2461 464 DOCTRINA.

3507 405 3612 470 710

358 538 503 604 ςωῆς
538 535 615 594 εἰς
642 528 868 597 ἄλληλα.
904 525 979 577 Οὐ
1015 524 1120 593 γάρ
1152 521 1299 573 ἐστιν
1366 518 1527 585 ὃμοια
1581 513 1649 565 τὰ
1704 514 1934 580 γεννητὰ
1963 517 2007 573 Α
2035 513 2105 567 tlil

1869 514 1934 564 τὰ
1963 517 2007 573 Α
2035 513 2147 567 dita
2175 522 2323 575 sunt,
2357 528 2464 567 non
2497 512 2639 566 inter
2665 525 2724 566 se
2748 510 2976 567 invicem
3004 522 3410 581 permutantur,
3439 530 3613 588 neque

361 602 795 692 καὶ-μεταϐλητὰ
817 616 929 676 τοῖς
964 608 1344 681 ἁμεταϐόλοις.
1392 603 1554 658 Ἀλλὰ
1576 602 1719 671 ψυχὴ
1768 604 1935 668 ἄγγεο

360 729 449 776 ).o;
482 715 578 784 μὲν
614 712 649 782 ἢ
680 706 1020 780 ἀρχάγγελος
1055 700 1306 770 γενέσθαι
1349 698 1409 750 οὐ
1463 695 1709 756 δύναται,
1758 695 1941 762 μιμεῖ-

358 823 449 861 ται
473 807 527 859 δὲ
566 806 693 856 ὅσον
735 801 883 861 είκὸς
908 798 1008 857 τὰς
1058 789 1339 862 ινεργείας
1396 786 1597 840 αὐτῶν.
1658 787 1769 838 Καὶ
1804 784 1941 853 πρὸς

361 901 428 951 τὰ
455 894 793 965 ὑπερέχοντα
818 890 949 958 γένη
976 883 1404 946 ἁπεικονίςεται,
1430 879 1548 931 ἐπεὶ
1580 878 1674 931 καὶ
1699 876 1818 965 κατ’
1869 877 1941 965 είς-

363 991 492 1041 κὸνα
534 962 669 1037 θεοῦ
697 979 1013 1050 γεγένηται,
1060 977 1093 1045 ὴ
1133 972 1191 1027 δὲ
1229 969 1395 1024 εἰκὼν
1432 966 1693 1037 ὁμοίωσιν
1727 964 1840 1033 ἔχει
1878 962 1938 1015 τὺ

364 1076 736 1149 παράδειγμα.
758 1070 821 1124 Ei
849 1069 905 1122 δὲ
925 1065 1205 1135 ὁμοιοῦται
1227 1060 1367 1130 Θεῷ,
1390 1058 1571 1127 πολλῴ
1595 1055 1795 1149 μᾶλλον
1819 1056 1938 1149 ταῖς

365 1145 777 1233 ὑτ.οδεεστέραις
798 1160 1108 1230 δυνάμεσιν.
1153 1155 1264 1206 Καὶ
1300 1152 1450 1204 πᾶσα
1482 1148 1581 1220 μὲν
1628 1146 1775 1217 ψυχὴ
1817 1145 1937 1198 κατ’

364 1263 544 1311 εἰκόνα
599 1257 895 1326 πεποίηται
942 1247 1102 1311 Θεοῦ,
1152 1248 1213 1299 οὐ
1251 1247 1401 1298 πᾶσα
1456 1243 1512 1295 δὲ
1567 1241 1681 1310 ἔχει
1712 1238 1771 1290 τὸ
1815 1235 1935 1290 καθ’

363 1351 643 1419 ὁμοίωσιν.
668 1350 742 1402 Τὸ
776 1349 873 1417 μὲν
899 1345 1007 1413 γὰρ
1036 1338 1379 1397 κατέίκόνα,
1411 1334 1768 1403 δύναμίςὲστι
1799 1330 1934 1402 πρὸς

361 1445 461 1512 τὴν
490 1443 597 1495 τῶν
626 1440 807 1495 καλῶν
838 1436 1120 1507 ἐργασίαν,
1151 1432 1246 1485 καὶ
1278 1424 1390 1481 οἷον
1416 1425 1557 1497 ἀρχή
1582 1441 1684 1487 τις,
1713 1422 1937 1491 ἀφορμὴ

362 1537 469 1587 τῶν
502 1533 725 1601 ἀγαθῶν
789 1529 1063 1599 πράξεων,
1102 1524 1198 1576 καὶ
1257 1515 1367 1573 οἷον
1431 1515 1773 1586 σκιαγραφία
1828 1514 1937 1565 τὼν

362 1625 593 1693 ἀρετῶν.
633 1626 707 1677 Τὸ
740 1624 798 1677 δὲ
829 1622 951 1673 καθ’
988 1618 1248 1689 ὁμοίωσιν
1307 1611 1561 1680 ἐνεργείᾳ
1611 1608 1758 1660 ἐστὶν
1804 1604 1939 1658 αὐτὸ

363 1719 512 1779 τέλος
553 1717 645 1769 καὶ
679 1710 1064 1783 ἀπηρτισμένη
1089 1706 1277 1760 εἰκών.
1308 1705 1381 1756 Οὐ
1415 1703 1617 1762 πάντες
1641 1698 1698 1750 δὲ
1734 1697 1934 1765 ὁμοίως

362 1809 423 1859 τὸ
456 1807 574 1861 καθ’
602 1806 864 1875 ὁμοίωσιν
906 1802 1127 1872 ἔχομεν.
1147 1796 1262 1851 ἀλλ’
1295 1795 1345 1848 οί
1380 1794 1478 1862 μὲν
1527 1789 1749 1860 μᾶλλον,
1789 1790 1837 1840 οἱ
1877 1786 1934 1839 δὲ

364 1900 605 1952 ἔλαττον.

2046 604 2194 657 enim
2240 604 2545 667 mutabilia,
2592 618 2822 673 quaeque
2854 615 3203 675 generantur,
3249 616 3381 662 sunt
3422 607 3618 664 similis

2048 695 2155 749 illis
2179 710 2300 765 qua!
2328 695 2531 749 nullam
2559 698 2918 751 mutationem
2950 696 3236 765 recipiunt.
3268 701 3463 757 Anima
3490 715 3621 758 vero

2045 788 2269 857 angelus
2289 786 2507 856 quidem
2543 788 2627 840 vel
2652 788 3011 859 archangelus
3042 788 3154 843 fieri
3194 793 3405 860 nequit.
3431 809 3614 863 quan-

2046 886 2158 932 tmn
2190 888 2371 932 tamen
2409 877 2489 932 fas
2512 886 2628 943 est,
2666 892 2855 933 eorum
2888 879 3135 935 imitatur
3162 883 3429 947 actiones,
3454 893 3620 953 atque

2044 968 2521 1037 prazstantioribus
2540 968 2833 1041 generibus
2867 985 2925 1023 se
2960 972 3246 1035 assimilat,
3275 972 3541 1041 siquidem
3564 982 3617 1029 et

2044 1057 2183 1115 facta
2221 1070 2306 1114 est
2332 1061 2398 1115 ad
2428 1060 2719 1132 imaginem
2747 1060 2841 1115 Dei
2875 1078 2889 1114 :
2927 1062 3101 1133 imago
3131 1078 3296 1135 porro
3325 1064 3393 1119 ad
3431 1065 3619 1119 simili.

2048 1142 2293 1205 tudin'em
2319 1152 2627 1218 exemplum
2662 1152 2766 1208 sibi
2794 1152 2962 1207 habet
2998 1154 3361 1224 propositum.
3392 1153 3547 1221 Quod
3573 1157 3620 1211 si

2046 1239 2158 1294 Deo
2194 1240 2547 1305 assimilatur,
2596 1242 2766 1298 multo
2815 1243 2985 1314 magis
3018 1242 3083 1298 iis
3112 1260 3231 1314 qua
3278 1246 3416 1300 intra
3447 1245 3619 1301 Deum

2044 1339 2174 1383 sunt
2198 1330 2584 1400 potestatibus.
2621 1328 2687 1385 Et
2709 1333 2889 1388 omnis
2909 1332 3136 1402 quidem
3169 1334 3349 1389 anima
3380 1336 3448 1390 ad
3482 1337 3619 1389 ima-

2046 1421 2227 1490 ginem
2263 1420 2404 1476 facta
2439 1431 2544 1488 est,
2572 1431 2633 1477 ut
2677 1436 2807 1476 vero
2831 1422 3243 1480 similitudinem
3280 1425 3442 1479 etiam
3473 1426 3617 1480 refe-

2045 1521 2145 1568 rat.
2198 1526 2306 1564 non
2358 1512 2523 1567 habet
2569 1514 2751 1567 omnis
2776 1512 2975 1568 anima.
3018 1514 3097 1567 Ad
3134 1515 3424 1585 imaginem
3470 1516 3616 1570 enim

2044 1601 2239 1655 factam
2272 1617 2413 1667 esse,
2442 1603 2709 1673 signiﬁcat
2744 1604 3054 1659 facultatem
3086 1606 3311 1674 pulchra
3335 1616 3393 1661 et
3443 1608 3616 1662 hone-

2042 1703 2123 1748 sta
2169 1694 2309 1747 facta
2342 1694 2559 1754 edendi.
2590 1706 2646 1749 et
2673 1696 3001 1767 principium
3030 1706 3195 1768 atque
3229 1713 3416 1753 ansam
3448 1700 3618 1753 bona-

2040 1801 2162 1837 rum
2193 1784 2474 1839 actionum
2522 1786 2921 1856 quamdamque
2946 1788 3113 1843 veluti
3147 1789 3616 1844 adumbrationem

1972 1871 2017 1931 Β
2048 1875 2285 1929 virtutis.
2334 1878 2410 1929 Ad
2457 1877 2871 1933 similitudinem
2923 1894 3073 1947 vero,
3121 1880 3375 1936 eﬂ'cctum
3410 1881 3615 1951 ipsum,

364 2000 418 2042 et
448 1990 609 2042 linem
646 1997 808 2055 atque
857 1982 1143 2053 imaginem
1174 1977 1468 2048 perfectam
1499 1982 1555 2030 et
1601 1971 1924 2028 absolutam.
1971 1967 2153 2037 Neqt'e
2181 1984 2308 2023 vero
2341 1984 2531 2026 omnes
2563 1972 2845 2042 aequaliter
2900 1972 3030 2028 illud
3071 1975 3139 2029 ad
3208 1975 3613 2030 similitudinem

366 2081 650 2144 habemus,
684 2076 779 2134 sed
814 2076 904 2130 alii
936 2073 1130 2143 magis,
1157 2069 1246 2124 alii
1271 2068 1470 2122 minus.

771 2165 871 2232 λγ’.
899 2168 967 2218 El
992 2165 1251 2232 ἄναρχος
1281 2164 1317 2229 ή
1350 2160 1544 2230 ψυχή.

433 2263 546 2316 03x
571 2261 719 2313 ἔστιν
761 2258 902 2328 ἀρχὴ
930 2257 1048 2310 καθ’
1071 2258 1271 2326 ἑαυτὴν
1294 2257 1327 2324 ἡ
1356 2251 1677 2324 summotae;
1704 2249 1932 2318 ἀγέννη-

362 2372 450 2417 το;
483 2354 606 2405 οὔτε
638 2354 710 2415 ὡς
741 2354 868 2406 ἄνευ
918 2351 1112 2420 ἑτέρας
1146 2348 1323 2407 αἰτίας
1357 2346 1498 2415 αὕτη
1541 2347 1646 2415 πρὸ
1698 2343 1804 2397 τῶν
1834 2341 1930 2394 ἄλ-

365 2448 471 2497 λων
502 2445 834 2513 ὑπάρχουσα.
871 2441 965 2501 Τίς
997 2439 1054 2490 δὲ
1086 2440 1117 2508 ἡ
1147 2438 1331 2501 alsia;
1365 2436 1458 2505 ἀφ’
1493 2428 1561 2505 ἦς
1604 2433 1827 2503 πρώτης
1854 2430 1932 2482 εῖ-

369 2554 549 2609 frena,
588 2535 749 2587 παντί
775 2550 838 2599 γε
897 2529 1054 2584 τοῦτο
1107 2530 1298 2598 σαφὲς,
1353 2527 1428 2590 ὡς
1464 2529 1497 2596 ὴ
1543 2521 1930 2596 δημιουργικὴ,

366 2630 510 2696 ἁρχὴ
538 2627 640 2697 γὰρ
662 2623 801 2693 αὕτη
830 2624 1005 2691 πάσης
1034 2623 1130 2691 τῆς
1164 2621 1271 2673 τῶν
1299 2619 1470 2671 ὅντων
1493 2616 1934 2683 ἁπογεννήσεως.

366 2720 462 2781 Τίς
492 2720 594 2788 δὲή
631 2716 853 2787 πρόοδος
874 2715 1038 2781 αὐτῆς
1066 2729 1080 2776 ;
1118 2711 1227 2763 Καὶ
1259 2708 1372 2771 πῶς
1397 2705 1702 2778 προῆλῡεν;
1740 2703 1935 2806 Ἡμεϊέ

371 2811 466 2877 μὲν
493 2805 909 2875 οὑσιοποιοῦμεν
938 2803 1109 2871 αὐτὴν
1150 2802 1255 2853 ἀπ’)
1296 2798 1387 2853 τοῦ
1444 2797 1841 2868 ἐμφυσὴματος
1892 2797 1937 2858 ᾠ

366 2900 697 2965 ἐνεφύσησεν
722 2898 800 2958 εἰς
821 2896 913 2949 τὸν
935 2894 1151 2964 πρῶτον
1184 2891 1470 2957 ἄνθρωπον
1500 2889 1528 2939 ὁ
1554 2887 1710 2949 Θεός.
1738 2884 1931 2952 ’Έλλη-

368 3008 453 3051 νες
498 2990 553 3042 δὲ
592 2989 979 3055 ποικιλώτερον
1026 2986 1153 3055 περὶ
1193 2983 1385 3035 τούτου
1410 2978 1694 3042 διεξίασιν,
1748 2974 1936 3044 ὥσπερ

367 3080 427 3147 δὴ
454 3080 546 3132 καὶ
586 3080 711 3146 περὶ
735 3077 841 3129 τῶν
866 3077 1061 3137 ἄλλων,
1090 3077 1169 3127 ὅτι
1193 3074 1279 3125 διὰ
1308 3070 1476 3139 μόνην
1497 3068 1594 3137 τὴν
1622 3065 1937 3133 τελειότητα

369 3169 638 3238 ἁπογεννᾷ
654 3168 719 3219 τὰ
745 3166 1099 3237 παραγόμενα
1130 3166 1158 3216 ὁ
1186 3160 1337 3223 Θεός.
1372 3160 1481 3211 Καὶ
1510 3157 1595 3209 ἵνα
1626 3156 1686 3208 τὸ
1723 3152 1939 3221 ξύμπαν

367 3262 567 3312 τέλειον
620 3258 897 3328 ἀποδείξῃ,
951 3256 1087 3325 ὁμοῦ
1123 3256 1221 3323 μὲν
1256 3253 1435 3304 πάντα
1465 3249 1728 3317 παράγει.
1762 3245 1937 3297 ’Ἐκα-

370 3367 490 3402 στον
511 3351 565 3403 δὲ
591 3350 729 3403 κατὰ
748 3350 849 3415 τὴν
868 3348 1004 3400 ίδίαν
1035 3346 1187 3409 τάξιν
1228 3345 1491 3413 πρόεισιν.
1515 3340 1588 3391 Τὸ
1611 3338 1670 3389 ὃν
1702 3337 1794 3403 ἀφ’
1812 3338 1940 3388 ἐαυ-

365 3442 479 3501 τοῦ,
511 3443 543 3510 ἡ
574 3441 707 3508 ζωὴ,
736 3440 842 3491 ἀπὸ
878 3438 970 3490 τοῦ
999 3438 1175 3499 ὄντος,
1200 3436 1228 3487 ὁ
1270 3431 1395 3494 νοῦς
1432 3431 1542 3485 ἀπὸ
1570 3429 1667 3497 τῆς
1699 3426 1868 3497 ζωῆς,
1902 3427 1935 3495 ἡ

366 3535 509 3603 ψυχὴ
536 3534 641 3585 ἀπὸ
681 3530 776 3582 τοῦ
811 3526 1145 3598 δημιουργοῦ
1176 3525 1290 3579 νοῦ.
1340 3524 1462 3575 Ἔτι
1510 3516 1625 3583 οὖν,
1684 3519 1867 3585 φασιν,
1901 3518 1935 3587 ἠ

367 3627 511 3693 ψυχὴ
536 3624 626 3675 νοῦ
656 3622 921 3691 γέννημα,
940 3621 1164 3689 ἀχρονος
1198 3617 1258 3680 ἐξ
1286 3613 1452 3669 αὐτοῦ
1485 3609 1771 3683 προϊοῦσα.

436 3797 527 3853 λδ’.
564 3794 998 3864 Ὰκριόἐστερον
1047 3791 1177 3861 περὶ
1224 3787 1500 3860 ψυχικῶν
1534 3786 1864 3852 δυνάμεων.

437 3893 496 3942 Οἱ
525 3890 621 3959 μὲν
639 3889 819 3941 πολλοὶ
837 3889 943 3939 τῶν
976 3886 1273 3954 φιλοσόφων
1309 3884 1492 3946 ἁπλῶς
1525 3881 1647 3936 οὔτε
1682 3881 1939 3948 δυνάμεις

366 3981 537 4048 ψυχῆς
563 3978 911 4047 ὀνομάζουσι.
946 3975 1064 4044 Χρὴ
1110 3975 1166 4027 δὲ
1193 3972 1359 4035 οὕτως
1410 3970 1660 4039 διαιρεῖν,
1692 3968 1766 4029 ὣς
1830 3969 1937 4017 εἰσι

372 4071 552 4139 νοεραὶ
580 4068 835 4136 δυνάμεις
869 4065 965 4134 τῆς
995 4063 1193 4133 ψυχῆς,
1226 4062 1282 4116 αί
1330 4060 1426 4130 μὲν
1452 4059 1653 4129 νοεραὶ,
1722 4058 1816 4109 καὶ
1862 4056 1938 4115 είς

370 4162 459 4213 τὸν
505 4160 789 4229 κρείττονα
810 4154 1143 4224 ἀναγόμεναι
1166 4157 1264 4222 τῆς
1288 4152 1463 4221 ψυχῆς
1488 4149 1578 4204 τὸν
1602 4148 1763 4202 ἄῦλον
1794 4145 1936 4199 νοῦν⁹

371 4254 423 4303 αἱ
446 4250 500 4301 δὲ
532 4248 900 4318 πληρούμεναι
933 4243 1092 4298 αὑτοῦ
1127 4242 1221 4295 τοῦ
1267 4242 1359 4293 νοῦ
1397 4243 1497 4311 τὴν
1543 4238 1739 4307 ψυχὴν,
1790 4238 1937 4299 ὅστις

369 4341 426 4406 ἐξ
455 4340 625 4393 ἀϊδίου
655 4338 790 4407 αὐτῇ
817 4336 1183 4404 συνυπάρχει·
1213 4332 1269 4383 al
1317 4330 1373 4383 δὲ
1402 4329 1683 4399 ὁρίζουσαι
1714 4328 1810 4389 τὰς
1843 4326 1936 4378 δυ-

369 4432 561 4499 νάμεις
594 4429 687 4495 τῆς
706 4426 882 4494 ψυχῆς
910 4426 1034 4485 ὅλας
1067 4424 1160 4475 καὶ
1207 4421 1586 4474 διατάττουσαι
1642 4420 1782 4472 κατὰ
1840 4416 1937 4486 τὴν

2285 2152 2376 2205 55.
2411 2149 2462 2203 Ν
2468 2168 2553 2205 um
2580 2152 2827 2221 principii
2849 2169 3030 2223 expers
3054 2156 3121 2209 sit
3146 2159 3350 2211 auium.

2103 2245 2227 2298 Non
2259 2250 2342 2297 est
2380 2242 2495 2311 ipsa
2526 2242 2627 2296 sibi
2668 2243 2996 2312 principium
3040 2246 3220 2301 anima
3254 2262 3432 2317 neque
3460 2248 3614 2321 inge-

2034 2337 2169 2401 nita,
2206 2350 2382 2404 neque
2407 2335 2540 2390 citra
2573 2334 2732 2388 aliam
2765 2350 2984 2389 causam
3025 2351 3135 2404 pm
3163 2339 3285 2393 aliis
3315 2342 3609 2397 exsistens.

2034 2430 2167 2496 Qum
2214 2442 2378 2497 porro
2427 2426 2599 2495 prima
2634 2426 2755 2495 ejus
2783 2440 2948 2479 causa
2984 2427 3093 2492 sit,
3130 2428 3338 2483 nemini
3378 2444 3487 2482 non
3527 2441 3615 2484 est

2035 2519 2424 2589 perspicuum,
2478 2516 2710 2570 creatrix
2767 2531 2964 2586 nempe
3026 2518 3117 2572 illa
3166 2534 3288 2589 quae
3366 2520 3611 2575 omnium

2035 2628 2216 2667 rerum
2248 2610 2613 2680 generationis
2640 2620 2723 2664 est
2764 2611 3113 2681 principium.
3147 2611 3279 2679 Quis
3321 2629 3453 2670 vero
3493 2616 3613 2685 ejus

2038 2716 2390 2774 progressus,
2438 2711 2495 2756 et
2541 2703 2816 2771 quomodo
2868 2704 3187 2773 processit?
3224 2703 3338 2762 Nos
3390 2708 3609 2777 quidem

2038 2790 2401 2846 substantiam
2450 2791 2570 2861 ejus
2623 2794 2922 2861 repetimus
2968 2796 3036 2850 ab
3069 2796 3431 2853 insuﬂlatione
3455 2839 3469 2863 ,
3503 2814 3611 2868 qua

2044 2882 2188 2937 Dcus
2218 2883 2271 2937 in
2305 2882 2543 2953 primum
2571 2882 2847 2938 hominem
2886 2885 3030 2939 illam
3062 2884 3368 2956 inspiravit.
3394 2888 3611 2944 Ethnici

2040 2987 2220 3028 autem
2246 2976 2393 3029 varia
2428 2975 2729 3030 subtilitate
2755 2978 2857 3031 hac
2881 2977 2949 3032 de
2984 2993 3043 3032 re
3078 2980 3155 3033 uti
3190 2980 3359 3033 etiam
3386 2980 3454 3035 de
3489 2981 3613 3036 aliis

2042 3066 2343 3134 disputant,
2385 3066 2647 3136 aiuntque
2697 3081 2792 3137 per
2834 3068 3003 3124 solam
3037 3069 3427 3140 perfectionem
3459 3089 3611 3128 suam

2048 3156 2216 3210 Deum
2247 3156 2427 3211 omnia
2463 3171 2585 3227 quae
2610 3160 2986 3228 producuntur
3013 3177 3323 3231 procreare,
3366 3173 3525 3233 atque
3554 3174 3615 3219 ut

2042 3246 2358 3300 universum
2424 3248 2725 3317 perfectum
2775 3250 3035 3315 absolvat,
3088 3253 3272 3307 omnia
3323 3269 3617 3324 procreare

2039 3336 2220 3403 simul,
2280 3338 2354 3392 ita
2409 3348 2470 3393 ut
2523 3340 2948 3411 unumquodque
2984 3343 3284 3398 secundum
3328 3344 3611 3414 proprium

2038 3429 2286 3484 ordinem
2347 3430 2609 3500 procedat
2637 3450 2651 3487 :
2684 3448 2783 3487 ens
2810 3449 2842 3488 a
2875 3434 3075 3503 seipso,
3114 3435 3220 3489 vita
3266 3436 3334 3491 ab
3384 3445 3531 3501 ente,
3582 3454 3614 3493 a

2039 3519 2147 3573 vita
2173 3534 2350 3584 mens,
2379 3536 2409 3574 a
2439 3521 2719 3592 demiurgo
2753 3523 2865 3578 sive
2893 3528 3255 3595 procreatrice
3284 3537 3466 3582 mente
3493 3531 3616 3583 ani-

2039 3625 2147 3663 ma.
2178 3608 2349 3664 Aiunt
2401 3609 2568 3681 igitur
2611 3612 2852 3667 animam
2895 3628 3018 3669 esse
3060 3616 3378 3687 progeniem
3414 3619 3616 3673 mentis

2040 3701 2157 3757 sine
2188 3709 2433 3772 tempore
2460 3718 2527 3757 ex
2560 3703 2651 3757 illa
2699 3704 3019 3775 profectam.

2248 3793 2338 3848 54.
2366 3795 2679 3849 Arcuratius
2710 3797 2775 3849 de
2803 3798 2998 3851 anima
3034 3798 3399 3866 facultatibus.

2110 3882 2258 3937 Multi
2286 3884 2736 3954 philosophorum
2762 3886 3081 3955 simpliciter
3109 3902 3176 3942 ne
3193 3888 3410 3958 quidem
3440 3888 3617 3943 facul-

2043 3983 2180 4028 tates
2207 3974 2404 4028 animae
2433 3976 2728 4045 appellant.
2754 3976 2857 4032 Fas
2888 3993 3018 4033 vero
3045 3989 3130 4033 est
3158 3978 3231 4033 ita
3259 3980 3612 4051 distinguere,

2039 4067 2183 4136 quod
2238 4068 2503 4121 mentales
2559 4068 2753 4124 anima:
2808 4069 3095 4125 facultates
3147 4080 3295 4138 sunt,
3331 4072 3446 4127 sive
3493 4089 3616 4143 quae

2041 4164 2227 4223 utpote
2256 4155 2522 4210 mentales
2566 4165 2804 4210 mentem
2838 4159 3033 4212 animae
3062 4158 3474 4215 immaterialem
3518 4163 3619 4215 ad-

2038 4248 2243 4299 ducunt
2269 4245 2337 4298 ad
2372 4248 2776 4314 praestantiora,
2829 4248 2944 4302 sive
2972 4264 3093 4317 qua:
3142 4250 3382 4304 animam
3430 4261 3615 4307 mente

2037 4353 2160 4408 qua:
2189 4337 2257 4392 ab
2289 4346 2495 4392 actemo
2534 4337 2609 4391 illi
2641 4339 2922 4394 coexsistit
2950 4341 3181 4411 replent,
3214 4343 3330 4397 sive
3359 4358 3484 4413 quae
3516 4344 3616 4399 de—

2039 4430 2332 4485 terminant
2376 4430 2571 4485 anima:
2609 4429 2895 4486 facultates
2937 4433 3178 4503 integras
3214 4443 3271 4489 et
3309 4435 3611 4491 secundum

370 4526 561 4587 νοεραν
592 4518 797 4585 νόησιν,
838 4517 893 4568 αἱ
922 4514 976 4566 δὲ
1005 4508 1517 4581 διαθεσμοθετοῦσαι
1558 4508 1745 4577 ὥσπερ
1783 4508 1938 4575 νόμοι
1973 4542 2013 4595 D
2043 4536 2117 4575 me

1869 4523 1938 4602 ιξλι
1973 4542 2013 4595 ο
2043 4522 2331 4575 mentalem
2356 4521 2692 4577 intellectum
2709 4524 3029 4593 disponunt,
3048 4526 3164 4580 sive
3187 4534 3443 4595 tanquam
3466 4528 3616 4602 leges

368 4611 510 4670 τινὲς
547 4607 776 4676 ἐμψυχοι
820 4604 889 4656 τὰ
941 4602 1167 4671 δεύτερα
1215 4601 1311 4670 τῆς
1354 4599 1499 4669 ζωῆς
1530 4600 1644 4667 εἴδη
1687 4598 1823 4666 μετὰ
1849 4598 1936 4647 τὸν

372 4699 514 4750 νοῦν·
553 4699 645 4750 καὶ
679 4698 732 4749 al
777 4695 872 4761 μὲν
920 4692 1283 4758 ἁγαθοειδεῐς·
1338 4693 1389 4741 αἱ
1429 4690 1484 4741 δὲ
1514 4688 1592 4757 τῷ
1627 4686 1772 4754 καλῷ
1806 4688 1935 4738 ἀπο-

372 4790 784 4859 σεμνυνόμεναι.
825 4783 1127 4851 Ἰάμϐλιχος
1173 4782 1228 4833 δὲ
1273 4784 1299 4833 ὁ
1349 4781 1635 4847 φιλόσοφος
1685 4778 1933 4846 περιττό-

368 4898 524 4950 τερος
552 4880 645 4932 τοῦ
677 4879 883 4937 δέοντος
907 4875 1002 4937 ὢν,
1051 4875 1278 4942 κατάγει
1340 4874 1435 4941 τὴν
1493 4870 1713 4939 λογικὴν
1760 4869 1936 4937 ψυχὴν

370 4974 478 5025 ἀπὸ
500 4972 591 5024 τοῦ
609 4969 742 5022 Θεοῦ
783 4969 909 5037 ἄχρι
938 4967 1037 5036 τῆς
1090 4966 1214 5034 γῆς,
1262 4968 1353 5018 καὶ
1397 4966 1455 5016 ὲν
1501 4964 1703 5033 ἑκάστῃ
1758 4962 1936 5030 μερίδι

369 5064 462 5115 τοῦ
495 5064 693 5125 παντὸς
725 5061 975 5113 ἀλλάττει
1014 5061 1109 5119 τὰς
1129 5058 1383 5125 δυνάμεις
1421 5057 1609 5125 αὐτῆς,
1652 5054 1743 5106 καὶ
1772 5052 1937 5115 ἄλλας

373 5156 473 5223 μὲν
520 5154 688 5222 αὐτῆς
739 5155 796 5204 ὲν
841 5152 1052 5222 οὐρανῷ
1104 5149 1328 5212 τίθεται,
1386 5149 1551 5211 ἄλλας
1607 5149 1663 5201 δὲ
1718 5148 1774 5199 ὲν
1824 5146 1936 5207 τοῖς

370 5248 672 5317 στοιχείοις,
713 5246 876 5307 ἄλλοις
899 5247 955 5298 δὲ
994 5249 1050 5298 ὲν
1072 5247 1150 5317 τῷ
1175 5250 1335 5316 παχεῖ
1366 5248 1595 5313 σώματι.

369 5364 463 5418 λε’.
492 5363 623 5428 Πῶς
654 5366 685 5417 ὁ
732 5362 982 5416 Πλάτων
1028 5362 1326 5428 γεννητὴν
1374 5361 1519 5427 ὁμοῦ
1568 5358 1681 5427 τὴν
1723 5360 1937 5427 ψυχὴν

732 5436 829 5488 καὶ
854 5432 1152 5487 ἀθάνατον
1173 5434 1581 5499 ἀποφαίνεται.

454 5527 771 5597 Ἀγέννητον
786 5527 883 5596 μὲν
894 5525 991 5595 τὴν
1004 5525 1179 5594 ψυχὴν
1196 5527 1223 5576 ὁ
1243 5524 1465 5576 Πλάτων
1482 5524 1650 5575 οἴεται
1662 5522 1728 5572 δι’
1747 5523 1806 5591 ἢν
1823 5526 1935 5590 εχει

369 5621 553 5672 οὐσίαν
604 5620 699 5671 καὶ
720 5619 884 5688 ζωὴν,
918 5620 977 5669 οὐ
1009 5618 1118 5687 γὰρ
1157 5618 1260 5670 ὑπὸ
1292 5616 1500 5687 χρόνον,
1528 5616 1645 5668 οὐδὲ
1678 5615 1751 5683 μὴ
1779 5610 1934 5675 οὖσα,

372 5714 522 5779 ιρησὲ,
551 5710 859 5777 γεγένηται.
892 5709 1042 5760 Ἐπεὶ
1075 5709 1130 5760 δὲ
1161 5709 1259 5760 οὐκ
1284 5708 1395 5777 ἔχει
1425 5707 1649 5773 ἄπειρον
1673 5704 1764 5757 τοῦ
1798 5700 1935 5757 εἶναι

371 5796 614 5865 εενςιμτν,
640 5796 750 5849 ἀλλ’
785 5798 865 5848 ἀεὶ
890 5796 1099 5865 δέχεται
1130 5798 1331 5866 ταύτην
1359 5795 1465 5851 ἀπὸ
1504 5797 1609 5848 τῶν
1677 5797 1933 5864 ὑπερκει-

2042 4613 2284 4680 quaedam
2316 4614 2569 4668 animata:
2600 4615 2839 4685 dirigunt
2867 4617 3133 4671 secundas
3162 4618 3283 4673 vitm
3313 4630 3436 4689 post
3461 4636 3615 4676 men-

2041 4714 2147 4757 tem
2176 4705 2405 4773 species,
2435 4714 2598 4773 atque
2620 4706 2745 4760 boni
2773 4706 3057 4762 honestive
3086 4709 3268 4765 studio
3297 4721 3426 4765 sunt
3454 4727 3613 4767 exor-

2039 4807 2196 4849 natae.
2241 4794 2577 4851 Jamblichus
2627 4812 2760 4852 vero
2799 4799 3180 4869 philosophus,
3208 4803 3429 4856 modum
3471 4818 3611 4872 quo-

2037 4886 2323 4940 dammodo
2349 4889 2639 4949 excedens,
2656 4888 2892 4943 animam
2917 4891 3232 4945 rationalem
3249 4906 3280 4945 a
3302 4893 3412 4947 Deo
3437 4910 3611 4964 usque

2037 4977 2258 5031 deducit
2298 4977 2351 5031 in
2400 4986 2621 5044 terram,
2666 4989 2722 5034 et
2765 4979 2818 5033 in
2871 4980 3116 5049 qualibet
3165 4990 3319 5051 parte
3370 4984 3610 5040 universi

2036 5068 2171 5123 alias
2199 5070 2248 5123 ei
2279 5069 2561 5125 facultates
2594 5071 2801 5125 tribuit.
2839 5072 2983 5126 Alias
3025 5072 3189 5143 igitur
3218 5075 3265 5127 ei
3308 5074 3527 5129 ascribit
3551 5075 3608 5129 iu

2036 5158 2194 5219 coelo,
2228 5158 2280 5209 in
2313 5158 2597 5211 elementis
2643 5159 2800 5222 alias,
2826 5161 2961 5214 alias
2995 5161 3231 5232 denique
3284 5164 3338 5216 in
3406 5165 3609 5219 crassis

2038 5248 2376 5317 corporibus.

2038 5362 2125 5416 55.
2159 5360 2426 5426 Quomodo
2466 5362 2627 5417 Plato
2659 5365 2820 5417 simul
2848 5367 2995 5419 docet
3035 5370 3271 5420 optimam
3296 5377 3345 5421 ct
3369 5373 3604 5437 genitam

2494 5450 2608 5488 esse
2630 5444 2676 5486 et
2702 5436 3104 5490 immmortalem
3125 5437 3151 5489 .9

2108 5526 2402 5595 lngeuitam
2425 5528 2673 5596 equidem
2701 5526 2851 5582 Plato
2870 5529 3101 5582 animam
3125 5528 3381 5598 Opinatur
3395 5527 3603 5583 ratione

2038 5617 2287 5671 essentiac
2317 5633 2419 5684 qua
2457 5618 2654 5687 gaudet
2685 5628 2739 5672 et
2770 5620 2911 5685 vitm;
2954 5634 3061 5675 non
3095 5621 3243 5675 enim
3272 5620 3327 5674 in
3356 5628 3602 5689 tempore

2039 5717 2093 5760 et
2143 5718 2426 5775 postquam
2466 5725 2570 5761 non
2616 5710 2911 5763 exstitisset
2957 5711 3151 5766 factam
3178 5726 3317 5766 esse
3348 5709 3599 5764 allumat.

2041 5800 2317 5864 Quatenus
2372 5810 2551 5853 autem
2599 5816 2707 5854 non
2753 5801 2913 5858 habet
2963 5803 3226 5858 inﬁnitam
3264 5801 3482 5858 essendi
3517 5800 3602 5855 fa-
