4424 6446
735 386 845 449 Vili

2034 387 2451 445 MltIllAELlS
2485 388 2743 447 ι’δΕιιλ

3884 404 3985 467 7η»

730 502 1096 574 philosophus
1124 516 1357 556 animam
1394 516 1494 554 nec
1522 501 1885 571 antiquiorem
1923 518 2167 572 corpore,
2203 518 2300 556 nec
2331 505 2382 564 Α
2406 505 2476 572 ὀμ

2227 518 2300 556 περ
2331 505 2382 564 Α
2406 504 2694 572 ὁμολογίαν
2723 505 2818 557 καὶ
2846 506 2944 573 τὴν
2981 508 3293 578 φιλοσοφίαν
3317 512 3565 581 Μάξιμος
3586 513 3707 567 οὔτε
3740 516 3974 587 πρεσϐυ-

730 595 1092 665 postgenitam
1138 600 1402 655 statuunt,
1460 592 1557 647 sed
1611 592 1769 647 simul
1812 608 1935 646 cum
1999 593 2301 662 dejectione

729 687 956 740 seminis
1007 685 1073 740 ad
1128 684 1362 738 animam
1413 684 1813 754 suscipiendam
1865 686 1999 755 apti,
2055 684 2299 739 eamdem

731 778 1028 833 subsistere
1056 774 1346 830 affirmant.
1380 774 1733 831 Ethnicorum
1762 787 1943 831 autem
1976 778 2156 832 eximii
2180 786 2303 847 post

729 868 1029 939 perfectum
1058 868 1312 922 naturale
1343 869 1766 923 instrumentum
1799 869 1913 925 sive
1941 883 2139 938 corpus
2170 885 2299 938 pro-

726 969 1077 1029 gnatumque.
1114 957 1349 1011 animam
1380 958 1451 1010 illi
1483 958 1637 1012 aiunt
1665 959 1990 1029 ingenerari.
2019 958 2085 1012 Et
2110 974 2300 1028 quam-

727 1050 815 1105 diu
852 1050 991 1104 uleri
1030 1048 1251 1119 quidem
1286 1048 1461 1103 adhuc
1516 1050 1789 1104 radicibus
1833 1050 2057 1120 cmbryo
2103 1050 2299 1106 afﬁxus

725 1142 912 1205 lueret,
943 1141 1246 1195 naturalem
1292 1140 1368 1193 illi
1421 1141 1655 1195 animam
1692 1140 1960 1205 tribuunt,
1998 1142 2297 1213 egredienti

724 1242 907 1289 autem
960 1232 1300 1297 rationalem,
1341 1240 1396 1286 et
1431 1234 1758 1289 procedente
1804 1241 2048 1304 tempore
2100 1234 2300 1289 intelli-

726 1336 964 1394 gentem.

968 1433 1057 1488 43.
1086 1433 1353 1499 Quomodo
1391 1434 1574 1487 anima
1608 1434 1789 1486 unitur
1821 1433 2070 1502 corpori?

795 1524 1039 1580 lnsinuat
1068 1539 1126 1579 se
1162 1525 1377 1594 corpori
1403 1525 1582 1577 anima
1620 1523 1761 1577 sicut
1807 1522 1887 1577 sol
1940 1524 2125 1577 oriens
2174 1539 2293 1576 mo-

722 1625 908 1669 mento
955 1616 1138 1669 omnia
1192 1615 1312 1668 lucc
1373 1613 1655 1683 complet:
1711 1629 1837 1667 nam
1890 1613 1970 1668 sic
2015 1624 2069 1667 et
2114 1615 2294 1667 anima

724 1723 924 1775 (θυι-ρης
969 1706 1147 1759 statim
1184 1705 1435 1759 accendit
1494 1704 1561 1759 ad
1608 1705 1769 1759 vitam
1808 1713 1862 1757 et
1897 1704 2152 1767 vivificat,
2189 1722 2296 1773 quo

724 1800 844 1866 ipso
874 1806 927 1851 et
960 1797 1089 1850 illud
1125 1797 1347 1867 indiget,
1384 1805 1441 1849 ut
1467 1812 1589 1849 cum
1629 1811 1691 1849 ea
1725 1795 1865 1848 uniri
1904 1796 2093 1863 possit.
2140 1794 2292 1848 Sicut

2417 595 2580 664 τέραν
2604 596 2701 665 τὴν
2725 596 2904 666 ψυχὴν
2929 598 3023 651 τοῦ
3051 601 3322 669 σώματος,
3363 603 3485 657 οὔτε
3515 608 3979 679 μεταγενεστέραν

2409 686 2688 748 τιθέασιν,
2746 688 2864 741 ἀλλ’
2909 690 3048 758 ὁμοῦ
3104 695 3167 762 τῇ
3231 693 3502 766 καταϐολῇ
3529 697 3622 750 τοῦ
3666 700 3982 769 σπέρματος

2410 778 2716 847 ἐπιτηδείου
2764 779 2899 850 πρὸς
2937 781 3203 853 ὑποδοχὴν
3230 784 3406 856 ψυχῆς
3434 790 3815 857 τυγχάνοντος.
3848 793 3979 844 ταύο

2406 886 2508 939 την
2535 872 2904 939 ὐφιστάνουσι.
2955 874 3076 927 Τῶν
3130 875 3186 929 δέ
3233 877 3497 949 Ἐλλήνων
3550 880 3601 931 οἱ
3675 883 3978 955 πρόκριτοι,

2410 960 2548 1029 μετὰ
2574 961 2672 1031 τὴν
2694 965 2972 1017 τελείωσιν
3020 966 3110 1019 τοῦ
3158 969 3387 1034 φυσικοῦ
3443 970 3675 1041 ὀργάνου
3737 977 3827 1027 καὶ
3881 976 3977 1046 τὴν

2408 1054 2712 1123 ἀποκύησιν
2744 1056 2959 1121 τούτου,
3007 1059 3349 1129 ἐνσπείρουσι
3382 1063 3582 1133 ταύτην
3634 1063 3710 1133 τῷ
3744 1066 3977 1133 σώματι,

2408 1145 2545 1214 πλὴν
2573 1146 2659 1197 ὅτε
2684 1145 2782 1215 μὲν
2815 1147 3016 1201 ἔσωθεν
3117 1148 3592 1221 κατερῤιξωμένον
3627 1154 3687 1206 τὸ
3715 1154 3971 1226 ἔμϐρυον,

2406 1236 2503 1305 τὴν
2534 1238 2764 1304 φυσικὴν
2796 1237 2971 1307 ψυχὴν
2997 1242 3170 1311 τούτῳ
3197 1242 3451 1310 διδόασιν,
3490 1244 3757 1307 ἐξελθόντι
3784 1248 3837 1300 δὲ
3884 1249 3980 1315 τὴν

2405 1326 2646 1397 λογικὴν.
2676 1329 2765 1380 καὶ
2799 1331 3153 1401 προῖόντιτὴν
3178 1334 3388 1403 νοεράν.

2576 1424 2687 1486 μγ⁹.
2727 1416 2857 1484 Πῶς
2889 1419 3130 1474 ἑνοῦται
3160 1420 3239 1486 τῷ
3272 1424 3497 1490 σώματι
3530 1427 3566 1496 ἠ
3595 1426 3764 1496 ψυχή
3793 1445 3810 1492 ;

2460 1507 2805 1577 Είσκρίνεται
2839 1510 2914 1581 τῷ
2951 1511 3164 1579 σώματι
3192 1514 3224 1585 ή
3254 1515 3399 1585 ψυχὴ
3438 1516 3627 1589 ὥσπερ
3685 1525 3718 1589 η
3745 1520 3977 1591 ἀνατολὴ

2402 1598 2495 1650 τοῦ
2528 1600 2681 1665 ἡλίου
2714 1600 2893 1655 πάντα
2948 1604 3159 1673 ἁθρόως
3216 1607 3565 1678 ἐμπίμπλησι
3619 1612 3712 1663 τοῦ
3781 1618 3975 1681 φωτός.

2404 1689 2512 1742 Καὶ
2539 1688 2653 1762 γὰρ’
2682 1693 2775 1744 καὶ
2806 1692 2947 1763 αὐτὴ
2979 1695 3188 1764 ἀθρόως
3228 1697 3449 1760 ἐξάπτει
3484 1701 3543 1752 τὸ
3582 1701 3738 1769 σῶμα
3769 1704 3847 1765 είς
3881 1706 3977 1773 τὴν

2406 1776 2572 1848 ζωὴν,
2612 1782 2705 1833 καὶ
2742 1781 3015 1844 ζωοποιεῖ,
3064 1784 3222 1836 τοῦτο
3278 1788 3597 1859 ἐπιτηδείως
3654 1792 3773 1861 ἔχον
3842 1795 3977 1863 πρὸς

722 1904 885 1958 porro
920 1889 1092 1954 nervi,
1127 1887 1344 1958 longius
1410 1886 1621 1940 etiamsi
1672 1885 1891 1948 absunt,
1922 1899 2027 1938 una
2069 1900 2291 1938 moven-
2328 1861 2368 1915 Β
2394 1870 2469 1938 ﬁl

2228 1900 2291 1937 η,
2328 1861 2368 1915 Β
2394 1870 2704 1938 τὴνένωσιν
2734 1873 2955 1943 ταύτης.
2983 1875 3194 1946 Ὠσπερ
3217 1875 3308 1929 οὖν
3333 1880 3388 1930 αἱ
3419 1883 3608 1950 νευραὶ
3662 1886 3718 1936 αἱ
3776 1902 3974 1955 συνηρ-

726 1992 832 2041 tur.
891 1989 945 2035 et
994 1980 1137 2034 sicut
1189 1978 1438 2048 Naplnba
1496 1992 1657 2046 quam
1693 1984 1888 2030 vocant
1934 1976 2293 2031 transilientis

724 2073 863 2141 ignis
894 2073 1001 2126 vim
1033 2070 1293 2140 concipit,
1335 2068 1513 2124 medio
1533 2083 1659 2122 aere
1686 2082 1792 2121 non
1834 2066 2187 2127 inflammato,
2219 2069 2297 2122 sie

723 2177 779 2221 et
806 2180 1004 2235 corpus
1025 2164 1091 2218 ab
1118 2166 1297 2218 anima
1329 2171 1501 2218 totum
1528 2160 1708 2215 statim
1742 2159 2097 2221 illuminatur,
2118 2169 2295 2227 neque

723 2268 938 2328 Oportet
964 2255 1308 2310 indivisibilis
1346 2254 1470 2308 vitae
1503 2261 1557 2307 et
1599 2248 1870 2304 facultatis
1918 2249 2121 2303 divisas
2170 2250 2293 2303 illu~

724 2351 1052 2404 minationes
1078 2348 1163 2402 vel
1193 2342 1631 2416 participationes
1656 2340 2016 2396 comminisci.
2045 2340 2293 2394 Conferri

724 2453 903 2496 autem
942 2442 1053 2494 lirec
1083 2445 1260 2508 potest
1292 2451 1415 2491 eum
1449 2434 1864 2505 participatione
1898 2432 1975 2502 (6)
2003 2434 2147 2495 entis
2176 2449 2297 2501 qua:

726 2535 777 2587 in
820 2549 875 2586 re.
914 2532 1053 2585 ﬂuxa
1107 2530 1446 2584 observatur.
1499 2523 1964 2591 Quemadmodum
2015 2524 2090 2577 rei
2140 2523 2297 2579 llum

723 2629 868 2681 enim
915 2642 1013 2681 ens
1058 2625 1211 2680 adest
1267 2623 1385 2678 sine
1438 2632 1701 2692 tempore,
1730 2619 1807 2675 sic
1853 2627 1908 2674 et
1948 2620 2128 2674 anima
2178 2621 2296 2676 sine

729 2729 968 2787 tempore
994 2715 1145 2770 adest
1174 2711 1409 2784 corpori.

1084 2852 1174 2907 44.
1210 2849 1285 2904 De
1333 2849 1513 2903 anima
1563 2847 1944 2902 irrationabili.

795 2966 1039 3032 Quatuor
1068 2964 1218 3019 hisce
1247 2959 1557 3015 Graecorum
1588 2959 1900 3029 philosophi
1951 2960 2187 3014 animam
2223 2961 2296 3013 ir-

728 3055 1104 3111 rationabilem
1158 3052 1477 3108 definiunt:
1511 3050 1773 3120 appetitu,
1832 3065 1941 3118 quo
2003 3050 2298 3120 voluptatis

723 3164 912 3204 sumus
946 3164 1010 3203 ac
1042 3146 1244 3201 doloris
1282 3144 1574 3215 participes
1606 3159 1620 3206 ;
1655 3141 1910 3211 opinione
1941 3157 2060 3211 quae
2088 3144 2296 3197 medias

724 3242 972 3311 designat
1019 3238 1257 3293 rationes
1306 3237 1449 3290 inter
1498 3233 1708 3305 species
1737 3233 1986 3297 sensiles,
2027 3241 2082 3287 et
2126 3250 2292 3304 puras

722 3341 886 3401 atque
916 3345 945 3383 a
980 3328 1204 3384 materia
1249 3327 1547 3381 abstractas
1579 3323 1817 3378 rationes
1846 3342 1859 3377 :
1908 3324 2178 3380 sentiendi
2211 3326 2293 3379 fa-

721 3422 945 3480 cultate.
1011 3434 1131 3488 qua:
1189 3416 1428 3472 externis
1484 3415 1767 3484 speciebus
1822 3414 2176 3478 assimilatur,
2226 3432 2290 3472 ac

721 3512 1004 3584 praesentit
1055 3517 1302 3574 externa,
1362 3506 1686 3560 salutariane
1732 3506 1842 3559 sint
1890 3520 1959 3559 an
2011 3507 2288 3562 exitiosa:

722 3614 921 3659 natura
948 3602 1203 3669 denique,
1236 3614 1357 3668 quae
1387 3596 1607 3666 proprie
1630 3603 1715 3649 est
1743 3610 1904 3649 causa
1925 3598 2290 3665 generationis

723 3707 779 3751 et
809 3695 1054 3767 proxime
1080 3690 1399 3761 corporibus
1428 3688 1691 3751 adhaeret,
1737 3695 2069 3756 generatque
2110 3688 2201 3742 illa
2237 3697 2291 3742 et

725 3792 854 3845 facit
900 3797 960 3842 ut
1016 3792 1288 3845 crescant,
1366 3778 1742 3851 gubernatque
1788 3792 1850 3832 ac
1927 3778 2128 3847 dirigit.
2197 3777 2291 3833 His

724 3891 956 3951 quatuor
1002 3878 1165 3932 rebus
1212 3872 1460 3928 nonnulli
1506 3869 1953 3940 philosophorum
1995 3871 2289 3923 essentiam

724 3974 919 4027 animae
961 3965 1344 4023 irrationabilis
1379 3962 1676 4017 consistere
1720 3967 1981 4022 statuunt.
2022 3974 2087 4013 ac
2120 3961 2291 4015 veluti

726 4063 1007 4118 insititiam
1053 4073 1174 4113 esse
1219 4053 1468 4111 rationali
1516 4053 1712 4107 anima:
1764 4051 2087 4122 eorporique
2129 4051 2291 4106 simul

730 4161 1000 4214 inductam
1038 4174 1052 4210 :
1080 4155 1206 4209 huic
1231 4166 1447 4222 quoque
1481 4148 1835 4204 irrationabili
1869 4148 2065 4202 anima:
2110 4148 2291 4217 injun-

726 4259 861 4321 gunt
889 4262 1087 4302 munus
1112 4239 1525 4299 administrandi
1557 4239 1820 4307 corporis.

850 4342 939 4395 45.
974 4338 1108 4403 Quid
1137 4336 1377 4391 voluntas
1405 4342 1450 4387 et
1470 4331 1808 4384 ratiocinium
1836 4330 2167 4399 practicum?

798 4433 1062 4487 Voluntas
1086 4429 1150 4483 ad
1192 4424 1649 4482 ratiocinator-iam
1697 4422 1891 4477 anima:
1919 4433 2125 4491 partem
2168 4438 2293 4491 per—

2400 1961 2665 2029 μοσμέναι
2692 1963 2784 2014 καὶ
2818 1963 2866 2014 εί
2892 1965 3082 2034 πόρρω
3102 1967 3315 2036 τύχοιεν
3345 1965 3524 2036 οὖσαι,
3564 1975 3971 2040 συγκινοῦνταισ

2398 2053 2491 2104 καὶ
2517 2054 2543 2103 ὁ
2569 2051 2896 2122 καλούμενος
2926 2055 3065 2123 φθὰς
3110 2058 3322 2127 δέχεται
3345 2060 3437 2113 τοῦ
3487 2065 3654 2131 πυρὶς
3686 2064 3782 2134 τὴν
3820 2066 3975 2119 δύνα-

2401 2160 2494 2212 μιν
2517 2143 2612 2196 τοῦ
2640 2145 2840 2213 μεταξὺ
2874 2146 3034 2217 ἀέρος
3067 2148 3141 2219 μὴ
3164 2154 3529 2221 πυρουμένου,
3555 2154 3698 2209 οὕτω
3716 2158 3778 2226 δὴ
3797 2163 3889 2212 καὶ
3913 2160 3975 2212 τὸ

2400 2234 2561 2303 σῶμα
2595 2236 2806 2306 ἀθρόως
2834 2239 3168 2309 ἐλλάμπεται
3229 2242 3456 2313 ὑπὸτῆς
3505 2247 3703 2317 ψυχῆς,
3766 2253 3860 2303 καὶ
3910 2253 3971 2303 ιὺ

2395 2325 2475 2379 δεῖ
2500 2326 2910 2397 τῆςὰμερίστου
2937 2331 3085 2400 ζωῆς
3150 2336 3244 2389 καὶ
3302 2334 3583 2407 δυνάμεως
3640 2338 3971 2412 διῃρημένας

2398 2420 2633 2472 ἐπινοεῖν
2654 2420 2752 2483 τὰς
2777 2421 3091 2492 ἐλλάμψεις,
3120 2425 3268 2496 ἥτὰς
3302 2431 3554 2498 μετοχὰς.
3588 2432 3971 2491 Ἀπεικαστέον

2399 2509 2456 2562 δὲ
2497 2510 2666 2580 αὐτὴν
2698 2513 2763 2581 τῇ
2825 2511 2920 2565 τοῦ
2965 2515 3118 2579 ὄντος
3178 2522 3377 2589 μετοχῇ
3429 2523 3509 2583 είς
3552 2521 3611 2572 τὸ
3665 2527 3967 2595 γινόμενον.

2402 2600 2610 2669 Ὥσπερ
2639 2600 2748 2672 γὰρ
2778 2603 2841 2655 τδ
2882 2602 2944 2656 ὃν
2968 2606 3211 2675 ἀχρόνως
3250 2608 3329 2678 τῷ
3370 2614 3640 2683 γινομένῳ
3687 2616 3969 2686 πάρεστιν,

2397 2690 2565 2754 οὕτως
2598 2691 2691 2743 καὶ
2720 2692 2857 2763 αὑτὴ
2882 2694 3127 2764 ἀχρόνως
3155 2698 3389 2767 πάρεστι
3412 2702 3493 2771 τῷ
3520 2703 3757 2773 σώματι.

2808 2879 2909 2952 μδ’.
2938 2882 3077 2950 Περὶ
3100 2883 3321 2954 ἀλόγου
3352 2886 3580 2955 ψυχῆς.

2480 2972 2568 3024 Ἐν
2591 2972 3073 3045 τέσσαρσιτούτοις
3118 2980 3250 3048 παρ’
3302 2979 3556 3050 Ἕλλησιν
3605 2985 3653 3035 οἱ
3693 2983 3971 3054 φιλοσοφί-

2401 3078 2593 3124 σαντες
2620 3062 2721 3132 τὴν
2755 3063 2950 3131 ἄλογον
2973 3065 3149 3138 ψυχὴν
3192 3067 3543 3139 ἀφορίζουσιν
3563 3086 3578 3104 ο
3627 3073 3683 3124 ἐν
3714 3075 3778 3143 τῇ
3808 3074 3968 3143 ὀρεκ-

2398 3153 2546 3220 τικῇ,
2582 3151 2705 3204 καθ’
2740 3153 2807 3222 ἣν
2828 3154 3023 3225 ἡδονῆς
3062 3157 3154 3209 καὶ
3179 3155 3352 3226 λύπης
3411 3160 3709 3231 μετέχομεν
3739 3178 3753 3194 ⁸
3811 3165 3868 3216 ἐν
3900 3167 3967 3234 τῇ

2396 3240 2719 3311 δοξαστικῇ,
2750 3244 2871 3314 ἥτις
2905 3246 3030 3308 τοὺς
3064 3246 3262 3316 μέσους
3295 3247 3483 3315 λόγους
3510 3254 3603 3303 καὶ
3635 3253 3836 3321 μεταξὺ
3861 3255 3970 3307 τῶν

2396 3331 2671 3400 αἰσθητῶν
2694 3333 2850 3385 εἱδῶν
2876 3333 2968 3386 καὶ
2995 3334 3104 3387 τῶν
3129 3335 3308 3389 ὰῠλων
3347 3338 3441 3389 καὶ
3478 3338 3733 3409 καθαρῶν
3798 3343 3971 3409 λόγων

2393 3420 2703 3492 ἀφώρισται
2738 3439 2749 3452 ·
2814 3425 2878 3476 ἐν
2900 3427 2967 3496 τῇ
2999 3426 3285 3497 αἰσθητικῇ
3320 3467 3334 3491 ,
3370 3429 3490 3499 ἥτις
3535 3432 3671 3501 πρὸς
3712 3434 3779 3487 τὰ
3815 3437 3970 3496 ἐκτὸς

2393 3515 2507 3582 εῖδη
2541 3513 2842 3583 ὡμοίωται,
2872 3516 2970 3568 καὶ
2999 3517 3425 3587 προαισθάνεται
3462 3521 3531 3573 τὰ
3560 3522 3757 3587 ἔξωθεν
3794 3528 3969 3595 σωτή-

2394 3620 2485 3673 ρια
2523 3603 2615 3655 καὶ
2663 3603 2881 3674 ὀλέθρια
2907 3621 2922 3636 ο
2953 3606 3010 3657 ἐν
3036 3608 3102 3675 τῇ
3140 3610 3364 3678 φυσικῇ,
3421 3610 3541 3677 ἥτις
3602 3612 3715 3665 ἔστι
3767 3616 3969 3682 κυρίως

2393 3694 2800 3762 γενεσιουργὸς,
2835 3696 2930 3748 καὶ
2960 3696 3333 3765 συμπλέκεται
3379 3702 3665 3772 προσεχῶς
3694 3706 3805 3765 τοῖς
3860 3705 3966 3755 σώ-

2396 3800 2549 3853 μασι,
2576 3786 2825 3846 γεννᾶται
2883 3786 3037 3838 ἀὐτᾶ
3127 3790 3221 3841 καὶ
3278 3788 3429 3853 αὔξει
3486 3793 3578 3844 καὶ
3629 3792 3820 3845 διοικεῖ
3875 3810 3971 3861 καὶ

2393 3875 2731 3929 κατευθύνει.
2770 3876 2864 3929 Ἐκ
2888 3876 3091 3930 τούτων
3114 3877 3178 3949 δὴ
3197 3879 3303 3931 τῶν
3328 3881 3607 3951 τεσσάρων
3635 3880 3732 3951 τὴν
3778 3882 3971 3949 ἄλογον

2386 3954 2561 4036 ψυχὴν
2626 3967 2756 4020 ἔνιοι
2832 3969 2938 4021 τῶν
2996 3969 3300 4038 φιλοσόφων
3363 3971 3726 4034 οὖσιώσαντες
3788 3974 3971 4040 ἐγκεν-

2392 4058 2667 4127 τρέζουσιν
2714 4053 2826 4112 οἷον
2857 4061 2922 4129 τῇ
2940 4059 3127 4129 λογικῇ
3158 4060 3325 4130 ψυχῇ,
3354 4063 3444 4113 καὶ
3470 4061 3547 4130 τῷ
3600 4061 3810 4132 σώματι
3846 4079 3968 4115 συνι

2393 4150 2697 4217 εισάγουσι.
2734 4150 2845 4222 Τὴν
2881 4151 2940 4204 δέ
2990 4151 3185 4219 ἄλογον
3247 4155 3555 4222 οἰκονομεῖν
3623 4154 3690 4207 τὰ
3742 4154 3967 4225 σώματα

2395 4236 2804 4306 ἐπιτρέπουσιν.

2398 4327 2499 4398 με’.
2531 4331 2624 4393 Τίς
2644 4330 2682 4395 ἠ
2698 4330 3002 4397 ,βούλησις
3017 4331 3115 4384 καὶ
3137 4331 3224 4397 τίς
3247 4334 3280 4386 ό
3305 4332 3629 4400 πρακτικὸς
3642 4337 3966 4403 ,lorw'udc;

2481 4416 2543 4468 Ἥ
2589 4416 2845 4486 βούλησις
2871 4420 3001 4487 περὶ
3030 4418 3090 4469 τὸ
3122 4419 3427 4486 λογιστικὸν
3457 4406 3647 4492 μόριον
3697 4424 3814 4475 ἐστὶ
3867 4425 3965 4492 τῆς

733 4529 887 4587 ιῑιιει,
920 4531 1101 4579 movet
1138 4520 1281 4573 enim
1306 4517 1605 4587 appetitum
1636 4515 1692 4567 in
1716 4528 1830 4566 rem
1856 4513 2292 4578 desiderabilem,
2321 4535 2374 4593 υ
2399 4509 2480 4577 ou;

2217 4530 2292 4578 m,
2321 4535 2374 4593 υ
2399 4509 2597 4577 ψυχῆς.
2632 4510 2788 4561 Κινεῖ
2820 4507 2920 4577 μὲν
2942 4508 3052 4578 γὰρ
3076 4511 3177 4578 τὴν
3228 4509 3408 4580 ὄρεξιν
3451 4512 3586 4581 πρὸς
3630 4513 3690 4564 τὸ
3753 4516 3964 4583 ἐφετὸν,

729 4631 889 4686 quam
914 4615 1037 4683 quia
1058 4628 1167 4666 non
1207 4611 1324 4664 sine
1351 4606 1637 4661 ratiocinio
1661 4603 1965 4676 deligimus,
2008 4607 2120 4660 haec
2153 4607 2294 4661 actio

730 4709 967 4777 impetus
992 4699 1287 4757 voluntatis
1314 4696 1636 4767 appellatur,
1673 4695 1765 4764 qui
1809 4708 1839 4746 a
1871 4692 2155 4747 ratiocinio
2179 4694 2296 4763 ipso

729 4806 813 4851 est
858 4798 1123 4850 diversus.
1170 4792 1269 4845 Est
1326 4797 1507 4842 autem
1565 4782 1905 4839 ratiocinium
1972 4784 2294 4852 practicum,

731 4898 853 4957 post
882 4886 1179 4955 appetitum
1214 4882 1291 4935 rei
1323 4876 1698 4934 desiderabilis
1732 4889 1854 4928 cum
1881 4875 2085 4928 ratione
2113 4890 2296 4929 susce-

730 4992 819 5049 pta
850 4978 993 5031 actio
1037 4984 1092 5029 et
1124 4972 1385 5043 operatio.
1417 4968 1575 5023 Neris
1612 4981 1773 5036 porro
1824 4964 2020 5019 animo:
2067 4980 2292 5035 corpore

730 5071 919 5124 soluta:
943 5078 997 5121 et
1027 5064 1241 5134 corpori
1267 5062 1444 5116 adhuc
1465 5060 1767 5126 conjunctae
1791 5072 1897 5111 non
1926 5072 2093 5109 unum
2127 5057 2295 5111 idem-

732 5176 838 5231 que
896 5156 1264 5213 ratiocinium.
1300 5150 1595 5218 Quibusvis
1636 5146 1783 5203 enim
1830 5145 2295 5216 prestantioribus

731 5252 910 5306 anima
961 5266 1020 5305 se
1055 5246 1338 5308 assimilat,
1400 5243 1531 5305 Deo,
1580 5237 1938 5308 archangelis,
1979 5236 2183 5307 angelis
2241 5246 2297 5290 ct

732 5342 943 5398 exteris
970 5338 1353 5409 potentatibus,
1382 5332 1525 5388 unde
1546 5343 1607 5385 et'
1627 5344 1791 5400 opera
1820 5328 1938 5397 ejus
1964 5328 2070 5396 jam
2096 5327 2296 5391 divina,

728 5436 839 5501 jam
888 5432 1146 5491 humana,
1185 5426 1295 5495 jam
1335 5421 1626 5485 contraria,
1687 5430 1746 5471 ut
1786 5416 2096 5472 nominibus
2136 5419 2302 5471 absti-

2400 4600 2521 4651 ἐπεὶ
2543 4599 2598 4651 δέ
2621 4599 2809 4651 τούτου
2836 4599 2935 4651 οὐκ
2988 4600 3116 4653 ἄνευ
3148 4599 3409 4670 λογισμοῦ
3459 4602 3892 4673 προαιρούμεθα,
3931 4611 3964 4677 ἡ

2403 4695 2523 4745 κατ’
2567 4693 2697 4744 αὐτὸ
2756 4692 3006 4760 ἐνέργεια
3058 4692 3375 4763 βουλευτικὴ
3426 4692 3570 4763 ὁρμὴ
3651 4694 3963 4767 ὠνομάσθην

2403 4784 2565 4854 ἐτέρα
2594 4779 2727 4836 οὖσα
2754 4782 2847 4835 τοῦ
2874 4782 3157 4850 λογισμοῦ.
3202 4783 3510 4851 Πρακτικὸς
3552 4784 3609 4837 δέ
3640 4785 3758 4838 ἐστι
3817 4788 3967 4856 λογιο

2405 4876 2560 4944 σμὸς,
2594 4873 2787 4945 ήμετὰ
2834 4874 2933 4942 τὴν
2967 4872 3145 4943 ὄρεξιν
3174 4873 3264 4926 τοῦ
3296 4874 3485 4941 ἐφετοῦ
3520 4880 3657 4944 μετὰ
3704 4876 3963 4946 λογισμοῦ

2402 4963 2600 5035 πρᾶξίς
2620 4982 2679 5016 τε
2703 4966 2792 5017 καὶ
2817 4965 3083 5034 ἐνέργεια.
3111 4963 3280 5016 Τοῦτο
3322 4964 3377 5015 δέ
3402 4980 3484 5015 σοι
3532 4966 3696 5030 ἔστω,
3737 4966 3819 5019 ὅτι
3866 4968 3967 5035 ψυ-

2401 5060 2500 5128 χῆς
2526 5054 2888 5124 ἀπολυθείσης
2920 5054 3171 5123 σώματος
3228 5055 3322 5107 καὶ
3378 5055 3457 5107 ἔτι
3490 5057 3769 5125 παρούσης
3800 5059 3857 5110 ἐν
3887 5058 3962 5127 τῷ

2402 5148 2612 5214 σώματι
2652 5148 2750 5199 οὐκ
2796 5146 2955 5208 αὐτός
2986 5147 3100 5197 ἐστι
3130 5145 3402 5214 λογισμός.
3445 5144 3598 5198 Ἐπεὶ
3618 5147 3673 5199 δέ
3697 5148 3830 5215 πᾶσι
3855 5151 3964 5209 τοῖς

2406 5235 2709 5304 κρείττοσιν
2744 5233 3105 5302 ἀφομοιοῦται
3134 5234 3165 5302 ἡ
3194 5231 3365 5301 ψυχὴ,
3405 5231 3545 5301 Θεῷ,
3579 5231 3961 5300 ἁρχαγγέλοις,

2398 5328 2650 5395 ἀγγέλοις
2679 5327 2775 5379 καὶ
2802 5329 2921 5388 ταῖς
2950 5324 3161 5385 λοιπαῖς
3187 5323 3471 5392 δυνάμεσι,
3529 5322 3616 5374 διὰ
3659 5322 3820 5375 τοῦτο
3870 5322 3964 5373 καὶ

2398 5421 2465 5473 τὰ
2496 5421 2628 5488 ἒργχ
2658 5418 2845 5481 αὐτοῦ,
2868 5418 2933 5470 τὰ
2967 5417 3063 5485 μέν
3090 5414 3225 5479 θεῖα,
3251 5415 3318 5468 τὰ
3363 5413 3420 5466 δέ
3448 5412 3786 5478 ἀνθρώπινα,
3819 5414 3884 5465 τὰ
3905 5413 3961 5465 δέ

2225 5554 2453 5611 ἉΟΤΑΞ.

798 5708 870 5767 Hi)
900 5702 1138 5773 lntellige
1170 5710 1246 5773 fut
1285 5714 1444 5773 supra
1476 5696 1535 5749 τὸ
1572 5695 1736 5773 ὄντως
1762 5693 1858 5773 av.
1899 5707 1998 5747 ens
2031 5700 2290 5773 reternnum

738 5792 800 5829 ac
826 5762 1013 5831 stabile
1048 5762 1183 5826 :vcu't
1212 5762 1503 5840 opponitur
1567 5769 1626 5819 τὸ
1658 5765 1941 5834 γινόμενον
1964 5763 2107 5832 quod
2149 5762 2204 5816 fit
2239 5772 2292 5815 et

2403 5692 2659 5753 nascitur,
2686 5704 2748 5743 ac
2772 5685 3159 5740 mutationibus
3186 5691 3271 5737 est
3296 5683 3609 5748 obnoxium,
3642 5693 3803 5754 atque
3822 5682 3958 5738 adeo

2402 5761 2610 5815 Platoni
2646 5767 2869 5829 negatur
2893 5771 3012 5811 esse
3040 5768 3225 5809 verum
3255 5768 3371 5808 ens.
