4424 6446
449 413 551 476 ’117
1574 416 1667 473 DE
1712 414 2137 474 OMNIFARIK
2185 429 2196 475 I

1574 416 1667 473 DE
1712 414 2137 474 OMNIFARIt
2185 422 2578 479 Iung'rlttNA.

3597 422 3705 489 ’118

453 530 688 589 ἐναντία.
770 530 855 582 iv:
941 538 1016 599 μη
1084 532 1152 581 τὰ
1204 529 1444 597 ὀνόματα
1509 530 1693 596 λέγω·
1750 529 2029 599 μεταλαμ-
2062 537 2103 587 Α
2138 548 2200 585 ue

1953 547 2029 598 ,μ-
2062 537 2103 587 Α
2138 548 2314 586 ueani.
2345 536 2551 599 Quibus
2590 536 2734 589 enim
2768 538 3029 591 assimilut
3070 553 3146 603 se,
3188 538 3400 595 illorum
3440 550 3495 595 et
3537 559 3700 612 opera

454 626 609 677 ϐάνει
658 623 767 691 γὰρ
832 622 928 684 τὰς
979 622 1281 691 ἐνεργείας,
1314 622 1450 691 πρὸς
1477 621 1511 674 ά
1536 622 1911 692 λαμϐάνεικαὶ
1931 622 2027 691 τὴν

451 717 731 787 ὁμοίωσιν.

623 814 740 878 pg".
777 808 916 873 Περὶ
947 808 1346 874 προαιρέσεως
1367 808 1464 860 καὶ
1501 808 1834 874 προσοχῆς.

525 903 706 954 Μέσαι
731 901 989 969 δυνάμεις
1020 902 1126 951 εἰσὶ
1160 900 1259 968 τῆς
1278 899 1461 969 ψυχῆς
1498 900 1743 970 προσοχὴ
1768 900 1861 952 καὶ
1894 915 2026 968 προ-

456 997 692 1063 αίρεσις.
735 994 873 1046 Ἀλλ’
905 996 937 1063 ἠ
972 995 1071 1063 μὲν
1100 994 1423 1063 προαίρεσις
1476 994 1690 1063 ἡγεῖται
1721 992 1827 1045 τῶν
1886 993 2027 1062 πρά-

455 1086 818 1155 ξξω-ι,ἕχειδὲ
850 1088 945 1138 καὶ
996 1085 1153 1152 λόγον
1203 1086 1261 1133 ἓν
1308 1079 1352 1153 ᾧ
1412 1087 1589 1156 κρίνει
1621 1086 1688 1137 τά
1730 1086 1893 1147 καλὰ,
1926 1087 2018 1137 καὶ

453 1178 633 1245 ὄρεξιν
655 1180 754 1247 τὴν
781 1179 1075 1247 ἐφιεμένην
1097 1178 1204 1230 τῶν
1242 1177 1461 1229 οἰκείων
1490 1177 1585 1229 καὶ
1622 1176 1868 1243 ἀγαθῶν.
1925 1177 2021 1229 καὶ

453 1272 553 1338 τὴν
586 1271 1007 1339 ἀναπληροῦσαν
1054 1270 1142 1321 ἀεὶ
1182 1270 1251 1321 τὰ
1300 1270 1636 1323 ἐλλείποντα.
1678 1269 2027 1337 Ἀμφοτέρων

455 1361 549 1415 οἲν
577 1361 852 1427 τοῦλόγου
889 1362 983 1413 καὶ
1011 1361 1110 1429 τῆς
1138 1361 1368 1431 ὀρέξεως
1399 1360 1716 1413 συνίσταται
1744 1360 1776 1427 ἡ
1829 1359 2027 1428 προαί-

457 1470 625 1521 ρεσις.
660 1452 905 1522 ΙΙροσοχὴ
923 1452 981 1504 δὲ
1006 1452 1124 1504 ἐστὶ
1164 1451 1286 1503 καθ’
1316 1454 1382 1520 ῆν
1422 1452 1762 1520 προσέχομεν
1791 1453 1903 1512 τοῖς
1931 1450 2024 1519 ἕρ-

454 1560 569 1609 γοις
647 1540 727 1606 οἷς
804 1544 1114 1611 πράττομεν
1171 1544 1419 1603 καὶτοῖς
1491 1542 1670 1607 λόγοις
1741 1535 1821 1602 οἷς
1873 1541 2028 1607 λέγοι

459 1652 557 1703 μεν
590 1650 604 1663 ο
642 1633 781 1702 αὕτη
821 1634 929 1704 γάρ
970 1634 1100 1686 ποτὲ
1133 1633 1231 1701 μὲν
1271 1634 1336 1686 τὰ
1383 1633 1483 1701 τῆς
1538 1631 1717 1700 ψυχῆς
1750 1631 1854 1702 ἢθη
1888 1631 2025 1683 ἁνα-

458 1728 737 1778 σκοπεῐται
780 1727 901 1777 τινα
932 1742 992 1777 τε
1040 1725 1158 1777 ἐστὶ
1191 1726 1282 1777 καὶ⁵
1319 1724 1434 1787 πῶς
1460 1723 1573 1793 ἔχει
1602 1724 1738 1794 πρὸς
1786 1722 1989 1792 mnu
2010 1739 2023 1753 -

454 1818 586 1870 ποτὲ
610 1818 669 1869 δὲ
701 1816 770 1870 αὖ
791 1817 852 1869 τὸ
893 1817 1031 1880 ζῶον
1077 1816 1271 1884 θεωρεῖ
1294 1819 1346 1868 τί
1377 1817 1606 1885 πράττει
1629 1817 1721 1868 καὶ
1740 1816 1815 1882 πῆ
1848 1832 2026 1883 παρα-

452 1908 647 1972 ϐαίνει,
674 1909 771 1960 καὶ
799 1908 849 1960 τί
880 1908 1138 1962 ἐλλείπει.
1172 1907 1330 1962 Μέσα
1346 1909 1402 1960 δέ
1422 1910 1527 1961 εἰσι
1561 1908 1658 1959 καὶ
1680 1906 1751 1959 τὰ
1779 1907 1888 1959 τῶν
1917 1924 2023 1975 μα-

452 2000 715 2072 θημάτων
747 2002 1065 2077 ἀσκήματα,
1106 2002 1290 2053 καὶτὰ
1320 2000 1430 2053 τῶν
1494 1998 1844 2070 καθαρτικῶν
1895 2000 2026 2067 ἁρε-

450 2094 559 2146 τῶν
590 2094 1021 2165 ἐπιτηδεύματα.
1064 2092 1219 2147 Mssa
1276 2094 1335 2147 δὲ
1386 2092 1637 2159 λέγονται
1685 2092 1760 2155 ὼς
1823 2091 2024 2161 μεταξὺ

451 2186 682 2256 κείμενα
696 2186 806 2241 τῶν
834 2186 1037 2256 νοερῶν
1065 2187 1239 2255 λόγων
1273 2186 1369 2240 καὶ
1415 2187 1525 2239 τῶν
1563 2187 1919 2251 ὼξαστικῶν.

454 2300 560 2369 μζ.
598 2301 916 2369 Πότερονή
948 2300 1117 2369 ψυχὴ
1146 2302 1351 2355 λύεται
1396 2302 1515 2355 ἀπὸ
1579 2303 1685 2356 τοῦ
1732 2300 2020 2370 σώματος,

810 2371 847 2438 ἢ
880 2372 945 2424 τὸ
974 2371 1147 2440 σῶμα
1166 2371 1285 2426 ἀπὸ
1308 2370 1417 2438 τῆς
1437 2371 1680 2441 ψυχῆςέ

538 2461 663 2513 Ἐπὶ
693 2462 790 2530 μὲν
814 2460 907 2515 τοῦ
939 2461 1173 2530 φυσικοῦ
1204 2461 1462 2525 θανάτου,
1509 2462 1569 2515 τὸ
1621 2461 1784 2531 σῶμα
1840 2463 2024 2515 λύεται

449 2556 560 2607 ἀπὸ
584 2556 679 2624 τῆς
710 2554 910 2624 ψυχῆς,
940 2556 1034 2607 ἐπὶ
1062 2554 1120 2607 δὲ
1146 2553 1242 2607 τοῦ
1270 2554 1466 2621 νοητοῦ
1500 2558 1533 2626 ὴ
1573 2554 1721 2626 ψυχὴ
1775 2558 1883 2610 ἀπὸ
1928 2556 2024 2609 τοῦ

452 2647 729 2715 σώματος.
777 2646 839 2698 Ἦ
875 2646 975 2714 μὲν
1024 2644 1134 2717 γὰρ
1162 2645 1325 2714 φύσις
1363 2646 1523 2716 ἔδησε
1641 2648 1799 2717 σῶμα
1850 2649 1907 2700 ὲν
1956 2651 2023 2719 τῇ

452 2737 620 2806 ψυχῇ.
655 2737 715 2789 Et
744 2736 843 2805 μὲν
867 2736 974 2806 γὰρ
1004 2738 1289 2807 κατείχετο
1310 2737 1371 2789 τὸ
1396 2738 1553 2808 σῶμα
1570 2739 1675 2790 ὑπὸ
1703 2739 1800 2809 τῆς
1825 2741 2024 2810 ψυχῆς,

449 2832 512 2883 οὐ
542 2828 825 2882 διαλέλυτο
880 2829 969 2882 ἄν.
1025 2830 1188 2881 Ὀθεν
1238 2832 1296 2882 ἐν
1339 2830 1417 2899 τῷ
1474 2830 1689 2900 θανάτῳ
1731 2832 1919 2884 λύεται
1965 2833 2029 2883 τὸ

452 2924 610 2991 σῶμα
629 2922 737 2975 ἀπὸ
764 2922 864 2989 τῆς
885 2921 1085 2991 ψυχῆς.
1124 2922 1187 2974 'll
1218 2922 1273 2975 δὲ
1303 2922 1449 2992 ψυχὴ
1497 2924 1687 2992 ἔδησεν
1716 2925 1923 2995 ἑαυτὴν
1950 2925 2027 2996 τῷ

453 3014 667 3081 σώματι
689 3013 777 3064 διὰ
796 3012 907 3065 τῶν
926 3013 1133 3066 παθῶν.
1179 3013 1243 3065 Ἦ
1269 3012 1362 3066 οὖν
1379 3011 1524 3084 ψυχὴ
1556 3014 1759 3084 ἑαυτὴν
1783 3014 1899 3067 λύει
1919 3015 2027 3068 ἀπὸ

449 3104 545 3156 τοῦ
569 3103 838 3173 σώματος.
874 3105 984 3158 Καὶ
1013 3106 1046 3175 ἠ
1077 3106 1176 3173 μὲν
1204 3103 1352 3174 ψυχὴ
1387 3105 1528 3173 μέση
1570 3105 1689 3157 ἐστὶ
1736 3106 1837 3175 τῆς
1884 3108 2024 3175 ἀμε-

2131 625 2348 680 asciscit
2373 638 2530 695 atque
2558 628 2818 681 imitatur.

2477 805 2563 857 46.
2606 805 2677 859 De
2702 807 2950 860 electione
2978 818 3025 862 et
3061 810 3367 865 attentione.

2200 894 2388 949 Mediae
2416 906 2544 949 sunt
2591 898 2755 952 animi
2806 898 3088 955 facultates
3120 902 3352 956 attentio
3395 910 3452 956 et
3484 903 3701 964 electio,

2129 990 2222 1040 sed
2254 989 2445 1042 electio
2491 990 2733 1045 actiones
2778 992 2981 1060 dirigit,
3032 995 3315 1064 utiturque
3352 996 3563 1051 ratione
3594 1012 3701 1066 qua

2130 1082 2257 1149 quid
2302 1082 2587 1148 pulchrum
2626 1084 2694 1137 sit
2720 1084 2948 1151 judicat,
2985 1094 3041 1139 et
3084 1090 3327 1156 appetitu
3356 1088 3701 1146 desiderante

2128 1185 2192 1223 ea
2231 1187 2350 1238 qua:
2397 1174 2748 1242 congruentia
2797 1177 2897 1229 sibi
2951 1185 3082 1231 sunt
3112 1188 3166 1232 et
3205 1180 3365 1245 bona,
3402 1195 3524 1252 qua:
3572 1197 3704 1238 vero

2128 1262 2402 1317 deficiunt.
2436 1280 2652 1334 semper
2676 1266 2927 1321 studente
2954 1269 3230 1337 supplere.
3264 1269 3502 1340 Utroque
3539 1273 3704 1343 igitur

2128 1354 2321 1409 electio
2342 1365 2577 1417 constat,
2618 1357 2832 1411 ratione
2860 1367 2915 1412 et
2938 1360 3203 1429 appetitu.
3249 1362 3493 1417 Attentio
3521 1376 3701 1419 autem

2130 1454 2215 1501 est
2235 1462 2338 1516 qua
2372 1447 2702 1501 attendimus
2732 1450 2799 1502 ad
2834 1451 3078 1506 actiones
3106 1468 3243 1522 quas
3273 1454 3619 1523 suscipimus,
3648 1466 3706 1511 et.

2129 1540 2194 1593 ad
2235 1539 2397 1593 verba
2441 1555 2563 1607 quae
2619 1541 2909 1609 loquimur.
2970 1544 3095 1598 Haec
3150 1547 3475 1615 quandoque
3533 1548 3700 1602 animi

2129 1646 2308 1684 mores
2340 1631 2672 1699 speculatur,
2710 1632 2897 1698 quales
2927 1633 3035 1687 sint
3068 1642 3123 1687 et
3162 1636 3437 1702 quomodo
3471 1635 3615 1690 inter
3643 1651 3703 1689 se

2128 1731 2470 1789 congruant:
2514 1722 2624 1789 jam
2661 1722 2894 1776 animale
2923 1724 3255 1786 considerat,
3299 1734 3355 1779 et
3402 1724 3533 1793 quid
3572 1726 3704 1779 illud

2132 1821 2275 1881 agat,
2313 1811 2475 1865 ubive
2515 1821 2705 1881 peccet
2764 1813 2846 1865 vel
2895 1814 3099 1882 aliquid
3141 1815 3375 1870 omittat.
3430 1814 3701 1870 Caeterum

2136 1902 2299 1956 medii
2341 1904 2554 1972 generis
2599 1903 2759 1955 etiam
2804 1912 2930 1956 sunt
2997 1904 3390 1959 mathematicae
3436 1906 3705 1960 exercita-

2129 1995 2326 2055 tiones,
2372 2003 2429 2047 et
2482 1995 2854 2061 purgatorium
2905 1996 3163 2049 virtutum
3203 1998 3472 2060 studium,
3510 1996 3705 2052 dicun-

2130 2098 2322 2155 turque
2354 2086 2515 2140 medii
2548 2086 2782 2155 generis,
2816 2088 2939 2157 quia
2989 2088 3162 2142 media
3210 2089 3326 2144 haec
3371 2091 3547 2159 posita
3575 2098 3707 2147 sunt

2127 2179 2270 2233 inter
2293 2179 2661 2248 intelligibiles
2691 2188 2746 2233 et
2768 2181 3073 2249 opinabiles
3107 2184 3369 2237 rationes.

2125 2292 2225 2369 47,
2251 2290 2438 2345 Utrum
2455 2306 2641 2363 corpus
2667 2294 2869 2357 anima,
2896 2311 2966 2347 an
2989 2296 3169 2349 anima
3199 2311 3414 2365 corpore
3432 2298 3705 2354 solvatur?

2198 2446 2439 2503 Naturali
2471 2458 2646 2504 morte
2676 2465 2879 2519 corpus
2909 2451 2978 2505 ab
3004 2451 3207 2515 anima,
3249 2453 3344 2508 sed
3393 2465 3568 2510 morte
3614 2455 3703 2510 in-

2129 2540 2390 2610 teliigibili
2432 2542 2613 2597 anima
2661 2543 2891 2598 solvitur
2922 2561 2953 2598 a
3006 2560 3258 2615 corpore.
3313 2545 3516 2602 Natura
3554 2548 3701 2603 enim

2127 2646 2328 2699 corpus
2370 2632 2565 2687 animae
2604 2633 2862 2703 alligavit.
2900 2633 3019 2687 Jam
3076 2636 3122 2687 si
3168 2650 3369 2704 corpus
3416 2638 3485 2691 ab
3519 2638 3704 2691 anima

2128 2732 2423 2789 teneretur,
2454 2740 2561 2779 non
2593 2726 2914 2781 solveretur.
2949 2726 3190 2782 Solvitur
3233 2728 3415 2798 itaque
3437 2730 3492 2783 iu
3525 2742 3703 2785 morte

2126 2816 2195 2869 ab
2227 2817 2404 2869 anima
2436 2832 2651 2887 corpus.
2682 2818 2752 2872 At
2785 2818 2929 2873 enim
2956 2819 3135 2873 anima
3151 2835 3213 2875 se
3230 2821 3466 2891 alligavit
3486 2820 3701 2890 corpori

2127 2924 2225 2978 per
2255 2910 2503 2975 affectus,
2534 2910 2714 2965 anima
2747 2912 2908 2983 igitur
2938 2913 3101 2967 etiam
3150 2917 3382 2983 seipsam
3407 2928 3437 2968 a
3477 2929 3706 2984 corpore

2126 2999 2287 3053 solvit
2319 3016 2382 3054 ac
2404 3001 2622 3055 liberat.
2660 3002 2727 3056 Et
2768 3003 2947 3057 anima
2977 3004 3193 3072 quidem
3246 3005 3421 3059 media
3447 3015 3531 3059 est
3562 3008 3705 3059 inter

2126 3094 2419 3147 essentiam
2453 3094 2837 3163 impartibilem
2868 3096 3306 3166 partibilemque,
3348 3112 3526 3165 neque
3553 3096 3701 3151 enim

457 3198 642 3264 ρέστου
669 3196 889 3266 καὶτῆς
922 3198 1188 3266 μεριστῆς
1222 3196 1433 3257 οὐσίας.
1498 3195 1635 3250 Οὔτε
1686 3198 1795 3268 γὰρ
1860 3200 2029 3251 καθα·
2050 3210 2096 3265 c
2132 3200 2204 3239 τηε

1955 3204 2029 3251 ια,
2050 3210 2096 3265 C
2132 3200 2288 3239 mens
2319 3200 2453 3253 pure
2486 3186 2849 3255 impartibilis,
2880 3202 3059 3255 neque
3092 3189 3323 3257 partium
3354 3187 3582 3243 omnino
3610 3204 3702 3241 ex-

456 3288 565 3357 ρῶς
588 3289 733 3339 ἐστιν
762 3288 1059 3356 ἀμέριστος
1085 3287 1113 3337 ὁ
1138 3288 1284 3352 νοῦς,
1322 3286 1447 3340 οὔτε
1499 3288 1675 3357 πάντη
1712 3289 1945 3360 ἀμερὴς,
1967 3291 2029 3343 τὸ

455 3380 615 3449 ςῶμα
631 3380 689 3433 δὲ
717 3382 893 3449 πάντη
921 3379 1196 3448 μεριστόν.
1227 3380 1335 3431 Καὶ
1381 3380 1435 3430 αἱ
1483 3380 1768 3449 ποιότητες
1806 3382 1900 3433 καὶ
1962 3382 2027 3433 τὰ

453 3472 614 3525 ἔνυλα
642 3472 755 3538 εἴδη
788 3472 915 3540 περὶ
939 3470 999 3522 τὸ
1035 3470 1194 3539 σῶμα
1247 3472 1498 3541 μεριστά,
1554 3474 1647 3524 καὶ
1707 3473 1885 3525 πάντα
1928 3474 2028 3543 μὲν

454 3566 512 3615 ἐν
538 3565 726 3617 πᾶσιν.
764 3561 907 3615 Ἀλλ’
928 3562 959 3613 ὀ
984 3562 1083 3630 μὲν
1104 3561 1226 3625 νοῦς
1242 3561 1443 3632 νοερῶς
1473 3562 1583 3630 ἔχει
1631 3563 1827 3617 πάντα.
1870 3565 1935 3616 Ἡ
1970 3565 2026 3617 δὲ

450 3655 598 3725 ψυχὴ
628 3654 887 3723 λογικῶς.
935 3654 1008 3705 Τὸ
1055 3653 1113 3706 δὲ
1160 3653 1329 3721 φυτὸν
1376 3654 1790 3724 σπερματικῶς,
1850 3656 1911 3707 τὸ
1970 3655 2027 3709 δὲ

454 3747 614 3815 σῶμα
629 3747 699 3799 τὰ
723 3746 919 3799 εἴδωλα
944 3745 1055 3815 ἔχει
1084 3745 1191 3798 τῶν
1209 3744 1399 3810 ὄντων,
1417 3745 1513 3798 ὁδὶ
1542 3747 1673 3809 Θεὸς
1694 3748 2028 3818 ἀνεννοητως

452 3840 544 3893 καὶ
574 3838 935 3910 ὕπερουσίως.

970 3932 1080 4002 μη⁹.
1106 3932 1243 4000 Περὶ
1278 3932 1524 4000 ἀρετῶν.

521 4021 685 4089 Τρεῖς
711 4021 896 4086 τάξεις
930 4023 1038 4075 εἰσὶ
1072 4023 1183 4075 τῶν
1228 4024 1457 4091 ἀρετῶν.
1482 4024 1548 4076 Ai
1582 4024 1681 4094 μὲν
1709 4025 1818 4095 γάρ
1847 4026 2025 4079 αὐτῶν

454 4114 719 4184 κοσμοῦσι
752 4116 843 4167 τὸν
869 4114 1155 4185 ἄνθρωπον
1189 4115 1222 4185 ἦ
1252 4117 1352 4184 τὴν
1379 4117 1473 4169 τοῦ
1515 4116 1766 4186 σώματος
1824 4118 2023 4188 ψυχὴν,

453 4208 508 4259 αἱ
540 4206 597 4259 δὲ
620 4208 942 4277 καθαίρουσι
972 4208 1070 4278 τὴν
1098 4209 1279 4279 ψυχὴν
1325 4208 1436 4261 ἀπὸ
1486 4209 1577 4261 τοῦ
1621 4209 1890 4279 σώματος,
1931 4213 2025 4264 καὶ

453 4297 845 4367 ἐπιστρέφουσι
877 4297 1015 4368 πρὸς
1061 4298 1283 4369 ἑαυτὴν,
1318 4299 1522 4359 αἵτινες
1554 4300 1650 4352 καὶ
1700 4300 2026 4370 καθαρτικαὶ

457 4389 769 4441 καλοῦνται.
823 4390 887 4441 Αἱ
921 4388 1226 4452 δὶτελείως
1273 4389 1632 4459 καθαρθεῖσαι
1676 4391 1772 4459 τὴν
1825 4393 2022 4461 ψυχὴν,

455 4480 864 4551 ἁπασχολοῦσιν
896 4483 974 4543 εἰς
1004 4481 1237 4551 θεωρίαν
1260 4481 1369 4533 τῶν
1394 4483 1620 4552 νοητῶν,
1654 4482 1856 4544 αἵτινες
1894 4483 2024 4536 θεω-

2131 3294 2254 3344 pers
2288 3286 2392 3343 est,
2430 3294 2629 3347 corpus
2676 3288 2856 3333 autem
2900 3280 3127 3333 omnino
3167 3288 3254 3334 est
3304 3279 3572 3349 partibile.
3636 3282 3703 3333 lit

2127 3369 2415 3439 qualitates
2451 3370 2767 3438 speciesque
2804 3371 3114 3424 materiales
3158 3370 3211 3424 in
3262 3385 3493 3441 corpore
3533 3374 3704 3440 parti-

2128 3461 2261 3515 biles
2291 3468 2416 3515 sunt
2448 3461 2655 3530 quaevis
2689 3461 2745 3514 in
2779 3460 3134 3529 quibuslibet.
3191 3460 3298 3517 Sed
3341 3477 3497 3516 meus
3540 3478 3704 3530 quaee

2126 3566 2343 3620 cunque
2379 3551 2562 3615 habet,
2599 3552 2764 3607 habet
2797 3551 3146 3621 intelligibili,
3181 3552 3359 3606 anima
3392 3553 3701 3607 rationabili

2128 3644 2362 3707 ratione,
2412 3644 2595 3712 planta
2646 3659 2777 3698 vero
2829 3644 3186 3698 seminaliter.
3244 3641 3455 3712 Corpus
3490 3643 3699 3697 entium

2128 3736 2373 3790 umbram
2401 3735 2801 3806 imaginemque
2829 3735 3015 3795 refert,
3059 3736 3202 3789 Deus
3227 3750 3355 3788 vero
3385 3749 3548 3802 supra
3581 3752 3703 3789 om-

2127 3843 2253 3881 nem
2285 3827 2621 3883 iutellectum
2646 3837 2700 3881 et
2723 3828 3018 3882 essentiam
3050 3837 3133 3880 est
3157 3826 3511 3881 constitutus.

2649 3917 2738 3973 48.
2773 3918 2847 3971 De
2866 3918 3165 3971 virtutibus.

2198 4013 2332 4067 Tres
2355 4020 2483 4067 sunt
2529 4010 2750 4065 ordines
2793 4010 3080 4063 virtutum.
3115 4009 3249 4065 Alia:
3293 4019 3559 4065 exornant
3597 4012 3699 4073 lio;

2127 4104 2330 4157 minem
2360 4103 2476 4157 sive
2505 4103 2744 4156 animam
2766 4102 2980 4171 corpori
3007 4101 3275 4170 junctam.
3304 4102 3434 4156 Aliae
3463 4111 3703 4172 purgant

2127 4195 2365 4250 animam
2405 4209 2435 4247 a
2468 4208 2720 4262 corpore,
2766 4201 2823 4247 et
2867 4192 2921 4246 in
2947 4192 3185 4261 seipsam
3234 4192 3432 4247 reverti
3478 4193 3697 4253 docent.

2128 4296 2498 4354 vocanturque
2544 4285 2891 4354 purgatoriae.
2954 4283 3087 4337 Alia;
3130 4282 3371 4351 perfecte
3413 4293 3697 4353 purgatam

2130 4378 2366 4430 animam
2416 4375 2641 4429 trahunt
2688 4374 2756 4427 ad
2807 4374 3324 4443 contemplationem
3384 4374 3701 4445 intelligibi-

2130 4466 2282 4527 liuiu,
2315 4474 2371 4517 et
2412 4462 2668 4517 dicuntur
2715 4461 3027 4515 theoreticae
3072 4470 3233 4530 atque
3283 4460 3699 4518 intellectuales.

457 4550 678 4643 ριρτιιιαὶ
732 4573 826 4625 καὶ
885 4575 1069 4641 νοεραὶ
1118 4550 1510 4643 ὀνομάζονται.
1568 4576 1676 4627 Καὶ
1732 4575 1864 4645 ἄλλη
1924 4576 2021 4644 μὲν
2055 4550 2097 4602 D
2128 4556 2204 4611 ΑΗ

1951 4576 2021 4627 ιὲν
2055 4550 2097 4602 ο
2128 4556 2244 4611 Alia
2274 4570 2437 4625 perm
2463 4554 2634 4607 virtus
2659 4561 2746 4607 est
2778 4550 2892 4613 Dei,
2921 4552 3095 4622 angeli
3123 4552 3248 4615 alia,
3277 4552 3380 4606 alia
3438 4552 3698 4608 hominis.

452 4664 621 4735 ἀρετὴ
651 4664 811 4731 Θεοῦ,
838 4664 971 4735 ἄλλη
995 4666 1051 4718 δὲ
1080 4666 1333 4734 ἀγγέλου.
1361 4666 1492 4734 ἄλλη
1523 4667 1579 4717 δὲ
1598 4665 1908 4736 ἀνθρώπου.
1936 4669 2023 4732 Ὡς

454 4760 561 4828 γὰρ
590 4760 644 4810 αἱ
677 4758 859 4809 οὐσίαι
904 4758 1084 4810 αὐτῶν
1113 4758 1380 4828 διάφοροι.
1407 4758 1549 4811 οὕτω
1574 4760 1667 4811 καὶ
1694 4761 1749 4811 αἱ
1808 4761 2022 4829 ἀρεταί.

456 4850 564 4901 Kal.
591 4847 738 4918 ψυχὴ
773 4849 871 4916 μὲν
918 4848 1121 4919 κυρίως
1153 4852 1186 4917 ὴ
1218 4849 1407 4918 λογική
1445 4850 1559 4901 ἐστί
1616 4867 1674 4901 τε
1706 4851 1799 4901 καὶ
1826 4850 2024 4919 ὀνομά-

454 4940 625 5005 ζεται,
675 4941 736 4992 τὸ
768 4939 824 4991 δὲ
855 4940 995 5009 ὑπξρ
1025 4940 1125 5009 τὴν
1145 4939 1342 5011 ψυχὴν,
1375 4939 1519 5002 νοῦς.
1553 4941 1626 4992 Τὸ
1670 4940 1726 4993 δὲ
1761 4940 1898 5010 μετὰ
1926 4943 2025 5011 τὴν

454 5031 676 5099 λογικὴν
714 5032 913 5101 ψυχὴν,
943 5032 1135 5098 ἄλογος
1189 5030 1356 5102 ψυχὴ,
1392 5031 1486 5084 καὶ
1544 5031 1759 5085 εἴδωλον
1822 5032 2022 5102 ψυχῆς.

457 5123 663 5185 Πάσαις
694 5124 748 5175 δὲ
774 5125 895 5186 ταῖς
915 5124 1021 5175 τῶν
1043 5124 1292 5191 ἀγγέλων
1339 5124 1557 5189 τάξεσιν
1603 5126 1635 5194 ἠ
1690 5125 1858 5195 ἀρετὴ
1888 5142 2026 5195 συμ-

456 5217 725 5282 πρόεισιν,
749 5214 956 5269 ἄνωθεν
998 5216 1106 5268 άπὸ
1137 5215 1245 5268 τῶν
1282 5217 1553 5287 σεραφεὶμ
1603 5218 1899 5287 ἀρχομένη.
1964 5218 2023 5269 '0

452 5312 561 5378 γὰρ
590 5308 722 5371 Θεὸς
750 5310 844 5362 καὶ
877 5308 1135 5362 ἐπέκεινα
1181 5308 1385 5377 ἀρετῆς
1420 5310 1515 5362 καὶ
1564 5310 1761 5371 παντὸς
1814 5309 2021 5377 ἀγαθοῦ

451 5401 547 5454 καὶ
576 5400 759 5470 πάσης
790 5398 1146 5471 τελειότητος.

910 5492 1014 5563 μθ’.
1054 5493 1191 5562 Περὶ
1218 5491 1460 5563 ἀρετῶν.

530 5585 626 5650 ἘΞ
655 5586 795 5638 εἰσὶν
831 5586 879 5638 oi
910 5587 1016 5637 τῶν
1039 5586 1250 5657 ἀρετῶν
1285 5586 1501 5655 βαθμοε.
1543 5587 1699 5640 Ἔστι
1731 5588 1892 5659 γὰρὴ
1924 5590 2024 5659 μέν

450 5688 533 5733 τις
550 5674 750 5744 φυσικὴ
781 5675 970 5746 ἀρετὴ,
992 5676 1114 5744 ἥτις
1141 5678 1231 5728 καὶ
1266 5678 1322 5728 ὲν
1344 5676 1552 5746 θηρίοις
1579 5679 1909 5746 εὑρίσκεται.
1959 5679 2023 5731 Ἠ

452 5766 505 5819 δὲ
544 5766 736 5835 ἠθικὴ,
757 5767 823 5834 ἦν
850 5767 979 5819 ἔνιοι
1014 5769 1104 5818 καὶ
1135 5768 1241 5819 τῶν
1272 5769 1612 5820 ἀπαιδεύτων
1636 5770 1866 5839 ἔχουσιν.
1887 5771 1947 5822 Ἡ
1967 5770 2023 5821 δὲ

456 5856 708 5925 πολιτικὴ
730 5859 764 5925 ἡ
791 5858 927 5924 μετά
956 5858 1115 5923 λόγου
1134 5858 1226 5913 καὶ
1248 5859 1556 5929 φρονήσειντ
1584 5859 2012 5930 κατορθουμένη.

2129 4645 2197 4701 Ut
2222 4648 2365 4698 enim
2404 4643 2656 4698 essentia:
2706 4652 2835 4697 sunt
2861 4642 3111 4700 diversae.
3156 4643 3230 4696 ita
3256 4647 3419 4696 etiam
3450 4643 3700 4697 virtutes.

2125 4738 2303 4806 Atque
2332 4736 2513 4790 anima
2551 4734 2770 4804 proprie
2797 4743 2879 4787 est
2908 4734 3215 4802 diciturque
3249 4733 3609 4797 rationabilis,
3643 4744 3700 4787 et

2126 4829 2271 4897 quod
2304 4843 2465 4897 supra
2490 4828 2727 4881 animam
2755 4836 2856 4890 est,
2884 4842 3039 4880 mens
3066 4836 3150 4881 est
3176 4836 3338 4895 atque
3364 4827 3697 4882 intellectus.

2128 4918 2273 4973 Infra
2308 4920 2545 4972 animam
2578 4918 2955 4972 rationabilem
2979 4927 3064 4973 est
3086 4917 3476 4972 irrationabilis
3496 4918 3697 4980 anima,

2127 5008 2430 5077 animaeque
2462 5008 2636 5077 imago
2661 5006 2777 5061 sive
2800 5008 3029 5061 idolum.
3057 5006 3386 5078 Angelorum
3413 5008 3697 5061 ordinibus

2123 5101 2538 5170 quibuscunque
2566 5098 2633 5152 ab
2664 5097 2951 5167 Seraphim
2980 5112 3151 5166 usque
3181 5096 3563 5151 descendendo
3588 5097 3700 5151 vir-

2127 5202 2272 5247 tutes
2296 5206 2405 5246 suae
2432 5198 2759 5260 congruunt.
2803 5188 2947 5243 Deus
2979 5188 3140 5242 etiam
3163 5202 3324 5257 supra
3349 5189 3603 5243 virtutem
3640 5195 3700 5241 et

2127 5285 2331 5340 bonum
2366 5298 2529 5340 omne
2558 5291 2723 5353 atque
2746 5280 3093 5351 perfectione
3120 5280 3272 5335 omni
3303 5288 3389 5334 est
3416 5279 3695 5349 superior.

2643 5476 2731 5532 ιθ.
2762 5477 2837 5531 οι
2869 5475 3172 5530 virtutibus.

2194 5574 2300 5629 Sex
2355 5581 2483 5629 sunt
2533 5573 2791 5626 virtutum
2841 5570 3059 5642 gradus.
3125 5569 3263 5624 Nam
3311 5567 3472 5624 datur
3519 5568 3693 5623 virtus

2130 5671 2369 5741 physica,
2400 5668 2572 5738 qualis
2602 5676 2657 5721 et
2687 5666 2740 5720 in
2761 5664 2953 5721 bestiis
2986 5662 3260 5734 reperitur
3288 5654 3449 5726 {tum
3490 5661 3692 5724 ethice.

2125 5780 2245 5833 quae
2274 5765 2435 5816 etiam
2479 5770 2566 5814 est
2609 5761 2661 5813 in
2695 5757 3006 5813 hominibus
3035 5756 3179 5810 nulla
3237 5753 3483 5807 doctrina
3515 5754 3696 5814 imbu-

2129 5860 2229 5923 tis;
2261 5868 2420 5925 atque
2464 5854 2697 5924 pulitit‘a,
2733 5865 2852 5919 quae
2880 5849 3085 5904 ratione
3116 5856 3171 5905 et
3200 5846 3483 5917 prudentia
3526 5847 3697 5902 utitur
