4446 6446
464 408 564 475 721

1588 416 1683 473 ΒΕ
1714 415 2144 475 OMNiFARlA
2190 418 2585 478 DOCl‘illN.\.

3603 417 3711 482 722

463 523 647 590 ὅμοιον
688 520 764 589 τῷ
825 522 964 591 Θεῷ,
1027 524 1233 586 ἐκεῖνος
1277 524 1382 594 γάρ
1439 525 1576 594 ὑπὲρ
1628 524 1894 596 κάθαρσιν
1941 526 2036 579 καὶ
2067 534 2109 589 Α
2140 538 2219 581 cst

1954 526 2036 579 ιάὶ
2067 534 2109 589 Α
2140 538 2242 592 cst,
2281 528 2397 597 ipse
2454 531 2598 583 enim
2654 530 2973 599 purgatione
3024 540 3078 583 ct
3125 527 3581 598 contemplatione
3627 540 3710 583 est

472 614 704 682 θεωρίαν
735 613 866 665 ἐστί.
892 613 964 665 Τὸ
980 614 1033 667 δὲ
1052 613 1308 666 δύνασθαι
1334 614 1600 669 θεοποιεῖν
1629 614 1913 686 ἄνθρωπον
1938 617 2032 669 καὶ

464 708 561 775 τῆς
592 706 724 776 ὕλης
755 705 993 774 ἐξάγειν,
1011 709 1105 758 καὶ
1132 706 1240 758 τῶν
1269 704 1458 758 παθῶν
1486 705 1870 769 ἀπαλλάττειν,
1893 707 2033 759 ὣστε

460 799 718 851 δύνασθαι
749 799 843 851 καὶ
890 798 1055 850 αὐτὸν
1089 798 1370 867 θεουργεῖν
1405 798 1613 869 ἕτερον,
1667 797 1824 851 τοῦτό
1889 798 2036 850 ἐστιν

464 894 495 958 ἡ
547 890 857 958 τελειοτάτη
909 890 1185 957 ὁμοίωσις.
1232 890 1293 942 ’0
1325 890 1558 957 ἐξάγων
1603 891 1710 961 γὰρ
1740 933 1753 954 ,
1806 890 1969 959 φησὶν
2009 892 2036 942 6

462 978 592 1042 Θςός
625 981 681 1031 ἐν
709 979 1081 1045 Εὑαγγελίοις,
1121 979 1294 1043 ἄξιον
1318 979 1387 1044 ἐξ
1417 980 1693 1047 ἀναξίου,
1735 980 1815 1046 ὡς
1840 981 2033 1048 στόμα

456 1088 575 1140 μου
592 1070 784 1125 ἔσται.
829 1070 993 1141 Ὁρᾷς
1020 1071 1168 1134 ὅπως
1215 1072 1272 1123 ὲν
1308 1073 1373 1140 τῇ
1406 1070 1663 1142 θεουργὶᾳ
1709 1070 1806 1141 τὴν
1840 1070 2035 1140 ἀληθε-

466 1163 668 1229 στάτην
691 1161 934 1215 τέθεικεν
985 1161 1328 1230 ἐξομοίωσιν.
1373 1162 1512 1214 Ἀλλ’
1535 1164 1696 1232 ἡμεῖς
1730 1160 2034 1230 ἀγαπῶμεν

461 1253 508 1305 εἰ
536 1252 630 1305 καὶ
663 1256 887 1323 κοσμεῖν
922 1254 1149 1318 ἑαυτοὺς
1177 1254 1262 1308 διὰ
1289 1254 1398 1308 τῶν
1435 1252 1727 1309 πολιτικῶν
1761 1252 2035 1323 δυνάμεθα

461 1345 686 1414 ἀρετῶν.

832 1533 929 1591 νγ’.
968 1528 1095 1579 Ἔτι
1123 1528 1255 1593 περὶ
1274 1528 1522 1594 ἀρετῶν.

534 1616 758 1668 Πλάτων
782 1618 809 1668 6
839 1617 1125 1686 φιλόσοφος
1182 1619 1397 1688 πρῶτον
1425 1620 1523 1687 μὲν
1554 1620 1643 1672 διὰ
1692 1620 1788 1689 τῆς
1824 1622 2030 1673 πολιτι-

460 1706 562 1772 κῆς
591 1707 793 1776 ἀρετῆς
822 1709 1013 1775 ἀνάγει
1048 1711 1142 1763 τὸν
1170 1711 1461 1780 ἄνθρωπον
1489 1713 1570 1775 εἰς
1620 1710 1777 1774 Θεὸν,
1809 1711 1883 1773 ὡς
1941 1714 2034 1764 καὶ

456 1797 656 1863 ταύτης
681 1799 965 1867 ἐξομοιοῦν
996 1802 1301 1873 δυναμένης
1337 1803 1393 1855 τὸ
1425 1803 1580 1858 Θεῖον
1619 1805 1758 1858 κατά
1789 1804 1847 1856 τὸ
1868 1804 2027 1857 δυνα-

2140 618 2405 685 superior.
2455 620 2520 670 At
2558 635 2715 686 posse
2745 636 2808 673 ex
2858 618 3079 673 homine
3132 617 3308 672 facere
3347 617 3540 680 Deum,
3585 624 3639 668 et
3680 630 3709 668 a

2142 710 2365 763 materia
2413 710 2749 773 abstrahere,
2800 709 3201 777 aﬂectuumque
3249 707 3475 761 reddere
3514 720 3713 775 exper-

2139 812 2267 863 tem,
2315 810 2372 855 ut
2418 801 2589 870 possit
2615 810 2670 855 et
2713 802 2826 870 ipse
2873 801 3008 855 alios
3038 799 3271 853 Numine
3311 798 3557 867 implere.
3591 798 3708 851 lucc

2138 889 2526 959 perfectissima
2578 899 2663 945 est
2712 906 2835 944 cum
2891 891 2980 945 illo
3025 887 3342 944 similitudo.
3409 886 3499 940 Ait
3559 886 3704 967 enim

2139 981 2281 1038 Deus
2317 985 2390 1051 (7)
2425 984 2477 1037 in
2509 982 2814 1054 Evangeliis
2843 999 2855 1035 :
2887 980 2987 1046 Qui
3008 982 3244 1035 eduxerit
3275 981 3495 1049 dignum
3526 995 3589 1031 ea:
3623 978 3708 1029 in—

2138 1076 2314 1146 digno,
2345 1077 2498 1144 quasi
2539 1092 2595 1129 os
2635 1093 2804 1129 meum
2838 1075 2956 1129 erit.
2992 1072 3151 1147 Vides
3188 1072 3461 1143 quomodo
3492 1071 3707 1125 Thcur-

2138 1166 2219 1234 gia
2248 1166 2361 1221 sive
2392 1166 2564 1220 virtus
2605 1166 2739 1221 alios
2777 1165 3013 1219 Numine
3059 1164 3318 1233 implendi
3367 1162 3703 1219 verissimam

2139 1255 2292 1325 ponit
2343 1271 2465 1311 cum
2531 1254 2641 1309 Deo
2698 1254 3128 1310 similitudinem.
3205 1254 3470 1307 Czctcrum
3548 1252 3706 1307 nobis

2138 1350 2333 1421 egregii
2384 1350 2648 1414 videmur,
2698 1350 2740 1402 si
2800 1349 2960 1403 modo
3006 1346 3242 1418 politicis
3290 1359 3388 1400 nos
3439 1357 3705 1400 exornare

2139 1442 2424 1495 virtutibus
2464 1441 2753 1509 possimus.

2592 1532 2678 1585 5'5.
2713 1532 2896 1584 Adhuc
2925 1535 2989 1584 de
3029 1532 3239 1585 virtute.

2206 1622 2571 1691 Philosophus
2611 1622 2761 1676 Plato
2803 1622 3040 1692 primum
3080 1636 3180 1692 per
3220 1621 3492 1691 politicam
3532 1619 3695 1675 virtu-

2138 1721 2242 1765 tem
2278 1711 2549 1766 hominem
2583 1711 2804 1765 adducit
2843 1712 2909 1764 ad
2952 1711 3146 1777 Deum,
3174 1711 3317 1779 quod
3356 1718 3410 1765 et
3440 1709 3528 1769 illa
3562 1726 3693 1779 quo-

2135 1805 2423 1859 dammodo
2450 1806 2618 1875 possit
2652 1804 2891 1859 divinam
2927 1804 3337 1859 similitudinem
3367 1803 3603 1869 referre;
3634 1806 3701 1857 ab

454 1895 567 1942 τόν.
610 1891 745 1943 Ἀπὸ
768 1892 825 1944 δὲ
851 1891 1054 1961 ταύτης
1086 1894 1376 1961 ἀνάγειδιά
1390 1894 1489 1963 τῆς
1510 1894 1851 1965 καθαρτικῆς
1882 1894 2027 1965 ζωῆς
2060 1891 2098 1916 ⁸³
2130 1897 2210 1949 hat

1913 1895 2027 1965 ωῆς
2060 1891 2098 1916 υ
2130 1897 2229 1950 hac
2259 1912 2355 1966 per
2396 1898 2734 1965 purgativam
2772 1896 2935 1950 vitam
2979 1896 3227 1965 perducit
3265 1894 3331 1950 ad
3362 1894 3669 1964 contempla

455 1983 533 2044 ei;
556 1984 653 2051 τὴν
690 1982 945 2053 θεωρίαν.
994 1986 1209 2055 Ἐπειδὴ
1240 1986 1369 2054 γὰρ,
1408 1989 1591 2057 φησὶν,
1622 1988 1653 2040 6
1679 1987 1807 2050 Θεὸς
1845 1987 2028 2055 διττὴν

454 2073 568 2142 ἔχει
602 2074 703 2144 τὴν
728 2074 1029 2143 ἐνέργειαν,
1060 2075 1158 2145 τὴν
1183 2077 1306 2130 καθ’
1330 2078 1399 2147 ἦν
1426 2079 1487 2129 ὲν
1526 2077 1734 2148 θεωρίᾳ
1757 2078 1863 2131 τῶν
1888 2079 2027 2131 ὅλων

457 2164 598 2228 ἐστὶ,
634 2166 740 2234 πρὸ
774 2164 955 2236 πάσης
986 2166 1215 2228 κτίσεως
1241 2169 1366 2231 τοὺς
1388 2168 1579 2235 λόγους
1605 2168 1782 2221 αὐτῶν
1806 2169 2029 2223 ἐπιστά-

460 2273 642 2323 μενος,
677 2256 773 2327 τὴν
810 2257 889 2321 δὲ,
932 2257 1145 2330 καθ’ἥν
1189 2258 1296 2311 τῶν
1329 2260 1592 2329 χειρόνων
1638 2264 1871 2315 ποιεῖται
1927 2262 2027 2333 τὴν

453 2346 706 2415 πρόνοιαν
732 2365 744 2377 ⁸
774 2348 864 2401 διὰ
891 2349 1063 2403 ταῦτα
1096 2350 1186 2403 καὶ
1214 2353 1242 2403 ὁ
1274 2350 1556 2418 ἄνθρωπος
1584 2353 1912 2424 μιμούμενος
1937 2354 2028 2408 τὸν

453 2440 605 2502 Θεὸν,
637 2441 695 2493 ὲν
746 2441 843 2508 μὲν
873 2445 993 2505 ταῖς
1024 2442 1324 2505 πολιτικαῖς
1369 2445 1589 2512 ἀρεταῖς
1643 2446 2027 2516 ἐπιστρέφεται

455 2525 589 2593 πρὸς
612 2526 680 2577 τά
712 2527 861 2595 τῇδε,
894 2530 988 2581 καὶ
1014 2532 1209 2599 κοσμεῖ
1245 2532 1367 2594 τοὺς
1398 2532 1855 2602 καταδεεστέρους
1904 2538 2025 2600 ταῖς

456 2616 877 2685 μετριοπάθειαν
918 2622 1213 2690 φερούσαις
1244 2625 1486 2695 ἀρεταῖς.
1554 2628 1642 2679 Ἐν
1670 2627 1727 2681 δὲ
1775 2628 1852 2697 τῷ
1887 2629 2022 2682 θεω-

456 2711 566 2777 ρεῖν
583 2710 809 2773 ἀναϐὰς,
830 2714 930 2783 ὁρᾷ
986 2715 1108 2776 τοὺς
1124 2715 1311 2781 λόγους
1324 2715 1575 2769 ἁπάντων
1602 2720 1724 2779 τοὺς
1739 2721 2022 2786 φυσικοὺς,

454 2802 575 2863 τοὺς
598 2801 882 2871 ψυχικοῦς,
918 2805 1044 2866 τοὺς
1069 2806 1307 2872 νοεροῦς,
1334 2807 1457 2871 τοὺς
1482 2808 1800 2877 ὑπερφυεῖς.
1824 2813 1918 2865 καὶ
1938 2814 2022 2880 γί-

452 2909 600 2946 νεται
627 2894 854 2964 ὄργανον
872 2896 966 2949 τοῦ
980 2897 1137 2963 Θεοῦ,
1154 2897 1287 2965 ὁμοῦ
1303 2916 1359 2951 τε
1378 2900 1511 2969 πρὸς
1524 2902 1727 2955 ἐκεῖνον
1738 2904 1899 2973 ὀρῶν,
1930 2906 2023 2959 καὶ

454 2985 562 3038 τῶν
592 2988 716 3056 τῇδε
741 2988 1061 3058 ποιούμενος
1096 2992 1371 3061 πρόνοιαν.
1418 2994 1565 3064 Πλὴν
1610 2994 1784 3059 ἄλλως
1814 3000 2024 3069 ἐνεργεῖ

455 3079 550 3141 τὰς
579 3080 832 3143 τοιαύτας
874 3082 1077 3151 ἀρετὰς
1106 3086 1163 3135 ὲν
1215 3087 1426 3153 σώματι
1451 3080 1583 3138 οὖσα
1638 3088 1804 3158 ψυχὴ,
1847 3090 2021 3155 ἄλλως

452 3170 508 3221 δὲ
534 3171 906 3240 ἀπαλλαγεῖσα
930 3175 1023 3227 τοῦ
1054 3176 1328 3245 σώματος.

888 3265 985 3318 κδ’.
1018 3268 1145 3321 Ἔτι
1171 3269 1300 3335 περὶ
1328 3270 1577 3336 ἀρετῶν.

533 3355 597 3407 Ἠ
632 3373 731 3423 μεν
760 3358 915 3410 οὐσία
942 3361 1035 3411 καὶ
1065 3360 1196 3412 αὐτὸ
1220 3360 1279 3413 τὸ
1308 3358 1445 3414 εἶναι
1475 3363 1582 3416 ἀπὸ
1613 3364 1705 3416 τοῦ
1738 3366 1826 3417 νοῦ
1853 3367 1958 3418 πᾶσ
1971 3384 2017 3419 ιν

452 3444 646 3512 ἐφήκει
676 3444 766 3496 καὶ
788 3444 880 3497 τοῦ
902 3446 1074 3510 ὄντος,
1101 3450 1132 3517 ή
1165 3448 1219 3500 δὲ
1244 3448 1332 3501 διὰ
1352 3450 1462 3503 τῶν
1482 3451 1693 3520 ἀρετῶν
1722 3453 2016 3524 τελειότης,

451 3535 558 3587 ἀπὸ
578 3534 671 3586 τοῦ
701 3535 835 3588 Θεοῦ
869 3538 1248 3607 παραγίνεται.
1282 3540 1491 3613 Ὥσπερ
1518 3541 1624 3613 γὰρ
1648 3543 1712 3596 ἐκ
1745 3543 1836 3596 τοῦ
1871 3545 2019 3613 πρώ-

452 3643 557 3687 τως
587 3626 737 3690 δντος
771 3628 831 3680 τδ
869 3627 950 3694 ὃν,
983 3629 1153 3690 οὕτως
1200 3633 1262 3685 ἐκ
1320 3631 1413 3684 τοῦ
1444 3634 1674 3702 πρώτως
1706 3635 1914 3702 ἀγαθοῦ
1958 3637 2018 3689 τὸ

454 3718 675 3783 ἀγαθόν.
704 3718 919 3772 Μᾶλλον
942 3721 997 3772 δὲ
1039 3722 1129 3773 καὶ
1162 3723 1193 3791 ὴ
1228 3722 1383 3776 οὐσία
1434 3724 1529 3777 καὶ
1563 3727 1596 3795 ἡ
1626 3726 1794 3796 ἀρετὴ
1826 3729 1888 3780 ὲκ
1923 3728 2016 3781 τοῦ

451 3806 607 3860 Θεοῦ.
643 3807 783 3859 Ἀλλ’
812 3810 842 3877 ἡ
880 3810 978 3877 μὲν
1007 3810 1163 3861 οὐσία
1208 3814 1350 3864 κατά
1376 3813 1473 3883 τὴν
1502 3815 1665 3868 αὑτοῦ
1694 3817 1914 3885 πρόοδον
1940 3837 1956 3852 ο
1984 3821 2016 3889 ἡ

453 3900 556 3969 γὰρ
588 3900 743 3953 obsta.
792 3903 960 3953 πᾶσιν
988 3902 1094 3955 ἀπὸ
1121 3904 1214 3956 τοῦ
1246 3904 1380 3957 Θεοῦ
1434 3907 1675 3976 πρόεισιν
1699 3925 1713 3940 ⁸
1776 3911 1808 3979 ἡ
1845 3910 1901 3963 δὲ
1929 3929 2016 3964 τε·

450 3992 663 4059 λειότης
712 3994 851 4045 κατὰ
914 3993 1013 4063 τὴν
1074 3995 1209 4063 πρὸς
1285 3997 1446 4049 αὑτὸν
1512 4001 1862 4071 ἐπιστροφήν.
1933 4003 2007 4056 Οὐ

448 4084 669 4137 δύναται
692 4072 798 4155 γάρ
816 4086 1165 4155 τελειωθῆναι
1182 4088 1302 4139 κατ’
1332 4088 1530 4162 ἀρετὴν
1545 4090 1847 4162 ἄνθρωπος,
1872 4096 1919 4146 ει
1943 4095 2015 4165 μὴ

448 4178 545 4245 τὴν
567 4176 901 4247 ἐπιστροφὴν
943 4178 1078 4249 πρὸς
1108 4177 1196 4230 τὸν
1225 4178 1358 4233 Θεὸν
1378 4180 1646 4251 ὲνεργοίη.
1674 4182 1883 4255 Ὠσπερ
1910 4188 2017 4257 γὰρ

448 4265 523 4327 ὠς
554 4266 687 4336 πρὸς
733 4267 1089 4337 παράδειγμα
1140 4267 1447 4339 ζωγραφῶν
1475 4274 1573 4325 οὐκ
1603 4272 1668 4325 ἂν
1711 4275 1885 4338 ἄλλως
1920 4276 2017 4347 τὴν

450 4358 816 4438 προκειμένην
869 4359 1205 4429 ἀρχετυπίαν
1256 4362 1470 4415 λάϐοιεν
1505 4362 1582 4433 τῷ
1630 4368 1932 4437 μιμήματι,
1968 4371 2017 4423 εἰ

451 4451 525 4519 μὴ
558 4452 795 4521 συνεχῶς
826 4452 965 4521 πρὸς
996 4452 1165 4521 αὐτὴν
1195 4454 1530 4525 ἐπιστρέφοι,
1566 4456 1709 4511 οὕτω
1746 4462 1837 4513 καὶ
1865 4461 1894 4513 6
1919 4461 2017 4531 τὴν

2127 1988 2349 2041 tionem.
2384 1986 2663 2056 Siquidem
2700 1986 2923 2056 duplex,
2974 1996 3033 2040 ut
3073 1988 3149 2041 ait
3180 1986 3290 2051 ille,
3319 1998 3474 2040 actus
3504 1986 3557 2039 in
3589 1986 3700 2039 Dt‘O

2125 2090 2237 2132 est:
2275 2095 2416 2133 unus
2437 2087 2701 2148 quatenus
2727 2080 2780 2132 in
2802 2077 3257 2149 contemplatione
3280 2078 3559 2132 universas
3575 2085 3700 2131 ante

2127 2186 2341 2232 onmem
2366 2187 2477 2224 rrm
2506 2180 2744 2225 creatam
2772 2171 3013 2225 rationes
3043 2169 3287 2225 omnium
3312 2169 3462 2225 novit
3494 2184 3557 2223 ac
3571 2184 3695 2238 per-

2126 2271 2343 2331 Spectas
2382 2262 2565 2328 habet,
2602 2272 2655 2316 et
2706 2261 2841 2316 alter
2881 2277 2989 2331 quo
3029 2261 3291 2331 prospicit
3326 2261 3698 2317 inferioribus.

2128 2353 2416 2422 l’r0ptorea
2457 2363 2512 2408 ct
2543 2354 2706 2409 homo
2744 2352 2915 2407 Deum
2956 2354 3208 2410 imitatus
3256 2352 3495 2423 politicis
3528 2351 3699 2406 virtu-

2125 2444 2271 2499 tibus
2300 2459 2386 2498 res
2408 2444 2572 2512 hujus
2608 2445 2730 2499 vitae
2773 2452 2947 2508 curat,
2979 2452 3145 2515 atque
3181 2458 3280 2514 per
3311 2443 3540 2497 virtutes
3566 2441 3699 2495 ασε-

2127 2543 2313 2590 ctuum
2336 2535 2722 2590 moderatrices
2739 2549 2897 2605 Opem
2924 2534 3030 2591 fert
3049 2533 3437 2590 inferioribus:
3462 2544 3702 2589 contem-

2126 2624 2364 2694 platione
2405 2633 2586 2679 autem
2630 2626 2943 2681 ascendens
2980 2626 3224 2679 omnium
3277 2626 3515 2681 rationes
3570 2641 3697 2697 per-

2126 2715 2287 2785 spicit
2311 2715 2426 2770 sive
2458 2716 2751 2779 naturales,
2776 2717 2891 2773 sive
2931 2716 3257 2781 animarum,
3294 2717 3409 2771 sive
3436 2718 3699 2771 men‘tales

2124 2822 2189 2861 ac
2213 2808 2677 2877 supernaturales,
2702 2817 2863 2877 atque
2896 2810 2952 2862 tit
2986 2810 3410 2863 instrumentum
3462 2808 3575 2875 Dei,
3627 2809 3695 2861 ad

2125 2915 2285 2970 quem
2339 2900 2501 2955 simul
2552 2901 2725 2956 aciem
2782 2901 2990 2972 dirigit.
3042 2901 3108 2956 Et
3161 2903 3323 2957 rebus
3367 2903 3531 2973 hujus
3574 2902 3697 2956 vita

2125 2992 2464 3062 prospiciens
2506 2994 2709 3058 anima,
2760 2992 2917 3048 aliter
2973 3002 3153 3049 tamen
3185 2995 3442 3049 virtutem
3501 2994 3695 3063 hujus-

2126 3082 2269 3136 modi
2304 3093 2521 3137 exercet
2547 3083 2677 3138 dum
2711 3084 2763 3137 in
2803 3098 3032 3155 corpore
3053 3095 3154 3149 cst,
3187 3085 3450 3155 aliterque
3476 3086 3694 3157 quando

2047 3197 2091 3254 ο
2125 3183 2219 3241 est,
2241 3176 2485 3241 corporis
2509 3174 2737 3228 vinculis
2765 3173 2963 3228 soluta.

2553 3264 2640 3320 56.
2668 3264 2848 3319 Adhuc
2872 3266 2935 3319 de
2976 3264 3271 3322 virtutibus.

2191 3354 2457 3421 Esscntia,
2493 3363 2548 3409 et
2568 3354 2743 3423 ipsum
2777 3353 2883 3409 hoc
2907 3355 3050 3423 quod
3079 3357 3221 3420 sint,
3255 3369 3291 3409 ι
3315 3364 3498 3411 mente
3522 3360 3695 3413 omni-

2120 3444 2219 3499 bus
2246 3446 2430 3500 datum
2460 3454 2563 3507 est,
2589 3454 2645 3499 et
2670 3444 2739 3500 ab
2763 3454 2889 3500 ente
2914 3462 2926 3498 :
2958 3445 3056 3500 sed
3084 3447 3341 3502 virtutum
3374 3449 3636 3517 perfectio
3662 3467 3695 3505 a

2121 3534 2230 3590 Deo
2281 3536 2665 3605 proﬁciscitur.
2716 3534 2869 3591 Sicut
2920 3537 3064 3591 enim
3107 3553 3173 3593 ex
3218 3540 3505 3609 principali
3563 3552 3692 3597 ente

2117 3640 2238 3689 ens,
2273 3628 2354 3681 sic
2381 3642 2446 3682 ex
2482 3627 2767 3697 principali
2800 3626 2944 3681 bono
2973 3638 3056 3682 est
3093 3628 3319 3684 bonum.
3368 3632 3461 3685 Vel
3511 3633 3693 3701 potius

2118 3717 2428 3770 etessentia
2462 3728 2517 3771 et
2538 3717 2709 3770 virtus
2731 3732 2798 3770 ex
2834 3716 2945 3771 Deo
2977 3728 3123 3781 sunt,
3172 3719 3269 3773 sed
3312 3722 3550 3776 essentia
3602 3739 3692 3777 ra-

2122 3806 2267 3860 tione
2302 3807 2548 3877 originis,
2584 3808 2822 3862 essentia
2860 3808 3005 3862 enim
3056 3811 3311 3866 omnibus
3360 3827 3391 3865 a
3420 3813 3532 3867 Deo
3563 3829 3691 3882 pro-

2120 3896 2292 3964 ﬂuxit,
2326 3898 2585 3967 perfectio
2611 3909 2792 3955 autem
2820 3900 2875 3955 in
2909 3899 3133 3967 virtute,
3175 3914 3422 3972 respectu
3458 3920 3691 3960 conver-

2122 3989 2290 4043 sionis
2311 3990 2378 4043 ad
2411 3990 2599 4044 Deum.
2633 3990 2819 4063 Neque
2857 3996 3005 4049 enim
3058 3994 3243 4064 perﬁci
3280 3995 3483 4051 virtute
3526 3998 3690 4052 homo

2119 4079 2340 4148 poterit,
2373 4080 2475 4135 nisi
2518 4082 2584 4136 ad
2634 4082 2805 4137 Deum
2834 4094 3155 4140 convertere
3193 4100 3253 4140 se
3305 4085 3575 4142 instituat.
3604 4088 3691 4143 Si-

2119 4171 2336 4240 quidem
2366 4181 2422 4227 et
2466 4174 2641 4242 pictor
2680 4176 2988 4244 exemplum
3023 4191 3390 4246 expressurus
3410 4193 3688 4248 nunquam

2119 4261 2416 4318 imitatione
2447 4262 2722 4335 archetypi
2753 4267 3083 4336 assequitur,
3129 4268 3233 4323 nisi
3277 4270 3346 4324 ad
3386 4269 3519 4323 illud
3548 4272 3686 4325 assi-

2119 4354 2306 4409 duese
2356 4356 2710 4412 converterit.
2744 4357 2862 4423 ,δὴ
2912 4359 3005 4427 qui
3054 4357 3310 4416 virtutem
3348 4362 3400 4415 in
3459 4377 3519 4416 se
3569 4362 3688 4431 ipso

2121 4443 2350 4498 voluerit
2372 4444 2718 4509 adumbrare,
2742 4456 2837 4501 alll
2864 4448 3140 4503 coloribus
3164 4452 3331 4505 veluti
3353 4450 3685 4513 describere.

449 4545 650 4614 ἀρετὴν
686 4547 740 4597 ἐν
786 4546 963 4615 ἐαυτῷ
1009 4522 1370 4616 σκιαγραφῶν
1480 4551 1573 4603 καὶ
1619 4522 2014 4623 περιχρωννὺς,
2047 4522 2090 4578 D
2119 4550 2205 4589 ¹¹⁰¹

1932 4522 2014 4617 δέ,
2047 4522 2090 4578 Ι)
2119 4550 2227 4589 non
2257 4535 2415 4589 aliter
2457 4535 2566 4591 Deo
2594 4538 2877 4592 assimilari
2922 4541 3141 4609 poterit,
3180 4556 3341 4609 quam
3379 4542 3423 4596 si
3452 4542 3519 4596 ad
3562 4560 3688 4597 eum

448 4636 545 4687 οῦκ
592 4638 656 4688 ἂν
704 4637 877 4697 ἄλλως
933 4637 1185 4709 δυνηθείη
1221 4628 1618 4712 ἐξομοιωθῆναι
1663 4643 1802 4714 Θεῷ,
1854 4646 1903 4697 el
1938 4646 2011 4716 μὴ

448 4729 584 4797 πρὸς
611 4731 817 4781 ἐκεῖνον
843 4730 1104 4800 διηνεκῶς
1142 4733 1481 4802 ἐπιστρέφει,
1518 4735 1612 4787 καὶ
1643 4735 1731 4787 διά
1762 4735 1854 4789 τοῦ
1892 4738 2016 4788 ὲπι-

450 4818 775 4886 στημονικοῦ
811 4820 988 4886 λόγου,
1022 4822 1117 4874 καὶ⁵
1144 4822 1242 4892 τῆς
1274 4824 1369 4876 τοῦ
1402 4824 1849 4895 παραδείγματος
1882 4825 2015 4880 θεω-

454 4906 593 4975 ρίας,
616 4909 674 4960 ἐν
708 4907 885 4977 ἐαυτῷ
910 4908 1338 4979 ἐξακρισώσεται
1358 4911 1417 4964 τὸ
1447 4912 1822 4981 πρωτότυπον.

868 5004 961 5052 γε’.
994 4998 1122 5052 Ἔτι
1155 5000 1288 5068 περὶ
1318 5000 1563 5070 ἀρετῶν.

532 5090 589 5141 '0
626 5090 731 5175 μὲν
780 5091 919 5159 ἔχων
948 5088 1048 5161 τὴν
1106 5089 1429 5164 θεουργικὴν
1481 5095 1684 5166 ἀρετὴν
1731 5096 2012 5168 θεοπάτωρ

448 5184 915 5253 κατονομάζεταιν
955 5186 1141 5257 ἐπειδὴ
1168 5186 1275 5257 γὰρ
1334 5187 1488 5251 θεοὺς
1517 5190 1641 5251 τοὺς
1694 5188 2013 5258 ἀνθρώπους

446 5271 599 5336 οὗτος
630 5276 939 5345 ἐργάζεται,
972 5278 1059 5332 διά
1104 5278 1273 5333 ταῦτα
1333 5279 1615 5349 θεοπάτωρ
1647 5278 1909 5333 καλεῖται.
1956 5281 2014 5335 '0

449 5365 506 5418 et
540 5365 678 5435 ἔχων
706 5367 803 5437 τὴν
833 5368 1176 5441 θεωρητικὴν
1205 5370 1426 5442 ἀρετὴν,
1459 5370 1601 5435 θεῖος
1630 5371 1952 5440 ὀνομάζεται
1994 5389 2007 5402 ι

447 5459 475 5508 ὁ
524 5456 580 5509 δὲ
611 5456 749 5528 ἔχων
773 5460 870 5529 τὴν
897 5461 1252 5532 καθαρτικὴν,
1280 5462 1553 5532 δαιμόνιος
1578 5480 1592 5493 ο
1621 5465 1648 5515 6
1677 5464 1730 5516 δὲ
1754 5464 1893 5534 ἔχων
1913 5465 2011 5534 τὴν

448 5549 752 5618 πολιτικὴν,
780 5551 1084 5615 σπουδαῖος.
1108 5552 1402 5621 Θεοπάτωρ
1424 5554 1478 5607 δὲ
1506 5554 1747 5607 καλεῖται
1776 5556 1802 5606 ό
1826 5554 2012 5623 θεουρ-

2114 4628 2461 4682 continenter
2488 4644 2545 4683 se
2578 4640 2881 4695 convertat,
2917 4642 2969 4686 et
3006 4631 3299 4687 scientiﬁca
3323 4634 3531 4688 ratione
3556 4650 3687 4689 con-

2116 4720 2571 4792 templationeque
2610 4723 2845 4791 exempli
2879 4723 2933 4779 in
2970 4724 3151 4794 seipso
3185 4736 3437 4783 accurate
3459 4727 3685 4782 medite-

2117 4820 2203 4866 tur
2229 4821 2591 4883 prototypum.

2531 5004 2619 5061 55.
2653 5004 2832 5059 Adhuc
2866 5008 2927 5061 de
2970 5008 3273 5063 virtutibus.

2189 5092 2545 5165 Theurgicam
2594 5097 2852 5153 virtutem
2910 5099 3001 5169 qui
3060 5100 3225 5156 habet
3268 5108 3421 5171 pater
3465 5102 3685 5161 divinus

2118 5185 2438 5253 appellatur,
2469 5188 2722 5257 quoniam
2750 5189 2896 5245 enim
2926 5205 2991 5245 ex
3025 5191 3338 5249 hominibus
3366 5192 3496 5249 facit
3528 5194 3681 5261 deos,

2118 5274 2209 5329 illo
2260 5278 2408 5331 venit
2453 5279 2692 5338 nomine.
2740 5279 2844 5345 Qui
2896 5283 3348 5353 contemplatoria
3382 5285 3546 5355 pollet
3573 5285 3681 5341 vir-

2120 5376 2253 5429 tute,
2283 5368 2427 5423 hunc
2458 5370 2698 5424 divinum
2725 5384 2937 5439 vocant,
2970 5374 3044 5428 uti
3076 5375 3403 5431 daemonium
3433 5377 3527 5449 qui
3554 5394 3682 5448 pur-

2120 5458 2343 5529 galaria,
2378 5460 2471 5516 sed
2499 5464 2589 5531 qui
2621 5463 2836 5533 politica
2865 5476 2947 5522 est
2980 5467 3256 5537 praeditus,
3287 5468 3447 5526 homo
3481 5470 3681 5540 probus

2120 5549 2337 5604 dicitur.
2392 5549 2642 5623 Theurgo
2701 5554 2960 5612 tribuitur
3021 5559 3187 5627 patris
3244 5558 3413 5614 diviui
3459 5575 3678 5627 nomen,

1909 5664 2045 5720 NOT
2053 5664 2116 5718 ,Ε
2127 5705 2137 5717 .

518 5753 594 5815 (7)
625 5756 873 5811 Jeremia:
916 5774 981 5810 xv
1017 5798 1029 5818 ,

448 5823 685 5889 ἀναξίου,
716 5826 790 5888 ὡς
826 5828 883 5881 τὸ
910 5830 1077 5899 στόμα
1117 5846 1217 5907 μου
1246 5828 1360 5899 ἔσῃ.

1088 5758 1151 5812 19
1202 5760 1362 5835 :“Ka‘t
1420 5758 1519 5814 ἐὰν
1559 5760 1830 5827 ἐξαγαγης
1890 5760 2067 5826 τίμιον
2101 5759 2266 5825 (ἄξιον
2322 5760 2414 5812 καὶ
2472 5760 2647 5830 τίμιον
2708 5761 2844 5818 Cons

1926 5760 2067 5826 ἱμιον
2101 5759 2266 5825 (ἄξιον
2322 5760 2414 5812 καὶ
2472 5760 2647 5830 τίμιον
2708 5761 2997 5818 Conslitut.
3057 5761 3297 5833 Apostol.
3345 5761 3411 5831 ll,
3443 5762 3533 5835 56)
3571 5765 3678 5823 ἀπὸ
