4446 6446
744 346 849 407 723

747 555 1215 622 contemplatorize
1255 558 1471 616 virtutis
1520 579 1681 618 causa
1747 565 1913 621 Deum
1959 572 2311 640 appellamus.

749 642 978 712 Oportet
1010 648 1169 718 igitur
1199 650 1288 717 qui
1322 668 1416 720 per
1446 656 1891 714 assimilationem
1927 662 1994 716 ad
2030 662 2194 717 Deum
2224 664 2316 718 ad-

746 735 869 792 duci
913 740 1060 803 velit,
1094 743 1328 809 primum
1362 746 1634 801 hominem
1665 752 1891 817 probum
1932 754 2067 817 fieri,
2118 755 2314 810 deinde

748 829 1092 888 dannonium.
1142 841 1254 885 tum
1297 836 1535 890 divinum
1598 852 1829 908 patrem.
1882 845 1959 899 Ac
2003 846 2316 915 contingere

748 927 923 985 potest
966 921 1272 990 aliquando,
1300 935 1357 977 ut
1386 927 1686 985 dremonius
1721 942 1775 986 et
1805 935 2006 1002 probus
2048 936 2210 989 homo
2250 938 2316 991 ad

748 1010 1006 1064 malitiam
1040 1023 1092 1066 et
1121 1014 1303 1067 vitium
1346 1017 1593 1074 deﬂectat
1627 1038 1640 1085 ;
1696 1022 1835 1077 forte
1865 1034 1918 1078 et
1962 1025 2177 1080 divinus
2202 1029 2317 1083 sive

747 1104 1058 1158 tlteoreticre
1094 1106 1302 1161 virtutis
1340 1125 1579 1179 compos.
1612 1114 1679 1166 At
1739 1116 1997 1187 tlteurgus
2023 1117 2135 1172 sive
2166 1130 2319 1188 pater

748 1196 964 1250 divinus
1000 1206 1051 1249 et
1084 1206 1227 1252 totus
1257 1211 1406 1255 extra
1437 1217 1495 1256 se
1549 1205 1602 1257 in
1641 1206 1748 1259 Deo
1781 1210 2007 1275 positus,
2041 1226 2316 1280 nunquam

749 1295 927 1354 potest
975 1288 1040 1342 ad
1088 1295 1419 1347 contrariam
1453 1295 1637 1350 virtuti
1686 1301 1924 1367 speciem
1957 1300 2143 1364 dilabi,
2194 1319 2317 1358 cum

749 1387 893 1431 totus
932 1389 1081 1433 extra
1116 1396 1174 1435 se
1203 1394 1258 1436 ct
1296 1382 1438 1439 Deus
1460 1389 1860 1453 quodammodo
1886 1392 2060 1448 factus
2087 1395 2174 1448 sit.

1169 1491 1253 1546 56.
1291 1494 1474 1548 Adhuc
1499 1498 1562 1551 de
1596 1499 1890 1554 virtutibus.

817 1576 939 1632 Tria
975 1579 1089 1634 haec
1119 1583 1406 1638 animabus
1458 1586 1661 1652 insunt,
1701 1588 1948 1654 facultas,
1992 1595 2195 1663 passio,
2227 1598 2318 1650 lia-

745 1666 912 1723 bitus.
954 1668 1238 1725 Passiones
1266 1676 1481 1743 quidem
1511 1688 1637 1732 sunt
1662 1681 1950 1749 cupiditas,
1984 1686 2085 1749 ira,
2118 1698 2316 1748 metus.

751 1758 976 1823 invidia,
1016 1762 1362 1823 confidentia.
1409 1767 1684 1836 gaudium,
1716 1784 1889 1834 amor,
1922 1772 2127 1836 odium,
2173 1776 2318 1829 desi-

746 1848 976 1911 derium,
1013 1849 1305 1911 aemulatio,
1356 1854 1746 1910 misericordia.
1800 1859 2049 1915 Facultas
2080 1879 2206 1917 vero
2237 1873 2318 1919 est

746 1954 848 2001 qua
885 1940 1165 2006 passiones
1221 1943 1350 1999 istas
1410 1947 1614 2000 sentire
1667 1964 1979 2017 possumus,
2022 1952 2181 2011 irasci
2234 1958 2317 2010 vel

747 2026 931 2081 dolere
976 2031 1064 2083 vel
1110 2032 1377 2087 misereri.
1439 2033 1669 2091 Habitus
1716 2037 1973 2109 deniqne,
2024 2058 2132 2111 quo
2179 2044 2318 2099 bene

749 2121 830 2171 vel
863 2121 1000 2173 male
1030 2136 1128 2175 nos
1154 2123 1220 2177 ad
1258 2125 1537 2191 passiones
1567 2128 1823 2197 gerimus,
1858 2140 1918 2184 ut
1949 2132 2003 2187 in
2037 2134 2115 2187 ira
2145 2135 2189 2187 si
2230 2152 2318 2189 ve-

748 2212 1055 2267 hementius
1086 2214 1169 2267 vel
1203 2214 1481 2267 remissius
1504 2216 1651 2283 justo
1678 2219 1989 2286 irascimur,
2023 2226 2162 2279 male
2205 2229 2319 2296 agi-

748 2319 889 2366 mus,
939 2313 1099 2374 atque
1161 2306 1231 2359 ita
1281 2306 1335 2359 in
1389 2308 1618 2362 caeteris.
1676 2309 1913 2366 Virtutes
1979 2315 2160 2385 itaque
2218 2335 2321 2376 nec

750 2396 1031 2463 passiones
1080 2406 1207 2451 sunt
1254 2415 1355 2454 nec
1408 2400 1716 2463 facultates.
1764 2404 1857 2458 sed
1916 2406 2153 2471 habitus,
2210 2427 2317 2465 non

747 2490 890 2545 enim
934 2508 962 2544 a
997 2493 1339 2562 paSsionibus
1381 2496 1613 2550 dicimur
1646 2497 1773 2551 boni
1811 2500 1893 2554 vel
1926 2504 2100 2571 pravi,
2148 2506 2243 2559 sed
2290 2522 2320 2558 a

749 2578 1042 2636 virtutibus
1078 2598 1141 2638 ac
1186 2584 1329 2637 vitiis
1369 2585 1441 2639 ita
1487 2602 1890 2657 nuncupantur.
1942 2591 2021 2645 Ac
2069 2593 2323 2650 timemus

748 2673 967 2741 quidem
1018 2676 1101 2729 vel
1148 2673 1435 2729 irascimur
1477 2676 1595 2732 sine
1640 2681 1954 2749 proposito;
1990 2690 2045 2735 at
2093 2684 2323 2740 virtutes

750 2778 813 2815 ex
842 2763 1119 2831 proposito
1161 2774 1310 2827 sunt,
1352 2775 1446 2827 aut
1477 2784 1586 2822 non
1629 2770 1747 2825 sine
1779 2774 2079 2844 proposito.
2125 2776 2169 2828 A
2199 2792 2323 2845 pas-

753 2852 998 2907 sionibus
1020 2854 1180 2908 etiam
1210 2858 1413 2911 meveri
1447 2859 1679 2920 dicimur
1712 2879 1725 2914 :
1780 2876 1811 2916 a
1847 2864 1992 2917 vitiis
2023 2874 2205 2919 autem
2238 2868 2323 2921 vel

754 2946 1044 3009 virtutibus
1096 2963 1205 3002 non
1251 2949 1486 3005 dicimur
1536 2953 1761 3018 moveri,
1820 2956 1914 3008 sed
1958 2954 2062 3010 ltoc
2106 2956 2189 3010 vel
2217 2957 2324 3013 alio

754 3037 914 3092 modo
942 3040 1241 3109 comparati
1266 3056 1406 3097 esse.

1172 3155 1257 3208 57.
1294 3156 1475 3208 Adhuc
1497 3158 1561 3210 de
1595 3157 1900 3211 virtutibus.

830 3259 1111 3317 Fortitudo
1157 3272 1242 3317 est
1274 3265 1619 3319 mediocritas
1654 3268 1798 3321 inter
1836 3283 2116 3324 excessum
2156 3271 2322 3325 auda-

756 3354 855 3408 cia:
904 3365 959 3409 et
1007 3354 1279 3411 defectum
1329 3372 1357 3410 a
1410 3358 1731 3420 timiditate,
1770 3369 2127 3428 versaturque
2183 3362 2323 3416 circa

759 3444 982 3499 timores
1036 3459 1097 3498 ac
1154 3444 1424 3498 ﬁduciam.
1476 3446 1871 3515 Temperantia
1924 3463 2178 3505 excessus
2247 3459 2328 3504 est

757 3535 991 3598 luxnria,
1025 3535 1267 3590 defectus
1296 3545 1504 3605 stupor,
1561 3538 1720 3592 liceat
1767 3538 1913 3593 enim
1966 3540 2065 3594 hoc
2105 3540 2327 3594 nomine

761 3626 911 3678 illum
945 3625 1238 3693 appellare.
1274 3627 1430 3679 Circa
1461 3627 1805 3696 largitionem
1834 3629 2101 3683 bonorum
2152 3640 2206 3684 et
2234 3646 2326 3685 ac-

760 3719 1063 3786 ceptionem
1114 3717 1457 3772 mediocritas
1525 3729 1608 3773 est
1670 3720 2004 3788 liberalitas,
2070 3739 2326 3778 excessus

759 3810 1022 3876 profusio,
1053 3812 1168 3864 sive
1198 3811 1487 3880 prodigalis
1519 3814 1744 3875 abusus,
1795 3814 2041 3870 defectus
2066 3832 2193 3871 vero
2219 3816 2321 3869 illi-

760 3902 1012 3956 beralitas
1041 3902 1156 3956 sive
1209 3902 1370 3956 nimia
1402 3903 1756 3971 parcimonia.
1796 3905 1851 3959 In
1883 3908 2094 3977 magnis
2134 3909 2327 3978 opibus

760 3993 1181 4047 mediocritatem
1223 4002 1463 4047 sectatur
1502 3995 1920 4064 magnificentia,
1953 4013 2208 4053 excessus
2247 4010 2329 4055 est

761 4083 813 4134 in
856 4082 1023 4136 nimio
1052 4082 1362 4152 splendore,
1405 4082 1650 4137 defectus
1673 4086 1877 4139 sordes.
1912 4086 2065 4140 Circa
2095 4088 2328 4142 honores

761 4175 1025 4243 petendos
1049 4174 1264 4227 excedit
1294 4174 1638 4239 ambitiosus,
1678 4176 1732 4229 in
1772 4176 1984 4230 defectu
2014 4187 2203 4247 peccat
2234 4180 2328 4232 lto-

764 4266 911 4317 noris
981 4272 1345 4334 contemptor,
1434 4266 1779 4323 mediocritas
1849 4281 1999 4323 caret
2081 4272 2327 4334 nomine,

764 4354 945 4407 ntnltte
976 4354 1120 4407 enim
1154 4370 1239 4408 res
1260 4364 1386 4409 sunt
1410 4371 1531 4424 quae
1563 4371 1761 4411 nomen
1784 4360 2063 4429 proprium
2097 4366 2324 4417 necdum

761 4446 1129 4501 obtinuerunt.

1176 4647 1265 4700 58.
1304 4650 1486 4702 Adhuc
1519 4651 1583 4703 de
1623 4651 1896 4704 virtutibus

835 4758 987 4813 Circa
1022 4760 1491 4813 mansuetudinem
1523 4775 1640 4829 quae
1670 4760 2097 4814 mediocritatem
2141 4761 2330 4815 obser—

766 4860 873 4907 vat,
906 4864 1162 4903 excessus
1198 4860 1282 4904 est
1333 4850 1632 4925 iracundia,
1665 4849 1908 4905 defectus
1941 4850 2206 4905 lentitudo
2241 4852 2333 4905 ira:

767 4955 980 5010 expers.
1013 4940 1170 4994 Circa
1231 4956 1417 4993 verum
1467 4941 1856 4995 mediocritatis
1897 4942 2195 4996 observans
2250 4952 2334 4996 est

768 5046 948 5091 verax,
1001 5038 1056 5083 et
1110 5030 1456 5083 mediocritas
1499 5030 1605 5084 dici
1656 5039 1832 5100 potest
1884 5032 2169 5095 veracitas,
2216 5032 2335 5100 ejus

768 5132 950 5175 autem
974 5120 1247 5175 simulatio
1278 5137 1373 5191 per
1413 5136 1697 5176 excessum
1743 5130 1825 5175 est
1856 5122 2124 5189 gloriatio,
2156 5132 2210 5176 et
2242 5122 2333 5191 qui

769 5217 914 5269 illam
952 5223 1190 5269 sectatur
1216 5215 1480 5285 gloriosus
1510 5232 1523 5267 :
1550 5232 1647 5284 per
1675 5215 1947 5269 defectum
1982 5214 2177 5277 ironia,
2211 5216 2336 5284 qui-

769 5323 874 5374 que
922 5321 983 5359 ea
1034 5306 1203 5359 utitur
1269 5307 1321 5359 in
1362 5307 1609 5360 oratione
1661 5305 2044 5360 dissimulator.
2094 5304 2338 5375 Cumque

771 5400 879 5451 duo
906 5396 1184 5450 suavitatis
1213 5397 1320 5450 sint
1345 5412 1563 5466 genera,
1593 5397 1822 5450 alterum
1845 5396 1898 5450 in
1925 5394 2084 5463 iocis,
2109 5395 2337 5449 alterum

776 5490 826 5541 in
859 5488 984 5549 vita,
1016 5488 1106 5556 qui
1133 5488 1203 5541 ita
1230 5497 1289 5540 ut
1318 5504 1414 5557 par
1437 5495 1520 5541 est
1556 5488 1608 5540 in
1638 5488 1741 5540 vita
1763 5480 2157 5556 jucundum'se
2183 5485 2339 5539 exhi-

774 5582 887 5638 lvet.
919 5580 1127 5633 amicus
1173 5580 1388 5637 dicitur.
1431 5589 1486 5632 et
1543 5578 1884 5632 mediocritas
1934 5575 2191 5637 amicitia,
2248 5575 2337 5643 qui

776 5674 983 5724 C-‘Uft'tlll
1023 5673 1287 5733 adulator,
1333 5673 1420 5740 qui
1459 5688 1585 5725 vero
1613 5671 1792 5725 deﬁcit
1829 5685 2073 5724 morosus
2106 5684 2167 5721 ac
2202 5666 2341 5721 didi-

778 5764 917 5818 cilis.
954 5763 1291 5816 Ammuitatis
1326 5763 1375 5815 in
1411 5763 1546 5827 iocis
1580 5761 1918 5816 mediocritas
1966 5768 2047 5811 est
2093 5759 2142 5811 in
2182 5758 2339 5810 urba-

2023 365 2437 425 lllICHAELlS
2466 369 2727 431 l’SELLI

747 462 1005 529 quoniam
1052 465 1215 521 veluti
1266 479 1491 535 generat
1540 474 1775 529 animam
1832 479 2100 547 ejusmodi
2148 498 2309 550 quam
2339 485 2386 544 Α
2415 488 2508 556 γὺς

2350 3152 2397 3213 C

3888 389 3990 455 724

2517 531 2529 548 ,
2571 493 2665 543 καὶ
2685 492 2769 544 διὰ
2795 494 2854 545 τὸ
2886 497 2980 563 τῆς
3016 496 3193 566 ψυχῆς
3225 499 3360 553 εἶναι
3398 503 3593 573 πατὴρ,
3630 506 3686 557 ὃν
3719 507 3853 559 Θεὸν
3885 525 3986 562 κα-

2418 582 2616 651 λοῦμεν
2638 584 2725 637 διὰ
2754 587 2851 654 τὴν
2881 583 3219 661 θεωρητικὴν
3247 594 3471 663 ἀρετήν.
3507 598 3598 650 Δεῖ
3620 594 3714 650 οὗν
3738 601 3827 651 τὸν
3856 601 3987 652 ἀνα-

2418 676 2647 745 γόμενον
2680 679 2760 740 εἰς
2782 679 2918 733 Θεοῦ
2966 681 3283 751 ἐξομοίωσιν
3329 686 3519 753 πρῶτα
3564 688 3662 757 μὲν
3700 692 3989 745 σπουδαῖον

2418 769 2694 835 γενέσθαι,
2723 767 2839 824 εἷτα
2867 773 3162 840 δαιμόνιον,
3192 772 3310 828 εἶτα
3367 777 3529 842 θεῖον,
3568 782 3660 832 καὶ
3697 781 3846 844 τέλος
3874 781 3989 835 θεο-

2420 864 2648 929 πάτορα.
2694 864 2751 915 Ὀ
2787 864 2883 934 μὲν
2910 862 3001 918 οὖν
3034 866 3309 936 δαιμόνιος
3333 870 3428 922 καὶ
3458 874 3485 923 ὁ
3510 874 3795 933 σπουδαῖος
3816 890 3986 940 μετα-

2419 953 2643 1022 ϐληοείη
2677 954 2743 1006 ἂν
2774 956 2866 1007 καὶ
2890 959 2965 1016 είς
2999 957 3197 1009 κακίαν
3218 958 3347 1011 ποτέ
3384 974 3399 990 ’
3431 959 3558 1022 ἴσως
3583 961 3637 1013 δὲ
3660 963 3750 1014 καὶ
3775 964 3802 1013 6
3822 962 3986 1023 θεῖος,

2419 1044 2535 1113 ἦτοι
2560 1045 2587 1096 ό
2621 1043 2973 1114 θεωρητικός.
3018 1045 3076 1099 'U
3123 1049 3178 1100 δὲ
3211 1048 3467 1116 θεουργδς
3499 1051 3616 1120 ητοι
3638 1053 3664 1103 ό
3700 1051 3983 1122 θεοπάτωρ

2417 1135 2561 1202 ότῆς
2597 1133 2746 1195 θείας
2796 1135 2931 1198 ὅλως
2960 1136 3270 1200 ἐκστάσεως
3319 1139 3577 1206 γεγονὼς,
3627 1140 3725 1193 οὑκ
3754 1142 3818 1194 ἀν
3853 1158 3982 1194 ποτε

2423 1228 2678 1298 μεταθείη
2709 1228 2843 1298 πρὸς
2868 1228 2929 1281 τὸ
2952 1230 3191 1282 ἐναντίον
3210 1225 3347 1293 εἶδος
3373 1233 3468 1301 τῆς
3492 1232 3713 1302 ἀρετῆς,
3742 1232 3846 1297 ἔξω
3866 1234 3989 1290 ἑαυ-

2419 1317 2510 1371 τοῦ
2541 1318 2634 1382 ὢν,
2665 1320 2759 1372 καὶ
2785 1318 2915 1382 Θεὸς
2946 1320 3184 1389 ἀτεχνῶς
3210 1321 3448 1387 γεγονώς

2843 1551 2950 1608 νς·’.
2988 1546 3114 1597 ’Ἑτι
3151 1544 3282 1612 περὶ
3312 1545 3559 1613 ἀρετῶν.

2489 1636 2628 1705 Τρία
2660 1636 2828 1689 ταῦτα
2863 1637 3003 1688 είσὶν
3025 1640 3082 1689 ὲν
3103 1639 3221 1698 ταῖς
3258 1636 3477 1705 ψυχαῖς,
3510 1638 3760 1706 δύναμις,
3791 1639 3988 1701 πάθος,

2419 1728 2551 1790 ἕξις.
2589 1730 2695 1779 Καὶ
2728 1727 2898 1791 πάθος
2932 1728 3031 1797 μέν
3052 1731 3220 1791 ἐστιν,
3247 1729 3534 1797 ἐπιθυμία,
3581 1730 3744 1797 ὀργὴ,
3796 1731 3982 1795 φόϐος,

2350 1819 2393 1876 Β
2423 1817 2634 1883 φθόνος,
2669 1816 2888 1885 θάρσος,
2935 1818 3100 1887 χαρὰ,
3143 1818 3313 1883 φιλία,
3354 1819 3530 1886 μίσος,
3562 1818 3745 1880 πόθος,
3801 1819 3986 1887 ζῆλος,

2420 1906 2586 1967 ἔλεος.
2618 1906 2854 1975 Δύναμις
2879 1907 2933 1959 δέ
2964 1909 3078 1959 ἐστι
3105 1907 3228 1959 καθ’
3258 1910 3325 1977 ἠν
3354 1908 3645 1975 παθητικοὶ
3669 1909 3874 1961 τούτων
3903 1927 3988 1975 γι-

2418 1997 2640 2066 νόμεθα,
2662 1992 2773 2050 οἷον
2805 1998 2927 2050 καθ’
2960 2000 3025 2069 ἢν
3055 2000 3270 2052 δυνατοὶ
3296 2000 3617 2071 ὀργισθῆναι
3651 2001 3683 2070 ἢ
3732 2000 3984 2069 λυπηθῆ-

2419 2106 2505 2141 ναι
2544 2088 2576 2158 ἦ
2611 2088 2848 2158 ἐλεῆσαι.
2877 2090 3027 2153 Ἐξις
3062 2090 3139 2154 δὲ,
3165 2092 3287 2142 καθ’
3318 2092 3384 2160 ἢν
3412 2092 3550 2163 πρὸς
3580 2092 3647 2145 τὰ
3678 2092 3824 2164 πάθη
3866 2094 3989 2161 ἑχο-

2424 2197 2521 2249 μεν
2552 2180 2734 2241 καλῶς
2760 2181 2791 2250 ἢ
2823 2181 3026 2243 κακῶς.
3059 2176 3183 2234 Οἷον
3208 2182 3342 2252 πρὸς
3368 2184 3429 2236 τὸ
3457 2184 3775 2253 ὀργισθῆναι
3805 2187 3852 2236 εἰ
3886 2185 3985 2253 μὲν

2422 2269 2663 2340 σςςοξρῶς
2721 2270 2753 2338 ἢ
2802 2270 3122 2339 ἀνειμένοις,
3177 2270 3364 2332 κακῶς
3408 2271 3624 2340 ἔχομεν.
3671 2270 3901 2340 Ὁμοίως
3930 2270 3987 2322 δὲ

2421 2362 2556 2429 πρὸς
2584 2363 2651 2415 τὰ
2672 2361 2825 2415 ἄλλα.
2878 2362 2943 2413 Αἱ
2965 2361 3058 2413 οὖν
3090 2363 3282 2431 ἀρεταὶ
3334 2362 3455 2414 οὔτε
3497 2362 3643 2432 πάθη
3676 2362 3834 2424 εἰσὶν,
3864 2361 3987 2412 οὔτε

2420 2451 2698 2520 δυνάμεις,
2722 2451 2837 2506 ἀλλ’
2860 2451 3021 2515 ἕξεις,
3048 2452 3122 2503 Οὑ
3158 2451 3266 2521 γὰρ
3296 2450 3562 2521 λεγόμεθα
3588 2453 3728 2504 κατὰ
3748 2450 3815 2502 τὰ
3839 2450 3987 2517 πάθη

2424 2545 2697 2597 σπουδαῖοι
2726 2546 2756 2615 ἧ
2789 2545 2979 2611 φαῦλοι
3004 2562 3017 2574 ·
3051 2546 3191 2598 κατά
3213 2546 3267 2598 δὲ
3299 2545 3392 2607 τὰς
3427 2546 3626 2614 ἀρετὰς
3649 2546 3740 2597 καὶ
3767 2542 3867 2608 τὰς
3887 2562 3991 2597 κα-

2423 2640 2568 2703 κίας,
2602 2640 2874 2708 λεγόμεθα
2903 2641 3181 2692 σπουδαῖοι
3233 2640 3328 2693 καὶ
3370 2641 3588 2709 φαῦλοι.
3624 2641 3733 2692 Καὶ
3792 2639 3990 2706 φοϐού-

2428 2732 2566 2803 μεθα
2593 2735 2690 2802 μὲν
2735 2734 2767 2802 ἢ
2805 2732 3134 2802 ὀργιζόμεθα
3168 2733 3565 2803 ἀπροαιρέτως.
3615 2734 3679 2784 Αἱ
3709 2731 3764 2783 δὲ
3795 2732 3989 2801 ἀρεταὶ

2425 2828 2775 2897 προαιρέσεις
2824 2827 2991 2890 τινὲς,
3048 2826 3219 2895 ἢοὺκ
3248 2827 3376 2879 ἀνευ
3434 2826 3825 2896 προαιρέσεως.
3878 2824 3990 2876 Καὶ

2426 2921 2564 2973 κατά
2599 2919 2699 2987 μὲν
2729 2918 2795 2970 τά
2826 2916 2970 2987 πάθη
3002 2919 3268 2970 κινεῖσθαι
3298 2918 3586 2987 λεγόμεθα,
3624 2917 3762 2969 κατά
3787 2917 3842 2968 δὲ
3893 2916 3989 2975 τὰς

2427 3012 2623 3071 κακίας
2657 3009 2748 3061 καὶ
2796 3009 2893 3070 τάς
2925 3009 3125 3078 ἀρετὰς
3170 3010 3229 3061 οὑ
3269 3008 3557 3072 κινεῖσθαι,
3612 3007 3747 3060 ἀλλὰ
3782 3007 3987 3059 διακεῖ-

2429 3104 2548 3159 σθαί
2575 3119 2708 3165 πως.

2880 3212 2974 3277 νζ.
3014 3214 3135 3265 Ἔτι
3158 3212 3290 3279 περὶ
3327 3207 3570 3279 ἀρετῶν.

2502 3329 2625 3380 Ὅτι
2655 3327 2687 3395 ἡ
2739 3326 2834 3394 μὲν
2863 3325 3082 3394 ἀνδρεία
3120 3323 3351 3393 μεσότης
3380 3322 3547 3387 ἐστὶν,
3582 3318 3654 3382 ὡς
3687 3318 3783 3388 μὲν
3816 3319 3986 3386 ὑπερ-

2428 3421 2591 3490 ϐολῆς
2641 3419 2735 3471 τοῦ
2771 3417 3024 3488 θράσους,
3074 3416 3149 3479 ὡς
3194 3415 3250 3468 δὲ
3301 3413 3585 3482 ἐλλείψεως
3634 3412 3735 3480 τῆς
3765 3410 3990 3471 δειλίας,

2427 3515 2521 3566 καί
2545 3512 2661 3563 ἐστι
2699 3510 2827 3579 περὶ
2866 3507 3065 3576 φόϐους
3110 3506 3205 3558 καὶ
3249 3506 3448 3577 θάῥρη.
3482 3503 3674 3571 Τῆς,δὲ
3708 3500 3993 3569 σωφροσὺη

2429 3621 2546 3670 νης,
2593 3600 2866 3671 ὑπερϐολὴ
2902 3600 3001 3669 μὲν
3032 3600 3065 3669 ὴ
3106 3598 3395 3660 ἀκολασία,
3428 3595 3664 3664 ἔλλειψις
3694 3594 3806 3663 δὲὴ
3844 3594 3995 3645 ima:-

2430 3694 2651 3763 σθησία,
2675 3692 2917 3759 λεγέσθω
2945 3692 3053 3761 γὰρ
3079 3689 3271 3751 οὕτως.
3314 3688 3449 3757 Περὶ
3503 3687 3648 3739 δόσιν
3699 3684 3994 3754 χρημάτων

2429 3790 2521 3842 καὶ
2566 3787 2747 3857 λῆψιν,
2775 3784 3006 3854 μεσότης
3040 3783 3138 3849 μὲν
3166 3783 3199 3851 ἡ
3229 3781 3624 3850 ἐλευθεριότης,
3647 3774 3920 3847 ὑπερϐολὴ
3940 3774 3995 3826 δὲ

2431 3883 2463 3949 ἡ
2495 3878 2725 3940 ἀσωτία,
2762 3878 2882 3946 ἢτοι
2906 3874 3124 3942 ἀφειδία
3155 3872 3254 3941 τῆς
3286 3872 3553 3941 χρήσεως,
3609 3868 3844 3934 ἔλλειψις
3876 3868 3929 3918 δὲ
3961 3867 3996 3934 ἡ

2429 3969 2777 4040 ἀνελευθερία
2808 3969 2928 4037 ἢτοι
2960 3964 3237 4034 φειδωλία.
3288 3964 3421 4033 Περὶ
3451 3962 3507 4014 δὲ
3538 3960 3835 4030 χρημάτων
3895 3973 3993 4026 με·

2432 4064 2593 4129 σότης
2629 4063 2726 4130 μὲν
2761 4061 2794 4129 ἡ
2829 4057 3293 4127 μεγαλοπρέπεια.
3327 4052 3599 4123 ὑπερϐολὴ
3628 4051 3684 4103 δὲ
3714 4052 3745 4119 ἡ
3775 4051 3997 4116 ἀπειρο-

2430 4155 2614 4217 καλία,
2660 4150 2897 4218 ἔλλειψις
2945 4150 3001 4202 δὲ
3038 4151 3069 4217 ὴ
3103 4145 3530 4217 μικροπρέπεια.
3565 4145 3701 4214 Περὶ
3720 4142 3776 4195 δὲ
3815 4140 3995 4211 ὄρεξιν

2430 4248 2616 4316 τιμῆς,
2651 4248 2679 4297 6
2711 4243 2806 4312 μὲν
2842 4239 3195 4309 ὑπερϐάλλων
3233 4239 3351 4299 ταῖς
3376 4235 3610 4307 ὀρέξεσι,
3640 4233 3939 4303 φιλότιμος,
3970 4233 3998 4281 ό

2430 4342 2488 4394 δὲ
2541 4337 2802 4391 ἐλλείπων
2860 4333 3204 4402 ἀφιλότιμοςι
3251 4331 3279 4382 ὁ
3333 4330 3391 4381 δὲ
3438 4329 3638 4397 μέσος,
3691 4326 3996 4393 ἀνώνυμος.

2435 4432 2609 4486 Πολλά
2638 4432 2747 4500 γάρ
2776 4430 2882 4481 εισι
2903 4425 3203 4499 πράγματα
3224 4422 3396 4494 ϐνομα
3420 4420 3605 4491 κύριον
3640 4420 3805 4495 μήπω
3835 4420 3998 4486 ἐσχη-

2358 4497 2409 4555 D
2437 4523 2589 4575 κὸτα.

2880 4634 2979 4697 νη’.
3002 4628 3067 4678 Ἕ
3075 4644 3123 4679 τι
3147 4625 3278 4693 περὶ
3302 4623 3543 4691 ἀρετῶν.

2504 4742 2639 4811 Περὶ
2662 4742 2761 4810 τὴν
2791 4738 3072 4807 πραότητα
3097 4739 3368 4806 μεσότητα
3407 4732 3594 4798 οὖσαν,
3639 4735 3670 4803 ἡ
3702 4734 3799 4801 μὲν
3832 4734 3999 4800 ὑπερο

2438 4836 2704 4887 ϐάλλουσα
2730 4834 2919 4898 κακία,
2952 4831 3255 4899 ὀργιλότης,
3294 4832 3325 4899 ὴ
3354 4828 3410 4880 δὲ
3440 4827 3762 4880 ἐλλείπουσα
3792 4826 3999 4891 ἀοργη-

2441 4931 2550 4982 σία.
2583 4928 2715 4997 Περῖ
2740 4928 2795 4980 δὲ
2822 4929 2880 4980 τὸ
2911 4926 3127 4995 ἀληθὲς,
3162 4927 3189 4976 ό
3236 4925 3336 4992 μὲν
3374 4925 3537 4990 μέσος
3582 4921 3806 4990 ἀληθὴς,
3852 4921 3943 4970 καὶ
3966 4920 3998 4985 ἡ

2443 5023 2673 5091 μεσότης
2704 5020 2931 5090 ἀλήθεια
2976 5018 3241 5085 λεγέσθω.
3266 5018 3299 5084 ἠ
3326 5016 3383 5069 δὲ
3409 5014 3769 5085 προσποίησις
3795 5053 3808 5074 ,
3840 5013 3873 5075 ὴ
3906 5012 4001 5078 μὲν

2438 5115 2530 5165 ἐπὶ
2554 5114 2613 5164 τὸ
2634 5113 2815 5181 μεῖζον
2842 5112 3116 5175 ἀλαζονία,
3150 5111 3243 5162 καὶ
3283 5110 3310 5161 6
3344 5109 3481 5176 ἔχων
3507 5108 3674 5174 αὑτὴν
3698 5102 3909 5169 ἀλαζών
3932 5123 3945 5136 ·
3969 5104 3999 5168 ή

2438 5205 2494 5256 δὲ
2515 5205 2603 5255 ἐπὶ
2626 5204 2684 5255 τὸ
2713 5203 2931 5255 ἔλαττον
2962 5202 3213 5271 εἰρωνεία
3234 5218 3247 5231 ·
3269 5202 3359 5253 καὶ
3389 5204 3415 5253 ό
3436 5200 3572 5267 ἔχων
3608 5199 3779 5266 αὑτὴν
3808 5199 3969 5267 εἴριον
3989 5213 4001 5226 ·

2455 5296 2607 5348 Ἐπεὶ
2627 5295 2684 5346 δὲ
2733 5295 2825 5347 δύο
2853 5294 3115 5363 ὴδὺτητες
3145 5293 3305 5355 εἰσὶν,
3345 5295 3377 5362 ἡ
3416 5293 3514 5360 μὲν
3538 5295 3595 5344 ὲν
3638 5291 3848 5359 παιδιᾷ,
3884 5292 3915 5358 ἡ
3949 5289 4003 5341 δὲ

2442 5391 2501 5441 ἐν
2528 5388 2605 5458 τῷ
2638 5387 2757 5457 βίῳ,
2789 5390 2816 5440 6
2848 5389 2945 5454 μὲν
2967 5386 3041 5449 ὡς
3085 5386 3165 5438 δεῖ
3194 5386 3321 5454 ἡδὺς
3350 5384 3445 5447 ὢν,
3483 5382 3631 5451 φίλος
3653 5382 3747 5434 καὶ
3786 5382 3817 5449 ἠ
3871 5396 4003 5447 μεσ-

2442 5481 2569 5548 ότης
2592 5480 2740 5547 φιλία
2776 5496 2789 5508 ·
2824 5481 2853 5531 ό
2896 5479 2951 5531 δὲ
2985 5478 3340 5547 ὑπερϐάλλων
3384 5476 3568 5540 κόλαξ,
3607 5478 3634 5527 6
3660 5476 3716 5527 δὲ
3744 5472 4004 5526 ἐλλείπων

2443 5570 2659 5638 δύσερίς
2688 5585 2770 5631 τις
2803 5570 2895 5619 καὶ
2918 5568 3195 5629 δύσκολος.
3229 5568 3340 5635 Τῆς
3366 5568 3422 5620 δὲ
3450 5569 3507 5618 ἐν
3539 5566 3724 5635 παιδιᾷ
3747 5564 4003 5633 ἡδύτητος

2444 5662 2477 5727 ἡ
2506 5660 2603 5724 μὲν
2643 5660 2895 5734 μεσότης,
2921 5659 3270 5727 εὐτραπελία,
3297 5660 3328 5726 ἡ
3362 5657 3418 5709 δὲ
3450 5655 3741 5725 ὑπερϐολὴ,
3764 5654 4003 5724 βωμολο-

2445 5750 2554 5819 χία,
2660 5746 2714 5800 δὲ
2749 5746 2981 5813 ἕλλειιξιις
3016 5748 3288 5817 ἀγροικία.
3321 5746 3426 5799 Καὶ
3452 5749 3477 5797 ὁ
3508 5746 3606 5814 μὲν
3636 5744 3880 5813 σὲὀήμων
3907 5742 4001 5811 μὲ-
