4446 6446
467 418 574 482 725

1602 416 1692 472 DE
1734 411 2166 472 OMNIFARIA
2203 409 2618 471 DOtlTRlN.\.

3602 411 3709 471 795

426 516 429 517 ν
469 544 583 589 σος,
624 527 650 576 ό
690 524 744 577 δὲ
775 523 1128 593 ὑπερϐάλλων
1160 522 1535 593 ἀναίσχυντος,
1579 523 1605 574 ὁ
1651 521 1705 574 δὲ
1742 520 2023 583 ἐλλείπων,
2059 528 2102 582 Α
2133 519 2182 571 ni

1953 538 2023 583 ον,
2059 528 2102 582 Α
2133 519 2321 582 nitate,
2357 534 2615 574 excessus
2664 518 2721 572 in
2772 519 3116 585 scurrilitate,
3176 521 3230 574 in
3276 519 3579 574 rusticitate
3613 521 3709 575 de-

469 617 748 688 καταπλὴξ
779 619 805 669 ὁ
831 617 1006 670 πάντα
1035 614 1370 684 αίδσύμενος.

643 897 740 950 νθ’.
776 896 893 951 τίνι
923 893 1186 963 διαφέρει
1242 891 1398 960 ἀρχὴ
1435 891 1532 944 καὶ
1565 890 1896 959 στοιχεῖον,

555 990 613 1042 'll
651 991 747 1058 μὲν
778 989 918 1056 ἀρχὴ
965 987 1062 1038 οὑκ
1090 985 1198 1054 ἔχει
1223 1003 1272 1037 τι
1305 982 1569 1053 πρότερον
1597 983 1815 1051 ἑαυτῆς,
1849 981 2036 1050 ὥσπερ

470 1083 502 1148 ἢ
527 1082 624 1150 ὕλη
665 1081 759 1132 καὶ
791 1079 848 1131 τὸ
875 1073 1033 1137 εἶδος.
1069 1077 1140 1128 To
1168 1075 1223 1128 δὲ
1263 1077 1524 1146 στοιχεῖον
1558 1073 1808 1126 σύνθετον
1831 1072 1890 1125 ὃν
1944 1070 2038 1123 καὶ

473 1170 830 1238 συγκείμενον
863 1169 920 1233 ἐξ
950 1167 1078 1239 ὕλης
1111 1167 1202 1220 καὶ
1224 1167 1414 1230 εἴδους,
1442 1167 1614 1236 ἀρχὴν
1648 1167 1759 1235 ἔχει
1781 1165 1877 1234 τὴν
1905 1164 2037 1234 ὕλην

472 1261 639 1314 καὶτὸ
665 1259 833 1322 εἶδοςε
863 1261 974 1312 ἔστι
1004 1260 1105 1329 δὲὴ
1132 1258 1228 1327 ὕλη
1248 1260 1476 1330 πρᾶγμα
1503 1256 2038 1327 ἀσώματον,ἀποιον,

470 1355 612 1424 λόγῳ
647 1355 793 1424 μόνῳ
850 1353 1304 1422 ἑρμηνευόμενον,
1355 1351 1604 1420 αἰσθήσει
1651 1351 1705 1403 δὲ
1766 1350 1839 1420 μὴ
1905 1350 2038 1402 ὑπο-

471 1446 744 1515 κείμενον.
781 1445 946 1513 Αὕτη
984 1441 1076 1497 οὖν
1125 1445 1155 1513 ή
1193 1442 1292 1513 ὕλη
1345 1443 1448 1495 ὑπὸ
1490 1441 1704 1512 μορφῆς
1742 1457 1887 1504 τινος
1942 1440 2040 1493 καὶ

472 1540 748 1610 σχήματος
782 1537 1091 1606 τυπουμένη
1112 1576 1128 1602 ,
1180 1538 1316 1605 ὅπερ
1344 1537 1458 1588 ἐστὶ
1487 1535 1546 1588 τδ
1575 1530 1733 1598 εἶδος,
1762 1531 2041 1602 σωματοῦ-

471 1648 580 1682 ται.
634 1631 742 1682 Καὶ
780 1629 993 1697 πρῶτον
1031 1629 1128 1697 μὲν
1153 1629 1360 1692 γίνεται
1397 1628 1662 1695 στοιχεῖον
1700 1625 1731 1694 ἢ
1762 1622 1950 1692 αἰθὴρ,
2003 1623 2036 1693 ἦ

473 1716 581 1786 πῦρ
609 1717 639 1786 ἢ
673 1716 838 1786 ὕδωρ,
870 1717 900 1786 ἢ
929 1717 1054 1786 ἀὴρ,
1086 1717 1118 1786 ἧ
1153 1717 1244 1782 γῆ.
1281 1718 1509 1768 Ἔπειτα
1534 1714 1738 1767 τούτων
1761 1713 1868 1765 τῶν
1897 1729 2038 1764 στοι-

472 1811 630 1877 χείων
661 1809 1089 1876 συμπλακέντων
1121 1809 1365 1879 ἀλληλοις
1389 1809 1600 1875 γίνεται
1651 1806 1809 1874 σῶμα
1845 1804 2038 1856 σύνθε-

2140 607 2334 662 fectus.
2382 609 2806 664 Mediocritatem
2866 610 3053 666 itidem
3102 611 3230 666 colit
3279 611 3488 680 pudens
3525 612 3711 674 homo,

2139 700 2348 754 excedit
2399 700 2707 769 impudens,
2745 699 2928 756 deficit
2967 701 3193 771 pavidus
3233 711 3289 757 et
3315 700 3407 771 qui
3433 716 3712 771 nunquam

2141 807 2249 844 non
2279 792 2485 860 pudore
2516 803 2908 848 commovetur.

2140 882 2227 937 59.
2269 881 2536 946 Quomodo
2562 883 2804 952 differunt
2834 883 3150 952 principium
3179 894 3336 954 atque
3362 884 3714 938 elementum?

2209 971 2540 1042 Principium
2589 973 2724 1026 nihil
2761 974 2926 1028 habet
2957 976 3138 1044 seipso
3175 977 3348 1044 prius,
3383 983 3439 1028 ut
3483 974 3713 1028 materia

2142 1072 2196 1115 et
2223 1059 2393 1116 forma
2428 1081 2440 1116 :
2480 1073 2532 1116 at
2561 1063 2892 1119 elementum
2926 1066 3288 1135 compositum
3323 1080 3386 1119 ac
3417 1079 3711 1135 coagmen-

2144 1163 2312 1209 tatum
2347 1165 2519 1209 estex
2563 1157 2790 1211 materia
2842 1164 2898 1210 et
2954 1155 3146 1220 forma,
3183 1156 3543 1228 principiiquc
3594 1157 3712 1210 loco

2142 1247 2306 1301 habet
2333 1247 2616 1300 materiam
2642 1257 2696 1301 et
2729 1247 2983 1303 formam.
3029 1249 3127 1302 Est
3154 1262 3334 1303 autem
3367 1249 3591 1304 materia
3625 1264 3713 1302 res

2144 1336 2519 1406 incorporalis,
2561 1352 2755 1407 expers
2783 1339 3126 1408 qualitatum,
3159 1339 3272 1394 sola
3303 1340 3511 1395 ratione
3539 1340 3714 1409 expli-

2140 1429 2332 1491 canda,
2354 1427 2605 1482 sensibus
2635 1438 2815 1484 autem
2845 1430 3070 1485 minime
3091 1431 3270 1485 obvia.
3303 1431 3437 1485 lluic
3469 1431 3710 1485 materia:

2141 1518 2350 1588 species
2379 1519 2624 1588 quaedam
2667 1530 2828 1590 atque
2881 1520 3048 1592 ﬁgura
3102 1533 3357 1591 tauquam
3410 1521 3582 1576 forma
3613 1537 3710 1574 sua

2142 1610 2494 1680 imprimitur,
2531 1619 2693 1680 atque
2721 1613 2792 1664 ita
2827 1612 2884 1666 ﬁt
2930 1629 3148 1682 corpus,
3198 1623 3254 1667 et
3283 1614 3458 1682 primo
3491 1612 3712 1682 quidem

2143 1703 2497 1767 elementum,
2526 1704 2608 1758 vel
2634 1703 2826 1765 aether,
2870 1705 2952 1758 vel
2985 1704 3140 1774 ignis,
3177 1705 3256 1758 vel
3297 1720 3456 1774 aqua,
3490 1705 3570 1760 vel
3595 1719 3708 1768 aer,

2144 1796 2228 1849 vel
2258 1804 2420 1850 terra.
2453 1795 2660 1850 Deinde
2685 1797 3118 1851 coalescentibus
3152 1797 3303 1852 hisce
3334 1797 3622 1852 elementis
3654 1796 3712 1849 ﬁt

469 1865 581 1962 ζον,
607 1899 638 1968 ἢ
669 1865 907 1967 ιμ’ψοχον
946 1899 978 1967 ἢ
1013 1865 1250 1966 ἄψυχονί
1275 1865 1424 1966 καὶῆ
1455 1896 1552 1966 μὲν
1577 1895 1675 1964 ὕλη
1703 1865 1878 1946 καὶτὸ
1902 1887 2038 1952 εἶδος
2067 1865 2114 1922 Β
2143 1904 2225 1943 cor

1955 1891 2038 1952 δος
2067 1865 2114 1922 Β
2143 1904 2338 1958 corpus
2369 1891 2755 1960 compositum,
2792 1889 2909 1944 sive
2952 1890 3248 1943 animatum
3302 1888 3416 1944 sive
3443 1888 3711 1942 inanima-

470 1990 883 2058 ἀρχοειδέστερα
911 1988 1015 2041 τῶν
1042 1987 1316 2056 στοιχείων
1339 1987 1465 2053 εἰσὶ,
1497 1986 1562 2038 τὰ
1585 1985 1639 2037 δὲ
1670 1984 1906 2052 στοιχεῖα
1932 1981 2038 2032 τῶν

471 2082 645 2134 ἄλλων
672 2081 937 2151 σωμάτων
985 2081 1464 2150 στοιχειωδέστερα
1489 2096 1503 2110 ⁸
1529 2076 1703 2148 ἀρχὴν
1727 2075 1782 2129 δὲ
1809 2075 2038 2142 λέγομεν

471 2175 568 2243 τὴν
600 2174 751 2243 ὕλην,
787 2174 883 2242 οὑχ
909 2173 990 2224 ὅτι
1017 2172 1114 2224 οὑκ
1162 2172 1273 2240 ἔχει
1321 2170 1447 2224 ἄλλο
1485 2169 1782 2240 ὑπέρτερον
1811 2171 2034 2240 ἑαυτῆς,

472 2266 606 2319 ἀλλᾶ
633 2265 712 2318 ὅτι
744 2264 811 2320 τὰ
840 2263 1062 2332 σώματα
1091 2264 1183 2315 ὑπ’
1224 2264 1393 2332 αὑτὴν
1419 2263 1676 2330 ἀνάγεται
1703 2260 2003 2333 προσεχῶς.

795 2541 856 2603 ξ’.
883 2537 1020 2605 Περὶ
1051 2537 1168 2590 τῶν
1195 2537 1415 2606 ἀρχῶν,
1444 2539 1498 2590 τί
1527 2541 1701 2590 εἰσιν.

539 2633 706 2703 ’Λρχῆ
747 2633 854 2685 τῶν
883 2631 1050 2684 ὄντων
1099 2629 1288 2700 πρώτη
1329 2631 1428 2700 μὲν
1465 2631 1560 2682 καὶ
1626 2629 1956 2699 ὑπεράρχιος
2010 2632 2038 2682 δ

472 2725 623 2787 Θεός.
677 2727 829 2778 Μετὰ
883 2725 936 2778 δὲ
989 2724 1121 2777 Θεὸν
1178 2724 1368 2776 πολλαὶ
1429 2726 1593 2793 ἀρχαὶ
1629 2724 1741 2775 ’τῶν
1792 2723 2037 2792 φυσικῶν

476 2817 814 2885 πραγμάτων
842 2817 966 2870 εἰσί.
1012 2816 1123 2867 Καὶ
1170 2816 1277 2867 τῶν
1334 2816 1432 2883 μὲν
1470 2815 1745 2882 στοιχείων
1789 2817 1957 2884 ἀρχαὶ
2004 2817 2036 2885 ἡ

473 2906 572 2976 ὕλη
613 2909 703 2958 καὶ
723 2906 781 2958 τὶ
803 2902 939 2969 εἶδος
969 2907 1179 2975 εἴρηται
1205 2923 1217 2934 ·
1243 2905 1348 2958 τῶν
1377 2906 1433 2957 δὲ
1468 2905 1738 2959 συνθέτων
1773 2907 2039 2976 σωμάτων

474 3000 611 3051 αὐτὰ
643 3001 733 3050 sui.
766 2999 911 3050 ἁπλᾶ
969 3000 1224 3066 στοιχεῖα.
1285 2996 1424 3048 Ἀλλ’
1475 2998 1519 3049 oi
1584 2996 1681 3066 μὲν
1721 2996 1868 3050 ἀλλοι
1931 2997 2038 3050 τῶν

476 3090 777 3157 φιλοσόφων
817 3089 1162 3160 διῃρέθησαν.
1194 3091 1300 3141 Καὶ
1332 3093 1442 3152 τοῖς
1486 3091 1583 3159 μὲν
1617 3089 1794 3156 ἔδοξεν
1817 3089 1956 3159 ἀρχὴ
1980 3090 2038 3142 τὸ

477 3184 604 3253 ττὺρ,
634 3185 719 3236 διὰ
742 3184 838 3252 τὴν
878 3183 1107 3250 δύναμιν
1155 3184 1247 3236 καὶ
1276 3183 1335 3234 τδ
1392 3183 1806 3236 καταναλίσκειν
1863 3183 2040 3236 πάντα
2069 3217 2110 3273 C

474 3279 550 3337 είς
576 3277 734 3328 αὑτό⁸
755 3279 867 3338 τοῖς
889 3276 944 3326 δὲ
971 3278 996 3327 ό
1027 3275 1153 3346 ἀὴρ,
1186 3275 1272 3328 διὰ
1303 3275 1398 3344 τὴν
1431 3276 1536 3327 τῶν
1555 3275 1710 3338 ζώων
1731 3277 2002 3344 ἀναπνοήν
2023 3293 2034 3306 ·

473 3367 584 3427 τοῖς
617 3365 672 3416 δὲ
699 3363 757 3417 τὸ
795 3364 940 3433 ὕδωρ
973 3364 1060 3417 διὰ
1100 3366 1196 3433 τὴν
1223 3365 1443 3433 γόνιμον
1474 3364 1656 3432 φύσιν.
1689 3366 1810 3417 Τισὶ
1833 3367 1886 3418 δὲ
1917 3365 2039 3419 τού-

471 3472 577 3506 των
624 3457 715 3506 καὶ
751 3457 782 3524 ή
822 3456 891 3523 γῆ
927 3453 1072 3525 ἀρχὴ
1098 3454 1266 3520 ἔδοξε,
1318 3455 1404 3508 διὰ
1437 3457 1498 3508 τὸ
1543 3457 1711 3509 πλείω
1744 3457 1852 3509 τῶν
1883 3457 2036 3521 ζώων

473 3547 576 3597 ὑπὸ
604 3547 702 3614 τῆς
744 3547 844 3615 γῆς
876 3545 1186 3613 γεννᾶσθαι,
1239 3547 1332 3600 καὶ
1361 3550 1439 3611 είς
1471 3549 1640 3619 αὑτὴν
1670 3549 1992 3602 ἀναλύεσθαι
2019 3565 2031 3578 °

474 3637 690 3702 Ἐτεροι
725 3637 780 3689 δὲ
811 3637 947 3689 αὑτά
982 3637 1048 3690 τὰ
1083 3637 1323 3708 τέσσαρα
1351 3642 1591 3709 στοιχεῖα
1619 3641 1789 3709 ἀρχὰς
1814 3641 1922 3694 τῶν
1946 3641 2034 3693 δν·

471 3748 577 3780 των
617 3731 981 3799 ἀπεφήναντο.
1008 3730 1227 3783 Πλάτων
1258 3731 1310 3783 δὲ
1341 3732 1512 3801 ἀρχὰς
1543 3734 1750 3803 εἴρηκε,
1771 3734 1858 3786 τδν
1886 3734 2036 3799 Θεὸν,

473 3823 546 3882 ὡς
575 3821 784 3891 πατέρα
811 3824 904 3874 καὶ
931 3823 1179 3892 ποιητὴν,
1209 3824 1307 3893 τὴν
1339 3823 1470 3894 ὕλην
1500 3825 1572 3888 ὡς
1600 3825 1897 3894 δεχομένην
1941 3826 2037 3894 τὴν

473 3914 854 3983 δημιουργίαν,
887 3916 980 3966 καὶ
1019 3915 1116 3984 τὴν
1146 3915 1285 3968 ἰδέαν
1311 3931 1322 3943 ⁸
1359 3917 1500 3970 ἰδέαν
1532 3917 1585 3970 δὲ
1627 3918 1776 3985 λέγει
1818 3918 2039 3971 Πλάτων

472 4004 568 4070 τὴν
594 4001 812 4074 πρώτην
841 4001 1044 4056 ἔννοιαν
1072 4003 1163 4056 τοῦ
1181 4004 1336 4067 Θεοῦ,
1373 4007 1462 4058 καὶ
1497 4007 1592 4074 τὴν
1627 4007 1863 4076 ἆῤῥητον
1891 4007 2036 4060 ἐκείο

473 4107 568 4156 νην
606 4089 900 4158 φαντασίαν
957 4092 1048 4144 καὶ
1075 4092 1440 4157 ἀνατύπωσιν,
1473 4093 1592 4147 καθ’
1618 4095 1682 4165 ἣν
1723 4095 1810 4147 τὸν
1838 4097 2038 4165 κόσμον

475 4180 926 4252 ἐδημιούργησεν.

1009 4358 1104 4424 ξα’.
1131 4356 1271 4426 Περὶ
1299 4358 1475 4427 ὕλης.

548 4451 686 4520 Ὗλη
707 4453 822 4504 ἐστὶ
850 4453 1079 4522 πρᾶγμα
1112 4447 1221 4505 οἷον
1243 4454 1414 4505 εἰπεῖν
1445 4453 1635 4515 ἀῦλον,
1664 4452 1911 4524 αἰσθήσει
1939 4455 2037 4525 μεν

2143 1992 2278 2036 tum.
2335 1982 2413 2037 Ac
2437 1984 2662 2047 materia
2691 1992 2744 2037 et
2774 1982 2944 2035 forma
2974 1982 3192 2050 quidem
3227 1982 3398 2055 magis
3440 1981 3707 2034 rationem

2139 2074 2390 2143 principii
2443 2075 2647 2128 habent
2695 2089 2855 2144 quam
2893 2074 3163 2128 elementa
3202 2090 3216 2139 ;
3251 2074 3522 2128 elementa
3580 2088 3711 2126 vero

2150 2166 2320 2236 magis
2343 2181 2505 2235 quam
2538 2167 2640 2220 alia
2671 2182 2918 2235 corpora.
2945 2166 3211 2221 Caeterum
3241 2165 3523 2221 materiam
3556 2163 3710 2234 prin-

2139 2257 2265 2326 cipii
2316 2258 2540 2312 nomine
2593 2273 2997 2328 nuncupamus,
3033 2274 3141 2314 non
3174 2259 3319 2328 quod
3352 2258 3487 2314 nihil
3541 2258 3708 2313 habet

2140 2349 2287 2417 prius
2315 2365 2476 2419 supra
2507 2365 2586 2415 se,
2619 2350 2714 2404 sed
2740 2348 2885 2420 quod
2921 2365 3148 2421 corpora
3183 2351 3427 2420 proxime
3486 2349 3586 2404 sub
3621 2349 3711 2402 illa

2138 2441 2564 2496 constituuntur.

2488 2531 2575 2588 60.
2624 2533 2694 2588 De
2723 2535 3021 2604 principiis,
3047 2535 3172 2602 quid
3202 2535 3328 2589 sint.

2210 2625 2542 2695 Principium
2579 2642 2758 2681 rerum
2798 2627 3033 2697 primum
3071 2637 3125 2682 et
3151 2642 3316 2696 super
3349 2627 3530 2682 omnia
3561 2631 3710 2696 prino

2140 2719 2280 2787 cipia
2305 2720 2540 2788 positum
2588 2727 2672 2774 est
2703 2720 2866 2786 Deus,
2923 2728 3047 2790 post
3098 2719 3268 2774 Deum
3326 2720 3495 2774 multa
3529 2735 3710 2773 rerum

2139 2811 2468 2864 naturalium
2505 2821 2632 2868 sunt
2666 2812 2958 2882 principia.
3013 2814 3090 2866 Ac
3126 2813 3525 2868 elementorum
3563 2813 3714 2882 prin-

2139 2901 2280 2971 cipia
2334 2903 2616 2957 materiam
2653 2918 2775 2958 esse
2805 2917 2868 2957 ac
2912 2902 3144 2959 formam
3181 2905 3292 2974 jam
3352 2903 3557 2959 dictum
3603 2912 3708 2959 est.

2139 2989 2582 3060 Compositorum
2637 3007 2768 3047 vero
2797 3008 3088 3064 corporum
3135 2994 3402 3064 principia
3435 3003 3563 3050 sunt
3595 2993 3710 3064 ipsa

2139 3083 2402 3151 simplicia
2453 3084 2743 3150 elementa,
2805 3085 2873 3140 de
2932 3085 3130 3156 quibus
3179 3086 3487 3158 philosophi
3534 3088 3624 3142 alii
3656 3087 3710 3141 in

2141 3174 2358 3228 diversa
2394 3175 2671 3232 abierunt.
2732 3173 2866 3231 Nam
2915 3177 3239 3248 quibusdam
3273 3177 3412 3249 ignis
3442 3178 3591 3234 visus
3629 3190 3712 3234 est.

2142 3281 2264 3320 esse
2295 3266 2643 3336 principium,
2673 3277 2898 3338 propter
2927 3269 3242 3336 ellicaciam,
3282 3281 3336 3325 et
3360 3271 3502 3340 quod
3529 3257 3710 3325 omnia

2139 3359 2193 3412 in
2225 3359 2373 3412 illum
2401 3370 2820 3416 consumuntur.
2873 3361 3011 3417 Aliis
3069 3378 3183 3428 aer,
3246 3362 3502 3432 quoniam
3559 3362 3707 3417 illurn

2141 3452 2414 3520 respirant
2461 3453 2736 3508 animalia.
2766 3453 2896 3508 Aliis
2952 3469 3088 3525 aqua
3141 3463 3362 3525 propter
3396 3454 3711 3509 seminalem

2140 3554 2413 3597 naturam.
2467 3543 2755 3600 Nonnullis
2790 3545 2983 3600 horum
3013 3546 3178 3600 etiam
3207 3556 3349 3601 terra
3382 3546 3709 3617 principium

2141 3634 2254 3689 visa
2289 3643 2394 3697 est,
2429 3637 2684 3704 quoniam
2725 3637 2876 3707 plura
2908 3637 3165 3692 animalia
3199 3653 3264 3692 ex
3291 3639 3378 3692 illa
3411 3646 3706 3693 nascuntur

2140 3736 2195 3781 et
2219 3727 2273 3780 in
2301 3728 2444 3781 illam
2477 3729 2674 3783 iterum
2714 3731 3086 3785 resolvuntur.
3121 3729 3318 3786 Caeteri
3351 3741 3582 3802 quatuor
3613 3733 3714 3786 ista

2142 3835 2322 3873 rerum
2381 3837 2500 3875 esse
2557 3823 2820 3893 principia
2871 3832 3201 3880 statuerunt.
3247 3824 3399 3879 Plato
3447 3824 3711 3894 principia

2138 3927 2260 3966 esse
2283 3912 2466 3966 docuit
2501 3930 2514 3969 :
2549 3913 2736 3979 Deum,
2770 3923 3027 3984 tanquam
3069 3925 3275 3985 patrem
3309 3924 3365 3972 et
3389 3926 3664 3971 auctorem
3695 3935 3716 3982 ς

2141 4005 2442 4068 materiam,
2479 4016 2538 4060 ut
2565 4022 2685 4075 qum
2709 4007 3001 4062 creationis
3043 4023 3181 4080 opus
3209 4008 3262 4063 in
3290 4024 3348 4064 se
3375 4009 3620 4079 recipiat,
3661 4019 3715 4064 et

2137 4096 2333 4152 ideam.
2356 4097 2722 4153 Vocatautem
2747 4099 2924 4152 ideam
2951 4099 3180 4169 primam
3208 4103 3628 4171 conceptionem
3657 4101 3710 4156 in

2143 4185 2269 4249 Deo,
2295 4194 2351 4240 et
2373 4185 2700 4242 ineﬂabilem
2733 4189 3181 4259 imaginationem
3203 4201 3364 4262 atque
3381 4190 3712 4248 efferatatio-

2141 4292 2284 4341 nem,
2316 4279 2616 4335 secunlum
2649 4297 2810 4352 quam
2834 4282 3098 4340 mundum
3126 4283 3256 4339 fecit
3291 4299 3354 4340 ac
3392 4285 3659 4341 condidit.

2675 4375 2764 4432 6i.
2811 4376 2886 4432 De
2918 4379 3168 4433 materia.

2208 4461 2427 4518 Materia
2477 4473 2558 4518 est
2593 4479 2701 4530 res,
2732 4473 2790 4520 ut
2827 4466 2900 4522 ita
2938 4467 3136 4534 dicam,
3169 4467 3558 4535 immaterialis,
3592 4485 3713 4541 qua:

475 4540 804 4611 ἀθεώρητον,
839 4541 1046 4612 διανοίᾳ
1076 4541 1132 4594 δὲ
1167 4542 1300 4612 μόνῃ
1328 4541 1552 4611 ληπτόν.
1588 4543 1784 4612 Χεϊρον
1817 4543 2034 4596 πάντων
2071 4559 2114 4615 υ
2143 4568 2231 4607 δίῃ]

1959 4561 2034 4596 ων
2071 4559 2114 4615 D
2143 4568 2305 4607 sensu
2343 4569 2450 4608 non
2482 4556 2897 4626 comprehendi,
2959 4558 3052 4614 sed
3084 4559 3196 4614 sola
3226 4559 3558 4632 cogitatione
3587 4540 3711 4633 pcr-

471 4633 580 4685 τῶν
610 4633 798 4697 ὄντων,
827 4634 1092 4704 ἄμορφον,
1143 4633 1398 4699 ἀνείδεον,
1430 4633 1822 4700 ἀδιατύπωτον,
1884 4636 2040 4689 οὐσία

473 4723 718 4786 ἀνούσιος
749 4725 841 4778 καὶ
877 4723 1108 4794 ὕπαρξις
1143 4723 1508 4796 ἀνύπαρκτος.
1561 4726 1685 4779 Ἐἀν
1713 4726 1820 4796 γάρ
1845 4727 2037 4800 ἀνέλῃς

472 4817 632 4886 τυχλιν
658 4816 763 4870 ἀπὸ
783 4816 892 4871 τῶν
912 4817 1180 4887 σωμάτων
1212 4816 1310 4879 τὰς
1329 4818 1654 4888 ποσότητας,
1679 4819 1777 4880 τάς
1804 4819 2036 4888 σχέσεις,

471 4911 571 4973 τὰς
607 4909 764 4976 ἕξεις,
795 4909 890 4974 τάς
917 4909 1144 4982 τροπὰς,
1166 4911 1264 4974 τάς
1293 4911 1553 4981 κινήσεις,
1577 4910 1675 4975 τὰς
1702 4911 2035 4980 ἀλλοιώσεις,

473 5001 568 5064 τὰς
604 5001 924 5071 μεταϐολὰς,
953 5005 1060 5056 πᾶν
1089 5003 1274 5074 ῐτερον
1333 5003 1510 5058 ὁτιοῦν
1554 5003 1615 5057 τὸ
1642 5004 2038 5076 καταλειπόμε-

474 5110 562 5146 νον
595 5094 691 5164 ὕλη
735 5095 901 5150 εστίν.
941 5095 1067 5150 Ἐὰν
1115 5097 1220 5167 γάρ
1255 5096 1447 5168 ἀνέλῃς
1478 5097 1585 5150 ἀπὸ
1613 5097 1708 5152 τοῦ
1739 5098 1907 5168 πυρὸς
1939 5097 2038 5169 τὴν

475 5185 780 5256 θερμότητα
808 5188 900 5240 καὶ
927 5187 1024 5258 τὴν
1046 5187 1336 5261 ξηρότητα,
1365 5191 1457 5243 καὶ
1486 5189 1593 5244 ἀπὸ
1637 5189 1730 5244 τοῦ
1759 5192 1920 5262 ἀέρος
1939 5191 2037 5262 τὴν

474 5277 781 5348 θερμότητα
805 5279 896 5332 καὶ
930 5280 1030 5350 τὴν
1080 5280 1373 5353 ὑγρότητα,
1406 5281 1500 5335 καὶ
1547 5282 1654 5336 ἀπὸ
1713 5281 1806 5336 τοῦ
1848 5282 2038 5347 ὕδατος

473 5368 568 5440 τὴν
598 5370 913 5442 ψυχρότητα
944 5371 1036 5426 καὶ
1064 5372 1162 5444 τὴν
1193 5374 1556 5446 ὑγρότητα,τδ
1582 5373 1806 5445 ἔσχατον
1831 5373 2035 5430 τούτων

474 5461 818 5528 ὑπολειφθὲν,
857 5462 954 5535 ὕλη
987 5465 1154 5519 εστίν.

983 5554 1078 5626 ξβ’.
1110 5560 1242 5626 Περὶ
1273 5555 1478 5610 αἰτιῶν

547 5645 727 5709 Aleia;
755 5649 782 5700 ὁ
809 5646 905 5715 μὶν
931 5647 1305 5719 Ἀριστοτέλης
1321 5648 1591 5719 τέσσαρας
1620 5649 1958 5718 δογματίζει,
2003 5652 2029 5702 ὁ

472 5735 524 5787 δὲ
550 5736 768 5789 Ιιλάτων
798 5737 878 5802 ἓξ.
904 5739 1057 5793 Ἐστι
1085 5740 1138 5793 δὲ
1159 5741 1306 5794 αἰτία
1330 5739 1516 5810 πρώτη
1552 5738 1650 5808 μὲν
1673 5740 1704 5808 ἡ
1737 5740 1990 5809 ποιητική
2018 5757 2029 5770 ·

475 5825 662 5881 diana
714 5830 809 5895 τῆς
858 5830 1042 5908 κλίνης
1080 5833 1291 5887 ποῶτον
1347 5834 1564 5898 αἴτιονό
1599 5831 1921 5897 κλινοποιδς,
1958 5834 2029 5898 ὡς

2141 4641 2246 4711 cipi
2297 4651 2497 4712 potest.
2559 4643 2814 4700 Omnium
2889 4647 3100 4703 eutium
3165 4658 3542 4718 postremum,
3592 4650 3712 4707 sinu

2141 4732 2330 4798 forma,
2369 4735 2488 4790 sine
2537 4737 2738 4806 specie,
2794 4737 2912 4793 sine
2943 4738 3133 4809 ﬁgura,
3171 4740 3408 4796 essentia
3462 4743 3713 4800 essentia:

2140 4840 2334 4895 expers
2368 4835 2424 4882 et
2453 4827 2758 4884 substantia
2787 4828 2905 4884 sine
2935 4830 3265 4885 substantia.
3317 4830 3372 4886 Si
3408 4833 3552 4888 enim
3583 4835 3708 4890 abs-

2142 4917 2322 4971 trabas
2375 4932 2404 4972 a
2463 4932 2689 4989 corpore
2746 4919 3056 4990 qualitates,
3121 4920 3432 4990 relationes,
3471 4924 3706 4990 habitus,

2139 5021 2226 5060 mo
2249 5007 2350 5068 los.
2410 5018 2626 5074 motus,
2683 5009 3058 5076 alterationes,
3109 5013 3438 5069 mutationes
3478 5055 3493 5080 ,
3561 5015 3708 5072 aliud

2138 5099 2526 5171 quodcunque,
2564 5102 2708 5172 quod
2746 5105 3074 5159 remanserit
3105 5106 3333 5161 materia
3390 5116 3495 5163 est.
3545 5105 3621 5164 Ita
3660 5111 3706 5164 si

2137 5190 2206 5246 ab
2238 5189 2360 5262 igne
2384 5210 2434 5248 v.
2474 5209 2526 5265 ε.
2563 5194 2893 5251 abstraxeris
2920 5196 3156 5258 calorem
3196 5210 3252 5256 et
3279 5199 3607 5268 ariditatem,
3638 5203 3707 5258 ab

2137 5297 2266 5338 aere
2309 5285 2543 5342 calorem
2573 5297 2626 5342 et
2654 5287 3059 5356 bumiditatem,
3124 5292 3193 5348 ab
3249 5308 3388 5365 aqua
3426 5293 3596 5366 frigus
3652 5305 3708 5350 et

2139 5375 2538 5447 bumiditatem,
2598 5388 2931 5450 postremum
2981 5386 3126 5458 quod
3177 5397 3429 5457 superest
3483 5387 3706 5444 materia

2137 5477 2241 5524 est.

2697 5560 2786 5618 69.
2830 5562 2906 5618 De
2930 5566 3124 5620 causis.

2209 5650 2410 5706 Causas
2462 5651 2780 5709 Aristoteles
2837 5663 3070 5725 quatuor
3127 5658 3310 5722 tradit,
3373 5658 3525 5715 l’lato
3581 5675 3701 5717 sex.

2137 5741 2314 5796 Prima
2339 5751 2420 5797 est
2450 5757 2610 5799 causa
2638 5743 2897 5812 elilciens,
2944 5757 3003 5802 ut
3035 5748 3155 5805 lecti
3210 5749 3380 5820 prima
3431 5765 3594 5807 causa
3619 5762 3702 5808 est

2135 5834 2225 5906 qui
2283 5849 2406 5891 eum
2464 5835 2702 5906 coniicit,
2741 5839 2965 5912 ejusque
3025 5851 3106 5897 cst
3164 5852 3374 5899 auctor.
3410 5843 3700 5902 Materiah‘s
