4446 6446
421 377 527 445 729

707 486 811 554 ξς·’.
842 491 973 557 Περὶ
1003 492 1291 560 γενέσεως
1317 495 1409 547 καὶ
1433 497 1677 564 φθορᾶς.

491 577 707 644 Γένεσις
738 579 1012 651 λέγεταιή
1062 582 1169 635 ἀπὸ
1209 584 1302 636 τοῦ
1339 587 1412 655 μὴ
1453 569 1603 649 ὖντος
1635 589 1711 649 εἰς
1745 590 1803 641 τὸ
1846 608 1985 644 ε.ναι

422 670 714 739 μεταϐολή.
742 671 960 724 Γένεσιν
989 673 1044 725 δέ
1080 691 1222 737 τινες
1253 676 1345 727 καὶ
1393 678 1489 748 τὴν
1518 680 1729 745 κίνησιν
1758 680 1949 750 ὡνομά
1971 714 1984 723 -

421 779 568 826 κατι,
601 763 736 816 καθό
753 782 914 833 φασιν
931 765 1033 819 ὑπὸ
1058 768 1274 833 γένεσιν
1297 764 1437 822 εἶναι
1468 770 1558 823 τὸν
1587 773 1815 841 κόσμον,
1841 775 1987 828 τοῦτ’

418 854 588 913 ἐστιν,
630 854 734 906 ὑπὸ
759 857 991 925 κζνησιν.
1036 858 1214 928 Φοορὰ
1236 860 1289 911 δέ
1320 861 1469 913 ἐστιν
1519 864 1681 930 ἠάπὸ
1713 865 1804 916 τοῦ
1836 866 1987 928 ὄντος

418 946 497 1006 εὶς
523 947 582 996 τ’)
614 947 687 1017 μὴ
724 942 859 1000 εἶναι
923 950 1215 1019 μεταϐολὴ.
1252 953 1364 1005 Πᾶν
1411 953 1503 1006 οὖν
1542 954 1602 1006 τὸ
1635 955 1742 1007 ἀπὸ
1770 954 1862 1008 τοῦ
1913 956 1987 1025 μὴ

419 1033 558 1090 εἶναι
593 1040 904 1109 γενόμενον,
930 1044 1023 1095 καὶ
1074 1044 1181 1096 ἀπὸ
1204 1046 1296 1097 τοῦ
1327 1046 1581 1111 γενέσθαι
1606 1048 1985 1116 φθειρόμενον,

420 1130 524 1181 ὑπὸ
562 1132 776 1197 γένεσιν
821 1135 936 1186 ἐστὶ
971 1136 1061 1188 καὶ
1094 1136 1320 1207 φθοράν.
1357 1139 1511 1192 Κατὰ
1555 1139 1687 1207 γοῦν
1718 1141 1809 1192 τὸν
1852 1140 1989 1209 ἠμέ-

417 1237 575 1289 τερον
610 1222 764 1289 λόγον
803 1225 897 1278 καὶ
927 1226 1003 1295 τῷ
1032 1227 1220 1298 κόσμῳ
1254 1230 1462 1297 γένεσις
1494 1231 1685 1285 ἕπεται
1719 1248 1732 1262 ·
1776 1228 1843 1301 ἦν
1881 1231 1989 1302 γάρ

420 1311 506 1362 δ’τε
534 1312 632 1363 οὐκ
665 1308 754 1384 ἦν,
806 1315 901 1367 καὶ
934 1316 1082 1370 ἔσται
1121 1320 1209 1372 ὅτε
1240 1320 1337 1373 οὐκ
1378 1321 1546 1375 ἔσται.
1588 1322 1826 1394 Αύξησις
1893 1323 1991 1393 μὲν

420 1402 513 1456 οὖν
545 1407 637 1457 καί
660 1407 943 1473 ἀλλοίωσις
965 1412 1057 1462 καὶ
1081 1413 1221 1481 φορᾶ
1257 1414 1349 1466 καὶ
1380 1416 1412 1484 ἡ
1444 1415 1554 1468 ἀπὸ
1603 1417 1770 1469 τόπου
1796 1418 1874 1477 εἰς
1906 1416 1993 1469 τό·

424 1515 521 1548 πον
560 1497 858 1565 μετάϐασις
894 1504 1136 1571 κινήσεις
1169 1506 1298 1557 εἰσί.
1335 1507 1557 1570 Γένεσις
1590 1509 1646 1560 δὲ
1687 1509 1783 1567 καί
1813 1507 1991 1578 φθορὰ

421 1589 519 1640 οὐκ
553 1591 655 1640 εἰσὶ
682 1594 947 1661 κινήσεις,
984 1595 1197 1664 ἀθρόως
1222 1598 1331 1668 γὰρ
1355 1600 1415 1651 τὸ
1458 1600 1749 1669 γενόμενον
1773 1600 1988 1667 γέγονε,

424 1680 513 1733 καὶ
544 1683 602 1735 το
630 1683 836 1756 φθαρὲν
866 1686 1150 1756 ἔφθαρται.

916 1867 1010 1932 ξζν.
1045 1870 1181 1936 Περὶ
1207 1872 1518 1938 σωμάτων.

493 1952 659 2021 Σῶμά
700 1957 813 2008 ἐστι
858 1956 918 2009 τὸ
951 1958 1152 2022 πλάτος
1203 1959 1325 2029 ἕχον
1358 1962 1450 2013 καὶ
1482 1963 1653 2031 μῆκος
1691 1964 1782 2015 καὶ
1805 1963 1988 2031 βάθος.

426 2048 532 2097 Καὶ
553 2045 667 2098 ἐστι
691 2048 863 2116 μῆκος
889 2049 987 2117 μὲν
1022 2050 1183 2116 λόγου
1218 2053 1401 2122 χάριν,
1425 2054 1486 2106 τὸ
1517 2055 1625 2107 ἀπὸ
1653 2057 1895 2124 κεφαλῆς
1913 2058 1993 2119 εἰς

424 2138 561 2190 πόδα
589 2155 604 2169 ο
638 2139 839 2203 πλάτος
886 2141 943 2193 δὲ
972 2143 1035 2193 τὸ
1084 2143 1194 2197 ἀπὸ
1222 2145 1320 2211 τῆς
1345 2146 1527 2212 δεξιᾶς
1557 2149 1737 2219 χειρδς
1771 2150 1852 2212 εἰς
1894 2149 1993 2219 τὴν

424 2233 610 2300 ἀριστε
621 2232 738 2299 ρὰν,
760 2231 791 2301 ἢ
827 2232 885 2283 τὸ
909 2232 1175 2286 ἀνάπαλιν
1197 2250 1210 2263 °
1234 2234 1393 2304 βάθος
1411 2236 1464 2288 δὲ
1498 2237 1557 2289 τὸ
1579 2240 1683 2289 ἀπὸ
1702 2239 1807 2291 τῶν
1838 2242 1997 2313 στέρι-

426 2340 530 2374 νων
552 2324 642 2373 ἐπὶ
680 2323 744 2375 τὰ
768 2324 929 2386 νῶτα,
961 2325 991 2393 ἥ
1016 2326 1076 2378 τὸ
1104 2325 1357 2395 ἔμπαλιν.
1384 2328 1497 2383 Πᾶν
1522 2330 1578 2382 δὲ
1609 2331 1767 2399 σῶμα
1794 2332 1826 2399 ἢ
1857 2331 1994 2401 βαρὺ

426 2411 457 2479 ἦ
492 2410 689 2477 κοῦφόν
715 2414 851 2465 ἐστι.
900 2413 1009 2465 Καὶ
1050 2413 1110 2465 τὸ
1156 2415 1255 2483 μὲν
1284 2415 1420 2487 βαρὺ
1471 2418 1621 2470 κάτω
1645 2420 1892 2488 φέρεται,
1936 2420 1996 2472 τὸ

427 2500 481 2552 δὲ
504 2500 703 2567 κοῦφον
726 2504 837 2555 ἄνω
887 2503 1129 2571 φέρεται.
1162 2505 1329 2557 Τόποι
1378 2506 1433 2558 δὲ
1460 2505 1567 2558 τῶν
1595 2507 1862 2574 σωμάτιον
1891 2508 1995 2560 ττιν

432 2592 528 2661 μὲν
559 2594 796 2668 κούφων,
827 2595 855 2646 6
884 2595 994 2647 ἄνω
1022 2594 1113 2647 τοῦ
1146 2598 1353 2659 παντὸς
1402 2598 1563 2661 τόπος
1592 2617 1605 2630 ·
1646 2598 1763 2651 τῶν
1790 2598 1845 2651 δὲ
1898 2599 1996 2669 βα-

436 2688 571 2755 ρέων
595 2690 622 2740 6
650 2689 818 2742 κάτω.
852 2691 960 2742 Καὶ
988 2691 1317 2759 κουφότατον
1346 2693 1443 2761 μὲν
1473 2694 1532 2746 τὸ
1558 2693 1688 2765 πῦρ,
1719 2695 1793 2757 ὼς
1829 2696 1995 2747 πᾶσιν

428 2781 785 2843 ἐπιπολάζονθ
832 2782 1131 2853 βαρύτατον
1179 2785 1234 2838 δὲ
1267 2785 1361 2853 γῆ,
1409 2785 1484 2848 ὡς
1514 2788 1645 2839 πᾶσι
1700 2787 1996 2855 ὑποκείμε-

429 2888 538 2924 νον.
577 2874 693 2926 Πᾶν
744 2874 800 2928 δὲ
834 2875 1010 2944 σῶμα,
1068 2877 1125 2928 ἐν
1162 2876 1259 2945 μὲν
1298 2876 1375 2943 τῷ
1407 2875 1594 2945 οἰκείῳ
1623 2875 1772 2945 τόπῳ
1805 2875 1994 2941 ἑστὼς,

427 2962 547 3017 οὔτε
580 2965 715 3037 βαρὺ
742 2966 863 3020 οὔτε
901 2967 1099 3036 κοῦφον
1130 2982 1146 2997 ⁸
1181 2969 1268 3020 ὅτε
1322 2969 1378 3020 δὲ
1408 2971 1619 3038 ἀποστῇ
1646 2968 1751 3021 τῶν
1780 2970 1997 3024 οἰκείων

428 3057 625 3120 τὸπων,
646 3058 735 3109 καὶ
772 3057 952 3126 μέλλει
993 3057 1126 3125 πρδς
1155 3058 1353 3121 αὐτοὺς
1383 3057 1625 3121 ἀπιέναι,
1658 3058 1778 3109 τότε
1810 3057 1842 3128 ἢ
1898 3059 1999 3128 βα-

436 3147 635 3217 ρύτητα
669 3147 777 3219 ἔχει
813 3148 846 3218 ἢ
882 3147 1207 3217 κουφότητα.

887 3235 988 3305 ξη’.
1031 3238 1168 3304 Περὶ
1199 3237 1559 3304 ἐλαχίστων.

500 3327 790 3397 Ἐλάχιστα
834 3331 997 3395 φασὶν
1030 3330 1078 3380 οἱ
1134 3328 1414 3397 φιλόσοφοι
1466 3330 1721 3399 σωμάτιά
1754 3348 1878 3384 τινα
1924 3324 2000 3383 ὧν

430 3418 528 3469 ούκ
558 3417 704 3469 ἔστιν
739 3418 901 3485 ἔτερα
934 3418 1471 3489 σμικρομερέστερα.
1511 3421 1621 3472 Καὶ
1657 3421 2000 3474 ὑποτίθενται

433 3510 614 3579 ἁμερῆ
647 3526 765 3561 τινα
804 3510 923 3579 ἦτοι
953 3510 1299 3579 σμικρομερῆ
1334 3512 1428 3563 καὶ
1479 3511 1679 3577 άογκα,
1714 3514 1838 3580 ἢτοι
1873 3529 2000 3580 σμι-

434 3602 760 3671 κρομεγέθη,
788 3600 958 3669 ἀρχᾶς
1012 3600 1120 3653 τῶν
1159 3600 1327 3653 ὄντων
1358 3617 1373 3630 ⁶
1407 3601 1579 3670 ἀργὰς
1601 3602 1654 3652 δὲ
1681 3603 1739 3653 ού
1784 3619 2000 3671 πςιητι-

436 3692 692 3757 κὰς,ἀλλ’
742 3693 955 3746 ὑλικὰς.
1001 3684 1234 3759 Λέγεται
1291 3692 1454 3745 πάλιν
1509 3694 1789 3764 ἐλάχιστον
1831 3695 2001 3765 ἑτέρῳ

433 3785 593 3854 λόγῳ,
645 3778 756 3836 οἷον
819 3783 1171 3853 ἀριθμητικοὶ
1214 3782 1464 3850 λέγουσιν
1507 3784 1777 3855 ἀριθμοὺς
1810 3783 2001 3838 διπλα-

434 3876 579 3938 σίους
610 3875 703 3927 καὶ
726 3873 1072 3943 τριπλασίους
1094 3876 1187 3927 καὶ
1208 3876 1425 3944 ἑτέρους
1458 3875 1748 3940 τοιούτους,
1786 3870 1896 3928 οἷον
1925 3877 2005 3929 δι·

434 3968 681 4031 πλάσιος,
713 3966 872 4033 λόγου
900 3968 1080 4037 χάριν,
1119 3967 1145 4018 6
1173 3969 1315 4020 ὀκτὼ
1344 3966 1437 4020 τοῦ
1466 3969 1726 4038 τέσσαρα,
1758 3968 1851 4021 καὶ
1895 3969 2003 4021 τῶν

433 4060 525 4112 δύο
560 4059 587 4110 6
616 4060 878 4128 τέσσαρα,
909 4060 1001 4111 καὶ
1024 4059 1114 4111 τοῦ
1151 4058 1268 4119 ἑνὸς
1301 4059 1329 4107 6
1358 4057 1469 4121 δύο,
1505 4058 1597 4111 τοῦ
1642 4060 1696 4111 δὲ
1727 4059 1821 4111 δύο
1866 4060 2001 4129 πρὸς

433 4149 495 4204 τδ
522 4150 578 4204 ἒν
610 4150 889 4203 διπλασίου
909 4150 1065 4217 λόγου
1101 4152 1200 4203 οὐκ
1223 4150 1339 4202 ἐστι
1377 4150 1761 4221 ὑποδεέστερος
1789 4152 1997 4221 ἔτερος.

447 4242 751 4311 Ἐλάχιστος
810 4241 903 4293 οὖν
954 4242 1251 4307 διπλάσιος,
1302 4242 1330 4293 6
1372 4242 1464 4295 δύο
1502 4243 1638 4312 πρὸς
1668 4242 1818 4295 τὸ-ῐν
1852 4260 1866 4273 ·
1908 4245 2002 4296 καὶ

434 4334 716 4402 ἐλάχιστος
744 4332 1085 4403 τριπλάσιος,
1120 4334 1149 4385 6
1200 4333 1329 4404 τρία
1365 4334 1502 4405 πρὸς
1548 4336 1608 4387 τὸ
1655 4334 1735 4390 ἒν.
1767 4336 2001 4403 Λέγεται

434 4426 712 4493 ἐλάχιστον
746 4426 839 4475 καὶ
880 4425 942 4476 τὸ
991 4425 1110 4476 κατ’
1138 4425 1454 4486 εύτελισμὸν
1488 4425 1798 4494 γενόμενον,
1859 4427 1999 4480 ἀλλὰ

1557 383 1649 441 DE
1690 384 2117 446 OMNIFARM
2149 390 2550 450 DOCTRINA;

3560 388 3676 453 730

2368 504 2455 559 66.
2500 506 2575 560 De
2602 505 2942 576 generatione
2970 513 3018 558 et
3049 502 3403 573 corruptione.

2168 599 2460 652 Cettcratio
2497 600 2696 654 dicitur
2727 598 2957 654 mutatio
2982 613 3012 651 a
3049 613 3157 651 non
3182 611 3306 652 esse
3338 595 3404 650 ad
3428 609 3587 649 esse:
3619 602 3676 649 et

2098 700 2227 744 sunt
2283 690 2377 758 qui
2436 691 2843 756 generationem
2896 689 3061 745 etiam
3104 698 3311 742 motum
3373 685 3673 757 appellan',

2093 798 2201 850 quo
2243 798 2407 837 sen~u
2469 783 2733 836 mundum
2793 780 3154 853 generationi,
3184 779 3290 834 hoc
3338 789 3421 835 est
3479 779 3675 845 motui,

2094 875 2250 928 aiunt
2284 890 2405 929 esse
2434 875 2751 929 obnoxium.
2788 873 3080 944 Corruptio
3106 879 3299 927 contra
3335 878 3420 926 est
3444 871 3678 926 mutatio

2095 967 2162 1020 ab
2198 982 2318 1021 esse
2364 968 2429 1022 ad
2467 982 2574 1021 non
2617 982 2759 1021 esse.
2820 965 3092 1035 Quidquid
3124 964 3314 1035 igitur,
3381 978 3507 1019 cum
3560 978 3671 1016 non

2095 1067 2241 1113 esset
2268 1059 2345 1115 fit.
2381 1069 2433 1112 et
2463 1075 2584 1112 cum
2609 1059 2807 1113 existat
2829 1059 3222 1125 corrumpitur,
3257 1053 3595 1125 generationi
3618 1063 3675 1109 et

2095 1147 2433 1217 corruptioni
2464 1149 2661 1203 dicitur
2687 1149 2995 1217 subjacere.
3030 1147 3104 1200 Ex
3143 1155 3327 1201 nostra
3364 1146 3505 1200 adeo
3544 1160 3672 1199 sen-

2098 1241 2263 1293 tentia
2320 1239 2387 1294 ad
2442 1239 2701 1293 mundum
2732 1239 2895 1294 etiam
2935 1237 3212 1310 generatio
3244 1238 3521 1309 pertinet:
3553 1244 3674 1291 erat

2097 1329 2241 1383 enim
2276 1329 2494 1399 quanzlo
2545 1345 2653 1383 non
2690 1337 2844 1394 erat,
2884 1339 2940 1383 et
2968 1329 3077 1383 erit
3120 1327 3342 1398 quando
3397 1344 3506 1382 non
3545 1326 3670 1382 erit.

2096 1418 2364 1473 Caeterum
2399 1420 2770 1489 augmentatio
2806 1419 3026 1489 quidem
3055 1436 3118 1475 ac
3167 1420 3398 1475 mutatio
3429 1428 3485 1474 et
3506 1419 3678 1489 agita-

2098 1509 2175 1564 tio
2204 1518 2259 1563 et
2288 1509 2355 1563 de
2379 1510 2498 1565 loco
2524 1510 2577 1563 in
2610 1509 2788 1564 locum
2817 1510 3101 1564 translatio
3122 1517 3304 1564 motus
3327 1516 3476 1571 sunt,
3508 1522 3677 1578 gene-

2099 1601 2237 1655 ratio
2258 1610 2437 1655 autem
2467 1611 2522 1655 et
2548 1603 2824 1670 corruptio
2853 1618 2963 1657 non
3001 1612 3130 1657 sunt
3162 1610 3363 1665 motus,
3383 1600 3676 1655 continen-

2100 1704 2180 1748 ter
2212 1692 2359 1745 enim
2399 1708 2463 1746 ac
2484 1693 2644 1747 simul
2673 1693 2729 1747 tit
2759 1694 2901 1763 quod
2939 1693 3018 1757 ﬁt,
3052 1703 3108 1749 et
3138 1692 3508 1764 corrumpitur
3528 1691 3674 1763 quod

2099 1788 2490 1857 corrumpitur.

2590 1880 2678 1934 67.
2726 1878 2800 1932 De
2826 1878 3143 1945 corporibus.

2163 1971 2373 2041 Corpus
2402 1983 2486 2027 est
2516 1973 2658 2041 qttod
2684 1972 2847 2027 habet
2876 1972 3244 2036 latitudinem,
3266 1968 3672 2040 longitudinem

2093 2074 2143 2118 et
2174 2064 2621 2133 profunditatem.
2654 2063 2962 2133 Longitudo
3012 2061 3215 2116 dicitur
3244 2058 3398 2115 verbi
3428 2059 3601 2131 gratia
3644 2074 3672 2111 a

2094 2156 2273 2225 capite
2293 2156 2359 2209 ad
2388 2155 2576 2224 pedes,
2596 2155 2824 2209 latitudo
2850 2170 2877 2207 a
2904 2170 3066 2207 manu
3096 2152 3285 2207 dextra
3302 2150 3369 2204 ad
3389 2150 3669 2206 sinistram

2094 2256 2189 2300 aut
2220 2247 2482 2305 vicissim.
2514 2246 2859 2315 profunditas
2886 2260 2915 2299 a
2947 2252 3169 2314 pectore
3217 2242 3285 2296 ad
3333 2250 3547 2310 tergum
3582 2248 3679 2294 aut

2097 2339 2213 2392 vice
2245 2353 2420 2392 versa.
2473 2338 2647 2393 Omne
2676 2351 2874 2405 corpus
2900 2351 3062 2407 grave
3089 2344 3183 2389 aut
3210 2335 3329 2389 leve
3348 2343 3454 2389 est.
3485 2332 3668 2389 Grave

2095 2429 2352 2481 deorsum
2379 2427 2709 2487 fertur..lcve
2734 2427 2907 2481 tendit
2929 2441 3167 2481 sursum.
3194 2425 3333 2480 Loca
3357 2433 3674 2493 corporum,

2096 2520 2295 2574 levium
2344 2519 2563 2587 quidem
2594 2534 2883 2588 supremus
2938 2518 3207 2580 omnium,
3250 2516 3497 2586 gravium
3550 2514 3675 2571 intl-
3766 2507 3768 2510 ’

2096 2626 2237 2665 mus.
2273 2611 2349 2663 Ac
2378 2609 2716 2665 levissimum
2779 2620 2864 2663 est
2930 2610 3091 2681 ignis,
3155 2610 3247 2679 qui
3292 2608 3465 2664 fertur
3511 2617 3680 2677 Super

2096 2702 2276 2755 omnia
2303 2716 2527 2770 corpora
2562 2718 2576 2765 ;
2612 2711 2751 2754 terra
2783 2700 3180 2766 gravissimum,
3212 2699 3467 2755 omnibus
3490 2692 3677 2766 subia-

2095 2807 2243 2846 cens.
2277 2792 2347 2845 At
2371 2806 2570 2861 corpus
2599 2807 2761 2846 omne
2786 2793 2840 2846 in
2874 2792 3111 2845 naturali
3157 2807 3259 2847 suo
3303 2791 3669 2848 constitutum

2098 2886 2216 2939 loco
2240 2901 2342 2941 nec
2368 2901 2530 2953 grave
2558 2901 2660 2939 nec
2691 2886 2809 2939 leve
2835 2894 2940 2948 est,
2981 2885 3202 2954 quando
3228 2894 3411 2939 autem
3449 2900 3477 2939 a
3510 2894 3676 2938 natu-

2097 2977 2194 3030 rali
2220 2979 2341 3031 loco
2372 2977 2527 3031 abest
2557 2986 2608 3031 et
2640 2976 2705 3030 ad
2741 2992 2867 3030 eum
2893 2975 3099 3039 tendit,
3133 2984 3264 3031 tunc
3296 2974 3380 3030 vel
3411 2973 3675 3045 gravitate

2097 3070 2384 3139 prmditum
2412 3079 2498 3124 est
2527 3068 2606 3122 vel
2638 3067 2883 3123 levitate.

2409 3268 2496 3324 68.
2540 3267 2616 3322 De
2654 3268 2980 3337 parvissimis
3018 3268 3360 3337 corpusculis.

2172 3357 2495 3411 Parvissima
2536 3357 2653 3409 sive
2692 3356 2913 3410 minima
2944 3354 3256 3424 philosophi
3305 3364 3503 3410 vocant
3549 3369 3675 3409 cor-

2101 3451 2329 3521 puscula
2381 3453 2628 3519 quadam
2666 3448 2865 3518 quibus
2912 3448 3058 3501 nttlla
3092 3447 3197 3501 alia
3243 3446 3490 3516 parviora
3522 3460 3679 3515 repe-

2102 3544 2343 3604 riuntur,
2400 3548 2829 3608 supponuntqtte
2859 3537 2949 3590 illa
2979 3551 3100 3591 esse
3153 3537 3207 3590 in
3259 3536 3437 3591 nullas
3494 3533 3680 3606 partes

2101 3632 2420 3694 divisibilia,
2473 3631 2837 3685 minutissima
2883 3638 2939 3684 et
2994 3628 3137 3683 mole
3190 3628 3471 3693 destituta,
3512 3636 3681 3696 atque

2101 3725 2311 3791 exsilia,
2345 3723 2607 3793 principia
2631 3736 2942 3790 corporum,
2971 3734 3080 3773 non
3117 3717 3403 3774 emcientia
3431 3718 3525 3773 sed
3557 3732 3677 3771 ma~

2102 3816 2329 3871 terialia.
2367 3814 2575 3867 Dicitur
2601 3822 2655 3866 et
2676 3812 2785 3867 alio
2815 3826 2978 3866 sensu
3007 3809 3390 3879 parvissimum
3419 3807 3534 3862 sive
3573 3807 3678 3861 mi-

2103 3907 2308 3960 nimum
2336 3904 2476 3974 apud
2512 3903 2909 3969 arithmeticos,
2943 3902 3163 3972 quando
3195 3901 3263 3956 de
3301 3898 3548 3955 numeris
3574 3898 3679 3953 du-

2106 3996 2342 4066 plicibus
2371 3995 2455 4049 vel
2485 3992 2794 4067 triplicibus
2824 4001 2919 4046 aut
2943 3992 3065 4047 aliis
3090 3989 3360 4061 ejusmodi
3418 3997 3677 4053 tractant,

2102 4087 2253 4140 verbi
2286 4087 2455 4156 gratia
2489 4094 2612 4138 octo
2645 4092 2775 4139 sunt
2800 4083 3025 4154 duplum
3057 4081 3413 4154 quaternarii,
3445 4090 3679 4151 quatuor

2102 4175 2319 4239 binarii,
2352 4176 2459 4229 duo
2514 4174 2712 4229 tmarii.
2743 4174 2863 4228 Non
2894 4174 3058 4228 datur
3086 4189 3217 4229 vero
3242 4173 3381 4227 alius
3412 4186 3683 4233 numerus

2104 4267 2301 4336 dnplus
2333 4266 2475 4320 intra
2515 4265 2806 4328 binarium,
2840 4265 3100 4320 minimus
3137 4265 3305 4337 igitur
3352 4264 3555 4332 dupl'us
3592 4274 3681 4318 est

2103 4358 2348 4412 binarius
2380 4366 2631 4427 respectu
2662 4356 2907 4421 unitatis,
2938 4356 3018 4411 uti
3054 4355 3328 4411 temarius
3381 4362 3469 4410 est
3512 4353 3677 4409 mini-

2107 4461 2228 4499 mus
2264 4445 2458 4515 triplus
2484 4444 2553 4499 ad
2589 4444 2836 4499 eamdem
2876 4443 3165 4499 unitatem.
3195 4442 3406 4497 Dicitur
3435 4448 3491 4497 et
3516 4441 3679 4495 mini-

434 4516 638 4585 κυρίως
686 4516 963 4585 ἐλάχιστον
1012 4516 1152 4570 κατὰ
1197 4516 1517 4585 φιλοσόφους
1543 4560 1557 4583 _.
1576 4518 1637 4570 τὸ
1664 4517 2005 4589 βραχύτατον
2036 4534 2083 4595 υ
2111 4555 2190 4594 πη

1921 4536 2005 4574 τον
2036 4534 2083 4595 ι)
2111 4555 2261 4594 mum
2293 4538 2435 4607 quod
2469 4538 2535 4593 ad
2564 4538 2885 4592 tenuitatem
2916 4537 3199 4593 redactum
3244 4546 3358 4603 est,
3383 4534 3479 4590 sed
3507 4550 3677 4605 pecu-

436 4611 705 4679 σωμάτιον
736 4608 1080 4678 ὀνομάζεται.

768 4802 862 4866 ξθ’.
896 4802 1033 4870 Περὶ
1061 4801 1347 4871 διαφοράς
1388 4803 1685 4871 ψ’ὡσεως.

508 4892 702 4963 Πρώτη
724 4895 839 4944 ἐστὶ
858 4894 949 4946 καὶ
968 4892 1273 4965 ὑψηλοτέρα
1297 4894 1405 4946 τῶν
1433 4894 1686 4963 γνὼσεων
1711 4898 1939 4952 ἁπασῶν
1966 4901 2000 4973 ἡ

431 4986 528 5052 τῆς
547 4985 824 5055 προνοίας,
845 4986 966 5053 ἥτις
987 4987 1135 5037 ἐστὶν
1153 4985 1399 5055 ἐνέργεια
1426 4985 1520 5039 τοῦ
1538 4988 1694 5041 Θεοῦ.
1733 4990 1793 5043 Ὀ
1825 4990 2003 5045 τοίνυν

437 5078 566 5139 Θεὸς
596 5078 739 5147 ὑπὲρ
774 5078 950 5130 πάντα
972 5078 1038 5130 τά
1079 5078 1210 5130 ὄντα
1244 5078 1335 5131 καὶ
1366 5079 1506 5150 ὑπὲρ
1536 5081 1698 5135 αὐτὸν
1744 5083 1836 5134 τὸν
1876 5083 2002 5136 νοῦν

434 5172 572 5240 ἔχων
623 5170 722 5240 τὴν
751 5170 999 5240 δύναμιν,
1034 5173 1128 5224 καὶ
1173 5174 1377 5242 κυρίως
1414 5173 1472 5226 ἓν
1512 5175 1800 5246 ὑπάρχων,
1854 5178 2003 5247 αὐτῷ

433 5265 497 5332 δὴ
531 5263 606 5333 τῷ
631 5264 711 5316 ἐνὶ
749 5264 895 5332 μόνῳ
927 5266 1173 5328 προνοεῖν
1225 5266 1443 5333 λέγεται
1473 5267 1711 5321 πάντων.
1762 5268 2003 5337 Δευτέρα

431 5356 489 5411 δὲ
516 5356 635 5409 ἐστὶ
667 5355 866 5423 γνῶσις
910 5358 943 5424 ἡ
970 5356 1131 5425 νοερὰ
1152 5356 1318 5408 αὐτοῦ
1349 5356 1443 5410 τοῦ
1475 5357 1756 5421 παντελῶς
1778 5359 1867 5413 νοῦ
1892 5359 2002 5413 ὀλι-

434 5447 544 5509 κὼς
582 5448 650 5499 τὰ
673 5446 849 5499 πάντα
874 5446 1142 5510 νοοῦντος.
1176 5449 1219 5500 Τ
1221 5448 1346 5518 ’ρίτη
1376 5451 1494 5517 μετ’
1534 5451 1706 5519 αὐτὴν
1747 5453 1945 5519 γνῶσις
1967 5456 2003 5525 ή

431 5541 531 5609 τῆς
550 5539 774 5608 λογικῆς
816 5538 973 5609 ἡμῶν
996 5540 1197 5608 ψυχῆς,
1240 5541 1361 5610 ἥτις
1388 5541 1680 5612 διαιρεῖται
1718 5546 1799 5607 εἰς
1842 5545 2000 5612 δόξαν

432 5634 527 5686 καὶ
554 5632 883 5700 ἐπιστήμην.
944 5631 1085 5683 Ἀλλ’
1130 5633 1292 5701 ἠμὲν
1339 5634 1463 5697 δόξα
1511 5636 1620 5687 τῶν
1662 5638 2000 5703 κινουμένων

435 5722 554 5774 ἐστὶ
586 5721 809 5785 γνῶσις,
858 5720 975 5788 ἦτοι
1007 5720 1115 5772 τῶν
1166 5722 1668 5793 μεταϐαλλομένων,
1723 5728 1753 5794 ἡ
1790 5727 1843 5778 δὲ
1882 5727 1999 5779 ἐπι-

437 5816 641 5885 στήμη»
674 5812 778 5867 τῶν
809 5815 1096 5883 ἀκινήτων,
1133 5810 1261 5877 οἷον,
1304 5814 1481 5886 ψυχῆς
1508 5817 1599 5870 καὶ
1638 5817 1725 5871 νοῦ
1759 5818 1848 5870 καὶ
1890 5819 1995 5870 τῶν

2108 4628 2226 4682 liari
2254 4627 2465 4682 ratione
2491 4627 2833 4697 philosophis
2882 4627 3266 4697 parvissimum
3295 4625 3681 4698 corpusculum

2108 4720 2180 4773 ita
2205 4719 2544 4774 nominatur.

2352 4807 2441 4861 69.
2491 4806 2564 4860 De
2598 4806 2760 4859 variis
2800 4806 3071 4875 generibus
3099 4804 3432 4876 cognitionis.

2178 4894 2355 4949 Prima
2407 4904 2461 4949 et
2506 4894 2793 4950 sublimior
2846 4894 3221 4966 cognitionum
3284 4896 3531 4950 omnium
3595 4901 3681 4952 est

2106 4986 2470 5059 providentia,
2498 5002 2620 5056 qua
2648 4986 2889 5041 estactio
2910 4986 3024 5041 Dei.
3058 4986 3202 5042 Deus
3223 4987 3488 5057 siquidem
3512 5002 3679 5057 super

2106 5081 2292 5136 omnia
2319 5096 2440 5149 quae
2470 5089 2598 5134 sunt
2628 5089 2683 5134 et
2717 5095 2883 5148 super
2926 5079 3097 5149 ipsam
3165 5088 3402 5140 mentem
3436 5079 3675 5149 potentia

2106 5172 2335 5241 pollens,
2367 5179 2424 5224 et
2455 5170 2672 5239 proprie
2715 5184 2884 5223 unum
2925 5168 3213 5233 exsistens,
3246 5168 3350 5224 hoc
3407 5168 3526 5239 ipso
3561 5169 3678 5224 solo

2108 5280 2218 5320 uno
2255 5264 2513 5318 omnibus
2546 5262 2812 5332 providet.
2860 5260 3043 5316 Altera
3070 5260 3309 5333 cognitio
3338 5270 3423 5316 est
3447 5261 3677 5317 inti-lle-

2104 5355 2320 5421 ctualis,
2348 5370 2453 5423 qua
2487 5368 2641 5408 mens
2669 5367 2925 5423 suprema
2958 5352 3217 5406 universe
3250 5350 3437 5405 omnia
3465 5351 3673 5406 intelli-

2104 5448 2200 5519 git.
2231 5445 2413 5502 Tertia
2446 5454 2570 5517 post
2598 5446 2741 5499 hanc
2771 5454 2856 5499 est
2881 5442 3117 5516 cognitio
3151 5443 3205 5497 in
3239 5442 3423 5498 anima
3462 5451 3679 5523 nostra.“

2104 5552 2225 5607 qua:
2255 5537 2310 5590 in
2339 5535 2658 5605 opinionem
2683 5542 2740 5588 et
2762 5532 3046 5589 scientiam
3082 5530 3455 5601 distinguitur.
3484 5527 3561 5583 E'x
3583 5527 3675 5591 his

2103 5627 2288 5697 opinio
2304 5626 2638 5697 cstcognitio
2669 5641 2848 5681 rerum
2878 5622 3162 5679 mobilium
3192 5619 3670 5689 mutabiliumque:

2104 5721 2341 5775 scientia
2384 5719 2773 5785 itntnobilium,
2839 5729 2898 5774 ut
2952 5718 3171 5779 animm,
3232 5713 3454 5777 mentis,
3508 5721 3672 5783 atque

2103 5812 2330 5867 aliorum
2362 5811 2646 5881 ejusmodi.
2685 5812 2885 5877 Quarta
2922 5820 2974 5865 ct
3007 5819 3278 5879 postrema
3309 5804 3547 5876 cognitio
3584 5798 3667 5879 est
