4446 6446
786 405 888 466 '.'3l
2028 404 2079 462 M
2094 403 2441 462 [CHAELIS
2478 403 2745 464 PSELLI

3908 399 4017 461 73?.

786 516 1177 573 irrationabilis
1201 516 1397 573 anime
1434 524 1636 572 nostra:
1676 516 1915 572 settsatitt
1946 526 2001 571 et
2036 514 2346 586 phantasia,
2378 521 2422 576 Α
2451 534 2542 569 του

2264 514 2346 579 tia,
2378 521 2422 576 Α
2451 516 2730 572 τοιούτων.
2767 516 3015 588 Τετάρτη
3072 514 3274 584 γνῶσις
3326 514 3421 568 καὶ
3469 512 3775 575 τελευταία,
3839 511 3872 580 ἡ
3921 516 4020 583 τῆς

785 608 1257 680 τεειιατιίιδυΙετεε
1285 608 1720 678 apprehendens.

789 790 876 846 70.
901 790 1167 857 Quomodo
1191 805 1394 857 semper
1437 796 1683 852 operante
1705 785 1842 857 Dico,
1881 800 1981 837 non
2010 800 2213 852 semper
2240 782 2353 851 ejus

1275 855 1544 911 reddimur
1573 855 1875 924 participes.

857 964 1115 1029 Quamvis
1144 964 1287 1018 Deus
1319 977 1535 1031 semper
1558 972 1835 1030 operatur,
1870 960 2013 1013 illius
2041 968 2222 1013 tamen
2245 973 2353 1011 non

785 1070 1000 1123 semper
1023 1055 1311 1123 participes
1339 1052 1614 1105 redtlitnur
1636 1060 1855 1120 propter
1880 1060 2119 1105 nostram
2148 1049 2354 1118 inepti-

787 1147 1031 1201 ttttlinent
1065 1146 1129 1198 ad
1170 1159 1294 1197 eum
1331 1143 1728 1213 recipiendum.
1769 1144 1921 1197 Sicut
1948 1143 2092 1197 ettitn
2118 1143 2231 1196 sole
2257 1157 2355 1211 per

790 1240 1069 1293 meridiem
1102 1240 1220 1291 luce
1254 1237 1437 1291 omnia
1472 1236 1733 1305 implente
1766 1252 1875 1290 non
1912 1250 2104 1289 omnes
2136 1235 2191 1288 in
2226 1249 2351 1288 eum

790 1331 987 1383 intueri
1019 1338 1283 1398 possunt,
1336 1328 1427 1382 sed
1458 1328 1549 1395 qui
1586 1329 1739 1383 ﬁrma
1769 1328 2049 1383 oculorum
2080 1327 2196 1380 acie
2226 1343 2355 1397 gau-

788 1423 940 1481 dent,
969 1421 1044 1474 ita
1076 1436 1177 1474 nec
1210 1420 1302 1474 Dei
1328 1420 1620 1488 participes
1650 1420 1762 1472 ﬁeri
1806 1434 1997 1473 omnes
2022 1427 2249 1486 queunt,
2291 1418 2355 1470 li-

789 1522 877 1566 cet
908 1513 999 1566 ille
1023 1512 1216 1581 quovis
1238 1510 1350 1565 sole
1386 1511 1806 1581 splendidiorem
1830 1510 2008 1564 lucem
2038 1509 2354 1580 intelligibi-

789 1606 896 1660 lem
926 1606 1120 1666 exerit,
1150 1603 1243 1657 sed
1280 1613 1488 1658 tantum
1516 1604 1589 1657 illi
1633 1603 1723 1672 qui
1748 1602 2165 1657 intellectualem
2199 1616 2354 1655 mett-

791 1699 861 1752 tis
891 1698 1109 1751 oeulttm
1141 1705 1431 1767 purgatum
1461 1697 1513 1749 itt
1566 1697 1744 1750 anima
1780 1712 1876 1750 sua
1900 1705 2119 1764 gerunt.
2160 1695 2264 1748 Sed
2299 1702 2355 1747 et

791 1790 905 1858 ipsa
932 1805 1066 1857 pura
1098 1804 1253 1842 mens
1284 1790 1482 1858 saepius
1508 1790 1561 1842 in
1604 1789 1951 1859 percipiendo
1988 1788 2171 1841 divino
2202 1788 2356 1840 labo-

792 1892 875 1934 rat
915 1882 1229 1948 Splendore,
1259 1882 1516 1951 quoniam
1553 1896 1665 1935 non
1711 1882 1935 1935 omnino
1969 1882 2139 1935 libera
2167 1890 2223 1934 et
2250 1881 2357 1933 im-
2391 1866 2433 1920 Β

792 1974 1111 2037 tttaterialis,
1140 1973 1234 2027 sed
1262 1974 1504 2027 materia:
1559 1984 1615 2028 et
1664 1974 1879 2042 corpori
1925 1982 2012 2027 est
2041 1973 2358 2041 conjuncta.

793 2063 911 2118 Erit
944 2073 1149 2129 autem,
1176 2064 1395 2132 quando
1428 2070 1551 2132 post
1592 2063 1919 2117 solutionem
1970 2076 1999 2114 a
2031 2076 2258 2130 corpore
2307 2068 2364 2113 et

794 2159 1063 2222 speratam
1095 2152 1497 2206 restitutionem
1524 2191 1540 2216 ,
1584 2151 1701 2205 sine
1746 2150 2149 2205 intermissione
2188 2149 2361 2204 aciem

797 2247 854 2299 in
891 2245 1060 2299 Deum
1089 2244 1355 2298 intentam
1384 2243 1626 2297 habebit.

1067 2337 1152 2390 7|.
1180 2334 1320 2388 Num
1349 2335 1475 2405 quid
1503 2334 1558 2387 in
1607 2333 1806 2403 angelis
1837 2334 1905 2386 sit
1936 2332 2106 2385 ntali?

867 2428 1162 2498 Gregorius
1194 2426 1499 2495 Tlteologus
1529 2423 1786 2479 Oratione
1834 2424 1889 2478 in
1925 2422 2128 2478 Christi
2164 2421 2366 2475 nativi-

795 2530 961 2575 tatem
989 2521 1206 2591 angelos
1236 2519 1301 2572 ad
1329 2519 1527 2572 malum
1577 2517 1782 2571 moveri
1829 2532 1988 2586 posse
2020 2525 2201 2587 negat.
2246 2514 2367 2569 Non

795 2617 1051 2683 ignorans
1086 2620 1265 2666 tamen
1306 2610 1600 2672 diabolum,
1643 2609 1866 2680 angelus
1901 2625 2023 2663 cum
2055 2618 2219 2673 esset,
2251 2623 2368 2661 ma-

793 2705 905 2758 lum
946 2703 1146 2757 factum
1196 2716 1343 2766 esse,
1401 2700 1692 2755 diﬂiculter
1751 2700 1942 2753 saltem
1993 2699 2112 2752 illos
2161 2697 2368 2752 moveri

797 2810 958 2864 posse
995 2794 1191 2848 innuit.
1242 2795 1312 2847 At
1360 2792 1717 2861 sapientiores
1766 2790 2093 2853 Graecorum,
2146 2790 2370 2859 angelos

796 2889 907 2942 Deo
936 2886 1210 2956 proximos
1239 2900 1302 2939 ac
1336 2884 1502 2938 veluti
1548 2885 1603 2936 in
1652 2883 1856 2937 foribus
1906 2881 2207 2936 divinitatis
2234 2896 2370 2936 con-

795 2979 1018 3032 stitutos
1046 2978 1399 3039 arbitrantes,
1426 2975 1549 3028 mali
1584 2975 1875 3044 participes
1924 2974 2037 3028 ﬁeri
2081 2990 2243 3045 posse
2286 2975 2371 3027 in-

797 3068 1068 3121 tieiantur.
1100 3066 1233 3121 Cum
1262 3066 1406 3119 enim
1441 3065 1637 3119 silentii
1674 3065 1841 3118 divini
1878 3065 1987 3119 sint
2025 3065 2368 3134 interpretes,

796 3158 1161 3228 bonitatisque
1197 3156 1395 3216 ttuntii,
1429 3155 1721 3226 quomodo,
1776 3156 2050 3224 inquiunt,
2084 3156 2210 3208 ntali
2244 3169 2367 3208 esse

796 3251 1063 3321 possunt?
1101 3248 1413 3321 angelorum
1461 3248 1661 3317 quippe
1694 3262 1865 3318 genus
1906 3246 2207 3300 assitnilant
2236 3245 2369 3309 Deo,

798 3359 829 3396 a
858 3357 966 3404 quo
990 3342 1283 3410 dependet,
1319 3344 1381 3393 ut
1422 3354 1518 3408 per
1560 3354 1749 3408 puram
1786 3336 2199 3392 similitudinem
2242 3352 2371 3405 pro-

800 3434 1083 3502 prietatent
1140 3431 1261 3500 ejus
1307 3431 1479 3500 possit
1542 3429 1853 3484 hominibus
1928 3438 2109 3481 notam
2167 3426 2369 3483 facere.

799 3524 1035 3593 Angelos
1065 3536 1227 3591 porro
1252 3529 1448 3575 vocant
1485 3521 1768 3574 universas
1797 3533 1916 3587 qum
1962 3518 2062 3572 sub
2110 3517 2219 3571 Deo
2248 3523 2376 3570 sunt

801 3627 1122 3689 potestates.

1073 3710 1165 3765 72.
1199 3707 1338 3763 Num
1377 3706 1729 3777 incorporalia
1758 3707 1859 3761 sint
1891 3704 2122 3759 inloco?

870 3802 1081 3871 Corpus
1121 3812 1175 3856 et
1201 3801 1539 3871 incorporale
1565 3800 1664 3853 sibi
1707 3806 2077 3868 opponuntur.
2123 3795 2180 3850 Si
2213 3796 2376 3867 igitur

800 3910 1000 3963 corpus
1027 3894 1078 3947 in
1123 3895 1244 3948 loco
1288 3902 1391 3954 est,
1430 3890 1767 3959 incorporale
1807 3905 1915 3944 non
1947 3898 2030 3943 est
2064 3888 2282 3946 inloco.
2318 3885 2374 3943 Si

800 3987 947 4039 enim
969 3984 1063 4048 uni
1096 3982 1464 4052 oppositorum
1495 3981 1601 4036 erit
1632 3996 1797 4034 unum
1821 3996 1851 4034 e
1878 3979 2190 4043 contrariis,
2218 3979 2374 4033 alteri

801 4077 1032 4131 alterum
1072 4076 1194 4130 erit.
1252 4076 1436 4144 Itaque
1492 4074 1537 4128 si
1585 4072 1800 4141 corpori
1862 4072 2007 4141 quod
2048 4070 2371 4139 incorporali

800 4169 1134 4223 contrarium
1170 4176 1253 4222 est
1285 4166 1543 4235 competit
1596 4179 1715 4219 esse
1766 4164 1821 4217 in
1872 4163 2012 4226 loco,
2053 4160 2374 4231 incorporali

802 4265 1073 4327 competet
1118 4273 1228 4312 non
1258 4271 1400 4312 esse.
1436 4255 1568 4310 Nam
1607 4263 1661 4309 et
1700 4269 1817 4325 qum
1852 4252 2069 4324 proprie
2119 4252 2376 4322 incorpo-

804 4352 933 4407 ralia
957 4358 1103 4409 sunt.
1142 4348 1521 4419 prastantiora
1551 4356 1699 4409 sunt,
1734 4348 1894 4415 quam
1922 4353 1979 4399 ut
2005 4344 2116 4399 sint
2143 4342 2197 4397 in
2232 4343 2371 4410 loco,

804 4457 982 4511 neque
1006 4441 1252 4496 localiter
1285 4439 1608 4509 corporibus
1640 4446 1768 4492 sunt
1805 4435 2113 4506 presentia.
2158 4433 2253 4490 sed
2284 4450 2373 4489 re-

2459 608 2653 675 ἀλόγου
2678 608 2877 677 ψυχῆς,
2929 607 3179 676 αἴσθησις
3220 606 3380 677 καὶὴ
3429 605 3721 674 φαντασία,
3778 603 4021 673 μερικῶν

2460 699 2798 770 πραγμάτων
2828 700 3376 770 ἀντιλαμϐανόμεναι.

2459 790 2517 845 ο’.
2551 791 2680 858 Πῶς
2711 795 2821 847 οὐκ
2854 792 2945 847 dei
2999 790 3337 873 parsley”:
3373 790 3481 871 ταῦ
3517 790 3686 855 Θεοῦ,
3718 788 3809 843 ἀεὶ
3856 790 4027 858 ἆνερ.

3002 861 3251 930 ¹γεοῦντος
3272 860 3480 914 αὐτοῦ.

2530 976 2602 1028 Οὐ
2629 976 2928 1046 μετέχομεν
2949 976 3035 1028 ἀεὶ
3066 975 3159 1027 τοῦ
3187 974 3342 1035 Θεοῦ,
3376 976 3423 1027 εί
3453 976 3544 1027 καὶ
3580 975 3666 1029 ἀεὶ
3697 977 3910 1045 ἐνεργεῖ
3932 966 4021 1027 οὗ-

2460 1086 2571 1134 τος,
2618 1068 2705 1121 διά
2747 1068 2847 1138 τὴν
2896 1068 3169 1138 ἡμετέραν
3208 1066 3690 1138 ἀνεπιτηδειότητα
3742 1067 3881 1139 πρὸς
3923 1067 4022 1136 τὴν

2464 1160 2701 1229 μέθεξιν.
2769 1160 2979 1227 Ὠσπερ
3033 1160 3141 1229 γὰρ
3188 1158 3280 1212 τοῦ
3334 1160 3485 1230 ἡλίου
3533 1160 3595 1212 τὸ
3653 1160 4026 1229 μεσημϐρινὴν

2461 1252 2673 1304 ἀπαντα
2702 1251 3231 1320 καταλαμὸάνοντος,
3291 1250 3353 1303 οὐ
3381 1250 3579 1312 πάντες
3608 1252 3686 1312 εἰς
3744 1249 3907 1302 αὐτὸν
3940 1251 4024 1301 ἐν-

2462 1342 2724 1406 ατενίζειν
2749 1342 3024 1406 δύνανται,
3058 1342 3171 1395 ἀλλ’
3203 1343 3251 1395 oi
3278 1340 3589 1412 ἐρρωμένον
3632 1342 3723 1393 τὸν
3750 1338 4025 1409 ὀφθαλμὸν

2463 1434 2674 1503 ἔχοντες
2691 1450 2704 1464 ο
2738 1434 2912 1498 οὕτως
2932 1435 3049 1486 οὖδέ
3076 1432 3168 1486 τοῦ
3195 1434 3329 1486 Θεοῦ
3359 1434 3553 1495 πάντες
3583 1430 3827 1501 μετέχειν
3843 1429 4026 1483 δύναν-

2460 1540 2570 1584 ται,
2600 1523 2698 1576 κᾶν
2735 1525 2939 1587 ἐκεῖνος
2968 1525 3109 1593 ὑπὲρ
3152 1523 3303 1591 ἥλιον
3347 1524 3431 1575 ἀεὶ
3481 1524 3540 1575 τὸ
3567 1522 3755 1591 νοητὸν
3784 1520 3898 1587 φῶς
3942 1521 4030 1584 EF,-

2460 1618 2653 1680 ἀπλοί,
2698 1616 2832 1668 ἀλλά
2864 1617 3013 1685 μόνοι
3052 1617 3102 1668 oi
3134 1617 3194 1668 τὸ
3224 1616 3406 1686 νοερὸν
3436 1615 3589 1683 ὄμμα
3619 1611 4025 1682 κεκαθαρμένον

2462 1710 2520 1760 ἐν
2542 1712 2605 1776 τῇ
2630 1708 2773 1777 ψυχῇ
2808 1708 3080 1777 φέροντες.
3116 1708 3330 1775 Κάμνει
3366 1707 3421 1759 δὲ
3457 1706 3717 1767 πολλάκις
3746 1705 3839 1756 καὶ
3865 1704 4026 1764 αὐτὸς

2463 1801 2491 1851 ό
2515 1798 2748 1865 καθαρὸς
2780 1798 2901 1859 νοῦς
2946 1798 3081 1867 πρὸς
3116 1800 3212 1865 τὴν
3245 1797 3527 1865 ἀντίληψιν
3571 1797 3677 1849 τῶν
3732 1795 3891 1848 θείων
3941 1796 4031 1847 a9-

2462 1889 2593 1956 γῶν,
2628 1888 2761 1940 διότι
2790 1889 2891 1939 οὐκ
2922 1889 3068 1941 ἐστιν
3109 1888 3390 1958 ἐλεύθερος
3412 1890 3531 1941 οὑδέ
3565 1891 3907 1941 παντάπασιν
3928 1888 4028 1942 5.5-

2463 1981 2574 2042 λος,
2606 1978 2722 2031 ἀλλ’
2746 1977 2929 2041 ἔνυλος
2947 1980 3042 2031 καὶ
3066 1980 3397 2048 σωματικάς.
3435 1981 3627 2033 Ἔσται
3656 1979 3712 2031 δέ
3740 1981 3847 2041 ὅτε,
3890 1978 4029 2048 μετὰ

2462 2070 2559 2141 τὴν
2616 2069 2710 2122 τοῦ
2759 2070 3009 2139 σώματος
3062 2071 3325 2123 ἀπόλυσιν
3369 2071 3464 2123 καὶ
3512 2071 3609 2140 τὴν
3664 2070 4028 2139 ἐλπιζομένην

2462 2162 2928 2226 ἀποκατάστασιν,
2966 2161 3228 2233 διηνεκῶς
3254 2164 3486 2215 ἀτενίσει
3519 2162 3653 2232 Θεῷ.

2704 2340 2801 2400 oa'.
2829 2344 2898 2397 El
2927 2342 3057 2397 ἔστι
3087 2360 3142 2397 τι
3177 2342 3248 2396 ἐν
3275 2340 3551 2411 ἀγγέλοις
3580 2340 3785 2394 κακόν.

2549 2434 2605 2487 '0
2632 2433 2730 2503 μὲν
2760 2433 3017 2501 Θεολόγος
3070 2433 3368 2503 Γρηγόριος
3413 2436 3472 2486 ἐν
3514 2434 3627 2494 τοῖς
3662 2430 3752 2483 τοῦ
3798 2430 4034 2500 Χριστοῦ

2468 2525 2763 2594 γενεθλίοις
2797 2524 3044 2595 βούλεται
3074 2524 3174 2594 μὲν
3202 2525 3487 2594 ἀκινήτους
3526 2518 3664 2575 εἶναι
3700 2524 3825 2586 τοὺς
3863 2522 4035 2588 ἀγγέ-

2469 2619 2594 2681 λους
2626 2618 2763 2685 πρὸς
2791 2617 2849 2671 τὸ
2888 2620 3077 2671 κακόν.
3115 2615 3280 2678 Εἰδὼς
3301 2616 3356 2669 δὲ
3386 2615 3477 2668 τὸν
3504 2614 3769 2678 διάϐολον,
3804 2614 4037 2681 ἄγγελον

2474 2710 2573 2780 μὲν
2605 2710 2754 2772 ὄντα,
2794 2711 2964 2761 κακὸν
2993 2709 3051 2762 δέ
3107 2709 3388 2777 γεγονότα,
3442 2707 3793 2777 δυσκινήτους
3844 2706 4039 2765 αὐτοὺς

2472 2802 2854 2868 ἀποφαίνεται.
2882 2802 2945 2853 Οἱ
2966 2801 3023 2855 δέ
3058 2799 3352 2870 σοφώτεροι
3382 2800 3489 2851 τῶν
3536 2799 3804 2868 Ἑλλήνων
3830 2800 3885 2850 ἐν
3914 2813 4041 2867 προ-

2472 2890 2658 2960 θύροις
2691 2889 2786 2942 τοῦ
2837 2888 2972 2942 Θεοῦ
3004 2889 3128 2951 τοὺς
3178 2888 3440 2956 ἀγγέλους
3494 2888 3731 2949 ἑστῶτας
3785 2887 4038 2954 οἰόμενοι,

2472 2982 2768 3051 ἀμετόχους
2794 2981 2990 3042 αὐτοὺς
3009 2978 3104 3031 τοῦ
3148 2980 3317 3032 κακοῦ
3356 2995 3488 3049 φασι
3507 3019 3520 3033 .
3549 2980 3688 3042 Τοὺς
3719 2978 3828 3048 γάρ
3863 2979 4042 3043 ἀπαγ-

2473 3072 2763 3140 γέλλοντας
2795 3073 2893 3142 τὴν
2918 3071 3069 3125 θείαν
3098 3071 3277 3142 σιγὴν,
3306 3072 3402 3124 καὶ
3431 3072 3491 3124 τὸ
3520 3072 3723 3139 ἀγαθὸν
3759 3071 4041 3137 ἐκφαίνον-

2473 3181 2593 3229 τας,
2627 3165 2740 3227 πῶς
2767 3164 2831 3218 ἂν
2860 3165 3025 3233 φασὶν
3084 3160 3222 3216 εἷναι
3260 3163 3500 3231 κακούς;
3541 3161 3885 3233 ’Δφομοιοῦσι
3931 3161 4039 3229 γὰρ

2474 3256 2535 3307 τὸ
2576 3256 2866 3323 ἀγγελικδν
2920 3256 3093 3323 φῦλον
3121 3256 3200 3325 τῷ
3232 3255 3353 3325 Θεῷ
3376 3255 3469 3325 ἀφ’
3514 3247 3575 3307 οὗ
3613 3254 3925 3323 ἐξήρτηται,
3954 3252 4040 3303 ἵνα

2474 3347 2562 3399 διὰ
2598 3348 2698 3417 τῆς
2726 3346 3059 3417 ἀκραιφνοῦς
3092 3348 3409 3415 ὁμοιότητος
3438 3346 3713 3414 ἐκφαίνειν
3740 3344 3904 3398 αὑτοῦ
3932 3346 4042 3405 τοῖς

2473 3438 2780 3509 ἀνθρώποις
2833 3438 2931 3509 τὴν
2977 3438 3217 3509 ἰδιότητα
3244 3438 3486 3510 δύνηται.
3534 3436 3815 3505 ’Δγγέλους
3856 3436 3913 3488 δέ
3945 3436 4043 3498 τὰς

2479 3529 2617 3599 μετά
2642 3528 2776 3581 Θεὸν
2815 3528 2997 3592 πάσας
3024 3528 3283 3598 δυνάμεις
3319 3526 3803 3597 κατονομάζουσιν.

2798 3708 2897 3778 οβ’.
2936 3711 3004 3764 El
3030 3709 3100 3762 ἐν
3121 3711 3283 3777 τόπῳ
3320 3709 3392 3763 τὰ
3420 3708 3724 3778 ἀσώματα.

2561 3802 2812 3855 Ἐναντία
2844 3802 2954 3853 εἱσι
2983 3802 3043 3854 τὸ
3075 3802 3235 3871 σῶμα
3261 3803 3354 3854 καὶ
3398 3801 3459 3854 τὸ
3497 3802 3808 3872 ἀσώματον.
3860 3802 3921 3854 Ei
3949 3797 4042 3856 οὖν

2476 3896 2537 3949 τὸ
2568 3896 2726 3966 σῶμα
2768 3898 2827 3948 ἐν
2877 3896 3047 3965 τόπῳ,
3083 3894 3143 3948 τὸ
3182 3894 3471 3963 ἀσώματον
3518 3898 3616 3949 οὐκ
3675 3898 3731 3949 ἐν
3764 3897 3938 3964 τόπῳ.
3980 3898 4042 3950 Et

2476 3986 2585 4056 γὰρ
2642 3984 2718 4056 τῷ
2751 3984 2978 4054 ἐναντίῳ
3013 3985 3075 4037 τὸ
3122 3985 3397 4051 ἐναντίον,
3439 3984 3534 4038 καὶ
3576 3984 3653 4055 τῷ
3707 3986 3932 4053 ἐναντίῳ
3983 3985 4046 4038 τὸ

2475 4078 2735 4132 ἐνάντιον.
2748 4073 2893 4143 Οἷον,
2916 4080 2964 4130 εί
2989 4077 3066 4147 τῷ
3080 4076 3289 4147 σώματι
3317 4078 3378 4130 τὸ
3394 4074 3534 4132 εἶναι
3556 4080 3613 4130 ἐν
3626 4078 3798 4146 τόπῳ,
3822 4078 4045 4147 ἐναντίῳ

2476 4171 2589 4225 ὄντι
2610 4170 2689 4238 τῷ
2703 4170 2982 4239 ἀσωμάτῳ
2996 4168 3055 4222 τὸ
3075 4167 3149 4241 μὴ
3170 4170 3226 4223 ἐν
3244 4169 3391 4239 τόπῳ
3409 4165 3569 4223 εἶναι.
3593 4169 3674 4222 Τὰ
3708 4169 3819 4239 γάρ
3835 4169 4043 4239 κυρίως

2475 4260 2764 4331 ἀσώματα,
2813 4258 3097 4332 κρείττονά
3154 4262 3263 4313 είσι
3311 4259 3523 4323 τούτου,
3569 4259 3661 4313 καὶ
3699 4258 3941 4323 τοπικῶς
3983 4260 4043 4313 οὐ

2478 4352 2698 4421 πάρεισι
2714 4353 2825 4413 τοῖς
2859 4349 3093 4419 σώμασι,
3125 4352 3191 4421 τῇ
3225 4349 3282 4403 δέ
3311 4351 3492 4419 σχέσει
3526 4350 3777 4419 πάρεισιν
3810 4350 3988 4411 αὐτοῖς
4026 4368 4037 4381 υ

2476 4434 2587 4494 οἶόν
2612 4457 2665 4494 τι
2693 4440 2840 4509 λέγω
2871 4456 2885 4471 ·
2938 4440 2972 4510 ἡ
3036 4437 3182 4509 ψυχὴ
3210 4439 3347 4509 μετά
3388 4438 3646 4491 ἀπόλυσιν
3686 4438 3785 4506 τὴν
3818 4436 3925 4491 ἀπὸ
3950 4435 4042 4491 τοῦ

805 4530 1026 4593 latione.
1061 4529 1137 4584 uti
1188 4528 1367 4583 anima
1411 4535 1536 4597 post
1578 4525 1902 4581 solutionem
1951 4540 1981 4579 a
2024 4539 2269 4595 corpore.
2324 4524 2367 4579 si
2402 4528 2448 4587 υ
2476 4532 2553 4584 ad;

2324 4524 2367 4579 si
2402 4528 2448 4587 D
2476 4532 2751 4601 σώματος,
2796 4531 2846 4584 εί
2904 4529 3003 4600 μέν
3051 4527 3303 4599 καθαρῶς
3344 4527 3631 4597 ἀπαλλαγῇ
3673 4528 3767 4581 καὶ
3796 4526 4041 4590 ἀπαθῶς,

807 4635 939 4689 pura
984 4628 1041 4674 et
1077 4618 1361 4673 affectibus
1396 4616 1564 4672 libera
1606 4616 1941 4678 discesserit,
1984 4630 2094 4669 non
2153 4614 2376 4669 habebit

806 4711 1119 4766 relationem
1141 4710 1207 4765 ad
1235 4723 1433 4779 corpus
1460 4707 1604 4779 quod
1631 4707 1868 4776 reliquit.
1888 4705 1942 4760 Si
1970 4721 2099 4762 vero
2123 4706 2375 4762 affectum

805 4802 1123 4866 servaverit,
1152 4811 1296 4855 amat
1340 4800 1393 4855 id
1427 4800 1589 4855 etiam
1630 4797 1891 4861 solutum,
1916 4805 1969 4851 et
1999 4798 2199 4852 amoris
2233 4798 2375 4851 rela-

806 4895 957 4950 tione
983 4907 1172 4949 versus
1202 4891 1331 4946 illud
1357 4890 1550 4955 fertur,
1588 4898 1645 4944 et
1683 4888 1983 4943 substantia
2030 4888 2245 4959 quidem
2291 4894 2375 4941 at-

807 5001 913 5057 que
943 4983 1180 5041 essentia
1206 4982 1421 5053 corpori
1478 4981 1815 5051 incorporale
1860 4996 1967 5034 non
2000 4991 2084 5034 est.
2113 4994 2375 5049 praesens,

811 5072 1004 5127 aﬂeetu
1056 5080 1237 5127 tamen
1295 5069 1511 5140 quando
1556 5069 1673 5124 vult
1722 5068 1788 5123 ad
1822 5068 1955 5123 illud
2023 5067 2188 5123 veluti
2252 5081 2381 5122 oro-

814 5164 975 5233 repit.

1192 5251 1281 5309 73.
1310 5250 1455 5307 Num
1479 5250 1704 5305 materia
1729 5249 1796 5304 ait
1824 5248 1958 5303 bona
1977 5249 2002 5301 Ρ

883 5344 1036 5399 Plato
1063 5342 1420 5413 philosophus
1447 5343 1501 5397 in
1538 5344 1726 5398 Timco
1769 5339 2047 5395 materiam
2090 5338 2237 5395 velut
2264 5353 2379 5394 ma-

815 5442 950 5491 trem
990 5444 1043 5491 et
1082 5434 1348 5490 nutricem
1392 5432 1756 5507 generationis
1795 5447 1977 5488 rerum
2006 5430 2376 5502 pulchrarum.

815 5542 1142 5597 causamque
1170 5525 1372 5583 sociam
1409 5526 1700 5582 creationis
1732 5524 1921 5580 mundi
1960 5523 2252 5594 praedicat;
2284 5523 2381 5579 sed

822 5616 911 5670 ubi
938 5614 1151 5671 Eleates
1182 5606 1379 5687 hespes
1408 5615 1665 5685 loquitur,
1702 5618 1816 5684 ipsa
1847 5629 2008 5669 causa
2034 5628 2155 5669 esse
2180 5614 2379 5670 dicitur

822 5708 1235 5763 lnordinationis
1289 5707 1342 5762 in
1392 5705 1666 5762 universo.
1710 5706 1778 5759 At
1816 5705 1869 5759 itt
1914 5702 2139 5760 Philebo
2167 5704 2379 5771 dialogo

818 5813 938 5855 cant
972 5814 1001 5855 a
1041 5800 1145 5855 Deo
1192 5808 1463 5871 repetens,
1514 5795 1750 5852 divinant
1802 5804 1852 5851 et
1893 5795 2017 5867 quia
2055 5810 2085 5851 a
2117 5794 2225 5853 Deo
2256 5812 2381 5867 pro-

2476 4622 2577 4675 οὐκ
2612 4621 2723 4691 Ιχει
2752 4620 2936 4691 σχέσιν
2966 4620 3099 4692 πρὸς
3128 4620 3186 4673 τὸ
3221 4619 3377 4690 σῶμα
3411 4618 3440 4673 δ
3482 4619 3833 4673 ἀπολέλοιπεν
3860 4634 3875 4650 ·
3912 4621 3959 4672 εἱ
3987 4618 4045 4671 δέ

2478 4713 2763 4783 ἐμπαθῶς,
2786 4714 2976 4782 ἀγαπᾷ
3005 4712 3138 4766 αὐτὸ
3165 4710 3262 4765 καὶ
3300 4710 3571 4775 διαλυθέν,
3632 4710 3725 4765 καὶ
3773 4712 3807 4781 ἡ
3854 4710 4042 4777 ἀγάπη

2478 4804 2662 4874 σχέσις
2688 4805 2822 4875 πρὸς
2878 4803 3031 4869 αὐτὸ,
3088 4804 3181 4857 καὶ
3233 4803 3668 4874 ὑποστάσειμέν
3712 4804 3745 4873 ἡ
3789 4802 3950 4874 οὐσίᾳ
3980 4803 4041 4854 οὐ

2479 4895 2712 4966 πάρεστι
2763 4898 2823 4949 τὸ
2872 4895 3165 4966 ἀσώματον
3196 4893 3275 4965 τῷ
3334 4893 3567 4964 σώματι,
3612 4893 3766 4963 ῥέπει
3804 4892 3861 4946 δέ
3910 4892 4046 4963 πρὸς

2480 4986 2610 5041 αὐτὸ
2637 4985 2763 5040 ὅταν
2796 4984 3068 5056 βούληται.

2927 5244 3025 5315 ογ’.
3058 5248 3127 5302 ει
3159 5248 3353 5301 καλὸν
3385 5246 3425 5315 ἡ
3454 5247 3596 5314 ὕλη.

2550 5334 2817 5391 Πλάτωνὸ
2844 5336 3130 5407 φιλόσοφος
3151 5338 3209 5391 έν
3235 5338 3335 5409 μέν
3364 5337 3440 5409 τῷ
3472 5337 3685 5408 Τιμαίῳ
3711 5338 3920 5409 μητέρα
3951 5339 4043 5393 καὶ

2479 5432 2697 5503 τιθηνὸν
2733 5430 2834 5502 τῆς
2866 5430 2976 5484 τῶν
3016 5429 3197 5483 καλῶν
3247 5429 3536 5498 γενέσεως,
3606 5430 3700 5482 καὶ
3766 5429 4044 5485 συναιτίαν

2481 5523 2581 5594 τῆς
2605 5520 2698 5576 τοῦ
2757 5522 2960 5592 κόσμου
3015 5522 3374 5593 δημιουργίας
3422 5519 3590 5592 αὐτὴν
3630 5521 3985 5590 ἀποφαίνεται
4022 5537 4036 5553 ·

2484 5617 2543 5669 έν
2603 5614 2661 5668 δέ
2694 5615 2805 5678 τοῖς
2834 5612 2927 5667 τοῦ
2965 5613 3217 5668 Ἐλεάτου
3248 5613 3401 5681 ξένου
3431 5612 3630 5681 λόγοις,
3668 5612 3844 5667 αἰτίαν
3875 5610 4043 5682 αὐτὴν

2484 5703 2631 5772 λέγει
2669 5702 2767 5773 τῆς
2794 5700 2889 5755 τοῦ
2943 5703 3142 5767 παντὸς
3188 5702 3437 5769 ἀταξίας.
3473 5702 3562 5755 Ἐν
3603 5702 3659 5756 δι
3691 5701 3767 5770 τῷ
3814 5701 4043 5771 διαλόγῳ

2484 5794 2559 5866 τῷ
2589 5792 2906 5865 καλουμένῳ
2931 5793 3166 5866 Φιλήϐῳ,
3204 5793 3311 5850 ἀπὸ
3356 5791 3487 5849 Θεοῦ
3539 5793 3631 5847 καὶ
3654 5791 3855 5864 ταύτην
3901 5807 4033 5862 παρ.
