4446 6446
403 406 502 471 733

1530 413 1625 473 DE
1656 413 1818 473 ΟΜΝ
1830 415 2089 474 ιιιιιιιλ
2130 413 2534 473 ΟΟΟἸῚΗΝᾹ.

3549 411 3657 476 731

400 528 572 594 ἁγων,
598 525 781 579 ενθεον
842 527 1010 599 αὐτὴν
1042 529 1135 582 καὶ
1168 528 1371 597 ἀγαθὸν
1407 530 1493 582 δια
1550 531 1650 598 τὴν
1694 532 1802 584 ἀπὸ
1828 530 1965 583 Θεοῦ
1998 535 2041 588 Α
2069 543 2156 598 gn:

1904 530 1965 583 οὗ
1998 535 2041 588 Α
2069 538 2228 598 gnata
2266 538 2349 582 est
2380 528 2576 581 bonam
2609 526 2857 582 allirmat.
2910 525 3108 582 Verum
3147 526 3373 582 Proclus
3422 526 3659 596 philoso-

400 618 652 686 γέννησιν
687 620 1069 688 ἀποφαίνεται.
1108 621 1347 691 Πρόκλος
1380 622 1436 675 δὲ
1466 624 1494 675 ὁ
1526 623 1812 691 φιλόσοφος
1843 624 1969 677 οὔτε

400 709 606 777 ἀγαθὸν
635 710 804 779 αὐτὴν
835 710 1007 765 οἴεται
1038 711 1160 765 οὕτε
1184 714 1373 769 κακόν.
1421 715 1510 778 Ὠς
1541 716 1640 784 μὲν
1670 717 1781 786 γὰρ
1814 716 1973 787 ἐσχα-

400 818 493 855 τον
515 802 622 855 τῶν
662 803 830 856 ὄντων
890 807 983 857 καὶ
1020 808 1206 876 πόρρω
1234 807 1327 859 τοῦ
1360 808 1589 875 ἀγαθοῦ,
1640 810 1741 862 οὐκ
1770 810 1974 876 ἀγαθὸν

400 893 585 959 λέγει’
619 894 694 957 ὡς
741 896 797 948 δὲ
836 898 1013 949 αἰτίαν
1062 898 1481 968 δημιουργικὴν,
1523 902 1580 952 ὲν
1605 904 1718 963 τοῖς
1748 902 1973 967 ἀγαθοῖς

402 987 845 1054 ἀναγκαζόμενος
867 988 1093 1053 τιθέναι,
1121 991 1293 1060 μέσην
1324 995 1496 1061 αὐτὴν
1528 992 1621 1046 τοῦ
1645 994 1848 1059 ἀγαθοῦ
1878 996 1972 1046 καὶ

403 1078 497 1131 τοῦ
517 1080 687 1132 κακοῦ
706 1081 875 1142 τιθεὶς
890 1084 1184 1149 ἀναγκαῖον
1202 1085 1548 1153 ἐπονομάζει.
1575 1085 1647 1138 Τὸ
1666 1086 1772 1155 γὰρ
1799 1086 1973 1148 ἐνδεὲς

403 1174 571 1238 αὐτῆς
618 1173 727 1225 τῶν
779 1174 1021 1241 ἀγαθῶν,
1060 1177 1330 1230 συντελεῖν
1380 1178 1525 1245 λέγει
1557 1180 1692 1247 πρὸς
1729 1180 1829 1243 τὴν
1865 1182 1972 1232 τῶν

404 1265 677 1336 αἰσθητῶν
704 1266 1084 1335 δημιουργίαν,
1109 1270 1243 1337 ὅπερ
1283 1272 1579 1335 ἀναγκαῖόν
1607 1273 1743 1325 ἐστι.

402 1357 493 1411 (ιδ’.
513 1359 644 1423 Περὶ
668 1356 772 1426 τῆς
792 1360 940 1426 πρὸς
965 1362 1028 1413 τὸ
1044 1360 1215 1413 Ocior
1230 1360 1346 1413 τῶν
1370 1362 1561 1415 ὄντων
1576 1364 1969 1433 ἐπιστροφῆς.

476 1450 596 1501 Τῶν
647 1450 800 1519 παρὰ
860 1450 995 1504 ε)εοῦ
1055 1453 1162 1504 ἀπὸ
1209 1452 1304 1505 τοῦ
1351 1454 1424 1522 μὴ
1463 1455 1614 1517 ὄντος
1640 1460 1717 1517 εἰς
1742 1458 1801 1509 τὸ
1832 1454 1974 1510 εἶναι

405 1540 814 1609 παραχθέντων,
855 1541 921 1593 τὰ
954 1541 1051 1609 μὲν
1081 1542 1195 1594 ἐστι
1230 1543 1388 1611 μόνον
1424 1544 1665 1608 δντα,ὼς
1686 1548 1753 1597 τὰ
1791 1546 1974 1615 ἄψυχα

408 1630 657 1697 σώματα,
693 1632 761 1683 τὰ
783 1631 840 1686 δὲ
864 1633 956 1684 καὶ
986 1633 1115 1686 δντα
1146 1636 1241 1687 καὶ
1269 1633 1470 1698 ζῶντα,
1500 1636 1595 1688 καὶ
1623 1636 1868 1697 νοοῦντα,
1899 1638 1974 1699 ὡς

406 1724 462 1774 αί
519 1721 686 1791 ψυχαὶ
724 1724 818 1775 καὶ
848 1726 895 1776 oi
950 1725 1086 1785 νόες.
1120 1725 1389 1779 Ἕκαστον
1435 1726 1529 1780 οὖν
1554 1727 1686 1798 πρδς
1718 1728 1808 1781 τὸν
1842 1728 1974 1781 Θεὸν

405 1813 497 1878 ἀφ’
523 1806 584 1865 οὗ
624 1815 880 1882 παρήχθη
915 1816 1054 1867 κατὰ
1075 1816 1173 1885 τὴν
1201 1818 1339 1869 ἰδίαν
1370 1818 1604 1887 ὓπαρξιν
1634 1821 1970 1890 ἐπιστρέφει,

2081 621 2222 689 phus
2276 634 2454 688 neque
2508 619 2709 673 bonam
2754 618 2902 673 illam
2961 627 3112 688 putat
3176 634 3353 687 neque
3412 619 3658 673 malam:

2078 721 2346 779 quatenus
2376 710 2521 764 enim
2551 708 2758 763 entium
2791 710 3034 764 inﬁmum
3063 709 3155 770 sit.
3187 718 3240 763 et
3281 724 3312 762 a
3345 710 3487 764 bono
3508 709 3661 779 priu-

2079 802 2233 870 cipali
2265 802 2479 872 longius
2514 811 2804 863 remotum,
2837 802 2977 856 haud
2996 799 3251 871 equidem
3280 801 3476 855 bonam
3503 815 3654 855 esse:

2079 908 2349 965 quatenus
2398 910 2528 949 vero
2558 908 2776 947 causam
2806 893 3196 964 demiurgicam
3232 891 3542 947 necessario
3566 906 3660 944 aea

2080 1003 2302 1042 eenscre
2346 987 2505 1041 bouis
2536 988 2764 1056 cogitur,
2816 987 3048 1039 mediam
3097 1002 3215 1040 eam
3269 985 3411 1037 inter
3455 985 3657 1039 bonum

2080 1079 2388 1147 malumque
2423 1078 2574 1147 ponit
2606 1087 2660 1131 et
2690 1078 2923 1147 appellat
2952 1079 3351 1131 necessitatem.
3378 1074 3655 1129 Defectum

2079 1170 2221 1223 enim
2258 1170 2347 1237 qui
2400 1169 2454 1222 iu
2501 1168 2587 1221 illa
2616 1178 2700 1222 est
2749 1168 3025 1232 bonitatis,
3074 1167 3325 1222 conferre
3368 1167 3441 1220 ait
3475 1164 3543 1221 ad
3582 1164 3661 1219 fa-

2079 1261 2271 1316 cienda
2294 1261 2534 1322 sensilia,
2563 1260 2707 1330 quod
2735 1260 2912 1328 ipsum
2948 1258 3292 1314 necessitatis
3312 1267 3415 1311 est.

2331 1352 2421 1406 74.
2456 1350 2529 1405 De
2554 1351 2752 1404 eutium
2784 1351 3073 1404 reversione
3094 1350 3162 1402 ad
3194 1348 3383 1401 Deum.

2151 1440 2350 1495 Rerum
2385 1454 2520 1509 quas
2551 1440 2692 1493 Deus
2718 1454 2842 1492 cum
2871 1452 2981 1491 non
3009 1446 3193 1492 essent
3213 1436 3342 1492 fecit
3368 1435 3657 1501 exsistere,

2079 1532 2182 1586 alia
2206 1530 2728 1585 sunttantummodo
2754 1531 2925 1594 entia,
2974 1539 3034 1582 ut
3072 1544 3300 1599 corpora
3334 1528 3653 1591 inanimata,

2079 1625 2182 1677 alia
2222 1622 2365 1676 entia
2420 1632 2476 1676 et
2538 1621 2777 1675 viventia
2814 1636 3029 1690 quoque
3072 1629 3128 1673 et
3177 1619 3551 1689 iuteHigentia,
3598 1628 3659 1672 ut

2079 1714 2274 1767 animae
2323 1729 2388 1767 ac
2431 1723 2662 1767 mentes.
2709 1713 2789 1765 Ad
2826 1712 2993 1765 Deum
3040 1711 3257 1781 igitura
3285 1725 3394 1779 quo
3417 1708 3657 1779 profecta

2080 1814 2209 1860 sunt
2271 1804 2480 1875 singula
2529 1820 2625 1871 pro
2656 1818 2769 1856 sua:
2825 1802 3037 1855 ratione
3089 1801 3407 1855 substantiae
3458 1799 3654 1853 iterum

406 1908 465 1956 τὸ
515 1905 610 1973 μὲν
630 1905 767 1967 ζῶον
797 1908 890 1958 καὶ
918 1907 1177 1970 οὐσιῶδες
1212 1911 1306 1961 καὶ
1353 1912 1673 1977 γνωστικόν.
1706 1914 1972 1966 Ἕκαστον
2008 1893 2046 1940 υ
2076 1912 2159 1951 θοι

1900 1932 1972 1966 τοι,
2008 1893 2046 1940 υ
2076 1905 2487 1958 convertuntur,
2516 1895 2631 1949 sive
2659 1893 2860 1947 animal
2892 1893 2965 1946 sit
3002 1894 3209 1954 vivum,
3241 1892 3359 1945 sive
3395 1890 3656 1946 substan-

406 1998 514 2065 ﬁp
557 1997 631 2058 ὡς
663 1997 951 2067 προῆλθεν,
991 1999 1133 2051 οὕτω
1163 2001 1257 2052 καὶ
1290 2003 1681 2071 ἐπέστρατιται.
1720 2005 1889 2059 Τοῦτο
1916 2007 1972 2059 δὲ

406 2089 467 2139 τὸ
502 2088 847 2156 φιλοσόφημα
871 2091 963 2141 καὶ
996 2092 1024 2143 6
1067 2090 1354 2162 φιλόσοφος
1380 2096 1623 2165 Πρόκλος
1652 2098 1709 2147 ὲν
1730 2100 1843 2160 τοῖς
1882 2115 1974 2149 κε-

408 2178 659 2245 φαλαίοις
683 2180 846 2232 αὐτοῦ
877 2182 1055 2251 τίθησι
1106 2185 1199 2236 καὶ⁵
1238 2186 1547 2256 διευκρινεῖ.
1578 2190 1685 2240 Καὶ
1715 2191 1820 2257 πρὸ
1850 2190 1975 2242 τού-

406 2284 500 2319 του
555 2272 582 2320 6
637 2271 1046 2344 ’Λρειοπαγίτης
1090 2278 1362 2340 Διονύσιος
1413 2280 1743 2351 σαφέστερον
1783 2283 1974 2335 τούτου

407 2358 696 2427 διακριϐοῖ,
722 2364 814 2413 καὶ
876 2364 1023 2415 ἐστὶν
1065 2365 1092 2416 6
1138 2364 1294 2432 λόγος
1332 2367 1439 2419 τῶν
1499 2371 1639 2423 πάνυ
1674 2370 1975 2434 σπουδαζο-

413 2450 607 2522 μένων,
638 2452 971 2520 σαφέστατός
1006 2472 1063 2507 τε
1093 2460 1185 2509 καὶ
1221 2459 1612 2529 ἀκριόέστατος
1648 2461 1742 2515 ὧν.

926 2646 1015 2693 σε’.
1050 2643 1185 2709 Περὶ
1214 2645 1458 2711 χρόνου.
1578 2708 1581 2711 η

491 2723 550 2776 Ὀ
576 2725 765 2794 χρόνος
798 2729 1043 2793 ἐπινοίας
1098 2733 1445 2806 ἀνθρωπίνης
1494 2738 1610 2789 ἐστὶ
1652 2741 1831 2809 νόημα
1886 2746 1979 2795 καὶ

409 2814 599 2885 δνομα.
636 2819 852 2891 Ἐπειδὴ
878 2822 985 2892 γὰρ
1019 2825 1118 2891 μὲν
1141 2826 1335 2879 αἰώνια
1367 2830 1453 2882 ἀεὶ
1486 2831 1613 2884 ὄντα
1635 2835 1728 2886 καὶ
1746 2836 1981 2905 ἀκίνητά

409 2909 546 2971 ἐστι,
604 2910 672 2962 τὰ
732 2912 788 2965 δὲ
842 2912 947 2966 ὑπὸ
996 2916 1213 2986 κίνησιν
1252 2919 1444 2988 ῥέοντα
1488 2924 1581 2973 καὶ
1622 2923 1975 2994 φθειρόμενα,

409 3001 540 3053 αὐτὸ
570 3002 631 3070 δὴ
651 3002 709 3055 τὸ
731 3005 928 3073 μέτρον
955 3007 1053 3076 τῆς
1083 3010 1350 3079 κινήσεως
1391 3014 1580 3082 χρόνον
1611 3015 1903 3084 ὠνόμασαν
1931 3019 1979 3069 οί

411 3090 710 3158 φιλόσοφοι.
746 3094 879 3147 Οὐδὲ
904 3096 1011 3166 γὰρ
1043 3098 1432 3169 αὑθύπαρκτον
1465 3107 1697 3173 πρᾶγμα
1737 3108 1765 3158 6
1791 3107 1981 3175 χρόνος

2078 1988 2149 2040 tia
2207 1986 2601 2049 tantummodo,
2659 1987 2773 2038 sive
2822 1983 3113 2052 praeditum
3149 1982 3423 2035 intellectu
3465 1996 3531 2035 ac
3561 1979 3657 2035 co-

2075 2078 2333 2147 gnitione.
2369 2076 2799 2145 Unumquodque
2819 2077 2963 2129 enim
2998 2075 3071 2128 uti
3103 2073 3364 2144 processit
3400 2072 3470 2126 ita
3491 2075 3655 2126 etiam

2077 2170 2235 2223 re.|it.
2299 2168 2448 2222 [hinc
2534 2168 2961 2238 philosophicam
3021 2164 3450 2236 propositionem
3520 2161 3656 2215 Pro-

2077 2261 2192 2314 clus
2218 2276 2435 2329 quoque
2470 2259 2741 2328 capitibus
2778 2259 2891 2312 suis
2921 2258 3150 2312 inseruit
3186 2254 3570 2323 discussitque,
3602 2262 3658 2307 et

2077 2364 2200 2406 ante
2230 2368 2352 2406 eum
2397 2351 2682 2420 Dionysius
2723 2349 3045 2419 Areopagita
3101 2346 3390 2401 dilucidius
3410 2346 3573 2399 etiam
3601 2352 3655 2397 et

2077 2443 2384 2498 accuratius
2417 2443 2688 2513 exposuit,
2733 2442 2991 2511 singulari
3026 2441 3170 2494 enim
3200 2436 3504 2509 diligentia,
3536 2450 3659 2506 per-

2078 2536 2366 2605 spicuitate
2397 2544 2452 2589 et
2478 2550 2609 2588 cura
2650 2535 2753 2588 hac
2779 2534 2847 2588 ile
2879 2548 2935 2587 re
2961 2542 3042 2586 est
3071 2540 3494 2587 commentatus.

2608 2625 2697 2678 ‘75.
2749 2624 2822 2678 De
2864 2633 3113 2693 tempore.

2154 2716 2393 2785 Tempus
2441 2715 2853 2785 afcogitatione
2912 2715 3193 2769 hominum
3244 2713 3552 2783 concipitur
3600 2723 3657 2768 et

2080 2823 2280 2862 nomen
2324 2806 2553 2877 accepit.
2597 2806 2734 2861 Cum
2784 2807 2927 2860 enim
2972 2807 3091 2858 alite
3131 2820 3220 2859 res
3248 2804 3358 2859 sint
3407 2813 3652 2867 aeternae,

2079 2915 2200 2968 qua:
2228 2912 2441 2967 semper
2464 2898 2736 2952 exsistant
2756 2907 2989 2966 suntque
3029 2896 3354 2959 immobiles,
3400 2896 3519 2949 alia:
3552 2896 3656 2949 sub

2080 2990 2319 3044 motione
2342 2989 2651 3042 constitutae
2681 2998 2734 3042 et
2764 2987 2920 3042 fluxa:
2947 2986 3454 3056 corruptibilesque.
3496 3000 3657 3039 men-

2081 3083 2411 3135 surationem
2438 3081 2693 3134 motionis
2720 3080 3027 3148 philoSOphi
3060 3089 3275 3148 tempus
3290 3077 3653 3147 appellarunt.

410 3184 580 3247 ἐστὶν,
629 3185 749 3237 οὐδὲ
805 3187 964 3254 σῶμα
1015 3191 1360 3260 φαινόμενον,
1385 3169 1519 3246 οὐδὲ-
1550 3169 1840 3266 ἀσῶματός
1895 3215 1979 3262 τις
2006 3217 2050 3273 c
2081 3175 2166 3229 Ne‘

1900 3215 1979 3262 τις
2006 3217 2050 3273 c
2081 3175 2266 3242 Neque
2289 3176 2432 3227 enim
2451 3187 2544 3273 res
2567 3187 2675 3273 ροι-¹
2690 3186 2750 3224 se
2780 3169 3082 3271 subsistens
3109 3178 3323 3273 tempus
3350 3177 3453 3232 est,
3477 3182 3656 3273 neque

411 3275 725 3339 ὑπόστασις,
763 3278 1009 3350 ὥσπερὴ
1071 3282 1231 3348 φύσις
1270 3287 1361 3337 καὶ
1400 3288 1432 3355 ἡ
1465 3287 1610 3357 ψυχὴ
1649 3291 1742 3341 καὶ
1766 3292 1794 3342 6
1827 3290 1971 3358 νοῦς,

410 3364 546 3417 ἀλλὰ
594 3369 825 3435 πρᾶγμα
861 3371 918 3421 ὲν
956 3371 1170 3442 ἐπινοίᾳ
1204 3376 1343 3445 μόνῃ
1374 3376 1644 3445 κείμενον.
1702 3378 1766 3432 Ἦ
1796 3379 1976 3433 τοίνυν

410 3454 554 3524 ψυχὴ
599 3456 858 3509 ἑνωθεῖσα
905 3459 985 3529 τῷ
1020 3463 1325 3529 Κρείττονι,
1370 3466 1429 3516 ὲν
1460 3465 1539 3536 τῷ
1570 3468 1763 3520 ἑστῶτι
1820 3471 1975 3522 αἰῶνι

411 3546 578 3599 ἐστίν.
631 3548 927 3618 Ἀφειμένη
960 3553 1016 3603 δὲ
1051 3552 1142 3605 τοῦ
1164 3554 1355 3618 αἰῶνος
1389 3559 1485 3609 καὶ
1518 3560 1716 3627 περίτι
1748 3564 1977 3630 πρᾶγμα

410 3638 509 3704 τῆς
563 3640 829 3706 γενέσεως
853 3642 1152 3711 κινηθεῖσα,
1188 3646 1370 3715 χώραν
1412 3648 1488 3717 τῷ
1520 3651 1695 3720 χρόνῳ
1719 3651 1929 3706 δίδωσιν
1963 3670 1976 3683 ·

412 3731 563 3784 οὐδὲν
619 3732 713 3786 οὖν
773 3735 959 3803 ἔτερόν
1013 3738 1161 3789 ἐστιν
1211 3740 1237 3791 6
1284 3740 1474 3809 χρόνος
1512 3743 1545 3810 ἢ
1588 3744 1784 3814 μέτρον
1825 3747 1979 3817 κινή-

418 3837 573 3884 σεως.

872 4010 978 4074 og'.
1033 4013 1175 4080 Περὶ
1209 4015 1527 4083 κινήσεως.

485 4100 930 4169 Δυσκατανόητόν
974 4118 1027 4153 τι
1093 4104 1319 4171 πρᾶγμα
1372 4106 1403 4173 ἡ
1468 4104 1699 4172 κίνησις.
1743 4107 1897 4159 Ἐστι
1927 4108 1984 4160 δὲ

417 4185 556 4252 εἶδός
586 4207 638 4242 τι
686 4190 780 4241 καὶ
835 4188 1086 4256 ἐνέργεια
1126 4191 1448 4259 κινουμένου
1487 4194 1828 4260 πράγματος,
1864 4191 1985 4244 καθ’

416 4282 476 4335 δν
496 4283 685 4353 χρόνον
750 4285 999 4335 κινεῖται.
1045 4281 1169 4336 Οίόν
1232 4301 1283 4336 τι
1329 4284 1492 4351 λέγω,
1529 4284 1710 4337 ἐστιτι
1753 4287 1986 4354 πρᾶγμα

419 4374 799 4442 αὐξανόμενον,
836 4374 930 4426 καὶ
964 4373 1089 4426 ἄλλο
1111 4374 1510 4443 ἀλλοιούμενον,
1540 4376 1633 4428 καὶ
1664 4374 1789 4429 ἄλλο
1824 4376 1987 4444 φερό-

422 4480 581 4532 μενον
602 4480 615 4494 '
651 4463 861 4517 καὶτοῦ
913 4465 1012 4534 μὲν
1044 4464 1408 4535 αὐξανομένου
1439 4466 1699 4536 κίνησιςή
1738 4466 1983 4535 αὔξησις,

2083 3279 2284 3334 corpus
2321 3262 2466 3333 quod
2512 3262 2764 3316 sensibus
2820 3260 3025 3330 percipi
3059 3269 3257 3330 potest,
3302 3273 3482 3329 neque
3527 3260 3656 3314 sub-

2078 3356 2273 3410 stantia
2313 3354 2685 3422 incorporalis,
2719 3362 2778 3406 ut
2814 3361 3029 3415 natura,
3069 3352 3270 3417 anima,
3325 3366 3482 3407 mens
3516 3370 3530 3406 :
3559 3352 3655 3406 sed

2076 3446 2276 3515 aliquid
2320 3445 2373 3499 in
2402 3445 2514 3498 sola
2555 3444 2792 3512 positum
2824 3442 3173 3513 cogitatione.
3226 3441 3456 3507 Quando
3495 3442 3657 3512 igitur

2079 3540 2257 3593 anima
2312 3537 2422 3591 Deo
2464 3537 2707 3606 jungitur
2737 3576 2753 3599 ,
2823 3536 2879 3588 in
2918 3550 3032 3589 aevo
3104 3534 3282 3589 stabili
3363 3535 3655 3589 constituta

2079 3641 2209 3695 est;
2272 3646 2394 3682 cum
2460 3638 2639 3681 autem
2694 3642 2810 3680 arvo
2856 3627 3019 3679 veluti
3058 3627 3275 3689 emissa,
3312 3626 3380 3680 ad
3429 3640 3658 3696 genera-

2084 3722 2246 3775 tionis
2287 3720 2654 3775 conditionem
2684 3727 2951 3778 movetur.
2996 3718 3171 3771 locum
3200 3717 3255 3770 in
3280 3732 3339 3772 se
3370 3716 3496 3770 facit
3521 3725 3657 3769 tem-

2083 3813 2219 3882 pori.
2254 3811 2490 3882 Tempus
2518 3810 2677 3882 igitur
2700 3808 2833 3862 nihil
2860 3809 3005 3863 aliud
3027 3818 3109 3863 est
3136 3824 3296 3879 quam
3325 3808 3656 3864 mensuratio

2083 3904 2359 3958 motionis.

2665 3996 2754 4050 76.
2792 3995 2866 4051 De
2905 4003 3069 4048 motu.

2154 4086 2262 4141 Res
2310 4086 2539 4142 diﬁicilis
2581 4088 2851 4157 explicato
2910 4098 3110 4142 motus.
3168 4085 3265 4139 Est
3316 4082 3461 4137 enim
3519 4082 3658 4137 ratio

2084 4179 2355 4248 quaedam,
2391 4189 2446 4233 et
2490 4180 2568 4233 rei
2627 4196 2748 4249 quae
2801 4189 3068 4243 movetur,
3121 4178 3263 4231 actio
3306 4191 3373 4231 eo
3412 4186 3656 4245 tempore

2085 4285 2192 4338 quo
2237 4280 2501 4326 movetur.
2544 4270 2629 4326 Uti
2662 4288 2712 4325 ν.
2763 4288 2817 4342 g.
2853 4281 2935 4325 est
2984 4269 3186 4340 aliquid
3236 4269 3379 4338 quod
3437 4267 3654 4331 crescit,

2086 4364 2228 4435 quod
2251 4374 2510 4430 mutatur,
2543 4366 2687 4434 quod
2714 4365 2887 4421 fertur
2915 4366 3030 4421 sive
3076 4363 3307 4435 agitatur
3341 4380 3355 4428 ;
3386 4371 3547 4431 atque
3569 4361 3661 4417 ille

2087 4457 2305 4527 quidem
2352 4467 2533 4512 motus
2570 4474 2678 4528 quo
2724 4458 2921 4513 crescit
2969 4455 3197 4527 aliquid,
3238 4454 3437 4509 dicitur
3480 4453 3660 4506 incre-

416 4555 512 4608 τοῦ
532 4556 587 4607 δὲ
623 4556 922 4625 φερομένου
949 4559 981 4627 ἠ
1009 4558 1171 4627 φορὰ,
1216 4561 1310 4611 καὶ
1339 4558 1474 4622 ὅλως
1507 4559 1599 4612 τοῦ
1629 4560 1921 4628 γενομένου
1948 4561 1981 4631 ή
2017 4544 2059 4598 ῧ
2089 4567 2172 4606 me

1903 4561 1981 4631 ii]
2017 4544 2059 4598 ῧ
2089 4560 2352 4615 mentum,
2392 4554 2562 4609 motio
2608 4555 2686 4609 rei
2737 4554 2950 4625 agitata:
2988 4553 3116 4607 latio
3164 4552 3278 4605 sive
3321 4549 3564 4621 agitatio,
3602 4554 3659 4601 et

419 4647 653 4713 γένεσις.
684 4646 870 4699 Ἔστιν
898 4644 993 4700 οὖν
1026 4649 1059 4718 ἡ
1086 4649 1319 4716 κίνησις,
1350 4648 1473 4701 οὔτε
1489 4648 1633 4720 ἁρχὴ
1660 4648 1782 4702 οὔτε
1812 4650 1983 4714 τέλος,

420 4738 556 4791 ἀλλὰ
608 4739 668 4791 τὸ
702 4739 903 4808 μεταξὺ
928 4740 1154 4795 τούτων.
1176 4739 1286 4809 Τῆς
1305 4743 1412 4810 γὰρ
1438 4743 1834 4813 οἱκοδομήσεως
1862 4742 1985 4795 οὔτε

420 4832 455 4899 ἡ
481 4831 622 4900 ἀρχὴ
653 4832 891 4899 κίνησις,
931 4830 1082 4884 οὔπω
1106 4832 1212 4903 γὰρ
1239 4833 1523 4899 κεκίνηται
1545 4850 1557 4863 ⁸
1578 4833 1699 4886 οὔτε
1734 4834 1984 4897 τὸτέλος,

419 4922 692 4975 πέπαυται
721 4923 827 4992 γὰρ
856 4924 915 4976 τὸ
935 4924 1281 4993 οἰκοδομηθὲν
1300 4941 1314 4958 ο
1340 4928 1399 4977 τὸ
1432 4926 1486 4978 δὲ
1510 4928 1566 4977 ὲν
1590 4928 1737 4997 μέσῳ
1762 4926 1985 4991 τούτων,

419 5006 531 5063 οἷον
592 5014 625 5083 ή
680 5013 1046 5083 οίκοδόμησις,
1080 5013 1237 5066 τοῦτο
1279 5015 1488 5083 κίνησίς
1520 5018 1688 5069 ἐστιν.
1718 5018 1894 5086 Ὅπερ
1922 5016 1986 5086 δὴ

421 5104 515 5157 καὶ
548 5105 880 5175 ἐνδελέχειαν
925 5107 1300 5180 Ἀριστοτέλης
1330 5108 1634 5178 ὠνόμασεν.

904 5276 1002 5340 οζ¹.
1042 5278 1183 5344 Περὶ
1215 5279 1505 5347 ἀνάγκης.

505 5368 774 5435 Ἀνάγκην
822 5365 1182 5435 ὀνομάζουσιν
1224 5369 1274 5420 οἱ
1301 5368 1577 5436 φιλόσοφοι
1611 5368 1837 5437 δύναμίν
1865 5386 1986 5421 τινα

418 5456 825 5526 ἀναγκαστικὴν
855 5456 947 5509 τοῦ
971 5457 1407 5526 ἀποτελέσματος
1428 5474 1442 5489 ·
1491 5454 1601 5510 οἷόν
1633 5476 1683 5510 τι
1725 5459 1869 5525 λέγω
1904 5475 1919 5489 ⁸
1953 5461 1984 5529 ἡ

420 5549 745 5619 ἀστρολογία
795 5548 902 5601 τῶν
941 5549 1156 5617 ἄστρων
1208 5551 1501 5619 σχημάτων
1544 5550 1857 5620 ἐξήρτηται,
1896 5553 1986 5605 καὶ

421 5641 531 5693 τῶν
572 5640 904 5709 ὑψωμὰτων,
962 5644 1056 5693 καὶ
1085 5641 1193 5694 τῶν
1240 5643 1477 5709 φάσεων,
1510 5643 1602 5695 καὶ
1640 5642 1747 5695 τῶν
1782 5643 1984 5695 οἰκοδε-

427 5734 638 5785 σποτῶν
662 5736 754 5785 καὶ
786 5733 893 5784 τῶν
931 5734 1124 5787 ἄλλοιν.
1169 5734 1338 5786 Ὀταν
1364 5730 1456 5786 οὖν
1498 5734 1773 5803 συνδράμῃ
1811 5737 1984 5787 πάντα

427 5824 560 5902 πρὸς
609 5824 667 5877 τὸ
727 5825 997 5893 γενέσθαι,
1048 5826 1137 5879 καὶ
1174 5826 1340 5896 μηδὲν
1385 5845 1433 5879 τι
1475 5822 1539 5898 ἦν
1601 5829 1915 5880 ἀντιπίπτον

2090 4645 2338 4698 universe
2364 4645 2440 4699 rei
2468 4646 2739 4701 nascentis
2784 4645 3068 4717 generatio
3096 4684 3110 4699 .
3156 4642 3330 4696 Motus
3364 4641 3527 4710 igitur
3558 4652 3658 4691 nec

2089 4735 2411 4804 principium
2437 4745 2518 4789 est
2550 4751 2653 4789 nec
2690 4735 2835 4800 ﬁnis,
2890 4735 3011 4799 sed,
3041 4733 3277 4787 medium
3329 4730 3469 4783 intnr
3515 4737 3662 4781 utra-

2087 4840 2210 4894 que.
2244 4823 2316 4879 Ut
2340 4826 2395 4878 in
2431 4826 2789 4880 aediﬁcatione
2836 4839 2938 4879 nec
2980 4811 3310 4892 principium
3352 4831 3430 4873 est
3466 4818 3658 4879 motio.

2088 4915 2326 4970 nondum
2370 4916 2517 4970 enim
2571 4926 3069 4983 movetur;nequc
3132 4912 3275 4973 ﬁnis,
3335 4910 3447 4980 jam
3506 4909 3653 4963 enim

2088 5007 2245 5063 desiit
2277 5006 2565 5073 aediﬁcari;
2601 5008 2696 5062 sed
2731 5007 2907 5061 media
2955 5008 3011 5059 in
3047 5005 3153 5066 his,
3193 5001 3478 5057 adiﬁcatio
3504 5015 3660 5054 nem-

2090 5112 2176 5166 pe,
2200 5097 2369 5150 motio
2398 5104 2500 5162 est,
2534 5112 2694 5165 quam
2726 5096 2890 5150 etiam
2927 5092 3299 5149 eudelechiam
3338 5090 3658 5146 Aristoteles

2091 5187 2443 5255 nuncupavit.

2601 5277 2688 5331 77.
2720 5276 2794 5331 De
2822 5277 3147 5331 necessitate.

2157 5367 2545 5423 Necessitatem
2617 5369 2927 5439 philosophi
3010 5368 3285 5438 appellant
3356 5364 3654 5435 potentiam

2088 5470 2325 5515 coactam
2371 5461 2435 5514 ad
2484 5459 2761 5525 eﬂectum,
2796 5461 2871 5514 uti
2915 5460 3202 5531 astrologia
3258 5459 3440 5513 omnia
3491 5457 3657 5512 refert

2088 5555 2152 5608 ad
2184 5563 2455 5609 astrorqu
2488 5563 2757 5624 aSpcctus,
2792 5556 3128 5617 altitudines.
3157 5553 3522 5624 apparentias,
3551 5553 3653 5606 do—

2090 5645 2291 5699 minum
2341 5646 2600 5716 genitura:
2638 5656 2694 5701 et
2738 5647 2952 5702 similia.
2996 5645 3051 5700 Si
3095 5646 3256 5716 igitur
3305 5645 3487 5699 omnia
3518 5658 3651 5698 con-

2089 5746 2306 5789 currant
2351 5748 2406 5790 ut
2437 5738 2525 5790 ﬁat
2571 5738 2771 5807 aliquid
2809 5739 2891 5793 vel
2940 5755 3047 5793 non
3082 5738 3189 5809 ﬁat,
3239 5752 3339 5792 nec
3371 5736 3443 5791 sit
3488 5736 3649 5804 quid-

2091 5844 2246 5885 am“:
2284 5830 2574 5883 δώωδιιηδ
2609 5832 2687 5885 \t‘l
2723 5831 3072 5898 contrarium,
3122 5832 3223 5885 hoc
3274 5828 3675 5887 necessitatem,
