4446 6446
793 410 900 473 735

2082 404 2493 464 ΜὶΕΗᾹΕΗὸ
2539 403 2798 460 BELLI

3927 400 4035 463 736

796 518 1154 586 appellarunt.
1184 524 1371 585 utpote
1399 516 1539 585 quod
1570 516 1755 568 etitari
1791 525 1840 567 et
1875 513 2069 567 mutari
2100 522 2349 582 nequeat.
2385 516 2428 569 Λ
2460 510 2552 559 ἀντ

2279 522 2349 564 at.
2385 516 2428 569 Λ
2460 509 2848 576 ἀντικείμενον.
2895 508 3139 578 ανάγκην
3186 508 3341 560 τοῦτο
3365 508 3667 577 εἰρήκασιν,
3690 509 3765 573 ὡς
3795 510 4032 580 ἀπαραί-

791 608 963 675 Cujus
986 623 1114 659 vero
1145 607 1482 675 particularia
1519 617 1724 659 tantum
1759 606 1907 674 signa
1937 620 1995 659 se
2017 605 2270 667 oll‘erunt,
2304 612 2362 655 ut

796 698 909 750 lieri
948 698 1132 765 possit,
1167 696 1270 748 hoc
1319 705 1581 749 vocarunt
1624 695 1964 764 contingens,
2011 696 2175 747 veluti
2218 692 2360 762 quod

802 790 971 855 possit
1010 786 1121 839 fieri
1162 794 1219 839 et
1268 801 1376 838 non
1420 786 1611 855 possit.
1655 784 1879 855 Proprie
1921 796 2101 839 autem
2144 786 2362 839 contin-

796 896 931 947 gens
964 886 1047 929 est
1084 892 1170 930 res
1221 878 1324 931 sub
1357 877 1578 930 arbitrio
1616 886 1803 931 nostro
1847 877 2041 946 posita,
2075 887 2129 930 et
2156 876 2361 945 aequale

797 990 858 1023 ae
906 986 999 1037 par
1041 979 1374 1023 momentum
1418 969 1483 1023 ad
1540 969 1853 1023 alterutram
1909 978 2117 1038 partem
2176 985 2359 1023 secum

798 1062 1024 1114 hahens.

1339 1152 1440 1217 [78.
1494 1150 1567 1204 Dc
1625 1154 1753 1221 fato.

866 1244 979 1297 Fati
1011 1244 1247 1297 rationes
1276 1243 1318 1297 si
1348 1242 1470 1310 quis
1492 1250 1744 1295 accurate
1777 1240 2058 1309 intelligat,
2094 1239 2236 1293 unde
2267 1240 2363 1293 de-

796 1336 1043 1401 pendeat.
1087 1350 1315 1403 qumque
1348 1335 1466 1402 ejus
1494 1334 1567 1389 sit
1598 1331 1811 1395 natura,
1847 1332 2135 1385 maximam
2185 1331 2362 1399 philo—

795 1426 996 1493 sophia:
1024 1436 1230 1494 partem
1264 1423 1707 1493 comprehendit;
1736 1439 1860 1477 nam
1890 1439 1919 1476 a
1949 1424 2107 1489 vulgo
2145 1424 2359 1490 quidem

793 1519 1179 1579 contemnitur,
1215 1526 1269 1570 at
1297 1516 1653 1585 sapientiores
1678 1517 1783 1569 hoc
1810 1532 2012 1569 nomen
2057 1516 2362 1584 suspiciunt

791 1614 847 1657 et
884 1607 1166 1659 mirantur.
1205 1605 1274 1660 Ut
1308 1620 1437 1658 vero
1475 1606 1775 1673 generatim
1823 1606 2021 1667 dicam,
2065 1605 2233 1657 fatum
2278 1616 2362 1659 est

792 1703 979 1746 natura
1024 1695 1232 1757 mundi,
1272 1710 1392 1762 qum
1448 1704 1626 1748 movet
1673 1709 1941 1762 corpora;
1999 1694 2358 1763 particulatim

792 1793 971 1837 autem
1004 1794 1087 1837 est
1118 1787 1346 1839 reﬂexus
1377 1787 1593 1854 quidam
1640 1786 1822 1837 radius
1856 1786 2228 1851 providentiae,
2263 1801 2358 1836 eu-

792 1877 1038 1942 ratioque
1066 1892 1184 1944 qua:
1218 1893 1324 1929 non
1364 1878 1570 1931 directo
1615 1884 1761 1931 motu
1807 1878 2000 1939 utitur,
2035 1878 2110 1928 uti
2142 1877 2359 1944 proprie

791 1966 932 2019 dii-ta
962 1967 1322 2033 providentia,
1356 1967 1446 2021 sed
1478 1977 1718 2036 tempore
1758 1976 1813 2020 et
1853 1967 1972 2021 loco
2007 1967 2069 2019 ad
2100 1966 2358 2021 effectum

794 2056 1016 2124 indiget,
1052 2056 1193 2110 unde
1232 2064 1283 2110 et
1316 2073 1511 2111 nomen
1557 2058 1695 2126 apud
1744 2057 1962 2111 Graecos
2006 2058 2189 2122 habet,
2218 2058 2362 2112 'dici-

792 2153 988 2212 tarque
1046 2146 1354 2215 εἱμαρμένη
1405 2148 1557 2215 quasi
1620 2148 1874 2215 εἰρομένη
1934 2148 2049 2201 sive
2116 2163 2359 2201 connexa

790 2236 1032 2303 quaedam
1069 2247 1255 2290 natura
1284 2246 1338 2291 ct
1366 2238 1684 2307 complicata
1712 2254 1775 2291 ex
1816 2239 2081 2307 pluribus.
2111 2239 2363 2308 Incorpo-

794 2327 934 2381 ralcs
964 2328 1123 2396 igitur
1164 2344 1250 2383 res
1280 2329 1381 2383 sub
1420 2330 1532 2383 sola
1570 2340 1698 2383 sunt
1728 2329 2089 2399 providentia,
2132 2346 2359 2400 corpora

791 2428 972 2470 autem
997 2418 1097 2471 sub
1127 2419 1464 2487 providentia
1490 2429 1544 2473 et
1573 2420 1705 2474 fato.

1217 2510 1303 2563 79.
1347 2509 1424 2563 De
1454 2513 1665 2581 fortuna
1695 2520 1741 2564 et
1785 2528 1932 2566 casu.

864 2602 1159 2656 Fortunam
1201 2604 1566 2657 accnratiores
1614 2604 1915 2674 philosophi
1973 2623 2080 2661 non
2130 2625 2359 2680 accepe-

794 2702 940 2756 runt,
975 2704 1035 2747 ut
1072 2695 1394 2762 quibusdam
1436 2710 1751 2761 persuasum
1782 2706 1883 2758 est,
1928 2715 2023 2766 pro
2058 2716 2114 2754 re
2152 2702 2365 2756 irratio-

792 2783 956 2836 nabili
986 2785 1102 2837 sine
1130 2785 1318 2838 ordine
1353 2796 1405 2838 et
1433 2801 1594 2845 nexu.
1625 2787 1717 2839 sed
1749 2796 2052 2841 statuerunt
2077 2806 2200 2844 esse
2233 2808 2364 2847 cou-

791 2873 1125 2926 secutionem
1181 2874 1513 2928 indelinitam
1560 2876 1611 2928 in
1661 2877 1822 2930 rebus
1861 2894 1927 2931 ex
1982 2882 2261 2948 proposito
2309 2892 2363 2937 et

798 2973 1018 3031 propter
1058 2964 1217 3018 linem
1245 2966 1478 3034 aliquem
1507 2969 1798 3037 susceptis.
1834 2969 1987 3024 Verbi
2031 2974 2200 3040 gratia
2232 2976 2364 3029 exiit

794 3054 986 3123 aliquis
1015 3056 1176 3109 domo
1222 3058 1433 3111 lavandi
1479 3075 1661 3122 causa,
1714 3061 1815 3115 hoc
1870 3078 1933 3115 ex
1981 3068 2257 3133 proposito
2309 3076 2363 3123 et

2463 604 2624 672 τητόν
2674 620 2733 654 τε
2790 602 2881 654 καὶ
2936 602 3289 671 ἀμετάθετον.
3331 601 3403 655 Τὸ
3449 603 3505 655 δὲ
3550 606 3607 654 ὲν
3647 606 3888 673 μερικοϊς
3931 621 4029 674 ση-

2466 696 2637 765 μείοις
2666 694 2763 763 τὴν
2810 694 3037 764 δύναμιν
3069 695 3212 764 ἕχον,
3239 695 3397 747 τοῦτο
3430 695 3773 764 ἐνδεχόμενον
3806 697 4025 766 ἀπεφή-

2462 804 2643 849 ναντο,
2677 786 2752 848 ὡς
2780 786 3071 855 δυνάμενον
3098 787 3189 839 καὶ
3228 786 3483 854 γενέσθαι
3518 786 3610 839 καὶ
3650 785 3724 855 μὴ
3753 786 4028 852 γενέσθαι.

2464 877 2684 944 Κυρίως
2716 877 2773 928 δὲ
2804 878 3150 946 ἐνδεχόμενόν
3201 879 3336 942 ἐστι,
3394 877 3454 929 τὸ
3484 878 3588 931 ὑπὸ
3618 877 3714 946 τὴν
3756 879 4030 947 ἡμετέραν

2464 967 2782 1037 προαίρεσιν
2812 968 3063 1036 κείμενον
3089 970 3181 1021 καὶ
3203 972 3302 1035 τὴν
3328 969 3413 1038 ἐφ’
3439 970 3674 1037 ἑκάτερα
3703 971 3875 1039 ῥοπὴν
3908 971 4030 1040 ἴσην

2463 1060 2558 1111 καὶ
2584 1058 2772 1127 ὁμοίαν
2810 1058 3100 1128 δεχόμενον
3113 1099 3123 1109 .

2903 1154 3002 1214 οην.
3032 1148 3168 1217 Περὶ
3200 1149 3580 1218 εἱμαρμένης.

2531 1238 2647 1308 Τὴν
2698 1240 3036 1310 εἱμαρμένην
3091 1240 3144 1292 εἴ
3192 1258 3275 1303 τις
3306 1242 3463 1312 γνοίη
3496 1244 3591 1295 σὺν
3631 1241 3904 1313 ἀκριϐείᾳ,
3938 1243 4031 1294 καὶ

2461 1327 2581 1380 ὅθεν
2610 1330 2701 1380 καὶ
2742 1330 2904 1382 ὁποία
2947 1331 3045 1400 τὴν
3090 1330 3272 1399 φύσιν,
3319 1333 3512 1401 μερίδα
3547 1332 3681 1401 πρὸς
3713 1332 4031 1401 φιλοσοφίαν

2466 1421 2736 1489 μεγίστην
2768 1421 3097 1490 παρείληφε,
3150 1424 3300 1489 παρὰ
3359 1424 3455 1491 μὲν
3491 1423 3599 1491 γὰρ
3646 1428 3756 1487 τοῖς
3794 1424 4027 1487 πολλοῖς,

2462 1513 2784 1581 ἁτιμάζεται
2814 1512 3046 1581 τοῦνομα
3074 1555 3088 1577 ,
3136 1515 3289 1583 παρὰ
3326 1515 3379 1565 δὲ
3404 1518 3513 1577 τοῖς
3540 1517 3871 1585 σοφωτέροις
3899 1518 4030 1569 Θαυ-

2467 1604 2719 1672 μὰζεται.
2749 1605 2908 1657 Ἐστι
2926 1604 2981 1656 δὲ
2999 1606 3227 1671 γενικῶς
3248 1607 3491 1676 εἰπεῖν,ή
3522 1607 3680 1673 φύσις
3707 1608 3799 1659 τοῦ
3824 1608 4028 1677 κόσμου

2459 1698 2492 1766 ἡ
2528 1695 2749 1749 κινοῦσα
2790 1697 2856 1748 τὰ
2900 1696 3125 1765 σώματα
3156 1714 3168 1727 ·
3207 1698 3347 1751 κατὰ
3394 1699 3557 1767 μέρος
3604 1698 3658 1750 δὲ
3699 1698 3925 1766 δευτέρα
3948 1716 4031 1759 τις

2463 1787 2718 1854 προνοίας
2752 1786 3018 1856 ἕλλαμψις
3047 1790 3141 1841 καὶ
3191 1790 3499 1850 ἐπιστασία,
3551 1790 3611 1841 ού
3662 1790 3783 1842 καθ’
3815 1790 4030 1842 εὐθεῖαν

2460 1878 2561 1946 τὴν
2591 1877 2805 1947 κίνησιν
2835 1878 3057 1947 ἔχουσα,
3092 1880 3279 1949 ῶσπερ
3318 1880 3350 1947 ἡ
3396 1880 3599 1950 κυρίως
3625 1881 3739 1932 ἐστὶ
3781 1882 4026 1949 πρόνοια,

2461 1968 2599 2019 ἀλλὰ
2663 1968 2889 2037 δεομένη
2957 1969 3153 2039 καιροῦ
3204 1972 3298 2023 καὶ
3346 1972 3509 2023 τόπου
3547 1972 3625 2031 εἰς
3655 1971 4025 2039 ἀποτέλεσμα.

2462 2057 2580 2108 ὅθεν
2614 2058 2707 2109 καὶ
2740 2059 3048 2126 εἱμαρμένη
3097 2058 3315 2126 λέγεται
3345 2059 3419 2121 ὡς
3469 2060 3723 2129 εἰρομένη
3752 2076 3836 2120 τις
3869 2059 4029 2125 φύσις

2465 2149 2557 2199 καὶ
2579 2148 3037 2218 συμπεπλεγμένη
3065 2149 3152 2202 διὰ
3174 2149 3403 2202 πολλῶν.
3426 2150 3506 2201 Τὰ
3536 2150 3633 2217 μὲν
3648 2145 3740 2201 οὖν
3763 2147 4028 2216 ἀσώματα

2463 2239 2565 2290 ὑπὸ
2595 2240 2850 2308 πρόνοιαν
2890 2242 3004 2292 ἐστὶ
3037 2241 3202 2309 μόνην
3227 2258 3239 2270 ·
3274 2241 3341 2294 τὰ
3374 2241 3431 2293 δὲ
3481 2241 3711 2309 σώματα
3744 2241 3847 2293 ὑπὸ
3882 2241 4027 2309 πρό-

2462 2349 2611 2384 νοιαν
2634 2333 2725 2384 καὶ
2763 2332 3123 2401 εἱμαρμένην.

2733 2514 2827 2567 00'.
2872 2512 3008 2579 Περὶ
3052 2513 3241 2579 τύχης
3271 2512 3370 2565 καὶ
3402 2516 3756 2581 αὐτομάτου.

2531 2601 2644 2671 Τὴν
2673 2602 2842 2672 τύχην
2872 2604 2990 2671 οὐχ,
3026 2603 3101 2664 ῶς
3132 2605 3410 2668 νομίζουσί
3440 2621 3602 2666 τινες,
3626 2606 3675 2656 οἱ
3709 2605 4027 2676 ἀκριϐέστε-

2467 2712 2548 2762 ροι
2578 2695 2683 2746 τῶν
2704 2696 3005 2761 φιλοσόφων
3033 2692 3280 2757 ἐδέξαντο
3326 2691 3437 2747 οἷον
3476 2697 3667 2761 ἄλογόν
3719 2715 3837 2749 τινα
3867 2698 4027 2765 φύσιν

2466 2785 2561 2838 καὶ
2593 2785 2665 2855 μὴ
2719 2785 2947 2853 ἔχουσαν
2975 2785 3146 2847 τάξιν,
3183 2786 3317 2854 μηδὲ
3364 2786 3576 2855 εἱρμὸν,
3606 2788 3742 2841 ἀλλὰ
3785 2807 4028 2859 παρακο-

2464 2875 2710 2944 λούθημα
2734 2875 2938 2945 ταύτην
2990 2876 3239 2945 ἀόριστον
3267 2878 3324 2927 ὲν
3372 2880 3481 2940 τοῖς
3510 2879 3648 2930 κατὰ
3688 2881 4024 2949 προαίρεσιν.

2465 2968 2559 3020 καὶ
2591 2967 2753 3019 ἕνεκα
2802 2984 2943 3030 τινος
2975 2968 3274 3035 γενομένην
3305 2969 3589 3038 ὡρίσαντο.
3628 2964 3750 3023 Οἷον
3791 2973 4025 3040 προελή-

2464 3057 2589 3110 λυΟὲ
2608 3075 2689 3119 τις
2715 3060 2777 3109 ἐκ
2804 3060 2900 3125 τῆς
2930 3058 3101 3120 οἰκίας
3135 3059 3453 3126 λουσόμενος
3494 3076 3509 3090 ο
3546 3060 3685 3130 αῦτη
3733 3063 3765 3130 ἡ
3801 3063 4026 3131 πρόοδος

796 3156 1016 3214 propter
1061 3148 1295 3217 aliquem
1348 3150 1507 3203 tinem
1548 3150 1701 3217 fecit,
1739 3162 1797 3205 ut
1835 3170 2032 3224 nempe
2083 3158 2134 3211 in
2173 3159 2363 3215 balneo
2391 3174 2432 3231 (ζ
2467 3152 2530 3201 ἐκ

2269 3175 2363 3215 nec
2391 3174 2432 3231 ο
2467 3152 2530 3201 ἐκ
2568 3148 2942 3218 προαιρέσεως
2988 3152 3080 3201 καὶ
3129 3150 3293 3202 ἕνεκα
3336 3168 3477 3214 τινος
3514 3151 3859 3221 πράγματος,
3883 3155 4025 3206 τοῦτ’

793 3237 1082 3292 lavaretur.
1131 3242 1198 3293 At
1232 3256 1545 3309 progressus
1608 3243 1797 3297 incidit
1858 3246 1913 3299 in
1993 3247 2360 3306 thesaurum:

794 3329 959 3397 huius
1012 3330 1346 3387 inventionis
1396 3350 1634 3396 causam.
1695 3336 1969 3392 fortunam
2023 3342 2363 3409 appellarunt

791 3422 1082 3487 sapientes.
1118 3422 1275 3478 Casui
1327 3442 1455 3481 vero
1493 3435 1598 3480 tam
1648 3428 1701 3482 in
1751 3431 2161 3486 rationabilibus
2201 3450 2361 3503 quam

793 3508 1255 3572 irrationabilibus
1277 3516 1452 3569 locum
1486 3533 1604 3570 esse
1638 3519 1940 3575 afﬁrmant:
1975 3523 2025 3574 in
2075 3524 2364 3578 rationabi-

794 3601 936 3655 libus
970 3603 1212 3671 quidem,
1256 3616 1315 3659 ut
1358 3607 1400 3659 si
1446 3608 1607 3661 homo
1637 3611 1911 3665 cultellum
1961 3622 2161 3665 tenens
2212 3616 2360 3669 illum

794 3693 1046 3747 manibus
1078 3696 1329 3749 excidere
1359 3699 1616 3765 patiatur,
1658 3700 1852 3769 illeque
1893 3711 2074 3755 rectus
2111 3704 2365 3773 inligatur

800 3791 990 3849 ιρι-ταις
1020 3785 1070 3837 in
1114 3786 1575 3842 irrationabilibus
1618 3805 1765 3852 vero,
1808 3799 1866 3844 ut
1898 3793 1939 3844 si
1987 3809 2158 3862 equus
2187 3797 2363 3848 domi—

797 3889 926 3927 num
960 3879 1279 3939 excusserit.
1312 3889 1367 3934 et
1398 3882 1483 3934 hic
1510 3896 1635 3934 casu
1680 3884 1909 3950 quodam
1953 3884 2150 3940 illmsus
2182 3888 2360 3941 abeat.

1216 3972 1303 4025 80.
1351 3973 1423 4026 De
1471 3991 1580 4028 n'vo
1614 3986 1941 4045 aclempore.

864 4061 1022 4115 Entia
1049 4065 1292 4129 quardam
1329 4075 1377 4118 et
1413 4066 1769 4120 substantiam
1804 4079 1859 4122 et
1888 4077 2065 4121 aetum
2098 4078 2361 4126 aeternum

795 4152 1018 4217 habent,
1053 4163 1111 4206 ut
1137 4170 1311 4208 mens.
1358 4156 1530 4224 Hujus
1575 4158 1719 4211 enim
1754 4168 1809 4212 et
1850 4160 2147 4215 substantia
2178 4165 2363 4217 nescia

792 4245 991 4296 mutari
1024 4253 1077 4297 et
1110 4254 1263 4299 actus
1293 4248 1516 4301 minime
1577 4249 1922 4305 trausitorius
1960 4262 2054 4305 aut
2092 4254 2364 4308 mutabilis

794 4340 899 4394 est,
942 4331 1100 4385 simul
1130 4334 1273 4386 enim
1306 4334 1360 4387 in
1389 4351 1446 4389 se
1466 4338 1646 4389 omnia
1684 4353 1836 4392 mens
1866 4339 2123 4407 possidet.
2153 4344 2223 4396 At
2245 4357 2364 4396 cor-

794 4422 943 4489 poris
971 4431 1025 4475 et
1058 4424 1360 4479 substantia
1404 4437 1458 4480 et
1489 4428 1732 4496 operatio
1764 4433 2089 4498 temporaria
2133 4444 2238 4486 est.
2273 4434 2361 4488 Sic

2470 3240 2612 3292 ἔστιν
2642 3239 2734 3291 τοῦ
2761 3239 3074 3291 λούσασθαι.
3115 3237 3246 3295 Εἶτα
3299 3243 3699 3312 προερχόμενος
3741 3243 3896 3313 ἔτυχε
3930 3245 4027 3313 οης

2469 3331 2651 3400 σαυρῷ
2671 3348 2685 3360 ·
2727 3331 2825 3399 τὴν
2845 3327 2938 3383 οῦν
2962 3331 3138 3383 αἰτίαν
3176 3335 3275 3401 τῆς
3304 3334 3575 3401 εὑρέσεως
3622 3334 3717 3386 τοῦ
3748 3334 4023 3404 θησανροῦ

2466 3421 2634 3490 τύχην
2676 3421 2966 3489 ὠνόμασαν
2994 3424 3042 3472 οἱ
3090 3422 3262 3490 σοφοί.
3299 3424 3373 3474 Τδ
3425 3423 3670 3493 μέντοιγε
3720 3426 4023 3494 αὐτόματον

2466 3515 2559 3565 καὶ
2597 3514 2653 3564 ὲν
2688 3513 2797 3573 τοῖς
2848 3512 3086 3576 λογικοῖς
3135 3511 3229 3563 καὶ
3279 3512 3335 3563 ἐν
3365 3516 3473 3575 τοῖς
3510 3514 3722 3580 ἀλόγοις
3760 3513 4023 3566 τιθέασιν.

2478 3603 2563 3656 Ἐν
2598 3604 2694 3671 μὲν
2718 3604 2831 3664 τοῖς
2885 3602 3141 3669 λογικοῖς,
3199 3603 3327 3655 ὅταν
3379 3603 3718 3673 μαχαιρίδων
3756 3606 3862 3657 ἀπό
3884 3622 4027 3666 τινος

2467 3692 2792 3762 κρατοῦντος
2819 3693 3168 3754 ὲκπεπτωκὸς
3202 3696 3315 3743 κατ’
3334 3694 3491 3762 ὀρθὸν
3520 3695 3791 3764 ὲμπαγείη
3824 3698 3888 3763 τῇ
3920 3698 4015 3765 γῇ·

2467 3789 2521 3838 ὲν
2587 3786 2643 3837 δὲ
2673 3788 2783 3847 τοῖς
2815 3784 3048 3851 ἀλόγοις,
3104 3784 3233 3834 ὅταν
3288 3802 3369 3845 τις
3415 3786 3579 3848 ἵππος
3617 3787 3707 3838 τὸν
3762 3787 4026 3856 δεσπότην

2464 3876 2775 3939 ἀποϐαλὼν,
2804 3876 2909 3927 ἀπὸ
2935 3874 3271 3941 ταυτομάτου
3296 3874 3609 3942 amonem.

2815 3971 2885 4017 π’.
2914 3965 3047 4030 Περὶ
3074 3961 3287 4028 αἰῶνος
3309 3964 3403 4015 καὶ
3433 3966 3675 4031 χρόνον.

2534 4056 2654 4108 Τῶν
2682 4054 2850 4107 ὄντων
2883 4055 2949 4105 τὰ
2988 4054 3083 4123 μὲν
3114 4054 3206 4106 καὶ
3233 4054 3332 4124 τὴν
3360 4054 3569 4119 οὐσίαν,
3604 4056 3695 4105 καὶ
3738 4055 3835 4125 τὴν
3872 4058 4025 4125 ἐνέρο

2464 4165 2618 4215 γειαν
2662 4148 2774 4215 ἔχει
2820 4146 3056 4208 αἰώνιον,
3093 4139 3203 4197 οἷον
3254 4145 3282 4195 ὁ
3312 4145 3455 4207 νοῦς.
3498 4145 3698 4198 Τούτου
3728 4147 3835 4217 γὰρ
3867 4149 3962 4200 καὶ
3993 4151 4025 4218 ή

2462 4239 2617 4292 οὐσία
2656 4238 2931 4307 ἀκίνητος,
2981 4237 3074 4287 καὶ
3125 4238 3156 4304 ἡ
3206 4234 3452 4304 ἐνέργεια
3504 4237 3849 4304 ἀμεταόατος
3904 4240 4024 4308 (7').

2473 4327 2639 4397 Ὁμοῦ
2673 4328 2779 4396 γὰρ
2833 4326 2947 4395 ἔχει
2999 4328 3055 4376 ὲν
3103 4324 3249 4395 αύτῴ
3289 4327 3486 4379 πάντα.
3521 4326 3594 4377 Τὸ
3648 4327 3703 4379 δὲ
3728 4327 3885 4397 σῶμα
3935 4330 4029 4381 καὶ

2463 4419 2559 4490 τὴν
2593 4420 2779 4472 οὐσίαν
2809 4417 3063 4487 ἔγχρονον
3110 4417 3224 4485 ἕχει
3273 4418 3364 4469 καὶ
3402 4418 3496 4487 τὴν
3552 4418 3851 4489 ἐνέργειαν.
3904 4414 4028 4472 Οἷον

797 4527 847 4562 ν.
887 4527 938 4579 g.
981 4521 1225 4565 nostrum
1296 4530 1496 4584 corpus
1549 4517 1906 4573 substantiam
1978 4524 2357 4589 temporariam
2391 4500 2435 4552 D
2466 4514 2553 4565 καὶ

2272 4540 2357 4577 am
2391 4500 2435 4552 ῐ)
2466 4514 2557 4565 καὶ
2573 4512 2632 4564 τὸ
2660 4513 2926 4581 ἡμέτερον
2956 4509 3113 4577 σῶμα
3148 4510 3239 4561 καὶ
3272 4510 3369 4577 τὴν
3398 4511 3585 4589 οὐσίαν
3612 4510 3865 4579 ἑγχρονον
3890 4513 4025 4581 ἔχει.

795 4602 972 4663 habet,
1025 4604 1281 4671 paulatim
1338 4607 1482 4659 enim
1532 4616 1799 4675 augetur:
1853 4621 1907 4664 et
1957 4614 2353 4681 operationem,

794 4708 901 4745 non
932 4694 1076 4745 enim
1103 4695 1261 4748 simul
1295 4696 1473 4748 munia
1518 4697 1647 4766 agit.
1676 4700 1743 4752 At
1780 4700 1958 4754 anima
1994 4704 2355 4758 substantiam

792 4782 1008 4850 quidem
1050 4783 1210 4837 habet
1254 4798 1536 4849 :rternam,
1582 4804 1759 4858 neque
1797 4790 1943 4843 enim
1985 4793 2187 4847 sensim
2230 4804 2355 4848 nata

791 4883 895 4938 est,
926 4877 1297 4943 operationem
1338 4886 1516 4931 autem
1549 4882 1775 4945 tempori
1819 4882 2139 4949 subjectam.
2182 4900 2358 4954 neque

793 4963 937 5017 cnim
978 4966 1134 5018 simul
1183 4969 1362 5022 omnia
1401 4972 1621 5039 cogitat,
1645 4973 1739 5025 sed
1794 4988 1860 5028 ex
1894 4991 1995 5027 una
2033 4977 2358 5045 cogitatione

796 5056 1074 5110 descendit
1102 5058 1168 5109 ad
1225 5060 1406 5114 aliam.
1443 5060 1570 5127 Tale
1623 5063 1784 5117 etiam
1828 5076 1911 5119 est
1958 5067 2174 5130 caelum,
2233 5069 2366 5123 sub-

799 5147 991 5197 stantia
1018 5147 1275 5201 nimirum
1304 5160 1588 5214 teternum,
1607 5154 1702 5206 sed
1731 5156 1939 5208 ratione
1968 5158 2222 5212 motionis
2249 5174 2360 5213 sua:

802 5238 1023 5305 tempori
1058 5248 1113 5291 et
1144 5240 1320 5307 ipsum
1357 5242 1684 5310 subjectum.

1208 5419 1296 5471 8l.
1340 5419 1416 5474 De
1448 5423 1671 5492 quinque
1708 5428 1965 5481 sensibus.

870 5506 1014 5561 Visio
1049 5508 1124 5575 tit,
1156 5513 1369 5577 quando
1392 5530 1456 5567 ex
1482 5515 1653 5570 oculis
1679 5519 1977 5585 procedens
2005 5521 2092 5574 lux
2121 5524 2360 5577 occurrit

801 5594 989 5652 lumini
1032 5617 1060 5652 a
1100 5602 1418 5670 corporibus
1452 5605 1581 5659 visis
1632 5610 1991 5676 promananti,
2037 5612 2178 5680 quod
2213 5612 2362 5666 Plato

2465 4604 2559 4657 καὶ
2586 4604 2724 4655 κατὰ
2752 4603 2945 4671 μικρὸν
2980 4600 3291 4665 αὐξάνεται,
3338 4601 3429 4653 καὶ
3470 4587 3575 4670 τὴν
3603 4603 3903 4671 ἐνέργειαν,
3967 4607 4025 4657 ού

2463 4697 2571 4765 γὰρ
2600 4694 2732 4764 ὁμοῦ
2756 4695 2968 4763 ἐνεργεῖ
2992 4694 3189 4745 πάντα.
3236 4692 3298 4745 Ἥ
3344 4693 3398 4743 δὲ
3442 4692 3588 4763 ψυχὴ
3628 4696 3767 4747 κατα
3801 4696 3899 4763 μὲν
3932 4695 4028 4763 τὴν

2462 4786 2647 4838 οὐσίαν
2680 4784 2892 4847 αἰώνιός
2922 4785 3094 4846 ἐστιν,
3128 4784 3247 4835 οὐδὲ
3278 4785 3385 4852 γὰρ
3410 4786 3550 4836 κατά
3576 4785 3768 4856 μικρὸν
3803 4786 4029 4856 γεγένη-

2461 4896 2549 4931 ται
2576 4893 2588 4905 ·
2624 4877 2768 4930 κατὰ
2795 4876 2851 4928 δὲ
2886 4877 2984 4945 τὴν
3022 4876 3297 4945 ἐνέργειαν
3324 4876 3513 4944 χρόνου
3552 4877 3770 4945 μετέχει
3796 4893 3807 4907 ·
3839 4878 3899 4929 οὐ
3921 4878 4027 4946 γὰρ

2460 4969 2593 5037 ὁμοῦ
2626 4970 2737 5037 ἔχει
2771 4968 2946 5021 πάντα
2988 4967 3054 5020 τὰ
3095 4969 3343 5036 νοήματα
3390 4969 3447 5021 ἐν
3511 4968 3720 5037 ἑαυτῷ,
3771 4968 3886 5020 ἀλλ’
3932 4972 4024 5035 ἀφ’

2464 5061 2650 5129 ἐτέρου
2706 5058 3018 5128 μεταϐαίνει
3074 5060 3151 5121 εἰς
3217 5059 3422 5128 ἕτερον.
3476 5060 3586 5111 Καὶ
3627 5063 3654 5110 ὁ
3693 5059 3916 5127 οὐρανὸς
3970 5060 4026 5111 δὲ

2463 5150 2701 5211 τοιοῦτός
2746 5151 2916 5212 ἐστιν,
2973 5148 3063 5199 καὶ
3108 5147 3322 5211 αἰώνιος
3362 5148 3457 5217 μὲν
3495 5146 3631 5199 κατὰ
3676 5147 3773 5215 τὴν
3821 5149 4027 5207 οὐσίαν,

2468 5245 2610 5297 κατὰ
2670 5244 2727 5296 δὲ
2786 5243 2880 5312 τὴν
2940 5242 3149 5310 κίνησιν
3188 5242 3290 5295 ὑπὸ
3321 5243 3510 5312 χρόνον
3564 5242 3656 5295 καὶ
3710 5242 3871 5303 αὐτὸς
3920 5244 4030 5294 κεί-

2470 5353 2647 5407 μενος.

2736 5435 2849 5483 πω.
2889 5432 3026 5494 Περὶ
3066 5426 3183 5479 τῶν
3205 5424 3382 5478 πέντε
3406 5423 3769 5488 αἰσθήσεων.

2551 5519 2611 5570 Ἠ
2641 5520 2827 5587 ὅρασις
2866 5520 3072 5586 γίνεται
3096 5519 3223 5569 ὅταν
3248 5517 3309 5567 τὸ
3336 5515 3443 5567 ἀπὸ
3472 5514 3576 5567 τῶν
3601 5513 3889 5583 ὀφθαλμῶν
3914 5514 4027 5581 φῶς

2471 5610 2835 5679 ἐκφερόμενον
2907 5610 3205 5677 ουναντήση
3274 5606 3348 5674 τῷ
3407 5606 3512 5657 ἀπὸ
3573 5605 3678 5658 τῶν
3762 5605 4025 5673 σωμάτων

2312 5719 2537 5774 NOT/l‘l.

882 5800 981 5868 (7⁸)
1006 5804 1066 5855 Al
1114 5804 1503 5878 ὸμετάϐλητος.
