4446 6446
748 404 854 460 τῗῖἒ

2047 392 2463 452 MICHAELIS
2507 391 2766 450 PSEI.”
3892 388 3998 449 Ἷίθ

750 524 895 571 hunc
932 516 1015 568 vel
1053 515 1195 567 illam
1246 512 1597 581 imaginante,
1652 510 1831 564 infans
1881 510 1928 562 ei
1966 510 2106 578 quod
2155 523 2323 562 mater
2361 518 2398 569 Α
2428 510 2506 570 τόι

2244 523 2323 562 ter
2361 518 2398 569 Α
2428 510 2654 570 τόμενον
2708 506 3008 574 ὁμοιοῦται.
3044 505 3314 568 Πολλάκις
3366 506 3421 557 δὲ
3469 505 3561 559 καὶ
3612 504 3710 573 τῆς
3744 509 3998 571 γυναικίς

750 607 1046 676 imaginata
1077 613 1160 657 est
1196 602 1547 654 assimilatur.

1123 777 1214 832 85.
1249 777 1522 843 Quomodo
1548 774 1681 842 [iant
1706 770 1961 825 somnia?

825 873 1003 926 Multae
1037 879 1167 924 sunt
1197 885 1374 923 causa;
1399 866 1757 921 somniorum.
1784 865 1899 918 Alia
1928 863 2075 918 enim
2098 862 2335 916 rationa-

756 967 846 1020 Inili
878 966 1071 1019 anime
1121 974 1340 1025 nosme,
1386 969 1569 1013 mente
1613 959 1911 1022 mediante,
1961 956 2335 1010 immittuntur

755 1060 1018 1113 divinitus
1048 1074 1062 1119 ;
1125 1057 1226 1108 alia
1266 1063 1393 1108 sunt
1423 1052 1590 1106 veluti
1634 1051 1770 1104 echo
1800 1049 2047 1118 quaedam
2080 1064 2143 1103 ac
2182 1063 2333 1102 reso-

756 1153 940 1205 nantia
964 1152 1277 1203 diurnarum
1304 1146 1577 1200 actionum
1606 1161 1619 1207 ;
1645 1142 1746 1196 alia
1797 1158 1825 1195 a
1860 1142 2142 1212 phantasia
2170 1141 2333 1195 επον-

757 1254 995 1302 tnantur,
1053 1240 1387 1309 imaginante
1452 1246 1507 1290 et
1556 1236 1823 1288 oderente
1892 1235 2052 1287 nobis
2112 1234 2337 1287 diurnos

756 1348 990 1391 amores.
1043 1331 1127 1384 vel
1168 1331 1333 1383 alium
1382 1328 1634 1382 affectum
1671 1328 1866 1379 animae
1904 1336 2123 1379 nostra.
2160 1324 2275 1378 Alia
2306 1339 2337 1378 ιι

757 1438 989 1495 quatuor
1013 1424 1344 1478 humoribus
1372 1422 1486 1475 sive
1537 1418 1982 1489 temperamentis
2007 1418 2335 1482 excitantur,

760 1520 903 1571 unde
927 1528 983 1570 et
1000 1517 1212 1571 colores
1242 1513 1566 1568 humoribus
1598 1512 1703 1566 illis
1728 1510 1934 1564 similes
1966 1510 2188 1570 habent,
2219 1524 2339 1577 qua:

761 1612 814 1662 in
842 1606 1028 1677 quiete
1075 1606 1351 1659 videntur.
1392 1605 1511 1657 Alia
1564 1602 1804 1672 produnt
1833 1616 2028 1655 causas
2056 1602 2257 1654 habere
2285 1600 2336 1653 in

761 1701 919 1753 nobis
944 1707 1088 1750 artes
1120 1712 1255 1766 quas
1285 1695 1593 1752 didicimus.
1626 1692 1711 1746 vel
1742 1692 1958 1761 negotia
1990 1708 2109 1759 qua:
2140 1701 2337 1745 tracta-

764 1804 906 1848 mus.
944 1787 1088 1839 unde
1142 1784 1468 1854 philosopho
1517 1781 1913 1852 philosophica,
1974 1779 2174 1833 rhetori
2211 1780 2339 1833 rhe-

761 1879 951 1942 torica,
984 1885 1285 1945 geometra:
1339 1874 1668 1943 geometrica
1698 1888 1755 1926 se
1782 1872 2018 1926 otl‘erunt
2046 1871 2337 1925 insomnia.

760 1966 876 2021 Non
910 1982 1015 2020 una
1066 1966 1230 2035 igitur
1276 1964 1612 2018 somniorum
1674 1976 1836 2016 causa
1878 1970 1980 2024 est,
2018 1961 2112 2015 sed
2146 1970 2205 2014 ut
2231 1961 2335 2014 dixi

760 2059 906 2111 varia
936 2072 999 2111 ac
1034 2073 1084 2110 m
1099 2056 1351 2126 ultiplex.

953 2146 1042 2201 86.
1075 2146 1149 2199 De
1174 2148 1425 2207 sanitate,
1460 2144 1642 2197 morbo
1673 2142 1748 2213 (8)
1780 2152 1827 2196 et
1862 2151 2147 2196 senectute.

839 2240 1109 2295 Sanitatis
1140 2254 1306 2293 causa
1340 2245 1394 2292 et
1420 2236 1798 2292 conservatrix
1833 2245 1918 2289 est
1947 2234 2172 2303 aequalis
2204 2244 2338 2288 tem-

765 2342 1016 2403 peratura
1044 2331 1267 2394 caloris,
1304 2328 1562 2398 frigoris,
1604 2325 1947 2381 humiditatis
1977 2334 2031 2379 et
2052 2325 2338 2387 siccitatis,

765 2439 999 2493 quorum
1031 2425 1073 2477 si
1102 2437 1271 2475 unum
1304 2421 1519 2474 caeteris
1547 2419 1858 2487 pnevaleat,
1889 2418 2117 2471 morbus
2146 2420 2340 2473 oritur.

769 2517 995 2570 l'lurimi
1026 2523 1175 2568 certe
1208 2513 1380 2567 morbi
1432 2528 1525 2580 per
1559 2511 1884 2565 anomaliam
1933 2511 2048 2565 sive
2078 2510 2341 2578 irregula-

775 2609 990 2661 ritatem
1041 2608 1234 2658 horum
1272 2608 1326 2659 in
1380 2618 1609 2673 corpore
1644 2602 2033 2656 elementorum
2073 2615 2341 2670 generan-

768 2707 877 2749 tur.
928 2695 1241 2748 lnieruntur
1275 2692 1451 2746 morbi
1498 2691 1661 2746 etiam
1714 2690 1878 2743 nimia
1922 2691 2223 2758 repletione
2258 2690 2339 2743 vel

769 2785 1041 2840 cruditate
1094 2793 1186 2838 aut
1247 2784 1602 2851 corruptione
1662 2782 1931 2836 ciborum.
1978 2783 2047 2834 At
2092 2782 2343 2834 sanitatis

771 2876 1111 2930 conciliatrix
1146 2885 1228 2928 est
1259 2874 1503 2928 ordinata
1533 2873 1692 2926 diaeta
1724 2882 1778 2925 et
1817 2872 2142 2940 tranquillus
2175 2880 2346 2925 sorte-

772 2981 880 3034 qne
912 2981 1008 3018 sua
1040 2973 1333 3018 contentus
1363 2964 1599 3016 animus.
1639 2960 1827 3015 Fwtus
1852 2961 1904 3013 in
1939 2969 2093 3012 utero
2130 2959 2347 3013 forma-

774 3068 861 3109 tur
890 3071 919 3109 a
944 3056 1030 3109 die
1053 3056 1327 3109 tricesima
1364 3062 1603 3113 sexta,et
1634 3052 1893 3104 membris
1925 3050 2199 3119 perfectus
2225 3064 2345 3104 esse

2432 598 2729 667 φαντασίας
2782 600 2838 650 ὲν
2883 598 2962 667 τῷ
3006 598 3211 649 τίκτειν
3252 596 3524 666 λαϐούσης
3578 595 3731 648 τοῦδε
3762 596 3794 663 ἢ
3820 593 4000 663 τῆςδε,

2433 693 2569 762 πρὸς
2605 693 2666 745 τὸ
2705 692 3014 760 φαντασθὲν
3052 691 3412 756 ἀπεικάζεται
3446 689 3506 742 τὸ
3532 687 3894 758 γεννώμενον.

2746 782 2849 836 πε’.
2885 783 3017 847 Πῶς
3067 786 3119 837 οί
3150 782 3368 850 ὄνειροι
3403 783 3689 849 γίνονται.

2502 876 2704 929 Πολλαὶ
2762 876 2869 927 τῶν
2907 877 3134 946 ὀνείρων
3178 877 3317 928 είσὶν
3378 875 3581 927 αίτίαι’
3641 878 3690 929 οἱ
3751 877 3848 944 μὲν
3896 876 4004 943 γὰρ

2436 968 2614 1020 αὐτῶν
2646 969 2752 1020 εἰσὶ
2776 968 3123 1020 Θεόπνευστοι
3153 969 3356 1021 ἄνωθεν
3381 968 3467 1020 διὰ
3496 969 3662 1037 μέσου
3692 967 3785 1020 τοῦ
3812 966 3901 1019 νοῦ
3938 971 4001 1035 τῇ

2436 1058 2624 1127 λογικῇ
2661 1059 2807 1128 ψυχῇ
2850 1059 3007 1126 ήμῶν
3054 1058 3418 1125 ὲγγινόμενοι,
3451 1060 3500 1110 οἱ
3548 1059 3604 1111 δὲ
3640 1052 3753 1111 οἷον
3784 1060 4003 1126 ἁπηχὴ-

2442 1168 2584 1219 ματα
2614 1150 2721 1201 eiul.
2760 1150 2867 1203 τῶν
2901 1149 3175 1217 ὴμερινῶν
3206 1150 3475 1219 πράξεων.
3506 1151 3569 1202 Ui
3591 1151 3643 1203 δὲ
3676 1150 3782 1204 ἀπὸ
3818 1166 4010 1218 φαντα-

2441 1244 2631 1310 στικῆς
2673 1242 3033 1294 ἑντυποῦνται
3076 1242 3379 1311 δυνάμεως,
3438 1242 3815 1311 φανταζούσης
3876 1244 4006 1311 ἡμῖν

2438 1335 2562 1395 τοὺς
2614 1334 2909 1401 ἠμερινοὺς
2943 1333 3152 1399 ἔρωτας
3180 1371 3195 1393 ,
3251 1332 3283 1401 ἦ
3321 1332 3449 1385 ἄλλο
3506 1349 3559 1383 τι
3600 1330 3770 1393 πάθος
3805 1331 4007 1401 ψυχῆς.

2442 1423 2659 1492 Ἕτεροι
2696 1422 2752 1473 δὲ
2797 1421 2905 1473 ἀπὸ
2937 1422 3044 1473 τῶν
3076 1420 3357 1489 τεσσάρων
3384 1422 3570 1489 χυμῶν
3617 1421 4007 1489 ἀνεγείρονται,

2440 1514 2561 1566 ὅθεν
2594 1514 2690 1565 καὶ
2742 1512 2811 1565 τά
2839 1511 3108 1583 χρώματα
3162 1512 3271 1563 τῶν
3313 1511 3624 1581 ὁρωμένων,
3678 1512 3841 1579 ὅμοια
3900 1513 4012 1573 τοῖς

2439 1604 2547 1656 τῶν
2578 1604 2767 1674 χυμῶν
2800 1604 3003 1673 ἔχουσι.
3041 1603 3104 1655 Οἱ
3124 1603 3179 1655 δὲ
3203 1603 3302 1665 τάς
3332 1602 3511 1665 αίτίας
3540 1604 3671 1672 ἡμῖν
3699 1603 4011 1671 ἐκφαίνουσι

2440 1694 2548 1746 τῶν
2594 1695 2799 1763 τεχνῶν
2847 1694 3080 1747 καὶτῶν
3128 1695 3593 1763 ἐπιτηδευμάτων,
3641 1693 3770 1763 περὶ
3821 1692 3859 1746 δ.
3912 1695 4012 1762 τὴν

2445 1789 2831 1854 πραγματείαν
2871 1786 3087 1855 ἔχομεν.
3123 1785 3450 1854 Φιλοσοφικά
3494 1785 3587 1838 οὖν
3624 1786 3703 1855 τῷ
3742 1784 4014 1854 φιλοσόφῳ

2447 1877 2514 1928 τὰ
2560 1876 2836 1943 ὀνείρατα,
2877 1878 2971 1930 καὶ
3008 1876 3086 1945 τῷ
3134 1879 3325 1946 ῥήτορι
3361 1879 3429 1930 τὰ
3464 1878 3761 1948 ῥητορικὰ,
3814 1878 3908 1931 καὶ
3936 1877 4016 1946 τῷ

2449 1969 2737 2038 γεωμέτρῃ
2775 1969 2839 2021 τὰ
2888 1972 3258 2038 γεωμετρικά.
3292 1970 3364 2021 Οὐ
3410 1971 3508 2039 μία
3562 1970 3656 2023 οὖν
3713 1969 3861 2023 αἰτία
3904 1969 4013 2023 τῶν

2449 2059 2770 2127 ὀνειράτων,
2806 2060 2941 2112 ἀλλά
2965 2060 3176 2125 πολλαὶ,
3206 2060 3281 2121 ὡς
3321 2062 3554 2129 εἴρηται.

2587 2150 2707 2213 πς’.
2743 2151 2881 2219 Περὶ
2909 2153 3135 2220 ὑγείας,
3167 2153 3264 2205 καί
3300 2153 3494 2207 νόσου
3538 2152 3637 2205 καὶ
3670 2152 3882 2222 γήρως.

2530 2241 2749 2309 Ὑγείας
2783 2244 2954 2296 αίτιον
3002 2246 3097 2297 καί
3154 2245 3467 2296 συνεκτικὸν
3512 2246 3546 2313 ἡ
3598 2245 3703 2296 τῶν
3737 2245 4016 2313 δυνάμεων

2450 2332 2718 2400 ἰσονομία,
2771 2334 3125 2403 θερμότητος,
3164 2335 3525 2404 ψυχρότητος,
3565 2336 3884 2405 ὑγρότητος,
3919 2335 4013 2400 ξττς

2448 2424 2689 2492 ρὸτητος.
2730 2424 2891 2475 Ὅταν
2921 2425 2976 2476 δὲ
3028 2423 3233 2476 τούτων
3277 2423 3335 2475 ἓν
3380 2424 3856 2495 καταδυναστεύσῃ
3906 2425 4014 2476 τῶν

2447 2513 2641 2577 ἄλλων,
2676 2516 2709 2583 ἠ
2745 2514 2897 2576 νόσος
2924 2515 3154 2581 γίνεται.
3184 2516 3249 2566 Αἱ
3282 2514 3338 2566 δὲ
3385 2514 3634 2568 πλεῖσται
3682 2515 3790 2567 τῶν
3849 2516 4018 2569 νόσων

2448 2604 2514 2657 δι’
2544 2605 2859 2673 ἀνωμαλίαν
2883 2605 2992 2658 τῶν
3022 2608 3080 2657 ὲν
3107 2606 3182 2675 τῷ
3211 2606 3423 2674 σώματι
3448 2606 3725 2676 στοιχείων
3752 2608 4013 2673 γίνονται.

2461 2695 2874 2763 Ἐπεισάγονται
2902 2695 2957 2748 δὲ
2998 2697 3053 2749 αἱ
3089 2698 3232 2749 νόσοι
3262 2696 3339 2767 τῷ
3370 2696 3604 2766 σώματι,
3635 2698 3727 2749 καὶ
3754 2697 3842 2750 διὰ
3874 2696 4015 2764 πλή-

2450 2786 2575 2847 θους
2621 2788 2856 2855 τροφῶν,
2910 2788 3004 2840 καὶ
3065 2788 3133 2840 δι’
3182 2788 3418 2856 ἀπεψίας
3472 2789 3567 2841 καὶ
3617 2788 3842 2859 φθορᾶς.
3873 2789 3935 2841 Ἦ
3960 2789 4016 2841 δὲ

2448 2881 2667 2946 εὐταξία
2699 2883 2844 2951 καὶὴ
2881 2880 3183 2951 αὐτάρκεια
3216 2882 3405 2949 ὑγείας
3433 2884 3846 2953 περιποιητικά.
3876 2885 4017 2952 Μορο

2449 2970 2643 3038 φοῦται
2672 2973 2728 3025 δὲ
2771 2974 2840 3025 τὰ
2877 2973 2993 3037 ζῶα
3041 2976 3099 3026 ἐν
3138 2977 3337 3043 γαστρὶ
3378 2976 3526 3040 ὄντα,
3575 2976 3684 3029 ἀπὸ
3724 2976 3891 3044 ἕκτης
3923 2977 4018 3028 καὶ

2448 3066 2777 3131 τριακοστῆς
2808 3064 3043 3134 ἡμέρας,
3097 3065 3405 3119 τελειοῦται
3439 3066 3496 3118 δὲ
3541 3070 3649 3129 τοῖς
3679 3068 3888 3137 μορίοις
3912 3066 4020 3118 ἀπὸ

773 3148 964 3215 incipit
993 3162 1020 3199 a
1052 3148 1522 3217 quinquagesima.
1553 3144 1873 3213 Quanquam
1902 3142 2256 3211 Hippocrates
2291 3142 2343 3195 in
2372 3170 2418 3230 ο
2448 3153 2529 3222 τῆξ

2242 3158 2256 3196 5
2291 3142 2343 3195 in
2372 3170 2418 3230 ο
2448 3153 2548 3222 τῆς
2597 3155 2986 3223 πεντηκοστῆς.
3026 3156 3390 3227 Ἱπποκράτης
3436 3157 3491 3209 δὲ
3530 3158 3623 3209 ἐπὶ
3655 3158 3752 3226 μὲν
3794 3159 3903 3219 τῶν
3922 3161 3998 3229 ap

773 3239 1072 3302 masculis,
1129 3239 1273 3307 quod
1347 3237 1635 3291 calidiores
1694 3236 1841 3299 sint,
1911 3234 2344 3288 articulationem

776 3333 1145 3385 membrorum
1200 3346 1230 3384 a
1277 3329 1535 3384 vicesima
1595 3338 1747 3382 sexta
1804 3326 1892 3381 die
1926 3327 2041 3381 ﬁeri
2096 3326 2344 3388 affirmat,

776 3423 1008 3476 feminas
1036 3432 1215 3475 autem
1248 3422 1390 3475 intra
1414 3421 1715 3475 secundum
1768 3434 2011 3474 mensem
2043 3418 2345 3483 articulari,

776 3515 918 3566 intra
952 3523 1207 3581 quartum
1237 3512 1449 3581 perlici.

775 3622 862 3675 87.
899 3619 1072 3685 Quare
1113 3623 1203 3691 qui
1238 3621 1582 3702 jejunarunl,
1602 3621 1793 3742 tsitiunt
1827 3624 1995 3692 magis
2034 3639 2191 3693 quam
2229 3641 2349 3677 esu—

1476 3707 1598 3742 rmn
1635 3732 1647 3742 .

1476 3707 1647 3744 nunt;

847 3780 1258 3851 Sitimusmagis
1282 3780 1849 3849 quandojejunamus,
1869 3798 2029 3851 quam
2057 3787 2347 3851 esurimus,

778 3872 1032 3939 quoniam
1081 3872 1318 3925 calidum
1349 3870 1495 3939 quod
1543 3870 1600 3923 in
1637 3872 1795 3926 nobis
1844 3882 1947 3936 est,
2003 3875 2180 3943 primo
2232 3877 2349 3930 loco

776 3958 1000 4025 quidem
1049 3958 1327 4012 consumit
1352 3958 1498 4025 quod
1539 3973 1568 4010 a
1593 3959 1730 4012 cibis
1760 3971 1843 4013 cst
1897 3962 2113 4031 reliqui,
2154 3963 2349 4019 deinde

780 4054 860 4101 vis
892 4047 981 4099 illa
1014 4047 1166 4118 ignea
1200 4050 1251 4100 in
1278 4048 1435 4101 nobis
1471 4049 1745 4102 convertit
1773 4065 1831 4103 se
1874 4051 1941 4104 ad
1973 4052 2141 4121 ipsam
2186 4066 2349 4108 natu-

781 4143 947 4192 ralem
974 4139 1222 4206 corp0ris
1250 4138 1652 4202 humillitatem,
1696 4156 1927 4210 eamque
1951 4146 2143 4209 quaerit
2176 4162 2237 4200 ac
2262 4148 2352 4201 de-

778 4227 972 4296 pascit.
1008 4226 1145 4280 Hinc
1171 4227 1332 4281 veluti
1362 4229 1416 4279 in
1442 4228 1556 4281 luto
1590 4231 1834 4298 sequitur
1861 4232 2099 4297 siccitas,
2139 4246 2194 4289 et
2221 4247 2346 4305 potu

784 4318 952 4385 magis
985 4317 1231 4385 indigere
1257 4331 1460 4384 corpus
1488 4319 1773 4388 contingit,
1807 4321 1980 4375 donec
2028 4322 2080 4375 in
2124 4324 2353 4379 bibenti-

2452 3245 2640 3314 ρένων,
2668 3245 2754 3297 διὰ
2783 3246 2844 3297 τὸ
2891 3248 3200 3317 θερμότατα
3247 3245 3408 3310 εἶναι,
3439 3250 3539 3317 τὴν
3570 3249 3901 3319 διάρθρωσιν
3933 3250 4019 3317 γί-

2449 3334 2635 3386 νεσθαι
2679 3335 2788 3387 ἀπὸ
2829 3336 2924 3404 τῆς
2972 3338 3139 3405 ἕκτης
3194 3339 3287 3391 καὶ
3347 3339 3629 3408 εἰκοστῆς,
3670 3342 3761 3392 ἐπὶ
3811 3343 3867 3392 δὲ
3908 3341 4019 3392 τῶν

2450 3424 2698 3492 θηλυκῶν
2732 3426 2789 3477 ὲν
2816 3426 3024 3498 διμήνῳ
3052 3428 3151 3497 μὲν
3180 3429 3585 3500 διαρθροῦσθαι,
3611 3432 3669 3482 ὲν
3692 3435 4015 3502 τετραμήνῳ

2453 3515 2509 3567 δὲ
2539 3514 2873 3569 τελειοῦσθαι
2903 3518 3071 3585 λέγει.

2452 3628 2557 3691 πζν.
2598 3631 2702 3682 Διὰ
2750 3631 2806 3682 τί
2856 3634 2911 3684 οἱ
2953 3634 3353 3712 νηστεύοντες
3395 3632 3616 3702 διψῶσι
3666 3635 3925 3704 μᾶλλον,
3977 3639 4015 3702 ἦ

3065 3719 3355 3759 πεινῶσιν
3377 3721 3397 3770 ;

2528 3788 2781 3859 Διψῶμεν
2814 3791 3037 3860 μᾶλλον,
3067 3794 3195 3846 ὅταν
3223 3795 3629 3866 νηστεύσωμεν,
3654 3798 3688 3869 ἢ
3721 3798 3995 3866 πεινῶμεν

2457 3876 2591 3931 διότι
2633 3880 2692 3930 τὸ
2731 3880 2788 3931 ὲν
2835 3882 2969 3950 ἡμῖν
3007 3881 3207 3953 θερμὸν
3237 3886 3453 3955 πρῶτον
3483 3888 3583 3956 μὲν
3614 3888 4017 3943 καταδὸσκεται

2450 3967 2511 4019 τὸ
2540 3968 2597 4018 ὲν
2621 3968 2830 4038 σώματι
2864 3972 3176 4041 περισσεύει
3200 3976 3426 4043 τροφῆς,
3459 3971 3577 4029 εἶτα
3607 3978 3694 4029 ἐπ’
3722 3978 3893 4047 αὐτὴν
3924 3978 4021 4047 βα-

2450 4059 2585 4123 δίζει
2615 4060 2716 4129 τὴν
2759 4062 3040 4132 σύμφυτον
3090 4064 3281 4119 λιὸάδα
3336 4068 3434 4137 τῆς
3490 4070 3691 4139 σαρκὸς
3728 4072 3761 4140 ή
3791 4072 3851 4123 ὲν
3884 4072 4019 4141 ἡμῖν

2454 4152 2717 4220 πύρωσις,
2776 4153 2837 4205 τὸ
2900 4157 3116 4224 νοτερὸν
3165 4156 3455 4222 διώκουσα,
3514 4160 3609 4213 καὶ
3657 4162 3719 4214 τὸ
3770 4161 4015 4231 δίυγρον.

2451 4242 2753 4313 Γενομένης
2806 4236 2897 4297 οῦν
2953 4245 3144 4316 ὥσπερ
3198 4250 3255 4301 ὲν
3313 4249 3468 4320 πηλῷ
3510 4249 3825 4321 ξηρότητος,
3852 4254 4017 4308 ποτοῦ

2456 4335 2655 4405 μᾶλλον
2684 4336 2746 4387 τὸ
2778 4337 2935 4405 σῶμα
2965 4338 3173 4390 δεῖσθαι
3207 4340 3471 4409 πέφυκεν,
3496 4343 3655 4413 ἄχρις
3688 4340 3749 4399 οὗ
3784 4347 4015 4400 πιόντων

781 4407 881 4459 bus
912 4406 1270 4460 conﬁrmatus
1297 4417 1459 4476 atque
1506 4408 1701 4461 iterum
1734 4411 1880 4465 vires
1914 4414 2183 4482 recipiens
2206 4419 2351 4471 calor
2453 4428 2537 4479 ἀνς

2258 4419 2351 4471 ιΙοι·
2382 4492 2421 4507 Ἀ
2453 4426 2804 4497 ἀναρρωσθὲν
2836 4429 2929 4479 καὶ
2961 4429 3189 4496 ίσχύσαν
3225 4406 3301 4483 τδ
3331 4406 3859 4505 θερμὸν-ἐμϐριθοῦς
3888 4453 4014 4506 τρο-

780 4496 1085 4594 appetitum
1116 4496 1354 4549 validum
1414 4495 1523 4550 cibi
1569 4496 1799 4564 injiciat.
1833 4497 2078 4568 Namque
2108 4503 2343 4557 calidum
2382 4492 2422 4544 D
2453 4520 2536 4587 φῆ,

2261 4520 2343 4557 llm
2382 4492 2422 4544 θ
2453 4492 2759 4587 φῆς-δρεξιν
2782 4492 3106 4589 ἐργάσηται.
3141 4522 3215 4574 Τὸ
3254 4523 3364 4593 γὰρ
3479 4492 3612 4594 ἡμῖν
3646 4492 3880 4596 μάλιστ-α
3909 4492 4017 4580 δεῖ-

782 4585 834 4636 in
871 4584 1027 4637 nobis
1058 4586 1181 4638 cibo
1215 4586 1445 4638 maxime
1469 4585 1692 4654 indiget,
1727 4598 1787 4641 ut
1821 4588 1979 4643 facile
2010 4594 2171 4645 etiam
2194 4605 2346 4648 extra

779 4692 878 4728 1105
903 4677 1195 4730 obsim-are
1213 4691 1506 4746 possumus
1524 4692 1624 4731 nec
1637 4692 1841 4743 aerem,
1871 4697 1972 4736 DCC
1993 4699 2211 4753 aquam,
2247 4703 2348 4741 nec

781 4776 979 4817 terram
1047 4766 1306 4819 alimento
1348 4767 1583 4829 inhiare,
1645 4784 1749 4824 nec
1792 4772 2096 4842 propinqua
2146 4790 2346 4830 consu-

2452 4627 2542 4662 ται
2579 4612 2785 4680 τροφῆς
2849 4612 3073 4681 θερμὸν,
3135 4613 3323 4683 ῶσπερ
3370 4618 3558 4685 ἀμέλει
3614 4619 3882 4688 βλέπομεν
3911 4622 4015 4685 ἔξω

2454 4701 2588 4767 μήτε
2619 4701 2775 4768 ἀέρα.
2796 4705 2931 4773 μήτε
2944 4703 3106 4772 ὕδωρ,
3130 4706 3265 4773 μήτε
3292 4707 3667 4778 γῆνὲφιέμενα
3696 4712 4012 4780 τρέφεσθαι,

2451 4791 2587 4860 μήτε
2611 4792 2969 4846 ἀναλίσκοντα
3001 4795 3061 4847 τὸ
3096 4797 3415 4865 πλησιάζον,
3442 4800 3576 4853 ἀλλά
3602 4802 3760 4869 μόνον
3788 4803 3849 4854 τὺ
3880 4802 4011 4872 πῦρ.

780 4870 948 4918 mere,
978 4856 1074 4909 sed
1100 4856 1272 4908 solum
1331 4858 1537 4926 ignem,
1573 4874 1741 4926 quare
1786 4870 1841 4914 et
1879 4877 2037 4916 senes
2096 4866 2345 4921 facillime
2448 4856 2536 4931 ma

2261 4883 2345 4964 "le
2575 4881 2745 4933 ταῦτα
2770 4884 2864 4935 καὶ
2887 4886 2935 4936 οἱ
2959 4856 3208 4954 γέροντες
3234 4856 3411 4957 ῥᾷστα
3431 4856 3680 4958 νηστείαν
3714 4856 3969 4963 φέρουσι-ί
3999 4856 4010 4922 ι

780 4946 962 5053 terunt
992 4947 1289 5053 :iejunium,
1324 4948 1591 5017 siquidem
1624 4950 1791 5007 hebes
1811 4953 1922 5022 jam
1959 4964 2014 5008 et
2039 4957 2263 5026 exiguus
2292 4960 2347 5012 in
2445 4971 2536 5039 ἀμι

2257 4960 2347 5012 lin
2445 4971 2622 5039 ἀμϐλὺ
2656 4975 2764 5043 γάρ
2811 4978 2868 5027 ἐν
2922 4946 3105 5038 αύτοῖς
3160 4946 3254 5030 καί
3279 4946 3507 5047 ’μικρὸν
3546 4983 3644 5052 ἤδη
3698 4946 3757 5035 τί)
3785 4946 4013 5053 ⁵θερμόν

783 5036 890 5089 illis
922 5037 1068 5091 calor
1096 5050 1195 5093 est.
1248 5040 1417 5094 Etiam
1480 5043 1804 5099 animalibus
1834 5048 2097 5117 sanguine
2124 5050 2349 5105 destitu-

787 5128 878 5189 tis,
910 5128 1034 5195 quia
1071 5132 1251 5183 calore
1278 5146 1384 5186 non
1416 5148 1572 5202 aeque
1604 5136 1905 5205 abundant,
1925 5140 2046 5194 cibo
2072 5142 2250 5197 minus
2266 5156 2349 5200 est

781 5234 938 5285 opus.

1212 5317 1301 5372 88.
1338 5318 1410 5372 De
1440 5321 1553 5375 caeli
1582 5323 1901 5380 substantia.

856 5402 1008 5456 Plato
1063 5404 1417 5473 philosophus
1462 5424 1527 5462 ex
1554 5422 1786 5480 quatuor
1831 5414 2115 5469 elementis
2163 5418 2343 5472 omnia

2448 5062 2585 5115 ἐστι.
2619 5064 2729 5115 Καὶ
2773 5064 2843 5116 τά
2872 5067 3079 5136 ἄναιμα
3124 5069 3180 5120 δὲ
3236 5070 3344 5123 τῶν
3378 5070 3533 5134 ζώων
3569 5078 3774 5145 τροφῆς
3814 5077 4014 5145 ἥκιστα

2452 5154 2787 5221 προσδεῖται,
2819 5157 2880 5209 δι’
2911 5158 3115 5213 ἔνδειαν
3145 5162 3501 5232 θερμότητος.

2660 5329 2774 5402 πη’.
2813 5333 2951 5399 Περὶ
2988 5334 3099 5401 τῆς
3128 5335 3235 5389 τοῦ
3260 5336 3537 5405 οὐρανοῦ
3559 5340 3794 5406 οὐσίας.

2523 5423 2747 5476 Πλάτων
2774 5425 2869 5493 μὲν
2894 5426 2922 5477 ό
2962 5428 3249 5497 φιλόσοφος
3280 5430 3389 5482 ἀπὸ
3415 5430 3523 5483 τῶν
3550 5432 3829 5501 τεσσάρων
3873 5449 4014 5485 στοι-

2294 5532 2527 5589 ΝΟΤΑξ..

857 5634 932 5704 (8)
974 5642 1084 5688 lmo
1112 5636 1178 5689 de
1213 5643 1455 5705 tempore
1517 5638 1855 5695 formationis
1885 5642 2027 5697 fetus
2079 5644 2131 5697 in
2174 5655 2347 5699 utero.

785 5702 922 5784 nam
964 5706 1028 5757 dc
1045 5702 1342 5784 senectute
1373 5709 1589 5775 quidem
1629 5712 1759 5784 nihil
1798 5713 1849 5764 in
1894 5714 1996 5767 hoc
2026 5716 2205 5783 capite
2236 5726 2348 5769 tra-

780 5776 948 5839 dlllll',
1001 5776 1105 5829 nisi
1140 5790 1207 5829 eo
1240 5776 1465 5842 referas,
1499 5782 1641 5847 quod
1695 5782 1834 5835 bona
1870 5783 2028 5837 dia'la
2080 5776 2136 5837 et
2195 5796 2344 5839 tran-

2459 5649 2725 5732 quillitate
2755 5654 2921 5707 animi
2971 5657 3282 5732 conservari
3310 5659 3593 5732 integram
3626 5666 4008 5732 valetudinem,

2459 5730 2621 5805 atque
2651 5724 2784 5805 adeo
2808 5736 3142 5781 senectutem
3179 5728 3409 5783 feliciter
3437 5724 3627 5804 attingi
3677 5753 3856 5805 posse,
3885 5724 4009 5792 vere

2457 5804 2520 5841 ac
2550 5792 2844 5858 prudenter
2868 5808 3070 5851 monet.
