4446 6446
389 381 491 447 ἨῙ

1497 385 1594 443 DE
1630 384 1974 443 OMNIFAR
1993 384 2048 441 Li
2087 380 2499 448 D'TCTRINA.

3507 383 3618 450 742

383 497 544 568 κείων
581 495 758 548 πάντα
784 493 1032 548 πλάττων
1063 493 1132 546 τά
1171 493 1422 560 σύνθετα,
1449 494 1678 563 σώματα
1708 496 1814 550 ἀπὸ
1841 495 1949 549 τῶν
1977 503 2018 560 Α
2047 501 2139 559 επ(

1860 495 1949 549 τῶν
1977 503 2018 560 Α
2047 501 2294 559 etformat
2346 501 2648 572 composita
2699 516 2948 576 corpora,
3008 510 3170 574 atque
3216 500 3358 558 adeo
3415 503 3616 559 uelum

385 589 563 640 αὑτὼν
637 585 957 655 συγκεῖσθαι
1015 584 1110 638 καὶ
1152 586 1243 639 τὸν
1294 584 1520 655 οὑρανὸν
1575 587 1950 654 ἀποφαίνεται.

392 677 657 729 Τοσοῦτον
703 677 779 738 δὲ,
835 675 1006 745 φησὶ,
1043 677 1179 744 πρὸς
1227 676 1297 728 τά
1347 676 1482 730 ἄλλα
1542 676 1639 747 τὴν
1694 675 1953 743 διαφορὰν

387 770 550 837 ἔχειν,
587 770 666 822 ὃτι
691 769 756 819 τὰ
791 767 889 837 μὲν
928 769 1016 819 ἐπὶ
1046 767 1146 836 γῆς
1187 767 1415 834 σώματα
1443 767 1548 819 ἀπὸ
1585 768 1682 836 τῆς
1718 767 1953 836 ἐσχάτης

391 861 606 930 μερίδος
649 858 756 911 τῶν
813 860 1092 928 στοιχείων
1130 853 1290 921 εἶναι,
1349 858 1444 926 τῆς
1493 853 1603 911 οἷον
1642 859 1953 928 παχυτέρας

388 954 480 1004 καὶ
515 951 903 1019 ὑλωδεστέρας,
939 950 1030 1002 τὸν
1081 950 1137 1002 δὲ
1191 951 1418 1019 οὐρανὸν
1469 951 1576 1002 ἀπὸ
1603 951 1701 1018 τῆς
1733 951 1949 1018 αὑγοει-

386 1044 640 1109 δεστέρας
669 1043 848 1095 αὑτῶν
885 1044 1078 1113 μοίρας
1125 1043 1440 1095 ούσιῶσθαι.
1485 1042 1860 1112 Ἀριστοτέλης
1895 1042 1951 1092 δὲ

387 1136 452 1187 τὰ
494 1137 588 1200 μὲν
621 1137 861 1201 τέσσαρα
886 1137 1125 1203 στοιχεῖα
1160 1136 1279 1187 κατ’
1310 1134 1523 1185 εὐθεῖαν
1553 1133 1817 1186 κινεῖσθαι
1854 1133 1952 1183 λα-

388 1228 516 1289 ϐὼν,
545 1230 633 1278 τὴν
664 1227 718 1279 δὲ
752 1227 978 1296 οὐρανὸν
1010 1227 1195 1295 κύκλῳ
1228 1226 1508 1294 φέρεσθαι,
1551 1226 1657 1277 ἀπὸ
1701 1225 1798 1293 τῆς
1842 1224 1952 1276 δια-

389 1321 555 1388 φόρου
589 1320 852 1387 κινήσεως
879 1318 1130 1388 διάφορον
1171 1317 1317 1386 αὑτῷ
1351 1319 1444 1370 καὶ
1475 1316 1573 1385 τὴν
1604 1315 1789 1368 οὐσίαν
1816 1315 1950 1383 πρὸς

386 1412 452 1462 τα
483 1411 718 1476 στοιχεῖα
748 1408 949 1461 δίδωσι.
992 1409 1098 1460 Καὶ
1129 1407 1220 1459 τόν
1247 1425 1301 1460 τε
1331 1407 1559 1477 οὐρανὸν
1587 1407 1677 1458 καὶ
1706 1406 1829 1467 τοὺς
1858 1404 1949 1456 ὑπ’

388 1497 548 1547 αὑτὸν
580 1496 818 1565 ἀστέρας
853 1496 945 1548 καὶ
981 1495 1141 1563 μέχρι
1171 1496 1397 1562 σελήνης
1431 1493 1623 1562 αἰθέρα
1658 1492 1830 1557 καλεῖ,
1858 1492 1951 1544 καὶ

389 1586 632 1653 πέμπτον
673 1586 829 1652 σῶμα
867 1600 1058 1636 κατονο
1068 1582 1175 1652 μάζ
1180 1601 1200 1633 ε
1214 1602 1248 1635 ι.

387 1677 493 1728 πθθ.
544 1678 645 1740 Εἰς
677 1676 909 1738 πόσους
957 1675 1224 1736 κύκλους
1251 1671 1558 1738 διαιρεῖται
1599 1675 1632 1724 ό
1669 1673 1942 1738 οὐρανός.

458 1767 560 1817 Τὸν
612 1764 838 1833 οὐρανὸν
897 1766 974 1825 είς
1028 1762 1256 1826 πολλοὺς
1317 1763 1549 1823 κύκλους
1593 1762 1642 1812 οί
1674 1761 1947 1829 φιλόσοφοι

2053 608 2274 664 quoque
2321 614 2385 652 ex
2418 597 2609 651 iisdem
2643 603 2896 651 constare
2924 594 3122 649 docet:
3152 603 3361 650 tantum
3401 593 3625 650 differre

2059 686 2114 737 in
2143 697 2232 743 eo,
2275 684 2418 749 quod
2460 699 2686 750 corpora
2740 683 3019 738 terrestria
3052 700 3117 739 ex
3160 683 3523 742 deterioribus
3557 700 3625 742 ac

2058 774 2224 828 veluti
2253 771 2616 826 crassiorilius
2647 784 2702 827 et
2727 775 2896 845 magis
2928 775 3300 830 matcrialibus
3323 777 3623 833 elemento-

2059 881 2177 918 rum
2208 865 2452 933 partibus
2488 865 2787 932 composita
2833 863 2963 928 sint,
3020 866 3218 922 caelum
3244 882 3371 922 vero
3397 882 3463 922 ex
3497 867 3623 922 sub-

2061 958 2331 1010 tilioribus
2389 966 2442 1010 ct
2505 956 2862 1011 lucidioribus
2907 960 3267 1014 substantiam
3330 958 3617 1028 acceperit.

2059 1044 2379 1097 Aristoteles
2430 1044 2556 1097 dum
2618 1046 2804 1105 sumit.
2865 1046 3133 1102 elementa
3188 1055 3430 1116 quatuor
3469 1055 3622 1103 recto
3686 1100 3688 1102 ,

2061 1141 2208 1184 inniti
2247 1132 2395 1196 ferri,
2423 1132 2732 1202 cmlumque
2758 1134 3112 1197 circulari,“
3136 1138 3348 1191 diversa
3379 1135 3622 1191 motione

2057 1225 2219 1276 ctiam
2273 1223 2540 1277 diversam
2598 1236 2885 1293 aquatuor
2923 1226 3206 1281 elementis
3262 1227 3619 1282 substantiam

2058 1313 2176 1382 ejus
2203 1302 2826 1383 concludit,cmlumque
2859 1327 2912 1370 et
2933 1317 3109 1369 sidera
3141 1315 3208 1369 ad
3241 1318 3422 1370 lunam
3447 1329 3621 1386 usque
3706 1366 3708 1368 ,

2055 1403 2314 1456 aetherem
2349 1413 2402 1456 et
2425 1403 2672 1471 quintqu
2713 1419 2912 1472 corpus
2940 1405 3195 1475 appellat.

2258 1663 2350 1718 89.
2391 1663 2456 1716 In
2483 1673 2605 1733 quot
2630 1663 2852 1716 circulos
2884 1663 3066 1716 caelum
3103 1664 3413 1717 dividatur?

2127 1754 2338 1810 Caelum
2393 1756 2557 1809 variis
2613 1755 2830 1808 circulis
2881 1755 3251 1808 distinxerunt
3290 1753 3621 1823 philosophi,

385 1858 726 1925 διῃρήκασιν,
755 1848 827 1908 ὧν
862 1855 1077 1924 πρῶτός
1108 1855 1255 1906 ἐστιν
1280 1855 1306 1905 ό
1359 1853 1690 1921 ίσημερινὸς,
1723 1853 1750 1903 ό
1791 1852 1953 1920 μέσον
1981 1843 2028 1899 Β
2057 1864 2141 1915 qui

1866 1868 1953 1904 σον
1981 1843 2028 1899 Β
2057 1863 2288 1915 quorum
2315 1848 2526 1915 primus
2555 1856 2640 1900 est
2668 1856 2931 1914 :eq'uator,
2974 1849 3066 1915 qui
3128 1847 3367 1900 medium
3405 1845 3534 1899 illud
3566 1846 3621 1898 in

387 1947 549 1997 αὑτὸν
577 1947 787 2015 τέμνων
826 1947 918 1998 καὶ
950 1945 1174 2014 διαιρῶν
1213 1945 1281 1997 τά
1325 1943 1473 1995 νότια
1511 1945 1600 1995 καὶ
1637 1943 1703 1994 τὰ
1744 1943 1949 2012 βόρεια.

400 2037 624 2106 Ἐφεξῆς
667 2037 723 2089 δὲ
768 2037 960 2089 τούτου
991 2035 1112 2088 κατ’
1146 2035 1312 2104 ἄμφω
1365 2035 1429 2087 τά
1480 2035 1640 2106 μέρη,
1672 2034 1811 2086 κατά
1857 2033 1954 2103 μὲν

385 2131 446 2181 τὸ
469 2130 660 2195 δεξιὸν,
709 2129 802 2180 τὸν
847 2126 1058 2196 θερινὸν
1104 2126 1300 2179 κύκλον
1334 2129 1428 2179 καὶ
1457 2126 1548 2178 τὸν
1580 2124 1836 2194 ἀρκτικὸν
1870 2141 1952 2175 τι-

386 2221 570 2274 θέασιν
598 2237 610 2249 ⁸
653 2218 794 2271 κατά
824 2219 880 2270 δὲ
932 2219 992 2270 τὸ
1027 2219 1331 2287 ἀριστερὸν,
1371 2217 1460 2269 τὸν
1503 2200 1674 2266 νότιον
1732 2215 1824 2267 καὶ
1863 2215 1953 2267 τὸν

387 2309 763 2378 ἀνταρκτικόν.
797 2309 1023 2375 Ἕτερον
1071 2308 1226 2369 αὖθις
1260 2307 1459 2358 κύκλον
1521 2307 1811 2358 πλάττουσι
1862 2305 1952 2357 τὸν

392 2399 755 2468 μεσημϐρινὸν
796 2398 885 2449 τὸν
936 2398 1043 2450 ἀπὸ
1090 2397 1197 2448 τῶν
1227 2395 1500 2448 ἀνατολῶν
1531 2397 1609 2456 είς
1655 2395 1803 2447 δύσιν
1836 2396 1953 2446 κεί-

391 2508 572 2558 μενον,
615 2494 709 2542 καὶ
760 2491 1026 2557 τέμνοντα
1089 2487 1188 2555 μὲν
1244 2487 1369 2548 τους
1421 2487 1740 2556 εἰρημένους
1794 2485 1953 2535 πέντε

387 2583 636 2644 κύκλους,
668 2581 860 2648 ἐπίσης
885 2577 1196 2647 διαιροῦντα
1212 2577 1266 2630 δὲ
1306 2580 1365 2629 τὸ
1395 2578 1530 2646 ἑῷον
1564 2582 1726 2645 μέρος
1760 2577 1938 2629 καὶτὸ

389 2669 662 2738 ἑσπέριον.
702 2669 897 2721 Ἕκτον
937 2666 1402 2735 προσονομάζουσι
1454 2666 1544 2716 τὸν
1579 2663 1851 2733 ὁρίζοντα,
1885 2665 1951 2717 τά

388 2760 479 2809 δύο
527 2759 859 2827 ήμισφαίρια
900 2756 1300 2808 διαστέλλοντα.
1332 2754 1617 2822 ’Έῦδομον,
1644 2756 1735 2807 τὸν
1767 2755 1954 2818 ζωδια-

389 2851 504 2912 κὸν,
551 2850 847 2918 ἀρχόμενον
881 2847 986 2898 ἀπὸ
1026 2847 1120 2898 τοῦ
1154 2845 1367 2916 θερινοῦ
1394 2887 1408 2911 ,
1446 2848 1539 2899 καὶ
1572 2849 1832 2916 τέμνοντα
1861 2847 1952 2898 τὸν

393 2940 704 3009 ἰσημερινὸν
735 2940 828 2990 καὶ
873 2938 1110 3008 λήγοντα
1163 2940 1241 3000 είς
1282 2939 1372 2990 τὸν
1405 2938 1596 2990 νότιον.

390 3141 456 3201 ρ’.
487 3133 625 3197 Περὶ
650 3131 753 3184 τοῦ
772 3132 1138 3199 φαινομένου
1162 3132 1230 3183 ἐν
1251 3131 1328 3201 τῷ
1349 3130 1582 3196 οὐρανῷ
1603 3134 1948 3198 γαλακτοει-

533 3201 676 3265 δοῦς
712 3204 942 3252 κύκλου
972 3201 1066 3252 καί
1108 3200 1440 3268 λεγομένου
1484 3202 1807 3263 Γαλαξίου.

459 3295 638 3363 Ὅπερ
680 3295 827 3347 ἐστὶν
864 3295 892 3345 ὁ
931 3295 1174 3364 κομήτης
1208 3295 1336 3364 περὶ
1378 3296 1474 3347 ἕνα
1519 3297 1742 3367 ἀστέρα,
1794 3297 1950 3348 τοῦτό

389 3391 536 3440 ἐστιν
559 3392 586 3440 ὁ
616 3387 881 3450 Γαλαξίας
915 3390 1041 3456 περὶ
1067 3386 1184 3439 ὅλον
1215 3385 1428 3438 κύκλον.
1459 3385 1522 3438 Ἥ
1553 3387 1660 3456 γὰρ
1686 3387 1822 3455 αὑτὴ
1852 3388 1950 3458 ὕλη

387 3481 645 3547 γαλαξίου
691 3481 784 3532 καὶ
831 3479 1091 3547 κομήτου.
1125 3479 1218 3529 καὶ
1245 3478 1365 3529 ἐπεὶ
1399 3478 1650 3546 μέγιστος
1694 3478 1888 3540 κύκλος
1923 3479 1950 3529 ό

388 3569 649 3633 γαλαξίας
716 3569 946 3636 γίνεται,
981 3568 1145 3636 πολλὴ
1184 3567 1243 3631 ἐξ
1269 3568 1511 3636 ἀνάγκης
1546 3567 1790 3637 ἡὲξαψις
1817 3585 1951 3637 συμ-

389 3661 581 3713 6αίνει.
629 3661 685 3712 ’0
733 3661 788 3710 δὲ
824 3660 1020 3721 κύκλος
1053 3660 1219 3712 αὑτοῦ
1251 3659 1548 3728 συμϐάλλει
1583 3662 1723 3712 κατά
1770 3677 1829 3711 τε
1860 3663 1948 3711 τὸν

386 3752 617 3819 Τοξότην
642 3755 733 3802 καὶ
766 3751 890 3812 τοὺς
929 3749 1202 3818 διδύμους,
1237 3749 1376 3819 ἅπερ
1411 3751 1473 3802 ἑκ
1500 3749 1788 3818 διαμέτρου
1820 3752 1944 3805 εἰσί.

389 3842 494 3893 Καὶ
518 3842 600 3892 ἵνα
631 3840 690 3891 το
729 3841 896 3907 σαφὲς
929 3839 1024 3910 ἔχῃ
1059 3842 1086 3892 ὁ
1126 3842 1512 3907 ἀναγινώσκων
1539 3838 1665 3908 περί
1694 3859 1749 3892 τε
1779 3844 1948 3910 κομή-

384 3949 476 3982 του
545 3931 641 3982 καὶ
683 3930 966 3992 Γαλαξίου,
999 3931 1332 3996 γινωσκέτω,
1362 3931 1442 3982 ὅτι
1485 3931 1645 3993 εὐθὺς
1678 3933 1813 4000 μετά
1853 3932 1948 4001 τὴν

384 4021 612 4091 σελήνην
639 4019 792 4088 σῶμα
816 4021 990 4080 ἐστὶν,
1026 4021 1084 4071 οὑ
1117 4020 1370 4088 καθαρῶς
1412 4021 1509 4088 μὲν
1533 4021 1664 4089 πῦρ,
1697 4021 1812 4072 ἀλλ’
1838 4017 1945 4074 οἷον

383 4108 665 4170 καπνῶδες
714 4109 805 4160 καὶ,
856 4108 1150 4177 δυνάμενον
1181 4109 1286 4161 ὑπὸ
1318 4111 1582 4178 κινήσεως
1623 4109 1942 4180 ἐξαφθῆναι,

381 4200 506 4249 ὅταν
538 4199 636 4267 μὲν
668 4196 942 4267 κινηθέντι
970 4198 1132 4266 μέρος
1151 4197 1243 4250 τοῦ
1270 4199 1688 4266 ὑπεκκαύματος
1717 4200 1942 4270 ἐξαφθῇ,

382 4288 476 4338 καὶ
502 4287 733 4353 ἐμπέσοι
757 4287 834 4346 είς
869 4287 1099 4356 μερικὴν
1132 4289 1363 4355 παχεῖαν
1393 4285 1525 4356 ’ὑλην
1549 4288 1640 4338 καὶ
1667 4289 1940 4358 ἐπισταίη,

383 4379 524 4426 ποιεῖ
553 4378 794 4444 κομήτην
821 4392 836 4406 ⁸
877 4376 1001 4427 ὅταν
1030 4375 1087 4426 δὲ
1141 4378 1219 4437 είς
1272 4377 1388 4427 ὅλον
1437 4376 1632 4428 κύκλον
1674 4377 1938 4447 διενεχθῇ,

2056 1936 2348 1990 australem
2404 1945 2459 1990 et
2513 1937 2992 2004 septentrionalem
3039 1945 3248 2004 partem
3295 1936 3506 1990 dividit.
3539 1935 3624 1988 Ab

2057 2029 2160 2081 hoc
2190 2028 2449 2096 deinceps
2476 2043 2542 2081 ex
2571 2036 2800 2096 utraque
2828 2037 2982 2095 parte
3017 2027 3083 2080 ad
3116 2022 3362 2081 dextram
3402 2027 3621 2096 quidem

2055 2120 2324 2188 tropicum
2355 2119 2604 2173 aestivum
2647 2130 2702 2173 et
2731 2119 2996 2174 circulum
3028 2120 3289 2174 arcticum
3327 2121 3621 2182 collocant,

2052 2211 2119 2265 ad
2169 2211 2385 2264 sinistra
2433 2210 2697 2279 tropicum
2733 2211 3047 2273 australem,
3089 2210 3467 2279 circulumque
3501 2221 3623 2263 ant-

2052 2304 2343 2357 arcticum.
2405 2303 2586 2356 Alium
2627 2304 2831 2355 iterum
2867 2303 3129 2373 eﬂingunt
3161 2303 3427 2357 circulum
3455 2301 3620 2355 meri-

2053 2394 2296 2456 dianum,
2353 2394 2421 2448 ab
2449 2394 2662 2448 oriente
2709 2395 2777 2448 ad
2826 2395 3166 2449 occidentem
3215 2411 3391 2464 usque
3419 2395 3624 2464 pertin-

2052 2495 2266 2557 gentem
2297 2503 2312 2552 ;
2341 2495 2500 2555 atque
2529 2494 2738 2539 sextum
2769 2485 3026 2540 circulum
3050 2488 3291 2555 quinque
3315 2487 3425 2555 jam
3452 2487 3624 2541 dictos

2051 2587 2349 2640 secantem,
2407 2578 2840 2646 matutinamque
2886 2591 2949 2629 ac
2995 2578 3360 2644 veSpertinam
3413 2585 3623 2644 partem

2058 2666 2337 2736 aequaliter
2392 2666 2724 2720 dividentem
2783 2665 3120 2718 horizontem
3173 2668 3289 2719 sive
3348 2665 3623 2721 ﬁnitorem

2058 2760 2356 2829 appellant,
2417 2772 2524 2825 quo
2569 2756 2677 2810 duo
2734 2756 3114 2826 hemiSphaeria
3169 2757 3624 2827 distinguuntur;
3701 2791 3705 2794 ~

2063 2851 2359 2919 septimum
2391 2848 2628 2917 denique
2655 2847 2937 2901 zodiacum
2972 2848 3321 2918 incipientem
3352 2864 3381 2902 a
3410 2851 3622 2918 tropico

2053 2941 2262 3004 :estivo,
2315 2949 2699 3008 secantemque
2726 2947 3082 3008 equatorem,
3112 2949 3278 3009 atque
3307 2939 3361 2992 in
3402 2941 3619 3010 tropico

2051 3029 2278 3084 australi
2310 3028 2682 3081 desinentem.

2192 3140 2281 3196 90.
2314 3140 2392 3194 De
2414 3139 2610 3194 circulo
2636 3139 2802 3192 lacteo
2828 3140 2884 3192 in
2905 3139 3051 3204 calo,
3076 3140 3183 3193 sive
3212 3138 3460 3195 Galatia.

2124 3295 2280 3361 Quod
2305 3303 2514 3350 cometa
2543 3304 2627 3349 est
2648 3295 2700 3348 in
2726 3310 2833 3348 una
2857 3294 3037 3360 stella,
3068 3295 3171 3348 hoc
3199 3293 3420 3348 Galaxia
3449 3304 3533 3348 est
3563 3293 3616 3346 in

2055 3397 2167 3441 toto
2199 3388 2421 3441 circulo.
2465 3387 2665 3440 Eadem
2698 3387 2842 3440 enim
2875 3396 3102 3441 cometa:
3153 3397 3208 3441 et
3241 3387 3399 3440 lactei
3431 3387 3619 3440 circuli

2053 3479 2373 3541 substantia,
2401 3495 2463 3533 ac
2492 3480 2617 3545 quia
2655 3479 2921 3533 maximus
2961 3487 3044 3532 est
3069 3478 3304 3531 circulus
3344 3478 3617 3541 Ualaxias,

2051 3587 2274 3625 necesse
2298 3578 2381 3623 est
2403 3585 2647 3639 magnam
2671 3571 2742 3624 ibi
2773 3571 3088 3638 contingere
3111 3567 3616 3623 inﬂammationem.

2049 3663 2277 3732 Attingit
2303 3677 2430 3715 vero
2447 3661 2684 3715 circulus
2709 3661 2808 3714 iste
2839 3660 3206 3730 Sagittarium.
3229 3659 3616 3732 Geminosque,

2049 3752 2140 3822 qui
2173 3767 2204 3805 e
2246 3751 2512 3805 diametro
2552 3750 2650 3804 sibi
2689 3759 3061 3818 opponuntur.
3103 3751 3279 3818 Atque
3312 3760 3370 3804 ut
3405 3751 3614 3812 lectori,

2049 3843 2190 3911 quod
2243 3843 2309 3895 de
2364 3850 2573 3895 cometa
2615 3849 2669 3893 et
2696 3839 2914 3894 Galaxia
2954 3839 3091 3902 dixi,
3123 3841 3468 3908 perspicuum
3524 3842 3615 3904 sit,

2051 3935 2193 3987 n0rit
2245 3935 2346 3986 sub
2381 3935 2505 3986 luna
2545 3947 2666 3986 esse
2708 3947 2927 4001 corpus,
2981 3947 3088 3985 non
3144 3947 3338 4000 purum
3397 3932 3614 4000 quidem

2049 4024 2249 4093 ignem,
2300 4023 2398 4077 sed
2433 4023 2596 4076 veluti
2655 4023 2925 4091 fumigans
2984 4021 3201 4090 aliquod
3237 4034 3534 4090 aptumque
3583 4038 3613 4075 a

2048 4115 2285 4168 motione
2341 4114 2607 4166 flammam
2663 4114 2973 4182 concipere.
3029 4113 3259 4176 Quando
3291 4113 3450 4181 igitur
3491 4129 3614 4182 pars

2047 4206 2243 4274 agitata
2270 4203 2473 4258 fomitis
2503 4204 2644 4257 illius
2668 4203 3040 4268 succenditur,
3071 4203 3368 4270 inciditque
3402 4203 3453 4255 in
3485 4219 3608 4272 par-

2048 4294 2327 4347 ticularem
2355 4296 2634 4346 materiam
2672 4308 2911 4347 crassam
2947 4307 3172 4360 eamque
3205 4292 3474 4355 acCendit,
3515 4310 3605 4347 cot-

2044 4395 2242 4439 metam
2266 4386 2392 4439 facit
2422 4402 2437 4450 ;
2465 4385 2680 4454 quando
2707 4394 2887 4438 autem
2913 4400 3010 4453 per
3046 4394 3214 4438 telum
3251 4383 3482 4438 infertur
3508 4385 3615 4438 cir-

384 4465 528 4515 ποιεζ
579 4464 670 4515 τὸν
726 4462 1015 4528 Γαλαξίαν.
1047 4465 1299 4515 Φαίνεται
1345 4463 1401 4515 δὲ
1439 4464 1649 4528 λευκὸς,
1675 4465 1806 4517 διότι
1831 4461 1940 4517 οἷον
1974 4497 2017 4550 D
2048 4475 2134 4530 θυι

1852 4461 1940 4516 ιῖον
1974 4497 2017 4550 ι)
2048 4475 2271 4538 culum,
2321 4473 2452 4528 facit
2503 4473 2821 4535 Galaxiam,
2878 4473 2970 4542 qui
3028 4473 3296 4526 candidus
3355 4483 3608 4542 appareli

380 4553 725 4621 ἐξατρίζεται
753 4555 855 4606 ὑπὸ
904 4555 1002 4622 τῆς
1047 4555 1313 4623 κινήσεως
1366 4557 1424 4606 τὸ
1487 4557 1817 4626 ὑπέκκαυμα
1848 4557 1941 4609 καὶ

382 4645 851 4699 ὑπολευκαίνεται.

385 4759 484 4825 pa’.
523 4759 660 4824 Περὶ
716 4759 833 4811 τῶν
888 4759 1267 4827 φαινομένων
1305 4759 1368 4812 ἐν
1414 4759 1492 4823 τῷ
1542 4759 1776 4826 οὐρανῷ
1809 4760 1934 4811 δια-

714 4831 913 4894 φόρων
951 4834 1218 4893 πιιρίνων
1255 4830 1603 4896 φασμάτων.

467 4921 1039 4988 Ἑκιρλογούμενον,ὠς
1073 4921 1390 4990 εἰρήκαμεν,
1425 4921 1483 4973 τὸ
1514 4922 1860 4990 ὑπέκκαυμα,
1891 4923 1940 4974 εί

382 5011 636 5062 καὶκατὰ
668 5013 840 5080 μῆκος
874 5013 1032 5080 μόνον
1080 5013 1310 5082 ἐξαφθῇ,
1373 5013 1467 5063 καὶ
1540 5014 1741 5083 ποιήσῃ
1807 5013 1938 5063 ἀπο-

380 5100 828 5168 σπινθηρισμοὺς,
884 5102 938 5153 αί
989 5102 1279 5170 λεγόμεναι
1326 5100 1474 5168 αἶγες
1499 5102 1759 5168 γίνονται,
1797 5103 1932 5171 μαλ-

379 5190 487 5249 λοίς
553 5190 658 5256 γὰρ
699 5190 1024 5256 ἐκκρεμέσιν
1091 5191 1138 5240 οἱ
1201 5191 1697 5259 ἀποσπινθηρισμοὶ
1756 5191 1932 5243 ὲοίκα-

381 5298 483 5332 σιν.
517 5281 577 5330 Εί
604 5280 658 5330 δὲ
703 5281 762 5331 οὑ
798 5283 999 5350 ποιήσῃ
1026 5282 1534 5351 ἀποσπινθηρισμὸν
1567 5283 1626 5333 τὸ
1660 5284 1803 5334 κατά
1832 5282 1931 5351 μῆ-

377 5387 470 5431 κος
500 5370 748 5438 ἐξαφθὲν,
776 5371 929 5431 δαλὸς
959 5371 1045 5422 διὰ
1075 5371 1133 5421 τὸ
1178 5370 1359 5440 σχῆμα
1391 5371 1838 5440 κατονομάζεται.
1872 5373 1933 5423 Oi

376 5464 432 5516 δὲ
495 5464 806 5531 φαινόμενοι
863 5467 1151 5526 πίπτοντες
1206 5465 1451 5533 ἀστέρες,
1487 5465 1579 5528 οὒς
1625 5467 1933 5538 διᾴττοντας

375 5556 401 5604 ό
443 5553 812 5622 Ἀριστοτέλης
863 5554 1036 5617 καλεῖ,
1064 5555 1288 5623 σπέρμα
1318 5554 1434 5604 ἐστὶ
1464 5555 1659 5625 πυρὸς,
1685 5557 1933 5619 ἐξαφθείι

379 5661 474 5711 σης
503 5647 642 5700 κατά
687 5663 740 5698 τι
794 5646 956 5715 μέρος
987 5647 1083 5714 τῆς
1133 5647 1446 5709 καπνώδους
1494 5648 1928 5717 ἀναθυμιάσεως,

382 5738 464 5787 καί
512 5738 649 5790 κατά
699 5738 953 5804 διάδοσιν,
987 5738 1220 5806 πλαγίαν
1268 5739 1639 5810 ποιησαμένης
1697 5741 1924 5809 κίνησιν.

2045 4565 2299 4635 quoniam
2326 4580 2356 4618 a
2387 4565 2626 4618 motione
2664 4564 2838 4619 fomes
2867 4564 2957 4618 ille
2981 4563 3144 4618 veluti
3184 4571 3421 4633 spumat,
3477 4565 3611 4618 albi-

2043 4667 2254 4727 eatque.

2235 4765 2323 4820 9i.
2354 4764 2425 4818 De
2456 4766 2576 4819 vicia
2601 4765 2760 4819 variis
2789 4765 2996 4818 ὅτίς-(κιο
3019 4767 3413 4834 apparentibus.

2114 4923 2420 4977 Succensus
2449 4932 2506 4976 ut
2531 4923 2643 4977 dixi
2666 4921 2856 4985 fomes,
2884 4922 3102 4990 quando
3125 4922 3178 4975 in
3201 4922 3423 4991 longum
3444 4922 3607 4976 modo

2039 5015 2309 5068 flammam
2346 5015 2602 5082 concipit.
2635 5014 2938 5082 emittitque
2967 5014 3248 5084 igniculos,
3273 5015 3407 5066 fiunt
3430 5027 3606 5081 caprae

2039 5122 2174 5175 quas
2194 5105 2550 5169 voeant,villis
2567 5105 2708 5158 enim
2725 5104 3151 5172 dependentibus
3169 5103 3244 5156 illi
3263 5103 3475 5172 igniculi
3496 5118 3604 5156 non

2041 5197 2333 5252 dissimiles
2358 5203 2502 5250 sunt.
2535 5195 2590 5248 Si
2619 5211 2746 5248 vero
2778 5196 2828 5247 in
2866 5194 3084 5262 longum
3107 5210 3405 5249 succensus
3427 5195 3606 5250 nullas

2041 5287 2455 5341 scintillatioues
2488 5285 2719 5345 emittat,
2767 5299 2796 5336 a
2843 5283 3012 5353 figura
3063 5283 3337 5351 appellant
3371 5284 3601 5337 trabem.

2040 5380 2108 5431 At
2140 5395 2257 5446 quae
2292 5377 2482 5429 cadere
2517 5377 2768 5429 videntur
2812 5375 3001 5435 stellae,
3062 5373 3432 5428 discurrentes
3479 5375 3602 5427 Ari-

2039 5472 2261 5524 stoteles
2311 5479 2488 5530 vocat,
2522 5482 2707 5520 semen
2741 5467 2794 5519 in
2827 5481 2882 5519 se
2913 5465 3051 5535 ignis
3077 5466 3311 5531 habent,
3333 5481 3601 5520 succenso

2038 5579 2098 5613 ex
2132 5570 2280 5629 parte
2313 5559 2570 5628 fuligiueo
2602 5572 2820 5626 vapore,
2871 5565 2924 5611 et
2968 5556 3096 5610 dum
3129 5567 3376 5627 augetur,
3420 5565 3600 5610 trans-

2044 5666 2248 5703 u-rsani
2293 5649 2522 5702 faciente
2554 5649 2869 5701 motionem.
2902 5644 3166 5714 Obliquus
3198 5655 3376 5699 autem
3417 5654 3598 5697 motus

2042 5746 2091 5793 tit
2133 5749 2352 5809 propter
2383 5740 2538 5793 aliam
2568 5753 2808 5802 causam.
2837 5737 3054 5806 quando
3087 5736 3338 5790 nimirum
3369 5735 3599 5810 refrige-
