4446 6446
815 383 917 446 743

2092 373 2500 432 MICEIAELIS
2551 378 2805 439 [BELLI

3949 388 4052 450 'Hi

811 504 1018 549 t‘attuht:
1055 495 1328 555 trudente,
1353 491 1570 560 obliqua
1597 492 1764 559 ﬁgura
1794 489 2053 542 redditur.
2083 483 2214 538 Cum
2240 484 2382 537 enim
2420 502 2456 546 Α
2495 493 2566 541 Λο

2297 484 2382 536 tim
2420 502 2456 546 Α
2495 490 2633 559 Auiti}
2663 491 2717 542 δὲ
2754 494 2963 558 γίνεται
3014 497 3043 563 ἡ
3096 496 3304 565 κίνησις
3337 497 3402 548 δι’
3440 498 3614 550 αἰτίαν
3650 499 3866 568 ἑτέραν,
3927 501 4053 550 ὅταν

811 603 974 641 mune
1005 587 1238 653 desuper
1269 583 1527 636 emissum
1564 581 1816 635 inferiora
1867 589 2034 648 petat,
2074 579 2210 648 ignis
2248 595 2377 629 vero

815 687 1005 732 natura
1037 678 1231 730 habeat
1259 685 1316 729 ut
1353 674 1536 728 tendat
1579 687 1816 736 sursum,
1845 671 2128 740 pressione
2160 677 2383 738 cogente

813 772 880 823 ad
936 769 1194 822 inferiora
1249 766 1490 828 tendere,
1541 773 1598 818 et
1643 773 1831 816 natura
1879 762 2118 817 vicissim
2160 769 2386 830 cogente

813 877 1026 917 sursum
1061 859 1218 925 eniti,
1243 859 1486 914 nascitur
1509 856 1668 910 mista
1701 856 1944 925 quaedam
1979 853 2141 908 veluti
2166 861 2219 907 et
2251 851 2386 905 obli-

812 969 915 1021 qua
950 953 1139 1006 motio.

814 1151 901 1204 92.
949 1149 1022 1202 De
1054 1146 1430 1217 apparentibus
1454 1143 2096 1268 inlcmlobsmiguiuotentis
2130 1139 2384 1193 coloribus

1434 1226 1482 1268 et
1533 1228 1645 1268 uati
1689 1231 1766 1266 us.

1434 1226 1482 1270 et
1516 1226 1766 1268 hiatibus.

892 1307 1309 1380 Sanguinolenti
1369 1309 1578 1362 colores
1646 1306 1700 1358 in
1759 1304 1898 1359 cmlo
1947 1302 2380 1371 conspiciuntur,

812 1403 1032 1470 quando
1061 1402 1237 1456 nubes
1279 1401 1428 1469 nigra
1465 1397 1531 1452 ad
1564 1397 1706 1451 latus
1754 1396 2048 1466 Splendida:
2107 1394 2264 1446 nubis
2289 1409 2384 1445 ex-

813 1495 1036 1556 stiterit,
1068 1509 1169 1546 nec
1201 1494 1380 1545 minus
1408 1492 1626 1558 quando
1657 1490 1795 1541 infra
1820 1488 2152 1555 splendidam
2183 1487 2378 1537 nubent

814 1587 988 1639 nubes
1023 1585 1293 1651 nigricans
1324 1584 1614 1652 colligitur.
1649 1583 1724 1633 Ac
1754 1596 1876 1632 cum
1902 1579 2121 1647 quidem
2153 1579 2216 1630 ad
2243 1579 2382 1630 lat'us

813 1674 1089 1734 consistit,
1133 1681 1263 1727 tunc
1290 1673 1466 1725 visum
1505 1671 1630 1723 illud
1664 1670 1930 1738 contingit
1973 1685 2067 1735 per
2111 1665 2382 1719 retractio-

813 1784 933 1821 netn
959 1768 1256 1820 radiorum.
1281 1763 1472 1817 Iliatus
1497 1778 1626 1816 vero
1651 1764 1764 1815 sive
1793 1763 2070 1814 chasmata
2095 1766 2375 1825 apparent,

2493 583 2802 651 5:045:50);
2824 587 3067 658 ὼθοῇσης
3097 588 3156 639 τὸ
3192 590 3377 658 σχῆμα
3411 592 3652 658 γένηται.
3696 591 3914 659 Ἐπειδὴ
3949 591 4057 657 γὰρ

2493 676 2598 724 πᾶν
2647 674 2704 725 τὺ
2743 675 2948 728 ἄνωθεν
2998 679 3412 748 ἀκοντιζόμενον
3442 682 3589 732 κάτω
3618 681 3864 749 φέρεται,
3897 681 4054 748 φύσει

2488 763 2545 815 δέ
2578 765 2690 834 ἔχει
2723 766 2780 818 τὸ
2807 765 2920 835 πῦρ
2957 770 3056 836 τὴν
3081 769 3192 821 duo
3223 770 3396 836 φορὰν
3424 771 3662 835 διώκειν,
3683 771 3780 838 τῆς
3809 770 3909 840 μὲν
3939 771 4023 823 θλί

2487 854 2634 923 ψεως
2689 859 2780 909 ἐπὶ
2825 858 2894 911 τὰ
2942 861 3092 912 κάτω
3150 861 3477 930 βιαζομένης
3510 863 3790 930 φέρεσθαι,
3841 865 3940 930 τῆς
3994 863 4051 914 δὲ

2489 946 2701 1012 φύσεως
2741 951 2832 1002 ἐπί
2881 951 2946 1002 τὰ
2993 951 3103 1002 ἄνω
3156 953 3592 1022 ἀναγκαζούσης,
3625 949 3736 1006 οἷον
3786 955 3929 1023 μίξις
3972 972 4051 1015 τις

2487 1039 2694 1104 γίνεται
2728 1044 2821 1093 καὶ
2852 1041 2977 1112 λοξὴ
3005 1046 3035 1112 ὴ
3068 1045 3300 1112 κίνησις.

2490 1153 2591 1222 ρῇκ
2634 1154 2768 1220 Περὶ
2814 1157 2930 1208 τῶν
2961 1159 3335 1226 φαινομένων
3366 1163 3434 1212 ἐν
3462 1160 3540 1226 τῷ
3569 1159 3800 1227 οὐρανῷ
3821 1162 4044 1228 χρωμά-

2766 1242 2882 1278 των
2914 1228 3262 1296 αίματωδῶν
3296 1233 3390 1280 καί
3432 1232 3770 1300 χασμάτων.

2554 1318 2833 1370 Φαίνονται
2864 1319 3146 1390 αἱματώδη
3167 1321 3431 1390 χρώματα
3455 1322 3614 1389 δῆθεν
3641 1326 3699 1374 ἐν
3727 1323 3803 1391 τῷ
3821 1323 4050 1391 οὐρανῷ,

2485 1405 2610 1458 ὅταν
2653 1409 2824 1474 μέγαν
2854 1409 3012 1476 νέφος
3054 1412 3130 1472 εἰς
3171 1412 3236 1463 τὰ
3273 1409 3472 1479 πλάγια
3501 1413 3593 1465 τοῦ
3641 1415 3890 1484 λαμπροῦ
3927 1433 4051 1481 τυγ-

2484 1498 2622 1566 χάνῃ
2642 1513 2654 1526 ·
2691 1499 2784 1548 καὶ
2811 1499 2968 1551 πάλιν
2997 1499 3121 1552 ὅταν
3149 1501 3306 1567 νέφος
3330 1504 3667 1572 μελάγχρουν
3693 1505 3946 1557 ὑποκάτω
3960 1502 4052 1557 τοῦ

2485 1590 2736 1658 λαμπροῦ
2765 1593 3075 1661 συναχθείη.
3097 1595 3234 1645 Ἀλλ’
3260 1596 3309 1645 εί
3332 1597 3429 1662 μὲν
3469 1600 3547 1658 εἰς
3575 1596 3644 1648 τὰ
3667 1597 3869 1662 πλάγια
3891 1599 3972 1664 εἴη
3995 1599 4054 1648 τὸ

2483 1681 2660 1746 νέφος,
2689 1684 2806 1734 τότε
2827 1683 2888 1751 δὴ
2924 1685 3061 1736 κατὰ
3090 1685 3368 1739 διάκλασιν
3417 1687 3598 1752 αὐγῶν
3629 1689 3837 1753 γίνεται
3868 1692 3898 1758 ἡ
3925 1691 4024 1749 ὅρα

2484 1787 2585 1832 σις.
2608 1772 2875 1840 Χὰσματα
2903 1775 2958 1826 δὲ
2982 1777 3248 1841 φαίνεται,
3264 1780 3390 1829 ὅταν
3415 1779 3472 1829 τὸ
3494 1780 3656 1847 μέλαν
3680 1780 3838 1846 νέφος
3868 1783 3959 1834 καὶ
3994 1783 4054 1834 τὺ

809 1860 1028 1928 quando
1061 1860 1211 1926 nigra
1249 1855 1640 1925 splendidaque
1673 1852 1844 1906 nubes
1873 1851 2058 1904 eadem
2096 1848 2378 1917 superﬁcie
2416 1893 2456 1946 Β
2483 1863 2565 1931 λαι

2416 1893 2456 1946 Β
2483 1863 2732 1931 λαμπρὸν
2764 1867 2819 1916 ἐν
2843 1864 2918 1934 τῷ
2950 1865 3098 1934 αὑτῷ
3144 1860 3278 1918 ὦσιν
3311 1869 3568 1937 ἐπιπέδῳ,
3604 1871 3697 1920 καὶ
3729 1871 3787 1921 τὸ
3821 1872 3918 1938 μέν
3959 1875 4052 1939 μὲ-

811 1951 933 2003 ιαιιὶ
964 1950 1294 2010 consistunt,
1333 1947 1402 2000 ita
1437 1955 1494 1999 ut
1517 1947 1667 2014 nigra
1699 1944 1925 1997 interius
1950 1951 2076 2003 stet,
2097 1939 2374 2008 splendida

811 2045 1073 2095 exterius.
1119 2041 1272 2094 Tunc
1303 2041 1499 2108 quippe
1535 2039 1683 2091 visus
1722 2046 1908 2089 noster
1953 2031 2230 2102 Splendida
2267 2045 2377 2082 ma-

811 2135 892 2205 gis
939 2143 1233 2202 occupatus
1282 2131 1599 2199 nigramque
1653 2129 1858 2181 tardius
1887 2123 2376 2193 eouipreliendeus,

815 2228 1023 2280 videtur
1056 2227 1155 2279 sibi
1191 2224 1396 2277 hiatum
1431 2222 1635 2285 videre,
1658 2220 1799 2288 quod
1825 2235 1920 2287 per
1942 2217 2377 2284 imaginationem

812 2338 840 2371 ιι
873 2320 1028 2387 nigro
1058 2316 1240 2370 colore
1271 2315 1544 2384 obiectam
1577 2312 1790 2365 accidit.

990 2409 1080 2461 95.
1126 2406 1198 2460 De
1234 2405 1593 2474 magnitudine
1622 2401 1768 2462 solis,
1796 2400 1932 2452 (una:
1955 2408 2001 2451 et
2029 2408 2201 2450 terrat.

885 2503 1068 2556 Sol'ad
1099 2514 1296 2554 terram
1324 2514 1389 2551 ex
1422 2495 1728 2550 Aristarchi
1770 2497 1845 2547 rei
1883 2492 2258 2547 astronomica:
2289 2506 2374 2557 pe-

813 2593 1052 2648 ritissimi
1082 2590 1353 2646 sententia
1399 2588 1660 2655 majorem
1695 2587 1963 2638 rationem
1998 2584 2184 2643 habet,
2218 2597 2378 2649 quam

813 2687 992 2739 sexies
1017 2684 1181 2742 mille.
1220 2683 1528 2750 octingenta
1553 2688 1603 2732 et
1630 2677 2050 2741 undesexaginta
2083 2675 2149 2727 ad
2171 2682 2380 2741 septem

815 2793 871 2834 et
902 2779 1112 2849 viginti.
1150 2777 1525 2842 Diameterque
1571 2773 1704 2827 solis
1745 2771 1810 2823 ad
1850 2781 2005 2823 terra:
2058 2768 2380 2821 diametrum

816 2873 1070 2939 majorem
1104 2871 1266 2923 habet
1295 2866 1559 2920 rationem
1589 2881 1750 2934 quam
1779 2861 2116 2930 undeviginti
2164 2861 2231 2913 ad
2257 2860 2378 2912 tria.

819 2968 1086 3018 Praaterea
1111 2963 1380 3015 diamcter
1416 2962 1544 3014 solis
1578 2960 1844 3012 diametro
1874 2956 2015 3009 lunae
2041 2955 2212 3022 major
2235 2954 2383 3022 plus-

816 3068 980 3120 quam
1018 3050 1392 3121 duodeviginti
1424 3049 1650 3103 vicibus.
1696 3047 1759 3100 Et
1793 3048 1872 3100 sol
1901 3047 1964 3099 ad
1993 3045 2173 3098 lunam
2214 3044 2386 3113 majo-

821 3160 931 3196 rem
967 3143 1134 3196 habet
1178 3143 1447 3195 rationem
1477 3156 1637 3209 quam
1690 3139 1977 3209 quinquies
2009 3137 2174 3202 mille,
2211 3136 2384 3190 octin-

2487 1953 2586 2004 λαν
2606 1953 2712 2005 ἔσω
2749 1958 3108 2024 συνειστήκει,
3138 1957 3197 2008 τὸ
3225 1957 3278 2009 δέ
3306 1958 3554 2028 λαμπρὸν
3585 1961 3709 2026 ἔξω.
3743 1961 4055 2031 Τηνικαῦτα

2486 2041 2540 2090 δὲ
2573 2043 2604 2108 ἡ
2640 2043 2758 2109 δζρις
2822 2044 2912 2095 τοῦ
2971 2045 3067 2113 μὲν
3107 2047 3359 2116 λαμπροῦ
3408 2048 3610 2116 μᾶλλον
3660 2051 4056 2118 ιὶιντιλαμιδανο⁴

2492 2133 2647 2201 μένη.
2705 2132 2798 2185 τοῦ
2871 2135 2926 2186 δὲ
2979 2137 3207 2203 μέλανος
3260 2139 3607 2208 βραδύτερον,
3669 2141 3851 2209 χάσμα
3912 2140 4056 2191 δοκεῖ

2488 2227 2639 2294 ὸρᾷν,
2672 2226 2808 2294 ὅπερ
2844 2228 2992 2296 παρὰ
3046 2229 3143 2298 τὴν
3187 2231 3488 2298 φαντασίαν
3531 2231 3622 2283 τοῦ
3658 2233 3882 2298 μέλανος
3914 2233 4052 2302 χρώς

2491 2333 2658 2383 ματος
2693 2318 2922 2382 γίνεται.

2491 2407 2591 2475 ρ’ίῖ
2624 2409 2759 2474 Περὶ
2807 2410 3096 2477 μεγέθους
3127 2413 3302 2478 ἡλίου
3357 2415 3452 2467 καὶ
3486 2414 3755 2479 σελήνης
3786 2417 3879 2466 καὶ
3923 2414 4052 2480 τῆς·

2573 2502 2629 2552 ’0
2657 2503 2808 2571 ἥλιος
2844 2504 2978 2570 πρθις
3006 2503 3103 2572 τὴν
3138 2506 3240 2573 γῆν
3285 2508 3425 2558 κατὰ
3459 2509 3548 2559 τὸν
3579 2507 4053 2576 ἁστρονομικώτα-

2489 2609 2579 2643 τον
2622 2593 2991 2661 Ἀρίσταρχον,
3020 2594 3239 2661 μείζονα
3262 2597 3414 2662 λόγον
3445 2598 3554 2668 ἔχει
3587 2598 3618 2662 ἢ
3650 2599 3707 2649 ὃν
3745 2599 3812 2650 τὰ
3844 2597 4059 2660 ἑξακισ-

2489 2684 2634 2751 χίλια
2693 2685 2986 2736 ὀκτακόσια
3039 2687 3373 2754 πεντήκοντα
3422 2688 3596 2749 ἐννέα,
3631 2691 3766 2757 πρὸς
3816 2690 3882 2742 τὰ
3917 2691 4056 2740 ἑπτὰ

2491 2777 2584 2827 καὶ
2611 2778 2801 2829 εἴκοσι.
2847 2778 2908 2829 Ἥ
2938 2777 2992 2829 δὲ
3015 2779 3304 2848 διάμετρος
3332 2779 3496 2831 αὐτοῦ
3531 2782 3664 2848 πρὸς
3689 2781 3786 2847 τῆς
3812 2783 3913 2848 γῆς
3945 2782 4058 2833 διὰ-

2497 2884 2711 2935 μετρον.
2751 2867 2969 2936 μείζονα
2997 2868 3154 2934 λόγον
3177 2870 3310 2937 ἔχει,
3346 2870 3377 2936 ἢ
3405 2871 3463 2922 ὃν
3495 2871 3560 2922 τὰ
3599 2871 3887 2924 δεκαεννέα
3922 2872 4056 2940 πρδς

2492 2961 2560 3010 τὰ
2596 2961 2738 3026 τρία.
2772 2961 2875 3011 Καὶ
2911 2957 3066 3021 αὖθις
3092 2963 3122 3029 ἡ
3153 2961 3246 3013 τοῦ
3293 2963 3442 3029 ἡλίου
3482 2962 3768 3030 διάμετρος
3804 2963 3900 3028 τῆς
3941 2965 4059 3014 διαο

2496 3047 2692 3118 μέτρου
2727 3050 2823 3118 τῆς
2856 3051 3107 3120 σελήνης,
3162 3052 3364 3118 μείζων
3409 3053 3615 3120 ἐστὶ·ιῆ
3659 3055 4054 3106 ὀκτωκαιδεκα-

2494 3142 2753 3193 πλασίων.
2790 3143 2895 3193 Καὶ
2925 3141 3085 3193 πάλιν
3125 3145 3152 3194 ὁ
3178 3143 3328 3211 ἣλιος
3353 3144 3491 3211 πρὸς
3529 3143 3626 3213 τὴν
3665 3143 3897 3212 σελήνην
3937 3147 4057 3210 μεί-

820 3243 978 3304 genta
1008 3244 1061 3287 et
1085 3235 1306 3304 triginta
1332 3234 1440 3288 duo
1467 3234 1531 3286 ad
1565 3231 1891 3284 uuum.ll:ec
1921 3246 2031 3284 non
2064 3231 2384 3298 simpliciter
2412 3239 2455 3296 ο
2492 3232 2576 3295 ζον

2305 3241 2384 3283 ter
2412 3239 2455 3296 ο
2492 3232 2618 3295 ζονα
2658 3232 2812 3298 λόγον
2859 3232 2990 3300 ἔχει,
3029 3233 3060 3302 ἢ
3115 3232 3173 3284 ὃν
3218 3232 3285 3284 τὰ
3316 3230 3480 3303 ⁴εωλξέον
3512 3235 3643 3300 πρὸς
3679 3234 3756 3285 ἓν.
3796 3234 3978 3286 Ταῦτα
4005 3235 4057 3286 δὲ

819 3329 889 3379 ita
923 3336 976 3380 et
1010 3327 1127 3380 sine
1161 3326 1626 3379 demonstratione
1669 3322 1808 3391 apud
1851 3322 2148 3390 astrologos
2181 3336 2383 3391 propo-

822 3425 1047 3479 n-uitur,
1082 3417 1180 3468 sed
1215 3413 1562 3484 geometricis
1595 3421 1648 3464 et
1686 3409 2006 3463 cettissimis
2048 3410 2385 3462 demonstra-

823 3506 1061 3559 .ionibus
1083 3506 1424 3566 conﬁrmata,
1460 3504 1527 3557 de
1546 3502 1744 3572 quibus
1776 3501 1956 3555 dicere
1987 3515 2094 3554 non
2127 3500 2276 3554 locus
2307 3510 2386 3553 est

818 3599 874 3651 iu
927 3596 1230 3666 przesenti-;
1271 3596 1454 3664 itaque
1507 3593 1643 3654 tibi,
1698 3593 1990 3661 imperator
2031 3591 2384 3654 divinissime,

816 3690 1228 3760 propositiones
1265 3687 1428 3740 hasce
1468 3685 1575 3755 iam
1608 3683 1726 3737 sine
1765 3681 2228 3735 demonstratione
2248 3680 2388 3732 acci-

821 3797 947 3851 pere
976 3782 1105 3834 satis
1148 3780 1315 3833 fuerit
1344 3818 1358 3840 ,
1390 3775 1881 3831 demonstrationes
1906 3783 2082 3826 autem
2114 3772 2218 3826 alio
2254 3781 2387 3824 tem-

821 3887 952 3940 pore
980 3886 1009 3922 a
1037 3884 1123 3922 me
1147 3869 1416 3937 requires.

1305 3962 1394 4015 9ι.
1441 3959 1514 4013 De
1549 3960 1730 4028 eclipu'
1763 3960 1908 4013 solis.

892 4053 1119 4124 Proprie
1146 4052 1290 4106 nulla
1322 4062 1404 4106 est
1445 4051 1574 4105 solis
1613 4050 1831 4120 eclipsis
1852 4091 1865 4115 ,
1898 4063 2073 4118 neque
2104 4047 2248 4102 enim
2294 4059 2389 4101 uu-

823 4165 986 4219 quam
1021 4150 1152 4204 solis
1181 4148 1364 4201 lumen
1396 4148 1743 4208 obscuratur,
1796 4145 1888 4198 sed
1918 4144 2077 4198 modo
2106 4143 2264 4196 nobis
2301 4156 2391 4194 oc-

825 4239 1086 4292 cultatur.
1119 4236 1174 4291 Id
1205 4253 1332 4290 vero
1365 4236 1582 4300 accidit,
1606 4235 1827 4303 quando
1859 4234 1912 4286 in
1936 4233 2092 4285 nodis
2129 4231 2392 4299 ecliptieis

827 4330 953 4382 luna
995 4327 1521 4397 perpendiculariter
1564 4325 1702 4378 infra
1734 4325 1899 4377 solem
1932 4333 2199 4376 versatur.
2257 4321 2391 4375 Cum

825 4421 972 4472 enim
1005 4421 1130 4471 luna
1169 4419 1311 4471 infra
1356 4433 1458 4472 nos
1507 4417 1698 4471 simus.
1730 4417 1816 4467 illa
1851 4415 2024 4468 oculis
2074 4413 2276 4464 nostris
2323 4413 2397 4463 lu-

829 4526 952 4564 men
979 4511 1109 4564 solis
1131 4511 1370 4563 occultat
1395 4525 1458 4563 ac
1488 4509 1756 4562 subducit.
1779 4508 2050 4560 Caeterum
2073 4504 2393 4561 astronomi.

829 4617 1028 4669 corpus
1055 4601 1195 4654 lunm
1223 4602 1508 4654 duodecim
1562 4600 1744 4668 digitis
1785 4609 2161 4651 mensurantes
2183 4637 2196 4659 ,
2228 4596 2397 4648 inter-

829 4693 959 4744 dum
989 4692 1083 4744 toti
1120 4691 1262 4744 illius
1296 4690 1546 4760 corpori,
1577 4690 1848 4742 interdum
1885 4688 2232 4758 paucioribus
2261 4686 2399 4756 digi-

834 4784 905 4836 tis
959 4783 1144 4834 radios
1177 4782 1308 4836 solis
1336 4782 1584 4848 intercipi
1632 4781 1944 4834 observant.
1985 4781 2215 4843 Quando
2256 4781 2401 4831 enim

836 4889 934 4941 per
982 4875 1320 4942 superiorem
1379 4873 1622 4941 apsidcm
1679 4874 1790 4926 sive
1823 4884 2028 4941 partem
2081 4870 2265 4926 circuli
2318 4869 2399 4922 sui

833 4964 933 5016 soli
981 4962 1293 5032 propiorem
1343 4964 1471 5017 luna
1501 4963 1693 5024 fertur,
1725 4962 1914 5032 exigua
1948 4970 2097 5031 parte
2141 4975 2264 5013 eum
2304 4960 2403 5013 oh-

835 5054 1091 5107 umbrare
1123 5053 1380 5118 videtur;
1431 5069 1553 5108 cum
1587 5061 1766 5106 autetn
1821 5052 2133 5107 iu"eriorem
2185 5052 2402 5112 transit,

837 5145 1105 5213 siquidem
1134 5153 1267 5198 tunc
1293 5145 1526 5197 maxima
1554 5145 1760 5198 nostris
1792 5144 1965 5198 oculis
1991 5153 2216 5212 apparet
2255 5143 2399 5206 luna,

838 5246 1010 5289 totmn
1039 5237 1273 5290 obstruit
1299 5237 1493 5291 solem.

1331 5331 1419 5384 95.
1457 5328 1532 5382 De
1565 5331 1738 5396 eclipsi
1772 5332 1927 5386 (una.

911 5419 1104 5476 Deﬁcit
1135 5420 1262 5474 luna
1310 5422 1526 5489 quando
1573 5421 1626 5474 in
1677 5423 1920 5475 umbram
1982 5431 2138 5475 terrae
2195 5421 2402 5474 incidit.

838 5511 1010 5567 Terra
1043 5515 1188 5566 enim
1238 5529 1266 5565 a
1303 5514 1415 5566 sole
1469 5514 1765 5568 illuminata
1817 5513 2062 5567 umbram
2121 5513 2247 5567 facit
2297 5528 2405 5564 non

841 5603 1326 5673 cylindril’ormein.
1352 5603 1465 5658 sive
1496 5605 1672 5674 qualis
1698 5615 1782 5659 est
1809 5605 1976 5672 ﬁgura
2007 5604 2291 5666 columnaz,
2312 5605 2405 5657 sed

843 5711 964 5777 qum
993 5710 1190 5748 conum
1253 5697 1439 5749 refert.
1483 5698 1662 5750 Conus
1712 5712 1874 5765 porro
1908 5699 2021 5750 sive
2069 5697 2287 5749 trochus
2342 5712 2404 5747 ex

844 5789 1032 5842 latiore
1064 5790 1174 5842 basi
1207 5789 1258 5841 iu
1291 5797 1508 5843 acutum
1529 5788 1748 5847 desinit.
1773 5790 2001 5856 talisque.
2035 5796 2192 5840 terra!
2219 5788 2406 5840 umbra

2487 3325 2584 3389 οὐχ
2647 3322 2832 3383 ἁπλῶς
2897 3323 3067 3382 οὕτως
3120 3321 3215 3373 καὶ
3265 3322 3667 3385 ἀναποδείκτως

3737 3341 3809 3373 πα
3822 3323 3887 3390 pit
3947 3327 4058 3383 τοῖς

2488 3413 2837 3479 ἀστρολόγοις
2888 3412 3252 3482 προτείνεται,
3298 3412 3432 3465 ἀλλὰ
3485 3413 3624 3482 μετᾶ
3658 3415 4052 3481 γεωμετρικῶν

2491 3505 2583 3556 καὶ
2613 3503 3084 3574 ἁναντιρῥητικῶν
3117 3503 3464 3566 ἀποδείξεων.
3505 3504 3637 3572 Περὶ
3675 3497 3749 3555 ὧν
3776 3505 3836 3557 οὗ
3873 3504 4062 3572 καιρὸς

2498 3594 2590 3646 νῦν
2639 3595 2835 3662 λέγειν,
2869 3593 3002 3646 ἀλλὰ
3035 3596 3120 3658 σὺ,
3169 3593 3410 3646 θειότατε
3445 3594 3688 3662 βασιλεῦ,
3730 3599 3796 3648 τὰ
3830 3595 4063 3663 προϐλή-

2499 3703 2645 3753 ματα
2681 3686 3083 3747 ἀναποδείκτως
3117 3703 3174 3737 τε
3219 3686 3292 3748 ὡς
3347 3685 3672 3753 δεξάμενος,
3703 3687 3798 3747 τὰς
3850 3685 4061 3737 ἀποδεί-

2496 3778 2606 3840 ξεις
2647 3777 2873 3846 ὕστερον
2901 3777 3149 3846 ἐπιζήτει
3190 3793 3277 3843 με.

2844 3952 2940 4020 ρδ⁹.
2980 3952 3116 4017 Περὶ
3149 3950 3478 4016 ἐκλείψεως·
3511 3947 3712 4014 ἡλίου.

2563 4044 2638 4095 Οὐ
2673 4042 2878 4110 κυρίως
2907 4040 3145 4108 ἔκλειψις
3180 4041 3273 4093 ἐπὶ
3299 4039 3390 4091 τοῦ
3422 4039 3574 4108 ἡλίου
3600 4038 3829 4105 γίνεται.
3860 4039 3935 4091 Οὐ
3961 4039 4067 4107 γὲρ

2497 4133 2742 4184 ἐκλείπει
2785 4132 2912 4182 ποτε
2961 4132 3019 4183 τὸ
3073 4131 3296 4198 ἡλιακὸν
3349 4128 3482 4196 φῶς,
3528 4128 3643 4179 ἀλλ’
3689 4130 4066 4198 ἐπισκότησις.

2508 4227 2902 4278 Ἐπισκοτείται
2949 4224 3004 4276 δὲ
3032 4262 3047 4286 ,
3096 4225 3222 4275 ὅταν
3270 4223 3328 4273 ἐν
3377 4223 3490 4283 τοῖς
3547 4221 3910 4282 ἐκλειπτικοῖς
3947 4237 4070 4272 συν-

2495 4315 2712 4386 δέσμοις
2748 4316 2890 4368 κατὰ
2921 4315 3148 4366 κάθετον
3175 4311 3321 4381 αὐτῷ
3357 4313 3388 4381 ή
3420 4312 3617 4380 σελήνη
3649 4313 3895 4380 γένηται.
3936 4311 4070 4362 ’Υπδ

2501 4410 2705 4475 ταύτην
2732 4410 2838 4474 γὰρ
2872 4405 3161 4458 οἰκούντων
3189 4404 3367 4472 ἡμῶν,
3410 4402 3720 4464 ἐπισκιάζει
3754 4404 3864 4463 τοῖς
3889 4402 4072 4470 ὄμμα-

2511 4517 2592 4550 σιν
2624 4498 2778 4567 ἡμῶν
2807 4498 2867 4548 τὸ
2893 4495 3116 4564 ἡλιακὸν
3140 4494 3274 4561 φῶς.
3309 4493 3455 4560 Πλὴν
3483 4490 3689 4544 δώδεκα.
3709 4490 3986 4552 δακτύλοις
4011 4491 4071 4541 τὸ

2511 4589 2670 4657 σῶμα
2709 4587 2807 4654 τῆς
2866 4586 3094 4654 σελήνης
3132 4581 3548 4651 διαμετροῦντες
3593 4581 3643 4632 οἱ
3705 4581 4025 4647 ἀστρονόμοι
4052 4617 4066 4637 ,

2504 4682 2617 4731 ἐστι
2653 4681 2748 4748 μὲν
2777 4680 2864 4730 ὅτε
2898 4677 2973 4746 τῷ
3003 4677 3107 4743 ὃλῳ
3132 4676 3226 4742 τῆς
3250 4675 3478 4741 σελήνης
3533 4673 3744 4740 σώματι
3772 4671 3873 4732 τὰς
3911 4672 4067 4738 ἡλια-

2509 4772 2607 4832 κὰς
2653 4771 2826 4836 αὐγὰς
2880 4766 3353 4833 ἁντιφράττουσιν,
3410 4764 3523 4815 ἔστι
3575 4763 3630 4814 δὲ
3687 4765 3773 4814 ὅτε
3825 4761 4072 4814 ἐλάττοσι

2510 4864 2767 4914 κτοὺτων.
2810 4861 2940 4910 ’Ὀτε
2978 4858 3078 4927 μὲν
3110 4858 3216 4925 γὰρ
3243 4856 3336 4924 τὴν
3368 4854 3702 4924 ὑψηλοτέραν
3733 4853 3896 4920 ἁψῖδα
3933 4854 3964 4920 ἡ
3995 4869 4074 4904 σεο

2505 4956 2638 5021 λήνη
2679 4952 2900 5022 φέρεται
2955 4951 3049 5002 καὶ
3099 4950 3196 5016 τὴν
3244 4947 3569 5014 ἐγγίζουσαν
3611 4945 3882 5014 τῷ-ἠλί⁴⁹’
3910 4944 4074 5012 ὀλίγῳ

2512 5047 2664 5114 μέρει
2695 5045 2842 5095 δοκεῖ
2882 5041 3068 5092 τοῦτον
3109 5037 3491 5100 ἐπισκιάζειν·
3526 5037 3651 5088 ὅταν
3676 5034 3731 5088 δέ
3773 5034 4074 5105 κατώτερον

2506 5138 2719 5198 δίεισιν,
2758 5133 2946 5200 ἐπειδὴ
2982 5130 3287 5200 εὐμεγέθης
3337 5127 3638 5195 τηνικαῦτα
3684 5131 3794 5188 τοῖς
3831 5128 4074 5194 ὄμμασιν

2511 5230 2666 5300 ἡμῶν
2713 5227 2997 5298 ἐμπίπτει,
3046 5226 3258 5278 ᾶπαντα
3289 5225 3379 5277 τὸν
3415 5224 3565 5291 ἦλιον
3599 5222 4003 5290 ἀντιφράττειν.

2790 5317 2892 5386 με’.
2950 5318 3086 5384 Περὶ
3141 5316 3466 5382 ἐκλείψεως
3493 5311 3795 5377 σελήνης.

2591 5414 2862 5466 Ἐκλείπει
3015 5411 3212 5479 σελήνη
3262 5411 3338 5468 εἰς
3386 5407 3446 5458 τὸ
3475 5406 3573 5473 τῆς
3614 5402 4076 5472 γῆςέμπίπτουσα

2511 5509 2752 5574 σκίασμα
2778 5521 2790 5532 ⁸
2823 5504 3162 5572 φωτιζομένη
3187 5504 3294 5571 γὰρ
3319 5501 3422 5554 ὑπὸ
3446 5501 3537 5553 τοῦ
3562 5498 3713 5568 ἡλίου
3737 5500 3768 5565 ὴ
3799 5500 3892 5564 γῆ,
3924 5495 4078 5546 σκιὰν

2511 5602 2674 5663 ποιεῖ,
2706 5598 2818 5652 ἀλλ’
2844 5598 2901 5649 οὐ
2933 5595 3304 5663 κυλινδρικὴν,
3335 5588 3444 5645 οἷον
3474 5592 3534 5643 τὸ
3588 5591 3680 5643 τοῦ
3737 5591 3912 5648 κίονος
3963 5589 4078 5638 ἐστι

2514 5697 2721 5762 σχῆμα.
2751 5691 2882 5744 ἀλλὰ
2904 5689 3182 5756 κωνοειδῆ.
3208 5687 3392 5748 Κῶνος
3411 5685 3464 5736 δὲ
3497 5686 3522 5736 ὁ
3548 5681 3823 5754 στρόὸιλος
3842 5681 4075 5742 λέγεται.

2512 5788 2655 5846 ὅστις
2680 5783 2784 5836 ἀπὸ
2821 5781 3078 5842 πλατείας
3136 5780 3342 5840 βάσεως
3371 5780 3444 5838 είς
3489 5775 3580 5838 ὀξὺ
3616 5773 3900 5839 ἀπολήγει.
3963 5770 4080 5819 Τοι-
