4446 6446
396 442 501 505 745

1512 424 1604 482 DE
1645 411 2073 478 OMNIFARM
2110 414 2515 475 DOCTRIN.\.

3531 406 3635 468 7l6

400 556 538 622 αὕτη
598 552 654 604 δὲ
683 552 715 619 ἠ
750 548 848 615 τῆς
884 548 985 617 γῆς
1028 546 1147 597 ἐστι
1196 542 1339 596 σκιά.
1394 540 1537 592 Διότι
1568 538 1694 590 ὅταν
1722 552 1773 588 τι
1812 532 1967 603 σῶμα
2002 539 2039 591 Α
2072 542 2154 585 cst

1879 550 1967 603 »μα
2002 539 2039 591 Α
2072 542 2172 585 est.
2206 530 2340 584 Nam
2374 533 2587 598 quando
2617 532 2684 585 ab
2739 529 2958 599 aequalis
2986 527 3370 600 magnitudinis
3408 538 3635 595 corpore

400 648 505 700 ὑπὸ
582 640 932 711 ἱσομεγέθους
983 637 1285 708 φωτίζηται
1323 635 1594 703 σώματος,
1652 624 1967 696 κυλινδρικὴ

398 736 660 806 γίνεταιὴ
696 734 857 786 σκιά·
887 732 1015 783 ὅταν
1071 728 1128 781 δὲ
1179 728 1282 780 ὑπὸ
1336 725 1611 796 μείζονος,
1656 719 1964 789 κωνοειδής.

400 825 621 889 Μείζων
647 820 739 875 οῦν
759 823 786 874 ὁ
814 821 966 890 ἥλιος
996 820 1092 888 τῆς
1117 818 1218 886 γῆς
1251 816 1345 879 ὢν,
1382 815 1473 867 καὶ
1503 812 1750 882 φωτίζων
1775 808 1968 877 αὐτὴν,

403 917 638 982 κωνικὴν
671 914 814 964 ποιεῖ
849 910 946 980 τὴν
975 911 1151 963 σκιάν.
1190 908 1361 960 Ὅταν
1394 905 1486 959 οὖν
1508 906 1587 965 είς
1610 904 1669 955 τὸ
1713 900 1814 972 τῆς
1868 900 1969 969 γῆς

405 1007 648 1073 σκίασμα
680 1003 713 1070 ἠ
764 1001 960 1071 σελήνη
1004 999 1240 1068 ἐμπέσῃ,
1273 995 1496 1067 ἀμαυρὰ
1535 996 1667 1063 ἡμῖν
1723 992 1971 1061 φαίνεται

405 1099 499 1148 καὶ
529 1089 643 1146 οἷον
684 1094 1034 1147 ἐκλείπουσα.
1066 1089 1174 1143 Καὶ
1223 1090 1350 1142 ὅταν
1382 1088 1481 1157 μὲν
1537 1088 1616 1150 είς
1664 1086 1763 1156 τὴν
1814 1084 1971 1156 ῥίζαν

406 1186 618 1258 ἐμπέσῃ
644 1189 741 1257 τῆς
774 1186 949 1247 σκιᾶς,
984 1183 1201 1246 τελείως
1255 1182 1516 1234 ἐκλείπει.
1567 1180 1734 1232 Ὅταν
1780 1178 1838 1233 δὲ
1893 1178 1973 1240 είς

404 1278 502 1347 τὴν
560 1276 847 1348 κορυφὴν,
890 1273 1254 1344 ἀμυδροτέρα,
1306 1272 1438 1325 διότι
1488 1272 1589 1341 τῆς
1659 1269 1972 1332 κωνοειδοῦς

408 1370 564 1431 σκιᾶς
594 1369 627 1437 ἠ
672 1367 769 1437 μὲν
804 1365 959 1436 βάσις
1002 1364 1331 1435 πλατυτέρα,
1392 1364 1426 1434 ἡ
1461 1362 1517 1415 δὲ
1577 1360 1787 1429 κορυφὴ
1842 1360 1973 1430 βρα-

408 1458 628 1527 χυτέρα.

812 1551 926 1613 ιις⁹ο
974 1549 1044 1600 El
1067 1547 1279 1615 θερμὸς
1311 1548 1343 1599 ὀ
1372 1546 1562 1614 ἣλιος.

483 1638 704 1693 Πλάτων
742 1638 840 1708 μὲν
869 1637 1013 1691 ἅπαν
1041 1638 1101 1688 τὸ
1132 1635 1371 1707 αἰθέριον
1399 1638 1557 1706 σῶμα
1581 1640 1645 1689 ἐκ
1679 1634 1851 1705 πυρὸς
1881 1637 1975 1688 καὶ

409 1733 511 1801 γῆς
542 1732 635 1784 καὶ
662 1729 771 1782 τῶν
799 1728 1000 1798 ἐτέρων
1050 1727 1144 1780 δύο
1193 1728 1472 1796 στοιχείων
1528 1726 1971 1791 κατασκευάζων,

409 1822 636 1882 εἰκότως
673 1818 737 1871 ἂν
760 1819 887 1889 εἴπῃ
921 1817 1122 1888 θερμὸν
1148 1817 1239 1869 τὸν
1266 1817 1440 1885 ἥλιον.
1496 1817 1868 1887 Ἀριστοτέλης
1918 1817 1974 1870 δὲ

411 1912 597 1979 ἕτερον
633 1910 783 1979 παρὰ
822 1910 889 1961 τὰ
924 1909 1160 1976 στοιχεῖα
1189 1907 1248 1959 τὸ
1286 1908 1523 1961 τοιοῦτον
1577 1910 1736 1978 σῶμα
1780 1907 1969 1973 τιθεὶς,

410 1998 532 2051 οὔτε
585 1998 783 2068 θερμὸν
832 1998 978 2063 λέγει
1038 1996 1127 2049 τὸν
1180 1996 1349 2066 ἥλιον,
1383 1995 1687 2066 οὔτ’ᾶλλην
1722 1998 1973 2067 ποιότητα

412 2091 621 2159 ἔχοντα.
656 2089 813 2141 Εἴποι
830 2086 874 2139 δ’
890 2086 955 2140 ἂν
987 2087 1358 2158 ἐρωτώμενος,
1385 2087 1510 2149 Πῶς
1549 2088 1622 2158 μὴ
1653 2089 1850 2158 θερμὸς
1902 2089 1976 2141 ὢν

412 2180 727 2251 θερμαίνει;
758 2179 879 2233 Ὀτι
905 2180 1219 2247 κινούμενος
1262 2178 1321 2231 τὸ
1362 2179 1687 2249 ὑπέκκαυμα
1714 2183 1857 2233 ποιεί
1884 2180 1977 2231 καὶ

411 2273 502 2324 τὸν
529 2272 801 2342 περίγειον
830 2272 988 2341 ἀέρα,
1014 2270 1305 2323 κάντεῦθεν
1339 2271 1670 2341 θερμότητος
1710 2271 1806 2340 τῆς
1834 2272 1977 2340 έὺπο-

413 2365 671 2433 κειμένης
714 2364 1044 2417 καθίσταται
1089 2364 1282 2427 αἴτιος.
1334 2364 1438 2416 Τοῦ
1474 2364 1531 2417 δὲ
1557 2364 1977 2433 ὑπεκκαύματος

415 2461 508 2507 και
531 2456 630 2518 τὴν
658 2456 816 2521 φύσιν
858 2456 953 2507 καὶ
986 2456 1045 2506 τὸ
1093 2454 1285 2524 ὄνομα,
1326 2456 1485 2517 αὐτὸς
1527 2455 1745 2524 πρῶτος
1779 2456 1976 2525 ἐφεῦρε

416 2547 506 2596 καὶ
530 2544 833 2613 ὠνόμασεν.
866 2544 1229 2614 ’Υπέκκαυμα
1262 2542 1354 2599 οὖν
1381 2546 1534 2612 λέγει
1575 2546 1671 2614 τὴν
1731 2548 1977 2616 ἀναπεμ-

414 2638 654 2706 πομένην
678 2638 783 2690 ἀπὸ
812 2638 909 2707 τῆς
937 2640 1040 2709 γῆς
1064 2638 1423 2707 ἀναθυμίασιν
1443 2638 1647 2709 θερμὴν
1670 2641 1764 2693 καὶ
1788 2640 1848 2710 ξη
1860 2642 1976 2709 ράν,

415 2731 506 2781 καὶ
526 2722 635 2780 οἷον
664 2731 941 2799 καπνώδη.
972 2730 1118 2800 Αὕτη
1146 2727 1238 2783 οὖν
1281 2734 1311 2800 ὴ
1355 2731 1641 2801 καπνώδης
1679 2734 1982 2801 ἀναθυμίαο

418 2835 499 2879 σις
549 2820 709 2888 μέχρι
760 2821 859 2890 τῆς
902 2820 1130 2891 σελήνης
1169 2823 1481 2891 ἀναγομένη
1520 2821 1609 2873 διὰ
1650 2823 1978 2893 κουφότητα,

416 2904 537 2962 εἶτα
564 2912 855 2990 κινουμένη
877 2913 1014 2964 κατά
1042 2912 1204 2981 μέρος
1222 2912 1443 2975 ἐξάπτει
1474 2911 1563 2963 καὶ⁵
1584 2912 1659 2972 ὡς
1694 2912 1805 2979 πῦρ
1851 2914 1979 2979 φαί-

420 3015 590 3062 νεται,
617 2999 710 3051 καὶ
746 3000 1026 3069 θερμαίνει
1056 2999 1154 3068 τὴν
1183 2998 1548 3067 ὑποκειμένην
1599 2999 1801 3052 οὐσίαν.
1857 3001 1978 3053 Ὅτι

422 3090 478 3141 δὲ
509 3095 538 3157 η
570 3090 779 3156 κίνησις
805 3088 1113 3159 θερμότητα
1130 3092 1290 3149 ποιεῖ,
1309 3087 1553 3156 δηλοῦσιν
1587 3090 1641 3139 al
1677 3089 1855 3151 ἀκίδες
1874 3090 1980 3142 τῶν

2069 624 2298 676 alterum
2331 621 2688 686 illuminatur,
2722 622 2914 675 umbra
2946 620 3124 689 prodit
3150 618 3464 688 eylindrica,
3497 626 3553 670 at
3584 615 3631 670 si

2071 732 2098 767 a
2149 714 2375 781 majore,
2428 712 2765 767 eoniformis.
2798 714 2916 768 Jam
2949 712 3123 779 major
3174 711 3358 779 utique
3410 716 3495 763 est
3552 708 3633 762 sol

2073 804 2284 865 tellure,
2308 804 2469 874 igitur
2497 804 2625 858 dum
2654 818 2774 857 eam
2796 804 3083 865 illuminat,
3113 800 3358 855 conicam
3389 800 3635 854 umbram

2071 899 2252 953 ellicit.
2281 897 2509 963 Quando
2542 895 2702 966 igitur
2730 895 2783 948 in
2812 903 2968 948 terra:
3001 894 3246 947 umbram
3272 890 3462 945 incidit
3483 891 3632 954 luna,

2072 992 2302 1044 obseura
2332 993 2390 1043 {It
2415 1006 2475 1044 ac
2500 990 2665 1043 veluti
2693 987 2971 1042 deficiens.
2994 984 3059 1037 Et
3079 984 3293 1054 quando
3318 985 3372 1038 in
3400 983 3632 1037 radicem

2074 1081 2189 1134 sive
2223 1082 2537 1134 inferiorem
2575 1080 2776 1133 umbra:
2806 1079 2998 1133 incidit
3024 1087 3253 1146 partem,
3296 1076 3481 1132 deficit
3502 1083 3635 1129 tota.

2075 1169 2143 1223 At
2198 1170 2417 1239 quando
2457 1170 2509 1223 in
2542 1178 2748 1239 partem
2799 1183 3128 1238 supremam,
3200 1176 3328 1220 tunc
3366 1184 3475 1221 non
3528 1174 3638 1219 tota

2074 1262 2414 1323 obscuratur,
2478 1260 2916 1331 quandoquidem
2980 1260 3033 1313 in
3100 1259 3387 1314 eoniformi
3448 1259 3637 1312 umbra

2072 1353 2219 1407 basis
2250 1353 2428 1415 latior,
2456 1350 2726 1420 fastigium
2752 1348 3036 1420 angustius
3070 1349 3400 1419 breviusque
3428 1357 3532 1402 est.

2458 1531 2548 1585 96.
2594 1530 2737 1583 Num
2767 1531 2843 1582 sol
2882 1533 2947 1584 sit
2978 1529 3223 1583 calidus?

2147 1624 2297 1678 l’lato
2334 1624 2425 1692 qui
2452 1638 2613 1678 omne
2651 1621 2871 1676 caeleste
2906 1636 3103 1690 corpus
3132 1619 3380 1691 exigue,
3412 1629 3552 1675 terra
3584 1631 3640 1675 et

2076 1714 2290 1769 duobus
2321 1712 2530 1766 ca‘teris
2580 1711 2863 1765 elementis
2914 1708 3213 1778 componit,
3244 1710 3440 1764 merito
3467 1711 3639 1769 solem

2080 1804 2312 1858 calidum
2345 1802 2710 1856 atlirmaverit.
2780 1801 2849 1853 At
2884 1799 3201 1853 Aristoteles
3251 1800 3397 1875 aliud
3445 1811 3641 1870 praeter

2077 1895 2165 1949 illa
2197 1896 2465 1949 elementa
2496 1909 2693 1961 corpus
2747 1894 2884 1945 coelo
2929 1892 3212 1957 tribuens,
3254 1906 3357 1947 nec
3408 1893 3639 1947 calidum

2078 2004 2198 2043 esse
2234 2002 2335 2039 nec
2370 1987 2475 2039 alia
2508 1984 2598 2039 tali
2623 1984 2882 2053 qualitate
2903 1984 3182 2053 praaditum
3214 1985 3461 2039 allirmat.
3484 1985 3642 2050 Quod

2078 2082 2121 2135 si
2178 2078 2609 2147 dixeritaliquis.
2644 2079 2926 2144 Quomodo
2970 2078 3152 2148 igitur,
3186 2078 3231 2131 si
3277 2078 3483 2132 calidus
3530 2093 3640 2131 non

2078 2182 2179 2233 est,
2221 2172 2500 2226 calefacit?
2556 2171 2864 2240 respondet,
2908 2171 3051 2240 quod
3103 2170 3232 2225 dum
3282 2180 3530 2224 movetur
3559 2170 3639 2224 sol

2079 2266 2275 2318 excitat
2299 2266 2655 2329 ὑπέκκαυμα,
2675 2262 2789 2315 sive
2825 2261 3139 2330 fuliginosos
3160 2276 3407 2330 vapores,
3427 2276 3642 2315 aerem-

2079 2370 2184 2424 que
2210 2355 2447 2407 vicinum
2473 2361 2650 2414 terrm,
2694 2360 2853 2419 atque
2901 2350 3026 2405 inde
3070 2351 3263 2405 caloris
3293 2350 3519 2419 subjecti
3560 2360 3644 2404 est

2081 2456 2288 2499 auctor.
2335 2444 2695 2511 ’Υπέκκαυμα
2740 2442 2907 2495 veluti
2956 2441 3200 2495 fomitem
3258 2440 3489 2496 ﬂamma:
3517 2457 3648 2497 con-

2081 2538 2345 2607 eipicudae
2400 2538 2608 2604 primus
2644 2536 2779 2589 dixit
2823 2547 2878 2589 et
2913 2546 3162 2588 naturam
3197 2537 3317 2604 ejus
3359 2535 3646 2604 explicavit

2081 2626 2419 2688 Aristoteles,
2458 2624 2765 2693 intelligens
2818 2638 2913 2692 per
2946 2622 3088 2674 illam
3115 2636 3344 2690 vapores
3392 2637 3456 2676 ex
3501 2631 3642 2676 terra

2087 2719 2413 2787 prodeuntes
2448 2716 2652 2769 calidos
2682 2716 2965 2782 siccosque
3010 2729 3072 2767 ac
3105 2714 3271 2767 veluti
3302 2713 3646 2782 fuliginosos,

2082 2793 2172 2879 qui
2200 2810 2266 2863 ad
2290 2809 2473 2862 lunam
2503 2822 2671 2875 usque
2699 2814 2921 2874 propter
2944 2805 3217 2859 levitatem
3262 2820 3414 2859 suam
3466 2804 3651 2859 ferun-

2085 2911 2190 2964 tur,
2218 2910 2379 2969 atque
2401 2901 2530 2953 moti
2562 2906 2617 2951 et
2639 2897 2820 2967 agitati
2853 2912 2918 2949 ex
2948 2906 3101 2965 parte
3134 2895 3566 2959 succenduntur,
3592 2905 3649 2951 et

2086 2991 2224 3061 ignis
2290 2992 2458 3043 instar
2512 2996 2776 3057 apparent
2823 3002 2885 3041 ac
2944 2987 3242 3055 subiectam
3291 2987 3647 3040 substantiam

2086 3079 2431 3135 calefaciunt.
2464 3077 2619 3142 Quod
2646 3092 2772 3130 vero
2796 3085 2976 3129 motus
3006 3077 3242 3129 calorem
3275 3085 3523 3147 generet,
3551 3076 3649 3129 do-

427 3180 614 3249 βελῶν·
648 3182 713 3249 τῇ
731 3180 837 3250 γὰρ
862 3179 1072 3249 κινήσει
1096 3178 1280 3231 λύουσι
1308 3177 1399 3230 τδν
1428 3180 1774 3248 ἐπικείμενον
1797 3182 1978 3245 αὐτοῖς
2004 3192 2048 3253 C
2084 3186 2182 3226 C0“

1892 3185 1978 3245 ςοῖς
2004 3192 2048 3253 C
2084 3180 2210 3226 cent
2233 3170 2317 3223 vel
2341 3168 2658 3237 sagittarum
2686 3167 2937 3233 cuspides
2959 3209 2972 3232 ,
3011 3167 3278 3235 siquidem
3308 3178 3488 3222 motus
3509 3168 3648 3223 cele-

427 3268 688 3338 μόλιϐδον.

703 3362 808 3425 ιζ’.
869 3361 963 3425 Τίς
985 3361 1023 3428 ἡ
1054 3362 1234 3413 οὐσία
1269 3359 1387 3415 τῶν
1413 3362 1698 3431 ἀστέρων.

490 3453 714 3505 Πάντων
759 3451 868 3503 τῶν
930 3451 1173 3520 ἀστέρων
1225 3452 1333 3504 τῶν
1387 3452 1450 3503 τέ
1502 3469 1564 3519 γε
1609 3453 1862 3505 ἀπλανῶν
1894 3455 1983 3505 καὶ

425 3542 707 3611 πλανητῶν
740 3542 879 3594 κατὰ
910 3542 1009 3611 μὲν
1045 3542 1306 3596 Πλάτωνα
1349 3543 1447 3609 μία
1467 3542 1644 3605 οὐσία,
1680 3545 1713 3612 ἡ
1762 3544 1982 3611 διαυγε-

428 3632 589 3698 στέρα
620 3629 724 3681 τῶν
765 3630 1044 3698 στοιχείων
1086 3630 1263 3700 μερὶς,
1298 3634 1389 3682 καὶ
1419 3632 1477 3681 τὸ
1507 3627 1617 3682 οἷον
1670 3630 1984 3700 ὲξάφρισμα

419 3719 624 3771 τούτων
651 3758 663 3779 ,
703 3720 840 3771 κατὰ
893 3720 951 3771 δὲ
989 3721 1421 3790 Ἀριστοτέληνή
1458 3721 1666 3773 ἐπίνοια
1720 3722 1813 3773 τοῦ
1847 3721 1984 3791 πέμ-

421 3826 554 3863 πτου
593 3811 861 3880 σώματος.
903 3812 974 3863 Οὐ
1005 3812 1111 3880 γὰρ
1168 3811 1479 3880 ὲξονομάζει
1521 3813 1618 3880 τὴν
1660 3812 1846 3865 οὐσίαν
1889 3814 1986 3865 αὑο

422 3902 530 3953 τῶν
559 3942 572 3964 ,
605 3902 740 3954 ἁλλά
784 3903 874 3954 τὸν
902 3903 1076 3955 πάντα
1126 3902 1373 3972 οὐρανὸν,
1428 3904 1518 3954 καὶ
1578 3903 1702 3965 τοὺς
1749 3905 1984 3972 ἀστέρας

423 3996 664 4056 ἅπαντας
692 3994 779 4046 διὰ
799 3995 896 4063 τὴν
930 3994 1181 4063 διάφορον
1212 3995 1425 4063 κίνησιν
1454 3995 1587 4063 πρὸς
1617 3996 1686 4046 τὰ
1746 3997 1984 4063 στοιχεῖα

421 4091 488 4139 τα
517 4089 779 4156 τέσσαρα,
812 4086 1061 4154 πέμπτον
1090 4086 1249 4153 σῶμα
1273 4086 1446 4138 καλεῖ.
1505 4085 1624 4139 Τῶν
1648 4086 1703 4138 δὲ
1733 4089 1983 4155 συμπάν-

423 4196 527 4233 ml
556 4179 821 4246 ἀστέρων,
851 4178 986 4229 ὲπτά
1014 4178 1172 4246 μόνον
1195 4177 1334 4229 εἰσὶν
1366 4179 1414 4230 oi
1441 4178 1701 4247 πλανῆται
1727 4219 1740 4241 ,
1783 4178 1985 4248 κυρίως

422 4270 479 4320 δὲ
509 4270 688 4332 πέντε,
730 4270 757 4320 ὁ
794 4268 903 4336 γὰρ
930 4267 1079 4336 ἦλιος
1101 4269 1193 4320 καὶ
1223 4269 1253 4337 ἡ
1285 4268 1477 4339 σελήνη
1506 4270 1565 4322 οὑ
1593 4270 1983 4341 πεπλάνηνται,

426 4356 539 4407 ἀλλ’
565 4359 612 4408 οἱ
652 4358 833 4419 πέντε,
869 4356 961 4409 διὰ
1015 4357 1074 4409 τὸ
1098 4357 1272 4410 δοκεῖν
1325 4358 1592 4425 ίστᾶσθαι,
1635 4362 1729 4414 καὶ
1778 4361 1987 4414 ὑποπο-

424 4445 611 4508 δίζειν,
639 4446 903 4515 πλανῆται
926 4444 1336 4515 ὠνομάσθησαν.

429 4625 536 4690 κη’.
566 4619 701 4686 Περὶ
724 4618 831 4685 τῆς
861 4617 979 4671 τῶν
1000 4618 1267 4686 ἀστέρων
1302 4618 1489 4687 φορᾶς
1526 4621 1624 4675 καὶ
1667 4624 1982 4693 κινήσεως.

500 4713 564 4763 Οἱ
592 4713 688 4780 μὲν
736 4710 993 4773 ἀπλανεῖς
1033 4712 1257 4781 ἀστέρες
1301 4711 1539 4777 ἅπαντες
1600 4716 1985 4787 ὲστηριγμένοι

426 4804 687 4867 ὅντες,ὼς
703 4803 1079 4875 Ἀριστοτέλης
1102 4808 1255 4875 φησὶ,
1284 4805 1378 4857 καὶ
1427 4807 1504 4876 τῷ
1531 4807 1742 4878 οὐρανῷ
1770 4811 1987 4879 ἀμετα-

431 4895 597 4956 θέτως
658 4895 1102 4962 συγκινούμενοι,
1156 4896 1450 4966 ἐπειδήπερ
1516 4892 1671 4962 οὗτος
1738 4900 1796 4965 ἐξ
1854 4902 1988 4955 ἁνα-

429 4984 595 5036 τολῶν
637 4986 714 5047 εἰς
736 4986 944 5054 δυσμάς
975 4986 1232 5053 φέρεται,
1273 4986 1368 5055 τὴν
1409 4990 1574 5058 αὐτὴν
1608 4990 1702 5043 καλ⁵
1728 4985 1870 5045 οὗτοι
1912 4993 1988 5064 τῷ

424 5076 640 5144 οὐρανῷ
664 5076 933 5129 κινοῦνται
968 5079 1207 5147 κίνησιν.
1232 5080 1294 5131 Οἱ.
1334 5079 1390 5131 δὲ
1455 5079 1715 5149 πλανῆται
1757 5084 1843 5138 διὰ
1892 5085 1988 5155 τὴν

429 5168 703 5219 ἀντίθετον
735 5170 1041 5237 ἀντέρεισιν
1074 5170 1169 5222 καὶ
1202 5171 1655 5239 ίσόσταθμονηὺπὸ
1689 5180 1822 5245 σοφῇ
1855 5195 1987 5247 προ-

430 5261 567 5327 νοίς,
600 5260 683 5311 ἵνα
711 5260 784 5329 μὴ
813 5260 1068 5330 σύρίοηξις
1112 5262 1215 5313 ὑπὸ
1241 5263 1346 5315 τῶν
1399 5265 1575 5316 αὐτῶν
1633 5268 1988 5338 καταδρόμων

430 5353 522 5403 καὶ
548 5352 891 5420 κυλισμάτων
918 5352 1161 5419 γένηται,
1194 5357 1329 5406 κατὰ
1371 5356 1467 5425 τὴν
1507 5359 1640 5409 ἰδίαν
1701 5362 1790 5411 καὶ
1834 5379 1988 5427 φυσι-

430 5444 531 5510 κὴν
561 5443 771 5511 κίνησιν
802 5444 1088 5506 ἐκδόσεως
1141 5447 1217 5506 είς
1262 5448 1524 5517 ἀνατολὴν
1568 5450 1837 5519 φέρονται.
1895 5455 1989 5505 Κι-

435 5532 644 5585 νοῦνται
666 5532 720 5584 δὲ
750 5536 837 5584 καὶ
872 5534 931 5594 ἐξ
968 5535 1239 5587 ἀνατολῶν
1274 5538 1351 5598 είς
1379 5538 1550 5606 δύσιν,
1593 5540 1722 5592 ἀλλὰ
1768 5544 1847 5612 τῷ
1898 5547 1987 5597 οὒ-

436 5623 582 5693 ρανῷ
609 5626 1158 5694 συμπεριφερόμενοι·
1191 5628 1312 5680 ὅθεν
1343 5631 1369 5681 ὁ
1419 5630 1559 5698 ἣλιος
1592 5636 1729 5685 κατά
1761 5636 1856 5703 μὲν
1889 5639 1987 5706 τὴν

438 5714 571 5767 ἰδίαν
602 5717 834 5784 κίνησιν,
866 5717 1134 5785 τέσσαρας
1170 5717 1317 5788 ὥρας
1357 5723 1550 5790 πλῆροι
1581 5726 1673 5777 τοῦ
1714 5729 1984 5792 ὲνωυτυῦ,

434 5807 529 5861 νίν
554 5808 648 5877 μὲν
664 5805 894 5876 βόρειος,
914 5810 1008 5860 νῦν
1028 5810 1083 5862 δὲ
1100 5812 1267 5875 νότιος
1284 5812 1619 5879 κινούμενος·
1641 5819 1771 5872 καθὸ
1795 5820 1845 5873 δὲ
1869 5839 1990 5890 συγ-

787 5908 1051 5969 Ριτιωι..
1097 5915 1210 5970 Gn.
1259 5911 1501 5977 CXXII.

2088 3262 2247 3313 ritate
2279 3259 2558 3327 plumbum
2587 3259 2691 3311 illis
2723 3258 3036 3325 impositum
3068 3258 3295 3325 liquelit.

2341 3351 2432 3405 97.
2478 3349 2663 3413 Qualis
2688 3350 2754 3403 sit
2779 3357 3041 3401 astrorum
3065 3349 3355 3401 substantia
3372 3350 3398 3402 Ρ

2155 3444 2405 3499 Omnium
2444 3443 2683 3495 siderum
2718 3441 3095 3504 inerrantium,
3123 3441 3529 3511 errantiumquc
3558 3456 3647 3498 se-

2086 3536 2326 3592 cundum
2357 3532 2635 3587 Platonem
2679 3547 2784 3585 una
2817 3531 3121 3585 substantia
3150 3540 3255 3596 est,
3296 3548 3421 3601 pars
3453 3549 3650 3603 nempe

2085 3629 2336 3683 subtilior
2384 3624 2826 3694 splendidiorque
2857 3632 3088 3692 quatuor
3131 3624 3548 3691 elementorum,
3594 3635 3649 3681 et

2088 3722 2302 3774 illorum
2326 3719 2490 3772 veluti
2516 3716 2878 3785 despumatio.
2908 3715 3227 3770 Aristoteles
3251 3732 3380 3771 vero
3397 3720 3648 3786 quintum

2086 3811 2357 3880 quoddam
2396 3822 2592 3877 corpus
2624 3807 2691 3860 de
2720 3805 2825 3858 illis
2857 3805 3209 3876 cogitandum
3248 3806 3523 3876 relinquit,
3549 3823 3648 3863 ne-

2086 3917 2191 3972 que
2222 3901 2367 3955 enim
2394 3899 2639 3953 nominat
2665 3913 2786 3966 qua:
2809 3896 2879 3950 sit
2900 3896 3174 3950 stellarum
3199 3898 3520 3964 substantia,
3552 3900 3649 3955 sed

2087 3992 2282 4046 rmlum
2310 4005 2470 4045 omne
2498 3990 2864 4056 universaque
2885 3988 3084 4053 sidera,
3112 3989 3237 4057 quia
3264 3989 3481 4045 diverso
3498 4000 3651 4046 motu

2086 4100 2245 4153 quam
2306 4082 2574 4136 elementa
2621 4088 2851 4148 quatuor
2905 4080 3130 4148 praedita
3192 4088 3358 4143 sunt,
3399 4082 3650 4151 quintum

2088 4188 2289 4243 corpus
2339 4172 2594 4242 appellat.
2634 4171 2709 4224 Ex
2744 4170 2998 4225 omnibus
3030 4186 3193 4239 porro
3235 4172 3406 4227 stellis
3442 4182 3649 4244 septem

2090 4264 2463 4319 tantummodo
2495 4272 2623 4317 sunt
2654 4261 2885 4331 planetae
2931 4262 3045 4315 sive
3074 4270 3339 4327 errantes,
3390 4264 3472 4318 vel
3521 4279 3652 4334 pros

2013 4405 2065 4465 D
2092 4356 2207 4427 prie
2240 4354 2482 4423 quinque
2522 4351 2920 4415 tantummodo,
2966 4350 3044 4403 sol
3090 4352 3234 4405 enim
3283 4362 3336 4405 et
3381 4352 3507 4407 luna
3540 4368 3651 4409 non

2102 4452 2275 4465 _____‘
2331 4453 2379 4465 -.
2411 4442 2484 4465 :II!
2525 4443 2761 4465 -..:......-
2800 4442 2917 4465 --.ΞΑ
2950 4441 3201 4465 -.;Α,...ι....
3229 4443 3330 4465 2-...
3372 4452 3511 4465 ...Α-Α
3542 4446 3643 4465 ι-..

2092 4452 2296 4508 errant,
2330 4453 2384 4497 at
2411 4442 2485 4497 illi
2521 4443 2763 4511 quinque
2797 4442 2923 4510 quia
2950 4441 3201 4494 videntur
3224 4443 3334 4511 jam
3370 4452 3516 4498 stare
3537 4446 3650 4515 jam

2089 4532 2409 4603 retrogredi,
2440 4539 2688 4585 errantes
2718 4530 2845 4584 dicti
2882 4540 3028 4585 sunt.
3594 4551 3597 4554 ⁴

2322 4623 2414 4678 98.
2466 4623 2537 4676 De
2566 4622 2840 4677 stellarum
2874 4624 3130 4675 rotatione
3159 4638 3219 4675 ac
3242 4633 3406 4679 motu.

2159 4715 2337 4772 Stella:
2360 4716 2662 4769 inerrantes
2687 4716 2951 4769 universae
2992 4713 3109 4769 fixze
3137 4725 3284 4781 sunt,
3318 4730 3375 4771 ut
3419 4718 3496 4773 ait
3532 4718 3652 4776 Ari-

2089 4809 2325 4872 stoteles,
2365 4816 2419 4861 et
2458 4807 2574 4860 sine
2605 4806 2710 4858 ulla
2755 4806 3171 4873 transpositione
3202 4822 3310 4861 una
3351 4823 3474 4863 cum
3516 4811 3653 4865 cmlo

2089 4908 2395 4960 moventur,
2427 4897 2571 4964 quod
2611 4912 2731 4950 cum
2760 4898 2826 4951 ab
2868 4896 3076 4951 oriente
3101 4896 3306 4952 feratur
3337 4914 3525 4955 versus
3562 4917 3653 4954 oc-

2092 4990 2384 5053 cidentem,
2421 4988 2607 5042 eadem
2659 4999 2712 5043 et
2773 4988 2874 5042 illae
2924 5003 3047 5043 cum
3090 4990 3228 5045 caelo
3278 4992 3517 5047 motione
3543 4994 3650 5047 cir-

2092 5083 2487 5138 cumferuntur.
2526 5079 2759 5135 Planetze
2796 5098 2919 5136 vero
2969 5092 3191 5151 propter
3239 5086 3569 5139 contrarium
3598 5096 3653 5141 et

2091 5174 2350 5242 aequalem
2400 5171 2667 5237 renixum,
2716 5186 2744 5224 a
2792 5173 3023 5240 sapienti
3072 5172 3430 5242 providentia,
3470 5192 3539 5231 ne
3586 5194 3651 5232 ex

2090 5266 2357 5320 consimili
2387 5280 2546 5319 cursu
2599 5274 2652 5318 et
2689 5266 2963 5319 volutione
2992 5267 3274 5322 conﬂictus
3317 5280 3483 5335 esset,
3524 5288 3650 5339 pro-

2091 5359 2209 5427 prio
2254 5368 2307 5412 et
2354 5359 2585 5411 naturali
2640 5374 2786 5412 motu
2842 5359 3091 5412 feruntur
3137 5360 3206 5415 ab
3256 5362 3537 5416 occidente
3596 5364 3651 5415 in

2091 5452 2374 5504 orientem.
2405 5450 2738 5519 Quamquam
2768 5462 2819 5504 et
2860 5451 2973 5518 ipsi’
3001 5466 3065 5505 ex
3111 5452 3319 5505 oriente
3368 5461 3652 5507 moventur

2094 5544 2145 5595 in
2178 5544 2533 5609 occidentem,
2580 5545 2671 5597 sed
2708 5556 2812 5595 una
2859 5558 2982 5597 cum
3034 5544 3169 5596 cado
3216 5544 3646 5614 circumagitati:

2096 5636 2356 5689 unde-sol
2398 5639 2614 5704 propria
2659 5636 2901 5687 motione
2944 5642 3178 5701 quatuor
3223 5635 3352 5688 anni
3410 5643 3650 5705 tempora

2098 5728 2300 5797 implet,
2340 5729 2449 5796 jam
2500 5729 2551 5780 in
2603 5730 2970 5796 septentrione
3026 5727 3134 5793 jam
3200 5728 3249 5777 in
3312 5727 3649 5781 meridionali

2099 5832 2245 5891 parte
2271 5824 2594 5874 coeistittttns
2621 5839 2632 5885 ;
2659 5830 2815 5889 prout
2846 5835 2971 5874 vero
3000 5829 3242 5875 movetur
3276 5822 3465 5877 eodem
3501 5830 3648 5877 motu

3212 5913 3291 5979 24
