4446 6446
454 405 561 471 753

1572 409 1668 468 DE
1700 406 2133 468 OMNIFARIA
2167 408 2573 473 DOCTRINA.

3578 410 3694 478 ’154

454 537 629 592 χροοι,
663 519 756 573 καὶ
787 519 977 574 λευκοὶ
1008 518 1150 574 κατά
1175 521 1238 573 τὸ
1273 521 1471 591 χρῶμα
1501 521 1598 590 τῆς
1636 522 1766 577 ἆλω.
1800 521 1933 591 Περὶ
1966 522 2019 575 δὲ
2046 537 2101 597 Α
2122 523 2185 576 ad

1966 522 2019 575 δὲ
2046 537 2101 597 Α
2122 523 2185 576 ad
2218 523 2409 582 solem.
2454 541 2576 578 cum
2627 524 2800 579 nubes
2832 524 3053 579 densior
3080 533 3163 580 est
3193 535 3248 579 et
3288 524 3510 580 solidior
3535 540 3696 595 quam

453 610 561 661 τῶν
590 610 872 679 παρηλίων
927 612 1099 663 ἐκεῖνο
1135 611 1241 682 χρὴ
1292 612 1514 673 εἰδέναι,
1546 612 1625 663 ὅτι
1658 614 1689 681 ἡ
1725 612 2018 675 ἀνάκλασις

453 702 561 752 61:6
590 702 685 753 τοῦ
715 702 910 770 νέφους
940 704 1153 769 γίνεται
1192 705 1329 773 πρὸς
1360 705 1449 758 τὸν
1483 706 1632 775 ἦλιον
1656 747 1668 769 ,
1702 705 1797 758 τοῦ
1825 707 2017 773 νέφους

456 792 789 862 πυκνοτέρου
822 792 973 853 ὄντος
1001 793 1092 844 καὶ
1127 794 1469 863 στερεμνίου,
1499 794 1650 864 παρὰ
1693 796 1752 846 τὸ
1799 797 1857 847 ἐν
1900 796 2017 857 ταῖς

459 879 695 947 ῥάϐδοις,
724 883 818 934 καὶ
845 884 1073 951 ὁμαλοῦ.
1102 886 1200 938 Διά
1225 886 1333 955 γὰρ
1365 886 1523 939 τοῦτο
1549 888 1642 939 καὶ
1668 886 1857 947 λευκὸς
1889 885 2015 953 φαί-

2122 615 2177 668 ἰιι
2203 614 2389 684 virgis,
2422 617 2676 684 laevisque
2702 626 2757 670 ct
2784 616 3024 684 aequalis,
3057 617 3412 684 quamobrem
3460 624 3516 669 et
3554 616 3699 670 albi-

2121 714 2279 758 caute
2300 704 2481 757 colore
2508 705 2783 773 parhelius
2812 714 3056 776 apparet,
3083 707 3336 773 quoniam
3369 707 3437 760 ab
3461 706 3697 760 laevitate

2120 795 2208 848 illa
2242 809 2384 849 unus
2433 795 2685 864 idemque
2719 796 2870 850 color
2922 805 3192 859 servatur,
3243 805 3296 849 et
3356 812 3382 849 a
3423 796 3697 852 densitate

2122 889 2298 957 magis
2318 886 2635 955 faciliusque
2657 887 2805 941 visus
2841 886 3169 958 refringitur.

457 990 603 1026 νεται
637 978 664 1027 6
693 977 971 1046 παρήλιος,
1025 980 1211 1049 ἐπειδὴ
1258 981 1364 1033 ἀπὸ
1396 981 1486 1033 τοῦ
1540 980 1741 1050 ὁμαλοῦ
1787 981 1849 1033 ἓν
1910 980 2004 1034 καὶ
2041 980 2198 1035 τοῦτο
2229 982 2428 1051 χρῶμα
2458 980 2803 1046 διασώζεται,
2852 978 2950 1033 καὶ
3014 981 3123 1034 ἀπὸ
3167 978 3261 1033 τοῦ
3323 979 3525 1031 πυκνοῦ
3595 979 3697 1049 ῥᾳ-

455 1063 580 1127 δίως
614 1068 811 1135 μᾶλλον
845 1071 937 1121 καὶ
966 1069 1245 1139 συντόμως
1274 1074 1571 1126 ἀνακλᾶται
1596 1076 1629 1145 ὴ
1661 1075 1801 1141 ὄψις,

968 1166 1051 1236 ρι’.
1089 1168 1221 1235 Περὶ
1252 1169 1507 1237 ἀνέμων.

536 1256 594 1305 ’0
644 1257 840 1322 ἄνεμος
892 1260 991 1311 οὐκ
1038 1258 1187 1311 ἔστιν
1229 1259 1334 1329 ἀὴρ
1365 1262 1698 1328 κινούμενος,
1728 1262 1801 1323 ὡς
1838 1261 2020 1315 Ἱππο-

456 1344 661 1413 κράτης
694 1346 722 1396 6
751 1346 904 1408 Κῶος
951 1346 1130 1416 ἰατρὸς
1180 1349 1377 1409 οἴεται,
1434 1350 1551 1403 ἀλλ’
1581 1351 1645 1402 ἐκ
1673 1354 1769 1420 τῆς
1797 1350 2018 1430 καπνώς

455 1438 578 1497 δους
637 1438 783 1488 ἐστὶν
836 1438 1271 1507 ἀναθυμιάσεως.
1315 1442 1377 1493 ’Β
1416 1442 1513 1510 μὲν
1564 1442 1671 1510 γὰρ
1718 1441 1809 1493 τοῦ
1858 1441 2018 1509 ἀέρος

459 1528 671 1593 κίνησις
704 1528 923 1590 ἔκλυτος
953 1530 1188 1597 ὑπάρχει
1236 1532 1325 1583 καὶ
1362 1531 1591 1601 χαλαρὰ,
1638 1533 1669 1600 ἡ
1700 1532 1754 1582 δὲ
1797 1532 1889 1583 τοῦ
1920 1534 2015 1584 ἀν-

458 1614 628 1680 έμου,
677 1618 973 1685 τυραννικὴ
1024 1621 1115 1672 καὶ
1177 1620 1478 1690 βιαιοτάτη,
1537 1622 1613 1683 ὠς
1671 1623 1917 1689 δηλοῦσιν
1965 1623 2014 1673 οί

456 1706 686 1770 σεισμοὶ,
714 1708 760 1756 οἱ
786 1706 1057 1768 κινοῦντες
1082 1708 1179 1775 τὴν
1204 1710 1325 1775 γῆν,
1342 1710 1491 1761 οὐδὲν
1515 1710 1620 1778 γὰρ
1648 1711 1829 1778 ἕτερόν
1868 1712 2014 1762 ὲστιν

451 1796 479 1845 6
515 1796 757 1861 σεισμὸς,
807 1800 853 1848 εἰ
890 1800 961 1866 μὴ
993 1800 1243 1865 ὑπόγειος
1273 1802 1490 1867 ἄνεμος.
1523 1802 1813 1869 Τεσσάρων
1844 1803 1898 1854 δὲ
1932 1803 2012 1854 ὅν-

451 1902 583 1943 των,
629 1887 702 1948 ὡς
754 1890 1029 1956 συντόμως
1058 1892 1249 1955 εἰπεῖν,
1306 1891 1607 1943 καθολικῶν
1638 1894 1875 1961 ἀνέμων,
1905 1894 2011 1944 ἀπ·-

2660 1168 2775 1221 HO.
2825 1168 2897 1222 De
2939 1170 3126 1223 ventis.

2196 1264 2403 1317 Ventus
2432 1276 2544 1315 non
2575 1271 2659 1315 est
2685 1263 2917 1330 agitatus
2949 1274 3063 1324 aer,
3094 1269 3155 1312 ut
3176 1259 3531 1327 Hippocrates
3548 1259 3693 1313 C(lllS

2125 1355 2367 1409 medicus
2423 1354 2527 1408 sibi
2588 1352 2876 1421 persuasit,
2936 1348 3029 1405 sed
3114 1366 3177 1404 ex
3238 1366 3434 1419 vapore
3530 1361 3691 1417 atque

2126 1444 2467 1498 exhalatione
2523 1452 2680 1496 terrae
2749 1440 2941 1495 oritur.
3012 1439 3165 1493 Aeris
3243 1439 3444 1508 quippe
3513 1446 3695 1492 motus

2123 1534 2406 1601 languidus
2435 1544 2515 1586 est
2546 1546 2608 1585 ac
2635 1532 2917 1593 remissus,
2949 1529 3099 1582 venti
3126 1529 3437 1598 tyrannicus
3482 1543 3549 1581 ac
3593 1542 3689 1581 ve-

2125 1623 2587 1685 hementissimus,
2652 1631 2713 1674 ut
2757 1622 3135 1675 demonstrant
3198 1628 3560 1682 terraemolus,
3597 1619 3688 1687 qui

2122 1713 2255 1767 nihil
2284 1713 2425 1766 aliud
2455 1720 2587 1765 sunt
2610 1726 2767 1777 quam
2804 1707 3141 1764 subterranei
3176 1709 3345 1764 venti.
3379 1708 3515 1765 Cum
3539 1723 3687 1767 vero.

2122 1810 2183 1857 ut
2218 1803 2458 1856 breviter
2476 1802 2674 1863 dicant,
2704 1809 2938 1869 quatuor
2967 1800 3080 1854 sint
3113 1798 3260 1854 venti
3295 1798 3549 1854 catholici
3576 1797 3691 1851 sive

2120 1892 2441 1955 cardinales,
2473 1908 2535 1946 ex
2570 1892 2653 1945 his
2683 1891 3004 1945 subsolanus
3031 1906 3093 1945 ac
3109 1890 3378 1961 zephyrus
3414 1904 3523 1943 non
3554 1887 3692 1944 adeo

452 1975 685 2045 ηλιώτης
751 1980 849 2045 μὲν
902 1981 990 2032 καὶ
1048 1980 1280 2050 ζέφυρος
1333 1984 1431 2047 οὐκ
1479 1983 1584 2035 είσὶ
1644 1984 2012 2052 σφοδρότατοι,
2049 2022 2089 2077 Β
2122 1984 2208 2037 inc

1930 2001 2012 2049 ποι,
2049 2022 2089 2077 Β
2122 1982 2331 2037 incitati
2362 1992 2507 2045 sunt,
2532 1983 2626 2036 sed
2662 1981 3037 2036 violentissimi
3065 1981 3258 2035 boreas
3289 1987 3452 2049 atque
3480 1989 3686 2033 auster.

452 2064 653 2133 βορρᾶς
686 2066 741 2117 δὲ
786 2070 877 2120 καὶ
932 2070 1081 2132 νότος
1128 2074 1609 2144 τυραννικώτερον
1669 2076 1802 2128 διότι
1833 2078 1888 2128 ὲν
1917 2078 2014 2146 μὲν
2049 2064 2089 2077 υ
2118 2073 2208 2137 QU‘

1934 2078 2014 2129 ιὲν
2049 2064 2089 2077 ”
2118 2073 2381 2137 Quoniam
2430 2074 2685 2127 nimirum
2735 2073 2800 2125 ad
2850 2070 3326 2141 septentrionalem
3374 2079 3538 2139 atque
3589 2084 3690 2131 au-

448 2156 526 2224 τῷ
574 2157 768 2227 βορείῳ
818 2161 912 2212 καὶ
943 2163 1099 2231 νοτίῳ
1138 2164 1300 2234 πόλῳ,
1342 2164 1491 2218 ἐνθεν
1538 2169 1565 2219 ό
1601 2166 1802 2236 βορρᾶς
1833 2170 1925 2230 καὶ
1987 2172 2015 2222 6

449 2248 600 2310 νότος
632 2254 773 2316 πνεῖ,
814 2254 886 2321 μὴ
932 2256 1215 2322 γινόμενος
1260 2259 1287 2309 ὁ
1330 2257 1481 2325 ἥλιος
1533 2258 1592 2309 οὐ
1626 2258 1907 2327 θερμαίνει
1947 2261 2013 2313 τά

449 2339 623 2391 ἐκεῖσε
650 2343 844 2411 χοιρία,
872 2343 1005 2396 ἀλλά
1036 2347 1184 2414 μένει
1229 2346 1411 2415 ψυχρά
1435 2366 1447 2377 ·
1483 2348 1665 2418 ψυχρά
1688 2349 1744 2402 δὲ
1776 2350 1903 2403 ὄντα
1925 2351 2013 2403 ἀεὶ

451 2428 648 2499 ένικμά
698 2433 857 2495 εἰσιν,
909 2435 1049 2487 ὥστε
1079 2436 1299 2506 ὄμϐρων
1332 2439 1543 2492 πολλῶν
1573 2442 1883 2509 γενομένων
1923 2443 2010 2496 διὰ

445 2520 543 2589 τὴν
590 2522 769 2589 ψῦξιν,
829 2522 979 2587 Εἶτα,
1031 2528 1130 2595 τῆς
1178 2528 1283 2594 γῆς
1338 2528 1624 2599 διαϐρόχου
1689 2532 2006 2601 γενομένης,

445 2611 613 2681 πολλὴ
668 2615 953 2686 καπνώδης
1004 2618 1363 2687 ἀναθυμίασις
1422 2622 1717 2685 ἐκδίδοται,
1782 2625 1873 2676 καὶ
1924 2625 2011 2679 διὰ

444 2700 623 2765 τοῦτο,
667 2706 886 2773 σφοδροὶ
918 2708 1107 2776 ἄνεμοι
1143 2708 1405 2775 γίνονται,
1448 2711 1475 2762 ό
1512 2711 1715 2782 βορρᾶς
1748 2714 1841 2767 καὶ
1872 2717 1898 2767 6
1925 2716 2013 2767 νό-

442 2808 555 2856 τος.
595 2792 686 2845 Ἐν
741 2794 796 2847 δὲ
838 2798 949 2857 τοῖς
988 2798 1326 2861 ἀνατολικοῖς
1360 2800 1455 2852 καὶ
1496 2800 1732 2863 δυτικοῖς
1788 2801 2010 2871 χωρίοις

443 2884 757 2953 κινούμενος
787 2890 811 2938 6
842 2888 993 2957 ἥλιος
1024 2891 1122 2941 οὐκ
1152 2891 1215 2959 ἐᾷ
1278 2891 1436 2958 ψύξιν
1487 2892 1729 2959 γίνεσθαι
1786 2893 2005 2963 πολλὴν,

444 2976 595 3029 ἔνθεν
648 2978 703 3029 δὲ
748 2977 868 3030 οῦτε
906 2981 1071 3041 πολὺς
1114 2983 1266 3044 ὑετὸς
1310 2984 1541 3050 γίνεται,
1589 2984 1713 3036 οὔτε
1755 2987 1785 3049 ἡ
1839 2986 2004 3056 πολλὴ

443 3068 734 3137 καπνώδης
766 3070 1129 3139 ἀναθυμίασις
1154 3115 1168 3137 ,
1206 3074 1299 3126 ἂτε
1328 3075 1427 3142 τῆς
1466 3075 1571 3141 γῆς
1601 3075 1675 3144 μὴ
1721 3076 2003 3145 διαὸρεχο-

443 3160 636 3228 μένης,
674 3162 767 3213 καὶ
795 3162 856 3212 οὐ
888 3162 1125 3227 γίνονται
1180 3163 1267 3217 διὰ
1323 3164 1479 3217 τοῦτο
1538 3164 1725 3233 ἄνεμοι
1787 3167 2005 3235 σῳοδροὶ

440 3250 711 3304 ἐντεῦθεν.
748 3253 894 3319 Πλὴν
944 3256 1001 3305 ὲν
1055 3254 1153 3322 μὲν
1201 3254 1311 3317 τοῖς
1365 3255 1560 3319 νοτίοις
1599 3257 1785 3325 μέρεσι
1825 3257 2005 3309 πλεῖον

2119 2166 2339 2219 stralem
2370 2166 2552 2234 polum
2591 2164 2680 2217 ubi
2714 2165 2905 2218 boreas
2960 2172 3015 2217 et
3064 2174 3249 2217 auster
3321 2162 3552 2232 Spirant,
3605 2159 3690 2217 sol

2116 2257 2329 2327 longius
2351 2256 2552 2310 absens
2583 2255 2671 2309 illa
2704 2270 2812 2309 non
2845 2255 3112 2321 calefacit,
3138 2254 3212 2310 ita
3246 2264 3305 2309 ιιι
3348 2254 3538 2325 frigida
3567 2268 3688 2310 ma-

2115 2357 2281 2402 neant
2311 2366 2323 2401 :
2358 2347 2657 2417 frigidaque
2684 2361 2809 2401 cum
2862 2346 2989 2410 sint,
3017 2361 3231 2414 semper
3257 2355 3384 2399 sunt
3439 2344 3686 2416 humida,

2114 2439 2379 2493 imbribus
2435 2438 2683 2508 plurimis
2736 2446 2960 2508 propter
2999 2436 3347 2507 frigiditatem
3383 2435 3456 2490 ibi
3488 2435 3690 2491 caden-

2113 2531 2280 2592 tibus.
2308 2530 2445 2584 Hinc
2477 2530 2738 2599 deinceps
2768 2539 2912 2583 terra
2942 2529 3255 2583 humectata
3287 2526 3486 2581 multos
3527 2524 3689 2581 emit-

2114 2622 2431 2691 titvapores
2456 2621 2955 2691 exhalationesque,
2990 2622 3134 2676 unde
3184 2620 3334 2675 venti
3387 2620 3688 2675 vehemen-

2114 2722 2194 2765 tes
2224 2721 2528 2766 nascuntur
2575 2712 2771 2767 boreas
2825 2722 2990 2782 atque
3048 2719 3253 2767 auster.
3309 2712 3379 2767 At
3420 2710 3567 2765 enim
3632 2708 3689 2763 in

2110 2804 2465 2858 orientalibus
2496 2815 2659 2875 atque
2682 2804 3109 2859 occidentalibus
3155 2803 3402 2874 partibus
3458 2816 3685 2855 versans

2111 2894 2188 2946 sol
2219 2910 2327 2947 non
2364 2895 2568 2964 patitur
2600 2894 2827 2948 multum
2855 2894 3025 2963 frigus
3046 2892 3185 2959 fieri,
3216 2892 3362 2947 unde
3388 2905 3487 2944 nec
3513 2889 3681 2942 multa

2110 2985 2312 3053 pluvia,
2357 3001 2457 3039 nec
2509 2986 2663 3041 multi
2721 3000 2951 3055 vapores
2998 2994 3161 3053 atque
3207 2982 3575 3038 exhalationes
3622 2996 3685 3033 ex

2111 3083 2251 3125 terra
2287 3074 2483 3143 quippe
2504 3090 2613 3128 non
2646 3076 2782 3130 adeo
2813 3074 3144 3139 humectata,
3204 3073 3333 3128 hinc
3383 3087 3485 3126 nec
3538 3069 3683 3125 venti

2109 3164 2232 3218 inde
2292 3165 2577 3235 impetuosi
2640 3168 2865 3235 spirant.
2925 3167 3189 3221 Caeterum
3253 3164 3308 3219 in
3359 3160 3688 3218 australibus

2108 3253 2351 3321 partibus
2389 3254 2510 3323 plus
2530 3254 2748 3323 quidem
2784 3264 2941 3308 terra:
2966 3262 3071 3317 est,
3101 3252 3198 3307 sed
3224 3251 3404 3305 minus
3442 3248 3685 3312 humida,

444 3341 544 3409 μέν
604 3343 753 3395 ἔστιν
778 3345 811 3413 ἡ
844 3347 934 3414 γῆ,
965 3344 1063 3398 οὐκ
1101 3346 1320 3415 ἔνικμος
1368 3347 1443 3411 δὲ,
1506 3350 1563 3400 έν
1613 3353 1723 3409 τοῖς
1780 3350 2004 3419 βορείοις
2033 3358 2074 3415 c
2109 3353 2163 3397 al
2196 3348 2200 3396 ἱ

1927 3367 2004 3413 οις
2033 3358 2074 3415 c
2109 3353 2163 3397 at
2196 3348 2247 3397 in
2277 3345 2793 3414 septentrionalibus
2824 3360 2933 3398 non
2959 3346 3097 3399 adeo
3149 3344 3321 3399 multa
3372 3353 3456 3398 est
3511 3350 3683 3403 terra,

438 3432 594 3500 όλίγη
634 3434 752 3502 μὲν,
784 3436 898 3487 ἀλλ’
929 3436 1167 3506 ἕνικμος.
1205 3439 1310 3491 Διά
1353 3438 1462 3509 γὰρ
1502 3438 1598 3508 τὴν
1627 3440 1787 3509 ψύξιν
1815 3442 2010 3511 ὄμϐροι

442 3523 707 3588 γίνονται,
742 3527 834 3577 καὶ
856 3527 945 3579 διὰ
975 3528 1034 3579 τὸ
1065 3529 1288 3597 ένικμον
1336 3528 1436 3597 τῆς
1472 3530 1575 3599 γῆς
1604 3531 1772 3601 πολλὴ
1802 3533 2008 3599 γίνεται

442 3614 475 3679 ἡ
518 3613 801 3682 καπνώδης
845 3617 1225 3687 ἀναθυμίασις,
1288 3618 1405 3672 ἀλλ’
1448 3620 1508 3672 οὐ
1560 3622 1647 3673 διά
1695 3623 1755 3673 τὸ
1805 3623 2006 3692 πλῆθος

440 3704 630 3772 αὐτῆς.
672 3706 862 3759 Ἔνθεν
909 3725 990 3759 τοι
1039 3694 1134 3761 καῖ
1182 3711 1230 3761 ot
1275 3710 1493 3780 σφοδροὶ
1536 3711 1726 3780 ἀνεμοι
1766 3712 1871 3763 61:6
1899 3714 2006 3765 τῶν

440 3796 628 3847 νοτίων
675 3797 781 3848 εἰσὶ
843 3798 935 3849 καὶ
987 3798 1093 3850 τῶν
1144 3799 1404 3869 ἀρκτῴων
1452 3800 1651 3869 μερῶν,
1681 3800 1755 3863 ὡς
1791 3802 1856 3853 ἂν
1893 3803 2009 3854 ἐκεῖ

442 3888 733 3955 γινομένης
799 3889 997 3959 πολλῆς
1050 3891 1365 3953 καπνώδους
1420 3892 1858 3960 ἀναθυμιάσεως.
1920 3895 2006 3945 Ἐν

441 3974 548 4043 γὰρ
574 3978 637 4045 τῇ
671 3977 902 4046 ἀνατολῇ
940 3979 1030 4030 καὶ
1078 3977 1228 4031 δύσει
1262 3980 1322 4031 οὗ
1361 3980 1602 4046 γίνονται
1636 3979 1873 4048 σφοδροὶ,
1908 3978 2002 4031 ac:

440 4064 534 4117 τοῦ
570 4065 721 4135 ἡλίου
756 4068 1167 4132 έκδαπανῶντος
1208 4070 1302 4139 τὴν
1336 4072 1513 4123 ἐκεῖσε
1548 4070 1844 4140 γενομένην
1874 4074 2004 4124 ἀνα-

440 4154 718 4223 θυμίασιν,
745 4160 837 4210 καὶ
880 4159 979 4211 οὐκ
1014 4160 1208 4221 ἐῶντος
1243 4161 1564 4230 ὑποστῆναι.
1594 4161 1898 4214 Καλοῦνται
1948 4162 2003 4213 δὲ

438 4248 487 4297 ot
516 4248 614 4315 μὲν
634 4249 739 4301 ἀπὸ
761 4250 856 4318 τῆς
881 4252 1079 4317 ἄρκτου
1107 4251 1311 4321 βορέαι,
1333 4254 1380 4304 oi
1408 4252 1465 4304 δὲ
1496 4253 1603 4305 ἀπὸ
1631 4254 2001 4324 μεσημϐρίας,

437 4340 602 4393 νότοι.
633 4340 793 4394 Αίτία
814 4341 870 4393 δέ
900 4343 1017 4394 ἑστι
1046 4342 1143 4410 τῆς
1174 4342 1331 4411 λοξῆς
1356 4343 1447 4395 τοῦ
1480 4344 1681 4413 ἀνέμου
1712 4348 2000 4415 κινήσεως,

439 4431 473 4499 ἡ
502 4431 595 4483 τοῦ
622 4431 821 4493 παντὸς
851 4433 1206 4503 κυκλοφορία,
1239 4433 1334 4503 τὴν
1358 4434 1612 4506 καπνώδη
1642 4436 2002 4504 ἀναθυμίασιν

438 4525 685 4577 κάτωθεν
710 4525 967 4578 ἀνιοῦσαν
990 4526 1267 4589 πλανῶσα,
1297 4527 1392 4581 καὶ
1423 4528 1548 4597 τῇδε
1578 4529 1801 4581 κάκεῖσε
1837 4546 1999 4599 μετα-

2112 3434 2203 3486 sed
2262 3434 2553 3488 admodum
2617 3434 2859 3487 humida.
2917 3433 3062 3487 Sane
3108 3448 3142 3489 α
3217 3433 3418 3504 frigore
3475 3431 3686 3487 imbres

2110 3525 2381 3589 oriuntur,
2414 3534 2469 3579 et
2500 3540 2529 3579 a
2563 3535 2720 3580 terra:
2754 3525 3077 3580 humiditate
3130 3540 3242 3579 non
3295 3524 3365 3579 ab
3413 3522 3683 3595 magnitu-

2109 3615 2237 3669 dine
2265 3616 2419 3670 multi
2469 3631 2700 3686 vapores
2750 3617 3041 3687 multaeque
3101 3614 3494 3671 exhalationes.
3547 3613 3683 3669 Hinc

2108 3706 2268 3761 etiam
2291 3707 2645 3762 vehementes
2676 3708 2821 3762 venti
2852 3723 2917 3762 ex
2969 3706 3297 3766 australibus
3342 3714 3398 3762 et
3454 3704 3686 3760 boreali-

2107 3800 2211 3854 bus
2236 3802 2461 3855 veniunt
2491 3802 2755 3871 partibus,
2795 3802 2939 3869 quod
2990 3800 3063 3855 ibi
3130 3799 3283 3855 multi
3328 3813 3559 3868 vapores
3613 3812 3687 3854 ex

2109 3899 2251 3944 terra
2278 3892 2552 3945 exhalant.
2594 3893 2651 3945 In
2676 3893 2887 3947 oriente
2912 3900 3092 3945 autem
3126 3900 3182 3947 et
3222 3890 3506 3945 occidente
3568 3904 3680 3945 non

2108 3992 2237 4036 sunt
2263 3983 2411 4036 venti
2440 3993 2548 4037 tam
2578 3982 2834 4045 immites,
2862 3983 2977 4037 sole
3001 3982 3261 4037 nimirum
3290 3995 3523 4050 vapores
3576 3979 3680 4039 ibi-

2106 4073 2227 4126 dem
2254 4074 2588 4142 prodeuntes
2616 4084 2969 4129 consumente
2996 4090 3099 4129 nec
3142 4073 3493 4143 permittente
3544 4072 3681 4127 sub-

2106 4163 2320 4217 sistere.
2352 4162 2522 4218 Porro
2549 4175 2742 4220 ventos
2774 4166 2841 4219 ab
2866 4164 3240 4235 septentrione
3268 4162 3462 4218 flantes
3512 4178 3680 4218 voca-

2103 4269 2225 4308 mus
2251 4255 2464 4319 boreas,
2492 4256 2559 4311 ab
2591 4257 2816 4311 meridie
2861 4265 3020 4311 notos
3050 4256 3164 4311 sive
3209 4262 3444 4309 austros.
3499 4251 3674 4309 Causa

2103 4344 2307 4415 obliqui
2365 4354 2650 4402 ventorum
2704 4356 2885 4402 motus
2926 4354 3008 4402 est
3051 4343 3453 4402 circumrotatio
3528 4344 3676 4399 orbis

2104 4445 2393 4504 terrarum,
2424 4454 2545 4507 qua:
2571 4453 2799 4508 vapores
2828 4439 3081 4493 deorsum
3103 4436 3398 4492 tendentes
3450 4434 3674 4490 divertit

2107 4538 2163 4583 et
2200 4529 2307 4582 huc
2345 4539 2506 4598 atque
2553 4530 2677 4585 illuc
2708 4530 2985 4585 transfert.
3021 4527 3397 4584 Etesiaeventi
3442 4526 3673 4597 Septen~

440 4617 697 4684 φέρουσα.
738 4616 980 4669 Γίνονται
1015 4618 1071 4669 δὲ
1099 4618 1150 4669 οἱ
1182 4617 1382 4687 βόρειοι
1410 4618 1617 4688 ἐτησίαι
1646 4618 1833 4688 ἄνεμοι
1864 4620 2000 4689 μετά
2027 4683 2064 4689 _
2105 4618 2196 4671 tric

1914 4620 2000 4672 ετά
2027 4683 2064 4689 _
2105 4618 2363 4671 trionales
2385 4618 2597 4688 spirant
2628 4630 2750 4689 post
2779 4618 2968 4687 viginti
3019 4618 3136 4672 dies
3165 4618 3233 4672 ab
3257 4617 3445 4672 aastivo
3491 4616 3670 4672 solsti-

438 4683 649 4775 ἡμέρας
684 4708 854 4760 εἴκοσι
888 4708 989 4776 τῆς
1021 4683 1501 4780 θερινῆς-τροπῆς,
1568 4709 1704 4779 μετὰ
1746 4683 1875 4780 τὴν-
1902 4711 1995 4764 τοῦ
2026 4683 2076 4742 D
2103 4708 2194 4773 tio,

1912 4711 1995 4764 τοῦ
2026 4683 2076 4742 D
2103 4708 2197 4773 tio,
2222 4718 2511 4778 ortumque
2537 4710 2815 4774 caniculae,
2846 4718 2976 4765 tunc
3000 4709 3267 4777 siquidem
3299 4709 3491 4763 solutis
3522 4708 3668 4763 nivi-

437 4801 741 4869 κυνὰστρου
779 4801 1056 4871 ἐπιτολήν.
1076 4802 1387 4870 Τηνικαῦτα
1416 4803 1524 4872 γὰρ
1554 4803 1653 4871 τῆς
1676 4804 1850 4873 χιόνος
1874 4804 1998 4856 λυο-

439 4893 625 4960 μένης,
657 4891 894 4958 γίνονται
925 4888 1086 4961 αὖραι
1116 4892 1321 4963 ψυχραὶ
1374 4893 1592 4964 βόρειοι,
1638 4894 1839 4956 αἵτινες
1870 4896 1997 4963 ἔτη-

436 4984 547 5036 σίαι
576 4983 843 5049 λέγονται.
888 4984 1009 5036 Είσὶ
1062 4984 1117 5037 δὲ
1152 4986 1313 5037 νότιοι
1373 4987 1584 5054 ἐτησίαι
1632 4984 1707 5048 ώς
1740 4985 1847 5039 61:6
1902 4985 1995 5039 τοῦ

437 5075 570 5143 πρὸς
593 5074 653 5125 τὸ
689 5077 795 5126 πᾶν
827 5075 1002 5141 νότου,
1033 5076 1148 5127 ἀλλ’
1177 5078 1308 5145 ἡμῖν
1351 5076 1759 5147 ἀνεπαίσθητοι.
1792 5077 1911 5129 Εἰσὶ
1940 5077 1995 5130 δὲ

435 5167 529 5217 καὶ
560 5165 667 5218 ἀπὸ
696 5165 789 5218 τοῦ
820 5166 941 5219 καθ’
980 5168 1127 5235 ἡμᾶς
1170 5168 1321 5221 νότου
1362 5168 1567 5239 ἐτήσιοι
1593 5169 1802 5238 ἄνεμοι.
1834 5162 1993 5222 Οὗτοι

434 5254 490 5307 δὲ
516 5254 655 5325 μετά
688 5254 1057 5325 ὲ6δομήκοντα
1080 5256 1290 5327 ἡμέρας
1318 5258 1413 5328 τῆς
1445 5259 1761 5329 χειμερινῆς
1786 5259 1995 5329 τροπῆς

432 5344 687 5414 ἄρχονται
718 5348 892 5409 πνεῖν,
919 5346 1012 5399 τοῦ
1054 5348 1204 5417 ἡλίου
1236 5348 1388 5412 ὄντος
1425 5350 1481 5401 ἐν
1501 5349 1721 5418 Ἰχθύσι.
1754 5352 1862 5404 Καὶ
1888 5354 1994 5405 ἀπὸ

437 5434 533 5503 μὲν
562 5438 661 5504 τῆς
696 5437 1015 5506 ίσημερινῆς
1043 5438 1245 5501 δύσεως
1272 5479 1286 5504 ,
1323 5444 1447 5492 πνεῖ
1475 5442 1502 5492 6
1523 5440 1771 5512 ζέφυρος,
1802 5442 1909 5495 61:6
1937 5443 1992 5495 δὲ

434 5526 528 5593 τῆς
552 5527 875 5596 ἀνατολικῆς
896 5530 1185 5599 ἰσημερίας
1210 5532 1333 5583 πνεῖ
1350 5531 1685 5601 ἀπηλιώτης.
1707 5534 1815 5586 Καὶ
1840 5533 1993 5597 αὖθις

431 5618 538 5671 ἀπὸ
561 5617 652 5671 τοῦ
683 5618 946 5688 ἀρκτικοῦ
982 5620 1081 5689 μὲν
1114 5620 1433 5674 πόλουπνεῖ
1459 5624 1487 5675 6
1516 5624 1850 5693 ἀπαρκτίας,
1883 5624 1991 5677 ἀπὸ

433 5708 489 5761 δὲ
513 5709 607 5761 τοῦ
637 5710 791 5763 νότου
826 5712 949 5763 πνεῖ
991 5712 1018 5763 6
1048 5711 1217 5774 νότος.
1251 5712 1363 5765 Καὶ
1407 5714 1567 5767 πάλιν
1617 5715 1724 5767 ἀπὸ
1767 5714 1863 5783 μὲν
1893 5719 1991 5786 τῆς

436 5797 653 5870 θερινῆς
681 5800 948 5870 ἀνατολῆς
985 5804 1108 5856 πνεῖ
1140 5803 1167 5855 6
1198 5801 1435 5871 καικίας,
1471 5803 1578 5857 61:6
1621 5804 1677 5857 δὲ
1730 5805 1824 5875 τῆς
1873 5822 1985 5876 χει-

2100 4801 2202 4855 bus
2238 4816 2381 4855 aurae
2405 4802 2609 4873 frigida:
2647 4801 2778 4858 ﬂant
2804 4803 3071 4865 boreales,
3095 4815 3227 4869 quas
3256 4800 3455 4855 etesias
3482 4800 3669 4869 appel-

2098 4894 2230 4948 laut.
2283 4892 2503 4962 Spirant
2550 4902 2605 4947 et
2639 4893 2904 4948 australes
2939 4891 3121 4947 etesia:
3163 4892 3234 4946 ab
3266 4891 3486 4945 australi
3513 4899 3668 4961 parte

2098 4984 2247 5039 orbis
2286 4993 2575 5047 terrarum,
2610 4984 2707 5037 sed
2736 4998 2828 5037 eas
2850 4998 2948 5038 nos
2976 4984 3257 5053 percipere
3304 4998 3415 5036 non
3474 4995 3664 5051 possu-

2098 5090 2237 5130 mus.
2294 5072 2531 5129 Veniunt
2579 5083 2759 5129 tamen
2810 5084 2864 5129 et
2928 5089 2997 5129 ex
3039 5083 3191 5144 parte
3245 5072 3469 5127 australi
3508 5071 3667 5126 nobis

2097 5167 2350 5237 propiore
2380 5168 2565 5222 etesia:
2590 5167 2759 5229 venti,
2793 5167 2890 5221 sed
2922 5182 3041 5234 quae
3065 5171 3184 5234 post
3204 5163 3660 5234 septuagesimum

2095 5257 2235 5312 diem
2258 5272 2286 5309 a
2302 5256 2493 5310 bruma
2511 5257 2624 5310 sive
2652 5256 2878 5309 hiberno
2899 5255 3131 5309 solstitio
3151 5253 3413 5323 incipiunt
3431 5253 3657 5322 spirare,

2094 5347 2309 5417 quando
2330 5348 2405 5401 sol
2441 5356 2524 5401 est
2552 5347 2603 5399 in
2637 5345 2905 5401 Piscibus.
2948 5345 3031 5400 Ab
3081 5345 3362 5400 occidente
3414 5343 3662 5413 aquino-

2094 5439 2235 5493 ctiali
2257 5438 2347 5492 ﬂat
2369 5440 2653 5509 zephyrus,
2681 5439 2749 5492 ab
2774 5438 2985 5492 oriente
3016 5434 3376 5503 aequinocuali
3413 5435 3659 5490 subsola-

2094 5546 2232 5585 nus:
2285 5539 2446 5599 atque
2498 5546 2526 5584 a
2574 5529 3039 5599 septentrionibus
3095 5528 3210 5583 sive
3269 5527 3474 5583 arctico
3531 5526 3657 5596 polo

2091 5623 2377 5691 aparctias,
2412 5622 2690 5677 ameridie
2744 5631 2950 5677 auster.
3005 5622 3088 5676 Ab
3132 5622 3341 5677 oriente
3387 5620 3656 5676 solstitiali

2091 5714 2277 5769 estivo
2326 5714 2564 5778 caeciam,
2595 5729 2625 5768 a
2667 5713 2901 5768 brumali
2949 5727 3147 5768 occasu
3213 5712 3324 5766 liba
3374 5711 3648 5767 vocant.A

2095 5806 2325 5863 brumali
2362 5808 2571 5863 oriente
2632 5806 2799 5877 spirat
2838 5818 3003 5863 eurus
3064 5803 3180 5861 sive
3226 5802 3534 5872 vulturnus,
3581 5801 3651 5858 ab
