4446 6446
780 346 883 413 755

2021 353 2437 414 ΜΙΕΗΑΕΙΛΞ
2476 351 2735 413 PSELLI

3916 352 4020 414 756

777 477 971 517 occasu
1001 464 1265 519 solstitiali
1301 466 1491 519 aestivo
1536 476 1774 535 argestes
1822 481 1983 532 quem
2014 464 2336 518 Ptulcmu'us
2368 465 2411 523 Α
2446 480 2533 530 μεε

2261 481 2336 516 ’05
2368 465 2411 523 Α
2446 465 2671 531 μερινῆς
2698 463 2904 523 δύσεως
2938 461 3061 512 πνεῖ
3097 462 3125 513 6
3157 457 3273 527 λίψ.
3304 458 3415 512 Καὶ
3449 460 3555 512 ἀπὸ
3584 460 3682 528 μὲν
3712 462 3809 531 τῆς
3837 479 4017 533 χειμεκ

775 552 1245 624 appellatjam'ga.
1279 560 1452 624 Atque
1478 558 1531 609 hi
1559 564 1681 611 octo
1713 556 1908 613 ventio
1929 556 2193 608 diametro
2236 555 2339 608 sibi

777 644 1008 697 im’icem
1050 659 1423 713 opponuntur.
1466 649 1614 701 Alius
1648 656 1844 701 ventus
1892 655 1972 700 est
1999 647 2066 699 ab
2106 661 2210 699 una
2255 661 2340 699 se.

778 736 959 788 ctione
987 736 1091 802 poli
1118 735 1331 793 arctici.
1373 745 1427 791 ct
1459 746 1684 791 vocatur
1735 738 1929 792 boreas
1980 736 2095 791 sive
2144 751 2339 800 meses,

776 827 990 892 spirans
1022 826 1164 879 inter
1191 829 1405 881 cmciam
1431 828 1860 896 aparctiamque.
1889 827 2042 881 Alius
2086 844 2147 882 ex
2177 827 2341 880 altera

772 915 878 982 poli
940 918 1127 971 arctici
1181 918 1423 971 sectione
1478 927 1532 971 et
1580 926 1804 972 vocatur
1850 917 2145 980 thrascias,
2202 917 2344 970 inter

778 1006 1076 1071 aparcliam
1142 1014 1302 1071 atque
1356 1004 1627 1073 japygem.
1710 1004 1861 1057 Alius
1955 1021 2018 1058 ex
2106 1006 2345 1058 sectione

773 1110 879 1146 una
944 1094 1052 1162 poli
1121 1095 1373 1149 australis
1430 1094 1520 1148 ﬂat
1564 1104 1885 1160 euronotus,
1950 1096 2159 1149 medius
2206 1097 2344 1149 inter

772 1200 963 1237 eurum
999 1194 1160 1255 atque
1187 1196 1453 1240 austrum.
1482 1185 1545 1239 Et
1568 1186 1706 1240 alius
1732 1187 1967 1255 denique
2003 1202 2069 1240 ex
2098 1188 2342 1240 sectione

770 1276 876 1342 poli
918 1277 1170 1330 australis
1194 1277 1357 1329 altera
1396 1278 1692 1340 libonotus,
1713 1272 2114 1333 interaustrum
2130 1288 2184 1332 et
2214 1280 2344 1339 liba,

770 1368 947 1420 dictus
1000 1370 1159 1420 etiam
1212 1367 1540 1423 thnicias.
1597 1370 1769 1437 Atque
1825 1370 2070 1423 boreales
2127 1370 2342 1438 quidem

765 1458 914 1511 venti
946 1458 1260 1527 frequentes
1298 1471 1446 1525 sunt,
1507 1462 1685 1513 minus
1718 1460 1916 1514 intensi
1959 1450 2158 1525 tamen,
2211 1476 2343 1528 quo-

767 1550 914 1603 niam
954 1565 982 1602 a
1010 1550 1168 1604 valde
1192 1552 1430 1604 humidis
1460 1552 1669 1619 spirant
1703 1552 2031 1620 regionibus.
2067 1552 2342 1605 Australes

766 1642 952 1693 minus
982 1640 1297 1708 frequentes
1323 1650 1545 1710 propter
1572 1641 1840 1695 defectum
1867 1643 2134 1704 materiae,
2165 1643 2341 1694 inten-

764 1731 935 1784 siores
968 1746 1096 1785 vero
1118 1742 1339 1801 propter
1366 1742 1631 1786 terrarum
1656 1748 1717 1785 ex
1752 1733 1947 1800 quibus
1981 1732 2203 1785 veniunt
2234 1733 2340 1784 sie-

762 1820 1001 1873 uitatem.
1023 1819 1097 1873 Ex
1126 1821 1209 1875 his
1229 1822 1402 1875 ventis
1431 1823 1663 1875 nubilosi
1686 1838 1805 1876 esse
1822 1824 1999 1876 solent
2021 1824 2227 1885 caecias,
2254 1824 2343 1878 bo-
2376 1807 2413 1858 Β

766 1924 885 1961 reas
915 1919 970 1963 et
1000 1911 1267 1978 aparctias
1290 1927 1304 1963 :
1324 1909 1613 1980 fulgurales
1636 1913 1845 1976 boreas,
1872 1912 2157 1981 aparctias,
2193 1915 2340 1967 thra-

764 2000 903 2053 scias
925 2011 978 2054 et
1003 2011 1263 2073 argestes.
1294 2002 1372 2056 Ex
1414 2003 1558 2057 nube
1599 2018 1956 2072 prorumpens
1980 2044 1992 2065 ,
2019 2004 2339 2072 eencphiam

762 2094 931 2147 (Irasci
955 2096 1556 2164 appellant,esthoreas
1582 2106 1635 2149 et
1658 2097 1829 2149 nubes
1860 2096 2137 2149 obduceus
2167 2113 2342 2151 meses

763 2194 926 2250 atque
961 2186 1247 2252 aparctias.
1281 2185 1609 2240 Grandinem
1657 2184 1813 2238 affert
1844 2186 2129 2249 aparctias,
2162 2187 2342 2241 thras-

763 2274 978 2341 ciasque
991 2283 1046 2327 et
1062 2282 1300 2342 argestes
1322 2290 1336 2327 :
1357 2284 1543 2327 a-stum
1564 2282 1764 2335 auster,
1784 2275 2049 2343 zephyrus
2063 2287 2224 2342 atque
2244 2291 2342 2329 eu—

764 2365 1146 2420 rus.C.-elcrum
1163 2367 1430 2434 zephyros
1445 2376 1635 2419 natura
1652 2367 1867 2435 quidem
1884 2383 1977 2420 sua
1998 2368 2219 2437 frigidus
2238 2379 2337 2431 est,

763 2466 1032 2521 quatenus
1048 2468 1226 2510 autem
1263 2458 1317 2511 in
1349 2466 1536 2511 astate
1567 2459 2065 2527 spirat,aseititium
2105 2460 2338 2514 calorem

765 2547 978 2601 obtinet
1034 2548 1271 2601 :boreas
1316 2562 1445 2601 vero
1508 2548 1915 2602 exbalationmn
1994 2551 2340 2605 multitudine

765 2640 938 2691 nubes
963 2654 1178 2707 semper
1203 2640 1477 2699 absorbet.
1528 2655 1589 2691 ac
1614 2640 1961 2693 serenitatem
1986 2640 2216 2705 inducit,
2239 2642 2343 2696 nisi

764 2730 991 2800 frigidus
1010 2732 1172 2785 fuerit
1194 2749 1206 2783 :
1228 2732 1269 2783 si
1295 2748 1425 2786 vero
1444 2731 1605 2786 fuerit
1636 2732 1882 2803 frigidus,
1911 2735 2345 2804 vaporesspissat

769 2824 1132 2891 indcnsatque
1166 2834 1456 2892 antequam
1489 2826 1689 2878 nubem
1719 2834 2078 2887 summoveat,
2111 2826 2344 2894 facitque

767 2915 1022 2979 pluviam.
1044 2918 1218 2983 Atque
1239 2916 1495 2969 contrarii
1524 2916 1742 2985 quidem
1768 2916 1911 2971 venti
1934 2917 2137 2986 spirare
2154 2920 2339 2971 eodem

764 3014 1008 3074 tempore
1024 3018 1130 3058 non
1155 3015 1405 3074 possunt.
1431 3006 1529 3071 Qui
1559 3010 1874 3076 porroapud
1906 3024 2004 3062 nos
2028 3008 2117 3062 ﬂat
2137 3020 2337 3075 auster,

2447 554 2599 623 ρινῆς
2624 551 2887 620 ἀνατολῆς
2912 550 3110 615 ἔξεισιν
3166 551 3195 603 6
3248 546 3431 621 εὖρος,
3456 552 3564 604 ἀπὸ
3590 552 3645 604 δὲ
3675 554 3774 622 τῆς
3804 554 4022 625 θερινῆς

2444 643 2649 704 δύσεως
2686 646 2809 695 πνεῖ
2858 643 3152 712 ἀργέστης,
3212 642 3272 697 δν
3325 643 3354 695 6
3419 644 3758 712 Πτολεμαῖος
3816 647 4019 713 ἰάπυγα

2446 734 2870 804 προσαγορεύει.
2915 734 3025 788 Καὶ
3076 728 3224 787 οὗτοι
3275 735 3375 804 μὲν
3404 736 3454 786 οί
3482 734 3627 787 ὀκτὼ
3658 736 3851 805 ἄνεμοι
3884 739 4023 790 κατά

2444 824 2729 893 διάμετρον
2756 824 2999 894 ἀλλήλων
3022 824 3179 878 είσίν.
3202 825 3429 895 Ἕτερος
3459 826 3513 878 δὲ
3540 826 3742 896 ἄνεμος
3772 828 3880 880 ἀπὸ
3925 831 4019 895 τῆς

2450 918 2575 981 μιᾶς
2605 914 2781 983 τομῆς
2816 917 2930 969 ἐστι
2961 913 3056 967 τοῦ
3089 916 3354 984 ἀρκτικοῦ
3403 916 3591 982 πόλου,
3645 918 3741 970 καὶ
3777 918 4019 971 καλεῖται

2449 1006 2640 1075 βορέας
2717 1007 2749 1073 ἢ
2829 1007 3038 1075 μέσης,
3120 1007 3325 1075 μεταξὺ
3392 1010 3568 1061 πνέων
3636 1009 3853 1061 καικίου
3929 1026 4020 1074 κον

2446 1099 2771 1165 ἀπαρκτίου.
2826 1098 3018 1160 Ἀλλος
3068 1096 3124 1149 δὲ
3176 1098 3284 1150 ἀπὸ
3331 1099 3427 1168 τῆς
3477 1100 3641 1169 ἄλλης
3694 1099 3870 1167 τομῆς
3924 1101 4017 1152 τοῦ

2446 1187 2730 1257 ἀρκτικοῦ,
2768 1188 2870 1241 καὶ
2904 1189 3151 1241 καλεῖται
3184 1183 3337 1250 οὗτος
3375 1190 3663 1259 θρασκίας,
3706 1192 3908 1259 μεταξὺ
3945 1190 4019 1241 ὢν

2446 1280 2755 1347 ἀπαρκτίου
2813 1280 2907 1333 καὶ
2964 1280 3213 1346 ίάπυγος.
3268 1281 3437 1333 Πάλιν
3482 1282 3537 1333 δὲ
3584 1282 3692 1333 ἀπὸ
3743 1281 3842 1348 της
3889 1282 4019 1347 μιᾶς

2446 1372 2619 1439 τομῆς
2651 1372 2747 1423 τοῦ
2782 1371 2956 1424 νοτίου
2995 1372 3158 1424 πόλου
3190 1376 3311 1424 πνεῖ
3345 1374 3371 1423 6
3400 1373 3681 1441 εὐρόνοτος
3713 1372 3914 1441 μεταξὺ
3942 1372 4017 1424 ὢν

2448 1462 2609 1527 εὔρου
2675 1463 2769 1513 καὶ
2828 1463 3005 1514 νότου.
3061 1462 3191 1514 Ἀπὸ
3236 1462 3290 1514 δὲ
3337 1463 3435 1529 τῆς
3503 1464 3695 1532 ἐτέρας
3763 1466 3934 1533 τομῆς
3991 1466 4018 1513 6

2448 1550 2741 1614 λιὸὁνοτος,
2780 1552 2984 1615 μεταξὺ
3014 1551 3088 1603 ὢν
3113 1552 3260 1613 λιϐὸς
3299 1554 3391 1604 καὶ
3418 1552 3593 1613 νότου,
3626 1552 3682 1614 δς
3714 1555 3809 1605 καὶ
3834 1555 4014 1605 Φοινι-

2450 1641 2570 1703 κίας
2607 1642 2871 1694 καλεῖται.
2905 1644 3013 1693 Καὶ
3048 1641 3113 1693 τά
3149 1641 3244 1710 μὲν
3276 1641 3459 1709 βόρεια
3509 1644 3819 1711 πνεύματα,
3851 1643 4017 1713 πολλὰ

2452 1731 2571 1799 μὲν,
2605 1733 2703 1782 οὐκ
2732 1730 2923 1783 εὔτονα
2958 1732 3032 1791 δὲ,
3087 1733 3172 1784 διὰ
3226 1736 3286 1782 τὸ
3312 1734 3420 1784 ἀπὸ
3477 1732 3675 1800 πολλῆς
3716 1732 4016 1799 ὑγρότητος

2452 1823 2619 1873 πνεῖν·
2646 1823 2710 1873 τὰ
2736 1823 2789 1874 δὲ
2813 1823 2959 1873 νότια
2986 1822 3140 1887 ὀλίγα
3166 1822 3263 1890 μὲν
3285 1821 3370 1873 διὰ
3386 1823 3481 1891 τὴν
3508 1821 3710 1875 ἔνδειαν
3737 1822 3835 1889 τῆς
3863 1821 4017 1888 ὕλης,

2451 1913 2643 1966 εΰτονα
2686 1913 2746 1965 δὲ
2801 1913 2887 1964 διὰ
2932 1913 3029 1978 τὴν
3064 1913 3163 1979 τῆς
3196 1913 3298 1977 γῆς
3329 1911 3623 1981 ξηρότητα.
3660 1911 3878 1963 Τούτων
3910 1912 4013 1963 τῶν

2451 2005 2669 2073 ἀνέμων
2725 2003 3036 2069 ὲπινὲφελοι
3102 2002 3198 2070 μὲν
3248 2003 3470 2064 καικίας
3505 2002 3598 2053 καὶ
3648 2001 3863 2070 βορέας,
3908 2002 4014 2053 ἀπ-

2451 2094 2681 2165 αρκτίας
2711 2108 2729 2123 ⁸
2786 2094 3113 2161 ἀστραπαῖοι
3152 2092 3208 2144 δὲ
3256 2090 3468 2160 βορέας,
3525 2090 3851 2158 ἀπαρκτίας,
3888 2088 4015 2157 09.2-

2453 2186 2611 2246 σκίας
2668 2186 2756 2236 καὶ
2812 2185 3107 2252 ἀργέστης.
3148 2182 3435 2247 Ἐκνεφίας
3496 2181 3551 2232 δὲ
3591 2183 3617 2233 ὁ
3670 2181 3871 2250 βορρᾶς
3923 2181 4018 2231 καὶ

2453 2277 2755 2347 νεφελώδης
2790 2280 2885 2347 μὲν
2917 2279 3088 2344 μέσης
3122 2276 3213 2329 καὶ
3241 2276 3576 2346 ἀπαρκτίας,
3608 2273 3923 2341 χαλαζώδης
3960 2272 4015 2325 δὲ

2452 2372 2759 2439 ἀπαρκτίας
2788 2372 2881 2422 καὶ
2915 2369 3180 2439 θραςκίας
3217 2368 3310 2420 καὶ
3333 2366 3621 2437 ἀργέστης,
3654 2365 4015 2433 καυματώδης

2450 2462 2504 2515 δὲ
2536 2461 2685 2522 νότος
2715 2460 2810 2512 καὶ
2848 2460 3081 2529 ζέφυρος
3108 2460 3200 2513 καὶ
3237 2454 3416 2527 εὖρος.
3454 2459 3511 2510 ’0
3544 2458 3597 2509 δὲ
3626 2459 3857 2527 ζέφυρος
3898 2459 4016 2509 κατ’

2452 2554 2639 2605 οὐσίαν
2676 2553 2773 2621 μέν
2802 2554 2915 2604 ἐστι
2964 2552 3191 2621 ψυχρὸς,
3225 2551 3359 2603 καθὸ
3391 2551 3446 2602 δὲ
3484 2551 3540 2603 ὲν
3568 2550 3643 2620 τῷ
3694 2549 3840 2620 θέρει
3894 2552 4018 2601 πνεῖ

2452 2646 2805 2714 νοθευόμενος
2835 2644 3211 2712 θερμαίνεται,
3250 2647 3277 2697 6
3309 2644 3364 2696 δὲ
3394 2644 3585 2713 βορέας
3616 2643 3703 2695 διὰ
3726 2643 3782 2695 τὸ
3816 2642 4015 2709 πλῆθος

2449 2737 2550 2804 τῆς
2574 2736 2993 2804 ἀναθυμιάσεως
3018 2736 3104 2789 ἀεὶ
3130 2735 3391 2787 ἀποσοϐεῖ
3422 2735 3488 2786 τὰ
3517 2736 3676 2802 νέφη,
3709 2734 3803 2786 καὶ
3833 2734 4015 2786 εὐδίαν

2452 2828 2613 2892 ποιεῖ,
2657 2827 2795 2895 πλὴν
2840 2828 2969 2878 ὅταν
3026 2827 3099 2895 μὴ
3149 2826 3354 2895 ψυχρός
3383 2836 3397 2852 ⁸
3446 2827 3494 2876 εἰ
3544 2825 3599 2876 δὲ
3652 2825 3735 2891 εἴη
3786 2823 4012 2891 ψυχρὸς.

2452 2919 2681 2987 παχύνει
2712 2919 2808 2987 τὴν
2834 2918 3035 2986 ἀτμίδα
3061 2919 3188 2987 πρὶν
3224 2918 3255 2985 ἢ
3284 2917 3618 2985 ἀποσοϐῆσαι
3650 2916 3710 2967 τὸ
3739 2916 3897 2982 νέφος
3922 2916 4018 2967 κα).

2454 3013 2595 3062 ποιεῖ
2626 3010 2798 3062 ὑετόν.
2854 3010 2964 3061 Καὶ
2994 3011 3042 3060 οί
3079 3010 3177 3075 μὲν
3232 3009 3354 3059 κατ’
3406 3010 3662 3074 ἄντικρυς
3710 3009 3899 3074 ἄνεμοι
3952 3006 4014 3059 οὐ

768 3112 875 3148 non
907 3111 935 3149 a
980 3098 1101 3165 polo
1153 3098 1376 3153 australi
1439 3099 1550 3156 sire
1622 3110 1809 3154 austro
1869 3100 2014 3154 orbis
2074 3109 2339 3155 terrarum
2371 3094 2412 3150 C
2447 3101 2521 3153 δύη

2258 3118 2339 3154 mn
2371 3094 2412 3150 C
2447 3101 2698 3153 δύνανται
2729 3100 2844 3168 ἅμα
2882 3103 3053 3152 πνεῖν.
3094 3100 3153 3151 '0
3186 3100 3389 3151 δὲκαθ’
3424 3101 3570 3167 ἡμᾶς
3599 3100 3749 3159 νότος
3778 3099 3878 3149 οὐκ
3908 3099 4014 3150 ἀπὸ

762 3187 950 3255 spirat,
980 3188 1076 3243 sed
1096 3189 1165 3243 ab
1194 3189 1383 3243 aestivo
1417 3190 1645 3259 tr0pico.

1280 3371 1398 3423 lll.
1434 3372 1507 3424 De
1547 3374 1792 3439 typlioue.

836 3462 1062 3532 Typhon
1086 3465 1231 3516 venti
1268 3480 1440 3532 genus
1472 3475 1555 3518 est
1582 3465 1725 3533 quod
1753 3464 2020 3520 llomerus
2046 3469 2335 3533 procellam

771 3564 944 3617 vocat,
977 3556 1297 3609 Aristoteles
1327 3556 1641 3626 typhonem,
1669 3558 1814 3626 quod
1860 3560 2061 3613 densus
2088 3560 2176 3613 hic
2230 3562 2339 3630 spi-

778 3645 915 3697 ritus
950 3643 1497 3700 romeretverberat
1548 3663 1611 3702 ac
1651 3648 1946 3717 prosternit
1988 3650 2247 3720 quidquid
2288 3651 2336 3705 ei

766 3754 823 3794 se
854 3738 1129 3792 obtulerit.
1156 3739 1332 3793 Causa
1365 3740 1485 3807 ejus
1508 3751 1636 3795 sunt
1666 3742 1963 3798 crassiores
1989 3755 2215 3812 vapores
2240 3745 2337 3798 de-

768 3831 1255 3898 superenubihus
1319 3824 1463 3885 recta
1523 3832 1777 3887 deorsum
1834 3834 2228 3889 descendentes
2284 3834 2336 3886 in

771 3930 965 3976 terram
998 3924 1079 3977 vel
1107 3924 1161 3977 in
1197 3939 1367 3986 mare,
1400 3925 1493 3991 qui
1552 3926 1605 3977 in
1665 3925 2004 3979 resistentem
2048 3926 2333 3994 quamdam

768 4017 1073 4070 incidentes
1104 4017 1389 4070 materiam
1435 4026 1581 4071 retro
1614 4018 1908 4086 pelluntur.
1943 4016 2173 4082 Quando
2216 4018 2337 4086 qui-

766 4112 888 4162 όιςιιι
918 4124 1047 4163 vero
1078 4126 1397 4178 repercussa
1454 4110 1647 4163 horum
1707 4125 1836 4178 pars
1888 4118 2107 4177 propter
2148 4124 2335 4162 succe-

765 4204 957 4256 dentes
1017 4204 1152 4257 alios
1226 4220 1452 4273 vapores
1526 4219 1809 4273 resurgere
1880 4203 2217 4272 prohibetur,
2267 4201 2334 4254 ad

765 4293 982 4361 obliqua
1010 4293 1258 4347 feruntur
1289 4294 1762 4363 perfringuntque,
1814 4303 1977 4363 atque
2040 4295 2200 4349 etiam
2262 4294 2333 4346 ihi

765 4386 1183 4440 occurrentibus
1210 4402 1329 4456 queo
1352 4386 1665 4441 renituntur
1688 4387 1808 4440 aliis
1840 4387 2104 4454 partibus,
2137 4387 2331 4439 iterum

2443 3192 2600 3243 νότου
2632 3190 2725 3243 τοῦ
2759 3191 2957 3254 παντὸς
2986 3193 3129 3254 πνεῖ,
3179 3191 3293 3243 ἀλλ’
3346 3191 3451 3245 ἀπὸ
3496 3189 3587 3243 τοῦ
3635 3187 3847 3259 θερινοῦ
3887 3203 4010 3256 τρο-

2445 3280 2624 3333 nam").

2915 3380 3041 3441 pza'.
3080 3373 3217 3440 Περὶ
3250 3371 3546 3440 τυρῶν-ος.

2525 3466 2582 3517 Ὀ
2610 3464 2794 3534 τυφὼν
2821 3463 3017 3531 ἄνεμός
3044 3465 3215 3527 ἐστιν,
3245 3465 3303 3516 ὃν
3331 3466 3356 3515 6
3394 3464 3490 3530 μὲν
3520 3463 3766 3531 Ὅμηρος
3788 3461 4012 3513 θύελλαν

2440 3556 2717 3625 ὀνομάζει,
2764 3556 2790 3606 6
2842 3556 2895 3607 δὲ
2937 3557 3314 3625 Ἀριστοτέλης
3348 3556 3457 3609 ἀπὸ
3479 3556 3573 3607 τοῦ
3605 3556 3749 3623 παχῦ
3784 3550 3921 3605 εἶναι
3952 3555 4011 3603 το

2442 3648 2681 3718 πνεῦμα,
2744 3651 2840 3702 καὶ
2868 3643 2979 3700 οἷον
3010 3647 3213 3701 τύπτον
3272 3649 3332 3700 τὸ
3379 3648 3711 3719 παρατυχδν,
3763 3649 4007 3714 rosam.

2440 3744 2597 3796 Λίτία
2645 3742 2701 3794 δὲ
2744 3742 2960 3805 τούτου,
2995 3743 3159 3810 ἀτμὶς
3192 3744 3391 3810 παχεῖα
3423 3741 3627 3794 ἄνωθεν
3662 3741 3771 3793 ἀπὶ.
3792 3741 3897 3791 τῶν
3926 3758 4009 3791 νε-

2442 3835 2558 3903 φῶν
2590 3834 2863 3904 φερομένη
2903 3834 3021 3885 κατ’
3053 3833 3183 3886 εὐθὺ
3237 3834 3329 3884 ἐπὶ
3359 3833 3420 3885 τὸ
3456 3833 3739 3895 κάταντες,
3786 3832 3818 3901 ἧ
3868 3833 4009 3886 κατὰ

2439 3930 2537 3996 τῆς
2594 3926 2895 3993 θαλάσσης,
2944 3927 3064 3994 ἦτις
3110 3926 3521 3995 προσπταίουσα
3572 3926 3678 3976 τινλ⁵
3730 3924 4009 3992 ἀντιτύπῳ

2439 4018 2665 4086 ὀνόματι
2713 4015 3082 4069 ἀναπάλλεται
3118 4016 3196 4077 είς
3248 4016 3514 4067 τούπίσω.
3563 4015 3779 4084 Ἐπειδὴ
3802 4015 3857 4067 δὲ
3900 4033 4008 4067 κω-

2437 4110 2622 4162 λύεται
2678 4109 2737 4160 τδ
2786 4108 3248 4176 ἀντιπαλλόμενον
3278 4106 3445 4159 αὐτοῦ
3475 4108 3637 4174 μέρος
3662 4108 3739 4167 είς
3768 4108 4008 4159 τούπίσω

2438 4200 2842 4257 ἀναπάλλεσθαι
2914 4200 3018 4252 ὑπὸ
3070 4199 3165 4251 τοῦ
3219 4198 3443 4252 δπισθεν
3514 4198 4007 4261 ἐπακολουθοῦντος

2438 4293 2604 4348 αὑτοῦ
2636 4294 2855 4363 μέρους,
2877 4293 2968 4345 ἐπὶ
2992 4292 3058 4344 τὰ
3090 4292 3293 4359 πλάγια
3314 4291 3617 4355 διακλᾶται,
3640 4286 3757 4343 εἷτα
3786 4292 4006 4343 κάκεῖσε

2437 4385 2713 4454 ἀντιτύπῳ
2771 4386 3151 4451 συναντήσασα
3204 4385 3381 4451 μέρει,
3429 4383 3587 4436 πάλιν
3633 4381 4004 4451 σκορπίζεται,

767 4480 1154 4548 disperguntur
1231 4455 1554 4546 faciuntque
1608 4478 1838 4533 helicem
1882 4478 1995 4533 sive
2066 4455 2405 4533 vorticem”
2441 4479 2523 4531 ml

2248 4492 2338 4531 ett}
2364 4455 2405 4509 θ
2441 4479 2532 4531 καὶ
2565 4476 2771 4544 γίνεται
2804 4475 2939 4540 ἕλιξ,
2969 4477 3082 4546 ἦτοι
3120 4475 3391 4543 συστροφὴ
3447 4473 3540 4525 τοῦ
3574 4475 3795 4541 ἀνέμου,
3851 4490 4004 4542 μετε-

768 4570 930 4631 νθιιέί,
962 4569 1051 4639 qui
1078 4586 1106 4623 a
1143 4579 1281 4623 terra
1307 4578 1361 4622 et
1394 4585 1423 4622 a
1452 4568 1587 4621 mari
1619 4568 1669 4621 in
1692 4569 1924 4623 sublime
1981 4570 2156 4622 allolit
2190 4585 2336 4637 qum-

769 4677 980 4731 eunque
1008 4678 1235 4729 corpora
1259 4660 1714 4730 ,apprehenderit.
1748 4661 1847 4716 llic
1864 4671 1947 4715 cst
1969 4670 2333 4730 ventusqnem

770 4756 1015 4807 nonnulli
1042 4756 1339 4824 typhoncm
1374 4752 1671 4821 appellant.

1276 4844 1397 4897 ΗΞ.
1434 4843 1507 4895 Dc
1540 4844 1801 4911 ecneplu'a.

829 4936 1128 5003 Ecnephias
1150 4936 1312 4992 etiam
1353 4950 1524 5006 genus
1549 4942 1653 4999 est,
1690 4948 1990 5004 parumque
2018 4948 2048 4986 a
2100 4932 2335 5002 typhone

766 5033 1062 5083 diversum.
1118 5028 1223 5082 Sed
1261 5044 1367 5082 non
1396 5028 1639 5083 cernitur
1691 5027 2008 5097 ecnephias,
2042 5026 2213 5080 oculis
2241 5042 2336 5079 au-

768 5132 877 5174 tem
909 5122 1149 5173 sentitur
1186 5119 1375 5189 typho,
1418 5127 1605 5188 utpote
1641 5118 1734 5187 qui
1761 5118 2153 5173 crassissimam
2225 5133 2335 5171 ma-

766 5215 977 5276 teriam,
1005 5227 1232 5281 vapores
1267 5210 1587 5283 fuliginnsos
1617 5228 1680 5264 ex
1710 5212 1852 5264 nube
1914 5228 2098 5263 serum
2168 5208 2328 5262 \‘ehil.

770 5305 1101 5373 Ecncphiam
1131 5304 1275 5372 sopit
1306 5304 1505 5371 pluvia,
1544 5302 1636 5357 sed
1670 5303 1890 5369 typhoni
1940 5300 2334 5369 compescetth

772 5398 948 5463 impar
993 5404 1094 5457 est,
1122 5395 1210 5462 qui
1260 5408 1289 5447 a
1320 5394 1519 5447 boreali
1564 5403 1725 5447 ventu
1759 5392 1963 5446 tollitur
2011 5402 2062 5443 et
2125 5392 2332 5443 exstin-

765 5488 964 5554 ;ziIEtur.
993 5486 1135 5539 Nihil
1170 5486 1313 5539 aliud
1346 5501 1507 5555 porro
1550 5495 1633 5539 est
1674 5483 1973 5553 ecnephias
2042 5484 2335 5537 vehemens

767 5592 928 5645 quam
958 5578 1139 5644 typho,
1171 5586 1226 5631 et
1260 5582 1424 5647 typho
1453 5576 1710 5631 remissus
1759 5576 1900 5631 hami
1964 5575 2208 5630 diversus
2254 5585 2337 5628 est

772 5673 840 5726 ab
869 5670 1149 5740 ecnephia.
1186 5672 1397 5741 Saepius
1430 5680 1484 5723 ct
1514 5688 1576 5724 ex
1611 5671 1820 5738 frigidis
1870 5672 1979 5724 oris
2040 5688 2133 5739 per
2162 5671 2331 5727 calida

774 5758 889 5810 loca
912 5758 1183 5826 spirantes
1212 5768 1260 5812 et
1298 5760 1506 5812 alterati
1542 5760 1683 5814 venti
1716 5758 1842 5814 ﬂant
1877 5762 2128 5827 calidum,
2164 5769 2215 5814 et
2268 5777 2331 5815 cx

2439 4571 2711 4639 ωρίζουσα
2738 4570 2830 4622 καὶ
2859 4570 2965 4622 ἀπὸ
2993 4570 3089 4635 τῆς
3115 4569 3239 4635 γῆς,
3271 4568 3364 4619 καὶ
3381 4565 3615 4635 ἀπὺ-τῆς
3650 4564 3918 4635 θαλάττης
3940 4565 4006 4618 τὰ

2438 4663 2764 4732 ἐπιτυχόντα
2796 4661 3048 4731 σώματα.
3079 4656 3246 4722 Οὗτός
3278 4660 3424 4711 ἐστιν
3449 4662 3475 4711 ὁ
3509 4660 3708 4729 ἄνεμος
3740 4661 3767 4711 6
3806 4658 4003 4712 καλού-

2442 4767 2597 4818 μενος
2628 4751 2783 4816 παρά
2811 4766 2972 4802 τινων
2992 4749 3195 4815 τυφῶν.

2902 4838 3023 4909 ριβ’.
3051 4840 3187 4907 Περὶ
3216 4838 3521 4907 ἐκνεφιόυ.

2492 4936 2750 5005 ν”Ᾱνεμός
2801 4935 2916 4988 ἐστι
2952 4933 3044 4987 καὶ
3078 4934 3105 4984 6
3160 4932 3415 4999 ἐκνεφίας
3451 4931 3633 4999 σχεδον
3663 4935 3688 4985 ὀ
3722 4931 3881 4994 αὐτὸς
3932 4933 4008 4999 τῷ

2438 5027 2665 5094 τυφῶνι.
2694 5026 2840 5094 Πλὴν
2864 5028 2891 5079 6
2925 5026 3019 5093 μὲν
3044 5024 3297 5090 ἐκνεφίας
3325 5025 3419 5092 οὐχ
3445 5025 3707 5094 όρᾶται,”ὀ
3742 5023 3798 5075 δὲ
3823 5023 4008 5092 τυῳῶν

2437 5121 2651 5187 ὁρᾶται,
2685 5119 2773 5171 διὰ
2821 5118 2881 5169 τὸ
2931 5114 3420 5184 παχυμερεστὲραν
3449 5116 3639 5165 οὖσίαν
3686 5113 4007 5180 συνεφέλκε-

2440 5211 2563 5267 σθαι
2594 5212 2656 5262 ὲκ
2702 5208 2796 5261 τοῦ
2826 5209 3022 5275 νέφους
3056 5207 3151 5275 τὴν
3180 5204 3437 5272 καπνώδη
3469 5204 3857 5272 ἀναθυμίασιν.
3900 5205 4006 5255 Καὶ

2436 5301 2528 5353 τὸν
2552 5301 2813 5367 ὲκνεφίαν
2841 5298 3003 5349 παύει
3036 5297 3208 5358 ὑετὸς,
3245 5298 3333 5347 τὸν
3364 5297 3417 5347 δὲ
3452 5296 3672 5363 τυφῶνα
3698 5296 3795 5363 οὑχ
3823 5296 4003 5357 ἱκανός

2440 5395 2555 5445 ἐστι
2585 5392 2815 5455 παῦσαι,
2880 5392 2993 5444 ἀλλ’
3032 5392 3058 5442 6
3090 5390 3285 5457 βορέας
3335 5389 3497 5440 αὑτὸν
3551 5387 3999 5441 κατασϐέννυσιν.

2439 5486 2607 5539 Οὐδὲν
2648 5484 2703 5535 δὲ
2749 5483 2935 5551 ἕτερόν
2976 5484 3122 5533 ἐστιν
3158 5480 3432 5549 ἐκνεφίας,
3470 5479 3501 5549 ἣ
3537 5478 3718 5544 τυφῶν
3749 5481 3998 5531 ἐπιτετα-

2442 5578 2619 5646 μένος,
2655 5577 2747 5627 καὶ
2781 5576 2903 5627 ὅσον
2939 5574 3037 5642 μὲν
3091 5574 3229 5627 κατά
3252 5572 3310 5625 τὸ
3342 5568 3479 5634 εἶδος
3510 5570 3705 5623 ταυτόν
3730 5571 3877 5622 ἐστιν
3915 5570 4003 5619 ὲκ-

2438 5669 2626 5735 νεφίας
2662 5670 2756 5721 καὶ
2784 5668 2996 5733 τυφῶν,
3031 5666 3170 5717 κατά
3200 5665 3253 5716 δὲ
3286 5665 3384 5732 τὴν
3410 5666 3665 5715 ἐπίτασιν
3696 5664 3789 5716 καὶ
3820 5663 4002 5715 ἄνεσιν

2435 5760 2801 5831 διαφέρουσιν.
2844 5759 2899 5810 Ὀ
2932 5757 3033 5828 μιν
3062 5760 3170 5826 γὰρ
3196 5756 3377 5825 τυφῶν
3429 5756 3818 5825 ἑπιτεταμένος
3848 5751 3999 5807 ἐστὶν
