4446 6446
460 410 555 470 ῖ.’›7

1588 410 1682 468 DE
1710 409 2140 469 OMNIFARIA
2173 410 2573 470 DOCTRINA.

3587 420 3698 486 758

458 551 730 619 ἐκνεφίας,
763 553 788 602 ό
821 550 874 602 δὲ
900 549 1151 617 ἐκνεφίας
1190 547 1470 615 ἀνειμένος
1528 547 1733 616 τυφῶν.
1754 547 2021 612 Πολλάκις
2053 555 2095 611 Α
2128 550 2206 604 cal

1939 565 2021 612 κις
2053 555 2095 611 Α
2128 549 2315 604 calidis
2351 550 2542 605 ﬂantes
2576 551 2627 604 in
2661 550 2838 606 medio
2878 549 3085 621 trigidae
3123 553 3366 623 permisti
3421 570 3566 612 aura:
3599 558 3695 612 fri-

463 644 578 712 μὲν,
627 644 674 693 oi
715 642 813 711 μὲν
851 640 958 693 ἀπὸ
991 639 1214 709 ψυχρῶν
1260 638 1441 691 τόπων
1494 639 1748 701 πνέοντες
1807 639 2015 707 ἄνεμοι,

458 737 797 803 νοθευόμενοι
828 735 913 787 διὰ
939 735 1104 804 μέσου
1135 734 1352 803 θερμῶν
1386 732 1568 784 τόπων
1601 731 1793 801 θερμοὶ
1844 733 2238 788 καταπνέουσιν
2265 750 2279 764 ·
2340 735 2391 786 οἱ
2443 733 2499 787 δὲ
2567 734 2674 786 ἀπὸ
2742 735 2960 805 θερμῶν
3026 737 3416 808 κεραννύμενοι

460 829 548 883 διὰ
589 829 756 898 μέσον
788 828 935 901 ἀέρι,
962 826 1157 896 ψυχροὶ
1188 825 1552 895 διαρρέουσιν.

915 918 1038 988 ριγῖ
1078 917 1214 984 Περὶ
1250 916 1573 982 κεραυνῶν.

542 1011 598 1063 Ὀ
623 1012 881 1081 κεραυνὸς
907 1011 1006 1062 οὐκ
1052 1009 1161 1079 ἔχει
1197 1009 1255 1062 τὸ
1292 1011 1507 1076 φλέγον,
1535 1008 1877 1078 λεπτομερὴς
1915 1007 2020 1077 γάρ

459 1106 607 1155 ἐστιν
642 1104 674 1171 ἠ
708 1102 865 1154 οὐσία
906 1100 1090 1164 αὐτοῦ,
1144 1101 1265 1153 ὅθεν
1321 1102 1528 1170 ταχέως
1557 1100 1904 1169 διερχόμενος
1956 1100 2022 1153 τὰ

459 1195 687 1261 σώματα
745 1194 831 1245 διὰ
882 1195 979 1263 τὴν
1026 1193 1331 1261 λεπτότητα
1386 1194 1446 1245 ού
1482 1194 1814 1259 καταφλέγει
1860 1194 2017 1247 αὐτά.

459 1286 652 1340 Ἔνθεν
676 1303 756 1338 τοι
779 1287 874 1338 καὶ
902 1303 960 1337 κε
973 1285 1163 1355 ραυνος
1191 1284 1500 1352 ὠνόμασται
1526 1283 1632 1336 ἀπὸ
1656 1284 1747 1336 τοῦ
1778 1287 2019 1356 εὐκραὴς

455 1373 595 1429 εἶναι
648 1376 743 1428 καὶ
790 1377 864 1445 μὴ
912 1376 1151 1443 φλέγειν.
1202 1377 1348 1429 Πάνυ
1382 1376 1488 1444 γὰρ
1519 1374 2020 1445 λεπτομερέστερος

452 1472 550 1535 ὢν,
581 1468 655 1530 ὡς
681 1468 915 1539 εἴρηται,
934 1467 1167 1530 ὀξύτατα
1196 1466 1255 1519 τὸ
1286 1466 1441 1535 σῶμα
1467 1466 1673 1531 δίεισιν,
1709 1465 1847 1518 ὥστε
1882 1467 2018 1535 μήτε

454 1561 654 1623 καίειν,
718 1560 856 1627 μήτε
906 1558 1203 1627 μελαίνειν.
1238 1555 1400 1609 Ὀθεν
1454 1556 1545 1608 καί
1601 1574 1743 1617 τινες
1801 1556 2017 1625 ἀργῆτα

452 1650 639 1702 τοῦτον
659 1649 1011 1718 ὠνομάκασιν
1037 1649 1156 1719 ἦτοι
1189 1649 1458 1718 λαμπρόν.
1493 1650 1547 1701 Ἀ
1560 1649 1685 1716 ργὸν
1717 1648 1775 1699 τὸ
1800 1648 2011 1700 λευκόν.

453 1742 516 1793 ΕΞ
544 1742 652 1810 γὰρ
685 1740 795 1809 πῦρ
849 1743 963 1792 ἐστι
999 1740 1092 1792 καὶ
1144 1742 1302 1806 φύσει
1334 1739 1445 1807 ἔχει
1494 1739 1554 1791 τὸ
1603 1738 1799 1801 καίειν,
1832 1737 1943 1791 ἀλλ’
1979 1740 2009 1804 ἡ

451 1831 717 1900 λεπτότης
742 1833 834 1883 καὶ
861 1833 891 1898 ὴ
928 1829 1165 1899 ταχύτης
1190 1830 1288 1896 τῆς
1308 1828 1481 1882 διόδου
1520 1829 1591 1898 μὴ
1625 1826 2013 1899 ἐγχρονίζουσα

2130 641 2233 711 gidi
2265 640 2507 695 afﬂuunt.

3500 739 3694 809 ψυχρῷ

2649 920 2732 973 15.
2781 919 2853 973 De
2876 921 3200 990 fulminibus.

2193 1011 2415 1065 Fulmen
2443 1027 2548 1065 non
2590 1011 2727 1066 solet
2760 1011 3070 1076 incendere,
3131 1014 3490 1070 substantiam
3543 1018 3689 1073 enim

2121 1103 2282 1157 habet
2313 1103 2743 1165 subtilissimam,
2774 1105 2917 1157 unde
2954 1120 3178 1174 corpora
3205 1106 3456 1161 celeriter
3511 1118 3692 1165 trans-

2119 1194 2300 1249 eundo
2336 1206 2555 1266 propter
2587 1196 2940 1250 subtilitatem
2963 1211 3024 1250 ea
3056 1212 3161 1249 non
3207 1197 3518 1254 inﬂammat.
3561 1198 3689 1254 Inde

2121 1297 2176 1341 et
2214 1287 2415 1344 Graecis
2444 1290 2620 1344 dictus
2670 1289 2935 1359 κεραυνὸς
2958 1289 3113 1358 quasi
3146 1289 3389 1359 εύκραὴς
3418 1293 3563 1359 quod
3604 1292 3685 1346 fa-

2120 1378 2222 1433 cile
2261 1389 2525 1449 permeet,
2558 1396 2735 1449 neque
2768 1383 2904 1435 adeo
2936 1380 3196 1435 accendat
3224 1399 3237 1448 ;
3272 1381 3687 1438 subtilissimum

2118 1471 2262 1523 enim
2299 1485 2420 1525 cum
2457 1471 2558 1533 sit,
2585 1479 2642 1523 ut
2670 1471 2803 1535 dixi,
2823 1470 3107 1525 celerrime
3137 1486 3336 1541 corpus
3366 1473 3688 1541 pervaditut

2119 1575 2217 1614 nec
2246 1559 2543 1615 inﬂammet
2566 1576 2743 1630 neque
2780 1564 2995 1633 nigrum
3021 1563 3203 1624 faciat,
3259 1563 3403 1618 unde
3433 1575 3489 1618 et
3548 1579 3687 1619 non-

2118 1650 2249 1703 nulli
2279 1659 2472 1704 vocant
2522 1651 2741 1720 ἀργῆτα
2797 1653 2911 1705 sive
2980 1653 3240 1714 candens,
3319 1653 3491 1723 ἀργὸν
3539 1654 3685 1709 cnim

2119 1740 2404 1795 candidum
2429 1741 2714 1807 signiﬁcat.
2744 1742 3064 1809 Quanquam
3098 1742 3242 1796 enim
3298 1742 3501 1797 fulmen
3550 1745 3686 1814 ignis

2122 1837 2227 1893 cst,
2290 1830 2431 1899 quod
2484 1839 2675 1885 natura
2735 1834 2841 1887 urit
2891 1842 2945 1885 at
3004 1834 3273 1887 subtilitas
3319 1832 3686 1903 velocitasque

457 1924 533 1992 τῷ
567 1923 779 1993 σώματι
818 1922 1086 1976 ἄκαυστον
1116 1920 1275 1973 τοῦτο
1328 1922 1409 1990 ἐᾷ.
1462 1923 1577 1975 Πᾶν
1610 1922 1717 1989 γὰρ
1746 1920 1807 1972 τὸ
1834 1923 2006 1983 καῖον,
2045 1928 2085 1981 Β
2116 1928 2213 1972 trat

1927 1938 2006 1983 ον,
2045 1928 2085 1981 Β
2116 1921 2377 1975 transitus
2399 1936 2508 1976 non
2564 1936 2661 1991 per
2711 1933 3045 1977 momentum
3103 1924 3403 1978 immorans
3444 1927 3681 1995 corpori,

449 2018 511 2069 οὐ
546 2016 704 2085 μόνον
738 2015 1003 2085 μεγέθους
1024 2013 1225 2066 οἰκείου
1253 2014 1424 2066 δεῖται
1461 2015 1629 2083 πυρὸς
1665 2014 1758 2065 τοῦ
1791 2014 2008 2077 καῦσαι,

448 2107 584 2160 ἀλλὰ
614 2108 707 2159 καὶ
751 2106 845 2159 τοῦ
897 2108 990 2159 καὶ
1036 2104 1377 2175 ἐμϐραδῦναι
1420 2107 1499 2175 τῷ
1526 2105 1742 2175 καυστῴ
1779 2106 2008 2174 σώματι.

450 2195 607 2266 Παρὰ
628 2194 836 2263 ταύτην
864 2193 957 2248 οὖν
1000 2197 1100 2261 τὴν
1141 2193 1322 2248 αίτίαν
1353 2194 1413 2245 ού
1446 2194 1633 2260 φλέγει
1667 2197 1693 2246 ὁ
1728 2193 2008 2263 κεραυνός.

866 2468 983 2539 ριδ’.
1026 2468 1165 2536 Περὶ
1191 2467 1557 2536 πρηστῆρος.

528 2562 586 2613 Ὀ
640 2559 896 2631 πρηστὴρ
942 2560 1312 2627 καταφλέγει,
1363 2561 1439 2622 ὡς
1504 2560 1601 2612 καὶ
1655 2558 1786 2611 αὐτὸ
1862 2559 2011 2627 δηλοῖ

445 2650 702 2720 τοῦνομα.
728 2652 991 2721 Πρηστὴρ
1018 2653 1125 2718 γὰρ
1152 2650 1258 2702 ἀπὸ
1284 2649 1377 2703 τοῦ
1408 2649 1638 2719 πρήθειν
1664 2649 1696 2718 ἢ
1726 2651 2010 2719 ὲμπιπρᾷν

445 2742 782 2809 ὠνόμασται.
838 2741 1029 2806 Φλέγει
1062 2741 1118 2793 δὲ
1169 2741 1257 2793 διὰ
1304 2741 1365 2793 τὸ
1402 2739 1833 2792 συνεπισπᾶσθαι
1892 2738 2008 2807 μεθ’

446 2835 639 2888 ἑαυτοῦ
673 2833 1164 2903 παχυμερεστέραν
1219 2833 1409 2884 οὐσίαν
1441 2835 1502 2884 ἐκ
1532 2831 1626 2883 τοῦ
1674 2833 1867 2894 νέφους
1914 2832 2009 2883 καὶ

444 2927 649 2993 ταύτην
675 2910 974 2995 ἐμφυροῦν.
1015 2925 1220 2976 Τούτου
1275 2923 1330 2974 δέ
1364 2923 1679 2993 πρηστῆρος
1725 2922 1819 2972 καὶ
1874 2936 2008 2988 προσ

444 3020 657 3088 ηγεῖται
683 3016 816 3068 πνεῦ
827 3035 922 3085 μα,
952 3016 1045 3070 καὶ
1072 3016 1227 3069 τοῦτο
1254 3015 1409 3085 δῆλον
1430 3018 1491 3067 ὲκ
1514 3014 1628 3077 τοῦ,
1654 3012 1722 3064 τὰ
1747 3011 2007 3081 μέλλοντα

445 3111 842 3181 ἐμπίπρασθαι,
868 3111 1082 3179 πρῶτον
1106 3107 1324 3178 πνεῦμα
1349 3106 1440 3159 τοῦ
1460 3105 1771 3176 πρηστῆρος
1790 3102 2007 3163 θειῶδες

442 3205 500 3256 ὃν
531 3204 753 3271 πλήττει
785 3203 874 3253 καῖ
906 3202 1157 3269 ῥήγνυσι,
1212 3198 1333 3251 ὅθεν
1364 3196 1457 3249 καὶ
1495 3196 1562 3248 τὰ
1594 3194 2003 3265 κεραυνωθέντα

2118 2009 2247 2065 illud
2274 2012 2531 2082 relinquit
2578 2013 2702 2067 sine
2742 2013 2985 2069 ustione.
3048 2012 3321 2083 Quidquid
3348 2016 3492 2069 enim
3552 2016 3684 2079 urit.

2114 2114 2221 2154 non
2253 2102 2413 2157 modo
2438 2104 2811 2173 magnitudine
2842 2105 3023 2159 debita
3058 2104 3263 2175 indiget
3297 2105 3363 2165 ad
3394 2107 3681 2170 urendum,

2114 2192 2208 2245 sed
2242 2193 2405 2246 etiam
2436 2202 2496 2248 ut
2522 2195 2738 2263 corpori
2788 2196 2996 2251 urendo
3032 2210 3132 2266 per
3187 2196 3405 2265 aliquod
3471 2205 3685 2267 tempus

2110 2284 2456 2342 immoretur.
2493 2284 2574 2341 0b
2595 2286 2736 2341 hanc
2760 2285 2943 2356 itaque
2974 2302 3190 2343 causam
3212 2302 3337 2343 non
3384 2287 3684 2343 inﬂammat

2112 2393 2212 2431 nec
2232 2378 2339 2433 urit
2372 2378 2595 2433 fulmen.

2357 2470 2483 2525 114.
2518 2470 2591 2524 De
2614 2479 2845 2539 prestera
2866 2472 2974 2526 sive
3000 2473 3149 2541 igneo
3180 2473 3406 2528 turbine.

2182 2558 2395 2614 Prester
2426 2561 2665 2616 incendit
2689 2570 2745 2616 et
2776 2560 3093 2629 inﬂammat,
3123 2572 3182 2616 ut
3239 2564 3463 2619 nomine
3516 2565 3680 2619 etiam

2111 2649 2231 2717 ipso
2254 2651 2547 2706 indicatur.
2577 2652 2766 2706 Dictus
2812 2652 2960 2706 enim
3018 2661 3232 2722 prester
3282 2652 3485 2707 Gra-cis
3540 2663 3621 2708 est
3651 2670 3679 2707 a

2109 2741 2373 2795 vocabulo
2408 2743 2640 2812 πρήθειν
2685 2744 2827 2811 quod
2875 2744 3205 2797 acccendere
3248 2743 3531 2814 significat.
3580 2747 3683 2799 Ac-

2109 2832 2292 2885 cendit
2316 2841 2521 2898 autem,
2548 2835 2674 2902 quia
2704 2847 2769 2886 ex
2798 2833 2944 2887 nube
2969 2847 3153 2887 secum
3178 2834 3325 2888 vehit
3356 2838 3679 2890 crassiorem

2110 2922 2387 2974 materiam
2413 2936 2641 2991 eamque
2667 2922 2986 2978 inﬂammat.
3051 2920 3317 2978 Praecedit
3377 2935 3678 2994 prcstercm

2110 3021 2322 3075 ventos,
2377 3015 2520 3081 quod
2569 3013 2695 3067 inde
2717 3023 2952 3080 constat,
2993 3012 3257 3083 siquidem
3316 3030 3436 3083 quae
3468 3016 3679 3070 inflam-

2108 3104 2241 3155 mari
2272 3104 2491 3168 debent,
2526 3104 2673 3173 prius
2700 3121 2730 3159 a
2762 3105 2955 3175 spiritu
2986 3106 3245 3175 presteris
3282 3106 3525 3161 sulfureo
3554 3124 3679 3175 per-

2108 3194 2378 3248 celluntur
2407 3205 2875 3265 rumpunturque,
2938 3196 3079 3251 unde
3133 3206 3186 3251 et
3244 3196 3471 3251 fulmine
3541 3207 3677 3253 tacta

446 3298 596 3364 μένει
648 3294 965 3363 διεστηκότα
1029 3293 1121 3344 ἐπὶ
1186 3292 1376 3361 χρόνον
1414 3288 1554 3342 τινά.
1608 3286 1779 3339 Τοῦτο
1836 3286 1891 3336 δὲ
1946 3275 2202 3354 τὺϐρθῐ

1946 3285 2006 3336 τὸ
2032 3275 2079 3336 C
2110 3300 2207 3354 per
2240 3285 2457 3354 aliquod
2495 3296 2709 3356 tempus
2742 3286 2913 3340 hiant.
2970 3285 3079 3340 Nec
3141 3296 3350 3342 tantum
3422 3289 3679 3357 prmcedit

443 3391 659 3459 πνεῦμα
686 3391 746 3443 ού
779 3394 1104 3459 προηγεῖται
1139 3387 1296 3456 μόνον
1318 3424 1332 3447 ,
1364 3383 1497 3435 ἀλλὰ
1533 3382 1626 3436 καὶ
1674 3381 1888 3432 σύνεστι
1930 3381 2006 3449 τῷ

444 3482 721 3552 πρηστῆρι
750 3480 841 3533 καὶ
871 3477 1247 3531 ἐπακολουθεῖ.
1278 3473 1561 3543 Σποράδην
1586 3474 1641 3525 δὲ
1661 3474 2006 3544 διαχεόμενον

443 3574 535 3627 καὶ
563 3572 1060 3641 λεπτομερέστερον
1092 3569 1175 3631 ὃν,
1208 3568 1434 3638 βροντὰς
1468 3569 1609 3619 ποιεῖ
1664 3568 1756 3621 καὶ
1804 3570 2005 3637 ἀστρα-

446 3666 573 3730 πὰς,
602 3665 695 3717 καὶ
731 3662 961 3730 ἐξαφθὲν
998 3661 1100 3729 μὲν
1127 3662 1273 3712 ποιεῖ
1302 3658 1565 3729 κεραυνὸν
1590 3662 1684 3711 καὶ
1719 3658 2005 3730 ἀστραπὴν

443 3759 533 3810 καὶ
558 3757 868 3827 πρηστῆρα,
905 3756 977 3823 μὴ
1014 3752 1243 3820 ἐξαφθὲν
1260 3753 1333 3818 δέ,
1362 3752 1615 3819 ἐκνεφίαν
1639 3752 1730 3803 καὶ
1760 3750 2000 3818 τυφῶνα.

442 3850 623 3901 Ταῦτα
658 3847 712 3899 δὲ
744 3847 921 3899 πάντα
957 3846 1094 3896 κατὰ
1124 3842 1526 3911 ἐκπυρηνισμὸν
1556 3842 1819 3909 γίνονται.

713 3936 824 4007 ριε’.
860 3937 990 4002 Πῶς
1019 3934 1400 4001 συνέστηκεν
1433 3936 1463 3987 ό
1498 3936 1757 4002 κόσμος;

514 4029 623 4097 Τὴν
657 4027 914 4080 σύστασιν
940 4029 967 4079 ὀ
1002 4028 1205 4095 κόσμος
1254 4024 1445 4077 ἔλαϐεν
1475 4025 1581 4076 ἀπὸ
1636 4023 1735 4092 τῆς
1791 4024 2004 4091 φύσεως

442 4099 536 4172 καὶ
563 4120 826 4188 κινήσεως
856 4117 965 4169 τῶν
994 4116 1292 4185 στοιχείων.
1328 4115 1549 4184 Ἐπειδὴ
1573 4115 1679 4183 γὰρ
1702 4114 1905 4168 τούτων
1938 4114 2003 4166 τὰ

444 4212 543 4279 μέν
576 4212 681 4261 εἰσι
718 4209 1045 4276 κουφότατα,
1084 4203 1194 4260 οἷον
1227 4206 1285 4260 τὸ
1316 4206 1425 4277 πῦρ
1459 4207 1552 4258 καὶ
1609 4209 1635 4257 ό
1698 4204 1823 4275 ἀὴρ,
1857 4204 1921 4257 τὰ
1949 4204 2001 4257 δὲ

443 4302 741 4372 βαρύτατα,
778 4298 888 4353 οἷον
935 4301 1079 4371 ὕδωρ
1115 4303 1209 4354 καὶ
1249 4302 1342 4368 γῆ,
1374 4301 1439 4350 τὰ
1472 4298 1568 4367 μὲν
1596 4298 1696 4349 ὅσα
1730 4297 2005 4367 βαρύτατα

441 4397 590 4450 κάτω
617 4393 711 4447 τοῦ
744 4394 947 4457 παντὸς
978 4394 1312 4463 ὑπεκάθητο,
1342 4393 1409 4444 τὰ
1435 4392 1480 4443 δ’
1508 4392 1605 4443 ὅσα
1633 4390 1903 4459 μετέωρα,
1927 4390 2004 4449 είς

438 4488 498 4540 τ).
545 4488 654 4558 πῦρ
703 4486 1010 4555 ἐξεφέρετο.
1046 4487 1160 4538 Πᾶν
1192 4485 1246 4537 δὲ
1279 4484 1385 4537 ἀπὸ
1411 4484 1513 4551 γῆς
1569 4483 1870 4552 φερόμενον
1894 4479 2003 4534 ἄνω

438 4582 575 4635 ἐστί.
611 4580 708 4633 Διὰ
738 4579 946 4649 ταύτην
974 4578 1064 4631 οὖν
1090 4577 1187 4647 τὴν
1212 4579 1392 4631 αἰτίαν
1423 4569 1533 4627 οἷον
1562 4573 2003 4644 περικεκλασμέ-

439 4691 526 4735 νος
572 4672 668 4725 καὶ
714 4672 910 4740 κυρτὸς
959 4673 985 4723 ὁ
1045 4670 1247 4738 κόσμος
1292 4668 1426 4720 ἐστί.
1468 4664 1904 4733 Συνθλιϐομένων
1946 4663 2000 4716 δὲ

437 4766 546 4817 τῶν
578 4763 843 4831 σωμάτων
874 4761 1143 4830 ἀλλήλοις,
1171 4762 1203 4828 ἡ
1230 4759 1322 4812 τοῦ
1344 4759 1533 4819 ὓδατος
1562 4756 1788 4825 ἐγενήθη
1819 4755 2000 4824 φύσις,

440 4855 744 4925 ῥευστικῶς
802 4855 859 4907 δὲ
916 4854 1011 4907 καὶ
1037 4853 1194 4905 τοῦτο
1253 4852 1551 4919 φερόμενον
1603 4850 1845 4902 ἐκοίλανε
1878 4849 2000 4910 τοὺς

442 4948 831 5017 ὑποκειμένους
863 4946 1082 5010 τόπους,
1120 4944 1213 4997 καὶ
1244 4944 1367 5004 τοὺς
1392 4942 1773 5010 κοιλοομένους
1805 4942 1999 5002 τόπους

441 5039 760 5100 θαλαττίους
810 5038 1083 5107 ἐποίησεν.
1134 5036 1223 5088 Ἐκ
1258 5035 1353 5103 μὲν
1384 5028 1475 5085 οὖν
1503 5033 1609 5083 τῶν
1636 5032 2001 5096 ὑποκαθιζόν-

433 5144 543 5183 των
576 5127 841 5197 σωμάτων
865 5126 1097 5195 ἐγενήθη
1148 5126 1180 5194 ἡ
1216 5124 1287 5192 γῆ
1309 5137 1321 5150 °
1355 5123 1421 5173 ἐκ
1452 5122 1508 5174 δὲ
1542 5122 1646 5173 τῶν
1677 5122 2001 5191 μετεωριζο-

441 5219 614 5288 μένων
642 5218 670 5269 ὁ
698 5217 945 5288 οὐρανὸς,
978 5215 1107 5283 πῦρ,
1140 5216 1267 5283 ἀήρ.

890 5306 1021 5377 ρις·’.
1081 5310 1147 5361 El
1184 5308 1252 5359 ἐν
1297 5309 1362 5360 τὸ
1391 5306 1552 5368 πᾶν;

507 5402 582 5453 Οὐ
613 5400 795 5452 πολλοὶ
822 5400 1013 5469 κόσμοι
1046 5400 1369 5467 σωματικοὶ,
1404 5399 1523 5450 κατ’
1569 5399 1741 5459 ἐνίους
1775 5398 1881 5449 τῶν
1909 5417 1997 5465 φι-

435 5491 697 5561 λοσόφων,
733 5490 868 5543 εἰσίν
902 5508 912 5521 ·
959 5490 1072 5542 ἀλλ’
1106 5486 1186 5552 εἷς
1212 5491 1436 5553 τέλειος,
1478 5491 1570 5542 καὶ
1630 5489 1749 5541 οὺδέ
1800 5489 2000 5559 κυρίως

437 5582 496 5636 ἒν
520 5581 843 5652 ὀνομάζεται
884 5581 1022 5645 (πῶς
1046 5582 1153 5651 γὰρ
1194 5581 1252 5634 ἓν
1284 5582 1312 5633 ὁ
1352 5580 1555 5648 κόσμος
1607 5580 1857 5642 σύνθετος
1925 5579 1999 5631 ὢν

438 5673 529 5725 ναὶ
557 5671 870 5739 πολυμερής
895 5680 956 5739 ς),
987 5670 1118 5723 ἀλλὰ
1136 5670 1219 5722 διὰ
1249 5671 1342 5739 τὴν
1367 5671 1498 5738 προς
1535 5671 1737 5739 ἄλληλα
1770 5669 1875 5722 τῶν
1903 5688 1995 5737 με-

441 5761 548 5829 ρῶν
582 5760 741 5813 αἰτοῦ
799 5761 1011 5825 ἕνωσιν,
1045 5762 1145 5830 τὴν
1168 5761 1257 5813 τοῦ
1293 5762 1407 5823 ἐνὸς
1450 5760 1559 5829 ἔχει
1609 5762 1994 5831 προσηγορίαν.

438 5850 653 5920 κυρίως
693 5852 799 5921 γὰρ
834 5853 887 5906 ἓν
926 5854 949 5905 ὁ
982 5853 1129 5915 Θεὸς,
1187 5854 1257 5914 ὼς
1293 5854 1428 5923 ὑπὲρ
1488 5854 1663 5906 πᾶσαν
1703 5853 1995 5921 ἁπλότητα.

2110 3384 2407 3446 presterem
2440 3385 2656 3439 ventus.
2684 3377 2779 3432 sed
2810 3378 3098 3432 comitatur
3120 3379 3307 3445 etiam,
3338 3389 3389 3435 et
3410 3383 3676 3448 Sequitur.

2106 3468 2294 3523 Latius
2330 3484 2394 3523 ac
2424 3470 2624 3538 passim
2650 3469 2881 3524 diﬂ‘usus
2927 3478 2983 3525 et
3010 3469 3259 3525 subtilior
3299 3472 3344 3524 si
3383 3470 3563 3532 fuerit.
3599 3482 3681 3526 to-

2105 3558 2249 3612 nitru
2282 3558 2406 3613 facit
2430 3559 2717 3629 etfulgur:
2750 3562 2793 3615 si
2829 3559 3216 3625 inﬂammetur,
3253 3561 3419 3616 efﬂcit
3452 3565 3676 3627 Iulmcn,

2104 3657 2159 3703 et
2190 3649 2388 3719 fulgur,
2415 3661 2835 3720 presteremque.
2882 3650 2958 3704 Ex
3008 3666 3117 3705 non
3166 3650 3496 3705 inﬂammato
3546 3652 3681 3706 ﬁunt

2106 3741 2397 3811 ccnephias
2429 3757 2490 3795 ac
2514 3742 2697 3812 typho.
2749 3742 3013 3797 Caeterum
3061 3743 3244 3797 omnia
3302 3743 3421 3797 haec
3463 3746 3676 3799 contin-

2106 3841 2237 3902 gunt
2283 3847 2381 3902 per
2410 3834 2702 3887 violentam
2733 3834 3139 3890 excussionem.

2394 3924 2515 3978 “5.
2552 3924 2829 3988 Quomodo
2855 3927 3063 3994 ceperit
3094 3926 3319 3981 mundus
3350 3928 3375 3979 .9

2178 4014 2409 4068 Mundus
2437 4015 2730 4069 subsistere
2758 4014 2923 4084 cmpit
2953 4026 3195 4069 anatura
3253 4025 3309 4070 ct
3370 4025 3517 4069 motu
3562 4016 3675 4070 elc-

2106 4115 2436 4161 mentorum.
2462 4106 2662 4161 Horum
2714 4108 2858 4162 enim
2910 4123 3032 4163 cum
3084 4109 3329 4177 quaedam
3385 4109 3525 4164 levia
3568 4109 3677 4163 sint

2107 4207 2166 4251 ut
2200 4199 2337 4268 ignis
2376 4206 2430 4253 et
2456 4214 2569 4262 aer,
2602 4200 2704 4254 alia
2732 4200 2936 4270 gravia,
2968 4209 3030 4254 ut
3079 4214 3216 4270 aqua
3244 4209 3300 4255 et
3332 4211 3494 4267 terra,
3551 4214 3677 4271 gra-

2106 4290 2253 4343 viora
2290 4291 2355 4345 ad
2398 4291 2683 4346 inferiores
2748 4300 2931 4361 partes
2985 4292 3223 4345 universi
3305 4293 3676 4359 subsiderunt,

2108 4380 2242 4434 levia
2275 4389 2330 4433 ut
2392 4381 2533 4450 ignis
2581 4396 2796 4435 sursum
2854 4395 2975 4436 sese
3025 4382 3356 4438 extulerunt.
3404 4381 3674 4453 Quidquid

2106 4486 2235 4525 vero
2266 4480 2421 4525 terra:
2451 4472 2715 4537 imminet,
2747 4487 2963 4527 sursum
2993 4481 3096 4527 est.
3135 4472 3360 4542 Propter
3384 4474 3523 4528 hanc
3549 4488 3675 4528 cau-

2108 4578 2221 4616 sam
2259 4564 2494 4617 mundus
2526 4563 2950 4632 circumquaque
2969 4563 3141 4617 ﬂexus
3178 4574 3262 4618 est
3294 4578 3359 4617 ac
3395 4564 3671 4633 gibbosus.

2108 4653 2319 4708 Attritis
2370 4668 2501 4707 vero
2564 4654 2793 4708 invicem
2866 4654 3223 4724 corpusculis,
3276 4668 3430 4722 aqua:
3479 4654 3677 4723 prodiit

2110 4754 2322 4807 natura,
2352 4759 2471 4812 qua:
2490 4744 2635 4799 ﬂuxu
2666 4760 2766 4799 suo
2800 4746 3042 4815 subjecta
3101 4746 3217 4800 loca
3266 4745 3561 4811 excavavit,
3623 4757 3679 4801 et

2108 4835 2281 4904 spatia
2316 4834 2449 4888 mari
2470 4835 2780 4904 recipiendo
2802 4836 2950 4891 fecit.
2988 4835 3063 4890 Ex
3122 4836 3530 4891 subsidentibus
3574 4837 3675 4906 igi-

2112 4937 2198 4979 tur
2226 4924 2548 4994 corporibus
2580 4935 2723 4981 terra
2754 4927 2895 4982 facta
2918 4936 3021 4991 est,
3054 4942 3118 4982 ex
3149 4927 3360 4982 levibus
3413 4936 3469 4981 et
3505 4928 3675 4984 subli-

2106 5016 2281 5071 mibus
2304 5017 2524 5081 caelum,
2551 5016 2708 5086 ignis,
2742 5031 2853 5071 aer.

2313 5299 2413 5353 116
2476 5298 2620 5352 Num
2653 5316 2813 5352 unum
2845 5300 2915 5352 sit
2946 5299 3043 5352 hoc
3074 5299 3375 5352 universum
3400 5298 3426 5349 Ρ

2178 5392 2291 5447 Νοη
2325 5390 2479 5444 multi
2516 5400 2641 5445 sunt
2667 5390 2851 5443 mundi
2882 5391 3207 5458 corporales,
3243 5397 3300 5443 ut
3349 5389 3669 5458 quibusdam

2105 5484 2442 5552 philosophis
2463 5497 2779 5553 persuasum
2801 5483 2917 5551 (sed
2939 5498 3081 5537 unus
3106 5482 3399 5551 perfectus,
3430 5482 3670 5536 licetnon

2109 5574 2323 5642 proprie
2352 5589 2520 5628 unum
2553 5572 2771 5635 dicitur,
2802 5571 3075 5642 quomodo
3127 5571 3271 5625 enim
3303 5586 3468 5624 unum
3504 5570 3671 5624 fuerit

2109 5668 2341 5721 mundus
2370 5683 2433 5722 ex
2458 5676 2535 5721 tot
2569 5675 2621 5720 et
2640 5676 2746 5719 tam
2778 5665 3003 5719 diversis
3029 5665 3361 5729 compositus
3382 5663 3447 5727 ἲ),
3480 5677 3679 5715 verum

2111 5766 2331 5826 propter
2362 5757 2598 5825 partium
2635 5755 2754 5823 ejus
2778 5754 3296 5807 iuvicemunionem
3348 5768 3512 5807 unum
3570 5767 3669 5817 ap-

2111 5849 2355 5918 pellatur.
2386 5847 2649 5903 Caeterum
2700 5847 2912 5916 proprie
2972 5860 3137 5899 unum
3196 5843 3336 5900 Deus
3388 5851 3471 5898 est
3523 5843 3671 5896 omni
