4446 6446
773 384 879 448 759

2031 384 2445 445 MICHAELIS
2487 384 2749 445 PSELLI

3919 385 4024 451 760

776 497 1123 570 simplicitate
1150 498 1456 563 sublimior,
1488 510 1825 568 quaecunque
1846 510 1973 552 vero
2000 496 2142 552 infra
2176 497 2343 552 Deum
2374 505 2417 559 Α
2448 499 2532 551 ’Όι

2269 513 2343 551 im
2374 505 2417 559 Α
2448 499 2589 552 Ὅσα
2635 498 2690 550 δὲ
2742 497 2880 567 μετά
2925 497 3075 559 Θεὸν,
3137 496 3198 549 οὐ
3241 496 3444 567 κυρίως
3495 496 3552 550 ἒν
3575 539 3589 563 ,
3626 495 3771 551 ἀλλὰ.
3803 497 3889 553 διά
3923 500 4025 570 τὴν

778 600 927 657 sunt,
958 606 1067 645 non
1085 592 1301 660 proprie
1331 599 1459 646 sunt
1485 606 1675 653 unum,
1712 589 1805 644 sed
1833 600 2055 661 propter
2079 592 2339 647 unionem

774 681 1322 752 etpartieipationem
1361 697 1427 738 ex
1462 698 1594 749 uno,
1645 682 1717 736 ita
1769 682 2044 737 dicuntur.
2104 681 2239 737 Nam
2293 694 2348 739 et

776 786 934 827 mens
963 786 1131 825 unum
1179 782 1264 827 est
1317 783 1372 827 et
1393 774 1579 827 multa.
1611 771 1889 842 Quotquot
1912 772 2058 828 enim
2089 782 2216 828 sunt
2237 789 2345 839 res,

779 866 1041 921 totetiam
1064 883 1221 924 mens
1246 879 1347 932 est,
1378 884 1503 922 nam
1525 876 1579 923 et
1626 869 1875 938 exempla
1928 868 2142 923 illorum
2194 868 2247 923 in
2289 882 2347 921 se

778 956 1041 1011 continet.
1071 955 1246 1012 Etiam
1267 956 1484 1023 anima},
1516 974 1636 1028 qua:
1676 968 1729 1011 et
1778 959 1948 1013 multo
1998 958 2170 1028 magis
2210 956 2347 1012 divi-

777 1047 884 1101 dua
912 1057 1016 1113 est,
1047 1049 1311 1119 contingit
1340 1050 1506 1104 multa
1533 1066 1673 1115 esse,
1700 1065 1804 1105 nec
1850 1051 2032 1105 minus
2062 1050 2346 1105 elementis

777 1152 844 1192 ac
879 1139 1216 1208 corporibus.
1290 1139 1738 1210 Quandoquidem
1841 1142 2005 1211 igitur
2084 1149 2347 1197 accuratae

778 1226 995 1281 unionis
1015 1228 1176 1282 etiam
1202 1230 1436 1283 mundus
1458 1238 1542 1283 est
1563 1231 1856 1300 particeps,
1876 1241 2159 1301 pr0pterea
2178 1246 2344 1286 unum

777 1319 1100 1388 appellatur,
1128 1322 1457 1390 etquoniam
1491 1321 1763 1390 perfectus
1817 1332 1897 1375 est
1958 1338 2097 1376 unus
2152 1331 2206 1377 et
2256 1338 2344 1375 so—

777 1409 885 1472 lus,
922 1426 1022 1465 nec
1043 1412 1195 1466 multi
1224 1421 1350 1465 sunt
1396 1413 1604 1467 mundi.

1294 1500 1418 1553 H7.
1462 1502 1534 1553 De
1560 1518 1747 1555 vacuo.

846 1589 1088 1644 Vacuum
1122 1606 1229 1645 non
1260 1606 1473 1657 omnes,
1500 1592 1595 1647 sed
1623 1592 1787 1662 aliqui
1813 1594 1866 1646 in
1890 1593 2105 1661 scriptis
2131 1593 2243 1646 suis
2261 1592 2345 1645 in-

770 1682 976 1737 duxere
997 1690 1158 1750 atque
1188 1684 1536 1738 nominavere
1564 1683 1889 1753 philosophi,
1921 1682 2181 1752 aiuutque
2214 1683 2345 1737 illud

773 1787 894 1826 esse
923 1774 1069 1826 omni
1100 1773 1388 1843 spoliatum
1420 1789 1664 1843 corpore,
1694 1774 1857 1828 veluti
1884 1774 2154 1828 invisibile
2179 1776 2347 1842 quod-

2449 592 2641 645 ἓνωσιν
2672 589 2766 645 καὶ
2800 590 3031 661 μετοχὴν
3069 589 3164 644 τοῦ
3195 590 3333 656 ἐνὸς,
3367 590 3510 644 οὕτω
3530 590 4021 661 προσαγορεύεται.

2448 682 2559 735 Καὶ
2589 682 2697 752 γὰρ
2731 682 2824 735 καὶ¹
2843 682 2869 733 6
2896 678 3019 744 νοῦς
3050 680 3108 733 ἒν
3132 683 3251 741 ἐστι
3283 682 3381 735 καὶ
3412 680 3603 735 πολλά.
3649 680 3790 735 Ὀσα
3823 681 3931 754 γὰρ
3950 684 4019 736 τά

2448 774 2598 837 ὄντα,
2626 773 2861 827 τοσαῦτα
2903 775 2997 826 καὶ
3029 775 3057 827 6
3086 773 3229 837 νοῦς,
3276 773 3399 826 ἐπεὶ
3449 775 3543 828 καὶ
3599 775 4021 846 παραδείγματα

2447 865 2650 918 τούτων
2688 866 2746 917 ὲν
2773 864 2950 935 ἑαυτῷ
2988 866 3250 935 περιέχει.
3284 864 3464 919 Πολλά
3490 866 3585 919 καὶ
3615 868 3646 936 ή
3683 866 3831 937 ψυχὴ
3857 868 4019 936 (διαι-

2454 954 2580 1026 ρετὴ
2607 954 2714 1023 γὰρ
2747 954 2926 1023 πολλῷ
2957 955 3166 1025 πλέον),
3200 957 3267 1009 τὰ
3304 957 3544 1027 στοιχεϊά
3595 973 3655 1009 τε
3681 958 3776 1009 καὶ
3810 956 3880 1009 τά
3917 956 4021 1009 σώ-

2451 1065 2615 1118 ματα.
2640 1047 2781 1101 Ἀλλ’
2810 1049 2994 1117 ἐπειδὴ
3025 1048 3271 1113 ὲνὼσεως
3318 1047 3580 1119 ἀκριϐοῦς
3609 1049 3703 1101 καὶ
3748 1049 3776 1101 6
3816 1047 4019 1118 κόσμος

2447 1139 2860 1209 κεκοινώνηκεν,
2904 1141 2962 1193 ἓν
3026 1141 3112 1194 διὰ
3158 1141 3253 1208 τὴν
3305 1141 3497 1193 ἕνωσιν
3534 1140 3876 1210 ὀνομάζεται,
3922 1142 4017 1193 καὶ

2446 1230 2532 1283 διὰ
2556 1230 2653 1302 τὴν
2689 1230 2998 1302 τελειότητα
3022 1232 3128 1285 τῶν
3157 1233 3438 1302 στοιχείων
3459 1231 3623 1286 αὑτοῦ
3660 1228 3737 1295 εἷς
3768 1233 3886 1285 ἐστι
3920 1232 4017 1285 καὶ

2452 1320 2628 1391 μόνος,
2653 1322 2765 1375 ἀλλ’
2789 1323 2847 1374 οὑ
2873 1323 3066 1393 κόσμοι
3096 1324 3300 1377 πολλοί.

2967 1505 3090 1575 ριζ’.
3127 1508 3261 1571 Περὶ
3298 1506 3495 1560 κενοῦ.

2517 1594 2588 1645 Τὸ
2621 1593 2775 1646 κενὸν
2834 1594 2893 1647 οὐ
2960 1594 3179 1659 πάντες,
3221 1596 3336 1647 ἀλλ’
3380 1596 3510 1648 ἔνιοι
3554 1595 3664 1649 τῶν
3715 1596 4017 1663 φιλοσόφων

2448 1684 2770 1753 είσήνεγκάν
2799 1703 2857 1739 τε
2892 1686 2969 1756 τῷ
3002 1688 3143 1757 λόγῳ
3180 1688 3271 1739 καὶ
3304 1687 3675 1757 ὠνομάκασιν.
3755 1686 4017 1753 Ἀποφαί-

2447 1793 2627 1829 νονται
2683 1777 2738 1829 δὲ
2783 1777 2939 1830 τοῦτο
2987 1779 3187 1841 παντὸς
3232 1778 3479 1847 σώματος
3516 1779 3742 1849 ἔρημον,
3789 1773 3899 1831 οἷόν
3963 1797 4015 1830 τι

773 1864 897 1917 dam
924 1864 1107 1929 chaos,
1146 1875 1201 1920 et
1224 1874 1350 1919 ante
1384 1868 1643 1921 mundum
1668 1867 1833 1922 fuisse
1859 1876 2125 1933 statuunt,
2148 1868 2344 1922 deinde
2378 1858 2417 1910 Β
2447 1867 2529 1934 χά‹

2254 1869 2344 1922 Ide
2378 1858 2417 1910 Β
2447 1867 2573 1934 χάος
2641 1869 2888 1938 ἀόρατον.
2921 1869 3033 1921 Καὶ
3062 1871 3191 1937 φασὶ
3230 1868 3384 1922 τοῦτο
3441 1869 3873 1939 προϋποκεῖσθαι
3918 1868 4010 1921 τοῦ

774 1957 1058 2012 elementis
1082 1956 1473 2025 prodeuntibus
1501 1967 1559 2013 et
1576 1958 1711 2011 ccelo
1739 1959 2215 2013 circumrotatione
2251 1976 2346 2012 sua

775 2063 1003 2117 corpora
1027 2049 1210 2103 omnia
1238 2049 1526 2119 colligante
1557 2064 1619 2101 ac
1654 2050 2084 2120 constringente,
2116 2068 2346 2105 vacuum

773 2141 989 2210 quidem
1031 2143 1179 2196 intus
1227 2143 1472 2197 relictum
1518 2144 1728 2197 nullum
1776 2144 1979 2206 fuisse,
2027 2153 2177 2197 extra
2224 2145 2343 2197 (ια)Ιί

772 2250 905 2291 vero
934 2237 1194 2290 ambitum
1225 2252 1386 2291 omne
1418 2251 1644 2291 vacuum
1671 2252 1810 2301 esse,
1831 2236 1974 2305 quod
2003 2235 2272 2289 inﬁnitum
2294 2237 2345 2289 in

773 2325 990 2379 inﬁnito
1032 2328 1208 2395 spatio
1242 2327 1371 2382 licet
1394 2327 1656 2398 cogitare.
1690 2328 1849 2381 Hane
1888 2328 2214 2381 sententiam
2241 2343 2350 2379 om-

773 2415 906 2469 nino
926 2416 1447 2485 rejieitAristoteles,
1480 2426 1536 2470 et
1556 2431 1821 2486 nusquam
1842 2418 2075 2471 admittit
2094 2434 2344 2480 vacuum,

771 2518 953 2575 neque
997 2505 1138 2558 intra
1188 2506 1450 2559 mundum
1499 2521 1675 2575 neque
1724 2520 1892 2560 extra.
1940 2506 2347 2561 AtCleomedes

774 2597 1135 2667 philosophus
1185 2596 1326 2652 intra
1381 2597 1642 2653 mundum
1690 2598 1916 2667 reperiri
1964 2608 2145 2666 negat,
2196 2606 2343 2652 extra

774 2702 905 2744 vero
940 2688 1089 2743 illum
1121 2687 1236 2743 dari
1267 2702 1518 2752 vacuum,
1548 2687 1899 2742 vehementer
1936 2688 2235 2741 contendit.

1364 2874 1483 2928 H8.
1535 2872 1613 2928 De
1660 2874 1791 2926 loco.

845 2964 1023 3020 Locus
1056 2965 1359 3020 secundum
1390 2964 1638 3019 vocabuli
1672 2964 1779 3017 vim
1822 2972 1906 3018 est
1935 2963 2163 3032 aliquid,
2201 2963 2344 3031 quod

777 3072 974 3126 corpus
1001 3057 1086 3112 vel
1117 3071 1231 3111 rem
1260 3057 1647 3127 incorporalem
1671 3064 1848 3127 potest
1866 3054 2171 3124 complecti.
2197 3053 2343 3118 Quo-

778 3149 922 3202 niam
962 3149 1127 3219 igitur
1144 3149 1370 3203 materia
1404 3147 1785 3218 complectitur
1816 3145 2043 3199 formam
2068 3187 2084 3211 ,
2115 3142 2342 3198 materia

2452 1960 2675 2028 κόσμου.
2716 1955 2847 2014 Εἶτα
2886 1961 2993 2013 τῶν
3035 1962 3316 2031 στοιχείων
3340 1974 3641 2029 γεγονοτων
3672 1964 3767 2016 καὶ
3793 1962 3897 2015 τοῦ
3922 1964 4013 2014 οὑ-

2453 2050 2616 2119 ρανοῦ
2646 2053 2711 2121 τῇ
2733 2051 3065 2123 κυκλοφορία
3094 2053 3159 2105 τὰ
3188 2052 3415 2121 σώματα
3460 2053 3639 2106 πάντα
3689 2053 4018 2121 συσφίγξαν-

2448 2156 2560 2203 τος,
2619 2141 2772 2193 κενὸν
2840 2142 2934 2209 μὲν
2987 2142 3136 2205 ἐντὸς
3181 2143 3345 2213 μηδὲν
3399 2142 3805 2213 ἀπολελεῖφθαι,
3854 2142 3917 2195 τὸ
3960 2144 4018 2195 δὲ

2451 2231 2605 2293 ἐκτὸς
2629 2232 2727 2299 τῆς
2758 2232 2860 2298 ἔξω
2890 2235 3244 2302 περιφερείας
3271 2232 3434 2287 αὑτοῦ
3462 2234 3581 2287 ὅλον
3645 2236 3801 2287 κενὸν
3855 2228 4015 2295 εἶναι,

2450 2323 2676 2391 ἄπειρον
2707 2325 2762 2375 ὲν
2796 2325 3006 2393 ἀπείρῳ
3063 2324 3213 2393 τόπῳ
3268 2325 3765 2399 ξμφανταζόμενον.
3819 2323 4019 2377 Τοῦτον

2449 2415 2501 2466 δὲ
2535 2414 2623 2466 τὸν
2651 2415 2806 2482 λόγον
2846 2415 3219 2486 Ἀριστοτέλης
3260 2416 3355 2485 μὲν
3394 2417 3759 2483 ἀπογινώσκει
3817 2415 4017 2469 παντά-

2452 2523 2603 2567 πασι,
2641 2506 2735 2559 καὶ
2767 2506 3018 2576 οὐδαμῶς
3059 2507 3264 2560 τίθεται
3301 2508 3423 2559 οὔτε
3463 2507 3614 2571 ὲντὸς
3644 2506 3737 2559 τοῦ
3788 2506 4015 2576 κόσμου,

2450 2598 2574 2651 οὔτε
2611 2598 2783 2661 ὲκτός·
2809 2599 3131 2670 Κλεομήδης
3155 2600 3212 2651 δὲ
3267 2601 3295 2653 6
3347 2600 3655 2669 φιλόσοςος,
3719 2598 3869 2659 ἐντὸς
3920 2595 4018 2666 μὲν

2446 2691 2541 2743 τοῦ
2572 2693 2778 2762 κόσμου
2812 2691 2872 2745 οὗ
2893 2710 3054 2762 φησιν
3082 2688 3221 2746 εἶναι
3252 2693 3429 2754 κενὸν,
3469 2692 3624 2754 ἐκτὸς
3650 2689 3707 2743 δὲ
3742 2689 3837 2743 καὶ
3875 2687 4016 2740 πάνυ

2452 2783 2716 2853 βιάζεται.

2969 2884 3103 2947 ριη’.
3124 2878 3261 2944 Περὶ
3294 2878 3499 2931 τόπου.

2530 2968 2589 3019 Ὀ
2613 2968 2776 3030 τόπος
2806 2968 2879 3031 ὡς
2908 2969 2954 3020 τ’
2980 2968 3187 3038 οὕνομα
3207 2968 3378 3038 δηλοῖ,
3410 2966 3645 3039 πρᾶγμά
3687 2968 3801 3019 ἐστι
3843 2964 4021 3016 δεκτι-

2449 3058 2543 3111 κὸν
2579 3058 2907 3129 σώματος,ἢ
2951 3060 3245 3131 ἀσωμάτου
3287 3060 3521 3129 φύσεως.
3559 3057 3712 3112 Ἐπεὶ
3736 3054 3826 3110 οὖν
3852 3058 3885 3125 ή
3916 3054 4016 3121 ὕλη

2448 3148 2509 3201 τὸ
2545 3144 2683 3213 εἶδος
2712 3150 2943 3221 δέχεται,
2984 3151 3145 3214 τόπος
3170 3151 3381 3219 λέγοιτο
3415 3150 3529 3221 ἆνή
3565 3150 3661 3221 ὖλη
3701 3150 3794 3203 τοῦ
3820 3149 4012 3209 staec;

777 3242 965 3296 forma:
985 3213 1110 3310 qua:
1153 3257 1242 3297 res
1275 3213 1628 3309 incorporalis
1666 3249 1770 3305 est,
1799 3238 1969 3309 possit
2013 3237 2119 3291 diei
2163 3238 2338 3292 locus.
2370 3213 2415 3274 ο
2444 3241 2533 3294 ἀσι

2262 3251 2338 3291 us.
2370 3213 2415 3274 ο
2444 3240 2737 3311 ἀσώματον
2770 3213 2851 3295 ’δὲ
2888 3213 2948 3295 τδ
3006 3213 3165 3305 εἶδος.
3214 3213 3417 3318 [itﬁuium
3462 3213 3584 3296 ἐπεὶ
3636 3213 3697 3295 τὸ
3740 3242 4018 3309 διάστημα

781 3335 873 3390 Sic
914 3338 1149 3405 spatium
1192 3336 1467 3391 desertum
1500 3350 1563 3389 ac
1596 3349 1851 3397 vacuum,
1899 3331 2342 3402 quandoquidem

777 3442 1005 3497 corpora
1040 3428 1284 3496 recipere
1318 3434 1514 3495 potest,
1543 3440 1653 3480 non
1687 3426 1826 3478 male
1859 3425 2011 3478 locus
2052 3438 2339 3493 corporum

778 3517 1009 3573 dicetur.
1058 3519 1281 3587 Proprie
1315 3533 1444 3573 vero
1498 3518 1650 3572 locus
1700 3528 1782 3572 est
1845 3526 2148 3571 extremum
2197 3515 2340 3583 quod

783 3611 955 3665 ambit
980 3627 1238 3680 corpora;
1274 3612 1345 3665 ita
1360 3626 1453 3665 aer
1474 3611 1890 3679 ambitcorpora
1928 3606 2213 3668 naturalia,
2248 3606 2341 3659 sed

778 3715 890 3755 non
932 3716 1026 3754 aer
1083 3701 1417 3770 quicunque,
1464 3716 1573 3755 non
1609 3700 1754 3754 enim
1802 3699 1891 3753 ille
1929 3698 2021 3767 qui
2066 3696 2344 3750 montibus

778 3792 1060 3846 sublimior
1098 3800 1152 3846 et
1182 3792 1460 3861 proximus
1502 3792 1640 3847 caelo
1662 3800 1766 3856 est,
1810 3790 1906 3845 sed
1957 3788 2183 3844 inferior
2226 3788 2344 3856 ejus

779 3900 905 3954 pars
937 3899 1038 3939 nos
1070 3883 1258 3939 ambit.
1287 3882 1413 3938 Haec
1444 3884 1605 3954 igitur
1636 3885 1777 3940 aeris
1814 3881 2126 3952 superﬁcies
2156 3895 2346 3949 corpo-

809 3993 899 4031 um
934 3988 1243 4032 nostrorum
1273 3985 1355 4031 est
1372 3976 1540 4031 locus.

850 4069 973 4123 119.
1002 4068 1077 4121 De
1095 4068 1289 4138 spatio,
1312 4069 1449 4137 quod
1474 4067 1767 4136 philosophi
1783 4066 1964 4137 χώραν
1984 4065 2272 4135 appellant.

849 4161 1193 4219 Arithmetici
1215 4159 1397 4231 χώραν
1422 4168 1617 4227 vocant
1636 4159 1978 4214 intervallum
2012 4156 2347 4228 intelligibile

780 4256 921 4311 inter
941 4268 1219 4315 numeros,
1245 4254 1383 4306 inter
1410 4267 1574 4305 unum
1606 4259 1661 4305 et
1682 4250 1813 4315 duo,
1842 4250 1985 4304 inter
2008 4248 2117 4303 duo
2139 4256 2193 4301 et
2222 4246 2349 4307 tria,

780 4355 1014 4415 quatuor
1035 4344 1290 4415 atqueita
1314 4343 1590 4411 deinceps.
1622 4340 1885 4407 Quoniam
1908 4340 2053 4395 enim
2078 4353 2187 4393 non
2214 4353 2350 4392 con-

782 4438 967 4491 tinuus
1008 4443 1089 4489 est
1134 4448 1485 4488 numerorum
1510 4432 1670 4498 ordo,
1702 4432 1797 4487 sed
1836 4431 2136 4495 discretus,
2180 4430 2351 4484 inter-

2448 3330 2654 3401 ἔρημον
2682 3331 2741 3384 ’ὂν
2757 3334 2851 3385 καί
2874 3334 3051 3398 κενὸν,
3081 3334 3309 3403 σώματα
3360 3334 3583 3388 δύναται
3619 3334 3895 3398 δέξασθαι,
3928 3332 4019 3384 τό·

2447 3441 2547 3487 πος
2570 3424 2838 3495 σωμάτων
2869 3426 2957 3495 εἴη
2989 3426 3056 3480 ἂν
3078 3426 3138 3480 τὸ
3164 3427 3460 3497 διάστημα.
3520 3426 3740 3496 Κυρίως
3768 3426 3824 3479 δὲ
3856 3424 4019 3486 τόπος

2446 3516 2561 3569 ἐστὶ
2590 3516 2649 3569 τὸ
2687 3517 2910 3585 ἔσχατον
2933 3516 3024 3570 τοῦ
3058 3518 3406 3589 περιέχοντος
3451 3517 3613 3589 μέρος
3659 3515 3730 3568 τά
3769 3515 4015 3583 σώματα.

2446 3601 2591 3672 Οἷον,
2620 3609 2779 3678 ὀάὴρ
2811 3608 3150 3680 περιέχειτά
3200 3608 3409 3677 φυσικά
3472 3606 3721 3677 σώματα,
3788 3604 3905 3659 ἀλλ’
3956 3606 4016 3656 οὐ

2448 3702 2554 3762 πᾶς
2577 3702 2605 3752 6
2634 3702 2741 3769 ἀήρ
2763 3718 2775 3732 ·
2808 3702 2868 3753 οὑ
2898 3701 3007 3771 γὰρ
3031 3701 3123 3754 καὶ
3154 3704 3181 3753 6
3213 3703 3270 3753 ὲν
3291 3701 3402 3764 τοῖς
3422 3700 3625 3769 ὄρεσιν,
3660 3698 3692 3767 ἢ
3722 3698 3751 3750 ὁ
3794 3692 4019 3766 πλησίον

2445 3790 2538 3843 τοῦ
2577 3791 2828 3861 οὐρανοῦ,
2870 3792 3004 3845 ἀλλὰ
3044 3792 3105 3845 τὸ
3148 3793 3374 3862 ἔσχατον
3433 3792 3597 3862 μέρος
3648 3789 3811 3843 αὐτοῦ
3866 3805 4022 3856 περι-

2447 3882 2559 3953 έχει
2587 3885 2732 3953 ἡμᾶς
2759 3902 2772 3915 ·
2800 3884 2938 3954 αὕτη
2968 3885 3113 3956 οἶ)νή
3155 3884 3246 3938 τοῦ
3278 3884 3438 3955 ἀέρος
3489 3882 3797 3951 ἐπιφάνεια,
3856 3881 4019 3942 τόπος

2447 3975 2563 4026 ἐστὶ
2591 3974 2698 4027 τῶν
2724 3975 3004 4046 ἡμετέρων
3037 3976 3323 4045 σωμάτων.

2941 4065 3064 4137 ριθ’.
3099 4065 3238 4134 Περὶ
3284 4065 3498 4135 χώρας.

2519 4159 2685 4227 Χώρα
2707 4159 2825 4212 ἐστὶ
2858 4158 2997 4213 κατὰ
3016 4160 3140 4221 τοὺς
3169 4157 3588 4229 ἀριθμητικοὺς,
3616 4154 3675 4207 τὸ
3703 4153 3888 4223 νοητὸν
3911 4152 4020 4203 τῶν

2446 4250 2699 4320 ἀριθμῶν
2739 4251 3033 4321 διάστημα,
3069 4244 3179 4304 οἷον
3205 4250 3265 4303 τὸ
3291 4251 3493 4321 μεταξὺ
3517 4247 3608 4303 τοῦ
3632 4248 3751 4311 ἑνὸς
3794 4246 3887 4299 καὶ
3914 4245 4023 4297 τῶν

2448 4342 2562 4408 δύο,
2595 4344 2688 4396 καὶ
2716 4343 2810 4397 τοῦ
2845 4345 2988 4413 τρία,
3013 4346 3108 4399 καὶ
3136 4343 3229 4397 τοῦ
3256 4344 3518 4413 τέσσαρα,
3554 4341 3649 4394 καὶ
3676 4339 3770 4392 τοῦ
3803 4336 4017 4406 ἑφεξῆς.

2463 4431 2616 4485 Ἐπεὶ
2642 4431 2752 4502 γὰρ
2777 4432 2836 4485 οὐ
2869 4434 3097 4502 συνεχής
3132 4434 3281 4485 ἔστιν
3325 4434 3359 4500 ἡ
3396 4431 3549 4495 τάξις
3596 4430 3703 4481 τῶν
3749 4427 4018 4496 ἀριθμῶν.

783 4525 919 4579 valla
974 4525 1119 4579 inter
1170 4537 1427 4577 numeros
1486 4521 1669 4593 χώρας
1723 4522 2085 4591 appellarunt.
2153 4519 2261 4575 Sed
2296 4527 2351 4574 et
2382 4523 2539 4605 ηδια

2296 4527 2351 4574 et
2382 4549 2430 4605 ι)
2450 4523 2791 4595 διαστήματα
2814 4524 2997 4595 χώρας
3018 4525 3425 4594 ὲπωνομάκασι.
3455 4522 3651 4593 Χώραν
3686 4520 3848 4575 πάλιν
3878 4519 4020 4580 τινὲς

783 4616 968 4686 χώραν
994 4624 1190 4671 vocant
1227 4615 1677 4684 philosophorum
1715 4613 1880 4681 aliqui
1919 4620 2123 4682 partem
2157 4626 2221 4666 ac
2250 4627 2347 4665 ve-

780 4710 880 4763 luti
908 4708 1185 4779 regionem
1219 4706 1549 4776 receptaculi
1571 4720 1769 4777 corpus
1797 4704 2085 4774 capientis,
2114 4705 2191 4759 uti
2218 4704 2346 4759 dolii

778 4799 925 4870 quod
957 4799 1102 4867 capit
1142 4797 1348 4851 vinum.
1383 4796 1437 4849 Si
1479 4796 1622 4849 enim
1658 4801 1892 4865 ponatur
1933 4806 2177 4850 ventrem
2217 4794 2345 4849 dolii

780 4889 1164 4945 tantummodo
1188 4888 1315 4943 vino
1344 4888 1588 4956 plenum,
1621 4902 1728 4940 non
1759 4887 1975 4954 quidem
2010 4893 2181 4940 totum
2219 4884 2344 4939 dolii

780 5000 1001 5053 corpus,
1037 4984 1131 5038 sed
1154 4990 1362 5036 tantum
1401 4992 1592 5036 venter
1626 4980 1746 5047 ejus
1774 4977 2213 5034 circumferentia
2251 4990 2351 5031 sua

778 5077 969 5131 viuum
994 5074 1428 5146 comprehendit,
1460 5083 1620 5143 atque
1644 5072 1955 5143 huiusmodi
1988 5080 2195 5141 partem
2224 5068 2347 5138 phi-

778 5167 990 5237 losophi
1022 5168 1238 5237 quidam
1272 5165 1454 5235 χώραν
1483 5165 1755 5235 regionem
1787 5172 2016 5227 vocant,
2048 5178 2210 5232 quam
2240 5176 2348 5214 non

779 5256 1019 5312 absurde
1051 5255 1248 5324 aliquis
1275 5256 1438 5308 etiam
1471 5254 1645 5307 locum
1682 5254 2049 5323 appellaverit.

1065 5348 1190 5401 120.
1225 5345 1369 5399 Num
1410 5346 1631 5398 mundus
1665 5347 1733 5399 sit
1778 5347 2066 5398 animatus.

852 5441 1047 5495 Nostra
1066 5438 1488 5493 Christianorum
1509 5438 1773 5492 sententia
1799 5454 1866 5493 ne
1886 5439 2113 5493 summis
2132 5440 2348 5509 quidem

781 5532 1004 5586 auribus
1048 5531 1281 5585 admittit
1332 5530 1627 5584 animatum
1677 5546 1796 5586 esse
1841 5531 2137 5593 mundum,
2190 5547 2349 5600 quem

780 5623 1121 5691 providentia
1160 5622 1443 5693 gubernari
1487 5622 1755 5676 novimus.
1810 5625 1877 5675 At
1920 5624 2348 5693 prastantissimi

783 5713 1091 5783 philosophi
1122 5714 1274 5769 Plato
1305 5724 1359 5768 et
1389 5715 1727 5778 Aristoteles,
1759 5717 1956 5787 quique
1984 5718 2085 5771 bos
2110 5732 2349 5787 sequun-

782 5814 893 5872 tur,
942 5815 995 5860 et
1032 5806 1209 5862 anima
1259 5819 1312 5861 ct
1362 5817 1541 5861 mente
1592 5809 1874 5876 praeditum
1924 5825 2043 5863 esse
2092 5808 2349 5863 mundum

2449 4612 2560 4666 τῶν
2581 4613 2885 4682 φιλοσόφων
2913 4613 3171 4683 εἰρήκασι
3199 4612 3300 4681 τὴν
3326 4609 3560 4681 μερικὴν
3593 4607 3687 4660 τοῦ
3737 4605 4020 4675 περιέχον·

2451 4722 2542 4769 τος
2568 4705 2629 4757 τὸ
2664 4705 2823 4774 σῶμα
2869 4704 3154 4774 περιοχὴν,
3206 4699 3318 4757 οἷον
3351 4703 3380 4754 6
3413 4701 3569 4764 πίθος
3619 4699 3863 4771 περιέχει
3932 4696 4023 4749 τδν

2451 4796 2610 4852 οἶνον.
2656 4796 2995 4850 ’Υποκείσθω
3040 4797 3097 4849 δὲ
3124 4798 3151 4849 6
3178 4793 3321 4858 οῐνος
3347 4796 3473 4865 περὶ
3500 4794 3709 4861 κοίλης,
3767 4791 3881 4843 ἀλλ’
3923 4788 4023 4858 οὐχ

2451 4890 2570 4943 ὅλον
2631 4888 2693 4941 τὸ
2746 4889 2902 4958 σῶμα
2956 4886 3049 4941 τοῦ
3104 4887 3263 4941 πίθου
3299 4887 3388 4940 τὸν
3424 4883 3565 4939 οἶνον
3622 4883 3861 4951 ἐδέξατο,
3887 4880 4024 4934 ἀλλά

2455 4983 2590 5052 μόνη
2622 4982 2654 5051 ἡ
2693 4979 2847 5049 κοίλη
2884 4980 3051 5033 αὑτοῦ
3078 4978 3426 5051 περιφέρεια.
3457 4976 3629 5030 Τοῦτο
3660 4974 3793 5043 γοῦν
3820 4973 3881 5025 τὺ
3926 4972 4023 5041 μέ-

2453 5092 2544 5144 ρος
2577 5073 2763 5145 χώραν
2796 5073 2931 5141 φασὶ
2964 5070 3071 5124 τῶν
3100 5069 3409 5140 φιλοσόφων
3438 5068 3601 5131 τινές.
3660 5067 3775 5121 Οὐκ
3798 5064 4022 5119 ἀπεικό-

2452 5181 2559 5225 τως
2589 5163 2646 5216 se
2680 5161 2838 5215 τοῦτο
2867 5161 2959 5214 καὶ
2985 5160 3150 5212 τόπον
3176 5176 3259 5220 τις
3296 5157 3637 5227 ὀνομάσειεν.

2801 5355 2900 5419 ρκ’.
2934 5349 3005 5401 El
3039 5346 3308 5416 ἔμψυχος
3343 5349 3379 5399 ὁ
3423 5345 3669 5413 κόσμος.

2533 5442 2591 5493 '0
2616 5440 2715 5508 μὲν
2740 5437 2861 5491 καθ’
2898 5438 3044 5506 ἡμᾶς
3075 5436 3255 5503 λόγος,
3288 5435 3409 5487 οὐδὲ
3450 5433 3758 5504 ἁκροθιγῶς
3814 5434 3863 5484 τ’
3896 5431 4026 5484 ὠσὶν

2452 5533 2695 5602 ἔμψυχον
2743 5528 2883 5584 εἶναι
2911 5531 3001 5583 τὸν
3030 5529 3231 5597 κόσμον
3252 5527 3571 5598 ιπροσίεται,
3604 5525 3831 5596 προνοίᾳ
3896 5527 4023 5597 μέν⁴

2452 5642 2596 5691 τοιγε
2620 5622 3012 5691 διοικούμενον.
3038 5625 3097 5675 Ol
3131 5622 3188 5674 δὲ
3208 5620 3531 5686 τελεώτεροι
3561 5621 3670 5672 τῶν
3700 5618 4024 5687 φιλοσόφων.

2455 5716 2676 5769 Πλάτων
2704 5715 2796 5767 καὶ
2849 5712 3244 5783 Ἀριστοτέλης,
3279 5713 3371 5765 καὶ
3425 5712 3540 5764 ὅσοι
3570 5712 3781 5773 τούτοις
3822 5712 4027 5777 ἐπηκο-

2456 5805 2743 5875 λούθησαν,
2778 5806 2868 5858 καὶ
2915 5804 3178 5874 ἔμψυχον,
3238 5804 3331 5857 καὶ
3364 5803 3545 5857 ἔννουν
3579 5803 3762 5871 σαφῶς
3810 5799 4025 5869 ἀπεφή-
