4446 6446
459 390 557 455 761

1582 397 1679 456 DE
1718 398 2151 461 OMNIFARIA
2194 405 2604 472 DOCTRINA.

3603 413 3712 478 762

461 522 638 559 ναντο.
684 503 994 573 Ἑγκεῖσθοιι
1024 505 1078 558 δὲ
1109 506 1168 558 οὐ
1205 507 1300 569 τὰς
1327 506 1503 577 ψυχὰς
1537 509 1594 560 ἔν
1624 527 1682 562 τε
1715 511 1791 579 τῷ
1820 511 2033 579 οὐρανῷ
2065 518 2111 574 Α
2137 535 2217 588 θρα

1950 511 2033 579 ινῷ
2065 518 2111 574 Α
2137 529 2324 588 aperte
2354 530 2618 577 statuunt.
2657 524 2844 593 Neque
2871 523 3079 579 animas
3108 524 3286 580 inesse
3317 524 3456 579 coelo
3483 531 3539 578 ct
3567 524 3706 580 infra

462 598 554 650 καὶ
585 597 705 659 ταῖς
737 597 1122 666 ὑποκειμέναις
1184 598 1465 667 σφαίραις,
1512 599 1626 653 ἀλλ’
1661 601 1931 655 ἀνάπαλιν
1964 603 2032 653 τὰ

463 687 688 757 σώματα
717 688 824 741 τῶν
863 688 1149 759 θειοτέρων
1176 689 1446 760 ἠρτῆσθαι
1473 691 1782 762 διωρίκασι.
1814 694 2030 745 Διακεῖ-

462 777 584 830 σθαι
619 778 810 846 μέντοι
834 777 928 830 καὶ
956 778 1059 830 ὑπὸ
1098 778 1258 844 φύσιν
1314 782 1452 834 αὐτὰ
1518 783 1889 852 νενομίκασιν,
1933 783 2032 836 οὐκ

468 869 803 922 ἀντικεῖσθαι
835 870 1085 940 μέντοιγε
1128 871 1225 940 τὴν
1277 871 1438 939 φύσιν
1481 873 1604 926 οὗτε
1655 878 1774 938 ταῖς
1834 875 2031 944 ψυχαῖς

460 959 689 1024 τούτων,
715 959 839 1013 οὔτε
874 964 994 1024 ταῖς
1051 964 1264 1032 νοεραῖς
1303 963 1632 1029 διατάξεσιν,
1678 967 1792 1019 ἀλλ’
1827 969 1916 1021 ὑπ’
1943 970 2034 1022 a6-

459 1053 566 1104 τῶν
600 1053 835 1121 μάλιστα
878 1053 1326 1108 κατευθύνεσθαι.
1391 1055 1532 1107 Ἀλλ’
1567 1057 1685 1108 οὐδὲ
1715 1057 2030 1125 δεσμεῖσθαι

458 1145 556 1206 τὰς
586 1145 786 1216 ψυχὰς,
817 1146 993 1214 ἢτοὺς
1017 1145 1140 1208 νοῦς
1183 1149 1293 1209 τοῖς
1345 1146 1549 1199 τούτων
1607 1148 1866 1217 ᾠήθησαν
1926 1152 2031 1202 σώ-

465 1254 651 1303 μασιν,
706 1237 820 1290 ἀλλ’
873 1238 965 1290 ὑπ’
1035 1238 1257 1290 ἐκείνων
1309 1237 1642 1303 ἐξάπτεσθαι
1711 1239 1805 1292 καὶ
1860 1259 2032 1294 κατα-

460 1326 796 1394 λάμπεσθαι.

566 1424 708 1487 ρκα’.
728 1417 1139 1488 Εἱάγέννητος
1168 1424 1200 1474 ὀ
1223 1423 1450 1490 κόσμος
1478 1425 1573 1476 καὶ
1607 1422 1924 1491 ἄφθαρτος.

534 1508 670 1561 Οὔτε
693 1509 987 1578 άγέννητος
1033 1510 1162 1578 παρ’
1197 1512 1330 1580 ἡμῖν
1387 1515 1414 1565 6
1467 1513 1672 1581 κόσμος
1727 1513 2028 1577 δοξάζεται,

457 1602 581 1654 οὔτε
611 1600 902 1671 ἄφθαρτος,
933 1602 1291 1670 γεγεννῆσθαί
1318 1621 1376 1655 τε
1415 1604 1523 1672 γὰρ
1552 1603 1711 1656 αὑτὸν
1746 1605 1893 1675 παρὰ
1934 1609 2032 1672 τῆς

460 1694 681 1762 Γραφῆς
731 1693 824 1746 καὶ
861 1693 1235 1763 φθαρήσεσθαι
1288 1697 1713 1765 μεμαθήκαμεν.
1787 1699 2028 1766 Ἀριστο-

457 1784 619 1851 τέλης
639 1785 696 1837 δὲ
723 1785 812 1837 καὶ
844 1785 1137 1853 ἀγέννητον
1172 1787 1332 1839 αὑτὸν
1355 1788 1449 1839 καὶ
1479 1786 1756 1855 ἄφθαρτον
1789 1787 2016 1839 τίθεται.

457 1878 684 1930 Πλάτων
708 1876 764 1928 δὲ
790 1879 955 1947 γεννᾷ
997 1878 1094 1946 μὲν
1131 1878 1299 1930 αὑτὸν
1323 1879 1380 1930 ἐν
1413 1879 1644 1945 Τιμαίῳ.
1673 1879 2028 1943 ἀποφαίνεται

456 1970 512 2021 δὲ
555 1969 688 2038 μηδὲ
714 1969 1086 2038 φθαρήσεσθαι
1115 1970 1203 2020 τὸν
1231 1970 1448 2022 ἅπαντα
1476 1973 1686 2038 χρόνον.
1716 1971 1822 2021 Καὶ
1846 1970 2028 2039 ἐπειδὴ

457 2063 756 2114 ἀντίκειται
783 2061 953 2130 αὐτῷ,
978 2062 1056 2113 ὅτι
1102 2060 1352 2122 σύνθετος
1403 2059 1479 2111 ὢν
1510 2060 1605 2111 καὶ
1640 2059 1973 2128 φθαρήσεται
2014 2079 2026 2090 ·

458 2152 568 2203 πᾶν
624 2151 729 2220 γὰρ
789 2149 846 2201 τὸ
889 2148 1137 2201 σύνθετον
1193 2150 1287 2202 καὶ¹
1358 2147 1603 2202 διαλυτὸν
1669 2149 2029 2201 διαστέλλεται

455 2243 646 2308 λέγων,
687 2244 768 2295 ὅτι
815 2243 938 2294 ὅσον
973 2241 1071 2309 μὲν
1117 2241 1207 2292 ἐπὶ
1238 2239 1334 2308 τὴν
1375 2239 1570 2306 φύσιν,
1602 2239 1837 2308 φθαρτός
1891 2242 2026 2299 ἐστι,

459 2334 616 2400 σῶμα
649 2333 756 2402 γάρ
799 2332 859 2384 οὐ
889 2334 1056 2401 χωρεῖ
1088 2331 1386 2399 ἁῖδιὸτητα,
1434 2330 1569 2383 ἀλλὰ
1638 2330 1698 2382 τὸ
1753 2331 2030 2400 ἄφθαρτον

456 2425 798 2486 ὲπεισάκτως
823 2423 972 2492 παρὰ
1022 2421 1117 2474 τοῦ
1171 2421 1305 2473 Θεοῦ
1343 2421 1648 2491 κομίζεται.
1738 2421 1795 2472 '0
1853 2421 1909 2472 δὲ
1967 2437 2030 2487 γε

455 2517 698 2588 Πρόκλος
739 2518 796 2571 ἐν
826 2517 936 2578 τοῖς
975 2514 1319 2583 ἐξηγητικοῖς
1345 2515 1458 2575 τοῖς
1493 2513 1626 2583 πρὸς
1658 2513 1889 2582 Τίμαιον
1941 2513 2026 2564 λό-

458 2625 594 2675 γοις,
621 2608 873 2676 πειρᾶται
908 2603 1176 2656 δεικνύναι
1233 2602 1554 2673 βιαιότερον,
1596 2604 1678 2656 ὅτι
1728 2603 1864 2670 μηδὲ
1911 2620 2032 2667 γεν-

457 2698 615 2767 νητὸν
667 2698 696 2749 ό
725 2696 949 2750 Πλάτων
975 2696 1064 2748 τὸν
1101 2695 1302 2763 κόσμον
1327 2693 1515 2754 οἴεται.
1545 2693 1578 2763 ἢ
1615 2693 1815 2763 μᾶλλον
1860 2695 2031 2745 είπεῖν

459 2789 853 2858 ἀποφαίνεται,
916 2789 1056 2843 κατὰ
1108 2788 1164 2840 δὲ
1205 2788 1266 2841 τὸ
1317 2786 1602 2855 σύνθετον,
1652 2786 1864 2856 ἐπινοίᾳ
1910 2802 2032 2854 γεν-

460 2883 641 2952 νητόν.

798 3149 936 3220 ρκβ’.
974 3152 1042 3202 El
1067 3149 1334 3216 τρέφεται
1367 3152 1400 3202 ὀ
1429 3151 1675 3216 κόσμος,

526 3244 599 3297 Οὐ
627 3242 815 3314 τιόρῤω
858 3259 948 3312 μοι
976 3240 1225 3309 εὐηθείας
1249 3237 1388 3292 εἶναι
1436 3240 1685 3293 δοκοῦσιν
1733 3242 1783 3293 oi
1835 3241 2027 3311 τρέφε-

461 3334 584 3388 σθαι
609 3333 697 3387 τὸν
736 3331 939 3400 κόσμον
968 3327 1463 3397 ὑπολαμϐάνοντες,
1523 3330 1632 3381 εἴτε
1661 3329 1892 3398 οὐρανὸν
1942 3331 2032 3384 κό-

459 3442 594 3495 σμοι
627 3420 1086 3489 κατονομάζουσιν
1111 3419 1186 3481 ὡς
1216 3422 1244 3472 6
1270 3419 1493 3472 Πλάτων
1548 3421 1604 3470 ὲν
1656 3420 1733 3488 τῷ
1790 3420 2029 3490 Τιμαίῳ,

458 3515 567 3567 εἴτε
605 3513 745 3582 μετὰ
769 3510 862 3564 τοῦ
889 3510 1104 3579 αἰθέρος
1131 3511 1223 3561 καὶ¹
1263 3511 1329 3563 τὰ
1374 3511 1634 3578 στοιχεῖα.
1673 3511 1733 3562 El
1787 3512 1895 3580 γὰρ
1950 3528 2036 3562 τε-

456 3605 722 3667 λεώτατος
759 3605 786 3656 6
817 3603 1019 3671 κόσμος
1045 3604 1163 3655 κατ’
1198 3603 1416 3667 αὐτοὺς,
1458 3603 1784 3669 μάλιστα-δὲ
1837 3606 1930 3656 καὶ
1953 3605 2036 3657 dt.

456 3695 587 3758 διος,
621 3692 736 3755 πῶς
764 3692 830 3745 ἂν
859 3692 1078 3762 δεηθείη
1103 3681 1338 3760 τ’ροφῆς;
1376 3693 1448 3744 Τὸ
1467 3693 1575 3761 γὰρ
1604 3693 1790 3755 ἀτελὲς
1825 3694 1917 3746 καὶ
1951 3697 2035 3746 ἐν-

460 3786 579 3847 δεὲς
605 3784 888 3854 τρέφεται.
930 3782 1069 3834 Ἀλλ’
1096 3783 1216 3852 οὐχὶ
1242 3785 1336 3835 καὶ
1379 3781 1438 3834 τὸ
1470 3783 1674 3852 πλῆρες
1731 3784 1824 3835 καὶ
1880 3785 2034 3835 ἀνεν-

457 3875 597 3937 δεές.
649 3874 710 3925 Εἰ
761 3874 817 3926 δὲ
863 3875 923 3925 τὸ
989 3873 1184 3942 τρέφον
1229 3872 1545 3942 προσθήκην
1605 3873 1682 3942 τῷ
1722 3874 2038 3944 τρεφομένῳ

459 3967 602 4017 ποιεῖ
632 3965 725 4018 καὶ
754 3963 1002 4034 αῠξησιν,
1037 3962 1299 4033 αὐξηθείη
1332 3963 1396 4015 ἂν
1443 3963 1536 4016 καὶ
1577 3964 1779 4032 κόσμος
1837 3964 2037 4034 τρεφό-

461 4075 640 4126 μενος,
672 4056 806 4110 ἀλλὰ
834 4057 927 4109 καὶ
960 4055 1137 4126 φθίνει
1190 4054 1534 4123 κενούμενος,
1581 4056 1722 4110 ὥστε
1754 4056 1954 4126 μείζων
2012 4059 2040 4109 6

458 4147 660 4214 κόσμος
683 4146 876 4200 ἑαυτοῦ
912 4149 1008 4200 καὶ
1039 4145 1278 4199 ἐλάττων
1302 4145 1577 4213 γενέσθαι.
1623 4147 1796 4200 Τοῦτο
1818 4147 1874 4199 δὲ
1903 4148 2039 4218 πρὸς

455 4238 536 4309 τῷ
564 4240 748 4307 ἀτόπῳ
780 4239 874 4292 καλ⁹
901 4240 1109 4304 γελοῖον
1133 4239 1418 4308 ἄντικρυς.
1462 4239 1525 4292 Εί
1558 4239 1650 4293 οὖν
1693 4238 1817 4293 οὔτε
1869 4243 2039 4314 αὐξή-

459 4349 595 4396 σεως
622 4333 703 4386 δεῖ
740 4333 818 4404 τῷ
853 4332 1044 4403 κόσμῳ
1094 4332 1218 4386 οὔτε
1261 4330 1573 4399 κενώσεως,
1619 4334 1678 4386 οὐ
1725 4337 1931 4406 τροφῆς
1975 4335 2040 4390 ἂν

457 4426 607 4496 αὑτῷ
638 4426 818 4496 δεήσοι
843 4424 993 4478 ποτέ.

813 4623 954 4686 ρκγ¹.
992 4614 1130 4682 Περὶ
1167 4612 1391 4678 τάξεως
1429 4615 1680 4681 κόσμου.

540 4704 801 4758 Ἐναντίοι
825 4705 960 4774 πρὸς
1016 4704 1279 4772 ἀλλήλους
1334 4705 1383 4755 oi
1421 4702 1530 4755 τῶν
1582 4699 1852 4773 Ἑλλήνων
1886 4708 2038 4772 σοφοὶ

457 4800 529 4850 τὰ
583 4797 720 4867 μέρη
754 4796 847 4850 τοῦ
879 4795 1083 4864 κόσμου
1117 4795 1350 4848 τιθέασι.
1399 4794 1473 4846 Τὸ
1505 4793 1564 4845 δὲ
1613 4794 1832 4864 ἀληθὲς,
1878 4798 1907 4850 6
1937 4801 2037 4867 μὲν

459 4887 713 4957 οὐρανὸς,
743 4886 818 4949 ὡς
856 4887 1113 4954 μέγιστον
1156 4885 1314 4954 σῶμα
1372 4886 1466 4937 καὶ
1511 4886 1788 4951 κυκλικὸν,
1833 4888 1927 4940 καὶ
1972 4890 2040 4942 τὰ

464 4981 700 5046 στοιχεῖα
725 4976 922 5047 χωρεῖν
947 4977 1041 5028 καὶ
1071 4976 1316 5044 συνέχειν
1338 4974 1632 5044 δυνάμενον
1650 4977 1805 5038 ἐκτὸς
1834 4977 2038 5033 τούτων

459 5069 861 5139 ὲξῳκοδόμηται
891 5084 905 5098 ·
957 5067 1061 5120 ὑπὸ
1107 5068 1164 5120 δὲ
1227 5067 1326 5135 τὴν
1391 5067 1577 5136 κοίλην
1621 5067 1788 5133 αὑτοῦ
1840 5069 2039 5137 ἐπιφά-

460 5177 630 5220 νειαν.
663 5160 855 5229 πρῶτα
891 5158 992 5226 μὲν
1029 5158 1100 5210 τὰ
1128 5158 1340 5228 ἀπλανῆ
1385 5157 1493 5210 τῶν
1544 5159 1760 5228 ἄστρων
1810 5163 2038 5230 τετάχει-

459 5271 572 5316 ται,
595 5253 691 5306 καὶ
715 5255 742 5305 6
780 5251 1043 5316 ζωδιακὸς
1061 5251 1280 5316 κύκλος,
1311 5247 1430 5303 εἶτα
1470 5253 1526 5304 αί
1593 5252 1701 5304 τῶν
1751 5253 2034 5322 πλανωμέ-

463 5363 566 5397 νων
604 5345 818 5413 ἄστρων
846 5343 1069 5413 σφαῖραί
1117 5360 1176 5395 τε
1214 5345 1308 5396 καὶ
1349 5344 1529 5412 φοραὶ,
1558 5338 1632 5396 ὧν
1659 5346 1691 5412 ή
1731 5344 1927 5414 σελήνη
1980 5347 2038 5398 τὸ

463 5433 801 5485 τελευταῖον⁸
867 5432 970 5484 ὑπὸ
1028 5432 1083 5484 δὲ
1127 5431 1329 5501 ταύτην
1387 5431 1546 5492 εὐθὺς
1589 5433 1647 5483 τὸ
1707 5432 2038 5501 ὑπέκκαυμα

462 5519 632 5594 οἶονή
685 5525 777 5577 τοῦ
815 5525 992 5593 πυρὸς
1038 5525 1288 5592 δύναμις,
1349 5520 1468 5576 εἶτα
1517 5526 1544 5576 6
1592 5527 1721 5595 ἀὴρ²
1769 5525 1862 5577 καὶ
1898 5527 2036 5594 μετὰ

463 5614 665 5669 τούτων
697 5614 757 5666 τὸ
814 5617 1079 5684 στοιχεῖον
1135 5614 1227 5666 τοῦ
1283 5613 1495 5675 ὓδατος,
1541 5614 1849 5666 τελευταῖον
1889 5615 1942 5666 δὲ
1975 5617 2035 5668 τὸ

464 5706 560 5770 τῆς
623 5705 724 5773 γῆς
785 5703 944 5773 σῶμα
985 5704 1412 5772 τεθεμελίωται·
1462 5705 1554 5755 καὶ
1616 5705 1789 5757 πάντα
1837 5705 1937 5774 μὲν
1976 5707 2035 5758 ἐν

471 5795 631 5849 πᾶσιν
655 5796 820 5862 ἐστὶν,
850 5797 1081 5852 ἕκαστον
1130 5795 1184 5850 δὲ
1214 5795 1319 5855 τῶν
1351 5795 1626 5865 στοιχείων
1651 5797 1880 5866 ὀλότητά
1907 5817 2028 5855 τινα

2057 1842 2105 1901 Β

2135 613 2327 681 positis
2359 613 2607 682 sphaaris,
2635 617 2727 669 sed
2753 631 2782 670 e
2809 616 3083 670 contrario
3115 631 3339 684 corpora
3361 615 3429 670 ab
3454 614 3562 669 illis
3590 624 3710 669 tau-

2133 718 2297 772 quam
2348 705 2713 760 divinioribus
2761 707 3072 776 dependere
3126 707 3482 761 arbitrantur.
3533 708 3710 776 Atque

2133 807 2341 851 natura:
2377 798 2593 866 quidem
2626 799 2788 852 etiam
2825 802 3067 868 subjecta
3107 801 3195 853 illa
3230 809 3440 869 putant,
3477 800 3570 853 sed
3607 815 3706 854 na-

2135 895 2311 942 turam
2340 905 2450 942 non
2483 889 2757 945 adversari
2798 891 3016 946 illorum
3051 892 3338 946 animabus
3369 900 3463 945 aut
3492 901 3706 946 menta-

2133 979 2276 1034 libus
2323 982 2566 1051 legibus,
2630 984 2725 1037 sed
2769 985 2836 1038 ab
2888 983 2992 1036 illis
3043 984 3275 1038 maxime
3319 982 3478 1047 dirigi
3525 997 3704 1050 neque

2134 1073 2340 1127 animas
2384 1086 2477 1128 aut
2519 1085 2730 1130 mentes
2760 1076 2828 1130 ab
2859 1076 3178 1144 corporibus
3222 1076 3329 1130 illis
3358 1075 3471 1130 suis
3512 1074 3704 1129 existi-

2135 1173 2352 1217 marunt
2377 1165 2603 1233 alligari,
2633 1167 2726 1220 sed
2756 1167 2822 1222 ab
2855 1167 2961 1222 illis
2995 1167 3176 1237 potius
3205 1183 3470 1237 suspensa
3499 1182 3620 1222 esse
3651 1176 3708 1222 et

2134 1253 2392 1310 illustrari
2424 1273 2675 1328 corpora.
2911 1269 2913 1272 '

2136 1433 2258 1488 εει.
2307 1434 2446 1488 Num
2491 1438 2716 1492 mundus
2757 1437 3018 1508 ingenitus
3063 1439 3132 1491 sit
3176 1448 3226 1492 et
3267 1436 3702 1506 incorruptibilis.

2204 1527 2392 1595 Neque
2430 1529 2702 1596 ingenitus
2740 1544 2918 1599 neque
2951 1529 3382 1598 incorruptibilis
3416 1527 3558 1597 apud
3605 1539 3707 1580 nos

2134 1616 2457 1670 christianos
2497 1619 2734 1672 mundus
2766 1634 2886 1673 esse
2932 1620 3191 1684 docetur,
3226 1634 3391 1688 quem
3417 1627 3472 1672 et
3504 1618 3706 1672 factum

2133 1722 2253 1760 esse
2288 1716 2341 1761 et
2372 1709 2668 1776 periturum
2704 1725 2734 1763 e
2769 1707 3052 1777 Scriptura
3086 1710 3396 1764 didicimus.
3434 1709 3708 1762 Aristote-

2134 1797 2214 1851 les
2247 1814 2372 1852 vero
2406 1810 2460 1852 et
2494 1800 2792 1869 ingenitum
2835 1800 2983 1854 illum
3021 1810 3075 1854 et
3108 1801 3575 1869 incorruptibilem
3610 1814 3707 1868 po-

2133 1890 2230 1942 nit.
2262 1889 2408 1942 Plato
2437 1890 2490 1942 in
2526 1889 2723 1944 Timreo
2753 1892 2920 1946 tradit
2953 1908 3075 1945 eum
3113 1893 3351 1962 genitum
3378 1907 3520 1954 esse,
3552 1892 3703 1945 nullo

2131 1990 2310 2034 autem
2342 1991 2582 2050 tempore
2613 1984 3093 2050 corrumpendum.
3126 1983 3226 2037 Cui
3259 1983 3516 2050 quoniam
3543 1981 3702 2050 objici

2132 2081 2324 2140 potest,
2357 2073 2500 2140 quod
2530 2089 2651 2127 cum
2691 2073 2761 2126 sit
2805 2075 3142 2141 compositus
3186 2074 3349 2128 etiam
3390 2088 3710 2141 corrumpe—

2133 2169 2247 2224 tur,
2293 2161 2553 2229 quidquid
2596 2163 2741 2215 enim
2774 2163 3134 2232 compositum
3173 2173 3258 2217 est
3290 2165 3452 2217 etiam
3484 2163 3708 2217 dissolvi

2132 2261 2340 2320 potest,
2377 2254 2579 2322 excipit
2611 2255 2697 2308 ille
2732 2270 2794 2309 ac
2825 2257 3136 2324 respondet,
3178 2257 3321 2326 quod
3357 2265 3565 2310 naturae
3596 2272 3708 2311 sua:

2131 2345 2341 2399 ratione
2397 2345 2583 2414 utique
2634 2348 2704 2400 sit
2758 2348 3126 2416 corruptibilis
3184 2348 3458 2408 mundus,
3510 2361 3710 2416 corpus

2131 2437 2273 2490 enim
2315 2438 2522 2491 nullum
2556 2438 2607 2490 in
2644 2453 2703 2492 se
2745 2439 2946 2494 habere
2981 2439 3471 2507 sempiternitatem
3493 2480 3508 2503 ,
3541 2439 3637 2493 sed
3678 2453 3709 2492 a

2133 2529 2242 2583 Deo
2279 2528 2552 2596 accepisse
2595 2544 2824 2598 esseque
2868 2531 2942 2585 illi
2987 2531 3399 2600 superadditum
3441 2537 3499 2583 ut
3530 2531 3598 2584 sit
3628 2531 3708 2583 in-

2131 2625 2523 2695 corruptibilis.
2562 2627 2786 2678 Proclus
2830 2623 2883 2674 in
2914 2622 3321 2676 commentariis
3371 2622 3486 2674 sive
3523 2621 3712 2690 expla-

2133 2717 2446 2772 nationibus
2469 2715 2582 2770 suis
2607 2715 2660 2769 in
2685 2714 2948 2767 Timaeum
2973 2713 3123 2766 omni
3152 2712 3502 2766 contentione
3531 2709 3718 2765 studet

2132 2808 2526 2867 demonstrare,
2550 2805 2690 2874 quod
2725 2818 2825 2857 nec
2851 2803 3090 2872 genitum
3115 2802 3267 2855 Plato
3299 2800 3562 2855 mundum
3585 2811 3715 2853 serr-

2133 2901 2296 2966 serit,
2335 2899 2431 2954 sed
2475 2907 2718 2966 tempore
2761 2895 2980 2966 quidem
3024 2895 3326 2962 ingenitum
3372 2909 3492 2948 esse
3519 2901 3709 2963 putat,

2132 2992 2219 3047 vel
2251 3000 2311 3046 ut
2334 2990 2539 3045 rectius
2570 2989 2744 3043 dicam
2777 2986 3100 3042 conﬁrmare
3136 2985 3420 3046 annititur,
3455 2985 3550 3040 sed
3579 3000 3715 3056 qua-

2131 3086 2294 3134 tenus
2324 3077 2662 3146 compositus
2700 3084 2800 3136 est,
2838 3074 3084 3144 genitum
3121 3074 3249 3127 licet
3279 3073 3534 3141 cogitare.

2474 3168 2597 3221 122.
2639 3167 2781 3220 Num
2811 3167 3034 3218 mundus
3067 3165 3360 3218 nutriatur.

2209 3260 2323 3315 Non
2373 3259 2534 3327 longe
2569 3257 2702 3311 mihi
2747 3256 2815 3310 ab
2857 3256 3072 3309 insania
3115 3255 3369 3310 videntur
3401 3255 3593 3310 abesse
3618 3254 3714 3325 qui

2135 3351 2398 3406 mundum
2443 3345 3030 3409 nutriri,existimant,
3079 3345 3192 3398 sive
3227 3345 3422 3399 caelum
3472 3353 3713 3398 tantum-

2134 3446 2297 3501 modo
2326 3443 2512 3497 mundi
2543 3439 2768 3496 nomine
2801 3438 3096 3507 appellant,
3130 3446 3190 3490 ut
3217 3436 3272 3490 in
3307 3435 3509 3491 Tima'o
3541 3435 3713 3498 Plato,

2135 3537 2252 3591 sive
2307 3550 2412 3589 una
2463 3548 2586 3586 cum
2637 3530 2776 3585 caelo
2823 3529 2986 3581 etiam
3036 3537 3266 3596 quatuor
3315 3528 3603 3582 elementa.
3658 3526 3716 3581 Si

2135 3628 2305 3691 enim,
2348 3635 2406 3680 ut
2449 3623 2550 3693 ipsi
2598 3621 2859 3684 sentiunt,
2887 3618 3317 3687 perfecrissimus
3348 3627 3433 3671 est
3457 3617 3716 3679 mundus,

2135 3718 2370 3773 maxime
2401 3725 2559 3783 atque
2596 3723 2864 3772 aeternus,
2898 3713 2990 3780 qui
3025 3709 3139 3764 ﬁeri
3177 3717 3354 3777 potest
3385 3718 3443 3762 ut
3482 3707 3604 3762 cibo
3630 3706 3724 3761 in-

2136 3810 2350 3880 digeat?
2391 3805 2645 3860 Nutritur
2685 3804 2887 3874 quippe
2928 3802 3070 3871 quod
3120 3799 3498 3869 imperfectum
3535 3807 3620 3854 est
3662 3807 3719 3854 et

2138 3903 2403 3972 indigens,
2430 3914 2541 3953 non
2567 3912 2697 3952 vero
2732 3896 2951 3964 plenum
2979 3893 3123 3963 quod
3147 3902 3256 3955 est,
3285 3901 3340 3946 et
3364 3891 3450 3947 cui
3481 3891 3628 3944 nulla
3656 3905 3716 3945 re

2137 4001 2220 4048 est
2259 4006 2418 4060 opus.
2472 3987 2604 4042 Nam
2647 3986 2692 4040 si
2741 4000 2839 4055 per
2885 3983 3281 4038 nutrimentum
3323 3981 3372 4034 ei
3418 3978 3510 4049 qui
3557 3977 3720 4033 alitur

2137 4082 2353 4137 additur
2399 4078 2602 4148 aliquid
2650 4086 2706 4131 et
2755 4076 3156 4130 incrementum
3203 4071 3451 4134 accedit,
3503 4077 3717 4125 crescet

2138 4173 2302 4230 etiam
2333 4169 2569 4225 mundus
2595 4168 2638 4223 si
2668 4167 2852 4230 alitur,
2874 4174 2967 4220 aut
2996 4167 3040 4220 si
3073 4166 3332 4219 alimento
3364 4163 3716 4227 destituatur,

2138 4269 2462 4319 marcescat.
2512 4259 2631 4314 Erit
2678 4259 2861 4326 itaque
2910 4257 3081 4326 major
3130 4271 3189 4309 se
3235 4256 3353 4324 ipso
3401 4262 3496 4307 aut
3540 4252 3721 4308 minor

2139 4353 2396 4417 mundus,
2435 4351 2578 4421 quod
2627 4350 2916 4419 perspicue
2959 4347 3257 4402 absurdum
3299 4360 3364 4400 ac
3407 4344 3718 4400 ridiculum.

2139 4445 2319 4510 Quare
2372 4442 2418 4497 si
2480 4456 2582 4496 nec
2634 4437 2957 4493 incrementi
3003 4451 3106 4491 nec
3150 4434 3520 4490 evacuationis
3551 4448 3721 4504 capax

2064 4515 2112 4570 D
2140 4532 2373 4588 mundus
2399 4539 2502 4596 est,
2527 4544 2706 4597 neque
2731 4527 3067 4581 nutrimento
3093 4539 3334 4594 unquam
3365 4522 3648 4594 indigebit.

2576 4621 2699 4674 125.
2745 4619 2820 4673 De
2842 4617 3043 4691 'mundi
3073 4615 3278 4670 ordine.

2215 4709 2527 4764 Graecorum
2550 4706 2862 4777 philosophi
2891 4704 2944 4758 in
2980 4701 3306 4758 collocandis
3332 4700 3520 4756 mundi
3550 4698 3726 4769 parti-

2144 4803 2246 4857 bus
2288 4801 2390 4855 sibi
2424 4799 2553 4869 ipsis
2588 4799 2819 4852 invicem
2863 4796 3241 4850 adversantur.
3274 4792 3415 4848 Vera
3453 4792 3724 4849 sententia

2145 4900 2228 4947 est
2252 4890 2394 4960 quod
2429 4889 2625 4944 coelum
2663 4896 2918 4956 tanquam
2951 4887 3245 4939 maximum
3291 4898 3488 4952 corpus
3525 4891 3583 4936 et
3619 4883 3726 4936 cir-

2145 4983 2359 5047 culare,
2393 4988 2553 5049 atque
2584 4979 2853 5033 elementa
2898 4977 3186 5047 complecti
3218 4991 3282 5031 ac
3313 4974 3596 5030 continere
3629 4988 3728 5043 ap-

2144 5084 2292 5136 tum,
2337 5081 2487 5126 extra
2519 5071 2607 5125 illa
2652 5079 2920 5125 structum
2969 5078 3073 5124 est.
3121 5068 3233 5122 Sub
3279 5067 3444 5135 hujus
3487 5078 3725 5119 concava

2146 5164 2427 5234 superﬁcie
2453 5163 2686 5233 primum
2711 5163 2927 5231 quidem
2959 5161 3264 5215 inerrantes
3281 5157 3448 5212 stellae
3465 5156 3728 5211 ordinata

2147 5264 2310 5318 sunt,
2360 5264 2416 5308 et
2463 5254 2717 5307 zodiacus
2758 5251 3034 5306 circulus:
3080 5249 3342 5316 deinceps
3387 5247 3727 5314 planetarum

2146 5347 2303 5401 orbes
2351 5362 2413 5398 ac
2453 5344 2671 5406 circuli,
2724 5357 2955 5409 quorum
3000 5340 3184 5393 inﬁma
3235 5347 3319 5392 est
3371 5336 3538 5388 luna:
3583 5332 3727 5387 intra

2147 5441 2283 5493 hanc
2318 5436 2496 5489 statim
2533 5434 2861 5500 ὑπέκκαυμα
2892 5431 3020 5484 illud
3049 5430 3161 5482 sive
3181 5426 3472 5495 [uliginosa
3500 5422 3722 5478 exhala-

2147 5531 2220 5583 tio
2254 5527 2523 5580 ﬂammam
2553 5524 2836 5592 concipere
2869 5530 3012 5591 apta,
3049 5520 3174 5572 hinc
3217 5532 3334 5580 aer,
3386 5525 3439 5569 et
3469 5514 3725 5581 deinceps

2145 5633 2296 5687 aquae
2336 5618 2695 5678 elementum,
2741 5630 2806 5669 ac
2849 5621 3125 5683 postremo
3164 5609 3287 5663 loco
3328 5617 3467 5661 terra
3501 5603 3721 5657 fundata

2143 5719 2242 5763 cst.
2275 5707 2364 5760 Sic
2393 5706 2570 5761 omnia
2597 5705 2851 5759 omnibus
2882 5703 3090 5763 insunt,
3117 5709 3172 5753 et
3191 5699 3520 5752 elementum
3547 5693 3719 5763 quod-

2144 5791 2672 5864 qucunirersitatcm
2722 5781 3010 5862 quamdam
3055 5788 3170 5845 sive
3217 5784 3504 5851 totitatcm,
3540 5789 3598 5837 ut
3639 5780 3712 5836 ita
