4446 6446
414 429 518 492 765

418 540 514 591 καὶ
557 535 664 589 ἀπὸ
693 533 855 604 ξηροῦ
908 534 1296 600 ὑγραινὸμενα.
1344 533 1633 600 Συμὸαίνει
1672 534 1729 586 δὲ
1760 532 1852 584 καὶ
1891 534 1990 597 τὴν

422 629 690 682 θάλατταν
734 625 1113 694 ἠπειροῦσθαι,
1150 626 1246 677 καὶ
1276 626 1375 693 τὴν
1425 626 1651 694 ἤπειρον
1693 623 1987 677 θαλαττοῦ-

424 718 567 773 σθαι.
599 718 706 771 Καὶ
742 719 799 771 ὲν
825 716 925 786 μὲν
955 715 1033 784 τῷ
1062 716 1283 785 μεγάλῳ
1326 715 1553 785 χειμῶνι
1579 716 1611 783 ἡ
1641 716 1869 784 ἧπειρος
1895 714 1990 767 θα-

422 809 727 873 λαττοῦται,
782 811 839 860 ὲν
867 808 923 861 δὲ
953 810 1029 877 τῷ
1063 809 1284 876 μεγάλῳ
1323 809 1470 877 θέρει
1499 810 1533 877 ἡ
1571 806 1813 859 θάλασσα
1838 808 1992 875 ἠπει-

428 900 632 972 ροῦται.
668 901 731 952 Ol
764 898 834 951 αὖ
855 899 1092 965 ποταμοὶ
1123 901 1181 950 ὲν
1204 898 1354 967 αἰτία
1392 898 1501 950 είσὶ
1523 895 1616 949 τοῦ
1646 897 1745 965 τῆν
1770 897 1871 965 γῆν
1894 896 1992 964 τῆς

428 990 702 1057 θαλάσσης
727 987 1094 1059 γῦμνοῦσθαι.
1136 988 1522 1058 Ἐμΰάλλοντες
1567 987 1675 1056 γὰρ
1706 990 1784 1050 είς
1828 986 1995 1056 αὐτὴν

428 1079 506 1150 τῷ
551 1078 831 1146 ἐπιφέρειν
890 1076 985 1146 τὴν
1022 1075 1134 1128 ἰλὺν
1168 1076 1357 1144 ἠϊόνας
1398 1073 1643 1138 ποιοῦσι,
1684 1075 1778 1126 καὶ
1826 1072 1997 1133 οὕτως

429 1167 789 1235 άπογαιοῦται
833 1170 861 1219 ὁ
911 1164 1152 1235 ποταμδς
1200 1166 1423 1227 ἐκεῖνος.
1473 1163 1563 1234 Μὴ
1630 1162 1999 1225 είσδάλλοντες

431 1257 487 1310 δὲ
558 1256 771 1307 ποιοῦσι
812 1255 932 1323 τὴν
981 1256 1083 1322 γῆν
1128 1253 1557 1307 θαλαττοῦσθαι·
1604 1253 1718 1307 ἀλλ’
1767 1252 2001 1305 ἐνταῦθα

433 1346 812 1416 ἠπειρουμένη
847 1347 880 1414 ἠ
910 1344 1171 1408 Θάλασσα,
1203 1344 1425 1396 ὠθεῖται
1476 1346 1553 1406 είς
1584 1344 1682 1414 τὴν
1708 1343 2001 1412 ἀντιπέραν

434 1440 677 1509 ἤπειρον,
718 1440 812 1491 καὶ
862 1437 1115 1490 θαλαττοῖ
1149 1436 1352 1505 ταύτην
1400 1454 1413 1468 ο
1456 1436 1503 1488 εί
1541 1436 1598 1488 δὲ
1639 1437 1734 1503 μὴ,
1781 1435 2004 1487 παλινσ-

436 1532 548 1579 στεί
578 1529 636 1580 τὸ
671 1527 812 1597 ὕδωρ
843 1524 999 1589 αὖθις
1040 1527 1131 1580 ἐπὶ
1167 1526 1256 1578 τὶν
1303 1527 1502 1578 οἰκεῖον
1551 1525 1733 1589 τόπον,
1780 1526 1871 1577 καὶ
1907 1525 2002 1577 θα-

433 1616 719 1670 )..ιττοῦται
770 1615 930 1671 πάλιν
974 1614 1033 1669 τὸ
1074 1615 1485 1685 ἠπειρούμενον.

890 1714 1028 1777 ρκη’.
1070 1707 1208 1771 Περὶ
1252 1705 1543 1775 σεισμῶν.

512 1797 615 1849 Τὸν
664 1799 886 1865 σεισμὸν
927 1800 1070 1851 ποιεῖ
1116 1799 1213 1866 μὲν
1247 1801 1273 1851 ὁ
1323 1798 1474 1859 Θεὸς,
1524 1797 1711 1868 ὥσπερ
1740 1797 1803 1862 δὴ
1832 1800 1925 1849 καὶ
1953 1800 2000 1850 τ’

435 1889 567 1941 ἄλλα
618 1864 928 1956 σύμπαντα,
966 1864 1126 1942 κατὰή
1159 1890 1239 1953 τὸ,
1284 1889 1346 1942 '0
1381 1864 1718 1943 salsum}
1750 1889 1848 1941 ἐπὶ
1885 1890 1996 1954 τὴν
2033 1864 2072 1920 Β

438 1977 575 2046 γῆν,
601 1980 698 2033 καὶ
724 1978 908 2035 ποιῶν
934 1979 1128 2046 αὐτὴν
1157 1979 1406 2047 τρέμειν.
1442 1980 1708 2048 Προσεχὲς
1731 1979 1786 2032 δὲ
1814 1978 2004 2033 τούτου

436 2072 626 2131 αἴτιον,
691 2071 750 2122 τὸ
792 2071 1243 2140 ἀνσπεμπόμενον
1300 2070 1407 2122 ἀπὸ
1467 2070 1566 2136 τῆς
1606 2070 1711 2137 γῆς
1764 2069 2002 2139 πνεῦμα,

435 2162 563 2214 ὅταν
601 2162 731 2213 εῐσω
769 2162 918 2232 τύχοι
960 2164 1084 2231 ῥυὲν
1145 2162 1205 2213 τὸ
1240 2160 1342 2225 ἔξω
1386 2162 1852 2231 ἀναθυμιούμενον
1876 2178 1889 2192 ο
1921 2162 2008 2215 διὰ

440 2255 609 2307 ταῦτα
642 2257 732 2309 καὶ
755 2258 1015 2324 νηνεμίας
1037 2256 1274 2322 γίνονται
1303 2257 1350 2306 οἱ
1379 2258 1615 2309 πλεῖστοι
1643 2255 1734 2307 καὶ
1766 2253 2019 2322 μέγιστοί

437 2346 546 2398 τῶν
582 2346 840 2415 σεισμῶν,
890 2345 1273 2398 κατακλείεται
1302 2346 1410 2415 γὰρ
1441 2344 1738 2415 τηνικαῦτα
1762 2345 1875 2397 ὑπὸ
1902 2345 2007 2413 γῆν

437 2439 497 2490 τὸ
527 2438 698 2491 αἴτιον
731 2440 837 2490 τῶν
869 2437 1127 2507 σεισμῶν.
1160 2437 1405 2489 Γίνονται
1449 2435 1505 2488 δὲ
1536 2438 1869 2506 ἰσχυρότεροι
1896 2434 2006 2488 τῶν

442 2529 699 2596 σεισμῶν,
726 2530 916 2599 ὅπουή
950 2526 1192 2581 θάλασσαι
1225 2528 1426 2597 ῥοώδης
1459 2528 1549 2579 καὶ
1579 2531 1609 2597 ή
1642 2527 1793 2597 χώρα
1826 2528 2008 2597 σομφὴ

442 2623 531 2671 καὶ
576 2619 864 2689 ὓπαντρος.
913 2619 1009 2671 Διά
1048 2618 1155 2687 γὰρ
1192 2620 1291 2687 τὴν
1328 2619 1655 2688 στερεότητα
1692 2621 1751 2670 τε»
1791 2616 2010 2688 πνεῦμα

440 2711 722 2777 γινόμενον
757 2710 1002 2779 σφοδρὸν,
1046 2710 1247 2779 μᾶλλον
1276 2711 1407 2761 σείει
1438 2710 1535 2779 τὴν
1568 2711 1686 2779 γῆν.
1722 2712 1787 2762 Αἰ
1808 2726 1865 2762 τε
1892 2710 2006 2779 χῶ-

444 2818 532 2871 ραι
577 2801 696 2853 ὅσαι
740 2802 980 2871 σομφοὺς
1014 2804 1197 2871 ἔχουσι
1245 2804 1369 2864 τοὺς
1426 2805 1578 2855 κάτω
1616 2802 1834 2865 τόπους,
1873 2802 2006 2855 πολὺ

439 2891 718 2961 δεχόμενοι
754 2893 973 2958 πνεῦμα
1012 2894 1243 2945 σείονται
1279 2890 1497 2961 μᾶλλον,
1555 2893 1635 2945 ὅτι
1670 2892 1817 2961 ἥλιος
1847 2894 2011 2961 ἀχλυ-

441 2981 580 3049 ώδης
616 2982 707 3036 καὶ
738 2984 980 3053 ἀμαυρδς
1004 2984 1125 3036 τότε
1157 2966 1430 3050 φαίνεται,
1462 2984 1819 3053 ὑπονόστησιν
1843 2986 2007 3054 ἀρχο-

446 3074 609 3142 μένου
660 3074 753 3125 τοῦ
790 3076 1099 3143 πνεύματος
1133 3077 1212 3137 είς
1252 3076 1350 3145 τὴν
1391 3075 1499 3144 γῆν
1548 3074 1643 3127 τοῦ
1704 3075 2009 3140 διαλύοντος

443 3161 532 3213 τὸν
559 3162 694 3230 ἀέρα
720 3164 821 3213 ⁵καὶ
854 3162 1238 3231 διακρίνοντος.

685 3275 823 3343 ρκθ’.
862 3274 999 3341 Περὶ
1031 3275 1135 3327 τοῦ
1157 3274 1423 3343 μεγάλου
1453 3274 1760 3343 χειμῶνος.

512 3367 700 3432 Μέγας
735 3364 850 3417 ἐστὶ
881 3364 1083 3433 χειμὼν
1122 3363 1281 3433 ἡνίκα
1314 3364 1514 3426 πάντες
1557 3366 1604 3416 οἱ
1638 3364 1904 3432 πλανῆται
1953 3367 2012 3418 ὲν

443 3454 732 3525 χειμερινῷ
784 3454 957 3523 ζωδίῳ
1013 3455 1273 3521 γίνονται,
1324 3456 1381 3506 ὲν
1428 3455 1667 3525 ὑδροχόῳ
1713 3457 1769 3507 ὲν
1802 3456 2009 3526 ἰχθύσιο

447 3548 587 3616 μέγα
619 3547 674 3599 δὲ
712 3546 884 3615 θέρος,
939 3547 1065 3597 ὅταν
1123 3547 1322 3609 πάντες
1370 3549 1428 3604 ὲν
1474 3547 1669 3616 θερινῷ
1720 3547 1893 3619 ζωδίῳ
1918 3548 2009 3617 γέ.

442 3656 614 3691 νοιντο
633 3654 645 3667 ·
673 3640 730 3689 ὲν
758 3638 929 3689 λέοντι
964 3638 1061 3707 μὲν
1097 3638 1397 3706 γινόμενος,
1454 3642 1596 3691 ποιεῖ
1625 3639 1800 3708 θέρος,
1835 3644 1891 3692 ὲν
1919 3643 2003 3693 αί-

443 3727 654 3795 γοκέρῳ
687 3725 745 3778 δὲ
768 3726 1029 3794 χειμῶνα.
1068 3728 1260 3780 Ἔνθεν
1284 3727 1378 3778 καὶ
1402 3728 1643 3788 ἐνιαυτὸς
1672 3729 2007 3798 ὠνόμασται,

442 3820 528 3871 διὰ
552 3819 609 3870 τὸ
630 3820 710 3879 εἲς
742 3818 799 3871 τὸ
824 3818 954 3871 αὐτὸ
988 3820 1174 3890 φέρειν
1200 3818 1289 3871 τὸν
1321 3819 1491 3887 ἥλιον,
1518 3819 1623 3871 ἀπὸ
1652 3822 1759 3889 γάρ
1786 3821 1877 3873 τοῦ
1909 3822 2009 3873 αὐ-

448 3909 543 3961 τοῦ
571 3910 650 3971 είς
676 3910 736 3961 τὸ
762 3910 893 3961 αὐτὸ
922 3910 1351 3967 ἀποκαθίσταται
1380 3912 1406 3963 δ
1450 3914 1696 3982 φωστήρ.
1738 3915 1844 3965 Καὶ
1880 3916 2012 3966 πάν-

448 4018 539 4063 τες
586 4002 681 4071 μὲν
718 3996 810 4053 οὖν
850 4001 988 4053 κατά
1019 4002 1263 4073 κορυφὴν
1297 4002 1453 4072 ἡμῶν
1476 4004 1759 4072 γενόμενοι
1794 4006 1841 4056 oi
1878 4006 2009 4058 πλα-

443 4093 600 4160 νῆται
631 4087 843 4144 ποιοῦσι
883 4093 1025 4160 μέγα
1073 4091 1250 4162 θέρος,
1298 4095 1656 4161 ἀφιστάμενοι
1699 4097 1755 4148 δὲ
1788 4097 1852 4148 ὲκ
1888 4096 2006 4148 δια-

447 4184 645 4251 μέτρου
681 4181 893 4235 ποιοῦσι
940 4182 1111 4251 μέγαν
1156 4183 1416 4250 χειμῶνα.
1446 4185 1554 4237 Καὶ
1587 4186 1643 4235 ὲν
1675 4184 1773 4252 μὲν
1804 4186 1877 4253 τῷ
1909 4203 2008 4254 με‹

442 4274 592 4341 γάλῳ
646 4274 874 4343 χειμῶνι
935 4268 1298 4326 θαλαττοῦταί
1354 4277 1386 4343 ὴ
1443 4273 1691 4345 ἤπειρος,
1728 4278 1786 4329 ὲν
1830 4279 1885 4329 δὲ
1931 4277 2005 4347 τῷ

445 4367 665 4436 μεγάλῳ
704 4366 849 4437 θέρει
873 4365 1253 4435 ἡπειροῦταιή
1298 4366 1540 4419 θάλασσα

445 4496 540 4569 px.
573 4498 674 4552 Διὰ
702 4500 759 4552 τί
783 4499 1051 4567 ἁλμυρὸν
1075 4498 1141 4551 τὸ
1176 4496 1282 4563 τῆς
1310 4499 1605 4565 θαλάττης
1633 4498 1788 4567 ὕδωρ
1812 4500 2001 4553 ἐστίν.

1547 426 1643 483 DE
1672 421 2105 482 OMNlFARlA
2146 426 2556 490 DOCTRINA.

2036 3256 2085 3319 C

3565 414 3670 483 766

2094 533 2348 591 humidae.
2379 537 2657 609 Contingit
2678 546 2734 591 et
2759 552 2827 592 ex
2849 537 2983 592 mari
3007 536 3119 591 ﬁeri
3150 545 3348 590 terram
3375 533 3665 589 continen-

2094 628 2233 679 tem,
2266 630 2320 675 et
2350 631 2547 678 terram
2579 624 2775 678 mutari
2816 624 2871 679 in
2914 639 3082 679 mare.
3111 623 3246 680 Nam
3276 632 3332 678 et
3367 624 3431 678 in
3472 635 3665 687 magna

2098 710 2277 765 hieme
2312 714 2447 765 mari
2480 722 2621 768 terra
2643 715 2911 780 obruitur,
2940 728 2995 771 et
3018 716 3071 771 in
3094 729 3287 785 magna
3304 722 3494 769 astate
3519 726 3668 766 mare

2094 800 2421 855 exsiccatur.
2477 801 2651 857 Fluvii
2697 818 2913 873 quoque
2955 805 3011 858 in
3057 818 3220 858 causa
3264 810 3393 857 sunt
3431 811 3491 855 ut
3532 801 3670 856 mari

2097 891 2334 945 nudetur
2358 901 2533 946 terra:
2565 895 2692 948 dum
2724 897 2869 949 enim
2897 896 2953 948 in
2969 896 3098 952 illud
3128 894 3360 951 inﬂuunt
3379 906 3672 961 secumque

2099 979 2372 1036 adducunt
2408 983 2619 1049 limum,
2663 978 2817 1039 littus
2848 993 3075 1055 augent,
3117 998 3224 1053 qua
3266 982 3478 1036 ratione
3506 979 3669 1034 etiam

2101 1071 2295 1127 fluvius
2324 1075 2589 1143 ejusmodi
2619 1076 2673 1129 in
2705 1084 2901 1130 terram
2935 1076 3079 1140 abit;
3132 1076 3217 1131 sin
3262 1087 3393 1128 vero
3423 1086 3534 1126 non
3582 1071 3670 1123 in-

2104 1164 2292 1227 ﬂuant,
2327 1165 2529 1222 faciunt
2557 1176 2778 1230 terram,
2809 1168 2940 1221 mari
2975 1166 3195 1222 obduci.
3228 1165 3332 1219 Sed
3374 1172 3487 1218 tum
3523 1174 3673 1215 mare

2106 1256 2406 1311 continenti
2429 1252 2629 1313 cedens
2650 1258 2717 1312 ad
2741 1256 3074 1311 contrarium
3099 1256 3252 1310 littus
3270 1254 3488 1323 pellitur
3510 1252 3676 1320 idque

2107 1347 2289 1401 obruit
2335 1366 2350 1401 :
2398 1349 2541 1418 quod
2586 1350 2630 1404 si
2675 1365 2785 1403 non
2832 1349 3038 1418 possit,
3090 1346 3324 1402 recurrit
3367 1345 3562 1398 iterum
3606 1341 3672 1395 ad

2110 1453 2265 1491 suum
2316 1440 2514 1505 locum,
2535 1448 2589 1494 et
2614 1455 2732 1509 quae
2750 1440 2860 1508 jam
2895 1448 3036 1493 terra
3058 1438 3347 1493 continens
3373 1434 3512 1490 facta
3535 1438 3673 1494 erat.

2114 1529 2259 1583 illam
2284 1529 2478 1585 iterum
2517 1529 2702 1600 opplet
2730 1537 2785 1584 et
2810 1538 3057 1598 occupat.

2570 1727 2691 1785 128.
2732 1727 2805 1781 De
2830 1730 3227 1783 terramottbus.

2175 1816 2556 1884 Terraemotus,
2600 1828 2659 1873 ut
2697 1819 2942 1875 omnium
2984 1820 3040 1874 in
3086 1828 3303 1883 natura,
3354 1826 3548 1872 auctor
3599 1827 3678 1871 εοι

2110 1908 2281 1968 Deus.
2324 1910 2623 1964 secundum
2659 1910 2791 1965 illud
2826 1910 2901 1980 (9)
2932 1930 2942 1964 :
2988 1908 3092 1975 Qui
3127 1910 3337 1978 respicit
3376 1910 3432 1963 in
3463 1917 3675 1968 terram,

2110 1996 2335 2065 facitque
2355 2014 2470 2051 eam
2501 2007 2738 2053 tremere.
2766 1999 2873 2055 Sed
2886 1986 3138 2069 ’proxima
3163 2013 3324 2054 causa
3344 2008 3428 2054 est
3445 1998 3680 2053 emissus

2108 2102 2172 2140 ex
2205 2096 2343 2141 terra
2371 2096 2568 2143 ventus
2589 2131 2603 2153 ,
2643 2091 2862 2157 quando
2892 2092 3039 2145 intus
3068 2090 3256 2161 agitari
3289 2087 3555 2156 contingit
3586 2103 3679 2142 va-

2108 2192 2269 2245 pores
2297 2178 2538 2232 exhalari
2570 2179 2759 2233 solitos
2780 2221 2793 2242 ,
2840 2180 3191 2249 quamobrem
3223 2186 3277 2233 et
3311 2174 3678 2236 vehementis-

2109 2265 2230 2319 simi
2269 2275 2323 2321 et
2361 2268 2575 2322 maximi
2612 2277 2951 2324 terrmmotus
3012 2277 3140 2325 sunt
3188 2268 3339 2323 nullo
3367 2275 3533 2321 vento
3566 2265 3679 2335 spi-

2109 2365 2291 2416 rante.
2334 2356 2449 2411 haec
2478 2360 2624 2414 enim
2673 2375 2835 2414 causa
2883 2369 3065 2415 motus
3105 2375 3135 2413 a
3174 2367 3318 2413 terra
3359 2356 3675 2413 includitur.

2108 2447 2379 2516 Fiuntque
2410 2448 2481 2504 ibi
2520 2450 2906 2505 concussioues
2941 2450 3237 2521 graviores,
3270 2449 3360 2505 ubi
3394 2460 3543 2503 mare
3576 2445 3681 2500 llu—

2110 2547 2356 2591 ctuosum
2394 2546 2448 2591 et
2486 2548 2628 2592 terra
2667 2540 2827 2608 plena
2866 2538 3119 2593 cavernis
3156 2548 3239 2593 est
3278 2552 3341 2593 ac
3369 2536 3674 2592 meatibus:

2109 2629 2336 2695 spiritus
2368 2629 2513 2683 enim
2552 2630 2707 2683 ﬁrmo
2753 2630 2875 2685 loco
2922 2630 3166 2685 inclusus
3198 2629 3263 2684 ﬁt
3302 2627 3681 2686 vehementior

2110 2715 2387 2784 magisque
2428 2724 2626 2769 terram
2674 2716 2879 2786 quatit,
2923 2726 2979 2771 et
3024 2716 3273 2787 regiones
3318 2715 3516 2784 quibus
3556 2715 3675 2769 loca

2109 2803 2249 2857 infra
2300 2812 2500 2859 terram
2551 2806 2621 2858 ita
2673 2805 2940 2860 meatibus
2983 2804 3182 2860 referta
3228 2811 3392 2867 sunt,
3447 2802 3678 2857 multum

2109 2905 2331 2950 ventum
2351 2897 2594 2965 capiunt,
2610 2898 2886 2967 magisque
2906 2896 3227 2951 concutiunt
3246 2904 3445 2950 terram
3466 2893 3682 2963 quando

2111 2989 2191 3043 sol
2227 2990 2464 3043 nubibus
2494 2990 2755 3059 obseptus
2788 2996 2843 3044 et
2871 2988 3137 3043 obscurus
3162 2996 3272 3054 est,
3301 3001 3427 3041 nam
3458 2984 3683 3054 spiritus

2110 3078 2201 3132 ille
2240 3077 2425 3132 subire
2465 3080 2800 3135 extrinsecus
2842 3089 3039 3133 terram
3084 3076 3281 3132 iterum
3324 3074 3545 3145 incipit,
3585 3072 3683 3144 qui

2111 3184 2290 3225 aerem
2312 3170 2556 3225 dissolvit
2582 3184 2646 3224 ac
2672 3185 2925 3225 serenum
2954 3169 3150 3225 reddit.

2553 3278 2676 3334 129.
2722 3280 2795 3333 De
2827 3296 3019 3350 magna
3054 3280 3243 3333 hieme.

2188 3370 2377 3442 Magna
2415 3371 2587 3425 hiems
2632 3380 2715 3426 est
2743 3371 2960 3440 quando
2999 3383 3189 3426 omnes
3228 3367 3462 3438 planetae
3498 3364 3555 3420 in
3592 3363 3683 3418 bi-

2115 3464 2283 3519 berno
2322 3472 2484 3517 erunt
2517 3463 2673 3531 signo
2708 3462 2940 3523 zodiaci.
2973 3461 3027 3515 in
3058 3458 3280 3525 aquario
3310 3458 3394 3513 vel
3420 3455 3679 3527 piscibus.

2115 3552 2305 3623 Magna
2345 3552 2457 3607 sive
2498 3553 2674 3623 magni
2723 3552 2849 3605 anni
2888 3561 3046 3606 aestas
3085 3559 3200 3616 est,
3235 3548 3452 3620 quando
3494 3561 3686 3603 omnes

2113 3646 2441 3700 convenient
2482 3645 2711 3714 planetae
2759 3644 2813 3697 in
2865 3644 3021 3715 signo
3059 3642 3263 3697 aestivo.
3317 3638 3411 3694 Sol
3462 3636 3682 3709 quidem

2113 3739 2167 3792 in
2209 3739 2363 3792 leone
2396 3735 2721 3792 constitutus
2748 3745 3011 3797 aestatem,
3049 3734 3101 3787 in
3130 3732 3407 3804 sagittario
3439 3730 3678 3786 hiemem

2113 3829 2260 3883 facit.
2296 3827 2432 3882 Hinc
2465 3838 2521 3881 et
2550 3842 2727 3883 annus
2775 3827 3022 3888 ἐνιαυτὸς
3069 3823 3303 3889 Graecis,
3332 3821 3478 3893 quod
3508 3820 3678 3876 solem

2112 3920 2190 3981 είς
2214 3920 2275 3972 τὸ
2296 3918 2425 3972 αὐτό
2459 3918 2511 3971 iu
2541 3918 2791 3973 eumdem
2828 3918 3007 3971 locum
3040 3915 3261 3978 referat,
3293 3913 3361 3967 ab
3400 3927 3512 3968 uno
3534 3909 3682 3967 enim

2112 4020 2313 4080 puncto
2355 4010 2408 4063 in
2460 4000 2906 4077 idemipuuctum
2944 4008 3025 4062 sol
3066 4007 3225 4063 redit.
3276 4004 3479 4059 Omnes
3520 4002 3684 4075 igitur

2110 4103 2341 4170 plaueta:
2372 4116 2534 4169 supra
2566 4110 2813 4153 nostrum
2838 4100 3098 4154 verticem
3126 4095 3407 4153 constituti
3430 4110 3680 4165 magnam

2112 4192 2308 4246 l'acicnt
2346 4201 2610 4257 aestatem,
2650 4206 2679 4246 e
2716 4191 2981 4245 diametro
3011 4201 3189 4245 autem
3231 4205 3260 4244 a
3298 4189 3455 4243 nobis
3492 4186 3681 4241 remoti

2111 4297 2300 4337 omnes
2348 4296 2596 4353 magnam
2637 4283 2891 4337 hiemem.
2930 4281 2993 4334 Et
3021 4282 3074 4335 in
3103 4296 3293 4351 magna
3326 4280 3507 4334 hieme
3533 4286 3682 4333 terra

2109 4374 2238 4428 mari
2256 4375 2533 4440 obruetur,
2558 4382 2615 4428 ut
2643 4375 2696 4428 in
2721 4388 2911 4444 magna
2929 4382 3111 4428 aestate
3129 4372 3485 4429 exsiccabitur
3507 4384 3676 4426 mare.

2354 4507 2474 4563 i150.
2509 4508 2685 4572 Quare
2714 4509 2881 4561 maris
2905 4523 3056 4577 aqua
3087 4506 3243 4561 salsae
3275 4507 3401 4561 sint.

523 4589 788 4657 Ἀλμυρόν
816 4590 929 4639 ἐστι
969 4589 1027 4639 τὸ
1054 4588 1335 4641 θαλάττιον
1364 4588 1529 4657 ὕδωρ,
1558 4588 1689 4640 διότι
1788 4589 2007 4641 καπνώ-
2044 4599 2086 4655 ι)
2182 4598 2279 4667 Λῳ

1923 4589 2007 4641 οώ-
2044 4599 2086 4655 ι)
2182 4598 2331 4667 Aqua
2381 4596 2590 4651 marina
2645 4599 2785 4652 salsa
2839 4606 2940 4661 est,
3002 4596 3258 4666 quoniam
3314 4610 3545 4666 vapores
3593 4595 3679 4650 fu-

442 4682 540 4749 δης
563 4680 923 4747 ἀναθυμίασις
950 4682 1189 4743 ἄπεπτος
1212 4680 1345 4733 οὖσα
1365 4681 1520 4733 οὐσία
1546 4682 2007 4750 παρεμπίπτουσα

443 4774 507 4841 τῇ
552 4771 792 4841 θαλάσσῃ
828 4774 970 4824 ποιεῖ
1012 4774 1183 4837 αὐτὴν
1228 4771 1480 4840 ἁλμυρὰν
1524 4773 1617 4823 καὶ
1644 4771 1883 4842 βαρεῖαν.
1935 4773 2007 4825 Ἢ

445 4861 579 4929 αὑτὴ
598 4862 655 4915 δὲ
667 4862 1027 4931 ἀναθυμίασις
1047 4862 1571 4930 ἀπόγειοςγινομένη
1592 4863 1683 4913 καὶ
1703 4864 2007 4931 μιγνυμένη

444 4955 555 5014 τοῖς
605 4953 834 5020 θερινοῖς
876 4954 967 5005 καὶ
998 4957 1383 5021 μετοπωρινοῖς
1430 4953 1604 5016 ὑετοῖς
1638 4957 1780 5004 ποιεῖ
1818 4956 2011 5019 αὐτοὺς

445 5044 585 5111 ἁὶνμυ
596 5044 740 5111 ρούς.
759 5045 822 5096 Οἱ
844 5045 900 5096 δὲ
925 5046 1157 5113 ποταμοὶ
1176 5046 1237 5096 οὐ
1265 5044 1528 5113 πάσχουσι
1542 5028 1637 5113 τὴν
1661 5044 2011 5113 άλμυρότητα

445 5137 531 5187 δια
562 5139 658 5204 τὴν
680 5137 955 5189 ἄπαυστον
982 5138 1160 5190 αὐτῶν
1189 5137 1401 5207 ρεὖσιν.
1448 5136 1566 5207 Χρὴ
1592 5137 1699 5205 γὰρ
1746 5138 2007 5201 στάσεως,

445 5227 529 5276 ἵνα
574 5228 792 5295 γένηται
820 5228 852 5296 ἡ
894 5228 1087 5297 κρᾶσις
1118 5228 1215 5297 τῆς
1246 5226 1557 5289 καπνώδους
1586 5225 2004 5294 ἀναθυμιάσεως

448 5320 555 5378 τοῖς
584 5317 961 5388 ὑποκειμένοις
989 5318 1193 5371 ὕδασιν.
1216 5320 1396 5371 Αἴτιον
1428 5318 1484 5370 δὲ
1514 5317 1612 5386 τῆς
1638 5318 2011 5386 άλμυρότητος

449 5411 539 5459 καὶ
563 5413 592 5461 ὁ
628 5410 796 5477 ἥλιος.
826 5412 901 5479 Τῇ
932 5413 1039 5480 γὰρ
1061 5412 1237 5479 οἰκεία
1262 5411 1555 5481 θερμότητι
1581 5410 1883 5479 ἐξατμίζων
1913 5410 2010 5480 τὴν

449 5500 743 5567 θάλασσαν,
794 5504 887 5555 καὶ
930 5506 992 5555 τ),
1032 5504 1361 5571 γλυκύτερον
1405 5503 1576 5572 αἴρων
1606 5505 1699 5556 καὶ
1734 5504 2006 5571 κουφίζων

450 5590 581 5659 πρὸς
614 5594 655 5643 τ’
675 5609 701 5642 ν
730 5592 886 5661 ἀέρα,
918 5596 1065 5646 κάτω
1093 5594 1455 5663 άλμυρότερον
1481 5594 1545 5662 ἑᾷ
1567 5595 1659 5645 καὶ
1686 5593 2004 5663 βαρύτερον.

445 5682 570 5738 ’Ότι
593 5684 649 5736 δὲ
685 5685 987 5756 παχύτερόν
1030 5688 1143 5740 ἐστι
1182 5687 1239 5739 τὸ
1271 5686 1553 5741 θαλάττιον
1585 5686 1726 5757 ὕδωρ
1760 5685 1867 5741 τῶν
1906 5702 2003 5738 πο-

516 5879 590 5950 (9)
620 5880 756 5937 l‘sal.
802 5897 914 5947 cm,
937 5881 1023 5937 3‘2.

2115 4685 2249 4738 mosi
2311 4695 2569 4754 tanquam
2618 4686 2843 4740 materia
2895 4701 3007 4741 non
3038 4686 3169 4741 satis
3199 4693 3351 4740 cocta
3384 4700 3449 4740 ac
3474 4685 3680 4756 digesta

2115 4775 2248 4828 mari
2297 4775 2597 4830 incidentes
2658 4790 2776 4830 eam
2826 4775 3019 4830 salsam
3064 4789 3393 4845 gravemque
3420 4774 3677 4831 reddunt.

2121 4862 2334 4917 Similes
2365 4862 2735 4918 exhalationes
2761 4873 2962 4933 eterra
2993 4863 3147 4918 facta:
3178 4863 3459 4932 miseraque
3479 4862 3682 4920 aestivis

2118 4964 2172 5009 et
2194 4954 2596 5008 autumnalibus
2649 4955 2871 5023 pluviis,
2902 4955 3073 5008 salsas
3100 4968 3195 5008 eas
3226 4953 3480 5008 reddunt.
3509 4951 3682 5009 Fluvii

2118 5056 2299 5100 autem
2354 5045 2628 5100 salsedine
2676 5062 2787 5101 non
2843 5045 3153 5101 alIiciuntur
3211 5054 3435 5116 propter
3474 5044 3681 5100 ﬂuxum

2116 5152 2273 5191 suum
2303 5136 2645 5192 continuum.
2674 5136 2977 5192 Stabilitate
3006 5138 3153 5191 enim
3195 5150 3335 5206 opus
3367 5143 3471 5198 est,
3502 5144 3562 5190 ut
3594 5134 3683 5190 fu~

2116 5244 2281 5283 mosus
2313 5228 2416 5284 illae
2449 5228 2821 5284 exhalationes
2850 5229 3109 5299 subjectis
3138 5230 3294 5299 aquis
3328 5228 3677 5285 misceantur.

2116 5322 2410 5376 Salsedinis
2440 5321 2601 5375 etiam
2638 5335 2795 5374 causa
2823 5330 2907 5375 est
2935 5321 3034 5375 sol.
3065 5322 3256 5377 Calore
3278 5322 3422 5375 enim
3457 5335 3558 5375 suo
3586 5335 3682 5375 va-

2114 5426 2271 5481 pores
2300 5427 2331 5465 e
2361 5412 2496 5465 mari
2517 5411 2738 5465 eiiciens
2765 5410 3143 5480 dulciorcsque
3176 5420 3360 5480 partes
3377 5411 3599 5466 elevans
3624 5419 3685 5466 et

2114 5502 2373 5555 attollens
2400 5501 2454 5554 in
2493 5515 2703 5565 auram,
2736 5501 2989 5555 salsiores
3029 5508 3085 5555 et
3120 5500 3393 5569 graviores
3451 5499 3679 5554 inferius

2116 5590 2391 5658 relinquit.
2440 5588 2593 5655 Quod
2666 5605 2795 5643 vero
2839 5589 3060 5642 marinze
3118 5603 3272 5656 aquae
3327 5587 3677 5642 ﬂuviatilihus

2112 5684 2404 5741 crassiores
2437 5693 2585 5749 sunt,
2618 5683 2683 5738 ad
2705 5697 2921 5738 sensum
2957 5681 3131 5752 ipsum
3166 5688 3309 5753 patet
3340 5694 3500 5751 ςιιωιι
3526 5677 3673 5734 enim
