4446 6446
807 393 915 457 767

2072 386 2481 449 MICHAELIS
2532 382 2799 443 PSELLI

3947 380 4055 447 768

808 507 881 559 ob
915 520 1078 577 grave
1106 514 1244 561 onus
1302 504 1480 560 ﬂuviis
1512 504 1632 559 vehi
1676 520 1785 558 non
1850 512 2080 573 possunt
2143 516 2324 562 naves,
2357 516 2385 553 a
2418 504 2459 554 A
2490 516 2556 551 τα

2299 518 2324 562 ι,
2357 516 2385 553 a
2418 504 2459 554 A
2490 498 2699 566 ταμίων
2734 495 2962 558 ὑδάτων,
3008 494 3164 562 δῆλον
3213 492 3484 562 αἰσθήσει.
3537 492 3601 544 Ei
3655 492 3752 561 μὲν
3801 492 3908 562 γὰρ
3940 496 4055 555 τοῖς

812 596 946 648 mari
980 604 1198 665 propter
1228 596 1373 651 illius
1403 596 1724 650 densitatem
1749 594 1904 649 facile
1932 602 2241 664 portantur.

818 888 932 940 151.
967 888 1093 950 Qua:
1114 904 1274 939 causa
1329 889 1397 939 sit
1443 903 1605 953 quare
1656 888 1707 938 in
1767 887 1903 938 mari
1966 902 2167 956 quoque
2207 888 2382 938 dulces

1322 972 1471 1023 aqua:
1522 957 1873 1024 reperiantur.

884 1045 1056 1097 (Zama
1086 1061 1156 1099 oo
1193 1062 1351 1113 quam
1392 1047 1578 1100 dulces
1607 1046 1765 1099 etiam
1803 1048 1857 1100 in
1881 1047 2014 1100 mari
2048 1062 2198 1114 aquae
2230 1062 2383 1114 repe-

815 1137 1051 1194 riuntur,
1091 1148 1217 1190 sunt
1251 1137 1397 1190 ﬂuvii
1432 1139 1480 1189 in
1529 1138 1655 1191 illud
1710 1138 2029 1193 deﬂuentes.
2080 1138 2167 1191 Sic
2206 1140 2259 1191 in
2287 1154 2377 1190 ora

813 1225 972 1276 (iam
1033 1224 1206 1277 vicina
1265 1241 1411 1278 mare
1438 1240 1602 1293 aquas
1656 1225 1839 1279 dulces
1865 1227 2042 1285 habet,
2102 1224 2243 1292 quod
2277 1223 2377 1276 Nili

812 1316 1052 1381 qua-dam
1077 1316 1212 1368 ostia
1241 1332 1344 1367 non
1381 1317 1566 1383 procul
1587 1316 1710 1369 inde
1741 1318 1793 1368 in
1829 1316 1956 1369 iliud
1980 1331 2037 1367 se
2059 1326 2375 1369 exonerant.

816 1404 945 1455 llum
971 1405 1117 1457 enim
1154 1406 1492 1458 vehementia
1518 1415 1570 1459 et
1620 1407 1821 1473 impetu
1856 1406 2050 1460 ﬂuvius
2081 1406 2380 1459 devolvitur

812 1498 863 1549 in
920 1514 1088 1560 mare,
1156 1497 1536 1550 scaturitiones
1564 1496 1729 1549 veluti
1797 1497 2054 1564 quasdam
2106 1496 2252 1557 facit,
2320 1506 2372 1549 et

810 1604 1001 1656 aquam
1038 1587 1214 1641 reddit
1248 1587 1483 1641 dulcem.
1527 1586 1836 1639 Memineris
1884 1588 2043 1640 etiam
2082 1587 2205 1651 hoc,
2235 1588 2375 1655 quod

811 1680 878 1731 ab
905 1678 1049 1729 omni
1081 1693 1278 1745 magno
1306 1678 1450 1731 fonte
1475 1687 1655 1729 manat
1683 1675 1894 1734 ﬂuvius,
1922 1685 1975 1729 et
1995 1678 2139 1744 putei
2164 1692 2378 1744 quoque

811 1771 1053 1823 fontibus
1089 1776 1269 1823 ortum
1326 1770 1525 1822 debent
1563 1787 1575 1822 :
1611 1778 1769 1836 atque
1801 1768 2083 1821 nlicubiex
2112 1769 2379 1836 profundo

812 1870 969 1913 terra:
1007 1861 1126 1915 loco
1180 1876 1331 1929 aqum
1362 1861 1667 1913 scaturiunt
1721 1879 1732 1911 :
1767 1861 1890 1913 alibi
1925 1876 2050 1913 vero
2077 1878 2104 1912 e
2141 1861 2379 1913 fontibus

810 1960 864 2002 et
930 1950 1266 2004 scatebrisin
1307 1961 1460 2003 terra:
1506 1951 1835 2003 summitate.
1896 1951 1964 2001 At
1992 1949 2134 2002 ﬂuvii
2162 1950 2377 2017 quidem

808 2049 862 2092 et
902 2042 1157 2094 scatebrze
1185 2056 1351 2110 aquas
1382 2041 1581 2093 habent
1626 2040 1965 2108 proﬂuentes
2001 2059 2013 2093 :
2068 2042 2214 2109 putei
2249 2057 2379 2093 vero

807 2141 1035 2197 stantes,
1070 2148 1247 2200 neque
1285 2132 1426 2184 enim
1474 2142 1812 2199 promanant.
1869 2134 2132 2186 Cteternm
2168 2133 2380 2186 Aristo-

807 2225 942 2277 teles
976 2241 1121 2279 mare
1166 2226 1502 2295 Erythra‘um
1570 2237 1717 2279 extra
1742 2226 2011 2280 Oceanum
2042 2226 2213 2295 ponit,
2242 2241 2379 2293 quo-

805 2316 950 2368 niam
974 2316 1172 2370 linibus
1200 2317 1299 2386 ipsi
1335 2334 1443 2371 non
1485 2318 1751 2387 jungitur.
1813 2317 1903 2370 Est
1928 2326 1981 2370 et
2016 2317 2154 2370 locus
2204 2317 2377 2370 cidem

808 2405 987 2459 dictus
1020 2408 1313 2475 profundus
1344 2423 1506 2476 supra
1556 2409 1665 2475 (10)
1699 2408 1913 2461 Maeotin
1952 2409 2226 2477 paludem,
2286 2410 2377 2463 ubi

801 2511 924 2551 cum
947 2498 1117 2551 multo
1142 2498 1334 2566 spiritu
1365 2514 1502 2567 aqua
1530 2498 1841 2552 dulcissima
1878 2500 2226 2567 prOpullulat.

875 2607 1000 2662 152.
1035 2607 1213 2673 Quare
1241 2626 1381 2676 aqua
1428 2612 1637 2662 marina
1673 2610 1887 2664 arbores
1934 2628 2035 2663 non
2066 2612 2302 2664 alantur.

874 2768 991 2822 Non
1025 2770 1119 2823 alit
1157 2785 1294 2839 aqua
1328 2770 1538 2824 marina
1571 2771 1819 2836 arbores,
1853 2774 1977 2841 quia
1998 2787 2055 2826 se
2085 2789 2193 2827 non
2222 2775 2377 2828 facile

803 2859 1043 2913 insinuat
1097 2858 1392 2925 radicibus,
1449 2876 1551 2915 nec
1606 2862 1861 2917 celeriter
1904 2864 1959 2916 in
1995 2871 2244 2918 truncum
2294 2881 2379 2918 ra-

801 2965 1024 3019 mosque
1060 2953 1314 3022 assurgit,
1350 2962 1535 3021 utpote
1567 2954 1800 3008 crassior
1828 2956 2147 3025 graviorque
2175 2973 2236 3011 ac
2268 2967 2379 3010 ιρι·-

802 3041 961 3093 rcstri
994 3051 1181 3095 natura
1218 3042 1360 3096 :hoe
1392 3042 1535 3095 enim
1592 3042 1715 3097 inde
1752 3043 2180 3109 demonstratur,
2232 3044 2375 3113 quod

799 3130 1010 3185 facilius
1063 3148 1221 3201 quam
1269 3134 1371 3187 alia
1402 3149 1539 3203 aqua
1586 3134 1693 3188 fert
1717 3135 2061 3204 sustinetque
2112 3152 2280 3190 naves
2320 3144 2376 3190 et

799 3222 1128 3301 urinatoges.
1155 3222 1310 3278 Dices
1342 3234 1395 3278 et
1427 3226 1586 3279 aliam
1618 3241 1859 3292 causam,
1890 3227 2031 3295 quod
2091 3243 2228 3298 aqua
2256 3244 2371 3279 ma-

799 3311 922 3366 rina
947 3312 1204 3377 exsiccat,
1263 3330 1384 3368 cum
1415 3315 1699 3371 arboribus
1759 3331 1867 3370 non
1890 3316 2137 3370 ariditate
2162 3318 2252 3371 sed
2279 3319 2375 3370 hu-

796 3415 951 3455 more
972 3418 1109 3470 opus
1133 3403 1221 3456 sit.
1262 3403 1416 3465 Quod
1467 3421 1598 3459 vero
1630 3406 1873 3461 siccandi
1910 3406 2017 3459 vim
2052 3407 2215 3460 habet
2239 3423 2375 3475 aqua

799 3493 1032 3555 marina,
1106 3494 1449 3549 manifestum
1502 3506 1584 3550 est
1633 3498 1757 3566 quia
1790 3498 1945 3566 juvat
1972 3506 2160 3550 contra
2189 3506 2376 3565 putre—

796 3580 1108 3644 factionem,
1141 3585 1393 3651 quoniam
1428 3586 1606 3639 aridas
1664 3602 1752 3641 res
1812 3587 1993 3640 reddit
2051 3587 2370 3656 siccasque;

796 3674 889 3726 sed
935 3681 989 3727 et
1027 3691 1251 3744 corpora
1281 3692 1467 3730 eorum
1499 3679 1589 3747 qui
1647 3680 1700 3732 in
1733 3680 1867 3732 mari
1902 3680 2150 3733 laverunt
2175 3681 2373 3733 siccam

796 3773 853 3820 et
880 3780 1123 3833 asperam
1165 3770 1499 3836 superﬁciem
1560 3770 1780 3824 habent.
1816 3770 1998 3825 Addes
2053 3780 2107 3825 et
2161 3772 2372 3825 tertiam

798 3869 1042 3917 causam,
1076 3856 1218 3924 quod
1255 3872 1393 3924 aqua
1430 3857 1637 3910 marina
1676 3859 1916 3912 abundat
1937 3859 2289 3928 pinguedine,
2319 3868 2375 3913 at

798 3945 1071 4015 pinguedo
1139 3946 1287 4015 poris
1322 3947 1575 4001 arborum
1642 3964 1699 4003 se
1754 3948 2037 4004 insinuans
2091 3950 2373 4004 fmcundas

797 4049 918 4087 esse
947 4050 1053 4088 non
1089 4036 1375 4104 permitlit.

796 4235 917 4290 155.
950 4235 1124 4299 Quare
1146 4238 1257 4290 oleo
1283 4237 1510 4312 inAmare
1548 4240 2008 4312 effusoperapicua
2058 4242 2173 4312 ejus
2229 4260 2368 4311 aqua

1318 4308 1413 4375 fiat
1438 4318 1485 4361 et
1513 4310 1824 4378 tranquilla.

862 4396 999 4461 Quia
1033 4397 1238 4451 marina
1270 4414 1404 4467 aqua
1428 4399 1621 4453 terreis
1650 4409 1704 4454 et
1732 4400 2089 4469 inaequalibus
2113 4413 2369 4457 constans

2486 592 2749 659 ποταμοῖς
2800 588 2857 640 οὑ
2911 588 3132 639 δύναται
3190 587 3342 638 πλεῖν
3402 584 3572 654 βαρὺν
3631 586 3822 653 ἔχοντα
3862 588 4059 655 φόρτον

2485 682 2662 743 πλοῖα,
2700 682 2755 732 ἐν
2787 681 2842 732 δὲ
2870 682 2935 749 τῇ
2988 680 3229 747 θαλάσσῃ
3284 677 3642 745 βαστάζονται
3670 679 3939 747 ἐλαφρῶς,
3973 679 4060 731 διὰ

2482 775 2579 842 τὴν
2610 773 2746 840 αὑτῇ
2784 770 3152 839 ὑποκειμένην
3185 769 3490 838 παχύτητα.

2487 882 2619 955 ρλα’.
2660 884 2755 948 Τίς
2780 883 2815 949 ἠ
2848 884 3005 935 αίτΙα
3032 883 3136 955 τοῦ
3169 883 3238 955 έν
3263 881 3332 946 τῇ
3361 880 3642 946 θαλάσσῃ
3677 880 3869 947 γλυκὺ
3904 881 4058 947 ὕδωρ

3059 952 3473 1017 εὑρίσκεσθαι.

2554 1046 2733 1097 Αἴτιον
2759 1044 2851 1096 τοῦ
2886 1038 3021 1095 εἶναι
3052 1043 3222 1108 γλυκὺ
3259 1042 3400 1109 ὓδωρ
3430 1042 3487 1092 ὲν
3512 1044 3576 1109 τῇ
3607 1041 3847 1111 θαλάσσῃ
3872 1040 3932 1091 τὸ
3959 1058 4059 1092 πο-

2481 1138 2686 1204 ταμοὺς
2721 1139 2833 1205 ρεῖν
2872 1136 2997 1204 περὶ
3049 1136 3238 1202 αὑτήν.
3281 1136 3338 1186 Ὀ
3370 1135 3501 1198 γοῦν
3546 1134 3634 1185 ἐπὶ
3673 1133 3853 1196 Γάζαν
3891 1134 4057 1196 πλοῦς

2483 1231 2625 1297 ὕδωρ
2680 1228 2790 1296 ἔχει
2826 1228 3015 1294 γλυκὺ,
3063 1228 3151 1279 διὰ
3192 1228 3252 1279 τὸ
3297 1225 3417 1278 τινὰ
3470 1225 3670 1293 στόμια
3701 1226 3794 1277 τοῦ
3856 1226 4055 1278 Νείλου

2489 1323 2665 1373 ἐκεῖσε
2697 1320 3005 1387 ἐμϐάλλειν.
3049 1317 3139 1385 Τῷ
3180 1317 3286 1387 γὰρ
3334 1316 3482 1387 ῥύμῃ
3517 1317 3611 1368 καὶ
3658 1318 3723 1385 τῇ
3774 1316 3919 1385 ὁρμῇ
3955 1318 4056 1382 ἐμ-

2482 1413 2694 1464 ϐάλλειν
2755 1414 2783 1462 ὁ
2836 1411 3074 1477 ποταμὸς
3121 1412 3199 1471 εἰς
3246 1408 3343 1477 τὴν
3386 1408 3680 1467 Θάλασσαν,
3741 1401 3850 1458 οἷον
3918 1407 4058 1476 βρύα

2481 1503 2601 1554 τινά
2628 1505 2789 1564 ποιεῖ,
2835 1502 2928 1552 καὶ
2974 1502 3201 1569 παρέχει
3253 1500 3396 1568 ὕδωρ
3438 1500 3634 1564 γλυκύ.
3678 1500 3784 1551 Καὶ
3808 1498 3964 1550 τοῦτο
4001 1500 4057 1551 δέ

2491 1612 2569 1645 σοι
2611 1594 2802 1655 ἰστέον,
2848 1594 2931 1643 ὅτι
2970 1595 2996 1643 ὁ
3025 1592 3120 1660 μὲν
3152 1591 3394 1657 ποταμὸς
3430 1591 3538 1642 ἀπὸ
3574 1591 3753 1658 πάσης
3814 1589 4057 1658 μεγάλης

2483 1684 2662 1751 πηγῆς
2688 1686 2792 1753 ῥεῖ,
2824 1683 2916 1733 καὶ
2946 1682 3013 1733 τὰ
3044 1683 3255 1749 φρέατα
3289 1681 3344 1732 δὲ
3376 1681 3481 1732 ἀπὸ
3516 1681 3707 1749 πηγῶν
3739 1680 3922 1748 έχουσι
3955 1682 4055 1749 τὴν

2492 1774 2683 1842 ἀρχὴν,
2713 1774 2807 1824 καὶ
2837 1774 2969 1823 ὅπου
3009 1771 3107 1839 μὲν
3136 1771 3243 1823 ἀπὸ
3283 1771 3372 1823 τοῦ
3404 1772 3598 1837 βάθους
3627 1773 3726 1839 τῆς
3761 1775 3864 1840 γῆς
3914 1772 4058 1823 ἐκδί-

2481 1866 2628 1917 δοται
2655 1867 2721 1916 τά
2758 1866 2941 1926 ὑδατα,
2974 1865 3106 1915 ὅπου
3139 1864 3194 1916 δὲ
3218 1864 3325 1915 ἀπὸ
3351 1865 3540 1933 πηγῶν
3572 1868 3664 1917 καὶ
3692 1863 3907 1932 κρηνῶν
3938 1866 4057 1916 ἑπι-

2484 1956 2672 2023 πολῆς.
2707 1957 2815 2007 Καὶ
2852 1955 3088 2022 ποταμοὶ
3124 1954 3226 2021 μὲν
3258 1955 3350 2005 καὶ
3383 1954 3578 2022 κρῆναι
3615 1956 3814 2023 ῥευστὰ
3844 1955 4057 2023 ἔχουσιν

2484 2046 2673 2109 ὕδατα,
2714 2047 2781 2097 τά
2813 2047 2869 2097 δὲ
2914 2047 3149 2114 φρέατα,
3186 2044 3446 2112 στάσιμα,
3506 2046 3566 2097 οὐ
3606 2046 3714 2114 γὰρ
3751 2046 4054 2114 ὲκρέουσιν.

2486 2137 2724 2201 Ἐξωθεν
2780 2137 2834 2188 δὲ
2862 2137 3133 2201 θαλάσσης
3167 2138 3193 2187 ὁ
3242 2135 3615 2204 Ἀριστοτέλης
3656 2137 3754 2203 τὴν
3792 2136 4057 2205 Ἐρυθρὰν

2482 2227 2649 2294 λέγει,
2685 2228 2770 2279 διὰ
2798 2229 2855 2279 τὸ
2882 2227 2955 2297 μὴ
2982 2228 3122 2295 ἔχειν
3148 2227 3337 2295 πέρας.
3376 2228 3561 2291 Τόπος
3587 2226 3641 2278 δέ
3670 2229 3783 2279 ἐστι
3812 2230 3941 2295 περὶ
3964 2229 4056 2280 τὸν

2481 2318 2725 2385 ποταμὸν
2763 2320 2867 2371 τὸν·
2906 2319 3269 2381 βαθύτατον,
3331 2316 3495 2384 βαθὺς
3538 2314 3886 2383 καλούμενος,
3928 2317 4055 2369 ἔνθα

2480 2410 2782 2463 ἀναδίδοται
2842 2408 2986 2478 ὕδωρ
3040 2406 3375 2475 γλυκύτατον
3439 2408 3578 2475 μετὰ
3635 2408 3832 2460 πολλοῦ
3894 2408 4059 2461 πνεύ-

2486 2518 2674 2569 ματος.

2485 2614 2618 2683 ρλβ’.
2667 2614 2768 2668 Διὰ
2823 2615 2889 2666 ’τί
2926 2615 2992 2667 τὸ
3031 2614 3353 2667 θαλάττιον
3398 2617 3556 2683 ὕδωρ
3607 2618 3677 2669 οὺ
3733 2614 3930 2682 τρέφει
3982 2614 4055 2666 τὰ

3142 2684 3379 2751 δένδρα.

2553 2776 2626 2826 Οὑ
2657 2775 2847 2845 τρέφει
2875 2776 2941 2830 τὰ
2973 2776 3160 2844 δένδρα
3186 2776 3245 2828 τὸ
3272 2776 3555 2829 θαλάττιον
3596 2775 3761 2845 ὕδωρ,
3794 2776 3926 2828 διότι
3956 2779 4054 2827 οὐκ

2480 2866 2722 2920 ἐνδύεται
2753 2870 2869 2932 ταῖς
2895 2868 3073 2936 ῥίζαις
3098 2868 3297 2928 αὐτῶν,
3336 2869 3453 2919 οὐδὲ
3488 2870 3820 2935 ἀναφέρεται
3842 2868 4053 2937 ταχέως

2481 2959 2561 3021 εἰς
2594 2959 2653 3011 τὸ
2681 2960 2928 3027 στέλεχος
2960 2960 3053 3011 καὶ
3079 2960 3200 3020 τοὺς
3232 2959 3539 3027 ἀκρέμονας
3567 2959 3655 3011 διὰ
3695 2960 3754 3010 τὸ
3795 2961 3942 3027 παχὺ
3973 2956 4053 3011 εἷ-

2481 3066 2588 3112 ναι,
2625 3051 2719 3102 καὶ
2748 3051 2832 3101 ὅτι
2864 3049 3125 3118 ἐμϐριθές
3175 3050 3288 3099 ἐστι
3350 3050 3443 3101 καὶ
3500 3048 3720 3113 γεῶδες.
3778 3048 3947 3100 Τοῦτο
3994 3050 4050 3101 δὲ

2480 3138 2858 3191 ἀποδείκνυται
2898 3137 3005 3189 ἀπὸ
3045 3135 3137 3189 τοῦ
3182 3137 3383 3203 μᾶλλον
3412 3137 3625 3204 ἀνέχειν
3681 3140 3776 3189 καὶ
3832 3138 4053 3205 ὑπερεί-

2477 3230 2683 3281 δειντά
2722 3229 2903 3291 πλοῖα,
2962 3229 3051 3279 καὶ
3112 3228 3239 3290 τοὺς
3294 3228 3705 3297 κολυμὸὡντας.
3764 3230 3899 3280 Εἰπὲ
3957 3230 4052 3281 καὶ

2476 3320 2641 3386 ἄλλην
2670 3320 2869 3381 αἰτίαν,
2900 3321 2980 3371 ὅτι
3032 3318 3354 3388 ξηραντικόν
3386 3323 3500 3371 ἐστι
3560 3318 3717 3370 τοῦτο
3770 3320 3829 3369 τὸ
3882 3319 4045 3387 ὕδωρ·

2475 3412 2554 3463 δεῖ
2590 3411 2646 3462 δὲ
2685 3413 2796 3472 τοῖς
2852 3411 3087 3479 δένδροις
3122 3411 3181 3462 οὐ
3233 3408 3547 3479 ξηρότητος,
3583 3410 3696 3460 ἀλλ’
3732 3410 4047 3478 ὑγρότητος.

2484 3502 2605 3553 Ὀτι
2635 3501 2688 3553 δὲ
2720 3500 2963 3569 ξηραίνει
2988 3502 3049 3552 τὸ
3078 3500 3362 3554 θαλάττιον
3415 3500 3581 3570 ὕδωρ,
3633 3502 3864 3570 φανερὸν
3907 3502 4039 3554 καθ-

2477 3594 2706 3660 έστηκεν
2738 3593 2847 3644 ἀπὸ
2872 3591 2965 3644 τοῦ
2993 3591 3205 3661 βοηθεῖν
3236 3592 3368 3663 πρὸς
3393 3592 3489 3653 τὰς
3517 3591 3727 3660 σήψεις,
3753 3592 4049 3661 ὲξικμάζον

2473 3686 2645 3739 ταῦτα
2680 3687 2773 3739 καὶ
2823 3686 3201 3753 ἁναξηραίνον,
3264 3686 3357 3737 καὶ
3417 3685 3485 3736 τά
3538 3683 3765 3754 σώματα
3825 3686 3881 3736 δὲ
3936 3686 4045 3737 τῶν

2474 3780 2824 3847 λουσαμένων
2848 3781 2905 3829 ἑν
2930 3781 2995 3847 τῇ
3029 3779 3271 3851 θαλάσσῃ
3302 3778 3470 3847 ξηρὰν
3503 3779 3615 3847 ἔχει
3657 3781 3751 3831 καὶ
3780 3784 4039 3848 τραχεῖαν

2473 3869 2570 3939 τὴν
2601 3869 2945 3936 ἐπιφάνειαν.
2983 3866 3122 3919 Εἰπὲ
3164 3869 3255 3919 καὶ
3288 3868 3455 3935 ἀλλην
3490 3868 3669 3919 αίτίαν
3716 3868 3799 3920 ὅτι
3847 3868 4046 3933 πολλῆς

2474 3962 2506 4028 ἡ
2537 3959 2780 4011 θάλασσα
2815 3957 3027 4027 μετέχει
3056 3958 3152 4026 τῆς
3193 3958 3576 4028 λιπαρότητος,
3610 3959 3668 4010 τὸ
3706 3959 3761 4010 δὲ
3793 3959 4042 4028 λιπαρὸν,

2472 4052 2744 4122 ἐμπίπτον
2792 4053 2901 4113 τοῖς
2948 4051 3136 4121 πόροις
3182 4050 3288 4103 τῶν
3344 4050 3594 4119 δένδρων,
3629 4050 3727 4102 οὐκ
3763 4050 3828 4121 έᾷ
3872 4051 4047 4104 ταῦτα

2472 4161 2539 4196 κα
2550 4143 2849 4210 ρπογονεῖν.

2471 4250 2603 4320 ρλγ’.
2666 4252 2767 4320 Διὰ
2814 4250 2871 4301 τί
2922 4248 3031 4315 τῆς
3082 4250 3380 4320 θαλάττης
3432 4251 3611 4315 ἐλαίῳ
3657 4254 4042 4319 καταρῤαιτο-

2623 4319 2813 4387 μένης
2842 4320 3065 4385 γίνεται
3100 4319 3465 4386 καταφανείη
3496 4322 3594 4373 καὶ
3627 4322 3884 4388 γαλήνη.

2542 4411 2665 4462 Ὅτι
2712 4410 2811 4479 τὴν
2844 4409 3118 4461 θάλασσαν
3170 4408 3345 4479 γεώδη
3404 4412 3499 4463 καὶ
3555 4413 3843 4480 ἀνώμαλον
3872 4411 4037 4465 οῧσειν

790 4488 1071 4557 particulis
1092 4490 1345 4553 truditur,
1376 4490 1692 4559 laxaturque
1716 4491 1820 4545 olei
1852 4491 2140 4554 densitate,
2168 4493 2365 4547 deinde
2399 4514 2442 4568 ι)
2471 4501 2546 4566 est

2283 4494 2365 4546 Ide
2399 4514 2442 4568 ι)
2471 4500 2661 4566 ἐξωθεῖ
2694 4506 2787 4553 καὶ
2821 4500 3122 4553 διαστέλλει
3150 4500 3210 4552 τὸ
3240 4500 3419 4553 ἔλαιον
3457 4504 3522 4571 τῇ
3557 4503 3873 4571 πυκνότητι.
3919 4503 4039 4556 εἶτα

794 4588 1111 4633 recurrente
1157 4579 1244 4633 illa
1302 4580 1369 4634 ad
1417 4595 1568 4634 suam
1599 4592 1847 4635 naturam
1879 4597 2106 4652 seseque
2141 4598 2362 4652 compo-

793 4678 958 4722 nente
981 4670 1117 4724 ﬁunt
1136 4671 1249 4739 pori
1275 4672 1491 4741 quidam
1509 4681 1563 4726 et
1584 4688 1751 4727 vacua
1771 4673 2071 4737 intervalla,
2096 4690 2214 4743 qua:
2237 4690 2364 4728 ocu-

790 4758 859 4814 lis
888 4761 1141 4831 liquidam
1178 4764 1319 4817 illam
1347 4764 1555 4820 l‘aciunt
1574 4782 1637 4821 ac
1666 4767 2026 4836 perspicuam,
2061 4776 2113 4821 et
2142 4769 2363 4837 Spiritus

787 4849 910 4904 laevi
933 4856 1143 4922 corpori
1178 4854 1415 4910 allabens
1430 4872 1539 4911 non
1566 4859 1746 4913 turbat
1772 4874 1963 4928 aquam
1988 4860 2244 4928 jactatve.
2264 4860 2360 4915 Vel

787 4942 930 5009 quod
965 4944 1141 4997 oleum
1166 4948 1426 5014 :equabile
1454 4949 1685 5003 maxime
1734 4960 1789 5003 et
1844 4951 2042 5020 pingue
2100 4952 2145 5005 si
2202 4968 2354 5019 aquze

789 5034 1013 5087 marinae
1048 5034 1375 5099 aﬂ‘nndatur,
1429 5042 1783 5110 caliginosum
1816 5043 1872 5095 in
1921 5043 2007 5096 illa
2041 5058 2221 5098 aerem
2248 5044 2359 5098 dis-

787 5121 961 5191 pellit,
998 5132 1055 5178 et
1085 5126 1399 5181 lucidiorcm
1445 5129 1611 5195 facit;
1648 5133 2090 5201 tranquillitatem
2120 5148 2249 5187 vero
2276 5133 2356 5186 fa-

783 5214 859 5267 cit
914 5214 1112 5279 oleum,
1144 5218 1270 5271 dum
1302 5234 1451 5288 aqua!
1480 5222 1701 5277 marina:
1729 5232 2062 5291 supernatat.
2098 5239 2200 5278 nec
2229 5240 2355 5294 per-

784 5303 953 5355 mittit
995 5320 1057 5357 ex
1090 5306 1345 5361 inferiore
1378 5310 1495 5362 loco
1533 5312 1677 5364 illam
1739 5321 2054 5367 exaestuare.
2112 5313 2251 5368 Sunt
2300 5324 2355 5369 et

780 5394 899 5446 alize
933 5395 1113 5448 multze
1173 5399 1366 5452 harum
1401 5416 1580 5453 rerum
1613 5418 1812 5467 causa),
1847 5404 1943 5457 sed
1992 5404 2109 5458 aliis
2135 5419 2356 5459 accura-

782 5481 948 5537 tiores
980 5494 1107 5538 sunt
1133 5502 1265 5555 quas
1300 5489 1479 5542 attuli.

2470 4588 2877 4659 ἀνατρεχοὺσης
2916 4592 2997 4651 εἰς
3026 4590 3227 4658 ἑαυτὴν
3257 4592 3349 4643 καὶ
3392 4592 3827 4661 συστελλομένης
3860 4594 4041 4658 γίνον-

2471 4698 2560 4733 ται
2614 4680 2770 4751 πόροι
2821 4681 2987 4742 τινὲς,
3055 4682 3146 4733 καὶ
3200 4683 3332 4734 κενά
3392 4681 3786 4750 διαλείμματα,
3835 4685 4036 4752 μεταξῦ

2468 4771 2747 4838 διαύγειαν
2783 4773 2902 4832 ταῖς
2936 4771 3093 4839 ὄψεσι
3118 4772 3351 4834 διδόντες
3375 4773 3467 4824 καὶ
3490 4775 3862 4840 καταφάνειαν
3886 4790 3900 4803 ⁸
3937 4776 4031 4829 καὶ

2468 4863 2529 4914 τὸ
2588 4862 2804 4930 πνεῦμα
2852 4862 2950 4929 τῆς
3009 4861 3285 4931 λειότητος
3346 4863 3729 4917 ἀπολισθαῖνον
3790 4867 3850 4918 οὑ
3893 4868 4040 4919 ποιεῖ

2466 4952 2701 5021 πληγὴν,
2753 4953 2872 5004 οὑδὲ
2908 4953 3089 5005 σάλον.
3126 4954 3194 5004 Ἢ
3247 4954 3328 5006 ὅτι
3368 4954 3429 5006 τὸ
3461 4954 3641 5007 ἔλαιον
3689 4956 4036 5024 δμαλώτατον

2462 5047 2556 5097 καὶ
2587 5045 2962 5113 λιπαρώτατον
3018 5043 3102 5109 δν,
3142 5044 3497 5114 ἐπιχεόμενον
3527 5048 3592 5115 τῇ
3623 5045 3885 5116 θαλάσσῃ,
3917 5047 4034 5099 δια-

2466 5134 2710 5202 σκίδνησι
2737 5135 2829 5186 τὸν
2859 5136 2916 5187 ὲν
2941 5135 3078 5205 αὑτῇ
3111 5135 3338 5205 ζοφερὸν
3371 5136 3508 5206 ἀέρα
3533 5138 3623 5188 καὶ
3653 5138 4032 5207 λαμπρότερον

2462 5226 2855 5295 ἀπεργάζεται,
2886 5227 3129 5296 γαλήνην
3162 5227 3217 5278 δὲ
3245 5229 3466 5295 ἐμποιεῖ
3504 5228 3761 5280 ὲπιπλέον
3803 5229 4031 5295 ἀνωθεν,

2464 5317 2559 5367 καὶ
2587 5317 2687 5369 οὑκ
2727 5317 2829 5368 ἐῶν
2858 5316 3100 5369 κάτωθεν
3131 5317 3301 5385 αὑτὴν
3330 5317 3787 5386 ἀναδράττεσθαι.
3823 5319 3945 5370 Εἰσὶ
3975 5318 4033 5369 δὲ

2467 5407 2561 5458 καὶ
2585 5406 2743 5459 ἄλλαι
2778 5406 2966 5458 πολλαὶ
2999 5408 3127 5474 περὶ
3153 5407 3357 5458 τούτων
3408 5407 3605 5467 αἰτίαι.
3640 5408 3754 5461 ἀλλ’
3788 5407 3911 5475 αῖγε
3956 5408 4034 5458 εί-

2471 5497 2699 5565 ρημέναι
2733 5496 2839 5547 τῶν
2874 5495 3047 5550 ἀλλων
3072 5496 3178 5547 εἰσὶ
3202 5496 3611 5565 ἀκριϐέστεραι.

2273 5605 2507 5662 NOTAE.

853 5688 963 5770 (βυ)
1011 5690 1069 5743 In
1092 5690 1289 5770 -Grzec_o
1311 5698 1582 5770 ἐξεμεῖν-τα
1611 5699 1825 5765 ﬂuvium
1857 5703 2342 5770 profundissimam.

784 5758 888 5837 sed
926 5762 1484 5837 prteobscurioreilla
1523 5758 1970 5835 interpretatione
2008 5773 2157 5837 posui
2194 5772 2347 5822 Μαιο-

782 5829 858 5880 tin
892 5828 1157 5896 paludem,
1206 5836 1421 5901 respicit
1466 5838 1607 5891 enim
1642 5828 1847 5892 l‘scllus
1894 5828 2017 5895 ltzcc'
2043 5842 2344 5895 Aristotelis

2457 5705 2553 5758 lib.
2599 5705 2665 5759 de
2691 5705 2890 5757 Mundo
2923 5719 3039 5772 cap.
3072 5704 3103 5756 4
3138 5703 3235 5755 ετό
3266 5704 3319 5754 δὲ
3376 5702 3515 5769 ὑπὲρ
3566 5699 3819 5753 Κασπίαν
3862 5698 4028 5770 βαθὺν

2456 5776 2570 5845 ἔχει
2608 5776 2699 5827 τὸν
2729 5774 2867 5843 ὑπὲρ
2897 5775 2994 5844 τὴν
3028 5774 3275 5828 Μαιῶτιν
3304 5773 3497 5842 λίμνην
3532 5773 3712 5823 τόπον.
