4446 6446
386 418 490 479 ΤΠ

1504 407 1600 466 DE
1636 405 1796 467 OMN
1806 406 1881 465 LF
1888 405 2077 465 ARIA
2114 404 2521 466 DOCTRINA.

3552 412 3656 476 778

383 531 691 600 γινόμενος,
734 521 1043 595 ὲξυγραῐνει
1097 522 1204 593 γὰρ
1256 519 1420 574 αὐτὸν
1454 520 1545 572 καὶ
1586 522 1686 574 οὐκ
1719 522 1782 591 ἐᾷ
1820 518 1973 588 παρὰ
2002 524 2047 579 Α
2079 532 2139 571 an

1905 518 1973 588 ρὰ
2002 524 2047 579 Α
2079 526 2206 572 ante
2249 524 2492 571 aestatem
2530 518 2788 573 cadentes
2831 517 3165 582 conducunt,
3215 517 3482 590 siquidem
3528 520 3659 577 illud

381 624 490 675 τῶν
519 620 738 692 θερμῶν
784 616 1111 686 πνευμάτων
1163 612 1559 684 θερμαίνεσθαε
1605 628 1663 665 τε
1707 612 1799 664 καὶ
1845 610 1971 679 φλέ-

383 713 598 782 γεσθαι,
630 712 719 766 διὰ
752 710 923 763 ταῦτα
951 708 1202 779 εὔχονται
1238 708 1352 771 τοῖς
1386 706 1602 777 δωριοίς
1636 704 1812 775 κακὴν
1844 702 1969 773 χόρ-

383 821 479 857 του
515 801 871 871 συγκομιδήν.

386 922 533 988 ρμη’.
569 913 732 967 Aiaci
762 914 799 981 ἡ
833 912 1048 988 ἄρκτος
1072 914 1196 988 ὀὐκ
1240 909 1429 963 ἐσθίει
1480 906 1550 960 τὰ
1582 906 1795 959 δίκτυα
1822 903 1969 958 ὅταν

1014 981 1357 1049 ἁλίσκηται.

455 1095 623 1149 Λύκοι
682 1096 788 1166 μὴν
835 1095 927 1147 καὶ
980 1094 1144 1163 ἄρνες
1198 1093 1293 1147 καὶ
1343 1093 1391 1145 τ’
1430 1091 1564 1146 ἄλλα
1609 1088 1718 1142 τῶν
1766 1087 1971 1159 θηρίων

383 1188 748 1257 διαμάσσεται
778 1187 846 1239 τά
882 1187 1095 1249 δίκτυα,
1124 1186 1249 1239 ὅταν
1282 1188 1338 1238 ὲν
1376 1183 1591 1244 τούτοις
1621 1180 1867 1251 γένηται.
1903 1179 1966 1231 'lI

383 1281 439 1334 δὲ
477 1282 677 1350 ἄρκτος
709 1280 837 1341 τοὺς
883 1278 1101 1341 ὀδόντας
1145 1276 1344 1347 ἔχουσα
1377 1274 1509 1327 εἴσω
1555 1273 1650 1326 τοῦ
1704 1272 1969 1342 στόματος

382 1373 585 1442 ἣκιστα
619 1371 755 1440 πρὸς
783 1371 853 1423 τά
874 1371 995 1425 λίνα
1029 1369 1344 1434 ἐξικνεῖται.
1369 1366 1745 1435 Παραπέμπει
1766 1365 1875 1436 γὰρ
1903 1365 1971 1418 τὰ

382 1464 534 1535 χείλη
571 1464 659 1517 διὰ
716 1464 888 1533 πάχος
934 1463 1031 1515 καὶ
1069 1459 1321 1532 μέγεθος,
1372 1459 1404 1530 ἢ
1460 1458 1663 1529 μᾶλλον
1710 1457 1971 1527 ἰσχύουσα

381 1560 501 1619 ταῖς
542 1562 699 1627 χερσὶ⁵
727 1555 932 1625 διασπᾷ
965 1554 1056 1608 τὸν
1110 1554 1325 1625 βρόχον,
1371 1554 1464 1606 καὶ
1497 1555 1615 1614 ταῖς
1652 1552 1760 1621 μὴν
1810 1549 1970 1622 χερσὶ

382 1648 588 1715 διασπᾷ
642 1647 705 1698 τὸ
755 1645 921 1709 λίνον,
976 1645 1055 1716 τῷ
1115 1645 1173 1697 δὲ
1232 1644 1462 1712 στόματι
1518 1643 1789 1713 ἀμύνεται
1843 1643 1969 1705 τοὺς

381 1731 679 1794 διώκοντας
716 1748 728 1761 ·
773 1733 806 1802 ἢ
848 1734 929 1785 ὅτι
966 1734 1022 1785 αἱ
1066 1733 1539 1804 περικυλινδήσεις
1574 1733 1810 1802 μάλιστα
1840 1731 1969 1802 βοη-

382 1819 536 1872 θοῦσι
566 1822 702 1889 αὐτῇ
733 1822 868 1889 πρὸς
890 1822 987 1892 τὴν
1016 1823 1308 1893 ἀποφυγὴν
1336 1821 1644 1875 διασπῶσαι
1667 1822 1728 1875 τὸ
1753 1823 1966 1876 δίκτυον

2075 608 2413 670 humectant,
2446 622 2549 662 nec
2576 608 2904 679 permittunt
2931 608 3059 663 illud
3086 625 3115 664 a
3139 610 3495 667 calidioribus
3526 628 3661 667 ven-

2076 700 2143 754 tis
2183 707 2316 754 testu
2344 698 2487 754 afﬁci
2519 709 2573 754 et
2617 702 2724 767 uri,
2777 703 2905 757 hinc
2955 700 3100 756 Dorii
3145 702 3350 757 malum
3394 705 3660 776 graminis

2074 800 2397 860 proventum
2438 802 2718 861 exoptant.

2077 901 2198 957 MS.
2234 901 2414 968 Quare
2447 920 2567 957 ursa
2605 921 2706 957 non
2749 908 2951 960 nrrodit
3005 909 3139 963 retia
3172 909 3387 979 quando
3426 911 3656 979 capitur.

2136 1073 2271 1145 Lupi
2346 1087 2400 1132 et
2449 1080 2571 1149 agni
2645 1080 2874 1149 aliaeque
2944 1082 3131 1138 bestia:
3212 1086 3479 1141 arrodunt
3524 1087 3661 1141 retia

2074 1168 2295 1235 quando
2347 1170 2451 1225 illis
2511 1174 2838 1228 constrictas
2889 1189 2949 1229 se
3004 1177 3267 1232 sentiunt.
3334 1179 3469 1234 Ursa
3530 1196 3663 1235 vero

2073 1263 2267 1317 dentes
2300 1262 2531 1318 interius
2557 1266 2611 1319 in
2640 1266 2892 1323 faucibus
2926 1268 3137 1323 habens
3166 1269 3351 1323 minus
3376 1270 3483 1325 illis
3517 1271 3663 1327 valet

2075 1353 2342 1410 adversus
2381 1354 2577 1421 linum,
2608 1360 2753 1427 quod
2801 1359 2957 1414 labiis
2990 1368 3214 1429 propter
3246 1360 3462 1415 illorum
3509 1378 3662 1417 cras-

2076 1446 2258 1501 sitiem
2291 1456 2346 1502 et
2375 1449 2809 1518 magnitudinem
2840 1453 3047 1521 patitur
3070 1453 3328 1507 excidere
3360 1470 3375 1508 :
3410 1464 3503 1508 aut
3532 1471 3663 1510 vero

2074 1539 2333 1608 quoniam
2368 1541 2538 1612 magis
2567 1542 2702 1596 ~alct
2738 1543 3103 1599 anterioribus
3150 1544 3404 1614 pedibus,
3438 1545 3546 1599 illis
3579 1546 3660 1600 la-

2074 1646 2244 1699 queos
2275 1632 2559 1701 dirumpit,
2610 1644 2775 1702 atque
2826 1633 2963 1688 adeo
3016 1636 3150 1688 retia
3201 1651 3440 1706 quoque,
3479 1645 3533 1691 et
3565 1653 3661 1692 ore

2072 1721 2317 1777 defendit
2361 1738 2420 1776 se
2445 1722 2706 1777 adversus
2739 1734 3131 1793 persequentes
3162 1740 3176 1777 :
3223 1735 3318 1779 aut
3345 1727 3472 1794 quia
3496 1727 3661 1788 _volu-

2074 1815 2308 1869 taliones
2336 1831 2515 1869 ursam
2558 1816 2795 1870 maxime
2841 1816 3039 1885 juvant
3082 1826 3139 1871 ut
3183 1818 3419 1873 evadere
3465 1820 3659 1889 possit,

382 1913 477 1964 καὶ
513 1913 866 1981 ρηγνύουσαι,
898 1914 1021 1967 ὅθεν
1069 1914 1333 1978 πολλάκις
1380 1915 1808 1986 περικυλιομένη
1852 1915 1965 1977 τοῖς
1996 1908 2039 1962 Β
2070 1908 2138 1963 dit

1903 1915 1965 1977 ti;
1996 1908 2039 1962 Β
2070 1908 2431 1963 discindendo
2479 1918 2643 1979 atque
2705 1910 3099 1979 disrumpendo
3150 1920 3289 1974 rete,
3343 1926 3485 1980 saepe
3516 1913 3659 1966 enim

383 2003 599 2075 βρόχοις
628 2006 830 2074 διαιρεῖ
854 1992 1077 2069 τούτοῦς
1110 2006 1203 2058 καὶ
1235 2007 1444 2074 τέμνει,
1494 2002 1613 2061 εἶτα
1647 2008 1848 2078 ῥᾳδίως
1883 2009 1969 2059 ὲκ-

384 2095 616 2165 κυδιστᾷ
646 2098 738 2148 καὶ
771 2094 1025 2159 σώζεται.
1053 2094 1272 2148 Πολλῶν
1300 2093 1393 2150 οὖν
1420 2098 1558 2168 αὐτῇ
1591 2098 1763 2152 ὄντων
1795 2098 1970 2168 ἀμυν-

380 2188 587 2256 τηρίων
638 2189 732 2240 καὶ
786 2188 1053 2257 ἀφορμῶν
1100 2190 1180 2252 είς
1225 2189 1525 2262 διαφυγὴν,
1578 2194 1689 2255 τοῖς
1731 2192 1967 2261 μάλιστα

384 2280 758 2349 ἰσχυροτέροις
809 2280 1032 2351 χρῆται,
1093 2283 1189 2334 καὶ
1233 2282 1584 2338 διολισθαίνει
1634 2288 1729 2339 τοῦ
1769 2284 1966 2355 βρόχου

383 2370 474 2437 ὐρ⁹
507 2366 566 2425 οὗ
597 2372 909 2440 κατέχεται.

500 2484 642 2554 ρμθ’.
676 2486 838 2539 Διατί
885 2486 922 2553 ἡ
972 2487 1167 2559 τευᾷίς
1211 2488 1563 2557 φαινομένη,
1604 2490 1860 2559 σημεῖον

940 2555 1232 2624 χειμῶνος
1264 2555 1416 2611 ἐστί.

464 2668 529 2720 Ἢ
563 2668 747 2732 τευθὶς
780 2669 1013 2738 ίχθύδιόν
1048 2673 1163 2723 ἐστι
1196 2673 1339 2725 λεῖον
1370 2673 1468 2742 τὴν
1516 2674 1840 2741 ἐπιφάνειαν
1868 2677 1967 2744 τῆς

381 2760 608 2828 σαρκδς,
650 2761 772 2814 ὅθεν
821 2762 914 2815 καὶ
961 2761 1223 2830 μαλάχιον
1272 2749 1611 2833 ὠνόμασται,
1663 2765 1965 2818 Ψιλότατον

381 2854 489 2921 γὰρ
528 2853 585 2903 ὃν
618 2855 709 2905 καὶ
760 2856 897 2923 μήτε
938 2855 1192 2926 ὀστράκῳ
1242 2858 1782 2928 συγκαλυπτόμενον,
1825 2861 1965 2931 μήτε

381 2940 609 3009 δέρματι
638 2943 1041 3014 περιεχόμενον,
1075 2946 1213 3012 μήτε
1235 2944 1409 2999 λεπίδι
1438 2948 1793 3018 σκεπόμενον,
1829 2949 1965 3019 μετὰ

383 3032 493 3084 τῶν
549 3033 830 3102 μαλακίων
874 3037 1191 3104 τετάχαται.
1251 3037 1462 3107 Γυμνὸν
1513 3034 1605 3093 οὖν
1654 3044 1817 3094 παντὶ
1871 3042 1964 3096 καὶ

384 3123 623 3185 ἀσκεπὲς
655 3123 713 3175 ὃν
750 3124 1175 3194 προαισθάνεται
1202 3124 1269 3178 δι’
1309 3128 1604 3181 εὐπάθειαν
1637 3129 1731 3183 τοῦ
1763 3131 1967 3200 χειμῶ-

2072 2015 2195 2055 cum
2229 2016 2295 2055 eo
2327 2016 2387 2055 se
2415 2001 2855 2057 circumvolvens
2899 2002 2953 2055 id
2999 2004 3143 2056 laxat
3189 2019 3252 2057 ac
3292 2004 3561 2076 refringit,
3597 2020 3662 2059 ac

2072 2092 2272 2147 deinde
2313 2093 2473 2148 facile
2519 2093 2737 2163 prosilit
2770 2105 2934 2165 atque
2961 2110 3020 2150 se
3060 2104 3267 2151 tuetur.
3313 2095 3500 2167 Itaque
3532 2113 3658 2152 cum

2072 2186 2241 2239 multa
2281 2186 2480 2240 habeat
2502 2187 2703 2255 quibus
2734 2201 2792 2241 se
2822 2188 2999 2257 possit
3025 2188 3344 2256 defendere,
3378 2192 3661 2262 multaque

2070 2276 2140 2331 ad
2190 2276 2561 2348 effugiendum
2610 2279 2828 2341 auxilia.
2885 2281 3283 2337 robustissimis
3334 2284 3529 2349 utitur,
3579 2286 3660 2341 la-

2069 2383 2381 2438 queumque
2407 2384 2516 2439 quo
2544 2379 2760 2425 tenetur
2794 2372 2975 2443 ligata,
3008 2375 3333 2444 perrumpit.

2145 2482 2269 2537 H9.
2311 2482 2487 2549 Quare
2529 2484 2875 2567 loligo‘supcr
2908 2487 3080 2567 aquis
3126 2489 3239 2542 visa
3284 2491 3495 2561 signum
3523 2493 3591 2545 sit

2698 2564 3048 2624 tempestatis.

2141 2667 2330 2739 Loligo
2371 2667 2664 2736 pisciculus
2714 2677 2798 2723 est
2847 2669 3137 2739 superficie
3189 2672 3439 2742 corporis
3487 2673 3659 2738 laevis,

2069 2758 2295 2812 unde‘et
2330 2757 2593 2826 μαλάκιον
2626 2773 2654 2812 a
2678 2758 2906 2813 mollitie
2933 2761 3274 2829 appellatur;
3308 2764 3489 2821 nudus
3516 2766 3662 2820 enim

2068 2864 2172 2905 nec
2208 2850 2471 2916 munitus,
2524 2860 2682 2917 testa,
2735 2867 2838 2906 nec
2867 2861 2992 2907 cute
3027 2852 3272 2920 indutus,
3306 2870 3407 2910 nec
3439 2872 3662 2927 squama

2070 2952 2376 3009 contectus,
2418 2944 2674 2998 mollibus
2720 2954 3062 2999 accensetur.
3118 2946 3311 3003 Nudus
3365 2948 3551 3020 itaque
3607 2961 3666 3008 et

2068 3034 2293 3087 minime
2348 3044 2523 3089 tectus
2552 3036 2689 3089 adeo
2723 3050 2849 3090 cum
2902 3036 2990 3102 sit,
3034 3037 3195 3092 facile
3233 3038 3466 3095 afﬁcitur
3520 3058 3663 3112 pra:-

2069 3126 2344 3194 sentitque
2389 3135 2794 3196 tempestatem,
2844 3128 2989 3183 unde
3020 3130 3233 3198 prosilit
3288 3142 3350 3187 ut
3397 3132 3569 3205 frigus
3608 3146 3666 3193 et

382 3230 493 3277 νος,
528 3214 649 3267 ὅθεν
680 3215 962 3279 ἐξάλλεται
1008 3215 1287 3285 φεύγουσα
1338 3219 1399 3272 τὸ
1439 3219 1610 3290 ψύχος
1648 3223 1743 3276 καὶ
1780 3226 1877 3293 τὴν
1908 3225 1964 3277 ὲν
1993 3239 2040 3304 C
2072 3231 2138 3270 In:

1908 3225 1964 3277 ὲν
1993 3239 2040 3304 C
2072 3216 2237 3271 maris
2266 3217 2634 3273 turbationem
2662 3233 2785 3287 quae
2813 3219 2867 3273 in
2916 3218 3087 3277 fundo
3118 3231 3201 3277 est
3228 3224 3475 3298 effugiat,
3511 3239 3567 3285 et
3604 3232 3660 3287 in

385 3305 539 3374 βάθει
577 3307 825 3376 ταραχὴν
855 3307 952 3376 τῆς
985 3307 1262 3378 θαλάσσης
1294 3350 1310 3376 ,
1346 3312 1440 3363 καὶ
1485 3316 1565 3375 εἰς
1628 3315 1727 3383 τὴν
1762 3316 1959 3384 ἐπιφά-

384 3411 534 3446 νειαν
573 3393 667 3447 τοῦ
700 3395 891 3457 ὕδατος
917 3396 1270 3467 ἁνανήχεται.
1301 3399 1467 3453 Ὅταν
1507 3399 1601 3454 οὖν
1637 3403 1697 3455 τὸ
1730 3402 1966 3473 ἰχθύδιον

382 3484 541 3536 τοῦτο
567 3486 870 3539 θεάσωνται
899 3487 949 3538 οἱ
977 3487 1373 3560 θαλαττουργοὶ
1419 3494 1486 3562 τῇ
1516 3492 1760 3565 θαλάσσῃ
1800 3496 1963 3564 νηχό-

386 3590 570 3644 μενον,
598 3577 846 3645 χειμῶνα
867 3578 1283 3649 τεκμαίρονται,
1316 3580 1506 3653 ὥσπερ
1532 3585 1660 3636 ὅταν
1691 3585 1842 3638 ῐδωσι
1873 3586 1966 3640 τὸν

385 3662 660 3718 πολύποδα
713 3666 814 3736 τῆς
872 3668 1080 3739 πέτρας
1133 3675 1551 3744 περιεχόμενον,
1592 3677 1810 3747 ἀνέμων
1867 3695 1965 3747 ση-

385 3757 666 3827 μειοῦνται
717 3762 911 3831 φοράν.
964 3763 1428 3834 Ἐγκατέσπειρεν
1476 3768 1584 3838 γάρ
1633 3768 1661 3821 ό
1691 3769 1823 3833 Θεὸς
1854 3774 1967 3832 τοῖς

383 3851 544 3911 ζώοις
580 3851 837 3918 δυνάμεις
885 3858 1327 3922 προγνωστικὰς,
1375 3857 1444 3911 δι’
1489 3852 1567 3914 ὧν
1603 3861 1671 3914 τά
1718 3863 1965 3933 σωτήρια

382 3938 641 3993 διώκουσι
666 3943 762 3996 καὶ
787 3945 851 3997 τὰ
880 3945 1100 4017 λυπηρὰ
1128 3948 1502 4017 διαφεύγουσι.

385 4050 481 4122 ρν’.
517 4054 702 4133 Διατιῖ⁸
716 4055 824 4134 τὼς
852 4059 966 4134 μέγ
1000 4058 1174 4134 σῖτον
1214 4062 1285 4134 ἐν
1312 4062 1577 4128 πηλώδει
1630 4064 1970 4134 φυτεύομεν

628 4124 726 4193 γῇ,
760 4125 875 4193 τὴν
901 4128 970 4180 δὲ
1008 4131 1221 4199 κριθὴν
1258 4132 1328 4185 ὲν
1360 4124 1692 4202 καταξήρξρ.

464 4236 523 4288 Ὀ
558 4239 701 4301 σῖτος
734 4241 927 4309 πικρὸς
958 4243 1040 4295 ὅτι
1087 4245 1181 4297 καὶ
1223 4243 1481 4315 ξυλώδης,
1530 4247 1702 4317 χαύνη
1750 4249 1807 4302 δὲ
1870 4250 1965 4305 καὶ

383 4328 741 4402 εὐδιάσηπτος
774 4334 1016 4405 ἡκριθή.
1066 4336 1229 4389 Ὀθεν
1267 4340 1471 4403 ἐκεῖνος
1534 4343 1633 4411 μὲν
1696 4341 1966 4412 μαλαττό-

385 4438 545 4489 μενος
580 4425 672 4475 καὶ
705 4424 1032 4494 χυλούμενος
1063 4428 1168 4480 ὑπὸ
1203 4430 1297 4483 τοῦ
1328 4431 1497 4501 ὑγροῦ
1555 4433 1787 4501 μάλιστα
1832 4434 1966 4504 φύεο

380 4530 491 4565 ται.
527 4514 606 4584 Τῇ
624 4514 679 4566 δὲ
706 4516 868 4588 κριθῇ
895 4518 982 4570 διὰ
1012 4521 1291 4593 μανότητα
1334 4524 1615 4595 σύμφορόν
1639 4528 1755 4579 ἐστι
1785 4527 1844 4579 τὺ
1866 4528 1964 4598 ξη-

383 4601 624 4669 ρότερον,
651 4604 771 4656 ὅθεν
811 4608 1119 4678 πυροφόρος
1150 4610 1250 4678 μὲν
1285 4612 1315 4681 ἡ
1348 4613 1487 4665 πίων
1540 4614 1633 4666 καὶ
1684 4613 1964 4683 βαθύγεως

382 4694 614 4763 ἄρουρα,
673 4697 1001 4768 κριθοφόρος
1066 4701 1120 4752 δὲ
1183 4704 1215 4771 ή
1270 4703 1597 4772 λεπτόγεως.
1656 4707 1801 4759 Διότι
1856 4708 1966 4762 τῶν

392 4783 720 4850 σπερμάτων
747 4786 814 4837 τὰ
850 4788 1047 4857 ισχυρὰ
1069 4788 1311 4854 πλείονος
1343 4793 1550 4863 τροφῆς
1572 4794 1762 4859 δεῖται,
1820 4797 1887 4850 τά
1913 4797 1969 4850 δὲ

392 4873 595 4943 ἀσθενῆ
629 4875 955 4949 λεπτοτέρας
982 4882 1074 4932 καὶ
1113 4882 1378 4953 ὲλαφρῆς.
1440 4886 1858 4957 ’Δσθενέστερον
1913 4887 1969 4940 δὲ

387 4968 419 5034 ὴ
448 4967 609 5037 κριθὴ
635 4970 729 5021 καὶ
757 4972 1072 5042 μανότερον,
1103 4974 1225 5027 ὅθεν
1263 4978 1323 5029 οὗ
1387 4978 1544 5049 φέρει
1608 4980 1706 5049 τὴν
1769 4979 1970 5047 πολλὴν

382 5060 588 5127 τρῡφὴν
649 5063 745 5114 καὶ
779 5063 1023 5133 βαρεῖαν.
1068 5066 1321 5139 Ἐκάστῳ
1353 5070 1465 5141 γάρ
1492 5072 1836 5144 βλαστήματι
1878 5075 1971 5126 καὶ

384 5151 598 5220 ἑκάστῳ
663 5156 915 5225 φυομένῳ
968 5160 1147 5230 χόρτῳ
1216 5161 1249 5232 ἢ
1298 5164 1575 5234 σπέρματι
1634 5168 1969 5239 κατάλληλον

383 5242 487 5309 χρὴ
541 5248 637 5311 την
674 5246 1037 5316 ὑποκειμένην
1084 5253 1595 5317 παρασκευάζεσθαι
1647 5255 1769 5322 γῆν,
1826 5256 1972 5318 ὅπως

384 5328 427 5399 ᾧ
448 5335 623 5401 χαίρει
657 5336 902 5403 ἕκαστον,
944 5340 1111 5412 τούτῳ
1139 5345 1468 5414 τρεφόμενον
1500 5346 1748 5417 αὔξηται.
1781 5348 1973 5419 Χαίρει

384 5424 439 5477 δὲ
484 5429 551 5479 τὰ
607 5427 704 5495 μὲν
736 5433 844 5493 τοῖς
881 5432 1085 5504 ξηροῖς,
1119 5437 1186 5489 τὰ
1218 5436 1271 5489 δὲ
1298 5442 1407 5502 τοῖς
1437 5440 1642 5511 ὑγροῖς,
1670 5441 1736 5493 τὰ
1776 5440 1833 5492 δὲ
1863 5443 1973 5504 τοῖς

389 5516 630 5585 θερμοῖς.

394 5658 525 5723 ρνα¹.
559 5653 720 5707 Διατί
843 5651 1117 5735 ,ἄμπελος
1159 5657 1655 5735 οἴνῳμραινομένη
1707 5667 1975 5735 μάλιστα

726 5724 804 5789 τῷ
830 5725 898 5786 ἐξ
930 5726 1139 5794 αὐτῆς,
1167 5724 1652 5799 ἀναξηραίνεταιξ

464 5836 586 5889 Ὅτι
620 5838 646 5888 ό
703 5836 940 5907 ἄκρατος
992 5844 1293 5913 στυπτικὴν
1338 5848 1475 5917 ἔχων
1517 5852 1675 5920 φύσιν
1726 5854 1969 5912 ἐνδύεται

589 5934 864 5996 ΡΑτιιοι..
899 5930 1018 5997 Gn.
1050 5930 1303 6005 CXXII.

2072 3323 2286 3363 summa
2311 3324 2450 3378 aqua
2486 3318 2757 3379 pronatat.
2788 3310 3020 3375 Quando
3056 3313 3219 3384 igitur
3243 3316 3388 3371 hunc
3420 3319 3661 3388 piscicu-

2070 3400 2182 3453 lum
2212 3410 2392 3457 nautze
2437 3402 2523 3456 vel
2568 3404 2867 3472 piscatores
2900 3404 3039 3458 mari
3087 3419 3537 3476 supernatantem
3577 3412 3662 3466 vi-

2070 3493 2219 3557 dent,
2253 3500 2637 3563 tempestatem
2670 3496 3024 3568 praesagiunt,
3058 3499 3135 3553 uti
3166 3510 3453 3556 ventorum
3482 3504 3663 3558 immi-

2072 3584 2320 3639 nentium
2361 3586 2576 3656 signum
2608 3595 2711 3650 est,
2741 3587 2787 3641 si
2824 3588 3150 3660 polypodem
3176 3591 3666 3652 animadverterint

2072 3688 2239 3748 petrae
2271 3679 2666 3734 adhzerentem.
2701 3680 3059 3738 Inseminavit
3095 3685 3241 3740 enim
3275 3685 3417 3743 Deus
3447 3688 3663 3744 anima-

2071 3770 2213 3824 libus
2277 3770 2590 3825 facultatem
2652 3773 2921 3841 ejusmodi
2988 3778 3412 3845 prtenotricem,
3498 3781 3661 3851 cujus

2070 3877 2177 3931 ope
2204 3863 2489 3933 profutura
2520 3877 2948 3937 prosequuntur,
2976 3877 3032 3924 et
3058 3886 3179 3940 qua:
3205 3874 3406 3928 nocere
3433 3884 3664 3944 possunt

2068 3956 2307 4028 fugiunt.

2071 4070 2193 4127 I50.
2227 4071 2406 4136 Quare
2446 4077 2769 4144 frumentum
2806 4081 2860 4132 in
2906 4082 3092 4145 lutoso,
3145 4084 3397 4139 hordeum
3424 4088 3477 4139 in
3508 4089 3662 4143 arido

2635 4151 2958 4204 conserimus
2989 4154 3122 4206 solo.

2142 4252 2415 4320 Quoniam
2446 4255 2704 4313 frumenti
2734 4261 2913 4329 planta
2944 4277 3127 4318 amara
3153 4280 3217 4320 ac
3247 4267 3529 4325 surculosa
3552 4279 3657 4337 est,

2070 4346 2263 4402 hordei
2295 4358 2477 4403 autem
2512 4349 2631 4405 laxa
2685 4361 2741 4406 et
2784 4353 3008 4425 fungosa
3046 4372 3274 4429 quaeque
3328 4360 3485 4419 facile
3532 4378 3658 4419 cor-

2072 4439 2363 4508 rumpitur,
2393 4440 2540 4497 unde
2591 4443 2723 4499 illud
2757 4445 2825 4501 ab
2874 4447 3101 4504 humido
3131 4452 3431 4509 emollitum
3465 4470 3659 4513 succo-

2073 4543 2180 4598 que
2224 4530 2507 4600 impletum
2550 4535 2756 4605 optime
2802 4541 3019 4605 crescit,
3065 4542 3271 4598 hordeo
3314 4556 3497 4602 autem
3530 4551 3657 4620 quia

2073 4621 2274 4675 laxiore
2327 4636 2520 4679 natura
2572 4638 2673 4694 est,
2722 4631 2892 4701 magis
2939 4634 3197 4689 conducit
3245 4645 3391 4691 terra
3422 4639 3654 4698 siccior:

2070 4712 2214 4766 unde
2246 4722 2299 4766 et
2339 4714 2553 4785 pinguis
2582 4732 2646 4771 ac
2693 4720 2997 4787 profundus
3044 4740 3172 4795 ager
3214 4727 3417 4783 bonum
3449 4732 3659 4801 profert

2072 4800 2426 4869 frumentum,
2460 4807 2639 4861 tenuis
2689 4809 2976 4869 hordeum.
3028 4813 3247 4871 Semina
3301 4800 3521 4877 robusta
3559 4840 3655 4879 co-

2073 4893 2309 4962 piosiore
2354 4898 2686 4955 nutrimento
2731 4901 2994 4975 indigent,
3048 4907 3346 4967 infirmiora
3406 4916 3657 4973 tenuiore

2072 4998 2134 5037 ac
2163 4983 2383 5040 leviore.
2416 4988 2505 5043 Est
2538 5002 2719 5047 autem
2774 4994 3037 5050 hordeum
3082 4999 3241 5071 longe
3274 5002 3544 5061 inﬁrmius
3575 5025 3658 5061 ra-

2076 5075 2319 5145 riusque,
2354 5080 2495 5134 unde
2524 5097 2633 5136 non
2662 5083 2765 5138 fert
2793 5089 3190 5147 nutrimentum
3218 5110 3381 5164 grave
3413 5112 3477 5151 ac
3516 5101 3657 5154 mul-

2076 5172 2209 5219 tum.
2243 5164 2428 5223 Cuivis
2467 5171 2612 5225 enim
2644 5173 2842 5242 plantae
2873 5177 3127 5235 berbaave
3177 5184 3423 5239 nascenti
3454 5200 3519 5241 ac
3565 5203 3655 5243 se-

2076 5257 2209 5313 mini
2257 5273 2646 5333 congruentem
2680 5275 2883 5323 terram
2928 5272 3202 5343 subjicere
3246 5285 3413 5348 atque
3466 5290 3655 5351 aptare

2075 5362 2313 5419 oportet.
2346 5364 2406 5407 nt
2449 5370 2554 5424 qua
2593 5359 2873 5427 quodlibet
2914 5366 3131 5439 gaudet,
3170 5368 3225 5422 in
3260 5372 3361 5427 hac
3389 5373 3567 5428 alatur
3599 5384 3655 5429 et

2077 5444 2369 5513 adolescat,
2402 5458 2561 5516 prout
2586 5451 2687 5507 alia
2716 5452 2878 5523 sicco,
2916 5456 3142 5514 humido
3185 5461 3310 5528 alia,
3344 5463 3446 5518 alia
3479 5465 3653 5520 calido

2076 5537 2413 5593 delectantur
2439 5542 2576 5598 solo.
3616 5558 3621 5561 ’

2081 5676 2201 5731 151.
2241 5674 2415 5742 Quare
2465 5682 2584 5734 uitis
2631 5686 2750 5764 vino
2799 5688 3046 5756 irrigata,
3092 5692 3321 5745 maxime
3356 5694 3495 5758 quod
3537 5694 3652 5764 ipsa

2606 5756 2787 5820 edidit,
2820 5770 3113 5813 exarescat.

2150 5859 2417 5927 Quoniam
2476 5883 2686 5923 merum
2743 5872 2792 5927 vi
2849 5889 2944 5928 sua
3002 5879 3229 5946 styptica
3280 5879 3396 5933 sive
3434 5891 3655 5937 contra-

3298 5958 3439 6034 25'
