4446 6446
814 367 930 426 7ἷ9

2126 371 2546 436 MICIIAELIS
2587 380 2855 444 PSELLI

3962 403 4071 466 780
4094 472 4113 485 ,

820 483 980 528 ,ιι-κιρ
1011 473 1252 528 insinuat
1298 488 1356 529 se
1397 474 1693 543 radicibus,
1726 493 2000 548 porosque
2036 481 2392 551 constipando
2423 491 2465 549 Α
2496 494 2576 545 ταὶ

2314 482 2392 536 ldo
2423 491 2465 549 Λ
2496 494 2613 555 ταῖς
2646 493 2845 563 ῥίζαις,
2884 495 2975 549 καὶ
2996 497 3119 561 τοὺς
3151 499 3353 569 πόρους
3386 504 3706 573 συναγαγὼν
3742 509 3833 561 καὶ
3854 511 4070 561 πυκνώ-

816 582 880 620 ac
905 564 1291 621 eondensando
1330 582 1438 621 non
1478 568 1607 622 sinit
1654 585 1851 638 aquam
1902 580 1959 624 ut
1988 570 2167 639 planta
2204 572 2394 628 floreat

812 668 1152 726 crescatque,
1188 668 1494 727 penetrare.
1553 659 1786 715 Facilius
1843 677 1973 716 vero
2026 663 2238 717 imbibit
2270 666 2409 719 vitis-

817 749 1001 800 vinnm
1051 747 1194 816 quod
1238 763 1302 802 ex
1359 748 1472 816 ipsa
1502 748 1806 817 profectum
1856 761 1958 814 est,
2011 753 2054 805 si
2087 752 2159 803 illi
2194 752 2391 806 iterum

815 839 1146 894 alfundatur.
1186 840 1292 894 Etsi
1341 840 1484 895 enim
1526 856 1691 896 sensu
1737 843 2050 897 destituitur
2102 843 2301 911 planta,
2332 860 2393 899 ac

817 946 919 985 nec
945 930 1185 1001 appetitu
1217 944 1319 984 nec
1353 930 1640 1000 phantasia
1672 942 1943 993 movetur.
1982 941 2163 986 tamen
2197 941 2392 989 natura

813 1023 988 1079 fertur
1017 1024 1083 1078 ad
1121 1038 1343 1078 succum
1379 1024 1484 1079 sibi
1519 1023 1861 1089 familiarem,
1902 1035 1959 1081 et
1991 1026 2060 1081 ab
2084 1041 2149 1082 eo
2182 1026 2394 1083 facilius

812 1115 1172 1183 eonslipatur.
1202 1112 1470 1169 Caeterum
1501 1115 1635 1169 nihil
1670 1114 1871 1180 verius,
1922 1133 2087 1187 quam
2124 1119 2293 1174 multa
2339 1120 2392 1174 in

810 1206 1051 1275 physicis
1080 1221 1202 1261 esse
1250 1222 1369 1275 quae
1418 1205 1712 1261 difﬁculter
1747 1209 2009 1278 explicari
2055 1220 2109 1265 et
2159 1227 2392 1280 quorum

813 1298 1054 1351 rationes
1088 1298 1420 1368 coniecturis
1448 1313 1557 1352 non
1594 1300 1753 1353 facile
1802 1301 1992 1371 attingi
2024 1311 2272 1370 possunt,
2303 1320 2395 1358 cu-

805 1388 1045 1457 jusmodi
1094 1388 1352 1459 profunda
1404 1390 1711 1460 cognitione
1744 1393 2010 1462 tantisper
2034 1393 2225 1458 dilata,
2256 1395 2391 1449 satis

808 1485 968 1539 nobis
998 1500 1118 1540 esse
1145 1484 1306 1539 debet
1334 1485 1376 1539 si
1404 1485 1695 1540 verisimile
1715 1486 1915 1556 aliquid
1941 1486 2216 1542 all'eratur.
2250 1487 2391 1544 ldem

811 1588 995 1646 aperte
1027 1576 1310 1645 proﬁtetur
1344 1575 1493 1633 Plato
1526 1578 1582 1632 in
1630 1577 1855 1645 Timaao,
1904 1590 2064 1649 atque
2116 1581 2237 1635 ideo
2284 1580 2395 1637 Nec

808 1682 927 1737 ego,
965 1668 1161 1736 inquit,
1196 1669 1289 1738 qui
1345 1669 1555 1739 loquor,
1610 1686 1713 1724 nec
1765 1686 1861 1725 vos
1906 1671 2000 1739 qui
2049 1687 2137 1725 me
2187 1674 2393 1727 auditis

808 1758 1032 1811 humani
1068 1758 1269 1828 aliquid
1299 1774 1328 1813 a
1364 1760 1520 1814 nobis
1546 1761 1779 1815 alienum
1814 1769 2003 1831 putare
2033 1762 2315 1818 debemus.

804 1896 929 1950 £52.
977 1896 1153 1960 Quare
1206 1910 1347 1968 rosa;
1376 1896 1548 1950 laztius
1589 1898 1777 1965 ﬂarent
1841 1900 2136 1966 [trientibus
2186 1901 2386 1968 plantis

1325 1966 1481 2029 juxta
1512 1970 1864 2022 nascentibus.

875 2080 992 2134 Non
1021 2096 1156 2136 rosa:
1185 2082 1386 2146 solum,
1413 2083 1508 2137 sed
1550 2093 1604 2138 et
1634 2085 1742 2139 lilia
1778 2094 1828 2139 et
1863 2101 2201 2157 qurecunqne
2232 2093 2388 2146 suavi

787 2174 971 2229 odore
1002 2183 1281 2242 praestant,
1309 2175 1461 2245 juxta
1481 2179 1829 2232 nascentibus
1860 2180 1985 2231 allio
2007 2188 2062 2232 et
2089 2180 2250 2248 czepis
2272 2181 2386 2235 fra-

789 2267 1081 2336 grantiora
1120 2265 1279 2322 ﬁunt.
1335 2266 1614 2338 Siquidem
1662 2270 1924 2339 quidquid
1974 2271 2151 2327 adhuc
2195 2273 2249 2327 in
2282 2274 2386 2329 illis

806 2368 1089 2427 supererat
1135 2374 1263 2413 acre
1295 2370 1457 2428 atque
1510 2360 1799 2430 ingratum,
1845 2372 2035 2418 natura
2086 2380 2183 2419 sua
2213 2363 2385 2419 fertur

803 2452 870 2504 ad
924 2451 1013 2504 illa
1071 2452 1320 2506 acerrimi
1368 2450 1551 2506 odoris
1590 2454 1820 2518 semina,
1869 2455 1947 2509 sic
2006 2466 2063 2510 ut
2117 2458 2383 2526 teliquum

802 2540 1001 2593 deinde
1032 2540 1101 2595 sit
1135 2540 1624 2612 fragrantissimum
1658 2544 2221 2615 ammnissimumque.
2279 2546 2385 2600 Sed

804 2639 858 2683 et
889 2638 1011 2682 ruta
1040 2630 1141 2684 sub
1172 2628 1275 2685 ﬁco
1304 2630 1542 2699 plantata
1572 2632 1630 2684 ﬁt
1659 2647 1819 2698 quam
1850 2633 2001 2701 prius
2043 2643 2159 2687 erat
2184 2635 2378 2697 acrior,

804 2736 929 2773 nam
985 2720 1129 2789 quod
1184 2720 1237 2774 in
1297 2720 1399 2777 ﬁco
1448 2731 1567 2776 erat
1622 2724 2041 2793 graveolentius,
2097 2725 2153 2777 in
2205 2734 2380 2779 rutam

804 2811 1154 2866 transfertur.
1177 2812 1353 2866 Etiam
1382 2813 1433 2865 in
1462 2812 1576 2869 ﬁcis
1602 2829 1771 2883 prope
1804 2814 2090 2885 capriﬁcos
2124 2816 2381 2884 plantatis

802 2905 1083 2957 suaviores
1124 2901 1209 2956 ﬁci
1249 2913 1569 2966 nascuntur,
1621 2903 1887 2972 siquidem
1940 2904 2272 2975 homogenea
2318 2919 2384 2961 ac

804 2993 995 3048 similis
1032 2993 1247 3065 generis
1276 3009 1396 3062 qum
1426 3002 1574 3059 sunt,
1610 3008 1706 3063 per
1744 3004 1995 3049 naturam
2040 2993 2289 3049 feruntur
2317 3010 2383 3051 ac

805 3087 1095 3141 trahuntur
1132 3088 1197 3141 ad
1240 3087 1458 3151 similia,
1507 3086 1769 3156 quidquid
1819 3086 1999 3156 itaque
2040 3087 2093 3141 in
2132 3086 2232 3141 ﬁco
2264 3097 2380 3142 erat

803 3192 946 3243 aere,
978 3177 1033 3231 in
1066 3178 1377 3247 capriﬁeum
1415 3180 1626 3243 transit,
1663 3187 1823 3247 atque
1854 3179 1991 3233 adeo
2032 3180 2300 3233 sinceram
2328 3180 2376 3232 ei
2407 3205 2451 3267 ο

803 3281 987 3326 servat
1009 3270 1373 3326 dulcedinem.

804 3405 925 3460 155.
961 3405 1137 3470 Quare
1156 3421 1407 3473 aprorum
1429 3406 1679 3529 lacrylmre
1713 3407 1910 3465 dulces.
1957 3422 2225 3460 cervorum
2269 3408 2374 3459 sint

1498 3493 1555 3528 sa
1581 3492 1674 3529 διε.

1498 3492 1674 3530 same.

876 3584 985 3638 lloc
1019 3600 1084 3639 ex
1136 3587 1316 3641 calore
1377 3598 1431 3639 et
1486 3585 1779 3657 frigiditalc
1839 3586 2120 3657 contingit.
2172 3586 2378 3640 Cervus

803 3679 947 3732 enim
974 3677 1182 3749 frigida:
1213 3688 1422 3733 natura:
1447 3685 1549 3742 est,
1584 3678 1726 3733 unde
1760 3687 1812 3733 et
1871 3678 2088 3733 timidus
2134 3692 2377 3746 semper-

802 3784 905 3838 que
940 3769 1170 3840 fugiens,
1206 3784 1305 3823 nec
1340 3771 1431 3839 qui
1474 3784 1709 3840 unquam
1739 3769 1872 3823 alios
1900 3769 2262 3839 persequitur.
2313 3770 2378 3822 At

801 3877 933 3931 aper
966 3861 1143 3916 calida
1173 3870 1561 3931 temperatura,
1595 3861 1738 3914 unde
1772 3860 1919 3914 calor
1944 3860 2119 3914 oculis
2148 3859 2268 3927 ejus
2298 3859 2377 3912 in-

801 3954 981 4006 sidens
1023 3953 1287 4021 lacrymas
1346 3953 1532 4021 coquit
1580 3960 1635 4004 et
1697 3949 1884 4004 dulces
1920 3949 2131 4010 reddit,
2180 3948 2273 4002 sed
2320 3949 2375 4002 in

800 4043 975 4098 cervis
1021 4042 1191 4113 frigus
1241 4058 1365 4096 cum
1426 4051 1632 4096 mutare
1685 4041 1898 4095 illarum
1956 4051 2205 4094 naturam
2265 4054 2374 4094 non

800 4134 991 4202 possit,
1041 4132 1297 4202 relinqnlt
1331 4133 1499 4187 salsas
1543 4133 1871 4201 crutlasque.
1927 4130 2071 4183 Nihil
2116 4146 2245 4184 sane
2292 4140 2377 4185 est

803 4227 854 4278 in
895 4236 1085 4279 natura
1139 4225 1282 4295 quod
1316 4241 1536 4280 causam
1581 4242 1732 4279 suam
1789 4238 1897 4278 non
1954 4224 2187 4285 habeat,
2250 4224 2377 4277 licet

802 4318 971 4371 multa
1016 4326 1236 4387 captum
1291 4327 1540 4372 nostrum
1586 4318 1864 4386 effugiant.
1927 4317 2114 4385 Itaque
2160 4324 2378 4384 oportet

801 4410 1068 4464 veriorem
1100 4424 1319 4464 causam
1347 4422 1564 4479 semper
1592 4409 1888 4477 inquirere,
1924 4417 2105 4462 tamen
2149 4416 2376 4461 conten-

802 4510 914 4551 tum
963 4513 1085 4552 esse
1124 4498 1288 4551 etiam
1331 4497 1739 4559 verisimilibus,
1790 4497 1937 4565 quod
1996 4504 2053 4551 et
2100 4497 2256 4550 Plato
2318 4497 2372 4549 in

802 4587 1069 4642 Phaedone
1126 4586 1305 4643 facere
1348 4586 1520 4657 jubet,
1550 4603 1656 4642 non
1706 4601 1767 4640 ea
1821 4589 1981 4642 modo
2030 4601 2150 4656 quae
2198 4586 2375 4641 refelli

802 4680 951 4734 nullo
1009 4679 1172 4735 modo
1204 4689 1435 4749 possunt
1476 4678 1830 4749 amplectens,
1875 4681 1966 4733 sed
1997 4692 2059 4732 ea
2087 4693 2206 4748 quin
2236 4679 2375 4734 difﬁ-

801 4773 975 4827 culter
1003 4780 1233 4843 possunt
1261 4770 1553 4825 confutari.

802 4886 923 4941 154.
960 4884 1139 4949 Quare
1170 4884 1342 4937 silices
1386 4893 1432 4935 et
1466 4882 1665 4951 plumbi
1696 4882 1907 4935 laminte
1937 4896 2090 4951 aqua:
2119 4881 2376 4948 impositae

1196 4954 1347 5007 illam
1371 4953 1697 5023 frigidiorem
1723 4952 1967 5007 reddant.

871 5065 1021 5119 lianc
1050 5063 1411 5134 quaestionem
1434 5062 1757 5117 Aristoteles
1786 5063 1839 5115 in
1865 5061 2217 5131 problematis
2249 5077 2372 5116 eum

799 5158 1122 5213 instituisset
1151 5155 1483 5226 expendere,
1516 5155 1805 5210 insolutam
1848 5154 2086 5223 reliquit,
2113 5162 2197 5208 est
2228 5154 2372 5207 enim

798 5268 865 5305 ex
895 5248 1246 5305 difﬁcillimis.
1284 5244 1553 5301 Nimirum
1584 5262 1713 5301 vero
1757 5260 1882 5300 cum
1910 5260 2004 5299 aer
2032 5245 2373 5300 extrinsecus

796 5341 1040 5395 allabens
1089 5355 1287 5408 aquam
1335 5338 1512 5393 reddit
1558 5336 1837 5407 frigidam,
1892 5337 1944 5391 id
1990 5336 2159 5407 magis
2209 5337 2374 5393 etiam

794 5432 1015 5488 efﬁcere
1044 5431 1190 5486 valet
1215 5445 1340 5485 cum
1374 5429 1431 5483 in
1457 5428 1663 5497 lapides
1695 5438 1750 5482 et
1778 5427 1984 5497 plumbi
2014 5427 2243 5483 laminas
2273 5428 2376 5481 im-

799 5523 1035 5595 pingitur
1069 5540 1081 5575 :
1109 5522 1379 5576 densitate
1409 5520 1554 5575 enim
1602 5534 1698 5572 sua
1728 5519 2009 5588 excipiunt
2048 5518 2185 5573 illud
2212 5527 2375 5587 atque

800 5619 854 5670 in
888 5628 1084 5685 aquam
1120 5613 1316 5667 iterum
1348 5612 1651 5675 remittunt,
1683 5620 1740 5664 ut
1766 5625 1863 5681 per
1900 5620 2067 5666 totam
2102 5610 2249 5665 illam
2282 5626 2374 5665 va-

798 5709 960 5761 lidius
999 5706 1170 5778 frigus
1217 5704 1511 5774 pervadat,
1577 5702 1721 5757 unde
1798 5702 1931 5756 nihil
1986 5702 2186 5756 mirum
2230 5702 2374 5772 quod

800 5802 982 5856 silices
1011 5798 1325 5871 plumbique
1359 5796 1569 5853 lamina:
1598 5810 1752 5867 aqua:
1791 5794 2003 5867 injecta:
2033 5795 2180 5851 illam
2214 5794 2373 5850 refri-

2500 600 2597 646 σας
2620 584 2719 637 οὐκ
2757 588 2821 656 ἑᾷ
2847 588 3037 641 διιέναι
3066 590 3126 643 τὸ
3158 590 3321 663 ὕδωρ,
3353 594 3493 647 ὥστε
3540 597 3599 648 τὸ
3628 600 3793 663 φυτὸν
3822 599 4070 653 εύθαλεῖν

2498 674 2591 725 καὶ
2625 674 2964 742 βλαστάνειν.
3010 681 3167 749 Ῥᾷον
3200 682 3256 735 δὲ
3292 685 3325 753 ή
3376 686 3619 754 ἄμπελος
3658 688 3868 757 δέχεται
3908 691 3968 743 τὸ
4012 692 4071 754 ἐξ

2498 765 2667 835 αὐτῆς
2697 767 2876 830 ἀπιὸν,
2905 772 2985 832 είς
3014 773 3183 842 αὐτὴν
3209 774 3452 826 ἐπανιόν.
3492 776 3553 829 Εἰ
3601 778 3707 846 γὰρ
3765 779 3862 830 καὶ
3913 781 4069 831 ἀναί-

2499 852 2691 923 σθητον
2747 856 2806 908 τὸ
2872 860 3057 926 φυτὸν,
3100 863 3192 915 καὶ
3244 863 3368 915 οὕτε
3417 866 3561 935 ὁρμῇ
3613 866 3736 920 οὗτε
3796 869 4068 937 φαντασίᾳ

2495 944 2885 1015 διοικούμενον,
2948 950 3083 1005 ἀλλά
3138 954 3297 1022 φύσει
3349 955 3486 1025 πρὸς
3530 955 3620 1009 τὸν
3666 958 3865 1011 οἰκεῖον
3896 960 4068 1028 χυμὸν

2495 1039 2828 1111 τρεπομένη,
2857 1043 3168 1113 παράὐτοῦ
3201 1048 3400 1116 μᾶλλον
3431 1048 3689 1116 ὑπομένει
3723 1049 3821 1119 τὴν
3849 1052 4067 1105 πύκνω-

2499 1143 2603 1180 σιν.
2633 1129 2787 1182 Είσὶν
2815 1128 2907 1185 οὖν
2933 1133 3005 1196 ὠς
3036 1135 3233 1205 ἀληθὲς
3264 1139 3331 1191 τὰ
3359 1139 3527 1193 πλείω
3551 1140 3659 1193 τῶν
3716 1140 4067 1209 φυσιολογου-

2502 1220 2676 1289 μένων
2714 1221 3035 1294 δύσφραστα
3093 1229 3189 1282 καὶ
3243 1230 3596 1297 δυσείκαστα,
3654 1233 3748 1286 καὶ
3773 1233 3851 1286 δεῖ
3882 1234 3940 1285 τὸ
3970 1235 4068 1303 μὲν

2499 1309 2658 1379 βάθος
2688 1312 3086 1380 ἀπογινώσκειν
3115 1318 3215 1388 τῆς
3247 1319 3612 1387 διαγνώσεως,
3642 1323 3891 1393 δέχεσθαι
3922 1324 3977 1375 δὲ
4008 1325 4067 1376 τδ

2495 1402 2769 1473 διδόμενον
2801 1405 2865 1459 ἂν
2895 1406 3005 1478 ἔχει
3028 1398 3087 1461 ire
3114 1413 3358 1466 πιθανόν.
3397 1413 3567 1466 Τοῦτο
3616 1416 3710 1466 καὶ
3756 1417 3977 1468 Πλάτων
4010 1419 4068 1468 ὲν

2496 1489 2713 1561 Τιμαίῳ
2736 1493 2851 1565 βοᾷ,
2882 1497 2954 1558 ὡς
2988 1497 3127 1566 Ἐγώ
3149 1516 3205 1550 τε
3237 1502 3264 1552 ὁ
3294 1501 3467 1569 λέγων
3496 1504 3653 1575 ὑμεῖς
3683 1522 3739 1557 τε
3767 1505 3813 1556 οξ
3839 1504 4064 1557 ἀκούονο

2495 1598 2586 1645 τες
2614 1582 2774 1650 φύσιν
2803 1588 3151 1660 ἀνθρωπίνην
3182 1591 3394 1662 ἔχομεν,

2497 1888 2624 1959 ρνβ¹.
2654 1895 2817 1946 Διατί
2851 1895 2919 1948 τὰ
2934 1896 3084 1962 ῥόδα
3100 1895 3339 1965 μᾶλλον
3360 1900 3526 1954 ἀνθεῖ
3556 1900 3845 1956 δυονωδιῖη⁴
3885 1902 4065 1954 τινῶν

2915 1969 3390 2038 παραρυομένων
3412 1972 3635 2035 αὐτοῖς.
3842 1992 3845 1993 '

2562 2073 2637 2125 Οὐ
2675 2075 2904 2144 τὰ⁶ρόδα
2932 2078 3116 2145 μόνον,
3145 2081 3281 2133 ἀλλὰ
3307 2083 3399 2134 καὶ
3429 2082 3497 2134 τὰ
3535 2083 3589 2135 ἴα
3620 2084 3714 2136 καὶ
3750 2083 3929 2136 πάντα
3962 2086 4061 2138 ὅσα

2491 2166 2600 2235 ἔχει
2656 2168 2840 2237 ἡδεῖαν
2868 2171 3172 2240 ἀποφορὰν,
3192 2176 3319 2226 ὅταν
3368 2176 3599 2244 σκόροδα
3652 2176 3749 2227 καὶ
3800 2177 4062 2245 κρύμμυα

2489 2260 2697 2324 τούτοις
2725 2263 3092 2333 παραφύεται,
3128 2266 3461 2337 εὐωδέστερα
3483 2270 3712 2333 γίνεται.
3757 2273 3899 2323 Διότι
3953 2273 4060 2323 πᾶν

2491 2350 2545 2402 εῖ
2573 2369 2625 2403 τι
2652 2353 2813 2422 δριμὺ
2839 2356 2932 2407 καὶ
2966 2356 3224 2425 δύσοδμνιν
3256 2359 3312 2408 ἐν
3339 2358 3548 2421 τούτοις
3584 2354 3639 2429 ᾗ,
3672 2362 3729 2412 ὲν
3784 2362 3896 2422 τοῖς
3948 2361 4061 2429 δριο

2492 2444 2747 2513 μυτέροις
2782 2445 2887 2499 τῶν
2918 2448 3249 2518 σπερμάέων
3272 2451 3513 2517 φυσικῶς
3552 2454 3805 2521 ἀπορρεῖ,
3839 2453 3931 2503 καὶ
3984 2453 4057 2516 γί-

2488 2551 2635 2586 νεται
2658 2536 2718 2587 τὸ
2739 2537 3657 2610 καταλιμπανόμενονεὐωδέστατον
3701 2548 3793 2596 καὶ
3823 2546 4059 2612 ὀσφραν-

2487 2627 2803 2681 τικώτατον.
2837 2631 2944 2683 Καὶ
2970 2630 3029 2683 τὸ
3060 2633 3302 2700 πήγανον
3329 2634 3387 2685 δὲ
3418 2634 3522 2686 ὑπὸ
3541 2636 3607 2702 τῇ
3642 2638 3777 2703 συκῇ
3829 2635 4058 2701 (pata-.4-

2488 2731 2650 2781 μενον
2681 2716 3005 2787 δριμύτερον
3034 2721 3223 2772 ἑαυτοῦ
3270 2721 3477 2788 γίνεται
3513 2738 3527 2786 ;
3556 2724 3901 2791 μετατίθεται
3948 2724 4057 2790 γὰρ

2487 2808 2565 2868 είς
2590 2806 2755 2874 φυτὸν
2780 2809 2841 2860 τὺ
2871 2810 2929 2860 ὲν
2962 2813 3025 2878 τῇ
3054 2814 3191 2880 συκῇ
3223 2810 3550 2880 βαρύοσμον.
3588 2813 3697 2864 Καὶ
3723 2811 3829 2863 τῶν
3866 2812 4056 2870 συκαῖς

2485 2896 2541 2951 δὲ
2572 2898 2789 2967 ἀγρίαις
2817 2901 3354 2969 παραφυτευομένων
3383 2901 3561 2955 συκῶν
3587 2902 3782 2972 βελτίω
3809 2903 3875 2953 τὰ
3911 2901 4049 2953 σῦκα

2484 2989 2744 3053 γίνονται.
2804 2989 2997 3059 ὐλκῆς
3021 2992 3128 3061 γὰρ
3164 2991 3378 3060 ἑκάστῳ
3423 2994 3516 3044 καὶ
3567 2996 3737 3061 φορᾶς
3786 2994 3921 3062 πρὸς
3988 2994 4054 3045 τὰ

2485 3080 2741 3149 σύμφυλα
2766 3082 2861 3135 καὶ
2884 3084 3042 3153 ὅμοια
3069 3085 3381 3153 γινομένης,
3412 3086 3533 3137 ὅσον
3562 3087 3707 3137 ἐστὶν
3732 3087 3788 3136 ὲν
3822 3090 3886 3157 τῇ
3924 3085 4052 3154 γλυ-

2484 3175 2616 3242 καία
2648 3176 2786 3245 συκῇ
2821 3175 3008 3245 δριμὺ,
3041 3178 3120 3238 είς
3143 3180 3242 3245 τὴν
3280 3178 3476 3245 ἀγρίαν
3513 3178 3822 3244 μεταϐαίνει
3858 3180 4047 3246 συκῆν,

2482 3267 2578 3317 καὶ
2608 3266 2839 3333 ἄμικτον
2867 3266 2965 3335 τὴν
2988 3266 3081 3319 τοῦ
3109 3267 3272 3319 σύκου
3299 3268 3660 3336 διαφυλάττει
3717 3270 4046 3339 γλυκύτητα.

2484 3399 2617 3468 ρνγ’.
2648 3400 2903 3474 Διὰᾼτᾼίνα
2941 3402 3372 3474 αἰτίαν-τὸγτῶν
3400 3404 3621 3471 ἀγρίων
3670 3407 3837 3459 συῶν
3864 3407 4052 3474 δάκρυ

2738 3469 2878 3538 ἡδὺ,
2903 3470 2971 3524 τὸ
2993 3470 3061 3523 δὲ
3084 3470 3201 3526 τῶν
3224 3469 3468 3541 ἐλάφων
3501 3475 3792 3544 ἁλμυρόν.

2551 3579 2720 3632 Τοῦτο
2762 3580 2848 3633 διὰ
2881 3580 3192 3651 Θερμότητα
3224 3585 3320 3637 καὶ
3351 3585 3668 3655 ψυχρότητα
3694 3587 3921 3653 γίνεται.
3993 3585 4052 3637 ⁸0

2486 3675 2582 3742 μὲν
2611 3673 2943 3742 γὰρνέλαφος
2971 3674 3200 3743 ψυχρὸς,
3236 3676 3358 3729 ὅθεν
3397 3679 3493 3729 καὶ
3542 3677 3715 3739 δειλὸς
3761 3679 3855 3730 καὶ
3917 3678 4053 3745 φεύ-

2481 3783 2591 3833 γων
2625 3766 2733 3831 ἀεὶ,
2762 3765 2973 3818 διώκων
3000 3766 3056 3818 δὲ
3079 3766 3360 3819 οὐδέποτε.
3405 3767 3465 3819 '0
3498 3768 3554 3819 δὲ
3608 3770 3787 3837 χοῖρος
3830 3766 4050 3837 θερμὸς,

2480 3856 2629 3908 ἔνθεν
2656 3873 2737 3908 τοι
2767 3855 2826 3908 τὸ
2867 3856 2965 3925 μὲν
2991 3856 3191 3924 θερμὸν
3242 3859 3356 3918 τοῖς
3392 3857 3691 3926 ὀφθαλμοῖς
3740 3858 3848 3909 τῶν
3910 3858 4052 3909 συῶν

2480 3945 2853 4015 ἐγκαθήμενον
2884 3946 3077 3997 πέπτει
3104 3945 3312 4009 τούτοις
3336 3947 3397 3999 τὸ
3424 3948 3680 4016 δάκρυον,
3738 3950 3831 4000 καὶ
3880 3949 4050 4015 γλυκὺ

2479 4038 2872 4107 ἀπεργάζεται.
2903 4037 2975 4089 Τὸ
3002 4037 3059 4090 δὲ
3091 4037 3303 4106 ψυχρὸν
3360 4038 3683 4106 μεταϐαλεῖν
3738 4039 3894 4091 τοῦτο
3940 4042 4050 4100 τοῖς

2479 4126 2695 4195 ἐλάφοις
2724 4127 2798 4196 μὴ
2840 4124 3109 4195 ἐξισχύον,
3143 4126 3390 4197 ἁλμυρὸν
3419 4127 3576 4179 τοῦτο
3610 4128 3703 4179 καὶ
3734 4127 3935 4195 φαῦλον
3965 4129 4047 4194 ἐᾷ.

2480 4219 2644 4272 Ούδὲν
2673 4219 2781 4289 γὰρ
2812 4220 2920 4271 τῶν
2951 4219 3167 4272 πάντων
3198 4220 3456 4282 ἀναίτιον,
3489 4223 3537 4271 εί
3588 4221 3681 4272 καὶ
3728 4220 3896 4271 πολλὰ
3954 4220 4050 4287 τὴν

2480 4311 2751 4380 ἡμετέραν
2775 4310 3058 4379 διαφεύγει
3092 4310 3419 4379 κατάληψιν.
3472 4313 3563 4362 Δεῖ
3586 4311 3641 4362 δὲ
3671 4311 3755 4364 ἀεὶ
3792 4311 3898 4379 μὴν
3952 4314 4049 4372 τὰς

2481 4402 2848 4473 ἀληθεστέρας
2880 4402 3095 4455 διώκειν
3120 4404 3228 4454 τῶν
3258 4404 3468 4466 αἰτιῶν,
3502 4404 3636 4457 ἀλλὰ
3666 4404 3754 4455 καὶ
3776 4407 3896 4463 ταῖς
3958 4421 4048 4455 πι-

2480 4494 2810 4564 Θανωτέραις
2836 4492 3139 4563 ἀρκεῖσθαι,
3168 4493 3290 4543 ἐπεὶ.
3310 4492 3404 4544 καὶ
3436 4492 3594 4544 τοῦτο
3618 4494 3842 4545 Πλάτων
3874 4510 4049 4559 παρα-

2482 4587 2763 4640 κελεύεται
2788 4588 2845 4639 ὲν
2874 4584 2952 4655 τῷ
2972 4584 3205 4653 διαλόγῳ
3245 4584 3324 4652 τῷ
3372 4583 3610 4644 Φαίδονι,
3640 4586 3699 4635 ού
3732 4584 3798 4634 τὰ
3832 4585 4049 4649 ἀνέλεγ-

2477 4692 2582 4729 κτα
2610 4676 2789 4745 μὸνον,
2824 4674 2957 4727 ἀλλὰ
2983 4676 3076 4726 καὶ
3129 4676 3197 4725 τὰ
3230 4674 3562 4740 δυσὲλεγκτα
3598 4673 4045 4742 προσδεχόμενος.

2481 4875 2603 4946 ρνδ’.
2641 4876 2745 4930 Διὰ
2768 4877 2904 4929 τίνα
2937 4875 3137 4928 αἰτίαν
3168 4872 3903 4946 χάλικεςνκαιλιολιεδίδες
3950 4871 4048 4938 ἐμ-

2581 4948 2941 5015 ϐαλλόμεναι
2974 4946 3353 5012 ψυχρότερον
3377 4944 3441 4995 τὸ
3481 4942 3637 5009 ὓδωρ
3676 4941 3938 4993 ποιεῦσι.

2554 5068 2724 5121 Τοῦτο
2748 5068 2807 5120 τὸ
2832 5067 3053 5137 ζήτημα
3117 5068 3175 5118 ὲν
3222 5064 3600 5135 προϐλήμασιν
3672 5061 4047 5130 Ἀριστοτέλης

2476 5162 2830 5230 ἐπιχειρήσας
2859 5159 3139 5225 θεωρῆσαι
3189 5157 3291 5209 οὐκ
3336 5154 3650 5216 ὲπιλύσατο,
3700 5154 3814 5204 ἐστι
3849 5152 3957 5219 γὰρ
3991 5154 4047 5201 ἐν

2474 5255 2587 5315 τοῖς
2611 5252 2850 5321 μάλιστα
2876 5249 3290 5318 δυσθεωρήτοις.
3328 5249 3388 5300 Εἰ
3417 5249 3525 5316 γὰρ
3554 5247 3647 5298 καὶ
3674 5246 3701 5296 6
3735 5246 3841 5312 ἀὴρ
3872 5260 4047 5318 παρα-

2474 5344 2633 5413 ψύχει
2663 5343 2722 5396 τὸ
2750 5343 2892 5410 ὓδωρ
2940 5340 3139 5407 ἔξωθεν
3169 5340 3481 5409 ἐμπίπτων,
3537 5338 3678 5389 οὕτω
3734 5337 3791 5388 δὲ
3847 5336 4046 5404 μᾶλλον

2481 5436 2650 5505 ίσχύει
2685 5435 2819 5503 πρὸς
2848 5435 2974 5495 τοὺς
3000 5433 3181 5496 λίθους
3208 5433 3301 5484 καὶ
3331 5432 3429 5492 τὰς
3488 5428 3794 5498 μολιδδῖδας
3820 5429 4042 5495 ἀπερει-

2475 5528 2720 5597 δόμενος.
2759 5526 3018 5595 Στέγουσι
3052 5529 3157 5595 γὰρ
3188 5527 3349 5579 αὐτὸν
3375 5528 3440 5596 τῇ
3474 5524 3769 5586 πυκνότης.
3791 5522 3884 5575 ita!
3917 5522 4047 5573 ἁνα-

2477 5615 2719 5669 κυκλῶσι
2746 5616 2825 5678 είς
2860 5616 2922 5667 τὸ
2948 5615 3111 5686 ὕδωρ,
3156 5616 3296 5668 ὥστε
3349 5615 3417 5666 δι’
3451 5614 3573 5666 ὃλου
3636 5611 3860 5681 ἰσχυρὰν
3904 5610 4046 5677 γίνε-

2479 5705 2602 5757 σθαι
2636 5704 2735 5773 τὴν
2761 5704 3067 5774 περίψυξιν,
3114 5706 3300 5759 καινὸν
3320 5704 3470 5757 οὐδὲν
3492 5705 3584 5757 ἐὰν
3616 5704 3687 5755 τὰ
3739 5702 3845 5755 τῶν
3892 5701 4044 5770 χαλί-

2478 5814 2589 5849 κων
2623 5795 2819 5849 λιθίδια
2853 5797 2945 5850 καὶ
2974 5799 3024 5849 αἱ
3062 5795 3359 5866 μολιῖδὲδες
3406 5793 3802 5866 ἐμϐαλλόμεναι
3842 5788 4047 5861 ψυχρὸν
