4446 6446
416 412 516 480 781

415 530 628 583 ποιοῦσι
658 529 717 580 τὸ
750 527 913 595 ὕδωρ.
936 525 1026 579 Διὸ
1068 524 1162 577 καὶ
1191 523 1455 594 χειμῶνος

415 621 668 691 χρότεροι
708 621 804 687 τῇς
831 617 1102 686 θαλάττης
1128 614 1402 683 γίνονταιο
1438 614 1610 681 ἰσχύει
1642 611 1750 682 γὰρ
1790 614 1847 662 εν
1903 611 1997 661 αύ-

414 718 527 772 τοῖς
560 714 587 765 ὁ
620 710 824 781 ψυχρὸς
847 709 957 779 ἀὴρ
987 706 1395 777 ἀνακλώμενος,
1443 706 1501 758 ὲν
1552 704 1608 757 δὲ
1639 706 1701 774 τῇ
1752 703 1996 770 θαλάσσῃ

415 803 499 856 διὰ
532 801 696 871 βάθος
726 799 978 852 ἐκλύεται
1013 799 1150 868 πρὸς
1187 796 1353 867 μηδὲν
1385 793 1731 866 ἀντερείδων.
1787 792 1998 853 ’Ἄλλως

414 910 474 945 τε
499 893 592 945 καὶ
622 894 648 943 ὁ
679 890 927 960 μόλιϐδος
956 889 1067 941 τῶν
1099 886 1260 956 φύσει
1288 886 1512 956 ψυχρῶν
1544 887 1713 948 ἐστιν,
1746 883 1798 936 οἵ
1823 899 1881 934 τε
1908 881 2000 950 χὰ-

416 986 565 1049 λικες
592 988 657 1055 τῇ
693 982 996 1052 πυκνότητι
1022 981 1082 1034 τὸ
1110 980 1317 1051 ψυχρὸν
1349 980 1436 1033 διὰ
1461 979 1624 1050 βάθος
1654 978 1923 1031 ποιοῦσιν.

419 1189 548 1253 ρνεθ.
571 1184 673 1237 Διὰ
715 1182 846 1236 τίνα
868 1183 1065 1236 αἰτίαν
1094 1182 1342 1253 ἀχύροις
1365 1180 1463 1234 καὶ
1496 1180 1746 1249 ἱματίοις
1765 1178 1802 1243 ἡ
1857 1176 2003 1247 χιὼν

972 1252 1457 1321 διαφυλάττεται.

488 1366 813 1437 Θαυμαστὸν
863 1366 1012 1419 δοκεῖ
1063 1368 1111 1419 εἰ
1170 1366 1240 1419 τά
1290 1365 1601 1435 θερμότατα
1653 1364 1855 1433 ἄχυρον
1909 1368 2003 1415 καὶ

423 1460 640 1527 ἱμάτιον
672 1459 966 1511 συνεκτικά
994 1458 1100 1511 τῶν
1139 1457 1501 1528 ψυχροτάτων
1526 1455 1696 1511 ἐστίν,
1732 1456 1845 1508 Οὐκ
1892 1455 2003 1525 ἔχει

420 1551 475 1603 δὲ
509 1550 719 1620 ρῦτως,
765 1551 879 1603 ἀλλ’
931 1547 980 1603 εἶ
1025 1549 1190 1612 αὐτὸς
1242 1548 1765 1620 παραλογιζόμενος.
1794 1548 1868 1600 Ού
1899 1549 2006 1616 γὰρ

423 1643 583 1709 φύσει
620 1643 825 1711 θερμὸν
854 1643 914 1694 τὸ
952 1642 1189 1710 ἱμάτιον,
1221 1642 1317 1695 καὶ
1352 1642 1461 1712 γάρ
1495 1644 1523 1694 ὁ
1580 1640 1745 1711 χιτὼν
1797 1640 2006 1710 ψυχρὸς

422 1733 553 1799 ἡμῖν
585 1730 920 1799 προσπίπτει
949 1729 1009 1781 τὸ
1031 1732 1246 1800 πρῶτον
1278 1729 1683 1798 ἐνδυσαμένοις,
1718 1725 1838 1782 εἶτα
1876 1727 2007 1797 μέν·

421 1838 503 1873 τοι
538 1820 954 1891 θερμαίνειτῆς
1010 1820 1283 1891 ἀφ’ήμῶν
1335 1820 1670 1891 θερμότητος
1725 1822 2005 1890 ἐμπιπλά-

1511 411 1609 470 DE
1634 407 2066 471 OMNIFARIA
2116 406 2521 469 DOCTRINA:

1510 523 1556 573 ot
1598 524 1833 591 ποταμοὶ
1891 522 1994 589 ψυ-
2024 528 2066 583 Α
2099 528 2309 591 gerant.
2338 518 2580 573 Sim'.lem
2621 517 2689 570 ob
2741 528 2962 570 causam
3007 513 3199 569 hiemis
3249 521 3266 568 ι

1921 538 1994 573 ρυ-
2024 528 2066 583 Α
2099 528 2309 591 gerant.
2338 518 2580 573 Sim'.lem
2621 517 2689 570 ob
2741 528 2962 570 causam
3007 513 3199 569 hiemis
3249 521 3495 584 tempore
3524 512 3677 567 fluvii

3566 395 3671 461 78?.

2102 609 2411 679 frigidiores
2459 615 2587 661 sunt
2635 622 2797 678 quam
2854 619 3044 670 mare,
3098 620 3192 659 aer
3241 606 3387 660 enim
3452 604 3680 675 frigidus

2102 703 2155 756 in
2187 700 2292 755 illis
2322 697 2556 754 reﬂexus
2599 699 2857 768 praevalet
2894 697 3065 768 magis
3094 713 3256 768 quam
3294 699 3348 751 in
3394 700 3556 764 mari,
3584 700 3679 755 ubi

2102 799 2324 860 propter
2363 788 2787 859 profunditatem
2825 788 3034 841 nullum
3076 788 3131 842 in
3183 787 3419 842 solidum
3481 802 3681 859 corpus

2104 882 2311 947 incidit,
2344 881 2436 936 sed
2456 879 2790 935 dissolvitur.
2811 877 3025 948 Alioqui
3065 878 3346 948 plumbum
3380 879 3545 934 etiam
3584 895 3680 935 na-

2104 983 2222 1026 tura
2262 972 2517 1043 frigidum
2574 979 2677 1034 est,
2729 980 2783 1024 et
2835 970 3018 1025 silices
3074 980 3298 1041 propter
3350 970 3682 1027 densitatem

2106 1062 2276 1132 frigus
2305 1063 2361 1116 in
2393 1063 2504 1116 imo
2538 1061 2767 1116 faciunt.

2213 1176 2334 1230 155.
2370 1174 2547 1239 Quare
2589 1175 2757 1243 paleis
2794 1184 2841 1228 et
2872 1176 3192 1231 vestimentis
3236 1178 3443 1248 injectis
3492 1180 3582 1234 nim

2725 1256 3082 1300 conservatur.

2178 1359 2367 1414 Mirum
2402 1360 2573 1416 videri
2604 1360 2773 1431 possit
2799 1361 2943 1431 quod
2974 1361 3315 1417 calidissima:
3338 1378 3424 1419 res
3454 1373 3513 1419 ut
3534 1365 3689 1435 palea

2108 1459 2161 1505 et
2192 1451 2574 1505 vestimentum
2620 1450 3003 1522 frigidissimas
3040 1462 3389 1508 conservant.
3432 1452 3539 1509 Sed
3579 1470 3691 1509 non

2109 1544 2181 1598 ita
2217 1559 2274 1599 se
2310 1544 2491 1608 habet,
2534 1559 2725 1599 verum
2771 1544 2890 1614 ipse
2930 1543 3020 1614 qui
3078 1546 3151 1599 ita
3191 1546 3405 1613 judicas
3458 1546 3687 1602 falleris.

2108 1633 2293 1704 Neque
2322 1634 2467 1688 enim
2499 1642 2694 1687 natura
2721 1635 2953 1687 calidum
2990 1644 3075 1689 est
3116 1637 3524 1700 vestimentum,
3562 1652 3687 1690 nam

2110 1734 2165 1779 et
2190 1724 2428 1779 tunicam
2459 1724 2638 1793 primo
2669 1739 2769 1779 nos
2798 1740 2921 1779 cum
2967 1740 3084 1778 eam
3118 1726 3399 1781 induimus
3439 1727 3689 1797 frigidam

2112 1816 2399 1878 sentimus,
2439 1816 2638 1871 deinde
2670 1816 2889 1870 demum
2917 1817 3188 1884 calefacit,
3224 1817 3447 1887 impleta
3480 1819 3694 1873 scilicet

424 1927 646 1980 σμενος,
690 1911 785 1962 καὶ
846 1910 960 1980 ἆμα
1029 1910 1393 1979 περιστέλλων
1444 1912 1536 1963 καὶ
1580 1911 1671 1963 τὸν
1722 1911 1829 1974 ἔξω
1874 1911 2009 1981 ἀέρα
2044 1892 2084 1947 Β
2114 1923 2175 1961 cu

1945 1929 2009 1981 ρα
2044 1892 2084 1947 Β
2114 1907 2342 1961 calores
2376 1921 2605 1975 corpore
2655 1917 2845 1962 nostro
2892 1907 3244 1976 procedente,
3294 1917 3351 1962 et
3401 1917 3690 1963 externum

420 2000 514 2054 τοῦ
578 2002 848 2071 σώματος.
923 1992 1134 2073 Ὠσπξερ
1191 1998 1284 2055 οὖν
1360 2002 1506 2071 ἡμᾶς
1583 2001 2012 2072 θερμαινόμενον

422 2093 706 2163 θερμαίνει
748 2094 808 2145 τδ
861 2091 1095 2161 ἱμάτιον,
1150 2091 1293 2144 οὕτω
1339 2091 1644 2161 ψυχόμενον
1697 2093 1795 2162 τὴν
1857 2093 2012 2163 χιόνα

427 2184 738 2254 περιψύχει.
778 2183 1023 2254 Ψύχεται
1051 2184 1108 2237 δὲ
1130 2185 1219 2236 ὑπ’
1259 2184 1513 2254 ἀφιείσης
1545 2183 1761 2255 πνεῦμα
1792 2184 2008 2252 λεπτὸν,

425 2277 582 2329 τοῦτο
617 2277 724 2345 γὰρ
759 2276 977 2345 συνέχει
1006 2276 1106 2346 τὴν
1155 2276 1318 2344 πῆξιν
1361 2275 1533 2344 αὐτῆς
1585 2275 2011 2343 ἐγκατακεκλει-

425 2368 637 2434 σμένον.
667 2366 1018 2429 Ἀπελθόντος
1054 2366 1108 2419 δὲ
1139 2366 1231 2419 τοῦ
1258 2366 1566 2434 πνεύματος
1598 2365 1740 2436 ὕδωρ
1765 2362 1899 2419 οὖσα
1928 2368 2011 2436 ῥεῖ

425 2461 519 2510 καὶ
550 2460 985 2528 διατήκεταικαὶ
1006 2457 1238 2512 ἀπανθεῖ
1268 2458 1328 2509 τὸ
1374 2458 1587 2521 λευκὸν,
1638 2459 1774 2528 ὅπερ
1832 2460 1864 2527 η
1912 2457 2006 2511 τοῦ

426 2551 737 2619 πνεύματος
766 2550 901 2620 προς
942 2549 1001 2601 τὸ
1035 2549 1200 2616 ὑγρὸν
1251 2548 1507 2618 ἀνάμιξις
1560 2548 1815 2619 ἀφρώδης
1855 2566 2009 2615 γενος

430 2643 564 2712 μένη
594 2644 841 2711 παρεῖχε,
876 2642 967 2693 καὶ
990 2641 1050 2693 τὸ
1078 2640 1280 2710 ἄχυρον
1302 2641 1388 2693 διὰ
1410 2640 1716 2712 κουφότητα
1744 2641 2004 2711 μαλακῶς

428 2734 756 2801 περιπίπτω
788 2732 847 2783 οὺ
876 2730 1103 2802 Θρύπτει
1136 2731 1227 2783 τὸν
1296 2731 1492 2798 πάγον.

2109 2012 2291 2053 aerem
2322 1997 2389 2052 ah
2427 1997 2518 2052 illo
2562 2012 2758 2052 arcens
2791 2013 2853 2052 ac
2896 1999 3191 2068 repellens.
3223 1997 3691 2064 Quemadmodum

2111 2091 2275 2156 igitur
2318 2092 2579 2145 calefacta
2626 2092 2794 2146 vestis
2848 2107 2951 2146 nos
2985 2091 3257 2154 calefacit,
3288 2092 3367 2147 sic
3409 2091 3693 2161 frigefacta

2109 2184 2264 2237 nives
2289 2183 2596 2254 refrigerat.
2630 2181 2853 2253 Frigeﬁt
2880 2194 3063 2237 autem
3088 2184 3293 2238 emisso
3323 2183 3391 2237 ab
3411 2184 3515 2237 illis
3542 2184 3695 2238 tenui

2108 2276 2326 2344 spiritu,
2360 2275 2453 2344 qui
2482 2275 2611 2329 dum
2644 2290 2671 2329 a
2697 2285 2850 2331 veste
2880 2276 3126 2330 inclusus
3157 2277 3445 2341 retinetur,
3491 2292 3583 2332 eas
3608 2277 3695 2331 in-

2111 2377 2286 2439 tegras
2318 2382 2380 2422 ac
2403 2376 2714 2437 compactas
2742 2376 3054 2421 conservat.
3106 2367 3207 2421 llic
3251 2369 3393 2421 enim
3427 2368 3471 2423 si
3514 2370 3694 2437 exspi-

2108 2468 2191 2513 ret
2238 2468 2292 2513 et
2335 2458 2655 2524 evolaverit,
2712 2459 2803 2513 nix
2847 2459 2903 2514 in
2952 2474 3121 2528 aquas
3165 2475 3197 2514 e
3235 2460 3434 2529 quibus
3478 2469 3697 2515 constat

2106 2550 2395 2621 liquefacta
2437 2550 2667 2612 diﬂluet,
2704 2552 3062 2620 alboremque
3095 2566 3255 2605 suum
3302 2552 3472 2607 veluti
3503 2552 3696 2607 ﬂorem

2103 2643 2338 2706 amittet,
2373 2640 2602 2711 perinde
2651 2651 2711 2695 ut
2760 2642 3039 2696 evanescit
3068 2642 3304 2710 acperit
3341 2657 3531 2711 spuma
3573 2658 3697 2712 quae

2099 2733 2395 2803 spiramine
2421 2748 2543 2787 cum
2574 2747 2711 2803 aqua
2749 2733 3009 2803 permisto
3035 2740 3162 2787 nata
3215 2733 3410 2788 fuerat.

3496 2735 3602 2790 Sed
3642 2744 3698 2791 et

432 2822 606 2887 p-lea,
656 2824 912 2889 quoniam
968 2822 1201 2892 perlevis
1246 2831 1353 2886 est,
1408 2822 1646 2878 molliter
1678 2823 1895 2877 nivibus
1956 2824 2301 2891 incumbens,
2371 2826 2682 2881 consistens
2727 2826 2846 2895 ejus
2895 2826 3015 2897 gelu
3100 2842 3208 2881 non
3261 2827 3524 2891 dissolvit,
3601 2828 3694 2885 sed

432 2916 705 2981 integrum
744 2915 1017 2985 relinquit.

819 3035 962 3098 pvg'.
1029 3028 1094 3082 Τι’
1129 3030 1259 3082 ἐστι
1300 3029 1617 3099 βούλιμος.

502 3144 759 3215 Βούλιμος
807 3145 1091 3213 λέγεταιὸ
1147 3146 1321 3215 μέγας
1376 3144 1533 3213 λιμός
1589 3140 1700 3195 οἷον
1746 3142 2009 3212 πούλιμός

430 3253 531 3299 τις,
560 3236 705 3289 τοῦτ’
738 3238 853 3290 ἔστι
900 3238 1062 3300 πολὺς
1098 3238 1277 3307 λιμός.
1334 3235 1666 3306 Βουλιμιῶσι
1714 3235 1772 3288 δὲ
1812 3236 1861 3289 οἱ
1922 3237 2010 3290 διὰ

2574 3027 2697 3082 156.
2734 3026 2871 3091 Quid
2902 3031 2969 3081 sit
3003 3030 3244 3083 bulimos.

2187 3144 2429 3199 Bulintos
2469 3145 2765 3199 vehemens
2809 3145 2981 3199 fames
3031 3156 3136 3213 est,
3165 3148 3319 3215 quasi
3370 3147 3635 3218 πούλιμος
3664 3165 3692 3204 a

2115 3236 2285 3298 πολὺς
2334 3236 2540 3289 multus
2578 3244 2633 3289 et
2665 3235 2826 3305 λιμὸς
2859 3236 3003 3305 quod
3040 3235 3240 3291 famem
3271 3237 3559 3308 signiﬁcat.
3586 3239 3695 3295 Ve-

430 3329 604 3398 χιόνος
632 3330 864 3398 μάλιστα
891 3330 1026 3382 πολὺ
1066 3328 1393 3397 βαδίζοντες.
1425 3327 1703 3397 Πάσχουσι
1744 3326 1800 3379 δὲ
1845 3325 2001 3379 τοῦτο
2032 3329 2072 3387 C
2112 3325 2181 3379 he

1942 3344 2001 3379 το
2032 3329 2072 3387 C
2112 3325 2421 3379 hementius
2451 3334 2629 3379 autem
2659 3325 2910 3379 esuriunt
2938 3324 3030 3394 qui
3062 3341 3159 3394 per
3184 3328 3340 3381 nives
3378 3327 3697 3399 frequenter

430 3418 523 3468 καὶ
553 3418 707 3470 ἵπποι
736 3420 827 3470 καὶ
861 3419 1100 3486 ἡμίονοι,
1166 3419 1264 3471 καὶ
1318 3415 1553 3487 μάλιστα
1608 3417 1735 3470 ὅταν
1794 3415 2014 3485 ἰσχάδας

429 3510 525 3560 καὶ
566 3511 713 3578 μῆλα
743 3509 1067 3579 κομίζωσιν.
1107 3507 1174 3564 "O
1226 3510 1283 3562 δὲ
1342 3508 1794 3577 θαυμασιώτατόν
1842 3510 2010 3574 ἐστιν,

428 3602 524 3652 οὶκ
550 3601 873 3669 ἀνθρώπους
908 3603 1088 3671 μόνον,
1120 3601 1256 3655 ἀλλά
1279 3601 1373 3654 καὶ
1396 3602 1569 3672 κτήνη
1606 3598 2011 3671 ἀναρρώννυσιν

430 3694 592 3762 ἄρτος
631 3694 847 3748 πάντων
880 3695 1156 3764 ἐδωδίμων
1186 3694 1442 3765 μάλιστα,
1479 3693 1620 3747 ὥστε
1679 3694 1783 3747 κᾶν
1846 3693 2014 3763 ἐλάχι-

431 3802 554 3836 στον
598 3786 691 3837 ἐὰν
732 3786 1004 3853 φάγωσιν,
1047 3786 1210 3849 εὐθὺς
1279 3788 1525 3840 ἵστανται
1576 3787 1669 3839 καὶ
1718 3785 2011 3856 βαδίζουσι,

430 3876 793 3945 περιψύχεται
826 3876 936 3947 γὰρ
964 3878 1203 3949 ἰσχυρῶς
1234 3879 1329 3931 καὶ
1362 3878 1663 3932 πυκνοῦται
1694 3878 1761 3931 τὰ
1782 3877 2013 3945 σώματα

428 3968 535 4019 τῶν
588 3967 913 4036 βαδιζόντων
969 3970 1058 4023 διὰ
1102 3970 1311 4039 χιόνος,
1371 3968 1666 4022 κάντεῦθεν
1715 3968 1775 4021 τὸ
1817 3968 2016 4039 θερμὸν

432 4058 635 4111 ἔσωθεν
660 4062 1187 4131 ἀντιπεριστὰμενον
1216 4061 1496 4115 ἀναλίσκει
1523 4062 1620 4131 τὴν
1648 4061 1876 4131 τροφὴν,
1899 4056 2016 4113 εῐτα

432 4151 817 4220 ἐπιλειπούσης
854 4151 1025 4221 αὐτῆς
1057 4152 1251 4221 ὥσπερ
1280 4150 1340 4205 τὸ
1374 4150 1487 4221 πῦρ
1514 4150 2014 4221 ἀπομαραίνεσθαι.

430 4244 524 4295 Διὸ
553 4244 780 4295 πεινῶσι
806 4244 1009 4311 σφόδρα
1037 4245 1086 4295 οἱ
1131 4242 1291 4295 τοῦτο
1342 4242 1628 4305 παθόντες,
1684 4240 1780 4293 καὶ
1842 4241 2017 4312 βραχὺ

432 4336 711 4398 παντελῶς
740 4337 1080 4406 ἐμφαγόντες
1128 4335 1290 4398 εὐθὺς
1343 4334 1777 4404 ἀναλάμπουσιν.
1832 4334 1895 4385 Οἱ
1954 4334 2011 4386 δὲ

432 4428 529 4496 τὴν
556 4428 894 4497 βουλιμίασιν
914 4427 1083 4490 πάθος
1112 4428 1166 4478 ὲν
1199 4427 1457 4496 στομάχῳ
1491 4426 1623 4493 φασὶ
1653 4424 1740 4477 διὰ
1790 4424 2012 4493 συνδρο-

438 4515 543 4588 μῆν
580 4518 783 4589 θερμοῦ
810 4518 1163 4587 λειποψυχίαν
1198 4516 1408 4569 ποιοῦν.

2116 3419 2222 3472 iter
2260 3417 2482 3481 faciunt,
2521 3419 2664 3487 quod
2698 3428 2752 3471 et
2781 3417 2902 3487 equi
2926 3418 3168 3471 sentiunt
3198 3427 3252 3472 et
3279 3420 3428 3486 muli,
3463 3421 3696 3476 maxime

2115 3507 2332 3577 quando
2366 3507 2572 3560 caricas
2606 3506 2686 3559 vel
2740 3522 2898 3573 poma
2944 3516 3185 3575 portant.
3228 3509 3383 3574 Quod
3435 3526 3563 3565 vero
3593 3513 3699 3565 mi-

2116 3598 2348 3651 randum
2400 3598 2632 3650 maxime
2681 3606 2782 3662 est,
2831 3614 2940 3651 non
2989 3599 3241 3654 homines
3291 3602 3453 3655 modo
3498 3604 3596 3657 sed
3639 3612 3695 3657 et

2115 3684 2361 3753 jumenta
2412 3685 2554 3739 inter
2591 3700 2783 3738 omnes
2834 3686 2986 3740 cibos
3035 3704 3173 3756 pane
3209 3690 3442 3743 maxime
3491 3691 3695 3745 confir-

2120 3787 2337 3831 mantur
2366 3786 2421 3831 et
2450 3778 2587 3831 vires
2618 3778 2907 3846 recipiunt,
2940 3794 3004 3833 ac
3031 3780 3073 3833 si
3106 3780 3189 3835 vel
3224 3782 3500 3849 paululum
3533 3798 3598 3836 ex
3626 3798 3691 3837 eo

2110 3869 2479 3933 comederint,
2528 3871 2691 3924 erecti
2729 3876 2919 3925 iterum
2955 3882 3103 3926 stant
3151 3882 3205 3926 et
3246 3874 3692 3943 progrediuntur.

2111 3961 2312 4015 Eorum
2346 3977 2510 4031 porro
2566 3962 2658 4031 qui
2705 3977 2802 4031 per
2838 3963 2991 4017 nives
3039 3964 3141 4016 iter
3180 3963 3423 4027 faciunt,
3461 3980 3693 4034 corpora

2112 4054 2469 4109 vehementer
2494 4053 2806 4109 afficiuntur
2840 4054 3040 4125 frigore
3073 4064 3127 4109 et
3174 4055 3581 4126 constipantur,
3610 4066 3695 4111 at-

2112 4161 2217 4217 que
2256 4146 2382 4201 inde
2414 4147 2561 4200 calor
2599 4147 2930 4200 intrinsecus
2969 4147 3228 4201 resistens
3272 4148 3547 4202 consumit
3590 4163 3695 4202 nu—

2115 4238 2451 4302 trimentum,
2510 4252 2619 4307 quo
2675 4238 2966 4307 absumpto
3030 4254 3135 4291 una
3190 4253 3316 4292 cum
3370 4239 3551 4293 calore
3604 4240 3694 4294 illa

2123 4330 2381 4385 deficiunt
2426 4345 2491 4385 ac
2535 4341 2797 4386 marcent.
2844 4329 2934 4385 Sic
2982 4330 3165 4399 itaque
3214 4330 3393 4385 affecti
3444 4332 3697 4386 esuriunt

2123 4422 2497 4485 vehementer,
2537 4430 2593 4474 et
2630 4420 2709 4474 vel
2756 4420 3033 4488 paululum
3065 4420 3171 4473 cibi
3206 4420 3250 4474 si
3297 4422 3562 4490 ceperint,
3596 4422 3696 4475 ite-

2129 4527 2248 4565 rum
2281 4511 2621 4565 reﬁciuntur.
2672 4511 2809 4563 Sunt
2852 4518 2905 4563 et
2949 4510 3043 4579 qui
3087 4524 3263 4563 acrem
3294 4510 3434 4564 hanc
3494 4508 3696 4562 famem

436 4613 745 4681 passionem
773 4613 824 4666 in
874 4611 1153 4666 stomacho
1185 4625 1304 4665 esse
1337 4609 1511 4673 aiunt,
1547 4608 1639 4677 qui
1673 4608 1742 4661 ob
1769 4607 2005 4661 calorem
2047 4604 2120 4658 illi
2153 4605 2506 4673 coniunctum
2544 4604 2692 4667 facit,
2742 4616 2799 4656 ut
2865 4603 3162 4672 deliquium
3208 4602 3373 4655 animi
3442 4600 3697 4656 homines

437 4693 732 4772 patiantur.

437 4813 565 4887 ρνξ-
603 4814 701 4882 Τίς
735 4818 773 4883 ἡ
812 4817 968 4870 αἰτία
993 4817 1064 4869 δι’
1088 4815 1167 4883 ἢν
1199 4816 1499 4880 εὔθρυπτα
1546 4814 1771 4887 γίνεται
1835 4813 1903 4866 τὰ
1951 4812 2019 4865 ἐν
2053 4795 2092 4849 ί)
2129 4810 2192 4861 lii

1951 4812 2019 4865 ἐν
2053 4795 2224 4862 D157
2267 4808 2399 4879 (15).
2447 4806 2620 4872 Quare
2671 4822 2855 4887 carnes
2911 4806 3135 4887 ex‘ﬁco
3192 4804 3377 4857 arbore
3432 4817 3694 4871 suspensa:

710 4888 780 4957 τῇ
815 4887 979 4956 συκῇ
1003 4887 1452 4956 κρεμαννύμενα
1490 4884 1726 4952 κρέατα.

508 5004 581 5058 Τὸ
611 5002 832 5073 φυτὸν-η
866 5001 1000 5071 συκῆ
1028 5000 1282 5054 ἁπάντων
1316 4999 1433 5052 ἐστὶ
1470 4997 1860 5061 ὀπωδέστατον,
1893 4995 2020 5066 θερ-

443 5095 539 5164 μὸν
561 5091 654 5147 οὖν
687 5093 905 5162 πνεῦμα
935 5092 1031 5145 καὶ
1054 5091 1219 5162 δριμὺ
1250 5092 1343 5143 καὶ
1372 5088 1638 5160 τμητικὸν
1668 5088 1880 5157 ἀφίησι.
1908 5088 2016 5140 Καὶ
2041 5075 2044 5078 ’

440 5185 599 5239 τοῦτο
658 5185 885 5255 θρύπτει
934 5185 1027 5236 καὶ
1099 5182 1352 5236 πεπαίνει
1380 5181 1477 5251 τὴν
1510 5182 1688 5251 σάρκα
1718 5180 1812 5232 τοῦ
1868 5179 2017 5249 ὅρνι-

443 5276 552 5342 θος,
575 5276 694 5330 ὅθεν
718 5275 826 5329 τῶν
849 5277 1065 5346 ταύρων
1092 5278 1119 5326 ὁ
1164 5271 1544 5344 χαλεπώτατος
1584 5275 1721 5343 συκῇ
1791 5271 2015 5340 προσδε-

2668 4877 2947 4929 teneriores
2985 4875 3137 4943 ﬁant.

2192 4995 2353 5050 Ficus
2400 4993 2642 5050 omnium
2704 4991 2961 5047 frutieum
3027 4994 3397 5063 arborumque
3454 4993 3690 5048 maxime

2119 5104 2282 5143 succo
2328 5085 2586 5149 abundat,
2624 5084 2806 5153 itaque
2854 5085 3105 5154 spiritum
3134 5100 3201 5139 ex
3230 5100 3289 5139 se
3321 5085 3519 5139 emittit
3570 5085 3695 5139 cali-

2118 5180 2270 5245 dum,
2312 5192 2490 5232 acrem
2532 5185 2587 5229 et
2639 5175 2912 5231 incidendi
2946 5176 2997 5230 vi
3035 5177 3344 5246 prmditum.
3377 5178 3555 5245 Atque
3605 5176 3694 5231 hic

2115 5270 2317 5342 subigit
2340 5284 2401 5323 ac
2424 5268 2594 5322 veluti
2626 5267 2911 5337 percoquit
2944 5267 3058 5320 avis
3090 5282 3345 5356 appensa}
3374 5266 3691 5330 carnes,~si—

1949 5459 2178 5517 ΝΟΤΛΕ.

512 5583 623 5659 (15)
654 5581 729 5637 Ita
766 5584 819 5636 in
852 5599 1107 5659 rus._,quo
1139 5600 1268 5638 usus
1297 5581 1787 5653 sum,‘qutestioues
1814 5581 2019 5659 haeca-

445 5654 649 5722 pitihus
672 5669 809 5707 eLvtt
854 5654 1279 5725 distinguuntur,
1332 5668 1509 5725 neque
1528 5662 1720 5725 tamen
1742 5654 2013 5725 pauciora

446 5719 761 5791 argumenta
793 5719 1075 5778 continent
1103 5740 1264 5792 quam
1303 5719 1467 5778 codex
1512 5722 1692 5775 Allatii
1724 5722 1928 5792 divisus
1960 5719 2012 5792 in

447 5790 619 5861 capita
639 5808 819 5856 cxcnt,
842 5802 899 5847 ut
916 5810 980 5848 ex
1000 5790 1168 5848 titulis
1183 5809 1341 5863 supra
1373 5795 1500 5857 (col.
1518 5792 1642 5859 εει)
1663 5791 1913 5863 ascriptis
1934 5790 2013 5843 vi-

450 5864 622 5919 debis.
672 5864 849 5935 Itaque
902 5880 967 5921 ne
1000 5866 1121 5936 quis
1152 5864 1483 5922 existimaret
1532 5878 1617 5918 nte
1658 5863 1838 5919 minus
1880 5862 2012 5915 intc-

2125 5596 2277 5651 grum
2312 5578 2455 5633 istud
2488 5576 2647 5651 Pselli
2681 5575 3187 5651 opusculumdare,
3222 5573 3276 5627 in
3324 5572 3692 5651 titulo_ea_p_ita

2125 5642 2281 5705 Excnt
2330 5648 2652 5711 memoravi,
2686 5642 2811 5702 licet
2858 5663 2954 5717 pro
2975 5645 3245 5701 divisione
3277 5659 3440 5717 quam
3487 5643 3541 5694 in
3570 5642 3692 5695 Lin-

2121 5719 2494 5782 denbrogiano
2523 5718 2833 5790 apographo
2862 5716 3066 5787 reperi,
3105 5729 3215 5769 non
3255 5716 3408 5783 plura
3444 5721 3572 5767 sunt
3604 5726 3689 5765 ca—

2121 5792 2232 5861 pita
2270 5802 2432 5859 quam
2463 5804 2625 5845 ccvn.
