4446 6446
392 389 495 448 785

1565 387 2046 450 SOLUTIONES
2087 387 2448 458 QUAEDAM.

3543 380 3652 443 186

396 520 540 572 ματα
584 501 1021 573 διαμερέρισται,
1065 504 1161 558 καὶ
1205 504 1364 574 μέχρι
1405 506 1547 567 τίνος
1614 503 1856 557 οἰκοῦσιν
1919 502 1967 555 οἱ
1999 503 2152 562 Αοει

1919 502 1967 555 οἱ
1999 503 2377 569 Aoccidente,
2428 520 2537 576 quo
2588 505 2642 558 in
2685 502 3056 570 septentrione
3109 512 3172 553 ac
3227 497 3284 553 in
3344 504 3500 569 parte
3554 510 3655 550 au-

395 597 698 664 ἄνθρωποι,
729 598 824 648 καὶ
847 597 899 648 τί
939 597 1036 667 μὲν
1068 598 1127 650 τὸ
1153 597 1326 666 πέρας
1357 598 1455 666 τῆς
1483 599 1538 649 ὲν
1587 599 1651 666 τῇ
1694 597 1844 650 δύσει
1893 599 1971 649 οἰ-

397 692 633 756 κήσεως.
659 691 710 741 τί
738 691 792 742 δὲ
817 692 879 742 τὸ
921 693 976 743 ὲν
1001 691 1077 759 τῷ
1104 691 1294 762 βορρᾷ,
1325 689 1420 746 καί⁸
1445 691 1497 744 τί
1523 691 1583 743 τδ
1614 693 1672 744 ὲν
1711 691 1788 761 τῷ
1812 693 1972 760 νότῳ.

398 783 490 834 Ἐν
513 783 568 834 δὲ
610 783 686 851 τῷ
717 784 956 854 δευτέρῳ
989 785 1115 853 περὶ
1149 785 1361 847 ὓδατος,
1390 784 1484 838 καὶ
1532 785 1830 853 θαλάσσης.
1881 787 1976 838 καὶ

405 876 587 943 ἀέρος,
622 879 714 926 καὶ
745 878 936 944 πυρὸς,
977 879 1068 930 καὶ
1099 879 1418 947 ἀστραπῶν,
1451 878 1847 948 καὶ-βροντῶν,
1880 879 1978 930 καὶ

404 968 704 1033 κεραυνῶν,
731 969 822 1019 καὶ
855 970 1130 1036 κομητῶν,
1155 971 1246 1021 καὶ
1277 970 1470 1031 ὑετῶν,
1500 971 1592 1021 καὶ
1642 969 1857 1039 χιόνων,
1886 971 1979 1021 καὶ

407 1059 667 1126 χαλάζης,
726 1061 820 1112 καὶ
871 1062 978 1114 τῶν
1022 1063 1246 1130 ὁμοίων.
1308 1063 1397 1116 Ἐν
1427 1063 1483 1116 δὲ
1518 1065 1594 1132 τῷ
1619 1063 1786 1132 τρίτῳ
1851 1062 1983 1134 περὶ

405 1152 514 1203 τῶν
542 1153 812 1222 οὐρανίων
843 1155 1112 1222 σωμάτων
1141 1155 1238 1207 καὶ
1275 1155 1490 1223 φύσεως
1531 1155 1732 1217 αὐτῶν,
1759 1158 1854 1210 καὶ
1889 1173 1987 1224 με·

409 1243 600 1308 τεθους
650 1243 800 1311 ἡλίου
832 1247 926 1299 καὶ
958 1246 1209 1316 σελήνης,
1242 1250 1337 1300 καὶ
1373 1249 1644 1318 κινήσεως
1675 1247 1783 1300 τῶν
1821 1247 1986 1301 ἀστέ-

412 1354 541 1404 ρων.
587 1337 673 1388 Ἐν
699 1337 754 1389 δὲ
785 1337 862 1407 τῷ
898 1339 1145 1408 τετάρτῳ
1176 1344 1304 1410 περὶ
1337 1339 1489 1409 ὕλης,
1516 1341 1688 1403 εἴδους
1738 1341 1830 1394 καὶ
1885 1339 1988 1408 φύ-

410 1446 545 1490 σεως
569 1430 661 1482 καὶ
695 1431 869 1498 ψυχῆς
902 1431 995 1483 καὶ
1043 1432 1158 1484 νοῦ.
1197 1433 1284 1485 Ἐν
1332 1433 1387 1485 δὲ
1437 1433 1514 1502 τῷ
1565 1433 1804 1503 πέμπτῳ
1861 1433 1990 1504 περὶ

408 1522 507 1588 τῆς
541 1523 764 1593 πρώτης
790 1523 898 1576 τῶν
927 1525 1099 1578 ὄντων
1125 1525 1329 1585 αίτίας.

577 1660 646 1707 α’.
687 1655 822 1723 Περὶ
852 1657 957 1711 τοῦ
989 1653 1144 1711 εἶναι
1179 1659 1294 1728 τὴν
1312 1659 1429 1730 γῆν
1451 1662 1829 1731 σφαιροειδῆ.

493 1793 627 1858 Περὶ
651 1794 742 1845 τοῦ
775 1798 1154 1866 σφαιροειδοῦς
1189 1800 1466 1869 σχήματος
1494 1801 1593 1870 τῆς
1643 1802 1748 1870 γῆς
1801 1800 1994 1854 πολλαὶ

2079 599 2233 653 strali
2279 607 2424 653 terra
2473 599 2772 652 habitetur.
2810 595 2867 649 In
2918 593 3161 650 secundo
3189 591 3369 661 capite
3397 591 3465 646 de
3493 605 3661 659 aqua,

2081 689 2242 754 mari,
2275 703 2425 751 acre,
2456 687 2601 756 igne,
2641 686 2971 756 fulguribus,
3009 685 3241 747 tonitru,
3279 681 3528 745 fulmine,
3563 697 3660 736 co—

2083 781 2262 840 metis,
2314 781 2520 848 pluvia,
2563 779 2709 838 nive.
2754 778 3020 846 grandine
3070 785 3123 830 et
3160 773 3438 830 similibus
3478 789 3661 828 sermo

2082 873 2205 927 erit.
2240 873 2296 926 ln
2325 871 2485 925 tertio
2517 870 2716 924 deinde
2749 868 2894 922 circa
2918 883 3148 938 corpora
3175 865 3421 921 caelestia
3441 880 3666 919 eorum-

2084 981 2192 1034 que
2241 975 2515 1028 naturam,
2554 965 2694 1017 circa
2737 961 2869 1017 solis
2917 977 2980 1015 ac
3027 963 3168 1014 lunae
3205 959 3672 1039 magnitudinem,

2085 1063 2466 1125 astrorumque
2535 1065 2742 1110 motum
2797 1054 3185 1124 disquiremus.
3241 1053 3297 1107 In
3341 1060 3563 1121 quarto,
3600 1053 3669 1106 de

2089 1148 2339 1211 materia,
2397 1149 2462 1202 de
2511 1158 2716 1203 natura
2759 1159 2814 1203 et
2869 1147 3066 1202 animae
3122 1147 3432 1214 mentisque
3492 1145 3678 1218 forma

2089 1240 2472 1295 tractabimus.
2504 1240 2764 1306 Quintum
2790 1241 3028 1311 denique
3061 1240 3128 1295 de
3165 1239 3501 1309 primordiali
3537 1254 3672 1294 orn-

2093 1335 2243 1386 nium
2281 1347 2449 1388 causa
2477 1335 2744 1388 rationem
2774 1332 2979 1388 reddet.

2490 1664 2540 1716 1.
2569 1662 2784 1718 Terram
2827 1662 3110 1716 rotundam
3156 1678 3291 1716 esse.

2174 1805 2360 1860 Plures
2386 1815 2516 1858 sunt
2545 1811 2705 1860 terra:
2738 1803 3092 1859 rotunditatis
3125 1801 3625 1857 demonstrationes
3665 1815 3682 1864 ;

416 1884 726 1948 ἀποδείξεις
761 1889 890 1950 εἰσὶ,
926 1889 1164 1956 μάλιστα
1193 1891 1272 1954 δὲ,
1302 1893 1384 1945 ὅτι
1409 1893 1710 1963 ἐπιλάμπει
1761 1895 1789 1946 ὁ
1841 1896 1991 1965 ἥλιος
2025 1875 2065 1929 Β
2098 1914 2168 1969 qtt

1926 1912 1991 1957 ξος
2025 1875 2065 1929 Β
2098 1914 2330 1969 quarum
2363 1898 2686 1969 gravissima
2727 1908 2812 1954 est
2857 1896 3000 1966 quod
3036 1897 3118 1952 sol
3153 1895 3389 1950 orientis
3427 1893 3682 1964 partibus

418 1978 528 2036 τοῖς
565 1976 662 2044 τῆς
682 1979 948 2049 ἀνατολῆς
978 1981 1169 2051 μόρεσι
1195 1985 1463 2054 πρότερον
1490 1986 1600 2039 τῶν
1631 1987 1689 2039 ὲν
1718 1989 1782 2058 τῇ
1823 1987 1994 2050 δύσει,

425 2071 518 2121 καὶ
553 2070 640 2123 διὰ
664 2072 820 2125 τοῦτο
854 2075 1231 2144 προλαμϐάνει
1283 2079 1372 2131 ἀεὶ
1432 2081 1463 2149 ἡ
1501 2079 1689 2150 ἡμέρα
1739 2081 1891 2150 παρά
1937 2099 1997 2134 τε

419 2164 528 2222 τοῖς
562 2165 758 2228 Σίνοις,
792 2169 884 2220 καὶ
914 2171 981 2238 τῇ
1020 2171 1264 2240 Περσίδι,
1289 2172 1518 2236 καὶτοῖς
1555 2174 1736 2226 ἐκεῖσε
1766 2174 1997 2229 ἔθνεσιν.

421 2254 552 2308 Ὀτε
584 2258 692 2327 γάρ
739 2261 855 2312 ἐστι
882 2264 1198 2333 μεσημϐρία
1232 2265 1288 2317 ἐν
1315 2267 1429 2328 τοῖς
1467 2267 1664 2329 Σίνοις,
1709 2268 1858 2321 ἔστιν
1916 2271 2003 2321 ὲν-

423 2349 597 2401 ταῦΘα
657 2354 860 2421 πρωῖα,
926 2357 1020 2408 καὶ
1077 2359 1165 2410 ὅτε
1215 2358 1274 2409 ἐν
1324 2359 1551 2428 Περσίδι
1586 2361 1733 2413 ἐστὶν
1763 2361 1883 2432 ὥρα
1912 2380 2002 2414 τε·

423 2443 618 2511 τάρτη,
644 2445 790 2498 ἔστιν
819 2447 1052 2501 ἐνταῦθα
1071 2449 1283 2519 πρώτη,
1327 2451 1422 2504 καὶ
1472 2453 1750 2521 ἀναλόγως
1781 2455 1876 2507 τοῦ
1905 2456 2007 2524 τῆς

425 2535 500 2587 ἓω
532 2539 624 2589 καὶ
653 2539 748 2606 τῆς
782 2540 990 2603 δύσεως
1021 2543 1415 2612 διαστήματος.
1452 2547 1513 2598 Ei
1542 2547 1598 2599 δέ
1626 2565 1710 2608 τις
1746 2548 1887 2600 εῐποι
1913 2549 2007 2601 καὶ

435 2629 597 2680 πόθεν
629 2629 786 2697 δῆλον
816 2631 896 2684 ὅτι
928 2632 1040 2685 ἐστι
1072 2635 1130 2687 τὸ
1156 2637 1421 2700 τοιοῦτον,
1451 2639 1543 2692 καὶ
1564 2640 1645 2691 ὅτι
1685 2641 1778 2692 ἐπὶ
1820 2641 2010 2693 τοσοῦ-

428 2737 521 2772 τον
546 2721 897 2790 διαφέρουσιν
915 2727 968 2778 αἱ
987 2721 1148 2794 ὧραι,
1175 2730 1249 2792 ὡς
1276 2729 1334 2781 ἓν
1353 2749 1462 2783 τινι
1493 2732 1593 2800 μὲν
1617 2732 1770 2802 τόπῳ
1798 2733 2012 2804 ἡμέραν

431 2808 591 2877 εἶναι,
626 2817 684 2868 ὲν
710 2817 960 2885 ἐτέρῳδὲ
1012 2821 1207 2886 νύκτα,
1263 2824 1497 2887 καὶτὰς
1548 2825 1699 2895 ὥρας
1757 2827 2011 2897 προλαμ-

434 2906 620 2960 ϐἀνειν
644 2912 737 2963 καὶ
768 2912 1038 2980 ὑστερεῖν,
1078 2915 1232 2979 ἵστω,
1265 2917 1348 2969 ὅτι
1382 2920 1615 2988 φανερὸν
1652 2921 1812 2974 τοῦτο
1849 2923 2012 2990 γέγο-

434 3015 524 3050 νεν
578 3001 642 3052 ὲκ
713 3003 823 3054 τῶν
876 3003 1118 3070 ἡλιακῶν
1150 3007 1240 3059 καὶ
1298 3009 1635 3077 σεληνιακῶν
1693 3012 2013 3081 ἐκλείψεων.

450 3092 719 3163 Ἐτηρήϐη
751 3097 878 3165 γὰρ,
905 3099 992 3150 ὅτε
1049 3099 1261 3167 γίνεται
1296 3105 1327 3170 ἡ
1387 3103 1629 3172 ἔκλειψις
1670 3106 1824 3175 ἡλίου
1893 3107 2016 3160 καθ’

439 3186 586 3255 ὥραν
616 3188 887 3260 τετάρτην
917 3193 979 3261 ὲν,
1024 3196 1090 3262 τῇ
1149 3196 1393 3262 Περσίδι,
1454 3198 1705 3265 φαίνεται
1743 3201 1876 3268 ἡμῖν
1931 3202 2017 3253 ἐν·

440 3277 636 3341 ταῦθα,
667 3281 742 3342 ὠς
775 3284 954 3335 ἐκεῖσε
991 3285 1484 3358 προλαμϐανούσης
1511 3291 1608 3357 τῆς
1658 3292 1890 3362 ἡμέρας.
1945 3295 2020 3347 Τὸ

439 3371 568 3423 αὐτὸ
621 3376 718 3426 καὶ
765 3377 858 3428 ἐπὶ
911 3380 1018 3429 τῶν
1066 3378 1226 3449 ὼρῶν
1276 3382 1375 3445 τῆς
1415 3383 1608 3445 νυκτὸς
1640 3385 1867 3437 ἐπὶτῶν
1921 3387 2020 3454 τῆς

441 3463 670 3534 σελήνης
700 3469 1027 3534 ἐκλείψεων·
1067 3473 1097 3540 ἡ
1136 3473 1244 3542 γὰρ
1279 3475 1550 3545 κυρτότης
1601 3475 1696 3528 τοῦ
1748 3495 2022 3548 σφαιροει-

441 3553 566 3615 δοῦς
605 3558 886 3625 σχήματος
916 3560 1018 3628 τῆς
1053 3563 1157 3627 γῆς
1201 3564 1566 3634 ἀντιφράττει
1616 3568 1729 3627 τοῖς
1782 3568 2022 3631 δυτικοῖς

449 3647 692 3716 μέρεσιν.
723 3652 828 3714 ἓως
858 3646 919 3705 οὗ
949 3654 1137 3724 ὑψωθῇ
1165 3658 1260 3710 καὶ
1290 3659 1382 3709 ἐπὶ
1429 3658 1637 3712 τούτων
1677 3663 1701 3712 ὁ
1733 3661 1902 3728 ἣλιος.
1961 3662 2021 3713 Et

445 3741 552 3809 γὰρ
583 3742 656 3810 μὴ
683 3746 714 3813 ἡ
741 3747 811 3813 γῆ
851 3749 1215 3818 σφαιροειδὴς,
1242 3750 1359 3802 ἀλλ’
1391 3751 1646 3813 ἐπίπεδος
1676 3753 1766 3806 καὶ
1796 3755 2020 3806 ὲκτετα·

452 3832 586 3900 μένη
623 3835 764 3886 κατά
793 3839 988 3904 μῆκος,
1019 3839 1113 3908 ὅλη
1148 3840 1213 3892 ἂν
1241 3840 1377 3908 ὁμοῦ
1411 3842 1728 3908 ὲφωτίζετο.
1791 3845 1914 3898 Ὀτι
1968 3847 2025 3900 δὲ

449 3927 626 3994 κυρτή
671 3929 821 3980 ἐστιν
853 3931 884 3997 ἡ
912 3931 1114 4001 ταύτης
1150 3935 1471 4001 ἐπιφάνεια,
1506 3935 1665 4005 δῆλον
1693 3939 1755 3990 ὲκ
1781 3940 1972 3994 τούτου
2008 3957 2024 3972 ο

449 4017 535 4069 ὅτε
560 4020 668 4088 γὰρ
696 4021 929 4092 πλέομεν
956 4025 1012 4076 ὲν
1035 4025 1262 4094 πελάγει
1293 4027 1596 4100 Θαλάσσης,
1617 4031 1835 4099 πρῶτον
1892 4034 2024 4101 ἡμῖν

448 4110 503 4158 αἱ
535 4109 838 4180 ἀκρώρειαι
866 4113 973 4166 τῶν
1003 4116 1146 4184 ὀρῶν
1173 4118 1452 4184 φαίνονται
1487 4136 1500 4149 ’
1546 4121 1944 4188 προσεγγίσασι
1969 4124 2026 4176 δὲ

447 4203 512 4268 τῇ
546 4205 615 4269 γῇ
653 4204 904 4271 φαίνεται
935 4209 1025 4260 καὶ
1053 4207 1120 4260 τά
1168 4209 1488 4278 κατώτερα·
1539 4213 1634 4265 καὶ
1689 4212 1872 4266 πλοῖον
1921 4215 2028 4267 ἀπὸ

450 4295 552 4361 γῆς
585 4296 784 4358 ίδόντες
825 4299 1064 4367 μηκόθεν
1096 4301 1154 4352 ὲν
1198 4303 1451 4370 πελάγει,
1490 4304 1708 4372 πρῶτον
1753 4306 1820 4358 τὰ
1883 4306 2029 4359 ἱστία

449 4387 688 4455 ὁρῶμεν,
716 4389 826 4441 τῶν
872 4391 1074 4443 λοιπῶν
1101 4393 1193 4445 τοῦ
1221 4394 1405 4447 πλοίου
1432 4398 1616 4466 μερῶν
1647 4397 1868 4464 ἀφανῶν
1896 4399 2028 4469 ἡμῖν

449 4481 874 4549 τυγχανόντωνο
925 4484 1337 4552 πλησιαζόντων
1368 4489 1446 4552 δὲ,
1513 4491 1607 4544 καὶ
1661 4492 1728 4545 τὰ
1780 4494 2026 4547 κάτωθεν

2101 1993 2245 2047 lucet
2293 1993 2449 2061 prius
2505 2007 2666 2062 quam
2712 1990 3018 2045 occidentis
3058 2007 3073 2055 ;
3107 2004 3281 2058 quare
3323 1988 3487 2042 etiam
3539 1986 3684 2056 apud

2103 2085 2364 2139 Sinenses
2396 2093 2449 2137 et
2469 2082 2670 2139 Persas
2698 2093 2751 2138 et
2779 2082 3139 2136 ﬁnitimarum
3175 2080 3462 2150 regionum
3505 2077 3686 2132 homi-

2101 2194 2198 2232 nes
2247 2177 2516 2231 maturius
2571 2176 2820 2232 lucescit.
2864 2174 3095 2241 Quando
3123 2173 3270 2227 enim
3316 2170 3460 2241 apud
3524 2169 3688 2224 Sinas

2104 2269 2363 2323 meridies
2393 2276 2495 2329 est,
2547 2269 2635 2322 hic
2677 2274 2894 2337 tempus
2926 2274 3008 2321 est
3053 2267 3405 2328 matutinum,
3460 2274 3516 2318 et
3557 2262 3687 2318 dum

2106 2360 2159 2414 in
2203 2359 2387 2415 Persia
2422 2366 2618 2428 quarta
2654 2359 2786 2412 hora
2812 2369 2918 2421 est,
2956 2359 3048 2414 hic
3073 2359 3272 2428 prima,
3299 2366 3352 2413 et
3382 2357 3460 2412 sic
3487 2371 3692 2412 secun-

2108 2454 2236 2508 dum
2268 2451 2500 2506 orientis
2536 2461 2700 2520 atque
2725 2451 3028 2505 occidentis
3079 2449 3418 2505 distantiam.
3453 2447 3611 2516 Quod
3644 2447 3690 2504 si

2110 2541 2235 2610 quis
2260 2541 2539 2610 quaesierit
2573 2541 2718 2594 unde
2771 2549 3034 2610 appareat
3090 2540 3193 2595 hoc
3221 2541 3292 2596 ita
3325 2556 3470 2601 esse,
3503 2549 3556 2594 et
3595 2556 3696 2595 cur

2111 2642 2258 2690 tanta
2283 2634 2352 2689 sit
2380 2634 2639 2688 horarum
2666 2633 2997 2699 differentia,
3031 2634 3101 2688 ita
3128 2645 3186 2690 ut
3222 2635 3324 2690 hoc
3356 2635 3553 2690 inloco
3578 2635 3696 2688 dies

2112 2727 2201 2786 sit,
2243 2727 2302 2781 in
2346 2725 2437 2780 illo
2489 2741 2626 2790 nox,
2679 2727 2936 2796 horaque
2980 2743 3130 2783 nunc
3189 2727 3500 2798 pmcipites
3549 2740 3699 2782 nunc

2113 2819 2387 2873 tardiores
2433 2818 2568 2881 sint,
2606 2818 2766 2883 scito,
2795 2818 3046 2873 esoliset
3071 2820 3212 2874 lunas
3256 2819 3558 2888 eelipsibus
3594 2819 3701 2873 hoc

2114 2910 2380 2980 patefieri.
2408 2910 2767 2981 Compertum
2798 2911 3000 2967 habent
3029 2911 3303 2980 eiusmodi
3329 2927 3510 2967 rerum
3537 2911 3700 2980 periti

2115 3003 2259 3072 quod
2293 3003 2425 3058 solis
2457 3005 2682 3074 eclipsis
2702 3013 2900 3073 quarta
2934 3006 2986 3058 in
3011 3003 3236 3059 Perside
3256 3005 3574 3074 hora,apud
3599 3019 3702 3058 nos

2120 3097 2292 3164 prima
2320 3099 2532 3165 evenit;
2561 3098 2709 3166 quod
2733 3098 2874 3152 idem
2904 3098 3084 3166 quoad
3111 3098 3277 3154 horas
3309 3106 3610 3153 nocturnas
3640 3098 3699 3154 in

2120 3185 2262 3240 luna
2291 3187 2480 3256 celipsi
2512 3187 2735 3244 accidit.
2763 3187 2975 3255 Figura
2997 3190 3198 3244 etenim
3232 3198 3390 3245 terra:
3423 3191 3704 3259 sphaerion

2121 3281 2365 3336 curvitas
2386 3282 2704 3352 regionibus
2722 3282 3158 3338 occidentalibus
3177 3299 3235 3338 se
3255 3285 3505 3353 opponit,
3527 3284 3704 3340 donec

2124 3373 2203 3426 sol
2241 3387 2463 3440 quoque
2497 3387 2564 3426 eo
2595 3389 2768 3442 usque
2793 3374 3078 3428 evehatur.
3128 3372 3182 3427 Si
3225 3376 3371 3429 enim
3414 3383 3558 3429 terra
3593 3390 3704 3431 non

2122 3463 2378 3523 rotunda.
2404 3464 2498 3518 sed
2534 3464 2696 3534 plana
2729 3473 2784 3518 et
2815 3464 2974 3535 longa
3022 3473 3192 3531 esset,
3234 3475 3346 3520 tota
3375 3466 3538 3520 simul
3574 3466 3706 3522 illus

2123 3564 2412 3611 straretur.
2456 3555 2693 3610 Curvam
2746 3572 2968 3627 quoque
3017 3572 3138 3612 eam
3187 3573 3312 3613 esse
3366 3557 3419 3612 id
3474 3568 3707 3614 testatur

2123 3647 2268 3716 quod
2299 3647 2344 3702 si
2371 3648 2424 3700 in
2456 3648 2596 3702 mari
2634 3650 2981 3720 navigamus,
3018 3650 3290 3703 montium
3329 3649 3508 3720 primo
3538 3666 3706 3705 cacu-

2125 3739 2274 3793 mina
2304 3754 2364 3792 se
2396 3739 2656 3795 exhibent
2687 3756 2701 3804 ;
2736 3740 2826 3794 ubi
2851 3749 3030 3796 autem
3061 3741 3128 3796 ad
3172 3750 3373 3796 terram
3415 3743 3711 3813 appropin-

2125 3847 2384 3901 quamus,
2439 3842 2622 3903 partes
2677 3833 2968 3890 inferiores
3020 3835 3226 3891 sensim
3270 3845 3554 3906 apparent.
3620 3835 3712 3891 Sie

2127 3924 2290 3979 etiam
2338 3925 2562 3994 quando
2604 3927 2788 3980 navim
2821 3927 2873 3980 in
2914 3927 3052 3982 mari
3094 3927 3161 3981 de
3193 3935 3338 3982 terra
3385 3928 3709 3999 aspicimus,

2127 4018 2250 4071 vela
2307 4017 2485 4086 primo
2535 4019 2816 4073 cernimus
2867 4018 2995 4073 dum
3030 4029 3240 4074 caetera
3291 4021 3492 4091 navigii
3528 4034 3713 4090 partes

2129 4112 2414 4167 ocnlorum
2455 4113 2625 4166 aciem
2669 4112 2902 4182 fugiunt.
2927 4113 3158 4179 Quando
3193 4122 3375 4168 autem
3416 4115 3714 4184 appropin-

2129 4213 2260 4273 quat
2280 4204 2458 4270 navis,
2479 4217 2688 4261 cteterte
2705 4219 2922 4276 quoque
2941 4217 3123 4274 partes
3137 4207 3240 4262 sub
3259 4207 3448 4262 oculos
3464 4209 3711 4264 veniunt.

2131 4296 2288 4363 Quod
2311 4313 2420 4351 non
2442 4300 2709 4363 eveniret,
2736 4299 2914 4354 sinon
2941 4305 3088 4354 esset
3108 4314 3274 4353 curva
3300 4301 3459 4353 undae
3483 4301 3715 4369 superfi-

2134 4392 2248 4446 cies
2281 4391 2758 4460 fortna'msphterae
2787 4408 2890 4446 una
2919 4408 3042 4446 cum
3071 4403 3216 4446 terra
3239 4393 3473 4448 habens.
3499 4393 3615 4449 Nisi
3651 4411 3716 4449 ea

2135 4493 2282 4539 esset
2310 4492 2469 4538 terra;
2516 4483 2714 4545 forma,
2748 4484 2931 4538 omnia
2967 4492 3115 4540 astra
3153 4484 3319 4539 simul
3365 4497 3713 4556 apparerent.

454 4573 597 4642 μέρη
630 4574 720 4626 ὑπ’
752 4575 876 4643 ὄψιν
909 4577 1117 4644 γίνεται
1151 4595 1163 4607 ·
1202 4581 1334 4650 ὅπερ
1365 4583 1462 4634 οὐκ
1497 4583 1562 4635 ἂν
1595 4585 1935 4649 συνέϐαινεν,
1979 4589 2027 4640 εί
2063 4577 2105 4632 D
2135 4574 2210 4629 N“

1979 4589 2027 4640 ει
2063 4577 2105 4632 D
2135 4574 2290 4629 Nunc
2317 4586 2495 4630 autem
2522 4592 2645 4630 cunt
2668 4577 2734 4631 ad
2763 4578 3192 4647 septentrionem
3217 4577 3544 4642 incolamus,
3569 4588 3717 4634 astra

455 4667 530 4732 μὴ
595 4667 795 4736 κυρτὸν
844 4665 911 4736 ἦν
970 4670 1030 4720 το
1089 4671 1272 4739 σχῆμα
1307 4673 1401 4726 τοῦ
1434 4674 1648 4739 ὓδατος,
1683 4680 1747 4747 τῇ
1810 4681 1879 4750 γῇ
1936 4683 2030 4734 καὶ

453 4755 584 4808 αὑτό
628 4759 1119 4827 συσφαιρούμενον.
1175 4764 1232 4814 Εἰ
1288 4763 1396 4834 γὰρ
1467 4766 1540 4834 μὴ
1589 4763 1660 4836 ἦν
1692 4769 1933 4823 τοιοῦτον
1965 4772 2027 4825 τὸ

459 4850 644 4917 σχῆμα
669 4851 764 4918 τῆς
801 4852 928 4918 γῆς,
972 4853 1174 4915 πάντες
1225 4853 1289 4906 ἂν
1336 4856 1386 4908 οἱ
1432 4857 1660 4925 ἀστέρες
1709 4861 2031 4928 ὲφαίνοντοο

455 4940 553 4992 νῦν
591 4941 647 4992 δὲ
672 4943 758 4995 διὰ
779 4945 837 4995 τὸ
867 4944 1001 5013 πρὸς
1025 4945 1229 5015 βψρᾶν
1260 4943 1399 5001 εἶναι
1438 4950 1536 5020 τὴν
1576 4953 1854 5023 ἡμετέραν
1879 4955 2034 5022 obm-

461 5050 546 5084 σιν
599 5035 728 5097 τοὺς
778 5036 878 5103 μὲν
936 5037 1172 5107 ἀστέρας
1213 5039 1306 5092 τοῦ
1337 5041 1549 5110 βορείου
1581 5045 1743 5098 πόλου
1792 5048 2030 5118 ὁρῶμεν,

457 5129 586 5189 τοὺς
615 5128 668 5179 δὲ
704 5129 762 5178 ἐν
788 5129 926 5198 νότῳ
954 5131 1048 5199 οὐχ
1074 5132 1308 5201 ὁρῶμεν.
1364 5135 1494 5188 Ἰδοὺ
1521 5137 1629 5209 γὰρ
1671 5141 1698 5191 ὁ
1751 5141 2033 5208 Κάνωϐος,

464 5221 718 5286 μέγιστος
742 5219 817 5270 ὢν
868 5223 1066 5291 ἀστὴρ,
1098 5225 1154 5276 ἐν
1194 5226 1292 5293 μὲν
1441 5231 1702 5300 Αἰγύπτῳ
1763 5233 2038 5300 φαίνεται,

458 5314 520 5364 03
561 5313 719 5380 μόνον
746 5309 922 5377 οῧσος,
956 5316 1092 5368 ἀλλά
1126 5322 1219 5370 καὶ
1259 5321 1306 5370 0!
1337 5320 1511 5373 λοιποὶ
1539 5325 1848 5395 νοτιώτεροι
1881 5327 2040 5379 ἀστέ-

465 5422 558 5474 ρες
595 5423 607 5436 ·
665 5407 712 5458 εί
767 5407 823 5459 δὲ
871 5408 928 5457 ὲν
969 5408 1046 5476 τῷ
1082 5411 1230 5478 μέσῳ
1268 5408 1356 5481 ἦν,
1388 5415 1505 5466 ἀλλ’
1533 5416 1734 5487 ἔρρεπε
1772 5420 1908 5488 πρὸς
1939 5421 2039 5486 τὴν

466 5498 754 5567 ἀνατολὴν,
817 5500 1127 5569 ἀνίσχοντος
1189 5502 1255 5554 ἂν
1310 5506 1403 5557 τοῦ
1458 5507 1633 5575 ἡλίου,
1701 5509 2040 5578 βραχύτεραι

466 5590 718 5656 ἐγένοντο
746 5592 802 5642 αἱ
839 5591 950 5644 τῶν
975 5592 1368 5663 φωτιζομένων
1420 5598 1592 5659 σκιαὶ,
1653 5601 1934 5670 πόρρωθεν
1985 5603 2042 5656 δὲ

472 5683 760 5753 μείζονες·
818 5685 952 5739 ἀλλὰ
1006 5688 1114 5759 μὴν
1166 5690 1261 5742 καὶ
1316 5690 1384 5742 τὰ
1456 5693 1816 5746 ἀνατέλλοντα
1863 5695 2042 5748 πάντα

472 5776 697 5843 μείζονα
725 5778 976 5846 ἐφαίνετο
1007 5781 1064 5833 ἐν
1094 5783 1159 5850 τῇ
1191 5782 1447 5852 ἀνατολῇ,
1471 5781 1547 5846 ὡς
1595 5785 1825 5853 πλησίον
1873 5787 2042 5855 αὐτῆς

471 5868 628 5936 ἡμῶν
656 5869 826 5924 ὄντων
858 5888 869 5900 ·
893 5871 1130 5942 δυόμενα
1158 5873 1210 5926 δὲ
1245 5873 1502 5928 ἐλάττονα
1534 5890 1547 5905 ⁸
1585 5878 1632 5928 εἰ
1671 5876 1725 5929 δὲ
1759 5878 1894 5948 προς
1945 5877 2041 5949 τὴν

2142 4667 2365 4736 quidem
2400 4668 2852 4736 septentrionalis
2889 4669 2998 4738 poli
3031 4670 3356 4739 aspicimus.
3404 4670 3543 4725 Ecce
3569 4673 3716 4726 enim

2139 4760 2415 4829 Canopus,
2448 4770 2658 4815 astrum
2705 4761 3006 4816 maximum
3031 4802 3044 4824 ,
3083 4763 3137 4817 in
3191 4761 3430 4836 IEgypto
3469 4775 3719 4834 apparet,

2142 4868 2242 4907 nec
2272 4861 2478 4907 tantum
2509 4854 2664 4920 illud,
2703 4854 2798 4910 sed
2829 4862 2886 4910 et
2911 4863 3108 4910 caetera
3144 4871 3264 4924 quae
3295 4858 3466 4928 magis
3502 4858 3568 4912 ad
3603 4874 3722 4913 mc-

2143 4946 2336 4999 ridiem
2386 4955 2536 5011 sunt,
2585 4957 2756 5002 astra.
2790 4945 2846 5000 Si
2876 4962 3006 5002 vero
3053 4949 3106 5002 in
3156 4948 3338 5002 medio
3388 4957 3535 5004 esset
3591 4951 3722 5016 sita,

2146 5035 2239 5091 sed
2286 5038 2352 5091 ad
2391 5039 2660 5093 orientem
2689 5051 2960 5112 vergeret,
2998 5050 3312 5110 emergente
3335 5042 3474 5105 sole,
3505 5041 3723 5097 brevio-

2144 5147 2232 5187 res
2267 5130 2459 5188 tierent
2482 5149 2672 5188 eorum
2701 5150 2821 5202 qua:
2843 5134 3221 5187 illuminantur
3264 5133 3496 5197 umbrae,
3528 5148 3720 5188 eorum

2145 5236 2327 5280 autem
2366 5242 2487 5294 quae
2523 5228 2711 5296 procul
2747 5235 2897 5287 sunt,
2935 5225 3191 5294 majores.
3237 5225 3352 5279 lmo
3395 5233 3449 5278 et
3489 5226 3724 5279 orientia

2149 5315 2330 5370 omnia
2367 5326 2515 5368 astra
2567 5315 2777 5384 majora
2819 5314 2871 5368 itt
2901 5315 3113 5370 oriente
3147 5319 3494 5382 apparerent,
3523 5312 3726 5382 quippe

2148 5423 2270 5463 eum
2322 5407 2402 5463 eis
2454 5410 2738 5478 propiores
2817 5423 3110 5474 essemus;
3171 5405 3477 5462 accidentia
3539 5416 3726 5458 autem

2151 5499 2387 5551 minora.
2439 5498 2495 5550 Si
2539 5512 2668 5551 vero
2729 5497 2794 5551 ad
2835 5496 3174 5550 occidentem
3228 5500 3477 5563 vergeret
3539 5501 3728 5547 nostra

2153 5592 2326 5660 regio,
2355 5593 2636 5644 contraria
2672 5589 2901 5643 omnino
2936 5589 3364 5656 contingerent;
3408 5585 3453 5642 si
3490 5600 3620 5639 vero
3656 5585 3725 5638 ad

2153 5685 2586 5754 septentrionem
2611 5682 2996 5747 inclinaretur,
3032 5681 3098 5734 ad
3129 5680 3272 5734 banc
3304 5689 3511 5747 partem
3535 5685 3726 5731 exten-

2153 5776 2416 5830 derentur
2452 5790 2633 5829 rerum
2671 5789 2791 5843 quae
2827 5773 2946 5828 luce
2977 5771 3383 5842 perfunduntur
3419 5768 3647 5828 umbrat.
3677 5780 3733 5822 ct

2156 5869 2202 5924 si
2239 5869 2302 5924 ad
2343 5866 2653 5937 meridiem,
2710 5866 2983 5923 similiter.
3036 5861 3192 5920 Nunc
3252 5872 3454 5928 autem,
3498 5875 3622 5916 cum
3649 5859 3737 5915 soi
