  <div class='ocr_page' id='page_1' title='image "/cluster/home/n/w/nwhite01/storage/ocr_20150623/122/nnc1.0046979611/397.png"; bbox 0 0 4446 6446; ppageno 0'>
   <div class='ocr_carea' id='block_1_1' title="bbox 740 336 4003 416">
    <p class='ocr_par' dir='ltr' id='par_1_1' title="bbox 740 336 4003 416">
     <span class='ocr_line' id='line_1_1' title="bbox 740 336 4003 416; baseline 0.005 -20"><span class='ocrx_word' id='word_1_1' title='bbox 740 336 840 397; x_wconf 79' lang='grc' dir='ltr'><strong>78Ἰ</strong></span> <span class='ocrx_word' id='word_1_2' title='bbox 2000 342 2429 404; x_wconf 83' lang='lat' dir='ltr'><strong>MICHAELIS</strong></span> <span class='ocrx_word' id='word_1_3' title='bbox 2460 344 2734 406; x_wconf 87' lang='lat' dir='ltr'><strong>PSELLI</strong></span> <span class='ocrx_word' id='word_1_4' title='bbox 3896 350 4003 416; x_wconf 85' lang='lat'><strong>788</strong></span> 
     </span>
    </p>
   </div>
   <div class='ocr_carea' id='block_1_2' title="bbox 737 452 2493 536">
    <p class='ocr_par' dir='ltr' id='par_1_2' title="bbox 737 452 2493 528">
     <span class='ocr_line' id='line_1_2' title="bbox 737 452 2493 528; baseline 0.003 -25"><span class='ocrx_word' id='word_1_5' title='bbox 737 453 935 518; x_wconf 85' lang='lat' dir='ltr'><strong>oritur,</strong></span> <span class='ocrx_word' id='word_1_6' title='bbox 969 454 1034 508; x_wconf 88' lang='lat' dir='ltr'><strong>ad</strong></span> <span class='ocrx_word' id='word_1_7' title='bbox 1060 452 1405 510; x_wconf 81' lang='lat' dir='ltr'><strong>occidentem</strong></span> <span class='ocrx_word' id='word_1_8' title='bbox 1450 465 1680 528; x_wconf 69' lang='lat' dir='ltr'><strong>vergunt</strong></span> <span class='ocrx_word' id='word_1_9' title='bbox 1713 458 1937 524; x_wconf 66' lang='lat' dir='ltr'><strong>umbrae,</strong></span> <span class='ocrx_word' id='word_1_10' title='bbox 1971 473 2093 513; x_wconf 91' lang='lat' dir='ltr'><strong>cum</strong></span> <span class='ocrx_word' id='word_1_11' title='bbox 2129 466 2310 513; x_wconf 85' lang='lat' dir='ltr'><strong>autem</strong></span> <span class='ocrx_word' id='word_1_12' title='bbox 2338 458 2388 519; x_wconf 80' lang='grc' dir='ltr'><strong>Α</strong></span> <span class='ocrx_word' id='word_1_13' title='bbox 2416 456 2493 510; x_wconf 65' lang='lat' dir='ltr'><strong>62h</strong></span> 
     </span>
    </p>
   </div>
   <div class='ocr_carea' id='block_1_3' title="bbox 2242 452 3998 536">
    <p class='ocr_par' dir='ltr' id='par_1_3' title="bbox 2242 456 3998 536">
     <span class='ocr_line' id='line_1_3' title="bbox 2242 456 3998 536; baseline 0.005 -23"><span class='ocrx_word' id='word_1_14' title='bbox 2242 471 2310 513; x_wconf 71' lang='grc' dir='ltr'>ξω</span> <span class='ocrx_word' id='word_1_15' title='bbox 2338 458 2388 519; x_wconf 79' lang='grc' dir='ltr'><strong>Α</strong></span> <span class='ocrx_word' id='word_1_16' title='bbox 2416 456 2570 512; x_wconf 87' lang='grc' dir='ltr'>δύσιν</span> <span class='ocrx_word' id='word_1_17' title='bbox 2605 458 2829 529; x_wconf 75' lang='grc' dir='ltr'>ἔρρεπε,</span> <span class='ocrx_word' id='word_1_18' title='bbox 2870 459 2938 514; x_wconf 71' lang='grc' dir='ltr'>τὰ</span> <span class='ocrx_word' id='word_1_19' title='bbox 2962 460 3168 514; x_wconf 90' lang='grc' dir='ltr'>τούτων</span> <span class='ocrx_word' id='word_1_20' title='bbox 3192 461 3411 516; x_wconf 75' lang='grc' dir='ltr'><strong>ἐναντία</strong></span> <span class='ocrx_word' id='word_1_21' title='bbox 3444 463 3660 531; x_wconf 85' lang='grc' dir='ltr'>ἐγένετο</span> <span class='ocrx_word' id='word_1_22' title='bbox 3689 481 3703 495; x_wconf 90' lang='grc'><strong>·</strong></span> <span class='ocrx_word' id='word_1_23' title='bbox 3740 466 3834 520; x_wconf 69' lang='grc' dir='ltr'>καὶ</span> <span class='ocrx_word' id='word_1_24' title='bbox 3861 469 3912 520; x_wconf 80' lang='grc' dir='ltr'><strong>εἰ</strong></span> <span class='ocrx_word' id='word_1_25' title='bbox 3935 486 3998 536; x_wconf 88' lang='grc' dir='ltr'><strong>γε</strong></span> 
     </span>
    </p>
   </div>
   <div class='ocr_carea' id='block_1_4' title="bbox 738 545 2494 629">
    <p class='ocr_par' dir='ltr' id='par_1_4' title="bbox 738 545 2494 619">
     <span class='ocr_line' id='line_1_4' title="bbox 738 545 2494 619; baseline 0.003 -24"><span class='ocrx_word' id='word_1_26' title='bbox 738 545 966 610; x_wconf 83' lang='lat' dir='ltr'><strong>occidit,</strong></span> <span class='ocrx_word' id='word_1_27' title='bbox 1004 546 1069 600; x_wconf 88' lang='lat' dir='ltr'><strong>ad</strong></span> <span class='ocrx_word' id='word_1_28' title='bbox 1098 545 1393 602; x_wconf 87' lang='lat' dir='ltr'><strong>orientem.</strong></span> <span class='ocrx_word' id='word_1_29' title='bbox 2422 566 2494 619; x_wconf 88' lang='grc' dir='ltr'><strong>πρ</strong></span> 
     </span>
    </p>
   </div>
   <div class='ocr_carea' id='block_1_5' title="bbox 2242 545 3998 629">
    <p class='ocr_par' dir='ltr' id='par_1_5' title="bbox 2422 549 3998 629">
     <span class='ocr_line' id='line_1_5' title="bbox 2422 549 3998 629; baseline 0.009 -29"><span class='ocrx_word' id='word_1_30' title='bbox 2422 552 2557 619; x_wconf 81' lang='grc' dir='ltr'>πρὸς</span> <span class='ocrx_word' id='word_1_31' title='bbox 2592 549 2795 621; x_wconf 74' lang='grc' dir='ltr'>βορρᾶν</span> <span class='ocrx_word' id='word_1_32' title='bbox 2822 550 3021 617; x_wconf 77' lang='grc' dir='ltr'><strong>ἔκλινε,</strong></span> <span class='ocrx_word' id='word_1_33' title='bbox 3049 554 3186 624; x_wconf 78' lang='grc' dir='ltr'>πρὸς</span> <span class='ocrx_word' id='word_1_34' title='bbox 3213 553 3369 608; x_wconf 90' lang='grc' dir='ltr'>τοῦτο</span> <span class='ocrx_word' id='word_1_35' title='bbox 3395 554 3460 610; x_wconf 79' lang='grc' dir='ltr'>ἂν</span> <span class='ocrx_word' id='word_1_36' title='bbox 3486 556 3548 609; x_wconf 81' lang='grc' dir='ltr'><strong>τὸ</strong></span> <span class='ocrx_word' id='word_1_37' title='bbox 3588 559 3751 629; x_wconf 82' lang='grc' dir='ltr'>μέρος</span> <span class='ocrx_word' id='word_1_38' title='bbox 3782 561 3998 614; x_wconf 84' lang='grc' dir='ltr'>ἀπετεί-</span> 
     </span>
    </p>
   </div>
   <div class='ocr_carea' id='block_1_6' title="bbox 735 639 3993 718">
    <p class='ocr_par' dir='ltr' id='par_1_6' title="bbox 735 639 3993 718">
     <span class='ocr_line' id='line_1_6' title="bbox 735 639 3993 718; baseline 0.005 -30"><span class='ocrx_word' id='word_1_39' title='bbox 735 653 887 691; x_wconf 87' lang='grc' dir='ltr'>νοντο</span> <span class='ocrx_word' id='word_1_40' title='bbox 938 640 1024 693; x_wconf 77' lang='grc' dir='ltr'><strong>ἀεὶ</strong></span> <span class='ocrx_word' id='word_1_41' title='bbox 1094 639 1150 692; x_wconf 76' lang='grc' dir='ltr'>αἱ</span> <span class='ocrx_word' id='word_1_42' title='bbox 1209 639 1319 694; x_wconf 85' lang='grc' dir='ltr'><strong>τῶν</strong></span> <span class='ocrx_word' id='word_1_43' title='bbox 1366 639 1751 712; x_wconf 77' lang='grc' dir='ltr'>φωτιζομένων</span> <span class='ocrx_word' id='word_1_44' title='bbox 1803 645 1974 708; x_wconf 68' lang='grc' dir='ltr'>σκιαὶ,</span> <span class='ocrx_word' id='word_1_45' title='bbox 2020 646 2135 709; x_wconf 73' lang='grc' dir='ltr'>καὶ,</span> <span class='ocrx_word' id='word_1_46' title='bbox 2190 645 2238 699; x_wconf 87' lang='grc' dir='ltr'><strong>εἰ</strong></span> <span class='ocrx_word' id='word_1_47' title='bbox 2286 644 2423 717; x_wconf 79' lang='grc' dir='ltr'>πρὸς</span> <span class='ocrx_word' id='word_1_48' title='bbox 2466 645 2838 715; x_wconf 76' lang='grc' dir='ltr'>μεσημϐρίαν,</span> <span class='ocrx_word' id='word_1_49' title='bbox 2869 648 3092 718; x_wconf 81' lang='grc' dir='ltr'>ὁμοίως.</span> <span class='ocrx_word' id='word_1_50' title='bbox 3161 649 3277 704; x_wconf 88' lang='grc' dir='ltr'>Νῦν</span> <span class='ocrx_word' id='word_1_51' title='bbox 3326 651 3407 717; x_wconf 81' lang='grc' dir='ltr'>δὲ,</span> <span class='ocrx_word' id='word_1_52' title='bbox 3481 652 3867 717; x_wconf 76' lang='grc' dir='ltr'>ἀνατέλλοντος</span> <span class='ocrx_word' id='word_1_53' title='bbox 3896 652 3993 706; x_wconf 90' lang='grc' dir='ltr'><strong>τοῦ</strong></span> 
     </span>
    </p>
   </div>
   <div class='ocr_carea' id='block_1_7' title="bbox 735 734 2822 817">
    <p class='ocr_par' dir='ltr' id='par_1_7' title="bbox 735 734 2822 817">
     <span class='ocr_line' id='line_1_7' title="bbox 735 734 2822 817; baseline 0.006 -33"><span class='ocrx_word' id='word_1_54' title='bbox 735 734 907 804; x_wconf 81' lang='grc' dir='ltr'>ἡλίου,</span> <span class='ocrx_word' id='word_1_55' title='bbox 944 734 1037 787; x_wconf 75' lang='grc' dir='ltr'>ἐπὶ</span> <span class='ocrx_word' id='word_1_56' title='bbox 1067 734 1219 790; x_wconf 89' lang='grc' dir='ltr'>δύσιν</span> <span class='ocrx_word' id='word_1_57' title='bbox 1244 738 1626 793; x_wconf 86' lang='grc' dir='ltr'>ἀποκλίνουσιν</span> <span class='ocrx_word' id='word_1_58' title='bbox 1651 742 1706 795; x_wconf 82' lang='grc' dir='ltr'><strong>αἰ</strong></span> <span class='ocrx_word' id='word_1_59' title='bbox 1764 742 1935 807; x_wconf 72' lang='grc' dir='ltr'>σκιαὶ,</span> <span class='ocrx_word' id='word_1_60' title='bbox 1978 741 2240 812; x_wconf 80' lang='grc' dir='ltr'><strong>δυομένου</strong></span> <span class='ocrx_word' id='word_1_61' title='bbox 2266 743 2344 809; x_wconf 80' lang='grc' dir='ltr'>δὲ,</span> <span class='ocrx_word' id='word_1_62' title='bbox 2373 743 2507 817; x_wconf 83' lang='grc' dir='ltr'>πρὸς</span> <span class='ocrx_word' id='word_1_63' title='bbox 2536 743 2822 813; x_wconf 85' lang='grc' dir='ltr'>ἀνατολήν.</span> 
     </span>
    </p>
   </div>
   <div class='ocr_carea' id='block_1_8' title="bbox 1124 833 1880 905">
    <p class='ocr_par' dir='ltr' id='par_1_8' title="bbox 1124 833 1880 905">
     <span class='ocr_line' id='line_1_8' title="bbox 1124 833 1880 905; baseline 0.008 -20"><span class='ocrx_word' id='word_1_64' title='bbox 1124 833 1177 886; x_wconf 74' lang='grc'><strong>2.</strong></span> <span class='ocrx_word' id='word_1_65' title='bbox 1210 833 1285 887; x_wconf 88' lang='lat' dir='ltr'><strong>De</strong></span> <span class='ocrx_word' id='word_1_66' title='bbox 1313 844 1467 889; x_wconf 66' lang='lat' dir='ltr'><strong>terra</strong></span> <span class='ocrx_word' id='word_1_67' title='bbox 1494 836 1880 905; x_wconf 75' lang='lat' dir='ltr'><strong>magnitudine.</strong></span> 
     </span>
    </p>
   </div>
   <div class='ocr_carea' id='block_1_9' title="bbox 806 924 2306 1001">
    <p class='ocr_par' dir='ltr' id='par_1_9' title="bbox 806 924 2306 1001">
     <span class='ocr_line' id='line_1_9' title="bbox 806 924 2306 1001; baseline 0.009 -25"><span class='ocrx_word' id='word_1_68' title='bbox 806 924 879 978; x_wconf 83' lang='lat' dir='ltr'><strong>De</strong></span> <span class='ocrx_word' id='word_1_69' title='bbox 916 932 1076 980; x_wconf 71' lang='lat' dir='ltr'><strong>terrae</strong></span> <span class='ocrx_word' id='word_1_70' title='bbox 1100 926 1479 993; x_wconf 76' lang='lat' dir='ltr'><strong>magnitudine</strong></span> <span class='ocrx_word' id='word_1_71' title='bbox 1508 929 1693 984; x_wconf 73' lang='lat' dir='ltr'><strong>multa:</strong></span> <span class='ocrx_word' id='word_1_72' title='bbox 1722 929 1943 983; x_wconf 77' lang='lat' dir='ltr'><strong>fuerunt</strong></span> <span class='ocrx_word' id='word_1_73' title='bbox 1970 931 2258 1001; x_wconf 86' lang='lat' dir='ltr'><strong>opiniones</strong></span> <span class='ocrx_word' id='word_1_74' title='bbox 2293 952 2306 999; x_wconf 90' lang='lat'><strong>;</strong></span> 
     </span>
    </p>
   </div>
   <div class='ocr_carea' id='block_1_10' title="bbox 731 1014 2308 1094">
    <p class='ocr_par' dir='ltr' id='par_1_10' title="bbox 731 1014 2308 1094">
     <span class='ocr_line' id='line_1_10' title="bbox 731 1014 2308 1094; baseline 0.008 -25"><span class='ocrx_word' id='word_1_75' title='bbox 731 1014 1045 1072; x_wconf 89' lang='lat' dir='ltr'><strong>docuerunt</strong></span> <span class='ocrx_word' id='word_1_76' title='bbox 1096 1034 1223 1073; x_wconf 84' lang='lat' dir='ltr'><strong>vero</strong></span> <span class='ocrx_word' id='word_1_77' title='bbox 1269 1019 1535 1090; x_wconf 88' lang='lat' dir='ltr'><strong>deinceps</strong></span> <span class='ocrx_word' id='word_1_78' title='bbox 1583 1036 1773 1077; x_wconf 87' lang='lat' dir='ltr'><strong>omnes</strong></span> <span class='ocrx_word' id='word_1_79' title='bbox 1816 1023 2133 1078; x_wconf 84' lang='lat' dir='ltr'><strong>universum</strong></span> <span class='ocrx_word' id='word_1_80' title='bbox 2188 1026 2308 1094; x_wconf 85' lang='lat' dir='ltr'><strong>ejus</strong></span> 
     </span>
    </p>
   </div>
   <div class='ocr_carea' id='block_1_11' title="bbox 730 1110 2311 1186">
    <p class='ocr_par' dir='ltr' id='par_1_11' title="bbox 730 1110 2311 1186">
     <span class='ocr_line' id='line_1_11' title="bbox 730 1110 2311 1186; baseline 0.009 -25"><span class='ocrx_word' id='word_1_81' title='bbox 730 1110 997 1163; x_wconf 89' lang='lat' dir='ltr'><strong>ambitum</strong></span> <span class='ocrx_word' id='word_1_82' title='bbox 1036 1126 1161 1168; x_wconf 85' lang='lat' dir='ltr'><strong>esse</strong></span> <span class='ocrx_word' id='word_1_83' title='bbox 1188 1112 1492 1168; x_wconf 74' lang='lat' dir='ltr'><strong>stadiorum</strong></span> <span class='ocrx_word' id='word_1_84' title='bbox 1546 1113 1829 1184; x_wconf 76' lang='lat'><strong>(250,000</strong></span> <span class='ocrx_word' id='word_1_85' title='bbox 1861 1117 1879 1186; x_wconf 90' lang='lat'>)</span> <span class='ocrx_word' id='word_1_86' title='bbox 1914 1117 2204 1174; x_wconf 82' lang='lat' dir='ltr'><strong>ducenties</strong></span> <span class='ocrx_word' id='word_1_87' title='bbox 2255 1130 2311 1174; x_wconf 87' lang='lat' dir='ltr'><strong>et</strong></span> 
     </span>
    </p>
   </div>
   <div class='ocr_carea' id='block_1_12' title="bbox 728 1203 2305 1279">
    <p class='ocr_par' dir='ltr' id='par_1_12' title="bbox 728 1203 2305 1279">
     <span class='ocr_line' id='line_1_12' title="bbox 728 1203 2305 1279; baseline 0.006 -22"><span class='ocrx_word' id='word_1_88' title='bbox 728 1203 1095 1274; x_wconf 75' lang='lat' dir='ltr'><strong>quinquagies</strong></span> <span class='ocrx_word' id='word_1_89' title='bbox 1154 1206 1343 1273; x_wconf 89' lang='lat' dir='ltr'><strong>mille;</strong></span> <span class='ocrx_word' id='word_1_90' title='bbox 1378 1207 1508 1261; x_wconf 91' lang='lat' dir='ltr'><strong>illud</strong></span> <span class='ocrx_word' id='word_1_91' title='bbox 1558 1214 1737 1262; x_wconf 87' lang='lat' dir='ltr'><strong>autem</strong></span> <span class='ocrx_word' id='word_1_92' title='bbox 1791 1225 1885 1279; x_wconf 91' lang='lat' dir='ltr'><strong>per</strong></span> <span class='ocrx_word' id='word_1_93' title='bbox 1919 1211 2305 1275; x_wconf 79' lang='lat' dir='ltr'><strong>geometricam</strong></span> 
     </span>
    </p>
   </div>
   <div class='ocr_carea' id='block_1_13' title="bbox 728 1298 2307 1361">
    <p class='ocr_par' dir='ltr' id='par_1_13' title="bbox 728 1298 2307 1361">
     <span class='ocr_line' id='line_1_13' title="bbox 728 1298 2307 1361; baseline 0.008 -12"><span class='ocrx_word' id='word_1_94' title='bbox 728 1298 1044 1354; x_wconf 82' lang='lat' dir='ltr'><strong>ntethodum</strong></span> <span class='ocrx_word' id='word_1_95' title='bbox 1082 1301 1622 1358; x_wconf 79' lang='lat' dir='ltr'><strong>demonstraverunt.</strong></span> <span class='ocrx_word' id='word_1_96' title='bbox 1673 1303 1932 1360; x_wconf 85' lang='lat' dir='ltr'><strong>Nonnulli</strong></span> <span class='ocrx_word' id='word_1_97' title='bbox 1984 1315 2165 1361; x_wconf 88' lang='lat' dir='ltr'><strong>autem</strong></span> <span class='ocrx_word' id='word_1_98' title='bbox 2217 1307 2307 1361; x_wconf 86' lang='lat' dir='ltr'><strong>de-</strong></span> 
     </span>
    </p>
   </div>
   <div class='ocr_carea' id='block_1_14' title="bbox 728 1392 2309 1468">
    <p class='ocr_par' dir='ltr' id='par_1_14' title="bbox 728 1392 2309 1468">
     <span class='ocr_line' id='line_1_14' title="bbox 728 1392 2309 1468; baseline 0.008 -27"><span class='ocrx_word' id='word_1_99' title='bbox 728 1392 904 1445; x_wconf 88' lang='lat' dir='ltr'><strong>mensi</strong></span> <span class='ocrx_word' id='word_1_100' title='bbox 950 1401 1078 1446; x_wconf 89' lang='lat' dir='ltr'><strong>sunt</strong></span> <span class='ocrx_word' id='word_1_101' title='bbox 1143 1393 1197 1445; x_wconf 91' lang='lat' dir='ltr'><strong>in</strong></span> <span class='ocrx_word' id='word_1_102' title='bbox 1251 1400 1396 1447; x_wconf 87' lang='lat' dir='ltr'><strong>terra</strong></span> <span class='ocrx_word' id='word_1_103' title='bbox 1450 1402 1663 1450; x_wconf 88' lang='lat' dir='ltr'><strong>tantum</strong></span> <span class='ocrx_word' id='word_1_104' title='bbox 1720 1398 1978 1466; x_wconf 87' lang='lat' dir='ltr'><strong>spatium,</strong></span> <span class='ocrx_word' id='word_1_105' title='bbox 2040 1410 2309 1468; x_wconf 89' lang='lat' dir='ltr'><strong>quantum</strong></span> 
     </span>
    </p>
   </div>
   <div class='ocr_carea' id='block_1_15' title="bbox 727 1482 2309 1558">
    <p class='ocr_par' dir='ltr' id='par_1_15' title="bbox 727 1482 2309 1558">
     <span class='ocr_line' id='line_1_15' title="bbox 727 1482 2309 1558; baseline 0.007 -23"><span class='ocrx_word' id='word_1_106' title='bbox 727 1482 873 1535; x_wconf 89' lang='lat' dir='ltr'><strong>intra</strong></span> <span class='ocrx_word' id='word_1_107' title='bbox 911 1483 1191 1538; x_wconf 68' lang='lat' dir='ltr'><strong>cmlestem</strong></span> <span class='ocrx_word' id='word_1_108' title='bbox 1216 1485 1447 1554; x_wconf 87' lang='lat' dir='ltr'><strong>gradum</strong></span> <span class='ocrx_word' id='word_1_109' title='bbox 1476 1487 1979 1558; x_wconf 81' lang='lat' dir='ltr'><strong>comprehenditur,</strong></span> <span class='ocrx_word' id='word_1_110' title='bbox 2015 1500 2067 1545; x_wconf 87' lang='lat' dir='ltr'><strong>et</strong></span> <span class='ocrx_word' id='word_1_111' title='bbox 2103 1492 2207 1547; x_wconf 90' lang='lat' dir='ltr'><strong>hoc</strong></span> <span class='ocrx_word' id='word_1_112' title='bbox 2253 1491 2309 1546; x_wconf 83' lang='lat' dir='ltr'><strong>in</strong></span> 
     </span>
    </p>
   </div>
   <div class='ocr_carea' id='block_1_16' title="bbox 725 1571 2310 1651">
    <p class='ocr_par' dir='ltr' id='par_1_16' title="bbox 725 1571 2310 1651">
     <span class='ocr_line' id='line_1_16' title="bbox 725 1571 2310 1651; baseline 0.006 -25"><span class='ocrx_word' id='word_1_113' title='bbox 725 1571 860 1636; x_wconf 79' lang='lat'><strong>560;</strong></span> <span class='ocrx_word' id='word_1_114' title='bbox 892 1584 1075 1642; x_wconf 83' lang='lat' dir='ltr'><strong>postea</strong></span> <span class='ocrx_word' id='word_1_115' title='bbox 1105 1577 1411 1632; x_wconf 68' lang='lat' dir='ltr'><strong>cmlestium</strong></span> <span class='ocrx_word' id='word_1_116' title='bbox 1442 1578 1705 1647; x_wconf 80' lang='lat' dir='ltr'><strong>graduum</strong></span> <span class='ocrx_word' id='word_1_117' title='bbox 1737 1594 2027 1635; x_wconf 88' lang='lat' dir='ltr'><strong>numerum</strong></span> <span class='ocrx_word' id='word_1_118' title='bbox 2059 1581 2162 1636; x_wconf 90' lang='lat' dir='ltr'><strong>hoc</strong></span> <span class='ocrx_word' id='word_1_119' title='bbox 2186 1596 2310 1651; x_wconf 85' lang='lat' dir='ltr'><strong>spa-</strong></span> 
     </span>
    </p>
   </div>
   <div class='ocr_carea' id='block_1_17' title="bbox 726 1664 2308 1741">
    <p class='ocr_par' dir='ltr' id='par_1_17' title="bbox 726 1664 2308 1741">
     <span class='ocr_line' id='line_1_17' title="bbox 726 1664 2308 1741; baseline 0.006 -25"><span class='ocrx_word' id='word_1_120' title='bbox 726 1664 802 1718; x_wconf 88' lang='lat' dir='ltr'><strong>tio</strong></span> <span class='ocrx_word' id='word_1_121' title='bbox 838 1666 1289 1735; x_wconf 84' lang='lat' dir='ltr'><strong>multiplicantes.</strong></span> <span class='ocrx_word' id='word_1_122' title='bbox 1323 1684 1448 1723; x_wconf 91' lang='lat' dir='ltr'><strong>eum</strong></span> <span class='ocrx_word' id='word_1_123' title='bbox 1485 1679 1641 1725; x_wconf 72' lang='lat' dir='ltr'><strong>terrae</strong></span> <span class='ocrx_word' id='word_1_124' title='bbox 1670 1686 1832 1741; x_wconf 90' lang='lat' dir='ltr'><strong>quem</strong></span> <span class='ocrx_word' id='word_1_125' title='bbox 1861 1672 2102 1726; x_wconf 87' lang='lat' dir='ltr'><strong>diximus</strong></span> <span class='ocrx_word' id='word_1_126' title='bbox 2132 1673 2308 1727; x_wconf 85' lang='lat' dir='ltr'><strong>ambi-</strong></span> 
     </span>
    </p>
   </div>
   <div class='ocr_carea' id='block_1_18' title="bbox 723 1755 2308 1835">
    <p class='ocr_par' dir='ltr' id='par_1_18' title="bbox 723 1755 2308 1835">
     <span class='ocr_line' id='line_1_18' title="bbox 723 1755 2308 1835; baseline 0.008 -28"><span class='ocrx_word' id='word_1_127' title='bbox 723 1762 839 1808; x_wconf 89' lang='lat' dir='ltr'><strong>tum</strong></span> <span class='ocrx_word' id='word_1_128' title='bbox 880 1755 1229 1812; x_wconf 83' lang='lat' dir='ltr'><strong>invenerunt.</strong></span> <span class='ocrx_word' id='word_1_129' title='bbox 1259 1756 1457 1815; x_wconf 85' lang='lat' dir='ltr'><strong>Nostra</strong></span> <span class='ocrx_word' id='word_1_130' title='bbox 1488 1776 1618 1816; x_wconf 81' lang='lat' dir='ltr'><strong>vero</strong></span> <span class='ocrx_word' id='word_1_131' title='bbox 1645 1764 1794 1831; x_wconf 84' lang='lat' dir='ltr'><strong>regio</strong></span> <span class='ocrx_word' id='word_1_132' title='bbox 1826 1762 1879 1817; x_wconf 91' lang='lat' dir='ltr'><strong>in</strong></span> <span class='ocrx_word' id='word_1_133' title='bbox 1906 1774 2061 1835; x_wconf 89' lang='lat' dir='ltr'><strong>parte</strong></span> <span class='ocrx_word' id='word_1_134' title='bbox 2089 1774 2308 1833; x_wconf 88' lang='lat' dir='ltr'><strong>septen-</strong></span> 
     </span>
    </p>
   </div>
   <div class='ocr_carea' id='block_1_19' title="bbox 723 1848 2304 1927">
    <p class='ocr_par' dir='ltr' id='par_1_19' title="bbox 723 1848 2304 1927">
     <span class='ocr_line' id='line_1_19' title="bbox 723 1848 2304 1927; baseline 0.009 -27"><span class='ocrx_word' id='word_1_135' title='bbox 723 1848 941 1901; x_wconf 89' lang='lat' dir='ltr'><strong>trionali</strong></span> <span class='ocrx_word' id='word_1_136' title='bbox 1008 1849 1106 1903; x_wconf 87' lang='lat' dir='ltr'><strong>sita</strong></span> <span class='ocrx_word' id='word_1_137' title='bbox 1171 1859 1291 1915; x_wconf 90' lang='lat' dir='ltr'><strong>est;</strong></span> <span class='ocrx_word' id='word_1_138' title='bbox 1381 1866 1776 1924; x_wconf 82' lang='lat' dir='ltr'><strong>proptereaque</strong></span> <span class='ocrx_word' id='word_1_139' title='bbox 1840 1857 2079 1913; x_wconf 84' lang='lat' dir='ltr'><strong>borealis</strong></span> <span class='ocrx_word' id='word_1_140' title='bbox 2143 1859 2304 1927; x_wconf 87' lang='lat' dir='ltr'><strong>polus</strong></span> 
     </span>
    </p>
   </div>
   <div class='ocr_carea' id='block_1_20' title="bbox 720 1938 2295 2015">
    <p class='ocr_par' dir='ltr' id='par_1_20' title="bbox 720 1938 2295 2015">
     <span class='ocr_line' id='line_1_20' title="bbox 720 1938 2295 2015; baseline 0.008 -25"><span class='ocrx_word' id='word_1_141' title='bbox 720 1951 940 2006; x_wconf 77' lang='lat' dir='ltr'><strong>semper</strong></span> <span class='ocrx_word' id='word_1_142' title='bbox 971 1938 1206 1995; x_wconf 76' lang='lat' dir='ltr'><strong>visibilis</strong></span> <span class='ocrx_word' id='word_1_143' title='bbox 1255 1950 1371 2008; x_wconf 91' lang='lat' dir='ltr'><strong>est;</strong></span> <span class='ocrx_word' id='word_1_144' title='bbox 1426 1943 1689 2012; x_wconf 84' lang='lat' dir='ltr'><strong>regioque</strong></span> <span class='ocrx_word' id='word_1_145' title='bbox 1721 1944 1811 1998; x_wconf 90' lang='lat' dir='ltr'><strong>illa</strong></span> <span class='ocrx_word' id='word_1_146' title='bbox 1844 1961 2006 2015; x_wconf 89' lang='lat' dir='ltr'><strong>quam</strong></span> <span class='ocrx_word' id='word_1_147' title='bbox 2048 1948 2295 2003; x_wconf 86' lang='lat' dir='ltr'><strong>ultimam</strong></span> 
     </span>
    </p>
   </div>
   <div class='ocr_carea' id='block_1_21' title="bbox 720 2030 2298 2109">
    <p class='ocr_par' dir='ltr' id='par_1_21' title="bbox 720 2030 2298 2109">
     <span class='ocr_line' id='line_1_21' title="bbox 720 2030 2298 2109; baseline 0.008 -27"><span class='ocrx_word' id='word_1_148' title='bbox 720 2030 973 2087; x_wconf 88' lang='lat' dir='ltr'><strong>novimus</strong></span> <span class='ocrx_word' id='word_1_149' title='bbox 1004 2046 1198 2087; x_wconf 68' lang='lat' dir='ltr'><strong>versus</strong></span> <span class='ocrx_word' id='word_1_150' title='bbox 1228 2035 1495 2089; x_wconf 73' lang='lat' dir='ltr'><strong>orientem</strong></span> <span class='ocrx_word' id='word_1_151' title='bbox 1540 2045 1627 2091; x_wconf 88' lang='lat' dir='ltr'><strong>est</strong></span> <span class='ocrx_word' id='word_1_152' title='bbox 1668 2037 1800 2093; x_wconf 84' lang='lat' dir='ltr'><strong>urbs</strong></span> <span class='ocrx_word' id='word_1_153' title='bbox 1827 2039 2071 2109; x_wconf 55' lang='lat' dir='ltr'><strong>quaedam</strong></span> <span class='ocrx_word' id='word_1_154' title='bbox 2105 2042 2298 2097; x_wconf 86' lang='lat' dir='ltr'><strong>Siucn-</strong></span> 
     </span>
    </p>
   </div>
   <div class='ocr_carea' id='block_1_22' title="bbox 719 2121 2299 2200">
    <p class='ocr_par' dir='ltr' id='par_1_22' title="bbox 719 2121 2299 2200">
     <span class='ocr_line' id='line_1_22' title="bbox 719 2121 2299 2200; baseline 0.008 -26"><span class='ocrx_word' id='word_1_155' title='bbox 719 2121 861 2174; x_wconf 87' lang='lat' dir='ltr'><strong>sium</strong></span> <span class='ocrx_word' id='word_1_156' title='bbox 902 2124 1122 2177; x_wconf 87' lang='lat' dir='ltr'><strong>nomine</strong></span> <span class='ocrx_word' id='word_1_157' title='bbox 1148 2123 1299 2178; x_wconf 84' lang='lat' dir='ltr'><strong>Sera.</strong></span> <span class='ocrx_word' id='word_1_158' title='bbox 1328 2124 1481 2180; x_wconf 88' lang='lat' dir='ltr'><strong>Ultra</strong></span> <span class='ocrx_word' id='word_1_159' title='bbox 1522 2143 1704 2194; x_wconf 88' lang='lat' dir='ltr'><strong>quam,</strong></span> <span class='ocrx_word' id='word_1_160' title='bbox 1746 2139 1805 2183; x_wconf 91' lang='lat' dir='ltr'><strong>ut</strong></span> <span class='ocrx_word' id='word_1_161' title='bbox 1844 2131 2120 2200; x_wconf 82' lang='lat' dir='ltr'><strong>inquiunt,</strong></span> <span class='ocrx_word' id='word_1_162' title='bbox 2152 2133 2299 2186; x_wconf 72' lang='lat' dir='ltr'><strong>lacu-</strong></span> 
     </span>
    </p>
   </div>
   <div class='ocr_carea' id='block_1_23' title="bbox 721 2219 2295 2291">
    <p class='ocr_par' dir='ltr' id='par_1_23' title="bbox 721 2219 2295 2291">
     <span class='ocr_line' id='line_1_23' title="bbox 721 2219 2295 2291; baseline 0.005 -22"><span class='ocrx_word' id='word_1_163' title='bbox 721 2232 802 2270; x_wconf 63' lang='lat' dir='ltr'><strong>nae</strong></span> <span class='ocrx_word' id='word_1_164' title='bbox 829 2227 958 2271; x_wconf 89' lang='lat' dir='ltr'><strong>sunt</strong></span> <span class='ocrx_word' id='word_1_165' title='bbox 990 2226 1044 2273; x_wconf 90' lang='lat' dir='ltr'><strong>ct</strong></span> <span class='ocrx_word' id='word_1_166' title='bbox 1087 2219 1305 2283; x_wconf 85' lang='lat' dir='ltr'><strong>calami,</strong></span> <span class='ocrx_word' id='word_1_167' title='bbox 1367 2236 1543 2291; x_wconf 90' lang='lat' dir='ltr'><strong>neque</strong></span> <span class='ocrx_word' id='word_1_168' title='bbox 1585 2222 1710 2277; x_wconf 87' lang='lat' dir='ltr'><strong>inde</strong></span> <span class='ocrx_word' id='word_1_169' title='bbox 1744 2224 1885 2278; x_wconf 85' lang='lat' dir='ltr'><strong>ultra</strong></span> <span class='ocrx_word' id='word_1_170' title='bbox 1920 2226 1985 2278; x_wconf 90' lang='lat' dir='ltr'><strong>ad</strong></span> <span class='ocrx_word' id='word_1_171' title='bbox 2030 2224 2295 2279; x_wconf 76' lang='lat' dir='ltr'><strong>orientem</strong></span> 
     </span>
    </p>
   </div>
   <div class='ocr_carea' id='block_1_24' title="bbox 718 2311 2297 2380">
    <p class='ocr_par' dir='ltr' id='par_1_24' title="bbox 718 2311 2297 2380">
     <span class='ocr_line' id='line_1_24' title="bbox 718 2311 2297 2380; baseline 0.006 -18"><span class='ocrx_word' id='word_1_172' title='bbox 718 2311 783 2363; x_wconf 91' lang='lat' dir='ltr'><strong>iri</strong></span> <span class='ocrx_word' id='word_1_173' title='bbox 839 2320 1055 2380; x_wconf 86' lang='lat' dir='ltr'><strong>potest;</strong></span> <span class='ocrx_word' id='word_1_174' title='bbox 1098 2312 1357 2367; x_wconf 68' lang='lat' dir='ltr'><strong>Sincnses</strong></span> <span class='ocrx_word' id='word_1_175' title='bbox 1406 2331 1534 2369; x_wconf 73' lang='lat' dir='ltr'><strong>vero</strong></span> <span class='ocrx_word' id='word_1_176' title='bbox 1591 2315 1665 2368; x_wconf 88' lang='lat' dir='ltr'><strong>illi</strong></span> <span class='ocrx_word' id='word_1_177' title='bbox 1718 2318 1951 2371; x_wconf 78' lang='lat' dir='ltr'><strong>maxime</strong></span> <span class='ocrx_word' id='word_1_178' title='bbox 1999 2318 2297 2371; x_wconf 74' lang='lat' dir='ltr'><strong>orientales</strong></span> 
     </span>
    </p>
   </div>
   <div class='ocr_carea' id='block_1_25' title="bbox 716 2402 2296 2475">
    <p class='ocr_par' dir='ltr' id='par_1_25' title="bbox 716 2402 2296 2475">
     <span class='ocr_line' id='line_1_25' title="bbox 716 2402 2296 2475; baseline 0.006 -21"><span class='ocrx_word' id='word_1_179' title='bbox 716 2411 900 2471; x_wconf 87' lang='lat' dir='ltr'><strong>partes</strong></span> <span class='ocrx_word' id='word_1_180' title='bbox 934 2403 1201 2459; x_wconf 87' lang='lat' dir='ltr'><strong>incolunt.</strong></span> <span class='ocrx_word' id='word_1_181' title='bbox 1227 2402 1564 2460; x_wconf 90' lang='lat' dir='ltr'><strong>Suntautem</strong></span> <span class='ocrx_word' id='word_1_182' title='bbox 1598 2423 1790 2462; x_wconf 88' lang='lat' dir='ltr'><strong>onmes</strong></span> <span class='ocrx_word' id='word_1_183' title='bbox 1821 2409 2070 2462; x_wconf 88' lang='lat' dir='ltr'><strong>doctrina</strong></span> <span class='ocrx_word' id='word_1_184' title='bbox 2097 2410 2296 2475; x_wconf 70' lang='lat' dir='ltr'><strong>Grzcei,</strong></span> 
     </span>
    </p>
   </div>
   <div class='ocr_carea' id='block_1_26' title="bbox 716 2497 2300 2567">
    <p class='ocr_par' dir='ltr' id='par_1_26' title="bbox 716 2497 2300 2567">
     <span class='ocr_line' id='line_1_26' title="bbox 716 2497 2300 2567; baseline 0.004 -16"><span class='ocrx_word' id='word_1_185' title='bbox 716 2497 820 2552; x_wconf 88' lang='lat' dir='ltr'><strong>nisi</strong></span> <span class='ocrx_word' id='word_1_186' title='bbox 854 2498 997 2566; x_wconf 89' lang='lat' dir='ltr'><strong>quod</strong></span> <span class='ocrx_word' id='word_1_187' title='bbox 1020 2498 1317 2567; x_wconf 91' lang='lat' dir='ltr'><strong>justissimi</strong></span> <span class='ocrx_word' id='word_1_188' title='bbox 1346 2510 1493 2557; x_wconf 90' lang='lat' dir='ltr'><strong>sunt.</strong></span> <span class='ocrx_word' id='word_1_189' title='bbox 1516 2502 1594 2555; x_wconf 80' lang='lat' dir='ltr'><strong>Ad</strong></span> <span class='ocrx_word' id='word_1_190' title='bbox 1628 2502 1970 2557; x_wconf 80' lang='lat' dir='ltr'><strong>occidentem</strong></span> <span class='ocrx_word' id='word_1_191' title='bbox 1990 2518 2120 2558; x_wconf 88' lang='lat' dir='ltr'><strong>vero</strong></span> <span class='ocrx_word' id='word_1_192' title='bbox 2147 2504 2300 2557; x_wconf 84' lang='lat' dir='ltr'><strong>habi-</strong></span> 
     </span>
    </p>
   </div>
   <div class='ocr_carea' id='block_1_27' title="bbox 713 2592 2297 2664">
    <p class='ocr_par' dir='ltr' id='par_1_27' title="bbox 713 2592 2297 2664">
     <span class='ocr_line' id='line_1_27' title="bbox 713 2592 2297 2664; baseline 0.005 -20"><span class='ocrx_word' id='word_1_193' title='bbox 713 2592 900 2645; x_wconf 87' lang='lat' dir='ltr'><strong>tabilis</strong></span> <span class='ocrx_word' id='word_1_194' title='bbox 935 2601 1079 2647; x_wconf 90' lang='lat' dir='ltr'><strong>terra</strong></span> <span class='ocrx_word' id='word_1_195' title='bbox 1124 2595 1263 2647; x_wconf 87' lang='lat' dir='ltr'><strong>ultra</strong></span> <span class='ocrx_word' id='word_1_196' title='bbox 1292 2595 1607 2664; x_wconf 82' lang='lat' dir='ltr'><strong>Hispaniam</strong></span> <span class='ocrx_word' id='word_1_197' title='bbox 1652 2597 1771 2650; x_wconf 80' lang='lat' dir='ltr'><strong>linit</strong></span> <span class='ocrx_word' id='word_1_198' title='bbox 1798 2601 1862 2649; x_wconf 88' lang='lat' dir='ltr'><strong>ad</strong></span> <span class='ocrx_word' id='word_1_199' title='bbox 1898 2595 2297 2652; x_wconf 82' lang='lat' dir='ltr'><strong>occidentalem</strong></span> 
     </span>
    </p>
   </div>
   <div class='ocr_carea' id='block_1_28' title="bbox 714 2683 2293 2760">
    <p class='ocr_par' dir='ltr' id='par_1_28' title="bbox 714 2683 2293 2760">
     <span class='ocr_line' id='line_1_28' title="bbox 714 2683 2293 2760; baseline 0.006 -24"><span class='ocrx_word' id='word_1_200' title='bbox 714 2683 993 2738; x_wconf 85' lang='lat' dir='ltr'><strong>Oceanum</strong></span> <span class='ocrx_word' id='word_1_201' title='bbox 1044 2685 1098 2739; x_wconf 94' lang='lat' dir='ltr'><strong>in</strong></span> <span class='ocrx_word' id='word_1_202' title='bbox 1146 2701 1308 2755; x_wconf 89' lang='lat' dir='ltr'><strong>quem</strong></span> <span class='ocrx_word' id='word_1_203' title='bbox 1365 2687 1542 2741; x_wconf 84' lang='lat' dir='ltr'><strong>inﬂuit</strong></span> <span class='ocrx_word' id='word_1_204' title='bbox 1585 2697 1835 2743; x_wconf 89' lang='lat' dir='ltr'><strong>nostrum</strong></span> <span class='ocrx_word' id='word_1_205' title='bbox 1884 2689 2063 2760; x_wconf 91' lang='lat' dir='ltr'><strong>ipsum</strong></span> <span class='ocrx_word' id='word_1_206' title='bbox 2122 2706 2293 2745; x_wconf 88' lang='lat' dir='ltr'><strong>mare.</strong></span> 
     </span>
    </p>
   </div>
   <div class='ocr_carea' id='block_1_29' title="bbox 713 2774 2298 2850">
    <p class='ocr_par' dir='ltr' id='par_1_29' title="bbox 713 2774 2298 2850">
     <span class='ocr_line' id='line_1_29' title="bbox 713 2774 2298 2850; baseline 0.006 -23"><span class='ocrx_word' id='word_1_207' title='bbox 713 2774 931 2830; x_wconf 89' lang='lat' dir='ltr'><strong>Distant</strong></span> <span class='ocrx_word' id='word_1_208' title='bbox 965 2776 1110 2831; x_wconf 84' lang='lat' dir='ltr'><strong>mille</strong></span> <span class='ocrx_word' id='word_1_209' title='bbox 1132 2778 1459 2832; x_wconf 88' lang='lat' dir='ltr'><strong>milliarihus</strong></span> <span class='ocrx_word' id='word_1_210' title='bbox 1489 2795 1518 2833; x_wconf 90' lang='lat' dir='ltr'><strong>a</strong></span> <span class='ocrx_word' id='word_1_211' title='bbox 1555 2789 1696 2834; x_wconf 82' lang='lat' dir='ltr'><strong>terra</strong></span> <span class='ocrx_word' id='word_1_212' title='bbox 1726 2780 1920 2835; x_wconf 59' lang='lat' dir='ltr'><strong>insula</strong></span> <span class='ocrx_word' id='word_1_213' title='bbox 1954 2797 2076 2850; x_wconf 71' lang='lat' dir='ltr'><strong>qua:</strong></span> <span class='ocrx_word' id='word_1_214' title='bbox 2099 2781 2298 2836; x_wconf 86' lang='lat' dir='ltr'><strong>Fortu-</strong></span> 
     </span>
    </p>
   </div>
   <div class='ocr_carea' id='block_1_30' title="bbox 711 2868 2297 2940">
    <p class='ocr_par' dir='ltr' id='par_1_30' title="bbox 711 2868 2297 2940">
     <span class='ocr_line' id='line_1_30' title="bbox 711 2868 2297 2940; baseline 0.003 -19"><span class='ocrx_word' id='word_1_215' title='bbox 711 2878 855 2923; x_wconf 71' lang='lat' dir='ltr'><strong>natae</strong></span> <span class='ocrx_word' id='word_1_216' title='bbox 876 2868 1159 2933; x_wconf 77' lang='lat' dir='ltr'><strong>dicuntur,</strong></span> <span class='ocrx_word' id='word_1_217' title='bbox 1190 2886 1310 2938; x_wconf 81' lang='lat' dir='ltr'><strong>qu:e</strong></span> <span class='ocrx_word' id='word_1_218' title='bbox 1342 2872 1492 2940; x_wconf 90' lang='lat' dir='ltr'><strong>prius</strong></span> <span class='ocrx_word' id='word_1_219' title='bbox 1528 2872 1783 2927; x_wconf 76' lang='lat' dir='ltr'><strong>habitatas</strong></span> <span class='ocrx_word' id='word_1_220' title='bbox 1811 2885 1859 2927; x_wconf 89' lang='lat' dir='ltr'><strong>et</strong></span> <span class='ocrx_word' id='word_1_221' title='bbox 1883 2875 1953 2927; x_wconf 90' lang='lat' dir='ltr'><strong>oh</strong></span> <span class='ocrx_word' id='word_1_222' title='bbox 1982 2876 2127 2930; x_wconf 88' lang='lat' dir='ltr'><strong>aeris</strong></span> <span class='ocrx_word' id='word_1_223' title='bbox 2161 2883 2297 2930; x_wconf 80' lang='lat' dir='ltr'><strong>tem-</strong></span> 
     </span>
    </p>
   </div>
   <div class='ocr_carea' id='block_1_31' title="bbox 714 2963 2295 3034">
    <p class='ocr_par' dir='ltr' id='par_1_31' title="bbox 714 2963 2295 3034">
     <span class='ocr_line' id='line_1_31' title="bbox 714 2963 2295 3034; baseline 0.001 -18"><span class='ocrx_word' id='word_1_224' title='bbox 714 2964 918 3028; x_wconf 75' lang='lat' dir='ltr'><strong>pet-ient</strong></span> <span class='ocrx_word' id='word_1_225' title='bbox 956 2970 1009 3015; x_wconf 90' lang='lat' dir='ltr'><strong>ct</strong></span> <span class='ocrx_word' id='word_1_226' title='bbox 1057 2977 1215 3016; x_wconf 89' lang='lat' dir='ltr'><strong>suam</strong></span> <span class='ocrx_word' id='word_1_227' title='bbox 1278 2963 1618 3018; x_wconf 75' lang='lat' dir='ltr'><strong>fertilitatem</strong></span> <span class='ocrx_word' id='word_1_228' title='bbox 1663 2965 1928 3034; x_wconf 54' lang='lat' dir='ltr'><strong>quaesita,</strong></span> <span class='ocrx_word' id='word_1_229' title='bbox 1998 2980 2143 3019; x_wconf 89' lang='lat' dir='ltr'><strong>nunc</strong></span> <span class='ocrx_word' id='word_1_230' title='bbox 2186 2966 2295 3034; x_wconf 89' lang='lat' dir='ltr'><strong>jam</strong></span> 
     </span>
    </p>
   </div>
   <div class='ocr_carea' id='block_1_32' title="bbox 712 3051 2294 3127">
    <p class='ocr_par' dir='ltr' id='par_1_32' title="bbox 712 3051 2294 3127">
     <span class='ocr_line' id='line_1_32' title="bbox 712 3051 2294 3127; baseline 0.004 -22"><span class='ocrx_word' id='word_1_231' title='bbox 712 3067 822 3107; x_wconf 91' lang='lat' dir='ltr'><strong>non</strong></span> <span class='ocrx_word' id='word_1_232' title='bbox 877 3052 1036 3107; x_wconf 64' lang='lat' dir='ltr'><strong>culta:</strong></span> <span class='ocrx_word' id='word_1_233' title='bbox 1086 3063 1233 3107; x_wconf 89' lang='lat' dir='ltr'><strong>sunt.</strong></span> <span class='ocrx_word' id='word_1_234' title='bbox 1290 3051 1490 3111; x_wconf 87' lang='lat' dir='ltr'><strong>Versus</strong></span> <span class='ocrx_word' id='word_1_235' title='bbox 1548 3058 2028 3126; x_wconf 87' lang='lat' dir='ltr'><strong>septentrionalem</strong></span> <span class='ocrx_word' id='word_1_236' title='bbox 2085 3067 2294 3127; x_wconf 89' lang='lat' dir='ltr'><strong>partem</strong></span> 
     </span>
    </p>
   </div>
   <div class='ocr_carea' id='block_1_33' title="bbox 2706 834 3709 910">
    <p class='ocr_par' dir='ltr' id='par_1_33' title="bbox 2706 834 3709 910">
     <span class='ocr_line' id='line_1_33' title="bbox 2706 834 3709 910; baseline 0.005 -18"><span class='ocrx_word' id='word_1_237' title='bbox 2706 834 2772 906; x_wconf 86' lang='grc' dir='ltr'><strong>β’.</strong></span> <span class='ocrx_word' id='word_1_238' title='bbox 2810 837 2951 905; x_wconf 81' lang='grc' dir='ltr'>Περί</span> <span class='ocrx_word' id='word_1_239' title='bbox 2980 840 3087 893; x_wconf 85' lang='grc' dir='ltr'><strong>τοῦ</strong></span> <span class='ocrx_word' id='word_1_240' title='bbox 3112 840 3406 908; x_wconf 73' lang='grc' dir='ltr'>μεγέθους</span> <span class='ocrx_word' id='word_1_241' title='bbox 3436 840 3548 910; x_wconf 82' lang='grc' dir='ltr'>τῆς</span> <span class='ocrx_word' id='word_1_242' title='bbox 3574 843 3709 910; x_wconf 79' lang='grc' dir='ltr'><strong>τῆς.</strong></span> 
     </span>
    </p>
   </div>
   <div class='ocr_carea' id='block_1_34' title="bbox 2493 929 3993 1004">
    <p class='ocr_par' dir='ltr' id='par_1_34' title="bbox 2493 929 3993 1004">
     <span class='ocr_line' id='line_1_34' title="bbox 2493 929 3993 1004; baseline 0.006 -22"><span class='ocrx_word' id='word_1_243' title='bbox 2493 930 2627 1002; x_wconf 75' lang='grc' dir='ltr'>Περὶ</span> <span class='ocrx_word' id='word_1_244' title='bbox 2655 930 2712 983; x_wconf 83' lang='grc' dir='ltr'>δὲ</span> <span class='ocrx_word' id='word_1_245' title='bbox 2742 929 2838 983; x_wconf 85' lang='grc' dir='ltr'><strong>τοῦ</strong></span> <span class='ocrx_word' id='word_1_246' title='bbox 2864 932 3129 1002; x_wconf 82' lang='grc' dir='ltr'>μεγέθους</span> <span class='ocrx_word' id='word_1_247' title='bbox 3187 934 3283 1003; x_wconf 80' lang='grc' dir='ltr'>τῆς</span> <span class='ocrx_word' id='word_1_248' title='bbox 3336 934 3442 1003; x_wconf 79' lang='grc' dir='ltr'>γῆς</span> <span class='ocrx_word' id='word_1_249' title='bbox 3492 935 3688 988; x_wconf 69' lang='grc' dir='ltr'>πολλαὶ</span> <span class='ocrx_word' id='word_1_250' title='bbox 3736 937 3993 1004; x_wconf 87' lang='grc' dir='ltr'>γεγόνασι</span> 
     </span>
    </p>
   </div>
   <div class='ocr_carea' id='block_1_35' title="bbox 2418 1024 3993 1095">
    <p class='ocr_par' dir='ltr' id='par_1_35' title="bbox 2418 1024 3993 1095">
     <span class='ocr_line' id='line_1_35' title="bbox 2418 1024 3993 1095; baseline 0.004 -19"><span class='ocrx_word' id='word_1_251' title='bbox 2418 1024 2589 1088; x_wconf 80' lang='grc' dir='ltr'>δόξαι,</span> <span class='ocrx_word' id='word_1_252' title='bbox 2622 1024 2973 1091; x_wconf 78' lang='grc' dir='ltr'><strong>ἀπεφήναντο</strong></span> <span class='ocrx_word' id='word_1_253' title='bbox 3002 1025 3058 1078; x_wconf 83' lang='grc' dir='ltr'>δὲ</span> <span class='ocrx_word' id='word_1_254' title='bbox 3094 1024 3320 1095; x_wconf 73' lang='grc' dir='ltr'>ὕστερον</span> <span class='ocrx_word' id='word_1_255' title='bbox 3375 1028 3597 1090; x_wconf 80' lang='grc' dir='ltr'>πάντες,</span> <span class='ocrx_word' id='word_1_256' title='bbox 3651 1028 3726 1091; x_wconf 86' lang='grc' dir='ltr'>ὡς</span> <span class='ocrx_word' id='word_1_257' title='bbox 3762 1028 3993 1082; x_wconf 82' lang='grc' dir='ltr'><strong>σταδίων</strong></span> 
     </span>
    </p>
   </div>
   <div class='ocr_carea' id='block_1_36' title="bbox 2421 1115 3994 1190">
    <p class='ocr_par' dir='ltr' id='par_1_36' title="bbox 2421 1115 3994 1190">
     <span class='ocr_line' id='line_1_36' title="bbox 2421 1115 3994 1190; baseline 0.003 -23"><span class='ocrx_word' id='word_1_258' title='bbox 2421 1115 2696 1185; x_wconf 85' lang='grc' dir='ltr'><strong>μυριάδων</strong></span> <span class='ocrx_word' id='word_1_259' title='bbox 2729 1116 2879 1169; x_wconf 77' lang='grc' dir='ltr'>ἐστὶν</span> <span class='ocrx_word' id='word_1_260' title='bbox 2910 1117 3083 1169; x_wconf 86' lang='grc' dir='ltr'>είκοσι</span> <span class='ocrx_word' id='word_1_261' title='bbox 3111 1116 3207 1169; x_wconf 75' lang='grc' dir='ltr'>καὶ</span> <span class='ocrx_word' id='word_1_262' title='bbox 3246 1118 3407 1172; x_wconf 82' lang='grc' dir='ltr'>πέντε</span> <span class='ocrx_word' id='word_1_263' title='bbox 3444 1121 3475 1189; x_wconf 72' lang='grc' dir='ltr'>ἡ</span> <span class='ocrx_word' id='word_1_264' title='bbox 3509 1119 3605 1187; x_wconf 82' lang='grc' dir='ltr'>ὅλη</span> <span class='ocrx_word' id='word_1_265' title='bbox 3661 1122 3994 1190; x_wconf 79' lang='grc' dir='ltr'><strong>περίμετρος</strong></span> 
     </span>
    </p>
   </div>
   <div class='ocr_carea' id='block_1_37' title="bbox 2416 1205 3994 1278">
    <p class='ocr_par' dir='ltr' id='par_1_37' title="bbox 2416 1205 3994 1278">
     <span class='ocr_line' id='line_1_37' title="bbox 2416 1205 3994 1278; baseline 0.003 -20"><span class='ocrx_word' id='word_1_266' title='bbox 2416 1205 2607 1274; x_wconf 80' lang='grc' dir='ltr'>αὐτῆς,</span> <span class='ocrx_word' id='word_1_267' title='bbox 2627 1205 3012 1272; x_wconf 81' lang='grc' dir='ltr'>ἀποδείξαντες</span> <span class='ocrx_word' id='word_1_268' title='bbox 3038 1207 3093 1260; x_wconf 78' lang='grc' dir='ltr'>δὲ</span> <span class='ocrx_word' id='word_1_269' title='bbox 3123 1208 3183 1259; x_wconf 80' lang='grc' dir='ltr'>τὸ</span> <span class='ocrx_word' id='word_1_270' title='bbox 3214 1208 3450 1261; x_wconf 89' lang='grc' dir='ltr'>τοιοῦτον</span> <span class='ocrx_word' id='word_1_271' title='bbox 3473 1208 3561 1262; x_wconf 87' lang='grc' dir='ltr'><strong>διὰ</strong></span> <span class='ocrx_word' id='word_1_272' title='bbox 3580 1209 3822 1278; x_wconf 78' lang='grc' dir='ltr'><strong>μεθόδων</strong></span> <span class='ocrx_word' id='word_1_273' title='bbox 3852 1226 3994 1276; x_wconf 86' lang='grc' dir='ltr'>γεω-</span> 
     </span>
    </p>
   </div>
   <div class='ocr_carea' id='block_1_38' title="bbox 2420 1292 3992 1373">
    <p class='ocr_par' dir='ltr' id='par_1_38' title="bbox 2420 1292 3992 1373">
     <span class='ocr_line' id='line_1_38' title="bbox 2420 1292 3992 1373; baseline 0.004 -25"><span class='ocrx_word' id='word_1_274' title='bbox 2420 1297 2716 1365; x_wconf 84' lang='grc' dir='ltr'>μετρικῶν.</span> <span class='ocrx_word' id='word_1_275' title='bbox 2747 1299 2903 1361; x_wconf 78' lang='grc' dir='ltr'>Τινὲς</span> <span class='ocrx_word' id='word_1_276' title='bbox 2936 1299 2993 1352; x_wconf 87' lang='grc' dir='ltr'>δὲ</span> <span class='ocrx_word' id='word_1_277' title='bbox 3024 1292 3277 1353; x_wconf 89' lang='grc' dir='ltr'>τοσοῦτον</span> <span class='ocrx_word' id='word_1_278' title='bbox 3304 1301 3681 1372; x_wconf 79' lang='grc' dir='ltr'><strong>μετρήσαντες</strong></span> <span class='ocrx_word' id='word_1_279' title='bbox 3716 1302 3992 1373; x_wconf 85' lang='grc' dir='ltr'>διάστημα</span> 
     </span>
    </p>
   </div>
   <div class='ocr_carea' id='block_1_39' title="bbox 2412 1387 3993 1463">
    <p class='ocr_par' dir='ltr' id='par_1_39' title="bbox 2412 1387 3993 1463">
     <span class='ocr_line' id='line_1_39' title="bbox 2412 1387 3993 1463; baseline 0.003 -22"><span class='ocrx_word' id='word_1_280' title='bbox 2412 1390 2470 1441; x_wconf 87' lang='grc' dir='ltr'><strong>ἐν</strong></span> <span class='ocrx_word' id='word_1_281' title='bbox 2491 1389 2555 1458; x_wconf 82' lang='grc' dir='ltr'><strong>τῇ</strong></span> <span class='ocrx_word' id='word_1_282' title='bbox 2586 1390 2681 1458; x_wconf 82' lang='grc' dir='ltr'>γῇ,</span> <span class='ocrx_word' id='word_1_283' title='bbox 2722 1387 2862 1441; x_wconf 84' lang='grc' dir='ltr'>ὥστε</span> <span class='ocrx_word' id='word_1_284' title='bbox 2890 1391 3366 1460; x_wconf 71' lang='grc' dir='ltr'>παραλλάττεσθαι</span> <span class='ocrx_word' id='word_1_285' title='bbox 3406 1394 3533 1461; x_wconf 83' lang='grc' dir='ltr'>μίαν</span> <span class='ocrx_word' id='word_1_286' title='bbox 3575 1396 3770 1463; x_wconf 77' lang='grc' dir='ltr'>μοῖραν</span> <span class='ocrx_word' id='word_1_287' title='bbox 3804 1396 3860 1445; x_wconf 87' lang='grc' dir='ltr'>ἐν</span> <span class='ocrx_word' id='word_1_288' title='bbox 3914 1393 3993 1462; x_wconf 84' lang='grc' dir='ltr'><strong>τῷ</strong></span> 
     </span>
    </p>
   </div>
   <div class='ocr_carea' id='block_1_40' title="bbox 2412 1482 3989 1556">
    <p class='ocr_par' dir='ltr' id='par_1_40' title="bbox 2412 1482 3989 1556">
     <span class='ocr_line' id='line_1_40' title="bbox 2412 1482 3989 1556; baseline 0.004 -23"><span class='ocrx_word' id='word_1_289' title='bbox 2412 1482 2646 1552; x_wconf 74' lang='grc' dir='ltr'>οὐρανῷ,</span> <span class='ocrx_word' id='word_1_290' title='bbox 2684 1484 2772 1535; x_wconf 77' lang='grc' dir='ltr'><strong>καί</strong></span> <span class='ocrx_word' id='word_1_291' title='bbox 2799 1483 2957 1537; x_wconf 87' lang='grc' dir='ltr'>τοῦτο</span> <span class='ocrx_word' id='word_1_292' title='bbox 2987 1484 3080 1536; x_wconf 69' lang='grc' dir='ltr'>ἐπὶ</span> <span class='ocrx_word' id='word_1_293' title='bbox 3110 1483 3209 1547; x_wconf 80' lang='grc' dir='ltr'>τξ’,</span> <span class='ocrx_word' id='word_1_294' title='bbox 3242 1486 3360 1554; x_wconf 77' lang='grc' dir='ltr'>ἦτοι</span> <span class='ocrx_word' id='word_1_295' title='bbox 3395 1486 3496 1553; x_wconf 80' lang='grc' dir='ltr'>τὴν</span> <span class='ocrx_word' id='word_1_296' title='bbox 3524 1485 3633 1539; x_wconf 82' lang='grc' dir='ltr'><strong>τῶν</strong></span> <span class='ocrx_word' id='word_1_297' title='bbox 3665 1486 3873 1556; x_wconf 82' lang='grc' dir='ltr'>μοιρῶν</span> <span class='ocrx_word' id='word_1_298' title='bbox 3895 1486 3989 1539; x_wconf 87' lang='grc' dir='ltr'><strong>τοῦ</strong></span> 
     </span>
    </p>
   </div>
   <div class='ocr_carea' id='block_1_41' title="bbox 2410 1574 3991 1650">
    <p class='ocr_par' dir='ltr' id='par_1_41' title="bbox 2410 1574 3991 1650">
     <span class='ocr_line' id='line_1_41' title="bbox 2410 1574 3991 1650; baseline 0.001 -24"><span class='ocrx_word' id='word_1_299' title='bbox 2410 1574 2639 1643; x_wconf 77' lang='grc' dir='ltr'>ούρανοῦ</span> <span class='ocrx_word' id='word_1_300' title='bbox 2697 1577 2972 1645; x_wconf 79' lang='grc' dir='ltr'>ποσότητα</span> <span class='ocrx_word' id='word_1_301' title='bbox 3014 1576 3594 1641; x_wconf 86' lang='grc' dir='ltr'>πολυπλασιάσαντες,</span> <span class='ocrx_word' id='word_1_302' title='bbox 3671 1574 3829 1650; x_wconf 70' lang='grc' dir='ltr'>εὗρον</span> <span class='ocrx_word' id='word_1_303' title='bbox 3891 1578 3991 1647; x_wconf 77' lang='grc' dir='ltr'>τὴν</span> 
     </span>
    </p>
   </div>
   <div class='ocr_carea' id='block_1_42' title="bbox 2412 1669 3992 1742">
    <p class='ocr_par' dir='ltr' id='par_1_42' title="bbox 2412 1669 3992 1742">
     <span class='ocr_line' id='line_1_42' title="bbox 2412 1669 3992 1742; baseline 0.004 -22"><span class='ocrx_word' id='word_1_304' title='bbox 2412 1669 2746 1741; x_wconf 78' lang='grc' dir='ltr'>περίμετρον</span> <span class='ocrx_word' id='word_1_305' title='bbox 2776 1670 2878 1738; x_wconf 77' lang='grc' dir='ltr'>τῆς</span> <span class='ocrx_word' id='word_1_306' title='bbox 2912 1671 3014 1740; x_wconf 80' lang='grc' dir='ltr'>γῆς</span> <span class='ocrx_word' id='word_1_307' title='bbox 3044 1670 3337 1740; x_wconf 83' lang='grc' dir='ltr'>τοσαύτην,</span> <span class='ocrx_word' id='word_1_308' title='bbox 3387 1672 3462 1734; x_wconf 84' lang='grc' dir='ltr'>ὡς</span> <span class='ocrx_word' id='word_1_309' title='bbox 3519 1672 3769 1742; x_wconf 78' lang='grc' dir='ltr'>εἴπομεν.</span> <span class='ocrx_word' id='word_1_310' title='bbox 3818 1674 3883 1727; x_wconf 84' lang='grc' dir='ltr'><strong>Ἦ</strong></span> <span class='ocrx_word' id='word_1_311' title='bbox 3934 1674 3992 1727; x_wconf 77' lang='grc' dir='ltr'>δὲ</span> 
     </span>
    </p>
   </div>
   <div class='ocr_carea' id='block_1_43' title="bbox 2412 1759 3991 1835">
    <p class='ocr_par' dir='ltr' id='par_1_43' title="bbox 2412 1759 3991 1835">
     <span class='ocr_line' id='line_1_43' title="bbox 2412 1759 3991 1835; baseline 0.006 -23"><span class='ocrx_word' id='word_1_312' title='bbox 2412 1759 2658 1829; x_wconf 83' lang='grc' dir='ltr'>ἡμετέρα</span> <span class='ocrx_word' id='word_1_313' title='bbox 2680 1762 2896 1828; x_wconf 76' lang='grc' dir='ltr'>οἴκησις</span> <span class='ocrx_word' id='word_1_314' title='bbox 2923 1763 3072 1815; x_wconf 70' lang='grc' dir='ltr'>ἐστὶν</span> <span class='ocrx_word' id='word_1_315' title='bbox 3095 1767 3152 1815; x_wconf 83' lang='grc' dir='ltr'>ἐν</span> <span class='ocrx_word' id='word_1_316' title='bbox 3181 1765 3260 1834; x_wconf 82' lang='grc' dir='ltr'><strong>τῷ</strong></span> <span class='ocrx_word' id='word_1_317' title='bbox 3302 1764 3497 1835; x_wconf 81' lang='grc' dir='ltr'>βορείῳ</span> <span class='ocrx_word' id='word_1_318' title='bbox 3538 1767 3715 1835; x_wconf 83' lang='grc' dir='ltr'>μέρει,</span> <span class='ocrx_word' id='word_1_319' title='bbox 3749 1767 3842 1820; x_wconf 71' lang='grc' dir='ltr'>καὶ</span> <span class='ocrx_word' id='word_1_320' title='bbox 3902 1767 3991 1821; x_wconf 48' lang='lat' dir='ltr'><strong>ﬁni</strong></span> 
     </span>
    </p>
   </div>
   <div class='ocr_carea' id='block_1_44' title="bbox 2411 1852 3988 1927">
    <p class='ocr_par' dir='ltr' id='par_1_44' title="bbox 2411 1852 3988 1927">
     <span class='ocr_line' id='line_1_44' title="bbox 2411 1852 3988 1927; baseline 0.003 -22"><span class='ocrx_word' id='word_1_321' title='bbox 2411 1852 2572 1906; x_wconf 89' lang='grc' dir='ltr'>τοῦτο</span> <span class='ocrx_word' id='word_1_322' title='bbox 2607 1854 2634 1905; x_wconf 87' lang='grc' dir='ltr'>ὁ</span> <span class='ocrx_word' id='word_1_323' title='bbox 2677 1854 2776 1922; x_wconf 87' lang='grc' dir='ltr'>μὲν</span> <span class='ocrx_word' id='word_1_324' title='bbox 2811 1854 3021 1924; x_wconf 84' lang='grc' dir='ltr'>βόρειος</span> <span class='ocrx_word' id='word_1_325' title='bbox 3055 1855 3216 1920; x_wconf 87' lang='grc' dir='ltr'>πόλος</span> <span class='ocrx_word' id='word_1_326' title='bbox 3245 1858 3394 1909; x_wconf 75' lang='grc' dir='ltr'>ἐστὶν</span> <span class='ocrx_word' id='word_1_327' title='bbox 3436 1858 3701 1927; x_wconf 75' lang='grc' dir='ltr'>ἀειφανής</span> <span class='ocrx_word' id='word_1_328' title='bbox 3727 1875 3740 1889; x_wconf 91' lang='grc'><strong>·</strong></span> <span class='ocrx_word' id='word_1_329' title='bbox 3804 1858 3902 1912; x_wconf 76' lang='grc' dir='ltr'>καὶ</span> <span class='ocrx_word' id='word_1_330' title='bbox 3956 1860 3988 1927; x_wconf 82' lang='grc' dir='ltr'><strong>ἡ</strong></span> 
     </span>
    </p>
   </div>
   <div class='ocr_carea' id='block_1_45' title="bbox 2413 1946 3989 2021">
    <p class='ocr_par' dir='ltr' id='par_1_45' title="bbox 2413 1946 3989 2021">
     <span class='ocr_line' id='line_1_45' title="bbox 2413 1946 3989 2021; baseline 0.005 -25"><span class='ocrx_word' id='word_1_331' title='bbox 2413 1946 2734 2017; x_wconf 77' lang='grc' dir='ltr'>ἐγνωσμένη</span> <span class='ocrx_word' id='word_1_332' title='bbox 2761 1946 2974 2015; x_wconf 72' lang='grc' dir='ltr'>οἴκησις</span> <span class='ocrx_word' id='word_1_333' title='bbox 3012 1948 3069 2001; x_wconf 88' lang='grc' dir='ltr'><strong>ἐν</strong></span> <span class='ocrx_word' id='word_1_334' title='bbox 3092 1952 3157 2017; x_wconf 82' lang='grc' dir='ltr'>τῇ</span> <span class='ocrx_word' id='word_1_335' title='bbox 3189 1952 3259 2017; x_wconf 81' lang='grc' dir='ltr'>γῇ</span> <span class='ocrx_word' id='word_1_336' title='bbox 3292 1950 3433 2003; x_wconf 74' lang='grc' dir='ltr'>κατὰ</span> <span class='ocrx_word' id='word_1_337' title='bbox 3459 1968 3559 2020; x_wconf 88' lang='grc' dir='ltr'><strong>την</strong></span> <span class='ocrx_word' id='word_1_338' title='bbox 3594 1951 3860 2021; x_wconf 80' lang='grc' dir='ltr'>ἀνατολὴν</span> <span class='ocrx_word' id='word_1_339' title='bbox 3889 1953 3989 2021; x_wconf 89' lang='grc' dir='ltr'><strong>μέν</strong></span> 
     </span>
    </p>
   </div>
   <div class='ocr_carea' id='block_1_46' title="bbox 2409 2037 3984 2113">
    <p class='ocr_par' dir='ltr' id='par_1_46' title="bbox 2409 2037 3984 2113">
     <span class='ocr_line' id='line_1_46' title="bbox 2409 2037 3984 2113; baseline 0.005 -24"><span class='ocrx_word' id='word_1_340' title='bbox 2409 2037 2633 2106; x_wconf 78' lang='grc' dir='ltr'>τελευτᾷ</span> <span class='ocrx_word' id='word_1_341' title='bbox 2657 2039 2715 2090; x_wconf 88' lang='grc' dir='ltr'><strong>ὲν</strong></span> <span class='ocrx_word' id='word_1_342' title='bbox 2747 2039 2899 2093; x_wconf 84' lang='grc' dir='ltr'>πόλει</span> <span class='ocrx_word' id='word_1_343' title='bbox 2936 2040 3043 2093; x_wconf 72' lang='grc' dir='ltr'>τινὶ</span> <span class='ocrx_word' id='word_1_344' title='bbox 3097 2041 3209 2094; x_wconf 84' lang='grc' dir='ltr'>τῶν</span> <span class='ocrx_word' id='word_1_345' title='bbox 3260 2042 3430 2096; x_wconf 86' lang='grc' dir='ltr'>Σίνων</span> <span class='ocrx_word' id='word_1_346' title='bbox 3489 2043 3756 2113; x_wconf 81' lang='grc' dir='ltr'>λεγομένῃ</span> <span class='ocrx_word' id='word_1_347' title='bbox 3815 2045 3984 2113; x_wconf 70' lang='grc' dir='ltr'>Σήρα.</span> 
     </span>
    </p>
   </div>
   <div class='ocr_carea' id='block_1_47' title="bbox 2412 2128 3989 2205">
    <p class='ocr_par' dir='ltr' id='par_1_47' title="bbox 2412 2128 3989 2205">
     <span class='ocr_line' id='line_1_47' title="bbox 2412 2128 3989 2205; baseline 0.005 -25"><span class='ocrx_word' id='word_1_348' title='bbox 2412 2128 2483 2181; x_wconf 69' lang='grc' dir='ltr'><strong>Τὸ</strong></span> <span class='ocrx_word' id='word_1_349' title='bbox 2509 2130 2639 2196; x_wconf 89' lang='grc' dir='ltr'>γοῦν</span> <span class='ocrx_word' id='word_1_350' title='bbox 2679 2130 2935 2185; x_wconf 77' lang='grc' dir='ltr'>ἐπέκεινα</span> <span class='ocrx_word' id='word_1_351' title='bbox 2963 2134 3186 2201; x_wconf 86' lang='grc' dir='ltr'>ταύτης,</span> <span class='ocrx_word' id='word_1_352' title='bbox 3231 2134 3305 2197; x_wconf 83' lang='grc' dir='ltr'><strong>ὡς</strong></span> <span class='ocrx_word' id='word_1_353' title='bbox 3356 2136 3677 2205; x_wconf 73' lang='grc' dir='ltr'>ἱστοροῦσιν,</span> <span class='ocrx_word' id='word_1_354' title='bbox 3744 2135 3989 2204; x_wconf 80' lang='grc' dir='ltr'>τέλματὰ</span> 
     </span>
    </p>
   </div>
   <div class='ocr_carea' id='block_1_48' title="bbox 2411 2223 3987 2297">
    <p class='ocr_par' dir='ltr' id='par_1_48' title="bbox 2411 2223 3987 2297">
     <span class='ocr_line' id='line_1_48' title="bbox 2411 2223 3987 2297; baseline 0.005 -24"><span class='ocrx_word' id='word_1_355' title='bbox 2411 2224 2517 2273; x_wconf 83' lang='grc' dir='ltr'>εἱσι</span> <span class='ocrx_word' id='word_1_356' title='bbox 2557 2223 2652 2274; x_wconf 79' lang='grc' dir='ltr'>καὶ</span> <span class='ocrx_word' id='word_1_357' title='bbox 2679 2223 2937 2293; x_wconf 81' lang='grc' dir='ltr'>κάλαμοι,</span> <span class='ocrx_word' id='word_1_358' title='bbox 2962 2225 3057 2279; x_wconf 73' lang='grc' dir='ltr'><strong>καί</strong></span> <span class='ocrx_word' id='word_1_359' title='bbox 3085 2226 3255 2288; x_wconf 84' lang='grc' dir='ltr'>δίοδος</span> <span class='ocrx_word' id='word_1_360' title='bbox 3281 2228 3377 2279; x_wconf 79' lang='grc' dir='ltr'><strong>ἀπ’</strong></span> <span class='ocrx_word' id='word_1_361' title='bbox 3422 2229 3593 2297; x_wconf 72' lang='grc' dir='ltr'>αὐτῆς</span> <span class='ocrx_word' id='word_1_362' title='bbox 3658 2228 3987 2281; x_wconf 76' lang='grc' dir='ltr'>ἁνατολικω-</span> 
     </span>
    </p>
   </div>
   <div class='ocr_carea' id='block_1_49' title="bbox 2408 2313 3989 2388">
    <p class='ocr_par' dir='ltr' id='par_1_49' title="bbox 2408 2313 3989 2388">
     <span class='ocr_line' id='line_1_49' title="bbox 2408 2313 3989 2388; baseline 0.006 -24"><span class='ocrx_word' id='word_1_363' title='bbox 2408 2313 2543 2381; x_wconf 81' lang='grc' dir='ltr'>τέρα</span> <span class='ocrx_word' id='word_1_364' title='bbox 2576 2316 2676 2367; x_wconf 76' lang='grc' dir='ltr'>οὐκ</span> <span class='ocrx_word' id='word_1_365' title='bbox 2710 2316 2880 2381; x_wconf 78' lang='grc' dir='ltr'>ἐστιν,</span> <span class='ocrx_word' id='word_1_366' title='bbox 2917 2319 2966 2370; x_wconf 87' lang='grc' dir='ltr'><strong>οἰ</strong></span> <span class='ocrx_word' id='word_1_367' title='bbox 2993 2320 3049 2372; x_wconf 77' lang='grc' dir='ltr'>δὲ</span> <span class='ocrx_word' id='word_1_368' title='bbox 3080 2320 3223 2372; x_wconf 87' lang='grc' dir='ltr'>Σῖνοι</span> <span class='ocrx_word' id='word_1_369' title='bbox 3268 2313 3417 2373; x_wconf 77' lang='grc' dir='ltr'>οὗτοι</span> <span class='ocrx_word' id='word_1_370' title='bbox 3449 2319 3517 2372; x_wconf 82' lang='grc' dir='ltr'>τὰ</span> <span class='ocrx_word' id='word_1_371' title='bbox 3544 2321 3989 2388; x_wconf 78' lang='grc' dir='ltr'>ἀνατολικώτερα</span> 
     </span>
    </p>
   </div>
   <div class='ocr_carea' id='block_1_50' title="bbox 2413 2406 3989 2481">
    <p class='ocr_par' dir='ltr' id='par_1_50' title="bbox 2413 2406 3989 2481">
     <span class='ocr_line' id='line_1_50' title="bbox 2413 2406 3989 2481; baseline 0.004 -24"><span class='ocrx_word' id='word_1_372' title='bbox 2413 2408 2556 2475; x_wconf 88' lang='grc' dir='ltr'>μέρη</span> <span class='ocrx_word' id='word_1_373' title='bbox 2589 2406 2686 2459; x_wconf 92' lang='grc' dir='ltr'><strong>τοῦ</strong></span> <span class='ocrx_word' id='word_1_374' title='bbox 2722 2407 2929 2477; x_wconf 70' lang='grc' dir='ltr'>κόσμου</span> <span class='ocrx_word' id='word_1_375' title='bbox 2958 2410 3201 2464; x_wconf 75' lang='grc' dir='ltr'>οἰκοῦσιν</span> <span class='ocrx_word' id='word_1_376' title='bbox 3234 2428 3247 2442; x_wconf 76' lang='grc' dir='ltr'><strong>ο</strong></span> <span class='ocrx_word' id='word_1_377' title='bbox 3285 2412 3393 2464; x_wconf 73' lang='grc' dir='ltr'>εἰσὶ</span> <span class='ocrx_word' id='word_1_378' title='bbox 3431 2411 3487 2464; x_wconf 77' lang='grc' dir='ltr'>δὲ</span> <span class='ocrx_word' id='word_1_379' title='bbox 3525 2413 3726 2474; x_wconf 84' lang='grc' dir='ltr'>πάντες</span> <span class='ocrx_word' id='word_1_380' title='bbox 3788 2412 3989 2481; x_wconf 79' lang='grc' dir='ltr'>Ἐλλη-</span> 
     </span>
    </p>
   </div>
   <div class='ocr_carea' id='block_1_51' title="bbox 2410 2498 3988 2574">
    <p class='ocr_par' dir='ltr' id='par_1_51' title="bbox 2410 2498 3988 2574">
     <span class='ocr_line' id='line_1_51' title="bbox 2410 2498 3988 2574; baseline 0.004 -25"><span class='ocrx_word' id='word_1_381' title='bbox 2410 2516 2498 2561; x_wconf 87' lang='grc' dir='ltr'><strong>νες</strong></span> <span class='ocrx_word' id='word_1_382' title='bbox 2525 2498 2585 2552; x_wconf 76' lang='grc' dir='ltr'>τὸ</span> <span class='ocrx_word' id='word_1_383' title='bbox 2616 2500 2814 2569; x_wconf 80' lang='grc' dir='ltr'>δόγμα,</span> <span class='ocrx_word' id='word_1_384' title='bbox 2853 2500 2990 2571; x_wconf 81' lang='grc' dir='ltr'>πλὴν</span> <span class='ocrx_word' id='word_1_385' title='bbox 3025 2502 3164 2555; x_wconf 79' lang='grc' dir='ltr'>πάνυ</span> <span class='ocrx_word' id='word_1_386' title='bbox 3191 2503 3541 2557; x_wconf 80' lang='grc' dir='ltr'>δικαιότατοι.</span> <span class='ocrx_word' id='word_1_387' title='bbox 3588 2504 3745 2557; x_wconf 72' lang='grc' dir='ltr'>Κατὰ</span> <span class='ocrx_word' id='word_1_388' title='bbox 3774 2504 3832 2557; x_wconf 87' lang='grc' dir='ltr'><strong>δέ</strong></span> <span class='ocrx_word' id='word_1_389' title='bbox 3888 2504 3988 2574; x_wconf 78' lang='grc' dir='ltr'>τὴν</span> 
     </span>
    </p>
   </div>
   <div class='ocr_carea' id='block_1_52' title="bbox 2408 2590 3988 2664">
    <p class='ocr_par' dir='ltr' id='par_1_52' title="bbox 2408 2590 3988 2664">
     <span class='ocr_line' id='line_1_52' title="bbox 2408 2590 3988 2664; baseline 0.004 -22"><span class='ocrx_word' id='word_1_390' title='bbox 2408 2590 2559 2643; x_wconf 80' lang='grc' dir='ltr'>δύσιν</span> <span class='ocrx_word' id='word_1_391' title='bbox 2598 2592 2899 2661; x_wconf 81' lang='grc' dir='ltr'>τελευτᾷή</span> <span class='ocrx_word' id='word_1_392' title='bbox 2963 2593 3176 2661; x_wconf 74' lang='grc' dir='ltr'>οἴκησις</span> <span class='ocrx_word' id='word_1_393' title='bbox 3230 2596 3489 2649; x_wconf 78' lang='grc' dir='ltr'>ἐπέκεινα</span> <span class='ocrx_word' id='word_1_394' title='bbox 3542 2596 3640 2664; x_wconf 85' lang='grc' dir='ltr'>τῆς</span> <span class='ocrx_word' id='word_1_395' title='bbox 3715 2595 3988 2658; x_wconf 79' lang='grc' dir='ltr'>Ἱσπανίας</span> 
     </span>
    </p>
   </div>
   <div class='ocr_carea' id='block_1_53' title="bbox 2408 2683 3983 2755">
    <p class='ocr_par' dir='ltr' id='par_1_53' title="bbox 2408 2683 3983 2755">
     <span class='ocr_line' id='line_1_53' title="bbox 2408 2683 3983 2755; baseline 0.003 -21"><span class='ocrx_word' id='word_1_396' title='bbox 2408 2683 2542 2753; x_wconf 62' lang='grc' dir='ltr'>προς</span> <span class='ocrx_word' id='word_1_397' title='bbox 2571 2683 2647 2751; x_wconf 82' lang='grc' dir='ltr'>τῷ</span> <span class='ocrx_word' id='word_1_398' title='bbox 2676 2684 2878 2751; x_wconf 82' lang='grc' dir='ltr'>δυτικῷ</span> <span class='ocrx_word' id='word_1_399' title='bbox 2907 2684 3156 2753; x_wconf 81' lang='grc' dir='ltr'>ὠκεανῷ,</span> <span class='ocrx_word' id='word_1_400' title='bbox 3224 2688 3302 2749; x_wconf 89' lang='grc' dir='ltr'><strong>εἰς</strong></span> <span class='ocrx_word' id='word_1_401' title='bbox 3352 2687 3411 2738; x_wconf 82' lang='grc' dir='ltr'><strong>ὃν</strong></span> <span class='ocrx_word' id='word_1_402' title='bbox 3461 2686 3722 2755; x_wconf 75' lang='grc' dir='ltr'>ἐμϐάλλει</span> <span class='ocrx_word' id='word_1_403' title='bbox 3750 2686 3887 2755; x_wconf 83' lang='grc' dir='ltr'>αῦτη</span> <span class='ocrx_word' id='word_1_404' title='bbox 3951 2690 3983 2755; x_wconf 82' lang='grc' dir='ltr'>ἡ</span> 
     </span>
    </p>
   </div>
   <div class='ocr_carea' id='block_1_54' title="bbox 2408 2774 3986 2849">
    <p class='ocr_par' dir='ltr' id='par_1_54' title="bbox 2408 2774 3986 2849">
     <span class='ocr_line' id='line_1_54' title="bbox 2408 2774 3986 2849; baseline 0.002 -21"><span class='ocrx_word' id='word_1_405' title='bbox 2408 2774 2530 2828; x_wconf 85' lang='grc' dir='ltr'>καθ’</span> <span class='ocrx_word' id='word_1_406' title='bbox 2562 2777 2708 2845; x_wconf 81' lang='grc' dir='ltr'>ἡμᾶς</span> <span class='ocrx_word' id='word_1_407' title='bbox 2735 2775 2999 2830; x_wconf 85' lang='grc' dir='ltr'>θάλασσα.</span> <span class='ocrx_word' id='word_1_408' title='bbox 3062 2777 3355 2847; x_wconf 83' lang='grc' dir='ltr'>Ἀπέχουσι</span> <span class='ocrx_word' id='word_1_409' title='bbox 3402 2779 3458 2831; x_wconf 86' lang='grc' dir='ltr'>δὲ</span> <span class='ocrx_word' id='word_1_410' title='bbox 3488 2778 3612 2832; x_wconf 83' lang='grc' dir='ltr'>ὅσον</span> <span class='ocrx_word' id='word_1_411' title='bbox 3665 2778 3851 2849; x_wconf 81' lang='grc' dir='ltr'>χιλίων</span> <span class='ocrx_word' id='word_1_412' title='bbox 3895 2796 3986 2847; x_wconf 84' lang='grc' dir='ltr'>μι-</span> 
     </span>
    </p>
   </div>
   <div class='ocr_carea' id='block_1_55' title="bbox 2406 2867 3987 2941">
    <p class='ocr_par' dir='ltr' id='par_1_55' title="bbox 2406 2867 3987 2941">
     <span class='ocr_line' id='line_1_55' title="bbox 2406 2867 3987 2941; baseline 0.002 -21"><span class='ocrx_word' id='word_1_413' title='bbox 2406 2868 2536 2920; x_wconf 86' lang='grc' dir='ltr'>λίων</span> <span class='ocrx_word' id='word_1_414' title='bbox 2562 2867 2833 2937; x_wconf 75' lang='grc' dir='ltr'>διάστημα</span> <span class='ocrx_word' id='word_1_415' title='bbox 2874 2870 2983 2924; x_wconf 74' lang='grc' dir='ltr'><strong>ἀπὸ</strong></span> <span class='ocrx_word' id='word_1_416' title='bbox 3011 2870 3109 2938; x_wconf 81' lang='grc' dir='ltr'>τῆς</span> <span class='ocrx_word' id='word_1_417' title='bbox 3132 2872 3235 2938; x_wconf 77' lang='grc' dir='ltr'><strong>γῆς</strong></span> <span class='ocrx_word' id='word_1_418' title='bbox 3260 2872 3315 2924; x_wconf 79' lang='grc' dir='ltr'><strong>αἱ</strong></span> <span class='ocrx_word' id='word_1_419' title='bbox 3339 2871 3629 2941; x_wconf 81' lang='grc' dir='ltr'>λεγόμεναι</span> <span class='ocrx_word' id='word_1_420' title='bbox 3656 2872 3765 2924; x_wconf 86' lang='grc' dir='ltr'><strong>τῶν</strong></span> <span class='ocrx_word' id='word_1_421' title='bbox 3795 2872 3987 2925; x_wconf 83' lang='grc' dir='ltr'>Μακά-</span> 
     </span>
    </p>
   </div>
   <div class='ocr_carea' id='block_1_56' title="bbox 2413 2959 3983 3031">
    <p class='ocr_par' dir='ltr' id='par_1_56' title="bbox 2413 2959 3983 3031">
     <span class='ocr_line' id='line_1_56' title="bbox 2413 2959 3983 3031; baseline 0.001 -20"><span class='ocrx_word' id='word_1_422' title='bbox 2413 2976 2518 3027; x_wconf 87' lang='grc' dir='ltr'><strong>ρων</strong></span> <span class='ocrx_word' id='word_1_423' title='bbox 2545 2959 2721 3029; x_wconf 84' lang='grc' dir='ltr'>νῆσοι,</span> <span class='ocrx_word' id='word_1_424' title='bbox 2760 2961 2965 3024; x_wconf 82' lang='grc' dir='ltr'>αἵτινες</span> <span class='ocrx_word' id='word_1_425' title='bbox 2990 2963 3121 3031; x_wconf 71' lang='grc' dir='ltr'>πρὶν</span> <span class='ocrx_word' id='word_1_426' title='bbox 3153 2963 3470 3031; x_wconf 76' lang='grc' dir='ltr'>οἰκούμεναι</span> <span class='ocrx_word' id='word_1_427' title='bbox 3504 2959 3661 3017; x_wconf 79' lang='grc' dir='ltr'>οὖσαι</span> <span class='ocrx_word' id='word_1_428' title='bbox 3707 2963 3805 3016; x_wconf 69' lang='grc' dir='ltr'>καὶ</span> <span class='ocrx_word' id='word_1_429' title='bbox 3859 2963 3983 3015; x_wconf 85' lang='grc' dir='ltr'>ἐπί-</span> 
     </span>
    </p>
   </div>
   <div class='ocr_carea' id='block_1_57' title="bbox 2413 3054 3987 3126">
    <p class='ocr_par' dir='ltr' id='par_1_57' title="bbox 2413 3054 3987 3126">
     <span class='ocr_line' id='line_1_57' title="bbox 2413 3054 3987 3126; baseline 0.003 -23"><span class='ocrx_word' id='word_1_430' title='bbox 2413 3054 2598 3119; x_wconf 73' lang='grc' dir='ltr'>φῦονοι</span> <span class='ocrx_word' id='word_1_431' title='bbox 2619 3054 2707 3107; x_wconf 80' lang='grc' dir='ltr'>διά</span> <span class='ocrx_word' id='word_1_432' title='bbox 2729 3072 2790 3106; x_wconf 90' lang='grc' dir='ltr'><strong>τε</strong></span> <span class='ocrx_word' id='word_1_433' title='bbox 2813 3055 2910 3124; x_wconf 83' lang='grc' dir='ltr'>τὴν</span> <span class='ocrx_word' id='word_1_434' title='bbox 2941 3056 3242 3126; x_wconf 77' lang='grc' dir='ltr'>εὐκρασίαν</span> <span class='ocrx_word' id='word_1_435' title='bbox 3263 3056 3359 3109; x_wconf 87' lang='grc' dir='ltr'><strong>τοῦ</strong></span> <span class='ocrx_word' id='word_1_436' title='bbox 3386 3056 3549 3125; x_wconf 77' lang='grc' dir='ltr'>ἀέρος</span> <span class='ocrx_word' id='word_1_437' title='bbox 3584 3056 3679 3110; x_wconf 67' lang='grc' dir='ltr'>καὶ</span> <span class='ocrx_word' id='word_1_438' title='bbox 3711 3056 3808 3126; x_wconf 80' lang='grc' dir='ltr'>τὴν</span> <span class='ocrx_word' id='word_1_439' title='bbox 3853 3055 3987 3107; x_wconf 85' lang='grc' dir='ltr'>πολ-</span> 
     </span>
    </p>
   </div>
   <div class='ocr_carea' id='block_1_58' title="bbox 711 3144 2467 3220">
    <p class='ocr_par' dir='ltr' id='par_1_58' title="bbox 711 3144 2466 3220">
     <span class='ocr_line' id='line_1_58' title="bbox 711 3144 2466 3220; baseline 0.006 -21"><span class='ocrx_word' id='word_1_440' title='bbox 711 3146 1029 3202; x_wconf 81' lang='lat' dir='ltr'><strong>habitabilis</strong></span> <span class='ocrx_word' id='word_1_441' title='bbox 1064 3156 1205 3202; x_wconf 88' lang='lat' dir='ltr'><strong>terra</strong></span> <span class='ocrx_word' id='word_1_442' title='bbox 1245 3149 1417 3205; x_wconf 84' lang='lat' dir='ltr'><strong>Thule</strong></span> <span class='ocrx_word' id='word_1_443' title='bbox 1468 3150 1645 3205; x_wconf 87' lang='lat' dir='ltr'><strong>insula</strong></span> <span class='ocrx_word' id='word_1_444' title='bbox 1690 3150 1920 3218; x_wconf 80' lang='lat' dir='ltr'><strong>finitur;</strong></span> <span class='ocrx_word' id='word_1_445' title='bbox 1970 3168 2089 3220; x_wconf 79' lang='lat' dir='ltr'><strong>qua:</strong></span> <span class='ocrx_word' id='word_1_446' title='bbox 2138 3152 2282 3206; x_wconf 93' lang='lat' dir='ltr'><strong>enim</strong></span> <span class='ocrx_word' id='word_1_447' title='bbox 2316 3164 2356 3217; x_wconf 84' lang='lat' dir='ltr'>c</span> <span class='ocrx_word' id='word_1_448' title='bbox 2402 3144 2466 3210; x_wconf 77' lang='grc' dir='ltr'>λὴ</span> 
     </span>
    </p>
   </div>
   <div class='ocr_carea' id='block_1_59' title="bbox 2228 3144 3984 3220">
    <p class='ocr_par' dir='ltr' id='par_1_59' title="bbox 2234 3144 3984 3217">
     <span class='ocr_line' id='line_1_59' title="bbox 2234 3144 3984 3217; baseline 0.001 -21"><span class='ocrx_word' id='word_1_449' title='bbox 2234 3166 2282 3204; x_wconf 90' lang='lat' dir='ltr'><strong>m</strong></span> <span class='ocrx_word' id='word_1_450' title='bbox 2316 3164 2356 3217; x_wconf 70' lang='grc' dir='ltr'><strong>ρ</strong></span> <span class='ocrx_word' id='word_1_451' title='bbox 2402 3144 2498 3210; x_wconf 83' lang='grc' dir='ltr'>λὴν</span> <span class='ocrx_word' id='word_1_452' title='bbox 2531 3145 2814 3215; x_wconf 73' lang='grc' dir='ltr'>εὐφορίαν,</span> <span class='ocrx_word' id='word_1_453' title='bbox 2844 3144 2938 3198; x_wconf 87' lang='grc' dir='ltr'><strong>νῦν</strong></span> <span class='ocrx_word' id='word_1_454' title='bbox 2986 3147 3233 3217; x_wconf 86' lang='grc' dir='ltr'>ἀοίκητοί</span> <span class='ocrx_word' id='word_1_455' title='bbox 3276 3149 3407 3201; x_wconf 87' lang='grc' dir='ltr'>εἰσι.</span> <span class='ocrx_word' id='word_1_456' title='bbox 3447 3148 3605 3201; x_wconf 75' lang='grc' dir='ltr'>Κατὰ</span> <span class='ocrx_word' id='word_1_457' title='bbox 3657 3148 3715 3200; x_wconf 84' lang='grc' dir='ltr'>δὲ</span> <span class='ocrx_word' id='word_1_458' title='bbox 3777 3146 3837 3199; x_wconf 79' lang='grc' dir='ltr'>τὸ</span> <span class='ocrx_word' id='word_1_459' title='bbox 3882 3147 3984 3215; x_wconf 80' lang='grc' dir='ltr'>ἀρ-</span> 
     </span>
    </p>
   </div>
   <div class='ocr_carea' id='block_1_60' title="bbox 714 3239 2290 3299">
    <p class='ocr_par' dir='ltr' id='par_1_60' title="bbox 714 3239 2290 3299">
     <span class='ocr_line' id='line_1_60' title="bbox 714 3239 2290 3299; baseline 0.006 -11"><span class='ocrx_word' id='word_1_460' title='bbox 714 3239 972 3293; x_wconf 90' lang='lat' dir='ltr'><strong>nlteriora</strong></span> <span class='ocrx_word' id='word_1_461' title='bbox 995 3248 1124 3294; x_wconf 86' lang='lat' dir='ltr'><strong>sunt</strong></span> <span class='ocrx_word' id='word_1_462' title='bbox 1157 3239 1227 3293; x_wconf 92' lang='lat' dir='ltr'><strong>ob</strong></span> <span class='ocrx_word' id='word_1_463' title='bbox 1258 3251 1447 3296; x_wconf 86' lang='lat' dir='ltr'><strong>ventos</strong></span> <span class='ocrx_word' id='word_1_464' title='bbox 1476 3258 1586 3297; x_wconf 87' lang='lat' dir='ltr'><strong>non</strong></span> <span class='ocrx_word' id='word_1_465' title='bbox 1626 3243 1961 3299; x_wconf 84' lang='lat' dir='ltr'><strong>habitantur.</strong></span> <span class='ocrx_word' id='word_1_466' title='bbox 1995 3244 2075 3297; x_wconf 84' lang='lat' dir='ltr'><strong>Ad</strong></span> <span class='ocrx_word' id='word_1_467' title='bbox 2125 3243 2290 3297; x_wconf 87' lang='lat' dir='ltr'><strong>meri-</strong></span> 
     </span>
    </p>
   </div>
   <div class='ocr_carea' id='block_1_61' title="bbox 710 3333 2295 3407">
    <p class='ocr_par' dir='ltr' id='par_1_61' title="bbox 710 3333 2295 3407">
     <span class='ocr_line' id='line_1_61' title="bbox 710 3333 2295 3407; baseline 0.002 -21"><span class='ocrx_word' id='word_1_468' title='bbox 710 3333 855 3387; x_wconf 86' lang='lat' dir='ltr'><strong>diem</strong></span> <span class='ocrx_word' id='word_1_469' title='bbox 904 3343 1083 3387; x_wconf 88' lang='lat' dir='ltr'><strong>autem</strong></span> <span class='ocrx_word' id='word_1_470' title='bbox 1131 3334 1379 3388; x_wconf 88' lang='lat' dir='ltr'><strong>incolunt</strong></span> <span class='ocrx_word' id='word_1_471' title='bbox 1424 3335 1672 3391; x_wconf 84' lang='lat' dir='ltr'><strong>homines</strong></span> <span class='ocrx_word' id='word_1_472' title='bbox 1720 3352 1895 3407; x_wconf 88' lang='lat' dir='ltr'><strong>usque</strong></span> <span class='ocrx_word' id='word_1_473' title='bbox 1932 3337 1999 3390; x_wconf 89' lang='lat' dir='ltr'><strong>ad</strong></span> <span class='ocrx_word' id='word_1_474' title='bbox 2048 3336 2295 3405; x_wconf 73' lang='lat' dir='ltr'><strong>aequino-</strong></span> 
     </span>
    </p>
   </div>
   <div class='ocr_carea' id='block_1_62' title="bbox 716 3420 2297 3500">
    <p class='ocr_par' dir='ltr' id='par_1_62' title="bbox 716 3420 2297 3500">
     <span class='ocr_line' id='line_1_62' title="bbox 716 3420 2297 3500; baseline 0.007 -27"><span class='ocrx_word' id='word_1_475' title='bbox 716 3420 942 3480; x_wconf 73' lang='lat' dir='ltr'><strong>mialem</strong></span> <span class='ocrx_word' id='word_1_476' title='bbox 1023 3420 1350 3492; x_wconf 60' lang='lat' dir='ltr'><strong>euentum;</strong></span> <span class='ocrx_word' id='word_1_477' title='bbox 1389 3423 1486 3481; x_wconf 75' lang='lat' dir='ltr'><strong>sed</strong></span> <span class='ocrx_word' id='word_1_478' title='bbox 1536 3424 1766 3497; x_wconf 76' lang='lat' dir='ltr'><strong>hujusce</strong></span> <span class='ocrx_word' id='word_1_479' title='bbox 1818 3427 2057 3500; x_wconf 77' lang='lat' dir='ltr'><strong>regionis</strong></span> <span class='ocrx_word' id='word_1_480' title='bbox 2102 3426 2297 3484; x_wconf 73' lang='lat' dir='ltr'><strong>incolae</strong></span> 
     </span>
    </p>
   </div>
   <div class='ocr_carea' id='block_1_63' title="bbox 712 3516 2294 3592">
    <p class='ocr_par' dir='ltr' id='par_1_63' title="bbox 712 3516 2294 3592">
     <span class='ocr_line' id='line_1_63' title="bbox 712 3516 2294 3592; baseline 0.006 -23"><span class='ocrx_word' id='word_1_481' title='bbox 712 3524 844 3571; x_wconf 90' lang='lat' dir='ltr'><strong>sunt</strong></span> <span class='ocrx_word' id='word_1_482' title='bbox 872 3516 1115 3571; x_wconf 74' lang='lat' dir='ltr'><strong>barbara:</strong></span> <span class='ocrx_word' id='word_1_483' title='bbox 1143 3527 1351 3587; x_wconf 81' lang='lat' dir='ltr'><strong>gentes,</strong></span> <span class='ocrx_word' id='word_1_484' title='bbox 1370 3532 1600 3586; x_wconf 90' lang='lat' dir='ltr'><strong>quorum</strong></span> <span class='ocrx_word' id='word_1_485' title='bbox 1633 3520 1776 3575; x_wconf 83' lang='lat' dir='ltr'><strong>cutis</strong></span> <span class='ocrx_word' id='word_1_486' title='bbox 1803 3522 1956 3592; x_wconf 84' lang='lat' dir='ltr'><strong>nigro</strong></span> <span class='ocrx_word' id='word_1_487' title='bbox 1979 3522 2163 3577; x_wconf 90' lang='lat' dir='ltr'><strong>colore</strong></span> <span class='ocrx_word' id='word_1_488' title='bbox 2189 3531 2294 3579; x_wconf 82' lang='lat' dir='ltr'><strong>est.</strong></span> 
     </span>
    </p>
   </div>
   <div class='ocr_carea' id='block_1_64' title="bbox 713 3608 2295 3680">
    <p class='ocr_par' dir='ltr' id='par_1_64' title="bbox 713 3608 2295 3680">
     <span class='ocr_line' id='line_1_64' title="bbox 713 3608 2295 3680; baseline 0.004 -19"><span class='ocrx_word' id='word_1_489' title='bbox 713 3608 818 3674; x_wconf 85' lang='lat' dir='ltr'><strong>Qui</strong></span> <span class='ocrx_word' id='word_1_490' title='bbox 847 3625 975 3663; x_wconf 81' lang='lat' dir='ltr'><strong>vero</strong></span> <span class='ocrx_word' id='word_1_491' title='bbox 998 3609 1366 3664; x_wconf 89' lang='lat' dir='ltr'><strong>habitantsub</strong></span> <span class='ocrx_word' id='word_1_492' title='bbox 1400 3610 1837 3680; x_wconf 63' lang='lat' dir='ltr'><strong>aequinoctialem</strong></span> <span class='ocrx_word' id='word_1_493' title='bbox 1869 3613 2160 3677; x_wconf 84' lang='lat' dir='ltr'><strong>circulum,</strong></span> <span class='ocrx_word' id='word_1_494' title='bbox 2192 3630 2295 3669; x_wconf 77' lang='lat' dir='ltr'><strong>no-</strong></span> 
     </span>
    </p>
   </div>
   <div class='ocr_carea' id='block_1_65' title="bbox 715 3701 2295 3778">
    <p class='ocr_par' dir='ltr' id='par_1_65' title="bbox 715 3701 2295 3778">
     <span class='ocr_line' id='line_1_65' title="bbox 715 3701 2295 3778; baseline 0.004 -23"><span class='ocrx_word' id='word_1_495' title='bbox 715 3709 833 3757; x_wconf 87' lang='lat' dir='ltr'><strong>ctes</strong></span> <span class='ocrx_word' id='word_1_496' title='bbox 863 3701 1066 3757; x_wconf 85' lang='lat' dir='ltr'><strong>habent</strong></span> <span class='ocrx_word' id='word_1_497' title='bbox 1100 3703 1291 3758; x_wconf 88' lang='lat' dir='ltr'><strong>diebus</strong></span> <span class='ocrx_word' id='word_1_498' title='bbox 1327 3718 1541 3774; x_wconf 91' lang='lat' dir='ltr'><strong>semper</strong></span> <span class='ocrx_word' id='word_1_499' title='bbox 1592 3705 1851 3772; x_wconf 82' lang='lat' dir='ltr'><strong>aequales.</strong></span> <span class='ocrx_word' id='word_1_500' title='bbox 1882 3706 2053 3771; x_wconf 89' lang='lat' dir='ltr'><strong>Quam</strong></span> <span class='ocrx_word' id='word_1_501' title='bbox 2088 3716 2295 3778; x_wconf 88' lang='lat' dir='ltr'><strong>partem</strong></span> 
     </span>
    </p>
   </div>
   <div class='ocr_carea' id='block_1_66' title="bbox 715 3791 2294 3862">
    <p class='ocr_par' dir='ltr' id='par_1_66' title="bbox 715 3791 2294 3862">
     <span class='ocr_line' id='line_1_66' title="bbox 715 3791 2294 3862; baseline 0.004 -17"><span class='ocrx_word' id='word_1_502' title='bbox 715 3791 886 3861; x_wconf 77' lang='lat' dir='ltr'><strong>igitur</strong></span> <span class='ocrx_word' id='word_1_503' title='bbox 920 3806 1179 3848; x_wconf 78' lang='lat' dir='ltr'><strong>vocamus</strong></span> <span class='ocrx_word' id='word_1_504' title='bbox 1203 3792 1505 3857; x_wconf 88' lang='lat' dir='ltr'><strong>Orientem,</strong></span> <span class='ocrx_word' id='word_1_505' title='bbox 1534 3810 1639 3849; x_wconf 90' lang='lat' dir='ltr'><strong>non</strong></span> <span class='ocrx_word' id='word_1_506' title='bbox 1667 3804 1749 3850; x_wconf 89' lang='lat' dir='ltr'><strong>est</strong></span> <span class='ocrx_word' id='word_1_507' title='bbox 1780 3797 1981 3862; x_wconf 88' lang='lat' dir='ltr'><strong>oriens,</strong></span> <span class='ocrx_word' id='word_1_508' title='bbox 2026 3799 2118 3853; x_wconf 92' lang='lat' dir='ltr'><strong>sed</strong></span> <span class='ocrx_word' id='word_1_509' title='bbox 2150 3801 2294 3854; x_wconf 88' lang='lat' dir='ltr'><strong>occi-</strong></span> 
     </span>
    </p>
   </div>
   <div class='ocr_carea' id='block_1_67' title="bbox 715 3884 2297 3956">
    <p class='ocr_par' dir='ltr' id='par_1_67' title="bbox 715 3884 2297 3956">
     <span class='ocr_line' id='line_1_67' title="bbox 715 3884 2297 3956; baseline 0.005 -17"><span class='ocrx_word' id='word_1_510' title='bbox 715 3885 873 3941; x_wconf 85' lang='lat' dir='ltr'><strong>dens.</strong></span> <span class='ocrx_word' id='word_1_511' title='bbox 918 3884 985 3939; x_wconf 89' lang='lat' dir='ltr'><strong>Et</strong></span> <span class='ocrx_word' id='word_1_512' title='bbox 1034 3902 1154 3954; x_wconf 73' lang='lat' dir='ltr'><strong>qua:</strong></span> <span class='ocrx_word' id='word_1_513' title='bbox 1178 3886 1432 3956; x_wconf 84' lang='lat' dir='ltr'><strong>plurimis</strong></span> <span class='ocrx_word' id='word_1_514' title='bbox 1478 3887 1732 3942; x_wconf 81' lang='lat' dir='ltr'><strong>videntur</strong></span> <span class='ocrx_word' id='word_1_515' title='bbox 1786 3890 2077 3946; x_wconf 86' lang='lat' dir='ltr'><strong>orientales</strong></span> <span class='ocrx_word' id='word_1_516' title='bbox 2133 3892 2297 3948; x_wconf 87' lang='lat' dir='ltr'><strong>urbes</strong></span> 
     </span>
    </p>
   </div>
   <div class='ocr_carea' id='block_1_68' title="bbox 714 3978 2295 4051">
    <p class='ocr_par' dir='ltr' id='par_1_68' title="bbox 714 3978 2295 4051">
     <span class='ocr_line' id='line_1_68' title="bbox 714 3978 2295 4051; baseline 0.003 -17"><span class='ocrx_word' id='word_1_517' title='bbox 714 3993 859 4048; x_wconf 88' lang='lat' dir='ltr'><strong>esse,</strong></span> <span class='ocrx_word' id='word_1_518' title='bbox 888 3979 1077 4049; x_wconf 86' lang='lat' dir='ltr'><strong>quales</strong></span> <span class='ocrx_word' id='word_1_519' title='bbox 1099 3980 1283 4033; x_wconf 62' lang='lat' dir='ltr'><strong>lbi-riae</strong></span> <span class='ocrx_word' id='word_1_520' title='bbox 1312 3988 1363 4033; x_wconf 91' lang='lat' dir='ltr'><strong>et</strong></span> <span class='ocrx_word' id='word_1_521' title='bbox 1383 3978 1589 4043; x_wconf 57' lang='lat' dir='ltr'><strong>Media&#39;,</strong></span> <span class='ocrx_word' id='word_1_522' title='bbox 1611 3981 1741 4050; x_wconf 59' lang='lat' dir='ltr'><strong>ipsa}</strong></span> <span class='ocrx_word' id='word_1_523' title='bbox 1762 3992 1887 4037; x_wconf 90' lang='lat' dir='ltr'><strong>sunt</strong></span> <span class='ocrx_word' id='word_1_524' title='bbox 1909 3983 2295 4051; x_wconf 81' lang='lat' dir='ltr'><strong>occidentales,</strong></span> 
     </span>
    </p>
   </div>
   <div class='ocr_carea' id='block_1_69' title="bbox 715 4070 2295 4139">
    <p class='ocr_par' dir='ltr' id='par_1_69' title="bbox 715 4070 2295 4139">
     <span class='ocr_line' id='line_1_69' title="bbox 715 4070 2295 4139; baseline 0.003 -17"><span class='ocrx_word' id='word_1_525' title='bbox 715 4070 847 4136; x_wconf 88' lang='lat' dir='ltr'><strong>quia</strong></span> <span class='ocrx_word' id='word_1_526' title='bbox 884 4078 1014 4124; x_wconf 92' lang='lat' dir='ltr'><strong>sunt</strong></span> <span class='ocrx_word' id='word_1_527' title='bbox 1043 4071 1097 4123; x_wconf 92' lang='lat' dir='ltr'><strong>in</strong></span> <span class='ocrx_word' id='word_1_528' title='bbox 1142 4079 1297 4139; x_wconf 88' lang='lat' dir='ltr'><strong>parte</strong></span> <span class='ocrx_word' id='word_1_529' title='bbox 1332 4082 1491 4125; x_wconf 73' lang='lat' dir='ltr'><strong>terra:</strong></span> <span class='ocrx_word' id='word_1_530' title='bbox 1525 4071 1880 4126; x_wconf 88' lang='lat' dir='ltr'><strong>occidentali.</strong></span> <span class='ocrx_word' id='word_1_531' title='bbox 1920 4070 2141 4126; x_wconf 84' lang='lat' dir='ltr'><strong>[uitium</strong></span> <span class='ocrx_word' id='word_1_532' title='bbox 2194 4088 2295 4126; x_wconf 91' lang='lat' dir='ltr'><strong>au-</strong></span> 
     </span>
    </p>
   </div>
   <div class='ocr_carea' id='block_1_70' title="bbox 718 4161 2293 4233">
    <p class='ocr_par' dir='ltr' id='par_1_70' title="bbox 718 4161 2293 4233">
     <span class='ocr_line' id='line_1_70' title="bbox 718 4161 2293 4233; baseline 0.002 -20"><span class='ocrx_word' id='word_1_533' title='bbox 718 4170 825 4215; x_wconf 84' lang='lat' dir='ltr'><strong>tem</strong></span> <span class='ocrx_word' id='word_1_534' title='bbox 859 4161 1205 4216; x_wconf 78' lang='lat' dir='ltr'><strong>orientalium</strong></span> <span class='ocrx_word' id='word_1_535' title='bbox 1245 4161 1484 4231; x_wconf 82' lang='lat' dir='ltr'><strong>partium</strong></span> <span class='ocrx_word' id='word_1_536' title='bbox 1508 4172 1591 4217; x_wconf 92' lang='lat' dir='ltr'><strong>cst</strong></span> <span class='ocrx_word' id='word_1_537' title='bbox 1616 4162 1759 4216; x_wconf 86' lang='lat' dir='ltr'><strong>ultra</strong></span> <span class='ocrx_word' id='word_1_538' title='bbox 1784 4162 1960 4233; x_wconf 88' lang='lat' dir='ltr'><strong>ipsam</strong></span> <span class='ocrx_word' id='word_1_539' title='bbox 1992 4161 2293 4218; x_wconf 91' lang='lat' dir='ltr'><strong>Persidem.</strong></span> 
     </span>
    </p>
   </div>
   <div class='ocr_carea' id='block_1_71' title="bbox 719 4252 2294 4324">
    <p class='ocr_par' dir='ltr' id='par_1_71' title="bbox 719 4252 2294 4324">
     <span class='ocr_line' id='line_1_71' title="bbox 719 4252 2294 4324; baseline 0.001 -18"><span class='ocrx_word' id='word_1_540' title='bbox 719 4252 889 4308; x_wconf 86' lang='lat' dir='ltr'><strong>Terra</strong></span> <span class='ocrx_word' id='word_1_541' title='bbox 915 4269 1047 4308; x_wconf 87' lang='lat' dir='ltr'><strong>vero</strong></span> <span class='ocrx_word' id='word_1_542' title='bbox 1069 4269 1097 4307; x_wconf 90' lang='lat' dir='ltr'><strong>a</strong></span> <span class='ocrx_word' id='word_1_543' title='bbox 1119 4254 1320 4324; x_wconf 89' lang='lat' dir='ltr'><strong>priscis</strong></span> <span class='ocrx_word' id='word_1_544' title='bbox 1356 4253 1701 4324; x_wconf 86' lang='lat' dir='ltr'><strong>philosophis</strong></span> <span class='ocrx_word' id='word_1_545' title='bbox 1736 4253 1790 4307; x_wconf 92' lang='lat' dir='ltr'><strong>in</strong></span> <span class='ocrx_word' id='word_1_546' title='bbox 1838 4263 2043 4324; x_wconf 85' lang='lat' dir='ltr'><strong>septem</strong></span> <span class='ocrx_word' id='word_1_547' title='bbox 2078 4254 2294 4308; x_wconf 83' lang='lat' dir='ltr'><strong>climata</strong></span> 
     </span>
    </p>
   </div>
   <div class='ocr_carea' id='block_1_72' title="bbox 717 4345 2294 4402">
    <p class='ocr_par' dir='ltr' id='par_1_72' title="bbox 717 4345 2294 4402">
     <span class='ocr_line' id='line_1_72' title="bbox 717 4345 2294 4402; baseline 0 -3"><span class='ocrx_word' id='word_1_548' title='bbox 717 4345 896 4399; x_wconf 78' lang='lat' dir='ltr'><strong>divisa</strong></span> <span class='ocrx_word' id='word_1_549' title='bbox 929 4345 1149 4400; x_wconf 85' lang='lat' dir='ltr'><strong>esthoc</strong></span> <span class='ocrx_word' id='word_1_550' title='bbox 1195 4345 1379 4400; x_wconf 89' lang='lat' dir='ltr'><strong>modo.</strong></span> <span class='ocrx_word' id='word_1_551' title='bbox 1441 4346 1962 4402; x_wconf 83' lang='lat' dir='ltr'><strong>Animadvertentes</strong></span> <span class='ocrx_word' id='word_1_552' title='bbox 2008 4346 2155 4401; x_wconf 89' lang='lat' dir='ltr'><strong>enim</strong></span> <span class='ocrx_word' id='word_1_553' title='bbox 2217 4346 2294 4399; x_wconf 91' lang='lat' dir='ltr'><strong>illi</strong></span> 
     </span>
    </p>
   </div>
   <div class='ocr_carea' id='block_1_73' title="bbox 717 4430 2293 4506">
    <p class='ocr_par' dir='ltr' id='par_1_73' title="bbox 717 4430 2293 4506">
     <span class='ocr_line' id='line_1_73' title="bbox 717 4430 2293 4506; baseline 0 -17"><span class='ocrx_word' id='word_1_554' title='bbox 717 4449 909 4489; x_wconf 88' lang='lat' dir='ltr'><strong>omnes</strong></span> <span class='ocrx_word' id='word_1_555' title='bbox 948 4435 1097 4489; x_wconf 88' lang='lat' dir='ltr'><strong>locos</strong></span> <span class='ocrx_word' id='word_1_556' title='bbox 1124 4437 1215 4505; x_wconf 92' lang='lat' dir='ltr'><strong>qui</strong></span> <span class='ocrx_word' id='word_1_557' title='bbox 1255 4441 1386 4491; x_wconf 89' lang='lat' dir='ltr'><strong>sunt</strong></span> <span class='ocrx_word' id='word_1_558' title='bbox 1423 4437 1597 4505; x_wconf 80' lang='lat' dir='ltr'><strong>magis</strong></span> <span class='ocrx_word' id='word_1_559' title='bbox 1620 4436 1687 4490; x_wconf 89' lang='lat' dir='ltr'><strong>ad</strong></span> <span class='ocrx_word' id='word_1_560' title='bbox 1721 4430 2146 4506; x_wconf 85' lang='lat' dir='ltr'><strong>septentrionem</strong></span> <span class='ocrx_word' id='word_1_561' title='bbox 2181 4436 2293 4500; x_wconf 91' lang='lat' dir='ltr'><strong>siti,</strong></span> 
     </span>
    </p>
   </div>
   <div class='ocr_carea' id='block_1_74' title="bbox 2407 3237 3983 3309">
    <p class='ocr_par' dir='ltr' id='par_1_74' title="bbox 2407 3237 3983 3309">
     <span class='ocr_line' id='line_1_74' title="bbox 2407 3237 3983 3309; baseline -0.001 -19"><span class='ocrx_word' id='word_1_562' title='bbox 2407 3237 2582 3306; x_wconf 81' lang='grc' dir='ltr'>κτῷον</span> <span class='ocrx_word' id='word_1_563' title='bbox 2611 3238 2775 3307; x_wconf 83' lang='grc' dir='ltr'>μέρος</span> <span class='ocrx_word' id='word_1_564' title='bbox 2801 3239 3122 3308; x_wconf 81' lang='grc' dir='ltr'>περαιοῦται</span> <span class='ocrx_word' id='word_1_565' title='bbox 3153 3240 3415 3309; x_wconf 74' lang='grc' dir='ltr'>ηοῖκησις</span> <span class='ocrx_word' id='word_1_566' title='bbox 3446 3242 3503 3293; x_wconf 87' lang='grc' dir='ltr'>ἐν</span> <span class='ocrx_word' id='word_1_567' title='bbox 3535 3240 3679 3309; x_wconf 84' lang='grc' dir='ltr'>Θύλη</span> <span class='ocrx_word' id='word_1_568' title='bbox 3712 3240 3777 3307; x_wconf 66' lang='grc' dir='ltr'><strong>τῇ</strong></span> <span class='ocrx_word' id='word_1_569' title='bbox 3800 3239 3948 3307; x_wconf 65' lang='grc' dir='ltr'>νήσῳ</span> <span class='ocrx_word' id='word_1_570' title='bbox 3967 3245 3983 3261; x_wconf 88' lang='grc'><strong>⁹</strong></span> 
     </span>
    </p>
   </div>
   <div class='ocr_carea' id='block_1_75' title="bbox 2407 3324 3983 3399">
    <p class='ocr_par' dir='ltr' id='par_1_75' title="bbox 2407 3324 3983 3399">
     <span class='ocr_line' id='line_1_75' title="bbox 2407 3324 3983 3399; baseline 0.001 -22"><span class='ocrx_word' id='word_1_571' title='bbox 2407 3327 2473 3378; x_wconf 75' lang='grc' dir='ltr'><strong>τὰ</strong></span> <span class='ocrx_word' id='word_1_572' title='bbox 2506 3326 2614 3398; x_wconf 62' lang='grc' dir='ltr'>γὰρ</span> <span class='ocrx_word' id='word_1_573' title='bbox 2641 3328 2954 3399; x_wconf 80' lang='grc' dir='ltr'>περαιτέρω</span> <span class='ocrx_word' id='word_1_574' title='bbox 2998 3329 3200 3396; x_wconf 82' lang='grc' dir='ltr'>ταύτης</span> <span class='ocrx_word' id='word_1_575' title='bbox 3246 3328 3476 3397; x_wconf 85' lang='grc' dir='ltr'>ἀοίκητα</span> <span class='ocrx_word' id='word_1_576' title='bbox 3514 3326 3603 3379; x_wconf 77' lang='grc' dir='ltr'><strong>διὰ</strong></span> <span class='ocrx_word' id='word_1_577' title='bbox 3653 3328 3753 3395; x_wconf 73' lang='grc' dir='ltr'>τὴν</span> <span class='ocrx_word' id='word_1_578' title='bbox 3800 3324 3983 3393; x_wconf 69' lang='grc' dir='ltr'>ψῦξιν.</span> 
     </span>
    </p>
   </div>
   <div class='ocr_carea' id='block_1_76' title="bbox 2407 3415 3985 3489">
    <p class='ocr_par' dir='ltr' id='par_1_76' title="bbox 2407 3415 3985 3489">
     <span class='ocr_line' id='line_1_76' title="bbox 2407 3415 3985 3489; baseline -0.004 -17"><span class='ocrx_word' id='word_1_579' title='bbox 2407 3417 2565 3472; x_wconf 80' lang='grc' dir='ltr'><strong>Κατά</strong></span> <span class='ocrx_word' id='word_1_580' title='bbox 2593 3420 2647 3471; x_wconf 89' lang='grc' dir='ltr'><strong>δέ</strong></span> <span class='ocrx_word' id='word_1_581' title='bbox 2668 3422 2766 3488; x_wconf 69' lang='grc' dir='ltr'><strong>τὴν</strong></span> <span class='ocrx_word' id='word_1_582' title='bbox 2793 3418 3145 3489; x_wconf 74' lang='grc' dir='ltr'>μεσημϐρίαν</span> <span class='ocrx_word' id='word_1_583' title='bbox 3198 3419 3440 3471; x_wconf 77' lang='grc' dir='ltr'>οἰκοῦσιν</span> <span class='ocrx_word' id='word_1_584' title='bbox 3498 3417 3776 3486; x_wconf 79' lang='grc' dir='ltr'>ἄνθρωποι</span> <span class='ocrx_word' id='word_1_585' title='bbox 3825 3415 3985 3485; x_wconf 72' lang='grc' dir='ltr'>ἄχρις</span> 
     </span>
    </p>
   </div>
   <div class='ocr_carea' id='block_1_77' title="bbox 2407 3510 3982 3583">
    <p class='ocr_par' dir='ltr' id='par_1_77' title="bbox 2407 3510 3982 3583">
     <span class='ocr_line' id='line_1_77' title="bbox 2407 3510 3982 3583; baseline -0.004 -18"><span class='ocrx_word' id='word_1_586' title='bbox 2407 3510 2572 3566; x_wconf 81' lang='grc' dir='ltr'>αὐτοῦ</span> <span class='ocrx_word' id='word_1_587' title='bbox 2609 3510 2702 3564; x_wconf 88' lang='grc' dir='ltr'><strong>τοῦ</strong></span> <span class='ocrx_word' id='word_1_588' title='bbox 2736 3511 3054 3583; x_wconf 80' lang='grc' dir='ltr'>ἰσημερινοῦ</span> <span class='ocrx_word' id='word_1_589' title='bbox 3092 3511 3297 3565; x_wconf 85' lang='grc' dir='ltr'>κύκλου</span> <span class='ocrx_word' id='word_1_590' title='bbox 3335 3528 3347 3542; x_wconf 91' lang='grc'><strong>·</strong></span> <span class='ocrx_word' id='word_1_591' title='bbox 3378 3511 3494 3564; x_wconf 85' lang='grc' dir='ltr'>ἀλλ’</span> <span class='ocrx_word' id='word_1_592' title='bbox 3540 3512 3679 3564; x_wconf 74' lang='grc' dir='ltr'>εἰσὶν</span> <span class='ocrx_word' id='word_1_593' title='bbox 3703 3512 3753 3562; x_wconf 82' lang='grc' dir='ltr'>οἱ</span> <span class='ocrx_word' id='word_1_594' title='bbox 3805 3510 3982 3561; x_wconf 84' lang='grc' dir='ltr'>ἐκεῖσε</span> 
     </span>
    </p>
   </div>
   <div class='ocr_carea' id='block_1_78' title="bbox 2407 3601 3981 3677">
    <p class='ocr_par' dir='ltr' id='par_1_78' title="bbox 2407 3601 3981 3677">
     <span class='ocr_line' id='line_1_78' title="bbox 2407 3601 3981 3677; baseline -0.003 -19"><span class='ocrx_word' id='word_1_595' title='bbox 2407 3604 2684 3669; x_wconf 79' lang='grc' dir='ltr'>οἰκοῦντες</span> <span class='ocrx_word' id='word_1_596' title='bbox 2739 3605 2989 3677; x_wconf 78' lang='grc' dir='ltr'>βάρϐαρα</span> <span class='ocrx_word' id='word_1_597' title='bbox 3032 3606 3160 3675; x_wconf 77' lang='grc' dir='ltr'>ἔθνη</span> <span class='ocrx_word' id='word_1_598' title='bbox 3205 3605 3298 3659; x_wconf 75' lang='grc' dir='ltr'>καὶ</span> <span class='ocrx_word' id='word_1_599' title='bbox 3363 3605 3567 3675; x_wconf 83' lang='grc' dir='ltr'>μέλανα</span> <span class='ocrx_word' id='word_1_600' title='bbox 3610 3606 3710 3673; x_wconf 80' lang='grc' dir='ltr'><strong>τὴν</strong></span> <span class='ocrx_word' id='word_1_601' title='bbox 3770 3601 3981 3672; x_wconf 71' lang='grc' dir='ltr'>χροιάν.</span> 
     </span>
    </p>
   </div>
   <div class='ocr_carea' id='block_1_79' title="bbox 2409 3694 3984 3766">
    <p class='ocr_par' dir='ltr' id='par_1_79' title="bbox 2409 3694 3984 3766">
     <span class='ocr_line' id='line_1_79' title="bbox 2409 3694 3984 3766; baseline -0.004 -16"><span class='ocrx_word' id='word_1_602' title='bbox 2409 3697 2650 3751; x_wconf 86' lang='grc' dir='ltr'>’Ὅσοιδέ</span> <span class='ocrx_word' id='word_1_603' title='bbox 2689 3696 2932 3751; x_wconf 86' lang='grc' dir='ltr'>οἰκοῦσιν</span> <span class='ocrx_word' id='word_1_604' title='bbox 2972 3697 3076 3749; x_wconf 76' lang='grc' dir='ltr'>ὑπὸ</span> <span class='ocrx_word' id='word_1_605' title='bbox 3103 3697 3195 3749; x_wconf 69' lang='grc' dir='ltr'><strong>τὸν</strong></span> <span class='ocrx_word' id='word_1_606' title='bbox 3240 3697 3554 3766; x_wconf 72' lang='grc' dir='ltr'>ἰσημερινὸν</span> <span class='ocrx_word' id='word_1_607' title='bbox 3605 3694 3826 3755; x_wconf 85' lang='grc' dir='ltr'>κύκλον,</span> <span class='ocrx_word' id='word_1_608' title='bbox 3897 3694 3984 3745; x_wconf 76' lang='grc' dir='ltr'>ἀεὶ</span> 
     </span>
    </p>
   </div>
   <div class='ocr_carea' id='block_1_80' title="bbox 2407 3781 3981 3859">
    <p class='ocr_par' dir='ltr' id='par_1_80' title="bbox 2407 3781 3981 3859">
     <span class='ocr_line' id='line_1_80' title="bbox 2407 3781 3981 3859; baseline -0.006 -17"><span class='ocrx_word' id='word_1_609' title='bbox 2407 3794 2503 3853; x_wconf 66' lang='grc' dir='ltr'><strong>τὰς</strong></span> <span class='ocrx_word' id='word_1_610' title='bbox 2538 3790 2738 3852; x_wconf 85' lang='grc' dir='ltr'>νύκτας</span> <span class='ocrx_word' id='word_1_611' title='bbox 2771 3788 2984 3859; x_wconf 80' lang='grc' dir='ltr'>ἔχουσιν</span> <span class='ocrx_word' id='word_1_612' title='bbox 3016 3790 3137 3851; x_wconf 82' lang='grc' dir='ltr'>ἰσας</span> <span class='ocrx_word' id='word_1_613' title='bbox 3170 3791 3290 3852; x_wconf 84' lang='grc' dir='ltr'>ταῖς</span> <span class='ocrx_word' id='word_1_614' title='bbox 3316 3788 3570 3858; x_wconf 81' lang='grc' dir='ltr'>ἡμέραις.</span> <span class='ocrx_word' id='word_1_615' title='bbox 3610 3788 3677 3839; x_wconf 85' lang='grc' dir='ltr'><strong>Ἠ</strong></span> <span class='ocrx_word' id='word_1_616' title='bbox 3704 3781 3796 3839; x_wconf 83' lang='grc' dir='ltr'><strong>οῦν</strong></span> <span class='ocrx_word' id='word_1_617' title='bbox 3826 3786 3981 3852; x_wconf 85' lang='grc' dir='ltr'>λεγο-</span> 
     </span>
    </p>
   </div>
   <div class='ocr_carea' id='block_1_81' title="bbox 2412 3877 3981 3954">
    <p class='ocr_par' dir='ltr' id='par_1_81' title="bbox 2412 3877 3981 3954">
     <span class='ocr_line' id='line_1_81' title="bbox 2412 3877 3981 3954; baseline -0.005 -19"><span class='ocrx_word' id='word_1_618' title='bbox 2412 3884 2545 3954; x_wconf 88' lang='grc' dir='ltr'>μένη</span> <span class='ocrx_word' id='word_1_619' title='bbox 2570 3882 2699 3953; x_wconf 89' lang='grc' dir='ltr'>παρ’</span> <span class='ocrx_word' id='word_1_620' title='bbox 2721 3882 2878 3952; x_wconf 83' lang='grc' dir='ltr'>ἡμῶν</span> <span class='ocrx_word' id='word_1_621' title='bbox 2912 3881 3144 3949; x_wconf 83' lang='grc' dir='ltr'>ἀνατολὴ</span> <span class='ocrx_word' id='word_1_622' title='bbox 3194 3881 3292 3933; x_wconf 76' lang='grc' dir='ltr'>οὐκ</span> <span class='ocrx_word' id='word_1_623' title='bbox 3328 3879 3474 3932; x_wconf 77' lang='grc' dir='ltr'>ἐστιν</span> <span class='ocrx_word' id='word_1_624' title='bbox 3503 3878 3756 3948; x_wconf 79' lang='grc' dir='ltr'>ἀνατολὴ.</span> <span class='ocrx_word' id='word_1_625' title='bbox 3809 3877 3856 3929; x_wconf 76' lang='grc' dir='ltr'>εἰ</span> <span class='ocrx_word' id='word_1_626' title='bbox 3908 3877 3981 3945; x_wconf 77' lang='grc' dir='ltr'>μὴ</span> 
     </span>
    </p>
   </div>
   <div class='ocr_carea' id='block_1_82' title="bbox 2407 3970 3981 4039">
    <p class='ocr_par' dir='ltr' id='par_1_82' title="bbox 2407 3970 3981 4039">
     <span class='ocr_line' id='line_1_82' title="bbox 2407 3970 3981 4039; baseline -0.006 -10"><span class='ocrx_word' id='word_1_627' title='bbox 2407 3976 2560 4039; x_wconf 86' lang='grc' dir='ltr'>δύσις</span> <span class='ocrx_word' id='word_1_628' title='bbox 2586 3992 2598 4004; x_wconf 86' lang='grc'><strong>·</strong></span> <span class='ocrx_word' id='word_1_629' title='bbox 2667 3976 2805 4030; x_wconf 87' lang='grc' dir='ltr'><strong>ἀλλά</strong></span> <span class='ocrx_word' id='word_1_630' title='bbox 2873 3976 2967 4026; x_wconf 72' lang='grc' dir='ltr'><strong>καὶ</strong></span> <span class='ocrx_word' id='word_1_631' title='bbox 3024 3974 3187 4027; x_wconf 77' lang='grc' dir='ltr'>αὐταὶ</span> <span class='ocrx_word' id='word_1_632' title='bbox 3230 3974 3286 4025; x_wconf 86' lang='grc' dir='ltr'><strong>αἰ</strong></span> <span class='ocrx_word' id='word_1_633' title='bbox 3332 3971 3591 4026; x_wconf 86' lang='grc' dir='ltr'>δοκοῦσαι</span> <span class='ocrx_word' id='word_1_634' title='bbox 3620 3973 3733 4032; x_wconf 85' lang='grc' dir='ltr'>τοῖς</span> <span class='ocrx_word' id='word_1_635' title='bbox 3763 3970 3981 4030; x_wconf 79' lang='grc' dir='ltr'>πολλοῖς</span> 
     </span>
    </p>
   </div>
   <div class='ocr_carea' id='block_1_83' title="bbox 2408 4063 3980 4140">
    <p class='ocr_par' dir='ltr' id='par_1_83' title="bbox 2408 4063 3980 4140">
     <span class='ocr_line' id='line_1_83' title="bbox 2408 4063 3980 4140; baseline -0.004 -18"><span class='ocrx_word' id='word_1_636' title='bbox 2408 4068 2871 4140; x_wconf 83' lang='grc' dir='ltr'>ἀνατολικὼτεραι</span> <span class='ocrx_word' id='word_1_637' title='bbox 2899 4068 3101 4134; x_wconf 83' lang='grc' dir='ltr'>πόλεις,</span> <span class='ocrx_word' id='word_1_638' title='bbox 3142 4063 3251 4121; x_wconf 74' lang='grc' dir='ltr'>οἷαι</span> <span class='ocrx_word' id='word_1_639' title='bbox 3277 4068 3334 4120; x_wconf 91' lang='grc' dir='ltr'>αἱ</span> <span class='ocrx_word' id='word_1_640' title='bbox 3363 4068 3463 4137; x_wconf 78' lang='grc' dir='ltr'>τῆς</span> <span class='ocrx_word' id='word_1_641' title='bbox 3496 4065 3735 4136; x_wconf 76' lang='grc' dir='ltr'>Ἰϐηρίας</span> <span class='ocrx_word' id='word_1_642' title='bbox 3757 4064 3853 4116; x_wconf 72' lang='grc' dir='ltr'>καὶ</span> <span class='ocrx_word' id='word_1_643' title='bbox 3878 4064 3980 4132; x_wconf 58' lang='grc' dir='ltr'>τῆς</span> 
     </span>
    </p>
   </div>
   <div class='ocr_carea' id='block_1_84' title="bbox 2407 4152 3980 4232">
    <p class='ocr_par' dir='ltr' id='par_1_84' title="bbox 2407 4152 3980 4232">
     <span class='ocr_line' id='line_1_84' title="bbox 2407 4152 3980 4232; baseline -0.006 -16"><span class='ocrx_word' id='word_1_644' title='bbox 2407 4162 2642 4232; x_wconf 80' lang='grc' dir='ltr'>Μηδίας,</span> <span class='ocrx_word' id='word_1_645' title='bbox 2678 4163 2769 4214; x_wconf 66' lang='grc' dir='ltr'><strong>καλ⁴</strong></span> <span class='ocrx_word' id='word_1_646' title='bbox 2800 4157 2959 4215; x_wconf 74' lang='grc' dir='ltr'>αὗται</span> <span class='ocrx_word' id='word_1_647' title='bbox 2985 4160 3203 4216; x_wconf 75' lang='grc' dir='ltr'>δυτικαὶ</span> <span class='ocrx_word' id='word_1_648' title='bbox 3227 4158 3531 4228; x_wconf 82' lang='grc' dir='ltr'>ὑπάρχουσι</span> <span class='ocrx_word' id='word_1_649' title='bbox 3558 4157 3644 4210; x_wconf 78' lang='grc' dir='ltr'><strong>διὰ</strong></span> <span class='ocrx_word' id='word_1_650' title='bbox 3674 4155 3735 4208; x_wconf 70' lang='grc' dir='ltr'><strong>τὸ</strong></span> <span class='ocrx_word' id='word_1_651' title='bbox 3789 4159 3848 4208; x_wconf 82' lang='grc' dir='ltr'><strong>ἐν</strong></span> <span class='ocrx_word' id='word_1_652' title='bbox 3902 4152 3980 4222; x_wconf 88' lang='grc' dir='ltr'>τῷ</span> 
     </span>
    </p>
   </div>
   <div class='ocr_carea' id='block_1_85' title="bbox 2406 4246 3982 4322">
    <p class='ocr_par' dir='ltr' id='par_1_85' title="bbox 2406 4246 3982 4322">
     <span class='ocr_line' id='line_1_85' title="bbox 2406 4246 3982 4322; baseline -0.005 -18"><span class='ocrx_word' id='word_1_653' title='bbox 2406 4251 2610 4321; x_wconf 88' lang='grc' dir='ltr'>δυτικῷ</span> <span class='ocrx_word' id='word_1_654' title='bbox 2636 4251 2791 4322; x_wconf 85' lang='grc' dir='ltr'>μέρει</span> <span class='ocrx_word' id='word_1_655' title='bbox 2822 4253 2919 4322; x_wconf 84' lang='grc' dir='ltr'>τῆς</span> <span class='ocrx_word' id='word_1_656' title='bbox 2941 4251 3264 4321; x_wconf 73' lang='grc' dir='ltr'>οἰκουμένης</span> <span class='ocrx_word' id='word_1_657' title='bbox 3295 4247 3453 4303; x_wconf 79' lang='grc' dir='ltr'>εἶναι.</span> <span class='ocrx_word' id='word_1_658' title='bbox 3513 4248 3580 4300; x_wconf 84' lang='grc' dir='ltr'><em>Ἢ</em></span> <span class='ocrx_word' id='word_1_659' title='bbox 3608 4247 3665 4300; x_wconf 83' lang='grc' dir='ltr'>δὲ</span> <span class='ocrx_word' id='word_1_660' title='bbox 3701 4246 3841 4317; x_wconf 78' lang='grc' dir='ltr'>ἀρχὴ</span> <span class='ocrx_word' id='word_1_661' title='bbox 3874 4246 3982 4297; x_wconf 81' lang='grc' dir='ltr'>τῶν</span> 
     </span>
    </p>
   </div>
   <div class='ocr_carea' id='block_1_86' title="bbox 2405 4337 3981 4414">
    <p class='ocr_par' dir='ltr' id='par_1_86' title="bbox 2405 4337 3981 4414">
     <span class='ocr_line' id='line_1_86' title="bbox 2405 4337 3981 4414; baseline -0.006 -16"><span class='ocrx_word' id='word_1_662' title='bbox 2405 4344 2887 4414; x_wconf 84' lang='grc' dir='ltr'>ἀνατολικωτέρων</span> <span class='ocrx_word' id='word_1_663' title='bbox 2915 4343 3097 4413; x_wconf 86' lang='grc' dir='ltr'>μερῶν</span> <span class='ocrx_word' id='word_1_664' title='bbox 3124 4344 3216 4395; x_wconf 78' lang='grc' dir='ltr'>καὶ</span> <span class='ocrx_word' id='word_1_665' title='bbox 3242 4340 3411 4410; x_wconf 81' lang='grc' dir='ltr'>αὐτῆς</span> <span class='ocrx_word' id='word_1_666' title='bbox 3442 4340 3539 4409; x_wconf 80' lang='grc' dir='ltr'>τῆς</span> <span class='ocrx_word' id='word_1_667' title='bbox 3559 4339 3796 4410; x_wconf 82' lang='grc' dir='ltr'>Περσίας</span> <span class='ocrx_word' id='word_1_668' title='bbox 3831 4337 3981 4389; x_wconf 75' lang='grc' dir='ltr'>ἐστὶν</span> 
     </span>
    </p>
   </div>
   <div class='ocr_carea' id='block_1_87' title="bbox 2409 4428 3982 4504">
    <p class='ocr_par' dir='ltr' id='par_1_87' title="bbox 2409 4428 3982 4504">
     <span class='ocr_line' id='line_1_87' title="bbox 2409 4428 3982 4504; baseline -0.006 -14"><span class='ocrx_word' id='word_1_669' title='bbox 2409 4436 2692 4490; x_wconf 85' lang='grc' dir='ltr'>ἐπέκεινα.</span> <span class='ocrx_word' id='word_1_670' title='bbox 2715 4436 3153 4504; x_wconf 85' lang='grc' dir='ltr'>Διαμεμέρισται</span> <span class='ocrx_word' id='word_1_671' title='bbox 3192 4434 3247 4486; x_wconf 82' lang='grc' dir='ltr'><strong>δέ</strong></span> <span class='ocrx_word' id='word_1_672' title='bbox 3288 4435 3321 4503; x_wconf 80' lang='grc' dir='ltr'><strong>ἡ</strong></span> <span class='ocrx_word' id='word_1_673' title='bbox 3363 4431 3654 4499; x_wconf 87' lang='grc' dir='ltr'>οἰκουμένη</span> <span class='ocrx_word' id='word_1_674' title='bbox 3716 4429 3821 4481; x_wconf 70' lang='grc' dir='ltr'>ὑπὸ</span> <span class='ocrx_word' id='word_1_675' title='bbox 3869 4428 3982 4480; x_wconf 82' lang='grc' dir='ltr'>τῶν</span> 
     </span>
    </p>
   </div>
   <div class='ocr_carea' id='block_1_88' title="bbox 718 4519 2474 4602">
    <p class='ocr_par' dir='ltr' id='par_1_88' title="bbox 718 4526 2474 4602">
     <span class='ocr_line' id='line_1_88' title="bbox 718 4526 2474 4602; baseline 0 -21"><span class='ocrx_word' id='word_1_676' title='bbox 718 4527 1017 4582; x_wconf 79' lang='lat' dir='ltr'><strong>maximum</strong></span> <span class='ocrx_word' id='word_1_677' title='bbox 1051 4528 1195 4583; x_wconf 90' lang='lat' dir='ltr'><strong>diem</strong></span> <span class='ocrx_word' id='word_1_678' title='bbox 1230 4528 1491 4598; x_wconf 86' lang='lat' dir='ltr'><strong>majorem</strong></span> <span class='ocrx_word' id='word_1_679' title='bbox 1525 4529 1728 4584; x_wconf 89' lang='lat' dir='ltr'><strong>habere</strong></span> <span class='ocrx_word' id='word_1_680' title='bbox 1766 4544 1929 4598; x_wconf 88' lang='lat' dir='ltr'><strong>quam</strong></span> <span class='ocrx_word' id='word_1_681' title='bbox 1965 4529 2067 4583; x_wconf 89' lang='lat' dir='ltr'><strong>loci</strong></span> <span class='ocrx_word' id='word_1_682' title='bbox 2102 4542 2296 4583; x_wconf 88' lang='lat' dir='ltr'><strong>versus</strong></span> <span class='ocrx_word' id='word_1_683' title='bbox 2334 4546 2377 4602; x_wconf 78' lang='grc' dir='ltr'><strong>ι)</strong></span> <span class='ocrx_word' id='word_1_684' title='bbox 2410 4526 2474 4581; x_wconf 79' lang='grc' dir='ltr'><strong>πό</strong></span> 
     </span>
    </p>
   </div>
   <div class='ocr_carea' id='block_1_89' title="bbox 2218 4519 3974 4602">
    <p class='ocr_par' dir='ltr' id='par_1_89' title="bbox 2218 4519 3974 4602">
     <span class='ocr_line' id='line_1_89' title="bbox 2218 4519 3974 4602; baseline -0.005 -22"><span class='ocrx_word' id='word_1_685' title='bbox 2218 4542 2296 4583; x_wconf 70' lang='grc' dir='ltr'><strong>ιυε</strong></span> <span class='ocrx_word' id='word_1_686' title='bbox 2334 4546 2377 4602; x_wconf 78' lang='grc' dir='ltr'><strong>ι)</strong></span> <span class='ocrx_word' id='word_1_687' title='bbox 2410 4526 2579 4581; x_wconf 83' lang='grc' dir='ltr'>πάλαι</span> <span class='ocrx_word' id='word_1_688' title='bbox 2604 4524 2784 4593; x_wconf 83' lang='grc' dir='ltr'>σοφῶν</span> <span class='ocrx_word' id='word_1_689' title='bbox 2812 4525 2891 4587; x_wconf 90' lang='grc' dir='ltr'><strong>εἰς</strong></span> <span class='ocrx_word' id='word_1_690' title='bbox 2924 4523 2992 4576; x_wconf 89' lang='grc' dir='ltr'><strong>τά</strong></span> <span class='ocrx_word' id='word_1_691' title='bbox 3040 4522 3181 4577; x_wconf 81' lang='grc' dir='ltr'>ἐσττά</span> <span class='ocrx_word' id='word_1_692' title='bbox 3215 4521 3456 4589; x_wconf 83' lang='grc' dir='ltr'>κλίματα</span> <span class='ocrx_word' id='word_1_693' title='bbox 3492 4519 3720 4585; x_wconf 88' lang='grc' dir='ltr'>τοιούτῳ</span> <span class='ocrx_word' id='word_1_694' title='bbox 3769 4519 3974 4586; x_wconf 82' lang='grc' dir='ltr'>τρόπῳ.</span> 
     </span>
    </p>
   </div>
   <div class='ocr_carea' id='block_1_90' title="bbox 720 4619 2295 4693">
    <p class='ocr_par' dir='ltr' id='par_1_90' title="bbox 720 4619 2295 4693">
     <span class='ocr_line' id='line_1_90' title="bbox 720 4619 2295 4693; baseline 0.002 -19"><span class='ocrx_word' id='word_1_695' title='bbox 720 4619 1003 4676; x_wconf 87' lang='lat' dir='ltr'><strong>meridiem</strong></span> <span class='ocrx_word' id='word_1_696' title='bbox 1034 4621 1147 4685; x_wconf 92' lang='lat' dir='ltr'><strong>siti,</strong></span> <span class='ocrx_word' id='word_1_697' title='bbox 1169 4621 1309 4676; x_wconf 85' lang='lat' dir='ltr'><strong>etab</strong></span> <span class='ocrx_word' id='word_1_698' title='bbox 1328 4621 1658 4692; x_wconf 85' lang='lat' dir='ltr'><strong>aequinoctio</strong></span> <span class='ocrx_word' id='word_1_699' title='bbox 1688 4621 1740 4677; x_wconf 96' lang='lat' dir='ltr'><strong>in</strong></span> <span class='ocrx_word' id='word_1_700' title='bbox 1770 4633 1955 4693; x_wconf 87' lang='lat' dir='ltr'><strong>partes</strong></span> <span class='ocrx_word' id='word_1_701' title='bbox 1982 4621 2295 4687; x_wconf 88' lang='lat' dir='ltr'><strong>ulteriores,</strong></span> 
     </span>
    </p>
   </div>
   <div class='ocr_carea' id='block_1_91' title="bbox 720 4713 2293 4784">
    <p class='ocr_par' dir='ltr' id='par_1_91' title="bbox 720 4713 2293 4784">
     <span class='ocr_line' id='line_1_91' title="bbox 720 4713 2293 4784; baseline -0.001 -17"><span class='ocrx_word' id='word_1_702' title='bbox 720 4714 969 4784; x_wconf 80' lang='lat' dir='ltr'><strong>neglecto</strong></span> <span class='ocrx_word' id='word_1_703' title='bbox 996 4713 1286 4768; x_wconf 70' lang='lat' dir='ltr'><strong>semihorae</strong></span> <span class='ocrx_word' id='word_1_704' title='bbox 1305 4722 1617 4781; x_wconf 84' lang='lat' dir='ltr'><strong>augmento,</strong></span> <span class='ocrx_word' id='word_1_705' title='bbox 1642 4714 1739 4768; x_wconf 89' lang='lat' dir='ltr'><strong>has</strong></span> <span class='ocrx_word' id='word_1_706' title='bbox 1762 4713 2016 4783; x_wconf 84' lang='lat' dir='ltr'><strong>regiones</strong></span> <span class='ocrx_word' id='word_1_707' title='bbox 2067 4727 2133 4767; x_wconf 91' lang='lat' dir='ltr'><strong>eo</strong></span> <span class='ocrx_word' id='word_1_708' title='bbox 2163 4728 2293 4779; x_wconf 87' lang='lat' dir='ltr'><strong>spa-</strong></span> 
     </span>
    </p>
   </div>
   <div class='ocr_carea' id='block_1_92' title="bbox 723 4805 2299 4876">
    <p class='ocr_par' dir='ltr' id='par_1_92' title="bbox 723 4805 2299 4876">
     <span class='ocr_line' id='line_1_92' title="bbox 723 4805 2299 4876; baseline 0.001 -18"><span class='ocrx_word' id='word_1_709' title='bbox 723 4806 800 4861; x_wconf 87' lang='lat' dir='ltr'><strong>tio</strong></span> <span class='ocrx_word' id='word_1_710' title='bbox 831 4806 897 4858; x_wconf 84' lang='lat' dir='ltr'><strong>ab</strong></span> <span class='ocrx_word' id='word_1_711' title='bbox 928 4805 1257 4876; x_wconf 72' lang='lat' dir='ltr'><strong>aequinoctio</strong></span> <span class='ocrx_word' id='word_1_712' title='bbox 1307 4805 1577 4860; x_wconf 88' lang='lat' dir='ltr'><strong>distantes</strong></span> <span class='ocrx_word' id='word_1_713' title='bbox 1610 4806 1868 4875; x_wconf 90' lang='lat' dir='ltr'><strong>primum,</strong></span> <span class='ocrx_word' id='word_1_714' title='bbox 1919 4805 2081 4860; x_wconf 90' lang='lat' dir='ltr'><strong>clima</strong></span> <span class='ocrx_word' id='word_1_715' title='bbox 2113 4805 2299 4875; x_wconf 90' lang='lat' dir='ltr'><strong>appel-</strong></span> 
     </span>
    </p>
   </div>
   <div class='ocr_carea' id='block_1_93' title="bbox 724 4898 2302 4969">
    <p class='ocr_par' dir='ltr' id='par_1_93' title="bbox 724 4898 2302 4969">
     <span class='ocr_line' id='line_1_93' title="bbox 724 4898 2302 4969; baseline 0.001 -17"><span class='ocrx_word' id='word_1_716' title='bbox 724 4899 997 4961; x_wconf 85' lang='lat' dir='ltr'><strong>laverunt,</strong></span> <span class='ocrx_word' id='word_1_717' title='bbox 1039 4900 1087 4952; x_wconf 88' lang='lat' dir='ltr'><strong>ei</strong></span> <span class='ocrx_word' id='word_1_718' title='bbox 1132 4898 1341 4953; x_wconf 79' lang='lat' dir='ltr'><strong>Meroes</strong></span> <span class='ocrx_word' id='word_1_719' title='bbox 1386 4913 1586 4954; x_wconf 89' lang='lat' dir='ltr'><strong>nomen</strong></span> <span class='ocrx_word' id='word_1_720' title='bbox 1612 4898 1978 4967; x_wconf 88' lang='lat' dir='ltr'><strong>imponentcs.</strong></span> <span class='ocrx_word' id='word_1_721' title='bbox 2012 4899 2105 4953; x_wconf 88' lang='lat' dir='ltr'><strong>Est</strong></span> <span class='ocrx_word' id='word_1_722' title='bbox 2138 4914 2302 4969; x_wconf 86' lang='lat' dir='ltr'><strong>porro</strong></span> 
     </span>
    </p>
   </div>
   <div class='ocr_carea' id='block_1_94' title="bbox 726 4987 2301 5058">
    <p class='ocr_par' dir='ltr' id='par_1_94' title="bbox 726 4987 2301 5058">
     <span class='ocr_line' id='line_1_94' title="bbox 726 4987 2301 5058; baseline 0 -17"><span class='ocrx_word' id='word_1_723' title='bbox 726 4987 909 5044; x_wconf 83' lang='lat' dir='ltr'><strong>Meroe</strong></span> <span class='ocrx_word' id='word_1_724' title='bbox 941 4990 1072 5043; x_wconf 85' lang='lat' dir='ltr'><strong>urbs</strong></span> <span class='ocrx_word' id='word_1_725' title='bbox 1091 4989 1425 5058; x_wconf 66' lang='lat' dir='ltr'><strong>A&#39;Jthiopiea.</strong></span> <span class='ocrx_word' id='word_1_726' title='bbox 1453 4987 1512 5042; x_wconf 85' lang='grc' dir='ltr'>ιη</span> <span class='ocrx_word' id='word_1_727' title='bbox 1544 4988 1647 5043; x_wconf 88' lang='lat' dir='ltr'><strong>hoc</strong></span> <span class='ocrx_word' id='word_1_728' title='bbox 1671 4996 1852 5043; x_wconf 88' lang='lat' dir='ltr'><strong>autem</strong></span> <span class='ocrx_word' id='word_1_729' title='bbox 1874 4989 2095 5043; x_wconf 89' lang='lat' dir='ltr'><strong>climate</strong></span> <span class='ocrx_word' id='word_1_730' title='bbox 2126 4989 2301 5043; x_wconf 80' lang='lat' dir='ltr'><strong>maxi-</strong></span> 
     </span>
    </p>
   </div>
   <div class='ocr_carea' id='block_1_95' title="bbox 724 5078 2300 5134">
    <p class='ocr_par' dir='ltr' id='par_1_95' title="bbox 724 5078 2300 5134">
     <span class='ocr_line' id='line_1_95' title="bbox 724 5078 2300 5134; baseline -0.001 -1"><span class='ocrx_word' id='word_1_731' title='bbox 724 5094 813 5133; x_wconf 92' lang='lat' dir='ltr'><strong>ma</strong></span> <span class='ocrx_word' id='word_1_732' title='bbox 845 5079 963 5133; x_wconf 89' lang='lat' dir='ltr'><strong>dies</strong></span> <span class='ocrx_word' id='word_1_733' title='bbox 1010 5090 1092 5134; x_wconf 88' lang='lat' dir='ltr'><strong>est</strong></span> <span class='ocrx_word' id='word_1_734' title='bbox 1135 5078 1397 5133; x_wconf 86' lang='lat' dir='ltr'><strong>tredecim</strong></span> <span class='ocrx_word' id='word_1_735' title='bbox 1440 5078 1722 5134; x_wconf 88' lang='lat' dir='ltr'><strong>horarum.</strong></span> <span class='ocrx_word' id='word_1_736' title='bbox 1787 5078 1992 5134; x_wconf 90' lang='lat' dir='ltr'><strong>Deinde</strong></span> <span class='ocrx_word' id='word_1_737' title='bbox 2050 5079 2300 5132; x_wconf 86' lang='lat' dir='ltr'><strong>animad—</strong></span> 
     </span>
    </p>
   </div>
   <div class='ocr_carea' id='block_1_96' title="bbox 726 5166 2303 5238">
    <p class='ocr_par' dir='ltr' id='par_1_96' title="bbox 726 5166 2303 5238">
     <span class='ocr_line' id='line_1_96' title="bbox 726 5166 2303 5238; baseline -0.003 -14"><span class='ocrx_word' id='word_1_738' title='bbox 726 5176 1007 5224; x_wconf 82' lang='lat' dir='ltr'><strong>vertentes</strong></span> <span class='ocrx_word' id='word_1_739' title='bbox 1054 5168 1147 5222; x_wconf 90' lang='lat' dir='ltr'><strong>ubi</strong></span> <span class='ocrx_word' id='word_1_740' title='bbox 1189 5167 1421 5221; x_wconf 80' lang='lat' dir='ltr'><strong>maxima</strong></span> <span class='ocrx_word' id='word_1_741' title='bbox 1473 5166 1590 5223; x_wconf 89' lang='lat' dir='ltr'><strong>dies</strong></span> <span class='ocrx_word' id='word_1_742' title='bbox 1631 5167 2085 5238; x_wconf 89' lang='lat' dir='ltr'><strong>sesquitredccim</strong></span> <span class='ocrx_word' id='word_1_743' title='bbox 2139 5168 2303 5223; x_wconf 82' lang='lat' dir='ltr'><strong>hora-</strong></span> 
     </span>
    </p>
   </div>
   <div class='ocr_carea' id='block_1_97' title="bbox 726 5260 2300 5331">
    <p class='ocr_par' dir='ltr' id='par_1_97' title="bbox 726 5260 2300 5331">
     <span class='ocr_line' id='line_1_97' title="bbox 726 5260 2300 5331; baseline -0.003 -13"><span class='ocrx_word' id='word_1_744' title='bbox 726 5279 851 5319; x_wconf 85' lang='lat' dir='ltr'><strong>rum</strong></span> <span class='ocrx_word' id='word_1_745' title='bbox 885 5270 1053 5328; x_wconf 85' lang='lat' dir='ltr'><strong>esset,</strong></span> <span class='ocrx_word' id='word_1_746' title='bbox 1087 5261 1255 5331; x_wconf 89' lang='lat' dir='ltr'><strong>hujus</strong></span> <span class='ocrx_word' id='word_1_747' title='bbox 1316 5261 1555 5331; x_wconf 81' lang='lat' dir='ltr'><strong>regionis</strong></span> <span class='ocrx_word' id='word_1_748' title='bbox 1613 5260 1734 5316; x_wconf 90' lang='lat' dir='ltr'><strong>dies</strong></span> <span class='ocrx_word' id='word_1_749' title='bbox 1792 5260 2095 5319; x_wconf 86' lang='lat' dir='ltr'><strong>secundum</strong></span> <span class='ocrx_word' id='word_1_750' title='bbox 2140 5261 2300 5314; x_wconf 85' lang='lat' dir='ltr'><strong>clima</strong></span> 
     </span>
    </p>
   </div>
   <div class='ocr_carea' id='block_1_98' title="bbox 724 5344 2298 5424">
    <p class='ocr_par' dir='ltr' id='par_1_98' title="bbox 724 5344 2298 5424">
     <span class='ocr_line' id='line_1_98' title="bbox 724 5344 2298 5424; baseline -0.001 -17"><span class='ocrx_word' id='word_1_751' title='bbox 724 5353 1165 5422; x_wconf 78' lang='lat' dir='ltr'><strong>appellaverunt,</strong></span> <span class='ocrx_word' id='word_1_752' title='bbox 1215 5350 1374 5419; x_wconf 90' lang='lat' dir='ltr'><strong>eique</strong></span> <span class='ocrx_word' id='word_1_753' title='bbox 1450 5366 1650 5406; x_wconf 90' lang='lat' dir='ltr'><strong>nomen</strong></span> <span class='ocrx_word' id='word_1_754' title='bbox 1725 5344 1931 5424; x_wconf 61' lang='lat' dir='ltr'><strong>Sjenes</strong></span> <span class='ocrx_word' id='word_1_755' title='bbox 2015 5352 2298 5406; x_wconf 83' lang='lat' dir='ltr'><strong>dederunt.</strong></span> 
     </span>
    </p>
   </div>
   <div class='ocr_carea' id='block_1_99' title="bbox 726 5426 2301 5514">
    <p class='ocr_par' dir='ltr' id='par_1_99' title="bbox 726 5426 2301 5514">
     <span class='ocr_line' id='line_1_99' title="bbox 726 5426 2301 5514; baseline 0 -15"><span class='ocrx_word' id='word_1_756' title='bbox 726 5444 902 5499; x_wconf 90' lang='lat' dir='ltr'><strong>Porro</strong></span> <span class='ocrx_word' id='word_1_757' title='bbox 950 5442 1126 5512; x_wconf 83' lang='lat' dir='ltr'><strong>Syene</strong></span> <span class='ocrx_word' id='word_1_758' title='bbox 1159 5450 1243 5497; x_wconf 88' lang='lat' dir='ltr'><strong>est</strong></span> <span class='ocrx_word' id='word_1_759' title='bbox 1278 5442 1409 5496; x_wconf 85' lang='lat' dir='ltr'><strong>urbs</strong></span> <span class='ocrx_word' id='word_1_760' title='bbox 1464 5442 1641 5497; x_wconf 83' lang='lat' dir='ltr'><strong>media</strong></span> <span class='ocrx_word' id='word_1_761' title='bbox 1680 5445 1826 5497; x_wconf 91' lang='lat' dir='ltr'><strong>inter</strong></span> <span class='ocrx_word' id='word_1_762' title='bbox 1879 5426 2214 5514; x_wconf 57' lang='lat' dir='ltr'><strong>{Ethiopiam</strong></span> <span class='ocrx_word' id='word_1_763' title='bbox 2249 5453 2301 5500; x_wconf 86' lang='lat' dir='ltr'><strong>et</strong></span> 
     </span>
    </p>
   </div>
   <div class='ocr_carea' id='block_1_100' title="bbox 727 5531 2299 5604">
    <p class='ocr_par' dir='ltr' id='par_1_100' title="bbox 727 5531 2299 5604">
     <span class='ocr_line' id='line_1_100' title="bbox 727 5531 2299 5604; baseline -0.001 -15"><span class='ocrx_word' id='word_1_764' title='bbox 727 5534 1045 5604; x_wconf 65' lang='lat' dir='ltr'><strong>)Egyptum.</strong></span> <span class='ocrx_word' id='word_1_765' title='bbox 1076 5531 1218 5585; x_wconf 79' lang='lat' dir='ltr'><strong>Idem</strong></span> <span class='ocrx_word' id='word_1_766' title='bbox 1254 5543 1432 5586; x_wconf 89' lang='lat' dir='ltr'><strong>autem</strong></span> <span class='ocrx_word' id='word_1_767' title='bbox 1462 5532 1709 5587; x_wconf 83' lang='lat' dir='ltr'><strong>fecerunt</strong></span> <span class='ocrx_word' id='word_1_768' title='bbox 1751 5535 1817 5588; x_wconf 87' lang='lat' dir='ltr'><strong>de</strong></span> <span class='ocrx_word' id='word_1_769' title='bbox 1842 5535 2021 5603; x_wconf 78' lang='lat' dir='ltr'><strong>tertio</strong></span> <span class='ocrx_word' id='word_1_770' title='bbox 2047 5535 2263 5587; x_wconf 90' lang='lat' dir='ltr'><strong>climate</strong></span> <span class='ocrx_word' id='word_1_771' title='bbox 2285 5574 2299 5598; x_wconf 94' lang='lat'><strong>,</strong></span> 
     </span>
    </p>
   </div>
   <div class='ocr_carea' id='block_1_101' title="bbox 729 5625 2301 5697">
    <p class='ocr_par' dir='ltr' id='par_1_101' title="bbox 729 5625 2301 5697">
     <span class='ocr_line' id='line_1_101' title="bbox 729 5625 2301 5697; baseline 0.003 -20"><span class='ocrx_word' id='word_1_772' title='bbox 729 5626 873 5693; x_wconf 91' lang='lat' dir='ltr'><strong>quod</strong></span> <span class='ocrx_word' id='word_1_773' title='bbox 902 5640 932 5680; x_wconf 92' lang='lat' dir='ltr'><strong>e</strong></span> <span class='ocrx_word' id='word_1_774' title='bbox 961 5626 1185 5684; x_wconf 86' lang='lat' dir='ltr'><strong>nomine</strong></span> <span class='ocrx_word' id='word_1_775' title='bbox 1217 5626 1494 5681; x_wconf 81' lang='lat' dir='ltr'><strong>inferioris</strong></span> <span class='ocrx_word' id='word_1_776' title='bbox 1524 5625 1745 5697; x_wconf 65' lang='lat' dir='ltr'><strong>Egypti</strong></span> <span class='ocrx_word' id='word_1_777' title='bbox 1789 5626 2011 5693; x_wconf 90' lang='lat' dir='ltr'><strong>dicitur,</strong></span> <span class='ocrx_word' id='word_1_778' title='bbox 2044 5627 2301 5696; x_wconf 86' lang='lat' dir='ltr'><strong>quodque</strong></span> 
     </span>
    </p>
   </div>
   <div class='ocr_carea' id='block_1_102' title="bbox 730 5718 2300 5789">
    <p class='ocr_par' dir='ltr' id='par_1_102' title="bbox 730 5718 2300 5789">
     <span class='ocr_line' id='line_1_102' title="bbox 730 5718 2300 5789; baseline 0.003 -21"><span class='ocrx_word' id='word_1_779' title='bbox 730 5718 1019 5771; x_wconf 82' lang='lat' dir='ltr'><strong>maximam</strong></span> <span class='ocrx_word' id='word_1_780' title='bbox 1055 5718 1196 5774; x_wconf 91' lang='lat' dir='ltr'><strong>diem</strong></span> <span class='ocrx_word' id='word_1_781' title='bbox 1255 5719 1672 5789; x_wconf 86' lang='lat' dir='ltr'><strong>quatuordecim</strong></span> <span class='ocrx_word' id='word_1_782' title='bbox 1714 5721 1969 5774; x_wconf 84' lang='lat' dir='ltr'><strong>horarum</strong></span> <span class='ocrx_word' id='word_1_783' title='bbox 2007 5720 2186 5772; x_wconf 70' lang='lat' dir='ltr'><strong>habet.</strong></span> <span class='ocrx_word' id='word_1_784' title='bbox 2220 5718 2300 5773; x_wconf 89' lang='lat' dir='ltr'><strong>Ac</strong></span> 
     </span>
    </p>
   </div>
   <div class='ocr_carea' id='block_1_103' title="bbox 728 5806 2300 5888">
    <p class='ocr_par' dir='ltr' id='par_1_103' title="bbox 728 5806 2300 5888">
     <span class='ocr_line' id='line_1_103' title="bbox 728 5806 2300 5888; baseline 0.003 -26"><span class='ocrx_word' id='word_1_785' title='bbox 728 5806 979 5870; x_wconf 62' lang='lat' dir='ltr'><strong>similiter</strong></span> <span class='ocrx_word' id='word_1_786' title='bbox 1006 5808 1071 5866; x_wconf 90' lang='lat' dir='ltr'><strong>dc</strong></span> <span class='ocrx_word' id='word_1_787' title='bbox 1099 5821 1292 5886; x_wconf 86' lang='lat' dir='ltr'><strong>quarto</strong></span> <span class='ocrx_word' id='word_1_788' title='bbox 1327 5827 1353 5867; x_wconf 60' lang='grc' dir='ltr'><em>ἃ</em></span> <span class='ocrx_word' id='word_1_789' title='bbox 1399 5810 1590 5868; x_wconf 79' lang='lat' dir='ltr'><strong>Rhodo</strong></span> <span class='ocrx_word' id='word_1_790' title='bbox 1650 5813 2010 5883; x_wconf 66' lang='lat' dir='ltr'><strong>nominatum,</strong></span> <span class='ocrx_word' id='word_1_791' title='bbox 2044 5812 2300 5888; x_wconf 76' lang='lat' dir='ltr'><strong>quodque</strong></span> 
     </span>
    </p>
   </div>
   <div class='ocr_carea' id='block_1_104' title="bbox 2418 4610 3973 4688">
    <p class='ocr_par' dir='ltr' id='par_1_104' title="bbox 2418 4610 3973 4688">
     <span class='ocr_line' id='line_1_104' title="bbox 2418 4610 3973 4688; baseline -0.007 -17"><span class='ocrx_word' id='word_1_792' title='bbox 2418 4619 2641 4680; x_wconf 78' lang='grc' dir='ltr'>’ἰδόντες</span> <span class='ocrx_word' id='word_1_793' title='bbox 2669 4617 2779 4688; x_wconf 73' lang='grc' dir='ltr'>γὰρ</span> <span class='ocrx_word' id='word_1_794' title='bbox 2806 4610 2978 4682; x_wconf 69' lang='grc' dir='ltr'>οὗτοι,</span> <span class='ocrx_word' id='word_1_795' title='bbox 3004 4613 3079 4679; x_wconf 86' lang='grc' dir='ltr'>ὡς</span> <span class='ocrx_word' id='word_1_796' title='bbox 3109 4612 3437 4684; x_wconf 60' lang='grc' dir='ltr'>ὅσαίχῶραί</span> <span class='ocrx_word' id='word_1_797' title='bbox 3480 4614 3587 4665; x_wconf 87' lang='grc' dir='ltr'>εἰσι</span> <span class='ocrx_word' id='word_1_798' title='bbox 3616 4610 3973 4681; x_wconf 84' lang='grc' dir='ltr'>βορειότεραι,</span> 
     </span>
    </p>
   </div>
   <div class='ocr_carea' id='block_1_105' title="bbox 2405 4699 3978 4782">
    <p class='ocr_par' dir='ltr' id='par_1_105' title="bbox 2405 4699 3978 4782">
     <span class='ocr_line' id='line_1_105' title="bbox 2405 4699 3978 4782; baseline -0.006 -19"><span class='ocrx_word' id='word_1_799' title='bbox 2405 4712 2592 4782; x_wconf 78' lang='grc' dir='ltr'>ἔχουσι</span> <span class='ocrx_word' id='word_1_800' title='bbox 2619 4709 2718 4780; x_wconf 84' lang='grc' dir='ltr'><strong>τὴν</strong></span> <span class='ocrx_word' id='word_1_801' title='bbox 2755 4709 3021 4779; x_wconf 82' lang='grc' dir='ltr'>μεγίστην</span> <span class='ocrx_word' id='word_1_802' title='bbox 3051 4709 3264 4778; x_wconf 79' lang='grc' dir='ltr'>ἡμέραν</span> <span class='ocrx_word' id='word_1_803' title='bbox 3299 4705 3524 4775; x_wconf 80' lang='grc' dir='ltr'>μείζονα</span> <span class='ocrx_word' id='word_1_804' title='bbox 3555 4702 3665 4756; x_wconf 82' lang='grc' dir='ltr'><strong>τῶν</strong></span> <span class='ocrx_word' id='word_1_805' title='bbox 3725 4699 3978 4754; x_wconf 80' lang='grc' dir='ltr'>νοτιωτὲ-</span> 
     </span>
    </p>
   </div>
   <div class='ocr_carea' id='block_1_106' title="bbox 2408 4794 3976 4873">
    <p class='ocr_par' dir='ltr' id='par_1_106' title="bbox 2408 4794 3976 4873">
     <span class='ocr_line' id='line_1_106' title="bbox 2408 4794 3976 4873; baseline -0.009 -15"><span class='ocrx_word' id='word_1_806' title='bbox 2408 4821 2539 4873; x_wconf 87' lang='grc' dir='ltr'>ρων,</span> <span class='ocrx_word' id='word_1_807' title='bbox 2568 4804 2661 4856; x_wconf 76' lang='grc' dir='ltr'>καὶ</span> <span class='ocrx_word' id='word_1_808' title='bbox 2690 4802 2799 4856; x_wconf 72' lang='grc' dir='ltr'><strong>ἀπὸ</strong></span> <span class='ocrx_word' id='word_1_809' title='bbox 2821 4799 3137 4871; x_wconf 84' lang='grc' dir='ltr'>ἱσημερινοῦ</span> <span class='ocrx_word' id='word_1_810' title='bbox 3169 4797 3262 4852; x_wconf 74' lang='grc' dir='ltr'>ἐπὶ</span> <span class='ocrx_word' id='word_1_811' title='bbox 3287 4798 3354 4850; x_wconf 77' lang='grc' dir='ltr'><strong>τὰ</strong></span> <span class='ocrx_word' id='word_1_812' title='bbox 3388 4797 3544 4849; x_wconf 78' lang='grc' dir='ltr'>ἔνθεν</span> <span class='ocrx_word' id='word_1_813' title='bbox 3582 4796 3749 4864; x_wconf 87' lang='grc' dir='ltr'>μέρη,</span> <span class='ocrx_word' id='word_1_814' title='bbox 3777 4794 3976 4846; x_wconf 73' lang='grc' dir='ltr'>ἐάσαν-</span> 
     </span>
    </p>
   </div>
   <div class='ocr_carea' id='block_1_107' title="bbox 2404 4884 3978 4964">
    <p class='ocr_par' dir='ltr' id='par_1_107' title="bbox 2404 4884 3978 4964">
     <span class='ocr_line' id='line_1_107' title="bbox 2404 4884 3978 4964; baseline -0.008 -16"><span class='ocrx_word' id='word_1_815' title='bbox 2404 4913 2494 4957; x_wconf 81' lang='grc' dir='ltr'><strong>τες</strong></span> <span class='ocrx_word' id='word_1_816' title='bbox 2546 4892 2776 4964; x_wconf 78' lang='grc' dir='ltr'>αὔξησιν</span> <span class='ocrx_word' id='word_1_817' title='bbox 2836 4891 3150 4963; x_wconf 85' lang='grc' dir='ltr'>ήμιωρίου,</span> <span class='ocrx_word' id='word_1_818' title='bbox 3201 4890 3469 4944; x_wconf 75' lang='grc' dir='ltr'>ἐκάλεσαν</span> <span class='ocrx_word' id='word_1_819' title='bbox 3539 4888 3638 4949; x_wconf 74' lang='grc' dir='ltr'><strong>τὰς</strong></span> <span class='ocrx_word' id='word_1_820' title='bbox 3706 4884 3978 4954; x_wconf 76' lang='grc' dir='ltr'>τοσαύτην</span> 
     </span>
    </p>
   </div>
   <div class='ocr_carea' id='block_1_108' title="bbox 2405 4976 3976 5054">
    <p class='ocr_par' dir='ltr' id='par_1_108' title="bbox 2405 4976 3976 5054">
     <span class='ocr_line' id='line_1_108' title="bbox 2405 4976 3976 5054; baseline -0.01 -13"><span class='ocrx_word' id='word_1_821' title='bbox 2405 4988 2710 5041; x_wconf 86' lang='grc' dir='ltr'>ἀπόστασιν</span> <span class='ocrx_word' id='word_1_822' title='bbox 2744 4984 3053 5054; x_wconf 84' lang='grc' dir='ltr'>ἀπεχούσας</span> <span class='ocrx_word' id='word_1_823' title='bbox 3074 4982 3168 5036; x_wconf 90' lang='grc' dir='ltr'><strong>τοῦ</strong></span> <span class='ocrx_word' id='word_1_824' title='bbox 3194 4978 3512 5051; x_wconf 83' lang='grc' dir='ltr'>ἰσημερινοῦ</span> <span class='ocrx_word' id='word_1_825' title='bbox 3537 4978 3755 5049; x_wconf 82' lang='grc' dir='ltr'>πρῶτον</span> <span class='ocrx_word' id='word_1_826' title='bbox 3784 4976 3976 5044; x_wconf 66' lang='grc' dir='ltr'>κλίμα,</span> 
     </span>
    </p>
   </div>
   <div class='ocr_carea' id='block_1_109' title="bbox 2405 5067 3975 5146">
    <p class='ocr_par' dir='ltr' id='par_1_109' title="bbox 2405 5067 3975 5146">
     <span class='ocr_line' id='line_1_109' title="bbox 2405 5067 3975 5146; baseline -0.006 -17"><span class='ocrx_word' id='word_1_827' title='bbox 2405 5077 2771 5146; x_wconf 79' lang='grc' dir='ltr'>ὀνομάσαντες</span> <span class='ocrx_word' id='word_1_828' title='bbox 2806 5075 2936 5128; x_wconf 75' lang='grc' dir='ltr'>αὐτὸ</span> <span class='ocrx_word' id='word_1_829' title='bbox 2957 5073 3045 5127; x_wconf 77' lang='grc' dir='ltr'><strong>διὰ</strong></span> <span class='ocrx_word' id='word_1_830' title='bbox 3069 5073 3311 5144; x_wconf 80' lang='grc' dir='ltr'>Μερόης.</span> <span class='ocrx_word' id='word_1_831' title='bbox 3347 5069 3688 5141; x_wconf 78' lang='grc' dir='ltr'>’Υπὰρχειδὲ</span> <span class='ocrx_word' id='word_1_832' title='bbox 3726 5070 3759 5137; x_wconf 85' lang='grc' dir='ltr'>ἠ</span> <span class='ocrx_word' id='word_1_833' title='bbox 3789 5067 3975 5137; x_wconf 71' lang='grc' dir='ltr'>Μερόη</span> 
     </span>
    </p>
   </div>
   <div class='ocr_carea' id='block_1_110' title="bbox 2408 5159 3976 5236">
    <p class='ocr_par' dir='ltr' id='par_1_110' title="bbox 2408 5159 3976 5236">
     <span class='ocr_line' id='line_1_110' title="bbox 2408 5159 3976 5236; baseline -0.007 -15"><span class='ocrx_word' id='word_1_834' title='bbox 2408 5167 2877 5236; x_wconf 65' lang='grc' dir='ltr'>πόλιςιᾹωιοπική</span> <span class='ocrx_word' id='word_1_835' title='bbox 2899 5181 2912 5195; x_wconf 78' lang='grc'><strong><em>⁸</em></strong></span> <span class='ocrx_word' id='word_1_836' title='bbox 2947 5164 3142 5218; x_wconf 75' lang='grc' dir='ltr'>ἔστιδὲ</span> <span class='ocrx_word' id='word_1_837' title='bbox 3170 5166 3225 5217; x_wconf 85' lang='grc' dir='ltr'>ἐν</span> <span class='ocrx_word' id='word_1_838' title='bbox 3265 5163 3343 5233; x_wconf 81' lang='grc' dir='ltr'>τῷ</span> <span class='ocrx_word' id='word_1_839' title='bbox 3370 5162 3603 5231; x_wconf 83' lang='grc' dir='ltr'>τοιούτῳ</span> <span class='ocrx_word' id='word_1_840' title='bbox 3659 5160 3883 5227; x_wconf 84' lang='grc' dir='ltr'>κλίματι</span> <span class='ocrx_word' id='word_1_841' title='bbox 3942 5159 3976 5228; x_wconf 73' lang='grc' dir='ltr'><strong>η</strong></span> 
     </span>
    </p>
   </div>
   <div class='ocr_carea' id='block_1_111' title="bbox 2409 5248 3977 5328">
    <p class='ocr_par' dir='ltr' id='par_1_111' title="bbox 2409 5248 3977 5328">
     <span class='ocr_line' id='line_1_111' title="bbox 2409 5248 3977 5328; baseline -0.007 -17"><span class='ocrx_word' id='word_1_842' title='bbox 2409 5259 2640 5328; x_wconf 86' lang='grc' dir='ltr'>μεγίστη</span> <span class='ocrx_word' id='word_1_843' title='bbox 2674 5258 2856 5327; x_wconf 79' lang='grc' dir='ltr'>ἡμέρα</span> <span class='ocrx_word' id='word_1_844' title='bbox 2884 5255 3043 5327; x_wconf 83' lang='grc' dir='ltr'>ὡρῶν</span> <span class='ocrx_word' id='word_1_845' title='bbox 3079 5261 3167 5323; x_wconf 89' lang='grc' dir='ltr'>ιγ’.</span> <span class='ocrx_word' id='word_1_846' title='bbox 3204 5250 3338 5307; x_wconf 78' lang='grc' dir='ltr'>Εἶτα</span> <span class='ocrx_word' id='word_1_847' title='bbox 3378 5254 3540 5306; x_wconf 73' lang='grc' dir='ltr'>πάλιν</span> <span class='ocrx_word' id='word_1_848' title='bbox 3592 5251 3813 5311; x_wconf 82' lang='grc' dir='ltr'>ἰδόντες,</span> <span class='ocrx_word' id='word_1_849' title='bbox 3848 5248 3977 5301; x_wconf 73' lang='grc' dir='ltr'>ἔνθα</span> 
     </span>
    </p>
   </div>
   <div class='ocr_carea' id='block_1_112' title="bbox 2407 5341 3976 5419">
    <p class='ocr_par' dir='ltr' id='par_1_112' title="bbox 2407 5341 3976 5419">
     <span class='ocr_line' id='line_1_112' title="bbox 2407 5341 3976 5419; baseline -0.006 -18"><span class='ocrx_word' id='word_1_850' title='bbox 2407 5350 2552 5402; x_wconf 71' lang='grc' dir='ltr'>ἐστὶν</span> <span class='ocrx_word' id='word_1_851' title='bbox 2584 5350 2615 5419; x_wconf 77' lang='grc' dir='ltr'>ἡ</span> <span class='ocrx_word' id='word_1_852' title='bbox 2644 5348 2874 5419; x_wconf 84' lang='grc' dir='ltr'>μεγίστη</span> <span class='ocrx_word' id='word_1_853' title='bbox 2917 5347 3103 5417; x_wconf 79' lang='grc' dir='ltr'>ἡμέρα</span> <span class='ocrx_word' id='word_1_854' title='bbox 3160 5345 3320 5415; x_wconf 83' lang='grc' dir='ltr'>ὡρῶν</span> <span class='ocrx_word' id='word_1_855' title='bbox 3360 5351 3443 5413; x_wconf 60' lang='grc' dir='ltr'><strong>4γ’</strong></span> <span class='ocrx_word' id='word_1_856' title='bbox 3465 5344 3516 5407; x_wconf 84' lang='grc' dir='ltr'>ὑ,</span> <span class='ocrx_word' id='word_1_857' title='bbox 3548 5342 3845 5411; x_wconf 83' lang='grc' dir='ltr'>ὠνόμασαν</span> <span class='ocrx_word' id='word_1_858' title='bbox 3877 5341 3976 5402; x_wconf 70' lang='grc' dir='ltr'><strong>τὰς</strong></span> 
     </span>
    </p>
   </div>
   <div class='ocr_carea' id='block_1_113' title="bbox 2406 5431 3975 5512">
    <p class='ocr_par' dir='ltr' id='par_1_113' title="bbox 2406 5431 3975 5512">
     <span class='ocr_line' id='line_1_113' title="bbox 2406 5431 3975 5512; baseline -0.008 -17"><span class='ocrx_word' id='word_1_859' title='bbox 2406 5442 2613 5495; x_wconf 78' lang='grc' dir='ltr'>ἐκεῖθεν</span> <span class='ocrx_word' id='word_1_860' title='bbox 2644 5441 2857 5512; x_wconf 75' lang='grc' dir='ltr'>ἡμέρας</span> <span class='ocrx_word' id='word_1_861' title='bbox 2896 5439 3067 5509; x_wconf 82' lang='grc' dir='ltr'>κλίμα</span> <span class='ocrx_word' id='word_1_862' title='bbox 3118 5438 3186 5508; x_wconf 88' lang='grc' dir='ltr'><strong>β’,</strong></span> <span class='ocrx_word' id='word_1_863' title='bbox 3228 5439 3322 5492; x_wconf 73' lang='grc' dir='ltr'>καὶ</span> <span class='ocrx_word' id='word_1_864' title='bbox 3364 5436 3632 5505; x_wconf 75' lang='grc' dir='ltr'>ἐκᾴλεσαν</span> <span class='ocrx_word' id='word_1_865' title='bbox 3682 5435 3841 5509; x_wconf 79' lang='grc' dir='ltr'>τοῦτο</span> <span class='ocrx_word' id='word_1_866' title='bbox 3887 5431 3975 5485; x_wconf 59' lang='grc' dir='ltr'><strong>διὰ</strong></span> 
     </span>
    </p>
   </div>
   <div class='ocr_carea' id='block_1_114' title="bbox 2404 5519 3975 5603">
    <p class='ocr_par' dir='ltr' id='par_1_114' title="bbox 2404 5519 3975 5603">
     <span class='ocr_line' id='line_1_114' title="bbox 2404 5519 3975 5603; baseline -0.007 -16"><span class='ocrx_word' id='word_1_867' title='bbox 2404 5519 2636 5603; x_wconf 74' lang='grc' dir='ltr'>Συήνης.</span> <span class='ocrx_word' id='word_1_868' title='bbox 2683 5535 2749 5587; x_wconf 86' lang='grc' dir='ltr'><strong>Ἦ</strong></span> <span class='ocrx_word' id='word_1_869' title='bbox 2779 5534 2833 5585; x_wconf 84' lang='grc' dir='ltr'>δὲ</span> <span class='ocrx_word' id='word_1_870' title='bbox 2873 5534 3051 5602; x_wconf 85' lang='grc' dir='ltr'>Συήνη</span> <span class='ocrx_word' id='word_1_871' title='bbox 3081 5532 3198 5583; x_wconf 72' lang='grc' dir='ltr'>ἐστὶ</span> <span class='ocrx_word' id='word_1_872' title='bbox 3221 5529 3388 5603; x_wconf 69' lang='grc' dir='ltr'>πόλις</span> <span class='ocrx_word' id='word_1_873' title='bbox 3420 5531 3478 5581; x_wconf 90' lang='grc' dir='ltr'>ἐν</span> <span class='ocrx_word' id='word_1_874' title='bbox 3513 5526 3822 5597; x_wconf 82' lang='grc' dir='ltr'>μεταιχμίῳ</span> <span class='ocrx_word' id='word_1_875' title='bbox 3879 5524 3975 5592; x_wconf 76' lang='grc' dir='ltr'>τῆς</span> 
     </span>
    </p>
   </div>
   <div class='ocr_carea' id='block_1_115' title="bbox 2405 5616 3975 5695">
    <p class='ocr_par' dir='ltr' id='par_1_115' title="bbox 2405 5616 3975 5695">
     <span class='ocr_line' id='line_1_115' title="bbox 2405 5616 3975 5695; baseline -0.008 -15"><span class='ocrx_word' id='word_1_876' title='bbox 2405 5626 2730 5695; x_wconf 80' lang='grc' dir='ltr'>Αἰθιοπικῆς</span> <span class='ocrx_word' id='word_1_877' title='bbox 2778 5626 2870 5677; x_wconf 68' lang='grc' dir='ltr'>καὶ</span> <span class='ocrx_word' id='word_1_878' title='bbox 2915 5620 3296 5689; x_wconf 78' lang='grc' dir='ltr'>Αἰγυπτιακῆς</span> <span class='ocrx_word' id='word_1_879' title='bbox 3355 5620 3560 5689; x_wconf 78' lang='grc' dir='ltr'>χώρας.</span> <span class='ocrx_word' id='word_1_880' title='bbox 3617 5618 3691 5670; x_wconf 84' lang='grc' dir='ltr'><strong>τὸ</strong></span> <span class='ocrx_word' id='word_1_881' title='bbox 3743 5616 3876 5670; x_wconf 80' lang='grc' dir='ltr'>αὐτὸ</span> <span class='ocrx_word' id='word_1_882' title='bbox 3920 5616 3975 5668; x_wconf 71' lang='grc' dir='ltr'>δὲ</span> 
     </span>
    </p>
   </div>
   <div class='ocr_carea' id='block_1_116' title="bbox 2407 5708 3973 5785">
    <p class='ocr_par' dir='ltr' id='par_1_116' title="bbox 2407 5708 3973 5785">
     <span class='ocr_line' id='line_1_116' title="bbox 2407 5708 3973 5785; baseline -0.008 -14"><span class='ocrx_word' id='word_1_883' title='bbox 2407 5718 2668 5785; x_wconf 83' lang='grc' dir='ltr'>ἐποίησαν</span> <span class='ocrx_word' id='word_1_884' title='bbox 2697 5717 2790 5770; x_wconf 75' lang='grc' dir='ltr'>καὶ</span> <span class='ocrx_word' id='word_1_885' title='bbox 2818 5716 2911 5768; x_wconf 75' lang='grc' dir='ltr'>ἐπὶ</span> <span class='ocrx_word' id='word_1_886' title='bbox 2940 5712 3038 5766; x_wconf 86' lang='grc' dir='ltr'><strong>τοῦ</strong></span> <span class='ocrx_word' id='word_1_887' title='bbox 3076 5716 3261 5783; x_wconf 86' lang='grc' dir='ltr'>τρίτου</span> <span class='ocrx_word' id='word_1_888' title='bbox 3304 5712 3583 5780; x_wconf 83' lang='grc' dir='ltr'>κλίματος,</span> <span class='ocrx_word' id='word_1_889' title='bbox 3626 5710 3682 5761; x_wconf 80' lang='grc' dir='ltr'>τὸ</span> <span class='ocrx_word' id='word_1_890' title='bbox 3732 5709 3822 5760; x_wconf 66' lang='grc' dir='ltr'>διὰ</span> <span class='ocrx_word' id='word_1_891' title='bbox 3877 5708 3973 5775; x_wconf 72' lang='grc' dir='ltr'>τῆς</span> 
     </span>
    </p>
   </div>
   <div class='ocr_carea' id='block_1_117' title="bbox 2408 5804 3973 5887">
    <p class='ocr_par' dir='ltr' id='par_1_117' title="bbox 2408 5804 3973 5887">
     <span class='ocr_line' id='line_1_117' title="bbox 2408 5804 3973 5887; baseline -0.019 -14"><span class='ocrx_word' id='word_1_892' title='bbox 2408 5814 2555 5872; x_wconf 71' lang='grc' dir='ltr'>κάτω</span> <span class='ocrx_word' id='word_1_893' title='bbox 2582 5813 2761 5887; x_wconf 79' lang='grc' dir='ltr'>χώρας</span> <span class='ocrx_word' id='word_1_894' title='bbox 2804 5810 3079 5880; x_wconf 76' lang='grc' dir='ltr'>Αἰγύπτου</span> <span class='ocrx_word' id='word_1_895' title='bbox 3108 5808 3423 5881; x_wconf 82' lang='grc' dir='ltr'>λεγόμενον,</span> <span class='ocrx_word' id='word_1_896' title='bbox 3453 5806 3549 5878; x_wconf 72' lang='grc' dir='ltr'>τὴν</span> <span class='ocrx_word' id='word_1_897' title='bbox 3573 5806 3834 5876; x_wconf 65' lang='grc' dir='ltr'>μεγίστην</span> <span class='ocrx_word' id='word_1_898' title='bbox 3854 5804 3973 5873; x_wconf 65' lang='grc' dir='ltr'><strong>ἕχον</strong></span> 
     </span>
    </p>
   </div>
  </div>
