4446 6446
456 375 561 436 789

456 486 671 554 ἡμέραν
694 484 855 551 ὡρῶν
907 486 970 537 ιδ’

457 579 519 630 τδ
587 578 673 629 διὰ
758 578 943 630 Ῥόδου
1033 578 1475 646 ὀνομαζόμενον,
1560 576 1658 646 τὴν
1762 576 2028 645 μεγίστην

461 668 583 736 ἔχον
612 670 825 735 ἡμέραν
859 670 1017 738 ὡρῶν
1048 668 1165 723 ιδ’ύ·
1222 670 1462 723 καὶ-ἐπὶ
1509 670 1604 722 τοῦ
1654 669 1930 737 πέμπτου.
1978 670 2035 721 ἐν

459 753 506 824 ᾧ
563 761 894 829 οἰκούμενοι,
952 761 1234 824 ὡσαύτως,
1289 763 1346 813 ὲν
1392 754 1436 827 ᾧ
1482 762 1517 830 ἡ
1571 761 1801 829 μεγίστη
1851 761 2035 831 ἡμέρα

465 849 623 917 ὡρῶν
656 851 876 902 ἐστιιεν.
956 850 1260 917 Ὠνὸμασαν
1302 851 1363 901 τὸ
1416 852 1576 903 ἕκτον
1623 850 1792 919 κλίμα
1838 850 1900 902 τὸ
1948 852 2037 904 διὰ

468 940 634 1008 μέσον
668 941 895 1003 Πόντου,
939 933 1057 1005 ὲνῷ
1102 942 1133 1006 ή
1194 940 1424 1009 μεγίστη
1462 940 1645 1009 ἡμέρα
1692 942 1851 1009 ὡρῶν
1912 941 2028 992 ιε’ὐ.

468 1031 540 1083 Τὸ
569 1031 623 1082 δὲ
657 1030 883 1098 ἕϐδομον
913 1030 973 1082 τὸ
999 1031 1087 1083 διὰ
1119 1030 1211 1084 τοῦ
1247 1030 1638 1100 Βορυσθένους,
1687 1032 1745 1085 ὲν
1778 1025 1820 1098 ᾧ
1865 1032 1898 1102 ἡ
1944 1048 2040 1101 με-

468 1123 628 1190 γίστη
673 1123 854 1190 ἡμέρα
890 1121 1049 1190 ὡρῶν
1094 1124 1207 1175 ἐστι
1243 1122 1335 1186 ις’.
1384 1123 1503 1175 Εἰσὶ
1532 1123 1588 1175 δὲ
1623 1125 1680 1176 ἑν
1727 1122 1803 1192 τῷ
1836 1123 2040 1193 Βορείῳ

474 1217 630 1284 μέρει
671 1216 827 1267 τόποι
866 1216 1178 1284 οἱκούμενοι
1222 1215 1480 1267 ἐπέκεινα
1526 1214 1636 1267 τῶν
1672 1215 1812 1267 ἑπτὰ
1846 1216 2042 1283 κλιμά-

470 1326 598 1364 των,
646 1308 701 1358 ὲν
742 1301 822 1366 οἷς
871 1306 1073 1374 μείζων
1124 1308 1239 1359 ἐστὶ
1280 1307 1387 1359 τῶν
1428 1306 1776 1375 δηλωθεισῶν
1816 1307 1974 1377 ὡρῶν
2008 1308 2041 1375 ἡ

476 1400 709 1467 μεγίστη
752 1400 953 1467 ἡμέρα.
1000 1398 1209 1451 Αὐτίκα
1257 1396 1387 1464 γοῦν
1417 1399 1474 1449 ὲν
1514 1401 1578 1468 τῇ
1625 1398 1822 1468 Θούλῃ,
1861 1399 1948 1452 διὰ
1984 1402 2043 1452 τὸ

473 1489 564 1540 τὺν
614 1489 825 1557 θερινὸν
873 1488 1074 1540 κύκλον
1120 1488 1255 1551 ὅλως
1312 1490 1448 1557 ὑπὲρ
1498 1489 1603 1555 γῆν
1651 1486 1812 1552 εἶναι,
1863 1491 1918 1541 ὲν
1969 1490 2044 1553 τῷ

477 1580 625 1647 θέρει
654 1580 744 1630 ἐπὶ
778 1580 987 1647 quem;
1013 1579 1084 1646 μι⁹
1114 1581 1141 1630 ὁ
1166 1581 1312 1649 ἥλιος
1338 1580 1522 1641 αὐτοῖς
1548 1580 1737 1640 ἄδυτος
1768 1581 2003 1650 ὑπάρχει
2028 1598 2041 1612 ’

476 1669 534 1718 ἔν
585 1668 640 1719 δὲ
688 1666 765 1730 τῷ
817 1667 1044 1736 χειμῶνι
1094 1668 1160 1719 δι’
1216 1670 1435 1738 ἡμερῶν
1492 1676 1544 1737 μ’
1599 1670 1690 1721 τὸν
1747 1669 1897 1737 ἥλιον
1950 1670 2045 1738 ούχ

477 1759 667 1825 ὁρῶσι,
699 1758 786 1809 διὰ
821 1760 881 1809 τὸ
931 1759 1019 1810 τὴν
1058 1758 1176 1809 ὅλον
1216 1758 1307 1809 τὸν
1352 1760 1663 1827 χειμερινὸν
1708 1758 1903 1811 κύκλον
1941 1760 2046 1811 ὑπὸ

478 1850 581 1916 γῆν
628 1846 764 1901 εἶναι
819 1851 909 1901 καὶ
958 1849 1158 1917 ἀφανῆ.
1214 1850 1275 1902 Ἢ
1327 1851 1382 1903 δὲ
1441 1853 1707 1921 διαίρεσις
1753 1852 1862 1903 τῶν
1909 1854 2048 1906 ἑπτὰ

480 1941 757 2009 κλιμάτων
786 1942 926 1992 κατά
976 1942 1073 2009 μὲν
1110 1942 1279 2011 μῆκός
1308 1944 1457 1995 ἐστιν
1491 1944 1598 1996 ἀπὸ
1631 1945 1893 2013 ἀνατολῆς
1920 1945 2048 2016 ἄχρι

480 2032 705 2095 δύσεως.
765 2033 903 2085 κατᾶ
933 2033 989 2085 δὲ
1036 2034 1235 2095 πλάτος
1282 2035 1388 2087 ἀπὸ
1435 2036 1528 2088 τοῦ
1563 2036 1879 2105 ἰσημερινοῦ
1925 2040 2048 2107 ἄχρι

482 2124 591 2174 τῶν
618 2124 843 2192 βορεέων
875 2125 1077 2193 μερῶν,
1105 2118 1176 2177 ὧν
1203 2126 1451 2195 εἴπομεν.
1485 2128 1638 2179 Ἐστι
1661 2129 1715 2180 δὲ
1742 2130 1801 2180 τὸ
1828 2130 1923 2197 μὲν
1949 2130 2053 2197 μῆ-

485 2231 581 2274 κος
620 2214 717 2281 τῆς
757 2215 1079 2283 οἰκουμένης
1120 2217 1396 2285 διάστημα
1428 2217 1587 2285 ὡρῶν
1623 2218 1722 2287 ιβ”
1763 2219 1849 2270 ὅτε
1891 2219 1998 2287 γὰρ
2028 2221 2054 2270 ὁ

483 2305 634 2372 ἥλιος
668 2306 947 2358 ἀνατέλλει
976 2308 1034 2357 ὲν
1062 2308 1211 2379 Σήρᾳ
1237 2310 1302 2377 τῇ
1328 2306 1501 2370 πόλει,
1535 2308 1678 2361 δύνει
1704 2311 1762 2360 ἐν
1785 2310 1904 2371 ταῖς
1936 2310 2054 2362 Μα-

487 2394 670 2462 κάρων
726 2396 929 2464 νήσοις.
961 2398 1033 2449 Τὸ
1080 2398 1135 2450 δὲ
1186 2398 1387 2460 πλάτος
1429 2399 1537 2450 ἀπὸ
1585 2398 1678 2451 τοῦ
1735 2399 2054 2468 ίσημερινοῦ

486 2487 614 2555 ἄχρι
649 2489 744 2557 τῆς
776 2492 938 2557 νήσου
981 2491 1208 2558 Θούλης,
1245 2491 1317 2551 ὡς
1360 2491 1681 2545 ἔπιπλὰσιον
1722 2493 1966 2558 γίνεσθαι
1995 2495 2056 2548 τὸ

494 2580 665 2647 μῆκος
698 2580 789 2632 τοῦ
829 2580 1093 2644 πλάτους·
1120 2583 1199 2634 διὸ
1226 2584 1444 2650 γελοῖοι,
1474 2585 1587 2637 ὅσοι
1626 2585 1927 2656 κυκλοτερῆ
1960 2587 2055 2657 τὴν

488 2674 815 2742 οἰκουμένην
846 2675 1316 2744 καταγράφουσιν.

490 2869 554 2935 γ’.
592 2870 727 2936 Περὶ
763 2870 880 2923 τῶν
924 2874 1151 2940 μεταξὺ
1206 2873 1313 2939 τῆς
1365 2875 1475 2941 γῆς
1509 2876 1603 2928 καὶ
1647 2877 1749 2929 τοῦ
1802 2877 2060 2943 οὐρανοῦ

666 2943 978 3008 στοιχείων
1018 2944 1112 2996 καὶ
1143 2943 1258 2997 τῶν
1290 2946 1419 3011 περὶ
1452 2947 1636 2999 ταῦτα
1667 2946 1892 2999 παθῶν.

573 3031 633 3081 Ἢ
667 3032 735 3099 γῆ
770 3036 867 3100 τὴν
901 3033 1073 3101 μέσην
1106 3035 1197 3086 τοῦ
1234 3037 1433 3098 παντὸς
1478 3036 1660 3103 χώραν
1690 3038 1928 3105 λαχοῦσα
1970 3039 2058 3090 εύ-

1636 367 2119 432 SOLUTIONES
2157 369 2518 437 QUxEDAM.

1038 508 1045 514 ε
1091 486 1185 537 καὶ
1220 485 1313 538 ἐπὶ
1349 483 1443 537 τοῦ
1500 484 1760 553 τετάρτου
1794 484 2021 553 ὁμοίως,
2055 480 2099 536 Α
2131 481 2422 535 maximam
2455 482 2595 536 diem
2632 496 2794 551 sesqu

1948 500 2021 545 υς,
2055 480 2099 536 Α
2131 481 2422 535 maximam
2455 482 2595 536 diem
2632 478 3237 551 sesquiquatuordeclm
3294 480 3553 534 horarum
3602 480 3704 534 ha-

3594 369 3703 433 790

2134 575 2225 629 bet
2261 594 2273 629 :
2310 583 2475 644 atque
2507 576 2585 630 sic
2614 590 2833 645 quoque
2875 575 2943 629 de
2990 574 3204 644 quinto,
3256 575 3311 629 in
3369 588 3478 644 quo
3536 574 3701 627 etiam

2136 668 2386 723 homines
2418 668 2683 733 habitant,
2713 678 2765 722 et
2806 670 2859 722 in
2889 682 2998 738 quo
3025 666 3261 719 maxima
3292 666 3409 721 dies
3434 676 3514 722 est
3540 666 3708 734 quiu-

2136 760 2311 814 dccim
2381 760 2664 813 horarum.
2713 758 3142 813 Nomiuaverunt
3205 768 3419 812 sextum
3466 757 3630 812 clima
3680 771 3710 810 a

2140 852 2312 905 Ponto
2344 853 2544 917 medio,
2586 851 2638 905 iu
2671 866 2780 919 quo
2814 852 3046 904 maxima
3081 850 3199 905 dies
3228 856 3313 903 est
3349 851 3713 919 sesquiquin-

2140 943 2315 997 decim
2346 944 2630 997 horarum.
2660 942 2957 1011 Septimum
2986 942 3148 995 clima
3178 940 3325 1010 quod
3357 950 3442 995 est
3480 955 3573 1010 per
3604 940 3710 993 Bo-

2140 1036 2477 1105 rysthenem,
2529 1036 2579 1088 in
2637 1050 2746 1104 quo
2796 1033 2913 1088 dies
2993 1035 3225 1088 maxima
3256 1035 3441 1087 decem
3498 1040 3553 1087 et
3620 1049 3711 1087 sex

2142 1126 2292 1181 horis
2316 1136 2555 1183 constat.
2594 1127 2651 1181 ln
2710 1138 2864 1197 parte
2887 1134 3070 1182 autem
3110 1126 3526 1196 septentrionali
3581 1134 3709 1180 sunt

2144 1218 2474 1275 habitabiles
2515 1218 2619 1273 loci
2652 1220 2797 1273 ultra
2836 1227 3045 1287 septem
3085 1218 3172 1272 illa
3211 1218 3453 1282 climata,
3498 1218 3554 1271 in
3586 1217 3712 1285 qui-

2145 1309 2248 1363 bus
2280 1309 2516 1362 maxima
2544 1308 2661 1363 dies
2717 1308 2890 1377 major
2928 1316 3011 1362 est
3060 1322 3220 1377 quam
3279 1307 3396 1361 dies
3450 1307 3716 1376 praedicti.

2148 1398 2205 1453 lu
2238 1399 2412 1453 Thule
2436 1399 2624 1469 igitur,
2660 1413 2783 1452 cum
2824 1400 3048 1453 aestivus
3086 1398 3329 1452 circulus
3362 1398 3591 1451 omnino
3622 1412 3716 1452 su-

2148 1503 2248 1558 pra
2288 1496 2487 1543 terram
2517 1488 2609 1553 sit,
2656 1502 2754 1557 per
2802 1495 3043 1541 aestatem
3092 1485 3283 1540 diebus
3323 1484 3721 1555 quinquaginta

2148 1579 2231 1633 sol
2260 1594 2365 1633 non
2397 1578 2634 1642 occidit;
2666 1592 2763 1647 per
2793 1577 3033 1631 hiemem
3083 1590 3214 1630 vero
3264 1576 3459 1631 diebus
3489 1575 3727 1643 quadra-

2149 1670 2297 1739 ginta
2338 1669 2505 1724 solem
2537 1683 2646 1722 non
2684 1668 2887 1729 vident,
2939 1681 3063 1719 cum
3125 1674 3270 1719 totus
3309 1665 3560 1720 hiemalis
3610 1665 3723 1719 cir-

2155 1758 2315 1813 culus
2355 1758 2546 1813 subter
2581 1767 2780 1811 terram
2807 1757 2877 1809 sit
2910 1769 3009 1809 nec
3063 1761 3341 1823 appareat.
3403 1749 3726 1807 Distributio

2081 1824 2123 1882 Β
2154 1859 2338 1904 autem
2377 1858 2583 1917 septem
2626 1847 2907 1899 climatum
2955 1854 3042 1901 est
3091 1845 3391 1899 secundum
3429 1845 3728 1914 longitudi-

2153 1953 2275 1991 nem
2317 1937 2385 1991 ab
2434 1936 2647 1991 oriente
2712 1950 2889 2005 usque
2925 1934 2989 1989 ad
3022 1934 3387 1995 occidentem,
3426 1935 3724 1989 secundum

2155 2028 2496 2083 latitudinem
2530 2042 2661 2082 vero
2707 2027 2775 2081 ab
2808 2026 3138 2095 aquiuoctio
3187 2041 3363 2094 usque
3422 2026 3486 2080 ad
3545 2034 3727 2095 partes

2156 2120 2630 2188 septentrionales,
2672 2119 2739 2173 de
2774 2118 2977 2185 quibus
3038 2131 3224 2185 supra.
3260 2114 3574 2170 Secundum
3608 2116 3727 2169 lon-

2156 2210 2454 2277 gitudinem
2487 2221 2651 2276 porro
2700 2206 3005 2261 dilIerentia
3060 2205 3198 2259 inter
3225 2213 3500 2260 extremas
3544 2217 3728 2275 partes

2159 2300 2443 2354 duodecim
2482 2300 2632 2354 horis
2669 2306 2912 2353 constat.
2942 2298 3174 2364 Quando
3212 2298 3359 2351 enim
3394 2297 3475 2352 sol
3503 2298 3557 2351 in
3594 2298 3729 2352 urbe

2160 2389 2290 2445 Sera
2324 2391 2519 2452 oritur,
2552 2391 2605 2442 in
2648 2389 2934 2443 Beatorum
2963 2389 3159 2442 insulis
3192 2388 3415 2443 occidit.
3470 2386 3728 2443 Latitudo

2157 2494 2289 2535 vero
2326 2480 2394 2533 ab
2422 2479 2749 2548 mquinoctio
2782 2478 2849 2532 ad
2905 2479 3144 2533 insulam
3181 2478 3411 2532 Thulem
3447 2479 3615 2544 vadit,
3650 2479 3726 2533 ita

2159 2583 2219 2625 ut
2250 2571 2528 2641 longitudo
2564 2571 2856 2626 latitudine
2879 2571 3043 2639 triplo
3079 2570 3256 2639 major
3282 2571 3373 2624 sit.
3406 2568 3561 2625 Unde
3593 2571 3729 2625 ridi-

2161 2663 2270 2717 culi
2298 2670 2449 2726 sunt,
2474 2665 2568 2730 qui
2594 2662 2882 2717 rotundam
2913 2670 3116 2717 terram
3144 2662 3495 2718 habitabilem
3527 2662 3732 2718 descri-

2163 2757 2315 2811 bunt

2162 2871 2216 2923 3.
2256 2868 2330 2924 De
2360 2870 2623 2924 clementis
2658 2887 2775 2938 qum
2805 2879 2926 2925 sunt
2956 2870 3091 2924 inter
3122 2880 3319 2923 terram
3353 2878 3403 2922 et
3433 2870 3643 2933 caelum,
3682 2881 3732 2923 et

2440 2941 2503 2994 de
2536 2941 2870 3007 passiouibus
2893 2957 3010 3009 qua:
3043 2941 3110 2993 ad
3145 2957 3205 2993 ea
3223 2940 3473 2992 attinent.

2232 3032 2403 3087 Terra
2429 3048 2549 3102 qua:
2584 3032 2815 3086 mediam
2848 3033 3085 3086 universi
3116 3032 3391 3101 regionem
3426 3032 3618 3085 sortita
3646 3038 3731 3085 est

494 3121 589 3182 Θϋς
618 3122 676 3173 τὸ
706 3122 848 3191 ὕδωρ
879 3123 988 3191 ἔχει
1015 3125 1153 3193 ὑπὲρ
1184 3126 1355 3193 αὐτῆς
1383 3142 1394 3154 ·
1427 3128 1540 3177 ἔστι
1571 3126 1625 3178 δὲ
1655 3127 1682 3178 ὀ
1711 3128 1871 3189 τόπος
1894 3128 2057 3180 αὑτοῦ
2088 3156 2131 3214 c
2167 3138 2250 3192 su]

1974 3129 2057 3180 τοῦ
2088 3156 2131 3214 c
2167 3138 2331 3192 super
2361 3138 2419 3178 se
2469 3137 2664 3191 aquam
2694 3122 2879 3176 statim
2914 3122 3097 3177 habet.
3156 3123 3325 3191 Aquae
3360 3129 3540 3175 autem
3578 3122 3730 3176 locus

491 3212 803 3273 ὁώκεανὺς,
854 3214 1072 3267 πάντων
1106 3216 1211 3268 τῶν
1262 3218 1468 3269 ὑδάτων
1515 3220 1929 3289 καταρρεόντων
1981 3223 2061 3284 εἰς

492 3304 673 3357 αὒτόν.
713 3306 829 3356 ΕΞσῖ
882 3307 937 3358 δὲ
981 3307 1236 3373 μέγισται
1288 3308 1575 3373 θάλασσαι,
1626 3312 1815 3378 πρώτη
1874 3313 1971 3379 μὲν
2023 3316 2053 3383 ἡ

506 3396 761 3464 Ἐρυθρᾶ,
796 3397 870 3458 ὡς
902 3397 1062 3467 μέχρι
1093 3402 1192 3466 τῆς
1238 3399 1462 3467 Ἰνδικῆς
1508 3401 1770 3467 διήκουσα
1806 3405 1927 3473 γῆς,
1960 3410 2057 3475 τῆς

494 3504 550 3537 τε
582 3488 762 3555 χώρας
785 3489 890 3539 τῶν
920 3489 1086 3541 Σίνων
1111 3492 1201 3542 καὶ
1230 3489 1356 3557 ἄχρι
1390 3492 1486 3554 τῆς
1514 3492 1788 3561 Περσίδος.
1822 3496 2057 3564 Δευτέρα

493 3578 547 3629 δὲ
583 3581 719 3646 αὕτη
772 3580 804 3648 ἡ
861 3580 981 3632 καθ’
1025 3583 1169 3649 ἡμᾶς
1223 3582 1579 3635 εἰσϐάλλουσα
1627 3584 1759 3652 πρὸς
1806 3588 1916 3647 τοῖς
1964 3586 2061 3654 τῆς

510 3669 778 3733 Ἱσπανίας
825 3676 1048 3740 μέρεσιν
1088 3674 1164 3734 εἰς
1210 3674 1300 3725 τὸν
1343 3675 1556 3727 δυτικὸν
1594 3674 1857 3729 ὠκεανόν.
1890 3678 2058 3749 Τρίτη

496 3760 549 3810 δὲ
583 3760 895 3829 ἡλεγομένη
931 3762 1156 3830 Μεγάλη
1192 3764 1276 3815 διὰ
1307 3765 1365 3815 τὸ
1401 3765 1474 3832 μὴ
1525 3764 1667 3833 ἔχειν
1702 3768 1918 3833 νήσους,
1952 3770 2059 3819 εἰσ-

499 3852 769 3903 ϐάλλουσα
803 3852 891 3905 διὰ
923 3852 1014 3905 τοῦ
1050 3855 1235 3905 στενοῦ
1269 3855 1348 3915 είς
1387 3856 1487 3923 τὴν
1533 3856 1651 3907 καθ’
1691 3858 1837 3924 ἡμᾶς
1868 3857 2064 3911 Θάλασ-

503 3961 621 3995 σαν.
654 3946 717 3995 Δί
752 3946 807 3996 δὲ
839 3945 1022 3997 λοιπαὶ
1048 3944 1233 4013 λίμναι
1279 3946 1479 4015 μᾶλλόν
1512 3948 1666 4009 εἰσιν,
1703 3947 1736 4015 ἢ
1768 3948 2060 4003 θάλασσαι.

512 4033 736 4087 ’Δλυκὺν
765 4035 818 4087 δέ
855 4037 969 4087 ἐστι
1000 4035 1059 4087 τὸ
1097 4036 1194 4103 τῆς
1218 4035 1491 4103 θαλάσσης
1518 4037 1659 4105 ὕδωρ
1689 4038 1777 4091 διὰ
1806 4040 2063 4107 τοιαύτην

502 4127 680 4179 αἰτίαν
703 4146 716 4159 ·
750 4128 868 4179 ἐπεὶ
894 4128 1003 4197 γὰρ
1036 4129 1063 4179 ὁ
1089 4129 1238 4197 ἥλιος
1271 4129 1357 4181 ἀεὶ
1406 4129 1667 4198 ἀνιμᾶται
1697 4132 1755 4183 τὸ
1802 4133 2067 4203 λεπτομε-

505 4219 597 4285 ρὲς
630 4218 797 4285 αὐτῆς
850 4219 1033 4287 ὑγρὸν,
1084 4220 1471 4272 καταλείπεται
1502 4222 1560 4271 τὸ
1606 4222 1775 4290 παχὺ,
1817 4226 1909 4276 καὶ
1955 4225 2067 4295 ἔχει

502 4308 759 4379 τοιαύτην
782 4308 993 4376 γεῦσιν,
1022 4311 1271 4381 καθάπερ
1296 4312 1510 4381 ὁρῶμεν
1538 4314 1758 4365 ἐπὶτῶν
1784 4316 2068 4385 ἡμετέρων

505 4400 773 4469 σωμάτων
792 4417 804 4431 ·
838 4403 1126 4470 πινομένου
1154 4403 1261 4473 γὰρ
1284 4406 1412 4474 παρ’
1438 4406 1590 4474 ήμῶν
1616 4405 1709 4459 τοῦ
1745 4406 1952 4470 ὓδατος,
1980 4409 2069 4461 καὶ

2164 3222 2249 3269 est
2288 3228 2547 3277 oceanus,
2601 3214 2653 3267 in
2681 3228 2840 3282 quem
2876 3212 3130 3286 inﬂuunt
3160 3227 3316 3282 aqua:
3364 3228 3576 3267 omnes.
3621 3213 3733 3266 Ma-

2169 3305 2312 3357 xima
2342 3320 2469 3357 vero
2502 3308 2673 3359 maria
2702 3312 2831 3360 sunt
2856 3304 3091 3373 primum
3115 3306 3330 3374 quidem
3363 3304 3729 3375 Erythraaum,

2164 3395 2311 3464 quod
2344 3411 2517 3464 usque
2555 3395 2621 3450 ad
2651 3394 2888 3449 Indicam
2922 3402 3120 3447 terram
3184 3405 3241 3449 et
3298 3394 3610 3449 Sinensium
3644 3411 3727 3449 rc-

2166 3490 2382 3557 giouem
2413 3496 2467 3543 et
2501 3486 2780 3542 Persidem
2831 3487 3166 3543 extenditur.
3202 3486 3515 3541 Secundum
3549 3494 3731 3541 autem

2162 3580 2296 3635 illud
2337 3588 2419 3635 est
2452 3581 2598 3650 quod
2630 3590 2815 3636 nostra
2840 3581 2894 3634 in
2921 3580 3141 3649 regione
3170 3592 3370 3633 versus
3406 3578 3725 3648 Hispaniam

2166 3672 2221 3726 in
2254 3671 2641 3726 occidentalem
2679 3686 2943 3727 oceanum
2969 3670 3179 3725 invidit.
3213 3669 3455 3723 Tertium
3483 3680 3565 3724 est
3588 3672 3732 3739 quod

2167 3764 2368 3819 dicitur
2410 3762 2664 3832 Magnum
2696 3779 2761 3817 eo
2786 3764 2931 3833 quod
2990 3763 3193 3817 nullam
3228 3763 3458 3816 insulam
3516 3762 3734 3824 habeat.

2168 3856 2420 3924 quodque
2449 3870 2542 3925 per
2567 3854 2764 3909 fretum
2800 3855 2853 3909 in
2893 3865 3135 3908 nostrum
3168 3868 3315 3908 mare
3362 3854 3547 3906 irruit.
3612 3853 3731 3907 Ca:-

2169 3958 2283 4001 tera
2314 3961 2442 4002 vero
2477 3947 2651 4016 magis
2684 3946 2836 4001 lacus
2867 3956 2997 4001 sunt
3030 3960 3195 4016 quam
3226 3950 3418 3999 maria.
3452 3946 3605 4001 Salsa
3638 3961 3739 3999 au-

2170 4052 2277 4098 tem
2308 4053 2389 4098 est
2425 4059 2561 4113 aqua
2615 4042 2784 4097 maris
2840 4044 2909 4097 ob
2944 4052 3261 4112 sequentem
3323 4058 3569 4097 causam.
3601 4043 3735 4097 Cum

2174 4136 2320 4189 enim
2356 4136 2437 4191 sol
2476 4140 2739 4204 perpetuo
2772 4136 2945 4189 elevet
2977 4134 3260 4188 humorem
3300 4135 3392 4203 qui
3425 4136 3475 4187 in
3508 4148 3577 4187 eo
3606 4136 3737 4188 sub-

2176 4226 2464 4281 tilissimus
2493 4233 2602 4286 est.
2634 4224 2882 4279 crassior
2912 4222 3260 4291 relinquitur,
3308 4232 3368 4277 et
3416 4238 3542 4278 eum
3576 4239 3740 4295 sapo-

2176 4333 2292 4372 rem
2347 4317 2509 4372 habet
2534 4330 2695 4385 quem
2728 4316 2781 4369 iu
2814 4314 3021 4369 nostris
3051 4315 3375 4382 corporibus
3408 4315 3736 4384 experimur.

2176 4407 2311 4461 Cum
2338 4407 2485 4461 enim
2519 4421 2717 4475 aquam
2773 4405 3038 4471 bibimus,
3088 4406 3377 4460 subtiliore
3434 4406 3599 4473 hujus
3635 4408 3737 4461 hu-

502 4492 599 4559 τῆς
634 4490 845 4556 φύσεως
883 4492 1171 4561 χρωμένης
1217 4494 1352 4562 πρὸς
1394 4495 1493 4564 τὴν
1529 4496 1788 4551 σύστασιν
1821 4498 1977 4568 ἡμῶν
2007 4503 2069 4568 τῇ
2110 4502 2149 4555 D
2180 4515 2258 4553 mc

2007 4503 2069 4568 τῇ
2110 4502 2149 4555 D
2180 4514 2330 4553 more
2374 4506 2566 4552 natura
2621 4499 2794 4552 utitur
2851 4498 2919 4552 ad
2967 4498 3142 4552 nostri
3201 4498 3447 4567 corporis
3482 4499 3738 4554 substan-

507 4585 977 4654 λεπτομερεστέρᾳ
1022 4585 1183 4638 αὑτοῦ
1220 4586 1500 4657 ὑγρότητι,
1534 4590 1593 4641 τὸ
1640 4592 1944 4659 παχύτερον
1987 4592 2071 4658 γί-

504 4692 653 4727 νεται
701 4672 877 4745 οὖρον,
922 4678 1017 4729 καὶ
1056 4678 1173 4730 ἔστι
1219 4680 1312 4731 καὶ
1351 4680 1481 4732 αὐτὸ
1523 4684 1591 4751 τῇ
1632 4686 1817 4746 γεύσει
1851 4684 2070 4739 ἁλυκόν.

508 4768 614 4819 Καὶ
643 4768 799 4821 τοῦτο
828 4772 925 4837 τῆς
962 4770 1110 4832 θείας
1137 4771 1297 4841 ἔργον
1345 4775 1617 4840 προνοίας.
1653 4776 1713 4826 Ei
1761 4775 1835 4843 μὴ
1867 4777 1972 4845 γὰρ
2004 4771 2079 4845 ἦν

511 4860 707 4912 ἁλυκὸν
756 4861 817 4912 τὸ
863 4860 1153 4915 θαλάσσιον
1201 4863 1364 4934 ὕδωρ,
1416 4863 1574 4932 σῆψιν
1617 4864 1681 4917 ἂν
1735 4866 1949 4930 ἐδέξατο
1999 4868 2073 4936 μὴ

512 4950 650 5015 ῥέον,
694 4950 787 5003 καὶ
835 4952 1070 5004 δυσωδία
1114 4953 1304 5006 τούτου
1356 4953 1695 5022 ἐξεπέμπετο
1752 4957 2072 5025 ἀναιρετικὴ

511 5040 615 5088 τῶν
647 5039 822 5101 ζώων.
862 5043 1017 5094 Ἐστι
1049 5043 1104 5095 δὲ
1136 5044 1195 5095 τδ
1228 5045 1347 5097 ὃλον
1386 5045 1529 5114 ὕδωρ
1555 5046 1631 5114 τῷ
1662 5047 1810 5113 ὄγκῳ
1843 5050 1940 5114 τῆς
1970 5049 2073 5117 γῆς

516 5132 696 5199 μεῖζον
717 5148 730 5161 ⁸
761 5132 921 5201 εἴπερ
963 5136 1193 5204 ἰσοπαλῆ
1240 5136 1336 5189 καὶ
1380 5136 1700 5189 ῑσοτάλαντα
1728 5137 1807 5189 δεῖ
1838 5134 1975 5191 εἶναι
2008 5138 2073 5190 τὰ

513 5229 768 5294 στοιχεῖα.

512 5342 573 5395 δ’.
606 5344 740 5409 Περὶ
776 5344 965 5409 ἀέρος,
1000 5346 1093 5397 καὶ
1127 5346 1336 5411 πυρὸς,
1364 5346 1458 5399 καὶ
1493 5343 1709 5413 νεφῶν,
1739 5345 1837 5398 καὶ
1864 5343 2073 5409 ὑετῶν,

827 5414 923 5465 καὶ
956 5415 1298 5480 ἀστραπῶν,
1341 5416 1437 5467 καὶ
1462 5414 1756 5481 βροντῶν.

584 5502 691 5569 Τῆς
726 5502 782 5553 δὲ
830 5501 935 5569 γῆς
976 5502 1183 5557 ἄνωθεν
1227 5507 1321 5559 καὶ
1350 5506 1442 5558 τοῦ
1479 5505 1669 5567 ὕδατός
1708 5506 1855 5557 ἐστιν
1882 5506 1910 5557 ὁ
1942 5504 2075 5575 ἀὴρ,

516 5592 649 5660 πρὸς
677 5593 771 5660 τὴν
800 5592 907 5645 τῶν
935 5593 1086 5657 ζώων
1117 5596 1375 5649 σύστασιν
1396 5597 1842 5663 ἀναγκαιότατος.
1874 5596 2077 5649 Τούτου

514 5683 567 5734 δὲ
596 5685 799 5735 ἄνωθεν
827 5684 886 5736 τὸ
914 5685 1045 5753 πῦρ,
1068 5689 1165 5756 οὐχ
1200 5684 1310 5740 οἷον
1339 5689 1397 5741 τὸ
1430 5688 1711 5758 χρώμενον
1740 5688 1867 5756 παρ’
1897 5689 2072 5755 ἡμῶν.

520 5775 687 5827 Τοῦτο
712 5778 801 5844 τὰ(
845 5794 911 5828 πα
929 5778 985 5843 ίίι
1021 5780 1106 5831 ιτῖιῖ
1129 5781 1438 5842 κινητικὸν,
1468 5781 1561 5833 καὶ
1590 5780 1678 5833 τοῦ
1706 5781 2077 5848 στοιχειιὶιδυυς

2176 4591 2326 4653 tiam,
2358 4590 2602 4645 crassior
2630 4604 2761 4644 vero
2820 4589 2877 4642 tit
2912 4590 3070 4643 urina
3107 4604 3228 4659 quae
3255 4598 3310 4643 ct
3342 4590 3456 4658 ipsa
3496 4590 3737 4658 gustanti

2175 4681 2317 4736 salsa
2347 4689 2452 4735 est.
2526 4680 2591 4733 Et
2638 4680 2690 4733 id
2754 4679 2952 4734 divina:
3017 4679 3378 4735 Providentia:
3426 4696 3565 4751 Opus
3617 4698 3741 4739 esse

2177 4770 2648 4825 animadvertitur.
2677 4769 2790 4823 Nisi
2812 4770 2956 4824 enim
3000 4771 3144 4825 salsa
3172 4778 3315 4825 esset
3363 4786 3502 4840 aqua
3546 4774 3737 4838 maris,

2177 4860 2508 4926 putretieret,
2541 4859 2741 4926 quippe
2767 4872 2887 4926 qua:
2915 4872 3020 4912 non
3047 4856 3199 4921 ﬂuat,
3229 4869 3282 4911 et
3312 4874 3377 4913 ex
3431 4875 3494 4914 ea
3527 4862 3743 4917 emitte-

2180 4957 2333 5003 retur
2385 4949 2521 5004 odor
2582 4950 2847 5017 pestilens
2921 4951 3013 5017 qui
3079 4950 3337 5003 animalia
3408 4951 3738 5006 destrueret.

2178 5040 2316 5094 Mole
2367 5053 2547 5096 autem
2607 5041 2862 5093 universa
2894 5056 3035 5108 aqua
3070 5051 3152 5094 cst
3190 5048 3350 5095 terra:
3384 5043 3743 5112 amplitudine

2178 5133 2393 5202 major;
2423 5141 2634 5201 oportet
2662 5133 2809 5186 enim
2843 5142 2899 5187 ut
2930 5133 3203 5188 elementa
3249 5134 3462 5190 viribus
3493 5137 3645 5206 paria
3680 5148 3738 5192 et

2177 5225 2418 5295 pondere
2445 5224 2672 5293 azqualia
2707 5226 2835 5279 sint.

2178 5339 2234 5393 4.
2274 5338 2350 5391 De
2406 5354 2547 5401 aere,
2604 5337 2743 5406 igne,
2784 5337 3007 5458 nubiqu
3065 5336 3360 5407 fulguribus
3413 5346 3463 5391 et
3520 5342 3740 5393 tonitri-

2935 5424 3017 5458 us.

2255 5500 2429 5569 Supra
2456 5508 2660 5554 terram
2694 5510 2749 5554 et
2784 5514 2979 5568 aquam
3014 5507 3099 5554 est
3136 5513 3253 5562 aer,
3287 5499 3353 5554 ad
3381 5502 3739 5557 animantium

2182 5590 2629 5645 constitutionem
2659 5588 2895 5643 maxime
2924 5588 3285 5643 necessarius.
3336 5588 3513 5658 Supra
3560 5606 3741 5644 aerem

2184 5696 2312 5736 vero
2341 5680 2502 5749 ignis,
2545 5694 2649 5732 non
2677 5678 2725 5731 ei
2768 5692 2878 5746 quo
2928 5678 3134 5730 utimur
3182 5676 3401 5733 similis.
3460 5677 3555 5731 llic
3597 5680 3743 5732 enim

2185 5788 2407 5826 rrassus
2453 5780 2501 5823 et
2535 5771 2641 5823 vim
2684 5770 2893 5823 habens
2929 5767 3121 5822 lli’t‘lltii
3152 5776 3203 5821 et
3232 5768 3410 5837 igni-tn
3444 5770 3748 5824 elimenta~
