4446 6446
724 340 820 402 ’ἴυῖ

1966 332 2391 390 MlCiHELlS
2430 332 2695 392 PSELLI

3875 330 3984 391 792

729 460 867 510 rium
907 456 977 510 ita
1007 454 1219 509 excedit
1250 464 1309 508 ut
1335 454 1627 523 crystallus
1660 469 1815 525 aqua:
1849 454 2158 509 humorem.
2205 452 2302 507 llle
2329 452 2374 510 Α
2406 472 2477 506 πυ

2233 452 2302 505 lle
2329 452 2374 510 Α
2406 454 2575 524 πυρὸς
2601 450 2713 507 οἷον
2743 452 3038 522 ὑπερϐολὴ,
3087 451 3338 519 καθάπερ
3376 449 3401 502 6
3435 445 3769 518 κρύσταλλος
3810 443 3984 512 ὑπερ-

731 555 912 600 autem
948 546 1162 599 subtilis
1192 554 1244 598 et
1276 554 1578 613 temperato
1605 546 1787 599 calore
1816 544 2099 614 praeditus,
2129 559 2305 612 neque

733 648 945 697 urente,
971 637 1117 689 illius
1143 635 1309 690 simili
1350 637 1441 705 qui
1482 635 1644 690 nobis
1687 642 1770 689 est
1800 636 2096 703 ingenitus.
2120 634 2304 690 Nubes

733 747 861 783 vero
892 729 1247 783 eﬂ‘ormantur
1279 744 1342 783 ex
1377 738 1521 782 terra
1554 737 1609 782 et
1654 728 1818 790 mari,
1851 728 2146 796 vaporibus
2177 744 2303 781 sur—

734 839 852 873 sum
896 820 1027 874 solis
1091 819 1286 872 ardore
1329 818 1583 880 sublatis,
1615 818 1667 870 in
1698 818 1823 872 altis
1854 818 2170 888 regionibus
2204 815 2301 867 lia-

734 928 850 964 rum
882 912 1102 979 frigoris
1134 923 1295 963 causa
1324 909 1568 963 densatis
1603 915 1657 964 et
1690 908 1741 962 in
1772 923 1967 977 aquam
1998 907 2301 961 conversis.

733 1003 1077 1057 Addnbitant
1120 1016 1253 1054 vero
1293 1000 1543 1056 nonnulli
1605 1004 1883 1069 quomodo
1941 999 2147 1068 frigidae
2190 998 2303 1053 sint

735 1093 816 1146 h1-
843 1103 1025 1160 partrs
1089 1092 1428 1160 superiores,
1475 1092 1725 1158 quamvis
1781 1090 1879 1144 soli
1938 1088 2302 1158 proximiores

731 1186 865 1236 sint.
928 1183 1221 1248 Oporteret
1257 1180 1403 1235 enim
1437 1191 1495 1234 ut
1538 1189 1759 1248 propter
1800 1178 1934 1231 solis
1966 1176 2298 1231 vicinitatem

730 1277 839 1330 sint
871 1275 1081 1327 calidze.
1119 1272 1183 1325 Et
1212 1272 1449 1327 dicimus
1478 1272 1645 1325 solem
1696 1269 1872 1337 ipsum
1932 1284 2029 1338 per
2090 1283 2148 1321 se
2194 1281 2301 1319 non

728 1382 850 1421 esse
874 1364 1293 1427 calidissimum,
1323 1371 1377 1415 ut
1400 1362 1621 1432 quidam
1651 1362 1980 1430 opinantur;
2015 1357 2176 1412 sedis
2208 1373 2302 1411 ra-

730 1459 814 1512 lor
840 1473 1003 1526 quem
1041 1456 1127 1510 hic
1163 1456 1457 1517 sentimus,
1490 1469 1587 1523 per
1623 1454 1741 1521 ejus
1785 1452 2064 1505 radiorum
2100 1448 2166 1503 ad
2202 1459 2305 1503 ter-

730 1567 846 1605 ram
874 1549 1220 1604 reflexionem
1250 1546 1590 1615 producitur.
1615 1545 1680 1598 Et
1705 1545 1807 1597 hoc
1837 1541 2188 1596 manifestum
2219 1549 2303 1595 est

729 1659 796 1698 ex
860 1642 1220 1695 maximorum
1282 1638 1549 1691 montium
1609 1634 1926 1689 verticibus.
1987 1632 2098 1686 Soli
2154 1632 2300 1685 enim

728 1737 1021 1790 viciniores
1050 1775 1065 1798 ,
1120 1730 1428 1801 frigidiores
1464 1738 1593 1784 sunt
1648 1744 1806 1797 quam
1853 1726 2004 1797 regio
2052 1725 2297 1780 inferior.

729 1828 916 1882 Pluvia
951 1840 1080 1879 vero
1106 1824 1395 1876 maximam
1441 1819 1597 1874 offert
1638 1819 2049 1872 similitudinem
2087 1832 2210 1870 cum
2238 1830 2302 1870 eo

729 1934 931 1989 vapore
966 1918 1056 1988 qui
1087 1931 1151 1971 ex
1170 1917 1328 1985 aquis
1352 1915 1403 1967 in
1435 1914 1701 1967 lebetihus
1736 1910 2015 1966 calefactis
2046 1909 2298 1963 efﬁcitur.

730 2013 787 2066 Si
811 2013 935 2082 quis
967 2013 1112 2065 enim
1146 2024 1241 2065 eos
1276 2008 1538 2077 operculo
1576 2006 1814 2067 claudat,
1853 2003 2100 2060 ascendit
2131 2017 2302 2072 vapor

730 2099 798 2153 ad
823 2114 1025 2168 corpus
1054 2097 1334 2167 operiens,
1369 2096 1420 2149 in
1452 2109 1628 2163 eoque
1657 2094 1945 2154 densatur,
1984 2094 2041 2146 fit
2073 2109 2212 2160 aqua
2246 2100 2303 2146 et.

728 2206 949 2246 rursum
977 2191 1031 2244 in
1056 2190 1287 2245 lebetem
1318 2187 1525 2242 defluit.
1576 2187 1671 2240 Nix
1699 2198 1881 2240 autem
1909 2202 2014 2240 non
2046 2196 2130 2240 est
2158 2200 2300 2255 aqua

731 2286 1043 2357 congelata,
1092 2282 1189 2339 sed
1221 2298 1285 2338 ex
1324 2284 1465 2336 nube
1500 2282 1722 2335 humida
1770 2282 1946 2335 oritur
1974 2296 2094 2350 quae
2154 2288 2306 2334 ante-

734 2393 899 2446 quam
944 2390 1174 2444 prorsus
1207 2375 1260 2428 in
1322 2389 1520 2443 aquam
1561 2382 1831 2437 vertatur,
1890 2374 2213 2443 congelatur
2250 2382 2305 2427 et

731 2469 958 2535 decidit,
985 2477 1039 2523 et
1064 2467 1271 2522 idcirco
1307 2467 1596 2537 fungosam
1655 2477 1711 2522 et
1750 2479 1969 2524 tenuem
2028 2468 2305 2537 composi-

732 2561 938 2615 tionem
1000 2560 1183 2615 habet.
1230 2560 1451 2614 Grando
1491 2576 1621 2614 vero
1662 2560 1932 2615 formatur
1985 2576 2106 2615 cum
2163 2575 2304 2629 aqua

733 2651 1071 2720 congelatur,
1097 2652 1416 2721 priusquam
1449 2650 1503 2704 in
1537 2659 1731 2704 terram
1763 2650 2042 2704 deciderit.
2080 2648 2135 2702 Si
2160 2648 2303 2701 enim

735 2740 925 2811 procul
963 2754 991 2792 a
1034 2749 1177 2793 terra
1217 2739 1309 2792 fiat
1340 2739 1669 2807 congelatio,
1716 2738 1921 2794 decidit
1981 2737 2301 2806 sphzericam

735 2835 977 2902 speciem
1030 2833 1300 2901 praebens.
1335 2833 1531 2886 solutis
1574 2832 1758 2900 magni
1797 2832 2066 2885 intervalli
2094 2834 2306 2884 ratione

735 2925 855 2994 ejus
881 2924 1321 2979 extremitatibus
1352 2941 1366 2988 ;
1403 2925 1445 2979 si
1472 2935 1651 2978 autem
1679 2940 1847 2993 prope
1876 2937 2075 2977 terram
2110 2937 2308 2991 congc-

735 3017 902 3078 lctur,
940 3015 1143 3068 decidit
1172 3015 1418 3068 diversas
1454 3015 1661 3068 hab-ns
1699 3015 1901 3083 figuras
1932 3023 1987 3068 et
2011 3015 2191 3067 varias
2214 3029 2307 3067 et-

2407 545 2536 615 ϐολὴ
2563 546 2903 616 ψυχρότητος
2937 544 3157 606 ὓδατος·
3190 544 3369 594 έκεῖνο
3398 541 3453 592 δὲ
3493 534 3853 606 λεπτομερὲς,
3886 532 3982 585 καὶ

2404 638 2667 709 εὔκρατον
2711 637 2807 706 τὴν
2852 636 3164 704 θερμότητα
3215 634 3357 703 ἔχον,
3408 632 3503 683 καὶ
3544 631 3607 682 οὑ
3663 624 3982 683 καυστικὸν,

2404 730 2659 800 καθάπερ
2700 730 2793 781 καὶ
2834 728 2895 779 τὸ
2934 730 2993 781 ὲν
3044 728 3173 794 ὑμῖν
3224 728 3471 794 ἔμφυτον
3520 722 3746 791 θερμόν.
3787 717 3868 770 Τὰ
3921 716 3980 769 δὲ

2405 824 2541 890 νέφη
2574 821 2920 875 συνίστανται
2946 820 3052 871 ἀπὸ
3080 820 3176 887 τῆς
3206 817 3310 885 γῆς
3338 818 3430 868 καὶ
3465 814 3763 879 θαλάσσης,
3789 808 3980 877 ἀτμῶν

2403 913 2758 981 ἀναγομένων
2796 911 2902 963 ὑπὸ
2939 914 3039 980 τῆς
3083 909 3176 961 τοῦ
3210 910 3361 979 ἡλίου
3404 907 3758 976 θερμότητος,
3800 903 3894 954 καὶ
3922 905 3980 953 ἐν

2402 1006 2480 1075 τῷ
2523 1006 2635 1060 ἄνω
2679 1004 2829 1073 τόπῳ
2865 1002 3257 1070 πυκνουμένων
3289 999 3376 1053 διά
3414 999 3513 1068 τὴν
3558 999 3735 1048 ἐκεῖσε
3769 991 3978 1063 ψυχρό-

2404 1116 2562 1165 τητα,
2596 1098 2687 1151 καὶ
2734 1099 2810 1157 εἰς
2842 1095 2985 1165 ὕδωρ
3032 1093 3452 1161 ἀλλοιουμένων.
3504 1086 3875 1153 Ἐπαπορούσε
3926 1084 3984 1136 δέ

2401 1208 2569 1255 τινες,
2600 1189 2715 1250 πῶς
2742 1189 2848 1240 εισι
2870 1186 3053 1257 ψυχρά
3085 1186 3151 1238 τὰ
3180 1187 3292 1239 ἀνω
3320 1185 3483 1254 μέρη,
3512 1182 3713 1251 μᾶλλον
3740 1178 3817 1247 τῷ
3847 1176 3984 1244 ἡλίῳ

2404 1281 2865 1351 προσεγγίξονταο
2905 1280 3013 1332 ἔδει
3045 1281 3153 1347 γάρ
3189 1276 3363 1329 ταῦτα
3390 1275 3569 1344 θερμά
3601 1267 3739 1323 εἶναι
3771 1269 3857 1322 διὰ
3885 1267 3985 1337 τὴν

2405 1371 2541 1439 πρὸς
2568 1371 2657 1421 τὸν
2704 1370 2855 1438 ἥλιον
2901 1368 3196 1436 ἐγγύτητα.
3233 1367 3342 1420 Καί
3397 1382 3601 1432 φαμεν,
3639 1363 3722 1414 ὅτι
3772 1361 3799 1411 ό
3832 1357 3983 1428 ἥλιος

2404 1464 2567 1525 αὑτὸς
2610 1464 2731 1516 καθ’
2772 1463 2962 1516 ἑαυτὸν
3013 1463 3074 1514 οὑ
3132 1460 3466 1531 θερμότατός
3510 1460 3681 1515 ἐστιν,
3719 1453 3793 1516 ὥς
3838 1467 3984 1513 τινες

2405 1557 2906 1627 ὑπολαμϐάνουσιν,
2939 1554 3109 1625 ἀλλ”ή
3138 1554 3412 1621 θερμότης
3451 1548 3688 1602 ἐνταῦθα
3719 1544 3986 1614 ἐμφαένςη

2403 1666 2494 1701 ται
2529 1648 2615 1701 διά
2646 1649 2743 1718 τὴν
2794 1648 2902 1700 τῶν
2936 1648 3170 1699 ἀκτίνων
3205 1644 3369 1696 αὑτοῦ
3403 1642 3537 1710 πρὸς
3574 1639 3672 1709 τὴν
3706 1640 3809 1705 γῆν
3854 1636 3986 1687 ἀντι

2407 1742 2711 1795 ἀνάκλασιν
2732 1757 2744 1770 °
2791 1741 2886 1793 καὶ
2937 1739 3095 1791 τοῦτο
3122 1738 3279 1805 δῆλον
3309 1737 3373 1787 ὲκ
3402 1736 3509 1785 τῶν
3538 1729 3861 1798 ἁκρωρειῶν
3880 1725 3986 1778 τῶν

2416 1835 2688 1903 μεγίστων
2751 1833 2931 1903 ὀρῶν·
2986 1830 3282 1899 ἐγγύτεραι
3332 1826 3442 1895 γὰρ
3491 1820 3646 1877 οὖσαι
3702 1819 3839 1889 πρὸς
3896 1817 3988 1870 τὸν

2411 1929 2583 1996 ἣλιον,
2610 1925 2943 1994 ψυχρότεραι
2968 1921 3078 1973 τῶν
3106 1917 3351 1974 κάτωθέν
3376 1919 3481 1969 εἰσι
3508 1915 3714 1985 μερῶν.
3738 1910 3984 1964 Μάλιστα

2410 2021 2466 2074 δὲ
2501 2020 2643 2072 ἔοικε
2686 2019 2747 2070 τὸ
2780 2017 2889 2069 τῶν
2920 2015 3091 2067 ὑετῶν
3137 2012 3215 2081 τῷ
3243 2010 3517 2079 γινομένῳ
3553 2006 3717 2059 πάθει
3763 2002 3855 2054 ἐπὶ
3883 1999 3988 2053 τῶν

2414 2112 2858 2181 θερμαινομένων
2917 2108 3122 2160 ὑδάτων
3183 2107 3241 2158 ὲν
3293 2105 3407 2164 τοῖς
3452 2100 3711 2169 λέϐησιν⁸
3777 2096 3826 2147 εἰ
3881 2093 3987 2160 γὰρ

2412 2205 2674 2270 ἐπίπωμα
2711 2201 2865 2270 θήσει
2908 2217 2992 2262 τις
3034 2198 3265 2259 τούτοις,
3300 2196 3589 2263 ἀνέρχεται
3622 2193 3649 2243 6
3693 2186 3866 2257 ἀτμὸς
3896 2185 3985 2237 ἐπὶ

2412 2296 2472 2347 τὸ
2516 2293 2793 2348 καλύπτον
2843 2291 3024 2361 σῶμα,
3090 2292 3183 2343 καὶ
3236 2288 3576 2348 συνίσταται,
3632 2281 3727 2333 καὶ
3780 2279 3990 2347 γίνεται

2415 2387 2579 2456 ὕδωρ,
2631 2384 2724 2438 καὶ
2758 2382 2913 2445 αὖθις
2959 2380 3224 2452 καταρρεῖ
3270 2379 3367 2431 ἐπὶ
3414 2376 3507 2428 τὸν
3554 2374 3774 2441 λέϐητα.
3828 2370 3892 2421 Ἢ
3936 2368 3992 2419 δὲ

2415 2478 2547 2548 χιὼν
2573 2477 2671 2547 οὑχ
2703 2476 2847 2547 ὕδωρ
2880 2475 3000 2527 ἐστὶ⁵
3030 2471 3300 2543 πεπηγὸς,
3339 2468 3473 2522 ἀλλὰ
3503 2463 3760 2539 [γίνεται]
3793 2461 3993 2527 νέφους

2415 2571 2717 2641 καθύγρου,
2773 2569 2906 2638 πρὶν
2963 2567 3168 2619 τέλειον
3209 2564 3289 2626 εἰς
3348 2560 3493 2625 ὔδωρ
3557 2554 3990 2628 μεταϐληθῆναι,

2415 2664 2769 2733 πηγνυμένου
2799 2662 2893 2713 καὶ
2918 2658 3347 2727 κατερχομένου.
3376 2654 3487 2706 Καὶ
3512 2652 3599 2705 διὰ
3630 2654 3788 2702 τοῦτο
3817 2644 3989 2715 χαύνη

2416 2754 2533 2807 ἐστὶ
2570 2755 2668 2822 τὴν
2716 2752 2975 2805 σύστασιν
3008 2751 3102 2802 καὶ
3150 2748 3338 2818 ἀραιά.
3385 2746 3449 2797 Ἦ
3493 2745 3548 2796 δὲ
3587 2740 3801 2812 χάλαζα
3851 2738 3993 2804 γίνε-

2414 2864 2526 2911 ται,
2560 2847 2648 2898 ὅτε
2701 2849 2728 2897 6
2762 2844 2933 2904 ὑετλς,
2987 2843 3116 2911 πρὶν
3165 2842 3259 2892 ἐπὶ
3289 2840 3385 2907 τὴν
3418 2838 3522 2905 γῆν
3571 2833 3845 2891 κατέλθοι,
3893 2829 3990 2881 καὶ

2416 2940 2588 3007 παγῇ.
2625 2938 2734 2989 Καὶ
2768 2938 2815 2989 εἰ
2854 2934 2951 3005 μὲν
2984 2932 3264 3004 πόρρωθεν
3296 2930 3397 2995 τῆς
3440 2928 3542 2995 γῆς
3574 2929 3607 2996 ἡ
3640 2924 3800 2992 πῆξις
3826 2921 3991 2989 γένηο

2415 3048 2526 3091 ται,
2558 3030 2888 3098 κατέρχεται
2930 3027 2989 3079 τὸ
3035 3024 3219 3093 σχῆμα
3263 3019 3630 3090 σφαιροειδὴς,
3667 3015 3755 3069 διὰ
3797 3012 3990 3066 πολλοῦ

740 3108 1063 3161 tremitates.
1095 3105 1150 3157 In
1180 3120 1305 3159 aere
1335 3106 1449 3159 hmc
1481 3107 1664 3159 omnia
1690 3105 1842 3169 fiunt,
1870 3106 2061 3168 nubes,
2098 3105 2302 3174 pluvia,
2336 3096 2378 3153 C
2412 3122 2496 3174 τος

2235 3105 2302 3167 ia:
2336 3096 2378 3153 Ο
2412 3122 2507 3174 τοῦ
2541 3122 2913 3187 διαστήματος
2946 3116 3036 3169 τοῦ
3069 3116 3125 3167 ὲν
3156 3112 3234 3183 τῷ
3271 3114 3419 3182 μέσῳ
3460 3108 3847 3177 ἀναλυομένων
3883 3105 3991 3156 τῶν

738 3200 855 3264 nix,
891 3199 1121 3267 grando.
1155 3199 1366 3253 Similia
1430 3209 1609 3253 autem
1647 3200 1756 3253 illis
1790 3199 2093 3253 formantur
2147 3214 2312 3269 prope

739 3302 978 3355 terram;
1015 3290 1147 3344 nubi
1178 3290 1399 3358 quidem
1433 3290 1630 3345 similis
1680 3291 1900 3355 nebula,
1948 3290 2144 3359 pluvia:
2197 3306 2309 3353 ros,

737 3384 846 3436 nivi
879 3383 1095 3451 pruina,
1131 3384 1385 3453 grandini
1438 3399 1567 3437 vero
1591 3384 1814 3452 glacies.
1861 3382 2097 3453 Fulgura
2134 3391 2311 3435 autem

737 3486 789 3530 cf.
821 3478 1059 3531 tonitrua
1107 3477 1347 3531 nubibus
1387 3476 1528 3530 inter
1564 3478 1641 3545 scf
1669 3478 2013 3546 pulsantibus
2054 3493 2159 3531 non
2202 3476 2315 3530 elli-

737 3571 979 3634 ciuntur,
1003 3570 1095 3623 sed
1129 3569 1346 3639 quando
1370 3580 1565 3624 ventus
1599 3569 1806 3623 calidus
1823 3584 1916 3622 eas
1940 3569 2312 3634 circumdans,

740 3663 868 3715 dum
898 3662 1028 3728 ipsa:
1056 3661 1357 3715 dcnsantur
1383 3669 1437 3714 et
1460 3660 1874 3730 refrigerantur,
1900 3675 1993 3731 per
2015 3662 2313 3730 Oppositio-

742 3769 865 3807 nem
893 3752 1286 3807 inflammatur.
1320 3753 1507 3806 Altero
1541 3753 1685 3806 enim
1715 3761 2034 3821 superante,
2077 3753 2310 3808 alterum

743 3846 973 3916 aufugit.
1003 3845 1115 3898 Etsi
1160 3846 1306 3899 enim
1341 3858 1564 3898 sursum
1612 3843 1754 3913 ignis
1786 3843 1979 3908 fertur,
2014 3856 2194 3899 tamen
2220 3844 2315 3897 fri-

741 3952 870 4005 ειη-ε
900 3935 1046 4005 quod
1069 3952 1287 3990 sursum
1314 3944 1400 3990 est
1427 3945 1651 3989 coactus
1674 3946 1723 3990 et
1764 3936 1991 3990 nubium
2045 3937 2317 3991 densitate

742 4028 808 4079 ad
842 4026 1101 4080 inferiora
1138 4027 1330 4080 tendit.
1356 4026 1411 4079 Si
1436 4033 1618 4078 autem
1648 4040 1849 4092 parvus
1888 4034 1940 4078 et
1966 4026 2100 4080 levis
2124 4027 2197 4079 sit
2218 4041 2312 4079 ca-

742 4116 845 4179 lar,
879 4116 1057 4171 solum
1090 4115 1271 4185 fulgur
1301 4126 1355 4169 et
1384 4118 1596 4168 tonitru
1654 4114 1857 4180 eﬂicit;
1893 4115 1937 4169 si
1964 4125 2143 4169 autem
2174 4115 2315 4167 mul-

744 4221 832 4263 tus
859 4218 913 4263 et
944 4209 1166 4275 ardens,
1212 4210 1440 4263 fulmen.
1469 4208 1642 4262 Porro
1683 4208 1865 4278 fulgur
1896 4209 2154 4278 praecedit
2182 4207 2318 4261 toni-

745 4311 856 4363 tru,
903 4304 1154 4369 quamvis
1190 4300 1568 4371 producantur
1628 4300 1816 4366 simul,
1881 4301 1952 4355 ob
1994 4309 2316 4370 sequentem

746 4408 995 4448 causam.
1036 4391 1221 4454 Visus,
1252 4392 1346 4462 qui
1386 4407 1650 4447 sensuum
1680 4392 1890 4463 primus
1919 4400 2027 4454 est,
2066 4392 2316 4461 protinus

745 4488 892 4541 videt
915 4486 1060 4554 quod
1095 4486 1311 4540 visibile
1342 4494 1467 4550 est;
1503 4485 1729 4540 auditus
1774 4494 1955 4540 autem
2006 4492 2128 4554 post
2178 4490 2317 4538 tem-

749 4595 853 4648 pus
889 4578 1034 4649 quod
1066 4580 1306 4632 audibile
1334 4586 1416 4633 est
1444 4578 1694 4646 percipit.
1725 4576 2132 4648 PrOptereaque
2163 4577 2319 4646 prius

747 4671 998 4724 videmus
1062 4670 1265 4741 fulgur,
1328 4669 1526 4724 deinde
1580 4684 1710 4724 vero
1774 4669 1981 4723 tonitru
2036 4669 2315 4724 audimus.

2415 3213 2621 3279 ταύτης
2653 3210 2886 3277 ἐξοχῶνο
2923 3208 2971 3260 εἰ
3003 3207 3059 3259 δὲ
3106 3205 3336 3273 πλησίον
3376 3205 3526 3271 παγῇ
3560 3202 3657 3269 τῆς
3690 3200 3817 3267 γῆς,
3861 3214 3993 3249 κατ-

2417 3306 2635 3374 έρχεται
2658 3300 3208 3371 ἑτεροσχημάτιστος,
3235 3297 3328 3349 καὶ
3357 3295 3649 3364 διαφόρους
3671 3293 3870 3361 ἔχουσα
3894 3289 3992 3352 τὰς

2416 3396 2625 3465 ἐξοχάς.
2653 3394 2765 3447 ’Καὶ
2813 3396 2869 3444 ὲν
2924 3392 3023 3461 μὲν
3053 3391 3130 3459 τῷ
3162 3392 3284 3459 ἀέρι
3314 3389 3552 3455 γίνονται
3574 3384 3766 3448 ταῦτα,
3812 3383 3992 3450 νέφος,

2418 3490 2595 3552 ὑετὸς,
2642 3486 2795 3557 χιὼν,
2827 3484 3036 3555 χάλαζα
3061 3501 3077 3517 ο
3112 3485 3274 3553 ὅμοια
3321 3482 3377 3534 δὲ
3415 3480 3627 3542 τούτοις
3663 3480 3872 3547 γίνεται
3905 3492 3996 3528 και

2421 3583 2553 3650 πρὸς
2578 3582 2643 3650 τῇ
2674 3581 2768 3648 γῇ,
2799 3580 2877 3645 τῖ)
2918 3575 3016 3645 μὲν
3057 3575 3209 3643 νέφει
3240 3573 3504 3639 ἀνάλογον
3547 3571 3626 3643 [ἡ]
3654 3571 3879 3639 ὁμίχλη,
3919 3568 3997 3635 τῷ

2416 3676 2474 3729 δὲ
2502 3672 2642 3741 ὑετῷ
2673 3674 2706 3741 ἡ
2733 3670 2944 3741 δρόσος,
2969 3667 3111 3739 τῇδὲ
3146 3666 3281 3737 χιόνι
3314 3666 3346 3733 ἡ
3376 3665 3577 3733 πάχνη,
3607 3666 3673 3732 τῇ
3706 3661 3761 3713 δὲ
3790 3660 3998 3730 χαλάζῃ

2417 3770 2445 3820 6
2477 3764 2832 3836 κρύσταλλος.
2872 3763 2938 3813 Αἱ
2964 3761 3020 3813 δὲ
3064 3758 3344 3827 ἀστραπαὶ
3386 3757 3480 3809 καὶ
3527 3756 3582 3809 at
3631 3755 3853 3825 βρονταὶ
3899 3752 3997 3804 οὐκ

2418 3852 2813 3911 ἀποτελοῦνται
2862 3849 3316 3920 συγκρουομένων
3351 3847 3602 3918 ἀλλήλοις
3643 3845 3751 3897 τῶν
3792 3844 3993 3911 νεφῶν,

2418 3949 2535 4002 ἀλλ’
2578 3950 2665 4002 ὅτε
2702 3944 2914 4007 τούτοις
2966 3942 3171 4013 θερμὸν
3224 3940 3442 4009 πνεῦμα
3494 3938 3837 4008 περισχεθὲν,
3889 3935 3995 3988 τῶν

2419 4040 2596 4109 νεφῶν
2631 4035 3086 4107 συμπιλουμένων
3116 4033 3209 4086 καὶ
3236 4032 3580 4102 ψυχομένων,
3600 4031 3686 4083 διὰ
3714 4029 3811 4097 τὴν
3840 4029 3997 4080 ἐναν-

2419 4132 2609 4185 τίωσιν
2660 4130 2994 4198 ἑκπυριαθῇ.
3041 4124 3496 4196 Ἐπικρατοῦντος
3542 4124 3651 4193 γὰρ
3698 4121 3789 4174 τοῦ
3843 4124 3996 4173 ἐναν-

2418 4224 2559 4284 τίου,
2589 4220 2649 4274 τὺ
2694 4218 2937 4272 ἐναντιον
2967 4216 3227 4286 ἐκφεύγει
3252 4230 3265 4244 ⁶
3297 4218 3345 4267 εἱ
3381 4215 3489 4284 γὰρ
3520 4213 3615 4267 καὶ
3658 4213 3747 4265 ὲπ¹ι
3778 4212 3846 4265 τά
3886 4212 3996 4265 ἄνω

2421 4313 2567 4366 ἔστιν
2617 4312 2650 4380 ἡ
2680 4311 2773 4363 τοῦ
2825 4309 2998 4380 πυρὸς
3031 4308 3194 4378 φορὰ,
3231 4307 3346 4361 ἁλλ’
3371 4302 3464 4360 οὖν
3524 4305 3847 4374 βιαζόμενον
3894 4305 3999 4355 ὑπὸ

2422 4407 2523 4475 τῆς
2557 4405 2669 4459 ἀνω
2702 4403 2916 4473 ψύξεως
2965 4401 3058 4455 καὶ
3108 4400 3205 4469 τῆς
3256 4399 3365 4451 τῶν
3413 4397 3594 4464 νεφῶν
3639 4396 3995 4463 πυκνότητος,

2427 4497 2806 4551 ὲκτινάσσεται
2860 4494 2952 4546 ἐπὶ
2996 4492 3065 4545 τὰ
3114 4492 3399 4545 κάτωθεν’
3446 4489 3541 4542 καὶ
3577 4490 3625 4541 εἰ
3683 4488 3782 4557 μὲν
3814 4487 3997 4552 ὀλίγον

2423 4590 2542 4641 ἐστὶ
2570 4586 2664 4640 καὶ
2688 4586 2849 4657 ἤπιον
2883 4582 2988 4656 [τὸ]
3023 4583 3247 4654 θερμὸν,
3280 4583 3425 4634 ποιεῖ
3466 4580 3633 4648 μόνην
3662 4578 3761 4647 τὴν
3789 4578 3997 4646 ἀστρα-

2425 4680 2533 4750 πὴν
2566 4677 2703 4748 όμοῦ
2737 4676 2833 4731 καὶ
2867 4677 3096 4747 βροντήν
3120 4692 3132 4704 ·
3167 4677 3214 4727 el
3244 4675 3300 4728 δὲ
3345 4673 3481 4726 πολὺ
3517 4672 3610 4725 καὶ
3638 4670 3995 4739 θερμότατον,

751 4761 884 4815 \‘isu
909 4769 1093 4815 autem
1126 4760 1373 4814 auditum
1401 4761 1646 4829 prmstari
1686 4760 1770 4814 vel
1809 4776 1875 4815 ex
1906 4774 1972 4815 eo
1997 4768 2145 4829 patet
2169 4759 2317 4830 quod
2391 4772 2507 4839 ηγίν

2247 4759 2317 4815 0d
2391 4772 2635 4839 *γίνεται
2685 4770 2970 4840 κεραυνός.
3022 4768 3356 4837 Προηγεῖται
3402 4763 3459 4817 δὲ
3513 4765 3545 4832 ἡ
3598 4761 3855 4831 ἀστραπὴ
3899 4759 4000 4827 τῆς

750 4856 805 4907 in
848 4853 1209 4922 remigatione
1254 4867 1437 4908 remos
1496 4867 1693 4921 aquam
1726 4854 2007 4921 pulsantes
2044 4852 2313 4914 videmus.

750 4958 801 5000 et
832 4955 1022 5016 postea
1069 4947 1312 5000 sonitum
1362 4960 1426 4999 ex
1478 4946 1787 5015 pulsatione
1844 4945 2104 5001 emissum
2161 4945 2317 5000 audi-

752 5054 896 5093 ηιιιε.

2427 4859 2682 4929 βροντῆς,
2724 4858 2840 4929 ἅμα
2871 4856 3041 4927 ταύτῃ
3066 4855 3356 4925 γενομένη,
3383 4853 3471 4906 διὰ
3506 4852 3763 4919 τοιαύτην
3798 4848 3997 4901 αιτίαν.

2441 4950 2503 5004 Ἦ
2533 4950 2675 5020 ὄψις,
2709 4948 2900 5019 πρώτη
2945 4948 3055 5001 τῶν
3085 4947 3393 5016 αἰσθήσεων
3434 4944 3586 5005 οὖσα,
3624 4943 3867 5011 ἀχρόνως
3899 4945 4001 5013 ὁρᾷ

2430 5042 2491 5095 τὸ
2516 5043 2732 5111 όρατον,
2764 5041 2798 5111 ἠ
2853 5040 2911 5093 δὲ
2955 5039 3092 5110 ἀκοὴ
3145 5038 3233 5091 διὰ
3278 5037 3471 5107 χρόνου
3528 5034 3845 5087 αἰσθάνεται
3902 5035 3995 5085 το]

752 5130 1057 5184 ἀκουστοῦ·
1105 5132 1199 5184 καὶ
1246 5131 1335 5183 διὰ
1386 5130 1544 5183 τοῦτο
1601 5131 1817 5199 πρῶτον
1868 5130 2083 5201 ὁρῶμεν
2137 5132 2196 5184 τὸ
2229 5132 2327 5202 τῆς
2369 5135 2659 5204 ἀστραπῆς
2691 5133 2828 5201 φῶς,
2862 5130 2981 5186 εἶτα
3010 5132 3281 5201 ἀκούομεν
3311 5130 3410 5197 τῆς
3456 5127 3706 5197 βροντῆς.
3777 5125 3899 5177 Ὅτι
3942 5125 3998 5178 δὲ

754 5224 1077 5290 προηγεῖται
1105 5223 1138 5291 ἡ
1169 5222 1290 5289 ὄψις
1312 5220 1410 5289 τῆς
1442 5221 1630 5289 ἀκοῆς,
1665 5220 1823 5289 δῆλον
1855 5223 1946 5273 καὶ
1978 5223 2041 5273 ὲκ
2102 5222 2194 5275 τοῦ
2249 5224 2381 5294 όρᾷν
2418 5227 2567 5295 ἡμᾶς
2613 5227 2672 5278 ὲν
2700 5227 2820 5287 ταῖς
2858 5224 3238 5293 κωπηλασίαις
3274 5222 3373 5283 τὰς
3407 5220 3596 5281 κώπας
3632 5218 3692 5271 τὸ
3720 5218 3862 5287 ὕδωρ
3900 5234 3995 5267 τυ-

758 5317 1016 5382 πτούσας,
1048 5318 1144 5369 καὶ
1185 5316 1324 5385 μετά
1356 5314 1513 5367 τοῦτο
1547 5316 1819 5385 ἀκούομεν
1853 5315 1949 5369 τοῦ
1998 5317 2197 5371 δούπου
2226 5318 2320 5373 τοῦ
2352 5321 2410 5386 ἐξ
2444 5320 2643 5375 αὑτῶν.

1213 5406 1265 5459 5.
1321 5406 1395 5459 De
1428 5417 1581 5461 terra:
1615 5408 1858 5462 motibus.

830 5502 907 5555 Ne
931 5502 1104 5557 simus
1128 5516 1308 5556 causae
1334 5515 1454 5568 quae
1489 5509 1649 5555 terra:
1676 5510 1859 5556 motus
1891 5500 2073 5565 efficit,
2124 5503 2317 5575 ignari,

763 5592 1049 5647 sciendum
1084 5601 1169 5647 est
1213 5608 1278 5646 ex
1319 5602 1467 5647 terra
1496 5592 1759 5648 calefacm
1794 5595 1969 5648 emitti
2008 5610 2237 5665 vapores
2269 5606 2321 5652 et

764 5683 1157 5738 exlialationes.
1200 5680 1378 5753 Vapor
1432 5691 1609 5736 autem
1650 5692 1731 5737 est
1772 5683 2027 5737 humidus
2081 5685 2322 5739 medius—

765 5786 872 5841 que
901 5771 1038 5825 inter
1081 5788 1276 5843 aquam
1308 5783 1359 5830 et
1390 5781 1616 5840 terram,
1643 5775 1917 5832 exhalatio
1954 5790 2082 5833 vero
2116 5785 2199 5835 est
2230 5792 2321 5834 ca-

2925 5411 2986 5465 t-:'.
3030 5410 3166 5477 Hspt
3196 5407 3482 5477 σεισμῶν.

2496 5504 2615 5557 Ἵνα
2650 5503 2706 5556 δὲ
2740 5502 2813 5573 μὴ
2838 5501 3077 5571 ἀμύητοι
3102 5495 3249 5570 ὦμεν
3270 5500 3369 5570 τῆς
3400 5500 3505 5553 τῶν
3528 5499 3765 5568 σεισμῶν
3788 5495 3986 5557 αἰτίας,

2428 5594 2620 5659 ἰστέον,
2655 5594 2737 5647 ὅτι
2768 5594 2831 5646 ὲκ
2859 5593 2957 5662 τῆς
2980 5593 3083 5662 γῆς
3117 5588 3553 5660 θερμαινομένης
3602 5589 3987 5656 ἀναπέμπεται

2424 5685 2594 5756 ἀτμὸς
2621 5686 2715 5739 καὶ
2742 5685 3126 5754 ἀναθυμίασις.
3171 5683 3325 5734 Ἐστι
3356 5682 3411 5734 δὲ
3442 5684 3468 5735 6
3499 5681 3595 5750 μὲν
3623 5681 3791 5750 ἀτμὸς
3824 5679 3988 5748 ὑγρὸς

2425 5780 2517 5832 καὶ
2570 5778 2731 5848 μέσος
2789 5777 2979 5841 ὓδατος
3028 5776 3119 5832 καὶ
3172 5775 3366 5844 ἀέρος’
3427 5776 3459 5843 ἡ
3519 5773 3571 5826 δὲ
3622 5770 3985 5842 ἀναθυμίασις
