4446 6446
477 414 580 481 793

1647 435 2121 503 SOLUTIONES
2160 446 2521 518 QUAEDAM.

3610 473 3717 540 794

476 531 675 602 θερμὴ,
715 535 808 587 καὶ
851 533 1011 606 ξηρὰ,
1049 539 1143 592 καὶ
1168 538 1507 612 ὀξυκίνητος,
1543 544 1602 610 ἐξ
1637 541 1705 618 ἦς
1740 550 1802 618 δὴ
1834 552 1927 606 καὶ
1962 570 2050 607 κι-
2080 561 2125 618 Α
2165 559 2232 612 Iid

1962 570 2050 607 κι-
2080 561 2125 618 Α
2165 559 2270 615 lida
2327 572 2383 617 et
2442 564 2585 620 sicca
2634 575 2687 622 et
2742 567 2899 625 valde
2926 570 3169 637 mobilis,
3199 587 3305 645 qua
3344 586 3593 636 movetur
3620 599 3714 640 aer

474 628 645 679 νεῖται
679 629 706 679 6
738 629 846 698 ἀὴρ
878 633 970 684 καὶ
1015 634 1407 690 ἀποτελοῦνται
1434 639 1483 691 oi
1533 640 1746 708 ἄνεμοι.
1786 645 1916 699 Ὀτε
1952 644 2043 703 οὖν

475 716 673 789 αὕτηή
718 721 1083 791 ἀναθυμίασις
1125 730 1190 797 τῇ
1218 731 1287 797 γῇ
1321 730 1735 806 ἐναποκλεισθῇ,
1768 738 1861 791 καὶ
1902 739 2043 793 ἀνω-

476 818 646 885 φερὴς
712 818 845 872 οὖσα
912 822 1047 891 ζητῇ
1104 825 1304 878 ὡσανεὶ
1358 828 1529 880 δίοδον
1573 829 1847 895 ἐξελθεῖν,
1906 837 2048 887 κινεῖ

478 909 660 962 πᾶσαν
707 911 808 980 τὴν
859 919 1269 986 παρακειμένην
1329 920 1451 989 γῆν,
1508 922 1753 977 κελεύσει
1788 924 1906 996 θείᾳ
1950 928 2042 980 καὶ

473 1002 775 1073 οἰκονομίᾳ.
830 1006 1035 1072 Μηδεὶς
1089 1009 1144 1061 δὲ
1198 1010 1507 1073 ξενιξέσθω,
1570 1016 1756 1088 πῶςή
1813 1017 2037 1087 τοιαύτη

473 1091 857 1162 ἀναθυμίασις,
895 1097 1066 1169 λεπτὴ
1114 1099 1267 1165 οὖσα,
1318 1104 1416 1174 τὴν
1446 1105 1547 1175 γὴν
1587 1110 1746 1171 κινεῖ,
1791 1125 2041 1178 παχυμε-

475 1187 737 1255 ρεστὲραν
771 1188 935 1242 οὖσαν
959 1204 973 1220 ⁸
1016 1193 1124 1245 ἰδοὺ
1175 1194 1283 1265 γὰρ
1316 1198 1366 1250 οί
1406 1200 1627 1267 σφοδροὶ
1667 1203 1881 1270 ἄνεμοι,
1913 1204 2038 1257 καί-

471 1293 620 1345 τοιγε
654 1278 765 1332 ἀνω
811 1282 909 1350 τὴν
940 1283 1109 1338 δίοδον
1150 1286 1381 1358 ἔχοντες,
1436 1291 1627 1364 δένδρα
1661 1313 1719 1348 τε
1757 1297 2038 1366 έκριζοῦσι

470 1369 564 1420 καὶ
624 1372 804 1435 οἰκίας
862 1374 1124 1442 πολλάκις
1183 1382 1607 1438 καταϐάλλουσι.
1667 1388 1919 1442 Μάλιστα
1978 1388 2035 1443 δὲ

468 1459 610 1515 ἔοικε
634 1464 694 1515 τὸ
724 1466 963 1520 τοιοῦτον
995 1471 1164 1535 πάθος
1193 1474 1291 1543 τῆς
1318 1477 1423 1544 γῆς
1440 1476 1517 1545 τῷ
1545 1480 1782 1549 σπασμῷ
1801 1497 1814 1510 ·
1845 1481 2034 1552 ὥσπερ

466 1552 574 1622 γάρ
604 1555 691 1607 διὰ
714 1558 903 1612 τούτου
934 1565 1163 1617 κινεῖται
1202 1567 1262 1619 τὸ
1311 1568 1486 1637 σῶμα,
1526 1569 1665 1624 οὕτω
1698 1572 1813 1639 καὶ,
1847 1572 2032 1643 βιαζο-

469 1644 635 1711 μένης
668 1648 899 1713 ἐξελθεῖν
924 1653 1025 1721 τῆς
1067 1655 1503 1725 ἀναθυμιάσεως,
1548 1664 1580 1730 ἠ
1612 1663 1704 1731 γῆ.
1742 1665 2027 1735 Νηνεμίας

466 1737 519 1789 δὲ
566 1738 732 1807 οὔσης
783 1746 832 1795 οἱ
880 1745 1122 1799 πλεῖστοι
1177 1751 1271 1803 καὶ
1326 1752 1572 1820 μέγιστοι
1622 1756 1865 1823 γίνονται
1920 1762 2029 1815 τῶν

472 1831 728 1899 σεισμῶν,
764 1835 857 1886 καὶ
909 1838 1046 1903 μετά
1096 1841 1225 1899 τοὺς
1259 1846 1515 1912 σεισμοὺς
1561 1848 1635 1910 ὡς
1664 1849 1757 1903 ἐπὶ
1797 1850 1857 1903 τδ
1890 1853 2026 1907 πολὺ

2147 658 2203 703 ct
2233 654 2591 733 perﬁciuntur
2618 660 2784 714 venti.
2814 661 3047 727 Quando
3106 665 3277 735 igitur
3324 670 3711 732 exhalationes

2148 744 2253 799 illa;
2292 754 2435 801 terra
2480 752 2909 819 concluduntur,
2963 764 3017 810 et
3067 770 3285 813 sursum
3334 760 3457 816 latae
3504 766 3711 820 exitum

2146 849 2424 905 qumrunt,
2464 849 2666 896 terram
2696 860 2912 901 omnem
2950 848 3437 915 circumjecentem
3470 870 3714 910 commo-

2144 942 2290 996 vent,
2325 934 2432 988 Deo
2471 937 2551 991 sic
2582 936 2999 996 administrante
3047 953 3103 997 et
3157 943 3475 1000 mandante.
3525 946 3700 1003 Nemo

2143 1026 2598 1085 autem'miretur
2638 1031 2783 1099 quod
2820 1032 2923 1086 illm
2944 1035 3349 1102 exhalationes,
3406 1054 3531 1093 cum
3560 1042 3707 1097 leves

2143 1120 2274 1184 sint,
2329 1129 2526 1175 terram
2556 1123 2868 1179 densiurem
2904 1136 3175 1183 moveant.
3227 1128 3418 1187 Nonne
3447 1133 3592 1187 enim
3654 1140 3709 1189 et

2139 1213 2490 1269 vehementes
2510 1217 2794 1278 venti,ctsi
2830 1218 2971 1275 viam
3007 1235 3173 1291 supra
3208 1230 3411 1278 terram
3444 1223 3702 1292 habeant,

2142 1306 2370 1362 arbores
2423 1309 2725 1374 eradicant,
2784 1311 3091 1380 domosque
3162 1316 3363 1383 saepius
3416 1316 3701 1384 dejiciunt.

2138 1394 2292 1461 Quod
2319 1406 2499 1451 autem
2529 1406 2674 1453 terra
2727 1407 2856 1454 tunc
2885 1403 3092 1472 patitur
3139 1405 3484 1460 convulsioni
3520 1408 3701 1465 simile

2134 1496 2238 1546 est.
2291 1489 2761 1555 Quemadmodum
2811 1495 2955 1547 enim
3011 1497 3377 1552 convulsione
3448 1511 3702 1555 movetur

2134 1596 2356 1651 corpus,
2399 1582 2473 1636 ita
2506 1592 2559 1638 et
2590 1595 2731 1640 terra
2762 1585 2985 1653 quando
3026 1588 3179 1643 exire
3234 1589 3515 1643 exhalatio
3546 1593 3702 1661 cogi-

2132 1682 2242 1729 tur.
2279 1673 2497 1730 Maximi
2552 1685 2733 1732 autem
2791 1685 2954 1733 terra:
3012 1688 3195 1734 motus
3244 1681 3380 1735 ﬁunt
3431 1698 3554 1737 cum
3605 1699 3701 1739 aer

2132 1766 2455 1837 tranquillus
2481 1778 2584 1832 est,
2618 1779 2672 1825 et
2701 1779 2821 1839 post
2855 1778 3013 1825 term
3036 1781 3217 1828 motus
3257 1774 3575 1845 plerumque
3605 1775 3700 1831 ﬂat

2130 1869 2326 1915 ventus
2363 1862 2690 1925 vehemens,
2738 1874 2886 1919 terra
2918 1866 3159 1921 violenta
3194 1868 3425 1938 spiritus
3451 1884 3698 1924 commo-

476 1920 617 2031 mata:
650 1922 848 1992 ἄνεμος
882 1928 1130 1997 σφοδρὸς,
1158 1930 1638 2007 διαρρηγνυμένης
1664 1940 1762 2008 τῆς
1789 1940 1892 2008 γῆς
1924 1940 2029 1993 ὕπδ
2060 1917 2101 1971 Β
2134 1951 2232 2006 lion

1934 1940 2029 1993 ὒπδ
2060 1917 2101 1971 Β
2134 1951 2277 2007 tione
2302 1953 2570 2009 dill'racta.
2604 1957 2668 2009 Et
2696 1966 2855 2013 nocte
2904 1958 3043 2013 tlunt
3068 1917 3321 2016 crebrius
3361 1976 3524 2031 quam
3578 1961 3690 2029 die,

460 2011 559 2077 -ιῖς
585 2011 767 2080 βιαίας
793 2016 886 2069 τοῦ
918 2018 1228 2089 πνεύματος
1262 2026 1528 2093 κινήσεως
1549 2042 1562 2057 ·
1594 2029 1688 2082 καὶ
1730 2030 1921 2092 νυκτὸς
1951 2031 2026 2093 ὡς

459 2103 551 2155 επὶ
601 2104 661 2156 τὸ
721 2107 970 2163 πλεῖστον
1009 2111 1238 2179 γίνεται,
1286 2114 1317 2184 ἥ
1356 2118 1594 2189 ἡμέρας,
1637 2120 1724 2175 διὰ
1767 2120 1827 2175 τὸ
1870 2122 1929 2174 ἐν
1959 2126 2023 2195 τῇ

456 2196 613 2247 νυκτὶ
637 2196 901 2268 ψύχεσθαι
938 2205 1033 2257 καὶ
1064 2208 1401 2262 πυκνοῦσθαι
1431 2212 1531 2277 τὴν
1566 2213 1667 2282 τῆς
1696 2214 1798 2283 γῆς
1827 2216 2025 2283 ἐπιφά-

458 2307 625 2355 νειαν,
679 2294 771 2346 καὶ
821 2295 1096 2350 κλείεσθαι
1137 2298 1282 2353 ἔνδον
1334 2301 1431 2373 τὴν
1466 2304 1848 2373 ἀναθυμίασιν.
1881 2308 2022 2377 Προ-

456 2382 715 2446 ηγοῦνται
744 2385 799 2438 δὲ
832 2387 939 2439 τῶν
982 2391 1220 2459 σεισμῶν
1249 2393 1496 2463 ῥαγδαῖοι
1533 2395 1702 2458 ὑετοὶ,
1738 2397 1832 2449 καὶ⁵
1883 2397 2022 2466 μετὰ

453 2473 613 2524 τοῦτο
652 2476 872 2544 αὐχμοί.
904 2478 1023 2530 Εἰσὶ
1061 2480 1118 2533 δὲ
1170 2484 1388 2552 μερικοὶ
1435 2485 1530 2537 καὶ
1569 2485 1666 2538 οὐκ
1708 2486 1801 2539 ἐπὶ
1839 2486 2021 2554 πάσης

457 2564 555 2632 τῆς
597 2566 720 2635 γῆς.
753 2568 937 2633 Ἀπαξ
987 2570 1095 2639 γάρ
1130 2575 1281 2627 πᾶσα
1327 2576 1360 2644 ἡ
1412 2577 1481 2645 γῆ
1528 2577 1750 2648 ἐκινήθη
1783 2579 1875 2631 ἐπὶ
1922 2578 2017 2633 τοῦ

456 2659 726 2726 σωτηρίου
788 2660 994 2723 πάθους
1047 2664 1143 2715 τοῦ
1194 2665 1399 2733 Κυρίου
1457 2667 1646 2735 ἡμῶν,
1702 2668 1868 2721 αὑτοῦ
1923 2667 2017 2722 τοῦ

452 2748 678 2815 κέντρου
721 2750 1025 2815 σεισθέντος
1054 2755 1153 2822 τῆς
1185 2756 1309 2822 γῆς.
1343 2758 1454 2810 Οὐκ
1492 2761 1547 2810 ὲν
1590 2758 1736 2831 πάσῃ
1775 2759 1829 2812 δὲ
1864 2760 2017 2832 χώρᾳ

449 2839 691 2904 γίνονται
723 2846 955 2912 σεισμοῖ,
982 2844 1094 2897 ἀλλ’
1124 2847 1180 2897 ὲν
1215 2844 1301 2909 αἷς
1330 2850 1510 2920 σομφὴ
1534 2851 1628 2902 καὶ
1654 2852 2016 2921 σηραγγώδης

449 2932 596 2984 ἐστὶν
650 2936 678 3003 ἡ
712 2935 783 3003 γῆ
810 2952 823 2967 ·
860 2937 952 2988 καὶ
998 2938 1056 2989 ἐν
1104 2939 1210 2989 τινὶ
1247 2939 1344 3006 μὲν
1379 2943 1636 3011 συνεχῶς,
1680 2944 1737 2995 ἐν
1775 2943 1878 2996 τινὶ
1910 2943 2011 3016 [δὲ]

450 3029 691 3091 σπανίως
720 3044 733 3057 ·
769 3029 859 3079 καὶ
892 3030 1051 3099 ἔαρος
1082 3032 1174 3083 καὶ
1208 3031 1549 3102 φθινοπώρου
1588 3035 1811 3102 μᾶλλον,
1842 3036 1874 3106 ἢ
1902 3054 2013 3105 χει-

449 3117 625 3185 μῶνος
653 3120 745 3173 καὶ
774 3118 983 3188 θέρους.
1020 3122 1159 3175 Ἀλλ’
1182 3125 1229 3176 εί
1262 3125 1355 3177 καὶ
1386 3125 1547 3193 φύσει
1571 3128 1680 3179 τινὶ
1708 3128 2010 3196 ἐνεργεῖται

444 3206 636 3273 ταῦτα,
678 3211 811 3264 ἀλλὰ
866 3212 1001 3265 Θεοῦ
1064 3213 1242 3266 νεύσει
1291 3216 1386 3267 καὶ
1439 3217 1769 3287 προμηθείᾳ.
1799 3219 2009 3290 Ὥσπερ

445 3300 553 3367 γὰρ
582 3299 704 3353 οὔτε
754 3302 928 3369 ὑετὸς,
966 3302 1089 3356 οὔτε
1126 3306 1279 3374 χιὼν,
1329 3305 1451 3359 οὕτε
1485 3307 1836 3375 κρύσταλλος,
1884 3308 2007 3361 οὕτε

444 3398 704 3463 κεραυνὸς
753 3397 1100 3465 κατέρχεται,
1140 3399 1212 3468 μὴ
1265 3399 1416 3463 ὄντος
1471 3399 1687 3466 νέφους,
1745 3400 1878 3453 ἀλλᾶ
1926 3401 2015 3454 διὰ

446 3488 612 3556 μέσου
640 3488 830 3541 τούτου
877 3490 937 3542 τὸ
971 3491 1028 3541 ὲν
1064 3489 1274 3554 τούτοις
1302 3490 1443 3543 θεῖον
1485 3492 1812 3560 πρόσταγμα
1844 3490 2015 3543 τελεῖ-

441 3595 550 3641 ται,
577 3578 652 3641 ὼς
676 3581 913 3651 ἀρχῆθεν
944 3584 970 3634 6
992 3584 1331 3652 Δημιουργὸς
1359 3583 1671 3651 εὐδόκησεν,
1700 3582 1868 3645 οὕτως
1892 3582 2012 3635 οὐδὲ

440 3670 467 3721 6
494 3671 715 3740 σεισμὸς
744 3672 874 3725 ἄνευ
903 3674 1081 3736 αἰτίας
1114 3676 1350 3743 φυσικῆς
1380 3674 1475 3727 καὶ
1504 3674 1651 3737 θείας
1679 3673 2006 3745 βουλήσεως.

792 3788 866 3847 ς’.
895 3783 1033 3850 Περὶ
1059 3786 1333 3852 κομητῶν
1365 3785 1656 3853 ἀστέρων.

506 3896 568 3947 Oi
597 3896 653 3949 δὲ
684 3900 918 3967 κομῆται
937 3899 1197 3965 γίνονται,
1223 3898 1640 3967 ἀναθυμιάσεως
1672 3900 1847 3968 ὑγρᾶς
1876 3900 2007 3952 ἀνα-

438 3989 657 4060 χθείσης
688 3991 768 4052 είς
800 3992 859 4043 τὸ
879 3992 1234 4062 ὑπέκκαυμα,
1293 3993 1519 4046 κάκεῖσε
1571 3994 2003 4063 περιπλακείσης

438 4083 590 4152 μέρει
619 4083 725 4135 τινὶ
755 4082 847 4136 τοῦ
880 4086 1056 4136 ἐκεῖσε
1088 4084 1282 4154 πυρὸς,
1314 4086 1409 4138 καὶ
1444 4085 1608 4138 οἱονεὶ
1655 4085 1861 4155 τροφῆς
1905 4088 1997 4139 καὶ

434 4173 566 4244 ὕλης
595 4174 766 4243 τούτῳ
825 4177 1263 4248 χρηματισάσης.
1297 4178 1512 4231 Γίνεται
1540 4177 1596 4230 δὲ
1628 4178 1786 4231 τοῦτο
1811 4178 1871 4232 τὸ
1904 4178 1999 4232 τοῦ

433 4267 670 4335 κομήτου
725 4267 907 4335 σχῆμα
936 4266 1201 4333 τοιοῦτον,
1228 4263 1339 4321 οἷον
1363 4267 1502 4339 τύχῃ
1524 4268 1586 4321 τὸ
1609 4268 1999 4341 ἀναθυμιώμε-

428 4376 519 4411 νον
546 4361 1034 4430 ὲσχηματισμένον.
1076 4360 1198 4414 Elui.
1227 4360 1282 4414 δὲ
1311 4359 1496 4431 σχεδὸν
1541 4362 1591 4415 οἱ
1630 4362 1845 4426 πλείους
1890 4379 1996 4432 φα·

430 4447 613 4511 νέντες
656 4449 823 4518 τέρας
853 4450 1111 4523 πονηρόν.

921 4563 987 4627 ζ’.
1021 4567 1159 4633 Περὶ
1198 4567 1456 4637 ἀνέμων.

493 4680 695 4749 Διπλῆς
720 4678 907 4750 οὔσης,
938 4681 1011 4745 ὡς
1040 4681 1271 4752 ἔφαμεν,
1307 4683 1407 4753 τῆς
1427 4684 1863 4755 ἀναθυμιάσεως,
1899 4688 1993 4740 καὶ

420 4772 521 4841 τῆς
553 4771 653 4840 μὲν
679 4772 874 4841 ὑγρᾶς,
901 4772 1000 4840 τῆς
1027 4772 1083 4825 δὲ
1110 4772 1301 4843 ξηρᾶς,
1330 4776 1393 4827 ἐκ
1421 4776 1517 4844 μὲν
1549 4777 1648 4845 τῆς
1695 4778 1869 4845 ὑγρᾶς
1900 4778 1989 4845 γί-

418 4880 597 4916 νονται
626 4864 694 4917 τὰ
718 4863 854 4934 νέφη
883 4866 977 4918 καὶ
1006 4865 1064 4918 τὸ
1086 4864 1250 4935 ὕδωρ,
1284 4868 1347 4919 ὲκ
1370 4867 1425 4919 δὲ
1456 4869 1551 4937 τῆς
1580 4868 1750 4939 ξηρᾶς
1775 4872 1825 4923 oi
1858 4871 1987 4924 άνε-

423 4971 533 5023 μοι.
565 4954 684 5006 Είσλ
705 4954 759 5006 δὲ
794 4954 884 5006 τὸν
910 4954 1141 5025 ἀριθμὸν
1167 4955 1257 5026 ιβ’.
1278 4956 1375 5010 Ἐκ
1410 4958 1508 5025 μὲν
1532 4959 1640 5027 γάρ
1667 4964 1765 5030 τῆς
1797 4962 1991 5032 ίσημε·

418 5045 571 5115 ρινῆς
627 5046 890 5115 ἀνατολῆς
944 5049 1068 5099 πνεῖ
1115 5050 1142 5101 6
1194 5048 1546 5119 ἀφηλιὼτης·
1577 5051 1883 5117 ἐξεναντίας
1929 5057 1984 5109 δὲ

414 5137 603 5188 τούτου
629 5136 776 5189 ἐστὶν
806 5140 832 5189 6
867 5138 1111 5210 Ζέφυρος
1142 5142 1199 5193 ὲν
1232 5144 1297 5211 τῇ
1327 5142 1510 5195 δύσει·
1545 5145 1653 5196 ἀπὸ
1690 5145 1745 5198 δὲ
1776 5148 1871 5216 τῆς
1900 5149 1984 5201 θε-

2130 2044 2255 2113 quia
2291 2054 2451 2100 nocte
2485 2057 2643 2101 terrm
2669 2049 2989 2118 superﬁcies
3014 2052 3183 2121 magis
3208 2053 3450 2123 frigescit
3471 2061 3526 2108 et
3551 2054 3692 2109 den-

2129 2144 2303 2201 satur,
2339 2138 2824 2209 exhalationesque
2855 2142 3004 2199 intus
3032 2145 3453 2201 concluduntur.
3508 2146 3691 2202 Terra)

2128 2236 2310 2282 autem
2365 2238 2551 2285 motus
2612 2232 2937 2299 i'mpetnoste
3017 2236 3210 2305 pluvia:
3263 2238 3579 2307 praecedunt
3637 2248 3692 2294 et

2125 2318 2324 2375 deimle
2352 2336 2417 2375 ex
2446 2323 2628 2377 calore
2662 2324 2903 2379 siccitas.
2966 2325 3104 2381 Sunt
3143 2343 3272 2384 vero
3307 2329 3683 2398 particulares,

2126 2410 2308 2474 (terra:
2338 2410 2541 2481 motus)
2570 2429 2747 2483 neque
2785 2430 2882 2485 per
2913 2416 3223 2473 universam
3279 2425 3482 2474 terram
3522 2420 3682 2475 ﬁunt.

2124 2501 2301 2556 Semel
2358 2505 2501 2558 enim
2559 2507 2810 2562 universa
2841 2516 2988 2564 terra
3053 2518 3198 2565 mota
3252 2520 3355 2576 est,
3407 2511 3685 2568 Passionis

2120 2590 2419 2650 Salvatoris
2448 2595 2664 2651 Domini
2693 2600 2865 2654 nostri
2898 2608 3165 2670 tempore,
3209 2603 3329 2673 ipso
3360 2611 3516 2659 terra:
3555 2619 3685 2661 cen-

2122 2695 2207 2740 tro
2251 2688 2477 2758 agitato.
2515 2687 2705 2759 Neque
2731 2691 2869 2746 ﬁunt
2900 2693 2957 2747 in
2991 2695 3140 2749 omni
3190 2695 3433 2765 regione,
3491 2696 3583 2751 sed
3626 2696 3683 2750 in

2119 2777 2203 2834 his
2229 2780 2575 2836 solummodo
2607 2783 2663 2838 in
2694 2783 2895 2851 quibus
2949 2792 3092 2839 terra
3147 2794 3233 2841 est
3285 2786 3576 2855 spongiosa
3628 2795 3684 2842 et

2118 2870 2362 2936 rimosa;
2400 2880 2452 2925 et
2502 2872 2556 2926 in
2599 2874 2921 2942 quibusdam
2957 2877 3239 2939 continuo,
3292 2878 3345 2932 in
3380 2879 3502 2933 aliis
3534 2883 3680 2943 r‘aro,

2115 2971 2168 3014 et
2188 2977 2313 3017 vere
2338 2969 2502 3033 atque
2522 2973 2784 3019 autumno
2807 2967 2990 3035 potius
3013 2983 3173 3036 quam
3196 2967 3374 3023 hieme
3391 2984 3453 3023 ac
3469 2978 3679 3025 testate.

2116 3050 2229 3106 Etsi
2257 3054 2489 3121 quadam
2521 3067 2727 3110 natura:
2759 3056 2875 3127 lege
2907 3057 3019 3112 haec
3049 3058 3374 3125 eﬂiciantur,
3398 3062 3489 3115 sed
3514 3062 3677 3116 etiam

2117 3142 2207 3198 Dei
2242 3144 2520 3201 voluntate
2551 3155 2606 3201 et
2636 3149 2994 3217 providentia.
3029 3148 3499 3215 Quemadmodum
3532 3150 3677 3204 enim

2037 3278 2077 3335 Ο
2113 3252 2293 3307 neque
2355 3238 2538 3308 pluvia
2593 3255 2771 3310 neque
2826 3241 2941 3305 nix,
2989 3257 3168 3311 neque
3221 3243 3445 3314 glacies,
3504 3258 3679 3313 neque

2117 3334 2322 3390 fulmen
2352 3336 2561 3405 absque
2599 3338 2839 3392 nubibus
2861 3338 3146 3404 decidunt,
3176 3339 3271 3393 sed
3302 3341 3673 3395 mediantihus

2114 3426 2220 3479 illis
2282 3427 2525 3481 divinum
2579 3428 2863 3484 consilium
2910 3430 3213 3499 perficitur,
3283 3440 3345 3485 ut
3391 3433 3462 3487 ab
3520 3433 3678 3488 initio

2111 3516 2356 3571 Creatori
2407 3519 2584 3574 visum
2626 3528 2732 3586 est,
2767 3521 2840 3575 ita
2879 3537 3055 3591 neque
3105 3523 3306 3579 accidit
3340 3532 3500 3581 terra:
3560 3539 3677 3580 mo-

2111 3612 2200 3661 tus
2229 3608 2346 3663 sine
2384 3622 2549 3665 causa
2578 3610 2802 3682 physica
2827 3620 2882 3666 et
2913 3612 3099 3669 divina
3129 3616 3429 3671 voluntate.

2670 3811 2722 3868 θ.
2767 3811 2841 3867 De
2869 3815 3105 3869 cometis.

2175 3922 2413 3978 Cometse
2434 3923 2571 3980 ﬁunt
2612 3941 2675 3981 ex
2708 3928 3006 3997 vaporibus
3030 3930 3084 3983 in
3116 3929 3465 4000 [uliginosam
3500 3939 3674 3986 male-

2103 4014 2239 4068 riam
2260 4016 2505 4081 mutatis;
2525 4018 2616 4087 qui
2647 4019 2810 4089 hujus
2829 4021 3069 4075 materire
3088 4023 3224 4090 parti
3244 4021 3460 4076 cuidam
3491 4021 3673 4091 impli-

2101 4108 2207 4162 cati
2231 4109 2403 4163 eitlem
2429 4110 2749 4166 alimentum
2785 4122 2840 4167 et
2863 4116 3143 4170 materiem
3170 4116 3428 4185 przebent.
3457 4115 3550 4170 Est
3570 4131 3670 4169 au-

2101 4207 2205 4253 tem
2222 4208 2448 4254 cometae
2466 4200 2637 4256 forma
2661 4218 2758 4272 pro
2775 4218 3036 4274 vaporum
3053 4208 3377 4275 quantitate.
3402 4206 3542 4261 Sunt
3565 4223 3668 4261 an-

2098 4294 2207 4343 tem
2235 4289 2500 4361 plerique,
2535 4306 2661 4347 cum
2691 4304 2977 4366 apparent,
3013 4296 3287 4353 funestum
3335 4296 3664 4369 prodigium.

2728 4580 2777 4634 7.
2806 4580 2880 4635 De
2905 4581 3086 4634 ventis.

2164 4689 2374 4760 Duplex
2404 4698 2508 4759 est,
2530 4699 2591 4745 ut
2612 4690 2873 4756 diximus,
2892 4691 3195 4757 exhalatio,
3233 4692 3403 4746 altera
3435 4691 3657 4761 quidem

2092 4780 2340 4847 humida,
2372 4782 2541 4836 altera
2561 4790 2741 4837 autem
2769 4783 2941 4837 sicca.
2971 4782 3046 4836 Ex
3077 4782 3302 4837 humida
3328 4784 3464 4837 liunt
3486 4782 3661 4837 imber

2089 4880 2143 4927 et
2169 4886 2336 4942 aqua,
2369 4886 2399 4927 e
2434 4874 2582 4928 sicca
2618 4888 2748 4927 vero
2773 4876 2944 4929 venti.
3002 4872 3146 4928 Sunt
3187 4882 3368 4928 autem
3431 4888 3660 4929 numero

2089 4964 2395 5019 duodecim.
2431 4965 2508 5018 Ex
2541 4965 2909 5035 aequinoctiali
2937 4967 3150 5021 oriente
3186 4967 3359 5035 spirat
3401 4967 3659 5023 subsola-

2088 5071 2211 5111 nus.
2244 5056 2315 5109 Ex
2355 5058 2608 5126 Opposito
2632 5066 2811 5111 autem
2841 5067 2923 5112 est
2950 5060 3216 5131 zepltyrus
3256 5059 3310 5114 in
3346 5061 3651 5116 occidente.

2087 5147 2163 5199 Ex
2195 5146 2386 5201 aestivo
2443 5148 2657 5202 oriente
2718 5150 2892 5218 spirat
2949 5150 3197 5214 Caecias;
3249 5166 3317 5206 ex
3374 5153 3652 5207 contrario

2084 5249 2263 5292 autem
2300 5236 2496 5309 Iapyx;
2535 5254 2599 5291 ex
2633 5240 2859 5293 hiberno
2923 5241 3136 5294 oriente
3181 5239 3382 5307 Eurus,
3420 5243 3509 5297 cui
3549 5259 3652 5313 op-

2082 5330 2295 5398 positus
2350 5339 2433 5384 est
2464 5329 2707 5383 Africus.
2740 5329 2787 5383 Α
2816 5330 3046 5384 meridie
3092 5330 3297 5397 Notus;
3349 5348 3377 5385 a
3428 5343 3651 5403 septen-

2080 5421 2256 5475 trione
2290 5432 2483 5476 ventus
2514 5421 2982 5490 septentrionalis.
3015 5420 3224 5477 Medius
3254 5431 3438 5478 autem
3506 5426 3647 5480 inter

2078 5509 2275 5565 Notum
2299 5519 2352 5566 et
2383 5513 2583 5566 Eurum
2614 5519 2699 5567 est
2728 5511 3077 5579 Euronotus;
3109 5513 3325 5570 medius
3347 5530 3478 5568 vero
3502 5515 3646 5569 inter

2077 5602 2309 5657 Caaciam
2341 5610 2393 5657 et
2422 5603 2904 5672 septentrionalem
2932 5613 3151 5659 ventum
3187 5614 3271 5661 est
3302 5605 3531 5673 Boreas;
3586 5616 3643 5661 et

2076 5693 2285 5748 medius
2322 5694 2463 5749 inter
2496 5694 2694 5749 Notum
2722 5703 2776 5749 et
2805 5693 3051 5750 Africum
3108 5704 3191 5751 est
3247 5698 3639 5767 Al'riconotus;

2074 5793 2129 5839 ct
2165 5785 2376 5841 medius
2402 5787 2542 5841 inter
2575 5799 2795 5844 ventum
2824 5789 3305 5861 septentrionalem
3332 5797 3387 5845 et
3440 5792 3637 5863 Iapyga

2076 5887 2161 5932 cst
2190 5877 2504 5934 Thrascias.

417 5228 568 5297 ρινῆς
590 5230 858 5298 ἀνατολῆς
879 5232 906 5282 6
924 5232 1176 5295 Καικίας·
1194 5233 1502 5298 ἐξεναντίας
1516 5236 1570 5288 δὲ
1584 5237 1774 5290 τούτου
1790 5241 1937 5293 ἐστὶν
1956 5245 1983 5294 ὁ

424 5321 640 5385 ’1άπυξ’
669 5323 775 5376 ἀπὸ
796 5323 852 5375 δὲ
870 5323 968 5393 τῆς
987 5327 1323 5395 χειμερινῆς,
1349 5329 1376 5380 6
1394 5327 1567 5398 Εὖρος
1593 5322 1652 5381 οὗ
1682 5331 1923 5395 ἐναντίος
1952 5335 1980 5386 6

412 5411 521 5479 Λίψ
537 5428 550 5442 ’
572 5413 679 5467 ἀπὸ
700 5414 756 5467 δὲ
776 5416 1120 5485 μεσημϐρίας
1138 5419 1164 5468 ὁ
1178 5417 1367 5481 Νότος⁶
1383 5420 1487 5471 ἀπὸ
1504 5420 1743 5492 δὲΒορῤἄ
1760 5422 1786 5472 6
1801 5423 1978 5493 ἀπαρ-

411 5502 553 5565 κίαςο
583 5505 744 5572 μέσος
775 5506 830 5558 δὲ
852 5506 945 5559 τοῦ
965 5507 1138 5561 Νότου
1154 5509 1247 5561 καὶ
1271 5508 1361 5563 τοῦ
1379 5509 1552 5581 Εῠρου
1575 5514 1718 5564 εστὶν
1738 5514 1973 5584 Εὐρύνο-

409 5610 531 5654 τος’
559 5595 652 5647 καὶ
678 5595 838 5664 μέσος
858 5598 1084 5651 Καικίου
1113 5600 1205 5651 καὶ
1232 5601 1538 5670 ἀπαρκτίου
1566 5606 1592 5657 6
1620 5605 1851 5675 Βορῤἄς·
1880 5608 1974 5661 καὶ

413 5683 572 5751 μέσος
596 5685 768 5737 Νότου
796 5687 889 5739 καὶ
908 5688 1071 5751 Λιὸὸς
1096 5691 1122 5741 6
1147 5690 1426 5756 Λιὸόνοτος
1446 5708 1461 5723 ο
1493 5695 1583 5748 καὶ
1610 5696 1769 5766 μέσος
1791 5698 1973 5770 ἀπαρ-

409 5773 558 5827 κτίου
598 5776 689 5828 καὶ
727 5775 977 5847 Ἰάπυγος
998 5779 1336 5849 ὁΘρασκίσς.
