4446 6446
836 431 938 492 795

916 636 1016 692 liis
1045 638 1318 707 propriam
1366 638 1730 693 substantiam
1773 650 1877 687 non
1935 634 2117 695 habet,
2167 633 2261 686 sed
2318 640 2403 684 est

841 728 1253 799 reprasentatio
1286 728 1557 797 quaedam.
1586 726 1719 779 Cum
1757 725 1901 778 enim
1968 722 2137 777 nubes
2201 734 2401 789 parvas

840 821 1104 890 quasdam
1166 822 1330 876 rimas
1390 821 1589 881 habet,
1638 826 1692 872 et
1744 818 1845 870 soli
1899 816 2250 875 adversatur,
2313 828 2399 866 re-

837 913 1073 965 flectitur
1115 913 1181 966 ad
1216 913 1383 966 solem
1427 911 1576 963 visus
1599 917 1807 971 noster,
1847 915 1898 961 et
1945 907 2158 959 videtur
2189 903 2398 972 aliquid

845 1004 1035 1057 circuli
1071 1004 1314 1057 foramen
1350 1003 1402 1055 in
1438 1002 1583 1054 nube
1612 1016 1736 1055 esse
1778 1040 1791 1055 .
1835 997 2159 1052 Aristoteles
2218 1003 2398 1049 autem

838 1110 930 1161 per
955 1093 1335 1163 geometricam
1370 1091 1684 1146 metliodum
1720 1090 2051 1144 demonstrat
2102 1103 2169 1142 ne
2228 1089 2408 1141 circuo

841 1188 947 1237 lum
986 1184 1207 1253 quidem
1242 1184 1381 1247 fieri,
1414 1200 1513 1238 nec
1553 1182 1727 1249 majus
1757 1179 2104 1235 semicirculo
2157 1179 2403 1234 foramen

840 1293 984 1332 esse.

1455 1366 1505 1419 9.
1540 1365 1612 1420 De
1633 1382 1780 1419 area.

911 1484 1053 1538 Area
1080 1485 1224 1537 circa
1256 1483 1438 1535 lunam
1459 1490 1515 1534 et
1547 1480 1740 1542 solem,
1765 1477 2057 1547 aliquando
2076 1477 2237 1531 etiam
2265 1477 2408 1531 circa

845 1577 1127 1630 stellarum
1172 1574 1646 1644 splendidissimos
1700 1570 1983 1623 formatur.
2013 1568 2069 1621 ld
2133 1584 2198 1623 ex
2261 1569 2411 1622 visus

842 1669 1131 1721 ria-flexione
1159 1667 1336 1719 oritur
1374 1664 1463 1731 qui
1505 1662 1739 1729 undique
1783 1661 2035 1713 similiter
2072 1661 2213 1713 circa
2240 1659 2409 1713 solem

839 1767 891 1807 et
943 1758 1124 1809 lunam
1148 1754 1479 1813 reflectitur;
1532 1760 1589 1804 ut
1637 1767 1729 1820 per
1768 1751 2151 1819 geometricam
2189 1750 2411 1804 formam

840 1849 1167 1901 ostenditur.

1300 1960 1383 2013 10.
1426 1960 1500 2012 De
1525 1959 1642 2013 cccli
1681 1958 1876 2025 forma.

908 2052 1116 2106 Ctelmn
1148 2052 1471 2121 sphaericum
1499 2060 1601 2113 est,
1640 2058 1693 2104 et
1730 2050 1831 2103 hoc
1858 2056 2004 2119 patet
2037 2064 2101 2103 ex
2135 2064 2198 2104 eo
2263 2048 2407 2116 quod

842 2153 985 2197 astra
1026 2159 1131 2197 non
1163 2143 1403 2196 errantia
1434 2141 1624 2196 iisdem
1660 2141 1799 2195 locis
1833 2142 2112 2209 surgentia
2166 2150 2219 2193 et
2258 2140 2409 2192 occi-

845 2236 1027 2289 dentia
1063 2236 1335 2297 videntur,
1373 2245 1427 2288 et
1463 2234 1703 2289 borealis
1736 2234 1896 2302 polus
1958 2234 2215 2287 immotus
2265 2233 2408 2299 apud

846 2343 944 2381 nos
970 2327 1480 2395 semperaspieitur,
1509 2329 1635 2379 dum
1665 2333 1853 2379 contra
1873 2324 2128 2378 australis
2154 2332 2410 2392 perpetuo

848 2429 1056 2489 tegatur
1083 2436 1096 2485 ;
1128 2419 1271 2488 quod
1304 2434 1410 2472 non
1444 2418 1517 2471 ita
1550 2424 1695 2473 esset
1742 2416 1787 2471 si
1837 2418 2034 2470 cmlum
2086 2416 2407 2485 sphaerieam

848 2519 1071 2565 lmnam
1114 2528 1220 2564 non
1255 2510 1552 2566 affectat-et.
1595 2507 1783 2563 Omnis
1828 2508 1971 2563 enim
2022 2509 2253 2577 sphaera,
2290 2522 2410 2560 cum

850 2614 1121 2663 movetur,
1155 2603 1256 2655 tria
1292 2610 1493 2670 puncta
1523 2599 1825 2653 immobilia
1849 2600 2033 2658 habet.
2063 2608 2316 2652 centrum
2364 2606 2417 2652 et

846 2690 981 2743 duos
1020 2692 1191 2759 polos.
1255 2688 1376 2743 llaec
1442 2704 1603 2758 porro
1635 2687 1807 2740 forma
1851 2688 2006 2756 plura
2059 2691 2203 2754 capit
2252 2702 2413 2756 quam

848 2798 923 2835 (ne
952 2798 1073 2851 quan
1109 2783 1359 2835 emndem
1394 2797 1455 2835 ae
1490 2781 1577 2833 illa
1614 2780 1877 2834 ambitum
1921 2780 2145 2844 habent,
2195 2791 2248 2832 et
2298 2779 2417 2833 aliis

851 2874 1043 2927 lurmis
1076 2872 1371 2942 perfectior
1405 2883 1507 2927 est.

1371 2986 1457 3037 11.
1522 2983 1593 3037 De
1645 2983 1860 3036 mundo.

925 3076 1178 3130 Nonnulli
1222 3075 1531 3143 philosophi
1587 3075 1789 3143 opinati
1846 3084 1971 3127 sunt
2032 3073 2269 3127 infinitos
2298 3088 2421 3127 esse

855 3169 1082 3221 mundos
1112 3175 1163 3221 et
1192 3167 1243 3219 in
1274 3165 1503 3235 singulis
1532 3175 1730 3218 terram
1773 3180 1893 3218 esse
1926 3175 2127 3218 nostra:
2161 3164 2417 3225 similem,

2078 425 2502 486 MlCllAELlS
2544 427 2808 488 PSELLI

1427 545 1479 599 8.
1514 545 1587 598 De
1620 545 1767 599 iride.
2427 544 2476 597 Α

3965 448 4073 508 7‘36

3047 545 3115 617 η’.
3148 548 3281 616 Περί
3318 549 3523 616 ἴριδος.

2581 638 2647 690 Ἦ
2676 637 2943 709 λεγομένη
2972 638 3078 708 ῖρις
3115 640 3250 693 ίδίαν
3281 642 3575 695 ὑπόστασιν
3622 643 3721 695 οὐκ
3773 643 3909 713 ἔχει,
3958 646 4074 699 ἀλλ’

2505 732 2743 801 ἔμφασίς
2765 734 2847 795 τίς
2870 734 2986 785 ἐστι
3012 750 3026 764 ·
3056 732 3150 786 τοῦ
3174 736 3282 803 γάρ
3304 736 3495 803 νέφους
3524 738 3723 806 μικράς
3750 754 3900 799 τινας
3930 740 4074 808 ῥανί-

2504 822 2599 885 δας
2631 824 2864 892 ἔχοντος,
2898 825 2990 875 καὶ
3018 824 3327 889 ἐξεναντίας
3352 827 3606 895 κειμένου
3653 828 3729 897 τῷ
3768 828 3923 897 ἡλίῳ,
3980 831 4075 882 ἀν-

2506 915 2887 985 τανακλᾶταιὴ
2921 918 3163 987 ἡμετέρα
3190 917 3313 985 ὄψις
3347 918 3482 989 πρὸς
3510 919 3601 971 τὸν
3637 920 3808 989 ἣλιον,
3843 921 3937 972 καὶ
3978 920 4066 972 δο-

2508 1010 2595 1061 κεῖ
2626 1026 2675 1060 τι
2712 1008 2911 1061 κύκλου
2931 1010 3129 1079 τμῆμα
3165 1012 3223 1061 ὲν
3247 1010 3325 1081 τῷ
3348 1011 3500 1078 νέφει
3537 1007 3699 1065 εἶναι.
3746 1013 3808 1063 '0
3836 1012 3892 1064 δὲ
3928 1013 4076 1082 Ἀρι-

2511 1102 2762 1169 στοτέλης
2813 1101 3052 1154 δείκνυσι
3105 1102 3193 1155 διὰ
3226 1104 3617 1171 γεωμετρικῶν
3668 1104 3939 1173 μεθόδων,
3997 1107 4077 1159 ὅτι

2508 1195 2631 1247 οὔτε
2665 1196 2863 1258 κύκλος
2896 1194 3263 1263 γίνεται,οὖτε
3294 1195 3479 1266 μεῖξον
3501 1196 3830 1265 ἡμικυκλίου
3860 1196 4074 1267 τμῆμα.

3101 1370 3165 1426 0'.
3188 1371 3322 1439 Περὶ
3352 1372 3495 1426 ἅλω.

2595 1482 2657 1536 Ἢ
2696 1483 2750 1535 δὲ
2807 1482 2951 1545 ἆλως
3003 1482 3130 1551 περὶ
3178 1484 3277 1551 τὴν
3341 1485 3573 1554 σελήνην
3628 1487 3723 1539 καὶ
3759 1486 3853 1539 τὸν
3904 1487 4077 1555 ἥλιον,

2515 1573 2683 1625 ἐνίοτε
2716 1572 2811 1623 καὶ
2835 1570 2963 1639 περὶ
3000 1570 3066 1622 τὰ
3104 1570 3333 1638 λαμπρὰ
3360 1570 3467 1624 τῶν
3496 1571 3710 1642 ἄστρων
3742 1571 4078 1624 συνίσταται.

2516 1659 2730 1710 Γίνεται
2777 1657 2832 1708 δὲ
2860 1657 2966 1709 ἀπο
2998 1657 3449 1719 ἁντανακλάσεως
3497 1660 3594 1720 τῆς
3634 1660 3831 1725 ὅψεως,
3886 1660 4081 1711 πάντο-

2516 1752 2606 1803 Οεν
2638 1754 2838 1820 ὁμοίως
2873 1751 3261 1820 ἀνακλωμένης
3292 1753 3419 1821 περὶ
3450 1752 3539 1804 τὸν
3570 1753 3720 1822 ἥλιον
3743 1755 3774 1822 ἦ
3799 1754 3895 1821 τὴν
3928 1755 4084 1823 σελή-

2442 1863 2491 1921 B
2518 1862 2634 1913 νην,
2666 1845 2740 1907 ὡς
2768 1844 2853 1895 διὰ
2886 1842 3263 1912 γεωμετρικοῦ
3296 1844 3572 1913 σχήματος
3600 1846 3890 1900 δείκνυται.

2868 1965 2919 2011 ι’.
2947 1960 3083 2024 Περὶ
3110 1959 3421 2026 σχήματος
3449 1961 3709 2026 οὐρανοῦ

2596 2052 2652 2105 ’0
2681 2050 2905 2119 οὐρανὸς
2932 2049 3300 2119 σφαιροειδὴς,
3343 2050 3435 2101 καὶ
3494 2050 3651 2101 τοῦτο
3696 2048 3856 2113 δῆλον
3907 2048 3969 2100 ἔκ
4022 2066 4081 2101 τε

2514 2146 2637 2206 τοὺς
2664 2143 2897 2211 ἀστέρας
2931 2142 3055 2204 τοὺς
3090 2140 3348 2201 ἀπλανεῖς
3389 2140 3621 2207 ὁρᾶσθαι
3661 2140 3769 2191 ἀπὸ
3816 2139 3925 2192 τῶν
3982 2141 4082 2191 αὑ-

2515 2236 2620 2287 τῶν
2651 2235 2829 2285 τόπων
2862 2232 3251 2292 ἀνατέλλοντας
3282 2231 3373 2283 καὶ
3412 2230 3689 2293 δύνοντας,
3725 2232 3820 2281 καὶ
3866 2230 3957 2282 τὸν
3991 2230 4081 2299 βόο

2518 2345 2661 2396 ρειον
2694 2326 2853 2378 πόλον
2883 2327 3136 2393 ἀκίνητον
3162 2324 3390 2392 ὁρᾶσθαι
3417 2323 3503 2375 ἀεὶ
3536 2325 3665 2391 παρ’
3699 2323 3874 2391 ἡμῶν,
3906 2325 3993 2373 τὸν
4028 2322 4085 2374 δὲ

2518 2420 2687 2470 νότιον
2715 2416 3047 2488 κρύπτεσθαι
3076 2432 3089 2445 ⁸
3126 2415 3262 2483 ὅπερ
3292 2414 3390 2465 οὑκ
3437 2413 3502 2465 ἂν
3559 2413 3867 2465 συνέϐαινεν
3887 2453 3900 2474 ,
3933 2414 3980 2464 εί
4010 2415 4084 2480 μὴ

2519 2509 2863 2578 σφαιροειδὴς
2892 2504 2959 2577 ἦν
2990 2507 3236 2575 οὐρανός.
3279 2506 3431 2557 Πᾶσα
3486 2504 3595 2574 γὰρ
3639 2509 3843 2573 σφαῖρα
3907 2521 4081 2557 κινου-

2523 2605 2655 2672 μένη
2688 2601 2814 2671 τρία
2844 2601 2955 2669 ἔχει
2991 2602 3195 2667 σημεῖα
3243 2598 3493 2667 ἀκίνητα,
3522 2600 3579 2650 τό
3616 2614 3673 2649 τε
3728 2599 3949 2665 κέντρον
3995 2598 4088 2647 καὶ

2518 2697 2643 2757 τοὺς
2683 2694 2775 2746 δύο
2808 2694 3023 2754 πόλους.
3066 2692 3221 2743 Ἰἰστι
3257 2692 3310 2743 δὲ
3347 2692 3527 2744 καὶτὸ
3560 2692 3744 2759 σχῆμα
3794 2690 3951 2741 τοῦτο
3981 2689 4088 2739 τῶν

2523 2786 2958 2855 ίσοπεριμέτρων
3002 2783 3149 2850 αὐτῷ
3210 2783 3503 2851 σχημάτων
3563 2780 4089 2851 πολυχιοιρητότερον,

2522 2880 2615 2933 καὶ
2649 2879 2754 2929 τῶν
2788 2878 2959 2930 ἄλλων
2997 2876 3289 2944 σχημάτων
3320 2874 3649 2943 τελειότερον

3046 2996 3113 3042 ια’
3126 3029 3137 3041 .
3162 2990 3298 3055 Περὶ
3334 2990 3585 3056 κόσμου.

2594 3081 2748 3142 Τινὲς
2793 3081 2902 3133 τῶν
2950 3080 3256 3149 φιλοσόφων
3318 3081 3578 3143 ἐδόξασαν
3641 3080 3902 3150 ἀπείρους
3955 3077 4091 3132 εἶναι

2525 3172 2795 3239 κόσμους,
2827 3172 2918 3223 καὶ
2947 3172 3000 3221 ὲν
3030 3172 3244 3239 ἑκάστῳ
3275 3171 3377 3239 γῆν
3416 3170 3606 3237 ὁμοίαν
3637 3172 3827 3243 ταύτῃ,
3868 3172 3962 3222 καὶ
4002 3172 4094 3223 ἀν-

855 3271 899 3307 ιιι
950 3261 1001 3311 in
1032 3258 1098 3313 iis
1130 3260 1310 3311 vivere
1346 3258 1592 3310 homines
1633 3265 1685 3309 et
1715 3256 1988 3309 animalia.
2029 3255 2131 3309 Sed
2181 3257 2424 3310 nescierc
2450 3240 2494 3298 ο
2528 3266 2611 3333 ορ(

2336 3270 2424 3309 ere
2450 3240 2494 3298 ο
2528 3265 2777 3333 θρώπους
2819 3265 2908 3315 καὶ
2936 3262 3069 3325 ζῶα.
3116 3262 3421 3329 ῚΙγνόησαν
3441 3263 3497 3315 δὲ
3526 3258 3693 3323 οὗτοι,
3734 3264 3814 3315 ὅτι
3844 3263 3943 3314 οὐκ
3982 3262 4092 3314 ἔστι

856 3350 1049 3401 divinae
1076 3349 1329 3416 potentiae
1359 3362 1461 3399 non
1496 3362 1617 3400 esse
1660 3345 1926 3397 actionem
1963 3360 2113 3399 suam
2183 3345 2425 3398 dividere

859 3452 909 3491 i-t
935 3443 985 3491 in
1024 3441 1194 3492 multa
1230 3440 1581 3503 distribuere,
1610 3439 1702 3493 sed
1741 3446 1927 3491 contra
1955 3453 2071 3491 eam
2096 3438 2347 3507 Colligere
2375 3444 2427 3491 et

861 3531 1199 3587 madunare.

869 3644 947 3695 i2.
994 3640 1134 3695 Num
1168 3643 1233 3695 sit
1266 3643 1487 3694 mumlus
1542 3641 1806 3693 mzimalus
1864 3649 1911 3692 et
1951 3639 2289 3694 Providentia
2336 3657 2430 3709 gu-

1493 3712 1764 3763 bernatus.

931 3823 1103 3878 ϐπερὶ
1133 3822 1350 3892 quidem
1384 3822 1627 3891 spliazras
1674 3822 1926 3878 caelestes
1974 3824 2241 3877 animatas
2308 3836 2431 3876 esse

864 3917 1064 3983 .ipinati
1108 3924 1257 3979 sunt,
1292 3914 1556 3968 addentes
1584 3914 1773 3968 stellas
1804 3929 1930 3968 esse
1971 3930 2185 3983 quoque
2218 3914 2431 3966 anima-

870 4020 973 4060 tas.
1008 4007 1064 4061 Si
1091 4007 1234 4059 enim
1267 4020 1495 4074 corpora
1547 4007 1829 4060 terrestria
1890 4022 1993 4059 non
2060 4016 2186 4061 sunt
2242 4006 2433 4058 anima:

866 4099 1129 4168 expertia,
1153 4105 1358 4166 quanto
1391 4096 1563 4165 magis
1583 4097 1850 4151 cwlcstia.
1884 4095 1993 4150 Nos
2032 4112 2163 4151 vero
2190 4096 2431 4150 dicimus

869 4204 1058 4244 eorum
1087 4197 1291 4242 motum
1324 4202 1445 4241 esse
1471 4187 1778 4257 physicum,
1799 4203 1972 4257 neque
2001 4188 2239 4241 vitalem.
2275 4185 2434 4240 Vide-

876 4298 994 4337 mus
1021 4281 1163 4336 enim
1192 4295 1389 4349 corpus
1411 4296 1519 4349 quo
1544 4281 1716 4347 magis
1738 4281 1956 4351 organis
1979 4281 2305 4334 instructum
2328 4289 2431 4343 est,

876 4373 1209 4441 “(majorem
1238 4372 1357 4426 vitae
1380 4372 1710 4426 activitatem
1737 4372 1953 4427 habere.
1982 4371 2242 4427 Nostrum
2272 4373 2437 4441 igitur

875 4481 1073 4534 corpus
1104 4463 1325 4534 organis
1356 4463 1603 4532 pluribus
1634 4464 1960 4517 instructum
1986 4472 2071 4517 est
2108 4478 2270 4529 quam
2314 4476 2435 4515 caa-

2529 3356 2678 3417 θείας
2703 3355 2987 3422 δυνάμεως
3016 3353 3073 3405 τὸ
3106 3354 3337 3421 διαιρεῖν
3366 3353 3463 3421 τὴν
3502 3356 3720 3421 ποίησιν
3742 3354 3837 3405 καὶ
3868 3355 3946 3417 εἰς
3968 3355 4092 3406 πολι

2526 3447 2595 3500 λὰ
2620 3447 2999 3516 κατατέμνειν,
3041 3445 3173 3498 ἀλλὰ
3210 3445 3481 3514 συνείρειν
3511 3446 3605 3498 καὶ
3637 3445 3856 3508 ἑνίζειν.

2532 3646 2617 3717 ιβ’.
2653 3649 2721 3701 EI
2771 3645 3095 3715 ἔμψυχος-ό
3144 3645 3373 3712 κόσμος
3407 3644 3504 3698 καί
3559 3644 3813 3712 προνοίᾳ
3847 3644 4095 3699 διοικού-

3192 3732 3399 3782 μενος.

2604 3833 2667 3885 Οί
2692 3832 2788 3900 μὲν
2827 3829 3087 3899 ’Έλληνες
3114 3830 3213 3891 τὰς
3244 3828 3482 3896 σφαίρας
3519 3826 3614 3880 τοῦ
3650 3827 3879 3895 οὐρανοῦ
3929 3827 4097 3896 ἐμψύ-

2532 3941 2658 3992 χους
2689 3922 2966 3984 ἐδόξασαν,
2998 3920 3132 3993 πρὸς
3180 3919 3236 3972 δὲ
3278 3918 3522 3980 καὶτοὺς
3552 3918 3785 3984 ἀστέρας
3812 3918 4055 3984 λέγοντες
4083 3934 4095 3948 ⁸

2534 4010 2651 4064 εἶτα
2680 4010 2912 4063 ἐνταῦθα
2942 4009 3119 4077 γεώδη
3155 4007 3383 4079 σώματα
3413 4009 3515 4060 οὐκ
3545 4010 3838 4078 ὴμοίρησε,
3871 4010 4017 4078 πόσῳ
4040 4027 4100 4076 γε

2537 4104 2736 4173 μᾶλλον
2771 4102 2837 4155 τὰ
2860 4102 3107 4169 οὐράνια.
3150 4100 3341 4169 Ἡμεῖς
3367 4099 3473 4170 [δὲ]
3506 4102 3757 4167 λέγομεν,
3796 4100 3921 4168 ὼςὴ
3950 4100 4101 4169 κίνη-

2536 4211 2619 4256 σις
2659 4193 2860 4246 τούτων
2912 4192 3113 4260 φυσική
3156 4194 3272 4243 ἐστι
3322 4192 3414 4243 καὶ
3465 4191 3526 4242 οὐ
3584 4192 3811 4259 ψυχική.
3857 4190 4105 4259 Ὀρῶμεν

2536 4287 2663 4354 γὰρ,
2698 4287 2772 4348 ὡς
2793 4286 2901 4355 ὅσῳ
2927 4282 3361 4353 όργανικώτερόν
3407 4284 3525 4334 ἐστι
3556 4282 3615 4334 τὸ
3657 4282 3837 4350 σῶμα,
3867 4281 4105 4350 τοσούτῳ

2536 4379 2747 4446 δέχεται
2778 4379 2871 4429 καὶ
2895 4375 2994 4438 τὰς
3026 4374 3306 4444 ἐνεργείας
3362 4374 3460 4442 τῆς
3488 4374 3665 4442 ψυχῆς
3726 4373 4001 4433 πλείονας.
4030 4371 4109 4422 Τὸ

2537 4468 2666 4535 γοῦν
2698 4467 2967 4535 ἡμέτερον
2995 4465 3155 4533 σῶμα
3180 4463 3619 4533 ὀργανικὼτερόν
3647 4464 3763 4514 ἐστι
3787 4463 3897 4514 τῶν
3923 4463 4108 4529 σωμά-

875 4570 904 4609 ι.
929 4570 1107 4608 rarum
1160 4555 1545 4610 animantium‘.
1588 4555 2317 4622 corpora,quemadmodum
2374 4563 2427 4607 et
2470 4587 2509 4639 ο
2538 4577 2631 4611 τωι

2374 4563 2427 4607 Cl
2470 4587 2509 4639 υ
2538 4577 2645 4611 των
2677 4558 2784 4610 τῶν
2809 4556 3009 4608 λοιπῶν
3040 4555 3214 4618 ζώων,
3265 4554 3454 4621 ὥσπερ
3488 4555 3669 4606 ἐκεῖνα
3724 4555 3832 4604 τῶν
3880 4553 4057 4618 φυτῶν
4093 4569 4104 4583 ·

874 4665 934 4700 ea
968 4647 1159 4700 melius
1193 4646 1541 4700 instruuntur
1570 4659 1729 4712 quam
1765 4644 1982 4711 plantae.
2043 4642 2196 4707 Quod
2254 4650 2433 4695 autem

876 4739 1321 4806 istsphaerieum,
1355 4738 1575 4791 omnino
1606 4736 1835 4802 simplex
1874 4745 1956 4789 est
1988 4744 2043 4789 et
2082 4736 2194 4787 vita
2223 4750 2439 4797 carens,

881 4841 935 4883 ut
967 4838 1200 4898 quatuor
1234 4830 1523 4881 elementa.

1105 4919 1195 4972 15.
1228 4916 1371 4969 Num
1407 4919 1475 4970 sit
1511 4918 1736 4970 mundus
1795 4916 2226 4983 incorruptibilis.
2260 4912 2295 4979 Ξ

954 5012 1271 5065 Aristoteles
1304 5010 1523 5079 quidem
1560 5010 1816 5077 Opinatur
1866 5008 2126 5061 mundum
2190 5022 2309 5061 esse
2379 5008 2446 5061 ab

883 5116 1085 5155 aeterno
1115 5117 1295 5170 neque
1330 5104 1487 5154 linem
1519 5100 1833 5154 habiturum
1862 5115 1875 5161 ;
1907 5097 2059 5151 Plato
2090 5105 2269 5150 autem
2297 5098 2445 5149 illum

888 5206 1072 5247 natum
1100 5208 1221 5248 esse
1252 5193 1455 5251 credit.
1482 5192 1575 5244 sed
1600 5199 1864 5245 aeternum
1900 5190 2033 5243 fore.
2070 5187 2179 5243 Nos
2209 5203 2341 5241 vero
2369 5188 2452 5239 di-

889 5284 1062 5337 cimus
1106 5284 1391 5343 mundum,
1440 5298 1562 5335 cum
1600 5281 1669 5334 sit
1707 5294 1928 5349 corpus,
1966 5288 2017 5333 et
2046 5293 2206 5332 omne
2229 5278 2452 5344 {corpus

893 5373 1097 5425 finitam
1137 5374 1244 5426 vim
1283 5374 1498 5435 habeat,
1545 5372 1748 5425 finitam
1781 5371 1887 5424 vim
1922 5379 1975 5423 et
2016 5371 2189 5438 ipsum
2236 5367 2451 5432 habere,

892 5464 1125 5532 quodex
1154 5465 1508 5531 sequentibus
1554 5471 1721 5532 patet.
1768 5461 1911 5514 Intra
1978 5458 2168 5529 viginti
2219 5469 2456 5528 quatuor

899 5556 1063 5609 horas
1122 5555 1376 5619 volvitur,
1408 5564 1468 5609 ut
1498 5557 1549 5607 in
1580 5554 1836 5608 confesso
1885 5561 1991 5606 est.
2046 5551 2101 5604 Si
2151 5551 2313 5620 igitur
2344 5564 2458 5603 ma—

894 5648 1069 5713 jorem
1100 5647 1203 5698 vim
1235 5646 1484 5707 haberet,
1517 5646 1872 5712 paucioribus
1908 5644 2057 5697 horis
2119 5653 2455 5705 moveretur;

905 5748 972 5789 ita
994 5749 1067 5797 ιιι,
1094 5738 1545 5805 quemadmodum
1584 5736 1977 5807 magnitudine,
2041 5736 2119 5789 sic
2182 5745 2231 5789 ct
2270 5736 2318 5787 vi
2352 5743 2459 5789 ter-

908 5847 1029 5882 ΙιὶλΙὶλ
1058 5840 1161 5882 llll.
1248 5866 1253 5867 γ

2540 4650 2599 4702 τὸ
2628 4650 2684 4701 δὲ
2723 4645 3063 4715 σφαιροειδὲς
3099 4645 3277 4713 πάντη
3306 4642 3531 4707 ἁπλοῦν,
3566 4642 3705 4694 ὥστε
3746 4642 3838 4693 καὶ
3884 4640 4107 4710 ἄψυχον,

2542 4736 2629 4795 οἷα
2664 4740 2735 4793 τὰ
2762 4738 3002 4806 τέσσαρα
3030 4737 3287 4803 στοιχεῖα.

2899 4915 2990 4982 ιγ’.
3014 4917 3078 4968 Ei
3120 4914 3418 4981 ἄφθαρτος
3446 4917 3477 4967 ὁ
3510 4915 3759 4982 κόσμος.

2631 5005 2689 5056 'U
2713 5005 2810 5071 μὲν
2852 5002 3227 5073 Ἀριστοτέλης
3259 5004 3461 5071 κόσμον
3482 5003 3695 5067 δοξάζει
3724 5001 4018 5070 ἀγέννητόν
4054 5018 4113 5053 τε

2549 5097 2641 5149 καὶ
2673 5096 2945 5165 ἄφθαρτον
2972 5112 2983 5122 ·
3013 5098 3040 5147 ό
3064 5096 3119 5147 δὲ
3162 5095 3387 5147 Πλάτων
3421 5094 3676 5162 γεννητὸν
3734 5095 3857 5161 μὲν,
3909 5091 4118 5161 ἄφθαρ-

2550 5207 2638 5241 τον
2671 5189 2746 5240 δέ.
2793 5190 2981 5257 Ἡμεῖς
3011 5188 3067 5240 δὲ
3092 5188 3346 5257 λέγομεν,
3374 5187 3469 5250 ὡς,
3499 5187 3619 5239 ἐπεὶ
3650 5186 3809 5254 σῶμά
3841 5188 3981 5247 ἐστι,
4011 5188 4118 5237 πᾶν

2554 5282 2608 5332 δὲ
2640 5281 2797 5349 σῶμα
2823 5280 3248 5349 πεπερασμένην
3278 5280 3391 5347 ἔχει
3437 5278 3536 5346 τὴν
3562 5278 3815 5345 δύναμιν,
3850 5279 3914 5329 ὲκ
3954 5275 4118 5327 τῶνδε

2554 5373 2709 5440 δῆλον
2738 5386 2748 5397 ·
2782 5370 3216 5423 ἀποκαθίσταται
3250 5369 3707 5438 ὁμολογουμένως
3736 5366 3823 5418 διὰ
3852 5366 3949 5432 τῆς
3972 5363 4121 5431 κινή-

2559 5480 2690 5524 σεως
2719 5464 2775 5512 ὲν
2799 5460 2968 5528 ὥραις
3003 5462 3175 5513 εἰκοσι
3208 5460 3501 5528 τέσσαρσιν
3529 5473 3544 5491 ο
3577 5458 3625 5509 εί
3659 5456 3788 5524 γοῦν
3818 5451 3929 5524 εἶχε
3957 5455 4121 5507 δόνα-

2564 5572 2654 5623 μιν
2680 5552 2917 5614 πλείονα,
2947 5552 3004 5603 ὲν
3034 5550 3429 5620 ἐλαχιστοτέρῳ
3479 5547 3592 5619 [ἂν]
3644 5549 3874 5600 ἐκινεῖτο
3910 5546 4119 5613 χρόνῳ·

2561 5647 2722 5703 ὣστε,
2764 5642 3015 5709 καθάπερ
3045 5642 3389 5709 πεπέρασται
3427 5640 3568 5693 κατὰ
3612 5638 3673 5691 τὸ
3707 5636 3953 5707 μέγεθος,
3981 5633 4124 5687 οὕτω

2564 5735 2654 5785 καὶ
2681 5734 2821 5785 καῑᾶι
2853 5733 2948 5800 τὴν
2980 5732 3231 5800 δύναμιν.
