4446 6446
773 509 854 563 ιδ’.
886 511 951 564 ει
986 510 1260 579 τρέφεται
1291 514 1323 566 o'
1356 513 1637 581 οὐρανός.

498 601 785 665 Ἐδὸξασάν
839 618 1007 667 τινες,
1050 603 1351 673 τρέφεσθαι
1385 605 1477 659 τὸν
1513 606 1667 678 ἥλιον
1720 610 1818 662 καὶ
1874 610 2001 675 τοὺς

415 696 647 764 ἀστέρας
690 696 798 750 ἀπὸ
828 696 936 750 τῶν
962 698 1347 768 ἀνερχομένων
1370 700 1563 770 ἀτμῶν
1589 699 1702 757 ἀπὸ
1729 702 1829 770 τῆς
1876 702 2002 770 γῆς,

417 787 512 841 καὶ
539 787 614 851 ὡς
644 788 731 841 διὰ
762 788 920 842 τοῦτο
946 789 1047 859 τὴν
1080 789 1312 857 λόξωσιν
1345 793 1582 845 ποιεῖται
1624 794 1653 845 6
1682 792 1860 863 ἥλιος,
1907 792 1997 847 διὰ

417 879 476 931 τὸ
516 879 626 932 ἀπὸ
658 878 768 932 τῶν
797 880 990 949 ἀτμῶν
1018 881 1311 951 φέρεσθαι.
1343 881 1517 937 Τοῦτο
1543 883 1600 936 δὲ
1634 883 1827 953 ψεῦδος
1862 884 1999 954 πρό-

416 971 594 1041 δηλον,
631 973 759 1042 μήδ’
800 974 1115 1043 ἀναηευῆς
1143 974 1421 1044 δεόμενον.
1453 975 1610 1030 Μόνα
1632 978 1763 1045 γοῦν
1797 976 1996 1046 τρέφει

416 1080 507 1117 ται
535 1064 604 1117 τά
633 1064 851 1134 ἔμψυχα
888 1064 1117 1135 σώματα
1146 1081 1161 1096 ⁸
1195 1066 1261 1118 τὰ
1284 1066 1341 1119 δὲ
1395 1067 1636 1137 στοιχεῖα
1667 1067 1995 1137 μεταϐάλλει

411 1160 494 1221 εἰς
527 1156 734 1226 ἄλληλα
756 1174 767 1187 ⁸
800 1156 869 1210 τὰ
911 1157 967 1211 δὲ
996 1158 1223 1227 οὐράνια
1249 1156 1479 1227 σώματα
1512 1159 1685 1228 μόνην
1716 1161 1815 1229 τὴν
1834 1176 1993 1215 τοπι-

414 1250 516 1318 κὴν
546 1253 782 1303 ποιεῖται
808 1250 1045 1319 κίνησιν,
1077 1250 1187 1304 τῶν
1223 1252 1281 1305 δὲ
1322 1250 1527 1305 λοιπῶν
1557 1252 1686 1306 ὄντα
1719 1253 1991 1323 κινήσεων

416 1342 767 1395 ἁνεπίδεκτα.

808 1460 888 1507 ιε’.
917 1454 1052 1522 Περὶ
1086 1454 1308 1520 τάξεως
1339 1455 1593 1524 κόσμου.

488 1570 561 1623 Τὸ
594 1570 687 1622 τοῦ
718 1570 923 1639 κόσμου
971 1571 1266 1638 μεσότατόν
1302 1571 1448 1624 ἐστιν
1504 1573 1536 1639 ἡ
1573 1572 1669 1639 γῆ,
1699 1569 1794 1622 καὶ
1842 1568 1995 1637 λέγε-

416 1678 503 1714 ται
535 1662 688 1714 κάτω
709 1677 722 1693 ·
766 1660 879 1713 ἀνω
908 1660 963 1713 δὲ
988 1660 1192 1729 ταύτης
1212 1660 1274 1712 τὸ
1294 1660 1439 1731 ὕδωρ
1470 1662 1607 1723 ἐστὶ,
1662 1660 1756 1713 καὶ
1802 1658 1991 1713 τούτου

414 1754 621 1806 ἄνωθεν
642 1753 669 1804 6
695 1752 824 1823 ἀὴρ,
864 1750 958 1803 τοῦ
989 1752 1044 1804 δὲ
1082 1752 1243 1821 ἀέρος
1295 1752 1356 1804 τὸ
1411 1751 1521 1823 πῦρ
1543 1768 1557 1781 ·
1588 1751 1682 1805 τοῦ
1735 1751 1793 1804 δὲ
1818 1749 1993 1821 πυρὸς

1590 406 2079 472 SOLUTIONES
2116 413 2394 484 ΟΗιΈΒΑ
2407 418 2486 480 Μ.

2022 522 2070 580 Α

3570 423 3680 486 798

2450 526 2538 583 14.
2572 525 2719 583 Num
2770 528 2995 584 mundus
3029 530 3323 585 nutriatur.

2175 612 2435 672 Nonnulli
2466 619 2673 689 opinati
2704 628 2833 676 sunt
2854 620 3054 676 nutriri
3084 622 3252 678 solem
3299 626 3355 678 et
3412 628 3563 676 astra
3609 636 3676 679 ex

2103 707 2176 763 iis
2208 724 2331 778 quae
2352 723 2381 764 e
2414 717 2563 766 terra
2586 715 2918 778 ascendunt,
2954 721 3010 769 et
3055 712 3186 779 ideo
3243 729 3340 784 per
3386 714 3675 785 obliquum

2107 800 2188 856 ire
2222 801 2420 865 solem,
2463 802 2596 873 quia
2634 806 3085 862 cxhalationibus
3142 804 3341 881 fertur.
3374 806 3531 873 Qudd
3556 821 3680 863 esse

2099 888 2299 946 falsum
2341 902 2706 970 patet,neque
2730 894 3205 953 demonstratione
3235 911 3375 967 opus
3402 905 3510 953 εει.
3547 896 3677 953 Sola

2097 982 2268 1051 igitur
2306 985 2632 1042 nutriuntur
2668 990 2912 1042 animata
2941 1004 3208 1060 corpora;
3242 989 3515 1045 elementa
3546 1002 3677 1044 vero

2098 1075 2206 1130 alia
2274 1080 2331 1133 in
2394 1078 2501 1133 alia
2547 1081 3148 1147 transeunt;caelestia
3204 1088 3387 1137 autem
3445 1092 3678 1150 corpora

2090 1170 2316 1237 localem
2344 1180 2551 1227 motum
2615 1173 2822 1229 habent
2877 1173 3249 1239 solummodo,
3319 1172 3667 1242 aliorumque

2093 1271 2341 1319 motuum
2372 1278 2599 1333 prorsus
2613 1273 2743 1321 sunt
2775 1265 3086 1348 incapacia.

2543 1467 2632 1522 i5.
2676 1466 2752 1523 De
2803 1469 2985 1529 ordine
3018 1471 3219 1526 mundi.

2169 1576 2339 1633 Terra
2368 1587 2452 1633 est
2482 1594 2604 1648 qua:
2627 1580 2869 1636 medium
2902 1581 3093 1637 mundi
3121 1590 3293 1649 tenet,
3320 1574 3424 1639 etsi
3456 1581 3673 1639 dicatur

2098 1667 2278 1733 intra;
2312 1683 2477 1739 supra
2507 1676 2708 1726 terram
2740 1687 2870 1727 vero
2891 1681 2975 1728 est
3001 1688 3166 1743 aqua,
3193 1682 3247 1729 et
3276 1689 3443 1744 supra
3468 1688 3673 1741 aquam

2098 1774 2212 1824 aer,
2247 1776 2412 1830 supra
2437 1776 2619 1817 aerem
2657 1778 2784 1818 vero
2811 1765 2970 1835 ignis.
3005 1765 3181 1835 Supra
3210 1765 3385 1836 ignem
3410 1772 3494 1821 est
3525 1766 3675 1820 luna.

414 1845 621 1898 ἀνωθεν
665 1844 927 1914 ήσελήνη
957 1861 971 1876 ·
1006 1842 1109 1921 τῆς
1168 1843 1223 1895 δὲ
1277 1843 1508 1913 σελήνης
1559 1844 1592 1913 ἠ
1631 1842 1729 1896 τοῦ
1784 1841 1991 1914 Ἑρμοῦ
2024 1841 2170 1937 Βειι

1918 1841 1991 1939 ᾧ
2024 1841 2277 1937 Βδυρτέι
2299 1852 2485 1939 lunam
2516 1862 2599 1909 est
2633 1853 2886 1910 Mercurii
2908 1857 3142 1925 sphaera.
3179 1857 3356 1925 Supra
3417 1857 3563 1911 illam
3587 1864 3674 1912 est

417 1937 656 2007 epaipa'
689 1935 892 2005 ταύτης
923 1934 980 1988 δὲ
1009 1936 1039 2006 ἡ
1069 1936 1166 2005 τῆς
1205 1935 1552 2005 Ἀφροδίτης,
1583 1936 1677 1987 καὶ
1720 1934 1925 2003 ταύτης
1958 1936 1991 2004 ἠ
2026 1934 2057 1937 “
2102 1943 2173 1998 ve

1917 1954 1925 1996 ι
1958 1936 1991 2004 ἡ
2026 1934 2057 1937 “
2102 1943 2328 1999 Veneris
2374 1934 2556 2009 stella,
2584 1960 2752 2017 supra
2785 1961 2950 2016 quam
2993 1956 3077 2003 est
3100 1949 3204 2003 sol.
3234 1948 3437 2003 Deinde
3480 1947 3673 2005 Martis

414 2027 508 2080 τοῦ
572 2027 724 2096 ἡλίου
760 2043 772 2059 ⁸
828 2022 946 2080 εἶτα
978 2030 1010 2097 ἡ
1041 2027 1135 2079 τοῦ
1168 2028 1380 2096 Ἀρεως
1412 2040 1426 2056 ·
1470 2023 1589 2078 εἶτα
1650 2025 1796 2096 ἢτοῦ
1832 2029 1954 2089 Διός
1975 2040 1990 2056 ⁸

413 2121 505 2170 καὶ
542 2118 678 2187 ὑπὲρ
719 2116 921 2187 ταύτην
974 2118 1007 2186 ἡ
1054 2117 1149 2169 τοῦ
1203 2116 1445 2186 Κρόνου·
1502 2116 1643 2185 ὑπὲρ
1701 2116 1911 2185 Κρόνον
1959 2116 1992 2185 ἡ

420 2209 530 2261 τῶν
563 2206 819 2261 ἀπλανῶν
873 2207 1089 2278 ἀστρων
1135 2208 1369 2276 σφαῖρα·
1398 2206 1493 2258 καὶ
1526 2205 1668 2276 ὑπὲρ
1696 2206 1901 2276 ταύτην
1959 2206 1993 2276 ἡ

414 2303 683 2371 άναστρος
718 2302 945 2370 σφαῖρα,
970 2301 1004 2369 ἡ
1034 2300 1133 2363 τὰς
1166 2299 1362 2362 λοιπὰς
1389 2299 1570 2362 πάσας
1618 2299 1848 2353 κινοῦσα
1897 2299 1993 2351 ἀπ’

415 2393 679 2462 ἀνατολῆς
713 2393 793 2457 εἰς
817 2391 876 2445 δύ
886 2408 987 2446 σιν.

594 2587 691 2644 ις’.
723 2581 860 2648 Περὶ
902 2579 1013 2647 τῆς
1047 2578 1153 2634 τοῦ
1182 2580 1420 2649 κόσμου
1466 2580 1815 2649 ἐγκλίσεως.

500 2717 563 2769 Ἦ
587 2716 677 2769 τοῦ
715 2718 919 2788 κόσμου
948 2718 1193 2785 ἔγκλισις
1220 2718 1283 2770 οὐ
1314 2718 1434 2771 κατ’
1458 2708 1619 2769 αὑτὸν
1647 2716 1738 2768 τὸν
1790 2715 1995 2787 κόσμον

420 2808 591 2871 ἐστιν,
626 2809 761 2861 ἀλλὰ
792 2810 924 2878 πρὸς
955 2811 1124 2879 ἡμᾶς,
1166 2809 1257 2862 διὰ
1293 2809 1355 2861 τὸ
1385 2810 1459 2879 μὴ
1490 2808 1589 2878 τὴν
1618 2809 1893 2879 ἡμετέραν
1915 2812 1992 2863 oi-

418 2920 581 2971 κησιν
602 2900 742 2955 εἶναι
767 2903 872 2955 ὑπὸ
893 2902 984 2954 τὸν
1007 2904 1342 2974 ἰσημερινὸν,
1372 2902 1506 2955 ἀλλὰ
1526 2903 1660 2972 πρὸς
1693 2904 1767 2973 τῷ
1799 2905 1994 2975 βορείῳ

422 2994 608 3063 μέρει’
644 2996 736 3047 καὶ
755 2994 841 3047 διὰ
871 2994 1027 3047 τοῦτο
1073 2996 1451 3065 ὑπερήρτηται
1494 2995 1629 3065 πρὸς
1664 2997 1811 3065 ἡμᾶς
1834 2997 1862 3048 6
1904 2995 1992 3064 βό-

419 3104 563 3158 ρειος
602 3087 784 3152 πόλος,
807 3085 1111 3156 κρύπτεται
1134 3087 1190 3139 δὲ
1246 3088 1275 3139 6
1316 3087 1513 3149 νότιος,
1564 3086 1659 3140 καὶ
1682 3088 1714 3153 ἡ
1752 3086 1847 3138 τοῦ
1878 3087 1993 3139 ὀὑ-

2097 2037 2280 2102 stella,
2334 2045 2388 2090 et
2451 2039 2652 2094 deinde
2698 2038 2875 2104 Jovis,
2937 2047 2992 2093 et
3044 2055 3211 2107 supra
3270 2055 3389 2096 eam
3451 2039 3679 2095 Saturni
3792 2060 3800 2067 ·

2098 2131 2278 2186 stella.
2307 2128 2484 2200 Supra
2522 2131 2821 2187 Saturnum
2872 2132 3237 2188 immobilium
3283 2134 3567 2189 stellarum
3591 2141 3677 2189 est

2098 2220 2333 2292 sphaera.
2366 2220 2541 2291 Supra
2585 2237 2749 2292 quam
2782 2222 2993 2292 sphaera
3033 2232 3117 2278 est
3171 2224 3289 2279 sine
3342 2223 3530 2291 astris,
3553 2238 3676 2295 quae

2097 2328 2289 2370 omnes
2307 2313 2442 2371 alias
2470 2323 2650 2370 movet
2684 2316 2752 2370 ab
2778 2316 2987 2371 oriente
3018 2316 3072 2372 in
3091 2316 3455 2373 occidentem.

2480 2578 2568 2632 16.
2596 2579 2669 2633 De
2711 2579 3053 2636 inclinatione
3090 2582 3297 2637 mundi.

2171 2714 2355 2770 Mundi
2383 2713 2672 2771 inclinatin
2702 2730 2809 2772 non
2831 2716 2895 2770 ad
2922 2716 3097 2784 ipsum
3122 2715 3389 2771 mundum
3410 2717 3672 2786 pertinet,

2099 2809 2193 2863 sed
2218 2809 2284 2863 ad
2312 2825 2433 2874 nos,
2466 2824 2531 2864 eo
2552 2810 2698 2878 quod
2729 2819 2917 2865 nostra
2951 2812 3112 2865 sedes
3178 2823 3288 2863 non
3342 2809 3457 2865 sub
3510 2812 3677 2881 aqui-

2095 2904 2283 2956 noctio
2316 2912 2419 2965 cst,
2459 2902 2553 2957 sed
2604 2902 2657 2955 in
2710 2914 2864 2972 parte
2927 2902 3365 2972 septentrionali.
3431 2901 3495 2956 Et
3550 2904 3675 2960 ideo

2100 2995 2281 3063 quoad
2338 3011 2437 3048 nos
2467 2995 2739 3048 attollitur
2766 2994 3004 3049 borealis
3035 2993 3213 3062 polus,
3242 2994 3499 3049 australis
3546 3010 3676 3051 vero

2098 3085 2320 3151 tegitur,
2356 3092 2409 3139 et
2441 3083 2568 3137 εωιί
2596 3094 2776 3139 motus
2805 3100 2913 3139 non
2946 3092 3132 3157 rectus
3164 3090 3414 3153 apparet,
3443 3084 3543 3139 sed
3602 3084 3671 3139 ad

420 3179 584 3249 ρανοῦ
606 3179 815 3248 κίνησις
871 3179 932 3231 οὐ
981 3179 1234 3248 φαίνεται
1288 3178 1446 3251 ὀρθὴ,
1477 3179 1591 3233 ἀλλ’
1625 3178 1989 3250 ὲγκεκλιμένη
2023 3238 2059 3251 Α
2098 3191 2176 3231 me

981 3179 1234 3248 φαίνεται
1288 3178 1446 3251 ὀρθὴ,
1477 3179 1591 3233 ἀλλ’
1625 3178 1989 3250 ὲγκεκλιμένη
2023 3238 2059 3251 Α
2098 3177 2381 3231 meridiem
2411 3178 2730 3235 inclinatus.

417 3270 555 3341 πρὸς
584 3271 757 3324 νότον.

465 3380 552 3445 ιζ’.
576 3382 713 3450 Περὶ
740 3381 866 3449 τοῦ,
902 3383 959 3436 εἴ
988 3382 1120 3437 ἐστι
1141 3386 1322 3438 κενὸν
1349 3382 1524 3451 ἐκτὸς
1554 3382 1660 3438 τοῦ
1683 3384 1939 3453 κόσμου.

489 3564 610 3617 Ὀτι
640 3564 739 3633 μὲν
772 3564 927 3617 κενὸν
962 3563 1063 3617 οὐκ
1114 3564 1263 3616 ἔστιν
1311 3563 1369 3614 ὲν
1414 3563 1492 3633 τῷ
1540 3563 1753 3633 κόσμῳ,
1790 3562 1991 3626 ἱκανῶς

417 3656 686 3709 δέδεικται
710 3654 1073 3725 Ἀριστοτέλει
1096 3658 1162 3709 ἐν
1194 3658 1261 3725 τῇ
1288 3657 1497 3725 Φυσικῇ
1523 3656 1785 3726 ἀκροάσει
1816 3672 1830 3687 ·
1857 3656 1993 3709 ἐδεί-

416 3747 523 3815 χθη
546 3748 601 3800 δὲ
638 3748 767 3817 παρ’
800 3746 984 3809 αὑτοῦ,
1012 3746 1084 3808 ὼς
1115 3746 1268 3799 οὐδὲν
1298 3747 1453 3809 ἐκτὸς
1496 3746 1591 3799 τοῦ
1624 3746 1829 3814 κόσμου
1879 3746 1995 3799 ἐστὶ

417 3840 595 3892 κενόν.
642 3838 943 3908 Ὀρίζονται
988 3838 1044 3891 δὲ
1082 3844 1141 3890 τὸ
1179 3839 1335 3892 κενὸν
1367 3841 1415 3892 οἱ
1472 3838 1631 3891 τοῦτο
1680 3839 1996 3903 δοξάζοντες

418 3932 582 3983 τόπον
635 3930 1003 4000 ἐστερημένον
1060 3930 1349 3998 σώματος,
1402 3930 1700 3999 δυνάμενον
1737 3928 1996 3997 δέξασθαί

422 4021 599 4089 σῶμα.
628 4020 690 4072 Εἰ
730 4020 858 4087 γοῦν
887 4020 1027 4090 ὑπὲρ
1054 4019 1144 4072 τὸν
1171 4021 1403 4090 οὐρανόν
1448 4023 1564 4074 ἐστι
1600 4021 1776 4084 κενὸν,
1821 4022 1997 4091 μάτην

418 4111 673 4181 παρήχθη
738 4112 889 4181 παρά
962 4111 1055 4164 τοῦ
1135 4112 1482 4181 Δημιουργοῦ
1517 4154 1530 4176 ,
1605 4112 1875 4182 μηδέποτε
1938 4114 1998 4165 ὲν

421 4202 571 4271 αὐτῷ
626 4201 877 4270 σώματος
904 4202 1197 4270 γενομένου
1228 4219 1239 4231 ·
1266 4202 1421 4256 οὐδὲν
1474 4203 1529 4255 δὲ
1558 4206 1585 4256 6
1619 4204 1776 4268 θεὸς,
1808 4204 1931 4257 οὗτε
1964 4205 1996 4274 ἡ

423 4294 582 4362 φύσις
613 4336 624 4354 ,
674 4292 798 4347 οὗτε
849 4294 1115 4363 φρόνιμος
1175 4294 1313 4363 ἀνὴρ
1362 4295 1540 4364 μάτην
1606 4313 1658 4348 τι
1712 4295 1997 4348 ποιοῦσινο

419 4387 777 4456 ἀποφαίνεται
807 4386 957 4453 γοῦν,
983 4387 1056 4450 ὡς
1086 4386 1211 4439 οὔτε
1246 4384 1477 4456 πλῆρες,
1507 4385 1629 4439 οὕτε
1662 4389 1840 4454 κενὸν,
1876 4385 1999 4441 οὔτε

421 4481 584 4541 τόπος
614 4496 697 4541 τις
757 4478 860 4545 ἔξω
879 4477 971 4531 τοῦ
1029 4478 1259 4547 οὐρανοῦ
1304 4478 1580 4549 τυγχάνει,
1610 4477 1726 4531 ἀλλ’
1759 4478 1787 4531 ὁ
1812 4478 1999 4549 νοητὸς

419 4569 647 4638 κόσμος.

422 4706 511 4773 ιη’.
552 4708 689 4761 Ti-ra
726 4706 893 4771 δεξιὰ
925 4706 1032 4761 τοῦ
1055 4706 1289 4775 κόσμου
1310 4745 1325 4771 ,
1366 4706 1464 4759 καὶ
1494 4707 1629 4760 τίνα
1685 4704 1996 4775 ἀριστερά.

422 4807 433 4812 ’
488 4817 647 4881 Δεξιὰ
675 4817 922 4884 λέγονται
980 4817 1121 4887 μέρη
1177 4817 1272 4871 τοῦ
1329 4817 1537 4888 κόσμου
1588 4818 1656 4871 τὰ
1698 4818 1997 4873 ἀνατολικὰ

421 4910 563 4979 μέρη
592 4909 687 4962 τοῦ
711 4907 966 4979 ούρανοῦ,
999 4909 1265 4979 ἀριστερά
1297 4909 1355 4962 δὲ
1388 4910 1457 4963 τά
1490 4909 1663 4963 νότια.
1727 4910 1994 4978 Λέγονται

417 5004 475 5056 δὲ
513 5003 661 5067 δεξιὰ
686 5002 753 5055 τὰ
784 5002 1079 5057 ἀνατολικά
1122 5003 1265 5073 μέρη
1284 5044 1298 5068 ,
1321 5003 1396 5067 ὼς
1424 5002 1633 5056 ἐκεῖθεν
1683 5004 1995 5074 ἀρχομένης

417 5097 516 5163 τῆς
555 5096 843 5164 κινήσεως.
870 5095 1085 5166 Ὠσπερ
1119 5094 1229 5166 γὰρ
1263 5096 1355 5148 ἐπὶ
1382 5095 1491 5148 τῶν
1526 5092 1682 5158 ζώων
1740 5095 1848 5149 ἀπὸ
1884 5096 1992 5149 τῶν

418 5185 611 5249 δεξιῶν
652 5185 837 5255 μερῶν
867 5185 1098 5254 ἄρχεται
1128 5186 1161 5256 ὴ
1213 5186 1429 5255 κίνησις
1452 5203 1467 5219 ο
1503 5187 1594 5240 τὸν
1617 5187 1727 5256 γὰρ
1778 5187 1993 5258 ἀριστε-

398 5276 513 5344 ’ρὸν
547 5274 764 5344 πρῶτον
792 5273 883 5326 ἐπὶ
913 5274 1013 5343 τῆς
1045 5275 1149 5344 γῆς
1166 5276 1485 5346 ἐρείδοντες,
1512 5277 1603 5329 τὸν
1626 5278 1799 5343 δεξιὸν
1821 5295 1991 5348 μετα-

420 5365 702 5435 κινοῦμεν·
735 5365 909 5429 οὕτως
946 5368 1209 5421 ὑπέθεντο
1236 5368 1330 5422 καὶ
1358 5371 1406 5422 οἱ
1444 5369 1663 5423 παλαιοὶ
1690 5370 1791 5440 τὴν
1818 5370 1992 5441 ἀρχὴν

419 5456 519 5525 τῆς
584 5456 723 5527 πρὸς
771 5459 923 5526 ἡμᾶς
982 5458 1249 5529 κινήσεως
1291 5459 1349 5511 ἐν
1388 5462 1503 5521 τοῖς
1535 5459 1726 5525 δεξιοῖς
1777 5459 1987 5529 μέρεσι.

418 5546 621 5600 Τούτου
660 5546 717 5599 δὲ
750 5532 1123 5612 ὑπο-τεθέντος,
1154 5548 1405 5618 γίνονται
1430 5550 1498 5603 τὰ
1553 5552 1653 5620 μὲν
1705 5551 1818 5605 ἀνω
1848 5552 1987 5623 μέρη

417 5638 512 5690 τοῦ
544 5638 750 5707 κόσμου
781 5640 840 5693 ὲν
869 5638 947 5711 τῷ
976 5640 1135 5711 νοτίῳ
1152 5640 1317 5711 πόλῳ,
1336 5641 1413 5710 τῷ
1446 5643 1574 5711 ἡμῖν
1598 5644 1811 5710 ἀφανεῖ,
1839 5643 1908 5695 τὰ
1932 5642 1990 5695 δὲ

419 5729 570 5783 κάτω
592 5732 651 5783 ἐν
686 5731 764 5800 τῷ
790 5730 1007 5803 βορείῳ,
1044 5732 1122 5802 τῷ
1154 5734 1242 5788 ἀεὶ
1284 5736 1413 5805 ἡμῖν
1442 5735 1693 5807 φανερῷ·
1726 5735 1799 5798 ὡς
1842 5736 1908 5789 ἂν
1940 5737 1988 5790 εἰ

420 5820 631 5889 νοήσεις
659 5820 948 5893 ἄνθρωπον
979 5822 1307 5895 κεκλιμένην
1325 5826 1423 5895 τὴν
1441 5825 1540 5896 μὲν
1573 5825 1813 5895 κεφαλὴν
1838 5826 1984 5896 ἔχον-

2093 3378 2181 3431 17.
2209 3376 2619 3443 Qua'riturnum
2640 3384 2710 3438 sit
2728 3383 2990 3507 quogdiam
3023 3403 3241 3441 uacuum
3268 3386 3499 3454 spatium
3522 3390 3675 3439 extra

2747 3471 2874 3507 mun
2917 3473 3030 3507 um.

2747 3471 3030 3511 mundum.

2160 3560 2280 3616 Non
2304 3577 2427 3617 esse
2450 3563 2504 3616 in
2531 3563 2740 3617 mundo
2769 3578 3005 3618 vacuum
3061 3565 3201 3620 satis
3229 3564 3670 3618 demonstratum

2092 3663 2176 3711 est
2207 3658 2346 3725 apud
2379 3656 2727 3711 Aristotelem
2760 3657 2814 3712 in
2851 3656 3099 3728 Physicis
3115 3657 3516 3728 quaestionibus
3563 3656 3676 3723 (re-

2094 3748 2502 3814 citationibus).
2539 3749 2979 3805 Demonstralum
3009 3758 3192 3805 autem
3225 3750 3293 3804 ab
3326 3762 3393 3804 eo
3423 3758 3508 3804 est
3533 3746 3674 3803 nihil

2096 3847 2250 3894 extra
2281 3840 2546 3895 mundum
2583 3856 2818 3897 vacuum
2851 3856 2993 3897 esse.
3020 3841 3267 3895 Vacuum
3298 3828 3477 3896 autem
3542 3838 3677 3894 deii-

2102 3935 2265 3987 niunt
2330 3934 2424 4005 qui
2486 3933 2619 3989 illud
2683 3948 2809 3990 esse
2855 3936 3156 4004 opinantur
3214 3933 3393 3988 locum
3446 3946 3678 4001 corpore

2099 4025 2395 4094 privatum,
2426 4025 2573 4093 quod
2605 4039 2807 4095 corpus
2851 4024 3102 4095 accipere
3150 4030 3356 4093 potest.
3405 4022 3462 4075 Si
3504 4021 3675 4090 igitur

2097 4129 2266 4183 supra
2327 4115 2591 4169 mundum
2642 4129 2876 4170 vacuum
2939 4115 3034 4181 sit,
3086 4112 3285 4170 frustra
3332 4126 3362 4167 a
3415 4111 3677 4166 Creatore

2098 4200 2423 4271 productum
2455 4211 2624 4265 esset,
2656 4202 2823 4257 nullis
2862 4202 3261 4271 corporibusin
3281 4202 3398 4271 ipso
3427 4197 3673 4256 effectis:

2099 4294 2238 4347 nihil
2261 4308 2392 4348 vero
2419 4293 2583 4360 Deus,
2616 4309 2795 4363 neque
2821 4303 3041 4359 natura,
3075 4309 3252 4364 neque
3304 4293 3390 4348 vir
3431 4292 3674 4362 prudens

2100 4384 2157 4440 in
2189 4400 2393 4439 vanum
2425 4368 2607 4440 eliicit.
2629 4385 2789 4442 Patet
2816 4386 2982 4456 igitur
3012 4402 3191 4455 neque
3224 4386 3467 4455 plenum,
3494 4398 3675 4453 neque

2097 4490 2357 4540 vacuum,
2387 4491 2566 4545 neque
2593 4477 2765 4531 ullum
2804 4477 3032 4532 omnino
3060 4478 3243 4531 locum
3283 4483 3437 4530 extra
3470 4474 3673 4530 caelum

2020 4584 2071 4644 ι)
2096 4568 2381 4633 exsistere,
2403 4568 2498 4623 sed
2530 4567 2874 4638 spiritualem
2909 4568 3169 4623 mundum
3190 4582 3333 4623 esse.

2131 4701 2221 4757 i8.
2259 4701 2412 4768 Quod
2456 4701 2524 4755 sit
2546 4703 2728 4756 mundi
2770 4701 3034 4767 dextrum,
3063 4709 3113 4756 et
3147 4700 3288 4771 quod
3309 4700 3624 4782 “sinistrum.

2166 4817 2382 4873 Dextra:
2418 4810 2603 4871 mundi
2630 4825 2819 4887 partes
2836 4816 3094 4891 dicuntur
3116 4825 3301 4887 partes
3326 4816 3449 4871 εωιί
3483 4817 3671 4871 orien-

2094 4906 2252 4972 tales,
2284 4909 2523 4963 sinistrae
2547 4921 2678 4962 vero
2716 4908 3127 4964 meridionales.
3170 4907 3385 4964 Dextra:
3422 4908 3670 4964 orienta-

2093 4997 2174 5053 les
2211 4997 2490 5061 dieuntur,
2544 5005 2804 5067 tanquam
2856 4998 2903 5054 si
2964 4997 3093 5052 inde
3147 5006 3332 5053 motus
3377 4998 3666 5067 inciperet.

2093 5087 2570 5155 Quemadmodum
2628 5090 2777 5146 enim
2835 5089 2977 5159 apud
3036 5088 3299 5142 animalia
3361 5102 3392 5153 ξι
3452 5087 3668 5143 dextris

2092 5191 2278 5237 motus
2344 5181 2538 5249 incipit
2587 5169 2890 5252 (sinistram
2950 5180 3097 5235 enim
3156 5190 3364 5251 partem
3414 5181 3469 5235 in
3521 5189 3670 5235 terra

2092 5273 2319 5343 ﬁgentes
2356 5272 2608 5329 dextram
2673 5274 2980 5343 movemus)
3040 5273 3221 5337 itaet
3280 5271 3670 5341 supponebant

2091 5374 2309 5421 veteres
2351 5376 2535 5422 motus
2580 5367 2760 5437 quoad
2798 5382 2901 5423 nos
2932 5366 3147 5420 initium
3181 5366 3234 5418 in
3261 5364 3473 5419 dextris
3498 5364 3668 5433 parti-

2090 5463 2194 5518 bus
2219 5474 2363 5517 esse.
2396 5456 2515 5524 Quo
2546 5456 2855 5527 supposito,
2890 5457 3205 5526 superiores
3261 5445 3450 5510 mundi
3484 5465 3668 5524 partes

2090 5563 2219 5611 sunt
2247 5553 2298 5607 in
2338 5552 2465 5623 polo
2498 5550 2746 5615 australi,
2782 5549 2876 5620 qui
2912 5563 3130 5618 semper
3161 5548 3326 5603 nobis
3373 5547 3665 5603 invisibilis

2088 5654 2192 5708 est,
2218 5642 2507 5697 inferiores
2534 5655 2664 5695 vero
2708 5639 2763 5693 in
2816 5639 3046 5704 horcali,
3099 5628 3196 5707 qui
3256 5652 3472 5706 semper
3503 5636 3665 5692 nobis

2089 5741 2351 5804 apparet;
2384 5732 2609 5804 perinde
2641 5747 2707 5787 ae
2740 5725 2787 5787 si
2822 5731 3030 5801 cogites
3086 5728 3359 5805 hominem
3397 5738 3562 5797 caput
3594 5729 3663 5781 ad

2089 5828 2383 5884 australem
2403 5829 2584 5897 polum
2615 5827 2995 5885 inclinantem,
3031 5822 3201 5893 pedes
3230 5834 3358 5876 vero
3380 5820 3446 5874 ad
3472 5820 3664 5875 borea-
