4446 6446
780 374 890 437 709

2034 376 2461 439 MICHAELIS
2493 377 2768 438 PSELLI

3931 380 4033 446 800

782 485 910 539 lem.
969 484 1157 547 Mundi
1214 486 1381 559 igitur
1426 486 1618 545 dextra
1668 490 1841 545 fertur
1905 490 1974 547 ab
2030 490 2243 547 oriente
2293 489 2360 544 ad
2390 494 2531 548 Δτα

2293 489 2360 544 ad
2390 494 2436 548 Δ
2465 509 2531 544 τα
2566 492 2701 561 πρὸς
2734 490 2812 562 τῷ
2837 491 2997 561 νοτίῳ
3023 492 3189 561 πόλῳ,
3216 493 3344 556 τοὺς
3371 492 3429 546 δὲ
3466 493 3632 558 πόδας
3666 495 3803 565 πρὸς
3827 495 3904 565 τῷ
3943 496 4034 565 βο-

783 577 1145 636 occidentem.

1069 761 1159 817 19.
1196 762 1454 829 Quanam
1493 764 1565 817 sit
1600 764 1783 820 mundi
1826 767 2071 823 essentia.

855 851 1180 909 Aristoteles
1206 855 1421 925 quidem
1473 857 1725 925 quintum
1761 873 1960 928 corpus
2008 875 2131 916 esse
2156 862 2353 916 caelum

785 942 937 1007 dicit,
968 953 1025 999 et
1078 946 1355 1001 diversum
1384 963 1411 1001 a
1440 958 1679 1018 quatuor
1733 952 2047 1018 elementis;
2096 955 2242 1023 quod
2291 971 2357 1011 ex

785 1034 905 1103 ejus
948 1048 1095 1092 motu
1128 1039 1490 1097 demonstrat.
1534 1044 1777 1110 Quorum
1828 1057 2012 1101 motus
2056 1049 2356 1105 dissimiles

786 1140 939 1197 sunt,
976 1150 1163 1189 eorum
1204 1153 1427 1209 quoque
1479 1139 1777 1197 dissimiles
1812 1153 1941 1197 sunt
1974 1155 2205 1199 natura.
2243 1143 2358 1198 Dii-

789 1223 971 1278 ferunt
1009 1237 1190 1281 autem
1225 1230 1620 1285 elementorum
1660 1242 1841 1289 motus
1874 1251 1903 1288 a
1936 1237 2177 1292 motibus
2209 1237 2357 1300 caeli,

787 1331 908 1371 eum
947 1318 1035 1370 illa
1064 1328 1208 1373 recta
1240 1329 1587 1385 moveantur,
1642 1323 1843 1378 caelum
1896 1340 2022 1379 vero
2069 1327 2121 1380 in
2169 1330 2357 1383 orbem

787 1414 1018 1476 agatur;
1050 1410 1123 1462 ita
1149 1419 1207 1463 ut
1248 1411 1317 1463 sit
1349 1412 1548 1466 cmlum
1576 1414 1681 1469 alia
1729 1430 1793 1469 ac
1834 1418 1924 1470 illa
1961 1428 2179 1474 natura.
2217 1421 2362 1475 Con-

788 1510 869 1553 tra
908 1515 1081 1568 quam,
1099 1502 1625 1561 demonstrationem
1653 1523 1949 1577 assurgens
1975 1510 2312 1581 Philoponus
2341 1530 2357 1569 :

785 1589 966 1645 Eheu!
1001 1593 1197 1663 inquit,
1222 1595 1568 1661 Aristoteles,
1597 1600 1643 1655 si
1675 1616 1795 1670 qua:
1818 1603 2057 1659 motibus
2080 1606 2355 1673 differunt,

788 1684 1006 1739 naturis
1042 1700 1264 1756 quoque
1285 1688 1570 1754 diﬂ‘erunt,
1605 1690 1896 1747 dicendurm
1940 1710 2001 1749 ea
2037 1711 2156 1764 quae
2196 1699 2359 1751 moti-

786 1775 891 1832 bus
916 1785 1046 1831 sunt
1100 1781 1324 1844 similia,
1380 1782 1582 1837 similia
1613 1800 1833 1855 quoque
1864 1802 1987 1842 esse
2026 1790 2260 1845 naturis.
2295 1790 2361 1845 Et

784 1869 1005 1936 quidem
1059 1871 1309 1926 videmus
1363 1881 1566 1928 terram
1629 1876 1768 1930 infra
1822 1881 2027 1935 moveri
2067 1890 2121 1936 et
2165 1896 2362 1950 aquam

787 1962 1073 2027 similiter;
1101 1964 1288 2016 eadem
1316 1964 1483 2034 igitur
1506 1968 1793 2022 ambarum
1824 1980 2018 2025 natura
2038 1983 2141 2027 est.
2176 1972 2239 2027 Et
2273 1990 2367 2030 aer

786 2054 996 2123 etignis
1011 2071 1230 2111 sursum
1252 2057 1533 2123 feruntur;
1558 2059 1773 2115 diversa
1792 2070 1971 2119 tamen
1998 2075 2125 2119 sunt
2144 2074 2363 2122 natura.

790 2145 944 2200 Plato
1006 2155 1185 2201 autem
1228 2162 1295 2201 ex
1339 2160 1575 2217 quatuor
1615 2152 1899 2207 elementis
1967 2156 2165 2209 malum
2222 2157 2363 2211 eﬂici

789 2238 998 2294 docuit.
1030 2237 1280 2305 Proclus,
1310 2256 1433 2294 cum
1467 2242 1560 2296 illo
1600 2246 1975 2311 consentiens,
2014 2248 2143 2303 dicit
2187 2248 2365 2317 ipsum

788 2345 817 2384 e
877 2328 1010 2385 tlore
1076 2332 1470 2389 elementorum
1518 2336 1795 2404 componi,
1854 2347 1908 2392 et
1974 2340 2027 2394 in
2074 2342 2213 2397 caelo
2244 2358 2368 2397 esse

788 2421 966 2488 ignem
1022 2430 1075 2476 et
1119 2436 1333 2489 caetera,
1393 2440 1499 2480 non
1541 2435 1601 2481 ut
1656 2438 1783 2483 sunt
1819 2428 1907 2485 hic
1939 2431 1993 2485 in
2048 2434 2235 2496 terris,
2272 2433 2368 2488 sed

796 2512 964 2567 modo
999 2514 1233 2583 caelesti,
1266 2524 1325 2571 ut
1362 2518 1416 2571 in
1459 2525 1604 2574 terra
1631 2520 1773 2590 ignis
1798 2523 1962 2576 modo
1986 2526 2234 2580 terrestri
2260 2532 2365 2581 est.

789 2603 1198 2663 Praevaluerunt
1249 2618 1431 2666 autem
1480 2612 1982 2669 demonstrationes
2022 2633 2217 2672 eorum
2274 2620 2367 2689 qui

789 2697 994 2766 Opinati
1030 2707 1155 2752 sunt
1186 2700 1387 2756 caelum
1424 2717 1489 2757 ex
1520 2702 1918 2758 elementorum
1976 2704 2111 2761 ﬂore
2144 2707 2367 2775 conﬁci,

790 2798 844 2843 et
870 2792 1172 2860 praesertim
1195 2808 1260 2847 ex
1280 2795 1400 2861 igne
1433 2803 1486 2849 et
1517 2811 1667 2861 aere,
1694 2805 1887 2852 contra
1914 2812 2103 2853 eorum
2140 2799 2368 2855 demon-

793 2883 1085 2939 strationes
1144 2884 1237 2953 qui
1290 2885 1421 2940 illud
1484 2902 1608 2943 esse
1654 2890 1907 2959 quintum
1962 2906 2165 2963 corpus
2217 2907 2371 2949 asse-

794 2982 946 3029 runt.

1031 3064 1129 3123 20.
1164 3064 1242 3120 De
1281 3068 1493 3121 circulis
1525 3070 1579 3123 in
1609 3070 1735 3124 caelo
1781 3072 2109 3141 excogitatis.

873 3156 929 3209 In
968 3158 1110 3223 calo
1165 3159 1311 3227 quod
1356 3162 1683 3228 sphaerieum
1712 3170 1795 3218 est
1842 3173 1949 3219 tres
1997 3167 2376 3237 excogitantur
2405 3180 2451 3241 ο

799 3248 998 3303 diversi
1026 3250 1239 3311 circuli,
1273 3253 1690 3321 mquinoctialis,
1714 3255 2074 3324 meridianus,
2125 3258 2378 3315 horizon.

798 3337 1228 3408 [Equinoctialis
1263 3344 1351 3399 ille
1380 3352 1466 3399 est
1496 3346 1589 3412 qui
1623 3344 1824 3399 dividit
1845 3348 2043 3401 caelum
2076 3349 2144 3403 ab
2166 3351 2376 3405 oriente

800 3430 865 3482 ad
894 3432 1264 3494 occidentem;
1325 3434 1665 3490 meridianus
1698 3436 1791 3491 ille
1846 3446 1931 3491 est
1964 3438 2071 3506 qu'r
2091 3439 2289 3495 ccelum
2320 3441 2373 3494 in

800 3521 940 3579 duas
973 3531 1157 3591 partes
1215 3524 1466 3580 dividita
1501 3529 1877 3597 septentrione
1934 3530 2001 3583 ad
2058 3531 2373 3597 meridiem;

802 3614 1028 3667 horizon
1063 3624 1243 3671 autem
1286 3616 1379 3671 ille
1405 3627 1489 3672 est
1533 3619 1625 3687 qui
1659 3619 1853 3674 dividit
1894 3621 2229 3677 dimidiatam
2263 3639 2383 3689 quae

804 3720 967 3772 super
1023 3714 1221 3761 terram
1283 3721 1368 3763 est
1428 3710 1699 3779 sphaeram
1730 3712 1798 3765 ab
1832 3728 1893 3767 ea
1921 3728 2039 3781 qua:
2072 3721 2157 3769 est
2198 3715 2386 3769 subter

808 3807 1031 3851 terram.
1060 3799 1457 3870 Excogitantur
1514 3818 1735 3873 quoque
1767 3805 2076 3859 secundum
2129 3808 2381 3861 aestivum

806 3896 861 3939 et
892 3887 1182 3944 hibernum
1216 3892 1516 3947 solstitium
1550 3894 1659 3949 duo
1692 3896 1884 3950 circuli
1922 3897 2016 3965 qui
2058 3898 2191 3953 solis
2246 3899 2387 3954 obli-

804 3980 1067 4048 quitatem
1095 3983 1485 4051 determinant,
1519 4001 1687 4054 super
1714 3987 1838 4043 illos
1868 4003 2000 4043 vero
2025 3990 2134 4044 duo
2164 3991 2381 4055 circuli,

805 4072 1045 4129 arcticus
1068 4083 1122 4130 et
1150 4077 1516 4133 antarcticus.
1557 4077 1835 4148 Suppositi
1865 4089 2047 4135 autem
2104 4091 2232 4137 sunt
2267 4083 2301 4135 ii
2325 4090 2386 4137 ut

803 4177 1090 4235 separetur
1116 4183 1254 4223 zona
1292 4179 1591 4240 temperata
1634 4172 1706 4227 ab
1743 4187 1807 4226 ea
1852 4187 1975 4243 qua;
2022 4184 2252 4244 propter
2290 4172 2389 4228 fri-

804 4268 905 4321 gus
930 4262 1013 4308 est
1031 4255 1426 4313 inhabitabilis.

1225 4348 1318 4402 2i.
1357 4348 1431 4403 De
1462 4360 1735 4405 astrorum
1760 4360 1979 4405 natura.

880 4436 1164 4491 Astrorum
1220 4448 1414 4493 natura
1476 4451 1563 4496 est
1612 4442 1768 4512 ignea
1838 4450 1892 4496 et
1946 4441 2117 4506 aeria,
2175 4448 2388 4499 natura:

2469 584 2633 655 ρείῳ·
2671 584 2825 639 ἔσται
2853 580 2948 638 οὖν
2977 586 3009 656 ή
3034 584 3187 649 δεξιά
3219 586 3386 640 αὐτοῦ
3418 588 3694 659 φερομένη
3723 588 3816 642 ἀπ’
3846 589 4037 642 ἀνατο-

2465 678 2573 746 λῆς·
2598 678 2673 741 ὡς
2714 679 2807 733 ἐπὶ
2839 678 3013 732 δύσιν.

2782 770 2868 823 ιϐ’.
2892 770 2987 835 Τίς
3015 771 3054 837 ἡ
3094 770 3199 824 τοῦ
3225 770 3487 838 οὐρανοῦ
3510 772 3712 825 οὐσία.

2554 860 2613 913 ⁸0
2651 861 2749 930 μὲν
2799 862 3174 933 Ἀριστοτέλης
3203 864 3456 931 πέμπτον
3484 864 3642 933 σῶμα
3674 866 3806 934 φησὶ
3832 864 3925 917 τὸν
3944 864 4039 917 οὐ-

2469 951 2632 1022 ρανὸν
2664 951 2758 1003 καὶ
2790 952 2976 1022 ἕτερον
3000 953 3109 1005 τῶν
3140 952 3420 1023 τεσσάρων
3453 954 3763 1023 στοιχείων·
3818 953 4038 1006 ἀποδει-

2467 1044 2644 1098 κνύων
2665 1043 2825 1097 τοῦτο
2854 1048 2917 1098 ὲκ
2946 1046 3047 1113 τῆς
3076 1048 3343 1115 κινήσεως
3374 1046 3573 1108 οὕτως.
3593 1040 3692 1099 Ὧν
3710 1047 3767 1099 αἱ
3795 1047 4039 1115 κινήσεις

2465 1134 2738 1204 διάφοροι,
2768 1136 3018 1206 διάφοροι
3049 1136 3143 1188 καὶ
3175 1139 3230 1189 αἱ
3266 1136 3480 1204 φύσεις.
3504 1136 3837 1205 Διαφέρουσι
3874 1136 3932 1190 δὲ
3982 1138 4037 1189 αἱ

2465 1226 2576 1279 τῶν
2611 1226 2894 1296 στοιχείων
2927 1229 3172 1297 κινήσεις
3206 1228 3343 1296 πρὸς
3375 1230 3474 1299 τὴν
3496 1229 3590 1282 τοῦ
3611 1229 3842 1299 οὐρανοῦ
3885 1228 4039 1296 κίνη-

2469 1334 2573 1373 σιν,
2602 1316 2713 1367 τῶν
2738 1316 2835 1385 μὲν
2866 1317 2988 1369 κατ’
3020 1317 3238 1370 εὐθεῖαν
3266 1320 3619 1386 κινουμένων,
3652 1319 3763 1371 τῶν
3783 1319 3840 1372 δὲ
3875 1320 4043 1387 οὐρα-

2468 1406 2561 1459 νοῦ
2600 1406 2824 1471 κύκλῳ·
2874 1407 3016 1460 ὥστε
3051 1409 3259 1461 τούτων
3311 1411 3460 1463 ἐστὶν
3515 1411 3857 1478 ἑτερόφυ).ος.
3898 1410 4042 1479 Πρὸς

2466 1498 2670 1564 ταύτην
2699 1499 2799 1566 τὴν
2830 1499 3108 1566 ἀπόδειξιν
3138 1500 3533 1569 ἐνιστάμενοςὸ
3554 1500 3869 1563 Φιλόπονος,
3912 1500 4037 1561 Ἰοῖ),

2467 1591 2653 1659 φησιν,
2673 1583 2718 1644 ὦ
2733 1590 3120 1661 ’Δριστότελες,
3139 1594 3207 1655 εί,
3221 1585 3295 1644 ὧν
3312 1593 3365 1644 αἱ
3386 1594 3626 1661 κινήσεις
3642 1592 3909 1662 διάφοροι,
3931 1591 4045 1644 διά-

2471 1698 2632 1751 φοροι
2671 1682 2768 1735 καὶ
2802 1684 2854 1735 αἱ
2881 1680 3097 1764 φύσεις,
3126 1681 3333 1747 λοιπὸν,
3370 1678 3444 1737 ὧν
3491 1684 3737 1753 κινήσεις
3773 1684 3829 1736 ai
3859 1686 4043 1747 αὐταὶ,

2469 1775 2566 1826 καὶ
2588 1774 2779 1842 φύσεις
2812 1776 2868 1827 ai.
2906 1775 3087 1827 αὐταί.
3140 1775 3252 1828 Καὶ
3289 1774 3395 1845 μὴν
3425 1774 3638 1845 ὁρῶμεν
3677 1774 3777 1845 τὴν
3808 1776 3906 1846 τῆς
3942 1777 4047 1845 γῆς

2468 1867 2682 1935 κίνησιν
2704 1868 2791 1918 ἐπὶ
2828 1868 2897 1919 τά
2929 1867 3100 1931 κάτω,
3129 1868 3223 1921 καὶ
3252 1867 3346 1919 τοῦ
3379 1866 3571 1931 ὕδατος
3618 1868 3818 1937 ὁμοίως
3842 1884 3856 1899 ο
3904 1869 4046 1921 ὥστε

2473 1959 2571 2027 μία
2616 1958 2777 2025 φύσις
2808 1958 3033 2027 ἀμφοῖν.
3066 1959 3173 2011 Καὶ
3217 1960 3246 2011 6
3295 1957 3403 2028 ἀὴρ
3434 1958 3527 2011 καὶ
3581 1958 3645 2010 τὸ
3672 1958 3782 2027 πῦρ
3837 1960 4048 2027 ἀνωφε-

2471 2050 2538 2122 ρῆ
2599 2050 2717 2119 μὲν,
2772 2050 2935 2120 ἕτερα
2994 2051 3051 2103 δὲ
3106 2050 3205 2121 τὴν
3255 2050 3417 2119 φύσιν
3478 2049 3635 2103 είσίν.
3690 2050 3751 2101 '0
3804 2050 3860 2102 δὲ
3906 2051 4048 2103 Πλά-

2468 2160 2579 2195 των
2611 2143 2675 2195 ὲκ
2708 2142 2816 2195 τῶν
2838 2143 3123 2212 τεσσάρων
3155 2142 3437 2211 στοιχείων
3457 2142 3775 2209 συγκεῖσθαι
3799 2142 3859 2195 τὸ
3884 2143 4048 2211 οὐρά-

2470 2251 2581 2286 νιον
2611 2233 2768 2303 σῶμα
2800 2234 3142 2303 ἀπεφήνατο.
3179 2235 3235 2287 Ὀ
3264 2234 3321 2287 δὲ
3360 2234 3624 2301 Πρόκλος,
3656 2232 3831 2302 τούτῳ
3884 2252 4047 2303 συνη-

2472 2327 2671 2396 γορῶν,
2704 2328 2888 2397 φησιν,
2922 2328 2987 2379 ὲκ
3020 2326 3115 2380 τοῦ
3146 2326 3343 2388 ἄνθους
3378 2328 3542 2381 αὐτὸν
3582 2328 3903 2394 συγκεῖσθαι
3938 2329 4050 2380 τῶν

2474 2421 2775 2490 στοιχείων,
2803 2421 2897 2473 καὶ
2920 2421 3002 2472 ὅτι
3033 2419 3181 2472 ἔστιν
3205 2420 3263 2471 ὲν
3295 2418 3373 2489 τῷ
3402 2419 3617 2490 οὐρανῷ
3640 2421 3750 2489 πῦρ
3778 2437 3837 2472 τε
3861 2421 3954 2473 καὶ
3982 2420 4052 2472 τὰ

2471 2512 2659 2572 λοιπὰ,
2688 2512 2786 2580 οὐχ
2816 2506 2905 2563 οἷά
2935 2512 3076 2562 εἰσιν
3108 2509 3364 2574 ἐνταῦθα,
3386 2509 3502 2563 ἀλλ’
3529 2510 3829 2580 οὐρανίως,
3861 2511 4053 2579 ὥσπερ

2476 2606 2533 2657 ὲν
2564 2605 2629 2673 τῇ
2666 2604 2736 2673 γῇ
2778 2603 2840 2655 τδ
2873 2602 2985 2673 πῦρ
3014 2603 3241 2671 γηΐνως.
3289 2602 3697 2673 Ύπερίσχυσαν
3734 2603 3790 2655 δὲ
3823 2604 3879 2657 αἱ
3912 2603 4052 2655 ἀπο-

2473 2696 2669 2762 δείξεις
2707 2697 2818 2749 τῶν
2841 2696 3176 2760 δοξαζὸντων
3213 2694 3306 2747 τδν
3335 2695 3568 2765 οὐρανὸν
3626 2696 3689 2747 ὲκ
3721 2694 3815 2747 τοῦ
3855 2694 4054 2756 ἄνθους

2474 2786 2585 2837 τῶν
2608 2786 2889 2854 στοιχείων
2938 2783 3327 2857 [συγκεῖσθαιῇ
3363 2786 3460 2839 καὶ
3497 2786 3732 2855 μάλιστα
3750 2783 3846 2839 τοῦ
3882 2786 4054 2856 πυρὸς

2477 2880 2572 2930 καὶ
2624 2878 2720 2931 τοῦ
2753 2880 2937 2948 ἀέρος,
3000 2878 3111 2930 τῶν
3166 2877 3513 2941 δοξασάντων
3575 2879 3741 2930 αὐτὸν
3798 2879 4059 2947 πέμπτον

2480 2965 2660 3033 σῶμα.

2481 3063 2550 3111 κ’.
2581 3057 2721 3126 Περὶ
2756 3057 2874 3110 τῶν
2908 3057 2979 3111 ἐν
3024 3057 3103 3123 τῷ
3130 3057 3367 3125 οὐρανῷ
3416 3061 3767 3129 νοουμένων
3791 3064 4052 3119 κύκλων.

2567 3151 2654 3203 Ἐν
2681 3148 2759 3216 τῷ
2789 3149 3024 3219 οὐρανῷ,
3057 3151 3391 3221 σφαιροειδεῖ
3419 3152 3555 3217 ὄντι,
3586 3154 3779 3207 κύκλοι
3808 3155 4055 3211 νοοῦνται

2482 3241 2730 3310 διάφοροι
2760 3244 2930 3311 τρεῖς,
2972 3245 2999 3295 6
3036 3244 3375 3313 ίσημερινδς,
3405 3247 3431 3297 6
3469 3246 3866 3315 μεσημϐρινὸς,
3895 3251 3922 3301 ὁ
3943 3250 4057 3319 ὀρί-

2485 3334 2614 3397 ζων.
2645 3334 2805 3387 Ἐστι
2831 3334 2886 3386 δὲ
2914 3336 2941 3387 6
2998 3335 3315 3404 ίσημερινδς
3344 3337 3371 3387 6
3415 3337 3536 3407 δίχα
3567 3338 3793 3407 διαιρων
3821 3341 3913 3393 τὸν
3959 3342 4057 3393 0-3-

2487 3425 2646 3493 ρανὺν
2672 3426 2778 3477 ἀπὸ
2801 3426 3067 3495 ἀνατολῆς
3101 3428 3229 3495 ἄχρι
3249 3427 3455 3490 δύσεως
3478 3445 3492 3458 ·
3533 3432 3905 3501 μεσημϐρινὸς
3945 3433 4001 3484 δὲ
4027 3434 4056 3485 6

2484 3516 2605 3586 δίχα
2630 3517 2853 3587 διαιρῶν
2875 3518 3065 3570 τοῦτον
3100 3519 3208 3571 ἀπὸ
3253 3519 3348 3572 τοῦ
3405 3520 3611 3590 ἄρκτου
3649 3523 3811 3591 μέχρι
3859 3524 4015 3575 νότου
4039 3540 4051 3553 ·

2486 3609 2681 3678 ὁρίζων
2702 3608 2759 3661 δὲ
2790 3608 2816 3661 6
2840 3609 3069 3679 διαιρῶν
3098 3611 3158 3663 τὸ
3210 3612 3351 3681 ὑπὲρ
3383 3612 3486 3681 γῆν
3536 3614 3895 3684 ἡμισφαίριον
3949 3615 4061 3668 ἀπὸ

2484 3698 2579 3751 τοῦ
2615 3700 2719 3753 ὐπὸ
2754 3701 2878 3769 γῆν.
2910 3700 3180 3755 Νοοῦνται
3204 3702 3261 3756 δὲ
3287 3704 3430 3756 κατά
3452 3721 3509 3755 τε
3537 3704 3634 3772 τὴν
3674 3705 3893 3775 θερινὴν
3940 3722 4063 3775 τρο-

2488 3793 2595 3860 πὴν
2629 3794 2725 3846 καὶ
2754 3794 2852 3863 τὴν
2894 3796 3213 3865 χειμερινὴν
3247 3795 3341 3848 δύο
3393 3796 3585 3849 κύκλοι
3645 3797 3917 3866 ὁρίζοντες
3960 3800 4061 3867 τὴν

2486 3885 2581 3937 τοῦ
2615 3885 2766 3953 ἡλίου
2795 3885 3025 3950 λόξωσιν
3051 3904 3065 3917 ο
3102 3886 3244 3955 ὑπὲρ
3279 3886 3336 3939 δὲ
3366 3887 3586 3950 τούτους
3620 3888 3797 3959 ἕτεροι
3818 3889 3911 3941 δύο
3966 3891 4062 3943 κύ-

2490 3977 2632 4040 κλοι,
2656 3977 2757 4042 ὅτε
2785 3976 3042 4047 ἀρκτικὸς
3062 3977 3156 4028 καὶ
3188 3980 3215 4030 6
3241 3978 3634 4047 ἀνταρκτικός.
3678 3980 4061 4051 ’Υπετέθησαν

2489 4074 2546 4126 δὲ
2572 4067 2722 4128 οὗτοι
2746 4075 2833 4129 διά
2862 4075 2923 4128 τὸ
2952 4075 3158 4147 ὁρίζειν
3178 4076 3276 4147 τήν
3304 4076 3574 4149 εὔκρατον
3605 4080 3820 4150 οίκησιν
3836 4080 3944 4133 ἀπὸ
3964 4080 4063 4149 τῆς

2486 4168 2575 4221 διὰ
2601 4167 2774 4239 ψῦχος
2806 4169 3087 4240 ἀοικήτου.

2774 4323 2879 4380 κα’.
2914 4327 3051 4395 Περὶ
3093 4329 3307 4396 οὐσίας·
3340 4328 3458 4383 τῶν
3488 4330 3781 4399 ἀστέρων.

2572 4418 2637 4469 Ἦ
2672 4417 2781 4471 τῶν
2828 4420 3073 4492 ἀστέρων
3098 4422 3255 4475 οὐσία
3286 4422 3541 4494 πυρώδης
3578 4422 3661 4485 τίς
3692 4421 3931 4476 ἐστικαὶ
3972 4424 4064 4476 2'1:-

809 4541 991 4585 tamen
1033 4534 1201 4603 ignem
1236 4537 1408 4605 magis
1457 4539 1731 4606 particeps
1779 4555 1945 4607 quam
2002 4538 2185 4593 aeriae.
2250 4537 2379 4592 (Σαι-
2415 4542 2457 4598 D
2493 4508 2565 4607 Ῠώ

2312 4554 2379 4591 Β-
2415 4542 2457 4598 D
2493 4508 2691 4577 ρώδης,
2721 4509 2905 4562 πλεῖον
2935 4512 3239 4580 μετέχουσα
3274 4512 3559 4581 πυρώδους
3588 4513 3801 4607 φύσεως
3827 4514 3859 4583 ἦ
3895 4513 4068 4607 ἀερώ-

813 4623 975 4678 lestes
1027 4625 1248 4693 quidem
1299 4628 1525 4695 sphaera:
1556 4628 1727 4698 magis
1768 4630 1933 4684 aeria:
1980 4638 2191 4683 natura:
2221 4644 2387 4698 quam

811 4716 980 4783 igueze
1004 4717 1298 4786 participes
1315 4728 1461 4781 sunt,
1482 4729 1627 4773 astra
1658 4734 1783 4775 vero
1806 4736 1836 4775 e
1865 4724 2161 4781 contrario,
2190 4720 2391 4774 utSta-

813 4810 987 4877 giritze
1014 4810 1245 4864 videtur.
1282 4809 1506 4867 Veteres
1534 4813 1811 4884 agitabant
1833 4829 2082 4883 quaenam
2108 4813 2387 4882 digniores

814 4911 1019 4963 essent,
1050 4900 1308 4957 emlestes
1336 4902 1565 4971 sphaere
1602 4911 1663 4957 ut
1709 4904 1968 4968 leviores,
2000 4919 2065 4957 an
2090 4920 2212 4974 quae
2240 4904 2293 4957 in
2321 4902 2392 4958 iis

813 4999 943 5045 sunt
974 4999 1121 5047 astra
1173 5003 1235 5048 ut
1284 4995 1682 5063 splendidiora.
1736 4996 1893 5061 Quod
1951 4996 2177 5051 dubium
2228 4994 2392 5051 solvit

814 5084 1135 5141 Aristoteles
1170 5088 1223 5141 in
1238 5102 1336 5142 suo
1358 5087 1431 5142 De
1466 5088 1609 5143 caelo
1638 5104 1805 5159 opere
1828 5088 2016 5144 dicens
2061 5107 2074 5143 :
2106 5087 2212 5158 (Si)
2247 5087 2392 5157 quod

820 5177 993 5231 fertur
1022 5180 1219 5233 melius
1240 5190 1322 5233 est
1346 5194 1411 5233 eo
1434 5180 1578 5249 quod
1607 5180 1737 5245 fert,
1762 5181 1890 5249 quia
1928 5182 2205 5250 posterius
2238 5180 2395 5249 prio-

825 5272 901 5324 ris
939 5286 1102 5327 eausa
1135 5272 1338 5326 factum
1374 5281 1490 5337 est;
1532 5274 1761 5343 sphwraa
1789 5282 1969 5328 autem
2002 5272 2185 5327 ferunt
2226 5282 2395 5335 astra,

825 5364 956 5433 ipsa!
992 5378 1121 5419 vero
1151 5364 1422 5435 feruntur,
1444 5374 1498 5421 et
1533 5366 1654 5420 ideo
1678 5381 1738 5420 ea
1772 5364 1953 5435 magis
1987 5363 2150 5435 digna
2178 5371 2326 5418 sunt.

1256 5633 1346 5687 22.
1379 5634 1454 5687 De
1477 5642 1745 5686 astrorum
1780 5630 1989 5699 formis.

907 5717 1192 5775 Astrorum
1216 5734 1377 5789 porro
1401 5722 1587 5776 formae
1617 5721 1898 5789 sphzerica:
1929 5726 2098 5774 sunt:
2132 5717 2225 5771 tali
2255 5716 2402 5771 enim

2490 4601 2632 4662 6ou;.
2667 4601 2732 4652 Αἱ
2771 4602 2868 4671 μὲν
2896 4604 3001 4673 γάρ
3051 4604 3303 4674 οὐράνιαι
3357 4606 3582 4672 σφαῖραι
3646 4604 3866 4657 πλείονα
3913 4605 4067 4673 μετέ-

2489 4708 2645 4762 χουσι
2673 4693 2772 4760 τῆς
2797 4693 3070 4763 ἀερώδους
3104 4696 3325 4762 φύσεως
3354 4695 3386 4765 ἦ
3439 4696 3541 4762 τῆς
3574 4694 3882 4762 πυρώδους,
3912 4696 3961 4746 οἱ
4011 4695 4068 4747 δὲ

2489 4784 2723 4853 ἀστέρες
2752 4783 3021 4837 ἀνάπαλίν
3054 4786 3219 4848 εἰσιν,
3248 4785 3323 4847 ὼς
3347 4784 3423 4855 τῷ
3456 4784 3781 4855 Σταγειρίτῃ
3811 4785 3977 4837 δοκεῖ.
4002 4782 4068 4838 ΟΞ

2490 4876 2549 4930 δὲ
2584 4877 2805 4929 παλαιοὶ
2834 4876 3206 4945 ἀμφέϐαλλον,
3247 4875 3324 4939 ὡς
3352 4877 3482 4930 ποῖά
3507 4877 3614 4929 εἰσι
3661 4875 3987 4945 τιμιιὶιτερα,
4012 4878 4068 4929 αἱ

2494 4968 2747 5038 οὐράνιαι
2798 4969 3046 5037 σφαῖραι,
3108 4968 3182 5029 ὡς
3240 4966 3662 5036 λεπτότεραι,ἦ
3693 4967 3743 5019 οι
3796 4968 3856 5019 ἐν
3880 4968 4073 5029 αὐταῖς

2496 5062 2744 5133 ἀστέρες,
2768 5062 2843 5124 ὡς
2870 5059 3265 5130 λαμπρότεροι.
3291 5057 3509 5126 Ταύτην
3539 5059 3596 5111 δὲ
3621 5057 3719 5128 τὴν
3742 5058 4074 5127 ἀμφιϐολίαν

2497 5156 2809 5209 ἀπελύσατο
2838 5156 2865 5206 6
2896 5153 3277 5221 Ἀριστοτέλης
3310 5152 3370 5205 ὲν
3401 5154 3466 5222 τῇ
3500 5151 3634 5222 Περὶ
3665 5148 3899 5219 οὐρανοῦ
3941 5167 4077 5219 πρα-

2498 5247 2740 5317 γματείᾳ
2780 5246 2954 5312 λέγων
2978 5262 2991 5275 ο
3030 5245 3094 5297 Ei
3122 5245 3181 5297 τὸ
3218 5245 3519 5314 φερόμενον
3564 5246 3812 5315 κρεῖττον
3840 5243 3934 5295 τοῦ
3977 5244 4077 5310 φέ-

2504 5356 2710 5410 ροντος,
2737 5338 2813 5397 ὠς
2843 5336 3033 5388 τούτου
3080 5336 3241 5387 ἕνεκα
3290 5334 3585 5403 γενομένου
3610 5351 3623 5363 ’
3653 5334 3881 5404 φέρουσι
3932 5333 3990 5387 δὲ
4019 5334 4077 5387 ai

2505 5433 2737 5499 σφαῖραι
2768 5430 2894 5491 τοὺς
2930 5427 3186 5497 ἀστέρας,
3210 5427 3258 5479 oi
3290 5426 3347 5479 δὲ
3383 5426 3677 5496 φέρονται·
3705 5425 3781 5489 ὡς
3816 5417 3962 5478 οὗτοι
4000 5442 4082 5477 τι-

2506 5522 2786 5592 μιώτεροι.

2791 5612 2896 5683 κβ’.
2913 5612 3052 5681 Περὶ
3089 5610 3417 5681 σχημάτων
3456 5611 3743 5680 ἀστέρων.

2578 5710 2660 5763 Τὰ
2685 5708 2742 5761 δὲ
2776 5709 3032 5777 σχήματα
3054 5706 3161 5758 τῶν
3183 5704 3431 5774 ἀστέρων
3457 5705 3564 5757 sici.
3617 5704 3935 5775 σφαιροειδῆ
3960 5721 3973 5735 ·
4006 5703 4083 5772 τῷ

841 5812 1017 5868 forma
1064 5812 1204 5869 Deus
1253 5813 1590 5867 universales
1647 5814 1848 5885 ﬁguras
1901 5810 2137 5875 ornavit,
2173 5818 2405 5879 quatuor
2509 5819 2592 5855 τοι

2325 5823 2405 5864 tor
2509 5800 2739 5864 τοιούτῳ
2769 5798 2877 5867 γάρ
2902 5796 3140 5866 σχήματι
3166 5796 3195 5847 6
3213 5794 3344 5857 Θεὸς
3367 5794 3433 5847 τὰ
3462 5794 3761 5864 ὀλικώτερσ.
3788 5793 3898 5846 τῶν
3949 5810 4080 5861 σχηο
