4446 6446
438 403 538 465 801

1620 394 2103 457 SOLUTIONES
2136 393 2501 467 QUEDAM.

3582 397 3692 461 802

442 516 632 581 μάτων
664 511 995 582 ἐκόσμησεν,
1035 511 1104 564 τά
1128 509 1370 580 τέσσαρα
1402 510 1663 578 στοιχεῖα,
1701 509 1797 562 καὶ
1845 509 2008 562 αὑτὸν
2034 509 2086 570 Α
2109 509 2193 563 elc

1939 509 2008 562 :6v
2034 509 2086 570 Α
2109 509 2380 563 elementa
2414 515 2466 562 et
2499 505 2679 575 ipsum
2704 503 2903 560 coelum
2927 514 2982 561 et
3009 520 3351 577 quaecunque
3378 506 3432 562 in
3467 521 3534 564 eo
3562 523 3695 565 con-

439 604 529 656 τδν
553 605 782 673 οὐρανὸν
805 644 820 666 ,
859 606 953 656 καὶ
990 604 1061 656 τά
1094 607 1152 655 ἐν
1210 601 1360 671 αύτῷ
1413 602 1628 655 πάντα·
1679 601 2014 670 τελειότερον

438 695 546 764 γὰρ
574 697 633 746 τὸ
659 695 900 748 τοιοῦτον
929 696 1113 764 σχῆμα
1126 695 1234 746 τῶν
1258 692 1459 746 λοιπῶν
1480 694 1775 762 σχημάτων
1799 707 1813 722 ⁶
1837 692 2013 744 πάντα

437 791 548 858 γὰρ
587 788 655 840 τὰ
714 788 1024 855 πολυγὼνια
1059 789 1314 858 σχήματα
1349 789 1704 857 διαιρούμενα
1742 788 1930 859 ἕτερόν
1961 805 2015 840 τι

437 879 696 932 ἀποτελεῖ
726 880 932 949 σχῆμα,
965 882 992 932 6
1022 881 1078 933 δὲ
1128 881 1327 942 κύκλος
1359 880 1739 950 διαιρούμενος
1768 881 1864 950 οὑχ
1894 881 2015 933 Ets-

443 971 538 1040 ρόν
577 989 630 1024 τι
664 973 957 1024 ἀποτελεῖ·
987 971 1102 1042 ἅμα
1136 975 1192 1026 δὲ
1258 974 1352 1026 καὶ⁵
1411 973 1785 1035 ἀπλούστατός
1842 977 2012 1036 ἐστιν,

439 1063 514 1124 ὡς
540 1063 643 1114 ὑπὸ
676 1065 805 1131 μιᾶς
837 1065 1106 1132 γραμμῆς
1138 1065 1552 1134 περιεχόμενος,
1593 1067 1686 1117 καί
1717 1064 1807 1117 διὰ
1855 1063 2016 1117 τοῦτο

437 1154 517 1222 τῷ
548 1155 630 1207 ένὶ
655 1157 928 1226 ἐμφερής.
961 1157 1393 1226 Σχηματίζονται
1422 1156 1477 1208 δὲ
1506 1157 1555 1209 oi
1581 1156 1852 1224 πλανῆται
1879 1155 2014 1226 πρὸς

439 1245 705 1316 ἀλλήλους
741 1249 897 1300 πέντε
935 1252 1202 1318 σχήμασι,
1234 1250 1457 1319 συνόδῳ,
1495 1249 1774 1318 έξαγώνῳ,
1823 1265 2016 1318 τετρα-

439 1334 621 1405 γώνῳ,
663 1338 918 1408 τριγώνῳ
945 1341 1052 1408 ικαὶ
1101 1339 1400 1410 διαμέτρῳ.
1463 1339 1569 1392 Τοῦ
1610 1342 1716 1410 γὰρ
1748 1339 2015 1404 ζωδιακοῦ

440 1427 642 1481 κύκλου
673 1431 751 1492 είς
779 1431 844 1499 ιβ’
872 1432 1135 1501 τμήματα
1168 1431 1524 1502 διῃρημένου,
1549 1433 1638 1484 ὅτε
1673 1432 1832 1502 τύχῃ,
1855 1434 1882 1484 6
1917 1432 2017 1501 μὲν

441 1514 520 1582 εἷς
541 1521 717 1590 ἀστὴρ
734 1521 874 1591 ἀρχή
899 1538 1040 1585 τινος
1057 1524 1370 1592 τμήματος,
1388 1527 1414 1576 6
1435 1523 1490 1576 δὲ
1510 1525 1693 1591 ἔτερος
1713 1525 1769 1575 ὲν
1789 1525 1852 1592 τῇ
1872 1524 2016 1592 ἀρχῇ

345 1677 349 1681 _
441 1610 535 1664 τοῦ
575 1612 670 1664 ἀπ’
689 1613 856 1665 αὑτοῦ
879 1614 1087 1682 τρίτου,
1122 1615 1473 1680 ὲξαγωνίζειν
1501 1614 1912 1680 αὑτὸνλέγεται
1933 1632 1945 1642 ·
1969 1614 2017 1663 εί

440 1705 497 1756 δὲ
516 1707 572 1760 ὲν
593 1708 656 1774 τῇ
677 1707 816 1776 ἀρχῇ
839 1705 934 1758 τοῦ
958 1707 1053 1760 ἀπ’
1076 1707 1242 1759 αὑτοῦ
1267 1708 1550 1775 τετάρτου,
1573 1705 2014 1774 τετραγωνίζειν·

443 1801 490 1849 εί
532 1798 588 1850 δὲ
645 1803 704 1850 έν
733 1802 799 1868 τῇ
827 1801 967 1868 ἀρχῇ
994 1798 1085 1852 τοῦ
1121 1799 1214 1852 ἀπ’
1237 1799 1403 1851 αὑτοῦ
1433 1800 1709 1866 πέμπτου,
1756 1799 2018 1870 τριγωνίι⁹

444 1889 588 1952 ζειν·
628 1894 676 1942 εἰ
717 1892 773 1944 δε
800 1895 858 1944 ὲν
889 1895 954 1963 τῇ
1000 1894 1143 1964 ἀρχῇ
1175 1893 1269 1947 τοῦ
1299 1895 1395 1947 ἀπ’
1425 1893 1590 1946 αὑτοῦ
1623 1892 1876 1962 ἑϐδόμου,
1900 1891 2014 1944 δια-

446 1985 704 2052 μετρεῖν
754 1985 801 2035 εί
824 1985 878 2037 δὲ
905 1987 962 2037 ὲν
988 1989 1052 2056 τῇ
1091 1988 1228 2056 αὐτῇ
1270 1986 1436 2058 μοίρᾳ
1479 1980 1581 2038 ὦσι
1610 2025 1624 2048 ,
1677 1984 2012 2037 συνοδεύειν·

439 2071 502 2124 τὸ
539 2073 593 2125 δὲ
649 2075 781 2127 αύτό
831 2077 927 2129 καὶ
960 2077 1053 2130 ἐπὶ
1105 2078 1214 2130 τῶν
1265 2078 1468 2130 λοιπῶν
1512 2078 1715 2148 μερῶν.
1751 2076 1938 2130 Ταῦτα
1958 2078 2017 2130 δὲ

443 2165 513 2216 τὰ
544 2166 804 2234 σχήματα
837 2167 944 2219 ἀπὸ
970 2167 1078 2220 τῶν
1121 2169 1398 2238 μουσικῶν
1439 2168 1692 2237 εἴληπται
1715 2169 1906 2237 λόγων,
1940 2167 2016 2232 ὡς

441 2255 780 2326 Πτολεμαῖος
810 2261 869 2312 έν
894 2263 960 2330 τῇ
986 2262 1324 2331 τετραόίδλφ
1357 2262 1646 2316 δείκνυσιν.

662 2357 769 2418 κγ’.
801 2352 938 2419 Περὶ
969 2352 1080 2420 τῆς
1110 2352 1230 2406 τῶν
1267 2353 1541 2421 ἀστέρων
1568 2353 1782 2423 φορᾶς.

523 2441 590 2493 Ἦ
627 2444 772 2512 φορά
794 2442 901 2495 τῶν
933 2444 1181 2515 ἀστέρων
1225 2445 1374 2498 ἐστὶν
1399 2445 1507 2498 ἀπὸ
1535 2445 1740 2509 δύσεως
1763 2447 1855 2500 ἐπὶ
1883 2448 2014 2502 ἀνα-

439 2530 625 2601 τολήν.
689 2533 832 2585 Ἀλλ’
878 2535 912 2604 ἠ
969 2536 1066 2605 μὲν
1122 2535 1230 2588 τῶν
1282 2536 1424 2589 ἑπτὰ
1484 2537 1772 2607 πλανητῶν
1805 2543 2014 2609 ταχεῖα.

456 2624 920 2679 Ἀποκαθίσταται
979 2627 1089 2698 γὰρ
1125 2627 1284 2698 ἠμὲν
1312 2628 1510 2698 σελήνη
1558 2628 1646 2681 διά
1675 2630 1899 2700 ήμερῶν
1933 2637 2018 2700 κη’

445 2715 675 2784 ἔγγιστα
705 2731 718 2744 ⁸
745 2719 773 2770 6
804 2717 861 2769 δὲ
904 2717 1115 2789 Ἐρμῆς
1145 2719 1234 2771 διὰ
1271 2721 1458 2789 μηνῶν
1503 2721 1608 2787 τξε¹
1635 2708 1728 2773 καὶ
1757 2722 2016 2791 τέταρτον

445 2811 661 2881 ἡμέρας
717 2813 847 2882 μιᾶς
873 2829 888 2844 ·
937 2816 966 2866 6
1016 2813 1074 2866 δὲ
1114 2815 1290 2884 ’Δρης
1325 2816 1416 2869 διὰ
1446 2818 1538 2870 δύο
1567 2817 1739 2886 ἥμισυ
1781 2818 1951 2869 ἑτῶν·
1987 2817 2016 2868 6

447 2903 504 2955 δὲ
542 2903 675 2966 Ζεὺς
696 2904 764 2957 δι’
781 2905 920 2958 ὲτῶν
951 2904 1017 2974 ιβ’
1041 2921 1055 2935 ·
1084 2907 1112 2959 6
1137 2905 1192 2959 δὲ
1227 2908 1431 2976 Κρόνος
1449 2907 1518 2959 δι’
1539 2909 1675 2960 ὲτῶν
1697 2908 2016 2977 τριάκοντα.

446 2995 510 3047 Οί
545 2994 602 3046 δὲ
662 2996 943 3061 ἀπλανεῖς,
977 2999 1036 3048 ἐν
1061 2999 1125 3066 τῇ
1180 2998 1440 3060 ἀνωτάτω
1475 2998 1626 3061 ὄντες
1657 2999 1904 3070 βφαίρᾳ,
1931 3016 2018 3051 κι-

445 3083 786 3156 νοῦνταιτὴν
821 3087 950 3156 μίαν
1003 3090 1198 3158 μοῖραν
1244 3089 1390 3142 κατά
1445 3087 1545 3160 μὲν
1585 3091 1710 3152 τοὺς
1755 3091 2018 3152 παλαιοὺς

2121 604 2391 656 tinentur.
2447 599 2751 654 l’erl’ectior
2794 607 2878 654 est
2926 600 3070 653 enim
3105 601 3220 657 haec
3264 601 3436 656 fortuna
3481 604 3695 658 ueteris

2116 693 2395 746 omnibus.
2437 690 2642 746 Omnes
2687 707 2881 762 nempe
2923 693 3204 762 angulosae
3264 692 3454 748 forma:
3504 694 3696 749 divisa:

2117 785 2279 838 aliam
2313 786 2544 838 formam
2571 784 2853 847 alliciunt;
2895 784 3140 840 circulus
3170 799 3303 839 vero
3343 785 3557 841 divisus
3580 802 3691 841 non

2119 878 2280 931 aliam
2307 876 2538 931 formam
2570 875 2753 930 cﬂicit.
2789 879 2854 930 Et
2901 877 3067 933 simul
3110 877 3557 946 simplicissimus
3586 863 3692 942 est,

2119 977 2308 1038 utpote
2351 985 2459 1022 una
2517 971 2663 1024 linea
2727 971 3164 1040 comprehensus
3217 977 3273 1025 et
3323 970 3448 1024 ideo
3496 970 3694 1024 unitati

2118 1063 2337 1116 similis.
2394 1062 2770 1118 Ell'ormanlur
2821 1071 3000 1118 autem
3066 1064 3297 1133 planetae
3345 1064 3416 1118 ad
3459 1062 3696 1118 invicem

2117 1153 2362 1222 quinque
2401 1151 2616 1219 formis,
2662 1170 2988 1224 congressu,
3043 1155 3364 1225 sexangulo,
3413 1156 3696 1225 quadran-

2119 1246 2247 1315 gulo
2273 1257 2324 1300 et
2352 1245 2642 1300 diametro.
2703 1245 2927 1300 Ζοάὶουὶ
2961 1246 3107 1301 enim
3166 1246 3375 1301 circulo
3404 1248 3458 1301 in
3491 1245 3699 1302 duode-

2120 1338 2223 1391 cim
2257 1347 2442 1406 partes
2501 1336 2701 1402 diviso,
2739 1353 2866 1392 cum
2917 1339 3119 1393 accidit
3167 1346 3227 1392 ut
3274 1355 3443 1392 unum
3483 1347 3693 1392 astrum

2119 1431 2408 1500 cujusdam
2435 1431 2726 1486 divisionis
2754 1431 2967 1484 initium
2997 1431 3090 1496 sit,
3133 1439 3187 1485 et
3241 1431 3386 1484 aliud
3419 1431 3584 1486 situm
3627 1430 3702 1484 sit

2122 1522 2175 1575 in
2201 1523 2472 1591 principio
2524 1523 2698 1576 tertiae
2729 1521 2796 1575 ab
2839 1522 2930 1575 illa
2963 1523 3272 1589 divisionis,
3296 1523 3521 1577 dicitur
3562 1522 3695 1577 illud

2120 1612 2484 1679 sexangulum
2515 1613 2732 1676 facere;
2769 1611 2815 1664 si
2870 1612 2922 1664 in
2957 1611 3228 1680 principio
3259 1620 3469 1681 quarta:
3501 1613 3572 1666 ab
3606 1612 3699 1666 illa

2121 1701 2431 1764 divisionis,
2464 1703 2899 1773 quadrangulum
2927 1703 3107 1757 facere
3125 1703 3363 1768 dicitur;
3395 1707 3438 1758 si
3463 1704 3698 1771 impriu-

2123 1794 2270 1862 cipio
2308 1795 2535 1864 quintae,
2559 1795 2894 1863 triangulum
2921 1811 2936 1858 ;
2962 1796 3004 1849 si
3037 1795 3088 1850 in
3126 1795 3402 1864 principio
3431 1795 3697 1864 septimm.

2123 1877 2454 1944 diametrum
2487 1890 2667 1946 facere
2698 1891 2920 1945 dicitur.
2962 1892 3020 1946 Si
3059 1894 3112 1944 in
3150 1893 3340 1946 eodem
3386 1891 3557 1960 gradu
3590 1889 3697 1944 sita

2118 1981 2252 2043 sint,
2315 1981 2576 2035 dicuntur
2623 1981 2905 2051 congredi.
2957 1982 3138 2050 Atque
3193 1982 3337 2035 idem
3382 1982 3450 2036 de
3480 1980 3699 2035 caeteris

2115 2073 2388 2143 partibus.
2447 2072 2540 2127 Ha:
2577 2083 2759 2128 autem
2801 2073 2993 2128 forma!
3025 2089 3090 2128 ex
3129 2073 3356 2128 musicis
3391 2073 3698 2128 rationibus

2116 2167 2422 2231 ducuntur,
2479 2175 2539 2222 ut
2595 2164 2920 2222 Ptolemzeus
2969 2167 3024 2221 in
3091 2167 3206 2222 suis
3250 2175 3488 2238 quatuor
3544 2165 3700 2220 libris

2117 2257 2378 2314 ostendit.

2557 2361 2648 2416 25.
2681 2361 2758 2415 De
2793 2370 3064 2416 astrorum
3100 2370 3266 2415 motu.

2188 2457 2351 2511 Astra
2376 2455 2630 2511 feruntur
2660 2456 2730 2510 ab
2756 2455 3041 2510 occidente
3071 2456 3136 2509 ad
3164 2456 3453 2512 orientem.
3481 2455 3700 2527 Septem

2121 2549 2469 2620 planetarum
2529 2549 2749 2618 quidem
2795 2548 3082 2602 translatio
3139 2548 3327 2617 rapida
3381 2557 3487 2604 est.
3545 2548 3700 2604 Luna

2117 2643 2266 2708 enim
2313 2656 2534 2697 cursum
2587 2656 2747 2696 suum
2805 2640 3026 2693 coniicit
3077 2639 3266 2708 viginti
3331 2651 3459 2696 octo
3509 2641 3702 2696 diebus

2124 2704 2349 2790 circiter
2375 2751 2390 2800 ;
2418 2732 2725 2788 Mercurius
2777 2732 3060 2786 mensibus
3086 2704 3196 2786 5ύῦ
3222 2740 3277 2786 et
3305 2740 3502 2801 quarta
3535 2734 3703 2791 unius

2120 2825 2226 2880 diei
2257 2832 2446 2894 parte;
2484 2823 2627 2878 Mars
2658 2823 2876 2877 duobus
2907 2824 3068 2877 annis
3095 2831 3150 2878 et
3181 2823 3448 2890 dimidio;
3488 2824 3702 2895 Jupiter

2121 2919 2445 2984 duodecim;
2507 2917 2782 2970 Saturnus
2845 2916 3006 2971 annis
3059 2915 3304 2986 triginta.
3355 2915 3540 2972 Stellae
3569 2933 3703 2974 vero

2122 3011 2244 3065 ﬁxae
2274 3025 2399 3080 quae
2433 3013 2488 3063 in
2530 3021 2786 3077 suprema
2821 3006 3032 3073 sphera
3065 3013 3212 3068 sunt,
3248 3015 3535 3061 moventur
3579 3007 3702 3077 plu-

2124 3103 2276 3155 rima:
2302 3101 2460 3154 annis
2484 3109 2703 3154 centum
2724 3097 2878 3166 juxta
2904 3105 3136 3162 veteres,
3166 3095 3320 3166 juxta
3363 3099 3699 3152 recentiores

444 3179 514 3231 δι’
546 3179 681 3232 ιτῶν
704 3180 919 3244 ἑκατὸν,
941 3182 1082 3234 κατὰ
1111 3180 1168 3234 δὲ
1181 3181 1307 3244 τοὺς
1339 3182 1636 3252 νεωτέρους
1653 3181 1722 3235 δι’
1752 3183 1889 3235 ἐτῶν
1909 3181 2015 3249 Eg’.
2047 3197 2088 3255 ο
2123 3208 2192 3247 au

1945 3181 2015 3246 ςύ
2047 3197 2088 3255 c
2123 3203 2305 3247 autem
2359 3191 2518 3246 annis
2557 3189 2647 3244 66.
2691 3189 2778 3254 Et,
2833 3187 2977 3258 quod
3017 3189 3192 3257 magis
3240 3188 3550 3244 mirandum
3589 3200 3696 3258 est,

447 3273 556 3325 Καὶ
593 3272 655 3324 τὺ
679 3272 1133 3342 παραδοξότατον,
1191 3275 1272 3326 ὅτι
1311 3275 1372 3327 οὑ
1405 3275 1533 3344 περὶ
1569 3274 1660 3328 τὸν
1691 3274 1784 3328 τοῦ
1819 3277 2022 3346 παρόν-

445 3379 536 3424 τος
561 3363 722 3418 ⁴ιισόλου
750 3363 1027 3417 ποιοῦνται
1054 3367 1155 3435 τὴν
1179 3365 1417 3435 κίνησιν,
1445 3365 1584 3420 ἀλλά
1612 3366 1754 3420 κατά
1797 3368 1896 3438 τὴν
1923 3368 2019 3420 τοῦ

446 3456 599 3524 ⁴ἡλίου
653 3456 815 3526 λοξὴν
871 3458 1118 3527 πορείαν.
1168 3456 1260 3522 Ἐξ
1291 3455 1352 3513 οὑ
1395 3458 1576 3528 δῆλον,
1612 3459 1688 3522 ὡς
1717 3460 1745 3512 6
1770 3460 1906 3523 Θεὸς
1929 3461 2020 3514 τὸν

447 3550 600 3618 ἥλιον
631 3549 688 3600 ὲν
733 3548 810 3617 τῷ
833 3549 1048 3620 οὐρανῷ
1083 3550 1158 3612 ὡς
1209 3549 1454 3620 ἀρχηγοῦ
1494 3550 1705 3604 τέθεικε
1737 3552 1909 3617 τάξει.
1961 3554 2019 3605 '0

453 3643 552 3711 μὲν
579 3635 674 3694 οὖν
707 3641 1088 3711 Ἀριστοτέλης
1112 3641 1174 3698 τὸ
1207 3643 1402 3704 αὑτοὺς
1430 3641 1698 3696 κινεῖσθαι
1737 3643 1856 3695 καθ’
1888 3644 2018 3697 ἑαυ-

441 3734 576 3793 τοὺς
605 3734 731 3793 τοὺς
761 3733 996 3802 ἀστέρας
1033 3735 1094 3784 ού
1139 3733 1518 3801 προσδέχεται,
1547 3734 1899 3802 πτοούμενος,
1943 3737 2016 3804 μή

449 3841 580 3876 ποτε
607 3824 966 3893 ἀναιρεθῶσιν
1001 3825 1150 3894 αὑτῷ
1178 3826 1236 3877 αἱ
1268 3825 1395 3894 περὶ
1432 3823 1524 3876 τοῦ
1548 3824 1800 3894 πέμπτου
1829 3824 2018 3894 σώμα-

450 3935 540 3980 τος
575 3915 880 3977 ὑποθέσεις,
915 3914 990 3977 ὡς
1023 3915 1330 3982 τεμνόντων
1357 3915 1464 3969 τῶν
1490 3914 1739 3985 ἀστέρων
1762 3917 1822 3969 τὸ
1853 3919 2019 3987 ούρά-

451 4028 563 4061 νιον
592 4009 771 4078 σῶμα,
806 4009 1058 4076 καθάπερ
1100 4009 1152 4061 εῐ
1189 4025 1308 4060 τινα
1347 4009 1522 4077 ὑγράν
1567 4010 1757 4061 ούσίαν
1786 4025 1800 4038 ο
1829 4010 2019 4062 ὑποτί-

454 4103 580 4169 θησι
636 4101 693 4152 δὲ
745 4101 846 4162 τὰς
890 4100 1271 4163 ἀνελιττούσας
1312 4099 1568 4161 κινούσας
1607 4099 1806 4160 αὐτοὺς
1848 4117 2056 4168 πεπηχ

451 4195 683 4263 τμένους
714 4193 893 4254 ὄντας.
919 4192 980 4243 Οἱ
1003 4191 1060 4243 δὲ
1083 4191 1200 4260 μετ’
1226 4191 1386 4243 αὑτὸν
1413 4190 1679 4243 κινεῖσθαι
1708 4191 1806 4260 μὲν
1821 4191 2016 4253 αὐτοὺς

452 4286 575 4338 καθ’
633 4284 861 4346 ἑαυτοὺς
923 4284 1203 4349 ἐδόξασαν,
1240 4283 1381 4352 πλὴν
1428 4284 1556 4344 τοὺς
1597 4282 1876 4351 πλανήτας
1926 4282 2019 4334 ὲπὶ

453 4376 668 4428 κύκλων
709 4376 801 4428 καὶ
827 4377 891 4427 ἐκ
939 4377 1164 4446 κέντρου
1192 4375 1326 4440 φασὶ
1380 4371 1671 4425 κινεῖσθαι.
1711 4372 2017 4426 Πλάττουσι

450 4471 561 4539 γάρ
611 4470 843 4539 σφαίρας
889 4468 988 4530 τὰς
1026 4467 1126 4536 μὲν
1163 4465 1326 4537 μὴτὸ
1368 4464 1498 4518 αὑτὸ
1531 4464 1757 4534 κέντρον
1786 4465 2017 4534 ἐχούσας

449 4533 668 4630 ’ἑῇ-’τῇο-
702 4533 834 4611 ἀλλά
869 4533 1262 4626 πρὸς-μέν’τῷ
1293 4555 1375 4607 ἑνὶ
1413 4554 1569 4624 μέρει
1605 4533 2016 4622 πλησιαζούσας
2053 4533 2095 4588 D

452 4652 612 4720 αὐτῇ,
644 4650 780 4719 πρὸς
812 4649 868 4702 δὲ
895 4649 969 4716 τῷ
1018 4647 1190 4718 ἑτέρῳ
1230 4646 1583 4718 πορρώτερον
1610 4643 1798 4710 οὑσας,
1831 4644 1897 4706 ἀς
1929 4646 2020 4697 ἑκο

454 4743 709 4811 κέντρους
737 4739 1006 4792 ἐκάλεσαν
1027 4755 1042 4770 ⁸
1081 4739 1178 4791 καὶ
1221 4737 1415 4805 ἐτερας
1443 4734 1538 4788 ἀπ’
1591 4735 1758 4788 αὑτοῦ
1803 4733 1898 4786 τοῦ
1929 4736 2020 4788 ὲκ·

452 4834 682 4902 κέντρου
712 4831 914 4900 μικρὰς
975 4829 1325 4897 κυλιομένας,
1367 4827 1454 4896 ἐφ’
1508 4820 1582 4878 ὦν
1611 4825 1901 4895 βεϐηκέναι
1930 4824 2020 4879 λέο

451 4941 610 4992 γουσι
655 4922 782 4983 τοὺς
829 4922 1128 4990 πλανήτας,
1188 4917 1282 4980 οὓς
1330 4916 1656 4978 ὲπικύκλους
1707 4917 2018 4984 ὠνόμασαν.

465 5015 923 5085 Ἥναγκάσθησαν
967 5013 1025 5065 δὲ
1073 5011 1245 5064 ταῦτα
1288 5009 1606 5072 ὑποθέσθαι,
1638 5009 1732 5060 καὶ
1767 5008 2020 5060 πλεῖστον

457 5109 653 5180 μόχθον
695 5107 791 5159 καὶ
818 5105 978 5159 πόνον
1011 5104 1310 5172 ὑποστῆναι
1341 5103 1420 5163 είς
1459 5099 1605 5171 [τὴν]
1635 5099 1741 5153 τῶν
1763 5099 2021 5153 τοιούτων

454 5203 767 5256 ὑποθέσεων
799 5200 1059 5251 σύστασιν
1092 5196 1180 5248 διά
1215 5195 1312 5264 τὴν
1341 5193 1600 5261 τοιαύτην
1621 5193 1824 5245 αἰτίαν.
1854 5192 2022 5252 Θεοὺς

453 5297 561 5363 γάρ
606 5293 871 5360 Ἕλληνες
919 5289 1045 5351 τοὺς
1100 5288 1336 5354 ἀστέρας
1363 5283 1502 5338 εἶναι
1535 5284 1874 5354 νομίζοντες,
1929 5284 2023 5336 καὶ

453 5389 690 5457 ὁρῶντες
715 5383 937 5444 τούτους
966 5383 1024 5433 ὲν
1053 5379 1128 5448 τῷ
1148 5378 1404 5432 διοδεύειν
1431 5380 1529 5448 τὴν
1553 5378 1764 5429 οίκεῖαν
1794 5375 2022 5444 πορείαν

453 5479 538 5546 ἐφ’
567 5477 802 5547 ἡμέραις
861 5474 1002 5526 τισὶν
1028 5472 1354 5539 ἱσταμένους
1403 5469 1856 5537 ἀμετακινήτους,
1900 5462 2022 5517 εἶτα

453 5573 546 5623 ιττι
581 5572 650 5620 τά
671 5567 894 5618 δπισθεν
923 5563 1367 5625 ἀναποδίζοντας,
1404 5556 1524 5612 εῐτα
1551 5560 1711 5612 πάλιν
1734 5558 2022 5628 στηρίζον-

453 5678 576 5724 τας,
610 5659 704 5711 καὶ
735 5657 896 5719 εὐθὺς
928 5655 1376 5726 προποδίζοντας,
1420 5652 1708 5722 ἀλλοτρίαν
1731 5651 1890 5702 θείων
1921 5667 2024 5702 σω·

457 5755 646 5819 μάτων
674 5751 772 5820 τὴν
803 5748 1059 5817 τοιαύτην
1093 5747 1322 5816 πλάνην,
1360 5744 1623 5798 ὑπέθεντο
1647 5744 1745 5806 τάς
1765 5741 2021 5803 τοιαύτας

457 5846 764 5912 ὑποθέσεις,
816 5844 956 5913 πρὶς
989 5842 1050 5895 τὸ
1074 5841 1245 5907 δεῖξαι
1291 5840 1458 5912 μηδέν
1491 5858 1542 5894 τι
1573 5838 1812 5893 τοιοῦτον
1853 5837 2022 5899 πάθος

2122 3302 2231 3342 non
2272 3285 2418 3340 circa
2463 3285 2646 3354 polum
2706 3297 2866 3338 suum
2931 3289 3241 3347 moventur,
3284 3280 3378 3336 sed
3410 3281 3696 3351 obliquum

2123 3380 2258 3435 solis
2291 3379 2395 3432 iter
2429 3383 2766 3447 sequuntur.
2821 3372 2975 3428 Unde
3014 3381 3163 3443 patet
3216 3371 3385 3428 Deum
3430 3373 3602 3429 solem
3635 3374 3693 3428 in

2121 3473 2261 3526 cmlo
2308 3479 2366 3523 ut
2431 3469 2626 3523 ducem
2687 3467 2962 3536 posuisse.
2999 3465 3326 3520 Aristoteles
3367 3465 3538 3534 igitur
3583 3481 3696 3524 non

2123 3561 2362 3616 admittit
2391 3570 2534 3612 astra
2564 3573 2660 3626 per
2689 3558 2871 3625 seipsa
2902 3555 3129 3618 moveri,
3166 3554 3362 3610 timens
3391 3569 3460 3611 ne
3487 3557 3698 3612 tollan-

2122 3662 2213 3706 tur
2236 3668 2347 3707 suae
2374 3651 2442 3705 de
2473 3651 2665 3719 quinto
2699 3663 2931 3715 corpore
2959 3646 3313 3716 hypotlieses,
3341 3651 3501 3716 quasi
3547 3659 3697 3705 astra

2123 3754 2313 3798 secent
2340 3743 2561 3795 cmleste
2592 3756 2793 3809 corpus
2822 3749 2880 3793 ut
2927 3742 3219 3809 quamdam
3265 3743 3542 3797 humidam
3569 3743 3703 3799 sub-

2122 3834 2421 3896 stantiam;
2476 3831 2734 3900 supponit
2769 3839 2948 3882 autem
3004 3830 3192 3883 stellas
3248 3831 3520 3886 volubiles
3579 3849 3700 3902 qua

2123 3933 2412 3980 concretas
2433 3923 2821 3978 moveant.Alii
2855 3938 2984 3976 vero
3003 3930 3126 3991 post
3158 3923 3306 3976 illum
3332 3924 3537 3990 opinati
3569 3933 3697 3979 sunt

2122 4025 2268 4071 astra
2293 4031 2389 4085 per
2429 4017 2605 4084 seipsa
2639 4013 2866 4078 moveri,
2910 4014 3153 4083 exceptis
3179 4016 3439 4083 planetis,
3477 4031 3616 4085 quos
3641 4018 3696 4071 in

2121 4109 2308 4162 orbem
2334 4117 2386 4161 et
2419 4115 2572 4162 extra
2595 4113 2846 4159 centrum
2874 4120 3034 4160 suum
3069 4107 3274 4160 moveri
3311 4106 3525 4160 dicunt.
3552 4107 3697 4162 Ima-

2119 4204 2378 4271 ginantur
2421 4201 2566 4254 enim
2609 4198 2855 4268 sphaeras
2917 4197 3052 4251 alias
3097 4212 3206 4250 non
3255 4198 3397 4252 idem
3445 4210 3696 4256 centrum

2119 4307 2244 4348 cum
2274 4301 2418 4346 terra
2447 4290 2671 4350 habere,
2702 4289 2794 4342 sed
2838 4303 2944 4341 una
2975 4299 3126 4357 parte
3158 4302 3282 4341 esse
3311 4297 3469 4344 terra:
3510 4291 3697 4366 proxi-

2122 4397 2240 4436 mas
2269 4389 2324 4435 et
2378 4382 2548 4434 altera
2608 4379 2824 4448 longius
2872 4378 3102 4442 abesse;
3157 4393 3294 4446 quas
3353 4382 3695 4435 excentricas

2119 4487 2419 4536 voeavere;
2454 4479 2507 4524 et
2543 4469 2681 4523 alias
2715 4484 2778 4522 ex
2811 4470 2929 4538 ipso
2959 4471 3278 4524 excentrico
3312 4484 3509 4538 parvas
3536 4473 3695 4525 volu-

2124 4573 2206 4618 tas
2244 4565 2299 4616 in
2349 4562 2550 4632 quibus
2604 4559 2858 4622 incedere
2907 4560 3159 4629 planetas
3209 4561 3422 4623 dicunt,
3452 4578 3592 4630 quos
3625 4562 3695 4618 ob

2124 4656 2265 4709 hanc
2322 4669 2544 4709 causam
2601 4652 3074 4720 supracirculares
3127 4653 3501 4710 nominavere.
3570 4653 3696 4709 Hac

2123 4755 2302 4800 autem
2325 4745 2499 4800 coacti
2525 4751 2654 4798 sunt
2683 4757 2994 4811 supponere
3023 4741 3426 4811 maximumque
3455 4731 3694 4797 laborem

2124 4847 2179 4891 et
2219 4851 2434 4907 pmnam
2473 4836 2748 4887 insumere
2775 4831 2842 4886 ad
2901 4832 3091 4885 talium
3148 4833 3524 4902 liypotlieseon
3561 4850 3699 4890 con-

2127 4928 2492 4982 ﬁrmationem
2541 4931 2766 4994 propter
2811 4933 3129 4992 sequentem
3185 4925 3474 4980 rationem.
3515 4925 3692 4981 Graeci

2124 5020 2271 5072 enim
2306 5017 2490 5070 stellas
2513 5029 2636 5068 esse
2665 5013 2797 5068 deos
2821 5013 3130 5078 credentes,
3168 5020 3222 5066 et
3263 5028 3355 5069 eas
3382 5024 3696 5081 cernentes,

2125 5110 2254 5163 dum
2296 5108 2576 5179 proprium
2628 5105 2732 5157 iter
2764 5111 3104 5174 peragerent,
3154 5104 3322 5156 certis
3372 5103 3700 5158 diCbllSiIlI1

2125 5208 2300 5252 motas
2326 5205 2492 5257 stare,
2532 5195 2656 5248 dein
2705 5194 3071 5256 retrocedere,
3106 5191 3233 5245 dcin
3292 5207 3512 5246 rursum
3559 5193 3696 5249 ﬁxas

2125 5297 2270 5343 stare
2291 5297 2346 5341 et
2375 5286 2558 5342 statim
2584 5284 2913 5354 procedere;
2952 5284 3098 5337 hunc
3147 5293 3422 5338 errantem
3469 5297 3695 5338 cursum

2125 5378 2310 5432 divina
2346 5389 2574 5446 corpora
2630 5375 2982 5429 dedecentem
3017 5374 3345 5442 cogitantes,
3385 5376 3484 5429 bas
3520 5375 3696 5445 hypo-

2127 5471 2308 5524 tlieses
2361 5467 2645 5536 imaginati
2684 5475 2836 5531 sunt,
2868 5475 2924 5518 ut
2975 5464 3332 5519 ostenderent
3364 5482 3472 5519 non
3508 5468 3697 5522 stellas

2127 5563 2216 5616 illa
2252 5562 2385 5631 pati,
2411 5562 2505 5615 sed
2543 5575 2639 5630 per
2682 5561 3125 5614 excentricarum
3190 5567 3244 5612 et
3294 5562 3700 5628 supracircnla-

2130 5658 2270 5712 rium
2303 5659 2639 5724 splmrarum
2689 5665 2897 5706 malum
2929 5653 3100 5706 videri
3135 5654 3295 5708 nobis
3324 5653 3458 5707 lixas
3488 5669 3613 5708 esse
3645 5664 3700 5708 et

2129 5748 2486 5812 retrocedere,
2515 5761 2636 5800 cum
2672 5744 2806 5799 nihil
2840 5743 3147 5808 huiusmodi
3186 5745 3313 5812 ipsa:
3357 5745 3697 5812 paterentur.

2128 5841 2195 5896 Et
2233 5842 2359 5897 dum
2387 5841 2624 5911 aequales
2660 5839 2952 5894 voluerunt
2974 5835 3153 5892 facere
3177 5838 3478 5893 cmisstium
3505 5851 3700 5908 corpo-
