4446 6446
776 378 888 440 803

2042 372 2469 435 MlCIlAELIS
2496 373 2771 435 PSELLI

3948 385 4047 448 80-!

773 505 894 545 rum
929 500 1131 555 motus,
1166 505 1272 546 non
1307 491 1745 546 animadvertere
1790 505 1849 546 se
1888 490 2058 544 multa
2108 490 2357 558 inaequa-
2389 510 2435 569 Α
2466 508 2526 543 το

2294 503 2357 542 a-
2389 510 2435 569 Α
2466 491 2595 553 τοὺς
2643 491 2885 561 ἀστέρας
2940 493 3367 563 ὑφισταμένους,
3399 495 3535 550 ἀλλά
3573 494 3661 549 διά
3690 498 3789 568 τὴν
3818 498 3926 549 τῶν
3960 501 4049 552 ἐκ·

775 582 989 641 bilitate
1029 585 1277 640 coelestia
1310 585 1545 655 replere.
1580 584 1710 638 Mihi
1756 594 1936 639 autem
1970 584 2185 637 videtur
2212 583 2363 652 ipsas

777 677 965 731 stellas
990 677 1129 729 hanc
1166 676 1652 746 inmquabilitatem
1690 685 1950 731 caeterum
1990 682 2183 729 exacte
2212 675 2364 729 ordi-

775 776 960 821 natam
1015 767 1311 821 sustinere.
1355 766 1486 833 Quae
1520 767 1662 820 enim
1704 767 1791 821 his
1824 766 1878 820 in
1933 764 2092 819 terris
2125 773 2276 827 sunt,
2309 776 2365 820 et

775 856 1067 925 inmqualia
1095 864 1149 910 et
1180 858 1494 910 inordinata
1531 867 1694 923 sunt;
1722 872 1844 928 quas
1876 865 2058 911 autem
2108 855 2165 908 in
2189 855 2363 909 stellis

771 957 827 1002 ct
885 950 1174 1017 inaequalia
1212 958 1267 1004 et
1291 949 1543 1003 ordinata
1573 965 1587 1014 ;
1620 964 1743 1020 quae
1800 958 1980 1003 autem
2032 962 2201 1017 supra
2239 947 2363 1004 illas

771 1050 899 1093 sunt
927 1047 982 1094 et
1014 1040 1266 1095 ordinata
1301 1048 1356 1095 et
1383 1042 1617 1123 aequalia
1642 1051 1791 1097 sunt.

2462 579 2705 649 κέντρων
2737 581 2833 633 καὶ
2858 580 3174 634 ἐπικύκλων
3200 582 3418 653 κίνησιν
3452 584 3742 652 φαίνεσθαι
3789 586 3921 654 ἡμῖν
3957 587 4050 638 καὶ

2464 672 2823 740 στηρίζοντας
2882 676 2976 727 καὶ
3022 675 3492 741 ἀναποδίζοντας,
3550 677 3717 745 μηδὲν
3746 676 3801 728 δὲ
3852 676 4050 739 αὐτοὺς

2459 763 2703 817 τοιοῦτον
2745 767 3078 835 πάσχοντας.
3114 768 3226 820 Καὶ
3271 769 3690 821 κατασκευάσαι
3732 767 4050 837 βουλόμενοι

2459 855 2672 925 όμαλάς
2703 859 2804 921 τὰς
2824 859 2933 910 τῶν
2965 860 3234 930 οὐρανίων
3266 862 3539 931 κινήσεις,
3574 860 3769 914 ἔλαθον
3823 862 4050 923 ἐαυτοῦς

2464 948 2665 1017 πολλῆς
2708 950 3210 1023 ἀναπληρώσει-ντες
3288 954 3613 1022 ἀνωμαλίας
3663 956 3733 1008 τά
3795 954 4047 1023 οὐράνια.

2476 1038 2631 1106 Ἐμοὶ
2665 1040 2723 1092 δὲ
2749 1041 2918 1105 δοκεῖ,
2960 1044 3157 1109 αὐτοὺς
3186 1046 3313 1109 τοὺς
3363 1047 3600 1117 ἀστέρας
3644 1046 3742 1116 τὴν
3792 1048 4051 1114 τοιαύτην

770 1131 1074 1204 ὑποστῆναι
1101 1133 1443 1204 ἀνωμαλίαν,
1479 1133 1556 1197 ὡς
1602 1136 1880 1198 σύντονον,
1909 1132 2051 1201 πλὴν
2079 1128 2427 1199 τεταγμένην
2450 1145 2463 1158 ·
2498 1130 2569 1182 τὰ
2594 1132 2705 1201 γὰρ
2734 1134 2993 1201 ἐνταῦθα,
3050 1138 3146 1191 καὶ
3211 1137 3481 1209 ἀνώμαλα
3532 1140 3627 1191 καὶ
3677 1141 3888 1193 ἄτακτα
3925 1158 3937 1170 ·
3980 1138 4049 1191 τά

767 1228 824 1281 δέ
876 1229 934 1281 ἐν
984 1229 1219 1289 ἐκείνοις
1256 1228 1350 1281 καὶ
1406 1227 1677 1298 ἀνώμαλα
1704 1228 1797 1280 καὶ
1828 1224 2139 1294 τεταγμένα
2166 1238 2182 1252 ⁶
2225 1224 2293 1275 τὰ
2315 1222 2372 1275 δὲ
2410 1221 2619 1277 τούτων
2648 1226 2857 1280 ἄνωθεν
2885 1231 2977 1283 καὶ
3002 1231 3315 1300 τεταγμένα
3340 1233 3437 1286 καὶ
3465 1233 3667 1302 ὁμαλά.

1087 1321 1178 1375 24.
1212 1319 1362 1376 Unde
1388 1322 1765 1375 illuminantur
1808 1319 2001 1373 stellw.

839 1411 1011 1465 Multa
1065 1412 1135 1466 de
1181 1413 1283 1465 hae
1342 1413 1647 1481 quaestione
1702 1411 1945 1479 antiquis
2012 1405 2355 1479 philosophis

765 1504 1097 1573 ambiguitas
1147 1503 1271 1557 fuit.
1310 1504 1543 1570 Quidam
1598 1505 1745 1558 enim
1797 1504 2047 1557 videntes
2097 1502 2280 1555 lunam
2325 1513 2357 1552 ιι

767 1594 887 1650 sole
928 1595 1117 1648 lumen
1154 1595 1426 1663 accipere,
1480 1593 1717 1663 professi
1779 1601 1907 1648 sunt
1931 1602 1984 1646 et
2037 1592 2141 1643 alia
2208 1598 2355 1643 astra

768 1685 886 1738 sole
914 1683 1239 1737 illuminari.
1283 1684 1387 1736 Alii
1440 1693 1625 1736 autem
1666 1683 1913 1737 videntes
1971 1679 2239 1734 Venerem
2301 1684 2354 1731 et

2672 1321 2771 1375 κδ’.
2802 1325 2997 1377 Πόθεν
3043 1323 3396 1392 φωτίζονται
3445 1328 3505 1378 αἱ
3554 1326 3827 1391 ἀστέρες.

2537 1411 2674 1482 Περὶ
2701 1413 2892 1466 τούτου
2916 1415 3086 1486 πολλὴ
3116 1418 3149 1485 ἡ
3178 1416 3480 1485 ἀμφιϐολία
3518 1421 3629 1480 τοῖς
3664 1418 3832 1471 πάλαι
3862 1420 4048 1485 σοφοῖς

2464 1503 2705 1571 ἐγένετο.
2744 1506 2901 1569 Τινὲς
2930 1508 3056 1578 γὰρ,
3086 1509 3321 1579 ὁρῶντες
3366 1509 3467 1580 τὴν
3503 1510 3733 1581 σελήνην
3768 1510 3921 1581 παρά
3951 1511 4045 1563 τοῦ

2464 1597 2615 1667 ἡλίου
2647 1598 2945 1669 δεχομένην
2972 1600 3033 1652 τὸ
3068 1601 3204 1669 φῶς,
3237 1604 3593 1673 ἀπεφήναντο
3628 1604 3724 1655 καὶ
3750 1605 3878 1674 περὶ
3904 1605 4046 1657 πάν-

2463 1706 2571 1743 των
2610 1689 2717 1743 τῶν
2774 1678 3044 1759 ἀστέρων,
3092 1693 3168 1757 ὠς
3227 1696 3321 1747 καὶ
3356 1695 3512 1747 αὑτοὶ
3556 1697 3707 1765 παρά
3749 1695 3843 1748 τοῦ
3887 1697 4043 1767 ἡλίου

766 1776 1094 1831 Mercurium
1126 1777 1229 1835 sub
1266 1776 1380 1831 sole
1410 1776 1547 1838 sitos
1579 1790 1755 1845 neque
1788 1775 1855 1829 al)
1880 1774 1972 1829 illo
1996 1782 2105 1827 tam
2140 1773 2354 1827 distan-
2387 1800 2430 1854 Β
2461 1798 2522 1846 φο

2290 1788 2354 1824 η·
2387 1800 2430 1854 Β
2461 1781 2812 1846 φωτίζονται.
2852 1784 3069 1851 Ἐτεροι
3106 1785 3184 1850 δὲ,
3220 1786 3456 1856 δρῶντες
3490 1788 3592 1857 τήν
3617 1805 3676 1839 τε
3724 1788 4046 1857 Ἀφροδίτην

766 1877 852 1925 tes
913 1878 973 1923 ut
1037 1869 1164 1923 inde
1223 1870 1408 1922 lumen
1466 1867 1758 1936 recipiant,
1820 1867 2032 1935 opinati
2098 1876 2227 1920 sunt
2288 1878 2353 1919 ea

762 1967 819 2015 et
884 1968 1083 2015 caetera
1132 1967 1281 2015 astra
1330 1960 1617 2029 proprium
1642 1960 1826 2013 lumen
1862 1958 2083 2011 habere.

949 2154 1039 2208 25.
1060 2152 1331 2217 Quomodo
1362 2150 1495 2221 ﬁunt
1524 2158 1753 2218 quatuor
1781 2148 1907 2202 anni
1939 2158 2194 2215 tempora.

854 2244 930 2298 Ea
966 2258 1319 2312 quaecunque
1346 2242 1556 2295 creavit
1590 2241 1731 2294 Deus
1763 2248 1817 2293 et
1864 2240 2138 2308 sapientia
2190 2240 2356 2309 plena

767 2344 900 2392 sunt
951 2347 1003 2390 et
1043 2335 1410 2389 admiratione
1431 2333 1618 2403 digna,
1653 2332 1893 2386 maxime
1932 2348 2064 2386 vero
2098 2333 2231 2387 solis
2268 2333 2358 2386 iti-

768 2432 918 2484 neris
983 2428 1305 2497 obliquitas,
1372 2437 1432 2479 ut
1483 2426 1535 2479 in
1602 2426 1710 2479 alio
1764 2440 1931 2494 opere
1982 2425 2355 2480 demonstravi

767 2524 832 2577 de
864 2522 1171 2576 caelestium
1201 2533 1370 2573 causa
1396 2518 1683 2587 inscripto.
1745 2515 1863 2572 Non
1905 2517 2053 2572 enim
2109 2517 2352 2572 medium

768 2617 965 2671 uelum
993 2616 1190 2669 transit
1242 2614 1543 2668 secundum
1592 2612 2011 2681 aequinoctium,
2057 2613 2151 2667 sed
2185 2613 2350 2682 vergi'

770 2708 838 2761 ad
900 2707 1329 2776 septentrionem
1363 2713 1599 2774 quatuor
1639 2713 1693 2758 et
1724 2704 1918 2773 viginti
1950 2702 2159 2773 gradus
2183 2704 2353 2758 circi-

772 2809 881 2864 ter,
938 2808 991 2852 et
1042 2798 1107 2851 ad
1162 2798 1445 2852 meridiem
1498 2796 1776 2851 similiter.
1836 2796 2070 2862 Quando
2120 2798 2287 2865 igitur
2327 2812 2355 2850 a

773 2884 1003 2938 meridie
1083 2885 1400 2956 regrediens
1482 2885 1549 2937 ad
1619 2886 2015 2953 aequinoctium
2087 2888 2353 2954 pervenit,

772 2990 999 3028 vernum
1072 2986 1288 3045 tempus
1350 2976 1533 3041 edicit,
1604 2979 1870 3047 nobisque
1928 2980 2353 3049 appropinquat,

770 3081 918 3128 eum,
944 3076 1001 3119 ut
1035 3068 1293 3134 diximus,
1347 3084 1538 3123 versus
1562 3072 1989 3137 septentrionem
2015 3072 2350 3136 inculamus;

771 3161 994 3227 quando
1046 3172 1226 3212 autem
1259 3176 1483 3214 rursum
1543 3161 1611 3214 ad
1668 3161 2061 3230 aequinoctium
2098 3164 2352 3229 vertitur,
2384 3156 2426 3214 C

771 3262 1098 3304 autumnum
1157 3250 1401 3317 adducit,
1464 3261 1518 3307 et
1584 3255 1805 3321 quando
1859 3257 2186 3309 extremitati
2242 3271 2358 3311 suae

769 3342 1148 3396 meridionalis
1202 3343 1545 3413 obliquitatis
1600 3346 1867 3410 occurrit,
1917 3346 2179 3410 hiemem,
2228 3346 2355 3415 quia

770 3440 903 3489 tunc
936 3435 1095 3504 longe
1135 3444 1219 3488 est
1249 3451 1275 3486 a
1302 3437 1487 3492 nobis.
1523 3437 1589 3490 Et
1615 3454 1677 3491 ea
1708 3438 1842 3493 solis
1869 3439 2166 3508 obliquitas
2191 3452 2357 3492 causa

774 3534 859 3579 est
897 3536 1135 3597 quatuor
1179 3529 1307 3580 anni
1361 3537 1671 3597 temporum
1732 3532 2121 3598 generationis.
2172 3531 2357 3601 Neque

772 3634 904 3673 vero
952 3620 1147 3673 horum
1193 3621 1569 3683 solummodo,
1610 3623 1703 3675 sed
1751 3630 1807 3675 et
1867 3624 2097 3676 aliorum
2152 3628 2357 3680 mundo

773 3710 1194 3766 utilissimorum
1225 3721 1277 3765 et
1307 3713 1460 3767 valde
1498 3719 1958 3779 necessariorum,
1982 3726 2038 3769 ut
2073 3717 2357 3772 abundan-

770 3804 879 3859 tius
905 3806 959 3859 in
991 3815 1290 3860 memorato
1318 3820 1485 3874 opere
1512 3806 2034 3864 demonstravimus.

1024 4070 1114 4125 ‘26.
1166 4071 1243 4125 De
1275 4073 1640 4143 magnitudine
1693 4075 1819 4128 solis
1847 4086 1894 4128 et
1921 4077 2082 4130 limat.

845 4162 991 4218 Solis
1017 4163 1337 4232 magnitudo
1370 4165 1597 4219 videtur
1620 4167 1825 4235 aliquid
1877 4169 2200 4226 incredibile
2234 4187 2354 4241 geo-

772 4258 984 4311 metria:
1008 4257 1217 4327 ignaris
1246 4268 1301 4311 et
1338 4258 1700 4328 philosophia:
1715 4276 1824 4315 non
1854 4262 2108 4317 initiatis.
2146 4262 2352 4321 Omnes

773 4349 942 4419 igitur
978 4349 1355 4403 mathematici
1387 4351 1627 4418 professi
1657 4362 1786 4407 Sunt
1817 4354 1967 4407 illum
2001 4363 2148 4409 terra
2178 4356 2353 4424 majo-

2456 1875 2658 1926 καὶτὸν
2703 1875 2916 1945 Ἑρμῆν
2951 1878 3055 1929 ὑπὸ
3087 1878 3177 1929 τὸν
3216 1878 3368 1947 ἥλιον
3388 1880 3571 1942 ὄντας,
3608 1880 3701 1931 καὶ
3735 1880 3807 1948 μὴ
3831 1882 4046 1949 πόρῤω·

2456 1963 2548 2016 θεν
2574 1964 2735 2017 αὑτοῦ
2753 1968 3176 2036 ἀφισταμένους,
3218 1969 3293 2031 ὡς
3323 1970 3654 2037 φωτίζεσθαι
3680 1971 3811 2039 παρ’
3849 1969 4040 2035 αὐτοῦ,

2469 2058 2729 2125 ἐδόξασαν
2750 2061 2893 2129 ἔχειν
2914 2062 3131 2125 τούτους
3166 2064 3255 2115 καί
3271 2065 3397 2125 τοὺς
3417 2063 3611 2125 ἀλλους
3628 2064 3832 2114 οἰκεῖον
3868 2064 4006 2130 φῶς.

2635 2150 2734 2207 κε’.
2769 2151 2901 2219 Πῶς
2936 2155 3207 2222 γίνονται
3237 2158 3289 2208 οἱ
3320 2155 3536 2223 τέο-σαι
3555 2173 3619 2220 ες
3648 2158 3863 2222 καιροί.

2528 2243 2716 2299 Ταῦτα
2749 2247 2871 2315 μὲν,
2903 2248 3006 2299 ὅσα
3056 2248 3115 2300 τὸ
3152 2250 3308 2300 Θείον
3342 2248 3770 2317 ἐδημιούργησε,
3828 2245 3922 2299 καὶ
3955 2262 4042 2298 σο-

2458 2341 2586 2410 φίας
2620 2340 2902 2410 ἀνάμεστα
2960 2341 3053 2393 καὶ
3105 2341 3385 2410 θαύματος
3431 2342 3581 2406 ἄξια,
3618 2342 3856 2411 μάλιστα
3892 2342 3948 2394 δὲ
3978 2342 4039 2393 τὸ

2456 2436 2557 2503 τῆς
2581 2436 2816 2505 ἡλιακῆς
2849 2436 3079 2506 πορείας
3111 2436 3286 2501 λοξὸν,
3326 2436 3401 2499 ὠς
3432 2438 3555 2507 ἐμοὶ
3597 2438 3654 2489 ἐν
3695 2435 3873 2506 ἑτέρῳ
3904 2452 4036 2501 συγ-

2455 2527 2746 2597 γράμματι
2768 2528 3169 2594 ἀποδέδεικται,
3190 2529 3268 2599 τῷ
3292 2547 3355 2581 πε
3367 2530 3416 2597 ρί
3440 2528 3620 2590 αἰτίας
3638 2530 3905 2597 οὐρανίων
3920 2530 4041 2579 ἐπι-

2458 2616 2811 2687 γραφομένῳ.
2840 2616 2975 2669 Οὔτε
3002 2620 3111 2688 γὰρ
3130 2620 3293 2687 μέσον
3317 2619 3406 2669 τὸν
3421 2616 3647 2687 οὐρανὸν
3677 2617 3817 2669 κατά
3848 2619 4039 2684 ἰσημε-

2459 2709 2607 2780 ρινοῦ
2633 2710 3037 2775 διοδεύει,ἀλλά
3084 2711 3255 2763 κλίνει
3281 2711 3416 2779 πρὸς
3463 2711 3562 2778 μὲν
3604 2709 3806 2779 βορῥάν
3844 2709 4038 2779 μοίρας

2458 2801 2535 2855 κδ’
2558 2803 2811 2871 ἔγγιστα,
2835 2805 2971 2872 πρὶς
3002 2802 3054 2855 δέ
3076 2803 3226 2855 νότον
3257 2802 3478 2873 ὁμοίως.
3505 2804 3674 2855 Ὅταν
3698 2799 3788 2855 οὖν
3814 2804 4028 2870 ἀνερχό-

2461 2916 2622 2968 μενος
2654 2899 2761 2951 om
2784 2898 2962 2961 νότου,
2994 2899 3137 2950 κατά
3179 2899 3269 2949 τον
3320 2897 3634 2967 ἰσημερινὸν
3664 2897 3912 2964 γένηται,
3939 2895 4035 2965 τὴν

2457 2993 2682 3063 ἐαρινὴν
2715 2994 2947 3044 ποιεῖται
2971 2991 3199 3062 τροπὴν,
3230 2994 3323 3043 καὶ
3355 2992 3645 3060 πλησιάζει
3677 2993 3828 3059 ἡμῖν,
3859 2990 3948 3042 διά
3979 2992 4036 3041 τὸ

2456 3087 2557 3153 τὴν
2592 3084 2864 3154 ἡμετέραν
2885 3086 3125 3152 οἴκησιν,
3150 3083 3223 3144 ὡς
3252 3083 3481 3153 ἔφαμεν,
3510 3082 3855 3152 βορειοτέραν
3875 3077 4035 3134 εἶναι·

2466 3179 2629 3247 ἡνίκα
2650 3178 2695 3229 δ’
2724 3177 2878 3239 αὖθις
2910 3178 3045 3248 πρὸς
3087 3179 3181 3230 τὸν
3212 3176 3529 3246 ἰσημερινὸν
3558 3175 3913 3245 ὑποστρέφει,
3939 3176 4036 3244 τὴν

2464 3270 2874 3340 φθινοπωρινὴν
2928 3271 3202 3334 ἀποτελεῖ,
3246 3270 3363 3333 καὶ,
3412 3270 3498 3321 ὅτε
3545 3269 3681 3337 πρὸς
3711 3268 3769 3321 τὸ
3812 3268 4039 3337 ἔσχατιν

2462 3366 2559 3433 τῆς
2594 3366 2773 3426 νοτίας
2800 3364 2967 3416 αὑτοῦ
3018 3364 3299 3428 λοξώσεως
3326 3363 3676 3431 καταντήσει,
3722 3362 3820 3429 τὴν
3846 3378 4038 3431 χειμε-

2464 3456 2639 3524 ρινὴν,
2670 3455 2757 3506 διὰ
2788 3454 2847 3506 τὸ
2885 3454 3188 3525 τηνικαῦτα
3233 3449 3373 3505 εἶναι
3401 3452 3687 3522 πόρρωθεν
3720 3451 3897 3520 ἡμῶν.
3930 3450 4041 3502 Καὶ

2462 3547 2494 3616 ἡ
2524 3546 2746 3615 τοιαύτη
2771 3544 2995 3610 λόξωσις
3028 3544 3121 3597 τοῦ
3152 3545 3303 3614 ἡλίου
3334 3545 3545 3612 γίνεται
3573 3543 3721 3596 αἰτία
3754 3540 3899 3613 [τῆς]
3932 3542 4039 3593 τῶν

2459 3640 2743 3709 τετσάρων
2787 3639 2880 3690 τοῦ
2936 3639 3185 3691 ἐνιαυτοῦ
3246 3638 3453 3707 καιρῶν
3502 3640 3771 3705 γενέσεως
3801 3652 3814 3665 ο
3850 3638 3945 3689 καὶ
3979 3637 4038 3687 οὔ

2464 3728 2625 3795 μόνον
2657 3727 2885 3789 τούτων,
2920 3728 3057 3780 ἀλλὰ
3108 3730 3203 3779 καὶ
3239 3730 3442 3798 ἐτέρων
3469 3728 3906 3796 χρησιμωτάτων
3945 3726 4039 3777 καὶ

2460 3821 2906 3887 ἀναγκαιοτάτων
2936 3819 3012 3890 τῷ
3047 3820 3237 3890 κόσμῳ
3269 3822 3631 3889 πραγμάτων,
3670 3820 3742 3881 ὡς
3778 3819 4039 3872 πλατύτε-

2462 3929 2554 3982 ρον
2596 3915 2728 3981 ἡμῖν
2786 3913 3167 3965 ἀποδέδεικται
3219 3915 3278 3965 ἐν
3331 3912 3405 3981 τῷ
3448 3911 3875 3982 μνημονευθέντι
3908 3925 4039 3979 697-

2459 4006 2771 4074 γράμματι.

2592 4095 2705 4161 κς¹.
2736 4097 2877 4165 Περὶ
2928 4098 3222 4167 μεγέθους
3251 4099 3431 4166 ἡλίου
3470 4098 3568 4151 καί
3614 4098 3908 4165 σελήνης.

2542 4190 2605 4242 Γὸ
2631 4192 2724 4241 τοῦ
2750 4190 2902 4259 ἡλίου
2935 4190 3163 4258 μέγεθος
3197 4190 3423 4243 ἄπιστόν
3451 4208 3502 4242 τι
3543 4189 3690 4243 δοκεῖ
3732 4193 3841 4253 τοῖς
3865 4192 4038 4257 ἀγεω-

2461 4282 2753 4351 μετρήτοις
2800 4281 2895 4333 καὶ
2956 4284 3055 4351 τῆς
3119 4281 3441 4348 φιλοσοφίας
3491 4282 3781 4352 ἀμυήτοις.
3832 4285 4036 4346 Πάντες

2462 4371 2563 4437 μὲν
2589 4366 2680 4422 οὖν
2715 4372 2763 4422 oi
2802 4372 3176 4440 μαθηματικοὶ
3213 4375 3562 4441 ἀπεφήναντο
3584 4373 3770 4426 τοῦτον
3805 4373 3903 4441 τῆς
3934 4374 4036 4443 γῆς

770 4456 887 4495 rem
922 4457 1067 4509 esse,
1132 4458 1246 4496 non
1275 4444 1628 4497 consentiunt
1675 4455 1857 4500 autem
1908 4459 2114 4516 quanto
2179 4450 2354 4519 major
2388 4490 2431 4545 Β
2464 4480 2526 4530 με

2279 4451 2354 4514 i0r
2388 4490 2431 4545 ο
2464 4462 2707 4530 μείζονα,
2742 4463 3084 4534 διεφώνησαν
3102 4465 3158 4516 δέ
3188 4466 3314 4534 περὶ
3339 4468 3430 4516 τοῦ
3461 4466 3654 4519 ὁπόσον
3685 4466 3800 4517 ἐστὶ
3838 4467 4035 4534 μείζων

770 4534 842 4587 sit
878 4542 934 4588 et
996 4535 1300 4603 multiplex.
1353 4535 1806 4605 Sapientissimns
1849 4555 1978 4594 vero
2030 4540 2355 4597 Ptolemaeus

773 4638 868 4693 per
973 4627 1333 4694 geometricas
1412 4628 1915 4684 demonstrationes
1966 4642 2020 4685 et
2070 4635 2357 4689 methodos

771 4716 1014 4769 ostendit
1038 4731 1161 4769 eum
1176 4716 1386 4771 centies
1416 4722 1725 4787 septuagies
1745 4727 1891 4772 terra
1918 4722 2182 4789 majorem
2209 4738 2351 4778 esse.

771 4804 901 4872 Ejus
916 4804 1435 4863 demonstrationem
1455 4825 1757 4879 proponere
1774 4823 1824 4865 et
1838 4813 2113 4881 explicare
2137 4831 2245 4869 non
2273 4827 2357 4870 est

773 4899 1071 4965 praesentis
1100 4900 1319 4968 operis;
1355 4900 1441 4953 hic
1461 4910 1673 4955 tantum
1701 4901 2173 4959 demonstrabitnr
2207 4907 2356 4962 clare

770 4999 827 5045 et
851 4990 1159 5046 indubitate
1186 4993 1356 5047 solem
1386 5001 1530 5046 terra
1558 5008 1681 5047 esse
1720 4994 2005 5063 majorem,
2044 4999 2145 5050 hoc
2168 4998 2352 5053 modo.

772 5084 1051 5154 Quidquid
1091 5084 1389 5147 illuminat,
1433 5095 1532 5140 aut
1582 5087 1884 5141 illuminata
1919 5103 1977 5142 re
2027 5090 2206 5158 majus
2246 5104 2353 5157 est,

771 5185 867 5229 aut
933 5177 981 5229 ei
1022 5191 1240 5246 aequum
1288 5186 1392 5239 est.
1441 5185 1538 5230 aut
1591 5191 1657 5233 ea
1690 5178 1900 5234 minus.
1954 5178 2020 5233 Et
2069 5183 2114 5237 si
2172 5183 2353 5252 majus

772 5267 995 5336 quidem
1043 5277 1149 5333 est,
1193 5269 1441 5321 umbram
1477 5270 1705 5324 omnino
1756 5286 1785 5324 a
1819 5272 1935 5327 basi
1973 5274 2168 5329 latiore
2216 5277 2354 5329 inci-

770 5360 1010 5429 pientem
1042 5361 1227 5426 eﬂicit,
1266 5371 1321 5414 et
1368 5376 1542 5430 usque
1593 5363 1659 5416 ad
1713 5374 1927 5418 acutam
1982 5368 2351 5423 summitatem

772 5460 1121 5519 porrectam;
1193 5452 1238 5505 si
1292 5453 1522 5522 aequale,
1575 5455 1826 5508 umbram
1897 5455 2061 5511 eﬂicit
2119 5474 2243 5528 quae
2297 5461 2350 5514 in

774 5542 1050 5594 inﬁnitum
1085 5543 1227 5595 intra
1286 5559 1441 5614 atque
1472 5544 1744 5600 distantes
1794 5547 1970 5603 lineas
2008 5552 2349 5620 porrigitur;

776 5634 820 5687 si
847 5636 1026 5688 minus
1069 5644 1177 5700 est,
1225 5636 1473 5690 umbram
1501 5638 1556 5691 in
1612 5637 1839 5692 formam
1861 5642 2349 5710 calathiproducit,

770 5741 893 5795 quae
930 5728 994 5780 ab
1022 5735 1255 5798 angusta
1293 5728 1407 5782 basi
1439 5730 1493 5783 iu
1540 5730 1815 5785 infinitum
1879 5732 2161 5787 dilatatur.
2212 5735 2349 5789 Cum

771 5838 903 5879 vero
933 5833 1075 5878 terra
1107 5827 1227 5881 coni
1297 5825 1526 5882 formam
1584 5826 1872 5885 habentem
1943 5830 2188 5886 umbram
2236 5832 2346 5888 elli-

2461 4553 2552 4603 καὶ
2590 4552 2980 4613 πολυπλάσιος.
3028 4552 3085 4605 Ὀ
3128 4552 3184 4604 δὲ
3237 4552 3552 4621 σοφώτατος
3586 4554 3923 4622 Πτολεμαῖος
3950 4555 4035 4607 διά

2459 4645 2851 4714 γεωμετρικῶν
2904 4643 3232 4708 ἀποδείξεων
3293 4646 3388 4697 καὶ
3446 4646 3688 4714 μεθόδων
3750 4648 4035 4712 ἁπέΕειξεν

2460 4738 2657 4788 ἐκατὸν
2691 4735 3334 4805 ἐδόομηκονταπλασίονα
3390 4736 3577 4789 τοῦτον
3609 4738 3709 4808 τῆς
3738 4740 3840 4807 γῆς
3872 4735 4030 4793 εἶναι.

2458 4829 2569 4882 Καὶ
2616 4828 2676 4880 τὸ
2728 4828 2827 4896 μὲν
2874 4828 2973 4898 τὴν
3006 4827 3283 4891 ἀπόδειξιν
3338 4829 3548 4881 ἐκείνου
3584 4830 3900 4898 προτιθέναι
3938 4834 4035 4884 καὶ

2456 4918 2793 4987 διασαφῆσαι
2816 4917 3097 4986 ἀλλότριον
3116 4918 3215 4986 τῆς
3241 4920 3609 4988 προκειμένης
3627 4923 4031 4990 πραγματείας,

2458 5009 2695 5063 ἐνταῦθα
2733 5010 2787 5063 δὲ
2804 5011 3148 5081 δειχθήσεται
3180 5013 3426 5079 ἐναργῶς
3454 5014 3548 5064 καὶ
3578 5015 4029 5082 ἀναμφηρίστως,

2461 5103 2533 5163 ὡς
2604 5103 2807 5171 μείζων
2850 5105 2965 5155 ἐστὶ
3023 5106 3120 5171 τῆς
3163 5105 3264 5173 γῆς
3298 5106 3325 5155 ὁ
3368 5103 3540 5172 ἣλιος,
3580 5106 4029 5174 τοιουτοτρόπως.

2461 5198 2575 5250 Πᾶν
2600 5198 2660 5249 τὸ
2698 5198 2933 5265 φωτίζον
2980 5199 3012 5267 ἢ
3047 5198 3232 5267 μεῖζόν
3274 5199 3390 5250 ἐστι
3434 5199 3529 5251 τοῦ
3570 5200 3964 5269 φωτιζομένου,
3998 5201 4030 5270 ἦ

2460 5290 2659 5360 ίσον,ἢ
2700 5291 2945 5347 ἔλαττον.
2996 5292 3135 5343 Ἀλλ’
3167 5294 3214 5344 εί
3276 5292 3373 5360 μέν
3431 5292 3620 5361 μεῖζόν
3662 5293 3797 5357 ἐστι,
3832 5294 4027 5364 κομιδῇ

2459 5386 2603 5434 ποιεῖ
2653 5382 2750 5451 τὴν
2813 5382 2969 5435 σκιάν
2998 5383 3106 5435 ἀπὸ
3137 5383 3396 5446 πλατείας
3438 5385 3750 5454 ἀρχομένην
3786 5384 4031 5452 βάσεως,

2459 5477 2549 5527 καὶ
2583 5476 3000 5544 περατουμένην
3025 5476 3103 5538 είς
3151 5476 3332 5541 ὀξεῖαν
3364 5478 3609 5546 κορυφήν
3643 5494 3654 5506 ·
3687 5479 3733 5527 εί
3767 5480 3901 5541 ἴσον,
3938 5479 4028 5529 ἐπὶ

2456 5566 2681 5632 ἄπειρον
2712 5565 2843 5616 ἰέναι
2864 5566 3273 5634 παρασκευάζει
3297 5568 3395 5637 τὴν
3413 5567 3573 5619 σκιάν
3598 5567 3797 5636 μεταξὺ
3824 5567 4031 5637 παραλ-

2456 5656 2635 5725 λήλων
2682 5657 2936 5709 εὐθειῶν·
2976 5660 3024 5709 εἰ
3066 5658 3122 5710 δὲ
3166 5658 3406 5719 ἔλαττον,
3453 5659 3773 5727 καλαθοειῦἧ
3823 5661 4029 5726 ταύτην

2457 5746 2771 5815 ἐργάζεται,
2806 5748 2913 5800 ἀπὸ
2942 5749 3134 5817 στενῆς
3158 5749 3259 5818 τῆς
3281 5748 3488 5818 βάσεως
3511 5751 3920 5819 πλατυνομένην
3943 5752 4028 5803 ἐπ’

2458 5841 2703 5908 ἄπειρον.
2743 5838 2896 5893 Ἐπεὶ
2920 5840 2977 5894 δὲ
3003 5842 3035 5910 ἡ
3066 5842 3158 5911 γῆ,
3188 5842 3335 5912 παρὰ
3362 5842 3451 5896 τοῦ
3476 5844 3626 5912 ἡλίου
3658 5845 4026 5917 φωτιζομένη,
