4446 6446
437 396 545 457 Sor.

1651 401 2131 461 SOLUTIONES
2164 402 2530 475 QUJEDAM.

3605 410 3711 483 800

438 506 699 573 κωνοειδῆ
734 507 966 559 ποιεῖται
1000 506 1100 576 τὴν
1145 507 1327 570 σκιὰν,
1367 506 1607 560 ἐλάττων
1647 508 1814 560 αὑτοῦ
1839 511 2012 575 ἐστιν,
2048 516 2091 572 Α
2119 512 2194 566 cia

1952 528 2012 575 .v,
2048 516 2091 572 Α
2119 512 2230 567 ciat
2260 529 2288 565 a
2319 516 2434 569 sole
2486 517 2817 584 illuminata,
2852 521 2969 578 sole
3014 524 3196 581 minor
3239 535 3347 584 est.
3406 515 3576 586 Terra
3615 552 3708 589 au-

435 596 563 650 Ὀτι
594 597 648 649 δὲ
675 598 801 667 ἡγῆ
823 599 1086 666 κωνοειδῆ
1136 602 1372 652 ποιεῖται
1422 601 1521 670 τῆν
1556 601 1737 664 σκιὰν,
1772 601 1930 666 δῆλον
1956 604 2021 654 ὲκ

2128 609 2234 655 tem
2298 606 2547 660 umbram
2604 610 2658 663 in
2699 610 2933 667 fortnam
2971 615 3100 670 coni
3144 620 3370 687 produci
3426 637 3493 677 ex
3560 624 3709 681 lunae

433 693 541 745 τῶν
574 697 673 763 τῆς
705 692 934 763 σελήνης
958 692 1281 761 ἐκλείψεων.
1316 693 1442 745 Ὅτε
1472 693 1582 763 γὰρ
1607 693 1833 765 ὲκλείῲῃ
1860 695 1918 747 ἐν
1943 694 2025 763 τῷ
2124 691 2189 746 de

1955 694 2025 763 τῷ
2124 691 2533 749 defectionibus
2567 700 2920 757 manifestum
2963 713 3069 759 est.
3124 706 3265 762 Cum
3323 712 3468 765 enim
3525 713 3711 771 deticit

434 785 678 852 ἀπογείῳ
707 783 901 851 αὐτῆς,
926 782 1211 853 πόρρωθέν
1248 784 1363 834 ἐστι
1398 783 1499 849 τῆς
1530 783 1654 851 γῆς,
1691 786 1785 835 καὶ
1811 782 2022 851 ταχέως

433 876 801 942 ἑκλάμπεται,
832 876 908 939 ὡς
941 877 1003 928 τὸ
1061 874 1569 944 λεπτομερέστερον
1622 874 1786 943 μέρος
1810 875 2021 943 διερχοο

436 969 572 1034 μένη
600 968 699 1037 τῆς
743 969 901 1029 σκιᾶς
925 981 938 993 ’
971 967 1058 1019 ὅτε
1084 966 1141 1018 δὲ
1172 968 1230 1018 ὲν
1265 966 1343 1035 τῷ
1376 966 1664 1036 περιγείῳ,
1689 965 2019 1036 ἐμϐραδύνει

434 1062 499 1129 τῇ
555 1060 821 1126 ἐκλείψει,
892 1056 966 1121 ὡς
999 1058 1056 1109 τὸ
1120 1056 1431 1126 παχύτερον
1490 1057 1655 1125 μέρος
1708 1057 1807 1123 τῆς
1862 1057 2021 1118 σκιᾶς

432 1151 788 1221 διερχομένη.
820 1152 895 1203 Οὐ
934 1149 1041 1220 μὴν
1071 1149 1211 1202 ἀλλὰ
1240 1151 1334 1202 καὶ
1368 1152 1429 1202 ἐκ
1460 1149 1670 1201 πολλῶν
1696 1148 1874 1203 ἄλλων
1908 1147 2017 1201 δεί-

434 1261 630 1295 κνοται
656 1245 723 1294 τὰ
749 1241 1121 1313 περατοῦσθαι
1151 1241 1210 1293 τὸ
1246 1243 1344 1313 τῆς
1379 1243 1481 1310 γῆς
1517 1241 1784 1310 σκίασμα.
1819 1240 1879 1294 Εἰ
1910 1243 2018 1312 γὰρ

433 1334 520 1383 ἐπ’
543 1334 774 1401 ἄπειρον
823 1334 1041 1403 προῄει,
1085 1333 1368 1397 έσκότιζεν
1419 1333 1485 1385 ἂν
1512 1331 1613 1383 οὐκ
1639 1330 1855 1399 ὀλίγους
1890 1332 2017 1394 τοὺς

431 1426 696 1494 ἀστέρων,
734 1425 829 1477 καὶ
854 1424 975 1477 καθ’
1012 1425 1253 1494 ἑκάστην
1289 1424 1459 1477 νύκτα
1486 1423 1760 1476 ἐκλείπειν
1790 1423 2016 1485 τούτους

432 1520 637 1569 ὲποὲει·
676 1519 768 1571 νῦν
803 1518 860 1569 δὲ
893 1519 953 1570 οὐ
1012 1519 1263 1585 φαίνεταί
1309 1534 1361 1570 τι
1409 1517 1673 1571 τοιοῦτον.
1708 1518 1845 1586 Περὶ
1883 1515 2016 1567 ταύ-

428 1628 524 1677 της
554 1613 607 1663 δὲ
637 1611 737 1678 τῆς
769 1611 934 1671 σκιᾶς
969 1626 1105 1678 φησι
1126 1612 1217 1663 καὶ
1247 1611 1273 1661 6
1300 1612 1534 1681 ποιητής
1565 1628 1579 1642 ο

447 1727 548 1774 Ἐν
585 1721 636 1772 δ’
667 1722 835 1800 Ense"
856 1720 1099 1800 ὡκεᾳιςῷ
1125 1723 1407 1800 λαμπρὸν
1420 1720 1588 1800 “satior;
1618 1720 1871 1800 ἠελίοιο,

429 1792 650 1844 “liuor
699 1794 891 1847 νύκτα
932 1792 1232 1858 μέλαιναν
1280 1792 1378 1842 ἐπὶ
1411 1789 1689 1857 ζείδωρον
1717 1791 2006 1858 ἄρουραν.

2126 782 2180 836 in
2219 798 2318 839 sua
2358 787 2597 842 maxima
2629 804 2658 843 a
2684 799 2830 846 terra
2861 796 3148 862 distantia,
3181 807 3311 855 tunc
3348 805 3459 858 cito
3516 822 3710 864 rursus

2124 876 2491 946 illuminatur,
2528 895 2593 936 eo
2618 885 2763 952 quod
2817 889 3194 956 angustiorem
3242 893 3450 948 umbrae
3495 908 3706 964 partem

2120 972 2342 1028 transit.
2392 972 2622 1040 Quando
2653 984 2834 1030 autem
2870 981 2923 1033 in
2958 998 3056 1037 sua
3108 985 3336 1040 minima
3380 1003 3409 1041 a
3443 998 3587 1043 terra
3626 994 3707 1047 di-

2120 1068 2345 1130 stantia,
2402 1069 2808 1125 diuturniorem
2862 1072 3224 1131 defectionem
3292 1080 3522 1149 patitur,
3570 1084 3707 1151 quia

2121 1156 2369 1211 latiorem
2436 1162 2642 1215 umbra:
2698 1172 2911 1232 partem
2968 1168 3188 1224 transit.
3267 1170 3331 1225 Et
3401 1189 3467 1227 ex
3520 1175 3708 1233 multis

2121 1248 2245 1303 aliis
2286 1252 2601 1307 ostenditur
2653 1259 2933 1313 terminari
2979 1270 3138 1316 terra:
3168 1264 3439 1320 umbram.
3467 1267 3524 1323 Si
3551 1269 3702 1324 enim

2122 1341 2178 1394 in
2214 1340 2490 1397 infinitum
2538 1349 2894 1416 procederet,
2955 1355 3312 1411 obumbraret
3365 1374 3471 1414 non
3506 1376 3710 1429 paucas

2121 1433 2331 1497 stellas,
2357 1443 2409 1489 et
2438 1437 2667 1507 singulis
2695 1444 2947 1501 noctibus
2967 1461 3156 1502 earum
3183 1449 3506 1507 defectionis
3537 1469 3707 1509 causa

2118 1526 2444 1593 exsisteret;
2476 1529 2613 1583 nihil
2646 1540 2825 1588 autem
2857 1535 3169 1604 huiusmodi
3202 1556 3348 1596 nunc
3366 1552 3591 1613 apparet
3633 1547 3708 1602 De

2116 1611 2208 1666 illa
2264 1624 2444 1669 autem
2493 1619 2686 1674 umbra
2748 1635 2907 1692 poeta
2954 1626 3086 1682 dicit
3123 1646 3137 1682 :
3179 1647 3199 1680 ι
3235 1611 3455 1688 Oceano
3511 1637 3707 1691 incidit

2115 1703 2326 1758 clarum
2364 1709 2499 1762 solis
2537 1712 2739 1777 lumen,
2802 1724 3019 1770 noctem
3070 1719 3365 1775 obscuram
3425 1726 3705 1784 adducens

2116 1795 2170 1847 in
2206 1794 2415 1851 fertiles
2450 1814 2630 1867 agros.
2679 1819 2699 1852 ι
2742 1800 2847 1857 Sed
2900 1819 2966 1858 ex
2998 1804 3101 1861 hoc
3135 1823 3349 1879 quoque
3414 1810 3703 1872 manifesta

439 1883 598 1935 Ἀλλὰ
637 1886 731 1935 καὶ
757 1886 821 1934 ὲκ
845 1882 999 1934 τοῦδε
1051 1882 1213 1950 δῆλον
1254 1881 1315 1933 τὸ
1352 1882 1446 1934 τοῦ
1485 1882 1635 1951 ἡλίου
1668 1883 1903 1951 μέγεθος
1925 1900 1938 1913 ⁸
1970 1886 2003 1953 ἡ
2037 1872 2079 1928 Β
2110 1894 2195 1940 est

1970 1886 2003 1953 ἡ
2037 1872 2079 1928 Β
2110 1894 2196 1940 est
2253 1888 2392 1941 solis
2466 1893 2831 1960 magnitudo:
2892 1894 3045 1950 Luna
3106 1872 3212 1955 sub
3250 1872 3448 1960 ass-tito
3491 1910 3702 1977 tropico

428 1975 627 2040 σελήνη
690 1974 796 2025 ὑπὸ
855 1974 948 2026 τὸν
996 1973 1206 2043 θερινὸν
1242 1977 1417 2026 κεῖται
1460 1974 1759 2044 τροπικόν·
1807 1976 2009 2029 ὁπόταν

424 2062 519 2117 οὖν
556 2070 580 2117 ὁ
605 2066 757 2133 ἣλιος
791 2067 973 2118 ἐκεῖσε
1016 2068 1264 2135 γένηται,
1299 2064 1440 2117 κατὰ
1474 2066 1823 2135 μεσημϐρίαν
1842 2067 2009 2120 ἄσκια

424 2160 571 2211 ποιεῖ
596 2175 664 2209 τα
699 2161 876 2210 ἐκεῖσε
913 2158 1144 2227 σώματα
1173 2159 1267 2209 ἐπὶ
1320 2157 1569 2221 σταδίους
1629 2159 2005 2228 τριακοσίους.

428 2254 635 2319 Ἥγουν
664 2254 689 2303 6
711 2251 934 2313 κύκλος,
954 2249 1012 2302 ὃν
1034 2251 1413 2318 διαπορεύεται
1437 2252 1464 2303 6
1487 2251 1659 2319 ἥλιος,
1698 2249 2007 2319 μυριοπλα-

426 2348 560 2399 σίων
588 2348 704 2397 ἐστὶ
731 2346 829 2413 τῆς
881 2346 1004 2413 γῆς,
1041 2345 1134 2397 καὶ
1166 2346 1225 2396 τὸ
1260 2345 1425 2411 μέρος
1450 2344 1546 2395 τοῦ
1574 2344 1777 2396 κύκλου
1814 2344 2004 2397 τούτου

429 2438 695 2508 ὖπερέχει
728 2438 787 2489 τὸ
813 2436 903 2488 τοῦ
942 2438 1092 2505 ἡλίου
1132 2437 1361 2504 μέγεθος
1384 2453 1396 2466 ’
1434 2437 1828 2507 μυριοπλάσιον
1860 2432 2004 2489 εἶναι

420 2532 501 2583 δεῖ
531 2530 627 2582 τοῦ
683 2529 1015 2589 δολωθέντος
1077 2528 1177 2595 τῆς
1220 2527 1324 2595 γῆς
1362 2530 1651 2597 τμήματος
1685 2543 1699 2558 ⁸
1740 2527 1802 2578 τὸ
1828 2527 1882 2578 δὲ
1907 2525 2001 2578 τοῦ

422 2624 573 2686 ἡλίου
598 2622 781 2688 σχῆμα
816 2620 895 2671 ὅτι
929 2620 1043 2669 ἐστὶ
1076 2618 1443 2685 σφαιροειδὲς,
1479 2618 1743 2680 ὡσαύτως
1776 2616 2003 2669 καὶτῶν

422 2712 625 2764 λοιπῶν
652 2713 710 2764 ὲν
739 2710 955 2779 οὐρανῷ
994 2710 1287 2778 σώματων,
1320 2708 1622 2778 πρόδηλον,
1646 2709 1721 2772 ὡς
1755 2709 1997 2779 εἴρηται,

420 2805 513 2856 καὶ
532 2802 764 2869 σαφέστε
778 2817 868 2869 ρον
884 2803 941 2852 ὲν
957 2799 1034 2865 τῷ
1056 2798 1194 2868 περὶ
1214 2800 1490 2868 σχήματος
1511 2800 1653 2869 λόγῳ
1673 2800 1995 2869 ῥηθήσεται.

611 2892 714 2956 κζ’.
752 2892 892 2959 Περὶ
938 2889 1047 2957 τῆς
1079 2890 1184 2943 τοῦ
1226 2890 1407 2956 ἡλίου
1436 2890 1791 2958 ἐκλείψεως.

499 2986 563 3037 ’11
596 2984 689 3036 τοῦ
734 2984 886 3053 ἡλίου
918 2982 1155 3050 ἔκλειψις
1199 2980 1431 3047 γίνεται,
1471 2982 1576 3061 ,ὅτε
1605 2984 1636 3049 ἡ
1674 2982 1873 3052 σελήνη
1904 2979 1996 3035 τὸν

416 3078 566 3143 ἣλιον
604 3078 660 3127 ἐν
692 3075 894 3141 συνόδῳ
929 3073 1241 3143 ύποδρὰμῃ.
1285 3077 1360 3141 μὴ
1394 3072 1594 3139 ἔχουσα
1623 3071 1823 3133 πλάτος
1857 3072 1995 3138 πρὸς

415 3131 506 3219 τὸν
582 3166 847 3230 ζωδιακὸν
893 3167 1113 3216 κύκλον.
1146 3161 1462 3230 Τηνικαῦτα
1497 3162 1608 3231 γὰρ
1636 3163 1993 3230 ἀντιφράττει

414 3258 535 3317 ταῖς
569 3256 781 3306 ἁκτίσιν
815 3252 1004 3315 αὑτοῦ,
1041 3250 1180 3303 ὥστε
1240 3251 1314 3321 μὴ
1362 3250 1693 3303 καταλαϐεῖν
1738 3252 1836 3320 τὴν
1868 3253 1990 3319 τῆν’

416 3348 517 3399 Διά
545 3346 704 3399 τοῦτο
749 3346 837 3399 ἀεὶ
872 3347 929 3396 ὲν
963 3345 1163 3413 συνόδῳ
1195 3344 1405 3411 γίνεται
1431 3344 1462 3412 ἡ
1491 3343 1690 3413 ἡλιακὴ
1721 3344 1988 3413 ἔκλειψις,

415 3440 556 3510 πλὴν
607 3440 705 3508 τῆς
760 3440 1057 3506 γενομένης
1082 3438 1177 3488 ἐπὶ
1222 3436 1313 3488 τοῦ
1350 3436 1619 3505 σωτηρίου
1652 3436 1858 3499 πάθους
1891 3436 1986 3488 τοῦ

417 3533 622 3602 Κυρίου
654 3532 842 3599 ἡμῶν
880 3529 1065 3599 ἐκείνη
1090 3530 1201 3599 γὰρ
1230 3527 1545 3597 παραδόξως
1574 3530 1632 3580 ὲν
1662 3527 1987 3599 πανσελήνῳ

412 3625 654 3690 γέγονεν.
681 3625 744 3675 Δί
777 3623 833 3674 δὲ
864 3621 1145 3689 ἐκλείψεις
1181 3621 1314 3672 ποτὲ
1349 3620 1449 3688 μὲν
1485 3620 1738 3684 καθόλου,
1769 3620 1901 3673 ποτὲ
1930 3621 1987 3673 δὲ

412 3716 641 3783 μερικαὶ
666 3715 909 3781 γίνονται
935 3729 949 3743 ⁶
1008 3711 1238 3765 καθόλου
1276 3712 1398 3781 μὲν,
1424 3710 1514 3763 ὅτε
1546 3712 1664 3774 ὅλος
1704 3713 1730 3763 6
1764 3712 1987 3781 ἡλιακδς

409 3806 606 3869 κύκλος
634 3804 1018 3876 ἐπισκοτισθῇ,
1061 3805 1207 3859 κατὰ
1260 3806 1491 3857 κάθετον
1524 3804 1833 3871 γεγονότων
1875 3803 1986 3856 τῶν

407 3900 647 3965 κέντρων
680 3896 776 3948 τοῦ
808 3913 865 3947 τε
889 3897 1042 3966 ἡλίου
1070 3900 1285 3965 καὶτῆς
1317 3897 1547 3964 σελήνης
1574 3911 1588 3926 ο
1634 3894 1860 3965 μερικαί
1902 3893 1982 3960 δὲ,

405 3991 494 4041 ὅτε
537 3992 702 4058 μέρος
754 3987 948 4041 τούτου
995 3987 1245 4058 ἑκλείψῃ.
1277 3989 1392 4040 Οὺκ
1442 3990 1500 4038 ὲν
1537 3987 1687 4057 πάσῃ
1721 3988 1775 4039 δὲ
1800 3990 1866 4057 τῇ
1898 3988 1981 4040 ol-

404 4084 649 4153 κουμένῃ
695 4083 723 4133 ὁ
776 4082 928 4150 ἥλιος
996 4080 1270 4133 ἐκλείπων
1326 4080 1598 4147 φαίνεται,
1630 4079 1767 4134 ἀλλὰ
1825 4079 1983 4148 παρὰ

405 4176 598 4244 μέρεσι
618 4190 751 4225 τισι.
786 4174 896 4226 Καὶ
929 4173 1039 4244 γὰρ
1066 4172 1303 4226 ἐνταῦθα
1333 4174 1426 4225 ἐπὶ
1448 4173 1547 4240 τῆς
1571 4172 1665 4224 τοῦ
1692 4171 1981 4242 Κομνηνοῦ

403 4266 684 4335 βασιλείας
712 4267 834 4328 ὅλος
872 4265 1133 4333 ὲκλείψας
1164 4265 1299 4334 πρὸς
1345 4264 1599 4333 δυσμαῖς,
1630 4266 1689 4315 ὲν
1718 4263 1978 4333 Αἰγύπτῳ

398 4361 498 4429 οὐχ
525 4360 662 4422 ὅλως
688 4358 955 4422 ἐξέλιπεν,
987 4357 1062 4419 ὡς
1107 4359 1284 4409 ἐκεῖσε
1315 4354 1708 4426 παραγεγονὼς
1737 4355 1975 4426 ἠκριϐω-

401 4453 605 4521 σάμην.
632 4451 697 4502 ΟΞ
726 4447 819 4501 οὖν
855 4447 1230 4517 μαθηματικοὶ
1253 4447 1377 4500 ὅσον
1401 4449 1538 4499 κατὰ
1560 4448 1617 4499 τὸ
1648 4447 1976 4515 φαινόμενον

2108 1977 2257 2044 jacet
2290 1996 2303 2031 :
2336 1983 2556 2048 quando
2583 1984 2757 2052 igitur
2795 1989 2878 2042 sol
2918 1989 3048 2044 illuc
3109 1996 3381 2060 pervenit,
3436 2000 3699 2058 umbrosa

2112 2069 2245 2124 facit
2291 2089 2351 2126 ca
2396 2090 2519 2144 quae
2570 2078 2684 2133 illic
2739 2080 2844 2134 sita
2893 2092 3025 2136 sunt
3051 2099 3287 2154 corpora
3321 2096 3695 2151 trecentorum

2110 2162 2413 2218 stadiorum
2460 2168 2660 2236 Spatio.
2697 2168 2950 2227 Circulus
2987 2189 3149 2244 porro
3181 2193 3346 2248 quem
3379 2184 3461 2237 sol
3515 2194 3700 2242 trans-

2108 2251 2170 2315 it,
2222 2253 2406 2311 decies
2464 2259 2664 2315 millies
2717 2262 2894 2332 major
2945 2277 3089 2319 terra
3121 2277 3226 2334 est,
3268 2281 3323 2326 et
3357 2275 3552 2331 circuli
3595 2279 3698 2334 hu-

2100 2342 2193 2413 jus
2262 2354 2471 2415 partem
2524 2366 2647 2420 quae
2677 2353 2813 2408 solis
2843 2358 3281 2426 magnitudinem
3314 2373 3465 2420 tenet
3509 2368 3695 2426 decies

2106 2434 2309 2491 millies
2357 2439 2621 2508 majorem
2673 2459 2797 2499 esse
2824 2458 3041 2515 Oportet
3072 2464 3236 2517 quam
3272 2456 3689 2522 przeindicatuut
3758 2464 3761 2467 ’

2105 2532 2267 2580 terra:
2326 2531 2582 2597 spatium.
2631 2534 2773 2591 Solis
2828 2550 3011 2593 autem
3075 2541 3310 2600 formam
3352 2549 3580 2619 sphaera:
3619 2553 3697 2606 si-

2104 2619 2289 2672 milem
2318 2638 2441 2676 esse
2471 2633 2529 2676 ut
2561 2633 2617 2679 et
2651 2637 2978 2684 ceterorum
3013 2633 3067 2686 in
3094 2636 3237 2691 caelo
3261 2654 3554 2709 corporum
3578 2660 3694 2700 ma-

2103 2706 2360 2792 nifestum
2394 2722 2493 2775 est,
2524 2722 2585 2767 ut
2612 2716 2873 2784 diximus,
2920 2728 2975 2776 et
3023 2723 3232 2782 clarius
3284 2706 3583 2789 ill—0081M)
3622 2735 3693 2792 de

2102 2780 2276 2850 forma
2315 2816 2479 2868 opere
2509 2806 2741 2861 dicitur.

2556 2897 2648 2951 27.
2712 2898 2787 2955 De
2827 2904 2958 2959 solis
3000 2905 3229 2976 defectu.

2172 2982 2315 3041 Solis
2341 2985 2577 3043 defectio
2631 2994 2852 3057 accidit,
2879 3002 3101 3065 quando
3133 3004 3261 3058 luna
3297 3008 3468 3063 solem
3541 3015 3691 3070 subit

2099 3076 2152 3129 in
2204 3092 2529 3146 congressu,
2586 3096 2695 3134 non
2736 3084 2945 3142 habens
2993 3089 3341 3149 latitudinem
3377 3100 3445 3152 ad
3478 3102 3672 3157 zodia-

2100 3185 2248 3222 cum.
2301 3168 2458 3225 'l‘unc
2503 3173 2648 3226 enim
2699 3176 2821 3244 ejus
2875 3181 3049 3235 radiis
3124 3189 3444 3256 Opponitnr,
3520 3194 3681 3250 itaut

2100 3259 2165 3313 ad
2207 3269 2406 3314 terram
2452 3279 2560 3318 non
2596 3268 2938 3334 perveniant.
2979 3272 3108 3329 Ideo
3187 3292 3404 3349 semper
3446 3284 3499 3338 in
3547 3300 3684 3341 con-

2098 3368 2290 3422 gressu
2350 3357 2554 3413 accidit
2615 3362 2749 3416 solis
2780 3363 3048 3433 defectio,
3112 3382 3341 3442 excepta
3386 3386 3567 3433 tamen
3616 3396 3683 3435 ea

2094 3458 2216 3511 quze
2241 3443 2521 3503 Passionis
2552 3448 2765 3505 Domini
2800 3457 2975 3510 nostri
3008 3466 3254 3526 tempore
3314 3466 3538 3520 accidit.
3582 3468 3680 3523 llla

2092 3535 2237 3587 enim
2285 3537 2457 3605 plenas
2517 3539 2661 3595 lunae
2712 3551 2960 3614 tempore
3011 3549 3335 3608 mirabiliter
3383 3555 3528 3612 facta
3572 3569 3679 3615 est.

2092 3624 2444 3684 Defectiones
2466 3645 2599 3685 vero
2629 3634 2764 3689 solis
2810 3651 2958 3692 nunc
3026 3644 3336 3711 completas,
3388 3663 3537 3704 nunc
3597 3651 3683 3705 in-

2091 3718 2378 3786 complem
2439 3720 2578 3776 tiunt
2626 3735 2640 3777 :
2674 3728 2960 3798 completas
2998 3734 3217 3800 quidem
3251 3740 3470 3804 quando
3530 3749 3679 3797 totus

2093 3806 2294 3865 solaris
2348 3813 2597 3871 circulus
2625 3819 3011 3890 obumbratur,
3036 3827 3175 3882 solis
3201 3837 3255 3883 et
3291 3831 3436 3887 lunm
3470 3838 3679 3889 centris

2088 3899 2394 3953 secundum
2457 3902 2654 3959 lineam
2716 3914 3223 3980 perpendicularem
3262 3901 3411 3988 sitis;
3466 3924 3679 3979 incom-

2088 3989 2246 4055 plela:
2274 4008 2401 4046 vero
2454 3999 2677 4064 quando
2730 4001 2894 4071 hujus
2951 4020 3079 4073 pars
3122 4016 3336 4065 tantum
3375 4013 3675 4070 obumbra-

2088 4084 2199 4133 tur.
2246 4078 2365 4135 Non
2409 4097 2590 4140 autem
2645 4104 2748 4157 per
2802 4101 2972 4148 totam
3029 4104 3228 4152 terram
3285 4105 3366 4156 sol
3403 4104 3671 4161 deficiens

2084 4184 2331 4241 apparet,
2363 4177 2458 4231 sed
2512 4188 2725 4235 tantmu
2807 4187 3139 4255 quibusdam
3213 4191 3266 4245 in
3341 4194 3499 4250 locis.
3563 4198 3672 4253 Re-

2081 4275 2280 4331 gnante
2328 4269 2473 4321 enim
2506 4268 2788 4330 Comneno
2824 4288 2972 4333 totus
3020 4280 3073 4334 iu
3113 4284 3403 4341 oecidente
3437 4291 3519 4342 sol
3573 4289 3672 4343 de-

2081 4352 2231 4419 fecit,
2283 4358 2337 4413 in
2362 4359 2737 4433 Egyptouon
2786 4371 3016 4425 omnino
3070 4372 3294 4440 defecit,
3349 4388 3407 4432 ut
3436 4394 3539 4450 ego
3591 4383 3668 4436 ibi

2082 4455 2209 4501 tunc
2257 4463 2483 4506 versans
2535 4457 2920 4514 animadverti.
2976 4462 3344 4522 Mathematici
3393 4470 3559 4538 igitur
3596 4490 3666 4528 ex

397 4547 476 4605 εἰς
510 4542 576 4610 ιβ’
637 4541 939 4602 δακτύλους
970 4541 1071 4609 τὴν
1118 4540 1269 4608 ἡλίου
1335 4540 1429 4591 καὶ
1496 4540 1728 4608 σελήνης
1778 4540 1972 4590 διεῖλον
2008 4566 2048 4619 υ
2085 4553 2152 4607 ap

1908 4557 1972 4590 ,ον
2008 4566 2048 4619 ο
2085 4544 2483 4609 apparentibus
2525 4550 2877 4617 superficiem
2915 4556 3051 4609 solis
3080 4557 3302 4611 etlunre
3366 4559 3420 4613 in
3454 4561 3664 4618 duode-

396 4636 720 4701 ἐπιφάνειαν
742 4647 756 4660 ·
786 4633 882 4685 καὶ
905 4633 955 4683 εἰ
987 4633 1086 4699 μὲν
1120 4631 1433 4700 καθ’ἥμισυ
1460 4632 1683 4698 γένηται
1724 4632 1755 4699 ἡ
1789 4632 1973 4682 ἔκλει-

393 4727 507 4792 ψις,
528 4723 887 4787 ἑξαδάκτυλον
922 4723 1125 4789 ταύτην
1158 4723 1518 4789 ὀνομάζουσιν
1540 4739 1552 4752 ·
1595 4725 1643 4774 εί
1673 4722 1727 4774 δὲ
1756 4722 1897 4774 κατὰ
1916 4723 1976 4774 τὸ

359 4790 611 4884 Ἰτρίτον,
666 4814 1131 4885 τετραδάκτυλον,
1208 4815 1301 4866 καὶ
1363 4814 1640 4881 ἀναλόγως
1725 4814 1817 4866 ἐπὶ
1866 4814 1973 4866 τῶν

393 4911 616 4965 λοιπῶν.

391 5023 497 5095 κη’.
556 5024 690 5092 Ur}!
750 5024 966 5089 οὖα-ἀς
1017 5024 1123 5095 καὶ.
1159 5020 1483 5090 φωτισμῶν
1543 5026 1817 5087 σελήνης
1871 5026 1969 5077 καὶ

1002 5092 1340 5159 σχήματος.

460 5187 521 5237 Εἰ
552 5186 647 5239 καὶ
668 5186 717 5237 οι
759 5184 1185 5254 Ἀριστοτελικοὶ
1222 5185 1474 5251 πέμπτον
1516 5184 1780 5241 ὑπέθεντο
1807 5189 1966 5257 σῶμα

388 5279 478 5331 τὸν
510 5278 757 5347 οὐρανὸν,
784 5277 900 5329 ἀλλ’
932 5274 1024 5330 οὗν
1056 5276 1401 5345 ὁμολογοῦσι,
1447 5277 1591 5347 μέρη
1645 5281 1744 5349 μὲν
1798 5282 1965 5336 αὐτοῦ

385 5367 526 5424 εἶναι
544 5370 848 5441 παχύτερα,
867 5371 963 5422 καὶ
978 5368 1215 5438 μάλιστα
1238 5371 1306 5422 τὰ
1325 5373 1391 5440 τῇ
1411 5374 1482 5440 γῇ
1511 5374 1962 5441 προσεγγίζοντα,

389 5466 528 5534 μέρη
563 5463 620 5515 δὲ
658 5463 981 5532 λεπτότερα,
1021 5462 1093 5514 τὰ
1121 5463 1330 5516 ἄνωθεν
1370 5482 1463 5517 και
1509 5464 1838 5535 πορρώτερα
1864 5474 1962 5537 τῆς

386 5558 510 5625 γῆς.
554 5555 617 5609 Ἦ
642 5553 771 5623 γοῦν
790 5556 1009 5627 σελήνη,
1035 5556 1113 5627 τῷ
1137 5557 1192 5607 ἐν
1210 5557 1424 5623 γενέσει
1448 5559 1541 5611 καὶ
1578 5559 1755 5629 φθορᾷ
1784 5560 1958 5628 τούτῳ

387 5648 576 5716 κόσμῳ
622 5646 1019 5717 πλησιάζουσα,
1048 5648 1175 5700 ὀὐκ
1220 5647 1451 5718 ἄμοιρος
1509 5649 1619 5701 οὐδ’
1685 5651 1959 5721 ἀμέτοχος

385 5740 710 5811 κατελείφθη
745 5739 853 5792 τῶν
908 5742 1098 5795 τούτου
1123 5741 1330 5803 κακῶν.
1378 5740 1515 5795 ἀλλὰ
1565 5744 1794 5811 παχεῖαν
1853 5745 1952 5798 καὶ

383 5833 579 5887 ὡσανεὶ
623 5832 802 5896 γεώδη
848 5834 945 5898 τὴν
1004 5833 1301 5888 ὑπόστασιν
1354 5835 1489 5904 ἔχει,
1526 5837 1632 5890 Καὶ
1682 5836 1743 5889 οὐ
1774 5838 1950 5908 πάντη

2078 4631 2181 4683 cim
2209 4630 2410 4701 digitos
2464 4636 2801 4707 diviserunt;
2873 4644 2918 4697 si
2961 4646 3179 4714 quidem
3210 4649 3445 4706 defectio
3497 4654 3657 4707 dimi-

2077 4720 2162 4774 dia
2192 4734 2296 4789 est,
2325 4741 2445 4780 eam
2473 4742 2597 4784 esse
2653 4746 2748 4786 sex
2810 4734 3105 4804 digitorum
3157 4739 3390 4807 dicunt;
3430 4744 3478 4799 si
3528 4760 3661 4801 vero

2079 4816 2234 4867 tertia
2297 4827 2453 4885 parte
2487 4820 2626 4876 solis
2648 4830 2754 4887 est,
2785 4837 3021 4894 quatuor
3047 4827 3369 4900 digitorum,
3401 4842 3460 4890 et
3503 4837 3663 4894 simiv

2077 4903 2199 4960 liter
2218 4907 2285 4960 de
2310 4912 2528 4966 caeteris
2552 4907 2940 4972 divisionibus.

2239 5020 2329 5074 28.
2362 5020 2440 5076 De
2471 5028 2799 5093 substantia,
2825 5031 3025 5085 lumine
3048 5042 3101 5085 et
3145 5033 3319 5101 forma
3356 5036 3516 5093 tunc.

2145 5188 2258 5245 Etsi
2296 5192 2635 5250 Aristotelici
2661 5208 2974 5268 supponant
3000 5200 3202 5255 caalum
3234 5218 3357 5258 esse
3387 5206 3644 5274 quintum

2068 5297 2293 5352 corpus,
2346 5292 2527 5340 tamen
2590 5291 2966 5355 consentiunt.
3017 5302 3198 5360 partes
3249 5296 3467 5364 quidem
3526 5300 3653 5367 ejus

2070 5376 2208 5432 alias
2243 5392 2363 5432 esse
2411 5381 2713 5437 crassiores
2776 5385 3191 5455 presertimque
3228 5403 3398 5456 prope
3443 5398 3646 5444 terram

2066 5468 2223 5532 sitas,
2258 5470 2396 5524 alias
2440 5486 2571 5526 vero
2622 5473 2876 5540 leviores,
2902 5491 2997 5530 eas
3027 5492 3223 5547 nempe
3259 5496 3381 5548 quae
3424 5496 3646 5539 sursum

2064 5571 2192 5614 sunt
2221 5568 2275 5614 et
2309 5562 2486 5630 magis
2512 5579 2541 5617 a
2584 5572 2729 5619 terra
2764 5578 3007 5623 remotae.
3044 5568 3198 5625 Luna
3231 5573 3416 5641 igitur,
3451 5575 3551 5628 toti
3588 5579 3641 5629 in

2061 5652 2414 5722 generatione
2452 5663 2506 5707 et
2530 5658 2880 5724 corruptione
2917 5659 3049 5714 huic
3077 5662 3282 5716 mundo
3307 5666 3639 5735 propinqua,

2061 5749 2223 5816 hujus
2251 5764 2468 5819 quoque
2504 5753 2689 5807 mundi
2730 5755 3002 5810 malorum
3040 5771 3150 5810 non
3211 5771 3408 5826 expers
3459 5774 3637 5829 neque

2062 5841 2323 5898 immunis
2373 5844 2679 5899 constituta
2720 5854 2824 5916 est,
2854 5847 2948 5903 sed
2988 5862 3229 5904 crassam
3253 5858 3306 5906 et
3338 5851 3500 5920 quasi
3528 5861 3637 5909 ter-
