4446 6446
815 383 920 447 80⁵1

2064 376 2494 438 MICHAELIS
2530 378 2799 440 PSELLI

3974 400 4079 464 808

817 505 1052 550 restrem
1104 492 1268 548 habet
1316 486 1703 545 substantiam.
1741 488 1927 560 Neque
1987 502 2117 544 vero
2170 489 2396 544 omnino
2424 492 2572 559 Αὸμ

2327 503 2396 543 n0
2424 492 2477 552 Α
2501 491 2682 560 ὁμαλὴ
2729 492 2797 544 δι’
2825 491 2946 545 ὅλου
2974 492 3142 561 αὐτῆς
3179 496 3271 550 τοῦ
3316 497 3569 569 σώματός
3610 504 3781 570 ἐστιν,
3813 509 3927 562 ἀλλ’
3964 514 4077 566 ἐστι

818 586 1051 657 aequalis
1085 593 1169 639 cst
1214 598 1311 654 per
1350 592 1525 638 totum
1559 598 1719 639 suum
1741 597 1972 652 corpus.
2017 582 2113 637 sed
2148 580 2392 652 quasdam

817 681 941 753 ejus
975 688 1160 748 partes
1214 678 1335 731 luce
1367 686 1557 731 carent
1591 684 1643 730 et
1677 676 1931 730 obscurae
1990 682 2139 740 sunt,
2202 672 2397 728 medias

819 775 1048 829 scilicet.
1089 770 1152 824 Et
1173 769 1633 842 quemadmodum
1696 784 1760 825 ea
1813 785 1935 839 qua:
1986 778 2284 823 nascuntur
2342 775 2396 823 et

816 875 1249 936 corrumpuntur
1292 864 1509 917 initium
1591 872 1647 917 et
1718 864 2143 923 incrementum,
2209 868 2264 914 et
2318 860 2397 914 vi-

815 967 1089 1028 goremct
1150 956 1488 1011 debilitatem
1551 955 1775 1019 habent,
1829 956 1902 1008 ita
1977 962 2030 1008 et
2099 953 2241 1006 lunze
2302 952 2395 1006 lux

814 1051 989 1104 liniet.
1022 1048 1205 1115 Neque
1265 1062 1397 1101 vero
1437 1048 1785 1102 solummodo
1831 1047 2042 1102 caeteris
2076 1045 2395 1100 coelestibus

814 1140 1140 1210 corporibus
1162 1147 1304 1209 eget,
1339 1140 1433 1193 sed
1460 1150 1513 1192 et
1538 1137 1832 1207 aliquando
1864 1137 1920 1189 in
1956 1136 2205 1190 umbram
2242 1146 2395 1190 terra:

816 1232 1030 1286 incidit.
1086 1231 1284 1286 Delicit
1309 1240 1491 1285 autem
1535 1246 1646 1283 non
1682 1237 1893 1283 tantum
1919 1228 2102 1299 quoad
2138 1238 2392 1283 nostrum

814 1335 1123 1393 aspectum,
1169 1325 1264 1378 sed
1291 1333 1342 1377 et
1384 1326 1500 1392 ipsa
1529 1321 1828 1377 secundum
1882 1322 2165 1391 preprium
2234 1333 2393 1374 suum

813 1415 1019 1468 lumen.
1061 1414 1206 1467 Illam
1266 1423 1450 1468 autem
1489 1430 1516 1467 a
1550 1416 1666 1469 Sule
1719 1414 1901 1466 lumen
1930 1413 2174 1480 recipere
2221 1408 2396 1463 mani—

813 1504 1018 1560 festum
1065 1513 1149 1559 est
1190 1507 1275 1560 vel
1322 1506 1601 1575 paululum
1683 1502 2123 1557 observantibus.
2171 1498 2396 1567 Semper

812 1599 961 1653 enim
1017 1609 1224 1668 partem
1274 1596 1634 1649 illuminatatn
1678 1594 1746 1646 ad
1806 1594 1977 1648 solem
2028 1590 2213 1654 vertit,
2270 1589 2393 1643 ubi-

811 1704 1031 1758 cunque
1071 1692 1165 1743 sit.
1200 1688 1338 1742 Cum
1380 1688 1526 1741 enim
1560 1695 1649 1740 est
1681 1684 1821 1738 infra
1855 1684 2047 1746 sulem,
2074 1691 2269 1736 etcum
2303 1681 2395 1735 illo

811 1782 1188 1851 congreditur,
1242 1781 1364 1848 ejus
1410 1789 1595 1848 partes
1654 1793 1775 1846 qua:
1827 1777 1891 1829 ad
1942 1791 2045 1829 nos
2104 1782 2395 1829 vertuntur

813 1876 1065 1930 obscura:
1098 1881 1249 1938 sunt,
1287 1887 1411 1942 qua:
1432 1886 1566 1925 vero
1603 1884 1793 1923 versus
1845 1868 2040 1931 solem,
2073 1867 2391 1919 illuminatae

815 1977 964 2021 sunt.
1004 1966 1238 2031 Quando
1257 1975 1437 2019 autem
1477 1961 1757 2031 paululum
1791 1975 1817 2011 a
1840 1960 1955 2014 sole
1980 1958 2232 2021 discedit,
2266 1972 2393 2026 pars

815 2061 938 2131 ejus
975 2058 1314 2129 aliquantula
1344 2055 1543 2124 incipit
1580 2052 1907 2114 illuminari,
1958 2062 2012 2106 et
2042 2051 2097 2103 [it
2139 2052 2395 2117 utrinque

815 2162 1075 2218 curvata;
1131 2165 1257 2205 cum
1340 2156 1524 2202 autem
1605 2145 1781 2215 magis
1853 2141 2132 2207 discessit,
2221 2140 2395 2211 magis

811 2246 1152 2302 illuminatur
1186 2252 1239 2297 et
1299 2242 1359 2296 lit
1387 2239 1672 2295 dimidiata
1742 2245 1794 2291 et
1844 2250 2065 2289 rursum
2132 2234 2395 2301 utrinque

813 2347 1041 2394 curvata
1074 2346 1267 2391 etcum
1287 2331 1820 2403 directeOpponitur,
1849 2329 1906 2383 lit
1950 2330 2133 2398 plena.
2163 2326 2393 2393 Quando

813 2431 1015 2486 deinde
1046 2432 1374 2481 diametrum
1439 2436 1823 2494 praeter-gressa
1862 2428 1967 2483 est,
2008 2428 2231 2489 apparet
2264 2434 2392 2471 rur-

816 2536 941 2575 sum
983 2518 1244 2585 utrinque
1302 2526 1554 2578 curvata,
1614 2524 1666 2566 et
1719 2512 1917 2565 deinde
1963 2511 2268 2573 dimidiata,
2343 2518 2397 2564 et

815 2619 1003 2680 postea
1036 2608 1248 2670 lunata,
1280 2612 1335 2659 et
1368 2605 1585 2659 demum
1638 2618 1762 2658 cum
1826 2602 1942 2656 sole
2004 2600 2394 2669 congrediens,

819 2700 982 2757 nobis
1016 2697 1313 2754 invisibilis
1375 2695 1455 2749 ﬁt.
1511 2694 1928 2749 Addubitabant
1990 2700 2206 2746 veteres
2259 2706 2395 2760 quo-

807 2793 983 2848 moda
1028 2793 1292 2846 etlumen
1326 2788 1566 2857 accipiat
1621 2796 1675 2841 et
1708 2787 1890 2839 lumen
1938 2786 1991 2838 in
2030 2790 2229 2838 ter‘ram
2271 2783 2397 2835 mit-

816 2897 913 2938 tat.
992 2884 1049 2935 Et
1124 2882 1179 2933 lii
1218 2879 1440 2948 quidem
1503 2879 1766 2933 dicebant
1806 2876 1927 2945 ejus
1966 2874 2149 2929 lumen
2192 2890 2286 2944 per
2310 2890 2396 2928 rc-

817 2976 1104 3030 llexionem
1149 2972 1406 3042 produci,
1458 2969 1921 3040 quemadmodum
1959 2978 2012 3022 et
2054 2969 2108 3021 in
2154 2968 2392 3035 speculis

813 3084 869 3122 et
910 3068 964 3120 in
1010 3066 1217 3119 levibus
1243 3065 1567 3134 corporibus
1627 3061 1720 3123 lit;
1787 3062 1876 3113 alii
1912 3075 2043 3115 vero
2083 3060 2389 3113 docuerunt

2500 586 2621 639 τινά
2659 588 2791 658 παρ’
2819 590 2955 659 αὐτῇ
2992 590 3133 661 μέρη
3167 593 3344 657 φωτὸς
3372 594 3578 649 ἄδεκτα
3618 604 3713 653 καὶ
3745 600 3977 671 μέλανα,
4009 612 4077 661 τά

2499 678 2586 731 διὰ
2638 680 2807 748 μέσου
2866 683 3072 752 αὺτῆςο
3127 687 3223 738 καὶ
3284 686 3474 760 ὥσπερ
3504 690 3571 742 τὰ
3614 693 3671 745 ὲν
3714 698 3931 762 γενέσει
3983 703 4077 754 καὶ

2500 773 2675 844 φθορᾷ
2706 775 2903 845 ἀρχὴν,
2941 778 3035 830 καὶ
3087 776 3340 848 αὔξησιν,
3374 785 3469 836 καὶ
3522 786 3729 856 ἀκμὴν,
3773 790 3870 841 καὶ
3898 810 4077 862 παρα-

2500 864 2665 934 κμὴν,
2721 864 2862 917 οὕτω
2911 868 3006 919 καὶ
3058 868 3262 937 ταύτης
3314 873 3549 927 τελεῖται
3578 879 3935 948 ὁφωτισμὸς.
3968 885 4077 936 Καὶ

2499 965 2559 1015 οὐ
2597 964 2755 1033 μόνον
2789 964 2847 1016 ὲν
2876 965 3090 1030 τούτοις
3125 969 3353 1022 ὲνδεῖται
3392 971 3502 1025 τῶν
3552 975 3755 1029 λοιπῶν
3809 978 4076 1047 οὐρανίων

2503 1055 2789 1122 σωμάτων,
2833 1055 2969 1107 ἀλλά
3008 1059 3102 1111 καὶ
3139 1062 3402 1130 ἐμπίπτει
3440 1062 3615 1116 ἐνίοτε
3649 1066 3727 1134 τῷ
3778 1070 4073 1137 σκιάσματι

2496 1151 2597 1217 τῆς
2617 1149 2718 1218 γῆς
2739 1166 2754 1180 ⁸
2788 1150 3030 1203 ἐκλείπει
3078 1151 3135 1204 δὲ
3188 1155 3246 1207 οὐ
3283 1156 3419 1225 πρὸς
3453 1156 3549 1227 τὴν
3583 1160 3861 1228 ἡμετέραν
3915 1162 4072 1231 ὄψιν,

2498 1240 2759 1311 καθάπερ
2824 1245 2851 1296 ὁ
2897 1243 3067 1313 ἣλιος,
3100 1244 3219 1297 ἀλλ’
3268 1247 3406 1318 αὐτὴ
3439 1250 3578 1302 κατά
3605 1250 3665 1302 τὸ
3702 1253 3903 1304 οἰκεῖον
3935 1254 4072 1320 φῶς,

2498 1332 2580 1383 ὅτι
2616 1333 2769 1401 παρά
2802 1335 2895 1387 τοῦ
2958 1336 3111 1406 ἡλίου
3150 1338 3365 1408 δέχεται
3400 1341 3460 1393 τὸ
3486 1341 3622 1407 φῶς,
3649 1343 3808 1409 δῆλον
3836 1345 3930 1397 καὶ
3961 1348 4074 1406 τοῖς

2497 1424 2745 1477 ὁπωσοῦν
2800 1429 3199 1497 τετηρηκόσινο
3258 1431 3343 1483 ἀεὶ
3388 1430 3495 1500 γάρ
3545 1431 3605 1483 τὸ
3660 1435 4073 1503 πεφωτισμένον

2503 1518 2671 1587 μέρος
2731 1520 2868 1588 πρὸς
2934 1519 3026 1571 τὸν
3075 1521 3229 1590 ἥλιον
3281 1522 3415 1592 ἔχει,
3485 1522 3611 1577 ἔνθα
3668 1527 3763 1577 καὶ
3816 1526 4069 1596 ὑπάρχει,

2500 1608 2762 1662 Κάτωθεν
2797 1609 2906 1677 γὰρ
2935 1608 3069 1662 οὖσα
3098 1608 3190 1662 τοῦ
3227 1610 3401 1677 ἡλίου,
3438 1612 3527 1663 ὅτε
3554 1612 3848 1682 συνοδεύσῃ
3900 1614 4070 1681 αὐτῷ,

2498 1701 2566 1751 τὰ
2602 1701 2700 1769 μὲν
2732 1700 2871 1771 πρὸς
2901 1702 3049 1770 ἡμᾶς
3100 1699 3274 1770 αὐτῆς
3322 1701 3461 1770 μέρη
3513 1702 3799 1767 ἀφώτιστά
3829 1706 3963 1769 ἐστι,
4005 1704 4072 1756 τΞι

2498 1789 2555 1841 δὲ
2587 1792 2723 1858 πρὸς
2757 1793 2849 1842 τὸν
2876 1792 3028 1860 ἥλιον
3062 1796 3449 1861 πεφωτισμένα
3479 1808 3492 1821 ·
3521 1794 3609 1845 ὅτε
3637 1793 3692 1844 δὲ
3724 1794 3932 1862 ἀποστῇ
3976 1794 4071 1847 τοῦ

2498 1881 2649 1951 ἡλίου
2682 1882 2987 1952 ἐλάχιστον,
3050 1885 3279 1953 ἄρχεται
3332 1887 3522 1956 μόριόν
3556 1904 3610 1938 τι
3632 1886 3727 1938 τοῦ
3760 1887 3896 1955 πρὸς
3924 1888 4072 1957 ἡμᾶς

2499 1975 2698 2043 μέρους
2751 1976 2919 2043 αὐτῆς
2969 1975 3439 2043 καταυγάζεσθαι,
3486 1980 3581 2028 καλ.
3613 1979 3821 2044 γίνεται
3855 1996 4071 2047 μηνοει-

2493 2066 2618 2135 δὴς·
2672 2061 2788 2117 εἶτα
2819 2066 2913 2119 ἐπὶ
2968 2067 3129 2119 πλέον
3180 2069 3487 2131 ἀποστᾶσα,
3540 2067 3703 2120 πλέον
3750 2069 4068 2135 φωτίζεται,

2496 2161 2591 2211 καὶ
2622 2156 2834 2225 γίνεται
2887 2158 3192 2227 διχότομος,
3231 2160 3326 2211 καὶ
3369 2160 3530 2213 πάλιν
3563 2158 3932 2229 ἀμφίκυρτος,
3973 2163 4070 2213 καὶ

2496 2250 2866 2321 διαμετροῦσα
2929 2250 3310 2320 πανσέληνος·
3385 2247 3503 2303 εἶτα
3575 2253 3923 2322 παρελθοῦσα
3971 2252 4069 2324 τὴν

2494 2341 2811 2410 διάμετρον,
2836 2341 3031 2411 ὁρᾶται
3075 2336 3231 2402 αὖθις
3264 2341 3631 2410 ἀμφίκυρτος,
3677 2344 3771 2394 καὶ
3799 2344 3964 2395 πάλιν
3990 2342 4068 2394 δι-

2494 2435 2751 2505 χότομος,
2782 2436 2874 2486 καὶ
2912 2434 3051 2502 μετά
3083 2435 3256 2488 ταῦτα
3296 2436 3598 2506 μηνοειδὴς,
3633 2436 3730 2489 καὶ
3761 2436 3917 2499 τέλος
3940 2453 4036 2487 συν
4056 2462 4070 2476 ο

2497 2527 2759 2581 οδεύουσα
2793 2525 2870 2595 τῷ
2921 2526 3080 2596 ἡλίῳ,
3127 2526 3343 2595 ἀφανὴς
3384 2530 3515 2595 ἡμῖν
3550 2529 3783 2596 γίνεται.
3823 2528 4066 2596 Ἐπηπό-

2500 2637 2628 2690 ρουν
2695 2619 2751 2671 δὲ
2802 2619 2851 2671 el.
2913 2620 3167 2687 ἀρχαῖοι,
3231 2616 3344 2679 πῶς
3395 2617 3609 2685 δέχεται
3645 2620 3741 2670 καὶ
3790 2618 4066 2686 ἐκπέμπει

2497 2711 2732 2764 ἐνταῦθα
2758 2712 2819 2763 τὸ
2859 2710 2996 2779 φῶς.
3030 2710 3139 2763 Καὶ
3167 2711 3214 2762 οἱ
3259 2710 3356 2778 μὲν
3387 2710 3617 2776 ἔφασαν,
3656 2711 3800 2762 κατὰ
3838 2713 4069 2764 ἀντανά-

2496 2804 2689 2856 κλασιν
2723 2801 2972 2870 γίνεσθαι
3005 2801 3209 2870 ταύτης
3240 2800 3377 2868 φῶς,
3414 2800 3602 2869 ὥσπερ
3626 2801 3717 2852 καὶ
3750 2800 3842 2851 ἐπί
3869 2817 3927 2851 τε
3958 2804 4066 2850 τῶν

2496 2897 2823 2965 κατόπτρων
2850 2897 2944 2947 καὶ
2987 2894 3096 2946 τῶν
3145 2893 3304 2945 λείων
3338 2895 3545 2958 γίνεται
3598 2894 3896 2961 σωμάτων*
3939 2896 4065 2946 οίόὲ

2496 2989 2619 3042 καθ’
2653 2988 2920 3059 ὑποδοχὴν
2960 2987 3054 3041 καὶ
3080 2988 3275 3039 ’ἐνωσιν
3294 2985 3481 3048 ἔδοξαν
3507 2986 3674 3055 αὐτὴν
3710 2986 4062 3054 φωτίζεσθαι,

2495 3081 2591 3134 καὶ
2622 3083 2681 3133 τὸ
2713 3081 2813 3150 μὲν
2834 3082 2953 3133 κατ’
2997 3079 3394 3133 ἀντανάκλασιν
3424 3077 3519 3129 ἀπ’
3550 3078 3722 3146 αὐτῆς
3774 3080 4066 3146 γινομένην

812 3176 933 3215 eam
976 3174 1072 3228 per
1118 3157 1510 3211 admissionem
1547 3161 1600 3208 et
1639 3153 1895 3205 unionem
1946 3149 2276 3215 illuminari;
2310 3160 2391 3202 at-
2417 3176 2457 3235 ε
2494 3190 2568 3241 φα

2310 3160 2391 3202 δι’
2417 3176 2457 3235 C
2494 3171 2750 3241 φωτίζειν
2798 3172 3007 3241 αὑτήν·
3058 3169 3283 3222 πιθανὸν
3348 3169 3447 3237 μὲν
3492 3170 3603 3231 τοῖς
3645 3168 3941 3230 πλείστοις,
3967 3169 4066 3221 οὐκ

814 3271 921 3324 que
957 3270 1078 3309 eam
1116 3250 1420 3307 illuminari
1462 3262 1561 3317 per
1596 3244 1973 3308 reﬂexionem,
2011 3245 2081 3298 ab
2114 3242 2231 3312 ipsa
2261 3256 2389 3312 pro-

812 3348 1095 3404 cedentem
1173 3342 1423 3413 plerique
1456 3340 1757 3409 opinantur
1791 3335 2035 3405 quidem.
2079 3334 2239 3401 Quod
2295 3343 2378 3388 ta-

812 3455 937 3494 men
993 3446 1079 3491 est
1110 3437 1335 3489 falsum.
1408 3432 1774 3487 Observatum
1825 3437 1912 3484 est
1967 3427 2307 3484 reﬂexiones“
2359 3442 2390 3481 a

812 3532 1065 3587 maximis
1119 3536 1174 3584 et
1214 3526 1461 3581 minimis
1504 3524 1825 3593 corporibus
1869 3521 2226 3591 procedentes
2278 3535 2389 3576 non

811 3625 934 3694 plus
966 3637 1128 3692 quam
1157 3621 1267 3675 duo
1325 3618 1504 3675 stadia
1539 3615 1799 3669 transire.
1847 3612 1952 3668 Sed
1994 3622 2049 3668 et
2085 3613 2245 3667 aliter
2295 3613 2390 3666 de-

812 3726 1173 3773 monstratur.
1208 3713 1411 3770 Omnes
1438 3710 1788 3773 rellexiones,
1809 3715 1866 3761 ut
1902 3707 1956 3760 in
1988 3705 2183 3774 opticis
2203 3712 2391 3759 osten:

811 3811 983 3875 ditur,
1020 3810 1156 3861 liunt
1187 3820 1282 3875 per
1306 3818 1492 3873 aequos
1518 3802 1748 3871 angulos
1776 3796 1957 3868 ;quod
1989 3797 2033 3851 si
2063 3797 2137 3849 ita
2167 3796 2236 3850 de
2259 3796 2389 3849 luna

811 3905 991 3965 lieret,
1025 3913 1252 3954 necesse
1324 3903 1495 3960 esset,
1526 3902 1588 3948 ut
1624 3892 1846 3963 quando
1887 3890 2189 3945 secundum
2251 3888 2389 3943 solis

809 3994 1138 4047 diametrum
1175 3990 1230 4043 in
1262 3988 1420 4058 plena
1467 3989 1597 4039 luna
1637 3987 1740 4041 sita
1807 3992 1913 4049 est,
1968 3982 2107 4036 radii
2158 3997 2268 4035 non
2322 3980 2390 4033 ad

810 4094 1014 4139 terram
1046 4082 1403 4150 frangantur,
1446 4077 1545 4131 sed
1586 4078 1654 4130 ad
1706 4076 1901 4130 solem.
1937 4072 2003 4126 Et
2044 4075 2229 4127 multm
2272 4073 2391 4127 alim

809 4174 1314 4231 demonstrationes
1382 4168 1782 4240 praecedentem
1859 4165 2388 4220 demonstrationem

810 4268 1128 4324 confutant.
1194 4263 1456 4333 Superest
1506 4262 1672 4331 igitur
1701 4268 1758 4314 ut
1788 4274 1885 4327 per
1920 4259 2307 4314 admissionem
2332 4266 2385 4311 et

809 4362 1066 4413 unionem
1111 4372 1236 4410 cum
1274 4355 1408 4410 solis
1462 4354 1585 4406 luce
1617 4353 1949 4417 illuminata,
1982 4361 2140 4406 terrae
2166 4364 2386 4419 quoque

810 4454 996 4504 lumen
1037 4451 1275 4502 emittat.
1316 4446 1420 4499 Sed
1461 4445 1576 4498 haec
1601 4444 1809 4498 moveri
1853 4452 2032 4513 potest
2074 4442 2389 4508 dillicuttas,

810 4546 855 4599 si
878 4544 1021 4596 luna:
1047 4544 1420 4595 immisceatur
1451 4538 1585 4592 Solis
1617 4539 1825 4599 lumen,
1884 4542 2162 4604 oporteret
2186 4542 2245 4587 ut
2278 4542 2390 4587 tota

811 4639 1215 4693 illuminaretur
1238 4642 1291 4687 et
1332 4636 1547 4702 plenam
1600 4633 1776 4685 lucem
1834 4631 2099 4682 continuo
2143 4630 2386 4681 haberet.

811 4732 894 4786 Ad
924 4732 974 4784 id
1007 4727 1406 4798 respondemus
1434 4739 1553 4778 eam
1590 4723 2075 4793 profundissimam
2109 4736 2231 4776 esse
2276 4734 2391 4773 ma-

814 4824 1133 4889 ximumque
1166 4820 1367 4874 habere
1410 4818 1760 4871 diametrum.
1793 4816 1860 4869 Et
1908 4815 2030 4870 ideo
2064 4830 2173 4870 non
2219 4828 2388 4872 totam

813 4913 1326 4977 transeuntsolares
1359 4912 1517 4973 radii,
1551 4910 1645 4964 sed
1672 4917 1962 4978 postquam
2006 4924 2125 4965 eam
2152 4913 2387 4966 maxima

811 5017 966 5080 parte
997 5006 1359 5065 transierunt,
1397 5003 1683 5056 liniuntur.
1729 5001 2062 5071 Splimricam
2104 5017 2233 5057 vero
2268 5018 2390 5059 esse

811 5102 930 5170 ejus
971 5099 1203 5153 formam
1231 5106 1382 5165 patet
1413 5111 1475 5150 ex
1503 5096 1624 5162 ejus
1665 5095 1892 5157 lumine,
1948 5093 1995 5148 si
2050 5095 2195 5148 enim
2255 5095 2389 5150 disci

811 5197 1043 5248 lar-mam
1073 5190 1319 5254 haberet,
1369 5188 1532 5243 simul
1590 5201 1655 5241 ac
1695 5187 1750 5239 in
1808 5200 1928 5239 eam
1988 5186 2199 5241 solares
2252 5186 2389 5241 radii

811 5282 1565 5347 inciderent,illumiuaretur,
1586 5279 1729 5332 nulla
1746 5279 2012 5333 curvitate
2027 5278 2252 5334 luminis
2268 5278 2387 5333 olli-

809 5380 1161 5442 ciente,nunc
1179 5386 1357 5431 autem
1376 5388 1499 5428 cum
1515 5373 1585 5427 sit
1600 5372 1883 5440 sphaerica,
1907 5387 2002 5437 per
2024 5381 2204 5441 partes
2222 5372 2389 5427 radiis

816 5466 1395 5537 i‘lluminatureoquod
1446 5464 1688 5520 ofﬁciunt
1739 5463 1925 5519 forma:
1969 5478 2082 5518 suae
2124 5462 2390 5519 curvitale

809 5574 1018 5618 (aeterm
1035 5560 1599 5634 partes.Lunmautem
1616 5557 1930 5629 magnitudo
1948 5560 2125 5613 minor
2135 5569 2213 5611 est
2228 5572 2392 5627 quam

810 5664 989 5719 terrae,
1008 5656 1199 5710 tricies
1226 5653 1434 5717 novies,
1459 5654 1609 5719 juxta
1631 5652 1769 5705 alios
1801 5665 1950 5715 vero,
1977 5651 2144 5705 vicies
2176 5651 2388 5706 novies.

1299 5747 1390 5801 29.
1421 5745 1496 5799 De
1526 5748 1663 5799 (una
1688 5744 1914 5814 defectu.

891 5839 1084 5899 Deﬁcit
1118 5850 1303 5899 autem
1351 5840 1481 5896 luna
1532 5838 1751 5898 ouando
1800 5838 2008 5895 directe
2042 5852 2108 5894 ex
2140 5835 2397 5907 opposito

2492 3264 2691 3333 ἀληθὲς
2738 3263 2813 3317 δέ.
2874 3263 3253 3332 Ἐτηρὴθησαν
3303 3260 3360 3312 αἱ
3405 3261 3834 3322 ἀντανακλάσεις
3862 3260 3971 3313 ἀπό
4007 3275 4066 3310 τε

2493 3353 2597 3405 τῶν
2638 3354 2909 3421 μεγίστων
2961 3351 3057 3403 κει.)⁸
3124 3349 3425 3419 ἐλαχίστων
3452 3349 3724 3418 σωμάτων
3775 3350 3847 3419 μὴ
3884 3351 4067 3402 πλεῖον

2492 3445 2585 3497 δύο
2614 3443 2847 3497 διιοῦσαι
2896 3443 3145 3495 σταδίων.
3197 3441 3356 3494 Ἀλλά
3424 3442 3519 3492 καὶ
3562 3440 3768 3503 ἀλλως’
3807 3444 3979 3493 πᾶσαι
4011 3444 4068 3495 αῖ

2491 3534 2926 3596 ἀντανακλάσεις
2964 3533 3072 3596 ἀεὶ,
3106 3533 3181 3595 ὼς
3225 3534 3282 3583 ὲν
3308 3534 3420 3593 τοῖς
3466 3532 3713 3592 ὸπτικοῖς
3768 3530 4067 3594 δείκνυται,

2492 3624 2613 3676 κατ’
2673 3624 2793 3685 ῐσας
2847 3622 3052 3690 γωνίας
3102 3619 3470 3682 ἀνακλῶνται,
3513 3619 3607 3671 καὶ
3648 3620 3695 3671 εί
3728 3620 3972 3671 τοιοῦτον
4001 3613 4067 3687 ἦν

2494 3715 2588 3766 ἐπὶ
2621 3715 2720 3783 τῆς
2755 3714 3005 3784 σελήνης,
3037 3712 3166 3774 ἔδει,
3201 3712 3292 3763 ὅτε
3332 3712 3477 3761 κατᾶ
3510 3711 3803 3777 διάμετρόν
3834 3712 3949 3760 ἐστι
3973 3710 4067 3760 τοῦ

2493 3809 2644 3878 ἡλίου
2674 3810 2731 3860 ὲν
2758 3807 3100 3876 πανσελήνῳ,
3138 3805 3212 3873 μὴ
3241 3804 3392 3857 κάτω
3439 3804 3532 3855 ἐπὶ
3572 3802 3669 3872 τὴν
3700 3803 3804 3870 γῆν
3835 3803 4059 3856 ἀνακλᾶ-

2495 3900 2620 3953 σθαι
2653 3900 2752 3961 τὰς
2803 3898 3052 3959 ἀκτίνας,
3080 3895 3219 3949 ἀλλά
3250 3895 3388 3963 πρὸς
3414 3894 3504 3945 τὸν
3531 3894 3694 3963 ἡλιον.
3744 3894 3853 3945 Καὶ
3886 3895 4066 3963 ἓτερα⁹

2495 3986 2692 4039 πολλαὶ
2715 3986 2911 4049 δείξεις
2964 3984 3331 4052 ἀνατρέπουσι
3378 3983 3581 4049 ταύτην
3617 3983 3713 4051 τὴν
3734 3984 3912 4047 δόξαν.
3948 3986 4043 4036 Aa!

2494 4095 2654 4131 πεται
2678 4077 2882 4141 τοίνυν,
2920 4075 3051 4129 καθ’
3121 4074 3391 4145 ὑποδοχὴν
3450 4075 3545 4126 καὶ
3599 4074 3792 4127 ἕνωσιν
3828 4076 3965 4144 πρὸς
4010 4076 4065 4127 τί

2492 4169 2718 4239 ἡλιακὸν
2742 4167 2855 4236 φῶς
2888 4166 3059 4238 αὐτὴν
3085 4166 3563 4237 ἐπιλαμπομένην,
3601 4166 3934 4234 ἐπιλάμπειν
3972 4166 4064 4219 καὶ

2492 4267 2602 4327 τοῖς
2625 4262 2772 4333 τῇδε.
2815 4263 3140 4333 Ἀπορὴσειε
3164 4260 3207 4312 δ’
3235 4262 3300 4315 ἄν
3325 4277 3428 4322 τις,
3463 4262 3510 4311 εἰ
3541 4259 3808 4328 κέκραται
3838 4260 3973 4328 αὐτῇ
4010 4260 4068 4311 τὺ

2492 4360 2718 4428 ἡλιακὸν
2751 4356 2888 4425 φῶς,
2919 4354 3048 4424 ὃλην
3074 4354 3182 4407 ἔδει
3215 4354 3384 4422 αὐτὴν
3415 4352 3766 4421 φωτίζεσθαι,
3812 4355 3905 4405 καὶ
3938 4354 4067 4422 πλη-

2498 4448 2667 4515 σιφαῆ
2701 4444 2965 4514 διηνεκῶς
3000 4438 3161 4494 εἶναι.
3195 4444 3305 4493 Καὶ
3334 4441 3567 4509 λέγομεν
3613 4441 3751 4510 πρὸς
3782 4440 3959 4503 τοῦτο,
3988 4444 4069 4495 ὅτι

2422 4519 2468 4577 D
2502 4537 2636 4587 πολὺ
2665 4535 2726 4586 τὸ
2776 4532 2941 4602 βάθος
2993 4530 3107 4600 ἔχει
3171 4530 3265 4582 καὶ
3305 4530 3572 4599 μεγίστην
3608 4533 3705 4599 τὴν
3736 4532 4027 4600 διάμετρον
4053 4548 4069 4562 ·

2498 4628 2593 4680 καὶ
2631 4626 2721 4680 διὰ
2750 4623 2910 4677 τοῦτο
2943 4624 3003 4675 οὐ
3040 4622 3202 4692 μέχρι
3254 4620 3434 4688 πάσης
3467 4622 3522 4671 al
3548 4620 3638 4670 τοῦ
3670 4620 3823 4689 ἡλίου
3856 4622 4071 4683 ἀκτῖνες

2498 4720 2851 4782 διικνοῦνται,
2877 4716 2990 4767 ἀλλ’
3040 4714 3135 4766 ἐπὶ
3176 4714 3425 4765 πλεῖστον
3484 4710 3737 4773 διιοῦσαι,
3782 4716 4065 4765 παύονται.

2498 4816 2619 4868 Ὀτι
2664 4813 2723 4865 δὲ
2787 4808 3134 4879 σφαιροειδής
3186 4809 3301 4859 ἐστι
3334 4806 3393 4858 τὸ
3428 4806 3633 4873 σχῆμα,
3664 4804 3823 4872 δῆλον
3864 4806 3927 4854 ἐκ
3961 4807 4068 4857 τῶν

2493 4910 2697 4975 ταύτης
2750 4902 3071 4972 φωτισμῶν.
3114 4898 3177 4952 Εἰ
3230 4900 3339 4967 γάρ
3386 4893 3453 4966 ἦν
3489 4898 3815 4967 δισκοειόὴςν
3850 4899 3963 4967 ἅμα
3994 4902 4069 4968 τῷ

2494 4997 2831 5068 προσπεσεῖν
2866 4995 3006 5064 αὐτῇ
3048 4993 3147 5053 τὰς
3204 4990 3434 5061 ἡλιακὰς
3473 4989 3699 5050 ἀκτῖνας
3751 4988 4066 5058 ἐφωτίζετο,

2498 5089 2724 5162 μηδενὸς
2750 5083 3210 5157 ὲπιπροσθοῦντος
3239 5080 3595 5152 κυρτώματος
3624 5097 3635 5110 ’
3667 5081 3759 5133 νῦν
3783 5083 3859 5145 δὲ,
3916 5100 4069 5148 σφας-

2500 5185 2708 5258 ροειδὴς
2741 5180 2901 5249 οὖσα,
2934 5182 3075 5234 κατὰ
3117 5180 3279 5250 μέρος
3343 5177 3639 5245 φωτίζεται
3687 5178 3803 5238 ταῖς
3860 5178 4065 5239 ἀκτῖσι,

2497 5279 2581 5333 διὰ
2608 5279 2666 5329 τὸ
2698 5274 3051 5346 ὲπιπροσθεῖν
3080 5274 3149 5324 τὰ
3179 5271 3341 5323 λοιπὰ
3382 5271 3521 5339 μέρη
3553 5273 3619 5340 τῇ
3659 5270 3951 5337 κυρτότητι
3973 5270 4066 5321 τοῦ

2496 5372 2739 5425 τοιούτου
2794 5369 3092 5437 σχήματος.
3145 5364 3218 5415 Τὸ
3285 5362 3340 5415 δὲ
3389 5361 3487 5430 τῆς
3554 5361 3784 5430 σελήνης
3836 5360 4065 5429 μέγεθος

2499 5464 2719 5517 ἔλαττόν
2753 5463 2869 5513 ἐστι
2904 5459 3003 5527 τῆς
3035 5459 3138 5527 γῆς
3187 5456 3279 5508 καὶ
3315 5454 3420 5506 ὑπὸ
3473 5456 3765 5523 τριάκοντα
3801 5454 4065 5505 ἐνναπλάο

2503 5576 2638 5623 σιον,
2677 5554 2820 5609 κατά
2845 5553 2901 5606 δέ
2924 5568 3076 5618 τινας
3120 5552 3223 5603 ὑπὸ
3251 5549 3423 5601 εἴκοσι
3457 5545 3841 5599 ἐνναπλάσιον.

2822 5735 2926 5791 κθ’.
2961 5736 3099 5804 Περὶ
3119 5735 3448 5801 ἐκλείψεως
3463 5734 3641 5798 σελιξι
3667 5749 3759 5799 τίς.

2583 5833 2861 5890 Ἐκλείπει
2923 5830 2983 5886 δὲ
3027 5832 3061 5901 ἡ
3097 5829 3295 5900 σελήνη
3326 5827 3468 5883 κατὰ
3500 5826 3793 5897 διάμετρον
3827 5826 3902 5894 τῷ
3940 5824 4069 5896 ἡλίῳ
