4446 6446
424 411 532 472 809

1615 400 2102 464 SULUTIUNES
2145 400 2515 472 QUASDAM.

3588 399 3694 465 810

419 525 710 596 γενομένη,
741 525 829 577 ὅτε
856 521 932 593 μὴ
962 520 1072 591 ἔχει
1091 520 1288 585 πλάτος
1318 519 1572 575 κλίνουσα
1601 523 1710 575 εἴτε
1748 523 1842 576 ἐπὶ
1882 519 2008 592 βοῤ-
2038 525 2084 579 Λ
2113 534 2175 575 cn

1949 522 2236 592 ῤ-Λοηηι
2297 521 2417 576 sole
2470 527 2576 583 est,
2613 517 2836 590 quando
2888 531 3081 586 nempe
3140 531 3298 572 suam
3357 514 3700 570 latitudinem

427 619 527 690 ρεἶν
574 618 684 671 είτε
728 614 818 666 ἐπὶ
851 612 1028 676 νότον,
1057 612 1195 666 ἀλλὰ
1237 612 1339 681 τὴν
1361 612 1532 684 αὐτὴν
1559 611 1638 682 τῷ
1657 611 1792 681 ἡλίῳ
1825 611 2012 682 τρίϐον

423 711 670 766 διοδεύει.
689 707 986 778 Ἐμπίπτει
1016 707 1126 776 γὰρ
1157 703 1463 773 τηνικαῦτα
1500 703 1578 774 τῷ
1597 703 1696 774 τῆς
1716 705 1818 772 γῆς
1850 705 2004 757 σκιά-

425 821 614 874 σματι.
650 800 758 854 Καὶ
796 803 844 853 εί
884 800 983 870 μὲν
1035 798 1290 866 ἀπόγειὸς
1347 804 1485 862 ἐστι,
1517 799 1702 868 τάχιον
1741 797 2011 866 διέρχεται

423 896 522 966 τὴν
580 894 760 956 σκιὰν,
789 893 863 955 ὡς
894 891 1230 962 λεπτοτάτην
1279 890 1489 944 ἄνωθεν
1514 891 1910 959 τυγχάνουσαν,
1937 889 2011 951 ὼς

432 990 766 1056 προείπομεν
788 999 802 1014 ο
826 984 875 1036 εί
906 981 962 1035 δὲ
989 981 1266 1053 περίγειος
1306 983 1448 1044 ἐστι,
1486 983 1719 1033 ποιεῖται
1749 977 2012 1049 διαμονὴν

428 1081 523 1132 λαὶ
565 1075 897 1147 ἐμϐραδύνει
928 1075 1063 1144 πρὸς
1094 1075 1155 1126 τὸ
1187 1075 1363 1125 ποιεῖν
1394 1073 1791 1141 ἀνακάθαρσιν,
1827 1070 1911 1123 διὰ
1953 1070 2012 1124 τὸ

435 1170 681 1225 κάτωθεν
703 1164 847 1222 εἶναι
873 1171 1104 1238 παχεῖαν
1137 1167 1237 1237 τὴν
1276 1165 1454 1219 σκιάν.
1500 1165 1787 1219 Ἐντεῦθεν
1819 1163 2011 1216 ἐέαϐον

427 1266 476 1316 οἱ
504 1261 676 1314 πάλαι
708 1261 867 1330 σοφοὶ
902 1259 1179 1328 πρόφασιν
1206 1257 1307 1326 τῆς
1343 1257 1731 1326 κατανοήσεως
1763 1255 1858 1309 τοῦ
1902 1256 2010 1309 ἀπὸ

423 1359 522 1424 τῆς
564 1355 666 1422 γῆς
712 1355 877 1424 μέχρι
907 1352 999 1404 τοῦ
1030 1349 1260 1422 οὐρανοῦ
1293 1349 1683 1420 διαστήματος.
1719 1349 2010 1420 Τηρήσαν-

422 1461 514 1506 τες
546 1445 677 1512 γὰρ,
713 1441 788 1504 ὡς
844 1442 872 1494 ὁ
903 1442 1053 1512 ἥλιος
1094 1440 1210 1511 ἅμα
1257 1439 1335 1512 τῷ
1387 1440 1666 1494 ἀνατεῖλαι
1715 1442 1862 1493 ποιεῖ
1911 1440 2008 1502 τὰς

425 1534 584 1594 σκιὰς
642 1532 1150 1602 ἑξηκονταπλασίας
1200 1532 1306 1585 τῶν
1333 1531 1736 1602 σκιαζομένων,
1785 1532 2008 1600 ἀπεφή-

424 1641 606 1689 ναντο,
627 1625 700 1686 ὼς
727 1623 917 1676 δεῖκαὶ
945 1624 1006 1676 τὸ
1026 1625 1198 1694 μῆκος
1229 1623 1328 1692 τῆς
1360 1625 1517 1685 σκιᾶς
1538 1622 1638 1691 τῆς
1656 1622 1757 1690 γῆς
1781 1620 2006 1692 ἑξηκον-

423 1716 723 1769 ταπλὰσιον
764 1711 905 1768 εἶναι
929 1716 1028 1782 τῆς
1056 1713 1353 1784 διαμέτρου
1392 1714 1562 1783 αὐτῆς
1584 1726 1599 1741 ⁹
1632 1715 1726 1766 καὶ
1759 1712 1833 1777 ὡς
1882 1714 2006 1766 ἐπεὶ

427 1809 591 1877 μέχρι
623 1809 721 1874 τῆς
756 1805 1083 1876 σεληνιακῆς
1117 1806 1354 1875 σφαίρας
1402 1806 1462 1858 τὸ
1493 1806 1584 1870 ὀξὺ
1629 1807 1800 1878 αὐτῆς
1834 1824 2004 1860 κατα·

2122 627 2304 680 neque
2356 615 2422 666 ad
2461 611 2916 680 septentrionem,
2964 622 3144 678 neque
3180 607 3248 663 ad
3283 606 3568 662 meridiem
3625 607 3706 660 in-

2121 703 2313 765 clinat,
2363 706 2462 755 sed
2515 700 2763 756 eamdem
2792 715 2918 756 cum
2956 698 3072 755 sol‘e
3102 697 3355 753 semitam
3409 700 3705 768 percurrit.

2120 795 2320 850 Incidit
2370 794 2516 847 enim
2553 801 2685 847 tunc
2725 794 2777 846 in
2813 793 3067 848 umbram
3103 799 3285 846 terra}.
3319 791 3434 845 Etsi
3484 793 3704 861 quidem

2120 903 2280 957 quam
2318 887 2554 940 maxime
2603 900 2632 937 a
2681 893 2825 938 terra
2855 886 3045 950 distat,
3089 885 3253 938 citius
3302 883 3551 937 umbram
3587 898 3709 950 pcr-

2123 980 2343 1044 transit,
2387 993 2508 1050 quaa
2552 977 2775 1049 quidem
2812 977 3064 1047 superius
3102 976 3276 1030 levior
3312 983 3418 1042 est,
3454 982 3512 1029 ut
3544 983 3702 1027 antra

2121 1073 2400 1137 diximus;
2442 1073 2486 1124 si
2521 1086 2650 1124 vero
2678 1084 2840 1139 quam
2874 1073 3102 1124 maxime
3138 1069 3203 1124 ad
3239 1080 3439 1122 terram
3470 1068 3704 1130 accedit,

2120 1163 2450 1217 immoratur
2480 1171 2532 1216 et
2564 1163 2710 1216 lente
2741 1175 2805 1215 ea
2859 1159 3050 1213 umbra
3096 1162 3348 1231 emergit,
3397 1160 3527 1230 quia
3566 1160 3707 1213 inle-

2121 1257 2240 1310 rins
2280 1254 2520 1310 crassior
2566 1253 2760 1308 umbra
2794 1262 2900 1308 est.
2940 1251 3091 1306 [inde
3133 1262 3347 1307 veteres
3387 1251 3704 1323 philosophi

2117 1348 2466 1404 occasionem
2525 1361 2720 1415 cepere
2771 1345 3142 1416 cognoscendi
3185 1351 3449 1414 quantum
3487 1352 3628 1398 terra
3673 1360 3704 1396 ει

2119 1426 2262 1496 coelo
2317 1442 2506 1494 distet.
2557 1441 2930 1494 Obscrvantes
2981 1439 3126 1492 enim
3193 1436 3364 1492 solem
3424 1451 3526 1490 suo
3576 1448 3701 1490 ortu

2117 1532 2341 1585 umbras
2367 1530 2530 1585 rebus
2553 1530 2890 1584 adumbratis
2916 1532 3161 1600 sexagies
3194 1528 3438 1600 majores
3464 1530 3696 1590 elIicet-e,

2119 1621 2479 1676 ostenderunt
2520 1631 2776 1690 oportere
2809 1629 2866 1674 ut
2909 1619 3114 1674 umbrae
3175 1633 3331 1674 term:
3387 1621 3704 1692 magnitudo

2116 1714 2366 1786 sexagies
2403 1714 2614 1781 longior
2661 1711 2733 1768 sit
2775 1713 2950 1782 ipsius
3005 1712 3292 1766 diametro.
3340 1713 3475 1768 Cum
3517 1723 3698 1768 autem

2116 1808 2311 1861 umbra
2357 1815 2604 1860 extrema
2641 1806 2708 1860 ad
2764 1806 2908 1860 luna:
2953 1806 3225 1873 sphaeram
3276 1804 3622 1870 termine‘tur,
3654 1811 3700 1863 si

422 1898 603 1965 λήγει,
635 1893 754 1949 εἶτα
791 1897 841 1949 εί
875 1898 1140 1968 ἐξήκοντα
1168 1896 1290 1950 καθ’
1326 1897 1582 1951 ὑπόθεσιν
1609 1901 1763 1966 γαῖαι
1794 1899 1882 1950 ἐπ’
1912 1897 2006 1952 ἁλ-
2038 1884 2080 1939 Β
2115 1897 2178 1951 de

1944 1897 2006 1949 ,λ-
2038 1884 2080 1939 Β
2115 1897 2314 1951 deinde
2341 1898 2625 1964 sexaginta
2657 1907 2834 1950 terras
2862 1912 2926 1949 ex
2975 1897 3261 1965 hypothesi
3285 1898 3420 1952 alias
3460 1897 3514 1952 in
3565 1898 3700 1953 alias

424 1990 616 2058 λήλαις
682 1988 912 2055 τεθῶσι,
963 1989 1366 2061 καταλήψονται
1422 1989 1550 2060 ἄχρι
1607 1990 1706 2059 τῆς
1773 1990 2006 2060 ἡλιακῆς

428 2081 695 2153 σφαίρας·
734 2080 1032 2134 κάντεῦθεν
1084 2081 1543 2150 συλλογισάμενοι
1579 2081 1897 2146 κατέλαϐον,
1929 2082 2006 2146 ὡς

424 2175 486 2225 τὸ
509 2174 785 2243 διάστημα
816 2174 877 2225 τὸ
914 2173 1119 2240 μεταξὺ
1142 2173 1242 2242 τῆς
1287 2173 1390 2242 γῆς
1418 2173 1513 2226 καὶ
1555 2173 1654 2241 τῆς
1679 2174 2006 2243 σεληνιακῆς

429 2266 666 2331 σφαίρας
697 2263 954 2316 τοσοῦτόν
1012 2264 1183 2328 ἐστιν,
1231 2264 1354 2315 ὅσον
1389 2265 1421 2334 ή
1452 2266 1515 2316 ἐκ
1555 2263 1647 2316 τοῦ
1683 2265 1884 2334 μέτρου
1905 2263 2006 2332 τῆς

427 2354 530 2421 γῆς
565 2359 617 2422 μ’
644 2351 892 2420 Eri/ma.

511 2444 784 2498 Ἐκλείπει
812 2445 868 2497 δὲ
897 2446 931 2514 ἡ
968 2443 1168 2514 σελήνη
1199 2443 1331 2495 ποτὶ
1360 2443 1462 2512 μὲν
1503 2441 1622 2512 ὅλη,
1653 2441 1786 2494 ποτὲ
1820 2441 1875 2495 δὲ
1909 2459 2006 2512 με-

429 2537 619 2607 ρικῶς.
648 2537 757 2590 Καὶ
797 2537 893 2602 ὅλη
932 2537 1288 2599 ἐκλείπουσα,
1322 2535 1452 2588 ποτὲ
1487 2534 1586 2604 μὲν
1615 2537 1850 2588 ποιεῖται
1892 2535 2008 2587 δια-

429 2630 621 2700 μονὴν,
651 2630 740 2682 ὅτε
765 2630 899 2700 πρὸς
927 2627 1004 2698 τῷ
1037 2629 1330 2698 παχυτέρῳ
1360 2627 1518 2696 μέρει
1539 2625 1637 2696 τῆς
1663 2629 1818 2690 σκιᾶς
1843 2626 2003 2698 τύχη·

429 2722 562 2774 ποτὲ
589 2722 644 2774 δὲ
681 2720 798 2792 ἅμα
821 2721 898 2790 τῷ
935 2720 1281 2789 καλυφθῆναι
1338 2721 1564 2789 ἄρχεται
1601 2722 1774 2773 ποιεῖν
1802 2721 2008 2774 ἀνακά-

431 2815 646 2883 Θαρσιν,
665 2814 753 2866 ὅτε
781 2813 988 2867 ἄνωθεν
1011 2811 1238 2883 ἐκλείψῃ
1264 2810 1399 2879 πρὸς
1427 2810 1504 2880 τῷ
1525 2810 1708 2880 λεπτῷ
1722 2811 1820 2880 τῆς
1851 2813 2006 2875 σκιᾶς

431 2911 608 2979 μέρει.
670 2908 783 2976 Οὐχ
837 2909 1025 2974 ὥσπερ
1054 2906 1109 2958 δὲ
1144 2906 1236 2958 τὸν
1269 2905 1422 2975 ἥλιον
1471 2905 1745 2974 ἐνδέχεται
1776 2905 2005 2976 ὁρᾶσθαι

430 3005 488 3054 ἐν
513 3003 620 3054 τινὶ
651 3003 748 3071 μὲν
775 3003 926 3069 τόπῳ
961 3001 1304 3065 ἐκλείποντα,
1333 3000 1390 3050 ἐν
1425 2998 1530 3051 τινὶ
1560 2999 1604 3050 δ’
1631 2997 1715 3064 οὒ,
1746 2999 1888 3051 οὕτω
1915 3000 2008 3051 καί

428 3096 525 3148 ἐπὶ
552 3094 652 3163 τῆς
679 3094 908 3162 σελήνης
934 3109 948 3122 ·
982 3091 1096 3145 ἀλλ’
1137 3091 1446 3162 ἁπανταχοῦ
1482 3091 1580 3160 τῆς
1611 3093 1710 3160 γῆς
1741 3092 1773 3160 ἡ
1804 3090 2008 3160 ταύτης

429 3185 670 3252 ἔκλειψις
733 3184 976 3252 γίνεται,
1008 3187 1057 3236 εί
1091 3184 1165 3254 μή
1201 3201 1264 3250 γε
1291 3184 1442 3254 παρὰ
1473 3185 1612 3236 τισὶν
1644 3183 1826 3253 ἡμέρα
1850 3183 2006 3253 γένη-

2108 1989 2583 2058 superimponant,
2643 2003 2815 2058 usque
2875 1989 2939 2042 ad
2998 1990 3130 2044 solis
3177 1991 3445 2060 sphaeram
3506 2007 3701 2061 perve-

2110 2081 2282 2133 nient.
2304 2079 2369 2134 Et
2388 2081 2512 2135 inde
2531 2080 2922 2134 ratiocinantes
2939 2081 3324 2136 intellexerunt
3347 2084 3691 2138 intervallum

2107 2172 2251 2228 inter
2299 2183 2500 2228 terram
2545 2183 2598 2228 et
2639 2174 2781 2227 lunae
2818 2173 3089 2244 sphaeram
3114 2182 3323 2228 tantum
3353 2190 3474 2230 esse
3497 2185 3701 2246 quanta

2106 2275 2268 2320 terra}
2298 2265 2550 2320 diametri
2579 2265 2873 2330 dimensio.
2899 2267 3255 2336 quadraginta
3280 2267 3521 2324 circiter.

2185 2447 2340 2502 Luna
2373 2457 2550 2501 autem
2588 2447 2774 2502 deﬁcit
2828 2463 2975 2501 nunc
3023 2456 3158 2513 tota,
3210 2463 3357 2504 nunc
3391 2458 3599 2503 tantum
3633 2466 3697 2504 ea

2111 2555 2283 2612 parte.
2317 2539 2546 2606 Quando
2578 2550 2688 2593 tuta
2719 2540 2925 2604 deﬁcit,
2959 2557 3104 2595 nunc
3142 2543 3360 2612 quidem
3420 2544 3471 2596 in
3505 2543 3698 2597 umhra

2109 2643 2502 2694 commoratur,
2550 2633 2765 2701 quando
2819 2647 3016 2701 nempe
3067 2634 3123 2687 in
3176 2633 3438 2702 spissiore
3492 2636 3698 2688 uman

2111 2731 2266 2793 parte
2295 2731 2546 2776 versatur
2571 2738 2585 2786 ;
2626 2737 2770 2775 nunc
2801 2737 2982 2774 autem
3004 2735 3128 2774 cum
3157 2721 3244 2774 vix
3270 2731 3405 2775 tecta
3433 2731 3536 2786 est,
3564 2721 3702 2774 inei-

2107 2817 2189 2885 pit
2221 2829 2520 2883 emergere,
2582 2813 2802 2880 quando
2870 2827 3064 2883 nempe
3096 2828 3260 2882 supra
3308 2814 3513 2882 patitur
3546 2813 3699 2868 defe-

2111 2912 2348 2962 ctionem
2374 2910 2427 2961 in
2453 2907 2656 2961 leviore
2681 2907 2886 2960 umbra:
2916 2916 3099 2976 parte;
3133 2922 3238 2961 non
3271 2918 3452 2960 autem
3479 2907 3545 2961 de
3569 2908 3698 2961 luna

2113 3000 2309 3055 accidit
2341 3009 2397 3054 ut
2427 2999 2494 3054 de
2525 2999 2661 3062 sole,
2696 3013 2856 3068 quem
2921 3000 2973 3051 in
3027 3013 3134 3053 uno
3187 2999 3307 3053 loco
3351 3000 3697 3053 deiicientem

2113 3091 2550 3146 animadvertere
2580 3090 2728 3154 licet,
2755 3104 2854 3144 nec
2884 3089 2935 3141 in
2968 3089 3075 3145 alio
3104 3107 3118 3155 ;
3155 3089 3251 3145 sed
3279 3092 3481 3161 uhique
3513 3102 3695 3147 teria-

2112 3201 2231 3238 rum
2266 3185 2324 3238 ﬁt
2363 3199 2425 3238 ea
2461 3183 2720 3248 defectio,
2747 3183 2850 3237 nisi
2881 3182 2998 3237 dies
3037 3182 3088 3236 in
3124 3183 3311 3253 aliquo
3344 3184 3463 3238 loco
3489 3184 3694 3241 luceat.

428 3296 517 3330 ται
548 3294 563 3310 ο
594 3251 854 3346 γύπάρχει
905 3277 1014 3346 γὰρ
1071 3251 1388 3346 τηνικαῦτα*
1429 3277 1644 3348 ἐκείνης
1680 3251 1820 3349 ὺπέρ
1859 3251 2000 3348 γῆν·
2033 3251 2076 3309 c
2112 3279 2184 3333 Lu

1935 3299 1962 3331 ν
1988 3297 2000 3310 ο
2033 3251 2076 3309 c
2112 3279 2282 3333 Lucet
2311 3278 2452 3332 enim
2481 3291 2644 3346 super
2671 3286 2870 3331 terram
2898 3275 3061 3330 simul
3101 3291 3224 3330 cum
3263 3293 3324 3330 ea
3365 3276 3691 3334 defectione.

427 3369 698 3422 δέδεικται
746 3370 856 3436 γὰρ
897 3369 1052 3436 ἡμῖν,
1101 3368 1176 3430 ὡς
1209 3369 1362 3438 παρὰ
1392 3371 1536 3422 τισὶν
1567 3369 1780 3440 ἡμέρας
1810 3369 1998 3438 οὔσης,

427 3460 524 3525 νὶξ
557 3460 686 3530 παρ’
712 3460 916 3528 ἑτέροις
947 3459 1115 3514 ἐστίν.

2115 3371 2558 3426 Demonstratum
2599 3379 2682 3424 est
2742 3369 2885 3423 enim
2948 3369 3090 3424 diem
3147 3371 3423 3440 aliquibus
3478 3373 3697 3439 adesse,

2114 3461 2333 3533 quando
2353 3462 2477 3518 aliis
2500 3475 2608 3516 non
2631 3459 2802 3515 adest.

1662 3615 1836 3682 Τέλος
1877 3616 1986 3670 σὼ
2024 3615 2146 3683 Θεῷ
2177 3616 2343 3686 ἁγίῳ.

754 5932 1023 5994 ΡΑῑςιοι..
1069 5935 1183 5995 Gn.
1231 5929 1472 5995 CXXII.
