4446 6446
452 426 555 490 813
1654 423 1949 483 VERSUS
1995 426 2088 484 DE
2124 425 2503 485 DOCMATE.
2614 482 2615 485 η
3593 430 3696 495 814

460 535 524 587 'H
560 534 616 587 δὲ
650 530 945 593 ὑπόστασίς
978 532 1123 584 ἐστιν
1161 531 1219 583 ἓν
1254 531 1541 602 πρόσωπον
1579 544 1658 585 και
1699 533 1889 601 μόνον,

451 628 522 679 Τὸ
549 626 648 694 μὲν
680 625 786 695 γὰρ
812 625 908 693 τῆς
936 623 1206 691 θεότητος,
1242 624 1340 692 τῆς
1357 616 1773 694 ἀνθρωπότήτός
1800 642 1879 686 τε,

450 716 753 786 Δηλωτικὸν
775 716 871 785 τῆς
889 714 1100 785 φύσεως
1122 718 1214 768 καὶ
1244 716 1431 769 οὑσίαν
1460 713 1714 785 τυγχάνει

460 806 520 859 Ὀ
549 806 603 858 δὲ
621 805 829 875 Πατὴρ,
857 805 952 856 καὶ
976 804 1123 870 Υἱὸς,
1164 805 1259 859 καὶ
1285 806 1344 858 τδ
1366 807 1520 874 ἅγιον
1549 805 1791 873 Πνεῦμα,

449 898 557 949 Καὶ
584 897 851 967 πρόσωπα
876 896 1173 965 πεφύκασι,
1222 899 1318 949 καὶ
1374 897 1482 967 μὴν
1532 898 1624 951 καὶ
1673 900 2019 959 ὑποστάσεις.

462 1011 519 1061 '0
550 1009 851 1079 σαρκωθεὶς
902 997 1093 1062 τοίνυν
1116 1010 1245 1070 Υἱὸς
1268 1009 1572 1078 ἀτρέπτως,
1609 1008 1947 1076 ἀσυγχὺτως,

447 1103 521 1155 Οὑ
549 1100 831 1172 σχετικῶς,
853 1101 926 1163 ὡς
961 1102 1206 1170 εἴπομεν,
1234 1098 1359 1152 οὔτε
1400 1098 1663 1171 μήνκατὰ
1699 1099 1879 1167 φύσιν,

461 1297 546 1360 Ὠς
571 1301 597 1349 ὁ
621 1298 789 1360 δεινὸς
820 1297 1115 1361 Νεστοριος
1146 1294 1423 1357 δυσσεϐῶς
1451 1293 1787 1363 παρελήρει,

460 1388 672 1457 ἰινώθη
704 1388 826 1441 καθ’
861 1388 1158 1440 ὑπόστασιν
1181 1389 1247 1456 τῇ
1282 1385 1656 1455 προληφθείσῃ
1698 1390 1877 1452 (pucea,

448 1479 559 1531 Μία
584 1480 772 1550 μείνας
809 1481 1127 1543 ὑπόστασις,
1158 1481 1221 1547 τῇ
1252 1479 1371 1547 θεία
1400 1478 1488 1531 καὶ
1521 1478 1701 1530 τελεία
1722 1515 1737 1540 ,

460 1573 545 1622 Ἑν
574 1572 665 1623 δύο
686 1572 741 1623 δὲ
773 1575 890 1633 ταῖς
923 1571 1149 1638 φύσεσιν
1178 1570 1450 1633 οὑσιωδῶς
1477 1571 1779 1639 τυγχάνων.

448 1661 602 1714 Οὕτω
631 1664 694 1733 δὴ
737 1664 830 1715 καὶ⁹
854 1663 1251 1733 πρεσϐεύομεν,
1278 1662 1449 1724 οὕτως
1473 1662 1842 1732 ὁμολογοῦμεν

446 1755 555 1814 Τὰς
587 1754 681 1806 δύο
715 1754 906 1821 φύσεις
936 1754 1174 1822 ἀληθῶς,
1207 1754 1356 1806 θείαν
1389 1756 1479 1805 καὶ
1505 1754 1874 1825 ἀνθρωπίνην,

459 1846 741 1916 ’Δλλήλαις
780 1846 895 1897 καθ’
926 1846 1219 1917 ὑπόστασιν
1241 1845 1524 1916 ἀτρέπτως
1549 1844 1860 1911 ὲνωθείσας,

456 2048 728 2117 Ἐκάστην
757 2046 1111 2099 ἀναλλοίωτον
1146 2049 1330 2115 μένειν
1352 2048 1411 2098 ὲν
1439 2050 1504 2116 τῇ
1544 2048 1756 2113 ὲνώσει,

457 2138 623 2191 Ἐκδὲ
659 2139 763 2192 τῶν
788 2139 881 2190 δύο
914 2138 1127 2205 φύσεων
1157 2138 1285 2207 μίαν
1312 2137 1710 2199 ἀποτελεῖσθαι,

444 2231 700 2283 Σύνθετοι)
728 2231 824 2298 τὴν
859 2230 1174 2303 ὑπόστασιν’
1201 2229 1345 2282 οὕτω
1376 2230 1612 2290 πίστεως
1647 2229 1792 2296 ὅρος.

453 2321 850 2391 Ὀμολογοῦμεν
871 2322 1157 2392 τοιγαροῦν
1183 2320 1275 2373 τοῦ
1325 2321 1532 2389 Πατρὺς
1568 2321 1693 2372 risv
1723 2322 1841 2384 ἕνα,

446 2416 603 2467 Κατά
634 2415 731 2478 τὴν
777 2414 1190 2484 ὲνανθρώπησιν
1244 2414 1343 2483 τὴν
1389 2414 1629 2484 ἄρρητον
1680 2413 1772 2464 τοῦ
1808 2414 2003 2481 Λόγου,

443 2509 547 2559 Καὶ
571 2508 662 2559 τὸν
691 2507 852 2559 αὑτὸν
878 2507 1001 2557 Υἱὸν
1034 2506 1217 2573 σαφῶς
1248 2504 1531 2574 ἄνθρωπον
1580 2505 1899 2573 πεφυκέναι,

442 2600 575 2651 Ἕνα
601 2600 835 2669 Χριστὸν
869 2599 962 2651 καὶ
1017 2597 1219 2668 Κύριον
1247 2598 1508 2667 μονογενῆ
1538 2598 1631 2650 καὶ
1670 2597 1861 2665 Λόγον,

439 2795 598 2847 Ὄλον
618 2794 751 2848 Θεὸν
778 2795 868 2847 καὶ
897 2793 1181 2863 ἄνθρωπον
1208 2795 1271 2862 τῇ
1312 2792 1407 2861 μία
1436 2792 1751 2845 ὑποστάσει.

440 2891 711 2942 Ἤνωνται
746 2888 877 2956 γοῦν
922 2889 979 2942 αἱ
1015 2888 1109 2941 τοῦ
1153 2886 1388 2957 Χριστοῦ
1432 2885 1644 2954 φύσεις,
1688 2886 1803 2939 ἀλλ’
1834 2887 1999 2953 ἀισυτ⁴

1714 2994 1909 3038 χυτως,

1689 2973 1795 3044 [κύπ

439 3071 713 3122 Ἰῐνωνται
746 3069 867 3121 καθ’
901 3069 1218 3135 ὑπόστασιν,
1258 3069 1509 3139 διῄρηται
1547 3068 1602 3120 δὲ
1636 3069 1795 3122 πάλιν

436 3163 523 3230 Τῷ
560 3162 743 3232 τρόπῳ
764 3164 860 3231 τῆς
889 3163 1172 3230 διαφορᾶς,
1200 3160 1335 3230 ἄλλη
1374 3160 1509 3213 Θεοῦ
1537 3160 1643 3229 γὰρ
1674 3160 1856 3228 φὺσς,

436 3255 545 3307 Καὶ
572 3255 704 3324 ἄλλη
728 3254 1163 3324 ἀνθρωπότητος,
1194 3249 1272 3316 εἷς
1309 3255 1364 3307 δὲ
1392 3256 1450 3306 ἐν
1480 3255 1685 3322 ἀμφοῖν
1723 3253 1915 3320 Λόγος,

432 3448 522 3511 Εἷς
551 3454 727 3504 τοίνυν
763 3454 909 3504 ἐστὶν
936 3456 963 3505 ὀ
988 3454 1241 3521 Χριστὸς,
1260 3455 1286 3503 ὁ
1314 3452 1368 3503 δὲ
1396 3451 1558 3513 αὑτὸς
1590 3453 1819 3516 καὶδύο,

434 3538 525 3607 Εἷς
568 3545 667 3612 μὲν
688 3545 796 3614 γὰρ
823 3543 920 3614 τὴν
948 3545 1262 3607 ὑπόστασιν,
1287 3543 1421 3595 ἀλλά
1445 3543 1663 3605 διπλοῦς
1682 3543 1780 3614 τὴν
1812 3544 1992 3613 φύσιν.

442 3721 528 3783 Ὠς
557 3720 932 3791 πρεσϐεύομεν
960 3720 1139 3785 καλῶς
1164 3720 1257 3774 τοῦ
1289 3721 1528 3791 Χριστοῦ
1548 3722 1640 3774 δύο
1676 3722 1883 3791 φύσεις,

430 3811 584 3863 Οὑτω
611 3814 702 3864 καὶ
728 3812 821 3864 δύο
864 3812 1093 3880 λέγομεν
1121 3812 1353 3880 φυσικὰς
1379 3812 1684 3881 ἐνεργείας,

431 3902 537 3954 Καὶ
568 3901 660 3954 δύο
691 3905 757 3956 τὰ
805 3902 1084 3971 θελήματα
1120 3904 1362 3971 φυσικῶς
1394 3904 1740 3973 ἐνεργοῦντα.

426 3992 595 4045 υὺσίσι
621 3994 717 4061 μὲν
749 3993 839 4047 οῦν
877 3995 970 4046 καὶ
1023 3996 1204 4067 μορφὴ
1238 3997 1331 4049 καὶ
1381 3998 1538 4065 φύσις
1574 3999 1630 4049 ἐν
1682 4000 1759 4069 τῷ
1808 4001 1986 4069 Λόγῳ,

429 4082 662 4148 ’Ἄτομον
693 4084 747 4136 δὲ
780 4086 875 4136 καὶ
906 4088 1194 4154 πρόσωπον
1225 4088 1281 4138 ἓν
1314 4090 1410 4140 σὺν
1434 4092 1497 4158 τῇ
1530 4090 1845 4145 ὑποστάσει.

425 4176 535 4245 Τὴν
570 4176 747 4244 σάρκα
785 4176 840 4227 δὲ
871 4178 967 4247 τὴν
989 4177 1082 4231 τοῦ
1110 4179 1245 4231 Θεοῦ
1275 4180 1575 4235 ὑπόστασιν
1608 4182 1681 4252 μὴ
1698 4184 1846 4251 λέγε,

425 4266 562 4333 Λέγε
597 4268 702 4335 γὰρ
728 4269 1107 4331 ἐνυπξστατον,
1138 4271 1362 4339 ἀκριϐὲς
1396 4273 1503 4341 γὰρ
1537 4274 1595 4325 τὸ
1617 4274 1812 4344 δόγμα.

422 4460 495 4513 Τὸ
515 4462 571 4515 δέ
594 4479 655 4529 γε
682 4464 1040 4517 ὲνυττόστατον
1072 4465 1272 4536 πολυσή
1283 4484 1501 4535 μαντον,
1536 4469 1691 4534 ἄναξ,

425 4553 577 4604 Ἐστι
602 4554 708 4623 γὰρ
739 4555 1097 4607 ἐνυπόστατον
1121 4557 1181 4608 τὸ
1211 4557 1407 4627 ἀληθὲς
1436 4560 1700 4631 ὑπάρχον,
1747 4624 1760 4632 ,

418 4647 527 4699 Καὶ
563 4646 719 4710 αὖθις
742 4649 1102 4701 ἐνυπόστσιτον
1130 4651 1188 4702 τὸ
1211 4652 1386 4703 κοινον
1411 4654 1509 4721 τῆς
1543 4655 1753 4721 οὐσίας,

420 4738 622 4804 Ἢγουν
645 4738 703 4790 τὸ
719 4735 878 4803 εἶδος,
919 4740 1172 4803 δέσποτα,
1203 4744 1260 4793 το
1291 4744 1382 4795 ἐπὶ
1414 4748 1521 4808 τοῖς
1545 4747 1762 4815 ἀτόμοις

419 4829 821 4897 Πραγματικῶς
853 4832 1171 4900 ὑφεστηκὸς,
1200 4835 1258 4884 οὺ
1281 4835 1409 4905 ψιλῇ
1440 4837 1671 4907 ἐπινοίᾳ.

419 4920 570 4970 Ἐστι
603 4919 657 4971 δὲ
688 4920 1049 4974 ὲνυπόστατον
1072 4923 1166 4974 καὶ
1194 4924 1358 4976 πλέον
1385 4930 1747 4992 φροντιστέον,

418 5011 592 5080 ὐπερ
617 5013 734 5062 ἐστὶ
768 5014 1123 5081 συγκείμενον
1150 5013 1266 5082 μετ’
1306 5014 1466 5069 ἄλλου
1500 5016 1779 5085 διαφόρου,

416 5103 571 5153 Κατά
604 5102 811 5166 οὐσίαν,
838 5103 1091 5166 δέσποτα,
1126 5106 1204 5167 είς
1248 5106 1505 5160 σύστασιν
1558 5110 1849 5178 προσώπου

422 5190 573 5254 Ἐνὸς
595 5195 687 5244 καὶ
720 5193 1070 5256 ὑποστάσεως
1105 5196 1232 5263 μιᾶς
1249 5197 1484 5261 γένεσιν,
1506 5199 1639 5262 ἄναξ
1662 5214 1674 5227 ο

409 5282 480 5332 Τὸ
516 5282 613 5348 μὲν
640 5283 745 5347 γὰρ
784 5283 1145 5336 ὲνυπόστατον
1167 5285 1406 5339 τοιοῦτον
1432 5287 1585 5358 ἔσχεν
1609 5290 1754 5359 ὅρον.

423 5372 749 5435 ’Υπόστασις
782 5373 839 5425 δὲ
868 5374 1077 5443 πέφυκε
1111 5377 1593 5447 κυριολογουμένη,

412 5464 646 5533 Πρὶγμα
678 5466 1060 5532 ἱδιοσῦστατον,
1097 5468 1153 5519 ἓν
1187 5468 1383 5538 μᾶλλον
1404 5471 1694 5539 πρόσωπόν
1717 5489 1796 5527 τε.

421 5644 690 5697 Ἐνούσιον
714 5644 769 5697 δὲ
801 5646 1010 5714 πέφυκε
1031 5648 1091 5701 τὸ
1110 5649 1286 5702 κοινὸν
1319 5651 1416 5721 τῆς
1449 5650 1657 5717 οὑσίας,

407 5734 558 5799 Ἕξις
589 5738 803 5807 ποιότης
828 5736 1063 5808 ἐμμονος
1090 5742 1183 5794 καὶ
1210 5742 1651 5813 δυσμετάϐλητός
1680 5762 1795 5809 πως
1817 5761 1832 5777 ⁶

411 5830 610 5892 Ἐξεως
642 5829 813 5893 ἄλλως
852 5831 1083 5903 ἀριθμὸς
1116 5833 1344 5887 ἑκάστου
1367 5836 1509 5890 κατὰ
1544 5836 1709 5905 φύσιν

2056 541 2094 592 Λ
2126 533 2442 589 Substantia
2476 544 2655 589 autem
2686 543 2768 590 est
2796 548 2900 589 una
2921 549 2983 590 ac
3010 538 3124 591 sola
3159 552 3409 607 persona.

2129 626 2396 681 Divinitas
2417 627 2561 681 enim
2593 636 2757 697 atque
2786 627 3099 685 humanitas
3168 688 3171 693 ,

2130 718 2388 771 Naturam
2413 727 2466 773 et
2500 721 2793 775 essentiam
2812 720 3044 776 indicat.

2129 807 2308 873 Pater,
2334 809 2507 864 Filius
2531 821 2585 865 ct
2613 810 2848 879 Spiritus
2883 822 3109 868 sanctus

2130 901 2185 953 iit
2222 917 2466 969 persona:
2507 912 2655 968 sunt,
2683 912 2736 957 et
2764 904 3108 962 substantia.

2128 1013 2296 1068 Filius
2320 1014 2483 1083 igitur
2505 1016 2888 1087 incorporatus
2916 1018 3361 1086 immutabiliter,
3386 1022 3694 1093 inconfuse,

2126 1104 2243 1159 Non
2271 1106 2543 1176 simulate,
2578 1109 2652 1162 uti
2692 1108 2955 1176 diximus,
2987 1125 3161 1181 neque
3189 1113 3489 1169 secundum
3539 1124 3697 1172 natu-

3461 1205 3621 1277 [τοττι.

2128 1285 2289 1339 Velut
2322 1286 2491 1341 miser
2523 1285 2806 1346 Nestor-ius
2838 1290 3001 1361 impie
3029 1291 3339 1361 blateravit,

2126 1378 2324 1432 Unitus
2355 1387 2438 1433 est
2477 1377 2916 1436 substantialiter
2950 1397 3073 1437 eum
3106 1396 3327 1455 accepta
3369 1402 3551 1453 carne,

2130 1468 2241 1522 Una
2282 1485 2511 1524 manens
2546 1472 2850 1527 substantia
2882 1474 3068 1529 divina
3104 1484 3158 1531 et
3191 1477 3457 1546 perfer-ta,

2124 1560 2178 1615 In
2204 1562 2418 1616 duabus
2455 1572 2637 1617 autem
2672 1565 2884 1618 naturis
2919 1568 3289 1623 essentialiter
3327 1571 3616 1626 exsistens.

2125 1653 2198 1705 Ita
2234 1653 2478 1720 profecto
2510 1655 2807 1721 sancimus,
2848 1657 2919 1712 ita
2955 1660 3279 1715 conﬁtemur

2124 1747 2385 1798 Naturam
2411 1755 2698 1815 utramque
2723 1763 2849 1804 vere
2882 1750 3123 1804 divinam
3154 1766 3218 1805 ac
3250 1752 3545 1813 humanam

2053 1877 2090 1929 Β
2124 1837 2236 1892 Sibi
2285 1839 2516 1893 invicem
2561 1840 2998 1897 substantialiter
3025 1852 3078 1898 et
3119 1844 3535 1904 immutabiliter
3567 1852 3686 1906 uni-

3480 1941 3615 2013 [tam

2120 2045 2573 2115 Unamquamque
2597 2047 2650 2100 in
2680 2049 2882 2104 unione
2916 2065 3139 2107 manere
3154 2069 3262 2109 non
3287 2064 3587 2125 mutatam;

2117 2135 2193 2189 Ex
2229 2149 2461 2206 utraque
2487 2148 2667 2193 autem
2694 2148 2889 2195 natura
2918 2156 3081 2195 unam
3116 2149 3487 2202 consummari

2113 2228 2483 2297 Compositam
2511 2232 2906 2287 substantiam:
2930 2233 3001 2288 ita
3032 2233 3155 2290 ﬁdei
3186 2238 3472 2294 terminus.

2112 2317 2450 2372 Conﬁtemur
2475 2320 2637 2390 igitur
2667 2321 2845 2378 Patris
2873 2322 3068 2379 Filium
3096 2342 3283 2394 unum,

2115 2409 2427 2463 Secundum
2460 2410 2739 2467 infandam
2764 2412 2928 2469 Verbi
2959 2416 3415 2490 incarnationem,

2114 2500 2482 2572 Eutndcmque
2519 2502 2717 2559 Filium
2750 2513 2938 2576 aperte
2969 2507 3244 2564 hominem
3298 2527 3422 2569 esse
3456 2516 3680 2584 factum.

2115 2588 2288 2645 Unum
2320 2594 2598 2649 Christum
2654 2604 2708 2651 et
2749 2596 3038 2652 Dominum
3076 2601 3414 2673 unigenitum
3449 2617 3503 2662 et
3544 2608 3679 2664 Ver-

3431 2693 3611 2768 [bum,

2111 2794 2305 2847 Totum
2351 2793 2519 2849 Deum
2566 2804 2618 2851 et
2651 2797 2924 2853 hominem
2958 2800 3008 2855 in
3044 2816 3149 2856 una
3174 2803 3505 2863 substantia.

2111 2885 2285 2941 Unita:
2313 2888 2479 2957 igitur
2510 2900 2637 2943 sunt
2670 2888 2872 2945 Christi
2904 2900 3136 2958 naturae,
3174 2896 3269 2951 sed
3297 2897 3603 2966 inconfuse.

2108 3066 2283 3122 Uuitm
2308 3068 2606 3124 secundum
2635 3071 3021 3138 substantiam,
3053 3075 3243 3133 divisae
3265 3089 3448 3136 autem
3482 3099 3673 3143 rursus

2112 3162 2341 3215 Ratione
2375 3160 2845 3218 dilierentiaezalia
2876 3167 3023 3221 enim
3060 3167 3154 3224 Dei
3187 3182 3403 3240 natura,

2028 3224 2074 3287 ε
2110 3252 2174 3308 Et
2200 3254 2303 3307 alia
2344 3254 2724 3322 humanitatis,
2764 3273 2931 3312 unum
2965 3270 3143 3315 autem
3181 3262 3236 3317 in
3286 3273 3516 3336 utraque
3546 3266 3651 3324 Ver

3427 3356 3601 3428 [ὺιιιη.

2101 3458 2289 3527 itaque
2316 3475 2457 3516 unus
2487 3472 2571 3515 est
2603 3462 2881 3539 Christus,
2917 3464 3012 3517 sed
3046 3464 3186 3519 idem
3214 3462 3378 3521 etiam
3414 3472 3561 3523 duo:

2102 3548 2255 3606 Unus
2285 3554 2429 3605 enim
2462 3555 2763 3609 secundant
2805 3555 3188 3623 substantiam,
3235 3560 3433 3629 duplex
3477 3579 3662 3619 secun-

3219 3649 3369 3721 [dum
3390 3663 3662 3712 naturam.

2100 3732 2253 3788 Sicut
2286 3733 2423 3788 bene
2450 3736 2729 3790 sancimus
2760 3737 2896 3793 duas
2930 3739 3135 3794 ChriSIi
3164 3750 3418 3807 naturas,

2096 3823 2173 3877 ita
2202 3823 2338 3879 duas
2362 3841 2580 3895 quoque
2610 3827 2846 3882 dicimus
2881 3831 3225 3899 operationes
3254 3835 3531 3890 naturales

2096 3913 2161 3967 Et
2194 3917 2329 3971 duas
2362 3919 2667 3972 voluntates
2698 3920 3024 3975 naturaliter
3047 3934 3360 3992 operantes.

2094 4005 2347 4062 Essentia
2380 4008 2547 4080 igitur
2579 4020 2632 4065 et
2666 4011 2840 4065 forma
2872 4021 2925 4068 et
2966 4022 3158 4068 natura
3196 4016 3248 4069 in
3282 4014 3483 4084 Verbo,

2094 4097 2210 4154 Una
2244 4110 2423 4155 autem
2455 4102 2803 4160 indivisibilis
2838 4120 3071 4175 persona
3101 4124 3224 4162 cum
3258 4110 3563 4167 substantia

2091 4190 2323 4246 Carnem
2362 4194 2473 4247 noli
2509 4194 2600 4248 Dei
2626 4196 2990 4251 substantiam
3025 4199 3318 4268 appellare,

2092 4278 2196 4333 Sed
2259 4280 2620 4338 substantiale
2675 4285 2866 4341 dicas:
2900 4302 3157 4357 expresse
3200 4290 3344 4346 enim
3385 4294 3466 4349 sic
3498 4295 3654 4351 habet

3346 4385 3583 4456 [dogma

2091 4480 2457 4539 Substantiale
2486 4486 2664 4542 varias
2710 4489 2872 4545 habet
2920 4492 3364 4562 signiﬁcationes.
3416 4502 3653 4569 domine,

2012 4560 2063 4619 D
2092 4569 2185 4624 Est
2213 4572 2357 4624 enim
2390 4573 2745 4630 substantiale
2768 4580 2913 4646 quod
2944 4560 3128 4636 revera
3155 4587 3428 4651 subsistit,

2090 4662 2156 4714 Et
2192 4663 2387 4715 iterum
2419 4666 2781 4723 substantiale
2814 4680 2896 4724 est
2923 4662 3216 4730 commune
3237 4684 3511 4744 οεδυυιίιυ,

2093 4750 2183 4805 Vel
2208 4755 2439 4822 species,
2475 4771 2506 4808 ο
2538 4758 2855 4827 imperator,
2890 4762 2942 4814 in
2972 4764 3273 4822 individuis

2087 4843 2384 4896 Actualiter
2416 4845 2748 4910 subsistens,
2778 4864 2882 4903 non
2907 4853 3020 4905 sola
3061 4856 3409 4924 cogitatione.

2087 4934 2179 4988 Est
2206 4946 2384 4990 autem
2422 4941 2785 4997 substantiale
2819 4960 2982 5012 porro
3021 4948 3435 5020 intelligendum

2086 5026 2236 5089 Quod
2269 5037 2351 5081 est
2382 5030 2591 5084 unitum
2622 5048 2742 5086 cmn
2779 5035 2883 5087 alia
2917 5037 3136 5093 diverso

2085 5114 2397 5173 Secundum
2421 5123 2734 5183 essentiam,
2767 5123 3009 5189 domine,
3041 5128 3093 5181 in
3118 5133 3374 5191 unionem
3399 5151 3639 5206 persona

2087 5202 2259 5261 Unius
2283 5210 2617 5279 etorigiuem
2648 5212 2809 5265 unius
2840 5215 3180 5271 substantia».

2083 5297 2198 5352 Tali
2239 5303 2446 5358 ratione
2476 5303 2617 5357 enim
2662 5306 3017 5370 substantiale
3049 5310 3260 5368 deﬁniri
3292 5316 3470 5375 debet.

2082 5388 2399 5447 Substantia
2430 5404 2607 5449 autem
2637 5412 2757 5467 quae
2785 5399 3004 5468 proprie
3033 5401 3238 5460 dicitur
3518 5398 3526 5406 ’

2081 5480 2177 5537 Est
2233 5500 2318 5540 res
2364 5500 2457 5553 per
2514 5502 2573 5541 se
2622 5492 2950 5559 subsistens,
3010 5496 3094 5550 vel
3140 5498 3320 5566 potius
3378 5516 3482 5555 una
3527 5519 3643 5574 per-

3393 5592 3572 5664 [soua.

2079 5663 2197 5719 Jam
2232 5681 2359 5721 vero
2391 5667 2755 5741 substantiale
2784 5684 2867 5729 est
2896 5690 3187 5735 commune
3220 5663 3506 5752 essentiaa;

2078 5754 2311 5810 Habitus
2345 5768 2429 5811 est
2455 5761 2690 5829 qualitas
2730 5763 3035 5821 immanens
3066 5779 3120 5823 et
3148 5772 3232 5824 vix
3263 5776 3604 5845 separabilis,

2079 5844 2249 5899 Aliter
2278 5847 2501 5903 habitus
2535 5862 2618 5905 ρει
2650 5852 2893 5916 cuiusvis
2928 5858 3228 5913 secundum
3265 5874 3515 5919 naturam
