4446 6446
395 373 497 434 837

1498 361 1596 423 DE
1652 356 2050 419 DEMONUM
2101 356 2605 425 OPERATIONE.

3566 374 3675 439 838

394 489 488 544 καὶ
516 482 730 553 ἀερώδη
760 479 855 533 καὶ
885 477 1127 545 ἄκραντα
1169 490 1180 503 ·
1208 473 1303 526 καὶ
1338 470 1430 525 τοῦ
1457 470 1614 536 λόγου
1665 468 1969 539 παρέχεται
2000 470 2045 525 Α
2076 483 2146 534 qu

1903 483 1969 517 τπιι
2000 470 2045 525 Α
2076 470 2341 534 quosdam
2369 488 2557 528 aereos
2589 473 2994 545 delzecatosque
3034 478 3264 550 spiritus
3294 497 3310 546 ;
3345 489 3468 538 etin
3499 485 3659 542 dicto-

398 582 655 650 μάρτυρα
691 570 877 633 Δαυὶδ,
906 568 998 620 τὸν
1048 570 1106 619 ὲν
1143 566 1455 635 προφήταις
1518 563 1970 631 ὀνομαστότατον,

403 670 461 723 '0
489 668 677 721 ποιῶν
696 664 839 727 τοὺς
858 660 1154 731 ἀγγέλους
1177 657 1365 711 αὐτοῦ
1386 655 1698 723 πνεύματα
1721 652 1973 719 λέγοντα,

394 763 491 814 καὶ
550 757 694 822 τοὺς
751 750 1141 821 λειτουργοὺς
1206 750 1563 820 salarii-ove.
1652 746 1762 799 Καὶ
1825 745 1979 796 πᾶσα

395 855 611 918 ἀνάγκη
641 865 653 879 ·
690 849 804 911 τοῖς
829 845 938 915 γὰρ
963 844 1296 914 λειτουργοῖς
1342 841 1437 892 καὶ
1488 837 1980 907 ἀποστελλομένοις

397 943 732 1014 πνεύμασιν,
768 940 845 1003 ὡς
900 939 930 991 ὀ
974 937 1261 999 θεσπέσιος
1317 934 1684 1002 ἀποφαίνεται
1745 929 1976 992 Παῦλος,

394 1037 502 1089 ἔδει
540 1032 794 1103 σώματός
819 1046 963 1093 τινος
989 1030 1063 1091 ὡς
1120 1029 1433 1097 κινήσονται
1499 1026 1591 1078 καὶ
1660 1022 1979 1093 έστὴξονται

398 1131 493 1181 καὶ
511 1125 848 1195 φανήσονταε
880 1139 965 1191 γε.
990 1122 1064 1174 Οὐ
1096 1120 1205 1188 γὰρ
1248 1117 1421 1180 ἄλλως
1453 1117 1625 1169 ταῦτα
1667 1115 1805 1179 ἐνὸν,
1844 1114 1980 1169 ἀλλὰ

398 1222 485 1273 διὰ
533 1217 783 1285 σώματός
818 1230 987 1281 τινος,
1013 1212 1212 1265 οὑτωσὶ
1261 1209 1554 1263 τελεῖσθαι.

475 1399 710 1454 ΤΙΜΟΘ.
771 1396 897 1460 Πῶς
963 1395 1055 1449 οὖν
1109 1396 1184 1457 ὡς
1240 1392 1523 1463 ἀσώματοι
1563 1391 1832 1462 πολλαχοῦ
1887 1392 1981 1461 τῆς

402 1492 627 1561 Γραφῆς
664 1490 990 1558 ύμνοῦνταις

469 1583 664 1653 θΡᾼΞ.
695 1583 927 1635 Ὀτικα“ι
948 1582 1063 1642 τοῖς
1086 1580 1379 1649 ἡμετέροις
1396 1578 1621 1639 καὶτοῖς
1650 1576 1851 1647 θύραζε
1874 1576 1984 1645 (47)

398 1677 616 1737 καὶτοῖς
636 1674 908 1741 ἀπωτέρω
938 1672 1032 1723 καὶ
1059 1669 1291 1738 θύραθεν
1326 1667 1517 1728 εἰωθός
1548 1670 1663 1719 ἐστι
1710 1670 1777 1720 τὰ
1815 1666 1987 1736 παχύο

397 1785 531 1836 τερα
551 1765 657 1819 τῶν
678 1765 951 1833 σωμάτων
971 1761 1273 1832 σωματώδη
1300 1761 1501 1827 λέγειν’
1525 1760 1551 1811 ὃ
1572 1759 1627 1811 δὲ
1654 1758 1986 1829 λεπτομερές

398 1860 536 1920 ἐστι,
567 1856 665 1908 καὶ
710 1859 805 1924 τὴν
837 1855 959 1925 ὄψιν
984 1854 1359 1921 διαφυγγάνον
1394 1852 1489 1903 καὶ
1518 1856 1617 1922 τὴν
1637 1853 1802 1921 ἁφὴν,
1836 1849 1978 1903 ἀσώ-

402 1966 570 2018 ματον
596 1949 656 2000 ού
689 1948 848 2017 μόνον
882 1948 931 1999 οἱ
964 1947 1086 2000 καθ’
1122 1948 1291 2015 ἡμεῖς,
1316 1946 1450 1999 ἀλλὰ
1484 1946 1578 1999 καὶ
1629 1945 1815 1997 πολλοὶ
1873 1944 1980 1995 τῶν

396 2039 553 2103 ἐκτὸς
577 2038 787 2103 ἀξιοῦσι
809 2039 989 2104 λέγειν
1016 2036 1150 2093 (48‘.

2081 576 2197 612 ιιιιιι
2222 576 2447 616 suorum
2472 565 2942 623 conﬁrmationem
2968 569 3226 628 Davidem
3252 574 3406 629 illum
3436 583 3667 647 protulit--

2078 661 2254 706 tarum
2292 656 2537 709 omnium
2583 660 3003 716 celeberrimum
3059 673 3252 720 testem
3291 668 3447 733 citat,
3502 672 3669 737 cujus

2080 743 2193 797 haec
2225 745 2387 799 verba
2417 753 2569 800 sunt.
2608 747 2712 813 Qui
2732 751 2863 818 facit
2896 752 3109 823 angelos
3153 756 3390 824 spiritus,
3428 768 3478 812 et
3513 763 3671 814 mini-

2080 844 2216 890 δινσε
2251 838 2531 906 ﬂammeos
2569 842 2613 895 '.
2647 840 2801 907 Quod
2856 846 2930 898 ita
2961 863 3020 901 se
3063 847 3263 902 habeat
3304 865 3530 906 necesse
3560 865 3666 908 est.

2081 927 2346 985 Ministris
2372 934 2516 987 enim
2569 942 2624 989 et
2682 935 2736 988 in
2789 952 2942 992 suam
2991 940 3260 1009 ablegatis
3320 944 3665 1011 prm'inciam

2083 1022 2394 1090 spiritibus,
2425 1036 2485 1079 ut
2515 1028 2576 1080 D.
2613 1025 2815 1082 Paulus
2847 1031 3047 1083 asserit
3074 1032 3118 1095 ⁸,
3151 1048 3383 1102 corpore
3411 1037 3667 1104 quopiam

2082 1130 2223 1184 opus
2254 1128 2362 1185 est,
2394 1126 2451 1171 ut
2486 1130 2832 1185 moveantur,
2878 1131 2931 1177 et
2968 1126 3282 1193 quiescant,
3337 1137 3499 1199 atque
3533 1131 3669 1183 adeo

2084 1210 2529 1278 appareant.Nec
2551 1213 2695 1266 enim
2720 1213 2834 1267 ﬁeri
2868 1214 2982 1268 haec
3008 1215 3114 1269 alio
3139 1216 3301 1272 modo
3330 1231 3584 1287 possunt,
3614 1230 3668 1273 at

2085 1302 2369 1370 cujusdam
2401 1304 2655 1373 corporis
2686 1306 3010 1362 iulermedio
3052 1309 3123 1361 ita
3152 1308 3312 1364 ﬁunt.
3423 1303 3427 1308 ’

2157 1393 2445 1449 TIMOTH.
2506 1394 2610 1462 Qui
2663 1396 2721 1450 lit
2768 1415 2920 1469 ergo,
2954 1413 3012 1455 ut
3044 1403 3323 1471 plerisque
3377 1403 3672 1476 Scriptum

2087 1486 2222 1539 locis
2263 1498 2517 1556 tanquam
2549 1489 2857 1555 incorporei
2891 1495 3280 1549 celebrentur?

2162 1577 2425 1633 TllllAX.
2488 1582 2553 1633 Et
2589 1585 2764 1637 nostri
2793 1594 2847 1638 et
2880 1588 3117 1652 externi,
3151 1599 3316 1659 atque
3342 1591 3480 1647 adeo
3503 1609 3531 1646 a
3573 1611 3669 1647 no-

2093 1678 2208 1724 stra
2248 1672 2514 1742 religione
2572 1675 2928 1729 remotissimi
2960 1685 3015 1731 et
3044 1680 3418 1747 antiquissimi
3464 1685 3671 1753 quique

2091 1779 2322 1833 corpora
2366 1765 2477 1827 illa,
2512 1781 2633 1834 quze
2664 1769 2938 1822 crassiora
2973 1779 3124 1833 sunt,
3177 1786 3443 1843 corporea
3486 1774 3671 1830 dicere

2089 1854 2285 1916 solent,
2315 1854 2458 1923 quod
2508 1866 2690 1909 autem
2743 1861 3097 1930 perexiguum
3154 1872 3239 1916 est
3281 1872 3335 1916 et
3380 1872 3667 1933 pertenue,

2091 1960 2188 1997 uec
2222 1947 2325 2000 sub
2383 1956 2662 2016 aspectum
2720 1951 2885 2013 cadit,
2916 1966 3014 2005 nee
3057 1954 3229 2007 tactui
3260 1956 3576 2024 exponitur,
3616 1958 3667 2010 id

2089 2038 2479 2109 incorporeum
2535 2055 2642 2095 non
2680 2041 2857 2097 solum
2895 2043 3175 2113 religionis
3222 2058 3444 2111 noetm,
3476 2065 3666 2102 verum

2087 2133 2252 2185 etiam
2287 2142 2531 2188 externa:
2582 2137 3000 2205 superstitionis
3060 2140 3340 2197 antistites
3382 2143 3671 2211 appellau-

2090 2226 2216 2278 dum
2244 2234 2490 2279 censent.

1862 2504 2109 2566 CAPUT
2146 2508 2321 2569 νιιῐ.

752 2608 829 2663 De
860 2611 1083 2679 angelici
1111 2612 1345 2677 corporis
1376 2628 1407 2663 a
1439 2611 1795 2679 dwmoniaco,
1848 2618 2252 2679 splendorisque
2286 2639 2317 2674 a
2346 2622 2508 2675 solari

1537 2611 1795 2679 inaniaco,
1848 2618 2252 2679 splendorisaue
2286 2639 2317 2674 a
2346 2622 2517 2675 solari
2546 2622 2850 2690 differentia
2878 2631 2926 2675 et
2958 2621 3293 2676 discrimine.

464 2731 699 2787 ΤΙΜΟΘ.
731 2730 896 2783 Ἀλλά
912 2731 963 2781 τί
987 2730 1083 2796 δή;
1114 2730 1273 2780 τοῦτο
1305 2729 1365 2781 τὸ
1398 2735 1648 2799 συμφυὲς
1670 2736 1780 2797 τοῖς
1806 2735 1975 2801 ἀγγέ-

394 2827 507 2890 λοις
534 2826 692 2895 σῶμα
716 2823 946 2892 πότερον
977 2820 1175 2872 ταυτόν
1206 2822 1323 2873 έστι
1353 2824 1446 2875 καὶ
1467 2826 1577 2886 τοῖς
1602 2824 1855 2893 δαίμοσιν
1880 2842 1894 2891 ;

464 2998 661 3069 ΘΡᾼΞ.
715 2998 930 3061 ’Λπαγε
954 3012 966 3024 ·
1022 2994 1218 3047 πολλοῦ
1273 3012 1335 3062 γε
1375 2996 1471 3048 καὶ
1494 2996 1594 3050 δεῖ.
1629 2999 1671 3049 Τ
1675 2999 1702 3048 ὸ
1733 2999 1833 3065 μὲν
1864 3001 1973 3070 γὰρ

395 3088 709 3155 ἀγγελικὸν,
741 3085 918 3151 αὐγάς
953 3101 1109 3145 τινας
1140 3084 1421 3154 ἑξανίσχον
1448 3085 1624 3152 ξένας,
1671 3092 1781 3152 τοῖς
1815 3092 1973 3154 ὲκτὸς

393 3179 696 3248 όςθαλμοϊς
728 3180 878 3230 ἐστιν
908 3177 1188 3246 ἀφόρητόν
1210 3193 1267 3230 τε
1317 3180 1412 3231 καὶ
1454 3181 1827 3235 ἀνυπόστατον
1863 3200 1876 3214 ·
1910 3186 1969 3236 τὸ

392 3269 667 3336 δαιμόνιον
696 3268 772 3330 δὲ,
806 3268 855 3319 ει
887 3269 985 3335 μὲν
1015 3266 1258 3319 τοιοῦτον
1286 3268 1349 3337 δή
1362 3286 1487 3321 ποτε
1515 3267 1581 3339 ἦν
1611 3272 1710 3324 οὐκ
1739 3272 1857 3325 οῖδα
1887 3276 1967 3326 εἱ-

395 3361 549 3411 πετνσ
608 3359 748 3411 ἔοικε
783 3357 828 3408 δ’
865 3358 980 3421 οὖν,
1021 3358 1332 3426 Ἑωσφόρον
1398 3359 1623 3413 Ἡσαΐου
1667 3364 1758 3415 τὸν
1812 3367 1975 3418 ἐκπε-

396 3452 558 3504 σόντα
584 3448 1047 3519 κατονομάζοντος
1074 3466 1087 3478 ·
1138 3450 1232 3503 νῦν
1277 3451 1334 3503 δὲ
1382 3452 1518 3504 ἀλλὰ
1580 3453 1816 3523 ζοφῶδες
1863 3452 1973 3512 οἷον

391 3544 485 3596 καὶ
510 3543 759 3611 ἀμαυρόν
786 3545 927 3604 ἐστι,
954 3543 1047 3593 καὶ
1074 3546 1187 3604 τοῖς
1211 3543 1424 3612 ὄμμασι
1447 3545 1713 3614 λυπηρὸν,
1747 3566 1970 3619 γυμνω-

393 3636 485 3689 θὲν
508 3635 602 3689 τοῦ
639 3635 873 3702 συζύγου
910 3634 1106 3701 φωτός.
1143 3636 1252 3687 Καὶ
1280 3634 1340 3687 τὸ
1370 3636 1470 3704 μὲν
1489 3637 1782 3705 ἀγγελικὺν
1835 3659 1971 3694 παν-

390 3728 632 3780 τάπασίν
663 3729 813 3779 ἐστιν
844 3727 1007 3779 ἄῦλον
1033 3742 1046 3754 ·
1073 3726 1153 3778 διὸ
1187 3728 1280 3780 καὶ
1306 3727 1396 3780 διὰ
1427 3731 1630 3792 παντός
1680 3732 1796 3784 ἐστι
1854 3750 1971 3786 στε-

395 3819 521 3889 ρεοῦ
548 3820 791 3872 διαδύνον
830 3819 924 3870 καὶ
963 3816 1114 3880 διϊὸν,
1146 3818 1242 3869 καὶ
1274 3817 1373 3885 τῆς
1398 3818 1631 3888 ἡλιακῆς
1664 3821 1880 3886 ἀκτῖνος
1908 3823 1968 3876 ὃν

390 3911 788 3976 ἀπαθέστερον.
819 3908 931 3975 Τὴν
967 3908 1068 3976 μὲν
1092 3909 1203 3977 γὰρ
1235 3907 1325 3961 διὰ
1368 3910 1640 3979 σωμάτων
1692 3911 1969 3981 διαφανῶν

393 4002 579 4055 ἰοῦσα-ι
640 3999 937 4065 ἀποστέγει
987 3999 1056 4051 τὰ
1115 3998 1294 4069 γεώδη
1344 4001 1440 4052 καὶ
1471 4001 1721 4071 ἀλαμπῆ,
1764 4003 1838 4068 ὡς
1873 4006 1965 4059 καὶ

391 4095 585 4148 κλάσιν
620 4094 937 4162 ὑπομένειν.
976 4093 1071 4146 ἆτε
1100 4092 1165 4161 δὴ
1201 4092 1261 4145 τὸ
1294 4092 1480 4145 ἔνυλον
1511 4094 1744 4164 ἔχουσαν
1772 4113 1784 4126 ·
1814 4098 1890 4168 τῷ
1907 4098 1963 4151 δὲ

388 4184 543 4237 οὐδὲν
571 4184 751 4237 αὐτῶν
783 4184 899 4235 ἐστι
954 4183 1279 4252 πρόσαντες,
1335 4178 1422 4236 οἷα
1474 4186 1742 4256 μηδεμίαν
1786 4188 1962 4258 ἔχοντι

390 4276 527 4343 πρὸς
592 4273 759 4343 μηδὲν
798 4270 1094 4335 ἀντίθεσιν,
1161 4273 1298 4341 μηδέ
1344 4290 1485 4326 τισιν
1528 4277 1844 4347 όμόστοιχον
1881 4280 1960 4333 όν.

390 4366 472 4421 Τὰ
500 4366 554 4417 δὲ
581 4364 832 4434 δαιμόνια
864 4362 1114 4432 σώματα,
1154 4363 1259 4415 κᾶν
1287 4364 1391 4417 ὑπὸ
1415 4365 1742 4437 λεπτότητος
1778 4371 1960 4440 ἀφανῆ

392 4457 749 4525 καθέστηκεν,
789 4452 906 4507 ἀλλ’
935 4456 1085 4522 ὅμως
1111 4454 1271 4507 ἔνυλά
1313 4473 1388 4523 πη
1418 4458 1512 4510 καὶ
1569 4460 1818 4529 ἐμπαθῆ,
1869 4465 1962 4516 καὶ

393 4548 611 4619 μάλισθ’
634 4548 734 4600 ὅσα
757 4546 882 4607 τοὺς
932 4546 1036 4598 ὑπὸ
1064 4546 1170 4613 γῆν
1205 4547 1499 4601 ὑποδέδυκε
1527 4550 1745 4613 τόπους.
1776 4554 1959 4608 Ταῦτα

2154 2739 2443 2800 ΤΙΜΟΤΠ.
2492 2740 2605 2811 Age
2672 2755 2822 2805 vero,
2903 2754 3163 2793 numnam
3229 2754 3434 2810 Corpus
3504 2741 3667 2796 illudv

2078 2835 2224 2904 quod
2260 2833 2472 2904 angelis
2515 2834 2769 2887 innatum
2824 2841 2928 2894 est,
2961 2831 3107 2884 idem
3154 2840 3206 2885 et
3256 2830 3536 2889 daemones
3568 2836 3666 2887 ha-

2080 2924 2411 3048 ὺᾟὲιῖιῖΑΧ.
2450 2993 2654 3062 Apage,
2691 2990 2926 3044 alterum
2964 3004 3098 3043 sane
3128 2989 3196 3043 ab
3220 2989 3393 3043 altero
3425 2990 3666 3058 permul-

2078 3097 2193 3140 tum
2258 3085 2460 3140 dill‘ert.
2543 3083 2866 3152 Angelicum
2934 3083 3103 3146 enim,
3175 3082 3303 3151 quia
3372 3090 3662 3139 extraneos

2077 3178 2267 3231 nescio
2290 3192 2427 3246 quos
2451 3175 2772 3244 splendores
2796 3172 2995 3227 emittit
3012 3182 3066 3228 et
3096 3172 3424 3241 eiaculatur,
3454 3173 3662 3228 idcirco

2075 3268 2379 3319 exteriores
2407 3267 2598 3321 oculos
2629 3265 2841 3334 fulgore
2870 3278 2969 3317 suo
2997 3264 3336 3334 perstringit,
3368 3281 3466 3319 nec
3496 3264 3565 3320 ab
3595 3266 3664 3321 iis

2076 3362 2204 3415 ferri
2232 3359 2523 3414 tolerarive
2572 3367 2767 3427 potest.
2816 3356 3219 3409 Damiouiacum
3272 3370 3405 3411 vero
3439 3370 3507 3409 an
3552 3356 3660 3410 hu-

2066 3451 2306 3521 jusmodi
2373 3448 2647 3518 quondam
2702 3446 2904 3509 fuerit,
2966 3445 3239 3500 allirntarc
3295 3462 3403 3499 non
3451 3447 3655 3512 ausim,

2074 3545 2243 3597 fuisse
2293 3553 2472 3597 tamen
2523 3541 2763 3595 videtur.
2815 3541 2950 3593 Cum
2999 3539 3145 3593 enim
3206 3540 3299 3607 qui
3342 3538 3529 3608 lapsus
3570 3549 3659 3594 est

2072 3636 2390 3690 Luciferum
2428 3641 2589 3689 vocet
2621 3632 2795 3688 Isaias
2818 3632 2860 3696 ',
2899 3645 3047 3685 nunc
3075 3646 3205 3684 vero
3234 3632 3652 3686 tenebricosum

2071 3731 2261 3784 nescio
2299 3728 2431 3799 quid
2468 3735 2521 3780 et
2555 3726 2852 3781 obscurum
2902 3734 3010 3787 est,
3063 3735 3224 3793 atque
3260 3725 3379 3778 visu
3436 3725 3654 3779 tristiti-

2069 3838 2218 3885 cum,
2252 3828 2439 3890 utpote
2473 3825 2705 3888 cognato
2748 3817 2955 3870 lumine
3009 3815 3286 3870 orbatum.
3318 3817 3495 3886 Atque
3550 3832 3654 3871 an-

2071 3914 2303 3985 gelicum
2328 3912 2548 3983 quidem
2596 3909 2744 3963 omni
2798 3923 3025 3977 prorsus
3060 3909 3293 3963 materia
3326 3916 3506 3971 vacat,
3541 3928 3653 3979 quo

2068 4004 2128 4056 lit
2159 4003 2321 4057 etiam
2351 4041 2365 4065 ,
2404 4013 2461 4055 ut
2502 4015 2718 4068 semper
2769 3997 3038 4061 solidum,
3082 3998 3438 4067 penetrabile,
3487 4008 3653 4069 atque

2067 4091 2398 4159 permeabile
2442 4090 2533 4152 sit,
2570 4091 2797 4159 ipsoque
2843 4088 3008 4142 solari
3060 4088 3213 4143 radio
3272 4089 3648 4159 impatiliilius.

2066 4182 2223 4236 llunc
2241 4183 2384 4236 enim
2408 4180 2812 4249 transpareutia
2834 4194 2930 4234 seu
2964 4179 3235 4249 pellucida
3260 4194 3495 4249 corpora
3528 4198 3654 4252 per-

2068 4288 2339 4330 meamem
2372 4289 2433 4328 ea
2464 4273 2792 4343 relringunt,
2820 4286 2942 4341 quae
2964 4278 3184 4327 terrena
3219 4282 3274 4327 et
3299 4287 3471 4343 opaca
3497 4285 3647 4341 sunt,

2066 4368 2141 4422 ita
2174 4377 2233 4419 ut
2273 4367 2442 4420 ictum
2479 4364 2699 4433 quidem
2750 4362 2977 4417 luminis
3034 4362 3236 4427 ferant,
3295 4364 3500 4434 quippe
3552 4371 3645 4436 qui

2066 4459 2310 4514 materia:
2346 4472 2454 4510 non
2484 4457 2555 4510 sit
2588 4470 2817 4524 expers;
2850 4462 2905 4507 at
2936 4455 3186 4524 angelico
3215 4456 3435 4524 corpori
3459 4456 3648 4523 hujus-

2066 4550 2213 4605 modi
2259 4562 2555 4616 corporum
2601 4547 2814 4600 nullum
2849 4545 3093 4609 obsistit,
3142 4545 3345 4615 quippe
3377 4547 3466 4601 cui
3511 4548 3646 4602 nihil

390 4642 496 4711 γὰρ
532 4637 803 4704 τοσαύτην
826 4636 940 4704 ἔχει
971 4636 1068 4705 τὴν
1097 4636 1377 4704 σύστασιν,
1413 4639 1483 4702 ὡς
1516 4641 1609 4693 καὶ
1631 4644 1795 4711 ἁφαῖς
1825 4648 1960 4699 ὑπο-
1989 4629 2043 4688 D
2069 4643 2146 4697 adv

1886 4665 1960 4699 το.
1989 4629 2043 4688 Ι)
2069 4643 2389 4697 adversetur
2438 4647 2939 4694 consentaneuIm-e
2994 4638 3089 4692 sit.
3146 4637 3487 4694 Daemoniaca
3516 4655 3642 4693 vero

389 4732 633 4795 πίπτειν,
666 4729 761 4781 καὶ
786 4727 1135 4798 πληττόμενα
1169 4728 1479 4795 ὀδυνᾶσθαι,
1519 4735 1613 4787 καλ¹
1636 4738 1766 4805 πυρὶ
1793 4754 1967 4807 προσ-

387 4822 731 4891 ομιλήσαντα
762 4819 1017 4884 κάεσθαι,
1051 4819 1126 4883 ὡς
1180 4824 1276 4875 καὶ
1317 4822 1436 4876 ενια
1478 4824 1687 4878 τούτων
1737 4829 1963 4881 ἀπολεί-

456 4955 476 4985 '
506 4954 653 5011 Psal.
683 4967 790 5020 Civ,
825 4952 915 5009 15.
996 4952 1204 5009 'Hebr.
1239 4972 1278 5022 ι,
1319 4956 1404 5010 14.
1482 4959 1501 4989 ⁹
1532 4960 1638 5015 lsa.
1676 4977 1785 5027 xiv,
1818 4965 1903 5019 t2.

2072 4746 2326 4803 corpora,
2374 4730 2675 4800 quamlibet
2718 4731 2894 4782 visum
2927 4743 3037 4797 prae
3071 4729 3337 4782 tenuitate
3366 4727 3643 4783 subterfu-

2068 4827 2235 4897 giant,
2271 4822 2515 4877 materia:
2542 4832 2719 4876 tamen
2752 4820 3001 4875 nonnihil
3035 4819 3257 4886 habent,
3284 4820 3640 4890 patibiliaque

1656 5099 1992 5157 GAULMINI
2020 5102 2256 5159 NOTAE.

451 5206 561 5275 (47)
596 5205 660 5257 υἱ
689 5202 914 5278 Θύραζ-ε,
948 5203 1121 5278 δι’κεί
1156 5206 1252 5278 vel
1291 5208 1540 5278 gentiles.
1576 5210 1638 5261 Oi
1696 5210 1801 5278 ἔξω
1855 5213 1956 5266 Da-

386 5279 596 5354 rnascio
632 5284 823 5354 contra
858 5274 1089 5354 M’anich.
1113 5276 1199 5354 Emi)
1229 5274 1333 5341 ἔξω
1368 5274 1954 5354 φιλοσοεξὶαυϐἰεςοι-ἱυ

387 5348 619 5420 [ﬁysseuf
649 5341 1053 5420 ii_i__Vita_Greg.
1113 5341 1404 5420 Iluuiinat.
1430 5418 1437 5420 ἓ
1465 5349 1541 5416 (p.
1574 5341 1736 5417 244);
1797 5341 1955 5420 ’ἇοφοὶ

384 5411 965 5478 οῖ’ἒξωίιιΤΙιεοιίθιιὶ
996 5411 1264 5481 legatione
1317 5416 1384 5469 ad
1414 5411 1797 5474 Armeniorum
1850 5411 1955 5478 Ca.

382 5487 669 5545 tholicum,
703 5483 794 5550 qui
838 5484 1053 5538 illorum
1090 5484 1396 5551 patriarcha
1423 5498 1527 5542 est.
1562 5487 1747 5544 Disces
1770 5507 1834 5545 ex
1870 5493 1957 5548 Jo-

381 5556 536 5622 seph.
568 5554 683 5606 Ind.
717 5553 873 5618 Quod
905 5569 1120 5614 moueo.
1148 5554 1275 5622 quia
1326 5557 1409 5609 vir
1457 5558 1651 5614 doctus
1710 5563 1960 5617 consula-

382 5640 493 5699 rem
524 5625 917 5699 interpretatus
949 5635 1058 5699 eat.
1093 5626 1299 5699 liabet“
1334 5642 1361 5677 a
1396 5625 1749 5699 Pythagoreis
1795 5633 1954 5687 Chri-

379 5693 563 5768 stiani.
597 5692 844 5768 Malchus
860 5712 873 5746 :
893 5695 1052 5768 μόνον
1077 5693 1183 5768 τῶν
1203 5692 1540 5750 δυσσυνέτων
1566 5692 1703 5768 (lege
1729 5702 1957 5765 δυσξυν-

382 5763 540 5834 έτων)
570 5763 722 5835 παρά
763 5765 876 5829 τοῖς
930 5763 1035 5829 ἔξω
1082 5763 1687 5837 διαμνημονευομένων.
1744 5773 1804 5823 0i
1840 5763 1944 5826 ἔξω

2051 5215 2192 5287 apud
2229 5215 2351 5270 illos
2373 5224 2499 5271 sunt
2532 5214 2843 5285 philosophi
2875 5228 2985 5287 non
3016 5214 3263 5287 ejusdem
3295 5223 3482 5270 sectae.

2132 5287 2244 5366 (48)
2276 5287 2423 5368 Quos
2448 5283 2583 5368 alios
2605 5283 3206 5368 siniulusentirejnquit
3226 5300 3336 5368 non
3360 5283 3633 5368 e_xs_c5iho,

2053 5358 2183 5427 quia
2217 5361 2421 5426 pridem
2449 5366 2529 5409 est
2566 5373 2691 5412 cum
2719 5358 2808 5412 alii
2839 5355 3251 5427 exscripserunt
3274 5372 3288 5421 ;
3310 5355 3403 5411 sed
3424 5355 3639 5427 Aristo-

2053 5426 2214 5483 telem
2254 5427 2502 5497 (Melap/i.
2531 5443 2601 5491 iv,
2632 5431 2687 5496 8)
2710 5442 2933 5497 crucem
2984 5426 3634 5497 ph'IlOSOphiSJ'elittqtll-

2057 5513 2177 5553 Inus
2202 5514 2214 5549 :
2240 5490 2649 5566 Οὑσίαλέγεται
2670 5490 2739 5551 τά
2761 5514 2819 5549 τε
2843 5490 2997 5550 ἀπλᾶ
3018 5490 3270 5566 σώματα,
3302 5490 3413 5550 οἷον
3438 5496 3506 5564 γῆ
3525 5490 3633 5550 ’καὶ

2057 5568 2168 5637 πῦρ
2195 5570 2286 5622 καὶ
2309 5565 2473 5637 ὕδωρ,
2497 5570 2590 5621 καὶ
2605 5570 2705 5622 ὅσα
2726 5567 3082 5632 τοιαῦτα,καὶ
3108 5567 3250 5637 ὅλως,
3266 5567 3515 5636 σώματα,
3539 5571 3636 5637 καὶ

2064 5621 2815 5706 τίέκτούτωνσυνεστῶτα,
2848 5621 2970 5701 (ibi,
2998 5653 3059 5692 τε
3099 5638 3193 5691 καὶ
3225 5621 3515 5708 δαιμόνια,
3536 5630 3632 5683 καὶ

2062 5712 2130 5763 τὰ
2168 5712 2334 5783 μόρια
2362 5712 2585 5767 τούτων.
