4446 6446
766 395 877 462 679

2055 395 2477 457 MICIIAELIS
2518 398 2785 461 PSELLI

3929 399 4034 466 880

767 523 819 564 at
859 511 1081 580 quidam
1146 526 1410 566 resonans
1462 510 1610 566 Iebes
1647 508 2014 579 TlteSprotins
2066 521 2122 566 et
2169 511 2351 566 Dodo-
2380 514 2429 573 Α
2459 529 2523 565 κα

2272 511 2351 566 lo-
2380 514 2429 573 Α
2459 514 2550 565 καὶ
2572 514 2623 566 οί
2659 513 3082 585 μητριάζοντες,
3112 515 3411 580 Κλώδωνές
3441 533 3496 569 τε
3531 516 3625 570 καὶ
3661 514 4028 584 Μιμαλλόνες,

764 619 949 657 nasum
994 606 1269 669 ahenum;
1306 612 1361 656 et
1390 602 1637 672 Corybas
1690 602 1832 655 alius
1884 612 1938 655 et
1980 601 2151 658 Cures
2192 602 2348 663 alter,

771 699 1080 751 daemonum
1116 694 1478 748 imitamenta.
1519 692 1647 746 Post
1680 691 1864 747 Bnubo
1895 708 2056 746 crura
2090 692 2353 761 detegens

763 799 824 843 et
859 789 1152 843 femineum
1190 788 1391 857 inguen
1420 805 1435 852 ;
1465 788 1544 841 sic
1585 786 1732 840 enim
1765 786 2028 855 pudorem
2064 785 2353 839 nominant

767 884 1036 938 dedecore
1072 880 1250 936 affecti
1284 899 1297 945 ;
1328 888 1382 934 ct
1423 882 1502 934 sic
1551 880 1604 933 in
1645 879 1987 950 turpitudine
2030 878 2349 950 mysterium

765 976 1091 1033 dissolvunt.

834 1159 887 1212 ι.
943 1158 1423 1211 lncantamentum
1470 1163 1652 1209 autem
1702 1168 1793 1210 ars
1855 1163 1940 1210 est
1994 1154 2151 1210 vanis
2204 1154 2347 1210 circa

766 1249 1084 1304 materiales
1113 1258 1167 1303 et
1199 1256 1494 1303 terrestres
1530 1246 1810 1301 daemones
1861 1246 2350 1315 imaginationibus

768 1337 1083 1411 indulgens,
1112 1347 1168 1394 et
1193 1353 1385 1394 eorum
1440 1337 1849 1407 inspectoribus
1880 1340 2105 1393 umbras
2139 1346 2253 1391 tum
2284 1351 2348 1391 ex

762 1430 955 1486 inferis
1020 1430 1297 1485 adducens
1358 1438 1475 1483 tum
1524 1446 1587 1484 ex
1639 1429 1753 1483 alto
1810 1429 2089 1483 deducens
2147 1443 2352 1499 easque

762 1528 974 1579 noxias.
1009 1524 1073 1576 Et
1100 1523 1347 1590 qrmdam
1379 1537 1644 1591 corporea
1670 1521 2050 1590 phantasmata
2088 1535 2184 1575 eas
2216 1536 2352 1575 con-

760 1618 1153 1685 templantibus
1171 1616 1449 1683 supponit.
1476 1613 1539 1665 Et
1558 1614 1681 1667 aliis
1699 1614 1917 1683 quidem
1941 1612 2120 1665 fluxus
2138 1613 2351 1681 aliquos

760 1711 888 1764 inde
918 1708 1251 1763 fluctuantes
1274 1705 1496 1769 emittit,
1520 1705 1643 1759 aliis
1674 1720 1803 1757 vero
1837 1705 2176 1779 vinculorum
2203 1702 2353 1755 solu-

760 1805 963 1855 tionem
999 1809 1054 1854 et
1085 1799 1310 1855 delicias
1334 1807 1389 1853 et
1419 1797 1623 1867 gratias
1655 1797 1967 1851 annuntiat.
2030 1794 2137 1849 llas
2168 1808 2349 1848 autem

761 1895 1035 1964 potentias
1070 1900 1264 1948 evocat
1291 1892 1637 1946 carminibus
1667 1892 1933 1960 repetitis.

828 2081 883 2135 5.
921 2078 1094 2149 Magia
1152 2089 1333 2133 autem
1381 2078 1589 2133 Gmcis
1648 2076 1937 2131 videbatur
1978 2077 2205 2131 multam
2237 2076 2346 2131 vim

757 2174 981 2229 habere.
1021 2172 1153 2227 Eam
1192 2173 1443 2226 ultimam
1470 2171 1817 2227 medicinalis
1862 2171 2108 2227 scientiae
2138 2180 2346 2239 partem

754 2281 881 2320 esse
911 2266 1117 2318 dicunt.
1147 2263 1491 2334 lnvestigans
1511 2265 1657 2318 enim
1683 2265 1926 2316 omnium
1959 2263 2345 2317 sublunarium

754 2359 1193 2411 substantiarum
1228 2367 1284 2411 et
1324 2366 1577 2411 naturam
1638 2364 1695 2411 et
1728 2358 2071 2425 qualitatem,
2103 2358 2344 2411 elemen-

756 2460 939 2506 torum
982 2466 1177 2522 nempe
1212 2466 1517 2519 eorumque
1544 2451 1805 2520 partium,
1850 2451 2172 2502 animalium
2210 2465 2347 2520 quo-

758 2546 1041 2609 rumlibet,
1108 2548 1427 2614 plantarum
1488 2556 1791 2612 earumque
1840 2543 2161 2606 fructuum,
2214 2540 2346 2610 lapi-

754 2642 913 2703 dum,
982 2639 1304 2703 herbarum,
1356 2646 1414 2691 et
1462 2650 1574 2690 uno
1628 2635 1798 2689 verbo
1850 2635 2097 2688 omnium
2158 2646 2343 2687 rerum

756 2733 1131 2786 substantiam
1196 2739 1252 2784 et
1306 2729 1632 2800 potentiam,
1706 2728 1835 2780 inde
1904 2740 2001 2779 sua
2060 2734 2340 2793 operatur.

752 2826 1167 2882 Oblectamenta
1225 2822 1482 2891 proponit
1529 2822 1820 2873 sanitatem
1854 2817 2172 2879 ellicientia.
2222 2833 2345 2887 spe-

753 2919 981 2985 ciesque
1037 2912 1457 2967 diversissimas
1509 2910 1786 2979 producit,
1828 2916 1883 2963 et
1942 2909 2046 2961 alia
2106 2908 2343 2962 medica-

755 3018 938 3062 menta
994 3007 1250 3059 morbum
1316 3002 1633 3057 efﬁcientia.
1694 3003 1906 3069 Aquila:
1961 3011 2014 3055 et
2071 3002 2343 3055 dracones

754 3098 945 3154 efficax
998 3098 1109 3151 illis
1169 3103 1328 3150 crant
1381 3094 1448 3148 ad
1511 3094 1806 3148 sanitatem
1860 3096 2157 3161 sumptio;
2207 3093 2341 3149 feles

753 3202 936 3248 autem
984 3200 1039 3247 et
1090 3204 1259 3243 canes
1292 3198 1345 3244 et
1401 3188 1549 3242 corvi
1611 3188 1812 3257 vigilia:
1874 3188 2143 3257 symbola.
2201 3186 2337 3242 Cera
2369 3217 2411 3275 ο
2446 3196 2509 3265 βυ

1892 3188 2143 3257 symbola.
2201 3186 2337 3242 Cera
2369 3217 2411 3275 C
2446 3196 2710 3265 βιώσιμος
2740 3198 2924 3258 αὐτοῖς
2965 3198 3104 3267 πρὸς
3138 3199 3326 3265 ὑγείαν
3354 3199 3648 3259 ὑπόθεσις*

753 3302 885 3342 vero
918 3295 971 3341 et
1007 3286 1183 3339 lutum
1233 3283 1287 3336 in
1340 3283 1716 3338 membrorum
1748 3282 2151 3336 confictionem
2183 3280 2340 3334 adhi-

750 3376 1047 3432 bebantur.
1110 3377 1394 3443 Apparere
1462 3376 1624 3428 etiam
1708 3375 1839 3429 facit
1899 3376 2042 3444 ignis
2100 3374 2341 3430 cmlestis

748 3468 1076 3523 editionem.
1113 3464 1175 3518 Et
1208 3473 1403 3534 sponte
1456 3465 1747 3519 subrident
1800 3474 1999 3520 statuae
2056 3472 2113 3518 et
2158 3464 2343 3519 subito

749 3563 877 3631 igne
924 3559 1205 3628 lampades
1234 3558 1635 3613 accenduntur.
1668 3559 2069 3627 Complectitur
2120 3572 2344 3626 quoque

763 3663 933 3705 totam
967 3649 1366 3705 astronomiam
1420 3658 1475 3705 et
1531 3651 1701 3703 multa
1754 3664 1851 3719 per
1903 3664 2025 3705 eam
2077 3658 2133 3705 et
2162 3657 2343 3719 potest

746 3757 801 3800 ct
832 3744 1063 3816 perficit.

824 3930 877 3980 6.
925 3924 1128 3989 Omen,
1173 3934 1233 3978 ut
1272 3922 1418 3979 istud
1452 3937 1653 3979 nomen
1696 3924 1927 3987 indicat,
1957 3932 2041 3979 est
2068 3925 2341 3979 malorum

752 4020 1067 4073 daemonum
1130 4016 1429 4071 invocatio.
1486 4014 1575 4069 Fit
1610 4027 1791 4071 autem
1834 4032 1959 4071 cum
1999 4019 2077 4072 sol
2118 4019 2185 4070 ad
2228 4034 2342 4072 me-

752 4112 945 4165 ridiem
981 4118 1236 4164 recenter
1279 4124 1474 4165 versus
1506 4118 1611 4171 est,
1635 4109 1779 4163 diem
1814 4111 2091 4174 minuens,
2126 4118 2343 4163 noctein

750 4218 881 4256 vero
934 4202 1238 4271 adaugens.
1303 4200 1618 4271 Opinantur
1688 4205 1833 4255 enim
1896 4201 2071 4255 Graeci
2131 4202 2341 4255 nullum

752 4293 1125 4348 materialium
1180 4292 1488 4347 daauionum
1558 4291 1693 4347 solis
1742 4290 1929 4377 rad‘ios
1976 4292 2123 4346 bono
2155 4293 2344 4345 animo

754 4390 976 4443 habere.
1040 4386 1175 4441 Inde
1229 4386 1392 4440 nobis
1441 4393 1609 4439 noctu
1660 4385 1894 4439 insidias
1950 4392 2193 4447 struunt,
2253 4385 2344 4436 die

752 4481 1001 4535 insidiari
1035 4494 1145 4533 non
1176 4479 1443 4533 valentes.
1470 4476 1701 4543 Quando
1740 4479 1908 4548 igitur
1951 4477 2135 4546 lumen
2170 4477 2343 4546 magis

2458 606 2553 659 καί
2592 624 2676 669 τις
2720 606 2873 675 ἠχῶν
2914 606 3080 677 λέὁης
3110 608 3515 679 Θεσπρώτειος,
3576 608 3671 661 καὶ
3715 606 4034 659 Δωδωναῖον

2456 697 2709 762 χαλκεῖον
2737 714 2751 728 ο
2794 700 2889 750 καὶ
2924 699 3181 769 Κορύϐας
3218 700 3399 763 ἀλλος,
3430 702 3523 751 καὶ
3570 698 3791 768 Κούρης
3820 699 4032 767 ἕτερος,

2453 789 2728 857 δαιμόνων
2758 791 3079 861 μιμήματα.
3122 791 3240 861 Ἐφ’
3266 786 3347 855 οἷς
3378 795 3412 863 ὴ
3446 792 3640 847 Βαυδὼ
3670 793 3796 853 τοὺς
3824 793 4033 861 μηροὺς

2454 882 2874 952 ἀνασυραμένη,
2908 887 3006 939 καὶ
3056 886 3084 938 ό
3134 888 3448 953 γυναικεῖος
3494 888 3643 949 κτείς
3673 903 3688 918 ·
3742 884 3887 938 οὕτω
3921 886 4031 953 γὰρ

2452 975 2781 1043 ὀνομάζουσι
2813 980 2914 1046 τὴν
2962 976 3100 1030 αίδῶ
3144 976 3551 1047 αἰσχυνόμενοι.
3607 978 3718 1031 Καὶ
3772 977 3945 1040 οὕτως
3972 976 4032 1028 ὲν

2454 1068 2669 1138 αίσχρῷ
2689 1069 2787 1138 τὴν
2820 1068 3048 1138 τελετὴν
3078 1069 3467 1125 καταλύουσιν.

2524 1160 2588 1215 δ’.
2629 1162 2690 1214 Ἦ
2721 1162 2941 1231 γοητεία
2968 1162 3027 1216 δέ
3058 1165 3174 1216 ἐστι
3194 1163 3359 1233 τέχνη
3386 1179 3471 1226 τις
3502 1162 3630 1233 περὶ
3658 1162 3785 1225 τοὺς
3815 1161 4032 1222 ἑνύλους

2452 1255 2550 1307 καὶ
2605 1252 2854 1320 χθονίους
2888 1253 3153 1322 δαίμονας
3187 1254 3737 1322 φαντασιοσκοποῦσα
3774 1254 3890 1315 τοῖς
3932 1252 4033 1303 ἔπ-

2453 1345 2653 1408 όπταις
2707 1346 2777 1398 τὰ
2832 1344 3043 1399 τούτων
3072 1347 3265 1400 εἴδωλα
3297 1349 3391 1402 καὶ
3435 1350 3564 1410 τοὺς
3607 1347 3706 1418 μὲν
3741 1347 3933 1416 ῶσπερ
3976 1345 4035 1411 ἐξ

2454 1438 2582 1508 ᾅδου
2635 1439 2938 1505 ἀνάγουσα,
2989 1441 3121 1503 τοὺς
3172 1441 3230 1491 δὲ
3282 1440 3483 1509 ὑψόθεν
3534 1442 3877 1507 κατάγουσα,
3944 1439 4035 1490 καὶ

2452 1531 2680 1595 τούτους
2728 1530 3102 1594 κακωτικούς.
3143 1532 3254 1585 Καὶ
3292 1532 3552 1585 είδωλικά
3586 1532 3726 1585 ἀττα
3775 1532 4034 1599 ὑφίστησι

2454 1624 2822 1691 φαντάσματα
2865 1624 2980 1685 τοῖς
3030 1622 3258 1693 Θεωροῖς
3292 1623 3403 1675 τῶν
3431 1624 3715 1677 τοιούτων.
3765 1623 3878 1676 Kal
3921 1624 4033 1683 τοῖς

2457 1716 2557 1783 μὲν
2610 1714 2864 1785 ῥεύματά
2892 1732 3019 1768 τινα
3071 1716 3284 1768 ἐκεῖθεν
3326 1716 3669 1785 κυμαίνοντα
3716 1716 3986 1783 ἐπαφίησι
4017 1731 4029 1743 ⁸

2454 1808 2567 1868 τοῖς
2604 1806 2660 1859 δὲ
2710 1806 2928 1876 δεσμῶν
2979 1807 3196 1870 ἀνέσεις
3250 1808 3343 1860 καὶ
3396 1809 3611 1876 τρυφὰς
3659 1808 3752 1860 καὶ
3806 1808 4035 1875 χάριτας

2454 1897 2883 1966 ἐπαγγέλλεται.
2926 1900 3226 1967 Ἐπάγεται
3249 1898 3307 1952 δὲ
3343 1900 3443 1963 τὰς
3476 1900 3734 1963 τοιαύτας
3771 1899 4033 1968 δυνάμεις

2450 1990 2545 2043 καὶ
2581 1989 2793 2059 ᾄσμασι
2826 1991 2922 2043 xal
2948 1990 3289 2059 ἑπᾴσμασιν.

2518 2086 2581 2134 ε’.
2636 2080 2699 2133 Ἦ
2735 2082 2792 2134 δέ
2827 2100 2889 2149 γε
2927 2083 3131 2151 μαγεία
3172 2082 3549 2151 πολυδύναμόν
3603 2101 3654 2134 τι
3698 2082 3889 2151 χρῆμα
3920 2083 4031 2142 τοῖς

2452 2172 2713 2242 Ἕλλησιν
2763 2173 2933 2237 εδοξε.
2995 2174 3209 2241 Μερίδα
3253 2172 3387 2241 γοῦν
3431 2172 3573 2226 εἶναι
3614 2174 3823 2242 ταύτην
3868 2173 4031 2238 φασὶν

2447 2271 2687 2340 ἐσχάτην
2745 2274 2846 2341 τῆς
2920 2271 3207 2341 ἱερατικῆς
3242 2274 3577 2342 ἐπιστήμης.
3645 2271 4030 2340 ’Δνιχνεύουσα

2446 2364 2555 2434 γὰρ
2601 2364 2710 2417 τῶν
2750 2363 2857 2416 ὑπὸ
2905 2364 3005 2433 τὴν
3045 2364 3275 2433 σελήνην
3313 2364 3535 2417 παντων
3576 2364 3677 2432 τήν
3729 2380 3788 2415 τε
3839 2362 4031 2414 οὐσίαν

2391 2498 2399 2506 .
2447 2458 2540 2509 καὶ
2580 2456 2742 2524 φύσιν
2777 2458 2871 2509 καὶ
2899 2456 3131 2527 δύναμιν
3168 2457 3266 2510 καὶ
3293 2457 3576 2527 ποιότητα,
3613 2456 3756 2524 λέγω
3785 2457 3840 2508 δὲ
3883 2472 4029 2507 στοι-

2447 2550 2610 2618 χείων
2631 2551 2726 2602 καὶ
2752 2550 2861 2602 τῶν
2887 2551 3095 2603 τούτων
3125 2548 3335 2618 μερῶν,
3368 2551 3525 2612 ζώων
3555 2567 3613 2601 τε
3642 2547 4029 2609 παντοδαπῶν,

2444 2625 2632 2709 φῖλτῶν
2662 2642 2755 2693 καὶ
2791 2639 2902 2693 τῶν
2940 2640 3195 2693 ἐντεῦθεν
3237 2640 3490 2710 καρπῶν,
3530 2639 3716 2702 λίθων,
3767 2638 4031 2707 βοτανῶν,

2446 2736 2541 2787 καλ⁵
2580 2735 2770 2797 ἀπλῶς
2806 2736 3003 2800 είπεῖν,
3039 2736 3239 2797 παντὸς
3283 2738 3613 2803 πράγματος
3644 2735 3944 2785 ὑπόστασίν
3972 2749 4030 2785 τε

2446 2830 2543 2880 καὶ
2592 2827 2847 2897 δύναμιν,
2908 2827 3164 2879 ἐντεῦθεν
3215 2828 3323 2898 ἀρα
3359 2830 3424 2881 τα
3465 2828 3662 2896 ἑαυτῆς
3712 2826 4029 2896 ἐργάζεται.

2459 2919 2781 2989 Ἀγάλματά
2823 2936 2883 2972 τε
2916 2920 3212 2989 ύφίστησιν
3260 2921 3452 2986 ὑγείας
3488 2920 3902 2988 περιποιητικά,
3934 2920 4032 2969 καὶ

2445 3012 2705 3079 σχήματα
2766 3014 3009 3064 ποιεῖται
3070 3012 3410 3075 παντοδαπὰ,
3476 3014 3568 3064 καὶ
3620 3012 3880 3064 νοσοποιὰ
3935 3011 4030 3079 δην

2441 3105 2843 3174 μιουργήματα
2883 3106 3068 3176 ἕτερα.
3124 3104 3237 3157 Καὶ
3264 3106 3417 3158 ἀετοὶ
3453 3106 3553 3174 μὲν
3598 3106 3691 3157 καὶ
3735 3106 4029 3174 δράκοντες

3695 3200 3940 3266 αἴλουροι
3975 3198 4029 3249 δὲ

2445 3290 2541 3341 καὶ
2565 3287 2725 3349 κύνες
2753 3290 2849 3342 καὶ
2871 3289 3108 3359 κόρακες
3127 3290 3517 3359 ἀγρυπνητικα
3546 3288 3812 3359 σύμϐολα.
3846 3290 4030 3359 Κηρὸς

2444 3380 2500 3431 δὲ
2525 3381 2621 3432 καὶ
2655 3379 2827 3449 πηλὸς
2859 3384 2936 3442 εἰς
2968 3381 3066 3441 τὰς
3100 3382 3210 3433 τῶν
3242 3383 3448 3448 μορίων
3484 3382 3820 3448 συμπλάσας
3856 3397 4029 3447 παρα-

2450 3472 2844 3543 λαμὸἀνονται.
2871 3474 3137 3537 Φαντάζει,
3168 3475 3223 3527 δὲ
3253 3476 3514 3535 πολλάκις
3549 3476 3643 3527 καὶ
3667 3475 3836 3541 πυρὸς
3865 3475 4028 3539 099a-

2449 3568 2566 3618 νίου
2598 3566 2865 3629 ἐκδόσεις.
2902 3565 3013 3618 Kal
3042 3565 3324 3635 διαμειδιᾷ
3366 3566 3464 3634 μὲν
3494 3566 3581 3634 ἐφ’
3617 3566 3827 3617 ἑαυτῶν
3858 3567 4029 3631 ἀγαι-

2451 3675 2621 3729 ματα,
2693 3663 2830 3725 πυρὶ
2883 3660 2938 3710 δὲ
2990 3659 3284 3727 αὐτομάτῳ
3344 3659 3625 3727 λαμπάδες
3674 3659 4027 3713 ἀνάπτονται.

2449 3752 2827 3821 ῐιεριέζωσται
2858 3752 2913 3805 δὲ
2943 3753 3036 3803 καὶ
3060 3752 3158 3820 τὴν
3186 3753 3556 3820 ἀστρονομίαν
3589 3752 3906 3819 σύμπασαν,
3939 3754 4032 3802 καὶ

2449 3843 2618 3894 πολλὰ
2645 3843 2733 3894 διὰ
2764 3842 2968 3909 ταύτης
3000 3842 3094 3893 καὶ
3124 3841 3352 3893 δύναται
3381 3844 3474 3894 καὶ
3504 3843 3777 3895 ἀποτελεῖ.

2520 3942 2595 3998 ς’.
2635 3933 2862 4004 κλῃδὼν
2902 3932 2959 3985 δέ
3000 3935 3119 3984 ἐστι
3162 3934 3439 4003 δαιμόνων
3462 3935 3764 4005 πονηρῶν,
3812 3934 3885 3995 ὡς
3938 3935 4033 3986 καὶ

2447 4029 2580 4081 αὐτὸ
2605 4027 2757 4097 δηλοῖ
2788 4026 3050 4095 τοῦνομα,
3094 4028 3457 4097 πρόσκλησις.
3506 4028 3755 4079 Τελεῐται
3799 4028 3851 4079 δε
3905 4029 4034 4089 ἄρτι

2448 4120 2790 4189 τρεπομένου
2843 4118 2981 4187 πρὸς
3038 4120 3183 4172 νότον
3226 4119 3403 4187 ἡλίου,
3451 4120 3545 4172 καὶ
3588 4120 3871 4189 μειούντος
3936 4122 4035 4188 μὲν

2451 4213 2689 4281 ἡμέραν,
2724 4209 2825 4279 τὴν
2858 4210 3029 4263 νύκτα
3064 4210 3119 4262 δὲ
3158 4210 3509 4273 αὑξάνοντος.
3551 4210 3879 4279 Ἑλληνικῆς
3922 4213 4036 4278 γαρ

2451 4304 2567 4353 ἐστι
2590 4301 2752 4368 δόξης
2775 4300 2837 4351 τὸ
2874 4299 3081 4369 μηδένα
3116 4298 3227 4351 τῶν
3266 4299 3474 4352 ὲνύλων
3504 4299 3780 4367 δαιμόνων
3807 4299 4035 4367 {meum

2450 4394 2546 4455 τὰς
2594 4391 2687 4443 τοῦ
2724 4390 2876 4460 ἡλίου
2907 4392 3105 4459 αὐγάς.
3152 4390 3347 4445 Ἐνθεν
3379 4407 3463 4443 τοι
3499 4390 3594 4442 καὶ
3624 4389 4036 4459 νυκτιλοχοῦσιν

2451 4486 2607 4554 ἡμῖν,
2661 4483 2827 4553 λοχᾷν
2881 4483 3101 4552 ἡμέρας
3154 4482 3230 4551 μὴ
3279 4481 3651 4550 ιξισχύοντες.
3710 4480 3817 4533 Τοῦ
3856 4481 4035 4531 τοίνυν

748 4572 1181 4644 septentrionale
1254 4580 1383 4635 est,
1452 4587 1556 4628 sua
1614 4571 1833 4642 operari
1900 4578 2221 4640 nequeunt,
2289 4566 2504 4646 θιΠφι

2289 4566 2741 4646 θιΠφωστῆρος
2796 4574 3142 4645 βορειοτέρου
3200 4574 3586 4643 τυγχάνοντος,
3648 4572 3725 4642 μὴ
3788 4574 3930 4625 πάνυ
3980 4589 4033 4625 τι

748 4662 973 4733 quando
1017 4662 1087 4715 ad
1126 4662 1412 4717 meridiem
1450 4660 1684 4716 vertitur
1718 4673 1771 4716 et
1820 4663 1878 4715 tit
1928 4662 2085 4729 quasi
2136 4660 2344 4715 demis-

747 4760 862 4809 sior
910 4755 1055 4824 apud
1108 4768 1211 4809 nos
1246 4767 1363 4816 aer,
1423 4760 1554 4807 tunc
1597 4766 1733 4808 suos
1784 4752 2025 4821 impetus
2058 4760 2136 4814 et.
2191 4761 2245 4803 ιιι
2272 4753 2344 4804 ita

750 4850 958 4914 dicam,
1011 4847 1284 4902 circuitus
1332 4862 1445 4901 sua
1491 4848 1718 4900 malitia:
1771 4844 2133 4899 manifestant
2156 4850 2211 4897 et
2261 4844 2345 4895 in-

750 4941 931 4995 vocati
995 4939 1389 4994 invocantibus
1440 4938 1730 4993 obediunt.
1789 4936 1854 4989 Et
1918 4950 2064 4991 nunc
2118 4934 2342 5005 quidem

750 5036 1016 5106 mysteria
1042 5032 1397 5103 auspicantes
1420 5030 1679 5088 nesciunt
1701 5029 2069 5085 invocationis
2094 5040 2343 5090 carmen;

744 5130 961 5182 utinam
1027 5140 1310 5195 nunquam
1374 5125 1657 5179 scierint!
1721 5122 1881 5193 Ignes
1933 5137 2063 5177 vero
2104 5120 2343 5191 quodam

750 5222 965 5277 circulo
1020 5219 1405 5274 describentes
1465 5233 1534 5272 ex
1592 5216 1811 5271 ﬂamma
1872 5216 2161 5272 exsiliunt.
2214 5212 2345 5266 Erat

751 5316 887 5369 illud
948 5314 1189 5384 antiqua:
1249 5312 1678 5375 bacchatiouis,
1756 5323 1829 5366 ne
1898 5310 2080 5364 dicam
2142 5306 2344 5361 furoris

752 5420 903 5474 pars.
947 5404 1214 5459 Dicebant
1261 5403 1410 5459 enim
1457 5401 1633 5458 Graeci
1675 5413 1807 5455 tunc
1864 5398 2158 5455 manifeste
2216 5410 2344 5450 cum

751 5500 1141 5555 invocantibus
1195 5496 1603 5553 descendentes
1666 5493 1949 5563 potentias
1999 5491 2345 5553 conversari,

749 5608 877 5650 cum
922 5606 1091 5661 supra
1128 5599 1295 5661 caput
1328 5605 1427 5646 aer
1458 5588 1761 5643 nebulosus
1789 5594 1938 5641 esset
1975 5593 2030 5639 et
2097 5598 2343 5638 crassam

755 5688 984 5744 haberet
1048 5686 1440 5743 substantiam.
1502 5683 1762 5738 Circulus
1830 5694 1961 5735 vero
2013 5679 2119 5731 vim
2184 5679 2347 5731 habet

751 5781 1049 5838 retinendi.
1115 5778 1409 5835 lnvocatus
1479 5790 1665 5833 autem
1734 5777 1991 5835 damon.
2081 5784 2343 5841 tanquam

755 5876 1208 5946 circumscriptus
1259 5874 1480 5930 videtur
1538 5882 1592 5927 et
1660 5869 2017 5930 continetur,
2070 5872 2342 5938 quantum

2448 4668 2739 4735 δυνάμενοι
2782 4666 2852 4717 τά
2895 4664 3110 4718 ἑαυτῶν
3135 4663 3404 4734 ἐνεργεῖν,
3433 4662 3672 4731 ὁπηνίκα
3708 4663 3845 4731 πρὸς
3881 4664 4036 4715 νότον

2446 4761 2634 4827 τραπῇ
2671 4757 2767 4809 καὶ
2800 4756 2966 4808 οίονεὶ
2992 4757 3417 4826 κατηφέστατος.
3438 4757 3465 4807 ὁ
3489 4756 3617 4824 περὶ
3649 4756 3796 4823 ἡμᾶς
3823 4755 4035 4821 γίνεται

2448 4852 2578 4919 ἀὴρ,
2604 4846 2910 4915 τηνικαῦτα
2932 4847 3326 4917 προεξάλματά
3348 4862 3469 4898 τινα
3499 4847 3614 4911 καὶ,
3639 4845 3810 4908 οὓτως
3835 4847 4036 4907 εἰπεῖν,

2449 4938 2943 5010 προκυλινδήματα
2975 4939 3075 5007 τῆς
3109 4937 3262 5006 σφῶν
3292 4938 3494 4999 κακίας
3540 4937 3894 5005 ἐμφαίνουσι,
3944 4939 4037 4988 καὶ

2449 5032 2782 5103 καλούμενοι
2818 5033 2935 5094 τοῖς
2990 5030 3287 5103 κλήτορσιν
3339 5028 3733 5084 ὑπακούουσιν.
3808 5030 3948 5083 Ἀλλ’
3988 5032 4041 5082 οῖ

2449 5145 2512 5195 γε
2572 5126 2665 5179 νῦν
2713 5125 2820 5194 τῆς
2864 5125 3093 5197 τελετῆς
3149 5124 3589 5195 πρωξάρχοντες
3641 5124 3742 5193 τὴν
3785 5126 3885 5194 μὲν
3937 5124 4039 5186 τῆς

2450 5216 2704 5285 κλήσεως
2750 5218 2854 5269 οὐκ
2902 5218 3088 5269 ίσασιν
3140 5216 3383 5287 ἐπῳδὴν,
3435 5215 3571 5287 μηδὲ
3624 5209 3821 5269 εἰδοῖέν
3865 5231 4038 5268 ποτε·

2449 5310 2602 5378 πυρα
2630 5308 2687 5360 δὲ
2710 5308 2881 5362 πολλά
2904 5309 3093 5379 κύκλῳ
3116 5310 3225 5362 τινὶ
3256 5326 3324 5361 πε
3334 5310 3698 5378 ριγράςοντες
3723 5308 4038 5372 ἐξάλλονται

2450 5402 2547 5470 τῆς
2570 5401 2792 5467 φλογός.
2814 5396 2923 5453 Ἦν
2948 5401 3006 5454 δὲ
3040 5403 3135 5453 καὶ
3164 5401 3326 5455 τοῦτο
3354 5401 3455 5471 τῆς
3484 5401 3721 5463 παλαιᾶς
3752 5402 4036 5471 βακχείας,

2452 5496 2539 5547 ἵνα
2574 5494 2649 5563 μὴ
2686 5494 2829 5560 λέγω
2871 5494 3077 5563 μανίας
3112 5496 3293 5564 μερίς.
3336 5496 3592 5562 Ἐ’,ῑασαν
3617 5496 3725 5565 γὰρ
3753 5495 4039 5563 Ἕλληνες,

2448 5586 2782 5655 ὁμιχλώόους
2824 5586 2919 5638 τοῦ
2967 5587 3110 5656 ὑπὲρ
3157 5586 3406 5655 κεφαλὴν
3457 5588 3620 5656 ἀέρος
3670 5587 4038 5654 τυγχάνοντος

2451 5682 2547 5733 καὶ
2596 5680 2831 5749 παχεῖαν
2878 5679 2979 5747 τὴν
3015 5678 3279 5731 σύστασιν
3316 5679 3557 5747 ἔχοντος,
3594 5679 3694 5742 τὰς
3737 5680 4040 5740 κατιούσας

2450 5774 2712 5843 δυνάμεις
2761 5772 3073 5843 εἰλικρινῶς
3127 5775 3240 5836 τοῖς
3289 5770 3549 5825 καλοῦσιν
3586 5772 3836 5843 ὁμιλεῖν·
3898 5775 3925 5827 ὀ
3982 5773 4040 5827 δέ

2452 5884 2513 5936 γε
2550 5867 2751 5932 κύκλος
2794 5867 3035 5937 κατοχῆς
3075 5868 3188 5937 ἔχει
3235 5866 3490 5937 δύναμιν.
3541 5866 3600 5921 '0
3657 5869 3764 5938 γὰρ
3798 5884 4040 5937 πρισκε-
