  <div class='ocr_page' id='page_1' title='image "/cluster/home/n/w/nwhite01/storage/ocr_20150623/122/nnc1.0046979611/448.png"; bbox 0 0 4446 6446; ppageno 0'>
   <div class='ocr_carea' id='block_1_1' title="bbox 423 386 521 448">
    <p class='ocr_par' dir='ltr' id='par_1_1' title="bbox 423 386 521 448">
     <span class='ocr_line' id='line_1_1' title="bbox 423 386 521 448; baseline 0 -1"><span class='ocrx_word' id='word_1_1' title='bbox 423 386 521 448; x_wconf 67' lang='grc'><strong>851</strong></span> 
     </span>
    </p>
   </div>
   <div class='ocr_carea' id='block_1_2' title="bbox 1717 389 2345 452">
    <p class='ocr_par' dir='ltr' id='par_1_2' title="bbox 1717 389 2345 452">
     <span class='ocr_line' id='line_1_2' title="bbox 1717 389 2345 452; baseline 0 -1"><span class='ocrx_word' id='word_1_2' title='bbox 1717 389 1814 451; x_wconf 86' lang='lat' dir='ltr'><strong>DE</strong></span> <span class='ocrx_word' id='word_1_3' title='bbox 1855 389 2345 452; x_wconf 62' lang='lat' dir='ltr'><strong>DsEMUNIBUS.</strong></span> 
     </span>
    </p>
   </div>
   <div class='ocr_carea' id='block_1_3' title="bbox 3575 393 3684 456">
    <p class='ocr_par' dir='ltr' id='par_1_3' title="bbox 3575 393 3684 456">
     <span class='ocr_line' id='line_1_3' title="bbox 3575 393 3684 456; baseline -0.009 0"><span class='ocrx_word' id='word_1_4' title='bbox 3575 393 3684 456; x_wconf 70' lang='lat'><strong>882</strong></span> 
     </span>
    </p>
   </div>
   <div class='ocr_carea' id='block_1_4' title="bbox 421 501 2177 579">
    <p class='ocr_par' dir='ltr' id='par_1_4' title="bbox 421 501 2170 577">
     <span class='ocr_line' id='line_1_4' title="bbox 421 501 2170 577; baseline 0.005 -24"><span class='ocrx_word' id='word_1_5' title='bbox 421 501 688 570; x_wconf 58' lang='grc' dir='ltr'>κλτμένος</span> <span class='ocrx_word' id='word_1_6' title='bbox 723 501 955 571; x_wconf 82' lang='grc' dir='ltr'>δαίμων,</span> <span class='ocrx_word' id='word_1_7' title='bbox 988 503 1152 556; x_wconf 81' lang='grc' dir='ltr'>οἱονεί</span> <span class='ocrx_word' id='word_1_8' title='bbox 1192 521 1304 566; x_wconf 80' lang='grc' dir='ltr'><strong>πως</strong></span> <span class='ocrx_word' id='word_1_9' title='bbox 1349 505 1851 577; x_wconf 67' lang='grc' dir='ltr'>περιγραφόμενος,</span> <span class='ocrx_word' id='word_1_10' title='bbox 1900 523 1994 558; x_wconf 81' lang='grc' dir='ltr'>πε·</span> <span class='ocrx_word' id='word_1_11' title='bbox 2027 507 2076 567; x_wconf 79' lang='grc' dir='ltr'>Α</span> <span class='ocrx_word' id='word_1_12' title='bbox 2104 525 2170 561; x_wconf 84' lang='grc' dir='ltr'><strong>νυ</strong></span> 
     </span>
    </p>
   </div>
   <div class='ocr_carea' id='block_1_5' title="bbox 1923 501 3679 579">
    <p class='ocr_par' dir='ltr' id='par_1_5' title="bbox 1923 505 3679 579">
     <span class='ocr_line' id='line_1_5' title="bbox 1923 505 3679 579; baseline 0.005 -22"><span class='ocrx_word' id='word_1_13' title='bbox 1923 523 1994 558; x_wconf 71' lang='grc' dir='ltr'><strong>τες</strong></span> <span class='ocrx_word' id='word_1_14' title='bbox 2027 507 2076 567; x_wconf 79' lang='grc' dir='ltr'>Α</span> <span class='ocrx_word' id='word_1_15' title='bbox 2104 508 2219 561; x_wconf 83' lang='grc' dir='ltr'>νιιΙι</span> <span class='ocrx_word' id='word_1_16' title='bbox 2257 505 2565 563; x_wconf 83' lang='lat' dir='ltr'><strong>invocantis</strong></span> <span class='ocrx_word' id='word_1_17' title='bbox 2598 522 2771 561; x_wconf 86' lang='lat' dir='ltr'><strong>mens.</strong></span> <span class='ocrx_word' id='word_1_18' title='bbox 2825 506 2941 562; x_wconf 83' lang='lat' dir='ltr'><strong>Hoc</strong></span> <span class='ocrx_word' id='word_1_19' title='bbox 2974 523 3191 579; x_wconf 86' lang='lat' dir='ltr'><strong>quoque</strong></span> <span class='ocrx_word' id='word_1_20' title='bbox 3235 508 3367 565; x_wconf 85' lang='lat' dir='ltr'><strong>solis</strong></span> <span class='ocrx_word' id='word_1_21' title='bbox 3421 508 3679 573; x_wconf 89' lang='lat' dir='ltr'><strong>solstitio.</strong></span> 
     </span>
    </p>
   </div>
   <div class='ocr_carea' id='block_1_6' title="bbox 353 592 1999 669">
    <p class='ocr_par' dir='ltr' id='par_1_6' title="bbox 353 592 1999 669">
     <span class='ocr_line' id='line_1_6' title="bbox 353 592 1999 669; baseline 0.005 -25"><span class='ocrx_word' id='word_1_22' title='bbox 353 592 358 599; x_wconf 82' lang='grc'><em>’</em></span> <span class='ocrx_word' id='word_1_23' title='bbox 422 598 720 663; x_wconf 54' lang='grc' dir='ltr'><strong>Ᾱειγξκιπτός</strong></span> <span class='ocrx_word' id='word_1_24' title='bbox 754 612 811 647; x_wconf 86' lang='grc' dir='ltr'><strong>τε</strong></span> <span class='ocrx_word' id='word_1_25' title='bbox 842 596 990 648; x_wconf 86' lang='grc' dir='ltr'>δοκεῖ</span> <span class='ocrx_word' id='word_1_26' title='bbox 1022 598 1114 649; x_wconf 51' lang='grc' dir='ltr'><strong>καὶ⁴</strong></span> <span class='ocrx_word' id='word_1_27' title='bbox 1156 597 1449 667; x_wconf 80' lang='grc' dir='ltr'>κατέχεται</span> <span class='ocrx_word' id='word_1_28' title='bbox 1478 601 1535 663; x_wconf 75' lang='grc' dir='ltr'>ἐς</span> <span class='ocrx_word' id='word_1_29' title='bbox 1571 601 1697 652; x_wconf 84' lang='grc' dir='ltr'>ὅσον</span> <span class='ocrx_word' id='word_1_30' title='bbox 1737 601 1771 669; x_wconf 81' lang='grc' dir='ltr'>ἠ</span> <span class='ocrx_word' id='word_1_31' title='bbox 1804 598 1999 669; x_wconf 82' lang='grc' dir='ltr'>γνώμη</span> 
     </span>
    </p>
   </div>
   <div class='ocr_carea' id='block_1_7' title="bbox 424 691 2000 763">
    <p class='ocr_par' dir='ltr' id='par_1_7' title="bbox 424 691 2000 763">
     <span class='ocr_line' id='line_1_7' title="bbox 424 691 2000 763; baseline 0.002 -22"><span class='ocrx_word' id='word_1_32' title='bbox 424 693 515 741; x_wconf 74' lang='grc' dir='ltr'>τοῦ</span> <span class='ocrx_word' id='word_1_33' title='bbox 572 691 836 761; x_wconf 82' lang='grc' dir='ltr'>κλήτορος</span> <span class='ocrx_word' id='word_1_34' title='bbox 892 691 1167 759; x_wconf 73' lang='grc' dir='ltr'>βούλεται.</span> <span class='ocrx_word' id='word_1_35' title='bbox 1217 692 1330 760; x_wconf 89' lang='grc' dir='ltr'>Τῆς</span> <span class='ocrx_word' id='word_1_36' title='bbox 1381 693 1437 746; x_wconf 82' lang='grc' dir='ltr'>δὲ</span> <span class='ocrx_word' id='word_1_37' title='bbox 1485 694 1744 762; x_wconf 79' lang='grc' dir='ltr'><strong>τοιαύτης</strong></span> <span class='ocrx_word' id='word_1_38' title='bbox 1789 693 2000 763; x_wconf 79' lang='grc' dir='ltr'>τροπῆς</span> 
     </span>
    </p>
   </div>
   <div class='ocr_carea' id='block_1_8' title="bbox 424 782 2000 855">
    <p class='ocr_par' dir='ltr' id='par_1_8' title="bbox 424 782 2000 855">
     <span class='ocr_line' id='line_1_8' title="bbox 424 782 2000 855; baseline 0.003 -24"><span class='ocrx_word' id='word_1_39' title='bbox 424 782 513 833; x_wconf 73' lang='grc' dir='ltr'>τοῦ</span> <span class='ocrx_word' id='word_1_40' title='bbox 549 782 721 849; x_wconf 67' lang='grc' dir='ltr'>ἡλίου,</span> <span class='ocrx_word' id='word_1_41' title='bbox 770 782 968 851; x_wconf 80' lang='grc' dir='ltr'>μᾶλλον</span> <span class='ocrx_word' id='word_1_42' title='bbox 1002 782 1059 835; x_wconf 78' lang='grc' dir='ltr'>δὲ</span> <span class='ocrx_word' id='word_1_43' title='bbox 1092 783 1191 851; x_wconf 80' lang='grc' dir='ltr'><strong>τῆς</strong></span> <span class='ocrx_word' id='word_1_44' title='bbox 1238 785 1296 838; x_wconf 79' lang='grc' dir='ltr'>ἐν</span> <span class='ocrx_word' id='word_1_45' title='bbox 1326 785 1553 855; x_wconf 79' lang='grc' dir='ltr'>τοιαύτη</span> <span class='ocrx_word' id='word_1_46' title='bbox 1587 787 1693 837; x_wconf 86' lang='grc' dir='ltr'><strong>τῶν</strong></span> <span class='ocrx_word' id='word_1_47' title='bbox 1730 783 2000 853; x_wconf 84' lang='grc' dir='ltr'><strong>δαιμόνων</strong></span> 
     </span>
    </p>
   </div>
   <div class='ocr_carea' id='block_1_9' title="bbox 429 873 1998 945">
    <p class='ocr_par' dir='ltr' id='par_1_9' title="bbox 429 873 1998 945">
     <span class='ocr_line' id='line_1_9' title="bbox 429 873 1998 945; baseline 0.003 -20"><span class='ocrx_word' id='word_1_48' title='bbox 429 873 726 936; x_wconf 83' lang='grc' dir='ltr'>κακώσεως</span> <span class='ocrx_word' id='word_1_49' title='bbox 759 873 1159 942; x_wconf 70' lang='grc' dir='ltr'><strong>ὑποσημαίνειν</strong></span> <span class='ocrx_word' id='word_1_50' title='bbox 1196 893 1249 927; x_wconf 82' lang='grc' dir='ltr'><strong>τι</strong></span> <span class='ocrx_word' id='word_1_51' title='bbox 1292 876 1386 928; x_wconf 70' lang='grc' dir='ltr'>καὶ</span> <span class='ocrx_word' id='word_1_52' title='bbox 1413 876 1515 945; x_wconf 77' lang='grc' dir='ltr'>τὴν</span> <span class='ocrx_word' id='word_1_53' title='bbox 1547 876 1824 930; x_wconf 82' lang='grc' dir='ltr'>θάλασσαν</span> <span class='ocrx_word' id='word_1_54' title='bbox 1856 876 1998 929; x_wconf 75' lang='grc' dir='ltr'>οἷον·</span> 
     </span>
    </p>
   </div>
   <div class='ocr_carea' id='block_1_10' title="bbox 374 965 1999 1038">
    <p class='ocr_par' dir='ltr' id='par_1_10' title="bbox 374 965 1999 1038">
     <span class='ocr_line' id='line_1_10' title="bbox 374 965 1999 1038; baseline 0.003 -24"><span class='ocrx_word' id='word_1_55' title='bbox 374 972 375 975; x_wconf 77' lang='lat'>‘</span> <span class='ocrx_word' id='word_1_56' title='bbox 422 981 512 1017; x_wconf 84' lang='grc' dir='ltr'><strong>ται</strong></span> <span class='ocrx_word' id='word_1_57' title='bbox 539 980 555 998; x_wconf 80' lang='grc' dir='ltr'><strong>ο</strong></span> <span class='ocrx_word' id='word_1_58' title='bbox 598 965 946 1034; x_wconf 76' lang='grc' dir='ltr'><strong>ὑφαρπάζειν</strong></span> <span class='ocrx_word' id='word_1_59' title='bbox 979 966 1088 1036; x_wconf 73' lang='grc' dir='ltr'><strong>γάρ</strong></span> <span class='ocrx_word' id='word_1_60' title='bbox 1129 967 1214 1021; x_wconf 78' lang='grc' dir='ltr'>ἀεὶ</span> <span class='ocrx_word' id='word_1_61' title='bbox 1244 967 1352 1019; x_wconf 84' lang='grc' dir='ltr'>τῶν</span> <span class='ocrx_word' id='word_1_62' title='bbox 1377 967 1787 1038; x_wconf 80' lang='grc' dir='ltr'>ὲπινηχομένων</span> <span class='ocrx_word' id='word_1_63' title='bbox 1825 966 1999 1031; x_wconf 84' lang='grc' dir='ltr'>τινάς,</span> 
     </span>
    </p>
   </div>
   <div class='ocr_carea' id='block_1_11' title="bbox 421 1048 1998 1128">
    <p class='ocr_par' dir='ltr' id='par_1_11' title="bbox 421 1048 1998 1128">
     <span class='ocr_line' id='line_1_11' title="bbox 421 1048 1998 1128; baseline 0.001 -20"><span class='ocrx_word' id='word_1_64' title='bbox 421 1057 519 1125; x_wconf 77' lang='grc' dir='ltr'>οὐχ</span> <span class='ocrx_word' id='word_1_65' title='bbox 540 1058 614 1119; x_wconf 84' lang='grc' dir='ltr'>ὡς</span> <span class='ocrx_word' id='word_1_66' title='bbox 648 1057 743 1109; x_wconf 74' lang='grc' dir='ltr'>τοῦ</span> <span class='ocrx_word' id='word_1_67' title='bbox 778 1048 973 1121; x_wconf 75' lang='grc' dir='ltr'>ὓδατος</span> <span class='ocrx_word' id='word_1_68' title='bbox 1016 1058 1320 1125; x_wconf 76' lang='grc' dir='ltr'><strong>ἐπάγοντος</strong></span> <span class='ocrx_word' id='word_1_69' title='bbox 1357 1058 1455 1128; x_wconf 84' lang='grc' dir='ltr'>τὴν</span> <span class='ocrx_word' id='word_1_70' title='bbox 1498 1059 1727 1128; x_wconf 66' lang='grc' dir='ltr'>φθορὰ-ἓ,</span> <span class='ocrx_word' id='word_1_71' title='bbox 1771 1058 1887 1112; x_wconf 81' lang='grc' dir='ltr'>ἀλλ’</span> <span class='ocrx_word' id='word_1_72' title='bbox 1926 1058 1998 1123; x_wconf 82' lang='grc' dir='ltr'>ὡς</span> 
     </span>
    </p>
   </div>
   <div class='ocr_carea' id='block_1_12' title="bbox 423 1147 1998 1219">
    <p class='ocr_par' dir='ltr' id='par_1_12' title="bbox 423 1147 1998 1219">
     <span class='ocr_line' id='line_1_12' title="bbox 423 1147 1998 1219; baseline 0.005 -21"><span class='ocrx_word' id='word_1_73' title='bbox 423 1148 531 1198; x_wconf 79' lang='grc' dir='ltr'><strong>τῶν</strong></span> <span class='ocrx_word' id='word_1_74' title='bbox 567 1148 624 1199; x_wconf 89' lang='grc' dir='ltr'>ὲν</span> <span class='ocrx_word' id='word_1_75' title='bbox 657 1147 833 1217; x_wconf 79' lang='grc' dir='ltr'>τούτῳ</span> <span class='ocrx_word' id='word_1_76' title='bbox 864 1148 1137 1217; x_wconf 85' lang='grc' dir='ltr'>δαιμόνων</span> <span class='ocrx_word' id='word_1_77' title='bbox 1186 1149 1556 1219; x_wconf 76' lang='grc' dir='ltr'>ἐνεργούντων</span> <span class='ocrx_word' id='word_1_78' title='bbox 1602 1150 1702 1218; x_wconf 82' lang='grc' dir='ltr'>τὴν</span> <span class='ocrx_word' id='word_1_79' title='bbox 1735 1150 1998 1206; x_wconf 75' lang='grc' dir='ltr'>κάκωσιν.</span> 
     </span>
    </p>
   </div>
   <div class='ocr_carea' id='block_1_13' title="bbox 425 1240 1997 1312">
    <p class='ocr_par' dir='ltr' id='par_1_13' title="bbox 425 1240 1997 1312">
     <span class='ocr_line' id='line_1_13' title="bbox 425 1240 1997 1312; baseline 0.003 -22"><span class='ocrx_word' id='word_1_80' title='bbox 425 1240 637 1310; x_wconf 78' lang='grc' dir='ltr'>Ὠσπερ</span> <span class='ocrx_word' id='word_1_81' title='bbox 674 1240 728 1292; x_wconf 82' lang='grc' dir='ltr'><strong>δὲ</strong></span> <span class='ocrx_word' id='word_1_82' title='bbox 759 1241 1129 1311; x_wconf 83' lang='grc' dir='ltr'>άερομαντεία</span> <span class='ocrx_word' id='word_1_83' title='bbox 1161 1242 1244 1305; x_wconf 87' lang='grc' dir='ltr'><strong>τίς</strong></span> <span class='ocrx_word' id='word_1_84' title='bbox 1286 1244 1401 1296; x_wconf 81' lang='grc' dir='ltr'>ἐστι</span> <span class='ocrx_word' id='word_1_85' title='bbox 1450 1242 1547 1296; x_wconf 75' lang='grc' dir='ltr'>καὶ</span> <span class='ocrx_word' id='word_1_86' title='bbox 1577 1243 1997 1312; x_wconf 79' lang='grc' dir='ltr'>φυλλομαντεία,</span> 
     </span>
    </p>
   </div>
   <div class='ocr_carea' id='block_1_14' title="bbox 420 1330 2000 1411">
    <p class='ocr_par' dir='ltr' id='par_1_14' title="bbox 420 1330 2000 1405">
     <span class='ocr_line' id='line_1_14' title="bbox 420 1330 2000 1405; baseline 0.003 -23"><span class='ocrx_word' id='word_1_87' title='bbox 420 1330 565 1384; x_wconf 65' lang='grc' dir='ltr'>οὕτω</span> <span class='ocrx_word' id='word_1_88' title='bbox 629 1332 695 1400; x_wconf 82' lang='grc' dir='ltr'><strong>δὴ</strong></span> <span class='ocrx_word' id='word_1_89' title='bbox 757 1335 852 1386; x_wconf 76' lang='grc' dir='ltr'>καὶ</span> <span class='ocrx_word' id='word_1_90' title='bbox 906 1334 1337 1403; x_wconf 86' lang='grc' dir='ltr'>λεκανομαντεία</span> <span class='ocrx_word' id='word_1_91' title='bbox 1393 1336 1506 1398; x_wconf 82' lang='grc' dir='ltr'>τοῖς</span> <span class='ocrx_word' id='word_1_92' title='bbox 1567 1337 1848 1404; x_wconf 77' lang='grc' dir='ltr'><strong>περιττοῖς</strong></span> <span class='ocrx_word' id='word_1_93' title='bbox 1902 1335 2000 1405; x_wconf 78' lang='grc' dir='ltr'>τὴν</span> 
     </span>
    </p>
   </div>
   <div class='ocr_carea' id='block_1_15' title="bbox 425 1422 2000 1497">
    <p class='ocr_par' dir='ltr' id='par_1_15' title="bbox 425 1422 2000 1497">
     <span class='ocr_line' id='line_1_15' title="bbox 425 1422 2000 1497; baseline 0.004 -24"><span class='ocrx_word' id='word_1_94' title='bbox 425 1422 620 1490; x_wconf 86' lang='grc' dir='ltr'>σοφίαν</span> <span class='ocrx_word' id='word_1_95' title='bbox 661 1424 969 1494; x_wconf 80' lang='grc' dir='ltr'>’Ᾱσσυρίοις</span> <span class='ocrx_word' id='word_1_96' title='bbox 995 1426 1453 1496; x_wconf 84' lang='grc' dir='ltr'>κατῳκονόμηται</span> <span class='ocrx_word' id='word_1_97' title='bbox 1475 1427 1580 1480; x_wconf 83' lang='grc' dir='ltr'>ὑπὸ</span> <span class='ocrx_word' id='word_1_98' title='bbox 1602 1427 1837 1497; x_wconf 80' lang='grc' dir='ltr'>λεκάνης</span> <span class='ocrx_word' id='word_1_99' title='bbox 1871 1429 2000 1480; x_wconf 85' lang='grc' dir='ltr'>ὐπο-</span> 
     </span>
    </p>
   </div>
   <div class='ocr_carea' id='block_1_16' title="bbox 425 1514 2003 1588">
    <p class='ocr_par' dir='ltr' id='par_1_16' title="bbox 425 1514 2003 1588">
     <span class='ocr_line' id='line_1_16' title="bbox 425 1514 2003 1588; baseline 0.003 -22"><span class='ocrx_word' id='word_1_100' title='bbox 425 1514 685 1583; x_wconf 76' lang='grc' dir='ltr'>κειμένης</span> <span class='ocrx_word' id='word_1_101' title='bbox 734 1517 827 1568; x_wconf 66' lang='grc' dir='ltr'><strong>καὶ</strong></span> <span class='ocrx_word' id='word_1_102' title='bbox 863 1518 1131 1585; x_wconf 81' lang='grc' dir='ltr'>μαντικοῦ</span> <span class='ocrx_word' id='word_1_103' title='bbox 1172 1517 1613 1588; x_wconf 85' lang='grc' dir='ltr'>πεπληρωμένης</span> <span class='ocrx_word' id='word_1_104' title='bbox 1669 1518 1881 1581; x_wconf 82' lang='grc' dir='ltr'>ὕδατος,</span> <span class='ocrx_word' id='word_1_105' title='bbox 1939 1519 2003 1570; x_wconf 76' lang='grc' dir='ltr'>τὸ</span> 
     </span>
    </p>
   </div>
   <div class='ocr_carea' id='block_1_17' title="bbox 425 1598 2000 1680">
    <p class='ocr_par' dir='ltr' id='par_1_17' title="bbox 425 1598 2000 1680">
     <span class='ocr_line' id='line_1_17' title="bbox 425 1598 2000 1680; baseline 0.003 -25"><span class='ocrx_word' id='word_1_106' title='bbox 425 1605 561 1675; x_wconf 74' lang='grc' dir='ltr'>πρὸς</span> <span class='ocrx_word' id='word_1_107' title='bbox 587 1606 652 1659; x_wconf 76' lang='grc' dir='ltr'>τὰ</span> <span class='ocrx_word' id='word_1_108' title='bbox 687 1598 841 1659; x_wconf 81' lang='grc' dir='ltr'>κοῖλα</span> <span class='ocrx_word' id='word_1_109' title='bbox 883 1607 994 1659; x_wconf 82' lang='grc' dir='ltr'>τῶν</span> <span class='ocrx_word' id='word_1_110' title='bbox 1028 1607 1302 1677; x_wconf 84' lang='grc' dir='ltr'>δαιμόνων</span> <span class='ocrx_word' id='word_1_111' title='bbox 1351 1609 1655 1680; x_wconf 72' lang='grc' dir='ltr'>ἐπιρῤεπὲς</span> <span class='ocrx_word' id='word_1_112' title='bbox 1701 1609 1781 1679; x_wconf 85' lang='grc' dir='ltr'>τῷ</span> <span class='ocrx_word' id='word_1_113' title='bbox 1813 1608 2000 1677; x_wconf 75' lang='grc' dir='ltr'>οἰκείῳ</span> 
     </span>
    </p>
   </div>
   <div class='ocr_carea' id='block_1_18' title="bbox 425 1694 2001 1770">
    <p class='ocr_par' dir='ltr' id='par_1_18' title="bbox 425 1694 2001 1770">
     <span class='ocr_line' id='line_1_18' title="bbox 425 1694 2001 1770; baseline 0 -19"><span class='ocrx_word' id='word_1_114' title='bbox 425 1694 950 1767; x_wconf 78' lang='grc' dir='ltr'>χαρακτηριζούσης</span> <span class='ocrx_word' id='word_1_115' title='bbox 1010 1700 1278 1770; x_wconf 87' lang='grc' dir='ltr'>σχήματι.</span> <span class='ocrx_word' id='word_1_116' title='bbox 1341 1701 1414 1753; x_wconf 83' lang='grc' dir='ltr'><strong>Τὸ</strong></span> <span class='ocrx_word' id='word_1_117' title='bbox 1481 1701 1537 1752; x_wconf 86' lang='grc' dir='ltr'>δέ</span> <span class='ocrx_word' id='word_1_118' title='bbox 1607 1717 1671 1769; x_wconf 90' lang='grc' dir='ltr'><strong>γε</strong></span> <span class='ocrx_word' id='word_1_119' title='bbox 1745 1699 2001 1770; x_wconf 83' lang='grc' dir='ltr'>ὲπιχυθὲν</span> 
     </span>
    </p>
   </div>
   <div class='ocr_carea' id='block_1_19' title="bbox 426 1789 1999 1865">
    <p class='ocr_par' dir='ltr' id='par_1_19' title="bbox 426 1789 1999 1865">
     <span class='ocr_line' id='line_1_19' title="bbox 426 1789 1999 1865; baseline 0.004 -23"><span class='ocrx_word' id='word_1_120' title='bbox 426 1790 564 1859; x_wconf 82' lang='grc' dir='ltr'>αὐτῇ</span> <span class='ocrx_word' id='word_1_121' title='bbox 612 1789 756 1859; x_wconf 79' lang='grc' dir='ltr'>ὕδωρ</span> <span class='ocrx_word' id='word_1_122' title='bbox 805 1792 1101 1861; x_wconf 79' lang='grc' dir='ltr'>ἀδιάφορον</span> <span class='ocrx_word' id='word_1_123' title='bbox 1146 1795 1246 1859; x_wconf 81' lang='grc' dir='ltr'>μέν</span> <span class='ocrx_word' id='word_1_124' title='bbox 1303 1793 1419 1846; x_wconf 77' lang='grc' dir='ltr'>ἐστι</span> <span class='ocrx_word' id='word_1_125' title='bbox 1468 1794 1609 1848; x_wconf 73' lang='grc' dir='ltr'>κατὰ</span> <span class='ocrx_word' id='word_1_126' title='bbox 1658 1793 1758 1865; x_wconf 77' lang='grc' dir='ltr'>τὴν</span> <span class='ocrx_word' id='word_1_127' title='bbox 1813 1794 1999 1848; x_wconf 78' lang='grc' dir='ltr'>οὐσίαν</span> 
     </span>
    </p>
   </div>
   <div class='ocr_carea' id='block_1_20' title="bbox 2109 598 3682 667">
    <p class='ocr_par' dir='ltr' id='par_1_20' title="bbox 2109 598 3682 667">
     <span class='ocr_line' id='line_1_20' title="bbox 2109 598 3682 667; baseline 0.001 -16"><span class='ocrx_word' id='word_1_128' title='bbox 2109 604 2303 667; x_wconf 89' lang='lat' dir='ltr'><strong>putant</strong></span> <span class='ocrx_word' id='word_1_129' title='bbox 2342 611 2492 652; x_wconf 89' lang='lat' dir='ltr'><strong>mare</strong></span> <span class='ocrx_word' id='word_1_130' title='bbox 2527 598 2837 653; x_wconf 63' lang='lat' dir='ltr'><strong>daemonum</strong></span> <span class='ocrx_word' id='word_1_131' title='bbox 2879 600 2970 667; x_wconf 87' lang='lat' dir='ltr'><strong>qui</strong></span> <span class='ocrx_word' id='word_1_132' title='bbox 3030 599 3085 653; x_wconf 91' lang='lat' dir='ltr'><strong>in</strong></span> <span class='ocrx_word' id='word_1_133' title='bbox 3142 616 3206 654; x_wconf 84' lang='lat' dir='ltr'><strong>co</strong></span> <span class='ocrx_word' id='word_1_134' title='bbox 3260 611 3387 655; x_wconf 88' lang='lat' dir='ltr'><strong>sunt</strong></span> <span class='ocrx_word' id='word_1_135' title='bbox 3421 601 3682 655; x_wconf 79' lang='lat' dir='ltr'><strong>malitiam</strong></span> 
     </span>
    </p>
   </div>
   <div class='ocr_carea' id='block_1_21' title="bbox 2107 689 3683 762">
    <p class='ocr_par' dir='ltr' id='par_1_21' title="bbox 2107 689 3683 762">
     <span class='ocr_line' id='line_1_21' title="bbox 2107 689 3683 762; baseline 0.003 -19"><span class='ocrx_word' id='word_1_136' title='bbox 2107 692 2280 760; x_wconf 79' lang='lat' dir='ltr'><strong>magis</strong></span> <span class='ocrx_word' id='word_1_137' title='bbox 2331 689 2721 756; x_wconf 82' lang='lat' dir='ltr'><strong>subindicare;</strong></span> <span class='ocrx_word' id='word_1_138' title='bbox 2766 699 2896 745; x_wconf 84' lang='lat' dir='ltr'><strong>tunc</strong></span> <span class='ocrx_word' id='word_1_139' title='bbox 2948 692 3091 746; x_wconf 90' lang='lat' dir='ltr'><strong>enim</strong></span> <span class='ocrx_word' id='word_1_140' title='bbox 3146 692 3347 762; x_wconf 85' lang='lat' dir='ltr'><strong>abripit</strong></span> <span class='ocrx_word' id='word_1_141' title='bbox 3388 695 3683 748; x_wconf 87' lang='lat' dir='ltr'><strong>nonnullos</strong></span> 
     </span>
    </p>
   </div>
   <div class='ocr_carea' id='block_1_22' title="bbox 2105 782 3681 853">
    <p class='ocr_par' dir='ltr' id='par_1_22' title="bbox 2105 782 3681 853">
     <span class='ocr_line' id='line_1_22' title="bbox 2105 782 3681 853; baseline 0.001 -17"><span class='ocrx_word' id='word_1_142' title='bbox 2105 782 2434 847; x_wconf 76' lang='lat' dir='ltr'><strong>natantium,</strong></span> <span class='ocrx_word' id='word_1_143' title='bbox 2491 798 2599 837; x_wconf 91' lang='lat' dir='ltr'><strong>non</strong></span> <span class='ocrx_word' id='word_1_144' title='bbox 2638 783 2781 853; x_wconf 88' lang='lat' dir='ltr'><strong>quod</strong></span> <span class='ocrx_word' id='word_1_145' title='bbox 2815 798 2955 852; x_wconf 86' lang='lat' dir='ltr'><strong>aqua</strong></span> <span class='ocrx_word' id='word_1_146' title='bbox 2992 783 3227 851; x_wconf 80' lang='lat' dir='ltr'><strong>praedam</strong></span> <span class='ocrx_word' id='word_1_147' title='bbox 3282 784 3537 850; x_wconf 70' lang='lat' dir='ltr'><strong>abducat,</strong></span> <span class='ocrx_word' id='word_1_148' title='bbox 3586 785 3681 838; x_wconf 74' lang='lat' dir='ltr'><strong>scd</strong></span> 
     </span>
    </p>
   </div>
   <div class='ocr_carea' id='block_1_23' title="bbox 2105 873 3683 953">
    <p class='ocr_par' dir='ltr' id='par_1_23' title="bbox 2105 873 3683 953">
     <span class='ocr_line' id='line_1_23' title="bbox 2105 873 3683 953; baseline 0 -25"><span class='ocrx_word' id='word_1_149' title='bbox 2105 875 2252 944; x_wconf 87' lang='lat' dir='ltr'><strong>quod</strong></span> <span class='ocrx_word' id='word_1_150' title='bbox 2285 873 2567 929; x_wconf 74' lang='lat' dir='ltr'><strong>dannoncs</strong></span> <span class='ocrx_word' id='word_1_151' title='bbox 2602 890 2797 943; x_wconf 87' lang='lat' dir='ltr'><strong>aquam</strong></span> <span class='ocrx_word' id='word_1_152' title='bbox 2830 876 3132 953; x_wconf 72' lang='lat' dir='ltr'><strong>incolentes</strong></span> <span class='ocrx_word' id='word_1_153' title='bbox 3158 890 3311 929; x_wconf 89' lang='lat' dir='ltr'><strong>suam</strong></span> <span class='ocrx_word' id='word_1_154' title='bbox 3364 875 3683 943; x_wconf 78' lang='lat' dir='ltr'><strong>impendant</strong></span> 
     </span>
    </p>
   </div>
   <div class='ocr_carea' id='block_1_24' title="bbox 2106 965 3711 1035">
    <p class='ocr_par' dir='ltr' id='par_1_24' title="bbox 2106 965 3711 1035">
     <span class='ocr_line' id='line_1_24' title="bbox 2106 965 3711 1035; baseline 0.001 -17"><span class='ocrx_word' id='word_1_155' title='bbox 2106 965 2394 1019; x_wconf 73' lang='lat' dir='ltr'><strong>malitiam.</strong></span> <span class='ocrx_word' id='word_1_156' title='bbox 2444 965 2917 1031; x_wconf 58' lang='lat' dir='ltr'><strong>Quemadmodum</strong></span> <span class='ocrx_word' id='word_1_157' title='bbox 2971 976 3054 1020; x_wconf 89' lang='lat' dir='ltr'><strong>est</strong></span> <span class='ocrx_word' id='word_1_158' title='bbox 3114 968 3381 1021; x_wconf 81' lang='lat' dir='ltr'><strong>divinatio</strong></span> <span class='ocrx_word' id='word_1_159' title='bbox 3439 984 3504 1021; x_wconf 80' lang='lat' dir='ltr'><strong>ex</strong></span> <span class='ocrx_word' id='word_1_160' title='bbox 3559 982 3711 1035; x_wconf 30' lang='lat' dir='ltr'><strong>aere.</strong></span> 
     </span>
    </p>
   </div>
   <div class='ocr_carea' id='block_1_25' title="bbox 2105 1056 3681 1129">
    <p class='ocr_par' dir='ltr' id='par_1_25' title="bbox 2105 1056 3681 1129">
     <span class='ocr_line' id='line_1_25' title="bbox 2105 1056 3681 1129; baseline 0.001 -18"><span class='ocrx_word' id='word_1_161' title='bbox 2105 1068 2157 1111; x_wconf 91' lang='lat' dir='ltr'><strong>ct</strong></span> <span class='ocrx_word' id='word_1_162' title='bbox 2186 1056 2353 1118; x_wconf 85' lang='lat' dir='ltr'><strong>foliis,</strong></span> <span class='ocrx_word' id='word_1_163' title='bbox 2387 1057 2461 1111; x_wconf 88' lang='lat' dir='ltr'><strong>ita</strong></span> <span class='ocrx_word' id='word_1_164' title='bbox 2495 1068 2549 1112; x_wconf 87' lang='lat' dir='ltr'><strong>et</strong></span> <span class='ocrx_word' id='word_1_165' title='bbox 2586 1075 2649 1113; x_wconf 83' lang='lat' dir='ltr'><strong>ex</strong></span> <span class='ocrx_word' id='word_1_166' title='bbox 2697 1059 2839 1129; x_wconf 82' lang='lat' dir='ltr'><strong>pelvi</strong></span> <span class='ocrx_word' id='word_1_167' title='bbox 2867 1059 3132 1113; x_wconf 84' lang='lat' dir='ltr'><strong>divinatio</strong></span> <span class='ocrx_word' id='word_1_168' title='bbox 3165 1059 3457 1114; x_wconf 77' lang='lat' dir='ltr'><strong>adhibetur</strong></span> <span class='ocrx_word' id='word_1_169' title='bbox 3483 1060 3550 1113; x_wconf 87' lang='lat' dir='ltr'><strong>ab</strong></span> <span class='ocrx_word' id='word_1_170' title='bbox 3579 1060 3681 1113; x_wconf 65' lang='lat' dir='ltr'><strong>As»</strong></span> 
     </span>
    </p>
   </div>
   <div class='ocr_carea' id='block_1_26' title="bbox 2104 1149 3684 1223">
    <p class='ocr_par' dir='ltr' id='par_1_26' title="bbox 2104 1149 3684 1223">
     <span class='ocr_line' id='line_1_26' title="bbox 2104 1149 3684 1223; baseline 0.001 -21"><span class='ocrx_word' id='word_1_171' title='bbox 2104 1149 2269 1217; x_wconf 86' lang='lat' dir='ltr'><strong>syriis</strong></span> <span class='ocrx_word' id='word_1_172' title='bbox 2337 1149 2574 1204; x_wconf 81' lang='lat' dir='ltr'><strong>maxime</strong></span> <span class='ocrx_word' id='word_1_173' title='bbox 2622 1152 2893 1221; x_wconf 83' lang='lat' dir='ltr'><strong>sapientia</strong></span> <span class='ocrx_word' id='word_1_174' title='bbox 2945 1153 3219 1221; x_wconf 79' lang='lat' dir='ltr'><strong>egregiis:</strong></span> <span class='ocrx_word' id='word_1_175' title='bbox 3272 1153 3413 1223; x_wconf 69' lang='lat' dir='ltr'><strong>pelri</strong></span> <span class='ocrx_word' id='word_1_176' title='bbox 3460 1162 3684 1207; x_wconf 77' lang='lat' dir='ltr'><strong>Ulllllltlt‘</strong></span> 
     </span>
    </p>
   </div>
   <div class='ocr_carea' id='block_1_27' title="bbox 2105 1239 3680 1312">
    <p class='ocr_par' dir='ltr' id='par_1_27' title="bbox 2105 1239 3680 1312">
     <span class='ocr_line' id='line_1_27' title="bbox 2105 1239 3680 1312; baseline 0.001 -18"><span class='ocrx_word' id='word_1_177' title='bbox 2105 1239 2422 1308; x_wconf 82' lang='lat' dir='ltr'><strong>subjaccntc</strong></span> <span class='ocrx_word' id='word_1_178' title='bbox 2468 1249 2523 1295; x_wconf 91' lang='lat' dir='ltr'><strong>et</strong></span> <span class='ocrx_word' id='word_1_179' title='bbox 2550 1244 2862 1311; x_wconf 85' lang='lat' dir='ltr'><strong>pr0phetica</strong></span> <span class='ocrx_word' id='word_1_180' title='bbox 2895 1258 3034 1312; x_wconf 86' lang='lat' dir='ltr'><strong>aqua</strong></span> <span class='ocrx_word' id='word_1_181' title='bbox 3098 1242 3256 1312; x_wconf 88' lang='lat' dir='ltr'><strong>plena</strong></span> <span class='ocrx_word' id='word_1_182' title='bbox 3299 1260 3418 1312; x_wconf 79' lang='lat' dir='ltr'><strong>quae</strong></span> <span class='ocrx_word' id='word_1_183' title='bbox 3460 1245 3680 1312; x_wconf 77' lang='lat' dir='ltr'><strong>propria</strong></span> 
     </span>
    </p>
   </div>
   <div class='ocr_carea' id='block_1_28' title="bbox 2104 1331 3681 1404">
    <p class='ocr_par' dir='ltr' id='par_1_28' title="bbox 2104 1331 3681 1404">
     <span class='ocr_line' id='line_1_28' title="bbox 2104 1331 3681 1404; baseline 0.003 -20"><span class='ocrx_word' id='word_1_184' title='bbox 2104 1331 2274 1386; x_wconf 76' lang='lat' dir='ltr'><strong>forma</strong></span> <span class='ocrx_word' id='word_1_185' title='bbox 2320 1333 2628 1388; x_wconf 72' lang='lat' dir='ltr'><strong>dzemonum</strong></span> <span class='ocrx_word' id='word_1_186' title='bbox 2678 1334 2745 1388; x_wconf 90' lang='lat' dir='ltr'><strong>ad</strong></span> <span class='ocrx_word' id='word_1_187' title='bbox 2782 1350 2913 1388; x_wconf 75' lang='lat' dir='ltr'><strong>cara</strong></span> <span class='ocrx_word' id='word_1_188' title='bbox 2958 1335 3377 1404; x_wconf 91' lang='lat' dir='ltr'><strong>propensionem</strong></span> <span class='ocrx_word' id='word_1_189' title='bbox 3432 1335 3681 1404; x_wconf 72' lang='lat' dir='ltr'><strong>insignit.</strong></span> 
     </span>
    </p>
   </div>
   <div class='ocr_carea' id='block_1_29' title="bbox 2104 1423 3743 1497">
    <p class='ocr_par' dir='ltr' id='par_1_29' title="bbox 2104 1423 3743 1497">
     <span class='ocr_line' id='line_1_29' title="bbox 2104 1423 3743 1497; baseline 0.002 -21"><span class='ocrx_word' id='word_1_190' title='bbox 2104 1423 2235 1489; x_wconf 66' lang='lat' dir='ltr'><strong>Quae</strong></span> <span class='ocrx_word' id='word_1_191' title='bbox 2266 1424 2318 1477; x_wconf 89' lang='lat' dir='ltr'><strong>in</strong></span> <span class='ocrx_word' id='word_1_192' title='bbox 2349 1439 2467 1477; x_wconf 90' lang='lat' dir='ltr'><strong>eam</strong></span> <span class='ocrx_word' id='word_1_193' title='bbox 2502 1424 2815 1479; x_wconf 83' lang='lat' dir='ltr'><strong>infunditur</strong></span> <span class='ocrx_word' id='word_1_194' title='bbox 2849 1441 2989 1495; x_wconf 88' lang='lat' dir='ltr'><strong>aqua</strong></span> <span class='ocrx_word' id='word_1_195' title='bbox 3018 1428 3158 1480; x_wconf 85' lang='lat' dir='ltr'><strong>nihil</strong></span> <span class='ocrx_word' id='word_1_196' title='bbox 3200 1428 3382 1497; x_wconf 82' lang='lat' dir='ltr'><strong>quoad</strong></span> <span class='ocrx_word' id='word_1_197' title='bbox 3415 1426 3677 1480; x_wconf 85' lang='lat' dir='ltr'><strong>substan—</strong></span> <span class='ocrx_word' id='word_1_198' title='bbox 3735 1460 3743 1465; x_wconf 94' lang='lat'><strong><em>-</em></strong></span> 
     </span>
    </p>
   </div>
   <div class='ocr_carea' id='block_1_30' title="bbox 2105 1513 3679 1585">
    <p class='ocr_par' dir='ltr' id='par_1_30' title="bbox 2105 1513 3679 1585">
     <span class='ocr_line' id='line_1_30' title="bbox 2105 1513 3679 1585; baseline -0.001 -20"><span class='ocrx_word' id='word_1_199' title='bbox 2105 1514 2233 1565; x_wconf 90' lang='lat' dir='ltr'><strong>tiam</strong></span> <span class='ocrx_word' id='word_1_200' title='bbox 2260 1514 2326 1567; x_wconf 92' lang='lat' dir='ltr'><strong>ab</strong></span> <span class='ocrx_word' id='word_1_201' title='bbox 2355 1528 2495 1581; x_wconf 89' lang='lat' dir='ltr'><strong>aqua</strong></span> <span class='ocrx_word' id='word_1_202' title='bbox 2533 1514 2769 1581; x_wconf 82' lang='lat' dir='ltr'><strong>simplici</strong></span> <span class='ocrx_word' id='word_1_203' title='bbox 2803 1513 2983 1569; x_wconf 62' lang='lat' dir='ltr'><strong>diﬂ‘ert</strong></span> <span class='ocrx_word' id='word_1_204' title='bbox 3016 1532 3030 1581; x_wconf 92' lang='lat'><strong>;</strong></span> <span class='ocrx_word' id='word_1_205' title='bbox 3063 1515 3157 1570; x_wconf 87' lang='lat' dir='ltr'><strong>sed</strong></span> <span class='ocrx_word' id='word_1_206' title='bbox 3195 1516 3340 1585; x_wconf 85' lang='lat' dir='ltr'><strong>quod</strong></span> <span class='ocrx_word' id='word_1_207' title='bbox 3374 1531 3539 1583; x_wconf 81' lang='lat' dir='ltr'><strong>super</strong></span> <span class='ocrx_word' id='word_1_208' title='bbox 3561 1532 3679 1566; x_wconf 66' lang='lat' dir='ltr'><strong>eam</strong></span> 
     </span>
    </p>
   </div>
   <div class='ocr_carea' id='block_1_31' title="bbox 2103 1604 3653 1674">
    <p class='ocr_par' dir='ltr' id='par_1_31' title="bbox 2103 1604 3653 1674">
     <span class='ocr_line' id='line_1_31' title="bbox 2103 1604 3653 1674; baseline 0 -15"><span class='ocrx_word' id='word_1_209' title='bbox 2103 1604 2336 1660; x_wconf 79' lang='lat' dir='ltr'><strong>cilicitur</strong></span> <span class='ocrx_word' id='word_1_210' title='bbox 2365 1606 2687 1674; x_wconf 79' lang='lat' dir='ltr'><strong>mysterium</strong></span> <span class='ocrx_word' id='word_1_211' title='bbox 2741 1607 3263 1674; x_wconf 74' lang='lat' dir='ltr'><strong>incantationesque</strong></span> <span class='ocrx_word' id='word_1_212' title='bbox 3309 1607 3454 1672; x_wconf 77' lang='grc' dir='ltr'>(μιυά</span> <span class='ocrx_word' id='word_1_213' title='bbox 3492 1622 3653 1659; x_wconf 52' lang='lat' dir='ltr'><strong>nec-1s</strong></span> 
     </span>
    </p>
   </div>
   <div class='ocr_carea' id='block_1_32' title="bbox 2102 1697 3680 1767">
    <p class='ocr_par' dir='ltr' id='par_1_32' title="bbox 2102 1697 3680 1767">
     <span class='ocr_line' id='line_1_32' title="bbox 2102 1697 3680 1767; baseline -0.003 -15"><span class='ocrx_word' id='word_1_214' title='bbox 2102 1698 2308 1752; x_wconf 88' lang='lat' dir='ltr'><strong>sarium</strong></span> <span class='ocrx_word' id='word_1_215' title='bbox 2351 1706 2435 1750; x_wconf 88' lang='lat' dir='ltr'><strong>est</strong></span> <span class='ocrx_word' id='word_1_216' title='bbox 2475 1706 2775 1764; x_wconf 82' lang='lat' dir='ltr'><strong>operantur</strong></span> <span class='ocrx_word' id='word_1_217' title='bbox 2809 1706 2865 1750; x_wconf 92' lang='lat' dir='ltr'><strong>ut</strong></span> <span class='ocrx_word' id='word_1_218' title='bbox 2895 1697 3150 1751; x_wconf 79' lang='lat' dir='ltr'><strong>divinans</strong></span> <span class='ocrx_word' id='word_1_219' title='bbox 3180 1698 3409 1767; x_wconf 81' lang='lat' dir='ltr'><strong>spiritus</strong></span> <span class='ocrx_word' id='word_1_220' title='bbox 3443 1698 3680 1751; x_wconf 59' lang='lat' dir='ltr'><strong>adduca-</strong></span> 
     </span>
    </p>
   </div>
   <div class='ocr_carea' id='block_1_33' title="bbox 2103 1787 3681 1856">
    <p class='ocr_par' dir='ltr' id='par_1_33' title="bbox 2103 1787 3681 1856">
     <span class='ocr_line' id='line_1_33' title="bbox 2103 1787 3681 1856; baseline -0.002 -12"><span class='ocrx_word' id='word_1_221' title='bbox 2103 1798 2212 1844; x_wconf 90' lang='lat' dir='ltr'><strong>tur.</strong></span> <span class='ocrx_word' id='word_1_222' title='bbox 2247 1787 2381 1842; x_wconf 88' lang='lat' dir='ltr'><strong>lllud</strong></span> <span class='ocrx_word' id='word_1_223' title='bbox 2426 1796 2623 1842; x_wconf 90' lang='lat' dir='ltr'><strong>autem</strong></span> <span class='ocrx_word' id='word_1_224' title='bbox 2650 1789 2981 1843; x_wconf 70' lang='lat' dir='ltr'><strong>daemonium</strong></span> <span class='ocrx_word' id='word_1_225' title='bbox 3032 1798 3116 1844; x_wconf 91' lang='lat' dir='ltr'><strong>est</strong></span> <span class='ocrx_word' id='word_1_226' title='bbox 3145 1798 3405 1844; x_wconf 82' lang='lat' dir='ltr'><strong>terrestre</strong></span> <span class='ocrx_word' id='word_1_227' title='bbox 3430 1798 3483 1841; x_wconf 89' lang='lat' dir='ltr'><strong>et</strong></span> <span class='ocrx_word' id='word_1_228' title='bbox 3514 1791 3681 1856; x_wconf 73' lang='lat' dir='ltr'><strong>parti-</strong></span> 
     </span>
    </p>
   </div>
   <div class='ocr_carea' id='block_1_34' title="bbox 428 1865 2184 1954">
    <p class='ocr_par' dir='ltr' id='par_1_34' title="bbox 428 1865 2184 1954">
     <span class='ocr_line' id='line_1_34' title="bbox 428 1865 2184 1954; baseline 0.001 -22"><span class='ocrx_word' id='word_1_229' title='bbox 428 1882 566 1949; x_wconf 79' lang='grc' dir='ltr'>πρδς</span> <span class='ocrx_word' id='word_1_230' title='bbox 596 1880 663 1933; x_wconf 73' lang='grc' dir='ltr'><strong>τά</strong></span> <span class='ocrx_word' id='word_1_231' title='bbox 692 1881 928 1951; x_wconf 82' lang='grc' dir='ltr'>ὁμογενῆ</span> <span class='ocrx_word' id='word_1_232' title='bbox 958 1880 1129 1936; x_wconf 76' lang='grc' dir='ltr'>ὕδατα</span> <span class='ocrx_word' id='word_1_233' title='bbox 1160 1898 1175 1913; x_wconf 85' lang='grc'>⁶</span> <span class='ocrx_word' id='word_1_234' title='bbox 1212 1882 1331 1936; x_wconf 81' lang='grc' dir='ltr'>ἀλλ’</span> <span class='ocrx_word' id='word_1_235' title='bbox 1369 1883 1402 1952; x_wconf 81' lang='grc' dir='ltr'><strong>ἥ</strong></span> <span class='ocrx_word' id='word_1_236' title='bbox 1428 1900 1490 1951; x_wconf 88' lang='grc' dir='ltr'><strong>γε</strong></span> <span class='ocrx_word' id='word_1_237' title='bbox 1519 1883 1604 1937; x_wconf 77' lang='grc' dir='ltr'>ἐπ’</span> <span class='ocrx_word' id='word_1_238' title='bbox 1632 1884 1783 1954; x_wconf 82' lang='grc' dir='ltr'>αὐτῷ</span> <span class='ocrx_word' id='word_1_239' title='bbox 1812 1885 1998 1953; x_wconf 83' lang='grc' dir='ltr'>τελετὴ</span> <span class='ocrx_word' id='word_1_240' title='bbox 2035 1865 2074 1922; x_wconf 74' lang='grc' dir='ltr'><strong>Β</strong></span> <span class='ocrx_word' id='word_1_241' title='bbox 2104 1882 2184 1935; x_wconf 88' lang='lat' dir='ltr'><strong>cul</strong></span> 
     </span>
    </p>
   </div>
   <div class='ocr_carea' id='block_1_35' title="bbox 1923 1865 3679 1954">
    <p class='ocr_par' dir='ltr' id='par_1_35' title="bbox 1923 1865 3679 1953">
     <span class='ocr_line' id='line_1_35' title="bbox 1923 1865 3679 1953; baseline -0.003 -17"><span class='ocrx_word' id='word_1_242' title='bbox 1923 1886 1998 1953; x_wconf 82' lang='grc' dir='ltr'><strong>ετὴ</strong></span> <span class='ocrx_word' id='word_1_243' title='bbox 2035 1865 2307 1935; x_wconf 80' lang='lat' dir='ltr'><strong>Bculare.</strong></span> <span class='ocrx_word' id='word_1_244' title='bbox 2366 1878 2432 1933; x_wconf 84' lang='lat' dir='ltr'><strong>Et</strong></span> <span class='ocrx_word' id='word_1_245' title='bbox 2496 1890 2785 1950; x_wconf 88' lang='lat' dir='ltr'><strong>postquam</strong></span> <span class='ocrx_word' id='word_1_246' title='bbox 2845 1880 2898 1934; x_wconf 90' lang='lat' dir='ltr'><strong>in</strong></span> <span class='ocrx_word' id='word_1_247' title='bbox 2962 1895 3158 1949; x_wconf 90' lang='lat' dir='ltr'><strong>aquam</strong></span> <span class='ocrx_word' id='word_1_248' title='bbox 3228 1880 3445 1941; x_wconf 79' lang='lat' dir='ltr'><strong>incidit.</strong></span> <span class='ocrx_word' id='word_1_249' title='bbox 3501 1881 3679 1949; x_wconf 86' lang='lat' dir='ltr'><strong>primo</strong></span> 
     </span>
    </p>
   </div>
   <div class='ocr_carea' id='block_1_36' title="bbox 426 1971 2001 2049">
    <p class='ocr_par' dir='ltr' id='par_1_36' title="bbox 426 1971 2001 2049">
     <span class='ocr_line' id='line_1_36' title="bbox 426 1971 2001 2049; baseline 0.004 -26"><span class='ocrx_word' id='word_1_250' title='bbox 426 1972 521 2024; x_wconf 79' lang='grc' dir='ltr'>καὶ</span> <span class='ocrx_word' id='word_1_251' title='bbox 570 1971 642 2024; x_wconf 75' lang='grc' dir='ltr'>τὰ</span> <span class='ocrx_word' id='word_1_252' title='bbox 680 1973 976 2043; x_wconf 79' lang='grc' dir='ltr'>ὲπᾲσματα</span> <span class='ocrx_word' id='word_1_253' title='bbox 1034 1975 1347 2045; x_wconf 78' lang='grc' dir='ltr'>ἐπιτήδειον</span> <span class='ocrx_word' id='word_1_254' title='bbox 1401 1978 1537 2047; x_wconf 76' lang='grc' dir='ltr'>πρὸς</span> <span class='ocrx_word' id='word_1_255' title='bbox 1591 1978 1859 2049; x_wconf 79' lang='grc' dir='ltr'>ὑποδοχὴν</span> <span class='ocrx_word' id='word_1_256' title='bbox 1906 1978 2001 2030; x_wconf 80' lang='grc' dir='ltr'>τοῦ</span> 
     </span>
    </p>
   </div>
   <div class='ocr_carea' id='block_1_37' title="bbox 426 2062 2005 2138">
    <p class='ocr_par' dir='ltr' id='par_1_37' title="bbox 426 2062 2005 2138">
     <span class='ocr_line' id='line_1_37' title="bbox 426 2062 2005 2138; baseline 0.004 -24"><span class='ocrx_word' id='word_1_257' title='bbox 426 2062 671 2130; x_wconf 82' lang='grc' dir='ltr'>χρῶντος</span> <span class='ocrx_word' id='word_1_258' title='bbox 701 2064 1029 2133; x_wconf 77' lang='grc' dir='ltr'>ἐργάζονται</span> <span class='ocrx_word' id='word_1_259' title='bbox 1061 2066 1396 2132; x_wconf 84' lang='grc' dir='ltr'>πνεύματος.</span> <span class='ocrx_word' id='word_1_260' title='bbox 1429 2067 1600 2120; x_wconf 78' lang='grc' dir='ltr'>Τοῦτο</span> <span class='ocrx_word' id='word_1_261' title='bbox 1646 2068 1701 2121; x_wconf 80' lang='grc' dir='ltr'>δὲ</span> <span class='ocrx_word' id='word_1_262' title='bbox 1728 2069 2005 2138; x_wconf 79' lang='grc' dir='ltr'>δαιμόνιόν</span> 
     </span>
    </p>
   </div>
   <div class='ocr_carea' id='block_1_38' title="bbox 425 2153 2003 2230">
    <p class='ocr_par' dir='ltr' id='par_1_38' title="bbox 425 2153 2003 2230">
     <span class='ocr_line' id='line_1_38' title="bbox 425 2153 2003 2230; baseline 0.006 -27"><span class='ocrx_word' id='word_1_263' title='bbox 425 2154 544 2205; x_wconf 83' lang='grc' dir='ltr'>ἐστι</span> <span class='ocrx_word' id='word_1_264' title='bbox 574 2153 781 2221; x_wconf 81' lang='grc' dir='ltr'>γεῶδες</span> <span class='ocrx_word' id='word_1_265' title='bbox 808 2156 901 2208; x_wconf 81' lang='grc' dir='ltr'>καὶ</span> <span class='ocrx_word' id='word_1_266' title='bbox 940 2158 1166 2226; x_wconf 85' lang='grc' dir='ltr'>μερικόν</span> <span class='ocrx_word' id='word_1_267' title='bbox 1200 2175 1212 2185; x_wconf 90' lang='grc'><strong>·</strong></span> <span class='ocrx_word' id='word_1_268' title='bbox 1258 2159 1375 2222; x_wconf 79' lang='grc' dir='ltr'>καὶ,</span> <span class='ocrx_word' id='word_1_269' title='bbox 1417 2159 1640 2212; x_wconf 79' lang='grc' dir='ltr'>ἐπειδάν</span> <span class='ocrx_word' id='word_1_270' title='bbox 1678 2160 1894 2230; x_wconf 79' lang='grc' dir='ltr'>ἐμπέσῃ</span> <span class='ocrx_word' id='word_1_271' title='bbox 1925 2160 2003 2230; x_wconf 87' lang='grc' dir='ltr'>τῷ</span> 
     </span>
    </p>
   </div>
   <div class='ocr_carea' id='block_1_39' title="bbox 427 2243 2004 2322">
    <p class='ocr_par' dir='ltr' id='par_1_39' title="bbox 427 2243 2004 2322">
     <span class='ocr_line' id='line_1_39' title="bbox 427 2243 2004 2322; baseline 0.006 -27"><span class='ocrx_word' id='word_1_272' title='bbox 427 2243 605 2309; x_wconf 78' lang='grc' dir='ltr'>ὕδατι,</span> <span class='ocrx_word' id='word_1_273' title='bbox 651 2246 868 2315; x_wconf 85' lang='grc' dir='ltr'>πρῶτον</span> <span class='ocrx_word' id='word_1_274' title='bbox 902 2248 1001 2317; x_wconf 84' lang='grc' dir='ltr'><strong>μὲν</strong></span> <span class='ocrx_word' id='word_1_275' title='bbox 1035 2243 1169 2318; x_wconf 78' lang='grc' dir='ltr'>ἦχόν</span> <span class='ocrx_word' id='word_1_276' title='bbox 1210 2265 1332 2302; x_wconf 89' lang='grc' dir='ltr'>τινα</span> <span class='ocrx_word' id='word_1_277' title='bbox 1394 2249 1607 2318; x_wconf 81' lang='grc' dir='ltr'>ἄσημον</span> <span class='ocrx_word' id='word_1_278' title='bbox 1655 2252 1768 2314; x_wconf 84' lang='grc' dir='ltr'>τοῖς</span> <span class='ocrx_word' id='word_1_279' title='bbox 1841 2268 2004 2322; x_wconf 88' lang='grc' dir='ltr'>περι-</span> 
     </span>
    </p>
   </div>
   <div class='ocr_carea' id='block_1_40' title="bbox 425 2334 1998 2407">
    <p class='ocr_par' dir='ltr' id='par_1_40' title="bbox 425 2334 1998 2407">
     <span class='ocr_line' id='line_1_40' title="bbox 425 2334 1998 2407; baseline 0.006 -24"><span class='ocrx_word' id='word_1_280' title='bbox 425 2334 687 2402; x_wconf 84' lang='grc' dir='ltr'>εστηκόσι</span> <span class='ocrx_word' id='word_1_281' title='bbox 744 2335 887 2389; x_wconf 82' lang='grc' dir='ltr'>κατά</span> <span class='ocrx_word' id='word_1_282' title='bbox 915 2336 1013 2407; x_wconf 78' lang='grc' dir='ltr'><strong>τὴν</strong></span> <span class='ocrx_word' id='word_1_283' title='bbox 1067 2337 1336 2407; x_wconf 78' lang='grc' dir='ltr'>ὑποδοχὴν</span> <span class='ocrx_word' id='word_1_284' title='bbox 1406 2339 1644 2407; x_wconf 76' lang='grc' dir='ltr'>ἐμποιεῖ,</span> <span class='ocrx_word' id='word_1_285' title='bbox 1700 2339 1895 2394; x_wconf 73' lang='grc' dir='ltr'>ἔπειτα</span> <span class='ocrx_word' id='word_1_286' title='bbox 1940 2339 1998 2393; x_wconf 83' lang='grc' dir='ltr'>δὲ</span> 
     </span>
    </p>
   </div>
   <div class='ocr_carea' id='block_1_41' title="bbox 424 2423 2000 2499">
    <p class='ocr_par' dir='ltr' id='par_1_41' title="bbox 424 2423 2000 2499">
     <span class='ocr_line' id='line_1_41' title="bbox 424 2423 2000 2499; baseline 0.006 -27"><span class='ocrx_word' id='word_1_287' title='bbox 424 2423 774 2492; x_wconf 65' lang='grc' dir='ltr'>ὲπεκείμενον</span> <span class='ocrx_word' id='word_1_288' title='bbox 815 2426 894 2496; x_wconf 84' lang='grc' dir='ltr'>τῷ</span> <span class='ocrx_word' id='word_1_289' title='bbox 934 2425 1090 2479; x_wconf 76' lang='grc' dir='ltr'>ὕδατι</span> <span class='ocrx_word' id='word_1_290' title='bbox 1121 2426 1399 2497; x_wconf 83' lang='grc' dir='ltr'>ἀμυδρούς</span> <span class='ocrx_word' id='word_1_291' title='bbox 1432 2446 1583 2492; x_wconf 88' lang='grc' dir='ltr'>τινας</span> <span class='ocrx_word' id='word_1_292' title='bbox 1607 2428 1877 2497; x_wconf 80' lang='grc' dir='ltr'>φθόγγους</span> <span class='ocrx_word' id='word_1_293' title='bbox 1899 2429 2000 2499; x_wconf 87' lang='grc' dir='ltr'><strong>τῆς</strong></span> 
     </span>
    </p>
   </div>
   <div class='ocr_carea' id='block_1_42' title="bbox 420 2514 1997 2589">
    <p class='ocr_par' dir='ltr' id='par_1_42' title="bbox 420 2514 1997 2589">
     <span class='ocr_line' id='line_1_42' title="bbox 420 2514 1997 2589; baseline 0.005 -24"><span class='ocrx_word' id='word_1_294' title='bbox 420 2514 516 2566; x_wconf 83' lang='grc' dir='ltr'>τοῦ</span> <span class='ocrx_word' id='word_1_295' title='bbox 543 2514 829 2583; x_wconf 82' lang='grc' dir='ltr'>μέλλοντος</span> <span class='ocrx_word' id='word_1_296' title='bbox 853 2517 1126 2585; x_wconf 73' lang='grc' dir='ltr'>ὑποψοφεῖ</span> <span class='ocrx_word' id='word_1_297' title='bbox 1148 2519 1535 2589; x_wconf 81' lang='grc' dir='ltr'>προγνώσεως.</span> <span class='ocrx_word' id='word_1_298' title='bbox 1563 2521 1719 2574; x_wconf 86' lang='grc' dir='ltr'>Ἐστι</span> <span class='ocrx_word' id='word_1_299' title='bbox 1738 2521 1794 2574; x_wconf 79' lang='grc' dir='ltr'>δὲ</span> <span class='ocrx_word' id='word_1_300' title='bbox 1819 2521 1997 2589; x_wconf 84' lang='grc' dir='ltr'>πάντη</span> 
     </span>
    </p>
   </div>
   <div class='ocr_carea' id='block_1_43' title="bbox 2102 1968 3680 2039">
    <p class='ocr_par' dir='ltr' id='par_1_43' title="bbox 2102 1968 3680 2039">
     <span class='ocr_line' id='line_1_43' title="bbox 2102 1968 3680 2039; baseline -0.001 -15"><span class='ocrx_word' id='word_1_301' title='bbox 2102 1971 2321 2037; x_wconf 87' lang='lat' dir='ltr'><strong>quidem</strong></span> <span class='ocrx_word' id='word_1_302' title='bbox 2367 1970 2660 2039; x_wconf 86' lang='lat' dir='ltr'><strong>quamdam</strong></span> <span class='ocrx_word' id='word_1_303' title='bbox 2696 1968 2988 2024; x_wconf 83' lang='lat' dir='ltr'><strong>confusam</strong></span> <span class='ocrx_word' id='word_1_304' title='bbox 3013 1985 3202 2026; x_wconf 83' lang='lat' dir='ltr'><strong>vocem</strong></span> <span class='ocrx_word' id='word_1_305' title='bbox 3238 1971 3547 2025; x_wconf 81' lang='lat' dir='ltr'><strong>astantibus</strong></span> <span class='ocrx_word' id='word_1_306' title='bbox 3579 1984 3680 2025; x_wconf 89' lang='lat' dir='ltr'><strong>suo</strong></span> 
     </span>
    </p>
   </div>
   <div class='ocr_carea' id='block_1_44' title="bbox 2101 2061 3679 2131">
    <p class='ocr_par' dir='ltr' id='par_1_44' title="bbox 2101 2061 3679 2131">
     <span class='ocr_line' id='line_1_44' title="bbox 2101 2061 3679 2131; baseline 0 -17"><span class='ocrx_word' id='word_1_307' title='bbox 2101 2064 2342 2116; x_wconf 83' lang='lat' dir='ltr'><strong>adventu</strong></span> <span class='ocrx_word' id='word_1_308' title='bbox 2373 2062 2620 2122; x_wconf 87' lang='lat' dir='ltr'><strong>emittit;</strong></span> <span class='ocrx_word' id='word_1_309' title='bbox 2654 2061 2857 2117; x_wconf 83' lang='lat' dir='ltr'><strong>deinde</strong></span> <span class='ocrx_word' id='word_1_310' title='bbox 2885 2077 3014 2117; x_wconf 85' lang='lat' dir='ltr'><strong>vero</strong></span> <span class='ocrx_word' id='word_1_311' title='bbox 3050 2078 3205 2131; x_wconf 83' lang='lat' dir='ltr'><strong>aqua:</strong></span> <span class='ocrx_word' id='word_1_312' title='bbox 3233 2062 3481 2117; x_wconf 79' lang='lat' dir='ltr'><strong>insidens</strong></span> <span class='ocrx_word' id='word_1_313' title='bbox 3514 2078 3679 2130; x_wconf 80' lang='lat' dir='ltr'><strong>quos—</strong></span> 
     </span>
    </p>
   </div>
   <div class='ocr_carea' id='block_1_45' title="bbox 2101 2150 3680 2222">
    <p class='ocr_par' dir='ltr' id='par_1_45' title="bbox 2101 2150 3680 2222">
     <span class='ocr_line' id='line_1_45' title="bbox 2101 2150 3680 2222; baseline -0.003 -16"><span class='ocrx_word' id='word_1_314' title='bbox 2101 2153 2223 2206; x_wconf 89' lang='lat' dir='ltr'><strong>dam</strong></span> <span class='ocrx_word' id='word_1_315' title='bbox 2285 2161 2479 2208; x_wconf 90' lang='lat' dir='ltr'><strong>tenues</strong></span> <span class='ocrx_word' id='word_1_316' title='bbox 2521 2166 2689 2207; x_wconf 87' lang='lat' dir='ltr'><strong>sonos</strong></span> <span class='ocrx_word' id='word_1_317' title='bbox 2721 2151 3033 2207; x_wconf 79' lang='lat' dir='ltr'><strong>futurorum</strong></span> <span class='ocrx_word' id='word_1_318' title='bbox 3077 2151 3453 2222; x_wconf 64' lang='lat' dir='ltr'><strong>praedictionis</strong></span> <span class='ocrx_word' id='word_1_319' title='bbox 3489 2150 3680 2205; x_wconf 83' lang='lat' dir='ltr'><strong>Ienncr</strong></span> 
     </span>
    </p>
   </div>
   <div class='ocr_carea' id='block_1_46' title="bbox 2102 2239 3681 2311">
    <p class='ocr_par' dir='ltr' id='par_1_46' title="bbox 2102 2239 3681 2311">
     <span class='ocr_line' id='line_1_46' title="bbox 2102 2239 3681 2311; baseline -0.004 -14"><span class='ocrx_word' id='word_1_320' title='bbox 2102 2242 2317 2311; x_wconf 88' lang='lat' dir='ltr'><strong>strepit.</strong></span> <span class='ocrx_word' id='word_1_321' title='bbox 2346 2244 2442 2297; x_wconf 87' lang='lat' dir='ltr'><strong>Est</strong></span> <span class='ocrx_word' id='word_1_322' title='bbox 2462 2251 2644 2297; x_wconf 89' lang='lat' dir='ltr'><strong>autem</strong></span> <span class='ocrx_word' id='word_1_323' title='bbox 2676 2242 2901 2296; x_wconf 88' lang='lat' dir='ltr'><strong>omnino</strong></span> <span class='ocrx_word' id='word_1_324' title='bbox 2926 2256 3120 2296; x_wconf 87' lang='lat' dir='ltr'><strong>errans</strong></span> <span class='ocrx_word' id='word_1_325' title='bbox 3146 2241 3236 2295; x_wconf 88' lang='lat' dir='ltr'><strong>hic</strong></span> <span class='ocrx_word' id='word_1_326' title='bbox 3259 2240 3517 2311; x_wconf 84' lang='lat' dir='ltr'><strong>spiritus,</strong></span> <span class='ocrx_word' id='word_1_327' title='bbox 3550 2239 3681 2308; x_wconf 78' lang='lat' dir='ltr'><strong>quia</strong></span> 
     </span>
    </p>
   </div>
   <div class='ocr_carea' id='block_1_47' title="bbox 2103 2332 3679 2401">
    <p class='ocr_par' dir='ltr' id='par_1_47' title="bbox 2103 2332 3679 2401">
     <span class='ocr_line' id='line_1_47' title="bbox 2103 2332 3679 2401; baseline -0.002 -12"><span class='ocrx_word' id='word_1_328' title='bbox 2103 2335 2314 2390; x_wconf 86' lang='lat' dir='ltr'><strong>ordinis</strong></span> <span class='ocrx_word' id='word_1_329' title='bbox 2338 2335 2638 2391; x_wconf 88' lang='lat' dir='ltr'><strong>materialis</strong></span> <span class='ocrx_word' id='word_1_330' title='bbox 2665 2344 2770 2399; x_wconf 87' lang='lat' dir='ltr'><strong>est,</strong></span> <span class='ocrx_word' id='word_1_331' title='bbox 2794 2345 2847 2388; x_wconf 85' lang='lat' dir='ltr'><strong>et</strong></span> <span class='ocrx_word' id='word_1_332' title='bbox 2864 2334 3119 2389; x_wconf 91' lang='lat' dir='ltr'><strong>consulto</strong></span> <span class='ocrx_word' id='word_1_333' title='bbox 3140 2332 3270 2388; x_wconf 88' lang='lat' dir='ltr'><strong>illud</strong></span> <span class='ocrx_word' id='word_1_334' title='bbox 3295 2348 3470 2401; x_wconf 83' lang='lat' dir='ltr'><strong>genus</strong></span> <span class='ocrx_word' id='word_1_335' title='bbox 3491 2345 3679 2387; x_wconf 80' lang='lat' dir='ltr'><strong>vocem</strong></span> 
     </span>
    </p>
   </div>
   <div class='ocr_carea' id='block_1_48' title="bbox 2106 2423 3678 2497">
    <p class='ocr_par' dir='ltr' id='par_1_48' title="bbox 2106 2423 3678 2497">
     <span class='ocr_line' id='line_1_48' title="bbox 2106 2423 3678 2497; baseline -0.003 -16"><span class='ocrx_word' id='word_1_336' title='bbox 2106 2437 2325 2483; x_wconf 86' lang='lat' dir='ltr'><strong>tenuem</strong></span> <span class='ocrx_word' id='word_1_337' title='bbox 2352 2436 2511 2483; x_wconf 83' lang='lat' dir='ltr'><strong>curat</strong></span> <span class='ocrx_word' id='word_1_338' title='bbox 2540 2427 2901 2482; x_wconf 89' lang='lat' dir='ltr'><strong>emittendam</strong></span> <span class='ocrx_word' id='word_1_339' title='bbox 2929 2435 2988 2481; x_wconf 86' lang='lat' dir='ltr'><strong>ut</strong></span> <span class='ocrx_word' id='word_1_340' title='bbox 3032 2440 3128 2497; x_wconf 88' lang='lat' dir='ltr'><strong>per</strong></span> <span class='ocrx_word' id='word_1_341' title='bbox 3162 2425 3316 2481; x_wconf 74' lang='lat' dir='ltr'><strong>vocis</strong></span> <span class='ocrx_word' id='word_1_342' title='bbox 3364 2423 3678 2479; x_wconf 78' lang='lat' dir='ltr'><strong>obscurita-</strong></span> 
     </span>
    </p>
   </div>
   <div class='ocr_carea' id='block_1_49' title="bbox 2108 2517 3029 2586">
    <p class='ocr_par' dir='ltr' id='par_1_49' title="bbox 2108 2517 3029 2586">
     <span class='ocr_line' id='line_1_49' title="bbox 2108 2517 3029 2586; baseline -0.001 -14"><span class='ocrx_word' id='word_1_343' title='bbox 2108 2531 2214 2573; x_wconf 85' lang='lat' dir='ltr'><strong>tem</strong></span> <span class='ocrx_word' id='word_1_344' title='bbox 2248 2518 2523 2574; x_wconf 87' lang='lat' dir='ltr'><strong>mendacii</strong></span> <span class='ocrx_word' id='word_1_345' title='bbox 2547 2519 2756 2573; x_wconf 90' lang='lat' dir='ltr'><strong>crimen</strong></span> <span class='ocrx_word' id='word_1_346' title='bbox 2788 2517 3029 2586; x_wconf 81' lang='lat' dir='ltr'><strong>ell‘ugiat.</strong></span> 
     </span>
    </p>
   </div>
   <div class='ocr_carea' id='block_1_50' title="bbox 425 2605 3679 2682">
    <p class='ocr_par' dir='ltr' id='par_1_50' title="bbox 425 2605 3679 2682">
     <span class='ocr_line' id='line_1_50' title="bbox 425 2605 3679 2682; baseline 0 -23"><span class='ocrx_word' id='word_1_347' title='bbox 425 2605 625 2659; x_wconf 82' lang='grc' dir='ltr'>πλάνον</span> <span class='ocrx_word' id='word_1_348' title='bbox 680 2607 742 2659; x_wconf 85' lang='grc' dir='ltr'><strong>τὸ</strong></span> <span class='ocrx_word' id='word_1_349' title='bbox 795 2609 1034 2662; x_wconf 75' lang='grc' dir='ltr'>τοιοῦτον</span> <span class='ocrx_word' id='word_1_350' title='bbox 1076 2609 1316 2680; x_wconf 78' lang='grc' dir='ltr'>πνεῦμα,</span> <span class='ocrx_word' id='word_1_351' title='bbox 1362 2611 1444 2663; x_wconf 78' lang='grc' dir='ltr'>ὅτι</span> <span class='ocrx_word' id='word_1_352' title='bbox 1481 2611 1581 2680; x_wconf 88' lang='grc' dir='ltr'><strong>τῆς</strong></span> <span class='ocrx_word' id='word_1_353' title='bbox 1633 2612 1826 2682; x_wconf 80' lang='grc' dir='ltr'>ὑλικῆς</span> <span class='ocrx_word' id='word_1_354' title='bbox 1881 2610 2241 2677; x_wconf 79' lang='grc' dir='ltr'>ὲστιτάξεως,</span> <span class='ocrx_word' id='word_1_355' title='bbox 2272 2611 2367 2664; x_wconf 75' lang='grc' dir='ltr'>καὶ</span> <span class='ocrx_word' id='word_1_356' title='bbox 2431 2610 2750 2679; x_wconf 75' lang='grc' dir='ltr'>ἐξεπίτηδες</span> <span class='ocrx_word' id='word_1_357' title='bbox 2775 2610 2836 2662; x_wconf 82' lang='grc' dir='ltr'><strong>τὸ</strong></span> <span class='ocrx_word' id='word_1_358' title='bbox 2887 2609 3043 2677; x_wconf 82' lang='grc' dir='ltr'>γένος</span> <span class='ocrx_word' id='word_1_359' title='bbox 3086 2609 3244 2663; x_wconf 80' lang='grc' dir='ltr'>τοῦτο</span> <span class='ocrx_word' id='word_1_360' title='bbox 3299 2608 3391 2662; x_wconf 66' lang='grc' dir='ltr'>τὸν</span> <span class='ocrx_word' id='word_1_361' title='bbox 3438 2607 3679 2677; x_wconf 69' lang='grc' dir='ltr'>ἀμυδρὸν</span> 
     </span>
    </p>
   </div>
   <div class='ocr_carea' id='block_1_51' title="bbox 424 2691 3301 2772">
    <p class='ocr_par' dir='ltr' id='par_1_51' title="bbox 424 2691 3301 2772">
     <span class='ocr_line' id='line_1_51' title="bbox 424 2691 3301 2772; baseline 0.001 -22"><span class='ocrx_word' id='word_1_362' title='bbox 424 2691 557 2768; x_wconf 67' lang='grc' dir='ltr'><strong>⁴ἦχον</strong></span> <span class='ocrx_word' id='word_1_363' title='bbox 583 2698 1019 2769; x_wconf 82' lang='grc' dir='ltr'>ὲπιτηδεύονται,</span> <span class='ocrx_word' id='word_1_364' title='bbox 1048 2701 1133 2754; x_wconf 81' lang='grc' dir='ltr'>ἵνα</span> <span class='ocrx_word' id='word_1_365' title='bbox 1155 2700 1244 2753; x_wconf 80' lang='grc' dir='ltr'><strong>διά</strong></span> <span class='ocrx_word' id='word_1_366' title='bbox 1267 2701 1365 2771; x_wconf 81' lang='grc' dir='ltr'>τὴν</span> <span class='ocrx_word' id='word_1_367' title='bbox 1393 2702 1661 2770; x_wconf 82' lang='grc' dir='ltr'>ἀσάφειαν</span> <span class='ocrx_word' id='word_1_368' title='bbox 1684 2702 1782 2772; x_wconf 88' lang='grc' dir='ltr'><strong>τῆς</strong></span> <span class='ocrx_word' id='word_1_369' title='bbox 1807 2702 1994 2771; x_wconf 82' lang='grc' dir='ltr'>φωνῆς</span> <span class='ocrx_word' id='word_1_370' title='bbox 2026 2702 2119 2755; x_wconf 78' lang='grc' dir='ltr'>τὸν</span> <span class='ocrx_word' id='word_1_371' title='bbox 2148 2701 2243 2755; x_wconf 74' lang='grc' dir='ltr'>τοῦ</span> <span class='ocrx_word' id='word_1_372' title='bbox 2287 2702 2519 2771; x_wconf 68' lang='grc' dir='ltr'>ψεύδους</span> <span class='ocrx_word' id='word_1_373' title='bbox 2548 2700 3027 2772; x_wconf 78' lang='grc' dir='ltr'>άποδιδράσκωσιν</span> <span class='ocrx_word' id='word_1_374' title='bbox 3056 2700 3301 2770; x_wconf 80' lang='grc' dir='ltr'>ἔλεγχον.</span> 
     </span>
    </p>
   </div>
   <div class='ocr_carea' id='block_1_52' title="bbox 496 2792 2003 2864">
    <p class='ocr_par' dir='ltr' id='par_1_52' title="bbox 496 2792 2003 2864">
     <span class='ocr_line' id='line_1_52' title="bbox 496 2792 2003 2864; baseline -0.001 -18"><span class='ocrx_word' id='word_1_375' title='bbox 496 2793 558 2857; x_wconf 78' lang='grc' dir='ltr'><strong>ζ’.</strong></span> <span class='ocrx_word' id='word_1_376' title='bbox 589 2793 725 2863; x_wconf 77' lang='grc' dir='ltr'>Περὶ</span> <span class='ocrx_word' id='word_1_377' title='bbox 756 2793 813 2846; x_wconf 89' lang='grc' dir='ltr'>δὲ</span> <span class='ocrx_word' id='word_1_378' title='bbox 843 2792 939 2845; x_wconf 81' lang='grc' dir='ltr'>τοῦ</span> <span class='ocrx_word' id='word_1_379' title='bbox 993 2793 1302 2863; x_wconf 78' lang='grc' dir='ltr'>πρακτικοῦ</span> <span class='ocrx_word' id='word_1_380' title='bbox 1347 2792 1445 2862; x_wconf 89' lang='grc' dir='ltr'><strong>τῆς</strong></span> <span class='ocrx_word' id='word_1_381' title='bbox 1495 2794 1811 2864; x_wconf 78' lang='grc' dir='ltr'>ἀπορρήτου</span> <span class='ocrx_word' id='word_1_382' title='bbox 1849 2793 2003 2862; x_wconf 70' lang='grc' dir='ltr'>παρὰ</span> 
     </span>
    </p>
   </div>
   <div class='ocr_carea' id='block_1_53' title="bbox 427 2873 2003 2952">
    <p class='ocr_par' dir='ltr' id='par_1_53' title="bbox 427 2873 2003 2952">
     <span class='ocr_line' id='line_1_53' title="bbox 427 2873 2003 2952; baseline 0 -18"><span class='ocrx_word' id='word_1_383' title='bbox 427 2883 716 2945; x_wconf 78' lang='grc' dir='ltr'>Χαλδαίοις</span> <span class='ocrx_word' id='word_1_384' title='bbox 749 2883 1027 2952; x_wconf 79' lang='grc' dir='ltr'><strong>συνθήκης</strong></span> <span class='ocrx_word' id='word_1_385' title='bbox 1055 2882 1248 2952; x_wconf 81' lang='grc' dir='ltr'>ἥντινα</span> <span class='ocrx_word' id='word_1_386' title='bbox 1289 2881 1524 2950; x_wconf 84' lang='grc' dir='ltr'>δύναμιν</span> <span class='ocrx_word' id='word_1_387' title='bbox 1556 2873 1670 2951; x_wconf 43' lang='lat' dir='ltr'><strong>siis</strong></span> <span class='ocrx_word' id='word_1_388' title='bbox 1708 2881 1868 2935; x_wconf 84' lang='grc' dir='ltr'>τοῦτό</span> <span class='ocrx_word' id='word_1_389' title='bbox 1922 2898 2003 2934; x_wconf 86' lang='grc' dir='ltr'><strong>σοι</strong></span> 
     </span>
    </p>
   </div>
   <div class='ocr_carea' id='block_1_54' title="bbox 2172 2792 3678 2860">
    <p class='ocr_par' dir='ltr' id='par_1_54' title="bbox 2172 2792 3678 2860">
     <span class='ocr_line' id='line_1_54' title="bbox 2172 2792 3678 2860; baseline -0.001 -14"><span class='ocrx_word' id='word_1_390' title='bbox 2172 2793 2227 2847; x_wconf 89' lang='lat'><strong>7.</strong></span> <span class='ocrx_word' id='word_1_391' title='bbox 2282 2793 2457 2860; x_wconf 78' lang='lat' dir='ltr'><strong>Quam</strong></span> <span class='ocrx_word' id='word_1_392' title='bbox 2505 2794 2615 2849; x_wconf 77' lang='lat' dir='ltr'><strong>vim</strong></span> <span class='ocrx_word' id='word_1_393' title='bbox 2672 2801 2855 2849; x_wconf 87' lang='lat' dir='ltr'><strong>autem</strong></span> <span class='ocrx_word' id='word_1_394' title='bbox 2899 2792 3152 2848; x_wconf 84' lang='lat' dir='ltr'><strong>habuerit</strong></span> <span class='ocrx_word' id='word_1_395' title='bbox 3200 2798 3470 2846; x_wconf 89' lang='lat' dir='ltr'><strong>secretum</strong></span> <span class='ocrx_word' id='word_1_396' title='bbox 3534 2792 3678 2860; x_wconf 86' lang='lat' dir='ltr'><strong>apud</strong></span> 
     </span>
    </p>
   </div>
   <div class='ocr_carea' id='block_1_55' title="bbox 2099 2883 3673 2955">
    <p class='ocr_par' dir='ltr' id='par_1_55' title="bbox 2099 2883 3673 2955">
     <span class='ocr_line' id='line_1_55' title="bbox 2099 2883 3673 2955; baseline -0.003 -14"><span class='ocrx_word' id='word_1_397' title='bbox 2099 2886 2388 2941; x_wconf 65' lang='lat' dir='ltr'><strong>Chaldazos</strong></span> <span class='ocrx_word' id='word_1_398' title='bbox 2418 2895 2661 2955; x_wconf 89' lang='lat' dir='ltr'><strong>pactum,</strong></span> <span class='ocrx_word' id='word_1_399' title='bbox 2710 2898 2860 2939; x_wconf 90' lang='lat' dir='ltr'><strong>nunc</strong></span> <span class='ocrx_word' id='word_1_400' title='bbox 2911 2885 3008 2940; x_wconf 91' lang='lat' dir='ltr'><strong>tibi</strong></span> <span class='ocrx_word' id='word_1_401' title='bbox 3059 2884 3375 2938; x_wconf 87' lang='lat' dir='ltr'><strong>summatim</strong></span> <span class='ocrx_word' id='word_1_402' title='bbox 3408 2883 3673 2953; x_wconf 79' lang='lat' dir='ltr'><strong>redigam.</strong></span> 
     </span>
    </p>
   </div>
   <div class='ocr_carea' id='block_1_56' title="bbox 427 2971 2183 3047">
    <p class='ocr_par' dir='ltr' id='par_1_56' title="bbox 427 2971 2183 3041">
     <span class='ocr_line' id='line_1_56' title="bbox 427 2971 2183 3041; baseline 0.001 -18"><span class='ocrx_word' id='word_1_403' title='bbox 427 2973 520 3023; x_wconf 74' lang='grc' dir='ltr'><strong>ἐπὶ</strong></span> <span class='ocrx_word' id='word_1_404' title='bbox 578 2972 890 3041; x_wconf 79' lang='grc' dir='ltr'>κεφαλαίων</span> <span class='ocrx_word' id='word_1_405' title='bbox 954 2972 1354 3039; x_wconf 77' lang='grc' dir='ltr'>ἑπιτεμοῦμεν.</span> <span class='ocrx_word' id='word_1_406' title='bbox 1404 2971 1628 3037; x_wconf 78' lang='grc' dir='ltr'>Πρῶτον</span> <span class='ocrx_word' id='word_1_407' title='bbox 1689 2972 1790 3041; x_wconf 81' lang='grc' dir='ltr'>μὲν</span> <span class='ocrx_word' id='word_1_408' title='bbox 1843 2971 2004 3025; x_wconf 82' lang='grc' dir='ltr'>θυσία</span> <span class='ocrx_word' id='word_1_409' title='bbox 2098 2978 2183 3032; x_wconf 77' lang='lat' dir='ltr'><strong>Pri</strong></span> 
     </span>
    </p>
   </div>
   <div class='ocr_carea' id='block_1_57' title="bbox 1918 2971 3674 3047">
    <p class='ocr_par' dir='ltr' id='par_1_57' title="bbox 1918 2972 3674 3047">
     <span class='ocr_line' id='line_1_57' title="bbox 1918 2972 3674 3047; baseline 0.005 -25"><span class='ocrx_word' id='word_1_410' title='bbox 1918 2972 2004 3025; x_wconf 79' lang='grc' dir='ltr'><strong>σία</strong></span> <span class='ocrx_word' id='word_1_411' title='bbox 2098 2978 2283 3032; x_wconf 88' lang='lat' dir='ltr'><strong>Primo</strong></span> <span class='ocrx_word' id='word_1_412' title='bbox 2306 2978 2524 3047; x_wconf 87' lang='lat' dir='ltr'><strong>quidem</strong></span> <span class='ocrx_word' id='word_1_413' title='bbox 2547 2978 2783 3032; x_wconf 86' lang='lat' dir='ltr'><strong>hostiam</strong></span> <span class='ocrx_word' id='word_1_414' title='bbox 2814 2992 3008 3047; x_wconf 87' lang='lat' dir='ltr'><strong>puram</strong></span> <span class='ocrx_word' id='word_1_415' title='bbox 3041 2977 3400 3041; x_wconf 87' lang='lat' dir='ltr'><strong>adhibebant,</strong></span> <span class='ocrx_word' id='word_1_416' title='bbox 3428 2986 3674 3031; x_wconf 86' lang='lat' dir='ltr'><strong>aromata</strong></span> 
     </span>
    </p>
   </div>
   <div class='ocr_carea' id='block_1_58' title="bbox 427 3061 1995 3133">
    <p class='ocr_par' dir='ltr' id='par_1_58' title="bbox 427 3061 1995 3133">
     <span class='ocr_line' id='line_1_58' title="bbox 427 3061 1995 3133; baseline -0.001 -19"><span class='ocrx_word' id='word_1_417' title='bbox 427 3063 639 3124; x_wconf 86' lang='grc' dir='ltr'>τούτοις</span> <span class='ocrx_word' id='word_1_418' title='bbox 674 3062 979 3130; x_wconf 85' lang='grc' dir='ltr'>άγνεύουσα</span> <span class='ocrx_word' id='word_1_419' title='bbox 1044 3062 1482 3132; x_wconf 78' lang='grc' dir='ltr'>παρεσκεύαστο,</span> <span class='ocrx_word' id='word_1_420' title='bbox 1516 3061 1785 3133; x_wconf 83' lang='grc' dir='ltr'>ἀρώματά</span> <span class='ocrx_word' id='word_1_421' title='bbox 1812 3078 1869 3114; x_wconf 89' lang='grc' dir='ltr'><strong>τε</strong></span> <span class='ocrx_word' id='word_1_422' title='bbox 1898 3062 1995 3113; x_wconf 65' lang='grc' dir='ltr'><strong>και)⁸</strong></span> 
     </span>
    </p>
   </div>
   <div class='ocr_carea' id='block_1_59' title="bbox 431 3152 2003 3224">
    <p class='ocr_par' dir='ltr' id='par_1_59' title="bbox 431 3152 2003 3224">
     <span class='ocr_line' id='line_1_59' title="bbox 431 3152 2003 3224; baseline -0.001 -18"><span class='ocrx_word' id='word_1_423' title='bbox 431 3154 655 3222; x_wconf 85' lang='grc' dir='ltr'>βοτάναι</span> <span class='ocrx_word' id='word_1_424' title='bbox 722 3156 816 3207; x_wconf 74' lang='grc' dir='ltr'><strong>καὶ</strong></span> <span class='ocrx_word' id='word_1_425' title='bbox 878 3153 1038 3217; x_wconf 85' lang='grc' dir='ltr'>λίθοι,</span> <span class='ocrx_word' id='word_1_426' title='bbox 1104 3154 1303 3224; x_wconf 84' lang='grc' dir='ltr'>κρόκος</span> <span class='ocrx_word' id='word_1_427' title='bbox 1343 3171 1403 3205; x_wconf 88' lang='grc' dir='ltr'><strong>τε</strong></span> <span class='ocrx_word' id='word_1_428' title='bbox 1458 3153 1551 3205; x_wconf 78' lang='grc' dir='ltr'><strong>καὶ</strong></span> <span class='ocrx_word' id='word_1_429' title='bbox 1602 3152 1835 3223; x_wconf 77' lang='grc' dir='ltr'>μυρσίνη</span> <span class='ocrx_word' id='word_1_430' title='bbox 1906 3152 2003 3205; x_wconf 80' lang='grc' dir='ltr'>καὶ</span> 
     </span>
    </p>
   </div>
   <div class='ocr_carea' id='block_1_60' title="bbox 2099 3068 3675 3139">
    <p class='ocr_par' dir='ltr' id='par_1_60' title="bbox 2099 3068 3675 3139">
     <span class='ocr_line' id='line_1_60' title="bbox 2099 3068 3675 3139; baseline -0.001 -16"><span class='ocrx_word' id='word_1_431' title='bbox 2099 3077 2151 3123; x_wconf 93' lang='lat' dir='ltr'><strong>ct</strong></span> <span class='ocrx_word' id='word_1_432' title='bbox 2181 3070 2393 3138; x_wconf 85' lang='lat' dir='ltr'><strong>plantas</strong></span> <span class='ocrx_word' id='word_1_433' title='bbox 2428 3078 2483 3123; x_wconf 89' lang='lat' dir='ltr'><strong>et</strong></span> <span class='ocrx_word' id='word_1_434' title='bbox 2515 3069 2749 3139; x_wconf 88' lang='lat' dir='ltr'><strong>lapides,</strong></span> <span class='ocrx_word' id='word_1_435' title='bbox 2782 3083 3008 3125; x_wconf 87' lang='lat' dir='ltr'><strong>crocum</strong></span> <span class='ocrx_word' id='word_1_436' title='bbox 3042 3078 3097 3123; x_wconf 90' lang='lat' dir='ltr'><strong>et</strong></span> <span class='ocrx_word' id='word_1_437' title='bbox 3139 3068 3416 3139; x_wconf 80' lang='lat' dir='ltr'><strong>myrrham</strong></span> <span class='ocrx_word' id='word_1_438' title='bbox 3462 3078 3515 3122; x_wconf 90' lang='lat' dir='ltr'><strong>ct</strong></span> <span class='ocrx_word' id='word_1_439' title='bbox 3562 3070 3675 3122; x_wconf 91' lang='lat' dir='ltr'><strong>Iau-</strong></span> 
     </span>
    </p>
   </div>
   <div class='ocr_carea' id='block_1_61' title="bbox 2106 3157 3676 3229">
    <p class='ocr_par' dir='ltr' id='par_1_61' title="bbox 2106 3157 3676 3229">
     <span class='ocr_line' id='line_1_61' title="bbox 2106 3157 3676 3229; baseline 0 -17"><span class='ocrx_word' id='word_1_440' title='bbox 2106 3174 2251 3222; x_wconf 88' lang='lat' dir='ltr'><strong>rum,</strong></span> <span class='ocrx_word' id='word_1_441' title='bbox 2302 3160 2527 3228; x_wconf 87' lang='lat' dir='ltr'><strong>mystice</strong></span> <span class='ocrx_word' id='word_1_442' title='bbox 2561 3160 2867 3229; x_wconf 78' lang='lat' dir='ltr'><strong>puriﬁcata.</strong></span> <span class='ocrx_word' id='word_1_443' title='bbox 2915 3157 3167 3229; x_wconf 90' lang='lat' dir='ltr'><strong>Spatium</strong></span> <span class='ocrx_word' id='word_1_444' title='bbox 3217 3157 3492 3227; x_wconf 87' lang='lat' dir='ltr'><strong>quoddam</strong></span> <span class='ocrx_word' id='word_1_445' title='bbox 3529 3157 3676 3212; x_wconf 86' lang='lat' dir='ltr'><strong>circa</strong></span> 
     </span>
    </p>
   </div>
   <div class='ocr_carea' id='block_1_62' title="bbox 427 3246 2183 3319">
    <p class='ocr_par' dir='ltr' id='par_1_62' title="bbox 427 3246 2168 3318">
     <span class='ocr_line' id='line_1_62' title="bbox 427 3246 2168 3318; baseline 0.001 -17"><span class='ocrx_word' id='word_1_446' title='bbox 427 3250 624 3318; x_wconf 77' lang='grc' dir='ltr'>δάφνη,</span> <span class='ocrx_word' id='word_1_447' title='bbox 664 3248 946 3316; x_wconf 83' lang='grc' dir='ltr'>μυστικῶς</span> <span class='ocrx_word' id='word_1_448' title='bbox 987 3248 1521 3318; x_wconf 86' lang='grc' dir='ltr'>περικαθαιρόμενα.</span> <span class='ocrx_word' id='word_1_449' title='bbox 1558 3246 1749 3317; x_wconf 79' lang='grc' dir='ltr'>Χῶρός</span> <span class='ocrx_word' id='word_1_450' title='bbox 1778 3265 1838 3300; x_wconf 85' lang='grc' dir='ltr'><strong>τε</strong></span> <span class='ocrx_word' id='word_1_451' title='bbox 1878 3246 2003 3300; x_wconf 81' lang='grc' dir='ltr'>τού·</span> <span class='ocrx_word' id='word_1_452' title='bbox 2027 3256 2071 3317; x_wconf 71' lang='grc' dir='ltr'>ο</span> <span class='ocrx_word' id='word_1_453' title='bbox 2104 3264 2168 3305; x_wconf 82' lang='lat' dir='ltr'><strong>ea</strong></span> 
     </span>
    </p>
   </div>
   <div class='ocr_carea' id='block_1_63' title="bbox 1916 3246 3672 3319">
    <p class='ocr_par' dir='ltr' id='par_1_63' title="bbox 1916 3246 3672 3319">
     <span class='ocr_line' id='line_1_63' title="bbox 1916 3246 3672 3319; baseline 0.002 -20"><span class='ocrx_word' id='word_1_454' title='bbox 1916 3246 2071 3317; x_wconf 75' lang='lat' dir='ltr'><strong>od-c</strong></span> <span class='ocrx_word' id='word_1_455' title='bbox 2104 3264 2168 3305; x_wconf 89' lang='lat' dir='ltr'><strong>ea</strong></span> <span class='ocrx_word' id='word_1_456' title='bbox 2225 3250 2463 3319; x_wconf 87' lang='lat' dir='ltr'><strong>plantata</strong></span> <span class='ocrx_word' id='word_1_457' title='bbox 2512 3258 2568 3305; x_wconf 90' lang='lat' dir='ltr'><strong>et</strong></span> <span class='ocrx_word' id='word_1_458' title='bbox 2617 3250 2815 3305; x_wconf 88' lang='lat' dir='ltr'><strong>obruta</strong></span> <span class='ocrx_word' id='word_1_459' title='bbox 2847 3249 3281 3305; x_wconf 88' lang='lat' dir='ltr'><strong>describebatur.</strong></span> <span class='ocrx_word' id='word_1_460' title='bbox 3332 3248 3537 3303; x_wconf 88' lang='lat' dir='ltr'><strong>Deinde</strong></span> <span class='ocrx_word' id='word_1_461' title='bbox 3581 3248 3672 3317; x_wconf 88' lang='lat' dir='ltr'><strong>qui</strong></span> 
     </span>
    </p>
   </div>
   <div class='ocr_carea' id='block_1_64' title="bbox 428 3339 1996 3410">
    <p class='ocr_par' dir='ltr' id='par_1_64' title="bbox 428 3339 1996 3410">
     <span class='ocr_line' id='line_1_64' title="bbox 428 3339 1996 3410; baseline 0 -17"><span class='ocrx_word' id='word_1_462' title='bbox 428 3359 538 3403; x_wconf 83' lang='grc' dir='ltr'>τοις</span> <span class='ocrx_word' id='word_1_463' title='bbox 570 3340 973 3410; x_wconf 83' lang='grc' dir='ltr'>περιεγράφετο</span> <span class='ocrx_word' id='word_1_464' title='bbox 1004 3341 1397 3409; x_wconf 82' lang='grc' dir='ltr'>φυτευομὲνοις</span> <span class='ocrx_word' id='word_1_465' title='bbox 1427 3340 1522 3393; x_wconf 75' lang='grc' dir='ltr'>καὶ</span> <span class='ocrx_word' id='word_1_466' title='bbox 1562 3339 1996 3409; x_wconf 85' lang='grc' dir='ltr'>βοθρευομένοις.</span> 
     </span>
    </p>
   </div>
   <div class='ocr_carea' id='block_1_65' title="bbox 442 3425 2002 3499">
    <p class='ocr_par' dir='ltr' id='par_1_65' title="bbox 442 3425 2002 3499">
     <span class='ocr_line' id='line_1_65' title="bbox 442 3425 2002 3499; baseline -0.002 -16"><span class='ocrx_word' id='word_1_467' title='bbox 442 3432 557 3497; x_wconf 82' lang='grc' dir='ltr'><strong>Ἐφ’</strong></span> <span class='ocrx_word' id='word_1_468' title='bbox 586 3425 665 3493; x_wconf 79' lang='grc' dir='ltr'>οἷς</span> <span class='ocrx_word' id='word_1_469' title='bbox 693 3430 721 3481; x_wconf 90' lang='lat'><strong>6</strong></span> <span class='ocrx_word' id='word_1_470' title='bbox 766 3430 866 3499; x_wconf 85' lang='grc' dir='ltr'><strong>τὴν</strong></span> <span class='ocrx_word' id='word_1_471' title='bbox 902 3429 1178 3497; x_wconf 84' lang='grc' dir='ltr'>συνθήκην</span> <span class='ocrx_word' id='word_1_472' title='bbox 1222 3428 1565 3497; x_wconf 85' lang='grc' dir='ltr'>ποιούμενος,</span> <span class='ocrx_word' id='word_1_473' title='bbox 1601 3428 1774 3492; x_wconf 87' lang='grc' dir='ltr'>δεινός</span> <span class='ocrx_word' id='word_1_474' title='bbox 1805 3445 1887 3490; x_wconf 89' lang='grc' dir='ltr'><strong>τις</strong></span> <span class='ocrx_word' id='word_1_475' title='bbox 1924 3426 2002 3480; x_wconf 84' lang='grc' dir='ltr'><strong>ὢν</strong></span> 
     </span>
    </p>
   </div>
   <div class='ocr_carea' id='block_1_66' title="bbox 428 3510 2003 3592">
    <p class='ocr_par' dir='ltr' id='par_1_66' title="bbox 428 3510 2003 3592">
     <span class='ocr_line' id='line_1_66' title="bbox 428 3510 2003 3592; baseline 0 -19"><span class='ocrx_word' id='word_1_476' title='bbox 428 3522 567 3592; x_wconf 75' lang='grc' dir='ltr'>ἀνὴρ</span> <span class='ocrx_word' id='word_1_477' title='bbox 600 3522 668 3574; x_wconf 73' lang='grc' dir='ltr'><strong>τά</strong></span> <span class='ocrx_word' id='word_1_478' title='bbox 722 3520 978 3590; x_wconf 67' lang='grc' dir='ltr'>γοητικᾶι,</span> <span class='ocrx_word' id='word_1_479' title='bbox 1014 3518 1110 3573; x_wconf 77' lang='grc' dir='ltr'>καὶ</span> <span class='ocrx_word' id='word_1_480' title='bbox 1141 3519 1411 3588; x_wconf 82' lang='grc' dir='ltr'>ὀνομάσας</span> <span class='ocrx_word' id='word_1_481' title='bbox 1457 3518 1519 3571; x_wconf 86' lang='grc' dir='ltr'><strong>τδ</strong></span> <span class='ocrx_word' id='word_1_482' title='bbox 1557 3520 1790 3589; x_wconf 82' lang='grc' dir='ltr'>πρᾶγμα</span> <span class='ocrx_word' id='word_1_483' title='bbox 1824 3518 1910 3587; x_wconf 69' lang='grc' dir='ltr'><strong>ἐφ’</strong></span> <span class='ocrx_word' id='word_1_484' title='bbox 1954 3510 2003 3586; x_wconf 78' lang='grc' dir='ltr'><strong>ᾧ</strong></span> 
     </span>
    </p>
   </div>
   <div class='ocr_carea' id='block_1_67' title="bbox 427 3607 2001 3683">
    <p class='ocr_par' dir='ltr' id='par_1_67' title="bbox 427 3607 2001 3683">
     <span class='ocr_line' id='line_1_67' title="bbox 427 3607 2001 3683; baseline -0.002 -18"><span class='ocrx_word' id='word_1_485' title='bbox 427 3614 525 3683; x_wconf 82' lang='grc' dir='ltr'><strong>τὴν</strong></span> <span class='ocrx_word' id='word_1_486' title='bbox 556 3612 747 3665; x_wconf 81' lang='grc' dir='ltr'>θυσίαν</span> <span class='ocrx_word' id='word_1_487' title='bbox 780 3610 1100 3679; x_wconf 78' lang='grc' dir='ltr'>πεποίηται,</span> <span class='ocrx_word' id='word_1_488' title='bbox 1134 3609 1429 3680; x_wconf 82' lang='grc' dir='ltr'>ὑστεραίας</span> <span class='ocrx_word' id='word_1_489' title='bbox 1458 3607 1617 3673; x_wconf 82' lang='grc' dir='ltr'>αὖθις</span> <span class='ocrx_word' id='word_1_490' title='bbox 1655 3610 1735 3674; x_wconf 77' lang='grc' dir='ltr'><strong>εἰς</strong></span> <span class='ocrx_word' id='word_1_491' title='bbox 1769 3610 1862 3664; x_wconf 81' lang='grc' dir='ltr'><strong>τὸν</strong></span> <span class='ocrx_word' id='word_1_492' title='bbox 1900 3610 2001 3679; x_wconf 89' lang='grc' dir='ltr'><strong>τῆς</strong></span> 
     </span>
    </p>
   </div>
   <div class='ocr_carea' id='block_1_68' title="bbox 430 3700 1987 3773">
    <p class='ocr_par' dir='ltr' id='par_1_68' title="bbox 430 3700 1987 3773">
     <span class='ocr_line' id='line_1_68' title="bbox 430 3700 1987 3773; baseline -0.003 -17"><span class='ocrx_word' id='word_1_493' title='bbox 430 3704 652 3773; x_wconf 83' lang='grc' dir='ltr'>τελετῆς</span> <span class='ocrx_word' id='word_1_494' title='bbox 682 3703 1010 3773; x_wconf 82' lang='grc' dir='ltr'>παρεγίνετο</span> <span class='ocrx_word' id='word_1_495' title='bbox 1052 3701 1233 3755; x_wconf 77' lang='grc' dir='ltr'>τόπον.</span> <span class='ocrx_word' id='word_1_496' title='bbox 1276 3702 1387 3754; x_wconf 73' lang='grc' dir='ltr'>Καὶ</span> <span class='ocrx_word' id='word_1_497' title='bbox 1412 3700 1774 3771; x_wconf 85' lang='grc' dir='ltr'>ἀναχωννύων</span> <span class='ocrx_word' id='word_1_498' title='bbox 1803 3700 1901 3761; x_wconf 86' lang='grc' dir='ltr'><strong>τάς</strong></span> <span class='ocrx_word' id='word_1_499' title='bbox 1925 3714 1987 3751; x_wconf 76' lang='grc' dir='ltr'><strong>τε</strong></span> 
     </span>
    </p>
   </div>
   <div class='ocr_carea' id='block_1_69' title="bbox 430 3791 2005 3863">
    <p class='ocr_par' dir='ltr' id='par_1_69' title="bbox 430 3791 2005 3863">
     <span class='ocr_line' id='line_1_69' title="bbox 430 3791 2005 3863; baseline -0.002 -16"><span class='ocrx_word' id='word_1_500' title='bbox 430 3795 538 3848; x_wconf 83' lang='grc' dir='ltr'><strong>τῶν</strong></span> <span class='ocrx_word' id='word_1_501' title='bbox 568 3795 753 3863; x_wconf 84' lang='grc' dir='ltr'>φυτῶν</span> <span class='ocrx_word' id='word_1_502' title='bbox 785 3794 969 3861; x_wconf 86' lang='grc' dir='ltr'>βάσεις</span> <span class='ocrx_word' id='word_1_503' title='bbox 997 3793 1092 3845; x_wconf 77' lang='grc' dir='ltr'>καὶ</span> <span class='ocrx_word' id='word_1_504' title='bbox 1129 3793 1230 3855; x_wconf 81' lang='grc' dir='ltr'><strong>τὰς</strong></span> <span class='ocrx_word' id='word_1_505' title='bbox 1268 3792 1698 3862; x_wconf 85' lang='grc' dir='ltr'>άφαγνισθείσας</span> <span class='ocrx_word' id='word_1_506' title='bbox 1728 3792 1880 3855; x_wconf 79' lang='grc' dir='ltr'>ὔλας,</span> <span class='ocrx_word' id='word_1_507' title='bbox 1912 3791 2005 3845; x_wconf 76' lang='grc' dir='ltr'>καὶ</span> 
     </span>
    </p>
   </div>
   <div class='ocr_carea' id='block_1_70' title="bbox 429 3883 2005 3957">
    <p class='ocr_par' dir='ltr' id='par_1_70' title="bbox 429 3883 2005 3957">
     <span class='ocr_line' id='line_1_70' title="bbox 429 3883 2005 3957; baseline -0.003 -18"><span class='ocrx_word' id='word_1_508' title='bbox 429 3890 495 3957; x_wconf 78' lang='grc' dir='ltr'>τῇ</span> <span class='ocrx_word' id='word_1_509' title='bbox 530 3887 659 3956; x_wconf 81' lang='grc' dir='ltr'>λαιᾷ</span> <span class='ocrx_word' id='word_1_510' title='bbox 708 3886 881 3939; x_wconf 81' lang='grc' dir='ltr'>ταῦτα</span> <span class='ocrx_word' id='word_1_511' title='bbox 935 3886 1337 3955; x_wconf 75' lang='grc' dir='ltr'>ἀναλαμϐάνων</span> <span class='ocrx_word' id='word_1_512' title='bbox 1380 3886 1545 3955; x_wconf 71' lang='grc' dir='ltr'>χειρὶ,</span> <span class='ocrx_word' id='word_1_513' title='bbox 1603 3883 1777 3954; x_wconf 80' lang='grc' dir='ltr'>ἀθρόα</span> <span class='ocrx_word' id='word_1_514' title='bbox 1827 3883 2005 3936; x_wconf 87' lang='grc' dir='ltr'>πάντα</span> 
     </span>
    </p>
   </div>
   <div class='ocr_carea' id='block_1_71' title="bbox 432 3972 2000 4044">
    <p class='ocr_par' dir='ltr' id='par_1_71' title="bbox 432 3972 2000 4044">
     <span class='ocr_line' id='line_1_71' title="bbox 432 3972 2000 4044; baseline -0.001 -17"><span class='ocrx_word' id='word_1_515' title='bbox 432 3976 523 4028; x_wconf 70' lang='grc' dir='ltr'><strong>καὶ</strong></span> <span class='ocrx_word' id='word_1_516' title='bbox 544 3974 892 4039; x_wconf 76' lang='grc' dir='ltr'>ἐξαπιναίως,</span> <span class='ocrx_word' id='word_1_517' title='bbox 916 3974 1177 4044; x_wconf 85' lang='grc' dir='ltr'>δυνάμεις</span> <span class='ocrx_word' id='word_1_518' title='bbox 1196 3974 1351 4037; x_wconf 75' lang='grc' dir='ltr'>τινάς</span> <span class='ocrx_word' id='word_1_519' title='bbox 1374 3973 1691 4028; x_wconf 82' lang='grc' dir='ltr'>ἀνεκαλεῖτο</span> <span class='ocrx_word' id='word_1_520' title='bbox 1716 3972 2000 4043; x_wconf 86' lang='grc' dir='ltr'>κρυφίους.</span> 
     </span>
    </p>
   </div>
   <div class='ocr_carea' id='block_1_72' title="bbox 432 4062 2000 4136">
    <p class='ocr_par' dir='ltr' id='par_1_72' title="bbox 432 4062 2000 4136">
     <span class='ocr_line' id='line_1_72' title="bbox 432 4062 2000 4136; baseline -0.004 -15"><span class='ocrx_word' id='word_1_521' title='bbox 432 4069 497 4121; x_wconf 74' lang='grc' dir='ltr'>Δί</span> <span class='ocrx_word' id='word_1_522' title='bbox 546 4067 603 4119; x_wconf 80' lang='grc' dir='ltr'><strong>δὲ</strong></span> <span class='ocrx_word' id='word_1_523' title='bbox 646 4062 788 4136; x_wconf 79' lang='grc' dir='ltr'>ἦσαν</span> <span class='ocrx_word' id='word_1_524' title='bbox 817 4068 845 4120; x_wconf 97' lang='lat'><strong>6</strong></span> <span class='ocrx_word' id='word_1_525' title='bbox 885 4068 987 4135; x_wconf 87' lang='grc' dir='ltr'><strong>τῆς</strong></span> <span class='ocrx_word' id='word_1_526' title='bbox 1032 4065 1337 4136; x_wconf 82' lang='grc' dir='ltr'>ληφθείσης</span> <span class='ocrx_word' id='word_1_527' title='bbox 1398 4065 1591 4128; x_wconf 84' lang='grc' dir='ltr'>θυσίας</span> <span class='ocrx_word' id='word_1_528' title='bbox 1644 4064 2000 4135; x_wconf 85' lang='grc' dir='ltr'>καθηγεμὼν,</span> 
     </span>
    </p>
   </div>
   <div class='ocr_carea' id='block_1_73' title="bbox 430 4156 2001 4227">
    <p class='ocr_par' dir='ltr' id='par_1_73' title="bbox 430 4156 2001 4227">
     <span class='ocr_line' id='line_1_73' title="bbox 430 4156 2001 4227; baseline -0.001 -16"><span class='ocrx_word' id='word_1_529' title='bbox 430 4160 480 4211; x_wconf 80' lang='grc' dir='ltr'><strong>οἱ</strong></span> <span class='ocrx_word' id='word_1_530' title='bbox 513 4158 622 4212; x_wconf 83' lang='grc' dir='ltr'><strong>τῶν</strong></span> <span class='ocrx_word' id='word_1_531' title='bbox 672 4158 814 4211; x_wconf 85' lang='grc' dir='ltr'>ὑλῶν</span> <span class='ocrx_word' id='word_1_532' title='bbox 866 4157 1067 4227; x_wconf 83' lang='grc' dir='ltr'>κύριοι,</span> <span class='ocrx_word' id='word_1_533' title='bbox 1109 4159 1137 4211; x_wconf 92' lang='lat'><strong>6</strong></span> <span class='ocrx_word' id='word_1_534' title='bbox 1173 4158 1273 4227; x_wconf 90' lang='grc' dir='ltr'><strong>τῆς</strong></span> <span class='ocrx_word' id='word_1_535' title='bbox 1319 4156 1535 4227; x_wconf 86' lang='grc' dir='ltr'>ἡμέρας</span> <span class='ocrx_word' id='word_1_536' title='bbox 1586 4156 1921 4227; x_wconf 85' lang='grc' dir='ltr'>προστάτης,</span> <span class='ocrx_word' id='word_1_537' title='bbox 1973 4158 2001 4209; x_wconf 95' lang='lat'><strong>6</strong></span> 
     </span>
    </p>
   </div>
   <div class='ocr_carea' id='block_1_74' title="bbox 431 4248 1447 4320">
    <p class='ocr_par' dir='ltr' id='par_1_74' title="bbox 431 4248 1447 4320">
     <span class='ocr_line' id='line_1_74' title="bbox 431 4248 1447 4320; baseline 0.001 -19"><span class='ocrx_word' id='word_1_538' title='bbox 431 4249 789 4320; x_wconf 80' lang='grc' dir='ltr'>χρονοάρχης,</span> <span class='ocrx_word' id='word_1_539' title='bbox 816 4251 844 4302; x_wconf 92' lang='lat'><strong>6</strong></span> <span class='ocrx_word' id='word_1_540' title='bbox 878 4249 1185 4319; x_wconf 87' lang='grc' dir='ltr'>τετράρχης</span> <span class='ocrx_word' id='word_1_541' title='bbox 1213 4248 1447 4319; x_wconf 87' lang='grc' dir='ltr'>δαίμων.</span> 
     </span>
    </p>
   </div>
   <div class='ocr_carea' id='block_1_75' title="bbox 472 4336 1999 4411">
    <p class='ocr_par' dir='ltr' id='par_1_75' title="bbox 472 4336 1999 4411">
     <span class='ocr_line' id='line_1_75' title="bbox 472 4336 1999 4411; baseline 0.001 -20"><span class='ocrx_word' id='word_1_542' title='bbox 472 4393 476 4397; x_wconf 64' lang='grc'><strong>,</strong></span> <span class='ocrx_word' id='word_1_543' title='bbox 514 4340 703 4407; x_wconf 80' lang='grc' dir='ltr'><strong>Ἀρκεῖ</strong></span> <span class='ocrx_word' id='word_1_544' title='bbox 730 4337 901 4393; x_wconf 80' lang='grc' dir='ltr'>ταῦτα</span> <span class='ocrx_word' id='word_1_545' title='bbox 934 4338 1029 4393; x_wconf 75' lang='grc' dir='ltr'><strong>καὶ</strong></span> <span class='ocrx_word' id='word_1_546' title='bbox 1064 4338 1280 4410; x_wconf 80' lang='grc' dir='ltr'>γλώττῃ</span> <span class='ocrx_word' id='word_1_547' title='bbox 1308 4336 1701 4411; x_wconf 81' lang='grc' dir='ltr'>κεκαθαρμένῃ</span> <span class='ocrx_word' id='word_1_548' title='bbox 1731 4341 1822 4392; x_wconf 78' lang='grc' dir='ltr'>καὶ</span> <span class='ocrx_word' id='word_1_549' title='bbox 1862 4338 1999 4410; x_wconf 79' lang='grc' dir='ltr'>ἀκοῇ</span> 
     </span>
    </p>
   </div>
   <div class='ocr_carea' id='block_1_76' title="bbox 435 4445 691 4499">
    <p class='ocr_par' dir='ltr' id='par_1_76' title="bbox 435 4445 691 4499">
     <span class='ocr_line' id='line_1_76' title="bbox 435 4445 691 4499; baseline 0 -17"><span class='ocrx_word' id='word_1_550' title='bbox 435 4445 551 4499; x_wconf 77' lang='grc' dir='ltr'><strong>σωφ</strong></span> <span class='ocrx_word' id='word_1_551' title='bbox 559 4447 691 4498; x_wconf 83' lang='grc' dir='ltr'>ρονι.</span> 
     </span>
    </p>
   </div>
   <div class='ocr_carea' id='block_1_77' title="bbox 2101 3339 3675 3411">
    <p class='ocr_par' dir='ltr' id='par_1_77' title="bbox 2101 3339 3675 3411">
     <span class='ocr_line' id='line_1_77' title="bbox 2101 3339 3675 3411; baseline -0.001 -17"><span class='ocrx_word' id='word_1_552' title='bbox 2101 3350 2322 3411; x_wconf 89' lang='lat' dir='ltr'><strong>pactum</strong></span> <span class='ocrx_word' id='word_1_553' title='bbox 2392 3340 2669 3409; x_wconf 78' lang='lat' dir='ltr'><strong>iaciebat,</strong></span> <span class='ocrx_word' id='word_1_554' title='bbox 2727 3342 2938 3411; x_wconf 90' lang='lat' dir='ltr'><strong>peritus</strong></span> <span class='ocrx_word' id='word_1_555' title='bbox 3002 3341 3224 3411; x_wconf 88' lang='lat' dir='ltr'><strong>quidam</strong></span> <span class='ocrx_word' id='word_1_556' title='bbox 3283 3339 3675 3395; x_wconf 86' lang='lat' dir='ltr'><strong>incantamenti</strong></span> 
     </span>
    </p>
   </div>
   <div class='ocr_carea' id='block_1_78' title="bbox 2103 3435 3671 3503">
    <p class='ocr_par' dir='ltr' id='par_1_78' title="bbox 2103 3435 3671 3503">
     <span class='ocr_line' id='line_1_78' title="bbox 2103 3435 3671 3503; baseline -0.001 -17"><span class='ocrx_word' id='word_1_557' title='bbox 2103 3435 2289 3498; x_wconf 91' lang='lat' dir='ltr'><strong>homo,</strong></span> <span class='ocrx_word' id='word_1_558' title='bbox 2321 3441 2612 3503; x_wconf 87' lang='lat' dir='ltr'><strong>postquam</strong></span> <span class='ocrx_word' id='word_1_559' title='bbox 2647 3438 3030 3489; x_wconf 83' lang='lat' dir='ltr'><strong>nominaverat</strong></span> <span class='ocrx_word' id='word_1_560' title='bbox 3065 3448 3179 3487; x_wconf 85' lang='lat' dir='ltr'><strong>rem</strong></span> <span class='ocrx_word' id='word_1_561' title='bbox 3227 3439 3455 3503; x_wconf 87' lang='lat' dir='ltr'><strong>propter</strong></span> <span class='ocrx_word' id='word_1_562' title='bbox 3508 3446 3671 3500; x_wconf 82' lang='lat' dir='ltr'><strong>quam</strong></span> 
     </span>
    </p>
   </div>
   <div class='ocr_carea' id='block_1_79' title="bbox 2102 3519 3675 3591">
    <p class='ocr_par' dir='ltr' id='par_1_79' title="bbox 2102 3519 3675 3591">
     <span class='ocr_line' id='line_1_79' title="bbox 2102 3519 3675 3591; baseline -0.001 -14"><span class='ocrx_word' id='word_1_563' title='bbox 2102 3522 2340 3577; x_wconf 86' lang='lat' dir='ltr'><strong>hostiam</strong></span> <span class='ocrx_word' id='word_1_564' title='bbox 2413 3520 2718 3587; x_wconf 75' lang='lat' dir='ltr'><strong>otl‘erebat,</strong></span> <span class='ocrx_word' id='word_1_565' title='bbox 2784 3520 3054 3591; x_wconf 86' lang='lat' dir='ltr'><strong>postridie</strong></span> <span class='ocrx_word' id='word_1_566' title='bbox 3116 3522 3170 3574; x_wconf 93' lang='lat' dir='ltr'><strong>in</strong></span> <span class='ocrx_word' id='word_1_567' title='bbox 3240 3519 3493 3590; x_wconf 78' lang='lat' dir='ltr'><strong>mystcrii</strong></span> <span class='ocrx_word' id='word_1_568' title='bbox 3551 3519 3675 3575; x_wconf 91' lang='lat' dir='ltr'><strong>loco</strong></span> 
     </span>
    </p>
   </div>
   <div class='ocr_carea' id='block_1_80' title="bbox 2102 3611 3677 3684">
    <p class='ocr_par' dir='ltr' id='par_1_80' title="bbox 2102 3611 3677 3684">
     <span class='ocr_line' id='line_1_80' title="bbox 2102 3611 3677 3684; baseline -0.001 -17"><span class='ocrx_word' id='word_1_569' title='bbox 2102 3613 2319 3672; x_wconf 87' lang='lat' dir='ltr'><strong>aderat.</strong></span> <span class='ocrx_word' id='word_1_570' title='bbox 2348 3611 2414 3666; x_wconf 88' lang='lat' dir='ltr'><strong>Et</strong></span> <span class='ocrx_word' id='word_1_571' title='bbox 2459 3626 2799 3684; x_wconf 76' lang='lat' dir='ltr'><strong>exaggerans</strong></span> <span class='ocrx_word' id='word_1_572' title='bbox 2834 3612 3141 3682; x_wconf 84' lang='lat' dir='ltr'><strong>plantarum</strong></span> <span class='ocrx_word' id='word_1_573' title='bbox 3199 3611 3358 3666; x_wconf 81' lang='lat' dir='ltr'><strong>bases</strong></span> <span class='ocrx_word' id='word_1_574' title='bbox 3401 3621 3459 3666; x_wconf 87' lang='lat' dir='ltr'><strong>et</strong></span> <span class='ocrx_word' id='word_1_575' title='bbox 3480 3625 3677 3666; x_wconf 88' lang='lat' dir='ltr'><strong>conse-</strong></span> 
     </span>
    </p>
   </div>
   <div class='ocr_carea' id='block_1_81' title="bbox 2101 3700 3666 3771">
    <p class='ocr_par' dir='ltr' id='par_1_81' title="bbox 2101 3700 3666 3771">
     <span class='ocr_line' id='line_1_81' title="bbox 2101 3700 3666 3771; baseline -0.001 -13"><span class='ocrx_word' id='word_1_576' title='bbox 2101 3712 2309 3759; x_wconf 88' lang='lat' dir='ltr'><strong>cratam</strong></span> <span class='ocrx_word' id='word_1_577' title='bbox 2335 3702 2997 3771; x_wconf 85' lang='lat' dir='ltr'><strong>materiam,sinistraque</strong></span> <span class='ocrx_word' id='word_1_578' title='bbox 3040 3715 3206 3755; x_wconf 86' lang='lat' dir='ltr'><strong>manu</strong></span> <span class='ocrx_word' id='word_1_579' title='bbox 3242 3714 3337 3756; x_wconf 84' lang='lat' dir='ltr'><strong>eas</strong></span> <span class='ocrx_word' id='word_1_580' title='bbox 3366 3700 3666 3770; x_wconf 80' lang='lat' dir='ltr'><strong>accipiens,</strong></span> 
     </span>
    </p>
   </div>
   <div class='ocr_carea' id='block_1_82' title="bbox 2103 3791 3672 3861">
    <p class='ocr_par' dir='ltr' id='par_1_82' title="bbox 2103 3791 3672 3861">
     <span class='ocr_line' id='line_1_82' title="bbox 2103 3791 3672 3861; baseline -0.003 -12"><span class='ocrx_word' id='word_1_581' title='bbox 2103 3808 2295 3849; x_wconf 88' lang='lat' dir='ltr'><strong>omnes</strong></span> <span class='ocrx_word' id='word_1_582' title='bbox 2356 3792 2647 3848; x_wconf 80' lang='lat' dir='ltr'><strong>confestim</strong></span> <span class='ocrx_word' id='word_1_583' title='bbox 2698 3801 2754 3847; x_wconf 89' lang='lat' dir='ltr'><strong>et</strong></span> <span class='ocrx_word' id='word_1_584' title='bbox 2804 3793 3014 3855; x_wconf 86' lang='lat' dir='ltr'><strong>subito,</strong></span> <span class='ocrx_word' id='word_1_585' title='bbox 3077 3791 3350 3861; x_wconf 87' lang='lat' dir='ltr'><strong>potentias</strong></span> <span class='ocrx_word' id='word_1_586' title='bbox 3410 3791 3672 3860; x_wconf 87' lang='lat' dir='ltr'><strong>quasdam</strong></span> 
     </span>
    </p>
   </div>
   <div class='ocr_carea' id='block_1_83' title="bbox 2101 3881 3674 3951">
    <p class='ocr_par' dir='ltr' id='par_1_83' title="bbox 2101 3881 3674 3951">
     <span class='ocr_line' id='line_1_83' title="bbox 2101 3881 3674 3951; baseline -0.006 -9"><span class='ocrx_word' id='word_1_587' title='bbox 2101 3886 2349 3941; x_wconf 88' lang='lat' dir='ltr'><strong>occultas</strong></span> <span class='ocrx_word' id='word_1_588' title='bbox 2413 3884 2721 3939; x_wconf 85' lang='lat' dir='ltr'><strong>invocabat.</strong></span> <span class='ocrx_word' id='word_1_589' title='bbox 2776 3881 2892 3937; x_wconf 66' lang='lat' dir='ltr'><strong>Illae</strong></span> <span class='ocrx_word' id='word_1_590' title='bbox 2956 3891 3138 3937; x_wconf 88' lang='lat' dir='ltr'><strong>autem</strong></span> <span class='ocrx_word' id='word_1_591' title='bbox 3192 3883 3451 3951; x_wconf 58' lang='lat' dir='ltr'><strong>potentia;</strong></span> <span class='ocrx_word' id='word_1_592' title='bbox 3517 3889 3674 3936; x_wconf 88' lang='lat' dir='ltr'><strong>erant.</strong></span> 
     </span>
    </p>
   </div>
   <div class='ocr_carea' id='block_1_84' title="bbox 2102 3970 3671 4041">
    <p class='ocr_par' dir='ltr' id='par_1_84' title="bbox 2102 3970 3671 4041">
     <span class='ocr_line' id='line_1_84' title="bbox 2102 3970 3671 4041; baseline -0.005 -8"><span class='ocrx_word' id='word_1_593' title='bbox 2102 3977 2337 4033; x_wconf 66' lang='lat' dir='ltr'><strong>victimae</strong></span> <span class='ocrx_word' id='word_1_594' title='bbox 2371 3975 2515 4039; x_wconf 67' lang='lat' dir='ltr'><strong>dure,</strong></span> <span class='ocrx_word' id='word_1_595' title='bbox 2550 3974 2791 4030; x_wconf 68' lang='lat' dir='ltr'><strong>materia:</strong></span> <span class='ocrx_word' id='word_1_596' title='bbox 2813 3972 3049 4041; x_wconf 87' lang='lat' dir='ltr'><strong>domini,</strong></span> <span class='ocrx_word' id='word_1_597' title='bbox 3083 3971 3346 4041; x_wconf 81' lang='lat' dir='ltr'><strong>temporis</strong></span> <span class='ocrx_word' id='word_1_598' title='bbox 3391 3970 3671 4040; x_wconf 83' lang='lat' dir='ltr'><strong>princeps,</strong></span> 
     </span>
    </p>
   </div>
   <div class='ocr_carea' id='block_1_85' title="bbox 2103 4066 2653 4124">
    <p class='ocr_par' dir='ltr' id='par_1_85' title="bbox 2103 4066 2653 4124">
     <span class='ocr_line' id='line_1_85' title="bbox 2103 4066 2653 4124; baseline 0.002 -4"><span class='ocrx_word' id='word_1_599' title='bbox 2103 4068 2379 4124; x_wconf 89' lang='lat' dir='ltr'><strong>tetrarcha</strong></span> <span class='ocrx_word' id='word_1_600' title='bbox 2420 4066 2653 4122; x_wconf 66' lang='lat' dir='ltr'><strong>daemon.</strong></span> 
     </span>
    </p>
   </div>
   <div class='ocr_carea' id='block_1_86' title="bbox 2172 4330 3667 4410">
    <p class='ocr_par' dir='ltr' id='par_1_86' title="bbox 2172 4330 3667 4410">
     <span class='ocr_line' id='line_1_86' title="bbox 2172 4330 3667 4410; baseline -0.007 -14"><span class='ocrx_word' id='word_1_601' title='bbox 2172 4339 2295 4397; x_wconf 75' lang='lat' dir='ltr'><strong>llrec</strong></span> <span class='ocrx_word' id='word_1_602' title='bbox 2322 4339 2519 4410; x_wconf 64' lang='lat' dir='ltr'><strong>lingua</strong></span> <span class='ocrx_word' id='word_1_603' title='bbox 2577 4336 2851 4395; x_wconf 74' lang='lat' dir='ltr'><strong>mandatae</strong></span> <span class='ocrx_word' id='word_1_604' title='bbox 2878 4344 2933 4394; x_wconf 89' lang='lat' dir='ltr'><strong>et</strong></span> <span class='ocrx_word' id='word_1_605' title='bbox 2959 4334 3077 4392; x_wconf 89' lang='lat' dir='ltr'><strong>auri</strong></span> <span class='ocrx_word' id='word_1_606' title='bbox 3102 4332 3337 4404; x_wconf 86' lang='lat' dir='ltr'><strong>sapienti</strong></span> <span class='ocrx_word' id='word_1_607' title='bbox 3369 4330 3667 4387; x_wconf 66' lang='lat' dir='ltr'><strong>sulm-ium.</strong></span> 
     </span>
    </p>
   </div>
  </div>
