4446 6446
782 366 888 427 ε83
2022 383 2257 443 MiCiiA
2273 383 2436 441 ΕΙ.ῐὸ
2478 385 2538 442 l‘t

2276 383 2436 441 ΕΙ.ῐὸ
2478 385 2737 443 J‘SELU
3931 382 4032 446 884

788 519 932 531 ιιι-..-

789 534 938 548 α*

1818 532 1893 538 .-_—
1934 534 2119 553 ;_‘;-77
2156 552 2171 553 Π
2221 536 2247 553 .7
2276 552 2287 553 γ
2308 535 2661 553 Γ...-..--..-,...-..-.
2690 536 3993 553 ,α-σα--ιαομορ--οαοιφ-ν--τιύ--ᾑ--δῌ

1351 543 2665 560 “unp—amb-ww—w-_—h—_“-—»-rr<-
2697 553 2854 561 --υ-Α...-
2876 543 3107 562 -—~‘—r
3053 543 3056 544 7
3091 543 3107 544 Vr

2239 552 2255 559 _
2474 553 2665 560 __>_77‘-
2697 553 2789 559 __‘
2876 554 2901 561 -
3023 543 3056 544 νγ
3091 543 3155 562 77—.
3204 543 3993 553 ._rv-—————————.———.————

1974 712 2816 874 PSELLUS

1608 1158 2239 1276 LAPIDUM
2319 1164 3209 1284 VIBTUTIBUS

1135 1385 1291 1447 CUM
1336 1386 1563 1448 NOTIS
1601 1390 1803 1449 PIIIL.
1836 1389 1987 1450 JAC.
2027 1391 2406 1454 MAUSSACI
2447 1395 2543 1455 ET
2573 1396 2782 1458 JOAN.
2825 1399 3206 1461 STEPHANI
3246 1403 3665 1468 BERNARDI.

1517 1547 1763 1609 (Lugduni
1792 1552 2099 1606 Bulawrttm,
2128 1553 2252 1613 apud
2297 1552 2575 1612 Philippum
2607 1554 2757 1603 Bonk.
2798 1555 3105 1607 MDCCXLV.
3149 1558 3294 1618 in-8.)

937 1846 1090 1907 Viro
1132 1847 1538 1909 nobilissimo
1577 1868 1645 1911 ae
1679 1849 2114 1911 eruditissimo
2153 1849 2432 1912 Arthuro
2467 1853 2773 1914 Freeman
2808 1857 2867 1917 S.
2903 1858 2974 1917 D.
3019 1860 3087 1920 Ρ.
3124 1860 3179 1918 .‘l.
3230 1860 3444 1937 Steph.
3485 1862 3867 1925 Bernardus.

856 1992 927 2047 lft
956 2004 1008 2048 te
1029 1992 1230 2061 eligere
1274 2010 1383 2048 non
1415 1996 1802 2061 dubitaverim,
1847 2000 1928 2051 vir
1966 1998 2330 2061 nobilissime,
2373 2001 2533 2071 cujus
2582 2004 2791 2057 nomini
2842 2006 3041 2059 librum
3095 2008 3237 2061 hunc
3277 2008 3675 2075 inscriberem,
3721 2013 3870 2074 facit.
3916 2025 4028 2067 tum

788 2085 1085 2154 singularis
1123 2093 1248 2139 tuus
1289 2100 1418 2155 erga
1463 2102 1548 2140 me
1585 2103 1760 2150 amor,
1812 2104 1920 2155 quo
1975 2104 2059 2141 me
2107 2104 2325 2156 semper
2368 2105 2427 2145 es
2484 2100 2830 2159 prosecutus,
2880 2105 2931 2147 et
2974 2096 3189 2151 stabilis
3225 2113 3289 2151 ac
3336 2098 3514 2158 firma,
3562 2115 3684 2167 qure
3733 2102 3876 2156 inter
3933 2119 4034 2158 nos

787 2175 1108 2229 intercessit
1142 2172 1533 2240 familiaritas;
1570 2186 1684 2229 tum
1713 2180 1877 2229 etiam
1913 2180 2086 2232 mirus
2122 2190 2249 2231 tuus
2276 2194 2339 2231 ac
2380 2194 2541 2232 rarus
2568 2181 2793 2234 omnino
2826 2181 2876 2233 iu
2905 2182 3117 2237 litteras
3146 2184 3432 2252 politiores
3469 2187 3729 2256 impetus,
3763 2200 3817 2242 ut
3862 2190 4032 2244 hocce

782 2279 916 2317 meae
943 2264 1075 2318 inte
1109 2265 1476 2319 observantiae.
1516 2268 1897 2320 testimonium
1942 2267 2037 2319 tibi
2073 2267 2215 2320 haud
2252 2268 2527 2336 ingratum
2571 2267 2707 2330 fore,
2750 2284 2858 2323 non
2903 2285 3041 2325 vane
3086 2273 3363 2341 colligam.
3428 2275 3767 2331 lnhumanns
3806 2293 4032 2344 prorsus

783 2353 996 2406 viderer
1034 2351 1078 2407 si
1115 2351 1279 2405 ullam
1326 2367 1565 2421 unquam
1602 2354 1951 2407 occasionem
1989 2356 2297 2421 prmterlabi
2348 2358 2609 2421 sinerem,
2653 2372 2758 2423 qua
2801 2358 2898 2412 tibi
2942 2371 3154 2428 gratum
3185 2362 3431 2415 animum
3468 2362 3752 2418 declarare
3790 2380 4033 2433 possem,

783 2440 1058 2508 imprimis
1083 2455 1205 2494 cum
1228 2444 1497 2509 opusculo
1524 2442 1648 2495 huic
1681 2446 1830 2496 tenui
1864 2458 1925 2497 ac
1961 2444 2228 2497 levitlcnsi
2260 2458 2367 2497 non
2395 2459 2585 2511 parum
2614 2446 2924 2514 splendoris
2946 2463 3009 2501 ex
3033 2449 3256 2504 dotibus
3284 2452 3392 2504 tuis
3417 2452 3655 2520 egregiis
3681 2453 4033 2506 concilietur.

784 2528 952 2580 Hilari
982 2527 1209 2590 idcirco,
1244 2544 1452 2595 quaeso,
1482 2528 1658 2582 fronte
1694 2532 1928 2585 l’scllum
1966 2532 2111 2585 hunc
2140 2532 2351 2600 excipe,
2385 2533 2529 2599 quod
2563 2534 2694 2585 mihi
2727 2535 2961 2601 quodam
2996 2535 3156 2589 modo
3184 2537 3424 2591 dolorem
3460 2538 3622 2592 istum
3658 2540 3847 2597 leniet.
3875 2555 4034 2609 quem

782 2617 1145 2683 perseutisco,
1173 2617 1261 2669 ubi
1290 2617 1442 2671 brevi
1471 2633 1556 2670 me
1585 2620 1683 2671 ista
1710 2620 1989 2687 voluptate
2020 2620 2291 2688 privatqu
2320 2621 2384 2674 iri
2413 2623 2690 2686 recordor,
2718 2637 2881 2691 quam
2908 2640 2971 2677 ex
3001 2625 3339 2680 doctissimis
3364 2628 3477 2682 litis
3518 2643 3581 2681 ac
3606 2628 3742 2682 mira
3768 2631 4040 2684 suavitate

784 2702 1021 2756 conditis
1052 2704 1610 2759 sermocinatiouiluts
1644 2705 1905 2773 percipio.
1940 2705 2300 2777 Summopere
2326 2722 2456 2761 vero
2490 2718 2540 2762 te
2572 2724 2721 2779 rogo,
2755 2717 2813 2762 ut
2847 2710 3099 2767 eumdem
3122 2726 3385 2777 amorem,
3415 2730 3575 2782 quem
3610 2715 3743 2768 mihi
3781 2716 4036 2783 pra‘senti

783 2802 1017 2844 ti‘SlaltIS
1069 2807 1148 2853 es.
1209 2792 1374 2845 etiam
1426 2796 1638 2846 absenti
1692 2807 1911 2847 servare
1961 2795 2141 2859 velis;
2195 2809 2295 2864 egi.
2341 2811 2472 2853 vero
2520 2812 2626 2854 non
2676 2800 2873 2869 patiar,
2932 2809 2993 2855 ut
3052 2800 3356 2872 quidquam
3417 2802 3485 2857 de
3551 2803 3796 2857 amicitia
3849 2813 4039 2858 nostra

785 2878 1132 2931 imminutum
1176 2896 1298 2931 esse
1328 2882 1597 2935 videatur.
1642 2882 1791 2935 Vale.

858 2968 1175 3023 Scribebam
1213 2969 1462 3040 Lugduni
1492 2970 1681 3025 iiatav.
1727 2972 1902 3031 nridic
1934 2970 2168 3029 liaicnd.
2203 2971 2353 3028 .uuii
2388 2972 2738 3029 MDCCMA’.

2397 3180 2452 3191 Η

928 3298 1083 3358 ‘t'iro
1117 3297 1471 3361 clarissimo
1510 3302 1797 3362 Gilbcrto
1832 3300 2177 3361 Gaulmino
2212 3301 2515 3379 quaestori
2558 3301 2907 3363 Moltnensi
2945 3298 3108 3363 Phil.
3143 3301 3273 3360 Jac.
3311 3299 3681 3359 Maussacus
3713 3300 3773 3359 S.
3809 3300 3883 3359 D.

863 3438 938 3491 Eu
978 3438 1099 3503 tibi,
1130 3440 1419 3494 Gaulminc
1468 3442 1552 3494 vir
1595 3443 2068 3509 prmstantissitne.
2116 3442 2353 3497 Pselhtm
2396 3452 2577 3509 tuum,
2629 3460 2789 3514 quem
2824 3460 3000 3514 nuper
3051 3443 3261 3497 nomini
3311 3454 3423 3499 tuo.
3478 3441 3605 3495 dum
3654 3456 3759 3495 una
3811 3441 4040 3495 Lutetia!

789 3542 1137 3581 versaremur
1185 3527 1480 3581 dicandum
1542 3528 1969 3584 destinaveram.
2008 3530 2185 3585 Tuum
2234 3532 2385 3585 illum
2420 3534 2543 3586 dico
2576 3548 2682 3585 non
2736 3540 2844 3585 tam
2882 3532 3027 3599 quod
3071 3531 3165 3584 tibi
3204 3546 3269 3583 ex
3312 3529 3714 3599 pollicitatione
3749 3530 4039 3593 debeatur,

789 3632 952 3685 quam
995 3616 1120 3685 quia
1186 3631 1346 3669 nemo
1394 3616 1591 3671 melius
1648 3626 1698 3670 te
1752 3619 2075 3684 dignitatem
2127 3620 2248 3688 ejus
2286 3631 2339 3673 et
2392 3621 2773 3675 excellentiam
2836 3621 3007 3683 novit,
3049 3622 3220 3688 quod,
3273 3620 3373 3672 etsi
3406 3617 3629 3672 laudum
3666 3619 4041 3686 virtutumque

791 3718 1014 3758 tuarum
1057 3712 1359 3774 perpetuus
1394 3720 1576 3773 prazco
1608 3700 1719 3760 non
1750 3722 1954 3767 essem,
1993 3708 2288 3776 probarent
2331 3716 2512 3761 tamen
2543 3706 2679 3760 satis
2710 3708 2905 3761 breves
2941 3709 3045 3762 illa:
3080 3708 3421 3777 eruditmque
3457 3718 3621 3770 notae,
3662 3721 3800 3774 quas
3850 3706 4040 3774 paucis

791 3794 985 3849 diebus
1014 3801 1072 3846 ut
1103 3806 1297 3848 omnes
1326 3793 1489 3846 amici
1520 3795 1596 3847 ιιιί
1625 3796 1809 3848 sciunt
1838 3793 2087 3848 eil'utiisti
2122 3798 2305 3864 potius
2338 3810 2501 3863 quam
2530 3794 2827 3849 meditatus
2853 3811 2912 3850 es
2950 3796 3001 3849 in
3028 3796 3488 3851 obscurissimum
3522 3795 3769 3862 ejusdem
3797 3794 4041 3847 auctoris

792 3886 859 3938 de
924 3882 1235 3944 dmntouum
1285 3883 1603 3951 operatione
1650 3883 1919 3937 libellum.
1977 3883 2196 3936 Poterat
2244 3884 2389 3937 hunc
2433 3883 2651 3952 quidem
2700 3883 2943 3936 amicitia
2983 3892 3170 3937 nostra
3219 3897 3325 3935 non
3372 3881 3710 3950 πρόσκαιρος
3754 3882 3877 3949 jure
3939 3882 4040 3935 sibi

794 3973 1131 4027 vindicare:
1188 3971 1281 4025 sed
1339 3971 1579 4026 eruditio
1629 3980 1719 4025 tua
1767 3988 1875 4025 non
1921 3973 2180 4038 vulgaris,
2226 3980 2278 4026 et
2323 3973 2601 4041 ingenium
2652 3981 2803 4025 extra
2848 3971 3093 4024 omnium
3152 3972 3498 4038 ingeniorum
3564 3971 3736 4023 aleam
3796 3972 4040 4038 positum

793 4073 1128 4131 extorquere
1160 4062 1328 4115 valuit
1362 4061 1428 4114 ab
1461 4061 1654 4114 invito.
1698 4060 1792 4115 Est
1827 4062 1914 4115 hic
1946 4068 2158 4126 auctor,
2196 4070 2253 4113 ιιι
2302 4077 2408 4114 non
2453 4071 2503 4115 te
2544 4061 2697 4123 latet;
2742 4059 3064 4114 Platonicus
3116 4058 3375 4128 insignis,
3427 4071 3478 4112 et
3531 4060 3621 4127 qui
3678 4074 3742 4112 ex
3786 4058 4039 4121 professo

794 4165 902 4204 non
964 4158 1172 4202 tantum
1221 4147 1501 4203 Platonem
1554 4148 1798 4201 imitatur
1845 4148 2173 4216 eloquendo,
2215 4148 2308 4201 sed
2346 4148 2803 4218 philosophandi).
2841 4148 3025 4201 Latuit
3077 4157 3259 4201 autem
3312 4146 3581 4201 hactenus
3640 4148 3742 4201 iste
3785 4147 3920 4200 liber
3976 4146 4044 4200 de

795 4238 1031 4305 lapidum
1078 4237 1401 4301 virtutibus,
1454 4236 1571 4302 qui,
1618 4251 1686 4289 ne
1731 4236 1859 4305 quid
1918 4237 2310 4291 assentationis
2357 4237 2530 4306 gratia
2580 4236 2767 4289 videar
2820 4236 3050 4297 dixisse,
3102 4234 3598 4289 excellentissimus
3658 4246 3762 4294 est.
3816 4244 3867 4287 et
3901 4234 4042 4287 inter

800 4326 1107 4393 praecipuos
1154 4325 1275 4393 ejus
1351 4324 1571 4378 labores
1635 4338 1698 4377 ac
1755 4323 1899 4379 fetus
1956 4334 2198 4379 meretur
2256 4324 2592 4393 praecipuum
2651 4324 2898 4377 nancisci
2957 4324 3160 4377 locum.
3218 4324 3355 4376 Eum
3414 4322 3518 4375 mei
3575 4323 3751 4391 gratia
3800 4320 4042 4376 Jacobus

800 4411 1132 4465 Sit-mundus
1167 4428 1197 4466 e
1222 4411 1487 4466 societate
1517 4409 1672 4473 Jesu,
1708 4412 1792 4465 vir
1822 4412 1954 4465 mihi
1988 4412 2378 4471 amicissimus,
2416 4421 2466 4464 et
2502 4411 2585 4465 his
2617 4410 2835 4471 litteris,
2862 4425 2982 4478 qua:
3017 4425 3119 4463 nos
3158 4410 3427 4463 humanos
3464 4409 3695 4472 faciunt,
3723 4424 3824 4462 non
3854 4411 4045 4463 leviter

800 4501 1029 4564 tinctus,
1066 4513 1096 4553 e
1130 4498 1299 4553 veteri
1336 4498 1572 4568 quodam
1606 4498 1798 4553 codice
1828 4498 2141 4567 descripsit,
2190 4506 2243 4551 ct
2287 4499 2620 4567 descriptum
2667 4498 2971 4551 liberaliter
3003 4496 3453 4561 communicavit,
3491 4498 3585 4549 sed
3620 4497 3759 4550 adeo
3796 4499 4045 4551 scatebat

801 4588 1014 4642 mendis
1067 4587 1159 4642 ille
1214 4587 1410 4652 codex,
1465 4597 1526 4642 ut
1579 4588 1699 4656 ipsa
1759 4588 1999 4642 soricina
2054 4587 2227 4639 naenia
2279 4599 2422 4640 esset
2469 4584 2817 4641 confossior:
2873 4585 3041 4639 tantis
3091 4589 3235 4639 enim
3290 4584 3555 4653 repletum
3607 4582 3711 4636 hoc
3762 4584 4045 4652 exemplar

801 4674 1231 4731 confusionibus
1260 4675 1465 4740 inveni,
1504 4684 1563 4729 ut
1590 4674 1843 4744 quamvis
1876 4674 1944 4728 de
1966 4673 2242 4741 lapidibus
2274 4674 2434 4743 longe
2464 4672 2610 4727 inter
2640 4688 2699 4728 se
2729 4672 2964 4727 diversis
2993 4680 3117 4741 agat
3141 4681 3353 4735 auctor,
3381 4681 3562 4726 tamen
3588 4670 3717 4741 quia
3743 4672 4039 4740 aliquando

801 4779 922 4827 qua:
953 4762 1056 4817 sibi
1092 4764 1371 4817 contraria
1406 4773 1563 4818 erant
1607 4763 1659 4815 in
1703 4777 1873 4815 unum
1921 4761 2264 4827 coaluerant,
2294 4762 2455 4815 nullae
2484 4762 2642 4830 plane
2670 4761 3082 4814 contrarietatis
3111 4769 3252 4815 nota:
3290 4767 3638 4829 apparerent.
3678 4758 3931 4828 Magnum
3965 4768 4045 4813 est

804 4852 1000 4914 lateor,
1037 4850 1106 4902 ab
1134 4848 1419 4903 erroribus
1450 4850 1542 4919 qui
1573 4858 1821 4904 veterum
1854 4849 2026 4902 libros
2056 4849 2327 4909 obsident,
2368 4864 2462 4903 eos
2491 4864 2726 4917 purgare
2755 4859 2809 4902 et
2850 4850 3104 4913 liberare,
3150 4848 3242 4900 sed
3269 4845 3623 4901 coufusiones
3659 4848 3860 4916 quibus
3892 4862 4044 4901 mens

805 4938 1051 4991 auctoris
1083 4937 1443 4998 obscuratur,
1474 4936 1610 4991 ordo
1642 4946 1693 4991 et
1732 4936 1905 4990 series
1946 4936 2131 5003 Operis
2166 4936 2443 4999 turbatur,
2469 4938 2785 5007 similiaque
2823 4945 3072 4992 monstra
3096 4936 3342 5001 domare,
3383 4936 3562 4999 majus
3600 4937 3733 4990 illud
3769 4952 3907 5003 opus
3938 4943 4044 4990 est.

805 5027 961 5093 Quod
1006 5035 1062 5078 tu
1102 5025 1272 5094 probe
1306 5026 1474 5086 nosti,
1514 5026 1584 5079 mi
1620 5024 1931 5087 Gaulmine,
1966 5024 2056 5092 qui
2110 5025 2162 5076 in
2200 5024 2322 5079 istis
2367 5026 2501 5080 adeo
2540 5041 2599 5079 es
2640 5026 3133 5095 τριδωνευόμενος,
3171 5034 3231 5077 ut
3277 5039 3306 5077 e
3345 5025 3693 5093 paucissimis
3731 5025 3823 5093 qui
3856 5026 3907 5078 in
3945 5025 4047 5078 hoc

808 5116 966 5172 senio
1005 5116 1319 5167 litterarum
1367 5113 1507 5167 idem
1552 5112 1757 5166 dolium
1801 5120 2046 5176 versant,
2079 5128 2189 5165 non
2232 5127 2419 5166 verear
2458 5122 2510 5169 te
2550 5116 2849 5185 principem
2890 5116 3252 5177 constituere,
3291 5114 3417 5167 licet
3455 5128 3572 5166 eam
3615 5122 3831 5167 aetatem
3869 5115 4048 5167 adhuc

808 5220 917 5260 non
954 5204 1231 5273 attigeris,
1268 5218 1372 5272 qua
1409 5202 1645 5272 majores
1674 5203 1936 5257 dicimur.
1971 5200 2151 5256 Tanto
2178 5218 2324 5257 enim
2358 5203 2561 5271 ingenii
2592 5203 2846 5257 acumine
2874 5204 3069 5271 polles,
3102 5212 3161 5255 ut
3200 5217 3321 5271 quae
3349 5202 3439 5254 alii
3472 5213 3827 5257 assecuturos
3868 5217 3925 5257 se
3960 5204 4044 5255 vix

808 5291 1014 5346 audent
1068 5290 1174 5345 sibi
1233 5292 1479 5358 polliceri
1537 5291 1833 5345 multorqu
1879 5305 2151 5344 annorum
2198 5290 2501 5353 curriculo,
2544 5299 2600 5344 ιιι
2643 5291 2975 5347 brevissimo
3007 5291 3207 5360 spatio,
3248 5292 3370 5360 ipso
3418 5292 3681 5359 temporis
3737 5303 3943 5359 puncto
3996 5301 4047 5343 et

810 5389 1093 5433 momento
1122 5393 1185 5431 ea
1219 5393 1325 5431 non
1357 5378 1531 5431 solum
1564 5377 1821 5446 attingas,
1862 5380 1955 5433 sed
1992 5386 2046 5431 et
2087 5378 2247 5447 longe
2284 5378 2490 5445 majora
2542 5386 2595 5430 et
2632 5376 2956 5432 difficiliora.
2996 5378 3200 5433 Omnes
3236 5378 3403 5432 hodie
3435 5378 3527 5444 qui
3572 5378 3768 5432 litteris
3800 5392 4044 5445 operam.

813 5474 870 5521 ut
902 5467 1080 5530 decet,
1115 5473 1339 5527 navant,
1366 5474 1418 5519 et
1455 5466 1851 5521 humanitatem
1884 5480 2046 5535 quam
2074 5466 2235 5535 pauci
2280 5474 2553 5519 noverunt
2585 5466 2792 5529 colunt,
2826 5469 2908 5523 vel
2946 5468 3011 5521 ad
3044 5468 3283 5536 plurium
3326 5467 3635 5535 linguarum
3680 5468 4047 5535 cognitionem

808 5553 1099 5625 pervenire
1142 5562 1407 5624 gestiunt,
1450 5562 1505 5606 ut
1552 5568 1712 5607 omne
1761 5568 1935 5624 genus
1968 5565 2255 5609 auctorum
2304 5554 2459 5608 bona:
2489 5565 2629 5609 notas
2663 5556 2930 5612 familiare
2978 5558 3081 5612 sibi
3126 5558 3351 5612 reddere
3403 5566 3624 5627 queant,
3674 5566 3726 5611 et
3763 5557 4048 5611 historiam

812 5644 880 5696 ab
922 5657 1046 5702 ovo,
1095 5651 1154 5695 ut
1194 5642 1414 5707 dicitur,
1454 5657 1631 5711 usque
1673 5643 1738 5697 ad
1794 5642 1959 5709 mala,
2002 5645 2092 5713 qui
2158 5642 2388 5697 ultimus
2441 5645 2675 5700 studiosi
2734 5655 2788 5699 et
2838 5646 3105 5715 sapientis
3159 5646 3400 5701 hominis
3462 5661 3667 5716 scopus
3700 5662 3821 5702 esse
3867 5647 4047 5707 debet,

814 5730 1215 5801 perfectissime
1280 5740 1490 5793 tenere,
1544 5730 1629 5783 vel
1696 5731 1957 5786 scientias
2010 5739 2429 5793 consectantur,
2492 5730 2897 5800 philosophiam
2946 5732 3091 5797 dico,
3145 5730 3497 5800 theologiam,
3554 5730 3906 5793 medicinam.
3968 5730 4053 5785 vel

798 5898 803 5907 .
833 5818 1247 5879 mathematicas
1277 5820 1624 5895 disciplinas,
1663 5822 1915 5894 autjuris
1944 5831 2139 5879 artem.
2169 5820 2370 5881 Eorum
2401 5822 2495 5895 qui
2525 5820 2579 5878 itt
2605 5820 2964 5878 scientiarum
2992 5818 3307 5892 cognitione
3343 5818 3706 5880 immorantur
3740 5818 3879 5875 bona
3906 5833 4052 5887 pars,
