4446 6446
440 401 548 467 asa
706 460 713 466 .
1353 408 1730 467 LIBELLUS
1764 364 1862 466 ea
1904 403 2256 465 LAPIDUM
2298 406 2803 487 Vllt'l‘U'l‘lBUS.
3594 398 3699 466 886

435 522 673 592 linguas,
698 520 815 575 sine
841 519 1039 588 quibus
1073 516 1278 573 frustra
1315 520 1571 587 cupimus
1602 522 1764 582 scire,
1805 519 2024 588 ignorat
2057 528 2123 574 et‘
2144 520 2302 575 bonis
2330 535 2393 575 ac
2425 522 2847 576 humanioribus
2874 520 3074 576 litteris
3100 532 3185 575 est
3218 522 3505 585 destituta,
3535 522 3611 577 ita
3642 532 3700 577 ut

436 608 488 662 id
536 610 816 662 hominum
856 622 1031 676 genus
1070 606 1374 662 imitari.et
1402 622 1596 662 eorum
1627 608 1855 677 vestigia
1891 623 2162 677 premere,
2200 610 2304 665 hoc
2340 612 2409 665 sit
2441 625 2658 680 semper
2697 611 2834 667 velle
2876 605 3142 666 caccutire
3181 620 3235 666 ct
3280 628 3403 665 cum
3444 611 3702 666 barbarie

439 695 666 750 luctari.
697 696 1079 765 Reliquorum,
1109 712 1343 765 quorum
1374 697 1608 766 pusillus
1638 703 1722 751 est
1756 711 2037 760 numerus,
2068 696 2209 751 bona
2244 701 2389 752 enim
2428 708 2610 753 mente
2633 699 2790 768 pauci
2827 699 3039 769 praediti
3078 708 3205 752 sunt
3232 701 3286 753 in
3326 700 3549 759 litteris.
3580 714 3702 767 quae

438 786 702 838 hodierna
743 794 829 839 est
867 786 1040 839 nostri
1084 787 1269 840 saeculi
1305 787 1605 861 supinitas,
1654 802 1823 839 unum
1876 794 1931 840 te
1970 786 2121 861 novi,
2156 786 2467 848 Gaulmine,
2517 787 2611 855 qui
2654 787 2843 856 plures
2880 789 3097 857 linguas
3134 790 3358 851 calleas,
3410 800 3478 845 et,
3511 804 3701 843 earum

436 872 734 941 cognitioni
797 873 990 926 sedulo
1038 874 1286 943 quotidie
1343 876 1655 929 incumbas.
1746 875 1941 953 Mirata
1995 884 2081 929 est
2130 875 2543 948 olimAthenaei
2576 886 2708 931 aetas
2767 869 2946 931 aurea
2980 893 3033 932 ct
3084 879 3393 932 cultissima
3454 877 3705 931 homines

435 964 761 1032 διγλώττους
792 980 804 993 ·
850 965 972 1018 vide
1005 966 1200 1020 amabo
1261 958 1333 1020 te'
1366 967 1495 1035 quid
1546 974 1733 1021 nostra
1788 966 1965 1019 ferrea
1996 965 2191 1019 factur:

1947 982 1965 1019 ι
1996 965 2205 1019 factura
2235 964 2331 1027 sit,
2390 978 2511 1032 qua:
2569 966 2746 1019 virum
2790 974 2921 1019 ‘non
2958 967 3249 1033 δίγλωττον
3281 966 3572 1025 duntaxat,
3611 963 3703 1017 sed

441 1053 859 1118 πεντάγὶωττον
894 1055 1079 1118 habet.
1117 1071 1278 1122 quem
1321 1057 1491 1124 priori
1527 1055 1603 1109 illi
1651 1057 1853 1109 saeculo
1893 1066 2153 1123 Opponat.
2198 1052 2269 1108 De
2306 1062 2359 1109 te
2393 1054 2611 1122 loquor,
2651 1054 2961 1116 Gaulmine,
2992 1071 3151 1123 quem
3188 1072 3381 1131 omnes
3415 1044 3509 1123 qui
3544 1046 3607 1107 'te
3641 1052 3709 1106 de

442 1140 582 1195 faeie
616 1155 913 1208 noverunt,
945 1144 1126 1197 sciunt
1167 1143 1439 1197 Arabismi
1474 1144 1936 1207 scientissimum,
1972 1142 2303 1202 llebraismi,
2339 1140 2641 1200 Turcismi.
2676 1144 2742 1198 de
2786 1145 2989 1214 linguis
3020 1144 3165 1199 enim
3200 1133 3385 1199 Grm‘ca
3420 1152 3473 1197 et
3510 1142 3706 1196 Latina

444 1229 574 1298 quid
626 1230 826 1284 attinet
875 1232 1236 1299 loqui?‘cum
1283 1233 1333 1285 iu
1387 1234 1465 1286 eis
1521 1242 1702 1286 tantos
1735 1232 2013 1301 profectus
2044 1233 2152 1301 jam
2190 1229 2406 1292 feceris,
2448 1242 2505 1283 ιιι
2548 1236 2707 1299 pauci
2759 1234 2849 1299 qui
2914 1244 3091 1285 tecum
3145 1233 3357 1299 possint
3399 1231 3709 1299 comparari

445 1319 500 1372 in
530 1334 718 1372 carum
753 1322 1070 1389 cognitione
1105 1323 1412 1390 supersint,
1455 1323 1545 1391 qui
1583 1330 1635 1373 te
1665 1329 1885 1390 superet
1918 1316 2105 1375 nemo.
2141 1320 2298 1373 Novi'
2334 1322 2437 1374 hoc
2469 1321 2639 1389 probe
2674 1321 2881 1389 pridem
2914 1334 3141 1376 senatus
3174 1319 3505 1374 Parisieusis
3530 1335 3559 1373 a
3600 1335 3712 1387 quo
3775 1310 3782 1317 ’

446 1423 568 1462 cum
602 1406 987 1476 prrefeeturam
1021 1420 1171 1465 tuam
1210 1412 1514 1475 ambiehas,
1547 1411 1717 1465 tantis
1750 1417 2013 1465 oneratus
2070 1425 2133 1464 es
2180 1410 2467 1472 laudibus,
2504 1419 2560 1464 ut
2614 1413 2667 1464 in
2712 1413 3138 1479 ntagiStratuum
3179 1423 3475 1464 numerum
3517 1402 3709 1479 "contra

447 1512 610 1563 quam
672 1510 853 1552 vetant
921 1501 1086 1569 hujus
1143 1500 1359 1570 imperii
1418 1501 1591 1570 leges,
1655 1510 1704 1551 te
1750 1499 1869 1554 sine
1927 1498 2253 1566 probatione
2305 1500 2669 1569 cOOpIaverit.
2721 1497 2878 1552 Nulla
2942 1507 3126 1553 autem
3174 1513 3361 1553 earum
3400 1498 3711 1565 linguarum

448 1585 812 1640 Orientalium
848 1598 953 1642 est.
987 1591 1083 1642 ua“.
1111 1590 1272 1643 τοῦτο
1308 1590 1782 1659 Θαυματτότατον,
1820 1604 1983 1656 quam
2019 1587 2165 1642 intra

1959 1604 1983 1641 ιι
2019 1587 2165 1642 intra
2209 1604 2415 1659 paucos
2447 1605 2668 1643 menses
2700 1589 3016 1657 perdiscere
3046 1604 3151 1642 non
3185 1589 3387 1657 possis,
3414 1587 3715 1641 dummodo

452 1673 558 1725 tido
600 1674 765 1728 liceat
801 1679 875 1728 uti
912 1678 1008 1731 tibi
1044 1690 1402 1748 praeceptore,
1435 1687 1545 1732 tam
1575 1677 1759 1740 tenaci
1800 1677 2065 1731 memoria
2092 1676 2318 1748 gaudes,
2347 1684 2499 1730 tanta
2524 1676 2772 1730 discendi
2802 1662 2855 1729 et
2890 1677 3105 1731 litteras
3136 1675 3407 1730 tractandi
3430 1674 3715 1737 cupidine.

451 1760 607 1814 Favit
632 1762 778 1815 Deus
802 1767 893 1833 qui
929 1780 1029 1818 nos
1056 1776 1107 1818 et
1136 1777 1325 1821 nostra
1356 1766 1542 1821 omnia
1572 1773 1868 1836 temperat,
1898 1773 1957 1818 ut
1980 1762 2276 1818 Nestorcos
2307 1764 2372 1817 ad
2406 1763 2479 1817 rei
2511 1763 2798 1818 litterariae
2831 1763 3229 1817 incrementum
3265 1779 3493 1832 superes
3518 1776 3716 1821 annos,

450 1857 503 1901 et
553 1849 706 1902 tarda
744 1852 813 1904 sit
871 1852 961 1905 illa
998 1852 1142 1913 dies,
1178 1870 1298 1923 quae
1331 1865 1385 1909 te
1441 1856 1601 1909 nobis
1653 1854 1870 1923 eripiet.
1912 1851 2067 1912 Vale,
2113 1854 2182 1905 tui
2221 1850 2535 1915 Ganlmine,
2594 1853 2716 1903 vive
2758 1851 2809 1903 in
2865 1861 3154 1909 aeternum.
3213 1862 3263 1904 et
3320 1852 3519 1920 pignus
3571 1849 3717 1903 istud

450 1935 706 1991 amicitiae.
748 1939 800 1990 iu
843 1947 894 1992 te
925 1950 1125 1993 nostrm
1168 1942 1548 1996 certissimum
1585 1941 1796 2010 accipe.
1829 1941 2033 1995 Tutare
2066 1955 2164 1993 nos
2196 1942 2261 1992 ab
2313 1940 2623 1992 invidorum
2661 1939 2888 2008 linguis,
2942 1948 2995 1992 et
3042 1939 3468 1991 tumultuarium
3504 1937 3721 1989 buucce

450 2022 693 2076 laborem
736 2037 981 2078 nostrum
1010 2028 1359 2083 limatissimo
1400 2030 1619 2100 ingenio
1655 2039 1748 2081 tuo
1782 2029 1993 2090 excole,
2033 2029 2233 2095 perﬁce
2276 2036 2442 2095 atque
2477 2026 2680 2080 adorna
2726 2026 2877 2080 curis
2912 2026 3023 2079 tuis
3060 2044 3073 2083 :
3107 2040 3229 2094 quae
3264 2025 3410 2079 enim
3455 2039 3551 2077 nos
3586 2022 3718 2076 dum

456 2110 829 2175 procedebant
873 2113 1053 2182 operae
1109 2116 1458 2184 scripsimus,
1516 2116 1961 2171 emendationem
2006 2117 2190 2186 potius
2236 2116 2479 2169 auctoris
2534 2124 2587 2167 rt
2644 2116 3159 2185 interpretationem
3220 2114 3510 2185 stmctaut,‘
3553 2128 3720 2182 quam

454 2197 905 2257 illustrationem.
945 2203 1150 2257 lterum
1180 2204 1320 2259 vale.

527 2312 603 2366 Ex
646 2328 850 2370 musazo
888 2325 1103 2371 nostro.
1146 2315 1363 2374 Tolosa
1402 2318 1637 2374 kalend.
1673 2320 2037 2389 Septembris.
2073 2324 2229 2377 Anno
2259 2320 2519 2377 MDCXV.

1295 2651 1537 2712 Lectori
1576 2653 1889 2715 benevolo
1921 2656 1981 2715 S.
2023 2657 2178 2713 0.1.
2219 2657 2435 2733 Steph.
2474 2654 2858 2715 Bernardus.
2946 2706 2952 2710 .

540 2797 610 2851 De
645 2796 807 2852 Pselli
840 2800 1010 2853 nostri
1034 2801 1138 2853 vita
1159 2800 1390 2869 ejusque
1430 2801 1675 2870 scriptis,
1698 2818 1806 2857 non
1837 2802 2081 2872 estquod
2116 2804 2413 2870 quidquam
2442 2818 2761 2866 memorem,
2794 2800 3056 2856 benevole
3092 2799 3285 2867 lector,
3328 2812 3452 2852 cum
3488 2796 3579 2852 illa
3603 2813 3723 2866 qua:
3768 2785 3775 2791 ’

469 2884 571 2935 huc
603 2894 855 2951 spectant
887 2886 1105 2941 abunde
1130 2889 1392 2956 cognosci
1428 2898 1635 2955 queant
1664 2905 1726 2944 ex
1762 2887 1965 2942 Leonis
1993 2891 2173 2943 Allatii
2213 2892 2313 2944 viri
2345 2891 2652 2945 doctissimi
2683 2887 2926 2943 Diatrihe
2959 2887 3026 2942 de
3058 2886 3278 2948 Psellis,
3309 2890 3341 2939 a'
3371 2883 3732 2940 celeberrimo

465 2970 676 3027 Joanne
712 2972 831 3027 Alb.
878 2974 1131 3029 Fabricio
1162 2977 1359 3030 iterum
1393 2978 1535 3030 edita
1571 2987 1703 3030 tom.
1750 2976 1793 3026 ν
1843 2976 2180 3033 Bibliotheca!
2222 2980 2440 3033 (ἔντη-π’.
2498 2979 2743 3032 Breviter
2787 2985 3000 3031 tantum
3035 2974 3332 3030 recensebo
3382 2973 3474 3027 illa
3507 2988 3627 3042 quae
3665 2972 3734 3027 de

470 3060 570 3115 hoc
606 3062 672 3113 de
709 3064 952 3131 lapidum
1002 3065 1299 3120 virtutibus
1349 3066 1536 3119 libello
1575 3067 1847 3121 mouenda
1884 3066 2103 3131 habeo;
2142 3070 2453 3120 tumeliam
2503 3066 2632 3136 quid
2686 3068 2804 3135 ipse
2865 3065 2931 3119 ad
2992 3079 3189 3118 novam
3244 3062 3388 3117 hanc
3434 3061 3730 3116 editionem

467 3150 820 3213 contulerim,
870 3166 1168 3220 exponant.
1226 3152 1447 3209 Primus
1506 3156 1651 3207 hunc
1705 3154 1952 3208 libellum
2014 3155 2066 3205 in
2120 3154 2294 3208 lucem
2345 3156 2527 3208 emisit
2584 3152 2853 3207 Claudius
2911 3153 3323 3214 Ancantberus,
3379 3156 3437 3203 ut
3493 3155 3735 3204 testatur

471 3236 772 3292 Lindenius
806 3238 875 3291 De
908 3241 1125 3308 scriptis
1163 3241 1329 3301 Μαι..
1374 3258 1425 3311 p.
1461 3258 1530 3295 Ill.
1568 3242 1690 3295 546.
1726 3241 2106 3294 Nomenclalor
2137 3242 2494 3297 Geminorum.
2527 3258 2647 3311 quin
2679 3242 2847 3311 magis
2885 3242 2937 3294 in
2972 3257 3073 3294 usu
3100 3251 3241 3301 sunt,
3276 3255 3393 3292 cum
3428 3236 3732 3293 earumdem

470 3326 760 3389 medicinis,
795 3344 1066 3393 nunquam
1109 3330 1355 3393 antehac,
1391 3330 1529 3396 quod
1561 3330 1688 3382 sciri
1719 3330 1895 3381 adhuc
1942 3331 2171 3397 poluerit
2221 3332 2416 3390 editus,
2461 3330 2690 3386 Claudio
2745 3330 3084 3382 Ancanthcro
3138 3326 3343 3381 medico
3392 3336 3439 3381 el
3480 3325 3738 3381 Cwsareo

470 3411 723 3464 historico
757 3428 821 3464 ea:
860 3413 1066 3468 Grrcco.
1111 3418 1454 3469 Accesserant
1490 3418 1731 3485 ejusdem
1777 3419 2100 3471 Aucantheri
2129 3418 2182 3471 in
2216 3419 2354 3472 hunc
2387 3420 2621 3474 libellum
2652 3430 2790 3473 nota:
2818 3419 2992 3472 breves
3022 3434 3122 3470 non
3160 3419 3530 3487 infructuosa'.
3576 3414 3735 3485 Typis

470 3496 912 3565 Ott/tamarianis,
962 3502 1123 3568 1594,
1165 3504 1311 3557 iit-8.
1357 3504 1570 3558 Prodiit
1622 3505 1879 3573 deinceps
1920 3521 2028 3561 uua
2083 3522 2206 3560 cum
2247 3508 2544 3561 Plutarcho
2593 3507 2667 3561 De
2701 3507 3010 3577 ﬂuniinilvus
3056 3520 3185 3558 cura
3245 3503 3489 3571 Philippi
3541 3501 3733 3556 Jacobi

475 3584 766 3649 Maussaci,
794 3588 884 3653 qui
927 3591 1133 3657 primus
1156 3608 1279 3646 eum
1307 3592 1495 3647 ϐτιροο
1518 3594 1705 3655 edidit,
1742 3594 1927 3649 addita
1959 3595 2212 3649 versione
2243 3605 2296 3650 et
2325 3597 2493 3661 notis,
2527 3595 2762 3655 Tolosae.
2794 3596 2952 3655 -Ιϐιῖἰ,
2992 3594 3138 3647 ἰη-8.
3174 3592 3483 3647 Transtulit
3515 3605 3736 3659 quoque.

474 3675 619 3732 hunc
649 3678 813 3733 Pselli
855 3679 1101 3735 libellum
1163 3683 1215 3735 in
1260 3681 1512 3736 Latinum
1560 3692 1616 3737 et
1657 3681 1903 3737 Italicum
1980 3698 2289 3737 sermonem
2343 3685 2688 3739 anatomicus
2748 3684 3117 3738 dexterrimus
3148 3680 3428 3736 Adrianus
3458 3677 3737 3749 Spigelius

477 3765 621 3831 quod
690 3767 861 3821 refert
911 3767 1022 3822 Leo
1082 3770 1317 3823 Allatins
1377 3771 1432 3823 in
1491 3770 1730 3825 lliatribe
1787 3787 1911 3840 cap.
1956 3770 2049 3834 67,
2102 3786 2153 3839 p.
2207 3772 2294 3827 ⁵51.
2350 3771 2609 3841 Ejusdem
2666 3771 2949 3831 Libellum,
3006 3770 3072 3824 de
3110 3770 3378 3838 Lapidum
3436 3766 3737 3821 virtutibus

480 3849 753 3921 Philippus
782 3854 1017 3909 Iacobus
1053 3855 1375 3913 Maussacus
1426 3858 1633 3928 primus
1671 3859 1926 3928 vulgavit,
1992 3857 2182 3912 Latine
2228 3860 2381 3912 vertit
2433 3869 2481 3913 et
2529 3860 2827 3913 emendavit
2866 3860 3037 3912 editus
3102 3868 3181 3912 est
3230 3857 3434 3912 Tolosae
3476 3855 3659 3912 Graue
3692 3862 3741 3907 et

479 3939 661 3995 Latine
711 3959 850 3995 anno
909 3943 1069 4006 1615,
1126 3945 1177 3999 8.
1235 3945 1427 3999 Verum
1479 3947 1723 3999 libellum
1772 3949 1910 3999 hunc
1960 3956 2082 3999 ante
2122 3945 2463 4000 Maussacum
2503 3945 2689 4000 Latine
2722 3957 2769 4000 et
2822 3947 3009 4000 Italico
3056 3948 3319 4000 redditum
3374 3945 3441 3999 ab
3497 3943 3737 3998 Adrian.

479 4029 713 4101 Spigelio
764 4033 1071 4102 philosopho
1129 4045 1176 4089 et
1233 4036 1454 4101 medico,
1493 4046 1541 4089 et
1590 4037 1854 4106 gymnasii
1896 4035 2142 4088 Palatini
2174 4037 2499 4099 mutlomico,
2551 4039 2693 4103 apud
2748 4037 3014 4090 liberalem
3070 4035 3315 4091 Cremam
3371 4034 3743 4101 philosophum

478 4135 540 4171 ac
599 4121 859 4174 medicum
921 4122 1259 4177 Tarvisinum
1319 4126 1815 4190 prmstantissimum
1876 4123 2172 4178 conservari
2226 4125 2294 4176 ad
2351 4124 2487 4176 hunc
2541 4124 2721 4187 diem,
2780 4125 3007 4193 cpistola
3084 4140 3179 4176 sua
3232 4123 3411 4184 mihi,
3474 4123 3747 4188 utriusque

480 4207 852 4272 amicissimus,
904 4209 1133 4264 Jacobus
1198 4210 1482 4281 Philippus
1553 4210 1901 4265 Thomasinus
1947 4212 2285 4279 signiﬁcavit.
2339 4209 2531 4265 Libelli
2590 4213 2714 4265 item
2769 4213 3011 4265 meminit
3068 4210 3420 4264 Casaubonus
3494 4210 3545 4262 in
3608 4204 3749 4262 ﬁlii

480 4294 759 4359 Spartiani
807 4296 1131 4351 Antoninum
1182 4297 1531 4353 Caraeallant
1586 4301 1747 4354 notis.
1792 4300 1857 4353 Et
1884 4299 2067 4352 Justus
2098 4298 2362 4370 Rycquius
2392 4301 2442 4353 in
2482 4299 2930 4369 Epist.(.'cnturia
2962 4317 3100 4357 nova
3133 4299 3309 4363 Epist.
3346 4299 3436 4362 29,
3485 4300 3541 4351 in
3584 4296 3747 4352 Sane

482 4381 597 4451 gica
644 4380 953 4437 bibliotheca
1002 4386 1140 4439 inter
1174 4386 1284 4439 alia
1317 4387 1569 4453 opuscula
1618 4387 1986 4453 manuscripla
2029 4386 2182 4440 illum
2220 4404 2275 4441 se
2309 4389 2498 4441 vidisse
2539 4392 2715 4459 refert.
2755 4387 2875 4443 Hau:
2914 4388 3025 4443 Leo
3054 4389 3289 4441 Allatttts
3320 4388 3429 4442 loc.
3467 4387 3563 4441 cit.
3597 4382 3750 4438 Nun-

483 4484 643 4538 quam
672 4485 826 4535 vero,
883 4473 1028 4542 quod
1092 4475 1286 4541 sciam,
1328 4474 1555 4544 Spigelii
1618 4476 1799 4527 vcrsio
1863 4476 2039 4528 lucem
2093 4477 2323 4543 aspexit.
2388 4474 2459 4528 Ex
2516 4476 2834 4545 apographo
2887 4475 3076 4530 Jacobi
3146 4474 3429 4529 Sirmondi
3488 4488 3547 4528 se
3603 4472 3749 4549 hunc

489 4558 688 4612 librum
748 4560 1003 4632 vulgasse
1071 4561 1273 4617 fatetur
1320 4563 1639 4619 Maussacus
1706 4565 1755 4616 in
1809 4563 2041 4632 epistola
2084 4561 2422 4615 dedieatnria
2485 4563 2549 4615 ad
2600 4561 2904 4617 Gilbertum
2947 4562 3323 4618 Gaulmiuum.
3355 4550 3622 4616 Caeterum
3678 4574 3748 4614 an

496 4645 707 4703 Psellus
750 4658 804 4703 et
853 4652 1105 4719 quisnam
1161 4653 1265 4707 iste
1300 4650 1488 4719 fuerit,
1515 4668 1583 4706 an
1611 4668 1740 4707 vero
1774 4652 1917 4706 alius
1953 4651 2116 4716 hujus
2165 4650 2333 4703 libelli
2368 4659 2561 4704 auctor
2593 4650 2920 4706 statuendus
2954 4652 3046 4716 sit,
3074 4650 3338 4720 disquirit
3373 4648 3482 4704 Leo
3514 4646 3749 4703 Allatius

497 4734 599 4786 loc.
630 4734 748 4798 cit.,
775 4749 896 4805 cap.
930 4738 1016 4800 lO,
1052 4753 1173 4806 pag.
1209 4738 1261 4792 8.
3724 4782 3728 4786 θ

563 4819 842 4876 Meditanti
876 4840 1004 4878 vero
1030 4826 1162 4879 mihi
1197 4826 1376 4879 denuo
1408 4826 1554 4878 hunc
1584 4825 1830 4879 libellum
1858 4823 2103 4895 vulgare,
2136 4826 2248 4880 sola
2285 4841 2407 4881 sese
2434 4828 2564 4879 mihi
2588 4827 2785 4881 obtulit
2816 4825 2986 4880 editio
3012 4823 3304 4890 Maussaei,
3338 4836 3459 4893 qua:
3498 4822 3748 4878 Graecum

494 4917 698 4963 textum
732 4911 971 4977 sisteret,
1004 4930 1163 4983 quaen
1200 4916 1314 4968 sola
1354 4914 1582 4983 proinde
1611 4916 1762 4985 sequi
1794 4913 1957 4967 debui
1984 4932 1996 4981 ;
2023 4930 2198 4984 neque
2227 4915 2389 4967 etiam
2425 4916 2493 4968 cl.
2537 4914 2873 4968 Ancantberi
2908 4914 3215 4967 versionem
3278 4911 3454 4966 oculis
3512 4910 3750 4966 lustrare

495 4997 671 5060 licuit,
728 5002 983 5067 quamvis
1024 5002 1073 5053 id
1129 5003 1283 5057 valde
1344 5010 1644 5071 optassmn,
1699 5004 1969 5071 imprimis
2024 5018 2147 5056 cum
2198 5000 2515 5056 lliaussacus
2568 5017 2702 5057 usus
2765 5002 2835 5056 sit
2867 4999 3054 5057 codice
3108 5000 3291 5054 lacero
3348 4998 3644 5053 admodum
3686 5012 3751 5050 ac

495 5085 709 5149 mutilo,
750 5103 872 5154 quae
902 5104 989 5144 res
1021 5088 1138 5143 viro
1167 5090 1543 5145 eruditissimo
1582 5090 1866 5159 imposuit,
1903 5097 1963 5143 ut.
2004 5092 2139 5144 mire
2172 5090 2419 5159 quaedam
2476 5092 2593 5144 loca
2676 5088 3018 5159 explicuerit.
3066 5086 3329 5154 Quamvis
3380 5095 3567 5141 autem
3609 5084 3750 5139 nihil

496 5181 691 5242 pra-ter
725 5173 992 5230 Maussaci
1026 5177 1320 5233 editionem
1356 5179 1419 5231 ad
1470 5192 1665 5231 manus
1709 5187 1872 5238 esset,
1913 5178 2055 5245 quod
2100 5179 2230 5231 mihi
2290 5178 2482 5233 fuisset
2535 5178 2889 5246 adjumeuto;
2936 5174 3225 5243 sperabam
3276 5181 3460 5226 tamen
3524 5169 3641 5227 fore
3687 5177 3750 5225 ut

496 5260 739 5315 maculas
775 5261 819 5315 si
860 5277 966 5316 non
1002 5278 1215 5329 omnes,
1265 5267 1445 5319 saltim
1484 5267 1743 5334 plurimas
1780 5266 2044 5328 rluerem,
2076 5267 2117 5319 si
2148 5267 2467 5335 scriptores,
2499 5267 2592 5335 qui
2624 5265 2814 5320 eodem
2841 5272 3166 5334 argumento
3206 5261 3458 5330 occupati
3499 5260 3742 5322 fuerunt,

504 5349 851 5404 consulerem
883 5362 1046 5421 atque
1084 5353 1415 5418 conferrem,
1457 5354 1602 5421 quod
1638 5364 1905 5422 quantum
1946 5356 2073 5408 Illlltl
2109 5355 2370 5425 profuerit
2393 5365 2472 5419 ιιι,
2507 5353 2718 5418 Lector,
2756 5351 3055 5421 judicabis.
3084 5351 3139 5404 In
3174 5352 3319 5404 notis
3356 5348 3536 5403 studui
3574 5346 3747 5416 potis-

499 5433 695 5488 simum
733 5451 916 5492 nzevos
942 5439 1275 5509 abstergere,
1306 5441 1398 5511 qui
1421 5441 1604 5495 sensui
1636 5442 1919 5493 verborum
1949 5458 2011 5495 ae
2044 5444 2282 5497 auctoris
2316 5442 2481 5495 menti
2514 5440 2812 5505 ollieercnt,
2848 5455 2911 5493 ac
2947 5439 3035 5492 tthi
3072 5439 3121 5493 id
3159 5452 3264 5492 non
3296 5451 3520 5504 prorsus
3540 5436 3749 5513 ἀπροσ-

498 5521 735 5575 διόνυσον
775 5524 1080 5594 videbatur,
1111 5529 1230 5582 aliis
1266 5543 1482 5597 quoque
1517 5528 1837 5583 auctOribus
1884 5530 2119 5598 aliquam
2170 5533 2347 5583 lucem
2391 5529 2672 5583 afl‘undere
2725 5529 2917 5599 sategi.
2966 5526 3045 5581 Tu
3097 5540 3223 5579 vero
3258 5523 3319 5579 Β.
3386 5524 3447 5579 L.
3511 5529 3746 5579 conatus

504 5609 669 5665 hosce
700 5609 826 5665 boni
860 5615 1082 5670 consule
1106 5632 1119 5683 ;
1146 5617 1224 5673 sic
1261 5618 1325 5673 ad
1362 5618 1515 5688 plura
1550 5618 1806 5671 tentanda
1835 5618 2051 5670 animus
2085 5617 2213 5669 mibi
2259 5616 2569 5686 adjicietnr.
2609 5614 2758 5670 Vale.

2086 5846 2153 5859 σε.
