4430 6448
414 391 507 457 901

1261 386 1359 446 DE
1395 381 1797 446 GREGORIO
1834 376 2263 452 THEOLOGO,
2298 375 2625 449 BASILIO,
2656 374 2817 435 ETC.

1707 700 1936 789 ΤΟΥ
2010 696 2390 785 ΑΥΤΟΥ

1212 885 1684 942 ΧΑΡΔΚΊἩΡΕΣ
1793 879 2180 937 ΓΡΗΓΟΡΙΟΥ
2270 877 2407 932 ΤΟΥ
2484 870 2867 939 ΘΕΟΛΟΓΟΥ,

1581 1032 1718 1086 ΤΟΥ
1747 1028 2078 1086 ΜΕΓΑΛΟΥ
2112 1023 2498 1086 ΒΑΣΙΛΕΙΟΥ,

1063 1175 1201 1229 ΤΟΥ
1269 1170 1810 1235 ΧΡΥΣΟΣΤΟΜΟΥ,
1883 1166 2005 1220 ΚΑΙ
2060 1160 2450 1217 ΓΡΗΓΟΡΙΟΥ
2509 1158 2647 1212 ΤοΥ
2713 1151 3007 1209 ΝΥΣΣΗΣ.

1766 1497 2308 1591 EJUSDEM

1346 1694 1901 1757 CHARACTERES
1944 1694 2047 1754 GR
2060 1691 2328 1752 EGORII
2365 1687 2784 1758 THEOLOGI,

1768 1839 2051 1899 BASILII
2106 1836 2375 1908 MAGNI,

1106 1978 1164 2036 S.
1189 1977 1511 2039 JOANNIS
1552 1977 2084 2039 CHRYSOSTOMI
2122 1976 2216 2036 ET
2259 1973 2639 2035 GREGORII
2680 1967 3026 2031 NYSSENL

509 2306 578 2364 α’.
622 2305 967 2378 Ἦρώτησας,
1026 2303 1326 2372 λογιώτατε
1364 2305 1583 2373 ἀδελφὴ
1616 2304 1760 2369 τίνες
1806 2321 1865 2359 τε
1908 2305 2002 2359 καὶ
2036 2312 2082 2365 Α
2180 2303 2231 2358 1.

1939 2305 2002 2359 ιαὶ
2036 2312 2082 2365 Α
2180 2303 2231 2358 1.
2260 2300 2615 2372 lnterrogasti
2642 2315 2748 2363 me,
2781 2313 2814 2354 ο
2848 2296 3176 2354 doctissime
3205 2297 3393 2367 frater,
3455 2295 3688 2361 quinam

442 2401 596 2453 πόσοι
642 2401 741 2469 τῆς
775 2398 898 2453 καθ’
926 2399 1073 2469 ἡμᾶς
1129 2397 1451 2468 φιλοσοφίας
1506 2397 1644 2467 πρὸς
1676 2396 1776 2467 τὴν
1813 2398 2011 2469 τέχνην

436 2492 563 2555 τοὺς
590 2492 827 2550 οἰκείους
851 2490 1046 2558 λόγους
1067 2489 1366 2552 ἁπέξεσαν,
1394 2487 1489 2541 καὶ
1519 2490 1569 2540 εἰ
1595 2486 2014 2555 ἀξιολογώτατοι

438 2586 544 2634 εἱσι
584 2585 697 2643 τοῖς
735 2580 863 2650 περὶ
903 2579 1109 2633 Λυσίαν
1150 2581 1241 2631 καὶ
1272 2578 1619 2649 Δημοσθένην
1651 2577 2013 2648 διαμιλληθῆ-

440 2691 529 2726 ναι
562 2674 679 2735 ταῖς
699 2690 759 2726 τε
788 2674 1201 2742 πραγματικαῖς
1226 2673 1587 2732 κατασκευαῖς
1610 2671 1708 2723 καὶ
1738 2672 1859 2733 ταῖς
1890 2669 2014 2737 ἠθι-

445 2766 565 2824 καῖς
598 2764 919 2835 πιθανότησι
966 2766 1061 2816 καὶ
1093 2765 1157 2833 τῇ
1198 2763 1309 2814 τῶν
1346 2762 1629 2830 ὀνομάτων
1683 2761 1881 2830 ἐκλογῇ
1921 2759 2017 2813 καὶ

443 2861 707 2930 συνθήκῃ,
752 2861 832 2910 ἑτι
892 2856 998 2925 μὴν
1042 2857 1152 2917 τοῖς
1203 2853 1475 2917 ἐπιθέτοις
1515 2853 1743 2923 κόσμοις
1780 2852 2016 2914 καὶτοῖς

444 2949 753 3021 θεατρικοῖς
786 2949 1053 3018 σχήμασι.

518 3042 583 3111 β’.
615 3041 761 3110 Φημὶ
788 3041 916 3108 γοῦν
941 3038 1075 3108 πρὸς
1101 3036 1128 3089 ὃ
1164 3034 1413 3105 πυνθάνῃ
1440 3033 1895 3102 ἀποκρινόμενος,
1932 3033 2016 3085 ὅτι

446 3135 610 3196 πολὺς
644 3136 739 3203 μὲν
769 3133 863 3186 καὶ
896 3134 923 3184 ὁ
960 3131 1226 3201 ἡμέτερος
1280 3127 1482 3190 κύκλος
1537 3126 1726 3179 ὁπόσοι
1774 3126 1873 3194 τὴν
1920 3124 2016 3177 εύ-

444 3226 709 3296 γλωττίαν
758 3224 1040 3294 ἐζήλωσαν
1068 3237 1081 3250 ·
1118 3223 1396 3290 τέσσαρας
1459 3219 1516 3272 δὲ
1562 3217 1656 3272 τοῦ
1706 3218 2019 3286 σύμπαντος

446 3315 606 3386 χοροῦ
638 3313 828 3383 τίθημι
861 3311 1193 3380 κορυφαίους
1217 3322 1229 3335 ·
1266 3310 1364 3378 τὴν
1395 3309 1671 3376 σάλπιγγα
1703 3307 1801 3377 τῆς
1837 3306 2017 3359 θεολο-

446 3408 568 3473 γίας
612 3405 931 3474 Γρηγόριον,
970 3404 1063 3456 καί
1109 3402 1202 3454 τὸν
1251 3402 1470 3469 ἑταῖρον
1503 3401 1595 3453 καὶ
1648 3401 1822 3468 μέγαν
1859 3399 2019 3452 Βασί-

435 3502 607 3564 λειον,
641 3500 733 3550 καὶ
761 3499 848 3551 τὸν
871 3500 934 3549 ἐκ
953 3496 1061 3548 τῶν
1089 3495 1269 3547 αὐτῶν
1309 3494 1642 3563 σπερμάτων
1664 3492 1814 3563 αὐτῷ
1845 3495 2019 3561 φύντα

449 3590 771 3660 Γρηγὸριον,
825 3590 921 3642 καὶ
949 3588 1048 3658 τὴν
1082 3587 1292 3658 χρυσῆν
1327 3585 1495 3656 λύραν
1534 3586 1628 3638 τοῦ
1678 3586 2015 3655 Πνεύματος.

452 3683 668 3735 Τούτων
715 3682 823 3751 γὰρ
854 3680 1085 3742 ἕκαστος
1135 3679 1416 3749 αὐτάρκης
1447 3679 1554 3747 ὅτῳ
1601 3677 1667 3749 δὴ
1704 3677 1885 3747 βούλει
1911 3677 2020 3731 τῶν

450 3776 583 3846 παρ’
612 3775 840 3843 Ἕλλησι
893 3771 1363 3841 σοφιστευσάντων
1395 3770 1734 3841 παραϐαλεῖν
1754 3786 1766 3798 ·
1818 3770 1916 3839 οὐχ
1947 3769 2022 3834 ὼς

451 3862 683 3913 ἑκάστου
737 3861 871 3912 πᾶσι
910 3861 1115 3921 πάντας
1152 3857 1574 3927 ὑπερϐαλόντος,
1629 3856 1765 3910 ἀλλὰ
1819 3858 1888 3910 τὰ
1924 3858 2023 3926 μὲν

455 3953 648 4023 μέρεσί
702 3968 846 4004 τισιν
894 3950 1275 4019 ἁμιλλωμένου
1325 3949 1459 4019 πρὸς
1488 3949 1720 4001 ἕκαστον
1758 3950 1862 4002 τῶν
1895 3949 2024 4019 παρ’

453 4044 681 4105 ἐκείνοις
735 4043 1233 4111 εὐδοκιμησάντων,
1289 4040 1355 4092 τὰ
1394 4039 1450 4091 δὲ
1502 4041 1735 4094 κατόπιν
1776 4041 2024 4103 ἐλθόντος

458 4134 557 4203 (δεῖ
584 4135 690 4203 γὰρ
718 4133 949 4201 τάληθὲς
980 4131 1203 4201 λέγειν),
1243 4133 1355 4193 τοῖς
1383 4130 1438 4183 δὲ
1472 4130 1683 4184 πλείοσι
1718 4134 1811 4185 καὶ⁹
1840 4150 2022 4202 παρα-

457 4226 774 4296 δραμόντος.
821 4226 893 4278 Οὐ
927 4225 1033 4296 γὰρ
1062 4223 1256 4277 ταυτὸν
1291 4224 1549 4292 πείσομαι
1593 4227 1709 4286 τοῖς
1738 4226 1854 4277 ὅσοι
1904 4242 2027 4294 κρι·

456 4317 548 4370 ταὶ
569 4318 851 4384 γεγονότες
873 4316 1153 4385 ἑκατέροις
1182 4317 1293 4377 τοῖς
1328 4315 1571 4385 μέρεσιν,
1590 4315 1780 4368 ἔπειτα
1801 4317 1877 4385 τῷ
1904 4317 2029 4369 ἑαυ-

456 4409 564 4461 τῶν
616 4409 916 4478 βουλήματι
976 4406 1584 4476 κατακολουθήσαντες,
1650 4408 1711 4461 ού
1772 4410 1909 4478 πρὸς
1968 4411 2027 4462 τὸ

459 4502 687 4554 ἑκάστου
723 4501 919 4569 μέτρον
959 4499 1054 4561 τὰς
1076 4500 1292 4568 ψήφους
1318 4496 1638 4568 ἐξήνεγκαν,
1670 4498 1806 4566 ἀλλ’,
1838 4500 2027 4573 ὥσπερ

456 4595 553 4661 τῆς
592 4591 750 4660 δόξης
782 4592 1059 4659 ἀπεχθεῖς,
1092 4589 1235 4641 οὕτω
1358 4590 1451 4640 καὶ
1494 4588 1589 4641 τοῦ
1618 4588 1777 4655 λόγου
1808 4593 2029 4658 γεγονό-

456 4698 548 4742 τες
582 4684 692 4745 τοῖς
726 4681 1007 4749 Ἕλλησιν,
1039 4679 1339 4740 ἀντιθέτοις
1388 4679 1604 4740 ἑαυτοῖς
1626 4679 1762 4750 πρὸς
1788 4681 2030 4744 ἐκείνους

459 4774 784 4843 ἐχρήσαντο,
840 4771 937 4823 κα)⁸
969 4773 1083 4833 τοῖς
1123 4770 1346 4831 οἰκείοις
1378 4768 1740 4839 προσθέμενοι
1774 4771 2029 4843 ἐξεπίτη-

459 4864 653 4927 δες,ὠς
679 4864 993 4934 ἀλλοτρίους
1017 4861 1255 4922 ἐκείνους
1280 4861 1599 4930 ἐτρέψαντο.
1625 4864 1699 4916 Ού
1728 4862 1792 4934 δὴ
1820 4867 2027 4935 ποιήσω

458 4954 620 5009 τοῦτο
644 4954 756 5023 ἐγώ
776 4971 787 4982 ·
814 4956 914 5025 οὐχ
940 4954 1082 5007 οὕτω
1106 4952 1445 5023 τετύφωμαι.
1493 4953 1632 5006 Ἀλλ’
1661 4954 1735 5018 ὠς
1759 4955 2027 5010 κάκείνων

462 5139 984 5207 συνεισενεγκόντων
1012 5141 1078 5210 τῇ
1108 5138 1275 5211 τέχνῃ
1314 5138 1346 5208 ἢ
1383 5139 1533 5209 παρὰ
1554 5137 1652 5211 τὴν
1692 5141 1888 5211 τέχνην
1912 5144 2030 5204 ταῖς

462 5232 557 5285 τοῦ
608 5231 768 5298 λόγου
825 5229 1142 5300 δυνάμεσιν,
1175 5228 1318 5282 οὕτω
1354 5228 1417 5299 δὴ
1462 5230 1555 5283 τὸν
1584 5230 1770 5298 ἀγῶνα
1801 5233 2033 5301 ποιήσας

462 5324 557 5376 καὶ
583 5322 652 5375 τὰ
674 5323 809 5393 πρὸς
844 5319 1049 5390 ἄλληλα
1078 5319 1140 5372 εὖ
1173 5319 1420 5389 θέμενος,
1466 5318 1659 5383 ἐξοίσω
1687 5319 1784 5390 τὴν
1832 5320 2033 5391 ψῆφον,

464 5414 716 5469 τοσοῦτον
749 5413 1016 5476 ὑπειπὼν,
1069 5414 1149 5465 ὅτι
1211 5412 1347 5481 ὅπερ
1396 5412 1513 5463 ἐστὶ
1565 5412 1913 5483 Δημοσθένης
1966 5416 2031 5483 τῇ

464 5508 628 5577 ἑτέρᾳ
663 5507 860 5577 μερίδι.
885 5505 1029 5574 φημὶ
1048 5507 1114 5574 τῇ
1143 5505 1449 5574 Ἑλληνικῇ,
1468 5504 1624 5557 τοῦτο
1644 5507 1708 5575 τῇ
1736 5505 1856 5558 καθ’
1886 5508 1918 5575 ἡ
1929 5508 2034 5575 μᾶς

466 5601 495 5650 ὁ
534 5598 796 5664 Θεολόγος
826 5597 862 5649 Γ
871 5596 1149 5667 ρηγόριος.
1200 5596 1382 5665 Τριῶν
1430 5596 1486 5648 δὲ
1520 5598 1691 5649 ὅντων
1726 5598 1885 5651 εἰδῶν
1939 5600 2034 5668 τῆς

466 5690 784 5762 ῥητορικῆς,
808 5690 836 5742 ὁ
865 5691 961 5760 μὲν
983 5688 1333 5760 Δημοσθένης
1356 5689 1433 5758 τῷ
1467 5689 1727 5760 δικανικῷ
1756 5692 1911 5762 μέρει
1942 5693 2032 5745 εὐ-

466 5783 834 5855 δοκιμώτατος
860 5784 964 5837 κὰν
993 5785 1113 5846 ταῖς
1154 5780 1485 5852 συμϐουλαῖς
1516 5780 1623 5835 τῶν
1655 5782 1830 5837 ἄλλων
1861 5783 2029 5837 δεινό-

2049 3648 2095 3711 Β

2115 2405 2170 2452 et
2207 2404 2343 2468 quot
2378 2396 2520 2450 inter
2552 2402 2776 2447 nostros
2829 2392 3109 2461 sapientes
3158 2392 3224 2444 ad
3260 2392 3498 2464 regulam
3557 2388 3693 2443 artis

2116 2503 2245 2542 suas
2285 2486 2567 2540 orationes
2629 2484 2950 2552 poliverint,
2982 2491 3037 2536 et
3084 2497 3216 2535 num
3280 2484 3431 2552 digni
3462 2484 3573 2537 sint
3600 2483 3694 2551 qui

2116 2579 2293 2650 Lysiae
2348 2589 2404 2634 et
2448 2576 2801 2631 Demostheni
2863 2574 3223 2628 conferantur
3281 2586 3395 2630 tum
3450 2574 3696 2630 studioso

2116 2682 2379 2744 apparatu
2408 2680 2460 2726 et
2520 2670 2823 2725 moralibus
2868 2669 3180 2735 aﬂectibus,
3234 2680 3350 2725 tum
3407 2671 3697 2724 nominum

2115 2767 2330 2821 delectu
2362 2774 2416 2817 et
2444 2763 2870 2829 compositione,
2903 2771 3016 2815 tum
3071 2764 3241 2817 etiam
3272 2764 3460 2817 addito
3500 2770 3696 2817 ornatu

2116 2866 2169 2913 et
2198 2856 2484 2912 concinnis
2514 2855 2733 2909 formis.

2188 3037 2242 3092 2.
2275 3037 2355 3089 Ad
2387 3052 2451 3091 ea
2492 3051 2613 3106 qua:
2648 3050 2735 3089 me
2768 3035 3076 3104 interrogas
3124 3035 3435 3105 respondeo
3467 3038 3699 3092 muftutn

2118 3146 2239 3186 esse
2272 3139 2591 3183 nostrorum
2648 3129 2918 3184 circulum
2949 3128 3043 3196 qui
3078 3128 3392 3198 eloquentia
3424 3132 3700 3197 praestite-

2120 3232 2244 3275 runt
2269 3239 2282 3287 ;
2308 3229 2739 3291 quatuorautem
2759 3220 2922 3288 bujus
2944 3220 3099 3273 ebori
3124 3222 3444 3288 coryphaeos
3467 3230 3651 3275 statuo
3685 3237 3701 3276 :

2120 3312 2406 3379 tltetlogiae
2428 3310 2609 3363 tubam
2629 3308 2951 3380 Gregorium
2974 3318 3027 3365 et
3049 3310 3285 3365 amicum
3305 3312 3425 3378 ejus
3445 3326 3700 3381 magnum

2121 3400 2402 3463 Basilium,
2431 3408 2485 3454 et
2514 3414 2636 3453 eum
2669 3402 2762 3468 qui
2799 3414 2863 3453 ex
2894 3399 3090 3454 eodem
3134 3402 3407 3470 sanguine
3441 3410 3595 3454 ortus
3621 3409 3706 3454 est

2122 3494 2443 3562 Gregorium
2480 3500 2533 3544 et
2568 3507 2788 3545 auream
2820 3490 3057 3560 Spiritus
3086 3491 3279 3561 lyram.
3310 3492 3511 3547 Eorum
3554 3492 3709 3560 quis-

2124 3603 2229 3657 que
2276 3588 2515 3641 sustinet
2551 3585 2795 3640 conferri
2839 3586 3150 3654 cuicunque
3184 3586 3337 3640 voles
3393 3600 3459 3639 ex
3503 3583 3704 3640 Graecis

2124 3678 2501 3748 sapientibus;
2550 3693 2656 3732 non
2709 3678 2856 3747 quod
2894 3680 3273 3748 unusquisque
3299 3692 3491 3733 omnes
3521 3676 3705 3731 omni-

2124 3769 2225 3823 bus
2262 3775 2506 3837 superat,
2548 3768 2644 3822 sed
2678 3769 2827 3837 quod
2855 3768 3187 3837 quibusdam
3220 3769 3469 3837 partibus
3513 3768 3706 3837 singu-

2123 3861 2205 3915 los
2238 3876 2425 3916 eorum
2458 3862 2551 3931 qui
2589 3862 2784 3915 famam
2819 3862 3002 3928 adepti
3030 3868 3161 3916 sunt
3203 3861 3515 3926 aemulatur,
3568 3876 3707 3915 non-

2125 3970 2406 4031 nunquam
2428 3963 2550 4023 post
2567 3955 2789 4009 veniens
2833 3957 3073 4024 (oportet
3095 3956 3239 4009 enim
3262 3969 3450 4008 verum
3476 3953 3706 4023 dicere),

2126 4048 2219 4100 sed
2247 4047 2446 4115 saepius
2475 4047 2910 4115 transgrediens.
2931 4044 3051 4100 Non
3082 4048 3226 4099 enim
3260 4059 3414 4115 agam
3449 4054 3508 4098 ut
3544 4045 3580 4099 ii
3611 4044 3707 4115 qui

2128 4140 2416 4207 utriusque
2471 4139 2642 4208 partis
2666 4138 2879 4204 judices
2938 4138 3141 4200 eﬂ‘ecti,
3176 4138 3418 4207 propriae
3459 4152 3574 4192 suae
3604 4152 3706 4191 vo-

2128 4228 2331 4283 luntati
2363 4229 2763 4297 obsequentes.
2823 4243 2929 4283 non
2970 4244 3069 4298 pro
3114 4229 3454 4297 singulorum
3511 4227 3709 4282 merito

2128 4321 2392 4389 suﬂragia
2421 4321 2727 4391 gtulerunt;
2766 4320 2860 4375 sed
2917 4328 3079 4390 prout
3135 4320 3404 4374 doctrina:
3425 4328 3585 4373 erant
3621 4319 3709 4373 in-

2130 4413 2294 4475 fensi,
2351 4412 2422 4466 ita
2480 4420 2534 4466 et
2593 4411 2906 4466 Graecorum
2945 4411 3308 4473 orationibus,
3346 4425 3409 4464 se
3457 4411 3571 4464 illis
3608 4409 3709 4463 ad-

2127 4510 2401 4559 versarios
2430 4511 2745 4573 gesserunt,
2781 4510 2835 4554 et
2864 4504 3100 4570 propriis
3140 4500 3345 4555 addicti
3368 4502 3705 4565 oratoribus,

2130 4604 2187 4648 ut
2210 4604 2501 4649 extraneos
2528 4593 2651 4647 illos
2680 4593 3015 4660 rejecerunt.
3049 4589 3165 4645 Non
3203 4593 3308 4645 boc
3341 4605 3442 4658 ego
3471 4590 3703 4655 faciam;

2130 4701 2238 4741 non
2271 4687 2345 4739 ita
2378 4686 2640 4750 excutio;
2675 4687 2768 4740 sed
2801 4686 3112 4739 concedens
3154 4699 3250 4739 eos
3281 4684 3388 4737 vim
3418 4685 3467 4736 in
3500 4682 3708 4736 oratio-

2128 4778 2292 4833 nibus
2324 4776 2527 4831 ltabere
2556 4784 2609 4831 et
2642 4777 2874 4830 multum
2911 4778 3031 4833 sive
3052 4777 3179 4840 arti,
3209 4777 3324 4830 sive
3358 4776 3501 4829 ultra
3532 4784 3705 4828 artem

2129 4872 2390 4927 orationis
2422 4872 2682 4941 potentiae
2713 4870 3040 4933 contulisse,
3074 4870 3146 4924 ita
3202 4869 3503 4924 discrimen
3550 4866 3709 4921 insti-

2056 4991 2099 5049 ο
2133 4974 2294 5021 tuens
2330 4974 2382 5020 et
2437 4964 2545 5019 alia
2594 4962 2718 5018 aliis
2796 4977 3117 5033 opponens,
3177 4961 3434 5032 suﬂ‘ragia
3511 4960 3705 5026 feram,

466 5048 617 5117 ἰσχὺν
657 5046 751 5099 hri.
800 5048 910 5110 τοῖς
951 5046 1131 5114 λόγοις
1182 5045 1417 5113 ἑχόντων
1454 5045 1547 5099 καὶ
1601 5046 1804 5117 πολλὴν
1837 5051 2031 5119 μοῖραν
2068 5045 2097 5049 ⁷
2132 5053 2215 5106 adi

1959 5066 2031 5104 ›αν
2068 5045 2097 5049 ⁷
2132 5052 2340 5108 addens
2393 5051 2718 5122 Gregorium
2772 5052 3079 5121 theologum
3137 5051 3279 5121 apud
3324 5058 3547 5104 nostros
3585 5063 3708 5103 esse

2130 5144 2275 5213 quod
2303 5143 2694 5199 Demosthenes
2759 5143 2817 5197 in
2876 5142 3048 5197 altera
3114 5152 3287 5211 parte.
3347 5141 3485 5195 Cum
3523 5152 3705 5194 autem
3800 5124 3807 5131 ’

2131 5235 2242 5290 sint
2282 5238 2385 5291 tria
2440 5236 2769 5305 eloquentiae
2824 5248 3048 5305 genera,
3100 5236 3153 5288 in
3186 5234 3434 5302 iudiciali
3486 5234 3704 5301 quidem

2135 5329 2528 5383 celeberrimus
2558 5326 2979 5393 Demosthenes,
3020 5338 3074 5383 et
3100 5328 3151 5381 in
3185 5327 3434 5380 consiliis
3458 5324 3707 5379 omnium

2134 5421 2365 5477 aliorum
2408 5420 2773 5489 peritissimus
2814 5428 2921 5481 est,
2974 5419 3041 5473 ad
3102 5418 3460 5487 panegyricas
3521 5422 3704 5468 autem

2134 5513 2409 5566 orationes
2435 5511 2698 5573 delectus,
2726 5518 2782 5563 et
2809 5509 2913 5564 sibi
2953 5518 3005 5563 et
3040 5509 3161 5561 aliis
3217 5508 3445 5562 inferior
3475 5514 3590 5570 est;
3628 5502 3706 5556 illi

2132 5612 2315 5657 autem
2347 5602 2631 5670 oppositus
2660 5600 2989 5671 Gregorius,
3011 5614 3075 5655 eo
3108 5598 3481 5653 laudationum
3504 5608 3706 5667 genere

2131 5709 2241 5748 non
2293 5701 2504 5747 tantum
2569 5691 3046 5748 Demosthenicam
3097 5690 3464 5759 eloquentiam
3510 5688 3704 5750 vincit,

2132 5787 2226 5842 sed
2243 5800 2437 5855 neque,
2456 5784 2502 5842 si
2518 5800 2640 5855 quae
2658 5786 2728 5843 sit
2744 5786 2872 5842 tuba
2893 5784 3149 5851 caelestis,
3166 5782 3344 5855 quoad
3360 5782 3501 5841 hanc
3515 5781 3705 5837 saltem
