4430 6448
742 388 849 452 903

728 509 965 573 partem,
1002 495 1055 552 e':
1099 505 1237 549 sono
1288 480 1595 555 comparari
1630 477 1811 545 valet;
1839 475 1892 530 in
1945 468 2311 544 iudicialibus
2339 472 2390 532 Α

727 605 911 651 autem
960 584 1358 648 certaminibus
1387 589 1440 637 et
1472 581 1525 634 in
1559 578 1624 632 iis
1648 571 1987 629 orationibus
2024 569 2076 623 in
2107 565 2309 637 quibus

731 687 959 743 consilia
988 680 1261 749 disponit,
1300 676 1446 731 valet
1478 686 1602 727 cum
1634 670 1729 723 illo
1760 667 2069 721 decertare.
2104 660 2227 726 Quo
2252 657 2311 711 in

734 792 932 850 genere
987 769 1378 828 Demosthenis
1435 761 1750 833 eloquentia
1788 770 1937 813 nunc
1992 752 2198 824 ingenti
2233 750 2313 803 in-

734 884 932 927 cursus
965 866 1189 921 flumine
1220 862 1467 924 effervet,
1501 870 1648 911 nunc
1676 852 1836 922 quasi
1878 848 2074 904 leniter
2102 844 2315 914 spirare

739 963 979 1026 videtur,
1014 969 1066 1013 et
1094 957 1306 1011 minore
1331 950 1464 1006 flatu
1504 947 1701 1003 utitur.
1751 941 2014 1012 Gregorio
2049 946 2229 990 autem
2262 932 2315 987 in

738 1054 1042 1111 certamine
1068 1045 1387 1121 procedenti
1441 1042 1585 1112 viget
1626 1037 1826 1101 oratio,
1870 1041 1924 1088 ct
1959 1032 2166 1085 ictuum
2199 1025 2320 1095 ejus

744 1150 869 1205 finis
916 1145 1072 1216 quasi
1111 1139 1482 1211 cataclysmus
1534 1141 1621 1188 est
1682 1145 1793 1201 quo
1847 1124 2119 1186 defertur;
2149 1120 2325 1173 variat

745 1251 925 1296 autem
958 1234 1275 1307 judicialem
1325 1227 1630 1282 orationem
1688 1218 1989 1291 hypallagis
2039 1222 2094 1267 et
2153 1218 2325 1266 meta-

747 1333 957 1404 Pil-Jl'ls,
999 1328 1104 1383 alia
1138 1321 1391 1396 periodis
1431 1314 1788 1377 concludens,
1831 1310 1937 1364 alia
1970 1306 2167 1377 spiritu
2195 1317 2327 1372 pan-

747 1429 904 1482 dens.
936 1425 1001 1476 Et
1031 1422 1095 1473 ad
1134 1431 1351 1473 omnem
1385 1413 1619 1467 Atticam
1650 1417 1865 1459 musam
1901 1399 2176 1471 propriam
2208 1409 2329 1449 ora-

749 1522 952 1573 tionem
986 1513 1214 1585 polivit;
1249 1508 1427 1576 magis
1481 1511 1664 1557 autem
1708 1496 2007 1553 Aristidem
2070 1489 2253 1550 refert,
2278 1496 2332 1541 et

749 1628 873 1667 eum
899 1607 1146 1663 omnium
1199 1602 1436 1657 maxime
1494 1596 1743 1653 imitatus
1779 1603 1899 1644 esse
1944 1585 2180 1646 videtur,
2226 1578 2331 1633 nisi

751 1713 932 1756 tamen
985 1696 1131 1768 quod
1192 1690 1455 1747 Aristidis
1509 1684 1729 1755 quidem
1786 1675 2103 1746 eloquentia
2158 1681 2334 1730 tonat,

754 1794 969 1860 fulgura
1005 1804 1133 1844 vero
1174 1800 1281 1840 non
1316 1780 1551 1844 emittit;
1589 1776 1783 1830 miscet
1827 1769 1972 1825 enim
2023 1780 2183 1821 aures
2218 1778 2336 1817 om—

760 1900 859 1938 nes
907 1881 1021 1935 suis
1090 1872 1431 1942 argumentis
1484 1882 1591 1921 nou
1654 1865 1835 1918 ruintts
1888 1873 2050 1928 quam
2107 1853 2344 1907 Pericles

695 2022 703 2032 .
760 1974 1049 2033 (inciam,
1078 1971 1170 2022 sed
1206 1960 1522 2019 eorttmdcm
1544 1961 1987 2026 argumentorum
2016 1945 2350 2001 elaboratio-

763 2068 927 2121 nibus
968 2063 1247 2116 auditores
1282 2055 1467 2115 satiat,
1524 2058 1578 2102 et
1613 2044 1995 2113 unusquisque
2028 2039 2192 2092 vellet
2222 2050 2349 2088 ora-

762 2163 900 2215 toris
933 2158 1173 2223 linguam
1217 2147 1503 2207 inhibcre;
1548 2138 1797 2206 Gregorii
1854 2144 2035 2187 autem
2097 2128 2349 2184 facundia

766 2261 1047 2316 nunquam
1087 2243 1296 2312 fatigat,
1331 2236 1574 2305 undique
1608 2231 1828 2286 feriens.
1872 2226 2165 2281 Nominutn
2205 2220 2348 2275 enim

768 2347 1028 2394 venustas
1062 2342 1114 2386 et
1137 2330 1440 2386 distributa
1468 2323 1740 2378 sermonis
1778 2316 2105 2386 compositio
2140 2321 2193 2367 et
2226 2312 2356 2381 figo.

769 2445 954 2487 rarum
991 2436 1218 2480 ornatus
1246 2420 1380 2473 nulli
1415 2417 1531 2471 auri
1570 2428 1679 2468 non
1710 2411 2043 2478 voluptatem
2078 2404 2349 2474 praebent.

772 2521 828 2574 ln
870 2516 1059 2571 multis
1093 2522 1273 2567 autem
1313 2509 1624 2563 orationum
1682 2501 1930 2573 partibus
1971 2496 2203 2567 Lysiara
2238 2495 2358 2545 elo-

773 2610 999 2681 quentia
1033 2606 1232 2659 referta
1272 2608 1405 2654 sunt
1449 2596 1570 2664 ejus
1600 2595 1828 2662 scripta,
1859 2599 1913 2645 et
1950 2586 2258 2658 praesertim
2298 2597 2358 2635 ea

778 2702 833 2752 in
864 2696 1067 2766 quibus
1108 2689 1434 2760 simpliciter
1502 2683 1742 2740 exordiri
1797 2680 2039 2744 mavult;
2078 2692 2185 2731 non
2217 2673 2360 2742 quod

777 2788 1047 2845 orationis
1073 2781 1504 2851 magnitudinem
1552 2777 1809 2831 consulto
1841 2771 2056 2834 recidit,
2090 2767 2182 2822 sed
2218 2766 2364 2835 quod

778 2898 841 2937 ea
882 2890 966 2935 est
995 2893 1125 2930 i-ura
1177 2885 1231 2930 et
1282 2884 1500 2933 natura,
1557 2876 1618 2922 ut
1662 2868 1732 2921 ita
1794 2866 1997 2919 dicam.
2037 2861 2366 2927 Plerumque

783 2974 1060 3027 nescimus
1102 2982 1225 3022 eum
1292 2974 1345 3020 et
1398 2959 1739 3030 Thucydidis
1778 2957 2022 3026 plirasim
2091 2952 2365 3007 imitatum

782 3079 925 3117 esse.
973 3060 1151 3114 Citius
1177 3064 1356 3109 autem
1390 3052 1639 3118 dialogos
1667 3054 1960 3117 permutat,
1995 3051 2045 3096 et
2075 3049 2366 3111 postquam

784 3154 1056 3212 orationis
1108 3148 1287 3205 ordini
1327 3144 1568 3199 breviter
1603 3141 1710 3195 vim
1741 3138 1926 3192 intulit
1973 3144 2027 3189 et
2063 3148 2223 3187 aures
2251 3147 2373 3201 per—
2400 3168 2441 3226 Ο

787 3247 1053 3309 turbavit,
1104 3254 1321 3296 rursum
1377 3238 1431 3289 in
1461 3249 1519 3289 se
1559 3230 1885 3302 regreditur.
1922 3225 2149 3293 Quando
2190 3232 2370 3278 autem

790 3338 1090 3393 solemnem
1114 3328 1360 3402 phrasim
1388 3330 1569 3383 curat,
1602 3335 1665 3373 ex
1703 3317 1965 3371 lseoratis
1991 3314 2138 3367 fonte
2163 3312 2371 3366 haurit.

790 3428 922 3483 Inde
946 3434 1125 3479 autem
1164 3422 1299 3475 idea:
1348 3416 1553 3470 fluenta
1588 3410 1884 3480 accipiens,
1922 3423 2029 3461 non
2064 3405 2255 3460 eodem
2283 3418 2378 3458 ore

795 3520 885 3574 illa
921 3514 1225 3586 profundit,
1275 3510 1368 3564 sed
1428 3502 1731 3566 convolvit,
1783 3508 1838 3554 et
1886 3508 2143 3567 tanquam
2194 3492 2379 3549 canali

795 3610 1017 3681 premit,
1054 3616 1108 3658 ut
1141 3606 1259 3672 ipse
1281 3597 1549 3666 loquitur,
1576 3604 1860 3659 nunquam
1894 3590 2081 3643 sinens
2110 3583 2381 3640 orationis

798 3701 1000 3755 flutnen
1038 3698 1223 3749 laxum
1268 3687 1495 3746 effundi.
1561 3681 1827 3738 Herodoti
1860 3693 1988 3733 vero
2047 3690 2234 3731 musas
2274 3689 2382 3729 non

800 3795 861 3839 ut
887 3787 975 3838 ille
1010 3780 1240 3837 minutis
1274 3776 1562 3830 ornatibus
1591 3766 1919 3830 circumdat,
1948 3764 2042 3819 sed
2074 3780 2167 3819 eas
2192 3763 2384 3832 dignas

801 3886 855 3931 et
887 3883 1153 3943 augustas
1188 3868 1375 3924 cilicii.
1438 3862 1549 3919 Nec
1584 3856 2052 3930 quemadmodum
2092 3869 2154 3908 ex
2202 3852 2387 3907 multis

805 3967 1124 4022 oratoribus
1155 3964 1549 4019 concinnatur,
1595 3956 1677 4008 sic
1717 3950 1784 4003 ad
1846 3948 2091 4018 singulas
2123 3943 2388 3998 orationis

806 4072 990 4132 partes
1045 4053 1360 4115 distribuit;
1422 4049 1516 4105 sed
1578 4040 2035 4115 quemadmodum
2084 4038 2234 4092 misti
2289 4052 2386 4091 co-

807 4152 951 4205 lores
1004 4147 1169 4201 aliam
1207 4138 1503 4212 quamdam
1548 4133 1842 4202 imaginem
1891 4126 2157 4192 efﬁciunt,
2209 4132 2264 4179 et
2326 4136 2390 4177 ea

810 4258 918 4296 non
964 4238 1153 4293 eadem
1208 4242 1292 4288 est
1330 4246 1395 4285 ac
1448 4228 1547 4291 illi,
1594 4225 1689 4280 sed
1726 4224 1836 4278 illis
1886 4219 2190 4292 pulchrior,
2223 4217 2305 4272 sic
2340 4225 2395 4270 et

811 4330 1059 4399 Gregorii
1111 4326 1423 4381 orationum
1489 4318 1643 4372 color
1690 4330 1756 4369 ex
1802 4311 2081 4368 sexcentis
2119 4306 2396 4362 coloribus

815 4422 1152 4484 efformatur,
1185 4424 1241 4469 et
1269 4413 1412 4466 alius
1439 4417 1523 4464 est
1575 4422 1638 4460 ac
1665 4404 1741 4459 illi
1775 4414 1829 4458 et
1874 4402 2045 4455 multo
2096 4399 2397 4468 pulchrior.

819 4513 1073 4566 Extrema
1131 4505 1279 4561 enim
1325 4516 1436 4556 non
1491 4512 1709 4566 semper
1744 4491 1945 4548 mediis
1982 4490 2210 4544 meliora
2240 4495 2400 4552 sunt;

818 4604 914 4658 sed
957 4598 1159 4654 accidit
1222 4604 1285 4649 ut
1328 4608 1392 4648 ea
1430 4592 1540 4645 illis
1601 4594 1895 4659 praestent,
1940 4579 2405 4647 cum-utriusque

821 4701 1071 4747 extrema
1105 4686 1452 4759 partieipent.
1486 4681 1598 4751 Ego
1625 4677 1773 4733 enim
1820 4690 1931 4729 non
1976 4673 2318 4728 diversorum
2350 4678 2407 4724 et

821 4782 1169 4838 dissimilium
1215 4775 1593 4831 collectionem
1631 4770 1749 4840 ejus
1778 4767 2085 4822 orationem
2136 4764 2283 4827 dico,
2310 4760 2409 4815 sed

824 4881 1156 4937 uniformem
1190 4886 1468 4937 naturam,
1507 4864 1966 4940 quemadmodum
1998 4875 2124 4916 rosa
2160 4875 2225 4914 ex
2251 4866 2411 4911 terrae

824 4971 1130 5028 visceribus
1197 4971 1310 5023 exit
1357 4979 1482 5019 cum
1538 4977 1638 5017 suo
1704 4956 1941 5012 naturali
1984 4955 2191 5018 colore,
2231 4949 2414 5004 multi-

829 5066 1064 5119 formem
1116 5074 1272 5123 vero,
1299 5058 1346 5111 si
1403 5055 1529 5125 quis
1562 5060 1622 5107 ut
1657 5050 1906 5105 colorum
1958 5045 2274 5100 mistionem
2318 5054 2415 5110 per

829 5156 1077 5209 diversos
1132 5150 1350 5204 colores
1426 5150 1614 5214 posset
1680 5152 1960 5209 separare.
2033 5135 2089 5191 Si
2128 5134 2293 5202 igitur
2356 5138 2416 5184 ut

830 5246 1046 5301 simiam
1092 5243 1345 5295 videmus
1378 5236 1446 5291 ad
1479 5233 1841 5289 imitationem
1888 5236 2134 5299 paratam
2185 5239 2293 5278 non
2319 5223 2418 5276 mi-

832 5351 1028 5393 norum
1084 5345 1316 5395 tantum,
1350 5329 1444 5385 sed
1479 5336 1533 5383 et
1568 5325 1864 5395 majorum,
1906 5321 1981 5373 ita
2020 5328 2074 5373 et
2123 5318 2210 5372 leo
2254 5314 2419 5369 terri-

834 5430 943 5485 bile
1007 5426 1359 5496 supercilium
1439 5435 1666 5477 servans
1717 5414 1917 5471 deinde
1986 5411 2052 5465 ad
2123 5424 2304 5463 mores
2367 5412 2421 5459 et

837 5528 1059 5582 habitus
1088 5523 1320 5576 aliarum
1371 5518 1612 5571 ferarum
1656 5527 1714 5566 se
1753 5514 2129 5578 componeret,
2176 5503 2420 5572 idipsum

841 5629 991 5677 esset
1019 5619 1110 5672 ille
1166 5614 1383 5669 divinus
1408 5612 1513 5664 vir.
1546 5605 1807 5662 Oratione
1846 5601 1991 5657 enim
2028 5597 2172 5653 leoni
2227 5593 2424 5650 similis

842 5720 944 5773 est,
973 5709 1240 5780 dignitate
1270 5703 1487 5773 plenus,
1547 5696 1834 5757 terribilis,
1876 5690 2229 5761 supercilium
2259 5682 2425 5739 attol-

848 5802 993 5869 lens,
1025 5803 1344 5855 inaccessos
1400 5793 1675 5862 plerisque
1710 5787 1790 5843 vel
1817 5784 2089 5840 diflicilem
2142 5791 2426 5834 accessum

1989 350 2416 420 MICIIAELIS
2447 345 2713 407 PSELLI

2413 477 2595 523 τατος,
2632 450 3027 524 πανηγυρίζειν
3056 448 3113 502 δὲ
3160 439 3570 516 προῃρημένος,
3595 429 3789 487 ἑαυτοῦ
3821 444 3880 481 τε
3903 427 3996 478 καὶ

2409 556 2518 607 τῶν
2556 518 3043 607 αλλων-’ἐλάττων
3094 538 3276 593 ἐστίν’
3308 536 3337 586 ὁ
3386 533 3443 587 δὲ
3503 527 3781 587 ἀντίθετος
3823 518 4000 589 τούτῳ

2413 647 2738 718 Γρηγόριος,
2778 640 2878 710 τὴν
2910 638 3009 708 μὲν
3043 628 3427 704 πανηγυρικὴν
3469 624 3635 687 ίδέαν,
3669 617 3731 671 οὐ
3761 614 3861 684 τὴν
3898 614 4002 677 Δη-

2420 734 2749 808 μοσθενικὴν
2783 730 2945 800 μόνον
2976 726 3227 796 γλῶτταν
3261 705 3845 789 ὑπερηκόντισεν,ἀλλ’
3873 701 4004 765 οὐδ’,

2417 797 2465 881 ἐι
2493 826 2607 879 ἐστι
2638 797 2723 886 τις
2774 797 3012 888 σάλπιγξ
3046 816 3323 888 οὐράνιος,
3364 808 3561 876 ἐκείνῳ
3588 805 3654 875 δὴ
3701 797 4009 869 ἀντηχῆσαι

2419 920 2646 975 δύναται
2686 914 2830 969 κατά
2858 930 2921 981 γε
2955 911 3113 963 τοῦτο
3144 908 3343 980 μέρος·
3378 901 3516 972 πρὸς
3550 897 3606 951 δέ
3646 912 3711 963 γε
3761 892 4012 945 δικαστι-

2422 1016 2552 1076 κοὺς
2583 1010 2799 1080 ἀγῶνας
2830 1010 2923 1061 καὶ
2956 1008 3013 1059 ἐν
3061 997 3140 1066 οἷς
3171 1001 3270 1062 τὰς
3317 993 3632 1067 συμϐουλὰς
3685 984 4010 1044 διατίθεται,

2428 1106 2610 1169 ἱκανὸς
2633 1076 2836 1174 -ὲκείνῳ
2889 1092 3372 1167 διαμιλλήσασθαι.
3420 1086 3583 1141 Ἀλλά
3631 1081 3710 1152 τῷ
3766 1079 3865 1149 μὲν
3908 1076 4014 1142 Δη-

2431 1200 2684 1271 μοσθένει
2728 1196 2857 1265 περὶ
2901 1191 3077 1247 ταῦτα
3127 1190 3160 1257 ή
3207 1185 3426 1255 γλῶττα
3476 1180 3571 1233 νῦν
3620 1176 3718 1245 μὲν
3751 1167 4016 1239 καχλάζει

2430 1255 2609 1358 πολλῶ
2637 1289 2712 1357 τῷ
2739 1255 2971 1358 ῥευματι
2999 1283 3098 1350 τῆς
3131 1255 3483 1345 καταδρομῆς
3516 1265 3808 1341 χρωμένῳ,
3861 1255 4017 1317 αὖθις

2430 1386 2488 1438 δὲ
2521 1382 2830 1452 παραπνεῖν
2864 1371 2977 1430 οἷον
3026 1374 3195 1437 ἔοικε,
3229 1372 3323 1424 καὶ
3352 1367 3599 1419 ἐλάττονι
3638 1359 3716 1427 τῷ
3743 1352 4019 1421 πνεύματι

2433 1443 2673 1549 Χρῆτείν
2711 1473 2787 1541 τῷ
2834 1467 3123 1541 Γρηγορίῳ
3171 1466 3227 1518 δὲ
3279 1459 3524 1529 προῖόντι
3566 1455 3624 1507 ὲν
3657 1453 3770 1511 τοῖς
3811 1443 4021 1511 ἀγῶσιν

2436 1537 2676 1638 άκμάζει
2714 1537 2913 1632 μάλλον
2998 1537 3157 1625 λόγος
3190 1554 3288 1608 καὶ
3320 1551 3382 1605 τὸ
3407 1548 3583 1616 πέρας
3607 1541 3756 1638 αὐτῶ
3786 1537 3886 1605 τῆς
3920 1550 4022 1585 κα·-

2438 1659 2682 1729 ταφορᾶς
2722 1648 2833 1707 οἷόν
2851 1669 2937 1714 τις
2957 1644 3348 1715 κατακλυσμὸς
3373 1642 3490 1693 ἐστι
3521 1636 3643 1689 καθ’
3670 1626 3731 1685 οἶ)
3758 1629 3983 1698 φέρεται
4007 1642 4021 1654 ⁸

2442 1750 2709 1805 ποικίλλει
2739 1764 2799 1801 τε
2828 1746 2918 1799 τὸν
2949 1737 3314 1812 ἀγωνιστικὸν
3347 1734 3507 1801 λόγον
3541 1724 3884 1791 ὑπαλλαγαῖς
3934 1720 4029 1770 καὶ

2376 1827 2417 1881 Β
2455 1839 2808 1910 μεταφοραῖς,
2855 1834 2923 1885 τὰ
2959 1806 3057 1898 μὲν
3093 1828 3288 1881 κλείων
3343 1827 3460 1884 ταῖς
3509 1817 3802 1888 περιόδοις,
3854 1809 3922 1862 τὰ
3974 1806 4031 1860 δὲ

2452 1900 2686 1996 άνοίγων
2709 1925 2786 1995 τῷ
2810 1922 3103 1992 πνεύματι.
3135 1919 3247 1971 Καὶ
3266 1915 3414 1988 πρὸς
3431 1913 3612 1965 πᾶσαν
3637 1906 3737 1977 μὲν
3777 1900 4031 1967 ’Δττικὴν

2457 2021 2663 2091 μοῦσαν
2706 2019 2796 2072 τὸν
2823 2018 3025 2071 οίκεῖον
3052 2013 3210 2079 λόγον
3234 2008 3523 2075 ἀπέξεσεν,
3566 1999 3948 2055 ἁπεικόνισται
3977 1990 4033 2043 δὲ

2459 2115 2656 2187 μᾶλλον
2699 2114 2836 2181 πρὸς
2878 2105 3235 2178 Ἀριστείδην,
3299 2101 3393 2154 καὶ
3440 2097 3694 2167 φαίνεται
3730 2093 3818 2142 τὸν
3868 2086 4036 2154 ἄνδρα

2453 2209 2645 2262 τοῦτον
2702 2204 2941 2274 μάλιστα
2973 2199 3084 2253 τῶν
3120 2197 3295 2250 ἄλλων
3346 2188 3660 2260 ἐζηλωκὼς,
3718 2184 3857 2252 πλὴν
3913 2180 4038 2231 ὅσον

2467 2297 2777 2370 Ἀριστείδῃ
2833 2294 2932 2363 μὲν
2991 2292 3025 2360 ἡ
3084 2288 3304 2357 γλῶττα
3372 2281 3652 2354 βροντῶσα
3714 2275 3813 2345 μέν
3864 2274 4036 2333 ἐστιν,

2458 2392 2849 2460 ἀστράπτουσα
2871 2384 2916 2437 δ’
2946 2383 3006 2437 οὔ
3031 2400 3043 2414 ο
3090 2379 3335 2447 ξυγκυκᾷ
3385 2376 3482 2445 μὲν
3508 2372 3618 2441 γὰρ
3661 2372 3842 2422 πᾶσαν
3869 2364 4042 2430 ἀκοὴν

2459 2456 2577 2545 τοῖς.
2618 2479 3045 2550 ἐπιχειρήμασιν
3069 2474 3169 2544 οὐχ
3205 2468 3368 2541 ἦττον
3404 2469 3436 2537 ἢ
3473 2462 3751 2535 Περικλῆς
3782 2458 3879 2528 τὴν
3917 2456 4041 2507 Ἐλ-

2460 2574 2636 2638 λάδα,
2689 2548 2954 2630 καὶίταῖς
3004 2565 3114 2617 τῶν
3168 2558 3625 2630 ἐπιχειρημάτων
3697 2548 4045 2621 ἐξεργασίαις

2462 2666 2736 2734 πλήσμιος
2763 2663 2879 2714 ἐστὶ
2924 2660 3034 2721 τοῖς
3067 2656 3369 2726 ἀκροαταῖς
3406 2651 3501 2705 καὶ
3560 2643 3789 2717 βούλοιτ’
3820 2643 3884 2696 ἂν
3919 2642 4050 2693 Exa-

2468 2777 2590 2822 στος
2622 2756 2722 2827 τὴν
2747 2755 2841 2808 τοῦ
2878 2754 3107 2824 ῥήτορος
3144 2746 3497 2817 ἐπισχεθῆναι
3550 2741 3734 2812 φωνήν
3755 2752 3767 2766 ’
3796 2735 3872 2805 τῷ
3900 2735 3956 2787 δέ
3988 2749 4051 2800 γε

2468 2848 2752 2923 Γρηγορίῳ
2788 2845 3084 2915 ἀκόρεστος
3124 2839 3401 2910 ἡγλῶττα
3437 2828 3714 2900 πανταχοῦ
3751 2827 4050 2897 βάλλουσα·

2470 2943 2503 3011 ἦ
2538 2958 2596 2993 τε
2620 2940 2729 3007 γὰρ
2753 2934 3057 3004 εὑγλωττία
3089 2933 3198 2984 τῶν
3228 2928 3510 2997 ὀνομάτων
3552 2924 3646 2976 καὶ
3678 2925 3711 2988 ή
3746 2917 4053 2991 διῃρημένη

2470 3032 2563 3085 τοῦ
2596 3032 2756 3097 λόγου
2812 3025 3056 3093 συνθήκη
3097 3022 3193 3075 καὶ
3243 3022 3292 3072 of.
3339 3016 3446 3070 τῶν
3506 3014 3805 3084 σχημάτων
3860 3011 4055 3075 κόσμοι

2475 3125 2700 3193 οὐδεμιᾷ
2733 3120 2842 3173 τῶν
2888 3118 3071 3171 ἀκοῶν
3121 3113 3213 3182 ἀφ’
3249 3111 3445 3183 ἡδονῆς
3488 3108 3918 3176 καθεστήκασιν.
3970 3101 4061 3152 Ἐν

2478 3215 2692 3276 πολλοῖς
2718 3210 2774 3264 δὲ
2801 3209 2894 3263 τοῦ
2917 3209 3077 3275 λόγου
3107 3204 3301 3274 μέρεσι
3335 3202 3433 3269 τῆς
3454 3196 3734 3265 Λυσιακῆς
3768 3189 4061 3259 εὐστομίας

2479 3305 2863 3378 ἐμπέπλησται
2898 3298 3048 3367 αὑτῷ
3077 3296 3146 3350 τὰ
3203 3292 3639 3363 συγγράμματα,
3678 3288 3773 3340 καὶ
3824 3284 4059 3354 μάλιστα

2481 3404 2538 3454 ὲν
2568 3394 2648 3462 οἷς
2680 3395 2889 3465 ἀφελῶς
2938 3388 3319 3461 προοιμιάζειν
3353 3384 3684 3453 προῄρηται,
3720 3378 3817 3447 οὐχ
3846 3376 3919 3437 ὡς
3972 3392 4065 3425 κο-

2481 3489 2657 3553 λάζων
2701 3485 2796 3538 τοῦ
2846 3483 3009 3550 λόγου
3060 3480 3119 3533 τὸ
3162 3478 3391 3549 μέγεθος
3440 3470 3779 3541 ἐξεπίτηδες,
3826 3466 3941 3520 ἀλλ’
3991 3465 4067 3527 ὼς

2484 3580 2652 3643 οὕτως
2690 3578 2851 3648 ἔχων,
2880 3574 3075 3634 είπεῖν,
3121 3570 3355 3640 μελέτης
3388 3567 3484 3620 καὶ
3516 3564 3751 3634 φύσεως.
3796 3558 4068 3614 Λανθάνει

2485 3672 2541 3725 δὲ
2572 3670 2637 3723 τὰ
2672 3669 2841 3721 πολλά
2872 3664 2966 3719 καὶ
2999 3663 3097 3734 τὴν
3119 3659 3448 3715 Θουκυδίδου
3472 3658 3674 3726 φράσιν
3698 3652 4034 3723 μιμούμενος
4052 3665 4067 3681 ο

2488 3763 2683 3818 θᾶττον
2716 3760 2772 3813 δὲ
2827 3758 2925 3820 τὰς
2964 3752 3302 3820 κοινολογίας
3343 3748 3675 3809 διαλλάττει,
3734 3745 3851 3803 καὶ,
3898 3738 4071 3811 βραχῦ

2489 3873 2540 3909 τι
2573 3854 2913 3923 τυραννήσας
2951 3846 3045 3901 τοῦ
3072 3845 3232 3913 λόγου
3264 3843 3361 3913 τὴν
3400 3840 3656 3906 σύνταξιν
3690 3840 3780 3891 καὶ
3816 3837 4071 3905 διαθορυ-

2491 3948 2666 4018 ὗήσας
2694 3946 2794 4015 τὴν
2824 3942 3017 4012 ἀκοὴν,
3054 3942 3133 4002 είς
3164 3938 3359 3991 ἑαυτὸν
3407 3931 3563 3997 αὖθις
3613 3930 4070 3986 ἀποκαθίσταται.

2497 4037 2667 4090 Ἔνθα
2722 4035 2778 4087 δὲ
2837 4032 2935 4101 τὴν
2974 4029 3176 4099 σεμνὴν
3224 4028 3427 4097 φράσιν
3479 4021 3809 4091 ἐπιτηδεύει,
3865 4022 3926 4072 ἐκ
3978 4023 4077 4087 τῆς

2508 4128 2848 4198 Ἰσοκράτους
2886 4124 3067 4193 πηγῆς
3119 4119 3428 4189 ἀπαρύεται
3456 4134 3467 4146 σ
3520 4114 3728 4167 ἐκεῖθεν
3767 4112 3823 4166 δὲ
3863 4111 4078 4181 λαμίαο

2496 4241 2603 4277 νων
2632 4222 2729 4291 τῆς
2763 4220 2905 4280 ίδέας
2939 4219 3005 4270 τὰ
3055 4215 3296 4283 νάματα,
3336 4212 3435 4263 οὐκ
3466 4209 3576 4261 ἀπὸ
3627 4205 3722 4259 τοῦ
3759 4206 3876 4258 ῖσου
3906 4203 4080 4257 ταῦτα

2502 4315 2782 4384 προχεῖται
2818 4310 3101 4378 στόματος,
3154 4304 3290 4358 ἀλλὰ
3328 4300 3623 4369 συστρέρει
3674 4296 3768 4349 κα)⁸
3816 4310 4082 4364 στρογγυ-

2502 4401 2867 4468 λίζεισωλῆνι
2909 4396 3190 4465 σφίγγων,
3244 4392 3319 4452 ὡς
3373 4389 3535 4450 αὐτός
3592 4403 3783 4454 φησιν,
3836 4384 3949 4436 ἀλλ’
3984 4385 4084 4435 clx

2440 4518 2476 4570 ι)
2508 4496 2707 4562 ἄφετον
2735 4490 2837 4542 ἐῶν
2866 4486 2960 4541 τοῦ
2993 4486 3153 4552 λόγου
3189 4478 3515 4549 προχεῖσθαι
3566 4476 3625 4529 τὸ
3655 4474 3857 4545 ῥεῦμα.
3889 4473 3997 4535 Τὰς
4031 4472 4085 4523 δὲ

2516 4584 2811 4655 Ἡροδότου
2862 4578 3070 4649 μούσας
3119 4576 3215 4643 οὐχ
3248 4573 3322 4634 ὡς
3356 4573 3564 4631 ἐκεῖνος
3596 4565 3939 4630 λεπτολογεῖ,
3969 4562 4085 4614 ἀλλ’

2509 4650 2888 4745 ἀξιωματικὰς
2926 4665 3223 4740 ἐργάζεται
3255 4665 3348 4715 καὶ
3385 4661 3611 4729 σεμνάς.
3642 4658 3755 4725 Οὐχ
3801 4655 3990 4721 ὥσπερ
4032 4650 4088 4704 δὲ

2509 4772 2572 4822 ὲκ
2614 4744 2820 4819 πολλῶν
2870 4760 3114 4832 ρητόρων
3161 4756 3457 4826 ἥρμοσται,
3513 4750 3657 4804 οὕτω
3711 4749 3775 4818 δὴ
3806 4747 3900 4798 καὶ
3952 4744 4088 4811 πρὶς

2510 4857 2740 4907 ’ἑκαστον
2787 4831 2881 4902 ἐπὶ
2924 4847 3033 4901 τῶν
3078 4843 3173 4896 τοῦ
3215 4844 3377 4909 λόγου
3427 4838 3608 4909 μερῶν
3653 4836 3939 4905 διῄρηταιο
3974 4831 4090 4885 ἀλλ’

2512 4948 2701 5013 ῶσπερ
2736 4943 2802 4996 τὰ
2842 4934 3328 5007 συγκεραννύμενα
3377 4930 3646 5002 χρώματα
3697 4928 3825 4981 ἄλλο
3870 4942 3921 4978 τι
3950 4920 4089 4984 εἶδος

2514 5040 2677 5103 ποιεῖ,
2715 5035 2810 5087 καὶ
2846 5033 2960 5086 ἐστι
2993 5030 3155 5082 τοῦτο
3188 5027 3287 5095 οὐχ
3320 5019 3431 5077 οἷον
3463 5024 3670 5086 ἐκεῖνα,
3702 5019 3817 5074 ἀλλ’
3858 5019 4003 5069 ἐστιν
4034 5009 4093 5068 οἱ

2516 5129 2735 5183 κάλλιον
2752 5126 2812 5179 τὸ
2842 5124 2900 5187 eg
2928 5122 3150 5176 ἐκείνων
3172 5118 3351 5171 αὐτῶν
3380 5115 3443 5185 δὴ
3468 5114 3697 5177 τούτων,
3731 5111 3872 5164 οὕτω
3906 5109 3968 5179 δὴ
4000 5107 4094 5160 καὶ

2518 5220 2579 5272 τὸ
2613 5215 2917 5288 Γρηγορίου
2958 5211 3158 5281 χρῶμα
3196 5207 3290 5261 τοῦ
3333 5206 3497 5273 λόγου
3543 5203 3847 5273 διήνθισται
3890 5201 3990 5268 μὲν
4031 5199 4096 5250 ὲκ

2525 5286 2735 5380 μυρίων
2765 5303 3096 5373 χρωμάτων,
3133 5296 3325 5349 ἔστιδὲ
3351 5294 3479 5348 ἄλλο
3510 5310 3563 5345 τι
3589 5291 3739 5361 παρὰ
3784 5288 3957 5342 ταῦτα
4002 5286 4096 5339 καὶ

2523 5400 2743 5454 κάλλιον
2795 5395 3021 5447 ἐκείνων
3054 5389 3207 5460 παρὰ
3237 5385 3395 5439 πολύ.
3426 5385 3501 5437 Οὐ
3532 5385 3641 5454 γὰρ
3692 5384 3747 5436 αἱ
3800 5380 4095 5449 ἀκρότητες

2524 5491 2612 5543 ἀεὶ
2633 5489 2916 5558 κρείττους
2949 5482 3056 5535 τῶν
3094 5480 3311 5550 μέσων·
3350 5475 3467 5531 ἀλλ’
3501 5475 3646 5527 ἔστιν
3690 5466 3752 5524 οὗ
3792 5471 3949 5524 τοῦτο
3978 5487 4100 5522 συν-

2529 5581 2854 5650 αμφοτέρων
2889 5574 3101 5645 κρατεῖ.
3142 5569 3346 5638 Ἐγωγ’
3386 5564 3481 5621 οὖν
3513 5566 3633 5619 οὐδὲ
3668 5564 3969 5634 συναίρεμα
4007 5562 4099 5611 ἀλ.

2530 5676 2759 5744 λοτρίων
2792 5671 2889 5726 καὶ⁵
2917 5668 3193 5737 διαφόρων
3218 5663 3310 5716 τὸν
3344 5661 3557 5714 ἐκείνου
3587 5661 3743 5727 λόγον
3775 5658 3938 5727 φημὶ,
3970 5654 4102 5707 ἀλλὰ

2538 5769 2787 5843 μονοειδῆ
2818 5767 2913 5837 μὲν
2957 5764 3058 5831 τὴν
3096 5759 3284 5829 φύσιν,
3315 5755 3505 5825 ὥσπερ
3533 5753 3597 5823 δὴ
3633 5752 3693 5807 τὸ
3721 5751 3871 5820 ῥόδον
3904 5752 3966 5802 ὲκ
3997 5749 4103 5801 τῶν
