4430 6448
456 412 561 473 905

1312 399 1408 459 DE
1450 383 1851 453 autaut)qu
1884 379 2317 457 THEOLOGO,
2360 383 2691 456 BASILIO,
2729 382 2899 444 ETC.

3620 373 3727 438 906

453 524 551 589 τῆς
583 520 683 585 γῆς
730 514 973 581 λαγόνων
1011 512 1186 564 ἄνεισι
1229 510 1365 578 μετὰ
1398 504 1493 557 τοῦ
1551 500 1784 572 φυσικοῦ
1822 499 2043 573 χρὼμα-
2073 508 2116 559 Α
2150 514 2202 567 pr

1976 518 2043 551 ,α-
2073 508 2116 559 Α
2150 499 2427 567 praebens;
2472 498 2672 553 deinde
2700 500 2756 553 et
2794 493 3037 551 omnium
3069 494 3315 551 ferarum
3372 505 3563 549 vocem
3601 492 3725 545 imi-

449 629 565 675 τος,
588 607 844 676 πολυειδῆ
874 606 953 671 δὲ,
985 604 1139 665 εἴτις
1164 602 1238 664 ὡς
1282 600 1465 669 μίγμα
1491 596 1549 649 τὸ
1575 595 1773 666 χρῶμα
1806 593 2036 661 διαιρεῖν

450 705 670 757 δύναιτο
697 703 833 769 πρὸς
858 698 1151 765 διαφόρους
1183 693 1376 763 χροιὰς
1396 691 1454 757 ἐξ
1484 685 1558 743 ὧν
1594 690 1661 743 ἄν
1685 704 1770 748 τις
1795 684 2040 737 τοιοῦτον

454 798 798 867 τεχνήσαιτο.
829 792 892 845 Εἰ
930 790 1031 861 μὲν
1056 785 1151 842 οὖν
1191 786 1382 855 ὥσπερ
1402 785 1502 847 τὰς
1530 782 1797 851 πιθήκους
1826 780 2044 849 ὁρῶμεν

456 890 707 957 ἑτοίμους
736 886 816 945 εἰς
850 882 1108 955 μίμησιν,
1154 878 1215 932 οὐ
1243 878 1352 931 τῶν
1401 876 1727 937 ἐλαττόνων,
1783 871 1922 924 ἀλλὰ
1953 870 2046 921 καὶ

458 983 566 1036 τῶν
606 979 894 1049 μειζόνων,
925 975 1068 1028 οὓτω
1102 971 1166 1042 δὴ
1188 972 1347 1025 καὶεί
1377 969 1517 1021 λέων
1548 983 1635 1030 τις
1664 964 1911 1035 ἐγεγόνει
1940 962 2048 1014 σώ-

457 1078 567 1139 ζων
600 1075 699 1143 μὲν
720 1069 899 1140 ἐαυτῷ
929 1067 1025 1120 καὶ
1056 1066 1117 1119 τὸ
1144 1062 1403 1135 βλοσυρὸν
1452 1058 1790 1123 ἐπισκύνιον,
1831 1052 1953 1108 εἶτα
1983 1054 2047 1124 δὴ

459 1168 553 1220 καὶ
591 1164 728 1233 πρὸς
759 1164 827 1215 τὰ
855 1159 963 1231 ἢθη
996 1160 1089 1212 καὶ
1133 1157 1392 1227 σχήματα
1440 1152 1548 1206 τῶν
1601 1151 1807 1219 ἐτέρων
1862 1146 2049 1217 θηρῶν

462 1253 842 1328 μεθηρμόζετο
860 1254 953 1306 καὶ
980 1251 1234 1321 ἐμιμεῖτο
1263 1245 1574 1316 ξύμπαντα,
1599 1241 1675 1312 μὴ
1701 1239 2050 1293 καταϐαίνων

462 1348 555 1401 τοῦ
582 1345 911 1414 ἀξιώματος,
946 1342 1079 1397 αὐτὸ
1104 1340 1170 1392 ἂν
1195 1337 1353 1392 τοῦτο
1373 1332 1442 1406 ἦν
1472 1336 1501 1388 ό
1528 1334 1668 1395 θεῖος
1697 1332 1859 1403 ἀνήρ.
1894 1332 2051 1384 Ἐστι

466 1441 567 1508 μὲν
615 1440 724 1509 γὰρ
767 1439 857 1490 τὸν
904 1437 1062 1502 λόγον
1109 1434 1282 1487 ὁπόσα
1317 1430 1459 1483 κατὰ
1508 1426 1673 1497 φύσιν
1717 1424 1795 1495 τῷ
1843 1424 2041 1488 λέοντι,

2138 601 2304 655 tatur,
2352 600 2405 645 et
2455 608 2513 647 se
2560 589 2628 645 ad
2665 602 3114 659 unumquemque
3156 585 3441 659 componit
3470 583 3726 654 imagine,

2141 684 2411 749 moribus,
2477 682 2687 737 habitu.
2752 680 3067 750 Unicuique
3105 677 3340 734 dialecto
3390 690 3554 733 suum
3594 673 3726 745 p’ro-

2144 779 2321 849 prium
2363 777 2598 832 innectit
2648 776 2952 846 mugitum;
3000 773 3323 829 Graecorum
3354 786 3486 826 vero
3537 776 3728 824 orato-

2145 886 2265 927 rum
2292 874 2525 943 quisque
2563 886 2623 926 se
2650 870 2717 925 ad
2750 884 2912 924 unam
2947 866 3213 923 orationis
3249 865 3481 920 formam
3510 876 3733 917 accom-

2149 964 2379 1020 modans
2404 965 2520 1020 sive
2553 966 2826 1019 excelsam
2862 960 2978 1015 sive
3028 960 3265 1015 mediam
3303 957 3419 1012 sive
3439 954 3724 1018 leviorem,

2150 1057 2215 1111 ad
2244 1072 2365 1110 eam
2393 1058 2567 1111 solam
2597 1055 2986 1128 confringitur.
3006 1050 3155 1108 Talis
3180 1059 3302 1109 erat
3327 1046 3595 1119 Gregorio
3612 1060 3738 1101 ora-

2150 1147 2261 1217 tio};
2293 1162 2595 1218 omnesque
2637 1149 2927 1202 aemulatur
2956 1154 3205 1202 oratores
3242 1162 3257 1197 :
3298 1144 3393 1214 qui
3420 1141 3566 1198 enim
3600 1153 3741 1208 prae-

2153 1250 2236 1295 ter
2269 1238 2394 1295 illos
2430 1240 2786 1303 exstiterunt,
2815 1240 2863 1293 si
2895 1250 3016 1309 post
3069 1238 3193 1293 illos
3220 1237 3463 1307 quidem,
3507 1231 3577 1287 ab
3630 1229 3739 1285 illis

2153 1334 2385 1386 mutuati
2435 1340 2586 1395 sunt,
2625 1333 2670 1387 si
2729 1343 2856 1387 ante
2909 1331 3057 1396 illos,
3096 1330 3444 1402 pulchriores
3472 1325 3740 1397 imagines

2153 1434 2283 1478 sunt
2319 1438 2482 1491 quam
2515 1426 2785 1494 exempla.

466 1529 869 1598 ἀξιωματικδς,
925 1525 1171 1595 φοῦερὶλς,
1236 1518 1530 1591 βλοσυρὸς,
1578 1516 1871 1585 ἀπρόσιτος
1918 1518 2030 1577 τοῖς
2062 1513 2276 1574 πολλοῖς
2312 1512 2344 1580 ἦ
2374 1513 2764 1583 δυσπρόσιτοςο
2806 1515 3000 1568 ἔπειτα
3033 1517 3089 1569 δὲ
3155 1516 3249 1569 καὶ
3311 1515 3493 1567 πᾶσαν
3558 1512 3745 1582 μιμεῖ.

464 1642 553 1678 ται
582 1624 776 1692 θηρίου
823 1622 1030 1691 φωνὴν,
1057 1620 1152 1672 καὶ
1179 1617 1313 1687 πρὸς
1376 1615 1606 1668 ἕκαστον
1664 1609 2114 1681 διεσχημάτισται
2157 1608 2236 1679 τῷ
2266 1607 2417 1675 εἴδει,
2448 1610 2524 1679 τῷ
2549 1609 2691 1681 ἤθει,
2720 1608 2798 1678 τῷ
2826 1612 3087 1681 σχήματι.
3129 1611 3364 1679 Ἐκάστῃ
3386 1607 3445 1662 δέ
3473 1605 3744 1675 διαλέκτῳ

465 1716 525 1768 τὺ
556 1715 757 1767 οἰκεῖον
812 1711 1307 1783 παρεμπέπλεκται
1349 1707 1633 1778 βρύχημα·
1666 1704 1775 1757 τῶν
1810 1703 1867 1755 δὲ
1909 1702 2041 1771 παρ’
2068 1702 2301 1772 Ἕλλησι
2333 1704 2583 1774 ρητόρων
2631 1703 2866 1767 ἕκαστος
2896 1704 3026 1771 μίαν
3063 1704 3209 1756 ἰδέαν
3264 1701 3358 1757 τοῦ
3410 1700 3573 1772 λόγου
3608 1698 3744 1769 μεθ-

464 1809 869 1880 αρμοσάμενος,
923 1806 954 1871 ῆ
1013 1803 1111 1873 τὴν
1154 1802 1366 1871 ὑψηλὴν
1430 1800 1462 1869 ἢ
1514 1800 1613 1865 τὴν
1668 1796 1841 1865 μέσην
1885 1795 1916 1864 ἢ
1954 1796 2052 1864 τὴν
2077 1794 2302 1865 λεπτὴν,
2358 1796 2493 1866 πρὸς
2546 1796 2717 1866 μόνην
2778 1796 2949 1864 αὑτὴν
3010 1795 3415 1848 ἁπεικόνισται.
3488 1786 3746 1848 Τοιοῦτος

471 1900 570 1966 μὲν
603 1894 696 1949 οὖν
730 1897 805 1963 τῷ
839 1894 1125 1965 Γρηγορὶῳ
1154 1896 1182 1945 ό
1211 1894 1388 1959 λόγος,
1435 1889 1529 1942 καὶ
1558 1889 1695 1958 πρὸς
1728 1886 2052 1955 ξύμπαντας
2112 1887 2469 1958 διαμιλλᾶται
2524 1889 2653 1953 τοὺς
2721 1890 2989 1959 ρήτορας⁸
3039 1890 3085 1940 οἱ
3110 1887 3219 1957 γὰρ
3264 1885 3416 1956 παρὰ
3440 1884 3569 1947 τοὺς
3590 1883 3745 1951 εἰρη-

470 1995 683 2063 μένους,
714 1995 761 2045 εἰ

469 2107 596 2143 των.

796 1993 893 2061 μὲν
927 1993 1043 2061 μετ’
1077 1989 1345 2050 ἐκείνους,
1395 1984 1604 2036 ἐκεῖθεν
1636 1983 1969 2053 ἡρμόσαντο,
2002 1983 2050 2033 εἰ
2080 1981 2136 2033 δὲ
2172 1982 2278 2051 πρὸ
2307 1984 2555 2049 ἐκείνων,
2576 1983 2830 2047 καλλίους
2856 1985 2911 2035 αἱ
2959 1983 3164 2046 εἰκόνες
3196 1981 3306 2035 τῶν
3360 1969 3743 2051 παραδειγμά-

539 2185 608 2246 γ¹.
656 2178 712 2229 Ὀ
742 2177 796 2229 δέ
819 2193 880 2242 γε
925 2175 1099 2243 μέγας
1151 2171 1449 2232 Βασίλειος,
1492 2167 1681 2237 ὥσπερ
1716 2167 1784 2233 δὴ
1816 2166 1923 2217 τῶν
1953 2166 2045 2218 ἀν·
2081 2174 2121 2228 Β
2222 2164 2275 2219 5.

1993 2183 2045 2218 ν-
2081 2174 2121 2228 Β
2222 2164 2275 2219 5.
2305 2165 2531 2236 Magnus
2586 2176 2768 2221 autem
2827 2167 3087 2228 Basilius,
3151 2174 3211 2219 ut
3263 2165 3450 2219 omnia
3505 2163 3742 2216 humana

472 2271 768 2334 θρωπικῶν
813 2268 1030 2320 πάντων
1059 2264 1325 2335 ὑπερορᾷ,
1368 2263 1512 2313 οὕτω
1541 2259 1606 2327 δὴ
1647 2258 1795 2309 ἔοικε
1828 2258 1922 2309 καὶ
1951 2255 2058 2309 τῶν

471 2363 738 2417 ἐπιθέτων
761 2360 862 2427 τῆς
892 2358 1088 2426 τέχνης
1125 2358 1345 2425 κόσμων
1382 2351 1770 2419 καταφρονεῖν,
1805 2350 1897 2401 καὶ
1933 2348 2057 2417 βού-

471 2458 623 2510 λεται
663 2454 823 2514 αὐτὸς
852 2445 964 2503 οἷον
1012 2451 1175 2517 τέχνη
1201 2464 1285 2508 τις
1326 2440 1465 2497 εἶναι
1495 2442 1588 2495 τοῦ
1622 2443 1777 2509 λόγου
1802 2458 1814 2471 ·
1849 2440 1964 2494 ἀλλ’
1996 2441 2057 2492 οὐ

474 2548 609 2617 πρὸς
623 2548 819 2615 τέχνην
836 2541 984 2611 αὐτῷ
1010 2541 1304 2591 πλάττεται
1326 2537 1392 2589 τὰ
1413 2534 1842 2604 συγγράμματα.
1862 2534 1987 2594 Τοῖς
2006 2533 2061 2585 δὲ

475 2640 699 2705 ῥήτορσι
720 2630 1110 2701 συνωμιληκὼς
1144 2633 1236 2683 καὶ
1256 2629 1520 2697 ξύμπασι,
1539 2625 1770 2694 δύναμιν
1803 2624 1900 2693 μὲν
1921 2625 2063 2675 ἐκεῖ-

478 2726 571 2778 θεν
606 2724 1013 2794 λογογραφικῆς
1045 2722 1187 2785 ἰδέας
1220 2720 1521 2779 ἐσπάσατο,
1560 2719 1654 2770 καὶ
1677 2714 1893 2784 μακρῷ,
1919 2713 2064 2767 κατὰ.

477 2834 539 2884 γε
576 2815 732 2868 τοῦτο
752 2815 809 2865 τὸ
835 2815 1017 2883 μέρος,
1040 2812 1281 2872 ἐκείνους
1308 2812 1408 2861 ὑπε
1420 2807 1675 2875 ρεὸάλετο
1694 2823 1707 2836 ·
1737 2806 2063 2877 κακουργεῖν

476 2907 533 2959 δὲ
561 2906 637 2977 μὴ
689 2905 1072 2973 προῃρημένος
1127 2902 1256 2971 περὶ
1285 2902 1413 2962 τοὺς
1455 2900 1669 2967 λόγους,
1721 2898 1781 2951 οὗ
1812 2897 1965 2967 (ζηλοῖ
1995 2898 2064 2951 τὰ

480 2997 650 3049 πολλὰ
680 2997 777 3053 τὰς
809 2994 1141 3064 ἑμμεθόδους
1176 2991 1381 3045 τούτων
1425 2991 1743 3059 δεινότητας
1765 3006 1777 3021 ο
1819 2992 1914 3042 καὶ
1946 2988 2063 3041 ἔστι

485 3088 585 3156 μὲν
627 3086 774 3156 αὐτῷ
795 3088 822 3137 ὁ
847 3086 1001 3151 λόγος
1032 3082 1475 3147 ἀνεπιτήδευτος,
1511 3081 1708 3151 βροντᾷ
1733 3081 1788 3133 δὲ
1821 3079 2063 3150 ἀτεχνῶς

484 3178 671 3246 ὥσπερ
721 3178 785 3227 ἐκ
835 3174 1034 3243 νεφῶν,
1093 3175 1187 3225 καὶ
1235 3174 1412 3226 πᾶσαν
1462 3171 1807 3240 ἀποκρύπτει
1854 3172 2060 3240 φωνήν.

486 3270 643 3321 Ἐστι
681 3269 737 3321 δὲ
771 3268 917 3334 αὐτῷ
945 3269 1003 3317 :‘i
1048 3266 1265 3335 πνεῦμα
1297 3264 1390 3317 τοῦ
1435 3265 1593 3332 λόγου
1634 3262 2059 3333 Δημοσθενικδν,

484 3363 607 3413 ὅσον
630 3360 849 3412 εἰκάσαι
894 3358 976 3427 (οὐ
1003 3358 1112 3425 γὰρ
1142 3357 1283 3409 κατὰ
1328 3356 1489 3423 ζῆλον
1517 3355 1728 3406 ἐκείνου
1756 3354 2023 3423 πρόεισιν)
2047 3368 2060 3381 '

486 3451 868 3520 ἀπαράμιλλον
917 3449 994 3511 δὲ,
1044 3448 1096 3499 εἰ
1133 3464 1215 3507 τις
1271 3446 1408 3515 πρὸς
1461 3445 1666 3514 ἄλληλα
1715 3447 1841 3507 τοὺς
1874 3446 2063 3513 λόγους

2162 2258 2422 2326 despicit,
2459 2258 2530 2311 ita
2569 2269 2621 2311 et
2648 2258 2886 2319 videtur,
2918 2258 3163 2325 adiectos
3194 2256 3332 2311 artis
3375 2263 3607 2311 ornatus
3651 2253 3747 2306 de-

2160 2351 2395 2419 spicere,
2439 2360 2491 2405 et
2527 2353 2642 2403 vult
2673 2351 2851 2419 ipsum
2878 2351 3035 2419 quasi
3072 2350 3343 2404 orationis
3379 2359 3547 2404 artem
3581 2346 3695 2403 fieri
3727 2361 3743 2409 ;

2163 2440 2256 2495 se:l
2291 2456 2399 2493 non
2432 2440 2739 2494 secundum
2797 2449 2971 2494 artem
3008 2441 3129 2510 ejus
3188 2440 3393 2509 scripta
3442 2440 3742 2511 finguntur.

2162 2531 2299 2587 Cum
2324 2533 2639 2586 oratoribus
2661 2532 2937 2588 universis
2963 2542 3347 2598 conversatus,
3380 2532 3488 2587 vim
3527 2531 3746 2600 quidem

2166 2626 2291 2678 inde
2327 2624 2601 2679 scribendi
2637 2624 2841 2688 hausit,
2871 2632 2924 2679 et
2958 2624 3187 2678 multum
3213 2640 3309 2679 eos
3359 2625 3416 2679 in
3454 2625 3557 2679 hac
3593 2633 3748 2695 parte

2165 2717 2484 2783 superavit;
2541 2730 2745 2770 nocere
2793 2727 2975 2770 autem
3040 2732 3167 2771 cum
3232 2717 3350 2771 suis
3404 2717 3749 2772 orationibus

2166 2805 2356 2868 nollet,
2395 2806 2721 2875 plerumque
2751 2821 2860 2859 non
2889 2806 3137 2860 imitatur
3160 2806 3525 2862 methodicam
3557 2824 3749 2862 eorum

2168 2899 2419 2967 peritiam
2442 2915 2457 2964 ;
2489 2907 2543 2952 et
2566 2901 2689 2967 ejus
2715 2899 2934 2969 quidem
2960 2901 3136 2955 oratio
3168 2918 3276 2955 non
3304 2917 3490 2956 curam
3521 2902 3749 2965 redolet,

2167 3001 2322 3048 tonat
2372 3002 2555 3048 autem
2606 2993 2764 3062 quasi
2806 3009 2870 3048 ex
2932 2994 3099 3057 nube,
3141 3002 3195 3047 et
3241 3008 3461 3047 omnem
3510 2991 3752 3047 extrahit

2165 3083 2678 3140 vocem.0ralionis
2728 3084 2847 3153 ejus
2897 3084 3125 3153 spiritus
3156 3083 3611 3138 Demostltenicus
3639 3092 3749 3145 est,

2166 3187 2433 3242 quantum
2467 3184 2647 3243 potest
2684 3175 2924 3244 conjici;
2962 3177 3113 3229 nulla
3174 3185 3357 3230 autem
3413 3179 3750 3246 comparatio

2168 3265 2462 3319 statuenda
2505 3274 2612 3330 est,
2642 3269 2687 3320 si
2720 3268 2846 3337 quis
2877 3268 3157 3323 orationes
3210 3270 3557 3325 orationibus
3587 3272 3751 3324 veilet

2167 3368 2502 3424 comparare.
2561 3361 3023 3425 Argumentorum
3085 3368 3267 3415 autem
3319 3360 3441 3428 ejus
3476 3361 3650 3415 forma
3684 3379 3752 3417 ex

2169 3445 2426 3500 Aristidis
2453 3448 2798 3503 orationibus
2822 3450 3069 3519 apprime
3100 3450 3479 3521 insigniretur.
3508 3452 3565 3507 Si
3611 3456 3715 3507 utri
3734 3482 3751 3496 -

490 3542 800 3610 συγκρίνειν
830 3540 1091 3608 βούλοιτο.
1124 3538 1196 3589 Τὸ
1221 3537 1273 3587 δέ
1304 3554 1366 3602 γε
1405 3536 1893 3605 ἐπιχειρηματικὸν
1923 3531 2059 3597 εἶδος
2091 3512 2134 3569 C
2174 3556 2239 3608 qu

2002 3552 2059 3597 ος
2091 3512 2134 3569 C
2174 3555 2280 3608 quc
2311 3555 2500 3594 aurem
2543 3542 2673 3611 quis
2700 3544 2991 3611 praeberet,
3024 3547 3093 3599 ab
3125 3546 3218 3600 illo
3253 3546 3473 3616 quidem
3530 3557 3751 3603 oratore

490 3631 638 3699 αὺτῷ
665 3633 730 3683 ἐκ
755 3632 861 3681 τῶν
900 3628 1235 3699 ’Δριστείδου
1264 3627 1443 3693 λόγων
1494 3627 1556 3679 ἄν
1584 3643 1666 3687 τις
1719 3626 2060 3696 χαρακτηρί-

494 3738 636 3773 σειεν
660 3738 673 3750 °
708 3722 823 3774 ἀλλ’
857 3722 909 3773 εἴ
950 3738 1031 3782 τις
1090 3721 1335 3786 ἐκατέρῳ
1369 3717 1668 3786 προσὸάλοι
1720 3718 1817 3786 τὴν
1871 3718 2062 3787 ἀκοὴν,

492 3818 686 3884 ἐκείνῳ
724 3816 824 3883 μὲν
854 3813 932 3881 τῷ
972 3814 1162 3881 ῥήτορι
1202 3810 1424 3874 αὐτίκα,
1470 3809 1502 3878 ἢ
1546 3810 1940 3879 ἀποκναισθείη
1972 3813 2067 3864 καὶ

2171 3633 2570 3689 obtunderetur
2599 3644 2654 3689 et
2678 3637 2838 3689 aliam
2865 3637 3263 3692 transferretur
3303 3655 3513 3705 vocem,
3543 3644 3753 3698 oratio-

2170 3740 2303 3778 num
2335 3733 2520 3779 autem
2547 3727 2731 3781 Basilii
2767 3730 3063 3786 tonitribus
3094 3733 3319 3787 suavius
3360 3733 3753 3804 disponeretur

2174 3826 2226 3869 et
2259 3817 2324 3871 ad
2358 3833 2547 3872 eorum
2581 3835 2778 3874 sonum
2804 3822 3048 3877 saftaret.

493 3908 627 3975 πρὸς
654 3906 821 3972 ἄλλην
851 3908 1167 3974 μετενέγκοι
1197 3902 1401 3971 φωνὴν,
1428 3899 1564 3970 πρὸς
1592 3900 1647 3952 δὲ
1690 3906 1786 3964 τὰς
1832 3902 2109 3955 Βασιλείου
2138 3907 2243 3959 τῶν
2290 3911 2462 3978 λόγων
2497 3912 2724 3981 βροντὰς
2755 3913 3010 3984 ἡδύτερον
3044 3916 3108 3969 ἂν
3140 3917 3410 3989 διατεθείη
3471 3922 3566 3973 καὶ
3630 3938 3757 3975 συν-

492 4002 844 4071 εξορχὴσαιτο
882 3999 1008 4065 περὶ
1033 3998 1130 4066 τὴν
1161 3996 1297 4065 ἠχώ.

562 4090 624 4146 δ’.
657 4090 908 4152 Τοιοῦτος
945 4091 1040 4159 μὲν
1064 4088 1153 4141 οὖν
1182 4090 1331 4157 αύτῷ
1358 4090 1450 4140 καὶ
1482 4092 1509 4141 ό
1546 4088 1773 4156 ἁδελφὸς
1798 4089 1896 4158 ἔφυ
1933 4091 2073 4160 Γρηο

494 4183 696 4252 γόριος.
722 4180 956 4239 Οὐδένας
985 4181 1090 4246 γὰρ
1122 4178 1295 4246 ἔγωγε
1322 4180 1650 4249 ξυμπάντων
1689 4181 1937 4249 ῥητόρων
1973 4198 2072 4249 με·

496 4274 964 4343 γαλοφωνοτέρους
999 4273 1105 4324 τῶν
1128 4274 1273 4324 δυεῖν
1303 4272 1510 4324 τούτων
1551 4271 1813 4339 ἐγνώκειν
1840 4273 2070 4344 ἀνδρῶν.

509 4368 644 4421 Ἀλλ’
667 4367 695 4419 ὃ
724 4369 833 4427 τοῖς
867 4365 1046 4425 ἄλλοις
1075 4366 1331 4433 ῥήτορσιν
1361 4366 1388 4415 ὁ
1419 4363 1702 4428 Νυσσαευς
1737 4366 2069 4436 καθεστήκοι

499 4454 998 4529 Γρηγόριος,τοῦτο
1033 4456 1096 4522 δὴ
1129 4453 1263 4520 πρὸς
1289 4452 1479 4505 τ-.ῦτον
1512 4454 1538 4504 ὀ
1565 4452 1739 4520 μέγας
1772 4452 2067 4516 Βασίλειος.

502 4550 641 4618 Πρὸς
681 4548 780 4616 μὲν
823 4547 930 4615 γὰρ
965 4545 1061 4614 τὴν
1091 4543 1372 4594 Βασιλείου
1410 4544 1694 4611 σάλπιγγα
1724 4544 1871 4613 αὐλῷ
1898 4545 1963 4597 ἄν
1989 4562 2073 4607 τις

499 4641 596 4709 τὴν
630 4640 723 4690 τοῦ
757 4636 986 4705 ἁδελφοῦ
1026 4636 1275 4703 γλῶσσαν
1308 4636 1613 4689 εἰκάσειεν·
1662 4637 1796 4707 προς
1849 4637 1905 4689 δὲ
1951 4639 2074 4700 τοὺς

505 4731 633 4799 περὶ
662 4727 1010 4795 Δημοσθένην
1045 4725 1135 4775 καὶ
1172 4722 1507 4792 Ἀριστείδην
1540 4722 1816 4789 σάλπιγγα
1846 4723 1937 4775 τὸν
1984 4725 2072 4777 ἄν·

502 4822 602 4890 δρα
637 4819 824 4870 τοῦτον
853 4819 1297 4883 κατοιομασειεν.
1339 4810 1499 4867 Ἀλλὰ
1541 4815 1937 4885 πανηγυρίζειν
1979 4818 2076 4884 μὲν

2248 4093 2398 4148 Talis
2441 4102 2495 4147 et
2526 4094 2642 4164 ipse
2673 4094 2776 4149 fuit
2810 4097 2929 4166 ejus
2968 4099 3139 4154 frater
3167 4099 3490 4171 Gregorius.
3532 4100 3752 4159 Nullum

2176 4188 2393 4255 quidem
2424 4201 2489 4240 ex
2535 4188 2791 4241 omnibus
2832 4190 3150 4246 oratoribus
3203 4194 3376 4262 magis
3431 4194 3754 4264 altiloquum

2175 4280 2298 4333 novi
2352 4294 2513 4348 quam
2574 4280 2699 4333 illos
2727 4282 2866 4336 duos
2916 4284 3083 4337 viros.
3149 4285 3303 4349 Quod
3337 4280 3517 4341 autem
3548 4300 3602 4343 et
3633 4289 3755 4343 aliis

2171 4370 2482 4425 oratoribus
2522 4380 2607 4425 (ει
2642 4369 2945 4443 Nyssenus,
2981 4374 3084 4428 hoc
3117 4375 3194 4429 illi
3231 4372 3462 4446 magnus
3486 4368 3755 4439 Basilius.

2176 4454 2315 4511 Dum
2340 4459 2484 4512 enim
2515 4460 2713 4526 aliquis
2742 4460 2927 4516 Basilii
2951 4463 3317 4529 eloquentiam
3365 4469 3511 4522 tuba:
3540 4471 3759 4527 confer-

2176 4552 2277 4607 ret,
2314 4543 2499 4600 fratris
2536 4562 2720 4601 vacem
2753 4548 2900 4603 tibia!
2922 4551 3403 4620 assimilaret;sed
3440 4556 3759 4616 Demosthe-

2177 4636 2233 4688 ni
2299 4646 2355 4690 et
2405 4637 2634 4693 Aristidi
2688 4650 3067 4710 comparatum
3136 4645 3323 4700 tubam
3378 4648 3522 4703 hunc
3583 4652 3757 4705 virum

2180 4727 2513 4782 nominaret.
2548 4726 2654 4782 Sed
2679 4726 2730 4782 in
2775 4730 3189 4788 laudationibus
3223 4735 3425 4792 Basilio
3468 4740 3641 4794 multo
3680 4742 3761 4796 it:-

2181 4815 2349 4869 ferior
2372 4828 2488 4881 est;
2518 4834 2639 4870 cum
2693 4827 2876 4873 autem
2905 4821 3092 4876 divina
3128 4828 3354 4881 oracula
3408 4832 3653 4887 revelare
3678 4834 3760 4887 in-

503 4913 738 4981 ἣττηται
771 4908 1052 4960 Βασιλείου
1085 4908 1233 4975 παρὰ
1269 4904 1433 4958 πολύ·
1470 4906 1814 4975 ἀνακαλύψαι
1861 4907 1917 4958 δὲ
1952 4906 2075 4976 βου·
2102 4899 2157 4957 Ι)
2185 4914 2252 4960 let

2010 4926 2075 4958 u-
2102 4899 2157 4957 D
2185 4908 2360 4960 tendit
2386 4917 2437 4961 et
2474 4923 2814 4979 quacunque
2855 4914 3079 4982 antiqua
3114 4915 3548 4985 absconduntur,
3589 4937 3759 4993 prope

502 5005 726 5071 λόμενος
748 5003 869 5062 τους
895 4999 1071 5062 θείους
1100 4997 1385 5067 χρησμοὺς
1418 4998 1513 5050 καὶ
1543 5000 1717 5051 ὁπόσα
1742 4998 1851 5050 τῶν
1882 4998 2079 5066 λογίων

506 5097 832 5167 κέκρυπται,
872 5092 1085 5145 ἵσταται
1123 5091 1221 5161 μὲν
1260 5092 1395 5161 παρ’
1432 5092 1637 5143 ἐκεῖνον
1679 5093 1945 5162 ἀτρέμας,
1987 5094 2080 5142 καὶ

507 5192 533 5239 ὁ
559 5186 865 5254 συγκρίνων
901 5185 1066 5251 ἄμφω
1089 5183 1230 5233 κατὰ
1252 5181 1409 5235 τοῦτο
1440 5183 1498 5235 τὸ
1531 5181 1696 5252 μέρος
1721 5184 1821 5235 οὐκ
1848 5182 1914 5235 ἆν
1943 5183 2081 5253 ὑπὲρ

512 5280 790 5332 Βασιλείου
819 5280 885 5328 τά
908 5276 1086 5327 πάντα
1107 5274 1428 5343 ψηφῖσαιτο.

578 5368 639 5421 ε’.
681 5368 739 5420 Ὀ
767 5367 821 5420 δὲ
873 5368 971 5437 τὴν
1004 5365 1250 5432 γλῶτταν
1292 5366 1526 5435 χρυσοῦς
1572 5366 1849 5434 Ἰωάννης,
1898 5368 1946 5419 εἰ
1990 5366 2084 5419 καὶ

509 5463 607 5531 τὴν
638 5462 839 5527 ἀρετὴν
872 5457 1015 5520 θεῖός
1056 5461 1169 5509 ἐστι
1205 5459 1299 5508 καὶ
1351 5460 1462 5519 τοῖς
1509 5459 1675 5509 πᾶσιν
1731 5457 2083 5523 ἀσύγκριτος,

511 5550 623 5601 ἀλλ’
654 5548 788 5617 οὐχ’,
820 5546 1011 5615 ὥσπερ
1042 5545 1148 5597 τῶν
1176 5544 1371 5609 ἄλλων,
1401 5543 1544 5599 οὕτω
1568 5543 1633 5614 δὴ
1658 5546 1752 5597 κα)⁸
1776 5544 1885 5596 τῶν
1913 5544 2087 5611 λόγων

512 5641 898 5711 ὑπερεώρακεν
918 5654 929 5665 °
966 5637 1077 5688 ἀλλ’
1109 5637 1224 5688 ἐστι
1249 5636 1346 5704 τῆς
1373 5637 1567 5708 τέχνης
1590 5637 1664 5697 ὡς
1681 5635 1891 5705 ἀληθῶς
1915 5635 2087 5702 ἄγαλ-

517 5753 611 5803 μα.
656 5735 750 5787 Ἐκ
798 5732 978 5799 πάσης
1012 5746 1072 5781 τε
1107 5730 1215 5800 γὰρ
1264 5729 1408 5791 ἰδέας
1444 5730 1813 5799 ξυνήρμοσται
1867 5730 1959 5780 καὶ
1992 5727 2084 5781 τοῦ

516 5824 788 5878 πολιτικοῦ
821 5820 979 5885 λόγον
1003 5818 1170 5887 ἄκρος
1204 5818 1320 5869 ἐστὶ
1351 5819 1621 5887 ζηλωτὴῖν
1650 5819 1757 5871 τῶν
1783 5835 1839 5868 τε
1864 5818 1958 5886 τῆς
1987 5820 2079 5887 ρη·

515 5895 525 5905 ’
836 5916 1099 5973 l’nnoL.
1145 5915 1260 5973 Gn.
1314 5910 1557 5970 (LXXII.

2185 5002 2335 5053 illum
2367 5010 2478 5054 stat
2510 5003 2842 5073 intrepidus,
2870 5019 2921 5060 et
2964 5009 3009 5062 si
3044 5010 3167 5075 quis
3191 5011 3355 5065 ambo
3383 5012 3438 5067 in
3472 5014 3573 5069 hac
3606 5028 3762 5086 parte

2181 5090 2432 5144 conferre
2473 5093 2623 5158 velit,
2654 5110 2758 5149 non
2800 5097 2985 5151 omnia
3017 5113 3115 5167 pro
3150 5098 3353 5155 Basilio
3377 5101 3528 5155 dabit
3562 5086 3760 5160 suffra-

2183 5182 2291 5249 gia.

2260 5357 2312 5410 5.
2335 5355 2575 5412 Joannes
2613 5368 2793 5411 autem
2824 5358 3278 5430 Chrysosmmus,
3312 5365 3357 5419 si
3397 5365 3596 5423 virtute
3616 5367 3761 5423 divi-

2188 5463 2294 5503 nus
2316 5461 2400 5503 est
2429 5458 2482 5503 et
2515 5450 2649 5504 nulli
2695 5452 3106 5522 comparabilis,
3140 5469 3247 5508 non
3298 5458 3758 5523 quemadmodum

2188 5539 2314 5597 alia.
2347 5550 2402 5594 et
2443 5543 2606 5595 verba
2634 5542 2920 5612 despexit;
2964 5544 3059 5600 sed
3109 5553 3193 5600 est
3219 5547 3381 5616 quasi
3428 5550 3569 5607 artis
3598 5566 3763 5606 orna-

2191 5642 2453 5688 mentum.
2523 5633 2790 5689 Omnibus
2845 5637 2992 5691 enim
3047 5636 3238 5693 formis
3293 5642 3669 5699 concinnatur
3706 5654 3767 5701 et

2192 5726 2427 5793 politica:
2464 5728 2789 5797 eloquentiae
2835 5728 3036 5783 ardens
3069 5730 3359 5791 aemulator
3386 5740 3546 5788 estet
3570 5751 3768 5791 unum-

2197 5819 2457 5889 quodque
2509 5838 2574 5876 ex
2606 5822 2894 5878 rhetoricae
2958 5822 3252 5891 generibus
3308 5824 3602 5882 artiﬁciose
3657 5837 3766 5883 tra-

3374 5915 3450 5976 29
