4430 6448
766 400 868 460 907
2040 400 2459 459 MHIIIAELIS
2502 401 2773 462 PSELH

763 523 893 568 rtat.
937 513 1001 566 Iit
1064 514 1217 569 ιιονὶι
1268 514 1489 581 quidem
1528 514 1812 584 oppositas
1870 529 2056 573 Voces.

766 608 1079 679 panegyrici
1134 607 1351 677 generis
1415 607 1916 677 pulchritudinem.
1983 607 2064 661 Ad
2123 609 2354 662 consilia

766 712 947 755 autem
980 707 1281 769 apparatur
1316 714 1426 753 non
1459 709 1577 754 arte
1605 708 1663 754 ut
1694 700 1881 769 regula
1921 715 2075 763 usus,
2115 701 2208 755 sed
2239 700 2355 769 ipse

767 795 891 848 aliis
923 793 1085 862 hujus
1148 793 1371 860 generis
1428 792 1618 861 regula
1674 790 1929 847 eﬂeetus.
1974 791 2084 846 Nec
2136 792 2352 863 Lysiam

765 893 1041 940 oratorem
1091 886 1344 939 imitatur
1380 900 1396 937 :
1430 884 1552 954 ejus
1592 894 1773 940 tamen
1807 887 1986 940 oratio
2022 884 2201 956 Lysiae
2226 903 2352 940 ora-

765 980 979 1033 tionttm
1029 978 1385 1034 festivitatem
1447 986 1834 1047 repraesentat,
1901 986 2138 1045 excepto
2207 982 2352 1049 quod

766 1072 858 1126 ille
898 1072 1223 1142 simplicior,
1257 1070 1348 1125 hic
1379 1070 1754 1125 abundantior
1793 1080 1847 1125 et
1881 1069 2220 1141 splendidior
2247 1082 2352 1128 est.

768 1167 994 1221 Extollit
1051 1176 1234 1221 autem
1284 1167 1591 1220 orationem
1624 1180 1732 1219 non
1765 1166 1938 1237 tropis
1970 1175 2024 1222 et
2077 1168 2354 1238 allegoriis

766 1273 818 1317 et
853 1262 1272 1333 periphrasibus
1329 1276 1509 1330 neque
1566 1260 1757 1330 lyricis
1815 1270 1870 1316 et
1929 1262 2354 1333 dithyrambicis

767 1358 1108 1423 nominibus,
1139 1357 1231 1413 sed
1284 1363 1553 1411 accurata
1614 1354 2021 1426 compositione
2047 1364 2102 1409 et
2132 1358 2352 1425 phrasis

766 1450 1062 1520 dignitate.

839 1631 893 1685 ϐ.
926 1632 1040 1700 Ego
1074 1630 1242 1701 igitur
1268 1630 1463 1684 w-llem
1512 1639 1565 1684 et
1597 1641 1844 1700 optarem
1876 1632 2100 1686 laudare
2133 1643 2187 1687 ut
2215 1631 2351 1687 Gre-

766 1723 955 1791 gorius
982 1724 1294 1793 theologus,
1358 1722 1649 1792 splendide
1688 1724 1836 1792 loqui
1872 1735 1929 1778 ut
1982 1740 2212 1794 magnus
2253 1724 2352 1777 Ba-

766 1817 971 1875 silius.
1030 1816 1216 1869 divina
1275 1817 1502 1869 oracula
1590 1816 1865 1884 explicare
1933 1824 1990 1868 ut
2052 1814 2350 1886 Gregorius

3950 403 4057 466 mm

2120 516 2273 569 novit
2300 528 2349 569 et
2382 525 2427 578 Λ
2458 522 2683 588 τορικῆς
2709 519 2865 572 εἱδῶν
2897 520 3133 573 ἕκαστον
3167 520 3432 589 ἐντέχνως
3462 523 3926 592 μεταχειρίζεται.
3954 523 4059 575 Καὶ

2464 609 2571 666 οἶδε
2613 615 2712 683 μὲν
2735 614 2833 677 τὰς
2854 613 3175 677 ἀντιθέτους
3206 615 3412 682 φωνὰς,
3444 611 3551 668 οἶδε
3588 614 3643 667 δὲ
3675 615 3773 684 τῆς
3809 632 4057 685 πανηγυ-

2466 707 2625 777 ρικῆς
2662 707 2803 770 ἰδέας
2834 707 2896 759 τὸ
2930 706 3149 769 κάλλος.
3193 708 3658 777 Διεσιημάτισται
3694 709 3748 761 δὲ
3783 708 3911 778 περὶ
3955 709 4054 770 τὰς

2465 800 2797 868 συμϐουλὰς,
2849 802 2912 854 οὐ
2945 802 3132 855 κανόνι
3166 802 3301 869 πρὸς
3338 802 3495 854 τοῦτο
3535 806 3599 871 τῇ
3637 802 3801 873 τέχνῃ
3836 802 4053 871 χρησα-

2467 911 2646 963 μενος,
2675 895 2789 947 ἀλλ’
2818 895 2979 957 αὐτὸς
3001 894 3208 963 ἑτέροις
3234 896 3415 948 κανὼν
3437 894 3532 964 τῆς
3569 894 3714 957 ἰδέας
3738 896 4050 963 γενόμενος.

2464 988 2574 1039 Καὶ
2609 985 2815 1038 Λυσίαν
2843 987 2942 1055 μὲν
2970 987 3028 1039 οὐ
3067 988 3317 1056 μιμεῖται
3353 988 3444 1039 τὸν
3471 990 3707 1055 ῥήτορα·
3745 990 3773 1038 ὁ
3807 987 3863 1039 δὲ
3894 988 4051 1054 λιῑγος

2461 1076 2609 1146 αὖτῷ
2646 1075 2781 1146 πρὸς
2805 1077 2904 1144 τὴν
2936 1077 3233 1146 εὐστομίαν
3274 1076 3487 1128 ἐκείνου
3539 1078 3861 1140 εἰκόνισται,
3911 1079 4052 1147 πλὴν

2461 1169 2585 1221 ὅσον
2616 1170 2642 1220 ὁ
2675 1167 2773 1236 μὲν
2828 1166 3215 1236 ἀφελέστερος.
3254 1169 3281 1219 ὁ
3324 1168 3382 1219 δὲ
3429 1167 3720 1237 ἁδρότερος
3765 1168 3858 1221 καὶ
3906 1168 4048 1237 λαμ-

2462 1261 2748 1329 πρότερος.
2797 1258 3034 1329 Ἐξαίρει
3066 1258 3122 1310 δὲ
3154 1258 3245 1310 τὸν
3293 1257 3449 1326 λόγον
3488 1259 3546 1311 οὑ
3578 1263 3812 1328 τροπαῖς
3838 1264 3929 1313 καὶ
3959 1261 4052 1312 ἁλ-

2461 1352 2748 1420 ληγορίαις
2784 1356 2876 1405 καὶ
2934 1352 3350 1422 περιφράσεσιν,
3398 1353 3517 1404 οὐδὲ
3572 1355 3681 1415 τοῖς
3716 1354 4050 1423 ὑποϐάκχοις

2461 1445 2551 1497 καὶ
2584 1443 2938 1513 διθυράμϐων
2967 1446 3250 1513 ὀνόμασιν,
3278 1442 3415 1496 ἀλλὰ
3445 1446 3509 1514 τῇ
3544 1444 3778 1513 ἐμμελεῖ
3804 1446 4047 1516 συνθήκῃ

2462 1540 2555 1592 καί
2575 1539 2649 1608 τῷ
2677 1538 2777 1605 τῆς
2807 1538 3061 1609 φράσεως
3086 1538 3378 1607 ἀξιώματι.

2534 1627 2607 1693 ς’.
2647 1630 2853 1697 Ἐγωγ’
2891 1628 2983 1681 οῦν
3022 1630 3319 1700 βουλοίμην
3356 1632 3449 1682 καὶ
3511 1628 3786 1697 ἀγαπώην
3812 1630 3876 1682 ἃν
3911 1649 4046 1682 παν-

2460 1720 2743 1791 ηγυρίζειν
2778 1720 2876 1789 μὲν
2909 1720 2982 1783 ὼς
3014 1723 3040 1773 ὁ
3069 1720 3317 1786 θεολόγος
3346 1722 3665 1791 Γρηγόριος,
3712 1721 4048 1789 λαμπροῖρω-

2459 1814 2570 1864 νεῖν
2592 1812 2647 1863 δὲ
2676 1813 2750 1874 ὼς
2782 1815 2809 1865 ὁ
2844 1812 3016 1882 μέγας
3064 1813 3371 1874 Βασίλειος,
3425 1812 3740 1879 ἐξηγεῖσθαι
3780 1811 3834 1864 δὲ
3866 1810 4047 1872 θείους

765 1906 1068 1977 Nyssenus,
1095 1907 1517 1961 deliberativum
1574 1922 1745 1975 genus
1804 1914 2038 1959 tractare
2066 1916 2118 1961 et
2145 1907 2348 1961 oratio-
2378 1888 2424 1947 Β
2453 1922 2514 1974 χρ

2293 1922 2348 1961 0-
2378 1888 2424 1947 B
2453 1904 2738 1974 χρησμοὺς
2768 1903 2843 1966 ὡς
2882 1907 2909 1956 ὁ
2960 1904 3248 1965 Νυσσαεῦς
3295 1903 3623 1972 Γρηγόριος,
3679 1901 3933 1955 ἵστασθαι
3987 1900 4042 1952 δὲ

766 2013 889 2051 nem
927 1998 1162 2053 hilarare
1185 2000 1527 2070 simplicibus
1557 2006 1609 2053 et
1639 2000 2100 2055 inenarrabilibus
2129 2001 2342 2071 gratiis,
2454 2014 2515 2067 πε

2296 2017 2342 2068 ε,
2454 1998 2591 2067 προς
2626 1997 2688 2049 τὸ
2718 1996 3181 2066 συμϐουλευτικὸν
3216 1992 3356 2058 εἶδος
3388 1999 3480 2049 καὶ
3512 1994 3807 2064 ἁφηδὺνειν
3832 1995 3925 2044 τὸν
3957 1993 4044 2045 λό-

769 2101 826 2144 ut
860 2092 1045 2146 divina
1074 2091 1317 2162 Spiritus
1344 2092 1523 2147 sancti
1562 2093 1677 2163 lyra
1710 2091 2162 2162 Chrysostomus.
2451 2106 2516 2156 γο

2451 2106 2547 2156 γον
2578 2090 2698 2150 ταῖς
2726 2088 2926 2149 ἁπλαῖς
2951 2088 3045 2139 καὶ
3073 2086 3390 2156 ἀδιηγήτοις
3423 2087 3668 2156 χάρισιν,
3701 2084 3776 2147 ὠς
3809 2084 3841 2153 ἡ
3866 2083 4040 2153 χρυσῆ

2455 2179 2597 2251 λύρα
2632 2180 2725 2235 τοῦ
2759 2181 3096 2250 Πνεῦματος.

1422 2582 1773 2719 ΤΟΥ
1849 2581 2597 2717 ΙΩΑΝΝοΥ
2650 2580 3358 2716 ΨΕΛΛΟΥ

2288 2842 2519 2895 ΣΤΙΧΟΙ

1334 3011 1507 3097 ΕΙΣ
1594 3011 1888 3098 ΤΟΥΣ
1991 3008 2393 3095 ΑΓΙΟΥΣ
2455 3011 2765 3094 ΤΡΕΙΣ
2880 3008 3437 3094 ΙΕΡΑΡΧΑΣ.

1727 3369 2386 3495 JOANNIS
2525 3369 3080 3494 PSELLI

2238 3634 2540 3694 VERSUS

1393 3806 1523 3896 IN
1602 3802 2127 3895 SANCTOS
2218 3803 2516 3891 TRES
2595 3804 3394 3893 HIERARCHAS.

1760 3999 1911 4064 (Opp.
1937 3997 2186 4049 Theodori
2217 3998 2493 4057 Prodroml,
2529 4000 2613 4059 8°,
2640 4000 2850 4050 Basilete
2877 3999 3040 4061 1556.)

755 4311 922 4377 Tace,
955 4316 1252 4380 spectator,
1283 4314 1336 4360 et
1364 4304 1527 4360 breve
1554 4316 1715 4357 mane
1742 4310 1978 4374 tempus,

758 4405 832 4458 [Ve
861 4402 1085 4473 quando
1116 4400 1307 4454 turbes
1339 4398 1628 4468 pulchram
1662 4395 2125 4449 consuetudinem

756 4496 819 4549 Et
872 4496 1135 4548 mundum
1194 4490 1396 4545 damno
1432 4487 1642 4542 allicias
1707 4502 2029 4543 sermonum
2091 4487 2331 4543 Numine

1980 4578 2330 4652 [aﬂlatorunn

2514 4310 2671 4375 Σίγα,
2706 4309 2895 4376 θεατὰ,
2929 4311 3021 4364 καὶ
3052 4308 3263 4379 βραχὺν
3302 4310 3485 4379 μεῖνον
3518 4312 3732 4381 χρόνον,

2505 4402 2719 4466 Μήπως
2748 4401 2991 4472 ταράξῃς
3018 4402 3116 4471 τὴν
3143 4402 3315 4466 καλὴν
3352 4405 3662 4470 συνουσίαν,

2508 4490 2615 4543 Καὶ
2638 4490 2925 4561 ζημιώσῃς
2952 4493 3154 4557 κόσμον
3180 4491 3397 4554 ἐνθέους
3430 4493 3645 4559 λόγους.

756 4685 796 4738 Ε
827 4682 968 4737 crelo
1000 4680 1143 4734 enim
1183 4691 1378 4731 recens
1408 4676 1513 4729 hoc
1547 4674 1714 4729 tertio

758 4775 918 4829 Venit
946 4772 1182 4826 aﬂ‘erens
1216 4767 1421 4823 Paulus
1452 4767 1803 4831 aericursor;

758 4868 932 4921 Movet
997 4872 1178 4917 autem
1236 4875 1459 4916 manum
1489 4862 1553 4912 ad
1579 4858 1880 4929 Scriptum
1949 4858 2327 4913 ministerium

752 4959 915 5010 (trhis
942 4954 1274 5024 prodigium,
1316 4967 1547 5006 aureum
1582 4967 1680 5005 os:

755 5050 1039 5105 limulare
1065 5054 1321 5099 caeterum
1352 5058 1511 5113 quem
1558 5044 1906 5112 antejanuas
1942 5043 2113 5108 vides,

751 5144 886 5199 Cum
912 5141 1006 5193 illo
1039 5147 1222 5191 autem
1252 5136 1459 5189 mirare
1485 5142 1539 5189 et
1560 5135 1743 5188 animo
1773 5135 2041 5190 consiste.

2518 4676 2605 4743 Ἐξ
2641 4675 2870 4747 οὐρανοῦ
2903 4677 3011 4747 γὰρ
3039 4676 3162 4747 ἄρτι
3190 4676 3381 4729 τούτου
3413 4675 3507 4729 τοῦ
3531 4677 3717 4747 τρίτου

2506 4769 2669 4820 ’Ἡκει
2703 4765 2945 4835 κομίζων
2980 4769 3189 4830 Παῦλος
3214 4769 3623 4841 αἱθεροδρόμος,

2506 4862 2659 4914 Κινεῖ
2682 4861 2736 4913 δὲ
2760 4863 2916 4930 χεῖρα
2946 4861 3081 4931 πρὸς
3112 4861 3335 4931 Γραφῆς
3368 4862 3699 4933 ὑπίυργίαν-

2504 4951 2839 5021 Οἰκουμένης
2869 4949 2930 5001 τὸ
2965 4950 3149 5019 θαῦμα
3194 4952 3253 5004 τὸ
3287 4952 3523 5021 χρυσοῦν
3556 4953 3753 5023 στόμα,

2504 5040 2675 5109 Ζήλου
2701 5041 2761 5093 τὸ
2786 5040 2993 5103 λοιπὸν,
3018 5041 3079 5105 ὃν
3102 5041 3206 5113 πρὸ
3239 5043 3348 5095 τῶν
3381 5042 3563 5113 θυρῶν
3598 5042 3842 5113 βλέπεις,

2500 5132 2687 5203 Τούτῳ
2728 5133 2784 5185 δὲ
2818 5133 3164 5204 συνθαύμαζε
3204 5135 3297 5188 καὶ
3332 5137 3716 5205 συγκαρτὲρει.

1260 5269 1323 5325 1η
1356 5269 1810 5339 Chrysostomum.
2849 5270 2948 5334 Εἰς
2978 5286 3009 5321 τ

2849 5270 2948 5334 Εἰς
2978 5269 3084 5322 τὸν
3115 5271 3568 5340 Χρυσόστομον.

2500 5380 2576 5435 Ἦ
2614 5382 2863 5450 γλῶσσαν
2896 5381 3070 5453 εὑρὼν
3106 5382 3215 5453 πῦρ
3246 5384 3537 5450 πνέουσαν,
3566 5385 3848 5455 ζωγράφε,

2501 5476 2686 5545 Mdqu
2711 5476 2951 5545 ἀφῆκας,
2984 5475 3307 5545 εὐλαϐηθεὶς
3336 5478 3435 5548 τὴν
3464 5478 3671 5547 φλόγας

750 5392 829 5443 An
859 5390 1105 5459 linguam
1136 5393 1409 5454 repertam
1445 5384 1625 5452 ignem
1659 5384 1980 5453 spirantem,
2020 5390 2219 5456 pictor,

749 5481 931 5535 Solam
958 5476 1216 5540 emisisti,
1244 5484 1504 5529 metuens
1540 5472 1813 5527 ﬂammam
1845 5475 1867 5528 ?

748 5575 855 5623 Ant
892 5571 1074 5623 omnia
1116 5567 1327 5623 audens
1359 5566 1594 5622 ascribis
1624 5567 1769 5637 quod
1808 5583 1976 5623 urens
2007 5577 2113 5633 est,

750 5663 815 5717 Et
856 5668 1016 5717 sonat
1046 5662 1267 5730 quidem
1301 5668 1354 5713 et
1386 5660 1634 5729 loquitur
1662 5662 2129 5717 exhortationes?
2357 5668 2399 5723 ο

747 5755 853 5808 Sed
887 5762 971 5809 cst
1012 5766 1143 5807 voce
1171 5751 1361 5821 gracili
1390 5768 1454 5806 ex
1486 5751 1597 5806 cibi
1625 5753 1953 5808 abstinentia
1980 5770 1994 5819 ;

748 5852 917 5905 sicam
949 5856 1204 5903 caeterum
1234 5846 1377 5901 enim
1409 5859 1595 5902 aurem
1631 5860 1737 5901 non
1767 5847 2076 5917 prccbcbam
2104 5859 2119 5901 :

2502 5571 2573 5622 Ἢ
2604 5568 2781 5622 πάντα
2813 5569 3025 5640 τολμῶν
3058 5573 3436 5640 προσγράφεις
3464 5573 3555 5625 καὶ
3585 5574 3645 5624 τὸ
3675 5573 3893 5641 φλέγον·

2499 5664 2609 5715 Καὶ
2643 5660 2936 5730 φθέγγεται
2966 5660 3065 5730 μὲν
3090 5662 3187 5714 κα)⁸
3212 5662 3364 5715 λαλεῖ
3396 5664 3765 5734 παραινέσεις,

2514 5755 2652 5808 Ἀλλ’
2680 5754 2827 5807 ἔστιν
2861 5755 3187 5825 ἰσχνόφωνος
3218 5754 3276 5819 ἐξ
3308 5756 3538 5817 ἀσιτίας,

2514 5848 2675 5918 Ἐμὸν
2717 5849 2778 5909 τὸ
2800 5849 2983 5903 λοιπὸν
3010 5849 3069 5902 οὐ
3100 5849 3207 5919 γὰρ
3242 5848 3334 5912 οῦς
3363 5848 3749 5919 παρεσχόμηνς
