4430 6448
413 366 519 427 90’)

483 476 596 529 Νῦν
627 473 717 531 οὖν
755 478 1005 548 ὑποσχὼν
1031 479 1312 551 γνώσομαι
1341 483 1391 535 τί
1424 501 1515 553 μοι
1547 487 1692 553 λέγει
1723 507 1732 519 ·

478 568 651 621 Βασαί
680 570 691 621 !
736 572 1099 641 καταφρονεῖν
1128 589 1195 642 με
1227 574 1407 629 πείθει
1439 576 1531 630 τοῦ
1565 578 1706 649 βίου.

726 715 829 779 Εἰς
861 716 1194 783 Γρηγὸριον
1222 716 1330 770 τὸν
1362 719 1676 788 Θεόλογον.

481 828 550 881 Τί
579 844 661 880 σοι
682 828 743 881 τὸ
774 828 999 882 σύννουν
1034 829 1256 901 βλέμμα
1279 831 1552 903 βούλεται,
1579 832 1795 905 Πάτερς

481 923 674 989 Λέξειν
699 940 751 975 τι
794 922 984 977 καινοῦ
1013 924 1261 989 ὲκδιάζει
1300 943 1390 995 μοι
1418 928 1580 998 τάχα.

498 1017 639 1069 Ἀλλ’
657 1018 763 1069 οὐκ
795 1018 861 1071 ἂν
887 1016 1088 1089 εὕρῃς·
1120 1020 1230 1072 πᾶν
1263 1011 1374 1090 γάρ
1403 1020 1711 1091 ἀνθρώποις
1748 1021 1919 1089 ξένον,

493 1220 827 1292 Ἐγνώρισαν
858 1221 1164 1291 φθάσαντες
1188 1224 1238 1277 οἱ
1269 1223 1353 1277 σοί
1380 1239 1471 1295 μοι
1501 1224 1673 1292 λόγοι.

776 1361 883 1424 Εἰς
917 1360 1025 1413 τὸν
1052 1361 1249 1429 μέγαν
1276 1362 1622 1415 Βασίλειον.

491 1474 823 1545 Ἐπιπρέπει
853 1492 936 1537 τις
968 1476 1290 1544 σεμνοποιδς
1321 1475 1575 1547 ὼχρὸτης

492 1569 585 1635 Ἐξ
617 1571 948 1640 ἐγκρατείας
976 1571 1054 1637 τῷ
1078 1572 1228 1642 σοφῷ
1259 1573 1592 1643 διδασκάλῳ.

495 1664 637 1716 Ἀλλ’
666 1665 714 1716 εἰ
743 1664 964 1735 λαλήσει
997 1664 1096 1735 ζῇν
1125 1666 1276 1718 δοκεῖ
1294 1667 1401 1735 γὰρ
1437 1666 1531 1718 καὶ
1558 1667 1727 1729 τάπης

479 1756 671 1826 Τρυφὴ
708 1756 771 1809 τὸ
803 1760 1011 1827 χρῆμα,
1038 1758 1339 1826 τερπνότης
1371 1759 1404 1828 ἡ
1435 1758 1749 1828 φαιδρότης,

479 1848 688 1901 Οὐκοῦν
717 1849 783 1902 τά
815 1849 967 1918 χείλη
1002 1850 1139 1920 πρὸς
1163 1848 1357 1916 λόγους
1396 1853 1585 1915 κινεῖς,
1624 1850 1831 1919 Πάτερ,

477 1942 616 2003 τοὺς
644 1942 740 1994 καὶ
776 1941 954 2004 λίθους
985 1941 1275 2009 θέλγοντας
1300 1958 1314 1972 ·
1359 1941 1494 1994 ἀλλὰ
1525 1941 1599 2012 μὴ
1635 1941 1761 2008 λέγε

483 2035 664 2111 ’Ἄττερ
697 2033 966 2087 διδάσκων
992 2036 1068 2095 εἰς
1107 2033 1463 2103 συναίσθησιν
1494 2034 1670 2101 ἄγεις.

477 2126 707 2177 Δάκνειν
736 2126 844 2194 γάρ
871 2120 987 2177 οἶδα
1019 2124 1213 2191 ταῦτα,
1247 2126 1352 2179 κᾶν
1384 2126 1558 2196 στάζῃ
1587 2125 1729 2196 μέλι,

474 2216 599 2275 Τοῖς
624 2214 813 2266 ’ἐλκυσι
834 2213 1123 2283 βρύοντας,
1156 2214 1214 2279 ἐξ
1240 2208 1313 2267 ὧν
1346 2216 1665 2286 στυγνότης,

478 2307 619 2374 Πρὸς
644 2306 709 2376 ἣν
746 2308 1028 2377 ἐπαρθεὶς,
1052 2308 1147 2361 καὶ
1172 2308 1407 2379 γράφεις
1435 2306 1578 2361 οὕτω
1612 2309 1794 2378 μόνον.

878 2446 983 2508 Εἰς
1022 2444 1168 2512 τοὺς
1196 2446 1353 2514 τρεῖς
1381 2445 1524 2515 ἅμα.

478 2554 652 2625 Τριὰς
685 2555 785 2625 μὲν
817 2551 974 2626 εὗρεν
1013 2556 1340 2627 ἰσαρίθμους
1373 2557 1717 2629 συμμάχους,

492 2734 876 2805 ’Υπερμάχους
920 2738 966 2789 δ’
995 2738 1178 2807 ἵστησι
1204 2739 1388 2802 πίστις
1416 2739 1627 2803 ἐνθάδε,

491 2827 733 2893 Ἀνάξιον
770 2828 1004 2896 κρίνασα
1038 2831 1134 2884 καλ⁸
1159 2830 1349 2903 πόρῤω
1377 2832 1561 2900 λόγου,

475 2915 577 2974 Ὠν
606 2926 720 2986 τοῖς
748 2924 927 2987 ἄλλοις
959 2924 1179 2979 σύνεστι
1238 2926 1375 2998 μηδὲ
1414 2930 1529 2991 τοῖς
1552 2927 1767 2991 τύποις.

478 3103 641 3156 Ὅθεν
677 3106 1002 3174 γραφέντες,
1038 3107 1137 3178 ζῇν
1156 3108 1393 3173 δοκοῦσι,
1428 3109 1523 3162 καὶ
1557 3110 1735 3178 λέγειν

478 3195 654 3266 Ἀπερ
684 3199 939 3268 φέρουσιν
962 3201 1018 3253 αἰ
1048 3200 1340 3271 θεόγραφοι
1368 3201 1561 3271 βίϐλοι.

480 3290 698 3360 Ταύτην
726 3292 961 3360 ἀμοιϐὴν
994 3296 1106 3355 τοῖς
1130 3293 1472 3357 διδασκάλοις
1508 3294 1664 3364 νέμει

479 3381 679 3445 Εὔνους
709 3383 956 3453 μαθητὴς
984 3385 1202 3453 οἰκέτης
1240 3385 1515 3455 Ἰωάννης.

821 3520 927 3584 Εἰς
954 3519 1062 3570 τὸν
1099 3520 1553 3589 Χρυσόστομον.

488 3632 543 3682 ’θ
567 3630 801 3699 χρυσοῦς
828 3625 985 3695 οὗτος
1010 3632 1159 3702 ἥλιος
1186 3634 1294 3686 τῶν
1315 3634 1626 3703 δογμάτων,

491 3721 750 3775 Ἀκτίνεσ⁹
782 3723 968 3775 ἁπλῶν
996 3722 1203 3793 ἡθικῶν
1232 3724 1601 3794 διδαγμάτων,

478 3815 830 3875 Διασκεδάζει
868 3819 976 3869 πᾶν
1006 3817 1344 3886 φιλάργυρον
1374 3819 1559 3885 νέφος,

478 3909 588 3962 Καὶ
620 3910 948 3977 φωταγωγεῖ
975 3910 1109 3962 πᾶσι
1138 3909 1239 3980 τὴν
1280 3908 1575 3981 σωτηρίαν.

762 4045 867 4106 Εις
904 4042 1019 4111 τὴν
1055 4044 1242 4098 αὐτοῦ
1274 4046 1646 4115 καθαίρεσιν.

482 4154 582 4205 Τὸν
610 4152 762 4222 ἥλιον
785 4154 1063 4222 χραίνουσι
1106 4152 1445 4221 πλασμάτων
1480 4155 1682 4219 σπίλοι,

488 4245 600 4298 ’ωδ
627 4245 763 4298 ἀλλὰ
790 4245 1034 4314 φαιδρὸς,
1068 4247 1249 4299 πᾶσαν
1275 4246 1508 4313 αὖγάξει
1532 4248 1719 4317 χθόνα.

480 4339 555 4389 06
592 4339 697 4408 γὰρ
724 4337 1041 4407 ἀφανίζουσι
1071 4340 1358 4407 φωσφόρον
1388 4340 1547 4410 νέφη.

482 4419 784 4502 Στίλϐειγε
815 4435 1035 4503 χρυσὸς.
1077 4437 1243 4503 κᾶνγε
1275 4436 1472 4504 χαλκὸς
1496 4436 1711 4506 ἐκρίθη.

486 4528 593 4579 Καὶ
625 4527 857 4596 Χριστὸς
892 4527 1055 4590 αὐτὸς
1080 4528 1362 4597 δαιμονᾷν,
1395 4528 1520 4595 φεῦ,
1559 4528 1779 4599 ἐκρίθη,

482 4620 657 4685 Φάγος
693 4636 766 4678 τε,
794 4622 889 4672 καὶ
923 4619 1158 4686 φίλοινος
1191 4620 1223 4690 ἢ
1256 4611 1472 4690 πορνῶν
1513 4621 1688 4689 φίλος,

495 4712 763 4773 Ἀντίθεος
785 4712 846 4763 τὸ
869 4712 1075 4780 μεῖζον,
1107 4689 1327 4783 ἄν’)μοςὶ
1357 4713 1579 4775 πλάνος.

483 4803 801 4873 Κατεκρίθη
836 4803 1074 4873 σταυρόν
1108 4821 1168 4856 τε
1190 4804 1284 4857 καὶ
1321 4803 1520 4874 χλεύην
1549 4805 1724 4875 πόσην
1751 4822 1766 4871 ;

480 4984 589 5035 Καὶ
627 4985 814 5037 καινὸν
838 4986 1010 5049 οὐδὲν,
1043 4988 1091 5038 εί
1122 4985 1258 5039 Θεοῦ
1290 4985 1430 5047 θεῖος
1464 4985 1635 5056 θύτης

487 5076 688 5143 Ὅμοια
726 5077 924 5146 πάσχει
955 5078 1050 5131 καὶ
1081 5077 1424 5148 καθαιρεῖται
1455 5077 1667 5146 θρόνου.

1545 378 1625 436 IN
1661 376 1764 439 SS.
1803 378 2000 440 ΤΒΕὲ
2034 381 2562 446 HIERARCHAS.

3577 391 3686 455 910

2023 499 2069 551 Α
2097 489 2252 545 Nunc
2271 493 2437 565 igitur
2454 493 2791 552 submittens
2814 510 3146 567 cognoscam
3172 498 3306 569 quid
3339 499 3471 555 mibi
3498 502 3631 558 dicit
3664 521 3686 561 ε

2102 583 2260 654 Papae
2284 587 2296 639 !
2336 587 2625 657 despicere
2650 589 2784 643 mihi
2811 590 3008 646 suadet
3038 591 3181 647 hanc
3205 592 3397 649 vitam.

2510 722 2579 778 In
2603 723 2917 795 Gregorium
2943 726 3290 800 Tlteotogum.

2099 836 2241 904 Quid
2272 838 2378 893 sibi
2413 848 2530 893 vult
2557 843 2739 910 gravis
2771 842 2864 895 ille
2905 851 3193 913 aspectus,
3219 843 3386 899 Pater
3407 845 3432 897 τ

2100 928 2296 984 Dicere
2316 930 2529 1001 aliquid
2566 934 2695 987 novi
2737 936 2988 1003 erumpis
3016 936 3150 990 mibi
3178 937 3392 991 statim.

2101 1020 2206 1076 Sed
2232 1038 2339 1077 non
2372 1023 2661 1093 invenies;
2686 1028 2959 1099 quidquid
2995 1032 3140 1085 enim
3178 1031 3499 1087 hominibus
3547 1034 3688 1089 alie-

3497 1125 3681 1199 [num,

2097 1212 2296 1270 Notum
2334 1216 2467 1271 mihi
2500 1214 2774 1281 fecerunt,
2805 1215 3229 1286 praevenientes,
3263 1218 3345 1272 tui
3370 1233 3682 1275 sermones.

2557 1353 2624 1410 In
2648 1353 2898 1423 Magnum
2931 1355 3220 1410 Basiliam.

2101 1467 2263 1523 Decet
2287 1467 2509 1538 quidam
2537 1470 2875 1526 venerabilis
2898 1471 3075 1539 pallor

2097 1562 2175 1614 lix
2213 1561 2553 1615 continentia
2585 1564 2890 1631 sapientem
2915 1562 3266 1630 magistrum.

2095 1652 2165 1704 At
2194 1653 2239 1706 si
2280 1653 2494 1722 loquela
2536 1652 2715 1707 vivere
2751 1653 2968 1707 videtur
3006 1653 3236 1724 (etenim
3271 1663 3435 1725 typus

2096 1742 2359 1812 Voluptas
2390 1743 2623 1805 divitiae,
2651 1752 2816 1815 typus
2856 1744 3174 1815 delectatio)
3208 1746 3499 1801 hilaritas:

2021 1846 2068 1904 Β
2099 1832 2272 1901 Igitur
2298 1834 2441 1890 labia
2471 1835 2538 1889 ad
2571 1850 2858 1891 sermones
2886 1852 3096 1901 moves,
3126 1837 3317 1903 Pater,

2097 1926 2163 1978 Et
2191 1934 2378 1994 petras
2401 1926 2779 1981 emollientes:
2816 1927 2910 1982 sed
2940 1942 3008 1981 ne
3032 1926 3185 1981 dicas

2093 2017 2223 2084 Quae
2252 2018 2504 2073 docendo
2530 2019 2597 2073 ad
2630 2036 2891 2073 sensuum
2961 2021 3367 2090 perceptionem
3411 2020 3675 2077 adducis:

2093 2110 2343 2165 Mordere
2371 2112 2518 2164 enim
2559 2112 2673 2166 haec
2699 2112 2848 2175 novi,
2874 2114 3129 2181 quamvis
3152 2114 3256 2167 mel
3289 2113 3520 2177 stillent,

2089 2205 2531 2259 Attractionibus
2558 2205 2815 2271 refertos,
2858 2223 2922 2260 ex
2944 2207 3147 2277 quibus
3184 2220 3425 2260 maeror:

2089 2295 2374 2350 Adversus
2403 2311 2563 2366 quem
2591 2299 2910 2368 insurgens,
2939 2301 3021 2354 sic
3046 2308 3261 2353 tantum
3298 2298 3525 2355 scribis.

2609 2430 2675 2486 In
2712 2441 2816 2487 tres
2849 2433 3037 2487 simul.

2088 2545 2337 2604 Trinitas
2370 2549 2596 2619 quidem
2638 2548 2852 2603 invenit
2889 2563 3121 2605 numero
3175 2548 3422 2619 aequales
3466 2559 3677 2615 pr0pu-

3340 2639 3629 2711 [gnatores
3656 2654 3671 2689 :

2092 2736 2198 2791 Eos
2233 2743 2414 2791 autem
2447 2735 2680 2790 invictos
2706 2734 2892 2791 ellecit
2927 2736 3062 2791 ﬁdes
3093 2737 3193 2802 ibi,

2090 2829 2379 2899 Indignum
2410 2829 2664 2897 judicans
2696 2838 2750 2884 et
2776 2830 3103 2895 absurdum,

2090 2921 2198 2976 Eos
2231 2922 2323 2991 qui
2369 2922 2584 2976 caeteris
2609 2920 2895 2990 conjuncti
2962 2930 3113 2984 sunt,
3181 2935 3290 2975 non
3345 2920 3552 2988 pariter
3618 2918 3673 2971 in

2711 3011 3145 3085 [exemplaribus
3167 3028 3289 3067 esse
3319 3010 3669 3081 coniunctos.

2088 3106 2217 3161 Ideo
2248 3105 2451 3176 depicti
2494 3106 2684 3160 vivere
2714 3106 2975 3160 videntur
2997 3115 3051 3160 et
3080 3106 3270 3160 dicere

2015 3197 2059 3255 C
2091 3199 2223 3266 Quae
2246 3216 2358 3270 prae
2375 3215 2435 3254 se
2464 3199 2648 3253 ferunt
2676 3214 2705 3253 a
2744 3198 2854 3254 Deo
2877 3198 3073 3269 scripti
3106 3196 3276 3251 Libri.

2092 3292 2245 3350 Hanc
2276 3292 2696 3347 retributionem
2724 3292 2842 3346 suis
2876 3291 3161 3361 magistris
3182 3289 3381 3344 tribuit

2090 3386 2277 3441 Bonus
2313 3385 2622 3455 discipulus
2654 3384 2948 3440 familiaris
2978 3382 3244 3439 Joannes.

2600 3523 2665 3578 In
2697 3523 3149 3595 Chrysostomum.

2091 3641 2305 3693 Aureus
2332 3638 2423 3695 ille
2459 3640 2540 3694 sol
2578 3640 2914 3710 dogmatum,

2092 3733 2296 3787 Radios
2324 3732 2644 3802 expandens
2667 3734 2960 3786 moralium
2999 3730 3451 3802 disciplinarum,

2094 3825 2324 3893 Dissipat
2356 3839 2569 3878 omnem
2607 3840 2822 3878 avaram
2857 3826 3130 3889 nebulam,

2093 3916 2159 3969 Et
2192 3915 2464 3969 illuminat
2488 3914 2748 3970 omnibus
2777 3915 2916 3969 viam
2947 3916 3166 3969 salutis.

2095 4044 2160 4098 1η
2213 4045 2447 4114 ejusdem
2502 4043 2751 4111 (Joannis
2802 4045 3207 4117 Chrysostomi)
3262 4047 3669 4117 depositionem.

2093 4160 2271 4215 Solem
2316 4161 2608 4229 inquinant
2639 4160 3021 4228 ﬁgmentorum
3047 4161 3313 4227 maculae;

2094 4250 2193 4305 llic
2218 4260 2399 4306 autem
2429 4250 2749 4319 splendidus
2770 4260 2937 4306 totam
2966 4252 3211 4307 illustrat
3237 4261 3442 4308 terram
3469 4269 3488 4308 :

2090 4340 2209 4396 Non
2232 4343 2378 4396 enim
2402 4342 2710 4395 annibilant
2746 4342 3035 4396 luciferum
3070 4343 3372 4397 nubeculm.

2093 4432 2285 4500 Fulget
2308 4446 2525 4494 aurum,
2557 4433 2777 4487 tametsi
2810 4449 2885 4487 aes
2907 4433 3215 4501 iudicatum
3257 4444 3379 4501 est;

2018 4553 2062 4609 Β
2094 4524 2160 4578 Ει
2184 4523 2444 4579 Christus
2477 4524 2594 4592 ipse
2625 4524 2927 4578 daemonem
2967 4526 3167 4580 habere
3204 4525 3490 4595 judicatus
3552 4532 3658 4591 est,

2093 4616 2359 4677 Gulosus,
2388 4615 2641 4680 vinosus,
2667 4623 2977 4671 scortorum
3005 4630 3243 4681 amator,

2092 4707 2202 4762 Deo
2232 4707 2586 4763 adversarius
2646 4708 2846 4777 majus,
2882 4709 3059 4771 exlex,
3090 4710 3405 4775 erraticus:

2089 4799 2395 4854 Damnatus
2438 4808 2524 4854 est
2554 4799 2620 4854 ad
2650 4814 2899 4867 crucem,
2933 4809 2987 4855 et
3015 4799 3083 4855 ad
3135 4800 3434 4856 ludibrium
3491 4815 3658 4870 quan-

3474 4889 3616 4964 [tum
3637 4889 3654 4945 ι

2090 4982 2156 5037 Et
2188 4984 2327 5037 nihil
2370 5000 2595 5049 novum,
2625 4983 2671 5038 si
2704 4982 2796 5038 Dei
2824 4984 3050 5039 divinus
3077 4984 3420 5039 sacrificator

2091 5074 2304 5131 Similia
2340 5077 2543 5146 patitur
2573 5084 2627 5129 et
2660 5074 2885 5145 ejieitur
2927 5076 3146 5133 throno.

1497 5457 2041 5548 EJUSDEM
2120 5460 2531 5547 PSELLI

1048 5642 1583 5707 ENCOMIUMET
1621 5642 1989 5705 OFFICIUM
2023 5644 2402 5706 SYMEONIS
2439 5643 3016 5707 METAPHRAST/E

1395 5772 1526 5829 Vide
1577 5782 1783 5829 tomum
1836 5772 2019 5836 CXIV,
2088 5778 2193 5832 col.
2263 5776 2366 5832 183
2430 5785 2484 5833 et
2546 5774 2667 5832 199.
