4430 6448
775 396 875 462 911

2036 399 2464 460 MICHAELIS
2503 399 2772 459 PSELLI

3948 399 4053 462 9i2

1623 710 1926 828 ΤΟΥ
2002 711 2496 829 ΑΥΤΟΥ
2555 713 2670 826 Ψ
2675 703 3196 829 ΕΔΛΟΥ

2268 925 2575 999 moneam

1189 1099 1363 1185 ΕΙΣ
1437 1099 1662 1184 ΤΗΝ
1741 1095 1960 1182 ΤΗΣ
2054 1090 2373 1179 ΑΓΙΛΣ
2451 1092 2854 1180 ΣΟΦΙΑΣ
2968 1093 3628 1184 ΣΥΜΠΤΩΣΙΝ

1723 1423 2444 1553 EJUSDEM
2543 1424 3100 1553 PSELLI

2247 1665 2600 1726 MONODIA

945 1834 2077 1939 IN.COLLAPSIONEM
2190 1834 2642 1922 TEMPLI

2753 1835 3238 1929 SANCTxE
3349 1841 3879 1933 SOPIlI/E.

1708 2032 1832 2092 (L80
1863 2030 2078 2080 Αιιεηῗιιε
2111 2029 2159 2076 in
2205 2034 2307 2075 nol.
2333 2025 2391 2073 ad
2412 2026 2597 2089 Georg.
2623 2027 2897 2090 AcrOpolit.
2921 2030 3127 2096 p.281.)

854 2365 980 2420 Fuit
1014 2363 1181 2434 igitur
1265 2366 1320 2415 et
1375 2355 1660 2413 calamitas
1701 2351 2036 2412 calamitate,
2086 2358 2139 2403 ct
2181 2347 2364 2417 passio
2396 2345 2440 2398 Α

786 2459 1068 2531 passione,
1103 2464 1159 2510 et
1200 2453 1387 2508 luctus
1419 2450 1591 2514 luctu,
1634 2453 1690 2502 et
1736 2443 2058 2501 lamentatio
2092 2443 2366 2496 lamenta-

783 2555 957 2619 tione,
993 2560 1049 2607 et
1073 2549 1315 2618 eiulatus
1349 2545 1559 2614 ejulatu
1594 2543 1772 2612 major
1815 2549 1869 2596 et
1910 2537 2216 2592 molestior.
2247 2533 2369 2589 Cae-

787 2660 933 2704 teras
966 2646 1185 2713 quidem
1217 2640 1560 2697 calamitates
1586 2680 1600 2703 ,
1635 2646 1874 2706 quantas
1916 2633 2022 2688 fert
2077 2631 2366 2692 memoria,

787 2743 1008 2797 urbium
1069 2738 1410 2800 eversiones,
1447 2733 1775 2803 templorum
1830 2728 2228 2791 desolationes,
2264 2727 2369 2780 du-

789 2850 1005 2889 morum
1067 2833 1280 2902 lapsus,
1316 2828 1740 2884 simulacrorum
1797 2837 1984 2889 casus,
2044 2821 2369 2882 seditiones,

791 2928 1183 2990 abductioncs,
1231 2922 1585 2992 captivitates
1645 2919 2008 2989 cognovimus
2035 2927 2089 2968 et
2141 2915 2368 2970 scimus.

790 3022 1044 3076 Vidimus
1099 3035 1221 3089 qua:
1248 3033 1358 3071 non
1393 3028 1839 3086 speraveramus,
1880 3026 2060 3078 neque
2087 3020 2375 3078 exspecta-

791 3128 1073 3176 veramus,
1107 3123 1284 3178 neque
1321 3121 1563 3176 unquam
1587 3105 1638 3158 in
1665 3112 1901 3158 mentem
1940 3099 2372 3155 induxissemus:

793 3221 972 3274 neque
1059 3202 1235 3269 majus
1292 3200 1495 3254 malum
1555 3198 1746 3252 videre
1818 3203 1937 3250 erat
2012 3193 2160 3261 (aute
2228 3191 2372 3262 quod

795 3298 1020 3354 omnino
1084 3308 1309 3349 necesse
1372 3291 1570 3346 fuisset
1628 3302 1905 3360 quemque
1962 3286 2149 3356 mori),
2203 3302 2367 3354 quam

797 3391 953 3450 illud.
1013 3396 1262 3443 nostrum
1306 3385 1594 3446 mundum,
1625 3382 1850 3448 caelum,
1882 3381 2076 3444 solem,
2127 3387 2374 3432 nostrum

798 3487 1138 3561 praesidium,
1219 3480 1568 3549 confugium,
1617 3488 1864 3531 nostram
1914 3491 2088 3544 spem,
2161 3475 2376 3528 unicam

800 3583 1110 3637 animarum
1184 3574 1599 3637 adductionem,
1661 3569 1883 3624 unicam
1939 3569 2377 3636 Opitulationem,

802 3675 1214 3735 fulcimentum,
1271 3665 1745 3738 pr0pitiatorium,
1787 3662 2181 3733 perpulchrum
2243 3670 2379 3713 tum-

802 3770 974 3838 plum,
1029 3761 1522 3831 incomparabilem
1586 3757 1810 3812 domum
1872 3769 2035 3825 quam
2098 3753 2382 3807 aedificavit

803 3860 1006 3927 Sophia
1042 3857 1096 3911 in
1140 3871 1240 3910 suo
1283 3853 1527 3916 nomine,
1563 3860 1616 3905 et
1654 3850 1816 3920 cujus
1861 3858 2066 3916 septem
2118 3847 2239 3900 illas
2269 3844 2387 3899 suf-

807 3955 961 4010 fulsit
993 3953 1322 4016 columnas;
1369 3962 1536 4016 supra
1568 3959 1733 4015 quam
1779 3958 1912 3998 suas
1968 3943 2145 4011 ipsius
2188 3939 2386 3992 immo-

808 4048 941 4103 lavit
976 4045 1250 4107 victimas,
1291 4053 1345 4096 et
1393 4038 1654 4108 poculum
1717 4035 1958 4090 miscuit.
2006 4031 2051 4088 0
2107 4031 2296 4085 dolor!
2357 4048 2399 4081 o-

807 4139 1130 4196 calamitas!
1165 4152 1198 4189 o
1228 4131 1551 4203 magnitudo
1584 4129 1853 4183 malorum
1887 4128 1900 4180 ι
1956 4125 1998 4180 Ο
2056 4125 2216 4178 Ilias!
2267 4123 2394 4192 quis

807 4249 917 4290 non
950 4241 1004 4287 et
1053 4245 1206 4285 suam
1257 4229 1499 4295 linguam
1536 4220 1804 4287 dedisset,
1839 4227 1898 4274 ut
1928 4235 1994 4274 ne
2028 4219 2347 4286 loqueretur
2376 4233 2390 4276 ς

809 4328 934 4398 quis
964 4342 1071 4382 non
1124 4324 1291 4379 etiam
1327 4321 1504 4375 libens
1574 4316 1772 4372 fuisset
1824 4314 2156 4374 suffocatus,
2205 4313 2390 4382 prius-

811 4436 975 4493 quam
1037 4435 1168 4471 voce
1213 4414 1548 4482 exprimeret
1599 4407 1859 4462 bocillud
1912 4405 2057 4475 quod
2102 4405 2245 4458 Deus
2282 4404 2394 4458 ele~

811 4524 987 4589 gerat,
1037 4510 1182 4582 quod
1248 4506 1658 4577 frequentabat,
1717 4503 1770 4556 in
1807 4518 1940 4570 quo,
1989 4509 2048 4554 ut
2097 4499 2280 4570 potius
2307 4499 2388 4550 di-

811 4606 1072 4667 eeudum,
1119 4601 1422 4661 habitabat,
1456 4598 1509 4650 in
1557 4611 1666 4666 quo
1702 4594 1806 4650 sibi
1845 4593 2244 4662 complacebat,
2337 4591 2391 4642 in

812 4717 922 4769 quo
953 4697 1303 4757 versabatur,
1338 4694 1392 4746 in
1453 4690 1603 4760 quod
1650 4687 1898 4758 seposita
1926 4693 2083 4740 erant
2107 4684 2390 4754 pretiosis-

814 4797 977 4859 sima,
1006 4792 1187 4845 oleum
1242 4787 1556 4848 odoratum,
1606 4782 1872 4846 chrisma,
1933 4780 2115 4843 regale
2171 4780 2390 4848 inquam

812 4895 866 4941 ct
910 4881 1274 4945 sacerdomle,
1316 4877 1438 4933 dico
1490 4873 1906 4946 prodigiosum,
1955 4869 2049 4924 Dei
2083 4884 2286 4938 corpus
2339 4877 2393 4922 et

814 4977 1083 5047 sanguis:
1147 4975 1202 5028 in
1259 4986 1370 5043 quo
1417 4967 1806 5024 immolabatur
1835 4965 1928 5019 ille
1963 4963 2100 5032 ipse.
2152 4960 2288 5027 Quis
2313 4960 2400 5014 di-

813 5087 938 5127 cere
978 5067 1201 5123 audebit
1237 5071 1494 5119 eventum
1528 5059 1707 5126 ’ἔρειπε
1730 5057 1917 5112 tulerit
1947 5055 2130 5110 anima
2147 5053 2394 5123 proferre
2426 5086 2468 5144 ε

814 5159 1052 5216 vocem?
1111 5157 1245 5211 illud
1307 5155 1602 5214 famosum,
1649 5149 1986 5219 percelebre,
2050 5147 2393 5209 inviolabile,

816 5254 1036 5318 cecidit,
1091 5251 1176 5304 hci
1212 5248 1371 5302 mibi!
1421 5245 1616 5300 cecidit
1672 5252 1831 5298 terra:
1866 5250 2014 5296 motu
2041 5256 2393 5302 concussum,

816 5347 1171 5402 succussione
1230 5353 1390 5394 terra
1432 5339 1678 5392 avulsum
1710 5355 1722 5389 :
1759 5343 1811 5391 et
1841 5335 1932 5401 qui
1977 5334 2200 5401 inspicit
2232 5347 2396 5400 super

818 5451 1043 5502 terram,
1109 5434 1202 5505 qui
1235 5448 1352 5487 eam
1401 5437 1732 5490 commovet,
1758 5443 1866 5482 non
1900 5434 2112 5497 gratum
2179 5424 2392 5490 habuit,

819 5548 929 5588 non
967 5537 1262 5586 veneratus
1288 5535 1394 5588 est,
1423 5540 1534 5578 non
1574 5524 1838 5578 misertus
1882 5528 1964 5577 est
1993 5520 2127 5574 illud
2172 5519 2396 5572 cadens.

821 5627 900 5680 Ad
933 5635 983 5678 ta
1030 5632 1234 5680 tamen.
1291 5636 1324 5675 ο
1375 5615 1634 5680 Verbum,
1703 5613 1961 5684 templum
2004 5613 2097 5666 Dei
2133 5620 2188 5666 et
2241 5626 2402 5679 agger

824 5715 1026 5769 factum
1086 5721 1141 5768 et
1183 5712 1537 5772 dissolutum,
1585 5717 1638 5762 et
1691 5707 1759 5761 ad
1814 5707 2002 5776 ipsum-
2040 5719 2236 5757 rursus
2281 5703 2400 5772 pul-

822 5821 1006 5862 verem
1039 5814 1418 5873 assurgentem
1470 5807 1525 5855 et
1561 5814 1784 5855 sursum
1842 5798 2072 5862 elatum,
2110 5810 2218 5849 non
2239 5810 2396 5847 aver-

823 5907 980 5958 satus
1009 5907 1113 5964 est,
1169 5913 1276 5952 non
1307 5901 1670 5964 compunctus
1705 5901 1792 5947 est
1845 5889 1913 5946 de
1970 5898 2021 5944 te
2080 5888 2398 5944 misericors

2569 2354 2648 2405 Ην
2683 2351 2801 2424 ’ἄρα
2862 2351 2958 2405 καὶ
3012 2351 3272 2422 συμφορὰ
3354 2350 3676 2420 συμφορᾶς,
3751 2350 3843 2401 καὶ
3889 2351 4058 2415 πάθος

2478 2447 2707 2512 πάθους,
2739 2445 2833 2498 καὶ
2867 2445 3011 2516 λύπη
3039 2444 3242 2515 λύπης,
3264 2445 3357 2497 καὶ
3396 2443 3645 2513 οἰμωγῆς
3684 2442 3922 2514 οἰμωγὴ,
3968 2447 4062 2496 καὶ

2479 2541 2678 2612 θρῆνος
2705 2542 2904 2610 θρήνου
2932 2541 3134 2609 μείζων
3161 2558 3220 2593 τε
3261 2541 3356 2592 καὶ
3379 2537 3818 2608 ἀργαλεώτερος.
3853 2537 3961 2591 Καὶ
3992 2539 4060 2590 τὰ

2483 2636 2582 2706 μὲν
2607 2634 2741 2687 ἄλλα
2767 2635 2876 2686 τῶν
2901 2633 3264 2702 παθημάτων,
3295 2633 3396 2684 ὅσα
3428 2633 3520 2684 καὶ
3577 2631 3812 2700 μνῆμαι,
3834 2631 4062 2699 φέρουσι

2481 2730 2689 2783 πόλεων
2719 2728 3103 2798 κατασκαφὰς,
3123 2728 3269 2780 ναῶν
3287 2729 3385 2797 ὲρη
3396 2725 3619 2795 μὼσεις,
3640 2724 3805 2777 οἴκων
3823 2719 4058 2791 ὲρειττώ-

2482 2840 2618 2888 σεις,
2647 2822 2980 2890 ἀγαλμάτων
3015 2821 3384 2889 συμπτώσεις,
3419 2819 3661 2880 στάσεις,
3731 2814 4062 2881 ἀπαγωγὰς,

2482 2917 2863 2986 αἰχμαλωσίας
2895 2915 3215 2985 ἐγνώκαμεν
3244 2932 3302 2966 τε
3331 2915 3426 2965 καὶ
3461 2913 3705 2980 οἴδαμεν.
3771 2909 4001 2976 Εἵδομεν
4030 2905 4065 2959 ἂ

2483 3010 2581 3062 οὐκ
2622 3008 2954 3078 ἠλπίσαμεν,
2985 3008 3105 3060 οὐδὲ
3139 3006 3649 3077 προσεδοκήσαμεν,
3685 3003 3785 3055 οὐκ
3814 3001 3878 3054 ἄν
3932 3015 4061 3052 ποτε

2483 3105 2563 3165 εἰς
2596 3103 2720 3154 νοῦν
2751 3098 3182 3168 ἀνετυπώσαμεν
3213 3114 3226 3129 ⁸
3273 3098 3368 3152 καὶ
3399 3101 3459 3150 οὐ
3502 3097 3690 3164 μεῖζον
3750 3095 3922 3146 κακὲν
3968 3094 4068 3145 οὐκ

2483 3192 2553 3267 ἦν
2610 3195 2738 3249 ἰδεῖν
2772 3194 2863 3246 καὶ
2887 3189 2948 3247 οὗ
2987 3191 3387 3264 προαποθανεῖν
3419 3191 3640 3253 πάντως
3673 3188 3740 3242 ἂν
3792 3185 4071 3256 ἠνέγκατε,

2485 3307 2591 3352 τις.
2623 3291 2655 3360 ἦ
2685 3287 2866 3353 τοῦτο,
2899 3287 2993 3339 τδν
3037 3285 3243 3354 κόσμον
3293 3281 3475 3353 ἡμῶν,
3529 3283 3620 3333 τὸν
3674 3279 3924 3350 οὐρανὸν,
3979 3275 4069 3328 τὸν

2485 3382 2656 3452 ἣλιον,
2693 3379 2790 3451 τὴν
2824 3379 3058 3448 σκέπην,
3100 3379 3194 3429 καὶ
3233 3376 3565 3444 καταφυγὴν
3595 3372 3776 3442 ἡμῶν,
3843 3370 3943 3440 τὴν
3991 3369 4076 3421 ὲλ-

2490 3476 2638 3539 πέδα,
2670 3475 2768 3545 τὴν
2800 3474 2966 3543 μόνην
2987 3471 3374 3542 ψυχαγωγίαν,
3407 3470 3508 3536 τὴν
3551 3467 3720 3537 μόνην
3761 3463 4071 3533 ἀντίληψιν.

2488 3571 2549 3623 τὸ
2573 3569 2825 3639 ἔρεισμα,
2857 3567 2918 3620 τὸ
2946 3567 3286 3636 ἱλαστήριον,
3312 3564 3403 3616 τὸν
3429 3561 3733 3633 περικαλλῆ
3759 3557 3918 3619 νεὼν,
3981 3557 4072 3608 τὸν

2492 3661 2826 3730 ἀσύγκριτον
2857 3654 3027 3723 οἷκον,
3059 3657 3116 3709 ὃν
3149 3655 3502 3725 ᾠκοδόμησεν
3554 3656 3587 3723 ἡ
3629 3651 3800 3720 Σοφία
3849 3649 3942 3702 ἐπὶ
3995 3645 4074 3715 τῷ

2489 3755 2687 3821 ἑαυτῆς
2719 3756 2970 3819 ὀνόματι,
3006 3750 3098 3803 καὶ
3150 3743 3211 3802 οὗ
3267 3748 3533 3816 ὑπήρεισε
3582 3744 3708 3804 τοὺς
3754 3742 3894 3794 ἐπτὰ
3943 3739 4073 3790 στύ-

2489 3851 2613 3913 λους
2637 3850 2881 3910 ἐκείνους
2905 3864 2918 3878 ο
2953 3846 3094 3914 ὑπὲρ
3134 3838 3196 3897 οὗ
3232 3845 3326 3896 καὶ
3352 3843 3554 3909 ἑαυτῆς
3583 3836 3785 3906 ἔσφαξε
3857 3835 4076 3903 θύματα

2492 3945 2582 3996 καὶ
2609 3945 2697 3993 τὸν
2727 3940 2976 4009 κρατῆρα
2997 3938 3260 4007 ἐκέρασεν
3282 3953 3295 3967 ο
3321 3935 3366 3987 ὣ
3423 3935 3518 3986 τοῦ
3574 3933 3781 3989 πάθους
3809 3932 3821 3985 !
3869 3930 3913 3982 ὣ
3973 3932 4076 3998 τῆς

2496 4035 2779 4104 συμφορᾶς
2805 4035 2817 4086 !
2841 4033 2888 4085 ὦ
2917 4029 3012 4084 τοῦ
3046 4028 3312 4100 μεγέθους
3336 4026 3447 4080 τῶν
3489 4026 3703 4079 κακῶνῑ
3745 4024 3790 4076 ὣ
3811 4024 3912 4090 τῆς
3955 4021 4080 4074 Ἰλι-

2495 4129 2619 4192 άδος
2644 4131 2655 4182 ι
2693 4129 2791 4190 Τις
2819 4128 2920 4180 οὐκ
2953 4124 3020 4180 ἂν
3041 4123 3137 4177 καὶ
3166 4127 3266 4194 τὴν
3295 4122 3543 4189 γλῶτταν
3565 4119 3798 4188 ὲνδώκῃ,
3829 4117 3969 4168 ὥστε
4001 4116 4075 4185 μὴ

2496 4224 2696 4285 εἶπεῖν;
2731 4223 2827 4283 Τὶς
2857 4221 2958 4273 οὐκ
2998 4218 3064 4272 ἂν
3102 4218 3200 4270 καὶ
3235 4214 3377 4268 ἑκὼν
3412 4212 3728 4280 ἐμπνιγεὶη,
3759 4210 3888 4278 πρὶν
3917 4208 4078 4260 ἐκλα-

2497 4316 2658 4383 λῆσαι
2685 4313 2872 4367 τοῦτον
2902 4314 3110 4366 ἐκεῖνον
3138 4310 3197 4362 ὄν
3218 4311 3244 4362 6
3270 4307 3401 4369 Θεὸς
3430 4304 3728 4369 ἐξελέξατο,
3852 4299 4076 4366 ἐπεφοί-

2497 4426 2585 4468 τα.
2611 4403 2653 4476 ᾧ
2697 4408 2902 4476 μᾶλλον
2937 4406 3113 4460 εἰπεῖν
3144 4402 3418 4470 ἐνεδήμει,
3451 4393 3495 4467 ᾧ
3535 4397 3822 4468 ἠρέσκετο,
3981 4395 4078 4445 ἑπ-

2499 4504 2780 4570 ετέρπετο,
2803 4500 2882 4560 εἰς
2915 4497 2973 4549 ὃν
2996 4495 3258 4548 ἀπέκειτο
3304 4493 3373 4543 τὰ
3408 4487 3736 4556 τιμιώτατα,
3767 4487 3829 4538 τὸ
3881 4483 4077 4552 μῦρον,

2498 4592 2557 4643 τὸ
2597 4590 2840 4659 χρίσμα,
2873 4587 2934 4638 τὸ
2969 4581 3250 4656 βασιλικὸν
3298 4579 3441 4646 λέγω
3483 4576 3576 4629 καὶ
3619 4572 3911 4645 ἱερατικὸν,
3940 4572 4079 4622 εἴπω

2498 4684 2558 4737 τὸ
2589 4654 2894 4751 ⁵ιεοιρόιδοξον
2925 4654 2985 4730 τδ
3012 4676 3108 4730 τοῦ
3139 4672 3278 4728 Θεοῦ
3311 4672 3471 4741 σῶμα
3521 4669 3617 4722 καὶ
3681 4662 3856 4736 αἷμας
3915 4665 3973 4715 ιν

2498 4777 2689 4830 ἐθύετο
2705 4767 2883 4835 οὗτος.
2921 4771 3016 4835 Τίς
3041 4771 3213 4824 εἰπεῖν
3268 4765 3531 4835 τολμήσει
3586 4761 3649 4814 τὸ
3684 4757 3942 4828 verost;
3983 4755 4080 4817 Τξς

2497 4872 2698 4939 ἐνέγκῃ
2727 4865 2874 4938 ψυχὴ
2904 4861 3262 4933 προενεγκεῖν
3290 4857 3389 4928 τὴν
3425 4855 3646 4925 φωνήν;
3694 4845 3863 4912 Οὗτος
3897 4851 3925 4902 δ
3956 4845 4080 4901 διώ-

2499 4981 2689 5036 νυμος,
2720 4964 2749 5016 δ
2773 4958 3116 5030 περιϐόητος,
3147 4954 3176 5006 ὁ
3209 4952 3430 5014 ἄσυλος,
3459 4951 3676 5011 ἔπεσεν,
3698 4945 3845 5015 οἴμοι
3877 4942 4076 4998 ιέπεσε

2505 5034 2715 5126 σεισμῷ
2743 5051 3050 5122 κλονηθεὶς,
3083 5048 3186 5101 καὶ·
3221 5043 3454 5115 βρασμῷ
3473 5042 3580 5110 γῆς
3616 5036 3897 5106 τιναχθεξς
3927 5052 3940 5066 ·
3981 5034 4083 5087 καὶ

2507 5152 2532 5202 ὁ
2563 5145 2872 5200 ἐπιϐλέπων
2918 5142 3012 5195 ἐπὶ
3047 5139 3146 5210 τὴν
3176 5137 3281 5206 γῆν
3315 5135 3408 5190 καὶ
3437 5133 3606 5187 ποιῶν
3631 5130 3803 5198 αὐτὴν
3829 5130 4088 5197 τρέμεινν

2505 5241 2605 5293 οὐκ
2663 5236 2986 5304 ηὐδόκησεν,
3051 5231 3151 5284 οὐκ
3205 5227 3407 5300 ᾐδέσθη
3457 5223 3717 5297 ἄρα,οὺκ
3756 5221 3955 5290 ἠλέησε
3991 5219 4084 5270 πί-

2508 5344 2709 5383 πτοντα
2735 5343 2757 5379 .·
2792 5325 2930 5394 πρὸς
2981 5321 3040 5376 σέ
3071 5322 3200 5391 γὰρ,
3236 5322 3264 5372 ὁ
3297 5319 3492 5385 Λόγος,
3526 5314 3653 5376 ναὸς
3685 5311 3779 5364 τοῦ
3805 5309 3942 5362 Θεοῦ
3983 5310 4077 5362 καὶ

2505 5421 2664 5492 χῶμα
2695 5419 2990 5488 γενόμενον
3019 5415 3113 5470 καὶ
3156 5411 3558 5481 διαλελυμένον,
3601 5407 3694 5460 καὶ
3726 5405 3862 5476 πρὸς
3917 5402 4079 5455 αὐτὸν

2499 5515 2661 5568 πάλιν
2710 5511 2984 5582 κονιορτὸν
3015 5509 3303 5579 αἰρόμενον
3333 5503 3430 5558 καὶ
3485 5499 3913 5570 ἀναφερόμενον,
3980 5496 4079 5548 οὐκ

2497 5606 2848 5677 ἀπεστράφη,
2885 5605 2946 5657 οὐ
2976 5600 3253 5670 κατενύγη
3284 5598 3377 5651 ἐπὶ
3417 5597 3502 5649 σοὶ
3556 5597 3584 5647 ὀ
3637 5591 4016 5659 εὔσπλαγχνος
4053 5604 4065 5616 ·

2499 5702 2693 5759 ἄθυτος
2713 5701 2800 5752 διὰ
2825 5698 2984 5750 τοῦτο
3002 5696 3152 5748 ἔσται
3181 5693 3274 5745 καὶ
3295 5688 3750 5758 ἀκαλλιέργητοςζ
3776 5683 3870 5736 καὶ
3887 5682 4079 5749 διαμε-

2501 5796 2581 5846 νεῖ
2613 5789 2983 5861 ὰμελῴδητος,
3027 5788 3120 5839 καὶ
3178 5784 3436 5854 ἄψαλτος,
3488 5780 3583 5834 καὶ
3624 5775 4076 5846 ἀπροσφώνητοςι

2509 5887 2605 5941 καὶ
2643 5884 3074 5956 ἀπροσαύδητος.
