4430 6448
452 412 556 472 913

1349 411 1428 468 IN
1472 409 2046 470 COLLAPSIONES!
2089 407 2373 470 TEMPLI
2412 413 2471 470 S.
2511 411 2828 474 SOPHIE.

3600 411 3718 474 ιιι

531 524 768 583 Ἀνθ’ὦν
800 529 898 581 οὐκ
935 529 1102 581 ἔπαθέ
1135 547 1184 580 τι
1210 528 1301 581 ἐπὶ
1337 532 1399 597 τῇ
1433 529 1692 599 συντριϐῇ
1725 547 1819 582 σου
1849 546 1861 559 ο
1921 530 2039 580 ἀλλ’
2069 530 2113 584 Α
2145 529 2257 585 ille.

1972 530 2039 580 ι.).’
2069 530 2113 584 Α
2145 529 2257 585 ille.
2312 530 2439 586 Sine
2469 531 2744 586 sacrificio
2779 539 3068 600 preplerea
3107 533 3210 585 erit
3239 541 3294 587 et
3327 533 3446 589 sine
3474 534 3721 601 pulchris

451 624 613 693 ἔθηκε
633 623 689 674 τὸ
713 621 1001 690 πρόσωπον
1019 621 1182 673 αὑτοῦ
1205 621 1278 682 ὡς
1298 621 1547 691 στερεὰν,
1576 622 1803 690 πέτραν,
1825 623 1893 674 ἵν’
1919 622 2032 690 εἱδῇ

452 717 546 767 καὶ
569 716 754 776 αὑτὸς,
778 717 825 767 εἰ
854 717 946 766 καὶ
972 714 1086 778 νῦν,
1119 715 1194 777 ὡς
1225 715 1422 776 ἔοικεν,
1458 715 1828 784 ἐπιλέλησται,
1851 716 1917 769 ἵν’
1939 717 2033 768 άν-

492 807 739 875 (δωπίνως
809 807 950 859 εἴπω
1009 808 1102 860 καὶ
1135 805 1460 876 περιπαθῶς
1504 821 1516 833 ·
1554 805 1629 869 ὠς
1661 805 1947 875 ἄνθρωπός
1975 822 2034 857 τε

452 916 669 966 εγενετο
709 899 906 951 καὶτὰ
943 903 1233 968 σωματικὰ
1278 898 1602 962 άνεδέξατο”
1665 899 1824 967 ὑμεῖς
1877 898 1933 951 δὲ
1987 899 2035 950 οἱ

451 991 556 1041 υῑο¹ι
591 989 730 1041 Σιὼν
762 991 810 1042 οἱ
842 991 1032 1060 τίμιοι,
1062 993 1110 1042 οἱ
1136 991 1463 1061 λειτουργοὶ,
1508 991 1604 1044 καὶ
1679 991 1871 1058 ἱερεῖς,
1941 991 2034 1043 καὶ

448 1083 606 1135 θύται
638 1083 732 1135 τοῦ
767 1084 1005 1153 μεγάλου
1036 1083 1128 1136 καὶ
1151 1084 1341 1136 καινοῦ
1366 1083 1740 1152 θύματος,καἰ
1767 1084 1819 1136 εῐ
1846 1100 1898 1134 τι
1919 1083 2034 1135 ἐτε-

453 1193 543 1244 ρον
578 1179 634 1228 ἐν
660 1177 953 1241 διακόνοις,
998 1180 1092 1230 καὶ
1142 1178 1518 1233 ὑποδιακόνοιε
1556 1181 1670 1240 τοῖς
1721 1178 1936 1246 αἴρουσι
1968 1178 2034 1230 τά

452 1267 618 1338 σκεύη
650 1269 742 1321 καὶ
774 1270 1096 1339 καθαίρουσι
1123 1271 1217 1324 καὶ
1251 1272 1596 1340 μελονργοῖς,
1628 1269 1722 1323 καὶ
1746 1271 2031 1338 μελῳδοῖς.

451 1363 545 1415 καὶ
572 1363 801 1430 ψάλταις
831 1363 1083 1432 σύστημά
1114 1381 1193 1425 τε,
1231 1365 1323 1416 καὶ
1354 1365 1735 1435 πλήρωμα,ο’ί,
1759 1364 1834 1426 ὡς
1865 1365 2033 1434 Ἰερε-

455 1456 582 1522 μίας
601 1458 754 1522 φησὶ,
785 1458 882 1519 τὰς
902 1457 1140 1523 ὑψώσεις
1161 1456 1254 1510 τοῦ
1273 1457 1409 1510 Θεοῦ
1436 1460 1493 1508 ἐν
1519 1456 1596 1526 τῷ
1615 1458 1851 1526 λάρυγγι
1880 1475 2036 1528 περι-

450 1547 734 1614 φέροντες,
761 1547 862 1600 ποῦ
897 1547 993 1599 νῦν
1019 1549 1376 1617 μετετέθητε;
1407 1549 1511 1602 ποῦ
1540 1551 1633 1601 νῦν
1669 1550 2030 1619 ἁθροίζεσθε;

450 1640 566 1701 πῶς
629 1641 874 1708 ἐστράφη
936 1642 1014 1702 εἰς
1075 1641 1269 1703 πένθος
1305 1643 1336 1711 ἡ
1379 1645 1522 1711 χαρά
1549 1644 1737 1712 ὑμῶν;
1803 1643 1919 1706 πῶς
1975 1645 2030 1696 αἱ

447 1733 631 1801 ἑορταὶ
663 1735 741 1794 είς
777 1733 1006 1802 θρῆνονς
1041 1734 1102 1786 οὑ
1138 1733 1302 1786 καλὸν
1333 1730 1400 1806 ἦν
1446 1737 1575 1804 ὑμῖν
1616 1736 1708 1788 καὶ
1754 1738 1899 1789 ὅσιον
1957 1737 2032 1798 ὼς

446 1826 540 1875 καὶ
570 1826 696 1892 ἐμοὶ
731 1828 826 1877 καὶ
853 1827 1019 1879 πᾶσιν
1043 1825 1187 1891 ἔδοξε
1225 1829 1643 1898 προαποθανεῖν,
1675 1829 1707 1898 ἢ
1747 1828 2030 1881 συνθανεῖν

2145 623 2543 686 oblationibus,
2581 634 2634 677 et
2662 623 2905 678 manebit
2940 622 3059 678 sine
3090 625 3372 688 melodiis,
3420 625 3542 681 sine
3571 629 3722 696 psal-

2148 718 2272 779 mis,
2327 716 2448 770 sine
2497 713 2966 767 invocationibus.
3021 712 3128 766 Pro
3160 715 3363 782 quibus
3389 716 3724 773 nihildoluit

2144 809 2210 861 de
2243 818 2331 860 tua
2390 804 2790 866 confractioue,
2854 807 2948 859 sed
3020 807 3202 874 posuit
3279 807 3490 860 vultum
3559 824 3720 865 suum

2143 899 2300 968 quasi
2327 900 2526 953 duram
2575 907 2809 970 petram,
2843 906 2900 951 ιιι
2937 898 3118 954 videat
3147 898 3348 968 etipse,
3371 906 3554 954 utrum
3578 917 3726 957 nunc

2144 993 2306 1044 etiam
2364 991 2570 1047 oblitus
2618 998 2724 1053 est,
2777 1001 2833 1042 ut
2895 989 3133 1045 humane
3196 991 3376 1045 dicam
3428 999 3484 1046 et
3528 992 3722 1050 affecto

2145 1087 2361 1138 animo:
2392 1094 2450 1138 ut
2483 1086 2646 1138 homo
2677 1085 2856 1139 factus
2891 1093 2998 1150 est,
3035 1094 3090 1138 et
3120 1085 3432 1156 corporalia
3460 1086 3566 1141 sibi
3627 1102 3723 1143 ac-

2145 1181 2292 1249 cepit
2325 1195 2338 1230 :
2379 1194 2477 1233 vos
2518 1187 2729 1244 autem,
2766 1178 2859 1231 filii
2898 1175 3030 1230 Sion
3085 1179 3260 1239 chari,
3299 1194 3397 1232 vos
3454 1178 3720 1242 ministri,

2145 1281 2198 1326 et
2233 1269 2574 1333 sacerdotes,
2600 1279 2654 1323 et
2678 1269 3089 1324 sacrificatores
3122 1269 3272 1323 illius
3303 1269 3480 1338 magni
3507 1280 3560 1324 et
3591 1271 3719 1326 novi

2145 1363 2426 1425 sacrificii,
2469 1372 2520 1417 et
2542 1363 2587 1416 si
2613 1377 2734 1430 qum
2772 1362 2892 1414 alia:
2919 1362 2970 1414 in
3020 1360 3273 1416 diaconis
3309 1369 3365 1416 et
3418 1363 3720 1418 subdiaco-

2147 1455 2231 1507 nis
2268 1454 2659 1507 attollentibus
2694 1467 2826 1506 vasa
2859 1459 2911 1505 ct
2940 1452 3392 1520 purificantibus,
3438 1462 3492 1507 et
3523 1465 3718 1509 canto-

2145 1548 2320 1610 ribus,
2373 1555 2426 1600 et
2467 1545 2775 1600 carminum
2811 1542 3272 1608 modulatoribus,
3309 1544 3644 1613 compositio
3666 1554 3720 1600 ct

2147 1638 2451 1707 plenitudo,
2501 1653 2596 1692 vos
2626 1637 2746 1708 qui,
2793 1644 2853 1690 ut
2906 1637 2984 1690 ait
3040 1633 3719 1701 Jeremias,exaltationes

2147 1732 2239 1785 Dei
2302 1732 2354 1784 in
2385 1730 2638 1784 faucibus
2703 1730 2905 1783 vestris
2950 1726 3350 1790 circumfertie,
3401 1742 3512 1795 quo
3570 1743 3718 1782 nunc

2143 1824 2392 1893 migratis
2425 1823 2581 1892 ?quo
2607 1836 2752 1875 nunc
2782 1821 3194 1890 congregamini
3216 1821 3242 1873 ?
3264 1819 3554 1886 Quomodo
3595 1836 3718 1874 ver--

444 1918 521 1984 τῷ
564 1888 982 1985 σὺμπτώματις
1030 1888 1182 1972 Ἐπεὶ
1213 1888 1322 1973 aee
1355 1920 1486 1984 Θεὸς
1525 1888 1785 1988 (ausim
1837 1920 2028 1984 ἔδωκε,
2062 1888 2108 1945 Β
2138 1933 2193 1970 su

1964 1938 2028 1984 ιε,
2062 1888 2108 1945 Β
2138 1888 2255 1970 sum
2314 1921 2398 1968 est
2469 1888 2524 1966 in
2587 1912 2868 1965 tristitiam
2903 1888 3200 1978 gaudium
3253 1910 3541 1964 vestrum?
3573 1926 3713 1980 quo-

446 2011 540 2063 καὶ
592 2010 1020 2081 ἐγκατάλειμμα
1053 2015 1202 2080 ἡμᾶς
1240 2014 1368 2081 ὑμῖν
1401 2013 1820 2081 ἐγκατελέξατο,
1856 2013 2027 2081 ζητῶ,

448 2102 546 2152 ποῦ
577 2105 636 2154 τὸ
669 2103 815 2172 ἱερὸν
831 2103 983 2170 ὑμῶν
1009 2103 1246 2171 κάθηται
1269 2102 1363 2156 νῦν
1387 2105 1418 2175 ἢ
1457 2105 1670 2156 ἵσταται
1698 2105 2031 2173 σεμνολόγηο

447 2215 550 2263 μα,
584 2196 690 2248 πιιῦ
727 2198 759 2266 ἡ
805 2197 1313 2267 συνέλευσις,ποῦή
1355 2199 1648 2267 συζήτησις
1691 2199 1800 2250 τῶν
1832 2215 2032 2267 γραφι-

442 2289 554 2341 κῶν
584 2289 764 2359 ῥητῶν
798 2307 812 2355 ;
845 2291 896 2341 τί
933 2290 1064 2359 περὶ
1096 2292 1192 2359 τῆς
1252 2294 1534 2360 συμφορᾶς
1599 2293 1816 2358 ἐκείνης
1878 2292 2030 2361 φιλο-

445 2385 691 2447 οοφεῖτε;
739 2383 868 2450 περὶ
920 2383 1282 2450 εὐδοκήσεως,
1334 2386 1466 2452 περὶ
1528 2385 2025 2454 παραχωρήσεωςς

445 2472 669 2540 *τομίας
693 2490 706 2535 ;
739 2476 866 2542 περὶ
892 2473 1000 2525 τῶν
1033 2475 1336 2542 ἀνεφίκτων
1365 2477 1660 2544 ρημάτωνς
1693 2479 1744 2530 εἴ
1772 2495 1853 2539 τις
1871 2478 2029 2548 ἐδόθη

445 2566 659 2634 ὑμῖν,ἢ
704 2566 1065 2634 ἀπεκαλύφθη
1117 2567 1294 2632 λόγος,
1329 2569 1518 2619 εἴπατε
1578 2569 1668 2619 καὶ
1717 2569 1790 2638 μὴ
1831 2570 2031 2638 ἐάσητε

446 2658 590 2725 μόνῳ
658 2657 734 2725 τῷ
785 2659 1182 2725 ἀποσπάσματι
1249 2659 1341 2710 τοῦ
1431 2659 1576 2727 ίεροῦ
1627 2662 2030 2731 προσανέχεινο

441 2751 541 2802 οὑκ
574 2749 716 2802 ἐστιν
744 2752 799 2802 ἐν
830 2751 904 2820 τῷ
933 2751 1106 2820 καιρῷ
1129 2751 1301 2814 τούτῳ
1322 2751 1352 2782 "
1371 2753 1574 2820 ἅρχων,
1606 2755 1698 2805 καὶ
1725 2757 2030 2824 προφήτης,

444 2845 536 2894 καὶ
570 2843 896 2912 ἡγούμενος,
925 2845 1044 2897 οὐδὲ
1075 2845 1469 2907 όλοκαύτωσις,
1518 2845 1638 2897 οὑδέ
1663 2845 1846 2904 θυσία.
1911 2847 2032 2899 οὑδὲ

443 2935 754 3003 προσφορὰ,
782 2936 902 2987 ούδέ
952 2936 1202 3006 θυμίαμα
1234 2937 1265 2969 ⁸
1303 2937 1419 2999 πῶς
1471 2937 1548 3003 τῷ
1585 2939 1876 3006 καρπῶσαι
1943 2941 2032 2992 ἐνο

442 3028 616 3079 ὡττιόν
661 3045 754 3080 σου
803 3031 895 3080 καὶ
955 3030 1133 3097 εὑρεῖν
1170 3029 1316 3091 ἔλεος
1350 3047 1362 3058 ’
1420 3031 1560 3081 Ἀλλ’
1618 3032 1773 3099 ὑμεῖς
1810 3031 1906 3099 μὲν
1938 3034 2032 3084 καὶ

445 3121 726 3184 σώζοισθε,
767 3123 859 3173 καὶ
894 3122 1053 3174 ἴδοιτε
1081 3124 1178 3190 τὴν
1216 3124 1341 3175 νέαν
1383 3123 1737 3193 Ἰερουσαλὴμ
1766 3127 2031 3195 ἐναγομέ-

2137 2009 2296 2062 modo
2323 2005 2652 2060 festivitates
2673 2004 2725 2056 in
2748 2003 3240 2056 lamentationem?
3278 2002 3393 2056 Non
3424 2003 3714 2072 pulchrum

2135 2112 2254 2155 erat
2297 2101 2454 2154 vobis
2495 2114 2596 2153 nec
2628 2106 2906 2162 sanctum,
2947 2106 3005 2150 ut
3059 2104 3114 2150 et
3161 2095 3294 2149 mihi
3349 2106 3402 2150 et
3452 2097 3718 2150 omnibus

2137 2195 2316 2249 visum
2379 2201 2485 2257 est,
2553 2191 2825 2246 antemori
2874 2197 2967 2244 aut
3014 2188 3280 2244 commori
3346 2190 3474 2243 huic
3513 2189 3715 2259 lapsui.

2134 2287 2589 2356 Quandoquidem
2621 2302 2751 2340 vero
2789 2284 2934 2338 Deus
2982 2283 3163 2337 vivere
3213 2282 3369 2336 nobis
3413 2283 3714 2347 concessit,

2133 2393 2187 2435 et
2220 2381 2476 2450 reliquias
2508 2394 2607 2431 nos
2633 2377 2789 2430 vobis
2821 2373 3135 2442 dereliquit,
3182 2387 3367 2442 qmcro
3409 2372 3500 2425 ubi
3558 2387 3715 2428 sacra

2137 2481 2318 2526 vestra
2348 2470 2503 2524 sedet
2551 2469 2636 2522 vel
2684 2465 2972 2535 reponitur
3002 2467 3183 2534 gravis
3220 2463 3539 2531 eloquentia
3570 2480 3584 2528 ;
3623 2462 3715 2517 ubi

2134 2572 2463 2626 conventus,
2536 2560 2628 2615 ubi
2690 2557 2979 2626 inquisitio
3044 2556 3341 2625 Scriptura:
3418 2555 3714 2610 dictorum.

2135 2656 2272 2723 Quid
2313 2657 2378 2710 de
2410 2653 2726 2708 calamitate
2758 2652 2847 2703 illa
2887 2648 3353 2718 philosophamini
3389 2648 3412 2700 ?
3446 2648 3511 2702 de
3544 2647 3714 2703 bene-

2133 2748 2428 2803 volentia?
2472 2748 2538 2800 de
2595 2742 3005 2799 concessione?
3046 2741 3485 2797 distributione?
3511 2741 3580 2797 de
3630 2741 3715 2795 in-

2135 2843 2379 2897 accessis
2420 2839 2646 2893 verbis?
2679 2837 2882 2906 Siquis
2908 2836 3073 2890 datus
3105 2841 3190 2890 est
3221 2835 3380 2889 vobis
3419 2843 3514 2888 aut
3558 2849 3717 2889 reve-

2136 2938 2280 2990 latus
2329 2943 2412 2989 est
2458 2950 2665 2995 scrmo,
2713 2931 2905 2993 dicite,
2962 2945 3145 2999 neque
3198 2929 3398 2984 sinatis
3444 2927 3609 2983 unico
3643 2927 3719 2980 la-

2135 3022 2826 3093 ciniotcmpliconfidere.
2895 3020 3013 3074 Non
3076 3028 3162 3074 est
3207 3020 3261 3074 in
3314 3020 3419 3073 hoc
3470 3027 3718 3088 tempore

2136 3119 2396 3187 princeps
2420 3161 2434 3181 ,
2466 3130 2564 3169 nec
2598 3116 2892 3184 propheta,
2931 3129 3032 3168 nec
3082 3116 3445 3184 hegumenus,
3482 3127 3588 3167 nec
3619 3112 3717 3166 lto-

440 3232 538 3281 νην
561 3231 620 3265 τε
652 3216 728 3274 είς
759 3213 911 3282 ὕψος,
943 3217 1037 3267 καὶ
1063 3216 1585 3285 ἁνακαινιζομένην,
1624 3217 1717 3269 καὶ
1771 3219 1890 3280 ταῖς
1940 3219 2028 3270 εὑ·
2056 3232 2098 3288 C
2137 3214 2186 3266 lo

1961 3219 2028 3269 ,ὺ-
2056 3232 2098 3288 C
2137 3211 2367 3266 locausti
2395 3208 2753 3273 sacrificium,
2808 3225 2908 3262 nec
2946 3208 3270 3271 immolatio,
3311 3221 3414 3262 nec
3481 3205 3710 3269 oblatio,

443 3307 567 3371 χαῖς
600 3307 956 3372 συγκάμοιτε,
993 3307 1083 3358 καὶ
1130 3305 1551 3373 δοξασθήσοισθε
1613 3310 1670 3359 ἐν
1732 3309 1868 3378 αὑτῇ
1931 3312 2024 3361 καὶ

441 3399 989 3467 λαμπρυνθήσοισθε.
1053 3400 1126 3452 Σὺ
1184 3401 1262 3462 δέ,
1316 3399 1462 3468 ἦλιε,
1525 3400 1619 3452 καὶ
1679 3401 2025 3468 σελήνη,κα“ι

443 3491 692 3558 ἀστέρες,
742 3492 900 3558 ὑμεῖς
946 3491 1047 3542 ποῦ
1089 3507 1218 3543 ποτε
1263 3492 1388 3560 ἄρτι
1427 3491 1717 3559 φαίνεσθε;
1769 3493 1871 3544 ποῦ
1932 3493 2024 3546 νῦν

443 3583 711 3648 αὑγάζετε
741 3582 883 3644 ;1:05
923 3583 1020 3644 τάς
1062 3584 1292 3644 ἀκτῖνας
1349 3583 1664 3652 ἀνίσχοντες
1735 3585 2020 3652 πέμπετες

444 3677 592 3734 ¹ποῖος
625 3675 769 3741 ὑμᾶς
795 3670 942 3736 οἶκος
981 3675 1183 3744 ἀρτίως
1225 3673 1528 3744 ἐκδέχεται,
1579 3675 1610 3743 ἢ
1671 3676 2020 3745 ἀποδέχεταις

443 3765 548 3816 τίνι
575 3764 976 3832 ἁντιλάμπετες
1013 3766 1150 3830 ποίῳ
1174 3763 1322 3833 ἔργω
1347 3765 1678 3832 σεμνύνεσθε
1703 3782 1716 3826 ;
1754 3767 1837 3826 τίς
1896 3768 2023 3820 ἰδεῖν

443 3857 587 3924 ὑμᾶς
609 3855 720 3909 ἄνω
740 3855 951 3925 βλέπων
977 3856 1186 3920 ἐθέλοις
1213 3856 1296 3917 τίς
1321 3857 1442 3926 οὑχὶ
1488 3858 1691 3926 μᾶλλον
1732 3861 1796 3910 ἐν
1841 3860 2022 3912 σκότει

442 3946 662 4000 κύπτων
692 3948 1099 4018 διαπορεύεται,
1133 3949 1228 4000 καὶ
1258 3949 1374 4016 φῶς
1420 3950 1862 4018 ἀποστρέφεταις
1908 3954 2024 4005 Οὐκ

442 4040 548 4092 εδει
585 4057 644 4092 σε
696 4039 1087 4109 περιϐαλέσθαι
1145 4041 1334 4097 σκότος
1390 4041 1450 4093 τὸ
1506 4041 1766 4111 πένθιμον
1813 4045 2021 4098 ἐκείνου

439 4133 632 4185 τούτου
669 4133 767 4201 ἤδη
804 4134 1056 4201 δεύτερον
1095 4149 1108 4161 '
1139 4127 1182 4185 ὦ
1207 4133 1512 4201 φωστήρων
1551 4134 1742 4202 ἄριστε
1772 4139 1865 4187 καὶ
1923 4139 2022 4206 μέ-

441 4245 616 4294 γιστε,
679 4227 821 4296 ἥλιε,
875 4227 996 4296 οὐχ).
1068 4227 1149 4289 σὲ,
1211 4226 1548 4296 πανσέληνε,
1587 4230 1870 4281 κονιοειδεῖ
1916 4249 2022 4284 τινι

442 4316 744 4386 σκιάσματι
783 4317 1118 4386 ὑποδραμεῖν
1161 4317 1255 4369 καὶ
1302 4316 1699 4386 ὑποκρυδῆναι,
1764 4319 1795 4387 ἢ
1849 4320 2024 4374 ἐκλεῖ-

437 4409 569 4474 dat;
604 4409 717 4461 ἀλλ’
742 4407 884 4460 οὑτω
914 4408 1202 4478 παρείδετε
1221 4407 1280 4459 τὸ
1302 4410 1526 4476 γεγονὸς
1552 4409 1626 4471 ὡς
1656 4409 2022 4478 ἀγγύνητον;

441 4502 533 4555 καὶ
566 4499 668 4554 ποῦ
698 4498 1098 4568 δοξασθήσεσθε
1141 4516 1159 4564 ;
1201 4498 1344 4566 Ἐγὼ
1381 4498 1514 4567 γοῦν
1573 4499 1834 4564 πολλάκις
1877 4503 2019 4571 ὑμᾶς

2138 3320 2244 3386 ιιες1
2280 3305 2463 3357 thuris
2483 3303 2824 3357 combustio.
2855 3304 2872 3322 ⁴
2897 3299 3186 3366 Quomodo
3239 3299 3480 3354 ferretur
3503 3298 3714 3356 fructus

2135 3395 2189 3450 in
2243 3404 2546 3463 conspectu
2609 3402 2728 3456 tuo,
2775 3392 3272 3462 misericordiaque
3324 3389 3717 3445 obtineretur?

2135 3487 2239 3542 Sed
2270 3502 2370 3540 vos
2403 3485 2627 3555 quidem
2662 3486 2800 3540 salvi
2839 3492 3044 3548 estote,
3091 3493 3150 3539 et
3178 3483 3362 3537 videte
3393 3498 3593 3538 novam
3627 3481 3716 3538 Je-

2135 3579 2372 3633 rusalem
2414 3577 2690 3632 inductam
2745 3576 2798 3631 in
2822 3577 3170 3631 altitudinem
3203 3585 3258 3630 et
3291 3585 3633 3639 renovatam,
3660 3590 3716 3631 et

2134 3672 2398 3741 precibus
2429 3670 2771 3734 incumbite,
2831 3677 2886 3724 et
2921 3668 3302 3739 glerilicemiui
3362 3669 3417 3723 in
3477 3671 3598 3740 ipsa
3660 3679 3716 3726 et

2133 3764 2411 3834 fulgentes
2457 3761 2798 3816 eﬂiciamiui.
2869 3762 2949 3815 Tu
3010 3775 3160 3824 vero,
3214 3759 3295 3814 sol
3351 3768 3407 3812 et
3468 3760 3618 3825 luna,
3660 3769 3716 3817 et

2133 3862 2304 3917 astra,
2336 3853 2430 3907 ubi
2466 3867 2616 3908 nunc
2647 3867 2748 3907 vos
2772 3851 3078 3920 splendetis
3108 3851 3132 3904 ?
3157 3849 3250 3905 ubi
3277 3862 3426 3904 nunc
3455 3850 3718 3920 fulgetis?

2134 3947 2229 4001 ubi
2277 3947 2463 4002 radios
2496 3946 2825 4002 cohibentes
2860 3945 3123 4001 mittitis?
3159 3944 3351 4012 Qualis
3383 3961 3478 4002 vos
3513 3946 3713 4002 domus

2134 4057 2306 4111 nuper
2361 4041 2566 4110 excipit
2604 4049 2700 4094 aut
2768 4039 3012 4094 admittit
3043 4039 3184 4094 icui
3237 4039 3560 4110 refulgetis?
3592 4040 3715 4106 Quo

2131 4148 2296 4202 opere
2327 4131 2744 4201 magnificatis?
2793 4132 2932 4197 Quis
2961 4131 3146 4186 videre
3192 4147 3291 4188 vos
3309 4147 3533 4187 sursum
3567 4132 3716 4203 aspi-

2131 4226 2284 4280 ciens
2316 4225 2523 4280 vellet?
2561 4224 2698 4290 Quis
2765 4240 2873 4278 non
2925 4224 3109 4294 potius
3178 4224 3233 4278 iu
3283 4226 3528 4281 tenebris
3566 4225 3716 4280 ineli-

2133 4330 2296 4373 natus
2342 4317 2892 4388 pervadit,etlurem
2947 4316 3276 4371 aversatur?
3325 4315 3443 4371 Non
3490 4327 3716 4386 oporte-

2131 4413 2222 4466 bat
2267 4420 2317 4465 te
2341 4409 2710 4466 circumindui
2754 4409 2999 4464 tenebris
3044 4408 3316 4463 luctuosis
3363 4410 3530 4477 hujus
3552 4410 3713 4467 istius

2128 4507 2237 4575 jam
2315 4503 2584 4560 secundo.
2644 4501 2688 4556 Ο
2757 4510 3032 4556 astrorum
3092 4502 3609 4571 praestantissimum
3659 4511 3713 4557 et

439 4587 578 4645 εἶδον
611 4594 668 4644 ἐν
698 4590 776 4660 τῷ
805 4591 1127 4661 σελασφόρῳ
1166 4589 1360 4678 ἐκεινῷ
1386 4589 1520 4659 ναῷ,
1552 4592 1645 4644 καὶ
1689 4591 1812 4646 ἰδὼν
1863 4593 2021 4646 ἐθαύ-
2057 4603 2100 4652 ι)
2131 4616 2188 4650 m:

1958 4594 2021 4646 ,ύ-
2057 4603 2100 4652 t)
2131 4601 2430 4652 maximum
2501 4597 2603 4660 sol,
2685 4611 2869 4651 nonne
2920 4611 3002 4661 se,
3064 4596 3240 4665 plenae
3305 4597 3446 4650 lunas
3490 4596 3707 4662 similis,

442 4701 610 4753 μασα,
675 4684 769 4736 καὶ
799 4683 896 4751 τὴν
926 4683 1106 4734 αἰτίαν
1134 4681 1432 4752 ἡρεύνησα,
1484 4683 1548 4734 δι’
1599 4686 1664 4754 ἣν
1713 4683 1871 4737 τοῦτο
1925 4687 2026 4739 ὑπ-

439 4777 632 4843 έστητε
657 4776 749 4827 καὶ
781 4773 839 4825 τὸ
866 4771 962 4826 τοῦ
990 4774 1085 4826 νῦν
1113 4774 1346 4837 κάλλους
1375 4776 1547 4828 αἴτιον
1576 4777 1777 4846 ἔμαθον
1793 4780 1891 4848 τῆς
1907 4781 2022 4834 δια-

439 4865 630 4935 τριὸἦς
669 4862 904 4933 ἐκείνης,
961 4863 1141 4916 καίτοι
1166 4864 1482 4933 δυσέρωτας
1508 4867 1648 4935 ὑμᾶς
1681 4868 1840 4939 ᾤμην
1887 4868 2022 4926 εἶναι

440 4958 532 5010 καὶ
566 4957 865 5024 άνέρωτας.
898 4956 1036 5008 Ποτέ
1077 4956 1132 5008 δέ
1166 4957 1260 5010 καὶ
1285 4956 1352 5009 δι’
1380 4958 1502 5028 ὅλης
1532 4960 1743 5029 ἡμέρας
1797 4964 2018 5033 ἐφάνης,

438 5049 582 5118 ἥλιε,
618 5049 1054 5118 συμφιλοχωρῶν
1087 5049 1288 5114 ἐκεῖσε,
1332 5049 1425 5102 καὶ
1467 5053 1858 5122 στρεφόμενος,
1926 5058 2021 5110 καὶ

437 5142 688 5211 λάμπων,
720 5142 815 5195 καὶ
845 5142 987 5195 ἐκὼν
1008 5141 1108 5195 οὑκ
1157 5143 1433 5211 ἀφίστασο
1485 5144 1517 5215 ἢ
1571 5147 1864 5215 μεθίστασο
1920 5152 2019 5221 τὴν

433 5237 676 5305 διάδοχόν
707 5254 800 5289 σου
835 5235 1063 5306 σελήνην
1100 5237 1302 5309 φέρων.
1335 5238 1438 5290 Καὶ
1461 5238 1621 5294 τοῦτο
1661 5241 1771 5308 ἐγὼ
1803 5243 2018 5311 βλέπων

434 5329 781 5399 ἐλογιζόμην,
809 5331 938 5384 ὅταν
970 5333 1066 5384 καὶ¹
1096 5330 1333 5399 γίγαντα
1382 5331 1476 5385 καὶ
1532 5336 1763 5402 νυμφίον
1813 5336 1875 5388 ἐκ
1923 5337 2017 5390 τοῦ

435 5420 643 5472 παστοῦ
683 5420 1065 5491 ἐξερχόμενον,
1115 5421 1143 5473 ό
1189 5419 1428 5490 μελῳδὸς
1467 5422 1630 5476 Δαυῖδ
1692 5439 1749 5475 σε
1815 5441 2018 5493 προαν-

433 5511 686 5582 εφώνησε
722 5529 736 5545 ο
801 5514 1018 5583 προεῖδε
1077 5515 1184 5584 γάρ
1242 5531 1300 5566 σε
1360 5515 1633 5579 κάκεῖνος,
1707 5516 1800 5568 τοῦ
1868 5535 2017 5587 παμ-

433 5605 606 5672 φαοῦς
629 5607 839 5659 ἐκείνου
871 5607 999 5660 ναοῦ
1035 5608 1249 5679 ἐρῶντα
1277 5624 1290 5637 ⁸
1325 5607 1420 5661 καὶ
1469 5609 1636 5680 ἐπῇδέ
1679 5626 1761 5663 σοι
1817 5611 2012 5669 ταῦτα.

435 5699 545 5750 Καὶ
573 5699 667 5752 νῦν
715 5699 907 5754 τοῦτον
939 5701 1038 5754 οὑκ
1075 5701 1360 5773 ἐκτράπῃς
1403 5701 1696 5766 πίπτοντα,
1750 5701 1816 5754 δι’
1846 5703 1904 5756 ὃν
1945 5699 2013 5769 ἧς

438 5790 659 5858 μείζων,
691 5793 757 5846 δι’
779 5793 836 5846 ὃν
872 5793 1230 5866 ἐνδοξότερος,
1259 5793 1330 5846 δι’
1358 5793 1416 5846 ὃν
1449 5794 1810 5865 φαιδρότερος
1858 5795 1958 5868 ἔσῃ
1996 5818 2006 5830 ·

436 5885 532 5937 καὶ
558 5886 618 5938 σὺ
666 5887 882 5949 πάντως
923 5886 1236 5952 ἐνδόξαστος
1265 5886 1657 5957 ταπεινωθήση
1691 5889 1888 5957 μικρὸν
1917 5891 2010 5945 καὶ

2137 4691 2238 4742 sub
2266 4689 2524 4759 pulverea
2565 4687 2801 4754 quadam
2863 4686 3286 4741 ubumbratione
3314 4703 3548 4742 cur-rere
3581 4695 3636 4742 et
3659 4697 3712 4743 te

2131 4781 2492 4845 abscondere,
2527 4788 2621 4833 aut
2646 4780 2882 4833 deiicere
2931 4780 3268 4850 (oportebat)
3302 4781 3325 4834 ‘l
3366 4781 3471 4835 Sed
3505 4780 3586 4836 sic
3615 4781 3712 4836 de-

2128 4873 2391 4941 spcxistis
2448 4879 2708 4926 eventum
2764 4878 2824 4924 ut
2851 4871 3100 4940 ignotum
3137 4869 3479 4942 (ἄγνωτον)7
3515 4871 3581 4928 Ει
3616 4872 3707 4928 ubi

2126 4963 2614 5034 glorificabimini?
2651 4963 2761 5034 Ego
2801 4965 2970 5036 igitur
3019 4979 3168 5033 saepe
3220 4979 3322 5019 vos
3367 4963 3480 5018 vidi
3517 4964 3576 5019 in
3625 4965 3710 5020 luo

2125 5058 2297 5111 (-ifero
2362 5059 2464 5111 hoc
2513 5057 2738 5122 templo,
2791 5069 2844 5110 et
2908 5054 3104 5110 videns
3157 5057 3390 5112 miratus
3441 5072 3590 5120 sum,
3651 5066 3708 5115 et

2124 5163 2347 5202 causam
2411 5147 2685 5218 exquisivi
2751 5156 2974 5217 propter
3034 5163 3198 5217 quam
3267 5147 3374 5203 hoc
3428 5148 3705 5214 subiistis,

2121 5250 2176 5295 et
2207 5241 2374 5309 hujus
2419 5255 2566 5294 nunc
2591 5238 3025 5306 pulchritudinis
3083 5253 3306 5294 causam
3352 5239 3520 5295 didici
3577 5255 3705 5311 pro-

2123 5333 2545 5389 crastina-tionis
2597 5332 2766 5397 illius,
2810 5340 2865 5386 et
2894 5341 3043 5387 certe
3106 5331 3404 5387 infeliciter
3441 5341 3706 5390 amantes

2123 5441 2220 5480 vos
2273 5426 2535 5495 putabam
2565 5440 2688 5479 esse
2721 5435 2776 5478 et
2819 5424 3032 5478 amoris
3057 5431 3335 5493 expertes.
3361 5423 3704 5495 Quandoque

2121 5535 2251 5574 vero
2272 5535 2368 5589 per
2431 5527 2600 5572 totam
2637 5518 2784 5573 diem
2823 5516 3163 5588 apparuisti,
3196 5517 3300 5582 sol,
3336 5517 3519 5572 locum
3545 5518 3700 5574 illum

2119 5627 2333 5670 amans.
2379 5623 2432 5666 et
2453 5626 2706 5666 versatus
2736 5610 2850 5665 illic
2899 5618 2954 5664 et
2985 5610 3302 5680 splendens,
3321 5625 3501 5681 neque
3522 5609 3701 5669 libens

2119 5705 2456 5760 abscedebas
2491 5705 2573 5760 vel
2606 5704 2932 5776 migrabaris
2963 5702 3352 5760 succedentem
3377 5702 3474 5758 tibi
3509 5701 3696 5758 lunam

2119 5799 2322 5854 ferens.
2357 5797 2423 5852 Et
2467 5800 2569 5854 hoc
2625 5813 2726 5868 ego
2790 5795 3004 5862 videns,
3077 5811 3290 5852 mecum
3343 5795 3691 5866 reputabant,

2115 5894 2336 5965 quando
2389 5902 2445 5948 ct
2486 5891 2764 5964 gigantem
2830 5901 2884 5948 et
2933 5906 3195 5956 sponsum
3229 5905 3257 5946 e
3303 5889 3543 5945 thalamo
3588 5901 3685 5946 ει·
