4430 6448
722 379 830 440 915

722 592 773 640 te
817 585 911 641 ille
976 588 1345 657 perlnlgentis
1394 589 1561 659 hujus
1627 589 1815 659 templi
1876 598 2203 656 amatorem,
2255 600 2307 645 et

721 677 837 732 ltrec
870 679 967 733 tibi
998 681 1223 735 cecinit.
1250 679 1316 735 Et
1349 699 1495 736 nunc
1528 698 1598 737 ne
1625 692 1676 736 te
1716 693 1935 736 avertas
1981 682 2051 735 ab
2082 682 2175 737 illo
2231 683 2308 735 la—

720 769 910 837 bente,
966 782 1193 844 propter
1229 790 1389 843 quem
1435 790 1561 827 eras
1604 774 1802 842 major,
1858 782 2083 843 prOpter
2144 790 2303 842 quem

719 864 1007 931 illustrior,
1046 880 1269 938 propter
1303 885 1466 936 quem
1502 869 1708 923 clarior
1760 869 1871 923 eris
1903 886 1915 921 :
1951 879 2002 923 et
2058 881 2111 921 tn
2143 869 2301 919 valde

720 956 1083 1023 gloriﬁealtts,
1137 961 1516 1017 humiliaheris
1572 961 1848 1030 paululum
1889 959 2303 1030 etspissalieris

1980 390 2407 451 MICHAELIS
2452 392 2716 451 PSELLI

719 504 938 546 euntem
968 502 1166 550 cantor
1208 495 1377 550 David
1419 503 1470 551 te
1500 494 1798 551 aﬂ'ntus'est
1828 512 1842 549 :
1877 497 2127 567 praevidit
2156 498 2302 551 enim
2332 504 2379 561 Α
2411 517 2468 552 συ

1513 494 1798 551 tﬂ'utus'est
1828 512 1842 549 :
1877 497 2127 567 praevidit
2156 498 2302 551 enim
2332 504 2379 561 Α
2411 502 2695 567 συχνάσεις
2731 498 2823 549 ἐπὶ
2852 497 2928 567 τῷ
2963 498 3217 568 πτώματι
3252 514 3262 525 ·

3887 389 3993 451 916

3328 496 3415 551 ἵνα
3476 496 3658 565 μάθῃς
3714 497 4011 563 suam;

2416 592 2579 653 αὐτὸς
2617 591 2711 642 καὶ
2748 588 2983 659 τρεπτδς
3018 587 3259 657 γεγονὼς
3296 589 3391 641 καὶ
3413 588 3589 659 φθορᾷ
3620 588 4005 658 ὑποκείμενος.

2415 678 2580 745 Οὗτος
2610 681 2665 734 δὲ
2713 683 2761 734 εἰ
2814 682 2913 751 μὲν
2958 682 3348 749 ἀναστήσεται,
3406 682 3439 751 ἢ
3482 682 4000 749 συντελεσθήσεται,

2416 775 2446 839 ἦ
2478 773 3015 844 καλλωπισθήσεται,
3053 775 3154 826 οὐκ
3188 774 3320 843 ὲμὺν
3353 776 3582 828 εἰδέναι*
3614 775 3675 826 τὸ
3706 774 3761 827 δὲ
3796 775 3925 843 ἐμὸν
3960 778 4006 827 εἰ

2412 865 2714 930 ἑπιΰιὼσω,
2760 870 2809 920 εἰ
2845 867 3092 926 εἰσέλθω.
3134 868 3351 932 εξεῖδω,
3412 869 3461 919 εἰ
3525 870 3912 937 προσκυνήσω,
3957 869 4003 918 εξ

2411 958 2779 1027 θεοκλυτήσω,
2834 959 2969 1012 Θεοῦ
3001 960 3107 1029 ἄρα
3138 959 3297 1013 τοῦτο
3326 961 3547 1012 κάκεῖνο
3586 960 3809 1022 εἰδότος.

719 1050 785 1101 ad
825 1049 973 1105 hunc
1024 1053 1270 1121 lapsum;
1313 1052 1572 1107 utdiscas
1616 1061 1669 1105 te
1725 1052 1906 1121 ipsum
1944 1051 2285 1105 mutabilem.
2341 1057 2395 1101 et
2446 1049 2758 1116 verSnIilem
2813 1049 3040 1114 laetum,
3106 1060 3163 1106 et
3246 1052 3591 1121 eorrnptioni
3668 1051 4003 1119 subjectum.

718 1141 856 1198 lllud
896 1156 1079 1200 autem
1108 1156 1294 1202 utrum
1343 1158 1815 1210 resurrecturum,
1866 1157 1962 1201 aut
2013 1144 2431 1217 perﬁciendum,

721 1256 901 1297 meum
928 1252 1111 1297 autem
1138 1253 1321 1299 utrum
1398 1247 1774 1315 supervixero.

720 1350 1008 1403 vocavero,
1032 1337 1144 1396 Deo
1169 1341 1415 1411 profecto
1439 1351 1491 1395 et
1515 1342 1657 1397 istud
1686 1350 2073 1411 t‘OgllOSf'elliP.

2511 1157 2604 1200 ant
2654 1147 3036 1202 exornandum
3083 1148 3177 1212 sit,
3242 1164 3350 1202 non
3395 1163 3576 1202 meum
3634 1158 3716 1203 est
3786 1162 4000 1203 nosse:

1857 1254 2039 1297 utrum
2097 1243 2381 1307 introiere,
2421 1251 2601 1295 utrum
2646 1245 2855 1309 videro,
2898 1254 3079 1299 utrum
3132 1245 3455 1306 aduravero,
3501 1253 3685 1297 utrum
3719 1241 3886 1298 Deum
3918 1242 4004 1296 ir.-

1357 1736 1665 1852 ΤΟΥ
1744 1736 2662 1853 ΣΟΦΩΤΑΤΟΥ
2723 1732 3359 1853 ΨΕΛΔΟΥ

2162 1959 2561 2012 ΑΝἸἸΓΡΑΦΗ

1140 2120 1336 2172 ΠΡΟΣ
1382 2119 1757 2174 ΕΡΩΤΗΣΙΝ
1805 2120 2006 2173 ΤΙΝοΣ
2052 2118 2353 2171 ΜΟᾹἊΧΟ
2371 2118 2414 2168 Υ
2436 2121 2615 2170 ΠΕΡΙ
2649 2121 2983 2173 ΟΡΙΣΜΟΥ
3032 2122 3162 2172 ΤΟΥ
3198 2123 3388 2175 ΘΑΝΑ
3408 2124 3569 2175 ΤΟΥ.

1543 2474 2604 2590 SAPIENTISSIMI
2680 2478 3167 2593 PSELLI

2163 2698 2549 2757 RESPONSIO

863 2855 962 2915 ΑΙ)
993 2853 1397 2916 CUJUSDAM
1438 2853 1788 2915 MONACHI
1842 2855 2602 2916 INTERROGATIONEM
2645 2857 2744 2917 DE
2785 2859 3081 2920 MORTIS
3120 2860 3818 2927 DETERMINATIONE

797 3167 847 3219 ἱ.
879 3163 996 3218 Non
1017 3171 1274 3231 tauquam
1298 3163 1539 3219 obscura
1560 3171 1712 3219 esset
1737 3171 1843 3220 ate
1861 3166 2141 3235 proposita
2164 3182 2312 3232 quae-
2341 3163 2387 3223 Β

721 3260 851 3323 stio,
903 3257 1228 3312 doctissime
1261 3255 1444 3318 Pater,
1488 3271 1576 3310 me
1608 3257 1993 3329 interrogasti;
2031 3258 2310 3328 quomodo

719 3352 867 3405 enim
893 3366 1014 3403 eam
1041 3350 1399 3418 proposuisti,
1443 3349 1566 3418 ejus
1594 3350 1757 3404 obvia
1788 3359 1874 3405 est
1908 3352 2131 3406 solutio.
2165 3350 2310 3405 Nihil

720 3442 867 3495 enim
898 3444 1009 3496 Deo
1042 3429 1385 3496 indeﬁnitum
1424 3449 1529 3507 est,
1561 3457 1740 3511 neque
1770 3444 1904 3505 vita,
1934 3460 2114 3514 neque
2142 3461 2309 3511 mors,

720 3548 901 3602 neque
934 3533 1241 3602 generatio,
1278 3547 1452 3601 neque
1479 3533 1748 3597 essentia,
1782 3549 1959 3603 neque
1980 3551 2315 3606 eorumquae

718 3626 997 3680 exsistunt
1030 3624 1361 3695 quidquam.
1382 3624 1437 3679 Si
1472 3626 1619 3680 enim
1656 3625 1926 3681 Divinitas
1958 3629 2204 3683 omnium
2228 3638 2315 3684 est

720 3723 1017 3786 terminus,
1079 3722 1360 3791 quomodo
1424 3738 1490 3777 ex
1555 3722 1639 3777 his
1691 3724 1951 3780 omnibus
2013 3726 2311 3796 quidquam

718 3814 1211 3868 iudeterminatnm
1244 3816 1437 3869 esset?
1469 3814 1557 3881 Et,
1592 3818 1638 3872 si
1667 3832 1829 3873 omne
1878 3825 2100 3887 tempus
2161 3834 2315 3873 com-

722 3909 1035 3976 prehendit,
1081 3910 1191 3963 imo
1221 3909 1268 3965 si
1301 3918 1429 3964 ante
1467 3921 1687 3981 tempus
1711 3921 1764 3966 et
1787 3927 1965 3966 aevum
1996 3929 2092 3983 per
2120 3928 2179 3968 se
2209 3928 2311 3967 ex-

720 4006 891 4068 sistit,
929 4004 1210 4071 qnomndo
1250 4018 1499 4074 praesens
1540 4004 1767 4072 quidem
1810 4005 2002 4068 sciret,
2056 4005 2309 4060 futurum

719 4114 853 4153 vero
904 4098 1224 4165 ignoraret?
1279 4096 1361 4151 Ad
1406 4112 1507 4151 nos
1558 4097 1675 4152 haec
1708 4098 2020 4167 ignorantia
2051 4098 2310 4167 pertinet,

720 4189 924 4257 quibus
956 4198 1174 4255 tempus
1207 4188 1451 4243 divisum
1482 4199 1589 4255 esr,
1626 4190 1724 4258 qui
1756 4192 2051 4259 praesentia
2089 4190 2311 4261 quidem

723 4282 981 4336 novimus
1012 4281 1234 4351 quando
1264 4281 1426 4337 nobis
1470 4282 1523 4335 in
1569 4282 1831 4337 notitiam
1858 4284 2111 4346 veniunt,
2167 4285 2317 4339 lutu-

725 4391 845 4427 rnm
883 4389 1014 4427 vero
1049 4373 1287 4427 omnino
1316 4373 1806 4443 ignoramus.quia
1838 4390 1962 4429 cum
1984 4375 2312 4429 futurisuon

723 4466 983 4527 vivimus,
1014 4465 1108 4519 sed
1143 4466 1209 4518 ab
1247 4466 1313 4520 iis
1342 4481 1437 4535 per
1468 4481 1588 4520 eam
1616 4466 1669 4519 in
1711 4467 1971 4535 praesenti
2007 4467 2173 4521 vitam
2223 4483 2312 4522 se-

727 4574 1009 4628 paramur.
1051 4559 1341 4613 Facillima
1377 4558 1546 4629 igitur
1578 4558 1719 4614 adeo
1758 4576 1880 4630 qua:
1945 4560 2307 4631 interrogasti

727 4650 1040 4715 responsio.

796 4742 852 4794 Ξ.
916 4740 1276 4796 Notissimam
1335 4750 1521 4795 autem
1586 4756 1708 4796 eam
1782 4743 2150 4811 qumstionem
2230 4743 2313 4814 (nt

727 4833 1175 4887 summatimtibi
1213 4842 1266 4887 et
1330 4832 1383 4886 in
1427 4832 1670 4899 epistola
1725 4832 1900 4887 l‘orma
1955 4844 2128 4889 totum
2159 4837 2314 4889 colli-

727 4924 872 4992 gam)
908 4924 982 4976 ita
1015 4932 1331 4992 preponnnt
1354 4924 1653 4991 peritiores
1710 4936 1768 4977 ttt
1823 4940 1932 4979 non
1964 4925 2033 4980 de
2078 4925 2316 4979 termino

724 5015 851 5068 vitm
885 5023 1127 5075 tantum,
1156 5018 1251 5069 sed
1271 5024 1325 5068 et
1349 5016 1413 5069 de
1445 5014 1571 5069 aliis
1607 5014 1870 5071 omnibus
1893 5031 2017 5085 qua:
2039 5025 2169 5071 sunt
2194 5031 2314 5072 ser-

725 5122 945 5161 monem
972 5107 1322 5176 protendant.

797 5202 851 5253 3.
884 5200 1230 5271 lnterrogant
1256 5203 1401 5257 enim
1430 5219 1554 5257 unm
1592 5203 1737 5259 Deus
1772 5202 2019 5258 futurum
2074 5203 2314 5269 noverit,

726 5310 851 5347 cum
876 5302 1059 5348 autem
1086 5296 1618 5365 annniteolloquens
1641 5296 1774 5365 (non
1800 5297 1944 5351 enim
1975 5307 2152 5364 potest
2174 5298 2320 5348 com-

732 5390 876 5441 mnni
904 5388 1087 5442 sensuri
1117 5390 1529 5458 contradicere)
1560 5390 1769 5443 addunt
1797 5408 1810 5443 :
1846 5409 1863 5440 ‹
1893 5389 2085 5445 Utrum
2126 5390 2201 5443 illi
2221 5388 2317 5443 de-

731 5481 881 5534 linita
904 5491 985 5535 est
1008 5480 1175 5534 futuri
1196 5482 1413 5546 notitia,
1436 5497 1502 5535 an
1524 5491 1583 5536 ut
1604 5482 1765 5537 nobis
1787 5482 2090 5536 indeﬁnita.
2114 5483 2317 5537 Conce-

730 5575 986 5627 dentibus
1027 5584 1206 5629 autem
1255 5574 1415 5630 nobis
1461 5576 1570 5631 Deo
1606 5576 1857 5632 notitiam
1892 5576 2317 5630 determinatam

730 5683 852 5721 esse
868 5668 1126 5733 (alterum
1154 5669 1575 5722 enintstolidnm
1592 5669 1720 5738 est),
1742 5670 1925 5725 statim
1942 5669 2162 5739 aliquod
2186 5683 2319 5723 con-

732 5774 971 5825 sequens
1003 5760 1262 5813 stolidum
1310 5760 1566 5815 aﬂ'erunt.
1602 5761 1795 5817 Dicunt
1821 5762 1970 5816 enim
2016 5777 2029 5813 :
2070 5762 2158 5815 «Si
2188 5761 2319 5815 deli-

2488 3164 2557 3220 a'.
2588 3167 2699 3233 Οὐχ
2726 3165 2801 3229 ὡς
2824 3166 3099 3237 ἠπόρηται
3148 3168 3208 3219 τὸ
3247 3168 3398 3235 παρὰ
3433 3168 3528 3222 σοῦ
3563 3170 3871 3239 προὸληθὲν
3904 3170 3973 3236 ζὴ

2412 3272 2586 3325 τημα,
2619 3256 2919 3323 λογιώτατε
2938 3258 3145 3327 Πάτερ,
3176 3257 3353 3321 οὓτως
3383 3259 3681 3327 ἠρώτησας
3719 3277 3729 3289 ·
3772 3261 3848 3323 ὡς
3894 3263 4001 3327 γὲρ

2414 3350 2479 3418 δὴ
2508 3348 2827 3416 προετεὶνω,
2857 3349 2952 3401 τοῦ
3016 3349 3441 3419 ὲρωτηΟέντοςή
3488 3350 3640 3413 λύσις
3684 3352 3998 3420 πρόχειρος.

2415 3440 2582 3494 Οὐδὲν
2612 3441 2721 3512 γὰρ
2753 3442 3007 3511 ἀόριστον
3038 3446 3114 3511 τῷ
3140 3441 3280 3511 Θεῷ,
3318 3441 3444 3495 οὔτε
3471 3443 3606 3512 ζωὴ,
3654 3443 3777 3495 οὔτε
3832 3446 4003 3498 θάνα-

2414 3550 2525 3596 τος,
2550 3532 2608 3585 οὐ
2638 3533 2876 3600 γένεσις.
2909 3532 3009 3584 οὐκ
3038 3531 3219 3595 οὐσία,
3246 3531 3371 3583 οὗτε
3399 3531 3507 3583 τῶν
3539 3532 3710 3585 ὄντων
3742 3532 3865 3584 οὔτε
3894 3533 4003 3584 τῶν

2415 3627 2717 3697 γινομένων
2742 3627 2919 3681 οὐδέν.
2956 3627 3015 3679 ΕΞ
3040 3626 3150 3696 γὰρ
3182 3626 3245 3695 δὴ
3278 3624 3339 3677 τὸ
3368 3626 3510 3679 Θεῖον
3545 3627 3672 3696 ὅρος
3738 3628 3854 3679 ἐστὶ
3906 3628 4000 3679 τοῦ

2414 3722 2639 3785 παντὸς,
2674 3722 2791 3783 πῶς
2818 3721 2882 3792 δή
2923 3739 2977 3774 τι
3002 3721 3111 3774 τῶν
3139 3721 3357 3775 πάντων
3385 3722 3580 3791 ἐκείνῳ
3610 3724 3956 3792 ἀοριστήσειε,
3986 3741 3998 3783 ;

2418 3815 2531 3877 καὶ,
2562 3816 2611 3867 εξ
2640 3815 2703 3866 τὸ
2732 3816 2841 3867 πᾶν
2869 3813 3161 3883 συνείληψε
3191 3813 3285 3866 τοῦ
3321 3816 3541 3882 χρόνον,
3579 3815 3779 3882 μᾶλλον
3823 3816 3878 3869 δὲ
3911 3817 4004 3868 καὶ

2419 3907 2523 3977 πρὸ
2564 3906 2757 3976 χρόνου
2790 3906 2883 3958 καὶ
2916 3904 3023 3974 πρὸ
3064 3905 3261 3966 αἰῶνος
3283 3904 3368 3972 ἐφ’
3398 3906 3590 3958 ἑαυτοῦ
3626 3905 3850 3975 ἕστηκε,
3885 3908 4004 3967 πῶς

2413 4001 2474 4053 τὸ
2526 4000 2626 4069 μὲν
2649 3999 2825 4068 παρὸν
2848 4000 3040 4065 εἰδείη,
3082 3998 3190 4050 τῶν
3219 3999 3275 4051 δὲ
3329 3999 3638 4067 μελλόντων
3700 4016 3753 4051 τι
3801 4000 4005 4067 ἀγνοή-

2418 4110 2529 4146 σειε
2561 4110 2574 4157 ;
2614 4093 2742 4161 περὶ
2772 4092 2919 4160 ἡμᾶς
2945 4091 3052 4159 γὰρ
3082 4090 3278 4152 ταῦτα.
3308 4087 3387 4154 οἷς
3435 4094 3463 4145 ὁ
3514 4092 3706 4161 χρόνος
3754 4109 4003 4161 καταμεο

2420 4184 2695 4254 μέρισται,
2729 4183 2778 4235 οἳ
2808 4181 2871 4234 τὸ
2908 4180 3010 4250 μὲν
3037 4180 3274 4245 ἐνεστὼς
3322 4182 3483 4250 ἴσμεν
3519 4182 3716 4235 ὁπόσον
3762 4185 3894 4252 ἡμῖν
3924 4186 4004 4245 εἰς

2414 4275 2620 4343 γνῶσιν
2650 4274 2817 4338 ἔλθοι,
2850 4274 2912 4327 τὸ
2941 4273 2997 4327 δὲ
3029 4274 3222 4342 μέλλον
3246 4274 3601 4328 παντάπασιν
3621 4278 4004 4345 ὴγνοήκαμεν,

2416 4369 2498 4422 ὅτι
2538 4368 2673 4438 μηδὲ
2704 4367 2960 4437 συζῶμεν
2988 4366 3063 4436 τῷ
3108 4366 3343 4429 ἐπιόντι,
3396 4366 3535 4419 ἀλλὰ
3586 4367 3684 4419 τοῦ
3741 4368 4002 4438 ἐσομένου

2417 4461 2494 4531 τῷ
2526 4460 2670 4514 κατὰ
2702 4460 2764 4512 τὸ
2796 4460 3030 4521 ἐνεστὼς
3062 4461 3162 4528 ζῇν
3208 4458 3561 4511 παντάπασιν
3610 4460 4002 4528 ἀπῳκίσμεθα.

2426 4554 2627 4625 Ῥᾴστη
2655 4550 2945 4622 τοιγαροῦν
2976 4551 3109 4621 πρὸς
3138 4551 3276 4620 ὅπερ
3316 4549 3609 4621 ἠρώτησας
3674 4553 3707 4620 ὴ
3768 4552 4002 4621 ἀπόκρι-

2416 4665 2520 4710 σις.

2485 4740 2551 4810 β’.
2581 4738 2655 4792 Τὸ
2684 4738 2741 4789 δὲ
2769 4734 3173 4808 Θρυλλούμενον
3202 4734 3352 4787 τουτὶ
3387 4735 3633 4805 ζήτημα,
3663 4735 3749 4788 ἵνα
3792 4735 3855 4804 δή
3919 4752 4004 4789 σοι

2419 4830 2811 4902 κεφαλαιωδῶς
2837 4828 2930 4882 καὶ
2983 4828 3040 4879 ὲν
3104 4826 3398 4894 ἐπιστολῆς
3458 4826 3701 4895 σχήματι
3770 4826 4006 4895 ξυνείρω

2417 4929 2479 4978 τὸ
2542 4924 2675 4983 πᾶν,
2735 4921 2880 4972 οὕτω
2926 4918 2991 4988 δὴ
3058 4916 3459 4987 προϐάλλονται
3508 4916 3557 4967 οἱ
3589 4914 3905 4984 δεινότεροι,
3942 4916 4004 4967 οὐ

2420 5016 2549 5087 περὶ
2583 5017 2711 5085 ὅρου
2746 5013 2909 5083 μόνον
2939 5011 3106 5080 ζωῆς,
3138 5009 3275 5062 ἀλλὰ
3309 5011 3404 5062 καὶ
3430 5009 3563 5078 περὶ
3585 5007 3787 5069 παντὸς
3813 5008 4001 5078 ἑτέρον

2416 5108 2527 5163 τῶν
2562 5106 2864 5176 γινομένων
2889 5103 2979 5156 τὸν
3009 5102 3165 5169 λόγον
3197 5102 3548 5171 προάγοντες.

2491 5200 2772 5271 Ἑρωτῶσι
2802 5198 2909 5267 γὰρ
2940 5196 2989 5248 εἰ
3022 5190 3131 5247 οἶδε
3157 5194 3218 5246 τὸ
3245 5194 3441 5263 μέλλον
3471 5195 3498 5246 ό
3541 5193 3677 5255 Θεός
3704 5209 3717 5222 ·
3775 5188 3892 5245 εἶτα
3942 5190 4005 5260 δὴ

2421 5292 2959 5362 συνομολογήσαντος
2986 5287 3080 5340 τοῦ
3136 5286 3667 5356 προσδιαλεγομένου
3703 5284 3844 5352 (οὐδὲ
3896 5285 4005 5353 γὰρ

2418 5382 2485 5456 ἦν
2510 5382 2813 5449 ἀντιλέγειν
2838 5380 2975 5449 πρὸς
3008 5377 3195 5447 κοινὴν
3222 5376 3479 5445 ἔννοιαν),
3508 5377 3772 5442 ἐπάγουσι
3801 5391 3816 5406 ·

2422 5496 2579 5548 τερον
2617 5476 2673 5528 δὲ
2707 5474 2941 5545 ὥρισται
2973 5470 3126 5539 αὐτῷ
3157 5472 3190 5540 ἡ
3253 5469 3456 5537 γνῶσις
3507 5467 3601 5521 τοῦ
3637 5469 3941 5537 μέλλοντος,
3972 5469 4004 5537 ἢ

2421 5570 2753 5641 ἁορισταινει
2787 5566 2976 5635 ὥσπερ
3009 5566 3187 5633 milia;
3238 5583 3256 5615 ι
3295 5562 3495 5614 δόντων
3539 5562 3595 5614 δὲ
3655 5561 3816 5629 ἡμῶν
3871 5562 4005 5630 ὼρὶ-

2424 5666 2548 5718 σθαι
2576 5662 2722 5729 αὖτῴ
2745 5661 2841 5731 τὴν
2875 5658 3080 5724 γνῶσιν
3105 5657 3356 5726 (θάτερον
3387 5656 3496 5724 γὰρ
3526 5654 3775 5722 ἄτοπον),
3846 5655 4005 5716 εὐθὺς

2422 5760 2496 5821 ὡς
2532 5756 2799 5824 ἑπόμενὸν
2839 5772 2891 5807 τι
2922 5753 3122 5805 ἄτοπον
3164 5749 3511 5819 ὲπιῆςέρουσι.
3578 5749 3713 5801 Φασὶ
3752 5748 3862 5815 γὰρ
3909 5746 4002 5809 ὡς,

3860 5377 4004 5427 «πό-

736 5851 848 5904 nile
879 5855 1036 5906 seret
1073 5854 1194 5921 quis
1232 5857 1448 5911 iuturus
1485 5856 1550 5911 sit
1582 5856 1765 5924 justus
1797 5856 1993 5925 etquis
2054 5855 2311 5925 injustns,
2350 5869 2392 5919 η
2458 5854 2471 5905 ἰ

2255 5875 2311 5921 is,
2350 5869 2392 5919 η
2458 5854 2471 5905 ἰ
2500 5849 2821 5921 ὡρισμένως
2859 5848 3024 5917 εἰδείη
3048 5846 3139 5900 τόν
3170 5861 3229 5896 τε
3264 5843 3525 5913 ἐσόμενον
3553 5842 3760 5895 δίκαιον
3791 5838 3884 5892 καὶ
3915 5839 4004 5890 τοι)
