4430 6448
455 436 560 499 917

1502 428 1595 486 DE
1640 425 1936 486 MORTIS
1973 418 2281 482 DETERM
2296 423 2692 484 lNATlONE.

3631 422 3737 487 918

452 554 713 623 ἐσόμενον
770 550 978 613 ἄδικον,
1013 547 1103 601 τόν
1136 564 1192 600 τε
1224 544 1398 609 οὕτως
1428 545 1460 615 ἢ
1493 544 1719 608 ὲκείνως
1781 541 2035 613 τεθνηξό-
2060 544 2111 602 Α
2138 556 2201 612 qu

1993 542 2035 595 5-
2060 544 2111 602 Α
2138 556 2264 612 quis
2285 543 2387 597 hoc
2408 542 2489 597 vel
2520 543 2615 597 illo
2637 540 2801 596 modo
2821 541 3122 597 moriturus
3139 541 3232 607 sit,
3258 542 3742 613 nequejustusper

458 662 639 713 μενον,
677 642 846 695 οεῦ’ό
895 642 1105 704 δίκαιος
1155 640 1247 709 ἀφ’
1300 636 1493 693 ἑαυτοῦ
1551 638 1779 700 δίκαιος,
1837 636 1952 690 οὗθ’
2015 639 2044 691 6

457 737 646 795 ἄδικος
689 733 864 803 ἀρχὴν
892 732 1111 794 ἀδικίας
1138 731 1236 800 τὴν
1268 732 1592 800 προαίρεσιν
1634 728 1991 799 ἐκληρώσατο
2029 744 2041 758 ’

458 824 572 879 ἀλλ’
603 826 713 878 οὐδ’
743 828 770 877 6
806 826 1000 893 φονεὺς
1031 822 1215 885 ἄδικος
1243 838 1256 852 ·
1321 819 1681 891 περιώρισται
1710 820 1819 887 γὰρ
1850 819 1925 890 τῷ
1955 836 2045 871 τε·

460 920 680 989 ονηκότι
714 922 742 972 6
766 919 862 985 τῆς
893 917 1038 986 ζωῆς
1064 915 1275 987 χρόνος,
1314 915 1429 978 καὶ,
1468 913 1631 966 εἰδότι
1659 912 1778 981 Θεῷ
1835 910 1910 974 ὡς
1948 909 2043 963 οὖ-

457 1030 565 1075 τως
593 1010 935 1079 τεθνήξεται,
996 1006 1506 1077 ὲπηκολούθησενὴ
1565 1004 1862 1074 ἀναίρεσις.
1924 1002 2046 1064 Πῶς

461 1105 570 1172 γὰρ
622 1098 688 1173 ἦν
746 1101 948 1153 εἰδέναι
1005 1101 1105 1169 μὲν
1153 1097 1480 1169 ὡρισμένως
1536 1096 1628 1149 τὸν
1662 1096 1795 1148 Θεὸν
1837 1095 2045 1147 ἐκεῖνον

460 1192 936 1263 ἀναιρεθήσεσθαι,
971 1193 1231 1262 ἐκφυγεῖν
1256 1190 1312 1243 δὲ
1349 1189 1539 1243 τοῦτον
1578 1189 1669 1241 τὸν
1691 1190 1890 1258 τρόπον
1944 1186 2045 1255 τῆς

461 1288 831 1355 ὰναιρέσεωςς
893 1286 1033 1339 ὥστε
1086 1285 1179 1338 καὶ
1246 1287 1272 1337 6
1324 1284 1520 1352 φονεὺς
1580 1279 1891 1348 προγνώσει
1925 1278 2045 1349 θεία

462 1379 826 1449 ὑπουργηκὼς
851 1379 911 1431 οὖ
939 1380 1099 1448 μόνον
1143 1377 1320 1439 ἁθῶος
1349 1374 1665 1428 παντάπασι
1723 1373 2046 1441 λογισθήσε-

460 1488 573 1533 ται,
604 1472 739 1525 ἀλλα
764 1474 859 1523 καὶ
892 1470 1129 1541 ἀμοιϐῆς
1159 1468 1331 1535 ἄξιος,
1390 1468 1466 1532 ὡς
1519 1468 1580 1521 :6
1629 1465 1723 1520 τοῦ
1782 1465 2044 1519 δεσπότου

465 1566 677 1635 θέλημα
704 1563 1088 1627 ἐκτετελεκώς.

532 1658 594 1710 δ’.
630 1660 703 1710 T6
734 1660 833 1728 μὲν
860 1657 953 1710 οὖν
995 1656 1221 1726 ζήτημα
1275 1655 1419 1709 οὕτω
1493 1653 1556 1723 δὴ
1610 1652 1950 1705 συντιθέασιν
1998 1653 2046 1703 οί

470 1753 592 1820 περὶ
625 1749 797 1804 ταῦτα
815 1751 1004 1803 δεινοί·
1050 1752 1081 1820 ἡ
1123 1749 1179 1801 δέ
1221 1765 1283 1816 γε
1324 1747 1476 1809 λύσις
1501 1744 1673 1808 οὕτως
1699 1742 1855 1805 αὖθις
1897 1743 2048 1812 παρᾶ

463 1844 573 1893 τῶν
615 1842 937 1911 σοφωτέρων
966 1842 1233 1908 ἐπάγεται
1267 1841 1404 1907 πρὸς
1451 1838 1510 1889 τὸ
1541 1835 1839 1905 πρόϐλημα
1876 1851 1886 1861 ·
1918 1834 2043 1903 ὡςὴ

2148 647 2208 687 se
2230 633 2418 703 justus
2437 644 2544 697 est,
2566 648 2745 702 neque.
2763 632 2971 702 injusto
2992 632 3276 701 injustitiaa
3298 632 3633 703 principium
3658 644 3744 690 est

2148 725 2370 795 propria
2398 726 2698 780 voluntatis
2725 726 2940 780 electio.
2975 725 3084 780 Sed
3111 740 3287 796 neque
3315 725 3434 796 ipse
3464 724 3739 780 homicida

2148 818 2390 889 injustus
2408 827 2509 874 est.
2529 818 2741 873 Mortuo
2758 818 2903 873 enim
2918 818 3343 874 determinatum
3361 828 3447 874 est
3462 820 3587 873 vitm
3603 826 3745 893 tem-

2149 928 2272 983 pus,
2304 922 2381 979 et,
2419 911 2531 967 Deo
2555 914 2765 968 sciente
2789 926 2912 967 eum
2934 912 3026 965 tali
3057 912 3219 968 modo
3250 913 3576 967 moriturum
3598 928 3742 973 esse,

2148 1016 2341 1061 secuta
2371 1016 2456 1062 cst
2494 1005 2830 1061 interfectio.
2864 1002 3157 1071 Quomodo
3180 1005 3329 1060 enim
3373 1004 3501 1062 ﬁeri
3556 1013 3745 1075 possut

2151 1097 2319 1152 Deum
2350 1098 2714 1153 determinate
2760 1097 2904 1154 scire
2967 1095 3083 1152 fore
3127 1106 3184 1151 ut
3233 1096 3325 1152 ille
3371 1096 3743 1159 occideretur.

2149 1194 2417 1262 illumque
2458 1206 2588 1246 eum
2620 1190 3031 1247 interfectiouis
3075 1191 3296 1246 modum
3326 1190 3612 1264 eﬁ‘ugere;
3670 1192 3744 1246 ita

2152 1277 2208 1337 ut
2242 1284 2519 1339 homicida
2586 1284 2789 1339 divinae
2844 1283 3215 1339 Providentia
3273 1284 3582 1354 obsequens
3637 1301 3743 1339 non

2151 1380 2312 1433 modo
2344 1379 2613 1433 innocens
2678 1377 3087 1447 computandus
3126 1376 3360 1432 omnino
3382 1377 3477 1439 sit,
3512 1375 3608 1433 sed
3661 1386 3748 1433 est

2152 1474 2404 1529 mercede
2457 1472 2692 1543 dignus;
2734 1473 2939 1545 quippe
2974 1473 3068 1543 qui
3121 1471 3347 1528 Domini
3409 1471 3747 1527 voluntatem

2154 1566 2467 1636 perfecerit.

2221 1663 2273 1715 4.
2308 1661 2672 1727 Quaestionem
2701 1660 2866 1733 igitur
2894 1661 2973 1715 sic
3020 1672 3359 1729 componunt
3408 1663 3609 1715 harum
3660 1676 3746 1715 re-

2154 1770 2272 1807 rum
2310 1755 2490 1824 periti.
2535 1755 2752 1809 Solutio
2818 1762 3002 1808 autem
3048 1767 3274 1809 rursum
3305 1768 3333 1805 a
3396 1752 3749 1823 sapientibus

2152 1847 2217 1900 ad
2255 1848 2592 1916 propositum
2623 1846 2947 1901 adducitur.
2986 1844 3226 1909 Notitia,
3286 1844 3567 1915 inquiunt,
3593 1860 3745 1915 ⁸ιιιιηι

465 1935 690 2002 γνῶσις,
720 1936 864 2003 μέση
902 1929 1034 1986 οὖσα
1067 1931 1161 1985 τοῦ
1205 1932 1611 2000 γινωσκομένου
1637 1930 1731 1981 καὶ
1758 1927 1853 1980 τοῦ
1885 1925 2046 1995 γινὼ-
2083 1924 2122 1978 Β
2160 1938 2214 1992 si;

1997 1925 2046 1977 ὓ·
2083 1924 2122 1978 υ
2160 1938 2226 1992 sit
2259 1938 2433 1993 media
2466 1940 2609 1994 inter
2644 1939 2927 2011 cognitum
2963 1948 3017 1994 et
3042 1948 3496 2009 cognoscentem,
3551 1938 3746 2008 incipit

467 2043 711 2088 σκοντος,
750 2028 1008 2095 ὥρμηται
1047 2026 1145 2094 μὲν
1178 2026 1286 2076 ἀπὸ
1321 2022 1414 2075 τοῦ
1456 2022 1840 2089 γινώσκοντος,
1896 2020 2053 2069 εἱλεῖ-

465 2139 554 2175 ται
620 2121 676 2173 δὲ
745 2122 873 2189 περὶ
915 2121 976 2171 τὸ
1044 2117 1453 2186 γινωσκόμενον
1510 2114 1605 2167 καὶ
1664 2114 1945 2183 ὡμοίωται
1978 2110 2054 2179 τῷ

467 2211 787 2279 γινὼσκοντι
824 2228 837 2241 ο
872 2210 1057 2262 ὁποῖόν
1089 2227 1141 2261 τι
1164 2208 1307 2275 λέγω
1333 2223 1345 2235 ·
1384 2206 1520 2275 ἄλλη
1580 2206 1761 2275 ψυχῆς
1822 2203 2051 2271 γνῶσις,

470 2306 563 2358 καὶ
595 2305 731 2374 ἄλλη
765 2304 879 2365 νοῦ,
919 2305 1007 2356 καὶ
1041 2303 1177 2373 ἄλλη
1218 2300 1354 2354 ε)εοῦ
1389 2316 1401 2330 ·
1451 2303 1483 2371 ή
1536 2300 1635 2370 μὲν
1672 2296 1765 2351 οὖν
1807 2297 2053 2367 ψυχιιιῶς

469 2395 631 2458 οἶδεν,
656 2398 683 2448 6
711 2396 767 2449 δὲ
799 2396 1022 2466 νοερῶς,
1064 2395 1090 2445 6
1118 2394 1173 2446 δὲ
1200 2394 1339 2464 ὑπὲρ
1368 2392 1502 2445 νοῦν
1522 2394 1613 2443 καὶ
1642 2391 1915 2444 ἐπέκεινα.
1939 2391 2054 2442 Οὐκ

470 2490 741 2545 ἀλλοιοῦσι
760 2490 816 2542 δὲ
836 2490 891 2541 αἱ
907 2489 1134 2555 γνώσεις
1165 2488 1233 2540 τὰ
1252 2488 1576 2557 πράγματα,
1592 2486 1774 2539 ἀλλάἱ
1793 2484 1889 2554 μὲν
1912 2484 2055 2536 κατα

473 2586 543 2637 τὰ
595 2583 934 2649 γινώσκοντα
975 2582 1332 2644 ἴστανται,τα
1372 2583 1428 2632 δὲ
1448 2579 1707 2646 γινόμ;να
1725 2578 1821 2644 τῆς
1851 2577 2057 2636 οἰκείας

472 2677 571 2729 οὐκ
601 2676 908 2740 ἐξίστανται
936 2675 1172 2742 φύσεως.
1212 2674 1271 2725 ’0
1305 2670 1405 2741 μὲν
1437 2667 1531 2723 οὖν
1568 2670 1721 2733 Θεὸς,
1751 2670 1877 2739 ὅρος
1904 2666 1981 2718 ὢν
2028 2670 2055 2719 6

478 2772 694 2823 πάντων
726 2768 1051 2839 ἀκρότατος,
1094 2770 1235 2820 κατὰ
1269 2766 1368 2837 τὴν
1398 2765 1607 2818 οίκείαν
1632 2763 1914 2832 ἀκρότητα
1945 2756 2055 2813 οἶδε

474 2863 543 2915 τὰ
578 2863 900 2932 πράγματα,
936 2860 1258 2929 ὡρισμένως
1312 2859 1408 2928 μὲν
1464 2856 1531 2910 τὰ
1578 2856 1827 2926 ἀόριστα,
1884 2855 2055 2921 ἀναγ-

479 2954 646 3016 καίως
672 2955 728 3006 δὲ
772 2954 840 3006 τὰ
887 2954 1213 3023 ἐνδεχόμενα
1253 2968 1265 2981 ·
1312 2950 1373 3003 οὐ
1406 2949 1515 3019 γὰρ
1538 2948 2056 3018 συμμεταόἀλλεται

475 3052 586 3111 τοῖς
615 3047 941 3117 γινομένοις,
970 3046 1087 3097 ἀλλ’
1116 3044 1192 3107 ὡς
1223 3043 1335 3114 ἔχει
1369 3042 1583 3111 φύσεως
1607 3041 1705 3111 τὴν
1742 3040 1895 3104 τάξιν
1947 3037 2055 3091 οἶδε

476 3139 585 3191 τῶν
612 3139 781 3191 ὅντων
816 3154 829 3167 '
854 3137 923 3189 τὰ
951 3136 1007 3189 δὲ
1038 3138 1180 3190 κατὰ
1204 3136 1303 3207 τὴν
1325 3134 1531 3187 οἰκείαν
1557 3132 1718 3201 φύσιν
1759 3134 1843 3201 ρεἰ
1872 3149 1928 3185 τε
1963 3133 2057 3183 καὶ

478 3230 723 3301 φέρεται.

549 3320 608 3375 ε’.
641 3322 778 3388 Φέρε
806 3322 916 3391 γὰρ
958 3319 1093 3390 πρὸς
1122 3317 1257 3372 Θεοῦ
1287 3334 1301 3349 ο
1341 3317 1450 3370 τῶν
1500 3316 1772 3386 σωμάτων
1838 3316 2053 3384 διεστη-

482 3415 679 3478 κότων,
715 3412 832 3475 πῶς
860 3409 965 3465 οἶδε
990 3410 1163 3463 ταῦτα
1208 3409 1339 3472 Θεός
1366 3425 1380 3473 ;
1416 3408 1717 3471 διαστατῶς
1742 3408 1773 3477 ἢ
1799 3408 2057 3461 deum.

479 3524 623 3571 τως;
658 3507 757 3557 οὐκ
780 3504 1160 3566 ἁδιαστὰτωςς
1189 3502 1261 3554 Οὐ
1296 3502 1405 3571 γὰρ
1450 3502 1597 3569 ἐρεῖς
1637 3517 1739 3553 που
1787 3500 2015 3570 θάτερον
2040 3518 2053 3531 ·

481 3600 540 3651 οὐ
570 3600 676 3666 γὰρ
704 3597 973 3649 διίσταται
1009 3596 1121 3655 τοῖς
1170 3592 1359 3663 βάθεσι
1387 3594 1591 3644 τούτων
1624 3593 1656 3661 ἦ
1713 3594 1823 3656 τοῖς
1882 3593 2057 3661 μήκεα

487 3711 569 3745 σιν
603 3692 771 3762 ἦτοῖς
824 3689 1081 3741 πλατεσιν
1116 3704 1128 3716 ·
1182 3686 1299 3740 ἀλλ’
1344 3686 1672 3741 ἀδιάστατον
1742 3686 1923 3737 αὐτῶν
1962 3685 2059 3756 τὴν

494 3786 689 3854 γνῶσιν
737 3780 1063 3852 προέλαϐεν.
1098 3776 1226 3849 'Ap‘
1284 3774 1376 3831 οὖν
1421 3777 1482 3829 τὺ
1522 3776 1696 3840 οὕτως
1739 3777 1937 3829 εξδὲναι
1994 3778 2061 3829 τα

486 3880 713 3949 σώματα
740 3877 830 3928 τὶν
859 3874 990 3927 Θεὸν
1017 3876 1110 3935 τὰς
1140 3873 1451 3933 διαστάσεις
1484 3872 1709 3923 ἐκείνων
1734 3870 2057 3939 μετήμειῴξ

488 3973 642 4026 Κατᾶ
674 3971 764 4022 τὸν
795 3968 957 4021 αὑτὸν
980 3966 1158 4033 λόγον,
1186 3965 1282 4016 καὶ
1321 3963 1422 4032 τὴν
1482 3960 1645 4030 φύσιν
1705 3961 1843 4029 ὑπὲρ
1899 3959 2061 4027 φύσιν

486 4063 641 4127 εἰδὼς
685 4062 857 4115 καὶτὸ
885 4060 1137 4130 ἀόριστον
1165 4056 1510 4127 ὡρισμένως,
1558 4052 1681 4106 οὔτε
1735 4053 1834 4123 τὴν
1899 4051 2060 4120 φύσιν

492 4155 843 4231 μετήλλαξεν,
899 4150 1023 4205 οὔτε
1082 4149 1182 4219 τὴν
1234 4146 1517 4216 ἀοριστίαν
1561 4145 1670 4197 τῶν
1718 4145 2061 4214 πραγμάτων

493 4243 827 4317 μετήμειψεν
860 4258 872 4271 ο
905 4242 964 4293 ου
994 4240 1102 4308 γὰρ
1125 4237 1272 4292 αίτία
1298 4235 1408 4289 τῶν
1434 4232 1787 4303 γινομένωνή
1816 4232 2064 4300 πρὸγνω·

491 4358 595 4403 σις.
630 4338 704 4391 Οὐ
729 4338 930 4397 τοίνυν,
958 4334 1006 4386 εἰ
1037 4332 1146 4385 τῶν
1172 4327 1272 4401 μὲν
1306 4327 1624 4398 προέγνωκε
1647 4324 1747 4396 τὴν
1789 4322 2061 4393 φαυλότη-

488 4452 578 4495 τα,
605 4431 713 4483 τῶν
743 4430 799 4483 δὲ
824 4427 922 4497 τὴν
957 4423 1307 4492 δικαιοσύνην
1338 4419 1632 4492 προέλαϐε,
1664 4418 1752 4471 διὰ
1789 4415 1960 4470 ταῦτα
2006 4412 2064 4479 ἐξ

489 4522 731 4588 ἀνάγκης
782 4516 832 4570 οἱ
882 4516 979 4586 μὲν
1024 4512 1238 4583 φαῦλοι,
1296 4510 1346 4563 οἱ
1373 4509 1429 4563 δὲ
1470 4509 1797 4579 γεγένηνται
1826 4506 2061 4559 δίκαιοι·

2159 2042 2600 2098 aCOgnoseeute,
2635 2032 3101 2087 circumvolvitur
3157 2032 3309 2087 circa
3363 2032 3645 2102 cognitum
3690 2041 3747 2086 et

2158 2123 2357 2178 similis
2392 2124 2746 2191 cognoscenti
2787 2123 3056 2190 eﬁicitur;
3090 2131 3144 2179 et
3172 2132 3230 2177 ut
3263 2137 3439 2179 meam
3477 2124 3746 2193 explicem

2158 2217 2516 2281 sententiam,
2550 2217 2657 2271 alia
2687 2225 2768 2271 est
2791 2217 2990 2271 animae
3040 2216 3308 2288 coguitio,
3359 2217 3468 2271 alia
3512 2218 3740 2279 mentis,

2157 2318 2208 2363 et
2250 2311 2355 2363 alia
2397 2308 2488 2363 Dei
2527 2309 2657 2362 :illa
2707 2309 2934 2378 quidem
2988 2308 3322 2375 animaliter,
3360 2324 3517 2365 mens
3558 2318 3742 2364 autem

2158 2400 2535 2466 mutabiliter;
2570 2398 2717 2469 quod
2742 2409 2927 2454 autem
2949 2414 3117 2470 supra
3139 2410 3373 2454 mentem
3430 2406 3537 2465 est,
3580 2399 3746 2454 modo

2158 2493 2263 2547 sibi
2299 2494 2543 2563 proprio.
2593 2492 2954 2561 Coguitiones
2989 2502 3176 2548 autem
3211 2507 3302 2547 res
3346 2507 3453 2547 non
3491 2500 3744 2551 mutant;

2159 2588 2249 2640 sed
2287 2588 2389 2641 illa:
2419 2590 2471 2640 in
2517 2587 2989 2658 cognoscentibus
3030 2594 3203 2649 stant,
3235 2602 3358 2656 quae
3396 2596 3579 2641 autem
3614 2596 3748 2641 sunt

2161 2680 2435 2749 propriam
2472 2688 2727 2734 naturam
2762 2694 2875 2734 non
2933 2678 3219 2733 amittunt.
3250 2675 3392 2733 Deus
3426 2677 3620 2749 igitur,
3652 2679 3709 2733 ul

2160 2774 2327 2825 tinnis
2362 2771 2609 2826 omnium
2645 2771 2943 2834 terminus,
2979 2770 3283 2825 secundum
3307 2770 3586 2841 prepriam
3633 2770 3748 2826 ccl-

2159 2862 2457 2917 situdinem
2504 2877 2591 2918 res
2640 2861 2953 2932 cognoscit,
3009 2861 3234 2917 deﬁnite
3286 2876 3408 2932 qua:
3446 2860 3748 2919 indeﬁnite

2160 2963 2311 3021 sunt,
2351 2957 2665 3010 necessario
2699 2971 2820 3025 qua:
2851 2964 2978 3009 sunt
3002 2954 3420 3025 contingentes;
3463 2970 3572 3010 non
3600 2957 3747 3011 enim

2161 3058 2407 3102 mutatur
2430 3050 2593 3102 simul
2637 3064 2763 3103 cum
2794 3049 2875 3103 eis
2897 3064 3016 3117 qua:
3048 3047 3204 3113 ﬁunt,
3260 3048 3358 3103 sed
3423 3064 3524 3119 pro
3555 3044 3747 3105 earum

2164 3150 2358 3193 natura
2418 3150 2803 3195 creaturarum
2868 3140 3119 3195 ordinem
3176 3141 3373 3207 novit;
3431 3155 3511 3197 ea!
3561 3149 3746 3198 autem

2085 3270 2127 3326 ϐ
2163 3230 2750 3300 secundumpropriam
2776 3243 3027 3284 naturam
3061 3229 3239 3284 ﬂuunt
3269 3240 3321 3285 et
3351 3228 3631 3289 feruntur.

2314 3320 2557 3392 Agedum
2614 3321 2758 3376 enim
2808 3336 2905 3391 per
2954 3320 3164 3386 Deum;
3210 3337 3334 3376 cum
3370 3318 3483 3377 sint
3509 3336 3745 3393 corpora

2160 3411 2447 3476 distantia,
2507 3412 2786 3481 quomodo
2847 3428 2911 3467 ea
2970 3412 3122 3466 novit
3179 3411 3367 3468 Deus?
3426 3412 3619 3470 Utrum
3687 3426 3765 3471 ut'

2160 3503 2423 3556 distantia
2480 3502 2711 3555 annon?
2761 3501 2877 3556 Non
2931 3502 3246 3557 distantia?
3296 3503 3543 3559 Alterum
3594 3505 3745 3560 enim

2163 3609 2270 3647 nou
2298 3592 2468 3647 dices.
2500 3590 2618 3646 Non
2660 3595 2805 3646 enim
2854 3593 2922 3647 ab
2970 3594 3079 3649 illis
3125 3595 3296 3650 distat
3335 3595 3631 3653 altitudine
3661 3597 3745 3653 vel

2162 3682 2501 3752 longitudine
2544 3683 2624 3737 vel
2663 3683 2996 3751 latitudine;
3058 3700 3166 3739 nou
3215 3686 3514 3742 distantem
3550 3684 3744 3743 eorum

2162 3777 2528 3846 cognitionem
2576 3778 2854 3847 praecepit.
2906 3776 3048 3831 Num
3110 3778 3279 3848 igitur
3338 3795 3404 3835 eo
3460 3782 3607 3851 quod
3644 3784 3748 3837 scit

2166 3870 2308 3925 Deus
2351 3886 2605 3941 corpora,
2646 3886 2839 3925 eorum
2896 3871 3128 3925 mutavit
3168 3869 3503 3930 distantias?
3546 3872 3746 3931 Eadem

2164 3964 2399 4027 ratione,
2450 3972 2702 4018 naturam
2754 3964 3254 4033 supernaturaliter
3281 3981 3516 4022 noscens
3566 3977 3621 4023 et
3661 3969 3749 4023 in-

2165 4054 2451 4109 deﬁnitum
2502 4056 2663 4108 modo
2706 4053 2954 4121 deﬁnito,
2989 4072 3165 4126 neque
3198 4065 3451 4115 naturam
3489 4062 3742 4124 mutavit,

2166 4162 2341 4213 neque
2367 4161 2546 4200 rerum
2586 4145 3159 4203 indeterminationem
3187 4164 3201 4214 ;
3235 4163 3344 4203 uon
3370 4149 3518 4205 enim
3553 4164 3746 4207 eorum

2164 4254 2285 4308 qua:
2334 4250 2463 4293 simt
2519 4239 2865 4307 prazseientia
2911 4254 3078 4296 causa
3130 4248 3233 4297 est.
3287 4240 3405 4298 Non
3456 4243 3643 4315 igitur,
3698 4246 3745 4302 si

2167 4332 2396 4386 aliorum
2459 4333 2732 4402 prrescivit
2798 4332 3107 4398 malitiam,
3180 4334 3431 4391 aliorum-
3470 4336 3746 4407 justitiam

2168 4426 2557 4495 ῃτιιιδιιιιιρείι,
2624 4441 2731 4480 non
2804 4435 3088 4495 propterea
3149 4443 3213 4482 ex
3268 4422 3750 4487 necess’ltate'alii

2168 4517 2292 4570 mali
2353 4516 2478 4570 facti
2540 4526 2689 4582 sunt,
2743 4516 2836 4571 alii
2892 4516 3069 4586 justi;
3124 4517 3221 4573 sed
3286 4518 3377 4574 ille
3443 4520 3747 4577 secundum

492 4613 604 4667 ἀλλ’
634 4611 840 4673 ἐκεῖνός
900 4624 956 4660 τε
990 4605 1133 4660 κατὰ
1165 4603 1264 4675 τὴν
1288 4602 1496 4689 οἰκείαν
1530 4600 1689 4670 φύσιν
1713 4599 1814 4671 τὴν
1860 4598 2059 4666 γνῶσιν
2094 4611 2136 4666 ι)
2167 4622 2241 4677 ρι’(

2001 4615 2059 4650 ειν
2094 4611 2136 4666 D
2167 4606 2442 4677 prOpt-iam
2478 4616 2733 4662 naturam
2766 4622 2829 4662 ea
2863 4624 2984 4677 qua:
3031 4618 3159 4664 sunt
3206 4610 3481 4679 cognovit,
3525 4619 3579 4666 et
3636 4610 3750 4667 hinc

492 4706 615 4777 ἔσχε
651 4703 759 4757 τῶν
788 4700 1112 4770 γινομένων,
1147 4692 1374 4751 κάκεῖνα
1404 4693 1546 4749 κατὰ
1573 4693 1664 4747 τον
1697 4691 1826 4747 ἴδιον
1870 4690 2061 4762 εἱρμὸν

492 4802 717 4869 φέρεται
756 4813 768 4827 ·
800 4794 893 4848 καὶ
928 4792 1019 4845 τὸν
1071 4790 1275 4861 ἀγχόνῃ
1330 4786 1511 4840 τοίνυν
1567 4785 1913 4855 χρησάμενον
1956 4778 2066 4837 οἵδε

497 4894 593 4963 μὲν
635 4890 711 4953 ὡς
742 4887 886 4942 οὕτω
906 4883 1224 4955 τεθνήξαιτο
1269 4880 1369 4952 (μὴ
1433 4880 1543 4951 γάρ
1604 4896 1663 4933 σε
1712 4878 1944 4949 διαλάθῃ
2006 4878 2067 4932 τὸ

496 4984 761 5053 πρότερον
803 4979 1140 5049 ὁμολόγημα,
1189 4975 1263 5038 ὡς
1296 4976 1329 5044 ἡ
1360 4972 1557 5041 γνῶσις
1581 4972 1860 5043 ὡμοίωται
1880 4970 1958 5041 τῷ
1981 4987 2069 5039 γι·

494 5074 861 5143 νὼσκδντι)οὑ
885 5072 972 5125 διὰ
994 5070 1089 5140 τὴν
1121 5068 1325 5137 γνῶσιν
1365 5066 1421 5119 δὲ
1475 5067 1685 5127 ἐκεῖνος
1742 5064 1931 5134 βιαίως
1985 5065 2067 5115 ὲκ-

497 5169 802 5229 ττέπτωκεν,
834 5163 970 5217 ἀλλὰ
1003 5162 1091 5214 διὰ
1116 5161 1211 5231 τὴν
1236 5159 1555 5229 προαίρεσιν
1579 5156 1800 5228 πονηρῷ
1858 5156 2067 5226 χρησα-

498 5277 657 5330 μενος
689 5259 925 5328 δαίμονι.
965 5256 1093 5319 Καὶ,
1116 5254 1181 5325 ¹τί)
1212 5252 1437 5322 σύμπαν
1459 5253 1634 5305 εἰπεῖν
1662 5248 1804 5303 ὥστε
1840 5266 1921 5301 σοι
1950 5251 2069 5301 ἐπι-

497 5350 751 5406 λελυσοαι
784 5350 844 5402 τὸ
875 5347 1115 5418 ζήτημα,
1136 5346 1211 5414 τῷ
1247 5346 1343 5415 μὲν
1375 5344 1493 5414 Θιῴ
1521 5342 1660 5397 κατὰ
1682 5342 1779 5413 τὴν
1824 5342 2070 5411 πρόγνω-

502 5462 584 5498 σιν
608 5445 669 5497 τὸ
706 5444 805 5513 τῆς
864 5442 1095 5495 ἑκάστου
1145 5438 1288 5508 ζωῆς
1354 5436 1730 5508 συμπέρασμα
1788 5434 2020 5505 ὥρισται
2051 5448 2065 5464 ’
2116 5440 2119 5443 ’

499 5536 769 5610 προέλαϐε
798 5534 908 5602 γὰρ
938 5535 1143 5595 ἐκεῖνος
1184 5532 1284 5600 τὴν
1336 5529 1536 5597 γνῶσιν
1599 5526 1693 5581 τοῦ
1755 5525 2016 5596 ἐσομένου
2051 5541 2065 5556 ’

498 5631 634 5701 ἡμῖν
667 5629 721 5681 δὲ
754 5627 1087 5697 ἁορισταίνει
1118 5624 1177 5678 1:6
1214 5623 1625 5694 συμϐησόμενον
1656 5638 1668 5651 ·
1702 5619 1841 5673 ὣστε
1868 5620 2070 5689 τρόπον

506 5724 605 5793 μέν
628 5738 747 5775 τινα
770 5720 1023 5790 ὥρισται,
1051 5719 1250 5789 τρόπον
1302 5716 1361 5769 δὲ
1421 5720 1515 5769 κα)⁵
1564 5715 1663 5784 οὐχ
1714 5714 1984 5785 ὥρισται·
2026 5706 2071 5781 ᾧ

505 5822 601 5887 μὲν
631 5818 738 5885 γαρ
762 5810 871 5867 οἶδε
903 5813 1035 5876 Θεὸς
1064 5803 1380 5883 ὥρισται,ᾧ
1410 5809 1465 5864 δὲ
1519 5810 1551 5880 ἡ
1612 5808 1921 5879 πρόγνωσις
1971 5810 2068 5877 οὐχ

503 5910 675 5982 ὁρίζει
704 5909 758 5962 τὸ
792 5906 1174 5977 γενησόμενον,
1200 5904 1297 5974 οὐχ
1324 5901 1583 5975 ὥρισται.
1649 5899 1961 5954 Ἐπιδιαιτῶ
2015 5899 2067 5950 δὲ

2169 4698 2470 4753 secundum
2507 4699 2790 4768 proprium
2828 4713 3030 4753 nexum
3074 4695 3349 4754 feruntur.
3400 4698 3467 4753 Et
3492 4700 3598 4756 scit
3622 4715 3747 4756 eum

2170 4791 2261 4861 qui
2295 4790 2494 4860 laqueo
2536 4804 2595 4845 se
2640 4790 2955 4858 suspendit,
3000 4791 3081 4845 sic
3132 4790 3464 4845 moriturum
3502 4806 3627 4847 esse
3657 4792 3749 4863 (ne

2172 4894 2223 4938 te
2266 4883 2438 4953 fugiat
2503 4882 2646 4953 quod
2706 4882 2940 4952 primum
2994 4882 3238 4940 confessi
3291 4899 3508 4952 sumus,
3552 4901 3751 4957 nempe

2170 4973 2540 5044 cognitionem
2582 4974 2937 5043 cognoscenti
2980 4963 3217 5031 similem
3255 4977 3424 5045 esse).
3462 4992 3571 5032 non
3619 4993 3749 5048 pro-

2173 5074 2289 5136 pter
2324 5066 2464 5119 lianc
2499 5066 2873 5135 cognitionem
2934 5066 3024 5123 ille
3072 5068 3341 5123 violenter
3389 5069 3618 5135 cecidit,
3652 5071 3747 5126 sed

2173 5172 2270 5227 per
2310 5158 2645 5210 voluntatem
2708 5157 2850 5210 malo
2892 5172 3026 5212 usus
3084 5158 3327 5227 ingenio.
3389 5156 3454 5212 Et
3503 5166 3562 5212 ut
3615 5157 3750 5212 nihil

2174 5266 2279 5303 non
2306 5250 2482 5302 dicam
2512 5247 2656 5318 quod
2689 5248 2785 5303 tibi
2813 5248 2954 5302 itane
2993 5247 3355 5317 quaestionem
3403 5247 3599 5314 solvat,
3640 5248 3751 5304 Deo

2173 5341 2389 5411 quidem
2427 5356 2522 5409 per
2556 5340 2952 5411 pratscientiam
2991 5340 3116 5394 vita:
3168 5340 3600 5410 uniuscujusque
3648 5348 3755 5395 ter-

2176 5436 2354 5490 minus
2384 5434 2639 5490 deﬁnilus
2666 5442 2784 5499 est;
2830 5435 3174 5504 praesumpsit
3199 5433 3344 5489 enim
3375 5432 3543 5489 futuri
3575 5434 3755 5489 scien-

2175 5530 2356 5592 tiam;
2425 5522 2582 5582 uobis
2646 5535 2827 5580 autem
2892 5526 3142 5581 futurum
3210 5526 3560 5582 indeﬁnitum
3620 5536 3748 5583 εει·

2176 5624 2246 5676 ita
2285 5631 2340 5675 ut
2376 5621 2779 5691 quodammodo
2809 5620 3093 5676 deﬁnitum
3131 5620 3225 5687 sit,
3258 5632 3311 5675 et
3344 5620 3749 5689 quodammodc

2176 5716 2558 5779 indeﬁnitum;
2609 5714 2770 5769 modo
2818 5714 2963 5769 enim
3008 5729 3118 5785 quo
3166 5715 3317 5769 novit
3358 5713 3525 5775 Deus,
3561 5713 3756 5769 defini-

2176 5818 2288 5862 tmn
2314 5816 2397 5864 est
2431 5825 2443 5873 ;
2477 5818 2639 5878 prout
2666 5816 2846 5863 autem
2880 5807 3219 5877 prmscieutia
3258 5821 3364 5861 non
3400 5806 3586 5862 defluit
3610 5806 3754 5860 futu-

2178 5920 2321 5966 rttm,
2366 5902 2708 5959 indeﬁnitum
2733 5912 2834 5958 est.
2858 5902 3086 5959 Attende
3124 5910 3172 5957 et
3197 5898 3414 5955 Patrum
3444 5909 3754 5957 nostrorum
