4430 6448
733 377 839 438 91‘.)

1965 378 2387 437 MlCHAELlS
2430 380 2693 438 PSELLI

3904 376 4009 436 9ἓο

738 488 914 548 libris,
955 494 1013 540 ut
1062 487 1107 541 si
1141 485 1467 557 quibusdam
1514 486 1828 543 occurreris
1874 488 1965 557 qui
1992 486 2059 541 de
2087 488 2321 540 termino
2353 492 2394 545 Α
2424 505 2487 540 κα

2257 503 2321 540 no
2353 492 2394 545 Α
2424 490 2518 540 καὶ
2546 492 2655 551 τοῖς
2680 489 2787 541 τῶν
2817 488 3070 557 πατέρων
3102 487 3259 557 ἡμῶν
3283 488 3488 556 λόγοις,
3520 488 3588 541 ἶν’
3640 489 3693 540 ετ
3732 503 3842 540 τισι
3908 502 4006 555 μεν

739 580 865 632 vita:
901 586 1105 631 nostrae
1144 577 1368 630 delinito
1410 578 1736 645 loquuntur,
1777 586 1831 630 et
1863 577 2192 647 quibusdam
2228 577 2321 644 qui

741 672 810 724 de
836 670 1030 724 eodem
1063 678 1122 722 ut
1159 666 1471 734 indeﬁnito,
1518 683 1626 724 non
1676 678 1837 737 putes
1869 669 2150 725 doctrinas
2183 670 2325 723 inter

743 779 801 817 se
832 761 1153 823 dissentire,
1179 760 1275 815 sed
1302 761 1518 828 judices
1551 762 1686 815 illud
1708 762 1928 832 quidem
1958 762 2142 831 priore
2167 762 2324 817 modo

741 856 998 926 exprimi,
1029 855 1131 909 hoc
1162 864 1346 908 autem
1381 856 1578 910 altero.

810 1039 863 1092 6.
900 1037 1166 1093 Praeterea
1202 1047 1253 1093 te
1286 1040 1407 1094 volo
1451 1042 1593 1095 scire
1626 1052 1865 1095 nosuam
1918 1055 2168 1096 naturam
2218 1060 2322 1096 non

738 1146 862 1184 esse
896 1131 1230 1198 simplicem,
1270 1132 1362 1185 sed
1403 1148 1504 1185 nos
1551 1134 1740 1201 plenos
1773 1150 1897 1188 esse
1927 1146 1978 1188 et
2013 1136 2322 1189 substantia

740 1234 793 1275 ct
834 1223 1191 1291 generatione
1217 1265 1232 1287 ,
1285 1239 1555 1295 agereque
1611 1236 1723 1279 tum
1783 1228 2125 1296 providentia
2153 1266 2166 1289 ,
2208 1236 2322 1280 tum

740 1324 963 1373 natura,
1013 1321 1128 1367 tum
1188 1315 1491 1369 voluntate.
1536 1316 1791 1387 Illudque
1843 1319 1965 1372 dico
2019 1334 2127 1372 non
2177 1320 2322 1389 quod

742 1405 949 1474 aliquid
980 1405 1120 1475 fugit
1177 1406 1585 1462 Providentiam
1638 1418 1692 1463 et
1728 1410 1917 1471 Deum,
1960 1411 2053 1465 sed
2091 1413 2239 1481 quod
2273 1421 2324 1466 et

741 1495 844 1547 alia
873 1512 994 1565 qua:
1021 1498 1146 1551 inde
1172 1499 1553 1553 exsistcntiam
1584 1511 1931 1570 receperunt,
1966 1503 2080 1556 sive
2105 1504 2324 1573 physice

740 1586 856 1639 sive
889 1588 1058 1640 libere
1089 1588 1141 1639 in
1178 1603 1277 1642 nos
1308 1600 1633 1657 Operantur.
1678 1590 1799 1645 [deo
1840 1592 2009 1660 igitur
2033 1600 2086 1647 et
2118 1592 2321 1663 frigora

742 1687 795 1731 et
831 1679 1044 1733 calores
1071 1694 1172 1734 nos
1201 1697 1228 1734 e
1254 1681 1360 1733 vita
1391 1681 1670 1743 auferunt,
1700 1683 1827 1751 quia
1863 1693 2069 1737 natura:
2100 1685 2321 1753 partici-

740 1787 837 1839 pos
880 1786 1096 1837 sumus,
1147 1783 1201 1827 et
1265 1789 1484 1829 rursum
1545 1775 1744 1829 stolida
1804 1777 2032 1831 consilia
2078 1789 2321 1831 nostram

741 1864 907 1915 vitam
946 1866 1302 1932 exstinguunt
1346 1880 1409 1918 ex
1448 1864 1720 1919 electione
1763 1866 2081 1921 voluntatis.
2124 1864 2321 1923 Omnia
2357 1847 2397 1899 Β

742 1954 960 2021 quidem
995 1954 1217 2009 deﬁnite
1263 1957 1416 2009 novit
1463 1956 1651 2023 Deus;
1702 1957 1794 2011 illa
1850 1973 1979 2011 vero
2016 1961 2317 2013 secundum

743 2062 897 2099 suam
934 2056 1187 2101 naturam
1216 2056 1539 2119 operantur.

816 2220 972 2277 Nunc
1005 2225 1224 2279 brevem
1259 2225 1429 2282 babes
1460 2235 1567 2281 tua!
1608 2228 1931 2298 quaestionis
1967 2230 2321 2294 solutionem,

746 2311 970 2368 Patrum
995 2316 1314 2372 doctissime
1339 2326 1391 2373 et
1418 2320 1895 2376 reverendissime.

742 2489 1511 2517 m

1007 2507 1720 2521 Μῄ-

1448 2679 2491 2833 MICHAELIS

2428 580 2673 650 ἐντύχοις
2719 581 2792 643 ὡς
2855 581 2983 651 περὶ
3022 582 3330 651 ὡρισμένου
3377 581 3473 633 τοῦ
3532 580 4007 650 συμπεράσματος

2427 674 2525 741 τῆς
2557 672 2701 743 ζωῆς
2730 673 2889 742 ήμῶν
2923 672 3167 741 λέγουσι,
3197 672 3312 725 τισὶ
3341 671 3397 725 δὲ
3421 670 3497 734 ὡς
3535 672 3664 741 περὶ
3724 670 4005 740 ἀορίστου.

2431 764 2506 834 μὴ
2536 764 2827 833 διαφωνεῖν
2854 766 2991 836 πρὸς
3050 764 3262 834 ἄλληλα
3312 764 3558 834 οἰηθείης
3621 763 3689 816 τὰ
3737 763 4003 832 δόγματα,

2428 856 2545 908 ἀλλ’
2575 859 2878 928 ἐπικρίνοις
2904 858 2978 919 ὡς
3007 857 3182 910 ταῦτα
3218 857 3318 925 μὲν
3343 857 3486 911 κατὰ
3514 855 3704 909 τοῦτον
3732 855 3823 910 τὸν
3882 856 4004 925 τρό-

2429 966 2527 1002 πον
2558 949 2928 1018 ἐξενήνεκται,
2970 952 3156 1002 ἐκεῖνα
3190 949 3247 1002 δὲ
3282 950 3423 1002 κατὰ
3453 948 3544 1001 τὸν
3579 951 3790 1018 ἕτερον.

2498 1042 2742 1111 ς’.ΙῙρδς
2764 1042 2821 1095 δε
2844 1042 3054 1105 τούτοις
3107 1043 3308 1096 εἰδέναι
3367 1060 3426 1096 σε
3467 1041 3732 1112 βούλομαι
3781 1042 3855 1104 ῶς
3909 1041 4006 1109 οὐχ

2427 1132 2570 1201 ἁπλῆ
2601 1149 2682 1194 τις
2712 1135 2857 1185 ἐστὶν
2900 1135 2933 1204 ἡ
2984 1134 3105 1186 καθ’
3157 1136 3304 1203 ἡμᾶς
3347 1134 3536 1203 φύσις,
3589 1134 3727 1187 ἀλλὰ
3769 1134 4005 1203 πλήρεις

2427 1224 2593 1291 ἐσμὲν
2625 1224 2720 1276 καὶ
2750 1224 2841 1277 τοῦ
2870 1225 3023 1287 ὄντος
3060 1230 3154 1278 καὶ
3189 1225 3289 1295 τῆς
3321 1229 3616 1293 γενέσεως,
3645 1224 4005 1294 διοικούμεθὰ

2426 1332 2482 1365 τε
2523 1315 2591 1367 τὰ
2626 1315 2724 1383 μὲν
2774 1316 2878 1369 ὑπὸ
2910 1316 3187 1387 προνοίας,
3216 1317 3284 1368 τὰ
3320 1316 3365 1368 δ’
3398 1317 3502 1369 ὑπὸ
3561 1316 3797 1385 φύσεως,
3850 1317 3916 1367 τὰ
3964 1314 4007 1364 δ’

2428 1408 2491 1457 ἐκ
2522 1407 2920 1477 προαιρέσεως,
2960 1410 3070 1461 Καὶ
3096 1410 3157 1461 οὐ
3192 1408 3352 1461 τοῦτο
3401 1409 3568 1476 λέγω,
3624 1408 3698 1471 ῶς
3756 1408 4006 1477 διέστηκέ

2426 1514 2476 1549 τι
2498 1498 2595 1566 τῆς
2623 1499 2883 1568 προνοίας
2930 1499 3027 1552 καὶ
3058 1501 3152 1552 τοῦ
3181 1499 3341 1565 Θεοῦ,
3388 1500 3503 1554 ἀλλ’
3550 1502 3631 1553 ὅτι
3689 1500 3785 1553 καὶ
3838 1500 4005 1553 τᾶλλα

2426 1590 2635 1639 ἐκεῖθεν
2684 1590 2782 1658 τὴν
2828 1591 3021 1643 οὐσίαν
3058 1590 3290 1659 λαχόντα
3344 1592 3375 1661 ἦ
3412 1592 3656 1658 φυσικῶς
3692 1592 3821 1660 περὶ
3860 1593 4006 1661 ἡμᾶς

2428 1680 2691 1748 ἐνεργεῖῆ
2725 1682 3153 1751 προαιρετικῶς.
3190 1684 3289 1736 Διὰ
3338 1683 3511 1735 ταῦτα
3564 1682 3859 1750 τοιγαροῦν
3916 1687 4008 1735 καὶ

2427 1775 2629 1841 κρυμοὶ
2650 1773 2742 1823 καὶ
2772 1772 2947 1842 θάλπη
2982 1774 3309 1845 ἐκφέρουσιν
3332 1777 3475 1845 ἡμᾶς
3508 1775 3606 1845 τῆς
3630 1775 3777 1844 ζωῆς
3804 1776 3884 1829 ὅτι
3916 1776 4007 1828 καὶ

2429 1863 2642 1929 φύσεως
2676 1866 3136 1934 μετεσχήκαμεν
3210 1868 3303 1918 καὶ
3353 1863 3509 1930 αὖθις
3552 1869 3747 1921 ἄτοποι
3791 1868 4009 1937 γνῶμαι

2433 1953 2781 2007 σϐεννύουσιν
2807 1958 2961 2025 ἡμῶν
2989 1957 3085 2027 τὴν
3105 1958 3271 2027 ζωὴν,
3303 1959 3455 2029 παρᾶ
3482 1960 3541 2011 τὸ
3569 1961 3736 2029 μέρος
3758 1961 3855 2027 τῆς
3880 1976 4011 2028 προ-

2431 2046 2715 2115 αιρέσεως.
2745 2047 2997 2101 "Artaxata
3016 2046 3123 2101 οἶδε
3155 2052 3252 2117 μὲν
3271 2051 3591 2121 ὡρισμένως
3608 2055 3634 2105 ὁ
3651 2052 3805 2114 Θεὸς,
3829 2052 4010 2103 ἐκεῖνα

2433 2138 2489 2189 δὲ
2519 2139 2657 2191 κατὰ
2688 2140 2786 2210 τὴν
2812 2141 3020 2193 ἑαυτῶν
3049 2142 3209 2209 φύσιν
3239 2143 3337 2211 τὴν
3359 2144 3641 2212 ἐνέργειαν
3672 2142 3907 2212 ἔχουσιν.

2507 2233 2692 2301 Ἔχεις
2727 2235 2833 2286 ἰδοῦ
2854 2234 2952 2305 τὴν
2984 2234 3138 2288 λύσιν
3169 2236 3511 2307 ἐπὶβραχέος
3560 2232 3731 2304 οὗπερ
3791 2238 4007 2306 ἠριὺτησ

2437 2341 2557 2387 σας,
2585 2327 2846 2396 Πατέρων
2867 2330 2990 2396 ἐμοὶ
3015 2328 3316 2397 λογιώτατε
3351 2331 3445 2382 καὶ
3465 2330 3900 2400 σεϐασμιώτατε.

3054 2508 3057 2509 ν
3082 2503 3249 2513 -σδ

2663 2682 3340 2839 PSELLI

3713 2504 3962 2529 ππ»

1226 3002 1955 3119 OPERUM
2125 3009 2564 3120 PARS
2721 3011 3537 3137 SECUNDA

2167 3225 2608 3270 COMPLECTENS

1659 3411 2162 3499 LEGALIA
2260 3411 2409 3497 ET
2482 3410 3080 3503 CANONICA

920 3714 1363 3840 0BLAT10
1460 3710 2167 3838 ΝθΜθιΑΝθΝιδ
2261 3711 2395 3838 All
2490 3714 2713 3838 IMP.
2833 3712 3419 3843 MICHAELEM
3508 3716 3851 3846 IlllﬂAlll

1206 3921 1481 3982 (Meerman
1517 3920 1803 3970 Thesaurus
1828 3921 1979 3980 Iuris,
2011 3921 2049 3980 Ι,
2079 3935 2123 3982 ρ.
2163 3922 2238 3981 77,
2271 3922 2469 3981 Graece;
2497 3922 2964 3986 interpretationem
2994 3932 3211 3975 nostram
3242 3929 3563 3993 addidimus)

824 4150 1162 4218 Cognoscas,
1193 4160 1401 4216 quaeso,
1436 4145 1758 4213 imperator,
1798 4143 1962 4197 etiam
1992 4142 2335 4196 Nomocano-
2364 4159 2405 4213 α
2443 4142 2573 4211 Ἔχε

2159 4158 2335 4195 ’ροηοο
2364 4159 2405 4213 C
2443 4142 2573 4211 Ἔχε
2600 4158 2688 4210 μοι
2722 4139 2943 4205 γνῶσιν,
2965 4140 3223 4204 δέσποτα,
3260 4144 3353 4194 καὶ
3391 4143 3483 4196 τοῦ
3509 4144 3908 4214 Νομοκανόνος.

2091 4232 2259 4308 [nem.

755 4336 858 4402 Qui
890 4335 1029 4389 liber
1061 4342 1280 4388 constat
1309 4330 1518 4402 legibus
1548 4338 1601 4384 et
1631 4328 1955 4393 canonibus,

757 4425 1078 4481 (Iunonibus
1112 4424 1469 4494 synodalibus
1503 4430 1557 4478 ct
1585 4422 1795 4492 legibus
1825 4420 2012 4484 variis,

756 4519 1037 4588 Pracipue
1062 4527 1241 4573 autem
1285 4516 1575 4587 praeceptis
1607 4514 1923 4569 recentibus
1960 4511 2336 4582 sapientibus-

2120 4601 2262 4675 [que

759 4703 891 4769 Quae
921 4701 1145 4770 scriptis
1172 4697 1486 4755 canonibus
1514 4697 1720 4766 optime
1754 4696 2191 4765 patrocinantur.

762 4794 857 4847 Est
888 4800 1069 4845 autem
1105 4790 1350 4861 synodus
1384 4789 1559 4857 prima
1591 4794 1646 4843 et
1679 4788 1887 4840 honore
1918 4794 1972 4841 et
2005 4785 2196 4841 ordine

759 4884 983 4938 Patrum
1018 4882 1229 4951 piorum
1262 4882 1354 4951 qui
1386 4888 1766 4935 convenerunt
1796 4878 2054 4941 Niceam,

760 4975 876 5029 Sub
906 4974 1048 5027 ﬁdeli
1084 4973 1411 5041 imperatore
1449 4968 1817 5025 Constantino

762 5066 864 5131 Qui
893 5080 1123 5134 magnus
1153 5064 1503 5132 cximiusque
1532 5061 1730 5117 merito
1756 5060 2186 5130 cognominatus
2218 5068 2337 5124 est;

761 5158 1119 5226 Fueruntque
1154 5172 1381 5210 numero
1422 5155 1651 5211 trecenti
1685 5153 2088 5222 duodeviginti.

762 5251 893 5305 Post
923 5251 1063 5303 hanc
1088 5248 1325 5301 secunda
1362 5247 1483 5310 fuit,
1513 5247 1763 5315 quamvis
1790 5256 2034 5314 tempore
2062 5243 2232 5312 prior,

761 5337 1052 5395 Beatorum
1088 5340 1308 5393 Patrum
1347 5342 1574 5412 Ancyra:
1608 5340 1963 5393 collectorum

763 5436 865 5501 Qui
899 5436 1086 5501 viginti
1120 5444 1355 5502 quatuor
1388 5448 1629 5489 canones
1666 5434 1979 5494 ediderunt,

764 5528 899 5579 Cum
934 5526 1179 5597 synodus
1216 5525 1435 5578 [Vica-na
1480 5524 1702 5579 nonnisi
1736 5525 1923 5593 viginti
1951 5522 2235 5577 edidisset.

767 5618 951 5672 Tertia
988 5620 1168 5670 habita
1209 5626 1294 5671 est
1327 5616 1689 5673 Neocaesarea:
1720 5618 1963 5687 synodus

767 5711 900 5774 Qua:
931 5712 1093 5762 etiam
1130 5708 1403 5761 Nicaenam
1443 5709 1740 5777 praecessit,

768 5800 1011 5858 Tertium
1045 5811 1223 5855 autem
1263 5809 1409 5855 tenet
1441 5803 1637 5867 locum,
1680 5812 1738 5854 ut
1769 5800 1981 5855 duabus
2016 5800 2192 5853 minor

2438 4324 2699 4386 Σύνθετος
2737 4323 2918 4393 βίϐλος
2943 4324 3155 4392 πέφυκε
3194 4328 3373 4395 νόμων
3400 4341 3461 4378 τε
3491 4327 3585 4379 καὶ
3612 4330 3873 4384 κανόνων.

2443 4417 2698 4470 Κανόνων
2754 4417 2853 4484 μὲν
2887 4417 3201 4481 συνοδικῶν,
3236 4417 3330 4470 καὶ
3355 4418 3536 4481 νόμων
3556 4419 3849 4492 διαφόρων,

2440 4512 2559 4563 Τῶν
2594 4511 2803 4581 νεαρῶν
2824 4509 2878 4561 δὲ
2914 4510 3148 4578 μάλιστα
3180 4513 3473 4579 πανσὸφων
3505 4511 3913 4588 θεσπισμάτων,

2440 4694 2878 4767 Συνηγορσῦνται
2906 4693 3172 4746 κάλλιστα
3202 4696 3317 4757 τοῖς
3346 4698 3609 4765 γραφεῖσι
3632 4696 3872 4750 κανόσιν.

2445 4786 2602 4837 Ἐστι
2629 4784 2685 4835 δὲ
2722 4780 2914 4851 πρώτη
2954 4781 3172 4844 σύνοδος
3194 4784 3262 4852 τῇ
3295 4786 3428 4853 τιμῇ
3453 4785 3546 4836 καὶ
3574 4788 3639 4855 τῇ
3664 4786 3837 4850 τάξει,

2441 4875 2562 4928 Τῶν
2596 4872 2963 4925 συνελθόντων
2995 4871 3235 4924 εὐσεϐῶν
3276 4874 3355 4936 είς
3379 4875 3617 4927 Νικαίαν
3649 4876 3908 4946 Πατέρων
3928 4917 3943 4944 ,

2455 4967 2577 5019 Ἐπὶ
2605 4966 2698 5018 τοῦ
2742 4966 3144 5035 αὐτοκράτορος
3188 4969 3285 5019 καὶ
3327 4968 3521 5021 πιστοῦ
3579 4972 4014 5039 Κωνσταντὶνου,

2448 5061 2543 5121 Ὃς
2578 5059 2769 5127 μέγας,
2801 5058 2859 5120 ὃς
2880 5059 3159 5133 ἐξαίρετος
3190 5060 3367 5123 καλῶς
3388 5062 3776 5133 ἐπωνομάσθη.

2440 5149 2542 5205 Ὧν
2569 5153 2712 5205 ὀκτὼ
2737 5152 2833 5205 καὶ
2855 5152 2970 5204 δέκ.
2996 5153 3229 5222 ἀριθμὸς
3254 5154 3389 5223 πρὸς
3418 5157 3529 5218 τοῖς
3554 5157 3908 5224 τριακοσίοις.

2443 5247 2681 5315 Δευτέρα
2708 5244 2912 5311 ταύτης
2938 5246 3169 5313 πέφυκε,
3192 5245 3267 5313 τῷ
3305 5247 3481 5316 χρόνῳ
3520 5247 3576 5299 δὲ
3609 5251 3870 5318 προτέρα,

2442 5338 2564 5390 Τῶν
2590 5338 2853 5390 ἐλθόντων
2886 5339 2963 5400 εἰς
2995 5340 3281 5408 ’Ἄγκυραν
3318 5340 3577 5407 Πατέρων
3610 5344 3920 5411 μακαρίων,

2444 5431 2505 5481 Οἳ
2526 5430 2795 5498 τέσσαρας
2835 5429 2967 5498 πρὸς
2996 5429 3167 5481 εἴκοσι
3210 5427 3455 5492 ἐξέθεντο
3494 5433 3744 5496 κανόνας,

2376 5514 2419 5566 υ
2450 5522 2511 5572 0i
2542 5520 2663 5571 δ’ὲν
2693 5510 2898 5590 Νικαίᾲ
2930 5519 3103 5571 εἴκοσι
3137 5518 3383 5582 ἐξέθεντο
3416 5522 3508 5572 καὶ
3537 5521 3752 5589 μόνους.

2445 5612 2617 5679 Τρίτη
2647 5610 2861 5672 σύνοδος
2892 5612 3113 5678 γέγονεν
3144 5613 3199 5663 ἐν
3222 5611 3626 5682 Νεοκαισαρείᾳ
3648 5629 3661 5641 ο

2448 5703 2593 5772 Αὕτη
2628 5703 2843 5772 πρῶτον
2875 5704 3085 5772 πέφυκε
3115 5707 3206 5755 καὶ
3234 5704 3332 5771 τῆς
3363 5705 3420 5754 ὲν
3454 5705 3516 5771 τῇ
3554 5705 3783 5774 Νικαία,

2449 5798 2650 5871 Τρίτην
2690 5800 2747 5851 δὲ
2782 5800 2934 5861 τάξιν
2970 5801 3210 5869 εἴληφεν,
3243 5800 3316 5861 ὡς
3353 5798 3461 5850 τῶν
3491 5798 3634 5852 δυοῖν
3663 5800 3867 5865 ἐλάττω
