4430 6448
444 391 548 453 921

441 506 555 574 Τῆς
581 502 681 571 μέν
710 500 811 569 τῆς
850 500 1183 566 ἁγιωτάτης,
1207 497 1306 565 τῆς
1338 497 1391 548 δὲ
1428 497 1621 568 χρόνου
1642 497 1948 567 ,πρεσϐείᾳ

444 593 685 655 Κανόνες
706 591 765 643 ιδ’
793 591 887 643 καὶ
910 589 1117 658 ταύτης
1163 592 1260 660 τῆς
1288 588 1529 640 συνόδου.

444 777 695 845 Τετάρτη
725 774 826 842 τῆς
860 774 917 824 ἐν
943 770 1183 839 Σαρδικῇ
1220 772 1358 839 μετὰ
1384 772 1510 833 τούς
1544 772 1602 823 ἐν
1626 771 1831 841 Νικαίᾳ

445 867 684 928 Κανόνες
723 862 806 928 εἷς
863 864 1001 934 πρὸς
1034 865 1208 916 εἴκοσι
1259 863 1351 915 καὶ
1403 862 1607 933 ταύτης
1650 865 1745 933 τῆς
1785 863 2027 917 συνόδου.

456 959 521 1012 Ἡ
557 963 785 1028 πέμπτη
841 956 953 1009 τῶν
1004 956 1061 1008 ἐν
1113 953 1395 1024 Γάγγραις
1433 954 1491 1008 δὲ
1540 956 1799 1023 Πατέρων
1840 953 2028 1006 συνελ-

1673 1045 1919 1118 [θόντων,

446 1136 545 1195 Ὧν
579 1142 627 1193 οί
664 1142 888 1204 κανόνες
918 1142 1091 1195 εἴκοσι
1124 1143 1450 1213 τυγχάνουσι
1486 1139 1580 1193 καὶ
1623 1142 1796 1209 μόνοι.

447 1235 621 1303 Ἐκτη
645 1236 751 1285 τῶν
783 1238 860 1295 εἰς
888 1234 1186 1288 Θεούπολιν
1220 1238 1375 1305 κοινῇ
1404 1234 1853 1305 δεδραμηκότων,

446 1326 603 1379 Οὕτω
629 1327 737 1395 γὰρ
760 1327 1088 1396 ὀνομάζουσι
1119 1330 1219 1397 τὴν
1246 1327 1525 1397 Ἀντιόχου
1552 1326 1729 1390 πόλιν,

442 1415 545 1472 Ὧν
572 1420 732 1473 πέντε
772 1422 908 1491 πρὸς
933 1423 1043 1483 τοῖς
1069 1421 1242 1473 εἰκοσι
1273 1423 1600 1489 τυγχάνουσι
1633 1420 1892 1483 κανόνες,

455 1513 689 1581 Ἑϐδόμη
714 1514 921 1565 τούτων
954 1513 1165 1580 πέφυκε
1191 1513 1299 1564 τῶν
1329 1515 1387 1564 ἐν
1423 1512 1731 1583 Λαοδικείᾳ.

456 1603 577 1673 Ὑφ’
607 1600 681 1657 ῶν
714 1605 1140 1675 ἐξεφωνήθησαν
1169 1605 1495 1670 δογματικοὶ
1519 1606 1745 1667 κανόνες

458 1696 645 1748 Ἐννέα
676 1697 812 1765 πρὸς
845 1697 1189 1765 πεντήκοντα
1227 1698 1466 1758 πίστεως
1482 1696 1592 1748 ὅλοι
1621 1696 1873 1766 πλήρεις.

448 1787 568 1839 Τῶν
586 1787 629 1840 δ’
660 1790 738 1849 εἰς
766 1788 1175 1841 Κωνσταντίνου
1197 1789 1349 1841 πόλιν
1368 1788 1626 1858 Πατέρων
1649 1788 2029 1854 συνελθόντων,

448 1880 639 1949 Ὀγδόη
675 1881 879 1932 τούτων
917 1881 1132 1944 σύνοδος
1156 1877 1231 1936 ὧν
1268 1884 1407 1937 ἐτετᾶ
1435 1886 1483 1936 oi
1520 1884 1763 1945 κανόνες.

460 1970 521 2023 Ἦ
553 1972 607 2024 δέ
640 1972 690 2038 γ’
736 1974 929 2041 ἐννάτη
965 1975 1181 2037 σύνοδος
1235 1977 1455 2042 γέγονεν
1483 1978 1538 2028 ἐν
1582 1976 1789 2046 Ἐφέσῳ

460 2063 561 2130 ’Υφ
606 2059 672 2134 ἧς
708 2063 1129 2135 ἒξεφωνήθησαν
1152 2069 1312 2119 ἐννέα
1347 2068 1571 2131 κανόνες
1620 2069 1793 2136 μόνοι.

447 2158 657 2225 Δεκάτη
680 2158 735 2209 δὲ
764 2158 839 2226 τῷ
872 2158 1092 2227 ἀριθμῷ
1133 2160 1239 2211 τῶν
1266 2163 1324 2212 ἐν
1364 2164 1430 2231 τῇ
1461 2160 1771 2229 Χαλκηδόνι

447 2334 585 2404 "ip.
618 2329 844 2388 ὦνέπτα
878 2337 1011 2407 πρδς
1050 2336 1255 2390 εἴκοσιν
1287 2338 1549 2409 ἐτέθησαν
1585 2340 1826 2402 κανόνες.

530 2433 588 2484 Ὀ
624 2433 797 2501 μέγας
827 2434 883 2485 δὲ
912 2436 939 2485 6
972 2434 1252 2497 Βασίλειος
1304 2438 1335 2503 ἡ
1374 2437 1528 2505 βάσις
1564 2437 1673 2488 τῶν
1722 2438 2030 2505 δογμάτων,

458 2524 633 2576 Ὀκτὼ
666 2527 799 2594 πρὸς
832 2529 943 2589 τοῖς
974 2526 1235 2594 ἐξήκοντα
1262 2528 1518 2580 ἐθέσπισε
1550 2530 1802 2592 κανόνας.

449 2616 537 2677 lii;
557 2616 613 2667 δὲ
652 2604 1065 2670 Κωνσταντίνου
1092 2618 1246 2669 πόλιν
1272 2621 1365 2670 καὶ
1388 2618 1468 2680 δἰς
1502 2620 1598 2672 καὶ
1626 2622 1741 2689 τρὶς
1768 2621 2033 2693 ἡθροίσθη

447 2708 623 2773 Λογὰς
657 2709 921 2775 Πατέρων
954 2710 1198 2763 εὐσεϐῶν
1235 2703 1310 2764 ὧν
1345 2711 1392 2762 oi
1430 2712 1654 2774 κανόνες
1684 2712 1859 2781 δῆλοι.

450 2798 632 2850 Ἄλλοι
664 2817 722 2851 τε
756 2800 998 2851 πλεῖστοι
1039 2801 1149 2852 τῶν
1212 2800 1421 2853 πιστῶν
1466 2800 1677 2871 ἀνδρῶν
1724 2803 2036 2872 σεϐασμίων

449 2894 698 2955 Κανόνας
722 2893 1053 2962 ἐκτεθήκασι
1079 2894 1442 2963 κρατύνοντες
1479 2896 1577 2963 τήν
1616 2896 1821 2949 πίστιν.

448 2980 657 3054 Ὧνπερ
688 2988 714 3038 6
745 2986 1019 3048 Διονύσιος
1046 2988 1073 3037 ό
1106 2986 1206 3053 τῆς
1254 2986 1681 3054 Ἀλεξανδρείας,

449 3081 746 3149 Γρηγόριος
786 3079 1084 3143 ἐπίσκοπος
1114 3080 1611 3149 ὁΝεοκαισαρείας.

448 3171 734 3240 Τιμόθειος
754 3175 781 3224 ὁ
817 3172 1069 3243 εὐσεϐὴς,
1106 3172 1199 3224 καὶ
1231 3172 1499 3241 Κύριλλος
1523 3175 1550 3225 ό
1579 3173 1744 3235 πάνυ,

451 3264 730 3325 Γεννάδιος
758 3265 787 3315 ό
827 3263 1141 3331 θαυμαστὸς
1177 3262 1442 3324 θεσπίσας
1485 3262 1812 3329 ἐγκυκλίως.

451 3356 563 3427 Πρὸ
620 3358 822 3409 τούτων
870 3357 957 3408 διὰ
990 3356 1304 3426 Κλήμεντος
1344 3356 1727 3424 ἐνεγράφησαν
1791 3356 2031 3419 κανόνες,

449 3544 571 3597 Τῶν
607 3544 926 3612 σεϐασμίων
960 3544 1053 3595 καὶ
1093 3542 1309 3594 σεπτῶν
1342 3544 1436 3594 καὶ
1486 3542 1645 3595 Θείων
1694 3543 2029 3609 ἀποστόλων,

449 3639 619 3691 Πέντε
656 3636 790 3706 πρὸς
819 3636 1145 3703 ὀγδοήκοντα
1179 3634 1469 3703 σεϐάσμιοι
1501 3635 1745 3698 κανόνες.

451 3732 522 3783 Οὐ
557 3730 764 3791 πάντες
794 3730 849 3781 δὲ.
890 3728 1212 3791 θεσπίζουσι
1246 3728 1375 3799 περὶ
1405 3727 1720 3793 Θεολογίας,

462 3822 601 3873 Ἀλλ’
625 3823 673 3872 οξ
714 3820 810 3890 μὲν
842 3822 911 3873 τὰ
942 3820 1039 3888 τῆς
1080 3819 1317 3881 πίστεως
1362 3818 1722 3887 κρατύνουσιν
1774 3818 2032 3889 εὐλόγως,

450 3918 510 3969 Oi
542 3916 597 3968 δέ
622 3917 734 3975 τοῖς
760 3915 1172 3983 ἁμαρτάνουσιν
1212 3914 1387 3983 μέτρα
1420 3912 1518 3981 τῆς
1553 3912 1863 3981 μετανοίας,

450 4005 666 4067 Εὐθέως
706 4005 1046 4067 κανονίζουσι
1073 4005 1199 4065 τούς
1231 4003 1765 4073 χειροτονουμένους.

452 4099 659 4159 Πάντες
678 4096 737 4149 δέ
760 4096 1097 4147 λυσιτέλειαν
1131 4096 1413 4161 εἰσάγουσι
1434 4095 1513 4164 τῷ
1547 4095 1648 4165 βίῳ

462 4191 519 4243 'O
561 4189 821 4251 κανοίσας
845 4189 888 4241 δ’
931 4189 1181 4250 ἅπαντας
1211 4187 1475 4255 ἐντέχνως
1514 4190 1637 4252 τοὺς
1673 4191 1928 4255 κανόνας,

451 4285 650 4343 ὐσους
684 4280 905 4350 ἐφεῦρε,
953 4281 1211 4343 δέσποτα,
1249 4281 1482 4342 κανόνας
1518 4281 1625 4334 τῶν
1660 4283 1942 4352 Πατέρων,

454 4377 597 4444 Πρὸς
632 4374 733 4445 τὴν
760 4372 933 4443 αὐτὴν
970 4372 1229 4425 ὑπόθεσιν
1266 4372 1541 4439 εὐκαίρως
1584 4376 2033 4445 γεγραμμένους,

454 4467 667 4528 Πάντας
710 4466 788 4527 εἰς
820 4463 877 4516 ἓν
909 4467 1217 4533 συνήγαγεν
1246 4463 1437 4533 ὥσπερ
1471 4467 1575 4518 ὑπὸ
1604 4468 1837 4528 τίτλους.

1484 387 1581 445 DE
1622 384 2146 445 NOMOCANONE
2194 385 2289 444 ET
2330 384 2679 445 bYNODlS-

2052 512 2101 572 Α
2129 498 2261 562 Quae
2291 500 2487 567 partim
2525 498 2839 562 sanctitate,
2878 498 3072 567 partim
3100 505 3376 553 vetustate
3405 495 3676 551 eminent.

2129 591 2306 661 Hujus
2347 605 2568 660 quoque
2627 591 2819 662 synodi
2866 592 3288 662 quatuordetim
3352 600 3576 646 exstant
3617 607 3710 645 ca-

3605 382 3715 449 929

3444 700 3640 745 nones.

3444 700 3500 740 ne

2131 776 2336 843 Quarta
2368 776 2611 833 Sardicaa
2648 778 2924 833 celebrata
2956 787 3041 834 est
3074 788 3199 850 post
3226 682 3500 833 Nicaeam

2129 868 2197 923 Et
2223 884 2463 926 canones
2495 870 2679 925 sanxit
2714 870 2902 940 viginti
2937 888 3128 925 unum.

2130 961 2334 1028 Quinta
2364 974 2696 1034 congregata
2730 963 2834 1017 fuit
2865 961 3121 1033 Gangris,
3162 963 3254 1018 ubi

2133 1142 2337 1214 Viginti
2370 1144 2715 1198 solummodo
2744 1160 2986 1199 canones
3024 1142 3441 1218 promulgavere
3468 1146 3677 1202 Patres.

2133 1236 2213 1290 Ad
2254 1248 2465 1291 sextam
2511 1252 2816 1293 convenere
2846 1238 3189 1308 Theopolim,

2137 1328 2229 1383 Sic
2264 1330 2410 1382 enim
2443 1330 2722 1401 appellant
2757 1332 3011 1385 Antiochi
3047 1333 3233 1385 urbem
3268 1349 3281 1384 :

2138 1420 2365 1475 Exstant
2385 1435 2567 1475 autem
2594 1422 2759 1490 hujus
2778 1424 2970 1493 synodi
2987 1424 3170 1493 viginti
3192 1424 3435 1493 quinque
3454 1437 3718 1478 canones.

2139 1512 2380 1579 Septima
2415 1511 2691 1565 celebrata
2720 1521 2803 1566 est
2832 1513 3077 1583 synodus
3114 1511 3417 1581 Laodiceae,

2137 1602 2521 1671 Publicatique
2555 1613 2685 1657 sunt
2716 1619 2963 1659 canones
2997 1604 3294 1673 dogmatici

2138 1693 2544 1764 Quinquaginta
2580 1711 2770 1749 novem
2807 1696 2909 1749 ﬁde
2944 1698 3170 1749 omnino
3207 1698 3556 1753 excellentes.

2142 1785 2335 1839 llahita
2367 1796 2452 1841 est
2479 1786 2961 1856 Constantinopoli
2994 1803 3020 1840 a
3052 1788 3310 1846 Patribus
3340 1789 3686 1857 congregatis

2063 1861 2108 1920 Β
2140 1874 2341 1929 Octava
2378 1875 2623 1947 synodus
2654 1876 2813 1944 cujus
2847 1885 3055 1945 septem
3087 1892 3329 1931 canones
3358 1886 3596 1932 exstant.

2138 1967 2287 2022 Nona
2322 1982 2504 2025 autem
2535 1969 2780 2040 synodus
2809 1968 3004 2037 Ephesi
3038 1979 3122 2023 est
3155 1970 3336 2022 hahita

2138 2062 2180 2113 Α
2210 2077 2313 2130 qua
2346 2061 2567 2115 nonnisi
2604 2075 2798 2113 novem
2832 2061 3160 2129 promulgati
3194 2068 3324 2113 sunt
3356 2076 3611 2116 canones.

2140 2152 2381 2217 Decima,
2421 2151 2721 2207 secundum
2756 2168 3072 2215 numerum,
3105 2151 3325 2221 collegit
3374 2151 3723 2205 Chalcedone

3431 2242 3651 2317 [Patres

2138 2335 2238 2401 Qui
2278 2336 2464 2405 viginti
2503 2345 2708 2406 septem
2741 2353 2982 2391 canones
3022 2348 3347 2395 sanxerunt.

2206 2429 2438 2485 Basilius
2474 2429 2723 2500 Magnus,
2756 2431 3073 2500 dogtnatunt
3110 2430 3552 2495 fundamentum,

2139 2520 2432 2591 Sexaginta
2471 2532 2598 2576 octo
2630 2522 2805 2576 edidit
2844 2537 3112 2577 canones.

2136 2612 2612 2682 ConstantinOpoli
2646 2623 2829 2668 autem
2864 2616 2946 2668 his
2976 2625 3169 2684 terque
3201 2620 3461 2671 convenit

2140 2703 2330 2758 Manus
2358 2704 2532 2760 electa
2568 2706 2781 2773 piorum
2807 2705 3033 2760 Patrum
3059 2723 3292 2776 quorum
3319 2712 3723 2767 canonesnoti.

2140 2797 2357 2865 Aliique
2386 2798 2604 2866 plurimi
2638 2801 3076 2852 venerandorum
3112 2800 3355 2855 virorum
3387 2801 3630 2856 ﬁdelium

2136 2889 2389 2944 Canones
2427 2895 2835 2945 constituerunt
2870 2890 2994 2944 ﬁdei
3034 2893 3313 2948 firmandae
3352 2895 3550 2964 gratia.

2139 2981 2285 3037 Inter
2319 2998 2460 3052 quos
2496 2983 2792 3053 Dionysius
2826 2985 3194 3051 Alexandria,

2137 3072 2435 3144 Gregorius
2464 3072 2839 3130 Neocaesareaa
2866 3077 3185 3146 episcopus,

2064 3206 2107 3266 c
2140 3166 2464 3221 Timotheus
2499 3166 2621 3235 pius
2656 3174 2710 3221 et
2742 3166 2985 3238 Cyrillus
3021 3171 3364 3238 preecellens,

2142 3256 2380 3326 Insignis
2415 3256 2730 3311 Gennadius
2765 3260 2860 3326 qui
2890 3259 3202 3329 encyclicas
3236 3264 3627 3333 promulgavit.

2139 3348 2280 3405 Ante
2305 3351 2405 3404 hos
2435 3359 2615 3404 autem
2647 3366 2742 3420 per
2773 3350 3107 3408 Clementem
3133 3358 3424 3426 compositi
3463 3368 3594 3412 sunt
3632 3374 3727 3414 ca-

3451 3449 3655 3521 [nones

2143 3532 2617 3600 Venerandorum,
2636 3545 2975 3599 sanctorum,
2992 3538 3305 3593 divinorum
3325 3543 3724 3612 apostolorum,

2140 3626 2428 3697 Octoginta
2456 3629 2703 3698 quinque
2731 3644 2974 3683 canones
3001 3632 3170 3686 sacri.

2140 3716 2257 3772 Non
2290 3729 2470 3773 tamen
2502 3736 2693 3775 omnes
2727 3721 2795 3775 de
2823 3722 3099 3792 theologia
3127 3735 3436 3792 exponunt,

2142 3813 2247 3866 Sed
2276 3813 2476 3882 partim
2510 3821 2637 3881 apto
2670 3828 2926 3867 sermone
2953 3814 3113 3869 (idem
3157 3818 3546 3881 corroborant,

2144 3907 2351 3961 Partim
2380 3909 2762 3975 peccatoribus
2790 3908 3129 3977 paenitentia:
3159 3913 3427 3967 terminos
3450 3914 3721 3984 indicant,

2142 3999 2344 4052 Partim
2376 4002 2429 4051 in
2457 4001 2664 4053 clerum
2699 4014 2951 4069 receptos
2982 4003 3268 4056 instruunt
3297 4021 3311 4055 :

2140 4091 2344 4145 Omnes
2380 4102 2562 4145 tamen
2601 4092 2892 4145 utilitatem
2924 4093 3166 4147 aﬂ'erunt
3196 4095 3341 4149 vitae.

2141 4185 2244 4249 Qui
2277 4194 2459 4237 autem
2492 4199 2686 4237 omnes
2718 4199 2963 4239 canones
2991 4186 3271 4256 ingeniose
3301 4189 3542 4260 collegit,

2140 4278 2423 4346 Quotquot
2455 4276 2716 4331 nimirum
2746 4278 2949 4345 reperit
2982 4276 3205 4333 Patrum
3242 4296 3485 4336 canones

2143 4369 2216 4423 De
2248 4371 2437 4423 eodem
2476 4379 2799 4437 argumento
2826 4381 3137 4439 opportune
3169 4374 3542 4443 conscriptos,

2140 4462 2344 4515 Omnes
2377 4462 2427 4512 in
2468 4476 2635 4513 unutn
2673 4460 2880 4528 redegit
2916 4462 3203 4531 titulisque
3234 4464 3509 4519 distinxit.

464 4557 602 4609 Ἀλλ’
675 4555 1181 4625 κληρονομουμένον
1237 4555 1506 4619 δέσποτα,
1582 4556 1768 4608 πολλοὶ
1826 4556 1914 4609 διά
1982 4574 2034 4611 τι
2069 4552 2213 4624 οὖα

1982 4574 2034 4611 τι
2069 4568 2112 4624 [)
2141 4552 2260 4609 Jam
2300 4571 2429 4609 vero
2458 4554 2788 4608 clericorum
2815 4552 2961 4607 haud
2989 4556 3170 4623 pauci,
3193 4556 3265 4611 ob
3290 4556 3499 4626 lapsum
3525 4574 3723 4628 quem.

1628 4648 1924 4721 [πταῖσμα,

456 4739 707 4791 Ἀδεκτοι
737 4739 1144 4808 καθεστήκασιν
1173 4742 1251 4802 είς
1279 4739 1338 4791 ὃν
1363 4742 1588 4807 ἄγονται
1624 4740 1845 4809 κλῆρον,

456 4831 653 4884 Πολλοὶ
681 4832 812 4898 γοῦν
842 4832 1163 4885 ἐκανόνισαν
1191 4832 1258 4884 τὰ
1294 4834 1426 4903 περὶ
1455 4832 1563 4884 τῶν
1596 4832 1859 4894 ἀδέκτων,

457 4926 594 4977 Ἤτε
646 4925 813 4993 λογὰς
856 4924 965 4977 τῶν
1001 4923 1282 4977 σεϐαστῶν
1309 4926 1403 4977 καὶ
1424 4923 1585 4977 θείων
1630 4925 1991 4991 Ἀποστόλων,

466 5105 527 5157 ’0
556 5105 727 5175 μέγας
754 5121 812 5158 τε
836 5105 1117 5168 Βασίλειος
1139 5104 1347 5178 ἔγραψε
1380 5106 1753 5178 περὶτούτων.

459 5198 555 5251 Ἵν’
595 5197 688 5250 οὖν
731 5197 806 5266 μὴ
844 5198 1272 5267 δυσχεραίνηται
1313 5199 1552 5270 ἐρευνῶν
1599 5202 1726 5263 τοὺς
1782 5204 2036 5269 κανόνας,

472 5382 530 5434 Ὀ
569 5380 929 5449 συναθροίσας
954 5379 1203 5445 ἅπαντας
1233 5383 1311 5445 εἰς
1350 5382 1409 5436 ἐν
1437 5387 1687 5451 πυκτίον,
1716 5386 1873 5453 ἄναξ,

457 5474 666 5544 Τέχνην
700 5473 1138 5543 ἐδημιούργησεν
1160 5476 1218 5527 ἐν
1250 5473 1429 5545 τούτῳ
1452 5476 1789 5547 θαυμασίαν.

457 5568 601 5637 Πρὸς
639 5566 737 5636 τὴν
766 5568 1137 5638 ὑποκειμένην
1162 5569 1296 5639 γὰρ·
1325 5572 1420 5623 καὶ
1456 5572 1801 5643 ζητουμένην
1863 5574 2034 5643 φύσιν

458 5731 703 5793 Κανόνας
730 5733 854 5795 τοὺς
888 5733 1267 5801 προσήκοντας
1302 5736 1654 5806 συνήθροισεν
1682 5740 1967 5809 ἐντέχνως.

462 5821 616 5874 ’Ἐστι
653 5824 744 5875 καὶ
784 5824 1245 5892 τάξις,-δὲσποτα,
1279 5827 1373 5878 καὶ
1404 5826 1611 5899 saepe;
1636 5835 1740 5888 τῶν
1778 5839 2037 5907 κανόνων,

3480 4646 3651 4718 [dam,

2139 4738 2571 4793 lnadmissihiles
2596 4739 2732 4793 liunt
2758 4742 2813 4795 in
2834 4756 2996 4811 quem
3016 4741 3255 4807 cooptati
3278 4739 3428 4796 fuere
3444 4742 3723 4804 ordinem.

2138 4829 2319 4894 Quare
2350 4830 2503 4883 multi
2533 4846 2774 4887 canones
2801 4832 3095 4887 ediderunt
3118 4832 3184 4887 de
3212 4848 3318 4887 non
3340 4830 3720 4900 admittendis,

2139 4922 2202 4975 Et
2238 4940 2433 4979 manus
2460 4926 2634 4979 electa
2668 4926 3110 4980 venerandorum
3145 4940 3210 4981 ac
3239 4935 3561 4981 sanctorum
3589 4943 3724 4996 apo.

3333 5016 3648 5088 [stolorum,

2142 5100 2206 5157 Et
2241 5102 2481 5157 Basilius
2519 5102 2750 5173 Magnus
2783 5106 2851 5160 de
2882 5105 2969 5159 his
3004 5107 3284 5161 tractavit.

2140 5194 2217 5251 Ne
2246 5198 2371 5267 quis
2406 5198 2572 5269 igitur
2604 5199 2659 5252 in
2694 5198 3018 5254 evolvendis
3056 5200 3364 5255 canonibus
3412 5199 3721 5256 molestiam

3398 5291 3651 5365 [sentiat,

2143 5377 2237 5434 Ille
2266 5382 2359 5450 qui
2387 5390 2620 5437 cunctos
2650 5383 2703 5436 in
2735 5399 2904 5437 unum
2942 5384 3225 5454 congessit
3264 5384 3544 5452 volumen,

2142 5473 2494 5531 Admiranda
2526 5476 2628 5532 hac
2657 5480 2712 5531 in
2747 5493 2808 5532 re
2839 5477 2976 5532 artis
3009 5478 3182 5532 edidit
3208 5478 3509 5547 specimen.

2145 5564 2459 5622 Secundum
2513 5568 2661 5623 enim
2709 5572 2787 5626 rei
2840 5570 3083 5640 quaesita:
3131 5577 3513 5641 argumentum
3558 5579 3727 5626 natu-

3381 5662 3400 5732 [
3424 5677 3656 5733 ramquc

2145 5751 2397 5809 Canones
2426 5756 2518 5825 qui
2557 5756 2663 5811 huc
2690 5760 2967 5826 pertinent
2993 5756 3175 5826 coegit
3202 5754 3653 5825 prudentissime.

2148 5843 2252 5902 Est
2276 5846 2440 5902 etiam
2473 5849 2629 5917 ordo,
2672 5850 2916 5915 domine,
2949 5856 3003 5905 et
3042 5848 3355 5919 progressio
3382 5864 3654 5903 canonum
