4430 6448
756 406 864 467 927

2003 395 2423 463 MICHAELIS
2467 398 2733 459 PSELLI

3906 392 4014 455 928

761 518 962 587 Ἄλλην
988 535 1047 571 τε
1092 517 1351 585 πλείστην
1383 517 1634 584 σύνταξιν
1682 515 1789 568 τῶν
1842 516 2019 585 νόμων
2067 513 2331 585 περιέχει.
2363 515 2409 571 Α
2439 510 2574 573 Τοὺς
2601 512 2854 578 νομικοὺς
2877 508 3171 573 συνέταξαν
3213 510 3293 571 εἰς
3316 513 3486 578 βραχυ
3510 524 3559 558 τι
3591 506 3793 575 βιϐλίον
3823 523 3837 538 ·

759 610 832 661 Τὸ
857 610 900 661 δ’
933 610 1162 677 ἕϐδομον
1196 610 1289 662 καὶ
1327 608 1557 661 ὕστατον
1604 609 1834 677 νόμιμον
1873 607 1982 660 τῶν
2035 606 2335 674 Διγέστων,

760 704 898 771 Περὶ
929 703 1321 773 ἐπερωτήσεων
1362 702 1783 769 ἀσφαλεστάτων
1811 702 1981 768 λέγει,

760 800 873 851 Καὶ
904 798 1216 867 συμπληροῖ
1245 798 1304 849 τὸ
1332 796 1618 865 σύνταγμα
1649 796 1741 847 δύο
1776 794 1955 863 βιϐλία
1984 794 2139 864 μόνα.

762 888 870 939 Καὶ
900 890 1037 956 μετὰ
1075 891 1231 941 τοῦτο
1258 888 1468 955 πέφυκε
1501 887 1595 940 δύο
1624 886 1829 957 φρικτὰ
1864 884 2069 953 βιϐλία,

760 980 873 1048 Τὴν
898 981 1202 1049 αὐστηρίαν
1228 981 1423 1049 ἔχοντα
1459 979 1570 1033 τῶν
1606 980 1809 1032 ποινῶν
1843 980 2191 1047 ὲγκειμένην.

760 1069 915 1122 Μετὰ
944 1070 1121 1140 δὲτὴν
1156 1071 1465 1138 ἑπτάτομον
1516 1070 1721 1138 ταύτην
1761 1069 1933 1140 τομὴν
1966 1070 2074 1120 τῶν
2132 1069 2335 1138 νόμων,

762 1161 1019 1227 Σύνταξιε
1050 1163 1182 1231 άλλη
1218 1162 1426 1230 πέφυκε
1458 1162 1707 1231 νομίμων
1741 1161 2036 1229 διαφόρων,

766 1254 1053 1323 Πληροῦσα
1084 1257 1149 1307 τά
1182 1258 1524 1323 πεντήκοντα
1556 1256 1736 1325 βιϐλία
1758 1256 1867 1306 τῶν
1904 1255 2198 1320 Διγέστων.

834 1347 974 1415 Πρὸς
1004 1347 1217 1410 τούτοις
1244 1349 1410 1420 μέρος
1429 1347 1671 1415 πέφυκεν
1702 1349 1758 1399 αἱ
1786 1347 1998 1415 Νεαραὶ
2029 1346 2338 1412 Συντάξεις,

762 1432 893 1488 Εἶτα
935 1438 1408 1507 συνοπτικὼτερον
1437 1439 1533 1491 τοῦ
1562 1440 1794 1501 Λέοντος
1832 1438 2058 1508 βιϐλίον,

760 1528 834 1579 Τὸ
864 1530 972 1580 πᾶν
1007 1528 1459 1595 ἑξηκοντάϐιϐλον
1490 1532 1703 1589 πάντας
1734 1533 1860 1590 τοὺς
1893 1532 2091 1597 νόμους
2116 1528 2263 1596 ἔχον,

760 1620 899 1682 Τοὺς
932 1620 1205 1684 Κώδικας,
1238 1622 1306 1672 τὰ
1336 1622 1593 1688 Δίγεστα,
1618 1624 1714 1683 τὰς
1759 1622 1979 1691 Νεαρὰς
2012 1622 2312 1688 συντόμως,

762 1712 843 1763 Τά
875 1712 1152 1780 σύμφυλα,
1176 1715 1245 1765 τὰ
1274 1715 1529 1782 σύμπνοα
1562 1714 1669 1765 τῶν
1692 1713 1968 1783 διαφόρων
1996 1716 2199 1782 νόμων,

760 1803 1111 1871 Διακρινοῦν,
1137 1805 1458 1857 ὑποτιτλοῦν
1476 1807 1690 1867 οἰκείως
1708 1807 1803 1857 καὶ
1834 1806 2095 1873 γνησίως,

761 1894 903 1946 Ἀλλ’
937 1896 1051 1948 ἔστι
1089 1897 1552 1967 δυσερμήνευτον,
1581 1898 1696 1950 ἀλλ’
1730 1899 1939 1964 ἀσαφὲς
2003 1897 2269 1965 ἐσχάτως.

768 1987 923 2039 Ἐστι
950 1990 1043 2040 καὶ
1088 1990 1254 2058 μέρος
1289 1991 1475 2059 ἕτερον
1505 1986 1617 2042 οἷον
1640 1991 1765 2059 ὄψις
1796 1992 1903 2042 τῶν
1931 1990 2131 2060 νόμιον,

773 2078 861 2139 Ὠς
901 2081 1411 2151 εἰσαγωγικώτεριν
1440 2083 1547 2135 τῶν
1579 2082 1754 2135 ἄλλων
1784 2082 2123 2153 δεδειγμένη,

765 2169 887 2221 Τῶν
918 2173 1097 2236 νόμων
1120 2173 1257 2249 ἔχων
1279 2176 1502 2227 ἃπασαν
1527 2176 1624 2245 τὴν
1663 2176 2037 2243 γενεαλογίαν,

766 2266 834 2315 Ἥ
868 2265 1067 2333 μᾶλλον
1082 2264 1255 2329 οὕτως
1286 2268 1498 2337 εἴποιμι
1547 2269 1643 2338 τὴν
1672 2270 2081 2338 ἀρχαιολογίαν.

763 2356 853 2425 Τῷ
882 2356 939 2408 δὲ
973 2358 1166 2429 βιϐλίῳ
1190 2358 1365 2430 τούτῳ
1386 2360 1450 2431 δὴ
1485 2363 1517 2431 ἡ
1554 2361 1751 2429 κλῆσις
1798 2362 2149 2415 Ἰνστιτοῦτα.

836 2450 1026 2503 Πολλοὶ
1058 2452 1114 2504 δὲ
1142 2452 1529 2523 συλλεξάμενοι
1559 2455 1654 2517 τάς
1679 2456 1902 2521 ἀγωγάς
1936 2455 2096 2519 ἰδίας,

764 2544 1061 2610 Σῦνταγμα
1085 2546 1449 2608 συνετάξαντο
1481 2548 1631 2609 ἄξιον
1666 2548 1967 2616 εὐφημίας.

764 2633 875 2702 Τὴν
908 2633 1070 2700 φυσὶν
1095 2634 1203 2705 γὰρ
1242 2637 1351 2688 τῶν
1378 2638 1613 2705 ἀγωγῶν
1640 2639 1879 2707 ἑκάστης
1905 2640 2223 2710 ἐρμηνεύει,

774 2723 883 2773 Καὶ
907 2725 1084 2774 πάντα
1111 2724 1180 2775 τά
1212 2726 1526 2793 ζητήματα,
1559 2729 1651 2779 καὶ
1681 2728 1861 2789 πάσας
1894 2730 2203 2791 ὑποθέσεις,

771 2816 864 2879 Εἰς
890 2817 986 2887 τὴν
1011 2818 1219 2870 οἰκείαν
1243 2820 1467 2888 ἀγωγὴν
1498 2822 1791 2890 πανσόφως
1812 2824 2097 2893 ἀναφέρει.

768 2908 937 2961 Τοῦτο
967 2912 1061 2963 καὶ
1101 2911 1261 2979 μόνον
1285 2913 1497 2980 πέφυκε
1529 2916 1823 2983 Φιλόσοφον
1859 2918 1966 2969 τῶν
2000 2921 2195 2987 νόμων,

773 3003 890 3053 Κᾶν
924 3003 976 3053 εί
1010 3020 1091 3064 τις
1118 3004 1424 3073 άκριϐώσαι
1463 3006 1671 3058 τοιοῦτο
1699 3008 1760 3077 δὴ
1788 3009 1849 3060 τὸ
1874 3010 2097 3078 βιϐλίον,

772 3088 937 3155 Οὗτος
965 3095 992 3145 ὁ
1018 3097 1391 3165 νομικώτατος
1416 3099 1734 3169 νομομαοὴς
1767 3104 2047 3172 τυγχάνει.

2448 602 2669 669 Ῥοπὰς
2693 602 2737 655 δ’
2789 603 2853 655 ὲκ
2897 603 3097 671 μέρους
3125 601 3395 671 μλέγουσι,
3428 600 3539 669 ἔχει
3586 602 3692 669 γὰρ
3746 600 3841 651 καὶ
3891 598 4017 659 τοὺς

3675 691 3945 763 [χρόνους.

2518 789 2581 841 '0
2605 787 2662 841 δέ
2686 806 2748 856 γε
2774 789 3115 861 περιεκτικός
3146 787 3351 840 τούτων
3380 788 3634 840 ἁπάντων
3659 787 3842 853 νόμος,

2440 883 2611 954 Κοινὴ
2643 884 2882 954 συνθήκη
2917 885 3133 953 πέφυκε
3165 882 3343 953 πάσης
3372 885 3472 952 τῆς
3506 881 3807 945 πολιτείας,

2442 976 2942 1048 Πλημμελημάτων
2970 976 3231 1040 κώλυσις,
3262 973 3370 1026 τῶν
3394 973 3538 1025 κατὰ
3588 972 3789 1039 γνῶσιν
3834 970 4019 1030 πλέον,

2440 1071 2799 1139 Δικαιοσύνης
2829 1069 3082 1139 χορηγὸς,
3122 1067 3298 1135 δόγμα
3330 1066 3733 1136 συνετωτέρων.

2512 1165 2838 1232 Δικαιοσύνη
2870 1165 2927 1215 δέ
2955 1167 3068 1215 ἐστι
3103 1162 3480 1232 σταθηροτάτη
3511 1161 3703 1230 γνώμη

2441 1259 2567 1321 Τοῖς
2602 1261 2736 1311 πᾶσι
2770 1257 3103 1324 διανέμουσα
3121 1255 3180 1307 τὸ
3215 1257 3333 1307 κατ’
3363 1255 3520 1318 ἀξίαν
3550 1254 3746 1323 μέτρον

2444 1351 2517 1403 Τὸ
2550 1352 2781 1419 νόμιμον
2807 1350 2863 1402 δὲ
2902 1349 3113 1417 πέφυκε
3145 1347 3494 1417 δικαιοσύνης
3523 1348 3711 1416 μέρος.

2443 1444 2591 1513 Αὕτη
2620 1445 2728 1512 γὰρ
2757 1445 2849 1495 καὶ
2877 1443 2932 1495 τὸ
2955 1443 3184 1510 φυσικὸν
3214 1443 3342 1496 ἄλλο
3374 1460 3425 1492 τι
3471 1442 3635 1510 μέρος
3673 1442 3808 1510 ἔχει,

2446 1539 2519 1590 Τὸ
2550 1537 2690 1588 κατὰ
2715 1537 2811 1605 τὴν
2837 1535 3143 1604 συνείδησιν
3173 1536 3499 1603 κρειττόνων
3530 1535 3621 1584 καὶ
3664 1534 3944 1600 χειρόνων.

2446 1630 2519 1681 Τὸ
2554 1629 2661 1696 γάρ
2693 1628 2879 1679 λοιπὸν
2907 1626 2964 1678 τὸ
2993 1627 3242 1694 φυσικὸν,
3291 1627 3473 1694 τρίτον
3521 1624 3615 1675 τοῦ
3640 1624 3803 1691 νόμου
3836 1624 4021 1693 μέρος.

2448 1722 2521 1774 Τὸ
2559 1722 2655 1789 μὲν
2687 1720 2792 1787 γάρ
2818 1718 3026 1771 τούτων
3053 1718 3299 1784 φυσικὶν,
3336 1718 3396 1767 τὸ
3431 1718 3475 1768 δ’
3500 1715 3712 1769 ἐθνικὺν
3742 1716 4021 1784 τυγχάνει,

2448 1816 2520 1867 Τὸ
2552 1814 2607 1865 δὲ
2641 1811 3084 1879 πολιτικώτερον,
3120 1811 3213 1860 καὶ
3258 1807 3627 1877 μερικώτερὸν
3663 1824 3800 1869 πως.

2448 1908 2519 1959 Τὸ
2562 1904 2660 1974 μὲν
2695 1905 2801 1972 γάρ
2826 1904 2951 1972 περὶ
2994 1901 3239 1966 φυσικῶν
3271 1901 3613 1969 πραγμάτων
3676 1900 4021 1967 δογματίζον,

2448 1996 2790 2064 Συλλήιζκεως,
2822 1995 3147 2061 γεννήσεως,
3182 1994 3438 2062 σχέσεως,
3475 1993 3780 2058 συναφείας

2446 2088 2621 2140 Αὐτοῦ
2650 2085 2806 2155 ιζαιλοῦ
2839 2085 2931 2137 τοῦ
2964 2085 3307 2153 πράγματος,
3344 2083 3436 2135 τοῦ
3463 2084 3637 2142 τοῦδε,
3678 2083 3769 2135 καὶ
3802 2082 4024 2143 τοιοῦδε,

2446 2182 2693 2248 Νόμιμον
2728 2178 2955 2245 γενικῶ,
2988 2178 3123 2237 ἐστι,
3148 2176 3373 2243 φυσικὸν
3402 2176 3447 2228 δ’
3469 2176 3562 2227 ἐπὶ
3596 2176 3815 2243 μέρους.

2447 2275 2519 2325 Τὸ
2549 2274 2744 2342 βλέπον
2772 2272 2814 2323 δ’
2850 2273 2928 2332 είς
2974 2269 3278 2331 συμϐόλαια
3336 2269 3493 2334 φύσιν
3543 2266 4024 2334 συναλλαγμάτων,

2449 2367 2673 2420 Πάντων
2704 2367 2875 2417 εἰπεῖν
2907 2362 3013 2415 τῶν
3045 2362 3168 2414 καθ’
3195 2362 3344 2430 ἡμᾶς
3371 2360 3566 2412 κοινῶν
3590 2359 4024 2428 πολιτευμάτων,

2448 2461 2699 2528 Νόμιμον
2723 2457 2935 2507 ἐθνικόν
2969 2456 3136 2516 ἐστιν,
3171 2455 3291 2522 οὐχὶ
3329 2454 3387 2504 τὸ
3419 2451 3791 2521 βαρϐαρῶδες,

2448 2552 2521 2603 Τὸ
2548 2551 2654 2617 γὰρ
2683 2548 2773 2600 τοῦ
2811 2548 2996 2607 ἔθνους
3022 2546 3191 2613 ὄνομα
3222 2544 3461 2611 νομικῶς
3494 2544 3806 2612 είρημένον,

2451 2644 2628 2696 Γενῶν
2649 2639 3011 2709 συλληπτικόν
3036 2642 3155 2690 ἐστι
3182 2639 3368 2705 νόμοις
3399 2636 3799 2703 ὑποκειμένων.

2451 2734 2733 2788 Πολιτικὸν
2766 2734 2821 2783 δὲ
2858 2732 3111 2801 νόμιμον,
3141 2729 3383 2793 τοπικδν,
3413 2729 3505 2779 καὶ
3530 2728 3810 2796 χρειῶδες.

2450 2828 2524 2880 Τὸ
2560 2827 2727 2878 πάλαι
2759 2823 3018 2893 τριμερές
3046 2823 3162 2872 ἐστι
3190 2820 3379 2871 τούτου
3414 2820 3523 2889 γὰρ
3554 2817 3646 2871 τοῦ
3672 2818 3925 2886 νομίμου,

2456 2922 2641 2974 Ἔστιν
2691 2921 2718 2970 ὁ
2742 2914 3139 2974 ωδεκάόελτος
3171 2912 3279 2965 τῶν
3303 2911 3511 2964 δώδεκα
3541 2910 3759 2976 λογίων,

2451 3014 2534 3065 Τά
2566 3011 2831 3082 βασιλέων
2867 3010 3143 3074 Δόγματα,
3168 3006 3216 3057 οἱ
3246 3004 3419 3073 Νόμοι
3455 3003 3562 3055 τῶν
3604 3002 3955 3073 πραιτώρων.

2527 3107 2663 3176 Περὶ
2690 3105 2733 3156 δ’
2762 3102 2797 3156 ἃ
2834 3098 3286 3172 πραγματεύεται
3317 3097 3377 3150 τὺ
3400 3096 3631 3166 νόμιμον
3656 3096 3867 3165 ῥητέον.

774 3196 993 3267 Ἔτεροι
1080 3195 1264 3261 πάλιν,
1335 3196 1592 3265 δέσποτα,
1649 3200 1746 3264 τὰς
1812 3200 2016 3269 ῥοπὰς,
2078 3203 2172 3254 καὶ
2226 3204 2350 3267 τοὺς
2377 3209 2419 3271 C
2457 3201 2576 3254 Εἰσὶ
2606 3198 2663 3249 δὲ
2693 3194 2887 3257 ταῦτα,
2928 3192 3217 3262 πρόσωπα,
3254 3191 3580 3260 πράγματα,
3611 3186 3824 3257 ἀγωγαί
3853 3204 3937 3241 τε.

2033 3293 2280 3366 ίχρόνους

774 3579 1184 3636 subnectuntur
1221 3578 1331 3633 duo
1366 3579 1642 3634 terribiles
1675 3580 1799 3635 libri
1835 3583 2131 3637 severitate
2163 3597 2356 3653 poena—

776 3686 897 3724 rum
953 3671 1225 3724 instructi.
1280 3670 1421 3727 Huic
1464 3673 1803 3742 septemplici
1859 3673 2038 3744 legum
2076 3675 2357 3744 divisioni,

778 3766 1117 3817 diversorum
1156 3765 1363 3832 jurium
1414 3765 1667 3820 collectio
1718 3767 1995 3834 adjicitur,
2035 3786 2157 3839 qua:
2201 3771 2357 3840 quin-

776 3854 1038 3922 quaginti
1069 3852 1409 3919 Digestorum
1438 3854 1592 3908 libris
1631 3854 1793 3909 linem
1836 3859 2086 3923 imponit.

855 3942 1125 3996 Pra-tcrea
1163 3944 1310 4011 juris
1348 3954 1554 4014 partem
1588 3956 1837 4001 statuunt
1866 3946 2106 4004 Novella:
2134 3950 2358 4005 Consti-

778 4040 1037 4090 tutiones.
1087 4036 1288 4092 Deinde
1333 4041 1785 4107 compendiosum
1828 4040 2027 4095 Leonis
2072 4044 2349 4106 volumen,

777 4132 919 4199 quod
983 4132 1272 4195 sexaginta
1325 4132 1482 4185 libris
1520 4134 1802 4188 universas
1856 4135 2025 4204 leges,
2070 4134 2351 4199 Codicem,

778 4224 1019 4292 Digesta,
1052 4232 1106 4277 et
1136 4224 1391 4279 Novellas
1423 4225 1661 4280 breviter
1702 4228 2083 4295 complectitur
2104 4267 2120 4291 ,
2155 4244 2355 4283 conve-

775 4318 991 4371 nieutes
1005 4325 1057 4369 et
1076 4325 1336 4385 cognatas
1362 4316 1542 4370 varias
1562 4315 1710 4387 leges
1734 4318 1836 4371 sub
1856 4318 2029 4373 titulis
2046 4335 2357 4375 accommov

777 4409 903 4463 date
952 4409 1297 4477 disponens:
1354 4406 1449 4461 sed
1504 4422 1717 4461 summe
1762 4409 2059 4462 ubscurmn
2100 4418 2205 4475 est,
2256 4424 2355 4463 nec

782 4503 997 4555 lacilcm
1036 4500 1547 4567 interpretationem
1599 4500 1826 4569 patitur.
1870 4498 1967 4555 Est
1997 4510 2051 4555 et
2088 4502 2191 4555 alia
2227 4516 2354 4570 pars

2456 3292 2673 3349 Πολλῶν
2690 3290 2731 3342 δ’
2764 3287 2940 3341 οὐσῶν
2973 3286 3084 3339 τῶν
3112 3284 3347 3353 ἀγωγῶν
3376 3284 3643 3354 τέσσαρες
3667 3285 3723 3335 αί
3774 3284 4028 3353 μητέρες⁹

3670 3376 3830 3431 Vers.
3855 3378 3925 3431 95

2453 3578 2607 3640 citio,
2643 3584 2832 3627 eorum
2865 3568 3103 3621 maxime
3152 3580 3275 3635 qua:
3339 3574 3538 3635 sponte
3587 3565 4028 3631 committuntur,

2451 3667 2677 3741 iustitiae
2751 3658 2972 3731 praesul,
3009 3657 3406 3727 sapientiorum
3450 3665 3504 3709 et
3565 3656 4028 3725 perspicaciorum

2453 3764 2759 3817 decretum.

2525 3851 2749 3906 Justitia
2780 3853 2866 3901 est
2898 3842 3349 3899 constantissima
3383 3842 3660 3903 voluntas.
3695 3858 3794 3910 pro
3836 3842 4031 3895 merito

2457 3956 2511 4001 ει
2533 3942 2800 4013 dignitate
2834 3937 3092 3993 omnibus
3144 3949 3465 3989 mensuram
3527 3933 3883 3989 distribuens.
3932 3934 4030 3989 Jus

2460 4046 2545 4093 est
2571 4034 2799 4105 justitiaa
2830 4044 2975 4100 pars,
3013 4042 3135 4099 qua
3183 4035 3238 4082 ct
3278 4026 3440 4080 aliam
3480 4039 3687 4095 partem
3732 4025 3917 4088 babet,
3941 4026 4032 4094 jus

2460 4128 2709 4183 naturale
2760 4124 2994 4187 scilicet,
3047 4120 3195 4191 quod
3232 4120 3287 4173 in
3348 4118 3618 4172 bonorum
3672 4125 3726 4172 et
3762 4119 4027 4172 malorum

2458 4218 2795 4276 conscientia
2828 4214 3101 4269 consistit.
3134 4210 3424 4280 Reliquum
3464 4224 3596 4263 vero
3644 4209 3737 4278 jus
3782 4212 4031 4263 naturale

2458 4324 2543 4369 est
2576 4312 2735 4367 tertia
2791 4306 3111 4378 parsjuris,
3173 4304 3319 4374 quod
3382 4302 3645 4357 dividitur
3693 4304 3745 4356 in
3785 4305 4031 4357 naturale

2460 4404 2706 4475 gentium
2736 4410 2791 4454 et
2819 4398 3001 4459 civile,
3040 4412 3142 4451 seu
3164 4396 3361 4450 locale.
3389 4392 3547 4459 Quod
3572 4394 3639 4448 de
3673 4394 3841 4449 rebus
3873 4404 4031 4447 natu-

2460 4494 2669 4550 ralibus
2706 4491 2922 4550 statuit,
2989 4485 3372 4555 conceptione,
3421 4485 3729 4549 nativitate,
3763 4484 4027 4554 appetitu,

781 4594 937 4661 quasi
988 4594 1168 4661 legum
1212 4592 1384 4656 visus,
1427 4600 1481 4644 et
1510 4591 1847 4660 reliquarum
1888 4593 2134 4659 speciosa
2181 4593 2352 4646 inzro-
2386 4588 2428 4641 D
2459 4590 2629 4645 maris
2654 4598 2705 4641 et
2736 4584 2953 4639 lemina:
3026 4581 3436 4651 conjunctione,
3504 4580 3598 4634 illo
3651 4589 3706 4634 et
3746 4580 3837 4633 illo
3885 4578 4029 4633 nudo

783 4686 995 4749 ductio,
1031 4687 1345 4740 universam
1395 4685 1539 4752 juris
1572 4686 1863 4754 originem,
1905 4693 1959 4737 et
2009 4686 2349 4753 antiquitatis

784 4779 1071 4837 historiam
1104 4778 1418 4842 continens,
1452 4776 1705 4831 lnstituta
1742 4783 2030 4830 vocantur.

856 4867 1006 4920 Multi
1072 4867 1291 4936 quidem
1363 4867 1617 4936 pr0prias
1684 4867 1930 4921 actiones
1987 4867 2351 4936 colligentes,

786 4959 1009 5029 dignum
1047 4959 1308 5012 memoria
1338 4968 1630 5029 syntagma
1642 4973 1761 5013 com
1772 4967 2072 5028 posuerunt
2093 4976 2105 5011 :
2125 4958 2352 5028 cujusli-

788 5057 877 5109 bet
905 5055 1050 5107 enim
1091 5053 1326 5107 actionis
1357 5062 1607 5105 naturam
1642 5053 2049 5119 interpretatur,
2081 5061 2135 5106 et
2162 5067 2352 5106 onmes

784 5141 1140 5209 quzestiones,
1194 5140 1377 5194 omnia
1432 5140 1571 5193 facta
1629 5148 1683 5194 et
1728 5156 1924 5195 causas
1965 5140 2033 5193 ad
2077 5141 2350 5210 prnpriam

786 5234 1061 5286 actionem
1089 5232 1303 5287 refert:
1350 5232 1481 5285 illud
1529 5248 1661 5287 sane
1700 5233 1815 5287 sola
1858 5242 1939 5286 cst
1966 5234 2143 5302 legum
2174 5230 2355 5285 Philo-

786 5322 1001 5390 sophia,
1022 5336 1183 5391 quem
1209 5322 1401 5376 librum
1428 5325 1473 5378 si
1507 5324 1630 5391 quis
1662 5332 1806 5377 recte
1837 5323 2109 5389 calluerit,
2138 5323 2279 5392 juris
2302 5332 2355 5377 ct

788 5413 963 5480 legum
992 5414 1436 5470 consultissimus
1467 5414 1679 5469 evadet.
1725 5412 1938 5469 Rursus
1963 5416 2081 5479 alii,
2112 5432 2144 5469 o
2174 5417 2353 5471 domi-

788 5521 878 5569 ne,
914 5516 1183 5559 momenta
1212 5516 1266 5560 et
1292 5516 1533 5576 tempora
1565 5508 1806 5577 legitima
1828 5510 1881 5562 in
1910 5510 2125 5565 brevem
2154 5511 2351 5565 librum

789 5594 1133 5663 redegerunt,
1160 5596 1249 5661 qui
1286 5611 1315 5647 a
1342 5603 1496 5664 parte
1520 5594 1789 5650 Momenta
1822 5604 2069 5660 vocatur,
2102 5597 2355 5667 quamvis

783 5690 836 5732 et
869 5696 1043 5734 annos
1068 5683 1515 5749 comprehendat.

858 5771 964 5825 va
1002 5790 1129 5829 vero
1168 5790 1292 5844 quae
1319 5776 1406 5830 illa
1432 5776 1615 5829 omnia
1648 5778 2057 5846 complectitur,
2100 5788 2183 5835 est
2208 5798 2356 5832 com-

788 5865 969 5920 munis
1004 5867 1167 5923 totius
1202 5866 1515 5938 reipublic-:2
1556 5869 1800 5938 sponsio,
1851 5870 2175 5926 delictorum
2200 5890 2355 5927 coer-

2456 4682 2697 4752 negotio,
2730 4691 2812 4731 est
2870 4678 2922 4729 in
2956 4690 3153 4745 genere
3183 4673 3296 4741 jus,
3361 4674 3414 4726 in
3483 4674 3683 4741 specie,
3761 4674 4026 4727 naturale.

2452 4774 2605 4841 Quod
2643 4787 2771 4825 vero
2817 4776 3029 4836 spectat
3065 4778 3309 4817 naturam
3350 4773 4027 4826 contractuum,etearum

2456 4865 2699 4917 onmium
2734 4860 3010 4913 actionum
3066 4871 3192 4922 quae
3258 4854 3322 4908 ad
3383 4869 3728 4907 communem
3786 4863 4026 4908 nostram

2455 4958 2775 5010 societatem
2811 4951 3106 5019 pertinent,
3136 4948 3226 5016 jus
3265 4948 3506 5014 gentium
3534 4947 3755 5011 dicitur,
3798 4962 3907 5001 non
3948 4956 4026 5000 ta-

2456 5063 2581 5101 men
2629 5045 2979 5099 barbaricum
3021 5058 3033 5092 :
3072 5054 3269 5093 nomen
3330 5039 3474 5091 enim
3512 5039 3753 5108 gentium
3810 5038 3902 5092 hic
3956 5041 4025 5092 ita

2454 5140 2615 5193 debet
2643 5136 2837 5203 accipi,
2877 5141 2937 5187 ut
2985 5146 3080 5185 eas
3118 5132 3294 5185 solum
3333 5130 3588 5184 nationes
3652 5145 3775 5199 qua
3821 5131 4028 5199 legibus

2456 5237 2672 5303 parent,
2700 5227 3113 5296 complectatur.
3135 5224 3406 5289 Civilejus
3433 5235 3518 5277 est
3535 5222 3729 5286 locale,
3754 5231 3883 5278 etes
3904 5240 4027 5284 usu.

2455 5321 2600 5392 quod
2629 5316 2957 5389 jampridem
2987 5315 3319 5383 tripartitum
3350 5322 3453 5368 est.
3495 5312 3667 5380 Hujus
3710 5314 3855 5368 enim
3890 5315 4028 5381 juris

2456 5423 2640 5484 partes
2686 5419 2839 5473 sunt,
2892 5407 3063 5475 Leges
3109 5406 3402 5460 duodecim
3439 5406 3773 5470 tabularum,
3803 5406 4029 5462 Decreta

2459 5506 2788 5576 principum,
2820 5501 3010 5555 Edicta
3050 5508 3374 5569 praetorum.
3696 5496 3699 5499 ⁴

2529 5593 2685 5648 Nunc
2714 5608 2843 5646 vero
2876 5591 3171 5643 dicendum
3197 5598 3280 5644 est
3308 5590 3455 5643 circa
3484 5604 3605 5658 qua
3640 5592 3731 5657 jus
3755 5605 4022 5644 versetur.

2460 5686 2533 5739 Ea
2565 5694 2693 5739 sunt
2724 5698 2997 5753 personae.
3048 5697 3134 5736 res
3169 5692 3223 5735 et
3252 5683 3519 5735 actiones.
3559 5683 3875 5746 Actiunum,
3906 5698 4028 5749 quae

2460 5781 2641 5847 plures
2667 5787 2818 5841 sunt,
2848 5787 3083 5846 quatuor
3112 5786 3315 5830 matres
3366 5775 3648 5838 dicuntur,
3704 5791 3841 5842 quas
3889 5775 4028 5828 obli-

2458 5876 2705 5941 gatiuucs
2726 5879 2940 5930 meant,
2986 5870 3222 5938 legitima
3250 5870 3484 5929 vincula,
3512 5886 3585 5931 re,
3612 5871 3795 5930 nubis,
3819 5868 4029 5928 litteris,
