4430 6448
451 404 557 466 92$

484 513 767 579 Ag-tvoxa;
796 506 1112 578 ὠνόμασαν,
1144 503 1381 574 δεσμούς
1412 518 1563 566 τινας
1593 502 1855 566 δικαίους.

458 610 520 659 ’tl
560 608 681 669 Ῥὲ,
712 603 746 674 ἡ
769 599 1000 668 Βέρσις,
1031 598 1321 666 Λίττερις,
1337 596 1575 667 τετάρτη
1600 595 2032 664 ἡΚονσένσου.

464 702 519 752 'tl
566 700 660 749 'Ps
683 693 852 762 γεννᾷ
881 687 1282 761 πραγματικὰς
1310 685 1538 755 ἀγωγάς
1560 683 1694 753 γοῦν
1715 685 1812 737 καὶ
1842 685 2033 753 μόνας.

442 798 643 861 Μήτηρ
669 791 726 843 δὲ
742 788 962 853 ,Βέρσις
992 782 1210 853 πέφυκ’
1241 782 1275 852 ἡ
1305 782 1435 850 περὶ
1451 780 1521 845 ἐξ
1557 778 1955 834 στιπουλάτο.

449 888 679 938 tlte-.131
718 894 807 933 ita!
848 880 879 947 ἡ
913 874 1274 932 Κονσένσου
1306 873 1362 926 δὲ
1388 874 1487 936 τὰς
1517 871 1859 935 συναινέσεις
1893 872 2035 941 ἅμα.

452 982 463 997 '
480 982 519 1032 ﬂ
549 982 805 1043 unsch
836 976 903 1027 τά
924 970 1230 1040 γράμματα
1259 966 1447 1036 γυμνὰ
1464 965 1809 1036 πραγμάτων
1827 964 2035 1036 τεύχει,

444 1073 506 1123 Εἰ
535 1087 644 1131 γαρ
680 1085 758 1127 τις,
786 1068 944 1135 χρέος
968 1061 1235 1132 γράψειεν
1258 1058 1576 1128 ἁνάργυρον
1608 1058 1665 1110 ὲν
1688 1056 1927 1119 τούτοις,

445 1168 557 1219 Και
593 1167 663 1225 μὴ
706 1159 1029 1227 προσθήσει,
1053 1154 1310 1219 δέσποτα,
1339 1149 1552 1220 μέμψιν
1587 1148 1960 1219 ἀναργυρίας,

445 1255 553 1308 Καὶ
589 1252 764 1321 Inc-ﬁn,-
799 1246 1082 1318 εκρῖύσειε
1110 1242 1303 1313 χρόνος
1336 1244 1393 1294 ὲν
1419 1240 1573 1311 μέσῳ
1600 1239 1784 1303 πάλιν,

444 1348 765 1417 ι’ράμμασι,
782 1346 1040 1401 δέσποτα,
1059 1335 1246 1389 λοιπὸν
1271 1332 1701 1403 κατακρατεῖται
1723 1330 1927 1400 μόνοις.

443 1442 554 1512 Τὴν
574 1440 803 1504 λίτεριν
823 1438 879 1488 δὲ
902 1434 1232 1486 πλάττουσιν
1268 1428 1326 1494 ὲξ
1361 1425 1591 1498 ἡσυχίας
1626 1424 1796 1495 μόνης
1822 1463 1839 1489 ,

453 1538 522 1589 Ἢ
549 1534 667 1596 Ῥὲ,
692 1534 951 1602 σημαίνει
967 1526 1295 1597 πράγματα,
1312 1524 1346 1593 ἡ
1370 1520 1599 1589 Βέρόις,
1617 1518 1807 1590 ψιλοὺς
1820 1517 2037 1584 λόγους,

456 1630 518 1681 Ἦ
541 1629 829 1693 Λίττερις,
861 1623 930 1674 τὰ
957 1620 1290 1689 γράμματα,
1324 1602 1652 1678 κονάένσο,
1678 1610 2035 1670 συναινέσεις.

453 1720 693 1789 Ἐκάστη
729 1719 783 1770 δὲ
817 1714 926 1767 τῶν
964 1709 1199 1779 ἀγωγῶν
1243 1707 1465 1774 ἀγωγὰς
1499 1703 1700 1766 πολλὰς
1729 1701 1925 1755 τίκτει.

456 1813 611 1865 Ἐπεὶ
633 1810 691 1863 δέ
721 1826 805 1872 τις
839 1807 1087 1875 ἐνέχεται
1122 1796 1487 1869 πλημμελῶν,
1518 1797 1551 1865 ἢ
1584 1792 1936 1862 συμϐάλλων,

1723 388 2083 451 SYNOPSIS
2124 390 2410 453 LEGUM.

2067 506 2121 567 Α
2158 503 2461 577 Ἑλληνιστὶ
2489 504 2548 558 δὲ
2580 500 2843 578 πέφυκεή
2871 510 3313 582 παρακαταθήκη
3345 527 3362 543 ·

3614 398 3723 464 936

2154 597 2217 649 'H
2247 595 2604 667 Κομμοδάτη
2636 596 2913 671 δεύτερον,
2932 598 3134 670 χρῆσις
3163 601 3270 655 τῶν
3296 600 3636 674 δεδομένων-

2152 691 2214 742 Ἦ
2244 690 2663 758 Πιγνερατικία
2684 707 2765 754 τε,
2801 694 2835 762 ἠ
2862 692 2992 763 περὶ
3021 692 3331 764 ένεχύρων·

2152 780 2215 831 Ἦ
2240 781 2371 851 περὶ
2398 782 2751 851 ἀπαιτήσεως
2784 782 3155 854 κληρονομίας
3181 784 3345 855 άλλη,

2146 877 2249 928 Ἦν
2283 874 2657 943 Ἑρεδιτάτης
2698 875 2915 942 λέγουσι
2950 878 3206 949 περίτζιο
3233 880 3458 933 Λατῖνοι
3498 894 3511 908 ⁸

2142 970 2286 1039 Πρὸς
2318 969 2375 1021 δὲ
2414 969 2490 1022 αδ
2522 967 2878 1034 εξιόενδουμ
2910 968 3155 1033 Λατίναις
3181 972 3480 1043 ειρημένη,

2152 1063 2217 1116 Ἦ
2238 1063 2370 1131 περὶ
2395 1061 2793 1131 παραστάσεως
2822 1063 3169 1132 πραγμάτων
3187 1064 3616 1135 κεκρυμμένων.

2140 1153 2252 1222 Τῆς
2283 1154 2343 1222 ps
2376 1151 2758 1220 κονδικτίκιος,
2789 1155 2857 1222 ὴν
2881 1153 2991 1223 ρὲμ
3022 1152 3079 1207 δὲ
3110 1156 3147 1225 ἡ
3168 1157 3396 1210 καθόλου
3427 1175 3443 1189 ·

2142 1244 2283 1315 Πρὸς
2309 1243 2523 1307 τούτοις
2553 1242 2633 1296 τὰ.
2663 1244 3015 1314 Ἰντέρδικτα,
3037 1245 3157 1317 ῆτοι
3185 1248 3581 1317 παραγγελίαι.

2141 1338 2253 1408 Τῆς
2310 1339 2519 1408 Βερϐις
2574 1337 2632 1391 δὲ
2683 1339 2783 1409 τῆς
2840 1339 3037 1410 ινοχῆς
3075 1340 3249 1405 ἑστιν,
3300 1343 3332 1409 ἡ
3376 1341 3727 1405 dictitav-

3455 1432 3647 1507 ματη,

2141 1522 2258 1590 Ἀφ’
2284 1517 2352 1590 ἧς
2383 1524 2411 1575 ὁ
2443 1521 2669 1592 τζέρτος
2698 1521 2912 1592 πέφυκε
2938 1524 3295 1588 κονδικτίκιος
3318 1525 3526 1595 τρέχει,

2141 1613 2284 1683 Πρὸς
2314 1612 2521 1681 ταύτης
2552 1613 2647 1664 καὶ
2676 1614 2703 1664 6
2738 1612 3045 1682 ίντζερτος,
3061 1614 3280 1681 ἀγωγαὶ
3312 1614 3358 1667 δ’
3405 1610 3569 1669 αὗται
3608 1613 3723 1679 δύο,

2152 1705 2241 1771 Ἐξ
2279 1704 2608 1757 στιπουλάτο
2633 1703 2691 1756 δέ
2726 1705 2897 1769 ἐστιν,
2923 1705 3296 1775 ἐπερώτησις,
3325 1705 3484 1770 ἄναξ.

2141 1793 2298 1846 Πᾶσα
2322 1792 2379 1845 δέ
2402 1792 2453 1859 γ’
2475 1791 2837 1863 ἐπερώτησις,
2870 1792 2902 1861 ἢ
2931 1792 3131 1864 δήλων,
3157 1793 3190 1865 ἢ
3218 1794 3494 1865 κρυφίων,

446 1907 517 1959 ’Ἥ
557 1901 938 1971 φανερώτερον
996 1896 1191 1955 εἰπεῖν,
1245 1892 1381 1961 πρός
1433 1906 1584 1950 τινας
1629 1884 2037 1940 συναλλάσσων.
2070 1888 2111 1941 Β
2140 1884 2261 1952 Ἐφ’
2286 1880 2367 1948 οἷς
2396 1888 2422 1939 ὁ
2445 1886 2823 1950 κονὸικτίκιος,
2859 1888 2892 1957 ἢ
2928 1889 3185 1959 τζέρτων,
3218 1889 3251 1959 ἦ
3279 1889 3595 1959 ίντζέρτων.

457 1997 589 2050 Ἀπὸ
618 1996 676 2048 δὲ
710 1991 1182 2063 πλημμελήματος
1221 1982 1442 2051 ἀγωγὰς
1467 1980 1644 2049 εὕροις
1667 1977 1890 2040 ταύτας,

445 2091 557 2158 Τῆν
575 2087 868 2153 Φούρτην,
894 2082 991 2151 τὴν
1039 2078 1168 2149 περὶ
1222 2074 1445 2143 κλοπῆς,
1482 2076 1550 2126 Βι
1573 2072 1884 2137 βονορουμ
1925 2084 2034 2135 ρα-

1643 2162 1961 2235 Ῐπτορουμ,

448 2273 604 2334 Ἦτις
638 2269 823 2340 βιαίαν
852 2265 1109 2337 ἁρπαγὴν
1142 2261 1488 2332 πραγμάτων
1516 2256 1841 2328 ὲρμηνεύει,

446 2369 557 2436 Τὴν
585 2364 1021 2430 ἰνιουριάρουμ
1045 2357 1126 2420 τὲ,
1156 2358 1278 2425 ἥτις
1312 2352 1472 2423 ὓϐριν
1503 2350 1778 2419 σημαίνει,

448 2464 553 2514 Τόν
582 2476 639 2512 τε
672 2458 770 2526 μὲν
814 2453 1169 2511 Ἀκουίλιον,
1195 2452 1287 2499 τὸν
1320 2444 1569 2515 περὶτῆς
1606 2442 1808 2513 ζημίας
1842 2455 1856 2469 ⁶

462 2553 552 2618 ἘΞ
577 2547 652 2606 ὧν
684 2550 846 2603 πάλιν
877 2547 951 2609 ὡς
989 2540 1275 2611 ποταμῶν,
1300 2539 1596 2609 ῥευμάτων
1630 2553 1689 2588 τε
1739 2534 2032 2603 δευτέρων,

450 2647 722 2719 Κρουνοὺς
777 2641 1030 2710 εὑρήσεις
1057 2635 1291 2703 ἀγωγῶν
1325 2632 1648 2702 προσφόρως
1680 2627 2033 2701 ἐκχυθέντας.

518 2740 683 2809 Ὄρος
716 2736 772 2788 δὲ
801 2729 1267 2798 συναλλάγματος,
1300 2725 1374 2787 ὡς
1416 2724 1582 2793 ἡρεσε
1606 2725 1717 2782 τοῖς
1741 2721 1949 2788 νόμοις,

450 2830 784 2889 Συναίνεσις,
822 2824 917 2877 καὶ
944 2822 1229 2880 σύννευσις
1262 2818 1529 2869 πλειόνων
1574 2814 1702 2883 eam
1715 2816 1923 2881 μάτων,

450 2926 520 2977 Ἢ
558 2923 651 2975 δύο
683 2922 743 2973 τὸ
765 2919 1071 2987 ἐλάχιστον,
1103 2916 1182 2976 εἰς
1218 2914 1347 2963 αὐτὸ
1383 2908 1824 2979 συνδραμόντων.

451 3018 601 3071 “Ωστ’
629 3014 820 3083 ἑνοχῆς
853 3007 1187 3080 ποιήσασθαι
1219 3005 1452 3070 δύναμιν
1489 2998 1811 3070 παραυτίκα
1842 3018 1851 3022 ·

451 3111 544 3173 Et;
571 3108 729 3179 χάριν
756 3105 813 3156 δὲ
842 3103 1031 3173 ῥητέον
1067 3115 1162 3151 σου
1191 3097 1300 3149 τῶν
1326 3093 1525 3161 ἐνοχῶν
1557 3093 1815 3159 ἑκάστην,

451 3202 561 3262 Τὰς
597 3198 869 3268 φυομένας
905 3192 1125 3261 ἀγωγὰς
1152 3190 1220 3243 ἵν’
1250 3188 1378 3258 ἔχῃς
1406 3186 1749 3253 ἀσυγχύτως.

455 3293 559 3345 Καὶ
593 3290 693 3351 τὰς
721 3286 963 3357 μητέρας
996 3280 1261 3352 ἀκριϐῶς,
1294 3278 1430 3348 πρὸς
1449 3278 1505 3329 δὲ
1537 3277 1632 3337 τὰς
1690 3273 2023 3341 θυγατέρας.

452 3387 563 3456 Τῆς
594 3385 653 3454 se
683 3383 781 3451 τῆς
810 3383 865 3432 ὲν
899 3380 1008 3440 τοῖς
1043 3374 1368 3445 πράγμασιν
1394 3372 1531 3433 ἐστι,
1580 3370 1611 3436 ἠ
1645 3367 1977 3430 Δεαοσίτης

453 3668 643 3732 quarta
697 3656 986 3712 Consensu.
1041 3648 1312 3721 Obligatio
1370 3662 1489 3717 qua
1556 3663 1611 3700 re
1659 3643 2031 3707 contrahitur,

452 3752 625 3823 gignit
682 3750 828 3802 solas
851 3749 1027 3799 reales
1051 3743 1321 3796 actiones.
1356 3736 1489 3801 Quae
1516 3736 1706 3791 verbis.
1760 3740 2031 3787 materest

455 3844 689 3900 actionis
713 3857 781 3895 ex
813 3838 1102 3909 stipulatu.
1128 3835 1260 3900 Quae
1279 3832 1765 3893 consenquormat
1794 3843 2026 3881 conven-

454 3938 653 3992 tiones.
673 3932 807 3999 Quae
836 3929 1053 3994 litteris,
1082 3926 1287 3982 nudam
1323 3938 1510 3978 rerum
1542 3923 1875 3991 scripturam
1901 3935 2031 3973 con-

458 4028 640 4083 struit.
667 4024 722 4079 Si
754 4024 882 4094 quis
908 4022 1054 4077 enim
1088 4019 1335 4073 debitum
1372 4031 1483 4071 non
1538 4024 1827 4069 numerata
1869 4027 2033 4080 pecu-

458 4122 542 4174 nia
574 4118 881 4187 scripserit,
914 4128 1119 4183 neque,
1145 4127 1177 4166 o
1219 4110 1443 4165 domine
1468 4146 1484 4172 ,
1542 4108 1686 4161 intra
1743 4105 2022 4159 biennium

454 4215 521 4268 de
552 4211 783 4283 pecunia
822 4223 927 4262 non
958 4213 1248 4261 numerata
1273 4202 1553 4272 querelam
1589 4200 1841 4257 moverit,
1877 4198 2035 4252 dein-

454 4318 583 4372 ceps
612 4300 755 4371 quod
815 4298 947 4353 solis
991 4295 1189 4349 litteris
1219 4293 1462 4347 debitum
1511 4298 1614 4355 est,
1664 4288 1974 4358 prmt'alebit
2020 4306 2027 4336 :

455 4396 572 4450 solo
613 4394 832 4449 silentio
855 4390 1115 4461 obligatio
1180 4386 1378 4441 litteris
1416 4382 1786 4439 contrahitur.
1836 4381 1926 4444 Re,
1958 4384 2031 4434 si-

456 4488 684 4557 gniﬁcat
748 4500 839 4539 res
892 4482 1097 4545 Verbis,
1155 4478 1334 4533 nudos
1400 4489 1730 4530 sermones:
1784 4472 2022 4536 Litteris,

2148 1978 2303 2029 Ἐστι
2336 1978 2396 2030 δὲ
2430 1979 2789 2043 κονδικτίκιος
2816 1982 3168 2050 ἀπαιτήσεως
3198 1982 3383 2050 φύσις,

2145 2072 2215 2123 "ll
2248 2071 2490 2142 τζέρτος,
2526 2072 2644 2142 ἤτοι
2691 2072 2948 2143 φανερὸς,
3004 2074 3281 2144 ῖντζερτος
3318 2074 3731 2145 κεκρυμμένοςρ

2140 2161 2253 2230 Τῆς
2300 2160 2488 2230 βερόις
2519 2162 2711 2232 ἐνοχῆς
2742 2165 2892 2216 ἐστιν
2914 2165 2945 2219 ἡ
2985 2164 3447 2233 Ἐξστιματόριο

2141 2255 2311 2308 Ὅταν
2340 2256 2751 2326 διατιμήσωμαι
2785 2258 3019 2325 πρᾶγμα
3048 2258 3143 2311 καί
3190 2275 3274 2310 σοι
3303 2258 3546 2328 παρέξω,

2140 2347 2345 2413 Εἰπὼν,
2366 2348 2441 2411 ῶς
2475 2348 2716 2420 πράσας,
2750 2350 2992 2418 Κόμισον
3019 2351 3333 2421 νομίσματά
3362 2370 3453 2422 μοι
3479 2354 3636 2419 τόσα,

2138 2442 2202 2494 Εἰ
2224 2442 2279 2495 δὲ
2311 2441 2385 2511 μὴ
2407 2442 2538 2493 τόσα
2565 2442 2684 2513 δοίη
2707 2459 2811 2505 τις,
2844 2443 2991 2496 δίδου
3016 2444 3079 2497 τὸ
3108 2444 3410 2513 διδομένον.

2138 2535 2251 2603 Τῆς
2314 2533 2500 2603 βερδις
2554 2529 2712 2596 αὖθις
2762 2535 2952 2605 ὲνοχῆς
3001 2536 3103 2605 ius
3149 2536 3353 2605 Δάμνη
3388 2537 3657 2605 ίνςράιει,

2138 2625 2297 2686 Ἤτις
2334 2626 2566 2678 κινεῖται
2596 2626 2893 2688 πίπτοντος
2925 2626 3166 2693 γείτονος
3192 2628 3493 2697 δωματίου.

2137 2716 2250 2784 Τῆς
2276 2716 2460 2786 βέρόις
2484 2716 2646 2770 πάλιν
2683 2718 2895 2786 πέφυκε
2921 2719 3022 2789 ἥγε
3053 2722 3439 2788 Πρετατορία,

2136 2802 2213 2878 ⁷ῌ
2244 2809 2334 2860 τὸν
2359 2809 2846 2879 κληρονομήσαντα
2872 2810 3111 2879 εὐλόγως
3136 2815 3231 2865 καὶ
3254 2814 3585 2884 προσφόροις

2152 2898 2245 2950 Ἐκ
2274 2897 2442 2951 πόσου
2470 2900 2675 2970 μέρους
2708 2900 2891 2972 ἐρωτᾷ
2923 2900 3111 2971 ζητεῖν
3138 2904 3529 2975 κληρονομίαν.

2150 2990 2213 3041 Ἠ
2251 2992 2653 3060 Λεγατόρουμ,
2683 2992 2819 3061 ἄλλη
2841 3011 2922 3056 τις
2951 2995 3222 3063 ἀσφάλεια
3253 2998 3507 3065 λεγάτου.

2141 3081 2213 3132 ἸΙ
2243 3098 2300 3133 τε
2338 3082 2439 3151 μὲν
2484 3086 2820 3139 Πεκουνίαε
2847 3090 3278 3143 κονστιτούταε
3306 3087 3485 3156 αὖθις,

2139 3176 2296 3238 Ἢτις
2324 3177 2425 3246 τῆν
2447 3176 2838 3248 ἀντιφώνησιν,
2857 3180 2953 3232 καὶ
2978 3180 3080 3249 τὴν
3107 3181 3319 3253 ἐγγύην
3344 3184 3519 3252 λέγει.

2055 3237 2100 3298 C
2135 3237 2305 3338 Τῆς
2336 3237 2525 3341 ὲνοχῆς
2554 3237 2654 3341 τῆς
2680 3237 2947 3340 Ᾰίττερις
2975 3237 3167 3344 ἀγωγῆ
3185 3237 3450 3331 ’Νὸσάέιῇ

2138 3359 2212 3413 Τὸ
2249 3362 2407 3432 χρέος
2449 3365 2839 3434 μεταφέρουσα
2872 3366 2932 3418 τὸ
2958 3366 3189 3421 παλαιὸν
3219 3371 3302 3430 είς
3342 3370 3464 3421 νέον
3493 3386 3507 3400 ο

3335 3460 3491 3516 Vers.
3514 3461 3620 3516 155

2133 3642 2321 3695 Cantiae
2342 3649 2501 3707 sunt,
2526 3650 2584 3695 ut
2615 3641 2877 3696 distincte
2909 3652 2963 3695 et
2992 3650 3207 3707 exacte,
3236 3653 3439 3698 matres
3464 3653 3520 3701 et
3554 3653 3730 3714 tilias,

2132 3742 2293 3788 natas
2322 3732 2532 3787 scilicet
2565 3736 2841 3797 actiones,
2881 3732 3109 3786 habeas.
3164 3732 3438 3802 Obligatio
3494 3751 3619 3805 quae
3661 3753 3723 3793 re

2132 3823 2492 3877 contrahitur
2546 3823 2599 3876 in
2640 3825 2805 3877 rebus
2831 3832 2938 3888 est,
2970 3838 3033 3877 ex
3070 3839 3175 3893 qua
3226 3825 3405 3883 oritur
3446 3830 3590 3882 actio
3616 3828 3723 3882 De-

2131 3917 2314 3985 positi,
2363 3914 2551 3972 Grece
2580 3918 3058 3988 παρακαταθήκηε
3097 3916 3453 3972 ϐοιιιηιοάαιὶ.
3488 3936 3610 3988 qua
3632 3932 3725 3976 est
3780 3928 3785 3929 “

2133 4023 2271 4063 usus
2330 4009 2409 4063 rei
2470 4009 2687 4063 traditae
2739 4018 2794 4062 et
2864 4009 3225 4065 connnodata:
3269 4025 3282 4061 :
3337 4008 3728 4081 Pignoralitia,

2135 4117 2259 4170 qua:
2290 4111 2372 4156 est
2406 4101 2476 4154 de
2508 4101 2861 4171 pignoribus.
2917 4102 3033 4155 Alio
3065 4104 3365 4174 ἀπαίτησις
3394 4104 3494 4174 τῆς
3516 4107 3718 4176 κληρο-

2138 4194 2365 4262 νομίας,
2407 4207 2573 4263 quam
2634 4193 2814 4247 Latini
2862 4195 3185 4264 petitionem
3244 4197 3577 4253 ltazreditatis
3624 4214 3726 4252 vo-

2135 4296 2261 4339 cant
2301 4307 2313 4339 ;
2345 4286 2495 4340 actio
2516 4286 2682 4341 etiam
2726 4286 2793 4338 ad
2831 4286 3202 4349 exhibendum,
3228 4297 3287 4342 ut
3332 4287 3523 4344 Latine
3580 4290 3718 4343 dici-

2136 4389 2248 4443 tur,
2278 4395 2398 4450 quaa
2429 4381 2497 4437 de
2530 4381 2697 4435 rebus
2729 4381 2986 4443 occultis.
3020 4390 3079 4435 ut
3111 4384 3292 4452 palam
3324 4384 3719 4448 exbibeantur,

2132 4482 2322 4527 contra
2360 4473 2500 4527 clam
2530 4472 2903 4543 possidentem
2945 4473 3200 4528 instituta
3261 4482 3348 4529 est
3386 4489 3402 4527 :
3442 4473 3567 4542 ejus
3594 4489 3727 4543 quat

454 4584 825 4653 scripturam:
864 4574 1157 4636 Comensu,
1192 4579 1369 4641 pacta.
1406 4567 1611 4623 Deinde
1657 4566 1782 4636 quis
1817 4567 2018 4634 obliga-
2063 4602 2107 4656 Β
2136 4583 2193 4620 rc
2226 4566 2565 4621 contrahitur
2626 4578 2710 4621 cst
2741 4566 3039 4631 condictio,
3097 4582 3220 4638 quae
3277 4567 3608 4638 generaliter
3659 4568 3724 4620 in-

462 4690 573 4740 tur,
603 4674 692 4729 vel
722 4670 1071 4737 delinquens,
1091 4663 1178 4718 vel
1204 4661 1558 4724 contrahens,
1600 4660 1712 4723 vel,
1744 4668 1807 4711 ut
1828 4658 2029 4712 clarius

459 4770 665 4829 dicam,
697 4776 813 4817 rem
860 4760 1101 4827 aliquam
1150 4769 1277 4809 cum
1311 4754 1437 4807 aliis
1486 4767 1671 4821 agens.
1708 4749 1786 4803 Ex
1832 4751 2037 4804 delicto.

462 4862 558 4914 has
617 4855 864 4910 actiones
929 4846 1259 4916 comperies,
1328 4840 1506 4907 Furti,
1574 4841 1713 4914 Περὶ
1760 4840 1965 4911 κλοπῆς
2014 4859 2025 4892 ;

470 4950 531 5005 Vi
582 4950 840 5003 bonorum
896 4949 1210 5010 raptorum,
1264 4951 1429 5007 quam
1486 4934 1786 5005 violentum
1849 4950 2026 4989 rerum

460 5052 680 5121 raptum
707 5040 1072 5106 interpretare
1109 5050 1124 5087 :
1154 5030 1511 5100 Injuriarttm,
1545 5042 1665 5121 qum
1693 5026 2027 5121 petulantem

460 5119 851 5190 contumeliam
899 5126 1173 5197 signiﬁcat
1209 5122 1477 5194 :Atptitite
1539 5120 1676 5190 legis
1730 5119 2027 5184 actionem,

460 5228 574 5284 sive
617 5223 691 5277 De
727 5221 945 5273 damno.
987 5217 1064 5270 Ex
1092 5215 1295 5287 quibus
1329 5224 1589 5284 tanquam
1624 5209 1935 5273 ﬂuviorum,
1976 5219 2032 5264 et

459 5321 723 5374 ﬂuctuum
757 5311 1125 5369 secundorum
1156 5307 1522 5376 scaturigines
1552 5304 1831 5359 actionum
1872 5317 2026 5356 com-

461 5411 619 5467 mode
652 5409 912 5464 salientes
946 5404 1210 5474 reperies.

526 5499 779 5556 Detiuitio
802 5502 1200 5557 contractus,ut
1230 5491 1437 5564 legibus
1466 5490 1779 5561 placuit,est
1802 5504 2029 5545 consen-

459 5609 557 5648 sus
582 5602 636 5645 et
676 5589 1014 5659 conspiratio
1045 5587 1301 5658 plurium,
1331 5585 1414 5639 vel
1470 5583 1536 5636 ad
1573 5584 1758 5637 minus
1791 5583 2024 5637 duarum

458 5685 799 5739 voluntatum
836 5679 905 5733 ad
952 5679 1091 5733 idem
1147 5675 1616 5731 concurrentium.
1665 5675 2032 5740 Quemadmo-

457 5778 587 5831 dum
641 5774 900 5845 obligatio
956 5771 1122 5826 robur
1174 5769 1458 5834 obtineat,
1519 5769 1705 5822 statim
1758 5769 2025 5823 dicemus.

457 5868 613 5923 Nunc
642 5868 787 5922 enim
820 5867 896 5919 tui
935 5863 1111 5933 gratia
1148 5862 1377 5931 singula:
1420 5859 1793 5930 obligationes
1849 5863 2026 5931 expli~

2138 4675 2250 4713 rem
2298 4659 2525 4714 dicitur.
2583 4660 2688 4715 Eas
2739 4664 2985 4715 actiones
3053 4672 3362 4731 sequuntur
3398 4660 3729 4725 interdicta,

2134 4753 2248 4807 sive
2297 4752 2767 4807 denuntiationes.
2826 4752 2911 4807 Ex
2948 4753 3282 4823 obligatione
3333 4768 3457 4823 qua
3510 4753 3710 4813 verbis,

2134 4847 2279 4900 venit
2304 4862 2369 4900 ea
2413 4847 2698 4916 stipulatu.
2732 4862 2763 4902 e
2789 4862 2895 4917 qua
2965 4847 3089 4902 duas
3144 4848 3395 4902 actiones
3432 4847 3689 4901 oriuntur

2132 4937 2410 4991 condit-tio
2442 4937 2657 4992 certiet
2683 4937 2903 4993 incerti.
2940 4938 3017 4991 Ex
3058 4939 3317 5008 stipulato
3367 4946 3450 4992 est
3498 4935 3714 5007 επερώο

2132 5045 2313 5099 τησις,
2362 5029 2480 5084 sive
2526 5030 2906 5101 interrogatio,
2954 5045 2987 5086 ο
3024 5031 3339 5099 imperator.
3390 5028 3585 5086 Omnis
3612 5043 3715 5083 ιιι-

2133 5130 2242 5175 tem
2288 5122 2579 5191 stipulatio
2599 5132 2685 5178 est
2731 5138 2913 5178 rerum
2962 5120 3401 5187 manifestarum,
3453 5121 3541 5175 vel
3611 5120 3717 5175 ob—

2132 5229 2440 5278 scurarum,
2471 5216 2615 5269 unde
2643 5216 2777 5270 certi
2838 5224 2892 5269 et
2929 5214 3125 5268 incerti
3156 5198 3436 5269 condictio
3471 5228 3486 5263 :
3547 5220 3714 5266 nato-

2131 5320 2246 5359 ram
2279 5306 2561 5375 petitionis
2616 5305 2893 5360 condictio
2925 5305 3290 5369 demonstrat,
3359 5303 3501 5358 certi
3558 5304 3710 5357 dilu-

2132 5399 2336 5458 cidum.
2367 5399 2563 5452 incerti
2590 5398 2875 5471 occultum
2915 5397 3215 5468 signiﬁcat.
3266 5396 3342 5451 Ex
3371 5396 3710 5465 obligatione

2132 5492 2335 5553 verbis,
2371 5492 2615 5547 nascitur
2665 5493 2829 5547 etiam
2858 5490 3244 5546 zEuimatoria
3275 5507 3294 5546 :
3327 5492 3371 5544 si
3416 5504 3532 5544 rem
3560 5492 3718 5545 testi.

2133 5601 2297 5645 ment,
2326 5595 2382 5638 et
2410 5586 2502 5638 tibi
2531 5586 2765 5649 tradam,
2787 5585 2978 5640 dicens
3007 5600 3071 5638 ac
3096 5584 3141 5637 si
3171 5584 3502 5638 venderent:
3543 5582 3706 5639 Dabis

2132 5678 2264 5731 mihi
2296 5691 2370 5730 tot
2430 5695 2706 5740 nummos,
2758 5689 2811 5731 et
2866 5678 2970 5731 nisi
3025 5676 3265 5736 dederis,
3323 5674 3519 5730 reddes
3589 5690 3705 5728 rem

2132 5773 2411 5824 traditam.
2444 5772 2642 5825 lterum
2669 5786 2733 5825 ex
2781 5772 3120 5840 obligatione
3159 5770 3341 5824 verbis
3393 5767 3703 5829 descendit,

2130 5864 2325 5918 Damni
2368 5866 2566 5930 infecti,
2633 5882 2755 5934 qute
2781 5866 2957 5919 vicina
2986 5865 3147 5919 domo
3179 5864 3391 5918 ruinam
3459 5866 3709 5916 minante
