4430 6448
748 377 848 441 931

744 486 960 554 Ταύτης
993 489 1024 556 ἡ
1047 486 1378 557 Δελεγάτιο,
1397 486 1517 557 ἦτοι
1541 489 1671 557 περὶ
1709 486 1959 553 λεγάτου.

744 581 855 647 Τῆς
881 578 937 632 δὲ
969 579 1273 633 κονσένσο
1296 578 1490 649 ὲνοχῆς
1519 581 1668 632 ἐστιν
1691 578 1722 648 ἡ
1755 579 1813 644 ἐξ
1839 581 2103 647 Βενδίτο,

748 673 853 724 Ἳιν
879 670 1050 734 οὕτως
1068 671 1433 741 ἑρμηνεύουσι
1471 672 1601 740 περὶ
1637 674 1915 742 πράσεως,
1943 676 2103 741 ἄναξ,

756 765 858 828 Ἐξ
882 766 1089 833 ἒμπτο,
1122 764 1252 834 περὶ
1290 766 1495 833 ἀγορᾶς
1514 782 1526 794 ’
1552 767 1793 829 Λοκάτι,
1833 768 2097 836 μίσθωσίς
2124 789 2207 833 τις
2230 787 2245 801 °

746 856 1094 920 Κονδούκτι,
1135 858 1168 925 ή
1201 856 1536 926 ὲκμίσθωσις
1568 876 1583 889 ·
1611 860 1876 930 ἐντολὴ,ή
1910 862 2179 917 Μανδὰτι
2218 880 2231 895 ·

755 949 816 999 ΊΙ
837 948 955 1014 Πρὸ
982 964 1157 1002 σοκιο
1180 950 1234 1001 δέ
1257 950 1403 1001 ἐστιν
1432 951 1464 1020 ἡ
1494 952 1620 1021 περὶ
1649 953 1931 1017 κοινωνίας
1954 970 1969 985 ο

744 1041 900 1105 Ἱιτε,
932 1042 1060 1110 περὶ
1080 1042 1546 1109 Μνηστεύσεως.
1582 1044 1674 1095 καὶ
1691 1045 1950 1113 Δωρεῶν,
1972 1047 2066 1099 καὶ
2102 1045 2319 1114 Γάμων

743 1131 853 1184 Καί
892 1150 1055 1186 τινων
1075 1133 1252 1187 ἄλλων
1287 1134 1544 1203 ἀγωγῶν,
1573 1138 1667 1189 καὶ
1720 1137 1889 1207 τριῶν
1934 1139 2278 1210 ίντερδίκτων
2300 1153 2314 1169 ⁸

743 1226 1033 1293 Σύμπασαι
1066 1221 1224 1281 αὗται
1264 1229 1478 1296 ἀγωγαὶ
1500 1230 1691 1298 ἐνοχῆς
1714 1231 1812 1301 τῆς
1846 1232 2158 1284 κονσένσου.

745 1316 855 1385 Τὴν
886 1319 1013 1389 περὶ
1034 1320 1372 1390 προστασίας
1401 1320 1458 1373 δὲ
1490 1321 1835 1389 πραγμάτων
1870 1322 2191 1392 ἀλλοτρίων,

741 1409 897 1463 Τοῦτ’
933 1411 1051 1465 ἐστι
1079 1412 1152 1483 μὴ
1180 1412 1545 1481 γινώσκοντος
1589 1415 1832 1483 μηδόλως
1870 1414 1962 1468 τοῦ
1993 1416 2283 1482 δεσπότου,

741 1505 1136 1572 Νεγοτιόρουμ
1163 1504 1382 1571 λέγουσι
1414 1505 1620 1573 ταύτην
1652 1508 1795 1570 τινὲς
1823 1509 2191 1576 Γεστίξρουμ,

746 1597 931 1649 Ἔοικε
958 1597 1408 1665 συναλλάγματος
1439 1586 1794 1667 συνάλλαγμα
1822 1602 2091 1670 τυγχάνον
2128 1616 2142 1631 ο

753 1686 983 1755 Ὁμοίως
1012 1688 1044 1756 ἡ
1087 1687 1400 1750 Τουτέλαε,
1430 1689 1464 1758 ἡ
1494 1688 1638 1741 κατὰ
1669 1690 2008 1758 ἐπιτρόπων.

752 1776 816 1827 ἰῐ
838 1777 967 1843 περὶ
1000 1777 1350 1844 Διαιρέσεως
1375 1779 1735 1847 πραγμάτων
1761 1779 2105 1845 ἐπικρίνων,

753 1869 817 1920 Ἱῐ
864 1869 996 1936 περὶ
1026 1872 1364 1923 Πεκουλίου
1401 1888 1482 1935 τε,
1514 1873 1548 1941 ἦ
1579 1889 1637 1922 τε
1676 1872 1741 1923 ἐκ
1770 1870 2053 1941 διαθήκης,

752 1962 815 2013 Ἡ
855 1962 1172 2033 Ἰνστιτορία
1196 1980 1277 2028 τε,
1308 1964 1393 2033 ἥτ’
1424 1964 1858 2033 ἐξκερτκιτορία,

751 2051 815 2103 Ἣ
857 2053 997 2105 κατὰ
1023 2052 1117 2105 τοῦ
1159 2054 1570 2122 προστήσαντος
1602 2054 1725 2106 τινα
1751 2054 2141 2123 ἐργαστηρίου,

741 2144 851 2195 Καὶ
886 2144 1024 2195 κατὰ
1054 2143 1148 2196 τοῦ
1192 2147 1603 2214 προστήσαντος
1631 2147 1752 2198 τινά
1781 2147 1873 2199 ἐπὶ
1898 2146 2203 2215 Θαλάσσην.

740 2235 813 2285 Τὸ
838 2236 1150 2303 Κουόρουμ
1181 2239 1555 2306 ,ιεγατόρουμ
1571 2254 1630 2289 τε
1662 2239 2011 2310 ἰντὲρδικτον
2030 2240 2314 2309 τυγχάνον,

752 2323 1000 2389 Ὀοῦσος,
1018 2329 1044 2379 ὁ
1070 2328 1129 2379 οὐ
1142 2327 1526 2396 σούφρουκτος,
1548 2328 1708 2382 ἄλλαι
1737 2330 1785 2381 τ’
1802 2332 2017 2397 ἀγωγαὶ
2042 2331 2313 2394 πλεῖσται,

740 2419 862 2468 Τῶν
892 2420 1093 2472 ὡσανεὶ
1123 2421 1453 2490 τυγχάνουσι
1484 2423 1655 2474 πᾶσαι
1684 2424 2168 2492 συναλλαγμάτων.

740 2511 807 2561 Al
841 2509 887 2562 δ’
916 2513 1128 2578 ἀγωγαὶ
1158 2513 1268 2565 τῶν
1300 2514 1502 2566 ὡσανεὶ
1528 2515 1689 2568 πάλιν
1721 2517 2158 2587 ἁμαρτημάτων,

755 2603 819 2654 Ἦ
851 2604 990 2655 κατὰ
1018 2604 1109 2656 τοῦ
1140 2604 1481 2668 δικάσαντος,
1520 2608 1614 2659 καὶ
1642 2610 2115 2678 παρανομηκότος,

754 2693 817 2745 Ἢ
850 2696 986 2746 κατά
1014 2695 1107 2747 τοῦ
1135 2697 1506 2766 συῤῥήξαντος
1539 2699 1751 2751 ἐδικτον
1780 2701 2172 2770 ἀναισχύντως.

747 2785 937 2837 Ἀλλαι
960 2786 1017 2837 τέ
1066 2804 1211 2849 τινες
1235 2790 1470 2854 ἀγωγαὶ,
1499 2789 1593 2842 καί
1623 2808 1766 2855 τινες
1804 2791 1913 2843 τῶν
1956 2792 2314 2865 Ἰμςράκτουμ.

744 2881 905 2951 Δέχου
937 2883 1095 2937 πάλιν
1119 2884 1385 2953 διαίρεσιν
1424 2886 1533 2939 τῶν
1560 2888 1792 2955 ἀγωγῶν
1826 2889 2099 2960 ποικίλην.

745 2976 864 3027 Τῶν
904 2978 1136 3044 ἀγωγῶν
1167 2979 1221 3030 αἱ
1260 2979 1358 3047 μέν
1387 2980 1493 3032 είσι
1524 2981 1633 3032 ἀπὸ
1667 2982 2157 3052 συναλλαγμάτων.

746 3068 808 3118 Λί
836 3067 892 3117 δὲ
927 3068 1087 3120 πάλιν
1122 3070 1456 3135 κατάγονται
1488 3069 1596 3121 ἀπὸ
1633 3071 2067 3140 ἁμαρτημάτων.

746 3161 809 3210 Ai
841 3159 939 3225 μέν
978 3162 1084 3211 εἱσι
1126 3162 1531 3229 πραγματικαὶ,
1561 3163 1617 3214 αἱ
1649 3162 1704 3214 δὲ
1728 3162 1868 3216 κατὰ
1901 3162 2233 3232 προσώπων.

745 3251 809 3301 Ai
845 3251 942 3317 μέν
968 3253 1073 3303 εἰσι
1104 3254 1285 3304 πίστει
1308 3251 1466 3321 καλῇ,
1501 3258 1556 3305 αἱ
1590 3251 1645 3306 δέ
1681 3253 1786 3306 εἰσί
1822 3270 1940 3317 πως
1971 3254 2241 3321 στοίκται,

748 3542 1017 3588 innvetur.
1079 3534 1289 3588 Rursus
1328 3549 1393 3588 ex
1455 3550 1516 3589 ea
1567 3536 1815 3590 nascitur
1842 3533 2170 3601 Precatoria,
2209 3552 2313 3605 qua

746 3625 955 3679 directe
998 3626 1284 3681 institutus
1332 3628 1504 3681 haeres
1559 3637 1784 3695 rogatur
1837 3645 1902 3685 ex
1933 3641 2095 3697 quota
2165 3641 2318 3700 parte

747 3718 896 3770 adire
937 3719 1325 3772 haereditatan
1361 3719 1476 3772 Alia
1514 3731 1595 3773 est
1627 3717 1963 3791 L-gntorum,
2008 3723 2188 3777 cautio
2241 3724 2318 3777 lc—

747 3810 852 3874 gati
886 3810 1126 3862 nomine.
1166 3808 1411 3863 l’ecuniw
1461 3812 1782 3875 constitutw,
1817 3828 1938 3881 quze
1960 3815 2315 3881 sponsionem

744 3902 1301 3970 c-texprumissiouem
1336 3905 1582 3970 pecuni:e
1623 3905 1915 3973 signiﬁcat.
1949 3907 2316 3975 Obligationis

746 4008 878 4045 vero
907 4010 1028 4061 quae
1050 3993 1263 4047 Litteris
1290 3997 1634 4049 contrahitur
1658 3999 1802 4051 actio
1823 4005 1905 4052 est
1939 3998 2317 4064 Noratio,qu:e

747 4095 903 4139 vetus
943 4087 1183 4139 debitum
1233 4088 1286 4141 in
1334 4102 1529 4142 navum
1565 4088 1829 4142 transfert
1868 4101 1967 4145 :et
2015 4091 2313 4162 Delegatio,

747 4179 863 4231 sive
894 4178 960 4232 de
988 4179 1180 4248 legato.
1217 4179 1578 4251 Obligationis
1606 4199 1669 4235 ex
1708 4181 1997 4247 Consensu,
2022 4196 2127 4244 est.
2174 4188 2316 4238 actio

746 4286 809 4323 ex
836 4270 1075 4334 Vendilo,
1095 4288 1276 4341 quam,
1296 4290 1330 4328 0
1348 4274 1459 4343 imp
1486 4315 1501 4340 ,
1527 4276 1654 4344 περὶ
1676 4277 1929 4344 πράσεως
1956 4279 2317 4347 interpretan-

749 4373 857 4415 tur.
916 4362 1001 4416 Ex
1050 4374 1242 4432 empto,
1299 4368 1429 4436 περὶ
1474 4367 1704 4436 ἀγορᾶς.
1776 4368 1980 4429 Loculi,
2028 4370 2315 4439 μίσθωσις.

747 4454 1025 4511 Conducti.
1065 4457 1416 4525 ὲκμέσῠωσις.
1459 4458 1728 4521 Μαιιίιαιί,
1758 4463 1944 4531 ἐντολή
1976 4478 2105 4529 :pro
2151 4465 2312 4529 socio,

1985 373 2406 435 MICIIAELIS
2450 372 2717 433 PSELH

2345 488 2387 542 Α
2419 485 2484 535 Αἱ
2540 485 2637 551 μὲν
2672 483 2906 550 πρᾶγμα
2954 480 3399 551 εἰσπράττουσιν,
3441 480 3497 531 αἱ
3526 480 3582 532 δὲ
3616 478 3830 548 ποινὴν,
3858 482 3911 531 αἰ
3946 480 3990 533 δ’

2346 1822 2392 1880 Β

3888 366 3991 426 932

3706 570 3920 641 Ιᾶμφω.

2420 673 2483 723 Αἱ
2517 668 2616 737 μὲν
2640 666 2919 721 κινοῦνται
2947 668 3026 730 είς
3060 665 3120 718 τὸ
3148 667 3277 726 πᾶν,
3310 666 3366 718 αί
3394 666 3448 717 δὲ
3486 667 3565 718 είς
3604 665 3768 735 μέρος
3809 665 3990 733 μόνον.

2417 765 2481 816 ΑΞ
2513 763 2612 831 μὲν
2652 760 2857 815 ἁπλοῦν
2884 759 3323 830 εἰσπράττουσιν,
3360 761 3416 810 αἱ
3473 758 3528 810 δὲ
3576 756 3819 822 διπλοῦν,
3878 772 3993 825 τρι-

3619 848 3810 922 [πλοῦν
3838 865 3920 907 τε,

2418 948 2483 1000 Αἱ
2522 946 2622 1017 μὲν
2653 947 2746 999 καὶ
2777 945 3201 1014 τετραπλάσιον,
3232 943 3287 996 αἱ
3330 945 3386 996 δὲ
3421 944 3514 996 καὶ
3561 944 3725 995 πλέον
3773 942 3985 994 τούτου.

2418 1038 2709 1092 Αίτούτων
2736 1036 2791 1090 δὲ
2826 1035 3124 1106 βαρύτεραι
3168 1034 3305 1103 προς
3340 1033 3550 1095 τούτοις
3582 1031 3895 1100 ἁτιμοῦσιν,

2419 1134 2483 1187 Αἱ
2514 1132 2612 1199 μέν
2649 1132 2795 1183 εἰσιν
2822 1129 3124 1197 ἐπίκαιροι,
3153 1127 3297 1189 τινὲς
3329 1126 3381 1178 δὲ
3414 1126 3521 1178 τῶν
3561 1126 3811 1196 χρονίων,

2418 1229 2482 1281 Αἱ
2515 1229 2571 1280 δὲ
2607 1225 3012 1296 περιορίζονται
3046 1224 3453 1294 τεσσαράκοντα
3481 1223 3717 1295 χρόνοις.

2420 1320 2576 1382 Τινὲς
2606 1320 2660 1372 δὲ
2682 1319 3019 1372 διαὸαίνουσι
3059 1319 3154 1370 καὶ
3189 1317 3329 1369 κατὰ
3376 1316 3753 1386 κληρονόμων.

2419 1415 2482 1467 Ai
2525 1412 2621 1479 μέν
2644 1414 2748 1465 είσι
2786 1411 2860 1474 ὼς
2894 1411 3110 1477 λέγουσι
3138 1410 3341 1463 τούτων
3368 1410 3756 1476 ἀρόιτραρίαι,

2428 1506 2564 1559 ’Υπό
2595 1521 2652 1558 τε
2679 1506 2774 1570 τῆς
2804 1504 3121 1572 δικαστικῆς
3164 1504 3426 1573 ἤρτηνται
3457 1505 3756 1572 μεσιτείας.

2418 1600 2550 1651 Ταῖς
2579 1597 2633 1649 δὲ
2662 1598 2758 1663 τῆς
2794 1594 3115 1680 ὑπολήψεως
3151 1595 3245 1647 τοῦ
3276 1595 3557 1665 κρίνοντος
3597 1596 3644 1647 εἰ
3681 1593 3884 1664 μέλλει.

2498 1689 2665 1756 Ἀλλη
2690 1706 2749 1741 τε
2783 1688 3010 1756 πλείστη
3048 1688 3258 1754 πέφυκε
3278 1686 3542 1755 διαίρεσις
3575 1686 3683 1738 τῶν
3714 1687 3915 1756 νόμων.

2420 1784 2530 1835 Καὶ
2563 1782 2721 1833 τοῦτο
2758 1780 2813 1832 δέ
2846 1796 2935 1849 μοι
2967 1778 3239 1851 πρόσλαϐε
3262 1780 3532 1848 τυγχάνον
3560 1779 3884 1846 ἀναγκαῖον.

2436 1875 2520 1935 Ὡς
2553 1875 2601 1926 οἱ
2637 1874 2862 1932 κανόνες
2894 1873 3133 1934 ἅπαντες
3170 1872 3278 1925 τῶν
3319 1862 3523 1941 νόμωνξ
3553 1872 3885 1943 στεφηφόρε.

2430 1965 2757 2033 ’Υπόταθροι
2783 1964 3132 2033 τυγχάνουσι,
3154 1964 3439 2031 ψεύδονται
3473 1968 3584 2033 γαρ
3613 1966 3670 2015 ὲν
3704 1969 3881 2033 μέρει.
3915 1992 3918 1996 λ

2420 2057 2615 2111 Κανὼν
2640 2058 2697 2110 δέ
2723 2059 2839 2109 ὲστι
2872 2055 2963 2109 τοῦ
2997 2055 3323 2126 πράγματος
3349 2056 3793 2125 συντετμημένος
3812 2054 3988 2124 λόγος,

2422 2156 2595 2224 Ὅπερ
2626 2154 2701 2214 ὡς
2726 2154 3085 2221 ὑποκείμενον
3117 2154 3375 2221 τυγχάνει
3398 2152 3473 2222 τῷ
3503 2156 3708 2215 κανόνι,

2418 2247 2651 2314 Σφειλὰς
2688 2246 2731 2297 δ’
2758 2247 3036 2305 ἐκπίπτει,
3067 2245 3325 2306 δέσποτα,
3360 2246 3453 2298 καὶ
3483 2246 3577 2299 τοῦ
3601 2247 3964 2313 ύποκειμενου

2418 2340 2555 2401 Τοὺς
2591 2340 2784 2406 νόμους
2814 2337 2870 2389 δὲ
2908 2336 3232 2405 βουλόμενος
3279 2338 3488 2401 πάντας
3522 2354 3603 2389 σοι
3661 2337 3986 2404 συνοψίζειν,

2429 2432 2758 2501 Ὀριστικοῖς
2787 2432 3209 2501 προσχρήσομαι
3239 2430 3471 2500 ῥήμασι,
3537 2431 3631 2482 καὶ
3682 2430 3985 2499 συντόμοις.

2489 2523 2814 2592 Δικαιοσύνη
2860 2522 3067 2589 πέφυκε
3100 2521 3335 2590 νόμησις
3360 2520 3453 2573 τοῦ
3474 2520 3708 2574 δικαίου.

2488 2614 2708 2665 Δίκαιον
2733 2612 2961 2681 φυσικόν
2986 2612 3103 2663 ἐστι
3148 2611 3327 2663 κοινὸν
3354 2614 3487 2663 πᾶσι
3515 2614 3626 2673 τοῖς
3657 2610 3835 2675 ζώοις.

2420 2707 2540 2758 Τῶν
2568 2706 2748 2775 νόμων
2767 2707 2794 2757 ὁ
2817 2705 2916 2773 μὲν
2938 2704 3231 2773 ἔγγραφος,
3257 2706 3284 2756 ό
3323 2703 3367 2755 δ’
3407 2705 3654 2771 ἄγραφος
3685 2704 3759 2766 ὼς
3781 2703 3920 2765 ἒοος.

2432 2796 2762 2865 Ἐλευθερία,
2806 2796 3051 2863 πέφυκεν
3079 2796 3233 2848 ἄδεια
3268 2798 3467 2865 φυσική
3497 2813 3576 2859 τις
3607 2813 3622 2827 ο

2420 2890 2644 2941 Δουλεία
2669 2889 2723 2940 δὲ
2754 2887 2999 2956 ὑποταγὴ
3026 2888 3279 2957 τυγχάνει
3300 2888 3636 2950 δεσποτείας,

2423 2982 2603 3043 Ἤτις,
2631 2981 2705 3042 ὡς
2734 2980 3050 3049 ἀδιάφορος,
3075 2979 3277 3048 ἆτομόν
3305 2997 3356 3033 τι
3392 2981 3671 3049 τυγχάνει.

2432 3074 2495 3127 Ἡ
2523 3076 2780 3143 συμφορὰ
2812 3073 2867 3125 δὲ
2895 3073 2992 3141 τῆς
3024 3072 3257 3143 μητρὸς,
3298 3071 3444 3125 τοῐτ⁹
3473 3075 3617 3127 ἔστιν
3658 3077 3690 3144 ἡ
3739 3077 3987 3146 πορνεία,

2333 3168 2377 3230 C
2410 3166 2486 3219 Οὐ
2529 3165 2760 3235 βλάπτει
2793 3164 2884 3218 τὸν
2914 3166 2973 3217 ὲν
3026 3168 3094 3235 τῇ
3135 3164 3360 3234 γαστρὶ,
3411 3166 3681 3236 στεροῦσα
3727 3168 3837 3220 τῶν
3882 3186 3989 3221 πα-

3675 3258 3725 3330 [τ
3737 3258 3892 3329 ρῴων
3902 3299 3915 3312 .

3598 3350 3755 3407 Vers.
3781 3352 3886 3405 ΞΗ

2426 3536 2663 3590 edictum
2709 3535 3055 3605 impudenter
3087 3534 3355 3604 corrupit.
3417 3532 3555 3588 Sunt
3585 3544 3637 3587 et
3670 3534 3789 3589 aliae
3838 3550 3988 3603 qua:-

2424 3629 2547 3681 dam
2593 3629 2839 3682 actiones
2890 3628 2943 3680 iu
3001 3626 3227 3682 factum.
3274 3628 3474 3681 lterum
3528 3628 3716 3696 accipe
3782 3629 3987 3681 variam

2423 3722 2700 3773 actionum
2736 3720 3060 3775 divisionem
3098 3737 3110 3772 :
3165 3720 3412 3787 quadam
3466 3719 3718 3773 oriuntur
3762 3734 3827 3771 ex
3859 3732 3989 3772 con-

2430 3812 2721 3871 tractibus.
2760 3810 3005 3880 qua‘dam
3072 3827 3270 3865 rursus
3301 3827 3364 3864 ex
3400 3811 3618 3865 delictis
3671 3829 3685 3864 :
3739 3813 3986 3879 quadam

2422 3910 2552 3955 sunt
2600 3903 2795 3966 reales,
2856 3902 3102 3970 quandam
3152 3914 3342 3956 contra
3398 3918 3663 3971 personas
3699 3921 3710 3956 :
3743 3906 3988 3974 quaedam

2424 4001 2554 4046 sunt
2597 3993 2755 4047 bona:
2789 3992 2936 4056 ﬁdei,
2997 3993 3248 4063 quadam
3282 3994 3488 4047 stricta:
3533 4010 3546 4046 :
3592 3995 3838 4062 quaedam
3875 4011 3988 4050 rem

2422 4085 2693 4153 exigunt:
2728 4085 2973 4155 quadam
3022 4101 3260 4155 pteuam,
3325 4087 3575 4155 quaedam
3623 4097 3913 4155 utrumque
3972 4103 3987 4140 :

2418 4178 2537 4230 alia}
2617 4193 2716 4246 pro
2784 4186 2903 4232 toto
2971 4187 3289 4240 moventur,
3362 4179 3483 4233 alim
3570 4194 3667 4247 pro
3758 4190 3913 4249 parte
3972 4194 3988 4230 :

2420 4272 2539 4325 alia
2611 4273 2865 4341 simplum
2938 4272 3182 4341 exigunt,
3242 4271 3361 4325 alia:
3428 4271 3692 4340 duplum,
3744 4273 3986 4340 triplum,

2423 4363 2815 4432 quadruplum,
2852 4364 2970 4417 aliae
3020 4373 3071 4416 et
3098 4363 3336 4432 amplius
3372 4382 3384 4416 :
3425 4364 3545 4417 alia:
3577 4380 3859 4433 graviores
3902 4365 3987 4417 iu-

2419 4454 2627 4508 famant
2676 4471 2771 4510 eos
2800 4470 2939 4523 quos
3010 4454 3299 4508 afﬁciunt:
3347 4454 3542 4521 aliqua:
3598 4464 3727 4508 sunt
3776 4466 3987 4522 tempo-

746 4549 875 4615 περὶ
910 4550 1232 4609 κοινωνίαςι
1264 4561 1525 4620 praeterea
1556 4553 1624 4608 de
1647 4553 2019 4620 Sponsalibus,
2052 4556 2308 4609 Donatio-
2346 4564 2389 4618 D
2420 4547 2578 4609 τθιθεν
2605 4545 2800 4614 ³¹Ῑί1¹¹ἱε
2832 4554 3125 4614 Ρθτβείυεεο
3183 4546 3376 4613 aliquae
3431 4545 3589 4599 ³¹¹¹¹Ῐ³
3628 4546 3987 4615 ψιθάτοτεῖηιε

747 4639 921 4701 nibus,
949 4648 997 4689 et
1028 4638 1264 4705 Nuptiis,
1300 4651 1354 4695 et
1378 4643 1496 4697 aliae
1538 4646 1807 4705 actiones.
1838 4655 1889 4698 et
1917 4647 2019 4698 tria
2084 4646 2313 4700 interdi-

747 4737 835 4777 cla
881 4743 895 4779 :
938 4743 1130 4782 omnes
1159 4732 1262 4785 illa:
1292 4734 1540 4787 actiones
1570 4744 1697 4787 sunt
1726 4736 2077 4804 obligationis
2101 4753 2162 4791 ex
2185 4753 2311 4791 con-

748 4834 935 4872 sensu.
971 4819 1103 4884 Quae
1142 4822 1212 4875 ob
1238 4839 1424 4876 curam
1459 4841 1637 4878 rerum
1682 4826 1983 4881 alit-uarum
2038 4830 2316 4883 nesciente

748 4910 972 4963 domino
1030 4924 1364 4980 susceptam,
1420 4923 1690 4979 nmvetur,
1741 4932 1904 4984 quam
1972 4915 2312 4987 Negotiorum

748 5012 1009 5070 gestarum
1072 5014 1287 5065 vocant.
1320 5016 1640 5063 contractus
1668 5009 1882 5064 videtur
1920 5026 2044 5066 esse
2089 5021 2313 5067 contra-

750 5104 893 5144 ctus.
946 5094 1230 5154 Siuiliter,
1275 5094 1495 5161 Tuteltr,
1553 5113 1676 5167 qua:
1735 5109 1923 5153 contra
1954 5110 2161 5155 tutores
2195 5120 2209 5155 :
2238 5097 2317 5153 De

750 5187 1103 5239 communium
1143 5204 1321 5241 rerum
1379 5190 1656 5254 divisione,
1687 5190 1750 5245 de
1788 5194 2016 5260 peculio,
2055 5209 2118 5248 ex
2149 5202 2315 5247 testa-

751 5284 953 5338 mento,
990 5276 1289 5338 lustitoria.
1322 5280 1687 5344 Exercitoria,
1730 5298 1854 5351 qum
1898 5293 2086 5337 contra
2118 5294 2315 5338 nautas

748 5376 803 5418 et
858 5382 1163 5435 caupones,
1200 5380 1259 5423 ut
1292 5371 1344 5424 in
1407 5373 1585 5425 navim
1626 5374 1709 5428 vel
1739 5375 2029 5428 tabernam
2095 5385 2312 5445 recepta

750 5459 1061 5513 restituant.
1121 5461 1475 5515 luterdictum
1528 5463 1673 5532 quod
1735 5464 1970 5527 Quorum
2019 5466 2313 5535 legatorum

748 5551 974 5614 dicitur,
1012 5551 1173 5612 Usus,
1214 5553 1591 5617 ususfructus,
1622 5564 1676 5607 et
1709 5556 1829 5609 aliae
1859 5558 2039 5610 multa:
2069 5559 2313 5612 actiones

752 5650 881 5695 sunt
915 5656 1105 5695 omnes
1134 5660 1197 5696 ex
1242 5643 1399 5711 quasi
1438 5646 1834 5701 contractibus.
1880 5646 2140 5711 Actiones
2188 5664 2314 5701 rur-

754 5748 871 5785 sum
913 5733 1069 5801 quasi
1098 5750 1160 5785 ex
1186 5734 1399 5789 delictis
1433 5751 1447 5799 ζ
1482 5751 1605 5805 qua:
1630 5736 1791 5791 datur
1821 5748 2010 5793 contra
2040 5740 2278 5809 judicem
2298 5781 2311 5803 ,

754 5822 844 5890 Qui
874 5836 1063 5878 eontra
1094 5824 1239 5894 leges
1271 5824 1538 5894 judicavit
1576 5844 1586 5878 :
1622 5843 1741 5895 quae
1790 5838 1975 5883 contra
2034 5846 2155 5885 cum
2222 5829 2313 5899 qui

2421 4635 2777 4698 deﬁniuntur,
2798 4636 2989 4705 aliqua:
3008 4638 3468 4691 transeuntetiam
3493 4648 3680 4690 contra
3708 4638 3951 4692 bteredes
3969 4656 3987 4693 :

2421 4737 2623 4781 suntet
2662 4728 2764 4783 illa:
2792 4741 2929 4796 quas
2963 4727 3280 4780 arbitraria:
3314 4737 3531 4788 vocant,
3584 4744 3704 4796 qua
3740 4728 3985 4796 judiciali

2422 4821 2649 4874 arbitrio
2681 4822 3027 4874 instruuntur
3064 4835 3130 4873 ex
3157 4819 3358 4887 iudicis
3382 4820 3741 4875 :eSIimatioue
3760 4820 3803 4875 si
3838 4821 3987 4876 velit.

2496 4913 2590 4965 Est
2631 4911 2916 4978 multiplex
2974 4909 3077 4963 alia
3157 4910 3333 4978 legu'u
3392 4909 3613 4963 divisio.
3662 4908 3815 4974 Quod
3856 4924 3988 4962 vero

2422 5017 2570 5056 nunc
2599 5002 2727 5055 mibi
2767 5001 3138 5056 necessarium
3189 5000 3428 5061 videtur,
3462 5000 3647 5067 acripe
3689 5016 3703 5051 :
3748 5010 3805 5052 ut
3831 4999 3974 5068 quod

2423 5107 2615 5147 omnes
2636 5092 2809 5161 legum
2829 5106 3093 5154 canones,
3114 5106 3146 5144 ο
3165 5091 3295 5159 imp.
3310 5130 3324 5145 .
3346 5090 3652 5158 subputridi
3674 5099 3821 5154 sunt,
3838 5105 3991 5143 meu-

2423 5184 2636 5237 tiuntur
2682 5184 2828 5238 enim
2883 5199 2946 5238 ex
2978 5193 3152 5253 parte.
3177 5182 3365 5237 Canon
3399 5192 3578 5237 autem
3623 5198 3717 5236 seu
3757 5182 3986 5252 Regula.

2422 5284 2505 5327 est
2527 5290 2709 5328 sermo
2755 5290 2870 5327 rem
2932 5274 3167 5328 breviter
3206 5274 3478 5336 dividens,
3543 5289 3665 5341 qua:
3712 5282 3795 5328 est
3832 5274 3989 5342 quasi

2424 5365 2732 5434 Subjectum
2760 5365 2983 5434 regula),
3039 5380 3157 5433 qum
3186 5364 3274 5416 ubi
3324 5364 3377 5416 in
3448 5364 3633 5432 aliquo
3686 5364 3907 5426 titubat,
3953 5380 3987 5416 ο

2424 5457 2601 5523 dom.,
2638 5472 2667 5511 e
2700 5457 2948 5525 subjecto
2988 5456 3214 5510 excidit.
3248 5456 3315 5507 At
3359 5454 3485 5523 quia
3542 5455 3691 5508 sedet
3721 5454 3774 5507 in
3806 5454 3989 5507 animo

2424 5550 2520 5603 tibi
2554 5564 2745 5603 omnes
2767 5550 2911 5617 leges
2944 5548 2995 5601 in
3027 5547 3409 5616 compendium
3471 5545 3736 5609 redigere,
3805 5544 3987 5598 verbis

2426 5652 2549 5695 utar
2587 5640 2885 5694 deﬁnitivis
2903 5648 2956 5693 et
2985 5639 3245 5693 brevibus
3275 5655 3289 5696 :
3321 5637 3543 5690 Iustitia
3602 5648 3685 5690 est
3709 5636 3843 5704 justi
3877 5635 3992 5688 dis-

2428 5735 2677 5788 tribulio.
2722 5731 2819 5788 Jus
2852 5731 3098 5786 naturale
3150 5742 3231 5785 est
3264 5744 3552 5785 commune
3584 5728 3839 5784 omnibus
3864 5728 3990 5780 ani-

2426 5829 2722 5882 mantibus.
2764 5826 2964 5897 Legum
3004 5826 3104 5879 alia
3160 5834 3242 5881 est
3281 5823 3499 5892 scripta,
3551 5823 3653 5876 alia
3689 5838 3793 5875 unu
3854 5818 3990 5875 scri-
