4430 6448
410 512 582 564 υῦθὲν
608 511 771 571 εἴτις
802 508 877 579 (Ι)
910 506 1230 577 ἐλευθεροῦν
1278 512 1453 558 ὀστέι-
1503 524 1558 563 λ.

410 605 566 659 Μετὰ
588 604 687 673 τήν
720 602 881 673 ἥϐην,
912 600 1147 671 γράψειν
1167 617 1251 662 τις
1287 599 1515 651 δυνστιιι
1540 595 1718 646 (uarii.
1741 612 1801 642 γι

423 696 776 767 Ἰιίλευθεροῦν
804 696 863 749 δὲ
890 694 1111 748 δύναται
1131 696 1160 747 6
1184 690 1671 753 ἑπτακαιδεκέτης.

412 788 533 839 Τῶν
568 786 775 839 παίδων
799 783 1135 849 ὑπεξοῦσιοι,
1167 783 1216 833 οἱ
1246 783 1310 833 ὲκ
1335 780 1582 847 νομίμων
1612 777 1821 845 γάμων,

409 872 571 933 Οὗτοι
603 880 711 947 γάρ
746 877 896 945 μόνοι
927 874 1169 945 νομικῶς
1201 873 1471 924 ὑπάκουσι
1510 872 1797 937 πατράσιν,

415 972 577 1033 Ιῖῑτις
603 972 668 1022 ἐκ
697 968 895 1037 φίσκου
923 965 1079 1019 λάϐοι
1118 982 1169 1017 τι
1193 962 1489 1032 δωροῦντο;
1534 962 1819 1027 βας-λέως,

423 1066 485 1117 Ἦ
516 1060 897 1115 συναλλάττων
920 1058 1058 1129 πρὸς
1090 1057 1278 1120 αὐτοῦ,
1311 1055 1473 1117 εὐθὺς
1497 1052 1685 1105 τούτου
1713 1050 1987 1119 δεσπόζει,

421 1158 659 1216 Ἐκεῖνος
692 1154 747 1207 δὲ
782 1151 1038 1217 ὲνάγεται
1077 1150 1239 1221 μέχρι
1264 1150 1606 1219 τετραετίας.

421 1251 483 1301 Ἠ
517 1264 707 1317 μορτις
738 1262 919 1298 καυσα
948 1245 1151 1314 δωρεὰ,
1189 1244 1333 1296 ἔοικε
1366 1241 1442 1311 τῷ
1468 1241 1704 1309 λεγάτω.

410 1343 490 1393 Τά
529 1341 628 1408 τῆς
662 1337 889 1408 προικὸς
918 1338 1150 1404 ἀκίνητα
1175 1337 1272 1404 οὐχ
1308 1334 1597 1404 ὑποτίθησί
1629 1351 1728 1393 τις.

406 1432 542 1484 Οὐδὲ
569 1430 907 1500 πιπράσκειν
938 1430 1183 1491 δύναται,
1214 1428 1324 1481 οὐδ’
1363 1428 1606 1481 ἐκποιεϊν
1626 1427 1881 1489 οὺδὲὶως.

421 1523 740 1592 Ἐκποίησιν
769 1526 796 1576 ὁ
826 1523 1088 1585 πούπιλος
1121 1522 1467 1590 πραγμάτων
1497 1521 1555 1572 οὐ
1590 1523 1845 1573 ποιεῖται,

412 1616 547 1669 Οῦδέ
571 1633 623 1668 τι
648 1618 909 1683 πράττειν
930 1613 1152 1666 δύναται
1174 1614 1346 1682 χωρὶς
1377 1611 1486 1664 τῶν
1508 1610 1846 1678 ἐπιτρόπων,

412 1708 521 1758 Καὶ
544 1705 661 1769 υίὸς
697 1703 1017 1770 ὑπεξούσιος
1044 1706 1139 1756 καὶ
1166 1703 1353 1764 δοῦλος
1387 1700 1775 1769 προσπορίζει.

418 1798 480 1851 ’0
508 1799 607 1868 μέν
637 1816 700 1865 γε
731 1797 811 1867 τῷ
839 1798 1180 1861 δεσπόζοντι,
1213 1796 1242 1847 ὁ
1270 1794 1329 1847 δὲ
1360 1793 1439 1865 τῷ
1475 1793 1831 1863 φυτοσπόρῳ,

408 1893 528 1945 Κᾶν
561 1894 636 1961 μὴ
675 1893 1019 1959 τυγχάνωσιν
1042 1889 1197 1941 αὐτοὶ
1235 1886 1334 1957 τὴν
1368 1884 1569 1957 πράξιν
1599 1886 1927 1952 ἐγνωκότες,

408 1984 536 2045 Υἱὸς
563 1983 619 2035 δὲ
647 1982 771 2051 δίχα
800 1981 893 2033 τοῦ
918 1981 1145 2049 πατρὸς,
1174 1978 1207 2050 ἢ
1238 1979 1422 2040 δοῦλος
1447 1977 1540 2030 τοῦ
1566 1974 1831 2028 δεσπότου

406 2075 482 2125 Οὐ
519 2074 744 2128 δύναται
786 2074 1166 2144 κληρονομεῖν,
1200 2071 1457 2124 saxosas
1486 2068 1776 2122 άδιτεύειν.

407 2167 524 2220 Kiv
556 2184 639 2229 τις
666 2166 1203 2237 οῦσουφρουκτάριος
1222 2165 1356 2232 ἡμῖν
1390 2164 1538 2214 ἐστιν
1563 2158 1812 2228 οἰκέτης.

408 2258 631 2326 Εξσάγει
657 2256 751 2311 τὸν
785 2255 1221 2326 προσπορισμδν,
1261 2252 1449 2321 ὥσπερ
1476 2254 1506 2305 6
1536 2252 1664 2322 βονα
1690 2249 1827 2319 φιδε.

417 2351 478 2401 ’0
502 2347 946 2418 φιδικομισάριος
980 2348 1079 2400 σὺν
1102 2346 1179 2415 τῷ
1208 2345 1536 2414 λιγαταρίῳ,

419 2440 645 2508 Ὀλόκλη
657 2456 748 2507 ρον
766 2438 1017 2506 διαδοχὴν
1046 2439 1148 2491 οὐκ
1181 2437 1364 2507 ἔχουσι
1398 2435 1632 2497 δικαίου,

419 2533 478 2586 Ὀ
510 2532 850 2602 κληρονόμος
877 2533 1037 2600 μόνος
1068 2531 1179 2598 γάρ
1199 2530 1259 2581 τὸ
1281 2528 1491 2582 δίκαιον
1514 2526 1661 2579 τοῦτ’
1690 2524 1825 2595 ἔχει.

419 2624 711 2691 Ἀγράφως
738 2622 1073 2674 διατίθεσθαι
1105 2621 1206 2673 οὐκ
1240 2619 1518 2690 εἴργουσιν
1543 2621 1591 2671 οἱ
1622 2619 1802 2687 νόμοι.

407 2713 740 2775 Οἱκειακοὺς
761 2714 817 2765 δὲ
852 2712 1137 2783 μάρτυρας
1160 2712 1389 2774 εἰκότως
1422 2709 1726 2766 ἀθετοῦσιν.

407 2804 473 2857 Εἴ
499 2823 582 2867 τις
613 2805 851 2858 διάθοιτο
879 2804 1042 2875 τυχὸν
1069 2803 1178 2856 τῶν
1209 2803 1755 2872 ἐπιστρατευομένων,

418 2896 483 2948 Ἱι
514 2897 748 2967 διαθήκη
779 2896 1019 2967 ἔρρωται
1049 2896 1128 2957 είς
1149 2894 1446 2965 ὁλόκληρον
1486 2895 1701 2964 χρόνον.

406 2990 517 3041 Καὶ
549 2988 688 3056 μετὰ
714 2989 813 3058 τὴν
846 2987 1105 3056 ἀθέτησιν
1138 2987 1238 3056 τῆς
1271 2988 1545 3056 προτέρας
1581 2987 1902 3055 στρατείας.

420 3080 479 3133 '0
507 3081 551 3133 δ’
584 3081 907 3151 ὑπεξούσιος
945 3082 1060 3143 υἱὸς
1093 3081 1152 3132 οὐ
1189 3084 1334 3134 ποιεῖ
1379 3080 1673 3150 διαθήκας,

1711 391 2061 449 ἓὶΝῌΡδΙΞ
2099 393 2383 456 LEGUM.

1627 520 1715 571 τερ
1744 520 1993 571 χραωων,
2023 507 2071 566 Α
2103 506 2218 560 Κᾶν
2248 508 2277 560 6
2310 510 2488 579 πατὴρ
2523 509 2822 574 κελεύσειε,
2856 512 3024 580 χωρὶς
3045 510 3152 566 τῶν
3187 508 3583 583 κιστρενσίων,

3570 395 3678 460 934

2102 601 2216 652 Οὐκ
2237 602 2534 669 ἀνατρέπει
2556 602 2793 667 ἕκαστος
2825 603 3107 674 προϐᾶσαν
3136 606 3428 676 διαθήκην.

2105 690 2166 742 Εἰ
2193 691 2250 743 δέ
2281 708 2365 754 τις
2382 677 2809 762 ὲμμαγκιπατος
2832 696 3336 765 κοντραταϐούλλας
3368 698 3509 768 ἔχει.

2101 782 2208 834 Καὶ
2230 782 2416 836 δοῦλον
2456 785 2508 836 ετ
2528 802 2611 847 τις
2648 785 2891 855 βούλοιτο
2916 789 3103 841 ἐνίστα
3138 788 3499 857 κληρονόμον.

2101 872 2444 941 Οὒγκίασμοι
2478 872 2536 925 δὲ
2567 871 2794 936 δώδεκα,
2837 876 3035 945 μέτρον
3063 875 3450 946 κληρονομίας.

2110 966 2245 1027 Ὠςό
2274 965 2577 1034 τεστάτωρ,
2613 965 2836 1020 δύναται
2866 969 3079 1033 οἰκέτης
3131 966 3491 1039 κληρονόμος.

2100 1057 2288 1119 Οὐδεὶς
2319 1058 2719 1127 διατιθέμενος,
2755 1061 2802 1112 εί
2837 1058 2912 1130 μὴ
2999 1061 3366 1131 στρατιώτης,

2098 1149 2273 1216 Μέρει
2306 1150 2404 1218 μὲν
2431 1150 2755 1215 διατίθεται,
2785 1152 2941 1222 μέρει
2972 1152 3015 1203 δ’
3045 1154 3131 1215 οὐ,
3157 1155 3255 1221 τῆς
3284 1154 3499 1217 οὐσίας.

2103 1241 2294 1292 Ἔστιν
2324 1242 2784 1307 ἀποκατάστασις,
2810 1241 2955 1298 οὕτω
2975 1244 3037 1313 δὴ
3063 1249 3401 1317 τυπουμένη,

2100 1331 2527 1401 κληρονομείτω
2554 1333 2734 1397 Τίτιος
2766 1338 2874 1389 τῶν
2905 1338 3150 1407 ἐμαυτοῦ
3185 1338 3528 1408 πραγμάτων
3551 1353 3569 1370 ο

2099 1425 2162 1476 Εἰ
2188 1425 2234 1477 δ’
2255 1419 2410 1482 οὗτος
2432 1427 2492 1479 οὐ
2521 1425 2870 1497 βεϐούληται,
2902 1430 3105 1499 πριμος
3132 1431 3573 1503 κληρονομιίτω.

2112 1516 2629 1585 Ἀθεμιτογαμήσας
2666 1536 2749 1582 τις
2782 1519 2877 1571 καὶ
2904 1520 3092 1585 δεινῶς
3117 1526 3467 1595 τιμωρεῖται,

2100 1610 2209 1660 Καὶ
2239 1609 2349 1659 τῶν
2378 1609 2678 1677 τεχθέντων
2710 1609 2770 1674 ἐξ
2789 1610 2956 1663 αὑτοῦ
2984 1613 3046 1665 οὐ
3078 1613 3513 1681 κατεξουσιάζιι.

2103 1698 2162 1749 Εἰ
2183 1699 2237 1750 δέ
2269 1716 2350 1760 τις
2384 1701 2578 1764 παῖδας
2602 1701 2788 1756 ἔτεκεν
2822 1705 2887 1756 ἐκ
2911 1705 3496 1785 παλακῆςπροτέρας,

2101 1788 2382 1857 Νομίμους
2409 1790 2790 1863 ἀπεργάσηται
2821 1796 3115 1865 προικῲοις
3145 1798 3201 1849 ἐν
3238 1800 3574 1867 συμφώνοις.

2034 1892 2072 1942 η
2106 1876 2377 1945 Τέταρτον
2414 1878 2581 1947 μέρος
2612 1884 2883 1950 χρεωστεί
2901 1883 2979 1954 τῷ
3000 1885 3391 1955 υίοθετηθέντι,

2102 1965 2434 2034 Υίοθετήσας
2459 1969 2542 2030 τίς
2574 1986 2694 2022 τινα
2728 1971 2836 2025 τῶν
2871 1974 3062 2027 ἑαυτοῦ
3092 1981 3457 2044 πραγμάτων.

2109 2058 2332 2127 Ἀτελὴς
2375 2060 2815 2127 συγγινώσκεται
2842 2065 3048 2136 μήτηρ,
3089 2066 3166 2137 μή
3193 2070 3506 2124 ἀπαιτοῦσα

2098 2150 2205 2201 Τοῦ
2233 2152 2425 2220 ἀνδρὸς
2454 2154 2881 2224 τελευτήσαντος
2901 2159 3202 2229 ἐπίτροπον
3228 2163 3339 2226 τοῖς
3370 2163 3603 2227 τέκνοις.

2107 2244 2406 2315 Ἐπιτροπὴ
2432 2246 2487 2299 δὲ
2526 2248 2735 2313 πέφυκε
2761 2251 2961 2321 νομική
2995 2252 3216 2318 ἐξουσία

2094 2339 2228 2390 Κατ’
2253 2340 2546 2409 ἐλευθέρας
2569 2345 2836 2412 κεφαλῆς,
2857 2346 2938 2407 εἰς
2964 2344 3222 2416 βοήθειαν
3249 2348 3479 2420 ταύτης.

2107 2432 2436 2498 Ἐπιτροπος
2469 2433 2524 2486 δὲ
2561 2435 2756 2488 διοικεῖ
2789 2438 2952 2507 μέχρι
2985 2439 3086 2507 τῆς
3111 2440 3253 2511 ἥϐης
3285 2444 3471 2510 μόνον.

2106 2524 2385 2576 Ἐντεῦθεν
2415 2526 2468 2575 δὲ
2494 2526 2811 2591 αὐθέξονται
2843 2547 3175 2603 κουρατορες
3204 2534 3298 2588 τοῦ
3320 2535 3466 2591 νέου.

2120 2620 2397 2697 Αγνάτους
2432 2621 2528 2689 μὲν
2553 2620 2803 2692 ὠνόμαζε
2835 2625 2962 2688 τοὺς
2988 2626 3048 2691 ἐξ
3070 2628 3321 2699 ἀρρένων
3349 2631 3551 2692 τόκων.

2094 2710 2410 2776 Κογνατους
2430 2712 2475 2763 δ’
2505 2714 2830 2781 ἐπωνόμαζε
2860 2717 2989 2780 τοὺς
3015 2722 3079 2771 ἐκ
3105 2719 3463 2789 θηλυγονίας.

2096 2800 2338 2869 Ἔφηϐος
2375 2802 2584 2864 γίνεται
2627 2805 2654 2855 6
2689 2808 2818 2867 παῖς
2847 2808 2991 2860 ὲτῶν
3021 2808 3467 2883 δεκατεσσάρων,

2095 2892 2337 2955 "Remo:
2370 2894 2425 2945 δέ
2449 2912 2505 2946 τε
2526 2895 2718 2965 θήλεια
2748 2894 2881 2951 οὖσα
2904 2901 3265 2972 δωδεκαέτης.

2093 2984 2181 3051 Tt;
2207 2986 2379 3047 {mvtz
2424 2988 2718 3056 ἐπίτροπον
2752 2991 3042 3062 κουράτωρ
3073 2993 3277 3048 δίδοται
3318 3012 3424 3060 τις.

2089 3079 2432 3145 Katmopziv
2460 3082 2519 3132 οὐ
2561 3081 2786 3134 δύναται
2819 3083 3021 3152 ἄνηϐος
3048 3087 3373 3158 ἐπιτρόπου,

3291 3181 3447 3240 Vcrs.
3460 3184 3571 3241 272

408 3425 519 3483 pta,
551 3422 613 3468 ut
636 3410 1000 3468 consuetudo.
1035 3409 1285 3465 Libertas
1317 3419 1399 3464 est
1434 3411 1684 3480 quaedam
1716 3411 1984 3465 naturalis
2013 3412 2056 3474 C
2099 3414 2216 3465 rius
2275 3421 2327 3467 et
2360 3414 2658 3479 legatarius
2713 3416 2765 3468 in
2808 3417 3122 3473 universum
3161 3419 3253 3488 jus
3302 3436 3411 3476 non
3474 3437 3672 3480 succe-

406 3506 625 3562 licentia
676 3504 955 3559 :scrvitns
983 3512 1061 3557 est
1121 3502 1393 3571 subiectio
1449 3502 1838 3561 dominationi.
1869 3520 1989 3573 quae

406 3611 463 3653 ut
492 3598 699 3652 nullam
762 3596 975 3649 habens
1018 3594 1409 3659 diﬂ'erentiam,
1471 3597 1810 3649 individuum
1853 3597 1982 3665 quid

404 3691 557 3746 dicit.
589 3688 888 3743 Calamitas
922 3687 1137 3747 matris.
1170 3687 1220 3739 id
1244 3695 1331 3741 est
1385 3688 1725 3742 meretricius
1778 3692 1982 3751 coitus,

405 3797 513 3835 non
550 3791 714 3836 nocet
741 3783 791 3837 ei
822 3784 915 3852 qui
945 3790 1030 3838 est
1061 3783 1114 3836 in
1145 3792 1356 3848 ventre,
1393 3788 1618 3851 privans
1671 3785 1829 3839 bonis
1887 3802 1982 3853 pa-

406 3875 599 3929 ternis.
624 3874 1099 3930 Circumscribens
1124 3876 1429 3931 creditores
1454 3877 1848 3931 manumittere
1876 3894 1981 3931 non

405 3974 607 4034 potest.
666 3966 795 4021 Post
830 3967 1175 4034 pubertatem
1233 3976 1414 4036 potest
1450 3969 1578 4038 quis
1610 3970 1854 4023 scribere
1905 3979 1983 4023 te-

404 4066 759 4112 stamentum.
794 4059 984 4112 Annos
1025 4068 1189 4113 natus
1246 4059 1438 4113 decem
1462 4070 1514 4114 et
1556 4069 1763 4128 septem
1797 4077 1982 4113 manu-

404 4149 619 4204 mittere
646 4156 846 4219 potest.
914 4149 1093 4204 Liberi
1131 4151 1184 4203 in
1245 4158 1514 4219 potestate
1553 4161 1700 4214 sunt,
1758 4152 1849 4217 qui
1914 4166 1976 4205 ex

404 4240 660 4308 legitimis
702 4240 910 4309 nuptiis
962 4242 1260 4311 procreati,
1322 4241 1400 4294 illi
1437 4241 1581 4295 enim
1615 4243 1714 4295 soli
1742 4243 1980 4312 legitime

402 4332 723 4397 parentibus
760 4333 1048 4387 obediunt.
1080 4332 1136 4387 Si
1172 4334 1295 4403 quis
1346 4349 1411 4389 ex
1441 4335 1792 4404 imperatoris
1847 4335 1982 4389 libe-

402 4424 614 4478 ralitate
656 4438 685 4477 a
714 4422 846 4478 fisco
879 4440 991 4479 rem
1020 4426 1280 4494 accipiat,
1340 4434 1435 4479 aut
1469 4426 1576 4481 alio
1604 4427 1768 4481 modo
1820 4427 1889 4480 ab
1916 4441 1981 4479 eo

400 4529 513 4568 rem
565 4524 869 4583 comparet,
932 4514 1115 4569 statim
1193 4516 1371 4584 ipsius
1429 4515 1487 4571 fit
1538 4516 1827 4581 dominus,
1873 4532 1975 4571 nec

398 4616 515 4674 post
551 4607 975 4675 quadriennium
1017 4608 1370 4662 convenitur.
1402 4607 1596 4663 Mortis
1645 4623 1813 4663 causa
1876 4611 1975 4664 do-

398 4699 566 4762 natio,
600 4699 797 4752 similis
822 4705 907 4753 est
942 4699 1140 4765 legato.
1196 4699 1503 4754 lmmobilia
1554 4700 1693 4755 bona
1747 4700 1967 4763 dotalia,

2094 3504 2263 3558 dunt:
2316 3503 2366 3556 id
2413 3505 2557 3558 enim
2595 3506 2680 3567 ius
2716 3509 2867 3564 soltts
2897 3510 3071 3565 haeres
3122 3513 3305 3567 habet.
3355 3513 3487 3570 Sine
3527 3516 3672 3571 scri-

2094 3604 2185 3661 pto
2264 3598 2454 3648 testari
2516 3597 2663 3665 leges
2742 3615 2848 3652 non
2938 3603 3291 3671 prohibent:
3338 3605 3671 3663 domesticos

2089 3688 2306 3754 quidem
2361 3698 2530 3743 testes
2560 3692 2786 3747 meritos
2845 3694 3182 3763 improbant.
3227 3696 3284 3751 Si
3318 3699 3443 3768 quis
3495 3708 3671 3755 testa-

2090 3790 2179 3833 tus
2218 3781 2380 3833 fuerit
2408 3783 2474 3836 de
2506 3786 2909 3851 castrensibus,
2982 3796 3372 3845 testamentum
3424 3792 3478 3847 in
3507 3808 3672 3849 omne

2090 3883 2308 3941 tempus
2363 3876 2526 3940 \‘alct,
2574 3877 2739 3932 etiam
2805 3887 2930 3950 post
3002 3882 3402 3938 abdicationem
3466 3886 3672 3956 prioris

2090 3968 2317 4021 m-htize.
2364 3967 2676 4024 Filiusfam.
2719 3980 3116 4027 testamentum
3152 3989 3260 4030 non
3289 3975 3441 4040 facit,
3467 3993 3666 4048 quam-

2087 4058 2169 4111 vis
2228 4060 2616 4131 paterjubeat,
2653 4064 2756 4117 nisi
2800 4065 2867 4119 de
2893 4068 3295 4124 castrensibus.
3340 4068 3519 4125 Furor
3566 4071 3666 4125 ad-

2084 4154 2313 4206 veniens
2342 4169 2448 4207 uon
2486 4157 2685 4209 evertit
2730 4158 2883 4225 prius
2919 4158 3200 4214 Conditum
3245 4169 3662 4221 testamentum.

2086 4240 2286 4305 Filius,
2314 4245 2360 4297 si
2401 4248 2802 4315 emancipatus,
2855 4250 3019 4305 habet
3049 4252 3316 4307 bonorum
3362 4258 3667 4325 possessio-

2086 4347 2207 4385 nem
2277 4342 2470 4388 contra
2529 4337 2769 4390 tabulas.
2821 4338 3048 4395 Servum
3108 4345 3295 4409 etiam,
3337 4347 3384 4401 si
3419 4349 3542 4417 quis
3570 4365 3665 4404 ve-

2085 4426 2167 4491 lit,
2207 4436 2388 4494 potest
2456 4429 2727 4487 haercdem
2783 4434 3101 4489 instituere.
3138 4435 3432 4494 Duodecim
3490 4444 3665 4497 uncia:

2086 4529 2216 4573 sunt
2272 4536 2529 4576 mensura
2595 4525 2951 4581 hereditatis.
3022 4526 3092 4582 Ut
3168 4537 3417 4595 testator,
3479 4542 3662 4602 potest

2088 4612 2265 4666 haeres
2298 4628 2421 4668 esse
2447 4614 2809 4672 domesticus.
2854 4617 3025 4672 Nemo
3054 4621 3158 4675 nisi
3208 4621 3365 4677 miles
3411 4639 3474 4679 es
3507 4635 3663 4695 parte

2088 4701 2156 4754 de
2184 4717 2241 4755 re
2270 4717 2368 4756 sua
2418 4710 2673 4771 testatur,
2705 4722 2806 4775 pro
2844 4720 2997 4776 parte
3045 4725 3153 4763 nou
3209 4720 3465 4770 testatur.
3517 4716 3661 4773 Sub-

398 4805 576 4858 ncque
631 4790 845 4859 pignori
884 4796 938 4844 et
1004 4790 1326 4860 hypothecat
1348 4790 1489 4857 dari,
1550 4807 1742 4860 neque.
1787 4792 1969 4854 vendi,
2007 4778 2051 4832 1)
2085 4793 2301 4847 stitntio
2332 4793 2413 4848 sic
2451 4793 2717 4851 formatur
2747 4816 2759 4851 :
2791 4796 2996 4853 Rerum
3024 4802 3455 4862 rnearumTitins
3483 4808 3660 4867 haeres

398 4897 575 4950 neque
614 4882 866 4943 alienari,
916 4882 1111 4936 fraude
1172 4882 1339 4937 etiam
1403 4899 1514 4937 non
1576 4885 1974 4943 interveniente

398 4982 653 5041 possunt.
690 4971 937 5043 Pupillus
983 4988 1083 5027 nec
1126 4988 1217 5029 res
1269 4988 1400 5029 suas
1469 4975 1735 5037 alienare.
1798 4994 1975 5047 neque

398 5066 601 5134 aliquid
638 5081 797 5135 agere
831 5075 1009 5136 potest
1037 5065 1157 5120 sine
1205 5066 1502 5121 tutoribus.
1558 5064 1973 5125 Filiusfamilias

396 5165 451 5210 et
502 5170 697 5210 servus
754 5157 1072 5227 acquirunt,
1138 5158 1226 5213 hic
1296 5158 1541 5225 domino,
1611 5160 1701 5213 ille.
1741 5164 1975 5230 parenti,

398 5249 614 5303 etiamsi
650 5258 882 5319 uterque
903 5264 1016 5303 rem
1040 5260 1247 5320 gestam
1281 5251 1495 5321 ignoret
1525 5269 1539 5306 :
1579 5252 1720 5309 illius
1750 5255 1974 5324 quidem

398 5350 453 5393 ct
509 5355 732 5407 servus,
793 5342 913 5396 sine
953 5343 1123 5411 patris
1163 5350 1211 5397 et
1266 5343 1475 5399 domini
1523 5361 1796 5401 consensu
1845 5364 1974 5403 suc-

397 5432 591 5487 cedere
634 5448 742 5488 non
773 5444 1031 5504 possunt,
1074 5450 1175 5490 nec
1206 5435 1579 5491 haereditatem
1635 5439 1805 5493 adire.
1844 5438 1975 5496 Ser-

400 5539 501 5578 vus
534 5524 980 5580 usufructuarius
1009 5527 1168 5581 nobis
1225 5528 1479 5598 acquirit,
1512 5531 1971 5597 quemadmodum

398 5615 538 5671 liber
570 5618 736 5673 homo
793 5619 886 5689 qui
935 5619 1077 5674 bona
1127 5619 1231 5676 ﬁde
1277 5619 1973 5679 servit.Fidcieommissa-

474 5824 547 5891 (Ι)
581 5825 655 5878 Οὐ
692 5826 867 5879 σθένει
889 5841 992 5888 τις.

2077 4894 2235 4948 esto;
2271 4886 2315 4938 si
2342 4886 2434 4941 ille
2491 4888 2752 4952 noluerit,
2810 4890 3028 4949 Primus
3084 4895 3263 4952 haeres
3316 4909 3458 4958 esto.
3508 4900 3662 4957 Nefa-

2075 4976 2186 5032 rias
2267 4979 2489 5048 nuptias
2536 4968 2873 5040 contrahens
2944 4988 3203 5043 atrociter
3257 4991 3503 5059 punitur,
3559 5008 3659 5049 nec

2076 5067 2279 5125 liberos
2338 5086 2407 5125 ex
2471 5072 2582 5127 illis
2630 5085 2791 5129 natos
2841 5074 3003 5131 habet
3055 5079 3111 5132 in
3198 5090 3495 5149 potestate.
3551 5083 3656 5151 Qui

2077 5158 2220 5215 filios
2250 5163 2439 5231 genuit
2476 5178 2539 5217 ex
2577 5165 2767 5234 pellice
2805 5167 3011 5234 priore,
3072 5170 3345 5239 legitimat
3377 5190 3474 5233 eos
3503 5176 3661 5233 dota-

2078 5251 2224 5307 libus
2302 5255 2707 5312 instrumentis.
2766 5257 3030 5324 Quartam
3097 5278 3326 5322 suorum
3384 5268 3655 5325 bonorum

2082 5353 2290 5413 partem
2334 5346 2598 5419 adoptato
2650 5350 2835 5413 debet,
2880 5352 2927 5406 is
2960 5353 3051 5420 qui
3103 5358 3401 5428 adoptavit.
3431 5362 3656 5421 Infamis

2082 5437 2355 5503 fitmater,
2394 5456 2514 5510 qua:
2560 5454 2775 5497 mortuo
2828 5443 2946 5499 viro
2996 5446 3188 5506 libens
3248 5462 3481 5508 tutorem
3544 5471 3654 5512 non

2083 5532 2234 5599 petit.
2262 5530 2456 5587 Tutela
2491 5542 2576 5589 est
2605 5536 2843 5606 legitima
2868 5548 3116 5608 potestas
3150 5563 3199 5599 Hi
3234 5555 3399 5616 caput
3427 5548 3653 5603 liberum

2083 5624 2148 5676 ad
2186 5623 2306 5692 ejus
2363 5625 2760 5685 defensionem.
2834 5630 3016 5693 Tutor
3076 5641 3420 5695 administrat
3475 5642 3671 5697 solum.
