4430 6448
784 404 887 470 933

790 525 1033 596 ’Ἐφησος
1064 524 1158 578 τοῦ
1183 534 1533 595 κουρατωρος
1560 526 1841 593 συγγενῶν
1882 527 2309 594 συνεργούντων.

786 617 867 670 Τά
899 616 1123 687 μηδενός
1146 634 1205 668 τε
1230 616 1517 686 πρότερον,
1547 618 1640 670 τοῦ
1670 618 2204 686 προκαταλαϐόντος.

786 705 861 757 Τὸ
898 705 1049 774 κῦμα
1087 706 1145 757 τδ
1176 696 1972 777 χειμέριον,αἰγιαλδνξδρίξει.

789 799 943 851 Είκει
964 801 1031 851 τὰ
1055 799 1382 869 ἐπικείμενα
1416 804 1527 860 τοῖς
1562 819 1622 868 γε
1660 802 2070 870 ὑποκειμένοις.

794 892 939 958 Ἴτερ
966 888 1112 941 ἐστὶν
1147 890 1266 953 ὁδὸς
1289 892 1471 962 στενὴ,
1509 894 1697 957 ἀκτοις
1728 898 1759 963 ὴ
1794 895 2125 963 πλατυτέρα.

804 980 861 1033 Ὀ
884 982 1115 1051 πρᾶγμα
1151 983 1211 1036 τὸ
1237 983 1517 1054 ἀλλότριον
1550 987 1788 1040 ὲκποιῶν
1817 990 1877 1039 ὲν
1904 988 2127 1056 είδήσει,

792 1074 862 1124 Ἢ
908 1074 1087 1138 ἄλλως
1117 1076 1447 1146 τραδιτεύων
1482 1086 1586 1144 τις,
1612 1080 1688 1142 ὡς
1719 1080 1925 1149 κλοπὴν
1961 1081 2284 1151 ἁμαρτάνει.

787 1165 1030 1234 Δευτέρα
1048 1167 1379 1233 διατύπωσις
1414 1173 1646 1239 ῥήγνυσι
1680 1174 1781 1239 τὴν
1817 1180 2112 1244 προτέραν.

783 1253 897 1325 Τὴν
932 1255 988 1309 δὲ
1023 1256 1337 1323 ίνοφικιόζο,
1381 1259 1570 1321 παῖδες
1588 1260 1800 1313 κινοῦσι
1832 1264 2005 1331 μόνοι.

782 1344 972 1406 Οὐδεὶς
1011 1343 1445 1401 ὕποκαϐίσταται
1479 1350 1631 1402 παιδὶ
1660 1351 2074 1419 πουπιλιαρίως.

788 1431 847 1483 Εἰ
878 1433 949 1500 μὴ
980 1434 1201 1502 ποιήσει
1237 1436 1506 1507 πρότερον
1535 1440 1615 1500 εἰς
1647 1440 1810 1491 αὐτὸν
1849 1439 2137 1510 διαθήκην.

795 1522 853 1574 Ὀ
874 1522 1013 1591 ἔχων
1033 1524 1132 1595 τὴν
1164 1526 1473 1595 ὲναγωγήν,
1502 1528 1773 1592 ἀποδείξει
1802 1528 2072 1597 βαρεῖται.

783 1615 863 1666 Τά
886 1615 984 1683 τῆς
1028 1618 1251 1683 προικὸς
1270 1619 1467 1688 κινητά
1502 1621 1891 1690 εἰσπράττεται
1914 1624 2131 1681 αὐτίκα.

782 1704 909 1768 Τοῖς
925 1709 1199 1776 ἀκινήτοις
1232 1709 1525 1780 ὁλόκληρος
1553 1715 1632 1774 εἰς
1658 1714 1951 1781 ἀπαίτησιν
1975 1716 2183 1784 χρόνος.

782 1794 894 1863 Τῆς
916 1797 1181 1866 διαθήκης
1203 1802 1235 1868 ἡ
1274 1803 1478 1870 κρηπὶς
1502 1802 1750 1864 ἔνστασις
1778 1803 2140 1873 κληρονόμου.

784 1889 893 1941 Καὶ
925 1890 1066 1958 τομὴ
1102 1892 1190 1942 καὶ
1222 1892 1509 1959 μετάθεσις
1540 1895 1753 1961 γίνεται
1796 1895 1888 1948 τοῦ
1926 1896 2176 1961 λεγάτου,

798 1980 885 2031 Ἐν
914 1998 970 2032 τε
997 1981 1417 2049 διατυπώσεσιν,
1459 1986 1516 2037 ἐν
1548 2004 1602 2038 τε
1629 1992 1740 2049 τοῖς
1764 1988 2131 2052 κωδικὲλλοις.

783 2072 855 2123 Τὸ
887 2072 1071 2140 τρίτον
1093 2076 1119 2125 ὀ
1150 2076 1433 2143 φαλκίδιος
1465 2079 1631 2142 σώζει
1665 2080 1740 2148 τῷ
1778 2081 2117 2151 κληρονόμῳ,

793 2158 886 2213 Ἐκ
914 2163 1022 2215 τῶν
1053 2165 1565 2231 λεγάτωνάπάντων
1598 2172 1735 2223 κατά
1769 2173 2075 2239 ἀναλογίαν.

795 2254 852 2304 ’0
872 2256 1180 2322 Αὔγουστος
1212 2262 1533 2329 προσέταξε,
1564 2264 1716 2330 φασὶ,
1747 2266 1871 2327 τοὺς
1906 2265 2282 2331 κωδικέλλους,

792 2342 882 2394 Ἑν
913 2340 991 2406 οἷς
1024 2345 1149 2397 οὔτε
1189 2349 1464 2418 ὲνίστησιν
1489 2352 1516 2402 ὁ
1545 2354 1773 2422 γράφων
1800 2354 2157 2423 κληρονόμον,

779 2434 904 2488 0ΰέ
939 2438 1164 2508 ἀφαιρεῖ
1196 2434 1252 2492 δν
1282 2442 1523 2510 ἔγραψεν
1551 2446 1607 2495 ὲν
1646 2449 1708 2513 τῇ
1738 2446 2089 2502 διατυπώσει.

780 2525 853 2578 Τὸ
885 2529 984 2595 μὲν
1012 2529 1455 2598 Τερτουλιάνειον
1494 2536 1671 2605 δόγμα
1707 2542 1862 2591 καλεῖ
1892 2545 2219 2612 προσφόρως

782 2619 874 2681 Et;
901 2621 967 2673 τά
995 2622 1104 2673 τῶν
1134 2625 1340 2677 τέκνων
1364 2629 1669 2698 πράγματα
1692 2631 1790 2693 τάς
1815 2634 2037 2687 ἐκείνων
2065 2641 2329 2705 μητέρας.

780 2712 853 2764 Τὸ
890 2714 945 2766 δέ
976 2716 1027 2782 γ’
1074 2715 1474 2785 Ὀρφιτιάνειον
1506 2721 1661 2785 αὖθις
1690 2724 1752 2775 ὲκ
1784 2725 1878 2777 τοῦ
1913 2730 2176 2784 ἐναντίου.

786 2803 876 2863 Εἰς
907 2806 973 2856 τὰ
1008 2809 1262 2877 μητέρων
1296 2812 1591 2879 πράγματα
1618 2814 1743 2877 τοὺς
1764 2818 1958 2880 παῖδας
1983 2822 2353 2889 προκαλῆται.

798 2894 860 2945 Ἠ
897 2898 1079 2966 μήτηρ
1105 2901 1218 2969 ἔχει
1250 2904 1552 2973 πρόκλησιν
1593 2907 1851 2961 ἁπάντων
1881 2910 1988 2962 τῶν
2015 2913 2285 2979 ἁγνάτων,

788 2986 877 3046 Εἰς
910 2989 977 3040 τά
1006 2991 1114 3042 τῶν
1142 2995 1350 3047 τέκνων
1370 2999 1695 3067 πράγματα,
1727 3002 1894 3072 χωρὶς
1920 3004 2026 3056 τῶν
2067 3008 2355 3074 ὁμογνίων,

785 3078 940 3130 Μετὰ
967 3082 1073 3151 γάρ
1104 3085 1305 3139 τούτων
1333 3088 1550 3158 ἔρχεται
1573 3092 1654 3152 είς
1675 3091 1769 3161 τὴν
1803 3093 2192 3164 κληρονομίαν.

800 3166 942 3219 Ἀλλ’
965 3175 1012 3224 εί
1048 3176 1146 3243 μὲν
1181 3179 1407 3247 ἀδελφαί
1439 3183 1542 3233 εἰσι
1579 3184 1639 3235 τὸ
1668 3184 1840 3253 ⁴ἥμισυ
1871 3184 2156 3254 lay.“sz

791 3466 964 3523 usque
996 3453 1063 3507 ad
1111 3456 1453 3525 pubertatem
1484 3482 1496 3515 :
1527 3465 1726 3521 exinde
1764 3478 2044 3524 curatores
2080 3473 2130 3526 in
2179 3471 2360 3529 adole-

788 3558 1030 3602 scentem
1093 3561 1415 3619 potestatem
1465 3570 1745 3614 exercent.
1786 3563 2028 3632 Agnatos
2081 3584 2211 3619 voca
2262 3568 2353 3622 de-

788 3641 1112 3695 scendentes
1142 3658 1206 3697 ex
1231 3648 1495 3711 maribus,
1531 3662 1792 3719 cognatos
1838 3670 1901 3708 ex
1936 3656 2171 3712 feminis.
2207 3661 2358 3715 Ado-

786 3732 998 3786 lescens
1031 3733 1259 3795 dicitur,
1291 3742 1699 3807 quatuordecim
1729 3760 1904 3802 annos
1942 3757 2138 3803 natus:
2169 3753 2364 3806 mulier

787 3840 915 3878 vero
934 3837 1013 3881 est
1034 3830 1204 3896 puber
1218 3847 1362 3886 anno
1392 3835 1735 3891 duodecimo.
1793 3839 2140 3896 Adolescenti
2165 3846 2255 3912 qui
2282 3856 2364 3899 tu-

788 3926 962 3970 torem
998 3920 1180 3984 habet,
1213 3934 1438 3978 curator
1459 3928 1637 3982 datur.
1665 3928 1911 3999 Pupillus
1934 3941 2165 3988 tutorem
2194 3952 2356 3990 acm-

790 4024 913 4062 sare
949 4027 1056 4064 non
1088 4022 1283 4080 potest.
1309 4018 1646 4075 Adolescens
1672 4035 2121 4081 verocuratorem
2161 4039 2356 4096 potest,

788 4102 1034 4167 cognatis
1078 4103 1418 4170 juvantibus.
1454 4109 1586 4176 Qua:
1622 4123 1747 4168 ante
1777 4116 1981 4170 nullius
2007 4128 2157 4182 sunt,
2182 4122 2360 4188 primo

787 4197 1105 4261 m'CItpunlis
1143 4196 1296 4254 ﬁunt.
1342 4199 1523 4259 Littus
1573 4204 1738 4259 ﬂuctu
1801 4208 2029 4265 hiberno
2082 4212 2359 4266 delinitur.

791 4283 1050 4352 StilljtPClO
1097 4292 1217 4345 solo
1263 4294 1409 4347 cedit
1441 4298 1782 4365 superﬁcies.
1811 4300 1915 4357 Iter
1944 4312 2027 4357 est
2068 4305 2153 4359 via
2182 4320 2357 4371 augu-

790 4385 872 4427 sta
906 4394 919 4428 :
951 4379 1120 4437 Actus
1177 4384 1408 4452 amplior
1452 4389 1560 4440 vin.
1608 4390 1707 4453 Qui
1768 4405 1880 4445 rem
1918 4392 2141 4449 alterius
2178 4395 2358 4449 sciens

788 4471 1016 4533 alienat,
1069 4473 1338 4529 velaliter
1364 4478 1555 4547 tradit,
1597 4482 1753 4548 quasi
1792 4482 1993 4537 furtum
2040 4488 2356 4541 committit.

791 4561 1069 4617 Posterius
1128 4576 1507 4625 testamentum
1563 4574 1716 4641 prius
1766 4578 2015 4645 rumpit:
2078 4582 2355 4648 querelam

787 4654 854 4707 de
897 4655 1197 4713 inoﬂicioso
1229 4663 1329 4717 soli
1383 4664 1473 4719 ﬁlii
1503 4676 1743 4722 movent.
1800 4670 1970 4725 Nemo
2002 4688 2169 4740 puero
2223 4677 2357 4729 sul)-

790 4747 927 4800 stitit
960 4751 1323 4820 pupillariter,
1368 4758 1471 4812 nisi
1526 4761 1678 4827 prius
1719 4760 1910 4818 fecerit
1945 4775 2354 4822 testamentum.

789 4837 974 4892 Actori
1037 4843 1374 4909 probationis
1449 4863 1588 4904 onus
1641 4852 1924 4909 incumbit.
1988 4853 2093 4911 Res
2146 4858 2359 4914 dotales

791 4933 1025 4989 mobiles
1058 4936 1202 4992 illico
1239 4950 1547 5011 petuntur;
1589 4945 1952 5002 immobilium
2013 4965 2145 5004 vero
2195 4967 2356 5021 repe-

790 5026 967 5079 titioni
1011 5028 1220 5099 integer
1273 5047 1449 5088 annus
1497 5036 1664 5091 cedit.
1714 5036 2047 5093 Testameuti
2091 5042 2238 5097 basis
2268 5054 2357 5099 est

794 5116 1026 5173 limrcdis
1071 5121 1365 5179 institutio.
1412 5124 1611 5198 Legata
1670 5129 1986 5185 adimuntur
2018 5139 2072 5185 et
2126 5135 2357 5189 transle-

793 5219 990 5262 ruutur
1055 5220 1383 5268 testamento
1421 5225 1473 5271 et
1526 5219 1815 5273 codicillis.
1855 5218 1963 5275 Lex
2006 5218 2245 5277 Falcidia
2291 5240 2357 5279 ex

791 5303 1048 5358 omnibus
1091 5306 1279 5374 legatis
1344 5323 1443 5377 pro
1491 5318 1605 5363 rata
1675 5322 1857 5366 servat
1903 5316 2116 5368 tertiam
2153 5324 2359 5384 partem

794 5392 1017 5450 limredi.
1065 5395 1344 5465 Augustus
1390 5400 1481 5467 jus
1540 5400 1919 5457 codicillorum
1962 5404 2366 5475 instituit,qui-

793 5485 897 5539 bus
928 5503 1027 5541 nec
1062 5488 1235 5543 haeres
1292 5490 1505 5547 institui
1554 5502 1753 5563 potest,
1792 5511 1891 5550 nec
1928 5496 1982 5550 in
2026 5506 2356 5553 testamento

791 5579 1031 5649 scriptus
1093 5583 1280 5638 deleri.
1340 5583 1889 5644 Senatusconsultum
1954 5590 2356 5646 Tertullianum

859 5791 933 5860 (εὶ)
976 5794 1032 5847 Ἐ
1042 5794 1096 5847 π’
1127 5794 1214 5865 ἴση
1224 5812 1267 5857 ς.

2044 412 2471 473 MICHAELIS
2512 414 2777 475 PSEIJJ

2385 3265 2426 3323 C

3934 417 4041 487 936

2397 557 2438 611 Α
2472 526 2534 578 El
2555 524 2599 578 δ’
2614 526 2844 593 ἀδελφαὶ
2876 528 2969 580 καὶ
2993 528 3234 597 ἀδελφοὶ,
3272 530 3361 582 ίσα
3396 533 3847 602 κληρονομοῦσιν.

2485 618 2762 687 ’Υπούσης
2790 620 3123 692 διακατοχῆς
3159 626 3289 684 παῖς
3324 626 3419 676 καὶ
3443 627 3633 692 γονεὺς
3652 626 3936 691 ὡσαύτως,

2485 708 2762 760 Ἐνιαυτὸν
2792 708 3088 779 ὁλόκληρον
3119 711 3303 781 έχουσι
3330 710 3651 781 βοηθοῦντα.

2483 802 2725 871 Ἡμέρας
2747 803 2911 870 μόνας
2945 802 3138 855 ἑκατὸν
3157 804 3266 855 τῶν
3298 805 3578 872 συγγενῶν
3607 807 3859 876 ἑχόντων.

2472 894 2637 965 Ποινὴ
2666 895 2870 962 ὀφείλει
2901 895 3145 948 τίθεσθαι
3176 896 3257 958 είς
3282 896 3382 960 τὰς
3400 898 3789 967 ἐπερωτήσεις.

2482 986 2546 1039 Ἦ
2578 990 2891 1059 περπέτουα
2919 989 3202 1059 μίσθωσις,
3239 990 3575 1059 ἐμφύτευσις
3604 993 3888 1061 τυγχάνει,

2468 1079 2541 1132 Τὸ
2575 1080 3099 1149 διαπλασιαζόμενον
3138 1081 3201 1134 ἔκ
3232 1100 3377 1144 τινος
3402 1084 3727 1153 ἠρνηκότος,

2468 1171 2827 1242 Καταϐληθὲν
2859 1173 3119 1229 ίνδέὖιτον
3145 1175 3441 1243 ἀπαίτησιν
3469 1177 3569 1227 οὐκ
3604 1180 3738 1245 ἔχει.

2467 1265 2659 1333 Κλοπή
2694 1266 2807 1316 ἐστι
2831 1264 3151 1335 ψηλάφησις
3180 1268 3523 1337 πραγμάτων
3561 1268 3701 1321 κατά
3725 1271 3895 1335 δόλον,

2467 1359 2653 1427 Χωρὶς
2705 1359 2880 1426 κακῆς
2926 1355 3237 1429 προθέσεως
3282 1362 3486 1432 κλοπὴν
3536 1363 3632 1432 οὐχ
3682 1364 4041 1435 ἁμαρτάνεις.

2465 1447 2623 1499 Κατά
2646 1448 2737 1500 τοῦ
2760 1449 3017 1511 κλέπτου,
3044 1449 3355 1519 φούρτιόον,
3378 1453 3481 1505 κᾶν
3505 1452 3577 1523 μὴ
3598 1454 4038 1523 νέμηταιδώσας.

2464 1536 2553 1605 Τῷ
2577 1540 2861 1592 ἐκπεσόντι
2886 1542 3209 1609 πράγματος
3248 1544 3586 1598 πουϐλίκανα
3620 1546 3873 1614 ἁρμόζει.

2464 1624 2740 1700 Παυλιανὴ
2764 1631 2818 1683 δὲ
2845 1633 3050 1686 δίδοται
3077 1634 3155 1702 τῷ
3188 1638 3725 1706 περιγεγραμμένῳ,

2466 1719 2558 1781 Ei;
2591 1723 2794 1789 πρᾶσιν
2820 1724 2897 1783 είς
2924 1725 3207 1791 ὲκποίησιν
3242 1725 3350 1777 τῶν
3383 1725 3576 1777 ἑαυτοῦ
3626 1729 3989 1797 πραγμάτων.

2464 1813 2574 1881 Τὴν
2604 1814 2840 1882 φούρτην
2862 1814 3188 1879 διπλασίαζε
3214 1819 3309 1870 σὺν
3341 1817 3417 1885 τῷ
3460 1818 3764 1886 Ἀκουιλίῳ.

2390 1929 2429 1981 Β
2464 1896 2643 1975 Νόμος
2686 1909 2714 1960 ὁ
2736 1908 3128 1970 δωδεκάδελτος
3154 1909 3255 1977 τὴν
3288 1911 3540 1973 νοξαλίαν
3568 1909 3827 1981 φοῦρτην,

2463 2000 2573 2050 Καὶ
2598 2000 2688 2051 τὸν
2716 2001 2956 2066 νοξάλιον
2992 2004 3154 2055 αυτὸν
3200 2001 3498 2054 Ἀκουίλιον
3530 2005 3753 2069 γράφει.

2465 2085 2811 2161 Παραγραφή
2851 2096 2964 2145 ἐστι
3000 2094 3177 2163 σαφὴς
3206 2096 3238 2163 ἡ
3273 2094 3640 2160 δικαιολογία,

2462 2184 2567 2234 Τοῦ
2598 2185 2719 2251 ρέου
2755 2184 2889 2253 πρὸς
2919 2188 3011 2236 τὸν
3041 2186 3248 2254 ἄκτορα
3277 2188 3395 2238 κατ’
3427 2187 3650 2254 ἀγωγῆς
3680 2185 3928 2255 βεϐαίας.

2463 2271 2553 2339 Τῷ
2577 2272 2726 2342 νόμῳ
2756 2275 2853 2342 μὲν
2881 2293 2995 2337 πως
3028 2275 3278 2343 ἰσχυρᾶς,
3306 2280 3373 2345 τῇ
3424 2276 3583 2343 φύσει
3620 2277 3666 2327 δ’
3717 2275 4034 2337 ἀδικούσας.

2462 2363 2629 2433 Δίκην
2660 2366 2703 2415 δ’
2740 2366 2912 2427 οὐδεὶς
2944 2366 3258 2437 συνίστησιν
3291 2367 3582 2433 ἀγνώστων
3612 2368 3929 2421 αὑτοδίκων.

2474 2455 2699 2525 Ἐπίσης
2733 2456 2807 2524 (‘2)
2842 2457 3179 2521 δικαιώσεως
3214 2462 3240 2511 ὁ
3277 2459 3577 2527 νεμόμενος
3608 2460 3893 2530 κρείττων.

2479 2546 2534 2597 ὐ
2566 2546 2793 2616 φθείρας
2817 2547 2906 2617 βία
2935 2549 3032 2619 τὴν
3065 2551 3294 2619 σεμνὴν,
3336 2550 3570 2618 εὔπορος
3596 2552 3693 2617 μὲν
3722 2552 4033 2618 τυγχάνων.

2475 2638 2731 2699 Ἠμίσεος
2765 2640 3057 2707 ἀφαίρεσιν
3089 2642 3200 2708 ἔχει
3228 2642 3338 2694 τῶν
3373 2643 3752 2711 κεκτημένων,

2475 2729 2531 2782 Ὀ
2550 2731 2593 2781 δ’
2622 2730 2847 2795 ἄπορος,
2880 2731 3159 2801 ἐξόριστος
3183 2735 3395 2800 γίνεται
3426 2728 3766 2803 παραυτίκα.

2460 2821 2549 2890 Τῷ
2575 2824 2855 2892 Κορνελίῳ
2889 2825 3067 2893 ἔνοχος
3095 2827 3202 2887 πᾶς
3234 2828 3425 2893 φονεὺς
3453 2829 3730 2895 τυγχάνει,

2461 2915 2552 2982 Τῷ
2597 2916 2976 2977 Ῥεπετοῦνδις
3002 2917 3183 2986 ἔνοχος
3211 2920 3474 2987 δικαστὴς
3509 2918 3829 2986 δωροδόκος.

2463 3003 2551 3071 Τῴ
2570 3005 2625 3057 δὲ
2659 3005 2914 3072 δελφάσις
2948 3007 3022 3073 (5)
3050 3007 3227 3076 ἔνοχος
3256 3008 3312 3071 ὃς
3339 3008 3492 3075 ἁλοίη
3533 3008 3867 3060 πλαστειέων.

2463 3097 2535 3147 Τὸ
2557 3099 2770 3167 χρόνιον
2799 3097 2853 3148 δὲ
2880 3097 3111 3164 σύνηθες
3142 3101 3308 3167 νόμου
3334 3099 3598 3166 λαμϐάνει
3624 3099 3807 3154 τόπον.

2466 3192 2528 3241 ΟΞ
2555 3193 2765 3257 γενικοὶ
2786 3192 2893 3245 τῶν
2920 3194 3136 3245 εἰδικων
3168 3193 3590 3261 ἐγκριτέστεροι
3614 3191 3816 3258 νόμων,

3652 3282 3779 3336 \‘ers
3803 3282 3924 3336 55:2.

2466 3486 2751 3541 commode
2790 3497 2951 3539 vocat
3001 3498 3204 3542 n‘atres
3234 3487 3302 3541 ad
3352 3489 3489 3541 bona
3539 3488 3808 3543 ﬁliorum:
3844 3506 4035 3547 rursus

2464 3596 2491 3627 θ
2521 3590 2711 3632 contra
2762 3578 3147 3649 Orphitianum
3203 3582 3347 3634 ﬁlios
3379 3583 3442 3633 ad
3465 3580 3603 3635 bona
3631 3592 3886 3636 matrum.
3921 3584 4035 3638 Ila-

2466 3679 2544 3720 tt-r
2600 3671 2652 3722 in
2688 3672 3039 3725 successione
3089 3672 3355 3724 bonorum
3390 3672 3482 3725 ﬁlii
3528 3673 3785 3740 przecedit
3844 3689 4034 3730 omnes

2466 3773 2714 3829 agnatos,
2740 3766 2984 3832 exceptis
3015 3767 3464 3835 consanguineis,
3520 3768 3849 3835 quibuscum
3890 3771 4037 3822 venit

2466 3855 2531 3907 ad
2570 3857 2938 3909 limrcdltatem
2972 3874 2985 3909 :
3024 3859 3118 3911 sed
3167 3860 3210 3910 si
3257 3874 3476 3913 sorores
3533 3857 3789 3913 defuncto
3844 3874 4037 3928 super-

2464 3949 2593 4010 sint,
2632 3945 2917 4000 dimidium
2966 3950 3153 4017 capit;
3194 3950 3237 4003 si
3298 3965 3426 4003 vero
3462 3949 3658 4003 fratres
3703 3960 3757 4003 et
3785 3967 4033 4010 sorores.

2461 4050 2525 4086 ex
2589 4034 2760 4101 etquis
2818 4036 3064 4103 partibus
3119 4037 3439 4090 succedunt.
3489 4037 3568 4091 Ad
3625 4039 4029 4104 agnoscendam

2463 4126 2731 4178 bonorum
2797 4129 3240 4193 possessionem,
3314 4128 3534 4192 liberis,
3599 4138 3650 4182 et
3720 4129 4037 4197 parentibus

2463 4231 2642 4269 annus
2712 4217 2920 4285 integer
2987 4219 3317 4279 auxiliatur,
3397 4221 3521 4272 aliis
3589 4221 3838 4288 cognatis
3903 4237 4035 4275 cen-

2464 4313 2576 4358 tum
2631 4307 2748 4362 dies
2798 4308 2994 4362 solum.
3046 4308 3212 4362 Poena
3247 4309 3800 4377 stipulationiapponi
3844 4310 4034 4366 debet.

2536 4398 2917 4469 Emplnytsusis
2965 4414 3048 4455 est
3078 4412 3332 4469 perpetua
3370 4402 3590 4455 locatio.
3654 4400 3885 4470 Duplum
3947 4419 4037 4458 so-

2467 4492 2640 4545 lutum
2693 4492 2761 4545 ab
2816 4509 2880 4547 eo
2928 4493 3018 4561 qui
3069 4493 3347 4545 inliciatus
3410 4502 3515 4553 est,
3569 4494 3796 4546 indebiti
3846 4495 4037 4547 condi-

2460 4586 2641 4639 ctioue
2690 4602 2793 4636 nun
2839 4585 3117 4652 repetitur.
3183 4583 3409 4637 Furtum
3471 4595 3556 4639 est
3608 4585 3798 4638 dolosa
3848 4601 4031 4639 rerum

2466 4678 2823 4728 toutrectatio
2860 4691 2872 4723 :
2910 4678 3031 4731 sine
3071 4676 3207 4729 mala
3278 4675 3591 4730 admotione
3650 4674 3857 4729 furtum
3921 4693 4030 4730 non

2471 4764 2626 4819 lacis.
2686 4766 3004 4820 Puliliciann
3072 4768 3334 4834 competit
3402 4767 3449 4819 ei
3510 4766 3601 4834 qui
3657 4782 3771 4820 rem
3828 4768 4031 4825 amisit.

2469 4871 2592 4910 cum
2642 4874 2747 4910 non
2784 4859 3081 4925 possideat,
3104 4872 3215 4911 rem
3263 4856 3519 4909 furtivam
3545 4856 3812 4910 adversus
3837 4856 4028 4912 furem.

2469 4945 2736 5000 Pauliana
2797 4948 2958 5001 datur
3012 4946 3439 5015 circumscripto
3482 4948 3533 5000 in
3587 4946 3921 5009 venditione,
3981 4962 4036 5002 et

2469 5038 2795 5093 alienatione
2826 5054 3007 5094 rerum
3037 5052 3283 5092 suarum.
3317 5036 3490 5101 Furti,
3529 5048 3584 5093 et
3608 5054 3674 5092 ex
3709 5038 3831 5108 lege
3863 5041 4032 5107 Aqui-

2468 5129 2537 5182 lia
2574 5130 2625 5182 in
2656 5130 2880 5198 duplum
2918 5129 3153 5198 agimus.
3212 5128 3316 5182 Lex
3367 5128 3665 5183 Duodecim
3725 5130 4033 5182 tabularum

2467 5221 2594 5274 furti
2635 5234 2686 5276 et
2739 5222 2969 5291 Aquilia:
3013 5222 3281 5285 actiones,
3315 5222 3544 5275 noxales
3592 5221 3803 5276 scribit.
3861 5220 4033 5276 Exce-

2467 5315 2579 5384 ptio
2605 5323 2689 5368 est
2715 5324 2864 5369 certa
2895 5323 2950 5369 et
2981 5315 3272 5368 manifesta
3302 5314 3548 5383 exceptio
3575 5313 3648 5366 rei
3681 5312 3746 5365 ad
3769 5321 4031 5371 actorem,

2465 5418 2657 5461 contra
2713 5408 2988 5462 actionem
3046 5406 3162 5477 lege
3197 5408 3416 5476 quidem
3474 5406 3707 5467 ﬁrmam,
3751 5404 3843 5458 sed
3877 5413 4036 5456 natu-

2468 5498 2567 5553 rali
2604 5501 2729 5567 jure
2769 5499 3054 5568 injustam.
3114 5499 3290 5554 Litem
3336 5514 3496 5553 nemo
3540 5497 3782 5552 instituit
3814 5494 4035 5548 nescius

2469 5587 2553 5640 sui
2591 5587 2749 5656 juris.
2820 5586 2875 5641 In
2902 5588 3027 5657 jure
3063 5588 3256 5659 tequali
3301 5589 3479 5659 potior
3513 5598 3591 5645 est
3628 5586 3719 5657 qui
3770 5582 4031 5653 possidet.

2535 5798 2611 5872 (5)
2646 5798 2711 5851 Δέ
2741 5800 2955 5869 φάλσις.
