  <div class='ocr_page' id='page_1' title='image "/cluster/home/n/w/nwhite01/storage/ocr_20150623/122/nnc1.0046979611/476.png"; bbox 0 0 4430 6448; ppageno 0'>
   <div class='ocr_carea' id='block_1_1' title="bbox 1690 388 3688 457">
    <p class='ocr_par' dir='ltr' id='par_1_1' title="bbox 1690 388 3688 457">
     <span class='ocr_line' id='line_1_1' title="bbox 1690 388 3688 457; baseline -0.003 -1"><span class='ocrx_word' id='word_1_1' title='bbox 1690 395 2054 457; x_wconf 77' lang='lat' dir='ltr'><strong>SYNOI‘SIS</strong></span> <span class='ocrx_word' id='word_1_2' title='bbox 2088 392 2384 454; x_wconf 88' lang='lat' dir='ltr'><strong>LEGUM.</strong></span> <span class='ocrx_word' id='word_1_3' title='bbox 3582 388 3688 457; x_wconf 79' lang='lat'><strong>933</strong></span> 
     </span>
    </p>
   </div>
   <div class='ocr_carea' id='block_1_2' title="bbox 2039 501 3583 575">
    <p class='ocr_par' dir='ltr' id='par_1_2' title="bbox 2039 501 3583 575">
     <span class='ocr_line' id='line_1_2' title="bbox 2039 501 3583 575; baseline 0.002 -19"><span class='ocrx_word' id='word_1_4' title='bbox 2039 519 2082 572; x_wconf 74' lang='grc' dir='ltr'><strong>Α</strong></span> <span class='ocrx_word' id='word_1_5' title='bbox 2119 506 2275 557; x_wconf 82' lang='grc' dir='ltr'><strong>Ἤτοι</strong></span> <span class='ocrx_word' id='word_1_6' title='bbox 2303 505 2363 556; x_wconf 83' lang='grc' dir='ltr'>τὸ</span> <span class='ocrx_word' id='word_1_7' title='bbox 2392 501 2823 575; x_wconf 75' lang='grc' dir='ltr'>ἐγκληματικὸν,</span> <span class='ocrx_word' id='word_1_8' title='bbox 2851 503 2942 556; x_wconf 76' lang='grc' dir='ltr'><strong>τοῦ</strong></span> <span class='ocrx_word' id='word_1_9' title='bbox 2976 504 3103 573; x_wconf 67' lang='grc' dir='ltr'>περὶ</span> <span class='ocrx_word' id='word_1_10' title='bbox 3129 504 3236 557; x_wconf 90' lang='grc' dir='ltr'><strong>τῶν</strong></span> <span class='ocrx_word' id='word_1_11' title='bbox 3265 503 3583 574; x_wconf 82' lang='grc' dir='ltr'>χρημάτων.</span> 
     </span>
    </p>
   </div>
   <div class='ocr_carea' id='block_1_3' title="bbox 2126 596 3481 668">
    <p class='ocr_par' dir='ltr' id='par_1_3' title="bbox 2126 596 3481 668">
     <span class='ocr_line' id='line_1_3' title="bbox 2126 596 3481 668; baseline -0.002 -16"><span class='ocrx_word' id='word_1_12' title='bbox 2126 597 2435 667; x_wconf 84' lang='grc' dir='ltr'>Ἐκδίκησιν</span> <span class='ocrx_word' id='word_1_13' title='bbox 2466 598 2790 667; x_wconf 82' lang='grc' dir='ltr'>ἐγκλήματα</span> <span class='ocrx_word' id='word_1_14' title='bbox 2819 596 3083 667; x_wconf 80' lang='grc' dir='ltr'>λαμϐάνει</span> <span class='ocrx_word' id='word_1_15' title='bbox 3110 597 3209 668; x_wconf 84' lang='grc' dir='ltr'>τὴν</span> <span class='ocrx_word' id='word_1_16' title='bbox 3245 597 3481 651; x_wconf 86' lang='grc' dir='ltr'>δικαίαν.</span> 
     </span>
    </p>
   </div>
   <div class='ocr_carea' id='block_1_4' title="bbox 2124 688 3689 763">
    <p class='ocr_par' dir='ltr' id='par_1_4' title="bbox 2124 688 3689 763">
     <span class='ocr_line' id='line_1_4' title="bbox 2124 688 3689 763; baseline -0.001 -18"><span class='ocrx_word' id='word_1_17' title='bbox 2124 693 2213 745; x_wconf 87' lang='grc' dir='ltr'>Ἐν</span> <span class='ocrx_word' id='word_1_18' title='bbox 2243 691 2431 753; x_wconf 82' lang='grc' dir='ltr'>τόποις</span> <span class='ocrx_word' id='word_1_19' title='bbox 2453 688 2534 754; x_wconf 75' lang='grc' dir='ltr'>οἷς</span> <span class='ocrx_word' id='word_1_20' title='bbox 2558 692 2898 763; x_wconf 77' lang='grc' dir='ltr'>ἡμάρτηται,</span> <span class='ocrx_word' id='word_1_21' title='bbox 2938 690 3068 743; x_wconf 80' lang='grc' dir='ltr'>ἔνθα</span> <span class='ocrx_word' id='word_1_22' title='bbox 3109 691 3377 761; x_wconf 79' lang='grc' dir='ltr'><strong>κρείττων</strong></span> <span class='ocrx_word' id='word_1_23' title='bbox 3403 691 3436 761; x_wconf 85' lang='grc' dir='ltr'>ἡ</span> <span class='ocrx_word' id='word_1_24' title='bbox 3469 689 3689 759; x_wconf 88' lang='grc' dir='ltr'>γνῶσις.</span> 
     </span>
    </p>
   </div>
   <div class='ocr_carea' id='block_1_5' title="bbox 2114 783 3461 855">
    <p class='ocr_par' dir='ltr' id='par_1_5' title="bbox 2114 783 3461 855">
     <span class='ocr_line' id='line_1_5' title="bbox 2114 783 3461 855; baseline -0.001 -16"><span class='ocrx_word' id='word_1_25' title='bbox 2114 786 2288 839; x_wconf 80' lang='grc' dir='ltr'>Ὅπου</span> <span class='ocrx_word' id='word_1_26' title='bbox 2320 783 2377 838; x_wconf 84' lang='grc' dir='ltr'>δὲ</span> <span class='ocrx_word' id='word_1_27' title='bbox 2404 785 2436 852; x_wconf 83' lang='grc' dir='ltr'><strong>ἡ</strong></span> <span class='ocrx_word' id='word_1_28' title='bbox 2474 784 2865 853; x_wconf 84' lang='grc' dir='ltr'>προκάταρξις,</span> <span class='ocrx_word' id='word_1_29' title='bbox 2900 785 3018 837; x_wconf 79' lang='grc' dir='ltr'>ἐκεῖ</span> <span class='ocrx_word' id='word_1_30' title='bbox 3044 784 3139 835; x_wconf 81' lang='grc' dir='ltr'><strong>καὶ</strong></span> <span class='ocrx_word' id='word_1_31' title='bbox 3171 784 3461 855; x_wconf 75' lang='grc' dir='ltr'><strong>καταδίκη.</strong></span> 
     </span>
    </p>
   </div>
   <div class='ocr_carea' id='block_1_6' title="bbox 2195 875 3696 946">
    <p class='ocr_par' dir='ltr' id='par_1_6' title="bbox 2195 875 3696 946">
     <span class='ocr_line' id='line_1_6' title="bbox 2195 875 3696 946; baseline -0.002 -16"><span class='ocrx_word' id='word_1_32' title='bbox 2195 875 2479 930; x_wconf 82' lang='grc' dir='ltr'><strong>Ἐντεῦθεν</strong></span> <span class='ocrx_word' id='word_1_33' title='bbox 2509 876 2604 928; x_wconf 75' lang='grc' dir='ltr'><strong>καὶ</strong></span> <span class='ocrx_word' id='word_1_34' title='bbox 2637 876 2865 938; x_wconf 79' lang='grc' dir='ltr'><strong>κανόνας</strong></span> <span class='ocrx_word' id='word_1_35' title='bbox 2898 894 2978 929; x_wconf 93' lang='grc' dir='ltr'><strong>σοι</strong></span> <span class='ocrx_word' id='word_1_36' title='bbox 3013 875 3121 930; x_wconf 91' lang='grc' dir='ltr'><strong>τῶν</strong></span> <span class='ocrx_word' id='word_1_37' title='bbox 3162 876 3392 945; x_wconf 89' lang='grc' dir='ltr'>Νεαρῶν</span> <span class='ocrx_word' id='word_1_38' title='bbox 3434 877 3696 946; x_wconf 75' lang='grc' dir='ltr'><strong>εἰσφέρω,</strong></span> 
     </span>
    </p>
   </div>
   <div class='ocr_carea' id='block_1_7' title="bbox 2116 966 3702 1038">
    <p class='ocr_par' dir='ltr' id='par_1_7' title="bbox 2116 966 3702 1038">
     <span class='ocr_line' id='line_1_7' title="bbox 2116 966 3702 1038; baseline -0.001 -17"><span class='ocrx_word' id='word_1_39' title='bbox 2116 969 2427 1038; x_wconf 81' lang='grc' dir='ltr'>Δηλούντων</span> <span class='ocrx_word' id='word_1_40' title='bbox 2459 968 2526 1022; x_wconf 75' lang='grc' dir='ltr'>τὰ</span> <span class='ocrx_word' id='word_1_41' title='bbox 2564 966 2880 1038; x_wconf 79' lang='grc' dir='ltr'>βουλήματα</span> <span class='ocrx_word' id='word_1_42' title='bbox 2913 969 3131 1023; x_wconf 89' lang='grc' dir='ltr'>πάντων</span> <span class='ocrx_word' id='word_1_43' title='bbox 3158 966 3267 1021; x_wconf 86' lang='grc' dir='ltr'><strong>τῶν</strong></span> <span class='ocrx_word' id='word_1_44' title='bbox 3297 968 3702 1037; x_wconf 75' lang='grc' dir='ltr'>τελευτώντων,</span> 
     </span>
    </p>
   </div>
   <div class='ocr_carea' id='block_1_8' title="bbox 2118 1059 3555 1131">
    <p class='ocr_par' dir='ltr' id='par_1_8' title="bbox 2118 1059 3555 1131">
     <span class='ocr_line' id='line_1_8' title="bbox 2118 1059 3555 1131; baseline 0.002 -20"><span class='ocrx_word' id='word_1_45' title='bbox 2118 1061 2257 1112; x_wconf 79' lang='grc' dir='ltr'>Ὅσα</span> <span class='ocrx_word' id='word_1_46' title='bbox 2284 1061 2358 1131; x_wconf 80' lang='grc' dir='ltr'><strong>μὴ</strong></span> <span class='ocrx_word' id='word_1_47' title='bbox 2387 1059 2745 1129; x_wconf 81' lang='grc' dir='ltr'>διαμάχονται</span> <span class='ocrx_word' id='word_1_48' title='bbox 2774 1061 2885 1122; x_wconf 80' lang='grc' dir='ltr'>τοῖς</span> <span class='ocrx_word' id='word_1_49' title='bbox 2911 1060 3093 1126; x_wconf 87' lang='grc' dir='ltr'>νόμοις</span> <span class='ocrx_word' id='word_1_50' title='bbox 3123 1062 3233 1123; x_wconf 78' lang='grc' dir='ltr'>τοῖς</span> <span class='ocrx_word' id='word_1_51' title='bbox 3258 1060 3555 1129; x_wconf 80' lang='grc' dir='ltr'><strong>κειμένοις.</strong></span> 
     </span>
    </p>
   </div>
   <div class='ocr_carea' id='block_1_9' title="bbox 2119 1150 3700 1222">
    <p class='ocr_par' dir='ltr' id='par_1_9' title="bbox 2119 1150 3700 1222">
     <span class='ocr_line' id='line_1_9' title="bbox 2119 1150 3700 1222; baseline -0.003 -16"><span class='ocrx_word' id='word_1_52' title='bbox 2119 1152 2327 1219; x_wconf 81' lang='grc' dir='ltr'>Προῖκα</span> <span class='ocrx_word' id='word_1_53' title='bbox 2378 1152 2478 1221; x_wconf 76' lang='grc' dir='ltr'>μὲν</span> <span class='ocrx_word' id='word_1_54' title='bbox 2534 1152 2712 1222; x_wconf 83' lang='grc' dir='ltr'>γάμος</span> <span class='ocrx_word' id='word_1_55' title='bbox 2775 1152 3025 1221; x_wconf 81' lang='grc' dir='ltr'>ἐνεργεῖ,</span> <span class='ocrx_word' id='word_1_56' title='bbox 3088 1153 3265 1222; x_wconf 85' lang='grc' dir='ltr'>γάμον</span> <span class='ocrx_word' id='word_1_57' title='bbox 3317 1152 3362 1205; x_wconf 75' lang='grc' dir='ltr'>δ’</span> <span class='ocrx_word' id='word_1_58' title='bbox 3406 1151 3468 1205; x_wconf 83' lang='grc' dir='ltr'><strong>οὐ</strong></span> <span class='ocrx_word' id='word_1_59' title='bbox 3528 1150 3700 1222; x_wconf 85' lang='grc' dir='ltr'>δρῶσι</span> 
     </span>
    </p>
   </div>
   <div class='ocr_carea' id='block_1_10' title="bbox 425 402 528 466">
    <p class='ocr_par' dir='ltr' id='par_1_10' title="bbox 425 402 528 466">
     <span class='ocr_line' id='line_1_10' title="bbox 425 402 528 466; baseline 0 0"><span class='ocrx_word' id='word_1_60' title='bbox 425 402 528 466; x_wconf 83' lang='lat'><strong>937</strong></span> 
     </span>
    </p>
   </div>
   <div class='ocr_carea' id='block_1_11' title="bbox 429 506 1877 582">
    <p class='ocr_par' dir='ltr' id='par_1_11' title="bbox 429 506 1877 582">
     <span class='ocr_line' id='line_1_11' title="bbox 429 506 1877 582; baseline -0.003 -15"><span class='ocrx_word' id='word_1_61' title='bbox 429 516 645 568; x_wconf 86' lang='grc' dir='ltr'>Ἦττων</span> <span class='ocrx_word' id='word_1_62' title='bbox 671 513 786 566; x_wconf 66' lang='grc' dir='ltr'>ἐστὶ</span> <span class='ocrx_word' id='word_1_63' title='bbox 816 511 924 563; x_wconf 87' lang='grc' dir='ltr'><strong>τῶν</strong></span> <span class='ocrx_word' id='word_1_64' title='bbox 970 510 1201 581; x_wconf 80' lang='grc' dir='ltr'>θηλειῶν</span> <span class='ocrx_word' id='word_1_65' title='bbox 1233 510 1444 582; x_wconf 79' lang='grc' dir='ltr'>αἵρεσις</span> <span class='ocrx_word' id='word_1_66' title='bbox 1468 508 1578 561; x_wconf 88' lang='grc' dir='ltr'><strong>τῶν</strong></span> <span class='ocrx_word' id='word_1_67' title='bbox 1608 506 1877 578; x_wconf 72' lang='grc' dir='ltr'>ἀρρένων.</span> 
     </span>
    </p>
   </div>
   <div class='ocr_carea' id='block_1_12' title="bbox 431 601 1931 675">
    <p class='ocr_par' dir='ltr' id='par_1_12' title="bbox 431 601 1931 675">
     <span class='ocr_line' id='line_1_12' title="bbox 431 601 1931 675; baseline -0.006 -16"><span class='ocrx_word' id='word_1_68' title='bbox 431 608 493 660; x_wconf 76' lang='lat' dir='ltr'><strong>Oi</strong></span> <span class='ocrx_word' id='word_1_69' title='bbox 530 606 629 675; x_wconf 81' lang='grc' dir='ltr'><strong>μὲν</strong></span> <span class='ocrx_word' id='word_1_70' title='bbox 652 604 936 674; x_wconf 84' lang='grc' dir='ltr'>τεχθέντες</span> <span class='ocrx_word' id='word_1_71' title='bbox 961 604 1183 673; x_wconf 86' lang='grc' dir='ltr'>νόμιμοι</span> <span class='ocrx_word' id='word_1_72' title='bbox 1216 604 1438 656; x_wconf 74' lang='grc' dir='ltr'>ἕπονται</span> <span class='ocrx_word' id='word_1_73' title='bbox 1478 603 1591 664; x_wconf 86' lang='grc' dir='ltr'>τοῖς</span> <span class='ocrx_word' id='word_1_74' title='bbox 1632 601 1931 670; x_wconf 76' lang='grc' dir='ltr'>πατράσιν.</span> 
     </span>
    </p>
   </div>
   <div class='ocr_carea' id='block_1_13' title="bbox 432 689 2006 764">
    <p class='ocr_par' dir='ltr' id='par_1_13' title="bbox 432 689 2006 764">
     <span class='ocr_line' id='line_1_13' title="bbox 432 689 2006 764; baseline -0.005 -17"><span class='ocrx_word' id='word_1_75' title='bbox 432 698 495 747; x_wconf 80' lang='lat' dir='ltr'><strong>Ol</strong></span> <span class='ocrx_word' id='word_1_76' title='bbox 518 695 717 764; x_wconf 75' lang='grc' dir='ltr'>φύντες</span> <span class='ocrx_word' id='word_1_77' title='bbox 752 694 795 746; x_wconf 81' lang='grc' dir='ltr'>δ’</span> <span class='ocrx_word' id='word_1_78' title='bbox 828 696 893 746; x_wconf 88' lang='grc' dir='ltr'><strong>ἐκ</strong></span> <span class='ocrx_word' id='word_1_79' title='bbox 912 693 1312 763; x_wconf 86' lang='grc' dir='ltr'>πορνεύματος,</span> <span class='ocrx_word' id='word_1_80' title='bbox 1348 692 1577 745; x_wconf 74' lang='grc' dir='ltr'>ἕπονται</span> <span class='ocrx_word' id='word_1_81' title='bbox 1611 692 1729 751; x_wconf 87' lang='grc' dir='ltr'>ταῖς</span> <span class='ocrx_word' id='word_1_82' title='bbox 1760 689 2006 759; x_wconf 78' lang='grc' dir='ltr'>μητράσι</span> 
     </span>
    </p>
   </div>
   <div class='ocr_carea' id='block_1_14' title="bbox 433 782 1796 855">
    <p class='ocr_par' dir='ltr' id='par_1_14' title="bbox 433 782 1796 855">
     <span class='ocr_line' id='line_1_14' title="bbox 433 782 1796 855; baseline -0.004 -15"><span class='ocrx_word' id='word_1_83' title='bbox 433 787 508 840; x_wconf 81' lang='grc' dir='ltr'>Τὸ</span> <span class='ocrx_word' id='word_1_84' title='bbox 535 786 697 855; x_wconf 73' lang='grc' dir='ltr'>φύσει</span> <span class='ocrx_word' id='word_1_85' title='bbox 724 785 1169 855; x_wconf 89' lang='grc' dir='ltr'>χρεωστούμενον</span> <span class='ocrx_word' id='word_1_86' title='bbox 1199 783 1536 851; x_wconf 83' lang='grc' dir='ltr'>καταϐληθὲν</span> <span class='ocrx_word' id='word_1_87' title='bbox 1558 783 1656 835; x_wconf 78' lang='grc' dir='ltr'><strong>οῦκ</strong></span> <span class='ocrx_word' id='word_1_88' title='bbox 1685 782 1796 852; x_wconf 84' lang='grc' dir='ltr'>ἔχει</span> 
     </span>
    </p>
   </div>
   <div class='ocr_carea' id='block_1_15' title="bbox 436 874 1599 947">
    <p class='ocr_par' dir='ltr' id='par_1_15' title="bbox 436 874 1599 947">
     <span class='ocr_line' id='line_1_15' title="bbox 436 874 1599 947; baseline -0.003 -16"><span class='ocrx_word' id='word_1_89' title='bbox 436 877 600 940; x_wconf 77' lang='grc' dir='ltr'>Αὖθις</span> <span class='ocrx_word' id='word_1_90' title='bbox 632 877 996 947; x_wconf 78' lang='grc' dir='ltr'>ρεπετιτίονα,</span> <span class='ocrx_word' id='word_1_91' title='bbox 1030 875 1108 939; x_wconf 87' lang='grc' dir='ltr'><strong>ώς</strong></span> <span class='ocrx_word' id='word_1_92' title='bbox 1146 876 1290 942; x_wconf 73' lang='grc' dir='ltr'>ἔδοξε</span> <span class='ocrx_word' id='word_1_93' title='bbox 1328 875 1403 943; x_wconf 83' lang='grc' dir='ltr'>τῷ</span> <span class='ocrx_word' id='word_1_94' title='bbox 1433 874 1599 943; x_wconf 86' lang='grc' dir='ltr'>νόμῳ.</span> 
     </span>
    </p>
   </div>
   <div class='ocr_carea' id='block_1_16' title="bbox 438 965 1651 1039">
    <p class='ocr_par' dir='ltr' id='par_1_16' title="bbox 438 965 1651 1039">
     <span class='ocr_line' id='line_1_16' title="bbox 438 965 1651 1039; baseline -0.004 -15"><span class='ocrx_word' id='word_1_95' title='bbox 438 972 624 1024; x_wconf 84' lang='grc' dir='ltr'>Πάντα</span> <span class='ocrx_word' id='word_1_96' title='bbox 644 970 715 1024; x_wconf 79' lang='grc' dir='ltr'>τὰ</span> <span class='ocrx_word' id='word_1_97' title='bbox 745 968 996 1023; x_wconf 73' lang='grc' dir='ltr'>ἰδιωτικὰ</span> <span class='ocrx_word' id='word_1_98' title='bbox 1020 968 1280 1039; x_wconf 85' lang='grc' dir='ltr'>δημόσιον</span> <span class='ocrx_word' id='word_1_99' title='bbox 1309 968 1368 1021; x_wconf 87' lang='grc' dir='ltr'><strong>ού</strong></span> <span class='ocrx_word' id='word_1_100' title='bbox 1402 965 1651 1037; x_wconf 84' lang='grc' dir='ltr'>βλάπτει.</span> 
     </span>
    </p>
   </div>
   <div class='ocr_carea' id='block_1_17' title="bbox 452 1061 1745 1133">
    <p class='ocr_par' dir='ltr' id='par_1_17' title="bbox 452 1061 1745 1133">
     <span class='ocr_line' id='line_1_17' title="bbox 452 1061 1745 1133; baseline -0.005 -16"><span class='ocrx_word' id='word_1_101' title='bbox 452 1061 869 1117; x_wconf 81' lang='grc' dir='ltr'>Ἀποκαθίστατ’</span> <span class='ocrx_word' id='word_1_102' title='bbox 892 1062 1134 1133; x_wconf 82' lang='grc' dir='ltr'>ἀϐλαϐὴς</span> <span class='ocrx_word' id='word_1_103' title='bbox 1166 1064 1195 1115; x_wconf 99' lang='lat'><strong>6</strong></span> <span class='ocrx_word' id='word_1_104' title='bbox 1220 1061 1336 1124; x_wconf 83' lang='grc' dir='ltr'>νέος</span> <span class='ocrx_word' id='word_1_105' title='bbox 1367 1062 1507 1114; x_wconf 85' lang='grc' dir='ltr'>κατὰ</span> <span class='ocrx_word' id='word_1_106' title='bbox 1530 1062 1745 1129; x_wconf 85' lang='grc' dir='ltr'>νόμους.</span> 
     </span>
    </p>
   </div>
   <div class='ocr_carea' id='block_1_18' title="bbox 442 1153 1711 1225">
    <p class='ocr_par' dir='ltr' id='par_1_18' title="bbox 442 1153 1711 1225">
     <span class='ocr_line' id='line_1_18' title="bbox 442 1153 1711 1225; baseline -0.003 -16"><span class='ocrx_word' id='word_1_107' title='bbox 442 1158 620 1225; x_wconf 87' lang='grc' dir='ltr'>Ὅπερ</span> <span class='ocrx_word' id='word_1_108' title='bbox 649 1157 766 1207; x_wconf 80' lang='grc' dir='ltr'>ἐστὶ</span> <span class='ocrx_word' id='word_1_109' title='bbox 796 1157 910 1219; x_wconf 89' lang='grc' dir='ltr'>τοῖς</span> <span class='ocrx_word' id='word_1_110' title='bbox 932 1155 1122 1223; x_wconf 81' lang='grc' dir='ltr'>ἥττοσι</span> <span class='ocrx_word' id='word_1_111' title='bbox 1154 1154 1215 1206; x_wconf 82' lang='grc' dir='ltr'><strong>τδ</strong></span> <span class='ocrx_word' id='word_1_112' title='bbox 1253 1153 1711 1215; x_wconf 83' lang='grc' dir='ltr'>ἀποκαθιστάναι,</span> 
     </span>
    </p>
   </div>
   <div class='ocr_carea' id='block_1_19' title="bbox 440 1243 1902 1317">
    <p class='ocr_par' dir='ltr' id='par_1_19' title="bbox 440 1243 1902 1317">
     <span class='ocr_line' id='line_1_19' title="bbox 440 1243 1902 1317; baseline -0.005 -16"><span class='ocrx_word' id='word_1_113' title='bbox 440 1248 610 1301; x_wconf 85' lang='grc' dir='ltr'>Τοῦτο</span> <span class='ocrx_word' id='word_1_114' title='bbox 643 1245 884 1317; x_wconf 76' lang='grc' dir='ltr'>μείζοσιν</span> <span class='ocrx_word' id='word_1_115' title='bbox 914 1246 1175 1315; x_wconf 79' lang='grc' dir='ltr'>ἐγκλητος</span> <span class='ocrx_word' id='word_1_116' title='bbox 1193 1247 1328 1316; x_wconf 86' lang='grc' dir='ltr'>πρὸς</span> <span class='ocrx_word' id='word_1_117' title='bbox 1361 1247 1554 1315; x_wconf 85' lang='grc' dir='ltr'>λόγους</span> <span class='ocrx_word' id='word_1_118' title='bbox 1587 1243 1902 1311; x_wconf 81' lang='grc' dir='ltr'>ἀναλόγους.</span> 
     </span>
    </p>
   </div>
   <div class='ocr_carea' id='block_1_20' title="bbox 439 1333 1875 1409">
    <p class='ocr_par' dir='ltr' id='par_1_20' title="bbox 439 1333 1875 1409">
     <span class='ocr_line' id='line_1_20' title="bbox 439 1333 1875 1409; baseline -0.005 -16"><span class='ocrx_word' id='word_1_119' title='bbox 439 1338 657 1409; x_wconf 80' lang='grc' dir='ltr'>Πατρὸς</span> <span class='ocrx_word' id='word_1_120' title='bbox 684 1339 777 1391; x_wconf 75' lang='grc' dir='ltr'><strong>καὶ</strong></span> <span class='ocrx_word' id='word_1_121' title='bbox 799 1337 1007 1391; x_wconf 79' lang='grc' dir='ltr'>παίδων</span> <span class='ocrx_word' id='word_1_122' title='bbox 1042 1339 1244 1407; x_wconf 79' lang='grc' dir='ltr'>μεταξὺ</span> <span class='ocrx_word' id='word_1_123' title='bbox 1298 1337 1406 1390; x_wconf 89' lang='grc' dir='ltr'><strong>τῶν</strong></span> <span class='ocrx_word' id='word_1_124' title='bbox 1434 1353 1494 1403; x_wconf 91' lang='grc' dir='ltr'><strong>γε</strong></span> <span class='ocrx_word' id='word_1_125' title='bbox 1533 1333 1875 1399; x_wconf 81' lang='grc' dir='ltr'>ὑπεξουσίων</span> 
     </span>
    </p>
   </div>
   <div class='ocr_carea' id='block_1_21' title="bbox 441 1426 1713 1497">
    <p class='ocr_par' dir='ltr' id='par_1_21' title="bbox 441 1426 1713 1497">
     <span class='ocr_line' id='line_1_21' title="bbox 441 1426 1713 1497; baseline -0.006 -12"><span class='ocrx_word' id='word_1_126' title='bbox 441 1433 517 1485; x_wconf 84' lang='grc' dir='ltr'><strong>Οὐ</strong></span> <span class='ocrx_word' id='word_1_127' title='bbox 546 1431 761 1496; x_wconf 70' lang='grc' dir='ltr'>πέφυκε</span> <span class='ocrx_word' id='word_1_128' title='bbox 802 1426 1158 1482; x_wconf 79' lang='grc' dir='ltr'>συνίστασθαι</span> <span class='ocrx_word' id='word_1_129' title='bbox 1185 1428 1342 1497; x_wconf 82' lang='grc' dir='ltr'>δίκης</span> <span class='ocrx_word' id='word_1_130' title='bbox 1376 1426 1713 1495; x_wconf 85' lang='grc' dir='ltr'>ἀμφιϐολίας</span> 
     </span>
    </p>
   </div>
   <div class='ocr_carea' id='block_1_22' title="bbox 442 1521 1759 1594">
    <p class='ocr_par' dir='ltr' id='par_1_22' title="bbox 442 1521 1759 1594">
     <span class='ocr_line' id='line_1_22' title="bbox 442 1521 1759 1594; baseline -0.008 -13"><span class='ocrx_word' id='word_1_131' title='bbox 442 1528 618 1581; x_wconf 86' lang='grc' dir='ltr'>Ὅπου</span> <span class='ocrx_word' id='word_1_132' title='bbox 641 1524 697 1578; x_wconf 81' lang='grc' dir='ltr'><strong>δὲ</strong></span> <span class='ocrx_word' id='word_1_133' title='bbox 728 1526 760 1593; x_wconf 81' lang='grc' dir='ltr'><strong>ἡ</strong></span> <span class='ocrx_word' id='word_1_134' title='bbox 792 1525 1187 1594; x_wconf 80' lang='grc' dir='ltr'>προκάταρξις,</span> <span class='ocrx_word' id='word_1_135' title='bbox 1223 1525 1341 1577; x_wconf 85' lang='grc' dir='ltr'>ἐκεῖ</span> <span class='ocrx_word' id='word_1_136' title='bbox 1371 1522 1464 1575; x_wconf 76' lang='grc' dir='ltr'><strong>καὶ</strong></span> <span class='ocrx_word' id='word_1_137' title='bbox 1496 1521 1759 1591; x_wconf 83' lang='grc' dir='ltr'>καταδίκη</span> 
     </span>
    </p>
   </div>
   <div class='ocr_carea' id='block_1_23' title="bbox 443 1612 1801 1688">
    <p class='ocr_par' dir='ltr' id='par_1_23' title="bbox 443 1612 1801 1688">
     <span class='ocr_line' id='line_1_23' title="bbox 443 1612 1801 1688; baseline -0.004 -18"><span class='ocrx_word' id='word_1_138' title='bbox 443 1621 518 1672; x_wconf 83' lang='grc' dir='ltr'><strong>Τὸ</strong></span> <span class='ocrx_word' id='word_1_139' title='bbox 546 1619 730 1688; x_wconf 77' lang='grc' dir='ltr'>μεῖζον</span> <span class='ocrx_word' id='word_1_140' title='bbox 758 1616 1113 1685; x_wconf 81' lang='grc' dir='ltr'>δικαστήριον</span> <span class='ocrx_word' id='word_1_141' title='bbox 1148 1616 1207 1669; x_wconf 74' lang='grc' dir='ltr'>τὸ</span> <span class='ocrx_word' id='word_1_142' title='bbox 1238 1616 1458 1669; x_wconf 80' lang='grc' dir='ltr'>ἔλαττον</span> <span class='ocrx_word' id='word_1_143' title='bbox 1490 1612 1801 1684; x_wconf 81' lang='grc' dir='ltr'>προκρίνει.</span> 
     </span>
    </p>
   </div>
   <div class='ocr_carea' id='block_1_24' title="bbox 452 1705 1711 1777">
    <p class='ocr_par' dir='ltr' id='par_1_24' title="bbox 452 1705 1711 1777">
     <span class='ocr_line' id='line_1_24' title="bbox 452 1705 1711 1777; baseline -0.006 -14"><span class='ocrx_word' id='word_1_144' title='bbox 452 1713 513 1763; x_wconf 85' lang='lat' dir='ltr'><strong>&#39;U</strong></span> <span class='ocrx_word' id='word_1_145' title='bbox 540 1712 714 1774; x_wconf 78' lang='grc' dir='ltr'>διδοὺς</span> <span class='ocrx_word' id='word_1_146' title='bbox 734 1710 793 1762; x_wconf 82' lang='grc' dir='ltr'>τὸ</span> <span class='ocrx_word' id='word_1_147' title='bbox 816 1708 1078 1761; x_wconf 83' lang='grc' dir='ltr'>ίνδέϐιτον</span> <span class='ocrx_word' id='word_1_148' title='bbox 1100 1709 1239 1777; x_wconf 78' lang='grc' dir='ltr'>ἔχων</span> <span class='ocrx_word' id='word_1_149' title='bbox 1261 1706 1468 1776; x_wconf 79' lang='grc' dir='ltr'>εἴδησιν</span> <span class='ocrx_word' id='word_1_150' title='bbox 1518 1705 1711 1759; x_wconf 87' lang='grc' dir='ltr'>τούτου</span> 
     </span>
    </p>
   </div>
   <div class='ocr_carea' id='block_1_25' title="bbox 442 1799 1708 1873">
    <p class='ocr_par' dir='ltr' id='par_1_25' title="bbox 442 1799 1708 1873">
     <span class='ocr_line' id='line_1_25' title="bbox 442 1799 1708 1873; baseline 0 -18"><span class='ocrx_word' id='word_1_151' title='bbox 442 1806 557 1856; x_wconf 80' lang='grc' dir='ltr'>Οὐκ</span> <span class='ocrx_word' id='word_1_152' title='bbox 591 1803 702 1873; x_wconf 78' lang='grc' dir='ltr'>ἔχει</span> <span class='ocrx_word' id='word_1_153' title='bbox 725 1802 887 1856; x_wconf 81' lang='grc' dir='ltr'>πάλιν</span> <span class='ocrx_word' id='word_1_154' title='bbox 908 1802 1200 1872; x_wconf 76' lang='grc' dir='ltr'>εἴσπραξιν</span> <span class='ocrx_word' id='word_1_155' title='bbox 1227 1800 1320 1853; x_wconf 91' lang='grc' dir='ltr'><strong>τοῦ</strong></span> <span class='ocrx_word' id='word_1_156' title='bbox 1348 1799 1708 1870; x_wconf 85' lang='grc' dir='ltr'>βεϐλημένου.</span> 
     </span>
    </p>
   </div>
   <div class='ocr_carea' id='block_1_26' title="bbox 455 1890 1842 1964">
    <p class='ocr_par' dir='ltr' id='par_1_26' title="bbox 455 1890 1842 1964">
     <span class='ocr_line' id='line_1_26' title="bbox 455 1890 1842 1964; baseline -0.003 -17"><span class='ocrx_word' id='word_1_157' title='bbox 455 1894 674 1956; x_wconf 77' lang='grc' dir='ltr'>Ὅσάκις</span> <span class='ocrx_word' id='word_1_158' title='bbox 706 1894 1058 1958; x_wconf 75' lang='grc' dir='ltr'>ἐξετάζοντες</span> <span class='ocrx_word' id='word_1_159' title='bbox 1081 1893 1210 1962; x_wconf 73' lang='grc' dir='ltr'>περὶ</span> <span class='ocrx_word' id='word_1_160' title='bbox 1242 1891 1471 1964; x_wconf 83' lang='grc' dir='ltr'>καρπῶν</span> <span class='ocrx_word' id='word_1_161' title='bbox 1506 1890 1842 1961; x_wconf 80' lang='grc' dir='ltr'>σκοποῦμεν,</span> 
     </span>
    </p>
   </div>
   <div class='ocr_carea' id='block_1_27' title="bbox 446 1984 1795 2056">
    <p class='ocr_par' dir='ltr' id='par_1_27' title="bbox 446 1984 1795 2056">
     <span class='ocr_line' id='line_1_27' title="bbox 446 1984 1795 2056; baseline -0.004 -15"><span class='ocrx_word' id='word_1_162' title='bbox 446 1990 590 2041; x_wconf 87' lang='grc' dir='ltr'>Ὀσα</span> <span class='ocrx_word' id='word_1_163' title='bbox 619 1987 805 2041; x_wconf 88' lang='grc' dir='ltr'>λάϐειν</span> <span class='ocrx_word' id='word_1_164' title='bbox 845 1988 1077 2056; x_wconf 74' lang='grc' dir='ltr'>ἠδύνατο</span> <span class='ocrx_word' id='word_1_165' title='bbox 1106 1989 1132 2039; x_wconf 86' lang='lat'><strong>6</strong></span> <span class='ocrx_word' id='word_1_166' title='bbox 1159 1986 1383 2055; x_wconf 82' lang='grc' dir='ltr'>νομεὺς,</span> <span class='ocrx_word' id='word_1_167' title='bbox 1430 1984 1795 2053; x_wconf 84' lang='grc' dir='ltr'>ἀκριϐοῦμεν,</span> 
     </span>
    </p>
   </div>
   <div class='ocr_carea' id='block_1_28' title="bbox 448 2072 1737 2149">
    <p class='ocr_par' dir='ltr' id='par_1_28' title="bbox 448 2072 1737 2149">
     <span class='ocr_line' id='line_1_28' title="bbox 448 2072 1737 2149; baseline -0.005 -15"><span class='ocrx_word' id='word_1_168' title='bbox 448 2082 543 2144; x_wconf 78' lang='grc' dir='ltr'><strong>Εἰς</strong></span> <span class='ocrx_word' id='word_1_169' title='bbox 562 2080 756 2149; x_wconf 76' lang='grc' dir='ltr'>ἔδαφος</span> <span class='ocrx_word' id='word_1_170' title='bbox 783 2080 1061 2133; x_wconf 73' lang='grc' dir='ltr'>ἐπίκοινον</span> <span class='ocrx_word' id='word_1_171' title='bbox 1088 2080 1116 2131; x_wconf 93' lang='lat'><strong>6</strong></span> <span class='ocrx_word' id='word_1_172' title='bbox 1146 2078 1406 2139; x_wconf 78' lang='grc' dir='ltr'>κοινωνὸς</span> <span class='ocrx_word' id='word_1_173' title='bbox 1444 2076 1504 2128; x_wconf 84' lang='grc' dir='ltr'><strong>ού</strong></span> <span class='ocrx_word' id='word_1_174' title='bbox 1539 2072 1737 2138; x_wconf 81' lang='grc' dir='ltr'>κτίζει.</span> 
     </span>
    </p>
   </div>
   <div class='ocr_carea' id='block_1_29' title="bbox 461 2168 1807 2237">
    <p class='ocr_par' dir='ltr' id='par_1_29' title="bbox 461 2168 1807 2237">
     <span class='ocr_line' id='line_1_29' title="bbox 461 2168 1807 2237; baseline -0.001 -14"><span class='ocrx_word' id='word_1_175' title='bbox 461 2171 748 2235; x_wconf 82' lang='grc' dir='ltr'>Ἐξωτικδς</span> <span class='ocrx_word' id='word_1_176' title='bbox 774 2172 835 2223; x_wconf 88' lang='grc' dir='ltr'><strong>οὐ</strong></span> <span class='ocrx_word' id='word_1_177' title='bbox 862 2171 1085 2224; x_wconf 89' lang='grc' dir='ltr'>δύναται</span> <span class='ocrx_word' id='word_1_178' title='bbox 1110 2169 1356 2221; x_wconf 81' lang='grc' dir='ltr'>δουλείαν</span> <span class='ocrx_word' id='word_1_179' title='bbox 1396 2168 1807 2237; x_wconf 74' lang='grc' dir='ltr'>προσπορίζειν.</span> 
     </span>
    </p>
   </div>
   <div class='ocr_carea' id='block_1_30' title="bbox 460 2256 1769 2330">
    <p class='ocr_par' dir='ltr' id='par_1_30' title="bbox 460 2256 1769 2330">
     <span class='ocr_line' id='line_1_30' title="bbox 460 2256 1769 2330; baseline -0.004 -15"><span class='ocrx_word' id='word_1_180' title='bbox 460 2263 575 2330; x_wconf 72' lang='grc' dir='ltr'><strong>Ἐφ’</strong></span> <span class='ocrx_word' id='word_1_181' title='bbox 610 2256 685 2315; x_wconf 85' lang='grc' dir='ltr'>ὧν</span> <span class='ocrx_word' id='word_1_182' title='bbox 718 2263 747 2314; x_wconf 91' lang='lat'><strong>6</strong></span> <span class='ocrx_word' id='word_1_183' title='bbox 790 2263 1088 2325; x_wconf 84' lang='grc' dir='ltr'>Ἀκουίλιος</span> <span class='ocrx_word' id='word_1_184' title='bbox 1112 2260 1363 2329; x_wconf 80' lang='grc' dir='ltr'>θεμάτων</span> <span class='ocrx_word' id='word_1_185' title='bbox 1382 2261 1478 2328; x_wconf 86' lang='grc' dir='ltr'><strong>ούχ</strong></span> <span class='ocrx_word' id='word_1_186' title='bbox 1517 2260 1769 2329; x_wconf 78' lang='grc' dir='ltr'>ἁρμόζει,</span> 
     </span>
    </p>
   </div>
   <div class='ocr_carea' id='block_1_31' title="bbox 448 2347 2022 2422">
    <p class='ocr_par' dir='ltr' id='par_1_31' title="bbox 448 2347 2022 2422">
     <span class='ocr_line' id='line_1_31' title="bbox 448 2347 2022 2422; baseline -0.004 -18"><span class='ocrx_word' id='word_1_187' title='bbox 448 2352 673 2416; x_wconf 80' lang='grc' dir='ltr'>Τούτοις</span> <span class='ocrx_word' id='word_1_188' title='bbox 724 2354 767 2407; x_wconf 82' lang='grc' dir='ltr'>δ’</span> <span class='ocrx_word' id='word_1_189' title='bbox 814 2353 1120 2422; x_wconf 77' lang='grc' dir='ltr'>ίνφάκτουμ</span> <span class='ocrx_word' id='word_1_190' title='bbox 1160 2352 1385 2413; x_wconf 75' lang='grc' dir='ltr'>δίδοται,</span> <span class='ocrx_word' id='word_1_191' title='bbox 1440 2349 1640 2420; x_wconf 80' lang='grc' dir='ltr'>σαθρὸς</span> <span class='ocrx_word' id='word_1_192' title='bbox 1688 2349 1733 2400; x_wconf 82' lang='grc' dir='ltr'>δ’</span> <span class='ocrx_word' id='word_1_193' title='bbox 1770 2350 1797 2400; x_wconf 82' lang='lat'><strong>6</strong></span> <span class='ocrx_word' id='word_1_194' title='bbox 1842 2347 2022 2399; x_wconf 87' lang='grc' dir='ltr'>κανὼν</span> 
     </span>
    </p>
   </div>
   <div class='ocr_carea' id='block_1_32' title="bbox 1752 2431 1950 2509">
    <p class='ocr_par' dir='ltr' id='par_1_32' title="bbox 1752 2431 1950 2509">
     <span class='ocr_line' id='line_1_32' title="bbox 1752 2431 1950 2509; baseline 0 -19"><span class='ocrx_word' id='word_1_195' title='bbox 1752 2431 1950 2509; x_wconf 78' lang='grc' dir='ltr'>[οὗτος.</span> 
     </span>
    </p>
   </div>
   <div class='ocr_carea' id='block_1_33' title="bbox 461 2529 1818 2603">
    <p class='ocr_par' dir='ltr' id='par_1_33' title="bbox 461 2529 1818 2603">
     <span class='ocr_line' id='line_1_33' title="bbox 461 2529 1818 2603; baseline -0.005 -16"><span class='ocrx_word' id='word_1_196' title='bbox 461 2533 665 2588; x_wconf 80' lang='grc' dir='ltr'>Ὁπόσα</span> <span class='ocrx_word' id='word_1_197' title='bbox 693 2534 748 2586; x_wconf 80' lang='grc' dir='ltr'>δὲ</span> <span class='ocrx_word' id='word_1_198' title='bbox 784 2536 859 2603; x_wconf 83' lang='grc' dir='ltr'><strong>μὴ</strong></span> <span class='ocrx_word' id='word_1_199' title='bbox 883 2533 1098 2601; x_wconf 82' lang='grc' dir='ltr'>ἔχουσιν</span> <span class='ocrx_word' id='word_1_200' title='bbox 1132 2532 1287 2600; x_wconf 76' lang='grc' dir='ltr'>ἰσχὺν</span> <span class='ocrx_word' id='word_1_201' title='bbox 1319 2529 1458 2583; x_wconf 85' lang='grc' dir='ltr'>κατὰ</span> <span class='ocrx_word' id='word_1_202' title='bbox 1486 2530 1594 2583; x_wconf 88' lang='grc' dir='ltr'><strong>τῶν</strong></span> <span class='ocrx_word' id='word_1_203' title='bbox 1619 2529 1818 2599; x_wconf 86' lang='grc' dir='ltr'>νόμων,</span> 
     </span>
    </p>
   </div>
   <div class='ocr_carea' id='block_1_34' title="bbox 452 2623 1775 2695">
    <p class='ocr_par' dir='ltr' id='par_1_34' title="bbox 452 2623 1775 2695">
     <span class='ocr_line' id='line_1_34' title="bbox 452 2623 1775 2695; baseline -0.003 -16"><span class='ocrx_word' id='word_1_204' title='bbox 452 2629 630 2695; x_wconf 69' lang='grc' dir='ltr'>Χωρὶς</span> <span class='ocrx_word' id='word_1_205' title='bbox 661 2623 1100 2693; x_wconf 73' lang='grc' dir='ltr'>ἀποτελέσματος</span> <span class='ocrx_word' id='word_1_206' title='bbox 1124 2623 1346 2677; x_wconf 80' lang='grc' dir='ltr'>δοθέντα</span> <span class='ocrx_word' id='word_1_207' title='bbox 1377 2624 1519 2676; x_wconf 70' lang='grc' dir='ltr'>κατὰ</span> <span class='ocrx_word' id='word_1_208' title='bbox 1546 2623 1775 2691; x_wconf 85' lang='grc' dir='ltr'>πλάνην,</span> 
     </span>
    </p>
   </div>
   <div class='ocr_carea' id='block_1_35' title="bbox 451 2714 1739 2787">
    <p class='ocr_par' dir='ltr' id='par_1_35' title="bbox 451 2714 1739 2787">
     <span class='ocr_line' id='line_1_35' title="bbox 451 2714 1739 2787; baseline -0.002 -18"><span class='ocrx_word' id='word_1_209' title='bbox 451 2718 564 2770; x_wconf 69' lang='grc' dir='ltr'>Οὐκ</span> <span class='ocrx_word' id='word_1_210' title='bbox 586 2716 697 2787; x_wconf 80' lang='grc' dir='ltr'>ἔχει</span> <span class='ocrx_word' id='word_1_211' title='bbox 729 2717 1055 2786; x_wconf 79' lang='grc' dir='ltr'>ρεπετίτιον,</span> <span class='ocrx_word' id='word_1_212' title='bbox 1082 2714 1189 2768; x_wconf 81' lang='grc' dir='ltr'>οὐδ’</span> <span class='ocrx_word' id='word_1_213' title='bbox 1229 2715 1514 2783; x_wconf 79' lang='grc' dir='ltr'>εἴσπραξιν</span> <span class='ocrx_word' id='word_1_214' title='bbox 1546 2715 1739 2767; x_wconf 82' lang='grc' dir='ltr'>ὀπίσω.</span> 
     </span>
    </p>
   </div>
   <div class='ocr_carea' id='block_1_36' title="bbox 450 2804 1747 2875">
    <p class='ocr_par' dir='ltr' id='par_1_36' title="bbox 450 2804 1747 2875">
     <span class='ocr_line' id='line_1_36' title="bbox 450 2804 1747 2875; baseline -0.002 -16"><span class='ocrx_word' id='word_1_215' title='bbox 450 2807 683 2875; x_wconf 82' lang='grc' dir='ltr'>Χείρονα</span> <span class='ocrx_word' id='word_1_216' title='bbox 714 2808 888 2859; x_wconf 87' lang='grc' dir='ltr'>ποιεῖν</span> <span class='ocrx_word' id='word_1_217' title='bbox 915 2805 1127 2875; x_wconf 77' lang='grc' dir='ltr'>αἵρεσιν</span> <span class='ocrx_word' id='word_1_218' title='bbox 1156 2805 1296 2875; x_wconf 83' lang='grc' dir='ltr'>γυνὴ</span> <span class='ocrx_word' id='word_1_219' title='bbox 1321 2805 1545 2873; x_wconf 82' lang='grc' dir='ltr'>προικὸς</span> <span class='ocrx_word' id='word_1_220' title='bbox 1590 2804 1747 2866; x_wconf 78' lang='grc' dir='ltr'>ἰδίας,</span> 
     </span>
    </p>
   </div>
   <div class='ocr_carea' id='block_1_37' title="bbox 453 2894 1813 2966">
    <p class='ocr_par' dir='ltr' id='par_1_37' title="bbox 453 2894 1813 2966">
     <span class='ocr_line' id='line_1_37' title="bbox 453 2894 1813 2966; baseline -0.002 -16"><span class='ocrx_word' id='word_1_221' title='bbox 453 2898 647 2965; x_wconf 80' lang='grc' dir='ltr'>Σαφῶς</span> <span class='ocrx_word' id='word_1_222' title='bbox 674 2898 772 2950; x_wconf 78' lang='grc' dir='ltr'><strong>οὐκ</strong></span> <span class='ocrx_word' id='word_1_223' title='bbox 801 2897 912 2966; x_wconf 81' lang='grc' dir='ltr'>ἔχει</span> <span class='ocrx_word' id='word_1_224' title='bbox 938 2897 1173 2966; x_wconf 89' lang='grc' dir='ltr'>δύναμιν</span> <span class='ocrx_word' id='word_1_225' title='bbox 1204 2896 1262 2948; x_wconf 82' lang='grc' dir='ltr'><strong>ἐν</strong></span> <span class='ocrx_word' id='word_1_226' title='bbox 1292 2894 1589 2947; x_wconf 85' lang='grc' dir='ltr'>συνεστῶτι</span> <span class='ocrx_word' id='word_1_227' title='bbox 1631 2895 1813 2965; x_wconf 83' lang='grc' dir='ltr'>γάμῳ.</span> 
     </span>
    </p>
   </div>
   <div class='ocr_carea' id='block_1_38' title="bbox 452 2987 1646 3059">
    <p class='ocr_par' dir='ltr' id='par_1_38' title="bbox 452 2987 1646 3059">
     <span class='ocr_line' id='line_1_38' title="bbox 452 2987 1646 3059; baseline -0.003 -17"><span class='ocrx_word' id='word_1_228' title='bbox 452 2990 542 3059; x_wconf 81' lang='grc' dir='ltr'><strong>Τῷ</strong></span> <span class='ocrx_word' id='word_1_229' title='bbox 585 2989 763 3059; x_wconf 76' lang='grc' dir='ltr'>ἔχοντι</span> <span class='ocrx_word' id='word_1_230' title='bbox 802 2987 1119 3058; x_wconf 83' lang='grc' dir='ltr'>ἐπίτροπον,</span> <span class='ocrx_word' id='word_1_231' title='bbox 1148 2988 1332 3054; x_wconf 70' lang='grc' dir='ltr'>ἕτερος</span> <span class='ocrx_word' id='word_1_232' title='bbox 1364 2989 1422 3039; x_wconf 82' lang='grc' dir='ltr'><strong>ού</strong></span> <span class='ocrx_word' id='word_1_233' title='bbox 1450 2988 1646 3049; x_wconf 86' lang='grc' dir='ltr'>δοτέος.</span> 
     </span>
    </p>
   </div>
   <div class='ocr_carea' id='block_1_39' title="bbox 451 3078 1917 3151">
    <p class='ocr_par' dir='ltr' id='par_1_39' title="bbox 451 3078 1917 3151">
     <span class='ocr_line' id='line_1_39' title="bbox 451 3078 1917 3151; baseline -0.001 -17"><span class='ocrx_word' id='word_1_234' title='bbox 451 3082 526 3135; x_wconf 85' lang='grc' dir='ltr'>Τὸ</span> <span class='ocrx_word' id='word_1_235' title='bbox 558 3082 741 3151; x_wconf 83' lang='grc' dir='ltr'>μεῖζον</span> <span class='ocrx_word' id='word_1_236' title='bbox 765 3079 1141 3151; x_wconf 81' lang='grc' dir='ltr'>δικαστήριον,</span> <span class='ocrx_word' id='word_1_237' title='bbox 1172 3079 1417 3149; x_wconf 83' lang='grc' dir='ltr'>κρεῖττον</span> <span class='ocrx_word' id='word_1_238' title='bbox 1447 3079 1555 3132; x_wconf 86' lang='grc' dir='ltr'><strong>τῶν</strong></span> <span class='ocrx_word' id='word_1_239' title='bbox 1594 3078 1917 3147; x_wconf 82' lang='grc' dir='ltr'>ἐλαττόνων,</span> 
     </span>
    </p>
   </div>
   <div class='ocr_carea' id='block_1_40' title="bbox 2055 1872 2098 1927">
    <p class='ocr_par' dir='ltr' id='par_1_40' title="bbox 2055 1872 2098 1927">
     <span class='ocr_line' id='line_1_40' title="bbox 2055 1872 2098 1927; baseline 0 0"><span class='ocrx_word' id='word_1_240' title='bbox 2055 1872 2098 1927; x_wconf 88' lang='grc' dir='ltr'><strong>Β</strong></span> 
     </span>
    </p>
   </div>
   <div class='ocr_carea' id='block_1_41' title="bbox 2057 3094 2099 3152">
    <p class='ocr_par' dir='ltr' id='par_1_41' title="bbox 2057 3094 2099 3152">
     <span class='ocr_line' id='line_1_41' title="bbox 2057 3094 2099 3152; baseline 0 0"><span class='ocrx_word' id='word_1_241' title='bbox 2057 3094 2099 3152; x_wconf 88' lang='lat' dir='ltr'><strong><em>C</em></strong></span> 
     </span>
    </p>
   </div>
   <div class='ocr_carea' id='block_1_42' title="bbox 455 3357 2031 3429">
    <p class='ocr_par' dir='ltr' id='par_1_42' title="bbox 455 3357 2031 3429">
     <span class='ocr_line' id='line_1_42' title="bbox 455 3357 2031 3429; baseline -0.002 -13"><span class='ocrx_word' id='word_1_242' title='bbox 455 3360 557 3427; x_wconf 81' lang='lat' dir='ltr'><strong>Qui</strong></span> <span class='ocrx_word' id='word_1_243' title='bbox 602 3360 662 3414; x_wconf 75' lang='lat' dir='ltr'><strong>vi</strong></span> <span class='ocrx_word' id='word_1_244' title='bbox 702 3359 1017 3429; x_wconf 74' lang='lat' dir='ltr'><strong>religiosam</strong></span> <span class='ocrx_word' id='word_1_245' title='bbox 1068 3357 1336 3427; x_wconf 81' lang='lat' dir='ltr'><strong>virginem</strong></span> <span class='ocrx_word' id='word_1_246' title='bbox 1394 3358 1733 3426; x_wconf 87' lang='lat' dir='ltr'><strong>corrupit,si</strong></span> <span class='ocrx_word' id='word_1_247' title='bbox 1787 3359 2031 3428; x_wconf 87' lang='lat' dir='ltr'><strong>locuples</strong></span> 
     </span>
    </p>
   </div>
   <div class='ocr_carea' id='block_1_43' title="bbox 459 3450 2031 3520">
    <p class='ocr_par' dir='ltr' id='par_1_43' title="bbox 459 3450 2031 3520">
     <span class='ocr_line' id='line_1_43' title="bbox 459 3450 2031 3520; baseline -0.001 -13"><span class='ocrx_word' id='word_1_248' title='bbox 459 3456 556 3517; x_wconf 85' lang='lat' dir='ltr'><strong>sit,</strong></span> <span class='ocrx_word' id='word_1_249' title='bbox 586 3456 853 3508; x_wconf 87' lang='lat' dir='ltr'><strong>bonorum</strong></span> <span class='ocrx_word' id='word_1_250' title='bbox 910 3467 1135 3507; x_wconf 90' lang='lat' dir='ltr'><strong>suorum</strong></span> <span class='ocrx_word' id='word_1_251' title='bbox 1192 3450 1505 3505; x_wconf 73' lang='lat' dir='ltr'><strong>medietatis</strong></span> <span class='ocrx_word' id='word_1_252' title='bbox 1560 3452 1829 3519; x_wconf 76' lang='lat' dir='ltr'><strong>iacturam</strong></span> <span class='ocrx_word' id='word_1_253' title='bbox 1898 3452 2031 3520; x_wconf 81' lang='lat' dir='ltr'><strong>pati—</strong></span> 
     </span>
    </p>
   </div>
   <div class='ocr_carea' id='block_1_44' title="bbox 455 3542 2032 3613">
    <p class='ocr_par' dir='ltr' id='par_1_44' title="bbox 455 3542 2032 3613">
     <span class='ocr_line' id='line_1_44' title="bbox 455 3542 2032 3613; baseline -0.002 -14"><span class='ocrx_word' id='word_1_254' title='bbox 455 3553 544 3599; x_wconf 87' lang='lat' dir='ltr'><strong>tur</strong></span> <span class='ocrx_word' id='word_1_255' title='bbox 573 3563 588 3601; x_wconf 92' lang='lat'><strong>:</strong></span> <span class='ocrx_word' id='word_1_256' title='bbox 621 3559 826 3613; x_wconf 87' lang='lat' dir='ltr'><strong>pauper</strong></span> <span class='ocrx_word' id='word_1_257' title='bbox 852 3559 982 3597; x_wconf 82' lang='lat' dir='ltr'><strong>vero</strong></span> <span class='ocrx_word' id='word_1_258' title='bbox 1019 3545 1201 3595; x_wconf 94' lang='lat' dir='ltr'><strong>statim</strong></span> <span class='ocrx_word' id='word_1_259' title='bbox 1234 3543 1285 3595; x_wconf 90' lang='lat' dir='ltr'><strong>in</strong></span> <span class='ocrx_word' id='word_1_260' title='bbox 1319 3543 1570 3595; x_wconf 82' lang='lat' dir='ltr'><strong>exsilium</strong></span> <span class='ocrx_word' id='word_1_261' title='bbox 1614 3542 1867 3597; x_wconf 91' lang='lat' dir='ltr'><strong>mittitur.</strong></span> <span class='ocrx_word' id='word_1_262' title='bbox 1904 3543 2032 3597; x_wconf 92' lang='lat' dir='ltr'><strong>Om-</strong></span> 
     </span>
    </p>
   </div>
   <div class='ocr_carea' id='block_1_45' title="bbox 454 3633 2028 3703">
    <p class='ocr_par' dir='ltr' id='par_1_45' title="bbox 454 3633 2028 3703">
     <span class='ocr_line' id='line_1_45' title="bbox 454 3633 2028 3703; baseline -0.002 -12"><span class='ocrx_word' id='word_1_263' title='bbox 454 3638 542 3691; x_wconf 86' lang='lat' dir='ltr'><strong>nis</strong></span> <span class='ocrx_word' id='word_1_264' title='bbox 583 3634 858 3689; x_wconf 85' lang='lat' dir='ltr'><strong>homicida</strong></span> <span class='ocrx_word' id='word_1_265' title='bbox 917 3634 1193 3703; x_wconf 81' lang='lat' dir='ltr'><strong>obligatus</strong></span> <span class='ocrx_word' id='word_1_266' title='bbox 1251 3642 1334 3687; x_wconf 90' lang='lat' dir='ltr'><strong>est</strong></span> <span class='ocrx_word' id='word_1_267' title='bbox 1366 3634 1469 3701; x_wconf 77' lang='lat' dir='ltr'><strong>legi</strong></span> <span class='ocrx_word' id='word_1_268' title='bbox 1509 3633 1793 3688; x_wconf 83' lang='lat' dir='ltr'><strong>Corneliae.</strong></span> <span class='ocrx_word' id='word_1_269' title='bbox 1853 3633 2028 3687; x_wconf 86' lang='lat' dir='ltr'><strong>Judex</strong></span> 
     </span>
    </p>
   </div>
   <div class='ocr_carea' id='block_1_46' title="bbox 457 3724 2031 3793">
    <p class='ocr_par' dir='ltr' id='par_1_46' title="bbox 457 3724 2031 3793">
     <span class='ocr_line' id='line_1_46' title="bbox 457 3724 2031 3793; baseline -0.003 -9"><span class='ocrx_word' id='word_1_270' title='bbox 457 3729 731 3791; x_wconf 84' lang='lat' dir='ltr'><strong>sordidus,</strong></span> <span class='ocrx_word' id='word_1_271' title='bbox 763 3738 816 3780; x_wconf 90' lang='lat' dir='ltr'><strong>et</strong></span> <span class='ocrx_word' id='word_1_272' title='bbox 839 3740 1064 3779; x_wconf 83' lang='lat' dir='ltr'><strong>munera</strong></span> <span class='ocrx_word' id='word_1_273' title='bbox 1091 3725 1387 3793; x_wconf 75' lang='lat' dir='ltr'><strong>accipiens,</strong></span> <span class='ocrx_word' id='word_1_274' title='bbox 1416 3724 1841 3792; x_wconf 88' lang='lat' dir='ltr'><strong>repetundarum</strong></span> <span class='ocrx_word' id='word_1_275' title='bbox 1875 3733 2031 3779; x_wconf 75' lang='lat' dir='ltr'><strong>tene-</strong></span> 
     </span>
    </p>
   </div>
   <div class='ocr_carea' id='block_1_47' title="bbox 462 3815 2034 3887">
    <p class='ocr_par' dir='ltr' id='par_1_47' title="bbox 462 3815 2034 3887">
     <span class='ocr_line' id='line_1_47' title="bbox 462 3815 2034 3887; baseline -0.003 -13"><span class='ocrx_word' id='word_1_276' title='bbox 462 3830 570 3875; x_wconf 88' lang='lat' dir='ltr'><strong>tur.</strong></span> <span class='ocrx_word' id='word_1_277' title='bbox 625 3818 749 3887; x_wconf 87' lang='lat' dir='ltr'><strong>Legi</strong></span> <span class='ocrx_word' id='word_1_278' title='bbox 780 3832 913 3870; x_wconf 89' lang='lat' dir='ltr'><strong>vero</strong></span> <span class='ocrx_word' id='word_1_279' title='bbox 936 3815 1001 3869; x_wconf 90' lang='lat' dir='ltr'><strong>de</strong></span> <span class='ocrx_word' id='word_1_280' title='bbox 1042 3815 1195 3870; x_wconf 80' lang='lat' dir='ltr'><strong>falsis</strong></span> <span class='ocrx_word' id='word_1_281' title='bbox 1230 3816 1527 3885; x_wconf 79' lang='lat' dir='ltr'><strong>obligatur,</strong></span> <span class='ocrx_word' id='word_1_282' title='bbox 1584 3818 1677 3885; x_wconf 91' lang='lat' dir='ltr'><strong>qui</strong></span> <span class='ocrx_word' id='word_1_283' title='bbox 1731 3817 1905 3868; x_wconf 90' lang='lat' dir='ltr'><strong>variat</strong></span> <span class='ocrx_word' id='word_1_284' title='bbox 1933 3816 2034 3870; x_wconf 81' lang='lat' dir='ltr'><strong>fal-</strong></span> 
     </span>
    </p>
   </div>
   <div class='ocr_carea' id='block_1_48' title="bbox 462 3907 2032 3977">
    <p class='ocr_par' dir='ltr' id='par_1_48' title="bbox 462 3907 2032 3977">
     <span class='ocr_line' id='line_1_48' title="bbox 462 3907 2032 3977; baseline -0.002 -12"><span class='ocrx_word' id='word_1_285' title='bbox 462 3926 585 3967; x_wconf 91' lang='lat' dir='ltr'><strong>sum</strong></span> <span class='ocrx_word' id='word_1_286' title='bbox 644 3909 915 3963; x_wconf 88' lang='lat' dir='ltr'><strong>scribens.</strong></span> <span class='ocrx_word' id='word_1_287' title='bbox 971 3907 1242 3961; x_wconf 88' lang='lat' dir='ltr'><strong>Diuturna</strong></span> <span class='ocrx_word' id='word_1_288' title='bbox 1285 3908 1628 3961; x_wconf 88' lang='lat' dir='ltr'><strong>consuetudo</strong></span> <span class='ocrx_word' id='word_1_289' title='bbox 1671 3908 1806 3977; x_wconf 85' lang='lat' dir='ltr'><strong>legis</strong></span> <span class='ocrx_word' id='word_1_290' title='bbox 1853 3908 2032 3962; x_wconf 89' lang='lat' dir='ltr'><strong>locum</strong></span> 
     </span>
    </p>
   </div>
   <div class='ocr_carea' id='block_1_49' title="bbox 462 4000 2031 4072">
    <p class='ocr_par' dir='ltr' id='par_1_49' title="bbox 462 4000 2031 4072">
     <span class='ocr_line' id='line_1_49' title="bbox 462 4000 2031 4072; baseline -0.002 -15"><span class='ocrx_word' id='word_1_291' title='bbox 462 4003 669 4072; x_wconf 92' lang='lat' dir='ltr'><strong>implet.</strong></span> <span class='ocrx_word' id='word_1_292' title='bbox 714 4001 885 4060; x_wconf 74' lang='lat' dir='ltr'><strong>Leges</strong></span> <span class='ocrx_word' id='word_1_293' title='bbox 933 4001 1217 4067; x_wconf 78' lang='lat' dir='ltr'><strong>generales</strong></span> <span class='ocrx_word' id='word_1_294' title='bbox 1272 4000 1512 4068; x_wconf 85' lang='lat' dir='ltr'><strong>potiores</strong></span> <span class='ocrx_word' id='word_1_295' title='bbox 1532 4011 1653 4054; x_wconf 91' lang='lat' dir='ltr'><strong>sunt</strong></span> <span class='ocrx_word' id='word_1_296' title='bbox 1682 4001 1735 4055; x_wconf 90' lang='lat' dir='ltr'><strong>in</strong></span> <span class='ocrx_word' id='word_1_297' title='bbox 1786 4000 2031 4070; x_wconf 80' lang='lat' dir='ltr'><strong>judicits.</strong></span> 
     </span>
    </p>
   </div>
   <div class='ocr_carea' id='block_1_50' title="bbox 460 4090 2027 4163">
    <p class='ocr_par' dir='ltr' id='par_1_50' title="bbox 460 4090 2027 4163">
     <span class='ocr_line' id='line_1_50' title="bbox 460 4090 2027 4163; baseline -0.002 -14"><span class='ocrx_word' id='word_1_298' title='bbox 460 4096 618 4163; x_wconf 81' lang='lat' dir='ltr'><strong>Pejor</strong></span> <span class='ocrx_word' id='word_1_299' title='bbox 675 4100 763 4146; x_wconf 88' lang='lat' dir='ltr'><strong>est</strong></span> <span class='ocrx_word' id='word_1_300' title='bbox 839 4090 1162 4145; x_wconf 80' lang='lat' dir='ltr'><strong>feminarum</strong></span> <span class='ocrx_word' id='word_1_301' title='bbox 1213 4091 1487 4154; x_wconf 81' lang='lat' dir='ltr'><strong>conditio,</strong></span> <span class='ocrx_word' id='word_1_302' title='bbox 1545 4106 1707 4160; x_wconf 88' lang='lat' dir='ltr'><strong>quam</strong></span> <span class='ocrx_word' id='word_1_303' title='bbox 1774 4093 2027 4146; x_wconf 88' lang='lat' dir='ltr'><strong>marium.</strong></span> 
     </span>
    </p>
   </div>
   <div class='ocr_carea' id='block_1_51' title="bbox 456 4183 2029 4257">
    <p class='ocr_par' dir='ltr' id='par_1_51' title="bbox 456 4183 2029 4257">
     <span class='ocr_line' id='line_1_51' title="bbox 456 4183 2029 4257; baseline -0.002 -16"><span class='ocrx_word' id='word_1_304' title='bbox 456 4185 708 4257; x_wconf 84' lang='lat' dir='ltr'><strong>Legitimi</strong></span> <span class='ocrx_word' id='word_1_305' title='bbox 744 4183 893 4237; x_wconf 86' lang='lat' dir='ltr'><strong>liberi</strong></span> <span class='ocrx_word' id='word_1_306' title='bbox 922 4192 1127 4252; x_wconf 84' lang='lat' dir='ltr'><strong>patrem</strong></span> <span class='ocrx_word' id='word_1_307' title='bbox 1170 4194 1496 4251; x_wconf 80' lang='lat' dir='ltr'><strong>sequuntur,</strong></span> <span class='ocrx_word' id='word_1_308' title='bbox 1529 4185 1643 4237; x_wconf 91' lang='lat' dir='ltr'><strong>nati</strong></span> <span class='ocrx_word' id='word_1_309' title='bbox 1692 4200 1759 4239; x_wconf 84' lang='lat' dir='ltr'><strong>ex</strong></span> <span class='ocrx_word' id='word_1_310' title='bbox 1815 4195 2029 4239; x_wconf 87' lang='lat' dir='ltr'><strong>scorta-</strong></span> 
     </span>
    </p>
   </div>
   <div class='ocr_carea' id='block_1_52' title="bbox 462 4273 2035 4339">
    <p class='ocr_par' dir='ltr' id='par_1_52' title="bbox 462 4273 2035 4339">
     <span class='ocr_line' id='line_1_52' title="bbox 462 4273 2035 4339; baseline -0.002 -6"><span class='ocrx_word' id='word_1_311' title='bbox 462 4280 612 4333; x_wconf 88' lang='lat' dir='ltr'><strong>tione</strong></span> <span class='ocrx_word' id='word_1_312' title='bbox 674 4285 927 4329; x_wconf 83' lang='lat' dir='ltr'><strong>matrem.</strong></span> <span class='ocrx_word' id='word_1_313' title='bbox 968 4273 1122 4339; x_wconf 85' lang='lat' dir='ltr'><strong>Quod</strong></span> <span class='ocrx_word' id='word_1_314' title='bbox 1159 4285 1353 4328; x_wconf 87' lang='lat' dir='ltr'><strong>natura</strong></span> <span class='ocrx_word' id='word_1_315' title='bbox 1390 4275 1620 4329; x_wconf 86' lang='lat' dir='ltr'><strong>debetur</strong></span> <span class='ocrx_word' id='word_1_316' title='bbox 1652 4276 1889 4330; x_wconf 89' lang='lat' dir='ltr'><strong>solutum</strong></span> <span class='ocrx_word' id='word_1_317' title='bbox 1949 4292 2035 4331; x_wconf 86' lang='lat' dir='ltr'><strong>re-</strong></span> 
     </span>
    </p>
   </div>
   <div class='ocr_carea' id='block_1_53' title="bbox 463 4368 2035 4441">
    <p class='ocr_par' dir='ltr' id='par_1_53' title="bbox 463 4368 2035 4441">
     <span class='ocr_line' id='line_1_53' title="bbox 463 4368 2035 4441; baseline 0 -18"><span class='ocrx_word' id='word_1_318' title='bbox 463 4371 571 4441; x_wconf 69' lang='lat' dir='ltr'><strong>po-li</strong></span> <span class='ocrx_word' id='word_1_319' title='bbox 626 4385 733 4424; x_wconf 86' lang='lat' dir='ltr'><strong>non</strong></span> <span class='ocrx_word' id='word_1_320' title='bbox 798 4376 998 4437; x_wconf 90' lang='lat' dir='ltr'><strong>potest,</strong></span> <span class='ocrx_word' id='word_1_321' title='bbox 1048 4377 1107 4420; x_wconf 91' lang='lat' dir='ltr'><strong>ut</strong></span> <span class='ocrx_word' id='word_1_322' title='bbox 1161 4368 1372 4435; x_wconf 79' lang='lat' dir='ltr'><strong>legibus</strong></span> <span class='ocrx_word' id='word_1_323' title='bbox 1424 4369 1646 4436; x_wconf 86' lang='lat' dir='ltr'><strong>placuit.</strong></span> <span class='ocrx_word' id='word_1_324' title='bbox 1702 4369 1856 4423; x_wconf 72' lang='lat' dir='ltr'><strong>Nulla</strong></span> <span class='ocrx_word' id='word_1_325' title='bbox 1923 4370 2035 4440; x_wconf 88' lang='lat' dir='ltr'><strong>pri-</strong></span> 
     </span>
    </p>
   </div>
   <div class='ocr_carea' id='block_1_54' title="bbox 462 4456 2031 4530">
    <p class='ocr_par' dir='ltr' id='par_1_54' title="bbox 462 4456 2031 4530">
     <span class='ocr_line' id='line_1_54' title="bbox 462 4456 2031 4530; baseline -0.002 -13"><span class='ocrx_word' id='word_1_326' title='bbox 462 4472 585 4517; x_wconf 85' lang='lat' dir='ltr'><strong>vata</strong></span> <span class='ocrx_word' id='word_1_327' title='bbox 612 4460 831 4530; x_wconf 83' lang='lat' dir='ltr'><strong>publico</strong></span> <span class='ocrx_word' id='word_1_328' title='bbox 863 4464 1083 4511; x_wconf 88' lang='lat' dir='ltr'><strong>nocent.</strong></span> <span class='ocrx_word' id='word_1_329' title='bbox 1144 4456 1467 4509; x_wconf 79' lang='lat' dir='ltr'><strong>Restituitur</strong></span> <span class='ocrx_word' id='word_1_330' title='bbox 1491 4459 1691 4512; x_wconf 71' lang='lat' dir='ltr'><strong>illmsus</strong></span> <span class='ocrx_word' id='word_1_331' title='bbox 1715 4461 2031 4514; x_wconf 79' lang='lat' dir='ltr'><strong>adolescens</strong></span> 
     </span>
    </p>
   </div>
   <div class='ocr_carea' id='block_1_55' title="bbox 3358 1243 3626 1316">
    <p class='ocr_par' dir='ltr' id='par_1_55' title="bbox 3358 1243 3626 1316">
     <span class='ocr_line' id='line_1_55' title="bbox 3358 1243 3626 1316; baseline -0.004 -19"><span class='ocrx_word' id='word_1_332' title='bbox 3358 1243 3626 1316; x_wconf 83' lang='grc' dir='ltr'>[προῖκες.</span> 
     </span>
    </p>
   </div>
   <div class='ocr_carea' id='block_1_56' title="bbox 2121 1334 3413 1407">
    <p class='ocr_par' dir='ltr' id='par_1_56' title="bbox 2121 1334 3413 1407">
     <span class='ocr_line' id='line_1_56' title="bbox 2121 1334 3413 1407; baseline 0 -18"><span class='ocrx_word' id='word_1_333' title='bbox 2121 1334 2301 1407; x_wconf 85' lang='grc' dir='ltr'>Ὅπερ</span> <span class='ocrx_word' id='word_1_334' title='bbox 2320 1336 2348 1387; x_wconf 91' lang='lat'><strong>6</strong></span> <span class='ocrx_word' id='word_1_335' title='bbox 2382 1337 2546 1404; x_wconf 81' lang='grc' dir='ltr'>νόμος</span> <span class='ocrx_word' id='word_1_336' title='bbox 2573 1337 2777 1400; x_wconf 87' lang='grc' dir='ltr'>δίδωσι,</span> <span class='ocrx_word' id='word_1_337' title='bbox 2804 1338 2905 1391; x_wconf 84' lang='grc' dir='ltr'><strong>οὐκ</strong></span> <span class='ocrx_word' id='word_1_338' title='bbox 2934 1336 3001 1390; x_wconf 80' lang='grc' dir='ltr'><strong>ἂν</strong></span> <span class='ocrx_word' id='word_1_339' title='bbox 3029 1336 3283 1405; x_wconf 82' lang='grc' dir='ltr'>ἀφέλοιτό</span> <span class='ocrx_word' id='word_1_340' title='bbox 3307 1353 3413 1399; x_wconf 83' lang='grc' dir='ltr'>τις.</span> 
     </span>
    </p>
   </div>
   <div class='ocr_carea' id='block_1_57' title="bbox 2122 1427 3382 1499">
    <p class='ocr_par' dir='ltr' id='par_1_57' title="bbox 2122 1427 3382 1499">
     <span class='ocr_line' id='line_1_57' title="bbox 2122 1427 3382 1499; baseline 0.002 -19"><span class='ocrx_word' id='word_1_341' title='bbox 2122 1429 2503 1499; x_wconf 77' lang='grc' dir='ltr'>Παραγραφῆς</span> <span class='ocrx_word' id='word_1_342' title='bbox 2536 1430 2809 1493; x_wconf 86' lang='grc' dir='ltr'>ἀντίθεσις</span> <span class='ocrx_word' id='word_1_343' title='bbox 2835 1430 2934 1483; x_wconf 84' lang='grc' dir='ltr'><strong>οὑκ</strong></span> <span class='ocrx_word' id='word_1_344' title='bbox 2968 1429 3083 1482; x_wconf 75' lang='grc' dir='ltr'>ἔστι</span> <span class='ocrx_word' id='word_1_345' title='bbox 3114 1427 3382 1499; x_wconf 88' lang='grc' dir='ltr'>δημοσίῳ.</span> 
     </span>
    </p>
   </div>
   <div class='ocr_carea' id='block_1_58' title="bbox 2136 1506 3558 1593">
    <p class='ocr_par' dir='ltr' id='par_1_58' title="bbox 2136 1506 3558 1593">
     <span class='ocr_line' id='line_1_58' title="bbox 2136 1506 3558 1593; baseline -0.001 -19"><span class='ocrx_word' id='word_1_346' title='bbox 2136 1520 2200 1574; x_wconf 85' lang='grc' dir='ltr'><strong><em>Ἦ</em></strong></span> <span class='ocrx_word' id='word_1_347' title='bbox 2221 1506 2743 1591; x_wconf 79' lang='grc' dir='ltr'>δευτερογαμήσασα</span> <span class='ocrx_word' id='word_1_348' title='bbox 2773 1522 2879 1592; x_wconf 77' lang='grc' dir='ltr'><strong>πρὸ</strong></span> <span class='ocrx_word' id='word_1_349' title='bbox 2902 1522 2997 1574; x_wconf 90' lang='grc' dir='ltr'><strong>τοῦ</strong></span> <span class='ocrx_word' id='word_1_350' title='bbox 3038 1520 3307 1592; x_wconf 87' lang='grc' dir='ltr'>πενθίμου</span> <span class='ocrx_word' id='word_1_351' title='bbox 3339 1521 3558 1593; x_wconf 86' lang='grc' dir='ltr'>χρόνου,</span> 
     </span>
    </p>
   </div>
   <div class='ocr_carea' id='block_1_59' title="bbox 2123 1611 3705 1684">
    <p class='ocr_par' dir='ltr' id='par_1_59' title="bbox 2123 1611 3705 1684">
     <span class='ocr_line' id='line_1_59' title="bbox 2123 1611 3705 1684; baseline 0.001 -19"><span class='ocrx_word' id='word_1_352' title='bbox 2123 1611 2350 1666; x_wconf 83' lang='grc' dir='ltr'>Πάντων</span> <span class='ocrx_word' id='word_1_353' title='bbox 2388 1612 2648 1666; x_wconf 85' lang='grc' dir='ltr'>ἐκπίπτει</span> <span class='ocrx_word' id='word_1_354' title='bbox 2678 1612 2771 1665; x_wconf 74' lang='grc' dir='ltr'><strong>καὶ</strong></span> <span class='ocrx_word' id='word_1_355' title='bbox 2799 1614 3062 1683; x_wconf 83' lang='grc' dir='ltr'>προικῶν,</span> <span class='ocrx_word' id='word_1_356' title='bbox 3100 1612 3197 1668; x_wconf 77' lang='grc' dir='ltr'><strong>καὶ</strong></span> <span class='ocrx_word' id='word_1_357' title='bbox 3234 1612 3444 1684; x_wconf 86' lang='grc' dir='ltr'>κερδῶν</span> <span class='ocrx_word' id='word_1_358' title='bbox 3490 1628 3705 1683; x_wconf 78' lang='grc' dir='ltr'><strong>παραυ⁹</strong></span> 
     </span>
    </p>
   </div>
   <div class='ocr_carea' id='block_1_60' title="bbox 3482 1704 3633 1769">
    <p class='ocr_par' dir='ltr' id='par_1_60' title="bbox 3482 1704 3633 1769">
     <span class='ocr_line' id='line_1_60' title="bbox 3482 1704 3633 1769; baseline 0.007 -14"><span class='ocrx_word' id='word_1_359' title='bbox 3482 1704 3633 1769; x_wconf 90' lang='grc' dir='ltr'>τίκα,</span> 
     </span>
    </p>
   </div>
   <div class='ocr_carea' id='block_1_61' title="bbox 2139 1794 3562 1867">
    <p class='ocr_par' dir='ltr' id='par_1_61' title="bbox 2139 1794 3562 1867">
     <span class='ocr_line' id='line_1_61' title="bbox 2139 1794 3562 1867; baseline 0.004 -21"><span class='ocrx_word' id='word_1_360' title='bbox 2139 1794 2229 1858; x_wconf 79' lang='grc' dir='ltr'>Ἐξ</span> <span class='ocrx_word' id='word_1_361' title='bbox 2252 1795 2543 1865; x_wconf 72' lang='grc' dir='ltr'>ἐλευθέρας</span> <span class='ocrx_word' id='word_1_362' title='bbox 2570 1796 2840 1867; x_wconf 72' lang='grc' dir='ltr'>θυγατρὸς</span> <span class='ocrx_word' id='word_1_363' title='bbox 2866 1797 2927 1849; x_wconf 77' lang='grc' dir='ltr'><strong>ού</strong></span> <span class='ocrx_word' id='word_1_364' title='bbox 2959 1797 3207 1851; x_wconf 90' lang='grc' dir='ltr'>τίκτεταί</span> <span class='ocrx_word' id='word_1_365' title='bbox 3245 1815 3329 1862; x_wconf 89' lang='grc' dir='ltr'><strong>τις</strong></span> <span class='ocrx_word' id='word_1_366' title='bbox 3346 1799 3562 1854; x_wconf 80' lang='grc' dir='ltr'>δοῦλος.</span> 
     </span>
    </p>
   </div>
   <div class='ocr_carea' id='block_1_62' title="bbox 2128 1885 3561 1959">
    <p class='ocr_par' dir='ltr' id='par_1_62' title="bbox 2128 1885 3561 1959">
     <span class='ocr_line' id='line_1_62' title="bbox 2128 1885 3561 1959; baseline 0.002 -20"><span class='ocrx_word' id='word_1_367' title='bbox 2128 1885 2251 1939; x_wconf 84' lang='grc' dir='ltr'><strong>Τῶν</strong></span> <span class='ocrx_word' id='word_1_368' title='bbox 2280 1885 2655 1939; x_wconf 84' lang='grc' dir='ltr'>τελευτώντων</span> <span class='ocrx_word' id='word_1_369' title='bbox 2682 1886 2934 1957; x_wconf 88' lang='grc' dir='ltr'>βούλησιν</span> <span class='ocrx_word' id='word_1_370' title='bbox 2968 1889 3158 1959; x_wconf 80' lang='grc' dir='ltr'>μηδεὶς</span> <span class='ocrx_word' id='word_1_371' title='bbox 3181 1888 3561 1959; x_wconf 83' lang='grc' dir='ltr'>ἀνατρεπέτω.</span> 
     </span>
    </p>
   </div>
   <div class='ocr_carea' id='block_1_63' title="bbox 2126 1976 3496 2052">
    <p class='ocr_par' dir='ltr' id='par_1_63' title="bbox 2126 1976 3496 2052">
     <span class='ocr_line' id='line_1_63' title="bbox 2126 1976 3496 2052; baseline 0.007 -26"><span class='ocrx_word' id='word_1_372' title='bbox 2126 1977 2308 2046; x_wconf 84' lang='grc' dir='ltr'>Γάμος</span> <span class='ocrx_word' id='word_1_373' title='bbox 2331 1976 2377 2030; x_wconf 85' lang='grc' dir='ltr'>δ’</span> <span class='ocrx_word' id='word_1_374' title='bbox 2409 1977 2473 2029; x_wconf 87' lang='grc' dir='ltr'><strong>ἐκ</strong></span> <span class='ocrx_word' id='word_1_375' title='bbox 2504 1977 2798 2042; x_wconf 86' lang='grc' dir='ltr'>διαθέσεως</span> <span class='ocrx_word' id='word_1_376' title='bbox 2830 1982 3144 2033; x_wconf 88' lang='grc' dir='ltr'>συνίσταται</span> <span class='ocrx_word' id='word_1_377' title='bbox 3181 1982 3273 2035; x_wconf 87' lang='grc' dir='ltr'>καὶ</span> <span class='ocrx_word' id='word_1_378' title='bbox 3305 1981 3496 2052; x_wconf 85' lang='grc' dir='ltr'>μόνης,</span> 
     </span>
    </p>
   </div>
   <div class='ocr_carea' id='block_1_64' title="bbox 2129 2068 3633 2142">
    <p class='ocr_par' dir='ltr' id='par_1_64' title="bbox 2129 2068 3633 2142">
     <span class='ocr_line' id='line_1_64' title="bbox 2129 2068 3633 2142; baseline 0.002 -20"><span class='ocrx_word' id='word_1_379' title='bbox 2129 2069 2248 2123; x_wconf 84' lang='grc' dir='ltr'><strong>Κᾶν</strong></span> <span class='ocrx_word' id='word_1_380' title='bbox 2281 2069 2355 2139; x_wconf 83' lang='grc' dir='ltr'>μὴ</span> <span class='ocrx_word' id='word_1_381' title='bbox 2388 2068 2631 2140; x_wconf 89' lang='grc' dir='ltr'>προϐῶσι</span> <span class='ocrx_word' id='word_1_382' title='bbox 2666 2071 2881 2140; x_wconf 73' lang='grc' dir='ltr'>γαμικὰ</span> <span class='ocrx_word' id='word_1_383' title='bbox 2909 2071 3216 2141; x_wconf 89' lang='grc' dir='ltr'>συμϐόλαια</span> <span class='ocrx_word' id='word_1_384' title='bbox 3245 2072 3382 2142; x_wconf 76' lang='grc' dir='ltr'>πρὸς</span> <span class='ocrx_word' id='word_1_385' title='bbox 3407 2069 3633 2141; x_wconf 82' lang='grc' dir='ltr'>ταύτης.</span> 
     </span>
    </p>
   </div>
   <div class='ocr_carea' id='block_1_65' title="bbox 2125 2160 3425 2234">
    <p class='ocr_par' dir='ltr' id='par_1_65' title="bbox 2125 2160 3425 2234">
     <span class='ocr_line' id='line_1_65' title="bbox 2125 2160 3425 2234; baseline 0.005 -22"><span class='ocrx_word' id='word_1_386' title='bbox 2125 2160 2415 2230; x_wconf 78' lang='grc' dir='ltr'>Δεφένσωρ</span> <span class='ocrx_word' id='word_1_387' title='bbox 2441 2161 2762 2232; x_wconf 84' lang='grc' dir='ltr'>ἐπιτήδειος,</span> <span class='ocrx_word' id='word_1_388' title='bbox 2798 2162 2972 2226; x_wconf 79' lang='grc' dir='ltr'>οὐδεὶς</span> <span class='ocrx_word' id='word_1_389' title='bbox 3004 2164 3174 2234; x_wconf 77' lang='grc' dir='ltr'>χωρὶς</span> <span class='ocrx_word' id='word_1_390' title='bbox 3198 2164 3425 2234; x_wconf 86' lang='grc' dir='ltr'>ἐγγύης.</span> 
     </span>
    </p>
   </div>
   <div class='ocr_carea' id='block_1_66' title="bbox 2138 2256 3395 2327">
    <p class='ocr_par' dir='ltr' id='par_1_66' title="bbox 2138 2256 3395 2327">
     <span class='ocr_line' id='line_1_66' title="bbox 2138 2256 3395 2327; baseline 0.005 -20"><span class='ocrx_word' id='word_1_391' title='bbox 2138 2258 2196 2308; x_wconf 89' lang='grc' dir='ltr'><strong>Ὀ</strong></span> <span class='ocrx_word' id='word_1_392' title='bbox 2228 2256 2411 2308; x_wconf 89' lang='grc' dir='ltr'>δοῦναι</span> <span class='ocrx_word' id='word_1_393' title='bbox 2442 2257 2801 2327; x_wconf 86' lang='grc' dir='ltr'>προελόμενος</span> <span class='ocrx_word' id='word_1_394' title='bbox 2836 2259 2948 2321; x_wconf 78' lang='grc' dir='ltr'>τσος</span> <span class='ocrx_word' id='word_1_395' title='bbox 2978 2258 3056 2327; x_wconf 91' lang='grc' dir='ltr'>τῷ</span> <span class='ocrx_word' id='word_1_396' title='bbox 3090 2259 3345 2313; x_wconf 85' lang='grc' dir='ltr'>δεδωκότι</span> <span class='ocrx_word' id='word_1_397' title='bbox 3381 2274 3395 2288; x_wconf 89' lang='grc'><strong>·</strong></span> 
     </span>
    </p>
   </div>
   <div class='ocr_carea' id='block_1_67' title="bbox 2140 2346 3565 2422">
    <p class='ocr_par' dir='ltr' id='par_1_67' title="bbox 2140 2346 3565 2422">
     <span class='ocr_line' id='line_1_67' title="bbox 2140 2346 3565 2422; baseline 0.002 -22"><span class='ocrx_word' id='word_1_398' title='bbox 2140 2346 2550 2419; x_wconf 87' lang='grc' dir='ltr'>Ἐπιτροπεύειν</span> <span class='ocrx_word' id='word_1_399' title='bbox 2580 2349 2833 2403; x_wconf 86' lang='grc' dir='ltr'>δύνανται</span> <span class='ocrx_word' id='word_1_400' title='bbox 2862 2351 2969 2403; x_wconf 87' lang='grc' dir='ltr'><strong>τῶν</strong></span> <span class='ocrx_word' id='word_1_401' title='bbox 2986 2350 3191 2403; x_wconf 82' lang='grc' dir='ltr'>τέκνων</span> <span class='ocrx_word' id='word_1_402' title='bbox 3219 2353 3273 2404; x_wconf 76' lang='grc' dir='ltr'>αἱ</span> <span class='ocrx_word' id='word_1_403' title='bbox 3311 2351 3565 2422; x_wconf 80' lang='grc' dir='ltr'>μητέρες.</span> 
     </span>
    </p>
   </div>
   <div class='ocr_carea' id='block_1_68' title="bbox 2142 2440 3561 2510">
    <p class='ocr_par' dir='ltr' id='par_1_68' title="bbox 2142 2440 3561 2510">
     <span class='ocr_line' id='line_1_68' title="bbox 2142 2440 3561 2510; baseline 0.002 -18"><span class='ocrx_word' id='word_1_404' title='bbox 2142 2440 2229 2493; x_wconf 87' lang='grc' dir='ltr'>Ἐν</span> <span class='ocrx_word' id='word_1_405' title='bbox 2263 2441 2413 2510; x_wconf 84' lang='grc' dir='ltr'>μέσῳ</span> <span class='ocrx_word' id='word_1_406' title='bbox 2450 2441 2605 2510; x_wconf 85' lang='grc' dir='ltr'>δίκης</span> <span class='ocrx_word' id='word_1_407' title='bbox 2635 2441 2820 2495; x_wconf 87' lang='grc' dir='ltr'>ἄδικον</span> <span class='ocrx_word' id='word_1_408' title='bbox 2857 2441 3105 2509; x_wconf 87' lang='grc' dir='ltr'>γίνεσθαι</span> <span class='ocrx_word' id='word_1_409' title='bbox 3132 2442 3309 2504; x_wconf 87' lang='grc' dir='ltr'>θείους</span> <span class='ocrx_word' id='word_1_410' title='bbox 3333 2441 3561 2503; x_wconf 88' lang='grc' dir='ltr'>τύπους.</span> 
     </span>
    </p>
   </div>
   <div class='ocr_carea' id='block_1_69' title="bbox 2140 2530 3565 2603">
    <p class='ocr_par' dir='ltr' id='par_1_69' title="bbox 2140 2530 3565 2603">
     <span class='ocr_line' id='line_1_69' title="bbox 2140 2530 3565 2603; baseline 0 -18"><span class='ocrx_word' id='word_1_411' title='bbox 2140 2532 2205 2585; x_wconf 84' lang='grc' dir='ltr'>Ἢ</span> <span class='ocrx_word' id='word_1_412' title='bbox 2233 2530 2427 2601; x_wconf 81' lang='grc' dir='ltr'>γνώμη</span> <span class='ocrx_word' id='word_1_413' title='bbox 2456 2532 2549 2585; x_wconf 87' lang='grc' dir='ltr'><strong>τοῦ</strong></span> <span class='ocrx_word' id='word_1_414' title='bbox 2580 2533 2921 2603; x_wconf 82' lang='grc' dir='ltr'>τεστάτωρος</span> <span class='ocrx_word' id='word_1_415' title='bbox 2947 2532 3165 2587; x_wconf 87' lang='grc' dir='ltr'>πάντων</span> <span class='ocrx_word' id='word_1_416' title='bbox 3195 2532 3565 2603; x_wconf 86' lang='grc' dir='ltr'>προτιμητέα.</span> 
     </span>
    </p>
   </div>
   <div class='ocr_carea' id='block_1_70' title="bbox 2128 2624 3451 2696">
    <p class='ocr_par' dir='ltr' id='par_1_70' title="bbox 2128 2624 3451 2696">
     <span class='ocr_line' id='line_1_70' title="bbox 2128 2624 3451 2696; baseline 0 -18"><span class='ocrx_word' id='word_1_417' title='bbox 2128 2625 2298 2686; x_wconf 85' lang='grc' dir='ltr'>Τόκος</span> <span class='ocrx_word' id='word_1_418' title='bbox 2331 2624 2768 2693; x_wconf 85' lang='grc' dir='ltr'>ἀνεπερώτητος,</span> <span class='ocrx_word' id='word_1_419' title='bbox 2806 2627 2884 2686; x_wconf 86' lang='grc' dir='ltr'>εἰς</span> <span class='ocrx_word' id='word_1_420' title='bbox 2912 2625 3121 2678; x_wconf 84' lang='grc' dir='ltr'>δάνειον</span> <span class='ocrx_word' id='word_1_421' title='bbox 3150 2627 3210 2677; x_wconf 83' lang='grc' dir='ltr'><strong>ού</strong></span> <span class='ocrx_word' id='word_1_422' title='bbox 3245 2625 3451 2696; x_wconf 81' lang='grc' dir='ltr'>τρέχει.</span> 
     </span>
    </p>
   </div>
   <div class='ocr_carea' id='block_1_71' title="bbox 2130 2715 3707 2789">
    <p class='ocr_par' dir='ltr' id='par_1_71' title="bbox 2130 2715 3707 2789">
     <span class='ocr_line' id='line_1_71' title="bbox 2130 2715 3707 2789; baseline -0.003 -17"><span class='ocrx_word' id='word_1_423' title='bbox 2130 2720 2241 2789; x_wconf 81' lang='grc' dir='ltr'>Τὴν</span> <span class='ocrx_word' id='word_1_424' title='bbox 2265 2718 2374 2773; x_wconf 87' lang='grc' dir='ltr'><strong>τῶν</strong></span> <span class='ocrx_word' id='word_1_425' title='bbox 2397 2717 2583 2771; x_wconf 87' lang='grc' dir='ltr'>κακῶν</span> <span class='ocrx_word' id='word_1_426' title='bbox 2608 2717 2917 2788; x_wconf 74' lang='grc' dir='ltr'>εἰσαγωγὴν</span> <span class='ocrx_word' id='word_1_427' title='bbox 2947 2718 3007 2771; x_wconf 83' lang='grc' dir='ltr'><strong>ού</strong></span> <span class='ocrx_word' id='word_1_428' title='bbox 3024 2719 3242 2787; x_wconf 79' lang='grc' dir='ltr'>σφίγγει</span> <span class='ocrx_word' id='word_1_429' title='bbox 3270 2720 3481 2788; x_wconf 76' lang='grc' dir='ltr'>μακρὸς</span> <span class='ocrx_word' id='word_1_430' title='bbox 3495 2715 3707 2787; x_wconf 83' lang='grc' dir='ltr'>χρόνος.</span> 
     </span>
    </p>
   </div>
   <div class='ocr_carea' id='block_1_72' title="bbox 2131 2808 3493 2880">
    <p class='ocr_par' dir='ltr' id='par_1_72' title="bbox 2131 2808 3493 2880">
     <span class='ocr_line' id='line_1_72' title="bbox 2131 2808 3493 2880; baseline 0 -18"><span class='ocrx_word' id='word_1_431' title='bbox 2131 2809 2254 2863; x_wconf 84' lang='grc' dir='ltr'><strong>Τῶν</strong></span> <span class='ocrx_word' id='word_1_432' title='bbox 2282 2810 2473 2880; x_wconf 89' lang='grc' dir='ltr'>γάμων</span> <span class='ocrx_word' id='word_1_433' title='bbox 2509 2812 2555 2862; x_wconf 87' lang='grc' dir='ltr'><strong>οί</strong></span> <span class='ocrx_word' id='word_1_434' title='bbox 2590 2808 2862 2875; x_wconf 81' lang='grc' dir='ltr'>ἁθέμιτοι,</span> <span class='ocrx_word' id='word_1_435' title='bbox 2897 2812 3107 2871; x_wconf 80' lang='grc' dir='ltr'>ποιναῖς</span> <span class='ocrx_word' id='word_1_436' title='bbox 3134 2810 3493 2880; x_wconf 83' lang='grc' dir='ltr'>τιμωρητέοι.</span> 
     </span>
    </p>
   </div>
   <div class='ocr_carea' id='block_1_73' title="bbox 2131 2899 3512 2971">
    <p class='ocr_par' dir='ltr' id='par_1_73' title="bbox 2131 2899 3512 2971">
     <span class='ocr_line' id='line_1_73' title="bbox 2131 2899 3512 2971; baseline 0.001 -17"><span class='ocrx_word' id='word_1_437' title='bbox 2131 2902 2194 2955; x_wconf 84' lang='grc' dir='ltr'>Οί</span> <span class='ocrx_word' id='word_1_438' title='bbox 2220 2901 2667 2971; x_wconf 77' lang='grc' dir='ltr'>πλημμελοῦντες</span> <span class='ocrx_word' id='word_1_439' title='bbox 2702 2902 2914 2967; x_wconf 85' lang='grc' dir='ltr'>κόλασι,</span> <span class='ocrx_word' id='word_1_440' title='bbox 2946 2901 3237 2953; x_wconf 83' lang='grc' dir='ltr'>διδότωσαν</span> <span class='ocrx_word' id='word_1_441' title='bbox 3266 2899 3512 2965; x_wconf 86' lang='grc' dir='ltr'>δικαίως,</span> 
     </span>
    </p>
   </div>
   <div class='ocr_carea' id='block_1_74' title="bbox 2130 2990 3413 3061">
    <p class='ocr_par' dir='ltr' id='par_1_74' title="bbox 2130 2990 3413 3061">
     <span class='ocr_line' id='line_1_74' title="bbox 2130 2990 3413 3061; baseline -0.002 -16"><span class='ocrx_word' id='word_1_442' title='bbox 2130 2991 2536 3061; x_wconf 78' lang='grc' dir='ltr'>Φυλαττόμενον</span> <span class='ocrx_word' id='word_1_443' title='bbox 2571 2990 2813 3060; x_wconf 88' lang='grc' dir='ltr'>νομικῶς</span> <span class='ocrx_word' id='word_1_444' title='bbox 2844 2990 3095 3060; x_wconf 86' lang='grc' dir='ltr'>νομίμοις</span> <span class='ocrx_word' id='word_1_445' title='bbox 3123 2990 3413 3060; x_wconf 67' lang='grc' dir='ltr'>διαδόχοις,</span> 
     </span>
    </p>
   </div>
   <div class='ocr_carea' id='block_1_75' title="bbox 2131 3078 3707 3154">
    <p class='ocr_par' dir='ltr' id='par_1_75' title="bbox 2131 3078 3707 3154">
     <span class='ocr_line' id='line_1_75' title="bbox 2131 3078 3707 3154; baseline -0.001 -16"><span class='ocrx_word' id='word_1_446' title='bbox 2131 3078 2233 3138; x_wconf 66' lang='grc' dir='ltr'><strong>ΊΓΩν</strong></span> <span class='ocrx_word' id='word_1_447' title='bbox 2255 3084 2468 3154; x_wconf 77' lang='grc' dir='ltr'>ἔχουσιν</span> <span class='ocrx_word' id='word_1_448' title='bbox 2492 3085 2539 3137; x_wconf 90' lang='grc' dir='ltr'>οἱ</span> <span class='ocrx_word' id='word_1_449' title='bbox 2581 3083 2912 3147; x_wconf 86' lang='grc' dir='ltr'>πταίσαντες</span> <span class='ocrx_word' id='word_1_450' title='bbox 2939 3081 3190 3152; x_wconf 79' lang='grc' dir='ltr'>νομίμων</span> <span class='ocrx_word' id='word_1_451' title='bbox 3217 3083 3310 3137; x_wconf 72' lang='grc' dir='ltr'><strong>καὶ</strong></span> <span class='ocrx_word' id='word_1_452' title='bbox 3339 3098 3707 3153; x_wconf 84' lang='grc' dir='ltr'>πραγματων.</span> 
     </span>
    </p>
   </div>
   <div class='ocr_carea' id='block_1_76' title="bbox 3315 3171 3606 3229">
    <p class='ocr_par' dir='ltr' id='par_1_76' title="bbox 3315 3171 3606 3229">
     <span class='ocr_line' id='line_1_76' title="bbox 3315 3171 3606 3229; baseline -0.01 -3"><span class='ocrx_word' id='word_1_453' title='bbox 3315 3172 3469 3229; x_wconf 87' lang='lat' dir='ltr'><strong>Vers.</strong></span> <span class='ocrx_word' id='word_1_454' title='bbox 3501 3171 3606 3228; x_wconf 77' lang='lat'><strong>387</strong></span> 
     </span>
    </p>
   </div>
   <div class='ocr_carea' id='block_1_77' title="bbox 2134 3357 3714 3423">
    <p class='ocr_par' dir='ltr' id='par_1_77' title="bbox 2134 3357 3714 3423">
     <span class='ocr_line' id='line_1_77' title="bbox 2134 3357 3714 3423; baseline -0.002 -10"><span class='ocrx_word' id='word_1_455' title='bbox 2134 3361 2293 3423; x_wconf 78' lang='lat' dir='ltr'><strong>locus</strong></span> <span class='ocrx_word' id='word_1_456' title='bbox 2320 3361 2445 3418; x_wconf 89' lang='lat' dir='ltr'><strong>erit.</strong></span> <span class='ocrx_word' id='word_1_457' title='bbox 2485 3360 2679 3415; x_wconf 84' lang='lat' dir='ltr'><strong>Mulier</strong></span> <span class='ocrx_word' id='word_1_458' title='bbox 2724 3369 3012 3415; x_wconf 87' lang='lat' dir='ltr'><strong>constante</strong></span> <span class='ocrx_word' id='word_1_459' title='bbox 3059 3359 3431 3423; x_wconf 76' lang='lat' dir='ltr'><strong>matrimonio,</strong></span> <span class='ocrx_word' id='word_1_460' title='bbox 3481 3357 3714 3412; x_wconf 88' lang='lat' dir='ltr'><strong>faculta-</strong></span> 
     </span>
    </p>
   </div>
   <div class='ocr_carea' id='block_1_78' title="bbox 2138 3450 3711 3522">
    <p class='ocr_par' dir='ltr' id='par_1_78' title="bbox 2138 3450 3711 3522">
     <span class='ocr_line' id='line_1_78' title="bbox 2138 3450 3711 3522; baseline -0.001 -16"><span class='ocrx_word' id='word_1_461' title='bbox 2138 3462 2242 3508; x_wconf 88' lang='lat' dir='ltr'><strong>tem</strong></span> <span class='ocrx_word' id='word_1_462' title='bbox 2274 3470 2384 3507; x_wconf 89' lang='lat' dir='ltr'><strong>non</strong></span> <span class='ocrx_word' id='word_1_463' title='bbox 2438 3453 2602 3507; x_wconf 84' lang='lat' dir='ltr'><strong>habet</strong></span> <span class='ocrx_word' id='word_1_464' title='bbox 2647 3453 2971 3507; x_wconf 88' lang='lat' dir='ltr'><strong>deteriorem</strong></span> <span class='ocrx_word' id='word_1_465' title='bbox 3010 3452 3246 3506; x_wconf 81' lang='lat' dir='ltr'><strong>faciendi</strong></span> <span class='ocrx_word' id='word_1_466' title='bbox 3280 3451 3426 3505; x_wconf 90' lang='lat' dir='ltr'><strong>dotis</strong></span> <span class='ocrx_word' id='word_1_467' title='bbox 3476 3450 3711 3522; x_wconf 64' lang='lat' dir='ltr'><strong>propriae</strong></span> 
     </span>
    </p>
   </div>
   <div class='ocr_carea' id='block_1_79' title="bbox 2136 3543 3711 3599">
    <p class='ocr_par' dir='ltr' id='par_1_79' title="bbox 2136 3543 3711 3599">
     <span class='ocr_line' id='line_1_79' title="bbox 2136 3543 3711 3599; baseline -0.003 -1"><span class='ocrx_word' id='word_1_468' title='bbox 2136 3545 2533 3599; x_wconf 88' lang='lat' dir='ltr'><strong>conditionem.</strong></span> <span class='ocrx_word' id='word_1_469' title='bbox 2565 3544 2827 3598; x_wconf 89' lang='lat' dir='ltr'><strong>Tutorem</strong></span> <span class='ocrx_word' id='word_1_470' title='bbox 2863 3543 3083 3598; x_wconf 88' lang='lat' dir='ltr'><strong>habenti</strong></span> <span class='ocrx_word' id='word_1_471' title='bbox 3125 3543 3267 3597; x_wconf 90' lang='lat' dir='ltr'><strong>alius</strong></span> <span class='ocrx_word' id='word_1_472' title='bbox 3308 3550 3460 3597; x_wconf 90' lang='lat' dir='ltr'><strong>tutor</strong></span> <span class='ocrx_word' id='word_1_473' title='bbox 3491 3557 3598 3596; x_wconf 90' lang='lat' dir='ltr'><strong>non</strong></span> <span class='ocrx_word' id='word_1_474' title='bbox 3625 3550 3711 3595; x_wconf 87' lang='lat' dir='ltr'><strong>est</strong></span> 
     </span>
    </p>
   </div>
   <div class='ocr_carea' id='block_1_80' title="bbox 2137 3632 3711 3704">
    <p class='ocr_par' dir='ltr' id='par_1_80' title="bbox 2137 3632 3711 3704">
     <span class='ocr_line' id='line_1_80' title="bbox 2137 3632 3711 3704; baseline -0.002 -15"><span class='ocrx_word' id='word_1_475' title='bbox 2137 3636 2369 3689; x_wconf 87' lang='lat' dir='ltr'><strong>dandus.</strong></span> <span class='ocrx_word' id='word_1_476' title='bbox 2402 3635 2575 3704; x_wconf 86' lang='lat' dir='ltr'><strong>Majus</strong></span> <span class='ocrx_word' id='word_1_477' title='bbox 2602 3635 2841 3689; x_wconf 88' lang='lat' dir='ltr'><strong>tribunal</strong></span> <span class='ocrx_word' id='word_1_478' title='bbox 2889 3634 3072 3701; x_wconf 89' lang='lat' dir='ltr'><strong>potius</strong></span> <span class='ocrx_word' id='word_1_479' title='bbox 3107 3643 3191 3688; x_wconf 85' lang='lat' dir='ltr'><strong>est</strong></span> <span class='ocrx_word' id='word_1_480' title='bbox 3217 3635 3543 3697; x_wconf 89' lang='lat' dir='ltr'><strong>minoribus,</strong></span> <span class='ocrx_word' id='word_1_481' title='bbox 3594 3632 3711 3688; x_wconf 93' lang='lat' dir='ltr'><strong>sive</strong></span> 
     </span>
    </p>
   </div>
   <div class='ocr_carea' id='block_1_81' title="bbox 2135 3726 3708 3797">
    <p class='ocr_par' dir='ltr' id='par_1_81' title="bbox 2135 3726 3708 3797">
     <span class='ocr_line' id='line_1_81' title="bbox 2135 3726 3708 3797; baseline -0.001 -17"><span class='ocrx_word' id='word_1_482' title='bbox 2135 3728 2437 3789; x_wconf 79' lang='lat' dir='ltr'><strong>criminale.</strong></span> <span class='ocrx_word' id='word_1_483' title='bbox 2473 3727 2813 3797; x_wconf 86' lang='lat' dir='ltr'><strong>peeuniario.</strong></span> <span class='ocrx_word' id='word_1_484' title='bbox 2867 3726 3111 3780; x_wconf 86' lang='lat' dir='ltr'><strong>Crimina</strong></span> <span class='ocrx_word' id='word_1_485' title='bbox 3148 3728 3351 3795; x_wconf 83' lang='lat' dir='ltr'><strong>justam</strong></span> <span class='ocrx_word' id='word_1_486' title='bbox 3415 3726 3708 3779; x_wconf 87' lang='lat' dir='ltr'><strong>vindictam</strong></span> 
     </span>
    </p>
   </div>
   <div class='ocr_carea' id='block_1_82' title="bbox 2138 3819 3714 3889">
    <p class='ocr_par' dir='ltr' id='par_1_82' title="bbox 2138 3819 3714 3889">
     <span class='ocr_line' id='line_1_82' title="bbox 2138 3819 3714 3889; baseline 0.001 -18"><span class='ocrx_word' id='word_1_487' title='bbox 2138 3820 2360 3872; x_wconf 90' lang='lat' dir='ltr'><strong>habent.</strong></span> <span class='ocrx_word' id='word_1_488' title='bbox 2399 3820 2518 3883; x_wconf 87' lang='lat' dir='ltr'><strong>Quo</strong></span> <span class='ocrx_word' id='word_1_489' title='bbox 2579 3821 2699 3875; x_wconf 87' lang='lat' dir='ltr'><strong>loco</strong></span> <span class='ocrx_word' id='word_1_490' title='bbox 2731 3820 2855 3889; x_wconf 85' lang='lat' dir='ltr'><strong>quis</strong></span> <span class='ocrx_word' id='word_1_491' title='bbox 2888 3819 3119 3889; x_wconf 89' lang='lat' dir='ltr'><strong>deliquit</strong></span> <span class='ocrx_word' id='word_1_492' title='bbox 3150 3820 3216 3874; x_wconf 90' lang='lat' dir='ltr'><strong>de</strong></span> <span class='ocrx_word' id='word_1_493' title='bbox 3239 3819 3469 3874; x_wconf 85' lang='lat' dir='ltr'><strong>crimine</strong></span> <span class='ocrx_word' id='word_1_494' title='bbox 3511 3834 3714 3885; x_wconf 78' lang='lat' dir='ltr'><strong>cogno-</strong></span> 
     </span>
    </p>
   </div>
   <div class='ocr_carea' id='block_1_83' title="bbox 2135 3908 3709 3981">
    <p class='ocr_par' dir='ltr' id='par_1_83' title="bbox 2135 3908 3709 3981">
     <span class='ocr_line' id='line_1_83' title="bbox 2135 3908 3709 3981; baseline 0.001 -17"><span class='ocrx_word' id='word_1_495' title='bbox 2135 3911 2326 3964; x_wconf 87' lang='lat' dir='ltr'><strong>scitur.</strong></span> <span class='ocrx_word' id='word_1_496' title='bbox 2372 3909 2701 3981; x_wconf 88' lang='lat' dir='ltr'><strong>Ubicunque</strong></span> <span class='ocrx_word' id='word_1_497' title='bbox 2730 3921 2812 3967; x_wconf 92' lang='lat' dir='ltr'><strong>est</strong></span> <span class='ocrx_word' id='word_1_498' title='bbox 2842 3910 2956 3968; x_wconf 88' lang='lat' dir='ltr'><strong>litis</strong></span> <span class='ocrx_word' id='word_1_499' title='bbox 2985 3912 3340 3978; x_wconf 86' lang='lat' dir='ltr'><strong>contestatio,</strong></span> <span class='ocrx_word' id='word_1_500' title='bbox 3371 3908 3444 3966; x_wconf 85' lang='lat' dir='ltr'><strong>ibi</strong></span> <span class='ocrx_word' id='word_1_501' title='bbox 3473 3922 3527 3967; x_wconf 90' lang='lat' dir='ltr'><strong>et</strong></span> <span class='ocrx_word' id='word_1_502' title='bbox 3568 3926 3709 3966; x_wconf 89' lang='lat' dir='ltr'><strong>con-</strong></span> 
     </span>
    </p>
   </div>
   <div class='ocr_carea' id='block_1_84' title="bbox 2134 4005 2437 4060">
    <p class='ocr_par' dir='ltr' id='par_1_84' title="bbox 2134 4005 2437 4060">
     <span class='ocr_line' id='line_1_84' title="bbox 2134 4005 2437 4060; baseline 0.007 -2"><span class='ocrx_word' id='word_1_503' title='bbox 2134 4005 2437 4060; x_wconf 86' lang='lat' dir='ltr'><strong>demnatio.</strong></span> 
     </span>
    </p>
   </div>
   <div class='ocr_carea' id='block_1_85' title="bbox 2211 4095 3712 4166">
    <p class='ocr_par' dir='ltr' id='par_1_85' title="bbox 2211 4095 3712 4166">
     <span class='ocr_line' id='line_1_85' title="bbox 2211 4095 3712 4166; baseline 0.001 -18"><span class='ocrx_word' id='word_1_504' title='bbox 2211 4096 2415 4150; x_wconf 85' lang='lat' dir='ltr'><strong>Deinde</strong></span> <span class='ocrx_word' id='word_1_505' title='bbox 2479 4096 2572 4150; x_wconf 88' lang='lat' dir='ltr'><strong>tibi</strong></span> <span class='ocrx_word' id='word_1_506' title='bbox 2612 4098 2780 4151; x_wconf 73' lang='lat' dir='ltr'><strong>adero</strong></span> <span class='ocrx_word' id='word_1_507' title='bbox 2803 4096 3150 4151; x_wconf 88' lang='lat' dir='ltr'><strong>Novellarum</strong></span> <span class='ocrx_word' id='word_1_508' title='bbox 3196 4096 3418 4166; x_wconf 81' lang='lat' dir='ltr'><strong>regulas</strong></span> <span class='ocrx_word' id='word_1_509' title='bbox 3463 4110 3586 4165; x_wconf 68' lang='lat' dir='ltr'><strong>qum</strong></span> <span class='ocrx_word' id='word_1_510' title='bbox 3613 4095 3712 4150; x_wconf 86' lang='lat' dir='ltr'><strong>de-</strong></span> 
     </span>
    </p>
   </div>
   <div class='ocr_carea' id='block_1_86' title="bbox 2139 4189 3714 4257">
    <p class='ocr_par' dir='ltr' id='par_1_86' title="bbox 2139 4189 3714 4257">
     <span class='ocr_line' id='line_1_86' title="bbox 2139 4189 3714 4257; baseline -0.003 -12"><span class='ocrx_word' id='word_1_511' title='bbox 2139 4192 2353 4245; x_wconf 90' lang='lat' dir='ltr'><strong>clarant</strong></span> <span class='ocrx_word' id='word_1_512' title='bbox 2379 4190 2559 4244; x_wconf 88' lang='lat' dir='ltr'><strong>valere</strong></span> <span class='ocrx_word' id='word_1_513' title='bbox 2592 4190 2944 4243; x_wconf 90' lang='lat' dir='ltr'><strong>morientium</strong></span> <span class='ocrx_word' id='word_1_514' title='bbox 2986 4189 3330 4252; x_wconf 83' lang='lat' dir='ltr'><strong>voluntates,</strong></span> <span class='ocrx_word' id='word_1_515' title='bbox 3367 4202 3714 4257; x_wconf 60' lang='lat' dir='ltr'><strong>quaecunque</strong></span> 
     </span>
    </p>
   </div>
   <div class='ocr_carea' id='block_1_87' title="bbox 2137 4276 3709 4348">
    <p class='ocr_par' dir='ltr' id='par_1_87' title="bbox 2137 4276 3709 4348">
     <span class='ocr_line' id='line_1_87' title="bbox 2137 4276 3709 4348; baseline 0 -18"><span class='ocrx_word' id='word_1_516' title='bbox 2137 4277 2350 4347; x_wconf 84' lang='lat' dir='ltr'><strong>legibus</strong></span> <span class='ocrx_word' id='word_1_517' title='bbox 2427 4278 2619 4347; x_wconf 87' lang='lat' dir='ltr'><strong>positis</strong></span> <span class='ocrx_word' id='word_1_518' title='bbox 2678 4294 2783 4332; x_wconf 93' lang='lat' dir='ltr'><strong>non</strong></span> <span class='ocrx_word' id='word_1_519' title='bbox 2841 4286 3171 4348; x_wconf 84' lang='lat' dir='ltr'><strong>repugnant.</strong></span> <span class='ocrx_word' id='word_1_520' title='bbox 3243 4276 3458 4347; x_wconf 78' lang='lat' dir='ltr'><strong>Nuptia:</strong></span> <span class='ocrx_word' id='word_1_521' title='bbox 3526 4276 3709 4331; x_wconf 81' lang='lat' dir='ltr'><strong>dotem</strong></span> 
     </span>
    </p>
   </div>
   <div class='ocr_carea' id='block_1_88' title="bbox 2139 4368 3710 4440">
    <p class='ocr_par' dir='ltr' id='par_1_88' title="bbox 2139 4368 3710 4440">
     <span class='ocr_line' id='line_1_88' title="bbox 2139 4368 3710 4440; baseline -0.002 -15"><span class='ocrx_word' id='word_1_522' title='bbox 2139 4372 2499 4433; x_wconf 87' lang='lat' dir='ltr'><strong>constituunt,</strong></span> <span class='ocrx_word' id='word_1_523' title='bbox 2564 4371 2785 4440; x_wconf 89' lang='lat' dir='ltr'><strong>nuptias</strong></span> <span class='ocrx_word' id='word_1_524' title='bbox 2854 4385 2983 4425; x_wconf 86' lang='lat' dir='ltr'><strong>vero</strong></span> <span class='ocrx_word' id='word_1_525' title='bbox 3043 4372 3199 4425; x_wconf 89' lang='lat' dir='ltr'><strong>dotes</strong></span> <span class='ocrx_word' id='word_1_526' title='bbox 3266 4387 3375 4425; x_wconf 83' lang='lat' dir='ltr'><strong>non</strong></span> <span class='ocrx_word' id='word_1_527' title='bbox 3445 4368 3710 4425; x_wconf 67' lang='lat' dir='ltr'><strong>efficiunt.</strong></span> 
     </span>
    </p>
   </div>
   <div class='ocr_carea' id='block_1_89' title="bbox 2138 4461 3713 4533">
    <p class='ocr_par' dir='ltr' id='par_1_89' title="bbox 2138 4461 3713 4533">
     <span class='ocr_line' id='line_1_89' title="bbox 2138 4461 3713 4533; baseline -0.001 -17"><span class='ocrx_word' id='word_1_528' title='bbox 2138 4462 2293 4528; x_wconf 88' lang='lat' dir='ltr'><strong>Quod</strong></span> <span class='ocrx_word' id='word_1_529' title='bbox 2336 4463 2420 4517; x_wconf 79' lang='lat' dir='ltr'><strong>lex</strong></span> <span class='ocrx_word' id='word_1_530' title='bbox 2462 4464 2554 4516; x_wconf 87' lang='lat' dir='ltr'><strong>dat</strong></span> <span class='ocrx_word' id='word_1_531' title='bbox 2584 4478 2744 4517; x_wconf 80' lang='lat' dir='ltr'><strong>neruo</strong></span> <span class='ocrx_word' id='word_1_532' title='bbox 2775 4462 2975 4517; x_wconf 88' lang='lat' dir='ltr'><strong>aufert.</strong></span> <span class='ocrx_word' id='word_1_533' title='bbox 3022 4461 3457 4533; x_wconf 66' lang='lat' dir='ltr'><strong>Prmscriptionis</strong></span> <span class='ocrx_word' id='word_1_534' title='bbox 3486 4463 3713 4533; x_wconf 89' lang='lat' dir='ltr'><strong>opposi-</strong></span> 
     </span>
    </p>
   </div>
   <div class='ocr_carea' id='block_1_90' title="bbox 462 4550 3711 4619">
    <p class='ocr_par' dir='ltr' id='par_1_90' title="bbox 462 4550 3711 4619">
     <span class='ocr_line' id='line_1_90' title="bbox 462 4550 3711 4619; baseline -0.002 -8"><span class='ocrx_word' id='word_1_535' title='bbox 462 4554 763 4611; x_wconf 86' lang='lat' dir='ltr'><strong>sccundum</strong></span> <span class='ocrx_word' id='word_1_536' title='bbox 798 4553 963 4619; x_wconf 72' lang='lat' dir='ltr'><strong>leges,</strong></span> <span class='ocrx_word' id='word_1_537' title='bbox 991 4550 1135 4619; x_wconf 88' lang='lat' dir='ltr'><strong>quod</strong></span> <span class='ocrx_word' id='word_1_538' title='bbox 1199 4550 1252 4604; x_wconf 92' lang='lat' dir='ltr'><strong>in</strong></span> <span class='ocrx_word' id='word_1_539' title='bbox 1292 4550 1596 4604; x_wconf 85' lang='lat' dir='ltr'><strong>minoribus</strong></span> <span class='ocrx_word' id='word_1_540' title='bbox 1648 4551 1810 4605; x_wconf 85' lang='lat' dir='ltr'><strong>eflieit</strong></span> <span class='ocrx_word' id='word_1_541' title='bbox 1866 4553 2111 4612; x_wconf 85' lang='lat' dir='ltr'><strong>resti-D</strong></span> <span class='ocrx_word' id='word_1_542' title='bbox 2140 4556 2216 4607; x_wconf 90' lang='lat' dir='ltr'><strong>tio</strong></span> <span class='ocrx_word' id='word_1_543' title='bbox 2269 4570 2375 4608; x_wconf 89' lang='lat' dir='ltr'><strong>non</strong></span> <span class='ocrx_word' id='word_1_544' title='bbox 2413 4562 2495 4610; x_wconf 89' lang='lat' dir='ltr'><strong>est</strong></span> <span class='ocrx_word' id='word_1_545' title='bbox 2549 4554 2700 4609; x_wconf 83' lang='lat' dir='ltr'><strong>ﬁsco.</strong></span> <span class='ocrx_word' id='word_1_546' title='bbox 2765 4553 2957 4608; x_wconf 85' lang='lat' dir='ltr'><strong>Mulier</strong></span> <span class='ocrx_word' id='word_1_547' title='bbox 3005 4554 3247 4608; x_wconf 90' lang='lat' dir='ltr'><strong>secundo</strong></span> <span class='ocrx_word' id='word_1_548' title='bbox 3292 4553 3506 4608; x_wconf 89' lang='lat' dir='ltr'><strong>nubens</strong></span> <span class='ocrx_word' id='word_1_549' title='bbox 3564 4554 3711 4607; x_wconf 86' lang='lat' dir='ltr'><strong>intra</strong></span> 
     </span>
    </p>
   </div>
   <div class='ocr_carea' id='block_1_91' title="bbox 462 4641 2032 4713">
    <p class='ocr_par' dir='ltr' id='par_1_91' title="bbox 462 4641 2032 4713">
     <span class='ocr_line' id='line_1_91' title="bbox 462 4641 2032 4713; baseline -0.001 -15"><span class='ocrx_word' id='word_1_550' title='bbox 462 4647 620 4709; x_wconf 88' lang='lat' dir='ltr'><strong>tutio,</strong></span> <span class='ocrx_word' id='word_1_551' title='bbox 670 4645 723 4697; x_wconf 88' lang='lat' dir='ltr'><strong>id</strong></span> <span class='ocrx_word' id='word_1_552' title='bbox 769 4645 821 4696; x_wconf 90' lang='lat' dir='ltr'><strong>in</strong></span> <span class='ocrx_word' id='word_1_553' title='bbox 857 4642 1157 4709; x_wconf 82' lang='lat' dir='ltr'><strong>majoribus</strong></span> <span class='ocrx_word' id='word_1_554' title='bbox 1209 4641 1519 4709; x_wconf 84' lang='lat' dir='ltr'><strong>appellatio,</strong></span> <span class='ocrx_word' id='word_1_555' title='bbox 1570 4642 1756 4695; x_wconf 85' lang='lat' dir='ltr'><strong>eadem</strong></span> <span class='ocrx_word' id='word_1_556' title='bbox 1802 4660 2032 4713; x_wconf 87' lang='lat' dir='ltr'><strong>propor-</strong></span> 
     </span>
    </p>
   </div>
   <div class='ocr_carea' id='block_1_92' title="bbox 459 4732 2029 4803">
    <p class='ocr_par' dir='ltr' id='par_1_92' title="bbox 459 4732 2029 4803">
     <span class='ocr_line' id='line_1_92' title="bbox 459 4732 2029 4803; baseline -0.001 -12"><span class='ocrx_word' id='word_1_557' title='bbox 459 4736 777 4791; x_wconf 80' lang='lat' dir='ltr'><strong>tioueJnter</strong></span> <span class='ocrx_word' id='word_1_558' title='bbox 806 4746 1012 4803; x_wconf 88' lang='lat' dir='ltr'><strong>patrem</strong></span> <span class='ocrx_word' id='word_1_559' title='bbox 1039 4744 1089 4787; x_wconf 91' lang='lat' dir='ltr'><strong>et</strong></span> <span class='ocrx_word' id='word_1_560' title='bbox 1111 4732 1248 4786; x_wconf 82' lang='lat' dir='ltr'><strong>filios</strong></span> <span class='ocrx_word' id='word_1_561' title='bbox 1268 4749 1403 4802; x_wconf 86' lang='lat' dir='ltr'><strong>quos</strong></span> <span class='ocrx_word' id='word_1_562' title='bbox 1422 4734 1509 4788; x_wconf 92' lang='lat' dir='ltr'><strong>ille</strong></span> <span class='ocrx_word' id='word_1_563' title='bbox 1526 4734 1749 4787; x_wconf 86' lang='lat' dir='ltr'><strong>babetin</strong></span> <span class='ocrx_word' id='word_1_564' title='bbox 1767 4743 2029 4801; x_wconf 82' lang='lat' dir='ltr'><strong>potestate</strong></span> 
     </span>
    </p>
   </div>
   <div class='ocr_carea' id='block_1_93' title="bbox 459 4823 2029 4895">
    <p class='ocr_par' dir='ltr' id='par_1_93' title="bbox 459 4823 2029 4895">
     <span class='ocr_line' id='line_1_93' title="bbox 459 4823 2029 4895; baseline -0.001 -14"><span class='ocrx_word' id='word_1_565' title='bbox 459 4828 570 4881; x_wconf 86' lang='lat' dir='ltr'><strong>litis</strong></span> <span class='ocrx_word' id='word_1_566' title='bbox 594 4825 890 4880; x_wconf 89' lang='lat' dir='ltr'><strong>discrimen</strong></span> <span class='ocrx_word' id='word_1_567' title='bbox 937 4823 1149 4877; x_wconf 90' lang='lat' dir='ltr'><strong>institui</strong></span> <span class='ocrx_word' id='word_1_568' title='bbox 1180 4837 1289 4876; x_wconf 87' lang='lat' dir='ltr'><strong>non</strong></span> <span class='ocrx_word' id='word_1_569' title='bbox 1318 4832 1515 4890; x_wconf 86' lang='lat' dir='ltr'><strong>potest.</strong></span> <span class='ocrx_word' id='word_1_570' title='bbox 1568 4824 1889 4895; x_wconf 86' lang='lat' dir='ltr'><strong>Ubicunque</strong></span> <span class='ocrx_word' id='word_1_571' title='bbox 1945 4835 2029 4881; x_wconf 87' lang='lat' dir='ltr'><strong>est</strong></span> 
     </span>
    </p>
   </div>
   <div class='ocr_carea' id='block_1_94' title="bbox 457 4915 2028 4988">
    <p class='ocr_par' dir='ltr' id='par_1_94' title="bbox 457 4915 2028 4988">
     <span class='ocr_line' id='line_1_94' title="bbox 457 4915 2028 4988; baseline 0 -15"><span class='ocrx_word' id='word_1_572' title='bbox 457 4920 569 4973; x_wconf 90' lang='lat' dir='ltr'><strong>litis</strong></span> <span class='ocrx_word' id='word_1_573' title='bbox 601 4916 956 4979; x_wconf 88' lang='lat' dir='ltr'><strong>contestatio,</strong></span> <span class='ocrx_word' id='word_1_574' title='bbox 986 4915 1103 4968; x_wconf 83' lang='lat' dir='ltr'><strong>illic</strong></span> <span class='ocrx_word' id='word_1_575' title='bbox 1136 4923 1190 4968; x_wconf 90' lang='lat' dir='ltr'><strong>et</strong></span> <span class='ocrx_word' id='word_1_576' title='bbox 1218 4915 1483 4983; x_wconf 89' lang='lat' dir='ltr'><strong>judicatio</strong></span> <span class='ocrx_word' id='word_1_577' title='bbox 1513 4927 1617 4972; x_wconf 90' lang='lat' dir='ltr'><strong>est.</strong></span> <span class='ocrx_word' id='word_1_578' title='bbox 1652 4917 1826 4988; x_wconf 81' lang='lat' dir='ltr'><strong>Majus</strong></span> <span class='ocrx_word' id='word_1_579' title='bbox 1853 4920 2028 4973; x_wconf 88' lang='lat' dir='ltr'><strong>tribu-</strong></span> 
     </span>
    </p>
   </div>
   <div class='ocr_carea' id='block_1_95' title="bbox 458 5006 2025 5077">
    <p class='ocr_par' dir='ltr' id='par_1_95' title="bbox 458 5006 2025 5077">
     <span class='ocr_line' id='line_1_95' title="bbox 458 5006 2025 5077; baseline -0.001 -13"><span class='ocrx_word' id='word_1_580' title='bbox 458 5011 544 5065; x_wconf 84' lang='lat' dir='ltr'><strong>nal</strong></span> <span class='ocrx_word' id='word_1_581' title='bbox 568 5012 633 5065; x_wconf 88' lang='lat' dir='ltr'><strong>de</strong></span> <span class='ocrx_word' id='word_1_582' title='bbox 664 5010 863 5063; x_wconf 91' lang='lat' dir='ltr'><strong>minori</strong></span> <span class='ocrx_word' id='word_1_583' title='bbox 884 5007 1118 5077; x_wconf 88' lang='lat' dir='ltr'><strong>judicat.</strong></span> <span class='ocrx_word' id='word_1_584' title='bbox 1151 5006 1253 5073; x_wconf 86' lang='lat' dir='ltr'><strong>Qui</strong></span> <span class='ocrx_word' id='word_1_585' title='bbox 1286 5007 1470 5061; x_wconf 86' lang='lat' dir='ltr'><strong>sciens</strong></span> <span class='ocrx_word' id='word_1_586' title='bbox 1510 5009 1670 5063; x_wconf 90' lang='lat' dir='ltr'><strong>solvit</strong></span> <span class='ocrx_word' id='word_1_587' title='bbox 1702 5010 2025 5074; x_wconf 89' lang='lat' dir='ltr'><strong>iudebitum,</strong></span> 
     </span>
    </p>
   </div>
   <div class='ocr_carea' id='block_1_96' title="bbox 460 5100 2028 5169">
    <p class='ocr_par' dir='ltr' id='par_1_96' title="bbox 460 5100 2028 5169">
     <span class='ocr_line' id='line_1_96' title="bbox 460 5100 2028 5169; baseline 0.002 -13"><span class='ocrx_word' id='word_1_588' title='bbox 460 5100 625 5156; x_wconf 90' lang='lat' dir='ltr'><strong>soluti</strong></span> <span class='ocrx_word' id='word_1_589' title='bbox 672 5100 929 5169; x_wconf 90' lang='lat' dir='ltr'><strong>deinceps</strong></span> <span class='ocrx_word' id='word_1_590' title='bbox 961 5100 1362 5155; x_wconf 90' lang='lat' dir='ltr'><strong>condictionem</strong></span> <span class='ocrx_word' id='word_1_591' title='bbox 1398 5117 1505 5155; x_wconf 92' lang='lat' dir='ltr'><strong>non</strong></span> <span class='ocrx_word' id='word_1_592' title='bbox 1557 5101 1740 5156; x_wconf 89' lang='lat' dir='ltr'><strong>habet.</strong></span> <span class='ocrx_word' id='word_1_593' title='bbox 1801 5102 2028 5168; x_wconf 83' lang='lat' dir='ltr'><strong>Quoties</strong></span> 
     </span>
    </p>
   </div>
   <div class='ocr_carea' id='block_1_97' title="bbox 459 5192 2027 5264">
    <p class='ocr_par' dir='ltr' id='par_1_97' title="bbox 459 5192 2027 5264">
     <span class='ocr_line' id='line_1_97' title="bbox 459 5192 2027 5264; baseline 0.001 -16"><span class='ocrx_word' id='word_1_594' title='bbox 459 5194 792 5248; x_wconf 64' lang='lat' dir='ltr'><strong>aestimantes</strong></span> <span class='ocrx_word' id='word_1_595' title='bbox 858 5193 1125 5246; x_wconf 88' lang='lat' dir='ltr'><strong>rationem</strong></span> <span class='ocrx_word' id='word_1_596' title='bbox 1188 5193 1463 5248; x_wconf 86' lang='lat' dir='ltr'><strong>fructuum</strong></span> <span class='ocrx_word' id='word_1_597' title='bbox 1522 5192 1805 5258; x_wconf 88' lang='lat' dir='ltr'><strong>habemus,</strong></span> <span class='ocrx_word' id='word_1_598' title='bbox 1889 5209 2027 5264; x_wconf 85' lang='lat' dir='ltr'><strong>quos</strong></span> 
     </span>
    </p>
   </div>
   <div class='ocr_carea' id='block_1_98' title="bbox 460 5286 2025 5357">
    <p class='ocr_par' dir='ltr' id='par_1_98' title="bbox 460 5286 2025 5357">
     <span class='ocr_line' id='line_1_98' title="bbox 460 5286 2025 5357; baseline 0.002 -17"><span class='ocrx_word' id='word_1_599' title='bbox 460 5302 747 5354; x_wconf 80' lang='lat' dir='ltr'><strong>possessor</strong></span> <span class='ocrx_word' id='word_1_600' title='bbox 779 5286 1063 5354; x_wconf 84' lang='lat' dir='ltr'><strong>percipere</strong></span> <span class='ocrx_word' id='word_1_601' title='bbox 1100 5293 1343 5354; x_wconf 90' lang='lat' dir='ltr'><strong>poterat,</strong></span> <span class='ocrx_word' id='word_1_602' title='bbox 1386 5293 1575 5342; x_wconf 72' lang='lat' dir='ltr'><strong>exat-te</strong></span> <span class='ocrx_word' id='word_1_603' title='bbox 1637 5289 2025 5357; x_wconf 85' lang='lat' dir='ltr'><strong>perquirimus.</strong></span> 
     </span>
    </p>
   </div>
   <div class='ocr_carea' id='block_1_99' title="bbox 460 5380 2026 5437">
    <p class='ocr_par' dir='ltr' id='par_1_99' title="bbox 460 5380 2026 5437">
     <span class='ocr_line' id='line_1_99' title="bbox 460 5380 2026 5437; baseline 0.002 -3"><span class='ocrx_word' id='word_1_604' title='bbox 460 5381 517 5434; x_wconf 91' lang='lat' dir='ltr'><strong>lu</strong></span> <span class='ocrx_word' id='word_1_605' title='bbox 552 5382 672 5435; x_wconf 86' lang='lat' dir='ltr'><strong>solo</strong></span> <span class='ocrx_word' id='word_1_606' title='bbox 714 5381 991 5434; x_wconf 91' lang='lat' dir='ltr'><strong>communi</strong></span> <span class='ocrx_word' id='word_1_607' title='bbox 1018 5381 1203 5435; x_wconf 86' lang='lat' dir='ltr'><strong>socius</strong></span> <span class='ocrx_word' id='word_1_608' title='bbox 1250 5396 1357 5434; x_wconf 87' lang='lat' dir='ltr'><strong>non</strong></span> <span class='ocrx_word' id='word_1_609' title='bbox 1412 5382 1666 5435; x_wconf 70' lang='lat' dir='ltr'><strong>aadiﬁcat.</strong></span> <span class='ocrx_word' id='word_1_610' title='bbox 1715 5380 2026 5437; x_wconf 77' lang='lat' dir='ltr'><strong>Extraneus</strong></span> 
     </span>
    </p>
   </div>
   <div class='ocr_carea' id='block_1_100' title="bbox 460 5473 2028 5541">
    <p class='ocr_par' dir='ltr' id='par_1_100' title="bbox 460 5473 2028 5541">
     <span class='ocr_line' id='line_1_100' title="bbox 460 5473 2028 5541; baseline 0.002 -15"><span class='ocrx_word' id='word_1_611' title='bbox 460 5488 569 5527; x_wconf 80' lang='lat' dir='ltr'><strong>non</strong></span> <span class='ocrx_word' id='word_1_612' title='bbox 596 5481 777 5541; x_wconf 89' lang='lat' dir='ltr'><strong>potest</strong></span> <span class='ocrx_word' id='word_1_613' title='bbox 807 5474 1129 5527; x_wconf 86' lang='lat' dir='ltr'><strong>servitutem</strong></span> <span class='ocrx_word' id='word_1_614' title='bbox 1156 5473 1460 5541; x_wconf 84' lang='lat' dir='ltr'><strong>acquirere.</strong></span> <span class='ocrx_word' id='word_1_615' title='bbox 1512 5473 1588 5526; x_wconf 82' lang='lat' dir='ltr'><strong>Ex</strong></span> <span class='ocrx_word' id='word_1_616' title='bbox 1643 5473 1845 5541; x_wconf 87' lang='lat' dir='ltr'><strong>quibus</strong></span> <span class='ocrx_word' id='word_1_617' title='bbox 1885 5474 2028 5529; x_wconf 84' lang='lat' dir='ltr'><strong>casi-</strong></span> 
     </span>
    </p>
   </div>
   <div class='ocr_carea' id='block_1_101' title="bbox 461 5560 2024 5631">
    <p class='ocr_par' dir='ltr' id='par_1_101' title="bbox 461 5560 2024 5631">
     <span class='ocr_line' id='line_1_101' title="bbox 461 5560 2024 5631; baseline 0.001 -17"><span class='ocrx_word' id='word_1_618' title='bbox 461 5560 563 5615; x_wconf 88' lang='lat' dir='ltr'><strong>bus</strong></span> <span class='ocrx_word' id='word_1_619' title='bbox 594 5561 809 5630; x_wconf 83' lang='lat' dir='ltr'><strong>Aquilia</strong></span> <span class='ocrx_word' id='word_1_620' title='bbox 845 5578 949 5615; x_wconf 92' lang='lat' dir='ltr'><strong>non</strong></span> <span class='ocrx_word' id='word_1_621' title='bbox 986 5562 1267 5630; x_wconf 88' lang='lat' dir='ltr'><strong>competit,</strong></span> <span class='ocrx_word' id='word_1_622' title='bbox 1302 5562 1462 5617; x_wconf 88' lang='lat' dir='ltr'><strong>datur</strong></span> <span class='ocrx_word' id='word_1_623' title='bbox 1525 5563 1724 5617; x_wconf 90' lang='lat' dir='ltr'><strong>actioni</strong></span> <span class='ocrx_word' id='word_1_624' title='bbox 1797 5562 2024 5631; x_wconf 87' lang='lat' dir='ltr'><strong>factum,</strong></span> 
     </span>
    </p>
   </div>
   <div class='ocr_carea' id='block_1_102' title="bbox 462 5650 2025 5718">
    <p class='ocr_par' dir='ltr' id='par_1_102' title="bbox 462 5650 2025 5718">
     <span class='ocr_line' id='line_1_102' title="bbox 462 5650 2025 5718; baseline 0.004 -15"><span class='ocrx_word' id='word_1_625' title='bbox 462 5650 715 5718; x_wconf 88' lang='lat' dir='ltr'><strong>putridus</strong></span> <span class='ocrx_word' id='word_1_626' title='bbox 763 5661 945 5704; x_wconf 84' lang='lat' dir='ltr'><strong>autem</strong></span> <span class='ocrx_word' id='word_1_627' title='bbox 996 5662 1080 5707; x_wconf 88' lang='lat' dir='ltr'><strong>est</strong></span> <span class='ocrx_word' id='word_1_628' title='bbox 1117 5654 1207 5707; x_wconf 91' lang='lat' dir='ltr'><strong>ille</strong></span> <span class='ocrx_word' id='word_1_629' title='bbox 1269 5667 1467 5709; x_wconf 87' lang='lat' dir='ltr'><strong>canon.</strong></span> <span class='ocrx_word' id='word_1_630' title='bbox 1512 5652 1588 5706; x_wconf 81' lang='lat' dir='ltr'><strong>Ex</strong></span> <span class='ocrx_word' id='word_1_631' title='bbox 1626 5653 1711 5708; x_wconf 90' lang='lat' dir='ltr'><strong>his</strong></span> <span class='ocrx_word' id='word_1_632' title='bbox 1767 5654 2025 5710; x_wconf 89' lang='lat' dir='ltr'><strong>omnibus</strong></span> 
     </span>
    </p>
   </div>
   <div class='ocr_carea' id='block_1_103' title="bbox 459 5742 2026 5811">
    <p class='ocr_par' dir='ltr' id='par_1_103' title="bbox 459 5742 2026 5811">
     <span class='ocr_line' id='line_1_103' title="bbox 459 5742 2026 5811; baseline 0.004 -16"><span class='ocrx_word' id='word_1_633' title='bbox 459 5742 641 5797; x_wconf 85' lang='lat' dir='ltr'><strong>causis</strong></span> <span class='ocrx_word' id='word_1_634' title='bbox 671 5758 789 5811; x_wconf 72' lang='lat' dir='ltr'><strong>quae</strong></span> <span class='ocrx_word' id='word_1_635' title='bbox 820 5742 943 5810; x_wconf 86' lang='lat' dir='ltr'><strong>jure</strong></span> <span class='ocrx_word' id='word_1_636' title='bbox 973 5760 1078 5798; x_wconf 80' lang='lat' dir='ltr'><strong>non</strong></span> <span class='ocrx_word' id='word_1_637' title='bbox 1116 5745 1424 5809; x_wconf 90' lang='lat' dir='ltr'><strong>valuerunt,</strong></span> <span class='ocrx_word' id='word_1_638' title='bbox 1463 5745 1540 5799; x_wconf 89' lang='lat' dir='ltr'><strong>vel</strong></span> <span class='ocrx_word' id='word_1_639' title='bbox 1578 5760 1683 5798; x_wconf 87' lang='lat' dir='ltr'><strong>non</strong></span> <span class='ocrx_word' id='word_1_640' title='bbox 1717 5745 2026 5803; x_wconf 84' lang='lat' dir='ltr'><strong>habuerunt</strong></span> 
     </span>
    </p>
   </div>
   <div class='ocr_carea' id='block_1_104' title="bbox 457 5832 2023 5907">
    <p class='ocr_par' dir='ltr' id='par_1_104' title="bbox 457 5832 2023 5907">
     <span class='ocr_line' id='line_1_104' title="bbox 457 5832 2023 5907; baseline 0.005 -19"><span class='ocrx_word' id='word_1_641' title='bbox 457 5832 941 5899; x_wconf 72' lang='lat' dir='ltr'><strong>cﬂ‘ectum,secuta</strong></span> <span class='ocrx_word' id='word_1_642' title='bbox 980 5852 1074 5906; x_wconf 83' lang='lat' dir='ltr'><strong>per</strong></span> <span class='ocrx_word' id='word_1_643' title='bbox 1096 5852 1335 5891; x_wconf 86' lang='lat' dir='ltr'><strong>errorem</strong></span> <span class='ocrx_word' id='word_1_644' title='bbox 1366 5838 1656 5907; x_wconf 87' lang='lat' dir='ltr'><strong>solutione,</strong></span> <span class='ocrx_word' id='word_1_645' title='bbox 1688 5840 2023 5897; x_wconf 89' lang='lat' dir='ltr'><strong>condictioni</strong></span> 
     </span>
    </p>
   </div>
   <div class='ocr_carea' id='block_1_105' title="bbox 769 5932 1463 5997">
    <p class='ocr_par' dir='ltr' id='par_1_105' title="bbox 769 5932 1463 5997">
     <span class='ocr_line' id='line_1_105' title="bbox 769 5932 1463 5997; baseline 0.001 -4"><span class='ocrx_word' id='word_1_646' title='bbox 769 5932 1031 5996; x_wconf 71' lang='lat' dir='ltr'><strong>PATBOL.</strong></span> <span class='ocrx_word' id='word_1_647' title='bbox 1082 5936 1195 5997; x_wconf 85' lang='lat' dir='ltr'><strong>Gn.</strong></span> <span class='ocrx_word' id='word_1_648' title='bbox 1231 5935 1463 5997; x_wconf 74' lang='lat' dir='ltr'><strong>CXXII.</strong></span> 
     </span>
    </p>
   </div>
   <div class='ocr_carea' id='block_1_106' title="bbox 2140 4644 3708 4715">
    <p class='ocr_par' dir='ltr' id='par_1_106' title="bbox 2140 4644 3708 4715">
     <span class='ocr_line' id='line_1_106' title="bbox 2140 4644 3708 4715; baseline -0.001 -17"><span class='ocrx_word' id='word_1_649' title='bbox 2140 4647 2319 4699; x_wconf 81' lang='lat' dir='ltr'><strong>luctus</strong></span> <span class='ocrx_word' id='word_1_650' title='bbox 2377 4654 2617 4715; x_wconf 89' lang='lat' dir='ltr'><strong>tempus,</strong></span> <span class='ocrx_word' id='word_1_651' title='bbox 2674 4645 2878 4699; x_wconf 90' lang='lat' dir='ltr'><strong>atnittit</strong></span> <span class='ocrx_word' id='word_1_652' title='bbox 2904 4645 3052 4699; x_wconf 90' lang='lat' dir='ltr'><strong>illico</strong></span> <span class='ocrx_word' id='word_1_653' title='bbox 3101 4655 3155 4699; x_wconf 88' lang='lat' dir='ltr'><strong>et</strong></span> <span class='ocrx_word' id='word_1_654' title='bbox 3192 4644 3372 4700; x_wconf 87' lang='lat' dir='ltr'><strong>dotem</strong></span> <span class='ocrx_word' id='word_1_655' title='bbox 3418 4654 3473 4699; x_wconf 90' lang='lat' dir='ltr'><strong>et</strong></span> <span class='ocrx_word' id='word_1_656' title='bbox 3524 4646 3708 4699; x_wconf 87' lang='lat' dir='ltr'><strong>omnia</strong></span> 
     </span>
    </p>
   </div>
   <div class='ocr_carea' id='block_1_107' title="bbox 2139 4735 3708 4793">
    <p class='ocr_par' dir='ltr' id='par_1_107' title="bbox 2139 4735 3708 4793">
     <span class='ocr_line' id='line_1_107' title="bbox 2139 4735 3708 4793; baseline -0.001 -3"><span class='ocrx_word' id='word_1_657' title='bbox 2139 4739 2311 4791; x_wconf 91' lang='lat' dir='ltr'><strong>lucra.</strong></span> <span class='ocrx_word' id='word_1_658' title='bbox 2370 4736 2444 4790; x_wconf 80' lang='lat' dir='ltr'><strong>Ex</strong></span> <span class='ocrx_word' id='word_1_659' title='bbox 2481 4738 2585 4791; x_wconf 88' lang='lat' dir='ltr'><strong>tilia</strong></span> <span class='ocrx_word' id='word_1_660' title='bbox 2618 4739 2788 4793; x_wconf 88' lang='lat' dir='ltr'><strong>libera</strong></span> <span class='ocrx_word' id='word_1_661' title='bbox 2814 4754 2921 4791; x_wconf 82' lang='lat' dir='ltr'><strong>non</strong></span> <span class='ocrx_word' id='word_1_662' title='bbox 2953 4738 3199 4792; x_wconf 89' lang='lat' dir='ltr'><strong>nascitur</strong></span> <span class='ocrx_word' id='word_1_663' title='bbox 3228 4753 3437 4791; x_wconf 90' lang='lat' dir='ltr'><strong>servus.</strong></span> <span class='ocrx_word' id='word_1_664' title='bbox 3468 4735 3708 4791; x_wconf 84' lang='lat' dir='ltr'><strong>Morien-</strong></span> 
     </span>
    </p>
   </div>
   <div class='ocr_carea' id='block_1_108' title="bbox 2141 4826 3713 4885">
    <p class='ocr_par' dir='ltr' id='par_1_108' title="bbox 2141 4826 3713 4885">
     <span class='ocr_line' id='line_1_108' title="bbox 2141 4826 3713 4885; baseline -0.001 -2"><span class='ocrx_word' id='word_1_665' title='bbox 2141 4830 2275 4885; x_wconf 88' lang='lat' dir='ltr'><strong>timn</strong></span> <span class='ocrx_word' id='word_1_666' title='bbox 2310 4831 2649 4885; x_wconf 85' lang='lat' dir='ltr'><strong>voluntatem</strong></span> <span class='ocrx_word' id='word_1_667' title='bbox 2692 4844 2856 4883; x_wconf 89' lang='lat' dir='ltr'><strong>nemo</strong></span> <span class='ocrx_word' id='word_1_668' title='bbox 2892 4830 3217 4884; x_wconf 86' lang='lat' dir='ltr'><strong>subvertito.</strong></span> <span class='ocrx_word' id='word_1_669' title='bbox 3257 4826 3384 4884; x_wconf 86' lang='lat' dir='ltr'><strong>Sola</strong></span> <span class='ocrx_word' id='word_1_670' title='bbox 3425 4827 3713 4882; x_wconf 70' lang='lat' dir='ltr'><strong>affectione</strong></span> 
     </span>
    </p>
   </div>
   <div class='ocr_carea' id='block_1_109' title="bbox 2139 4920 3715 4990">
    <p class='ocr_par' dir='ltr' id='par_1_109' title="bbox 2139 4920 3715 4990">
     <span class='ocr_line' id='line_1_109' title="bbox 2139 4920 3715 4990; baseline -0.001 -15"><span class='ocrx_word' id='word_1_671' title='bbox 2139 4922 2342 4990; x_wconf 65' lang='lat' dir='ltr'><strong>nuptiae</strong></span> <span class='ocrx_word' id='word_1_672' title='bbox 2395 4921 2828 4985; x_wconf 82' lang='lat' dir='ltr'><strong>contrahuntur,</strong></span> <span class='ocrx_word' id='word_1_673' title='bbox 2864 4920 2993 4975; x_wconf 91' lang='lat' dir='ltr'><strong>licet</strong></span> <span class='ocrx_word' id='word_1_674' title='bbox 3018 4921 3163 4974; x_wconf 86' lang='lat' dir='ltr'><strong>illam</strong></span> <span class='ocrx_word' id='word_1_675' title='bbox 3194 4922 3462 4990; x_wconf 87' lang='lat' dir='ltr'><strong>nuptialia</strong></span> <span class='ocrx_word' id='word_1_676' title='bbox 3506 4922 3715 4975; x_wconf 82' lang='lat' dir='ltr'><strong>instru-</strong></span> 
     </span>
    </p>
   </div>
   <div class='ocr_carea' id='block_1_110' title="bbox 2137 5015 3711 5089">
    <p class='ocr_par' dir='ltr' id='par_1_110' title="bbox 2137 5015 3711 5089">
     <span class='ocr_line' id='line_1_110' title="bbox 2137 5015 3711 5089; baseline -0.002 -18"><span class='ocrx_word' id='word_1_677' title='bbox 2137 5030 2319 5072; x_wconf 87' lang='lat' dir='ltr'><strong>menta</strong></span> <span class='ocrx_word' id='word_1_678' title='bbox 2378 5034 2488 5073; x_wconf 93' lang='lat' dir='ltr'><strong>non</strong></span> <span class='ocrx_word' id='word_1_679' title='bbox 2561 5018 2969 5089; x_wconf 75' lang='lat' dir='ltr'><strong>praecesserint.</strong></span> <span class='ocrx_word' id='word_1_680' title='bbox 3046 5015 3241 5071; x_wconf 88' lang='lat' dir='ltr'><strong>Nullus</strong></span> <span class='ocrx_word' id='word_1_681' title='bbox 3307 5016 3563 5071; x_wconf 84' lang='lat' dir='ltr'><strong>defensor</strong></span> <span class='ocrx_word' id='word_1_682' title='bbox 3625 5021 3711 5070; x_wconf 88' lang='lat' dir='ltr'><strong>est</strong></span> 
     </span>
    </p>
   </div>
   <div class='ocr_carea' id='block_1_111' title="bbox 2135 5107 3705 5177">
    <p class='ocr_par' dir='ltr' id='par_1_111' title="bbox 2135 5107 3705 5177">
     <span class='ocr_line' id='line_1_111' title="bbox 2135 5107 3705 5177; baseline -0.003 -12"><span class='ocrx_word' id='word_1_683' title='bbox 2135 5110 2371 5166; x_wconf 85' lang='lat' dir='ltr'><strong>idoneus</strong></span> <span class='ocrx_word' id='word_1_684' title='bbox 2410 5113 2531 5166; x_wconf 91' lang='lat' dir='ltr'><strong>sine</strong></span> <span class='ocrx_word' id='word_1_685' title='bbox 2569 5110 2955 5165; x_wconf 88' lang='lat' dir='ltr'><strong>satisdatione.</strong></span> <span class='ocrx_word' id='word_1_686' title='bbox 3006 5108 3085 5163; x_wconf 80' lang='lat' dir='ltr'><strong>Ad</strong></span> <span class='ocrx_word' id='word_1_687' title='bbox 3125 5107 3441 5163; x_wconf 88' lang='lat' dir='ltr'><strong>donandum</strong></span> <span class='ocrx_word' id='word_1_688' title='bbox 3476 5122 3705 5177; x_wconf 87' lang='lat' dir='ltr'><strong>progre-</strong></span> 
     </span>
    </p>
   </div>
   <div class='ocr_carea' id='block_1_112' title="bbox 2135 5197 3710 5269">
    <p class='ocr_par' dir='ltr' id='par_1_112' title="bbox 2135 5197 3710 5269">
     <span class='ocr_line' id='line_1_112' title="bbox 2135 5197 3710 5269; baseline -0.002 -14"><span class='ocrx_word' id='word_1_689' title='bbox 2135 5200 2289 5255; x_wconf 88' lang='lat' dir='ltr'><strong>diens</strong></span> <span class='ocrx_word' id='word_1_690' title='bbox 2347 5201 2543 5254; x_wconf 88' lang='lat' dir='ltr'><strong>similis</strong></span> <span class='ocrx_word' id='word_1_691' title='bbox 2589 5210 2672 5256; x_wconf 89' lang='lat' dir='ltr'><strong>est</strong></span> <span class='ocrx_word' id='word_1_692' title='bbox 2725 5201 2800 5254; x_wconf 91' lang='lat' dir='ltr'><strong>illi</strong></span> <span class='ocrx_word' id='word_1_693' title='bbox 2847 5200 2944 5269; x_wconf 83' lang='lat' dir='ltr'><strong>qui</strong></span> <span class='ocrx_word' id='word_1_694' title='bbox 2997 5199 3167 5254; x_wconf 89' lang='lat' dir='ltr'><strong>dedit.</strong></span> <span class='ocrx_word' id='word_1_695' title='bbox 3225 5197 3423 5253; x_wconf 81' lang='lat' dir='ltr'><strong>Matres</strong></span> <span class='ocrx_word' id='word_1_696' title='bbox 3475 5207 3710 5267; x_wconf 86' lang='lat' dir='ltr'><strong>possunt</strong></span> 
     </span>
    </p>
   </div>
   <div class='ocr_carea' id='block_1_113' title="bbox 2134 5288 3708 5358">
    <p class='ocr_par' dir='ltr' id='par_1_113' title="bbox 2134 5288 3708 5358">
     <span class='ocr_line' id='line_1_113' title="bbox 2134 5288 3708 5358; baseline 0.001 -16"><span class='ocrx_word' id='word_1_697' title='bbox 2134 5290 2369 5343; x_wconf 84' lang='lat' dir='ltr'><strong>filiorum</strong></span> <span class='ocrx_word' id='word_1_698' title='bbox 2414 5305 2639 5344; x_wconf 88' lang='lat' dir='ltr'><strong>suorum</strong></span> <span class='ocrx_word' id='word_1_699' title='bbox 2696 5289 2917 5343; x_wconf 84' lang='lat' dir='ltr'><strong>tutelam</strong></span> <span class='ocrx_word' id='word_1_700' title='bbox 2981 5305 3191 5358; x_wconf 88' lang='lat' dir='ltr'><strong>gerere.</strong></span> <span class='ocrx_word' id='word_1_701' title='bbox 3242 5288 3300 5342; x_wconf 89' lang='lat' dir='ltr'><strong>lu</strong></span> <span class='ocrx_word' id='word_1_702' title='bbox 3369 5289 3548 5343; x_wconf 88' lang='lat' dir='ltr'><strong>medio</strong></span> <span class='ocrx_word' id='word_1_703' title='bbox 3594 5288 3708 5343; x_wconf 83' lang='lat' dir='ltr'><strong>litis</strong></span> 
     </span>
    </p>
   </div>
   <div class='ocr_carea' id='block_1_114' title="bbox 2131 5380 3702 5450">
    <p class='ocr_par' dir='ltr' id='par_1_114' title="bbox 2131 5380 3702 5450">
     <span class='ocr_line' id='line_1_114' title="bbox 2131 5380 3702 5450; baseline 0.002 -17"><span class='ocrx_word' id='word_1_704' title='bbox 2131 5392 2323 5435; x_wconf 86' lang='lat' dir='ltr'><strong>contra</strong></span> <span class='ocrx_word' id='word_1_705' title='bbox 2383 5382 2473 5450; x_wconf 78' lang='lat' dir='ltr'><strong>jus</strong></span> <span class='ocrx_word' id='word_1_706' title='bbox 2536 5381 2672 5434; x_wconf 88' lang='lat' dir='ltr'><strong>fiunt</strong></span> <span class='ocrx_word' id='word_1_707' title='bbox 2727 5397 2898 5436; x_wconf 73' lang='lat' dir='ltr'><strong>sacra:</strong></span> <span class='ocrx_word' id='word_1_708' title='bbox 2964 5380 3171 5438; x_wconf 81' lang='lat' dir='ltr'><strong>formae.</strong></span> <span class='ocrx_word' id='word_1_709' title='bbox 3240 5380 3543 5435; x_wconf 87' lang='lat' dir='ltr'><strong>Testatoris</strong></span> <span class='ocrx_word' id='word_1_710' title='bbox 3601 5396 3702 5436; x_wconf 84' lang='lat' dir='ltr'><strong>vo-</strong></span> 
     </span>
    </p>
   </div>
   <div class='ocr_carea' id='block_1_115' title="bbox 2130 5473 3703 5544">
    <p class='ocr_par' dir='ltr' id='par_1_115' title="bbox 2130 5473 3703 5544">
     <span class='ocr_line' id='line_1_115' title="bbox 2130 5473 3703 5544; baseline 0.002 -18"><span class='ocrx_word' id='word_1_711' title='bbox 2130 5473 2313 5528; x_wconf 87' lang='lat' dir='ltr'><strong>luntas</strong></span> <span class='ocrx_word' id='word_1_712' title='bbox 2344 5474 2602 5528; x_wconf 88' lang='lat' dir='ltr'><strong>omnibus</strong></span> <span class='ocrx_word' id='word_1_713' title='bbox 2639 5484 2721 5529; x_wconf 91' lang='lat' dir='ltr'><strong>est</strong></span> <span class='ocrx_word' id='word_1_714' title='bbox 2753 5476 3158 5544; x_wconf 89' lang='lat' dir='ltr'><strong>anteponenda.</strong></span> <span class='ocrx_word' id='word_1_715' title='bbox 3220 5474 3412 5529; x_wconf 83' lang='lat' dir='ltr'><strong>Usurae</strong></span> <span class='ocrx_word' id='word_1_716' title='bbox 3439 5489 3551 5529; x_wconf 89' lang='lat' dir='ltr'><strong>non</strong></span> <span class='ocrx_word' id='word_1_717' title='bbox 3602 5474 3703 5529; x_wconf 90' lang='lat' dir='ltr'><strong>sti-</strong></span> 
     </span>
    </p>
   </div>
   <div class='ocr_carea' id='block_1_116' title="bbox 2129 5567 3698 5637">
    <p class='ocr_par' dir='ltr' id='par_1_116' title="bbox 2129 5567 3698 5637">
     <span class='ocr_line' id='line_1_116' title="bbox 2129 5567 3698 5637; baseline 0.001 -18"><span class='ocrx_word' id='word_1_718' title='bbox 2129 5567 2326 5637; x_wconf 76' lang='lat' dir='ltr'><strong>pulatac</strong></span> <span class='ocrx_word' id='word_1_719' title='bbox 2360 5567 2413 5619; x_wconf 90' lang='lat' dir='ltr'><strong>in</strong></span> <span class='ocrx_word' id='word_1_720' title='bbox 2448 5567 2691 5621; x_wconf 88' lang='lat' dir='ltr'><strong>debitum</strong></span> <span class='ocrx_word' id='word_1_721' title='bbox 2739 5585 2850 5624; x_wconf 91' lang='lat' dir='ltr'><strong>non</strong></span> <span class='ocrx_word' id='word_1_722' title='bbox 2881 5568 3131 5622; x_wconf 86' lang='lat' dir='ltr'><strong>veniunt.</strong></span> <span class='ocrx_word' id='word_1_723' title='bbox 3191 5567 3567 5633; x_wconf 90' lang='lat' dir='ltr'><strong>lmproborum</strong></span> <span class='ocrx_word' id='word_1_724' title='bbox 3601 5580 3698 5621; x_wconf 83' lang='lat' dir='ltr'><strong>ac-</strong></span> 
     </span>
    </p>
   </div>
   <div class='ocr_carea' id='block_1_117' title="bbox 2128 5656 3699 5729">
    <p class='ocr_par' dir='ltr' id='par_1_117' title="bbox 2128 5656 3699 5729">
     <span class='ocr_line' id='line_1_117' title="bbox 2128 5656 3699 5729; baseline 0.001 -18"><span class='ocrx_word' id='word_1_725' title='bbox 2128 5658 2340 5711; x_wconf 89' lang='lat' dir='ltr'><strong>cusatio</strong></span> <span class='ocrx_word' id='word_1_726' title='bbox 2384 5658 2548 5728; x_wconf 87' lang='lat' dir='ltr'><strong>longo</strong></span> <span class='ocrx_word' id='word_1_727' title='bbox 2604 5669 2850 5729; x_wconf 84' lang='lat' dir='ltr'><strong>tempore</strong></span> <span class='ocrx_word' id='word_1_728' title='bbox 2910 5674 3018 5713; x_wconf 92' lang='lat' dir='ltr'><strong>non</strong></span> <span class='ocrx_word' id='word_1_729' title='bbox 3069 5659 3433 5713; x_wconf 91' lang='lat' dir='ltr'><strong>concluditur.</strong></span> <span class='ocrx_word' id='word_1_730' title='bbox 3484 5656 3699 5728; x_wconf 67' lang='lat' dir='ltr'><strong>Nuptiae</strong></span> 
     </span>
    </p>
   </div>
   <div class='ocr_carea' id='block_1_118' title="bbox 2127 5749 3699 5821">
    <p class='ocr_par' dir='ltr' id='par_1_118' title="bbox 2127 5749 3699 5821">
     <span class='ocr_line' id='line_1_118' title="bbox 2127 5749 3699 5821; baseline 0.003 -18"><span class='ocrx_word' id='word_1_731' title='bbox 2127 5749 2349 5804; x_wconf 68' lang='lat' dir='ltr'><strong>nefariae</strong></span> <span class='ocrx_word' id='word_1_732' title='bbox 2408 5750 2586 5818; x_wconf 73' lang='lat' dir='ltr'><strong>pmnis</strong></span> <span class='ocrx_word' id='word_1_733' title='bbox 2640 5762 2765 5807; x_wconf 89' lang='lat' dir='ltr'><strong>sunt</strong></span> <span class='ocrx_word' id='word_1_734' title='bbox 2816 5752 3133 5820; x_wconf 75' lang='lat' dir='ltr'><strong>plectendac.</strong></span> <span class='ocrx_word' id='word_1_735' title='bbox 3180 5751 3283 5817; x_wconf 88' lang='lat' dir='ltr'><strong>Qui</strong></span> <span class='ocrx_word' id='word_1_736' title='bbox 3347 5751 3699 5821; x_wconf 73' lang='lat' dir='ltr'><strong>deliquerunt</strong></span> 
     </span>
    </p>
   </div>
   <div class='ocr_carea' id='block_1_119' title="bbox 2126 5843 3690 5915">
    <p class='ocr_par' dir='ltr' id='par_1_119' title="bbox 2126 5843 3690 5915">
     <span class='ocr_line' id='line_1_119' title="bbox 2126 5843 3690 5915; baseline 0.001 -16"><span class='ocrx_word' id='word_1_737' title='bbox 2126 5844 2252 5900; x_wconf 87' lang='lat' dir='ltr'><strong>dent</strong></span> <span class='ocrx_word' id='word_1_738' title='bbox 2300 5843 2451 5913; x_wconf 87' lang='lat' dir='ltr'><strong>juste</strong></span> <span class='ocrx_word' id='word_1_739' title='bbox 2508 5846 2614 5901; x_wconf 88' lang='lat' dir='ltr'><strong>rcis</strong></span> <span class='ocrx_word' id='word_1_740' title='bbox 2665 5844 2924 5902; x_wconf 88' lang='lat' dir='ltr'><strong>ambitus.</strong></span> <span class='ocrx_word' id='word_1_741' title='bbox 2958 5843 3237 5915; x_wconf 75' lang='lat' dir='ltr'><strong>Legitimis</strong></span> <span class='ocrx_word' id='word_1_742' title='bbox 3277 5845 3690 5901; x_wconf 80' lang='lat' dir='ltr'><strong>successoribus</strong></span> 
     </span>
    </p>
   </div>
   <div class='ocr_carea' id='block_1_120' title="bbox 3298 5934 3371 5996">
    <p class='ocr_par' dir='ltr' id='par_1_120' title="bbox 3298 5934 3371 5996">
     <span class='ocr_line' id='line_1_120' title="bbox 3298 5934 3371 5996; baseline -0.014 0"><span class='ocrx_word' id='word_1_743' title='bbox 3298 5934 3371 5996; x_wconf 90' lang='lat'><strong>30</strong></span> 
     </span>
    </p>
   </div>
  </div>
