4430 6448
734 375 844 440 {'39

750 496 813 549 '0
838 496 1028 566 ἀρχων
1058 494 1356 564 ὑπερόριος
1387 494 1601 550 οἴκοθεν
1633 496 1954 553 δαπανάτω.

739 588 950 660 Μοιχὸς
980 590 1038 643 δέ
1064 609 1147 653 τις
1172 588 1519 661 ἀποδειχθεὶς
1552 591 1650 656 τὰς
1671 593 1860 656 ποινάς
1889 593 2161 666 ὑπεχέτω,

742 684 983 739 Διδόσθω
1006 686 1060 739 δὲ
1107 687 1172 755 τῇ
1215 686 1442 751 γυναικὶ
1481 687 1544 740 ἐκ
1573 685 1681 738 τῶν
1708 685 1878 740 αὑτοῦ
1921 691 2268 759 πραγμάτιον

750 777 821 830 Ἦ
852 778 1011 848 προὶξ
1037 778 1134 830 σὺν
1162 777 1336 842 ἕδνοις
1375 779 1588 843 ἅπασα,
1622 780 1669 831 εί
1691 778 1736 830 δ’
1774 781 2038 852 ἀπροικος
2060 782 2338 851 τυγχάνει,

741 865 923 933 Μέρος
958 865 1131 936 ἐχέτω
1156 866 1424 938 τέταρτον
1447 868 1556 921 τῶν
1586 868 1801 923 ἐκείνου
1827 872 2171 941 πραγμάτων
2194 888 2205 900 ·

742 958 823 1011 Τά
854 958 911 1012 δὲ
958 958 1127 1013 λοιπά
1154 960 1250 1014 τοῦ
1300 959 1637 1025 πταίσαντος
1676 962 1982 1032 πράγματα
2030 963 2341 1033 μεριζέσθω

743 1052 840 1114 El;
885 1052 1109 1120 παῖδας,
1149 1054 1228 1118 είς
1273 1053 1400 1117 τοὺς
1439 1052 1739 1123 φύσαντας,
1790 1056 1917 1125 ἄχρι
1971 1054 2185 1126 βαθμοῦ
2245 1055 2338 1111 τοῦ

2019 1146 2227 1222 [τρίτου
2250 1166 2264 1181 ο

743 1240 808 1293 Et
835 1240 879 1294 δ’
902 1238 1027 1294 οὔτε
1060 1241 1211 1303 παῖς,
1242 1238 1368 1294 οὔτε
1392 1242 1584 1309 γονεὺς
1621 1241 1925 1311 ὑπάρχοντι
1957 1240 2037 1314 τῷ
2076 1244 2335 1317 πταίστῃ,

743 1333 837 1405 Τῷ
867 1334 1048 1404 φίσκῳ
1071 1334 1611 1405 προσκυρούσθωσαν
1630 1334 1886 1388 τάκείνου
1925 1338 2333 1407 προσηκόντως.

741 1427 856 1496 Τῆς
881 1426 1266 1498 μοιχευθείσης
1293 1427 1573 1495 γυναικὸς,
1595 1428 1843 1499 ἀκριϐῶς
1864 1431 2227 1501 τηρουμένης,

741 1522 803 1573 Εἰ
836 1524 863 1575 ὁ
900 1523 1149 1586 σύνοικος
1183 1514 1445 1591 βούλοιτο,
1479 1520 1827 1594 θαρρούντως
1864 1524 2193 1593 λαμϐανέτω

740 1615 854 1684 Τὴν
884 1616 1191 1670 πταίσασαν
1226 1615 1462 1686 ἀζήμιον
1486 1616 1637 1678 ἐντὸς
1677 1619 1776 1686 τῆς
1797 1616 2027 1678 διετίας’

740 1707 950 1776 Χρόνου
986 1708 1040 1760 δὲ
1064 1708 1491 1777 διαρρεύσαντος
1518 1709 1613 1761 τοῦ
1639 1708 2092 1778 διηγορευμένον,

755 1797 818 1850 'll
853 1798 951 1867 μὲν
983 1799 1063 1860 είς
1089 1800 1454 1869 μοναστήριον
1489 1798 1718 1861 ἐνδίκως
1753 1799 2009 1867 διαγέτω,

740 1889 1194 1961 Μελαμφοροῦσα
1226 1890 1459 1944 πάντοτε
1496 1892 1639 1946 κατὰ
1668 1892 1768 1955 τάς
1801 1893 2152 1961 κεκαρμένας
2172 1911 2183 1923 υ

741 1984 802 2035 El
841 1985 1029 2047 παῖδες
1056 1984 1188 2044 εἰσὶ.
1222 1984 1290 2037 τὸ
1315 1984 1562 2057 δίμοιρον
1596 1986 1872 2055 ἐχέτωσαν
1906 1980 1979 2039 ῶν
2014 1987 2148 2055 ἔχει,

739 2077 814 2129 Τὸ
840 2077 894 2129 δέ
920 2095 983 2146 γε
1015 2080 1378 2148 μοναστήριον
1413 2080 1473 2132 τὸ
1502 2080 1687 2150 τρίτον
1720 2080 2065 2149 λαμϐανέτω.

739 2168 1045 2239 Αίκλήσεις
1080 2169 1189 2221 τῶν
1229 2170 1537 2240 ἐγκλήματι
1582 2171 1818 2225 θανάτου
1852 2173 2221 2226 πεπτωκότων

739 2261 863 2324 Τοῖς
895 2262 1030 2313 πᾶσι
1064 2261 1467 2332 ἀρμοζέτωσαν
1495 2263 1526 2335 ἦ
1558 2264 1669 2319 ἄνω
1699 2266 1813 2327 τοῖς
1843 2265 2085 2333 γονεῦσι.

738 2351 851 2415 Τάς
880 2351 1032 2416 δίκας
1064 2353 1161 2416 τάς
1201 2354 1260 2405 ἐν
1282 2355 1533 2424 χρήμασι
1571 2355 1670 2417 τάς
1706 2357 1846 2409 κατά
1889 2358 1997 2410 τῶν
2030 2360 2087 2411 ἐν
2122 2360 2308 2429 κλήρῳ

752 2444 1075 2499 Ἐπίσκοποι
1109 2445 1447 2516 κρινέτωσαν
1478 2447 1851 2521 ἠκριϐωμένῳ
1879 2449 2047 2520 λόγῳ.

749 2538 899 2602 Ἐνὸς
926 2538 981 2592 δέ
1008 2540 1082 2610 μὴ
1125 2541 1520 2610 στοιχήσαντος
1554 2540 1650 2593 τοῦ
1697 2543 1975 2611 κρίνοντος
2016 2546 2081 2611 τῇ
2133 2544 2321 2613 ψήφῳ,

752 2630 810 2682 '0
849 2630 1036 2700 ἄρχων
1064 2632 1340 2695 ἐξετάσειε
1373 2631 1577 2699 ταύτην
1606 2634 2038 2701 ἀκριϐεστέρως.

752 2722 841 2775 Ἑν
875 2722 929 2775 δὲ
958 2724 1071 2784 τοῖς
1099 2724 1461 2793 ἁμαρτήμασι
1488 2726 1599 2785 τοῖς
1632 2724 2096 2795 πολιτικωτέροις,

740 2815 802 2867 Οἱ
832 2813 1084 2885 κληρικοὶ
1117 2817 1229 2879 τοῖς
1261 2817 1493 2887 ἄρχουσι
1526 2816 1845 2870 ὑπόκεινται
1869 2818 2112 2881 δικαίως.

740 2907 880 2968 Τοὺς
910 2906 1148 2971 εὐτελεῖς
1170 2908 1225 2960 δὲ
1265 2908 1555 2979 μάρτυρας
1581 2910 1608 2962 ὁ
1632 2908 1824 2979 κριτὴς
1866 2910 2162 2973 κολαζέτω,

738 3000 882 3069 Πρδς
902 3000 1162 3071 ἀληθείας
1196 3001 1415 3071 εὕρεσιν
1444 3004 1538 3055 καὶ
1570 3002 1761 3071 μηδεὶς
1797 3003 2085 3055 αίτιάσθω.

749 3092 871 3145 Ἐπὶ⁸
900 3091 1010 3145 τῶν
1050 3092 1416 3163 ἐγκλημάτων
1443 3092 1499 3145 δὲ
1526 3091 1639 3146 τῶν
1667 3094 1727 3145 ἐν
1748 3092 2108 3165 δικαστηρίῳ,

738 3184 802 3236 Ol
833 3184 1112 3257 μάρτυρες
1150 3188 1264 3251 τοῖς
1313 3186 1600 3251 δικασταῖς
1638 3187 1985 3259 προσίτωσαν
2027 3189 2083 3240 ἐν
2122 3189 2293 3258 νόμῳ.
2350 3226 2392 3288 C

739 3511 1008 3565 servanda
1067 3510 1191 3580 jura
1232 3520 1285 3565 et
1336 3527 1426 3567 res
1467 3527 1587 3581 qum
1651 3514 1857 3569 habent
1919 3516 2323 3586 delinquentes.

738 3603 1089 3672 Magistratus
1119 3614 1274 3658 extra
1324 3605 1662 3673 provinciam
1692 3608 1758 3661 de
1791 3609 2014 3678 proprio
2069 3619 2325 3678 sumptus

738 3697 929 3750 facito.
998 3695 1244 3750 Mmcbus
1313 3698 1637 3753 manifestus
1712 3700 1889 3769 poenis
1964 3701 2315 3770 subjicitor:

739 3806 805 3843 ex
840 3788 1017 3860 ipsius
1074 3788 1234 3844 bonis
1265 3788 1365 3844 dos
1420 3805 1543 3844 cum
1592 3793 1739 3845 omni
1793 3794 2118 3861 sponsalitia
2154 3795 2325 3863 largi-

739 3891 849 3939 tate
880 3882 1100 3937 mulieri
1162 3883 1374 3937 dator:
1424 3884 1468 3938 si
1517 3898 1647 3939 vero
1678 3886 1767 3939 illa
1822 3886 2097 3950 indotata,
2150 3902 2324 3958 quar-

739 3984 850 4029 tam
908 3984 1120 4045 partcm
1154 3974 1429 4028 bonorum
1479 3975 1629 4030 illius
1670 3976 1911 4030 habeat:
1966 3979 2173 4049 reliqua
2205 3980 2325 4048 ejus

740 4068 834 4138 qui
865 4067 1094 4139 deliquit
1124 4069 1267 4121 bona
1303 4068 1445 4123 inter
1469 4067 1675 4122 liberos
1710 4079 1757 4122 el
1791 4081 2041 4137 parentes
2068 4072 2326 4126 dividun-

738 4171 826 4217 tor
861 4176 1033 4231 usque
1055 4160 1121 4213 ad
1161 4160 1384 4213 tertium
1440 4163 1665 4229 gradum
1696 4177 1710 4213 :
1746 4162 1789 4215 si
1818 4177 1944 4218 vero
1978 4164 2322 4235 delinquenti

740 4270 922 4324 neque
968 4255 1136 4318 ﬁlius,
1173 4268 1353 4322 neque.
1388 4269 1588 4324 parens
1647 4256 1742 4318 sit,
1770 4258 2162 4312 convenienter
2201 4258 2325 4327 ejus

740 4349 884 4402 bona
940 4345 1073 4401 Iisco
1094 4344 1450 4400 addicuntor.
1514 4346 1798 4401 Mulierem
1843 4350 2146 4403 adulteram
2195 4351 2322 4405 dili-

742 4450 935 4511 genter
969 4439 1337 4505 observatam,
1398 4439 1653 4504 maritus,
1681 4440 1728 4496 si
1762 4441 1911 4509 velit,
1982 4443 2125 4497 intra
2168 4444 2324 4500 bien«

740 4535 891 4589 nium
947 4533 1271 4602 impunitam
1311 4533 1542 4604 recipito
1569 4553 1583 4591 :
1613 4535 1818 4591 ellluxo
1846 4552 1978 4592 vero
2010 4540 2323 4595 constituto

738 4640 1006 4695 tempore,
1050 4626 1138 4679 illa
1198 4626 1254 4681 in
1287 4628 1683 4683 monasterium
1742 4630 1941 4685 merito
1979 4631 2316 4697 detruditor,

738 4737 862 4775 cum
915 4720 1251 4776 monialibus
1309 4721 1458 4775 omni
1490 4721 1615 4777 vita:
1647 4730 1895 4792 tempore
1934 4732 2112 4779 vestes
2138 4725 2322 4795 nigras

742 4812 929 4867 induta
964 4830 977 4866 :
1014 4814 1067 4875 si
1112 4812 1272 4868 liberi
1312 4812 1538 4879 fuerint,
1567 4814 1686 4883 ejus
1722 4816 1995 4869 bonorum
2028 4817 2167 4871 duas
2196 4832 2322 4885 par-

745 4915 828 4959 tes
883 4904 1142 4971 habento,
1197 4909 1598 4960 monasterium
1632 4907 1850 4962 tertiam
1884 4909 2086 4978 capito.
2122 4908 2323 4964 Eorum

736 4997 882 5051 bona
935 5011 1075 5067 quos
1103 4998 1313 5053 crimen
1340 5000 1503 5053 morti
1536 4999 1780 5070 subjicit,
1813 5000 2003 5058 liberis
2023 5004 2103 5058 vel
2129 5018 2325 5058 ascen-

739 5090 1000 5147 dentibus
1039 5100 1380 5159 competunt.
1418 5090 1761 5148 Clericorum
1792 5095 2143 5163 pecuniarias
2189 5112 2325 5149 cau-

740 5198 833 5239 sas
867 5184 1292 5254 cxactojudicio
1317 5185 1567 5257 episcopi
1617 5186 1942 5257 judicanto:
1977 5190 2147 5242 altera
2186 5206 2318 5246 vero

741 5279 979 5347 partium
1013 5281 1299 5335 sententiae
1324 5279 1754 5351 judicantisjnon
1776 5283 2179 5351 acquiescente.
2198 5298 2317 5337 eam

741 5372 989 5426 exactius
1021 5374 1266 5428 locorum
1302 5375 1654 5445 magistratus
1690 5376 2003 5434 examinet.
2040 5376 2097 5430 In
2129 5375 2320 5431 crimi-

743 5464 909 5518 nibus
942 5464 1201 5526 civilibus
1268 5466 1457 5521 clerici
1513 5467 1928 5538 magistratibus
1966 5470 2161 5523 merito
2190 5470 2324 5523 sub-

728 5557 1035 5624 jiciuntur.
1078 5556 1324 5614 Humiles
1375 5566 1545 5616 testes
1578 5567 1795 5630 reperta
1854 5562 2086 5615 veritaze
2154 5561 2323 5629 judex

741 5653 1028 5721 castigato,
1117 5660 1168 5707 et
1233 5669 1391 5710 nemo
1448 5662 1729 5709 causetur.
1800 5654 1858 5708 In
1940 5655 2321 5710 criminalibus

817 5887 893 5949 (.3)
930 5882 1261 5951 Ἐκκλήτων.

2017 380 2437 442 ΜῘΟΗᾹΕΙᾸΞ
2478 384 2746 447 PSELLI

2375 513 2419 569 Α
2452 504 2777 575 Κηδεμόνας
2806 505 2915 570 τοῖς
2942 505 3197 578 ὀρφανοῖς
3231 507 3260 561 δ
3288 511 3473 581 ἄρχων
3495 516 3804 586 παρεχέτω.

3931 402 4039 466 9w

2449 597 2571 668 Χρὴ
2605 596 2697 650 τὸν
2730 597 2789 663 ἐξ
2815 600 3110 663 αίτιάσεως
3146 600 3576 674 ὑπομνησθέντα
3608 609 3855 681 πρώτης,

2448 691 2663 745 Βιϐλίου
2702 692 3061 765 ὑποδέχεσθαι
3088 694 3186 764 τῆς
3217 698 3543 769 κινουμένης
3567 700 3745 771 δίκης,

2448 785 2558 837 Καὶ
2591 784 2931 856 προθεσμίαν
2963 788 3191 859 ήμερῶν
3232 790 3409 845 εἴκοσι
3450 792 3919 864 προσλαμϐάνειν.

2459 876 2516 931 Ὀ
2550 878 2607 931 δὲ
2633 879 2697 931 ἐκ
2729 880 3104 948 περιστάσεως
3136 881 3317 937 λαϐὼν
3349 885 3611 957 δευτέραν
3645 890 3849 961 κρίσιν,

2446 971 2519 1024 Οὐ
2546 971 2771 1025 δύναται
2802 971 2893 1026 τὶν
2925 972 3183 1044 δεύτερον
3214 977 3479 1048 δικαστὴν
3511 984 3920 1054 παραιτεῖσθαι,

2444 1066 2597 1121 Μετὰ
2625 1066 2906 1136 διομοσίαν
2938 1066 2995 1120 δὲ
3028 1068 3124 1122 τοῦ
3155 1072 3281 1142 ρέου
3311 1076 3719 1145 κρυπτομένου,

2443 1160 2552 1214 Καὶ
2582 1159 2656 1231 μὴ
2680 1163 3233 1234 προσαπαντήσαντος
3260 1167 3401 1221 κατά
3432 1169 3531 1240 τὴν
3558 1171 3920 1242 προθεσμίαν,

2444 1254 2536 1318 El;
2562 1254 2629 1308 τά
2653 1256 2864 1310 ἐκείνου
2891 1258 3195 1329 πράγματα
3216 1263 3523 1331 πεμπέσθω
3550 1264 3578 1317 δ
3618 1266 3850 1335 ἐνάγων.

2442 1348 2555 1402 Οὐκ
2584 1346 2758 1412 ἄλλως
2795 1348 2840 1403 δ’
2869 1350 3161 1407 ἀναδίδωσι
3190 1353 3256 1408 τά
3301 1356 3607 1427 πράγματα
3636 1359 3714 1430 τῷ
3745 1361 3853 1431 ρέῳ

2442 1440 2504 1493 Εί
2556 1442 2630 1511 μὴ
2660 1440 2759 1510 τὴν
2784 1444 2965 1497 πᾶσαν
2995 1445 3261 1517 πρότερον
3282 1448 3531 1521 δαπάνην
3564 1451 3884 1525 άπαιτήσοι.

2442 1533 2582 1604 Γυνή
2622 1550 2706 1598 τις
2740 1536 2872 1599 ἴσως
2904 1536 3114 1608 ἄπορος
3152 1540 3247 1592 ἐπὶ
3283 1541 3442 1611 ἀνδρὶ
3489 1544 3709 1616 εὖπόρῳ

2439 1626 2688 1681 Θανοῦσα
2718 1628 2841 1700 δίχα
2864 1631 3120 1699 γαμικῶν
3147 1632 3370 1697 τελείως
3407 1636 3777 1705 συμϐολαίων,

2450 1717 2537 1781 Ὠς
2560 1717 2617 1772 δὲ
2651 1719 2752 1771 κᾶν
2783 1720 2990 1791 ἄπορος
3019 1724 3158 1794 ἀνὴρ
3196 1725 3288 1778 ἐπὶ
3318 1726 3539 1797 εὐπόρῳ
3568 1728 3744 1784 θάνοι.

2441 1807 2531 1871 Ei;
2565 1808 2726 1878 μόνον
2760 1810 2928 1880 μέρος
2962 1813 3225 1884 τέταρτον
3253 1816 3361 1869 τῶν
3392 1818 3587 1872 ἐαυτοῦ
3629 1820 3951 1891 κτημάτων,

2365 1879 2408 1935 Β
2451 1900 2583 1953 Ἀπὸ
2611 1899 2705 1953 τοῦ
2730 1879 2929 1967 ζῶντος
2955 1905 2982 1957 ό
3009 1879 3188 1958 θανὼν
3224 1908 3409 1971 καλῶς
3442 1879 3877 1982 κληρονομείτω.

2448 1994 2505 2046 'O
2532 1995 2652 2063 τρὶς
2684 1999 2917 2064 κομίσας
2941 2000 3225 2067 μάρτυρας
3245 1994 3402 2061 αὖθις
3440 2002 3515 2072 μὴ
3540 2006 3862 2073 παραγέτω.

2444 2084 2503 2139 Ὀ
2531 2084 2696 2153 μέσος
2723 2087 2781 2139 δὲ
2817 2089 2927 2149 τοῖς
2954 2090 3144 2158 μέρεσι
3179 2093 3419 2159 γεγονὼς
3444 2094 3642 2166 γνώμη
3665 2096 3896 2162 τούτων,

2444 2176 2558 2245 Ἐιρ’
2590 2171 2670 2241 οἷς
2706 2170 2851 2230 οὗτοι
2883 2176 3194 2244 δικάζονται
3229 2185 3321 2237 καὶ
3352 2186 3502 2240 ἄκων
3546 2190 3912 2258 μαρτυρείτω.

2430 2267 2522 2338 Μὴ
2546 2269 2725 2332 πάσας
2755 2269 2800 2322 δ’
2830 2270 2965 2337 οἵου,
2999 2271 3259 2338 δέσποτα,
3305 2276 3405 2338 τάς
3435 2279 3637 2348 νεαρὰς
3663 2281 3999 2351 εὐχρήστους

2428 2364 2494 2414 Δί
2530 2364 2630 2432 μὲν
2656 2366 2765 2437 γάρ
2811 2368 2909 2421 οὒκ
2942 2369 3209 2441 ἐτέθησαν
3248 2377 3360 2436 τοῖς
3394 2374 3624 2439 Λέοντος
3652 2378 3877 2445 βιϐλίοις

2432 2447 2531 2508 ’Ὧν
2567 2457 2598 2525 ἡ
2633 2462 2734 2526 μὲν
2765 2459 2968 2525 γνῶσις
3004 2462 3276 2532 ἀσφαλὴς,
3328 2465 3586 2535 βασιλικὴ
3631 2468 3676 2522 δ’
3718 2464 3749 2540 ἠ
3805 2470 3999 2541 κλῆσις

2430 2549 2492 2600 Al
2528 2549 2569 2601 δ’
2604 2550 2651 2601 εἰ
2680 2551 2774 2602 καὶ
2800 2552 3267 2621 κατεστρώθησαν
3288 2556 3591 2627 ἐσχόλασαν
3635 2560 3714 2629 τῷ
3744 2561 3946 2633 χρόνῳ,

2429 2640 2495 2691 Δί
2544 2641 2587 2694 δ’
2616 2643 2865 2713 ἦργησαν
2899 2644 3184 2699 ἀλλοίωσιν
3210 2646 3305 2699 τοῦ
3333 2647 3447 2716 βίου
3478 2650 3797 2718 δεξαμένου.

2429 2728 2554 2786 Οἷον
2584 2736 2653 2787 τά
2676 2737 2804 2806 περὶ
2828 2736 3158 2806 βουλευτῶν,
3198 2739 3267 2793 τά
3302 2740 3432 2812 περὶ
3459 2742 3568 2796 τῶν
3588 2744 3944 2815 πραιτὼρων,

2429 2826 2511 2878 Τὰ
2541 2828 2671 2896 περὶ
2708 2829 3197 2901 μοδεράτωρος,τὰ
3226 2834 3354 2902 περὶ
3395 2835 3790 2904 κοιαιστώρων,

2428 2919 2508 2970 Τά
2544 2919 2672 2986 περὶ
2702 2920 2811 2972 τῶν
2835 2922 3116 2992 ἐπαρχιῶν
3137 2922 3243 2977 τῶν
3272 2924 3769 2995 άπηριθμημένων.

2430 3010 2571 3066 Ὅσα
2604 3012 2746 3065 κατὰ
2776 3014 3084 3068 συναίνεσιν
3117 3015 3210 3068 τὸν
3239 3016 3417 3085 γάμον
3460 3017 3755 3087 διαιροῦσι,

2428 3101 2512 3156 Τὰ
2534 3104 2664 3173 περὶ
2697 3106 3098 3176 συγχωρήσεων
3129 3108 3399 3161 λοιπάδων
3432 3109 3731 3178 δημοσίων,

2426 3190 2513 3248 τὰ
2540 3196 2670 3266 περί
2708 3196 2817 3250 τῶν
2848 3198 3155 3268 ἐκκλησιῶν
3196 3200 3271 3269 (4)
3305 3200 3415 3253 τῶν
3436 3203 3494 3254 ἐν
3517 3205 3583 3271 τῇ
3615 3203 3863 3273 Σικελίᾳ,

3613 3293 3771 3347 Vers.
3804 3292 3910 3347 M6

2434 3517 2860 3587 quaestionibus.
2917 3517 3219 3572 secundum
3262 3518 3408 3587 leges
3470 3518 3523 3571 in
3572 3517 3783 3586 judicio
3845 3528 4017 3575 testes

2429 3610 2714 3679 judicibus
2769 3612 3171 3679 producuntor.
3228 3609 3459 3678 Pupillis
3503 3620 3792 3665 curatores
3843 3612 4017 3679 magi-

2432 3712 2639 3759 stratus
2671 3703 2823 3758 datn.
2887 3704 3120 3771 Oportet
3157 3716 3281 3756 eum
3315 3702 3408 3769 qui
3439 3717 3503 3756 ex
3533 3702 3710 3770 prima
3731 3703 4017 3756 vocatione

2432 3795 2788 3849 submonitus
2850 3804 2962 3858 est,
3008 3794 3251 3848 libellum
3308 3794 3421 3847 litis
3485 3808 3606 3862 qua:
3640 3804 3888 3847 movetur
3927 3809 4011 3847 ac-

2432 3886 2640 3955 cipere,
2673 3896 2726 3940 et
2760 3886 2951 3952 viginti
2987 3886 3200 3939 dierum
3243 3884 3498 3938 inducias
3537 3884 3759 3938 habere.
3793 3882 3900 3947 Qui
3947 3899 4013 3937 ex

2432 3980 2778 4034 recusatione
2825 3979 3130 4033 secundum
3179 3978 3443 4046 judicium
3487 3976 3785 4045 acceperit,
3818 3978 4006 4047 nequit

2432 4073 2738 4127 secundum
2798 4071 3043 4141 judicem
3123 4085 3404 4125 recusare.
3461 4068 3589 4122 Post
3639 4069 4011 4137 juramentum

2432 4166 2512 4220 rei
2573 4166 2868 4229 latitantis,
2939 4180 3119 4234 neque
3188 4165 3335 4218 intra
3403 4162 3547 4217 diem
3620 4171 3887 4217 statutum
3926 4179 4013 4235 use

2431 4259 2769 4323 exbibentis,
2845 4268 3000 4313 actor
3053 4258 3109 4313 in
3169 4258 3287 4329 ejus
3346 4272 3530 4312 rerum
3603 4255 4012 4327 posses>ionem

2434 4355 2667 4410 mittitor
2699 4370 2713 4408 :
2744 4369 2923 4424 neque
2975 4354 3113 4408 alias
3143 4369 3238 4408 reo
3271 4352 3389 4421 ejus
3436 4353 3576 4407 bona
3628 4352 4011 4407 restituantur.

2433 4464 2596 4518 quam
2660 4448 2709 4503 si
2763 4447 2965 4501 damna
3012 4458 3064 4499 et
3114 4460 3304 4499 omnes
3357 4447 3569 4513 priores
3608 4452 3859 4511 smnptus
3922 4456 4012 4495 re-

2431 4540 2655 4611 pendat.
2712 4539 2766 4592 Si
2832 4538 2934 4592 viri
2972 4537 3266 4605 locupletis
3327 4550 3535 4605 pauper
3564 4550 3701 4588 uxor
3732 4549 3839 4587 non
3896 4548 4015 4602 pcr-

2432 4632 2588 4689 l'ectis
2651 4630 2932 4687 dotalibus
2985 4629 3374 4683 instrumentis
3432 4627 3678 4689 decedat,
3720 4628 3801 4682 vel
3863 4626 4014 4681 dives

2435 4725 2633 4779 mulier
2673 4723 2795 4778 viro
2832 4722 3061 4793 pauperi
3092 4722 3162 4777 sit
3222 4731 3526 4791 superstes,
3557 4721 3611 4773 in
3649 4721 3822 4776 solam
3849 4734 4014 4788 quar-

2432 4827 2543 4873 tam
2580 4816 2853 4872 demortui
2889 4816 3153 4869 bonnrum
3200 4822 3409 4883 partem
3480 4821 3764 4881 superstes
3826 4824 4012 4863 succe-

2435 4910 2549 4965 dat.
2604 4907 2705 4975 Qui
2767 4916 2849 4962 ter
2900 4905 3187 4961 adduxerit
3248 4914 3440 4965 testes,
3472 4904 3668 4957 iterum
3708 4917 3778 4956 ne
3809 4901 4012 4971 produ-

2438 5000 2571 5058 cito.
2626 4999 2894 5056 Mediator
2923 4997 3229 5053 scientibus
3281 5004 3332 5049 et
3385 4994 3697 5051 volentibus
3738 4992 4010 5065 partibus,

2436 5110 2501 5151 ea
2564 5092 2631 5149 de
2662 5109 2723 5147 re
2786 5093 2853 5147 de
2888 5106 2995 5162 qua
3031 5090 3267 5160 litigant,
3304 5088 3470 5143 etiam
3504 5088 3714 5142 invitus
3764 5087 4012 5140 testimo-

2433 5190 2581 5243 nium
2616 5188 2807 5243 dicito.
2834 5185 2911 5241 Ne
2943 5193 3127 5239 tamen
3168 5198 3360 5238 omnes
3398 5180 3663 5245 novellas,
3705 5195 3739 5235 ο
3768 5178 4008 5241 domine,

2434 5281 2596 5336 utiles
2627 5277 2811 5333 crede.
2851 5275 3110 5342 Qmedam
3162 5274 3307 5329 enim
3366 5272 3556 5341 posita
3599 5285 3710 5324 non
3766 5276 3895 5323 sunt
3955 5266 4010 5321 in

2430 5374 2628 5429 Leonis
2656 5372 2833 5435 libris.
2870 5384 3105 5441 quorum
3148 5367 3379 5423 scientia
3419 5364 3757 5425 ﬁrmissima,
3790 5370 3845 5416 et
3906 5374 4004 5415 no.

2429 5483 2553 5522 men
2597 5465 2828 5535 Regium
2891 5473 3023 5518 est:
3062 5461 3340 5531 quzedam,
3409 5458 3532 5512 licet
3575 5457 3650 5511 ibi
3703 5454 4006 5513 collocatae.

2432 5573 2678 5631 tempore
2722 5557 2929 5612 feriatae
2956 5563 3105 5620 sunt,
3137 5553 3386 5624 quaedam
3418 5552 3609 5606 oliosm
3642 5556 3793 5612 sunt,
3823 5554 4005 5599 mutor

2434 5654 2636 5708 tionem
2667 5651 2773 5706 vita
2805 5649 3122 5719 recipiente.
3159 5647 3363 5715 Quales
3424 5661 3545 5716 quae
3572 5643 3637 5699 de
3669 5637 3997 5698 Decurioni-
