4430 6448
408 404 473 463 Q-i
489 406 510 464 ι

411 517 490 570 Td:
521 514 765 586 περὶτοῦ
792 513 866 585 μὴ
903 513 1153 581 γίνεσθαι
1186 515 1324 569 οἴκοι
1349 514 1446 579 τὰς
1474 513 1840 587 λειτουργίας.

410 612 489 664 Τά
527 609 653 679 περὶ
699 608 794 663 τοῦ
825 608 1089 680 διηνεκῶς
1131 610 1303 662 ποιεῖν
1332 609 1431 672 τάς
1454 609 1841 679 ὲμφυτεύσεις,

409 700 489 753 Τὰ
516 700 645 769 περὶ
674 698 782 752 τῶν
807 699 866 751 ὲν
912 698 1169 770 Ἀφρικῇ,
1200 694 1362 753 θείων
1391 699 1804 769 ἀφιδρυμάτων.

413 792 704 862 Εύχρηστα
728 790 785 845 δὲ
813 790 910 845 καὶ
942 790 1255 861 θαυμαστὰ,
1279 793 1348 846 τὰ
1369 791 1501 861 περὶ
1522 792 1811 846 Φαλκιδίου

412 883 493 935 Τά
530 884 659 953 περὶ
691 882 888 953 γάμων
923 882 1131 947 λύσεως
1157 886 1271 947 τοῖς
1302 884 1607 954 καθήκουσι
1633 884 1880 955 τρόποις,

410 975 491 1028 Τά
526 976 657 1046 περὶ
685 975 997 1039 ἀποδόσεως
1021 976 1365 1046 πραγμάτων
1390 976 1784 1047 προικιμαίων,

411 1067 492 1120 Τά
508 1067 636 1137 περὶ
666 1065 1048 1137 καινοτομιῶν,
1071 1067 1139 1121 τὰ
1171 1068 1301 1137 περὶ
1330 1066 1668 1139 κηδεμόνων,

413 1159 494 1212 Τά
523 1160 603 1221 είς
618 1159 894 1230 ἀμέτρους
931 1158 1141 1229 δωρεὰς
1168 1158 1641 1229 ἀποτετοξευμένα
1660 1197 1675 1223 ,

413 1250 494 1305 Τὰ
518 1251 647 1321 περὶ
674 1251 773 1320 τῆς
799 1253 859 1305 ὲν
883 1252 950 1321 τῇ
981 1251 1172 1323 προικὶ
1199 1249 1408 1320 σαφοῦς
1431 1251 1777 1322 ἀναργυρίας

415 1345 488 1396 Οὐ
511 1344 690 1397 τοίνυν
719 1343 845 1398 ὅλον
862 1343 1165 1415 εὔχρηστον
1194 1344 1302 1398 τῶν
1330 1343 1539 1414 νεαρῶν
1565 1343 1792 1415 βιϐλίον,

428 1434 567 1487 Ἀλλ’
591 1426 670 1488 ὧν
704 1435 737 1505 ή
769 1434 973 1505 πρᾶξις
1002 1435 1237 1505 συνεχὴς
1265 1435 1453 1505 νόμοις
1481 1434 1885 1505 κεκροτημένη.

487 1526 610 1579 Τῶν
633 1525 677 1578 δ’
703 1526 938 1595 ἀγωγῶν
988 1528 1022 1599 ή
1052 1526 1304 1592 σύνταξις
1339 1526 1509 1598 πολλή
1532 1544 1594 1580 τε
1628 1528 1723 1582 καὶ
1751 1527 1992 1599 ποικίλη,

430 1617 713 1682 Ἰταλικοῖς
742 1618 974 1687 ὀνόμασι
1014 1619 1114 1688 μὲν
1144 1619 1642 1690 κατωνομασμένη,

428 1710 769 1779 Ἑλληνικαῖς
794 1709 852 1761 δὲ
881 1708 1140 1779 κλήσεσιν
1166 1705 1325 1772 αὖθις
1346 1710 1756 1781 ἀντικληθεῖσα,

418 1802 635 1855 Τούτων
663 1801 1073 1872 ήτυμολόγηται
1097 1802 1169 1854 τὰ
1197 1801 1743 1875 πλείωθαυμασίως.

432 1890 803 1962 Ἀδουλτερίης
833 1891 1003 1961 δνομα
1028 1894 1206 1947 κεῖται
1234 1895 1362 1964 περὶ
1388 1896 1654 1968 μοιχείας,

419 1986 529 2039 Καὶ
556 1984 837 2055 θαύμασον
857 1985 956 2056 τὴν
984 1984 1234 2040 σύνθεσιν
1259 1986 1351 2040 τοῦ
1386 1988 1774 2057 ὀνοματοθέτου

428 2078 490 2131 Ὀ
532 2076 731 2140 Ἰταλδς
757 2078 855 2148 τὴν
886 2078 1129 2133 νόθευσιν
1151 2080 1306 2133 καλεῖ
1332 2096 1449 2144 πως
1472 2081 1819 2154 ἀδουλτέραν,

425 2170 617 2225 Ἔνθεν
634 2170 766 2239 γοῦν
787 2172 1297 2243 κατωνόμασται,τδ
1312 2173 1593 2245 στρῶπτον
1609 2177 1706 2244 τῆς
1727 2175 1994 2246 μοιχείας,

431 2263 498 2314 Ἡ
520 2263 626 2333 γάρ
653 2264 869 2333 μοιχεία
903 2264 1171 2328 νόθευσις,
1211 2266 1305 2318 καὶ
1338 2266 1724 2338 παραχάραξίς
1750 2285 1853 2331 τις.

424 2351 650 2406 Κινοῠσι
683 2352 739 2405 δὲ
766 2355 827 2407 τὸ
855 2354 1103 2424 μοιχικὸν
1141 2355 1302 2425 ἀνὴρ,
1332 2356 1536 2427 πατὴρ,
1562 2358 1657 2411 καὶ
1691 2358 1854 2423 θεῖος,

426 2441 565 2511 Πρὸς
609 2444 709 2513 τῆς
749 2446 977 2517 μητρὸς,
1037 2446 1173 2517 πρὸς
1219 2448 1313 2500 τοῦ
1362 2449 1588 2519 πατρὸς,
1634 2449 1896 2518 σύγγονός
1940 2468 1998 2504 τε

1502 2541 1661 2613 [πρὸς
1692 2544 1927 2608 τούτοις,

427 2626 559 2679 Μετ’
582 2627 879 2697 ὲγγραφῶν
920 2629 971 2681 οἱ
1016 2630 1364 2697 σύμπαντες,
1422 2632 1525 2686 κᾶν
1578 2634 1628 2687 εί
1683 2634 1775 2687 τὸν
1833 2635 2002 2708 ἄνδρα

1722 2726 1929 2804 [λέγῃς.

438 2806 502 2862 Ἦ
549 2809 894 2877 ’Δδοπτίων,
922 2813 1181 2879 δέσποτα,
1206 2815 1411 2880 θέσεως
1433 2815 1605 2888 ὄνομά
1633 2835 1708 2884 τι,

430 2900 523 2963 Ei;
556 2900 650 2954 δύο
676 2902 733 2955 δὲ
762 2903 1005 2973 ὀνόματα
1034 2905 1131 2976 τὴν
1151 2907 1414 2977 διαίρεσιν
1444 2908 1577 2979 ἔχει,

429 2985 530 3043 Ὧν
550 2992 611 3044 τὸ
644 2993 743 3063 μὲν
764 2994 1125 3065 ἀδρογάτιων,
1148 3000 1209 3052 τὸ
1239 2998 1295 3052 δὲ
1330 3000 1583 3057 ἀδόπτιον
1613 3002 1760 3071 λέγε.

431 3083 535 3138 Τὸν
559 3085 737 3140 τοίνυν
771 3086 1120 3155 αὐτεξούσιον
1149 3089 1414 3160 λαμϐάνει
1440 3110 1524 3156 τις
1553 3096 1632 3158 είς
1669 3096 1838 3162 θέσιν,

436 3393 557 3458 bus,
588 3393 654 3449 de
681 3393 1036 3460 Praetor-ibus,
1071 3393 1138 3448 de
1188 3393 1551 3461 Moderatore,
1598 3396 1665 3452 de
1693 3398 2001 3464 Quaestori-

434 3485 557 3548 bus,
608 3485 676 3540 de
717 3485 1029 3541 Provinciis
1071 3488 1434 3552 enumeratis,
1466 3504 1589 3558 quae
1632 3490 1699 3547 de
1731 3493 2006 3552 solutione

436 3578 749 3648 nuptiarum
802 3594 867 3633 ex
900 3593 1199 3645 consensu,
1256 3578 1324 3634 de
1377 3580 1714 3651 indulgentia
1768 3585 2009 3655 reliquo-

436 3685 556 3724 rum
612 3670 980 3738 publicorum,
1014 3671 1591 3743 deAppellationibus
1649 3674 1875 3743 Siciliae,
1930 3677 2011 3734 Ne

436 3760 591 3817 Domi
625 3760 799 3818 Missa!
820 3761 1190 3830 celebrentur,
1247 3765 1315 3820 de
1354 3764 1707 3837 Emphytcusi
1745 3778 2011 3840 perpetuo

440 3855 715 3922 faciendo,
749 3856 818 3912 de
876 3858 1079 3913 divinis
1108 3857 1367 3914 domibus
1421 3860 1639 3916 Africae.
1677 3861 1839 3918 Utilia
1885 3880 2019 3921 sane

437 3954 492 4001 et
520 3946 792 4011 miranda,
821 3963 942 4017 qua:
970 3948 1037 4004 de
1072 3949 1189 4020 lcge
1220 3949 1486 4018 Falcidia,
1524 3968 1644 4023 quae
1680 3952 1748 4008 de
1789 3957 2015 4025 nuptia-

438 4053 559 4093 rum
581 4039 882 4104 solutione,
910 4041 1370 4098 convenientibus
1403 4043 1542 4099 locis
1568 4045 1634 4099 de
1661 4046 2017 4105 restitutione

441 4146 623 4185 rerum
656 4130 1023 4197 dotalium,de
1060 4132 1187 4188 novi
1212 4134 1393 4204 operis
1425 4136 1791 4200 nuntiatione,
1823 4138 1891 4195 de
1921 4154 2018 4194 cu-

1675 393 2045 460 SYNOPSIS
2082 395 2375 462 LEGUM.

3564 390 3672 455 942

2016 511 2062 567 Α
2090 513 2170 584 τῇ
2200 513 2301 583 τῆς
2344 513 2728 584 ἀρνογατίονος
2755 510 2943 581 κλήσει
2971 526 3027 564 τε
3053 510 3148 564 καὶ
3178 507 3433 577 δυνάμει,

2103 606 2162 661 '0
2183 606 2240 661 δέ
2270 623 2334 676 γε
2367 605 2699 676 υἰοθετηθεὶς
2727 604 2930 675 ἄνηϐος
2960 603 3242 667 ἑκουσίως,

2103 701 2450 773 Ἐξερεδάτος
2479 699 2720 770 γεγονὼς
2740 699 2926 771 τρίτον
2952 696 3220 766 λαμϐάνει
3243 696 3435 767 μέρος.

2100 797 2160 850 '0
2175 796 2233 851 δέ
2259 811 2323 865 γε
2360 795 2703 859 Ἀκουιλιος
2727 793 2921 861 ἀγωγή
2957 808 3043 854 τις
3073 788 3359 859 τυγχάνει,

2091 887 2249 941 Κατά
2280 887 2375 941 τοῦ
2402 886 2477 958 μὴ
2507 886 2839 956 παρέχοντος
2865 882 2945 953 τῷ
2980 881 3262 951 σεϐασμίῳ
3288 879 3461 952 τόπῳ,

2096 980 2273 1049 Ὅπερ
2297 979 2525 1047 λεγάτον
2553 978 2722 1049 ῶρισε
2752 976 2938 1045 σαφῶς
2975 977 3003 1029 ὀ
3029 973 3387 1046 τελευτήσας,

2098 1071 2250 1143 Ἔχει
2276 1071 2320 1125 δ’
2348 1072 2650 1135 ἀπαίτησιν
2682 1068 2916 1138 καρπῶν
2951 1068 3111 1140 εῐπερ
3147 1064 3444 1140 ύπερθοῖτό
3468 1081 3572 1129 τις.

2022 1162 2029 1171 ”
2104 1164 2171 1217 Ἦ
2193 1163 2252 1218 δέ
2275 1180 2340 1233 γε
2401 1162 2855 1233 Ἀδεειόένδουμ
2884 1160 3008 1215 λίαν
3034 1160 3150 1214 ἐστὶ
3177 1159 3464 1231 χρειώδης,

2094 1255 2451 1327 Πραγμάτων
2502 1256 2547 1308 δ’
2601 1255 2750 1310 ἔστιν
2819 1251 3092 1325 ἔκπραξις
3150 1251 3260 1305 τῶν
3326 1252 3678 1320 ἀποκεκρυμ-

3368 1341 3603 1414 [μένων.

2096 1439 2437 1514 Περσοναλία
2465 1441 2526 1495 τέ
2565 1448 2705 1501 εστι,
2735 1440 2871 1510 πρὸς
2893 1439 2971 1504 δὲ,
3005 1437 3362 1509 ἀρϐιτραρια,

2098 1536 2434 1606 Είσπράττει
2465 1532 2523 1587 δὲ
2554 1532 2849 1601 ὁλόκληρον
2888 1531 2950 1583 τὸ
2989 1531 3226 1601 πρᾶγμα
3263 1524 3679 1597 προσηκόντως,

2096 1629 2252 1685 Μετά
2281 1627 2474 1697 γονῶν,
2503 1627 2599 1682 καὶ
2626 1624 2884 1687 τοκετῶν,
2921 1624 3059 1693 μετά
3090 1622 3290 1685 αίτίας.

2022 1739 2073 1800 Β
2113 1718 2440 1789 Ἁμμίτους,
2454 1716 2618 1786 νόμος
2629 1714 2926 1775 πούϐλικος
2940 1712 3263 1782 κινούμενος
3278 1709 3417 1780 πρὸς
3448 1708 3679 1771 πάντας,

2101 1811 2216 1865 Οὐκ
2239 1809 2355 1863 ἐστι
2384 1808 2699 1877 κεφαλικδς,
2729 1806 2833 1860 κᾶν
2863 1806 3033 1875 άτιμῇ
3067 1803 3317 1868 τελείως,

2101 1904 2348 1956 Κινεῖται
2373 1901 2420 1954 δ’
2446 1900 2500 1953 εί
2526 1917 2610 1963 τις
2640 1899 2738 1969 τὴν
2765 1897 2942 1969 ἀρχὴν
2971 1896 3254 1966 χρήμασιν
3288 1892 3573 1962 ἀγοράσοι.

2099 1993 2212 2048 Καὶ
2241 1994 2274 2064 ή
2315 1991 2580 2056 Ἀννόνα,
2608 1988 2902 2045 πούϐλικον
2923 1988 3017 2042 καὶ
3040 1986 3202 2040 πλέον
3217 1986 3327 2039 τῶν
3351 1983 3679 2047 πουϐλίκων,

2100 2085 2329 2140 Κινοῦσι
2358 2084 2467 2156 γάρ
2487 2083 2583 2155 τὴν
2610 2081 2836 2152 ἀγωγὴν
2855 2082 2951 2135 καὶ
2975 2079 3154 2133 δοῦλοι
3196 2078 3294 2133 καὶ
3316 2079 3604 2147 γυναῖκες,

2100 2180 2349 2235 Κινεῖται
2377 2179 2421 2232 δ’
2451 2179 2507 2231 εί
2526 2195 2610 2239 τις
2636 2176 2894 2246 τυραννεῖ
2922 2175 3022 2245 τὴν
3048 2172 3316 2243 εὐθηνίαν
3366 2170 3610 2239 Ῥώμης,

2100 2272 2213 2326 Καὶ
2242 2267 2842 2341 καταπραγματεύεται
2879 2266 3017 2329 πρὸς
3048 2267 3209 2336 χάριν
3228 2265 3339 2317 τῶν
3368 2261 3684 2333 βαρϐάρων.

2097 2358 2209 2417 τΗν
2240 2362 2296 2414 δέ
2322 2378 2406 2424 τις
2446 2358 2749 2421 Ἀκουίλιος
2774 2356 3056 2427 δήμαρχος
3087 2355 3147 2407 έν
3178 2355 3244 2424 τῇ
3292 2351 3502 2422 'Pd’P‘n’

2100 2458 2211 2511 Καὶ
2244 2456 2408 2526 νόμον
2434 2453 2763 2522 είσηγάγετο
2800 2451 2928 2522 περὶ
2946 2447 3157 2518 ζημίας
3182 2445 3330 2513 τότε,

2114 2549 2353 2620 Ἐκλήθη
2382 2548 2425 2601 δ’
2463 2546 2766 2607 Ἀκουίλιος
2801 2544 2830 2596 ὁ
2853 2544 3016 2612 νόμος
3042 2538 3402 2611 φερωνύμως,

2103 2643 2275 2698 Διεῖλε
2303 2642 2359 2696 δὲ
2386 2641 2448 2695 τὸ
2475 2638 2819 2712 προσταχθὲν
2849 2638 2905 2690 ὲν
2934 2637 3084 2705 τρισὶ
3106 2633 3452 2704 κεφαλαίοις,

2102 2732 2204 2789 Ὧν
2234 2735 2506 2805 ἄχρηστον
2528 2732 2587 2785 τὸ
2619 2731 2877 2802 δεύτερον
2909 2729 3024 2792 τοῖς
3054 2728 3351 2797 πράγμασι
3398 2726 3686 2798 τυγχάνει,

2147 2821 2273 2888 bro;
2303 2826 2347 2879 δ’
2384 2826 2413 2877 ὁ
2462 2825 2650 2893 νόμος,
2696 2822 2958 2883 δέσποτα,
3007 2818 3387 2889 πολύχρηστος
3429 2817 3686 2890 ὑπάρχει,

2104 2919 2215 2973 Καὶ
2252 2916 2380 2987 περὶ
2408 2916 2569 2984 φόνου
2599 2913 2799 2984 πολλὴν
2836 2910 3121 2983 ἀκρίϐειαν
3151 2910 3383 2979 εἰσάγει,

2105 3013 2213 3064 Καὶ
2237 3009 2293 3063 εί
2317 3026 2399 3073 τις
2423 3011 2484 3062 τὸ
2518 3005 2887 3077 στρατόπεδον
2912 3004 2987 3076 (5)
3013 3003 3316 3073 νεμόμενον
3336 3000 3611 3071 φονεύσει,

2029 3085 2072 3144 C
2114 3104 2183 3157 Ἦ
2208 3100 2401 3172 ἀγωγὴ
2427 3101 2482 3154 δὲ
2515 3100 2758 3169 πέφυκεν
2782 3096 2923 3167 αὕτη
2948 3097 3044 3151 καὶ
3084 3094 3359 3159 ποιναλία,

3299 3182 3459 3241 Vers.
3477 3183 3577 3242 50!

2114 3402 2274 3457 etiam
2322 3401 2435 3472 ipse
2468 3400 2713 3455 maritus.
2736 3398 2982 3467 Adoptio,
3014 3413 3048 3451 ο
3076 3397 3318 3462 domine,
3361 3411 3562 3453 nomen
3594 3410 3689 3469 ge-

2116 3493 2264 3550 neris
2291 3493 2344 3547 iu
2378 3493 2488 3548 duo
2510 3493 2817 3562 specierum
2860 3491 3084 3545 nomina
3118 3491 3403 3557 dividitur,
3456 3506 3691 3560 quorum

2116 3585 2348 3640 alterum
2380 3582 2685 3652 adrogatio,
2715 3580 2948 3635 alterum
2998 3581 3241 3649 adeptio.
3287 3581 3423 3636 Cum
3479 3580 3693 3635 scilicet

2117 3675 2242 3746 quis
2272 3675 2325 3728 in
2352 3673 2519 3728 lilium
2551 3687 2711 3742 quem
2738 3682 2936 3726 natura
2976 3672 3212 3741 negavit,
3274 3671 3443 3725 alium
3484 3671 3577 3737 qui
3605 3670 3691 3726 sui

2113 3763 2256 3831 juris
2288 3771 2374 3817 est
2407 3762 2637 3831 recepit,
2665 3761 2715 3815 vi
2742 3769 2796 3816 et
2824 3760 3048 3814 nomine
3106 3760 3482 3831 adrogationis
3515 3760 3694 3829 impu-

2115 3858 2210 3913 bcs
2244 3868 2437 3927 sponte
2470 3856 2799 3926 adoptatur:
2833 3854 3210 3910 exhazredatus
3235 3853 3454 3908 tertiam
3476 3861 3691 3923 partem

2114 3950 2281 4021 capit.
2317 3948 2535 4017 Aquilia
2582 3947 2724 4001 actio
2762 3945 2924 4001 datur
2952 3955 3143 4000 contra
3192 3958 3301 3998 non
3339 3948 3692 4013 praestantem

2117 4040 2237 4095 loco
2276 4037 2571 4094 venerabili
2611 4040 2867 4104 legatum,
2901 4035 3047 4105 quod
3097 4033 3222 4103 quis
3289 4033 3527 4087 moriens
3568 4030 3697 4086 reli-

2114 4131 2254 4199 quit,
2292 4128 2454 4182 habet
2481 4125 2862 4195 repetitionem
2907 4124 3211 4184 iructuum,
3245 4120 3291 4175 si
3325 4119 3446 4187 quis
3469 4132 3694 4188 procra-

440 4222 739 4290 rnloribus,
771 4226 839 4279 de
922 4225 1205 4281 immensis
1277 4226 1685 4295 donationibus,
1743 4230 2021 4287 collimata
2128 4221 2431 4280 stinaverit.
2471 4218 2552 4273 Art
2584 4216 2931 4275 exhibendum
2957 4214 3098 4271 actio
3148 4211 3443 4267 admodum
3496 4217 3583 4265 est
3638 4210 3693 4265 in

442 4324 571 4369 sunt
621 4331 635 4369 :
691 4329 814 4385 qua:
869 4315 1028 4370 docte
1090 4316 1157 4370 de
1207 4316 1336 4372 dote
1409 4334 1518 4374 non
1579 4330 1887 4376 numerata,
1951 4322 2023 4378 Αι
2123 4332 2247 4380 usu,
2285 4321 2449 4368 etest
2485 4326 2663 4365 rerum
2703 4310 3094 4363 absconsarum
3153 4304 3405 4374 repetitio
3448 4318 3461 4355 :
3503 4317 3695 4371 perso-

440 4422 547 4461 ηοη
637 4416 784 4462 ιοιυε
855 4406 1213 4462 Novellal‘um
1290 4410 1426 4465 liber
1501 4413 1649 4468 utilis
1725 4422 1830 4477 est,
1920 4415 2017 4470 sed
2122 4400 2794 4473 nalisest;postmodum
2822 4399 3137 4454 arbitraria.
3175 4395 3240 4450 Et
3280 4409 3393 4450 rem
3427 4393 3693 4464 integram

436 4511 672 4565 quarum
726 4494 867 4552 actio
935 4505 990 4553 et
1044 4497 1232 4567 praxis
1294 4502 1558 4555 continua
1636 4502 1851 4574 legibus
1924 4513 2014 4561 est
2120 4496 2852 4563 convenienterexigit,cum
2879 4489 3690 4561 fetu,partu,etomnicnusa.

437 4588 809 4657 comprobata.

509 4679 799 4734 Actionum
841 4694 969 4734 vero
998 4681 1246 4737 collectio
1281 4684 1556 4754 multiplex
1588 4694 1692 4752 est,
1755 4697 1807 4741 ct
1838 4688 2014 4755 varia,

438 4770 638 4825 italicis
668 4772 988 4827 nominibus
1022 4782 1232 4834 vocata,
1258 4784 1312 4829 et
1345 4790 1541 4831 rursus
1573 4779 1794 4833 vocibus
1811 4778 2016 4836 Grazt‘is

438 4861 677 4916 vicissim
699 4870 1032 4932 nuncupata.
1062 4863 1223 4919 Multa
1259 4865 1455 4919 mirum
1490 4867 1541 4921 in
1577 4868 1797 4923 modum
1824 4884 2014 4924 earum

439 4958 655 5019 ctymon
686 4959 969 5006 enarrant.
995 4952 1254 5009 Adulterii
1284 4970 1481 5011 nomen
1516 4958 1738 5026 ponitur
1758 4973 1856 5028 pro
1890 4977 2015 5029 μοι-

442 5043 585 5112 χεία,
611 5052 664 5099 et
696 5044 966 5100 admirare
996 5047 1447 5118 compositionem
1499 5050 1620 5117 ejus
1668 5052 1760 5121 qui
1814 5066 2014 5108 nomen

443 5133 720 5203 imposuit.
758 5135 984 5192 Latinus
1019 5136 1265 5190 νόθευσιν
1292 5148 1446 5194 vocat
1469 5141 1835 5207 adulterium;
1872 5150 2022 5199 recte

443 5225 606 5295 igitur
635 5234 881 5295 stuprum
928 5228 1181 5284 adulterii
1224 5230 1607 5286 denominatur
1640 5249 1654 5285 :
1688 5232 2016 5289 adulterium

444 5317 590 5369 enim
617 5326 699 5372 est
730 5317 936 5373 vitiatio
972 5335 1066 5374 seu
1094 5320 1362 5386 νόθευσις,
1410 5331 1464 5377 et
1493 5323 1626 5378 falsa
1649 5324 1887 5395 signatio
1902 5326 2019 5381 sive

446 5408 849 5479 παραχάραξις.
906 5412 1178 5465 Accusant
1237 5428 1366 5468 vero
1406 5415 1474 5469 de
1532 5414 1827 5481 adulterio,
1894 5420 2017 5482 vir,

444 5511 616 5567 pater,
665 5516 818 5564 avus,
874 5512 996 5572 post
1054 5512 1259 5571 patrem
1314 5514 1370 5559 et
1424 5513 1677 5568 matrem,
1729 5516 1850 5576 post
1888 5507 2012 5563 illos

447 5596 624 5645 κοῖα-ιε·τί
676 5596 913 5661 cognati,
969 5610 1159 5649 omnes
1207 5604 1384 5651 tamen
1451 5612 1573 5652 cum
1633 5598 2012 5670 inscriptione,

526 5800 601 5867 (5)
639 5798 975 5869 Τετράπτιδυν

2049 4619 2091 4675 D
2119 4590 2381 4656 Ambitus,
2416 4592 2494 4645 lex
2525 4590 2764 4660 publica,
2797 4586 2865 4641 ab
2904 4585 3161 4640 omnibus
3187 4589 3456 4648 movetur,
3486 4596 3596 4675 non
3610 4588 3697 4675 ta-

2122 4699 2243 4739 men
2272 4683 2521 4754 capitalis
2561 4691 2668 4747 est,
2702 4681 2829 4736 licet
2861 4686 3105 4735 extrema
3129 4674 3358 4731 infamia
3387 4681 3555 4730 notet.
3578 4672 3696 4728 Mo-

2121 4782 2277 4828 vetur
2306 4783 2490 4829 autem
2522 4782 2712 4827 contra
2744 4785 2867 4824 eum
2893 4768 2984 4838 qui
3022 4766 3269 4837 pecuniis
3313 4767 3693 4836 magistratum

2117 4864 2334 4921 emerit.
2368 4865 2443 4919 De
2473 4878 2689 4917 annona
2713 4860 2876 4916 etiam
2901 4859 3182 4929 publicum
3202 4857 3471 4928 judicium
3512 4864 3618 4923 est,
3639 4868 3695 4912 et

2118 4958 2404 5027 plusquam
2436 4955 2539 5008 alia
2580 4952 2880 5024 publicum,
2916 4965 3040 5006 nam
3080 4951 3353 5005 actionem
3397 4959 3693 5004 moventet

2120 5050 2261 5106 servi
2302 5056 2355 5103 et
2408 5047 2690 5102 mulieres.
2724 5044 2970 5100 Mevetur
3019 5053 3220 5108 autem,
3248 5042 3439 5111 siqnis
3492 5040 3695 5095 Roma—

2119 5154 2242 5196 nam
2281 5138 2584 5193 ubertatem
2620 5144 2799 5196 vexct.
2835 5144 2889 5188 et
2919 5133 2982 5187 ad
3001 5141 3295 5202 egestatem
3330 5130 3693 5186 inducendam

2121 5233 2173 5286 in
2216 5230 2447 5301 gratiam
2512 5229 2877 5283 Barbarorum
2934 5226 3262 5295 negotietur.
3331 5222 3455 5277 Fuit
3510 5223 3696 5277 Romae

2120 5322 2372 5376 tribunus
2408 5321 2581 5391 plebis
2624 5317 2898 5389 Aquilius,
2928 5318 3021 5386 qui
3058 5315 3125 5369 de
3156 5316 3359 5370 damno
3404 5314 3574 5383 legem
3609 5321 3697 5367 tu-

2122 5414 2207 5478 lit,
2241 5429 2362 5483 quze
2385 5414 2453 5467 ab
2487 5412 2605 5477 eius
2640 5394 2862 5465 nomine
2896 5413 2974 5465 lex
3008 5409 3223 5482 Aquilia
3252 5420 3495 5476 congrue
3532 5420 3695 5460 voca-

2126 5515 2240 5561 tur.
2276 5508 2347 5561 Ea
2375 5507 2549 5560 tribus
2578 5503 2834 5573 capitulis
2864 5502 3150 5567 dividitur,
3202 5514 3439 5569 quorum
3498 5512 3699 5553 secun-

2127 5601 2254 5657 dum
2284 5602 2487 5656 nostris
2541 5600 2594 5653 in
2652 5596 2885 5669 negotiis
2929 5596 2983 5651 in
3030 5610 3129 5649 usu
3177 5608 3289 5648 non
3337 5602 3440 5649 est.
3478 5592 3573 5648 llla
3608 5589 3698 5647 lex
