4430 6448
744 353 815 415 9i
828 355 865 413 3

748 466 905 518 Ἔστι
926 462 980 517 δὲ
1010 465 1104 518 καὶ
1122 464 1374 527 ούτίλιος,
1394 463 1580 517 ἔστιδὲ
1614 463 1706 516 καὶ
1721 464 1965 533 διρέκτα.

744 560 807 611 Εἰ
844 559 943 628 μέν
973 576 1059 622 τις
1094 559 1251 627 σῶμα
1285 556 1501 627 σώματι
1535 558 1748 627 βλάψει,
1778 558 1898 610 τότε
1932 556 2179 627 διρέκτα,

745 654 806 705 El
836 653 890 706 δέ
922 672 1005 717 τις
1034 652 1209 713 ἄλλως
1229 651 1491 721 ἔϐραψεν,
1528 651 1762 712 ούτίλιος
1789 650 2071 720 τυγχάνει.

746 748 809 799 Εἰ
836 747 890 799 δῖ
941 744 1062 815 μηδ’
1100 744 1273 805 οὕτως
1305 744 1528 812 ἔϐλαψε,
1569 744 1706 814 μήτε
1737 743 1949 813 σώματι
1971 743 2149 811 σῶμα,

745 838 927 906 Ζημέα
956 838 1011 890 δὲ
1040 838 1409 907 προσγέγονεν
1444 840 1476 907 ὴ
1509 837 1827 908 ίμφάκτουμ
1859 839 2112 890 κινεῖται.

754 932 812 983 '0
844 931 901 983 δέ
929 947 991 998 γε
1045 931 1342 993 ’Δκουίλιος
1378 931 1519 985 κατὰ
1558 932 1658 1001 μὲν
1682 931 2032 1002 ἀρνουμένων

743 1022 951 1091 Διπλῆν
986 1025 1220 1075 ποιεῖται
1250 1023 1562 1089 εἴσπραξιν,
1599 1023 1726 1086 τοὺς
1748 1023 1801 1076 δὲ
1832 1020 2232 1092 ὁμολογοῦντας

744 1114 1081 1185 Ῑῖἰσπράττει
1112 1115 1272 1183 μόνον
1312 1116 1372 1170 τὸ
1396 1117 1624 1181 ἁπλοῦν,
1652 1116 1772 1169 οὐδὲ
1808 1116 1955 1187 ζητῶ
1984 1135 2033 1169 τι
2073 1116 2255 1169 πλέον.

753 1208 819 1260 Ἢ
848 1208 913 1261 Βι
937 1209 1247 1278 βονορουμ
1275 1211 1319 1264 δ’
1348 1211 1536 1279 ἀγωγὴ
1558 1227 1915 1278 ,ίαπτορουμ
1943 1212 2283 1281 κεκλημένη,

745 1303 990 1355 Κινεῖται
1013 1303 1154 1355 κατά
1177 1304 1426 1373 ἅρπαγας
1456 1308 1798 1374 πραγμάτων
1832 1305 2147 1377 ἀλλοτρίων,

757 1393 939 1457 Ἐντὸς
983 1394 1082 1462 μὲν
1122 1395 1314 1464 χρᾶνου
1341 1394 1544 1450 ἔσωθεν
1587 1397 1928 1466 τετραπλοῦν
1992 1398 2326 1462 ἀπαιτοῦσα,

746 1481 852 1535 Τοῦ
884 1485 1213 1554 πράγματος
1247 1485 1322 1556 τῷ
1357 1504 1415 1539 τε
1429 1487 1650 1559 τραπλῷ
1671 1489 1906 1542 ἐνταῦθα
1938 1491 2327 1561 προκειμένου,

748 1577 911 1630 Ὥστε
964 1576 1257 1647 συμϐαίνει
1307 1578 1407 1649 τὴν
1466 1581 1655 1652 ποινὴν
1686 1583 1766 1645 είς
1806 1581 1864 1634 τὸ
1890 1582 2155 1651 τριπλοῦν
2196 1600 2329 1650 τυγ-

2027 1674 2257 1746 ἱκάνειν,

758 1757 943 1820 Ἐκτὸς
967 1758 1022 1812 δὲ
1050 1760 1242 1830 χρόνου
1278 1763 1518 1831 πέφυκεν
1545 1763 1756 1817 ἁπλοῦν
1783 1766 2103 1835 εἰσπράττει
2142 1767 2319 1835 μόνον.

747 1850 857 1901 Καὶ
891 1852 1177 1920 κινηθεῖσα
1203 1854 1469 1925 πρότερον
1500 1855 1597 1923 τὴν
1626 1856 1868 1927 φούρτην
1898 1856 2203 1909 καταπαύει

748 1942 808 1993 Ι·ὶί
840 1941 895 1993 δὲ
928 1944 1027 2013 τὴν
1059 1944 1305 2016 φούρτην
1340 1948 1610 2018 πρότερον
1650 1951 1860 2016 κινήσει
1885 1967 1964 2012 τις
2005 1952 2327 2019 ραπτόρουμ

746 2033 901 2086 Κίνει
936 2036 1029 2087 καὶ
1056 2036 1261 2107 ταύτην
1291 2038 1585 2099 δέσποτα,
1616 2039 1716 2092 ούκ
1760 2040 2085 2110 ὑπερϐαίνει
2114 2042 2171 2094 δέ
2194 2059 2256 2108 γε

745 2125 851 2177 Τοῦ
881 2127 1181 2197 τετραπλοῦ
1196 2130 1295 2200 τὴν
1313 2131 1605 2201 εἴσπραξιν
1636 2133 1739 2185 κᾶν
1766 2133 1935 2201 ἄμφω
1967 2151 2051 2197 τις
2087 2136 2318 2204 κινήσει.

754 2217 817 2295 ξΗ
844 2218 1158 2286 Δεποζῒτης
1204 2221 1378 2276 ἐστὶν
1408 2224 1441 2292 ἡ
1473 2225 1601 2294 περὶ
1627 2224 1984 2296 παραΘήκης.

746 2311 820 2363 ’Ἡ
849 2330 932 2374 τις
959 2314 1051 2365 καὶ
1066 2314 1217 2366 δόλον
1232 2315 1457 2368 άπαιτεῖ
1488 2318 1623 2386 πρὸς
1664 2317 1719 2369 δὲ
1746 2320 1839 2371 καὶ
1873 2320 2046 2371 λάταν
2082 2319 2327 2374 κοῦ).παν

746 2403 857 2455 Καὶ
893 2404 1047 2466 τόκος
1077 2404 1424 2475 ὑπερθέσεως
1456 2408 1548 2460 καὶ
1581 2408 1904 2478 συγχύσεως
1923 2412 2060 2480 ἅμα,

746 2495 859 2547 Καὶ
893 2496 1252 2567 κληρονόμοις
1292 2499 1514 2563 δίδοται,
1550 2502 1811 2557 καὶκατὰ
1845 2504 2221 2575 κληρονόμων,

746 2588 860 2639 Οὔκ
896 2588 1009 2641 ἐστι
1042 2591 1149 2661 γὰρ
1183 2592 1513 2661 ἀτιμουργδς
1546 2596 1593 2647 εί
1621 2597 1695 2663 μὴ
1720 2596 1907 2664 οἰκείῳ
1925 2597 2080 2665 δόλῳ.

757 2678 821 2731 Ἦ
856 2679 987 2747 περὶ
1018 2680 1205 2736 δόλου
1238 2683 1293 2736 δέ
1318 2685 1433 2736 ἐστι
1472 2686 1631 2756 ποινὴ
1662 2687 1755 2739 καὶ
1788 2688 2066 2751 ποιναλία,

748 2772 958 2825 Δίδοται
989 2775 1169 2829 καῦσα
1203 2779 1447 2845 κόγνιτα,
1481 2778 1595 2831 ἐστι
1629 2781 1977 2848 περσοναλία,

761 2866 848 2917 Ἐν
876 2869 988 2930 τοῖς
1018 2868 1138 2921 δυσὶ
1163 2871 1207 2922 δ’
1237 2874 1507 2935 ἐνιαυτοῖς
1536 2873 1766 2943 ἄρχεται
1814 2873 1909 2925 καὶ
1961 2874 2289 2942 πληροῦται,

752 2954 955 3024 Ἀλλης
982 2957 1025 3009 δ’
1056 2958 1300 3031 ὑπούσης
1324 2960 1568 3031 ἀγωγῆς,
1597 2962 1659 3014 οὐ
1692 2965 1859 3025 κινεῖς
1887 2964 1983 3031 τὴν
2015 2964 2069 3015 δὲ
2097 2963 2254 3032 δόλῳ.

752 3049 883 3103 Ἦδε
916 3050 983 3105 δε
1014 3056 1245 3108 Φιιλσιρ
1276 3055 1469 3127 ἀνωγὴ
1505 3056 1670 3126 νόμος
1703 3057 2020 3128 Κορνελίου,

753 3392 921 3447 certe,
963 3396 994 3433 ο
1030 3380 1271 3444 domine,
1327 3383 1560 3437 multum
1604 3383 1754 3437 utilis
1806 3392 1911 3450 est,
1945 3390 1999 3437 et
2052 3382 2197 3437 circa
2238 3399 2328 3437 ea-

754 3474 877 3527 dem
911 3483 1157 3527 exactam
1202 3475 1445 3544 regulam
1485 3474 1717 3539 inducit,
1787 3475 1832 3529 si
1890 3474 2016 3543 quis
2068 3475 2331 3543 pecudem

753 3566 1017 3634 gregatim
1053 3575 1365 3635 pascentem
1405 3568 1642 3622 occidat.
1672 3568 1829 3623 Actio
1862 3568 1979 3623 hate
2013 3576 2097 3622 est
2145 3584 2335 3634 pmua-

754 3660 844 3723 l’s,
880 3667 963 3713 est
998 3659 1253 3723 utilis,et
1278 3660 1484 3715 directa
1522 3678 1532 3711 :
1564 3662 1606 3713 si
1667 3662 1792 3728 quis
1833 3676 2063 3729 corpore
2114 3662 2332 3731 corpori

755 3753 1015 3806 damnum
1060 3754 1326 3819 intulerit,
1358 3763 1489 3809 tunc
1507 3755 1609 3809 erit
1645 3755 1853 3808 directa
1894 3770 1909 3807 :
1964 3752 2013 3809 si
2042 3756 2197 3809 aliter
2237 3771 2337 3811 no-

755 3847 952 3909 cucril,
984 3847 1133 3899 util‘s
1167 3847 1252 3900 :si
1319 3862 1449 3902 vero
1480 3862 1579 3901 uec
1612 3862 1678 3901 eo
1728 3847 1912 3910 modo,
1974 3863 2072 3901 nec
2111 3862 2338 3917 corpore

755 3942 971 4009 corpori
1006 3941 1263 3993 damnum
1295 3941 1479 3994 datum
1519 3948 1625 3999 est,
1665 3940 1811 3994 actio
1847 3941 1899 3993 in
1926 3940 2133 3994 factum
2183 3956 2335 3995 com-

756 4042 923 4101 petet.
984 4033 1090 4086 Lex
1136 4033 1350 4102 Aquilia
1381 4033 1449 4086 ab
1486 4032 1862 4087 inficiantilms
1888 4031 2114 4101 duplum
2140 4032 2332 4102 exigit,

756 4142 782 4177 a
816 4126 1203 4179 eonﬁlentibus
1238 4125 1516 4195 simplum.
1554 4140 1731 4194 neque
1780 4124 1927 4179 enim
1963 4124 2200 4193 amplius
2245 4141 2341 4193 pc-

756 4221 912 4272 titur.
964 4220 1120 4272 Actio
1156 4228 1351 4273 vocata
1402 4218 1451 4271 vi
1489 4218 1747 4271 bonorum
1812 4228 2116 4283 raptarum,
2153 4232 2341 4271 move-

758 4324 849 4365 tur
884 4323 1077 4366 coutra
1114 4320 1360 4379 raptores
1386 4327 1569 4367 rerum
1598 4312 1928 4375 alienarunt,
1968 4310 2110 4362 intra
2134 4324 2338 4363 annum

758 4404 1125 4473 quadruplum
1158 4404 1372 4471 repetit,
1410 4417 1467 4456 re
1491 4410 1642 4469 rapta
1679 4401 1729 4453 in
1766 4398 2075 4468 quadruplo
2093 4413 2343 4466 compre-

761 4499 956 4562 hensa,
1013 4508 1176 4566 atque
1212 4495 1348 4551 adeo
1377 4510 1721 4565 consequens
1752 4502 1833 4548 est
1868 4502 1927 4547 ut
1958 4507 2116 4563 poma
2152 4492 2204 4545 in
2240 4492 2339 4544 tri-

761 4589 851 4656 plo
888 4589 1196 4643 consistat:
1239 4596 1292 4640 at
1320 4597 1474 4641 extra
1511 4602 1714 4639 annum
1752 4586 2008 4653 simplum
2040 4584 2218 4639 solum
2253 4598 2337 4637 re-

2002 338 2421 403 meamus
2458 341 2725 403 PSELLI
3911 356 4007 417 9p,

3999 390 4014 419 ἑ

2358 459 2397 511 Α
2430 462 2677 515 Κινεῖται
2710 461 2764 515 δὲ
2798 464 2939 517 κατά
2972 481 3115 527 τινος
3147 466 3384 522 πλαστὸν
3418 470 3801 539 πεποιηκότος.

2434 553 2541 608 Τοῦ
2572 554 2628 607 δὲ
2661 556 2981 624 πουῆλίκου,
3011 557 3301 625 δέσποτα,
3332 564 3365 632 ἡ
3391 562 3448 617 δὲ
3478 565 3673 631 φάλσις
3719 567 3959 636 τιμωρέα
3996 585 4010 600 ι

2432 650 2570 701 Κατ’
2599 647 2902 720 ἐλευθέρων
2948 649 3045 720 μὲν
3074 650 3220 704 ἔστιν
3246 652 3278 721 ἦ
3310 670 3367 705 τε
3386 652 3739 723 δεπορτατίον
3776 657 3851 721 (6)

2434 743 2544 796 Καὶ
2572 744 2605 813 ὴ
2640 743 2824 795 τελεία
2858 743 3126 814 δήμευσις
3160 761 3172 773 ·
3199 747 3339 799 κατά
3372 746 3426 800 δὲ
3449 747 3655 799 δούλων
3689 748 3868 813 πάλιν,

2444 837 2713 907 Ἐσχάτην
2736 837 2849 906 ἔχει
2901 837 3146 890 κάκωσιν
3176 838 3460 893 πάνδεινον
3488 841 3781 911 τιμωρίαν.

2432 928 2615 997 Νόμος
2656 919 2806 981 ἐστὶν
2853 927 3071 990 Ἰούλιος
3105 930 3133 981 ὁ
3171 929 3238 982 δέ
3271 946 3331 995 γε
3373 930 3761 985 Πεκουλάτου

2436 1021 2620 1084 Ὅστις
2645 1023 2784 1074 κατά
2821 1020 2912 1074 τοῦ
2942 1020 3235 1089 κλέψαντος
3264 1022 3322 1087 ἐξ
3355 1022 3514 1091 ἱερῶν
3543 1022 3773 1084 ἀδύτων,

2447 1115 2510 1169 Ἦ
2543 1116 2605 1167 ἐκ
2640 1115 2939 1184 μνημάτων
2970 1113 3231 1183 ἀσφαλῶν
3264 1115 3381 1184 ἦτοι
3420 1114 3747 1185 ρελεγιόσων

2434 1210 2701 1273 Κινεῖται,
2737 1207 2828 1261 καὶ
2851 1206 3177 1279 τραχύνεται
3204 1208 3296 1259 καὶ
3329 1211 3562 1277 τιμωρεῖ
3600 1208 3897 1271 πανδείνως
3926 1226 3939 1239 ο

2446 1302 2673 1370 Ἐπάγει
2708 1303 2817 1371 γὰρ
2846 1300 3148 1371 ἐναλλαγὴν
3174 1301 3382 1366 τάξεως
3404 1302 3501 1370 τῆς
3537 1301 3830 1371 προτέρας.

2434 1392 2855 1465 Διρποτατεύει,
2892 1392 3151 1457 δέσποτα,
3191 1392 3283 1447 τὸν
3314 1391 3756 1463 ἐξεληλεγμένον,

2439 1490 2593 1556 Ἔχει
2615 1488 2671 1541 δὲ
2703 1488 2799 1541 καὶ
2830 1487 2929 1557 τὴν
2970 1486 3203 1557 δύναμιν
3232 1487 3382 1550 ὲντδς
3408 1488 3752 1551 πενταετίας.

2445 1580 2507 1632 Ἦ
2534 1580 2600 1633 δὲ
2638 1580 3090 1644 Δονατιονιόους
3113 1579 3307 1647 ἀγωγὴ
3337 1580 3642 1650 διαιροῦσα,

2436 1676 2558 1729 Τῶν
2584 1677 2926 1746 δωρημάτων
2954 1675 3013 1728 τὸ
3038 1675 3235 1738 διττὸν,
3273 1675 3423 1728 δόνου
3434 1695 3472 1745 μ
3499 1676 3606 1746 γάρ
3637 1694 3717 1729 τοι
3747 1677 3804 1727 τὸ
3822 1676 4011 1744 δῶρον,

2433 1770 2508 1823 Τὸ
2537 1770 2632 1838 μέν
2668 1770 2813 1821 ἐστιν
2844 1767 2992 1839 ίντερ
3014 1768 3200 1837 βίῦων,
3237 1768 3518 1820 τουτέστιν
3553 1766 3905 1827 ἁπεντεῦΘεν,

2435 1862 2507 1914 Τὸ
2546 1861 2601 1913 δέ
2625 1878 2688 1927 γε
2717 1860 2905 1931 μόρτις
2931 1860 3111 1912 καῦσά
3142 1878 3257 1921 πως
3282 1860 3515 1912 Θανάτου
3542 1860 3650 1928 γάρ
3679 1860 3848 1922 αἰτία,

2431 1953 2640 2021 Μάρτις
2673 1952 2779 2021 γάρ
2823 1953 2851 2003 ὁ
2886 1950 3141 2012 Θάνατος,
3175 1950 3235 2002 τὸ
3266 1949 3445 2003 καῦσα
3488 1952 3532 2001 δ’
3572 1950 3628 2003 ἓν
3657 1951 3854 2004 ἐκάτον
3909 1949 4009 2019 (7),

2436 2047 2591 2097 ’Ἤτοι
2618 2044 2677 2095 τὸ
2708 2044 2773 2096 δι’
2806 2044 3061 2097 ύπονοίαν
3098 2043 3329 2096 Θανάτου
3356 2043 3659 2111 δεδομένον.

2433 2139 2609 2207 Τυχδν
2642 2135 2751 2207 γάρ
2778 2136 2972 2204 ἔμελλέ
3000 2154 3082 2199 τις
3114 2136 3268 2188 πλεῖν
3291 2136 3459 2188 πλοῦν
3485 2135 3902 2203 ἐπικινδυνώεη,

2434 2230 2542 2281 Καὶ
2571 2228 2849 2281 δεδωκέτω
2877 2227 3135 2297 χρήματα
3166 2226 3243 2296 τῷ
3262 2227 3411 2294 φόϐῳ
3451 2225 3544 2279 τοῦ
3590 2227 3841 2285 Θανάτου,

2446 2320 2712 2373 Ἐνταῦθα
2740 2320 2848 2390 γάρ
2871 2318 3191 2386 ἀπαλλαγὰς
3222 2320 3249 2369 ὁ
3276 2318 3527 2380 δεδωκὼς
3573 2319 3665 2371 τοῦ
3694 2319 3857 2387 φόϐου

2432 2414 2711 2483 Δεσπότης
2736 2414 2897 2467 πάλιν
2925 2412 3136 2481 πέφυκε
3160 2416 3269 2465 τῶν
3298 2428 3361 2479 γε
3391 2412 3801 2480 δεδωρημένων.

2444 2507 2501 2559 Ὀ
2531 2505 2595 2573 δὴ
2616 2503 2797 2557 λαϐὼν
2824 2503 2920 2567 τὴν
2948 2503 3157 2572 δωρεὰν
3185 2504 3418 2572 φυσικὴν
3443 2503 3611 2571 νομὴν
3647 2502 3782 2571 ἔχει.

2449 2599 2511 2652 Ἦ
2538 2597 2593 2650 δέ
2629 2614 2689 2663 γε
2718 2595 3085 2663 ἐπερώτησις
3114 2597 3222 2649 τινὶ
3247 2594 3734 2663 προσπορισϐεῖσα,

2434 2692 2526 2753 Εἰς
2552 2690 2884 2760 κληρονόμον
2920 2688 3129 2755 πέφυκε
3156 2687 3250 2741 καὶ
3288 2688 3445 2757 μόνον
3472 2688 3910 2757 μεταπέμπτειν.

2445 2782 2511 2834 Ἢ
2545 2782 2611 2834 δὲ
2663 2783 3024 2848 Ἰνοφικιοσο
3066 2779 3386 2849 ἡδιαΘήκης
3414 2778 3640 2848 μέμψις,

2436 2875 2730 2945 Εἰσαγωγὴ
2760 2874 2896 2943 πρὸς
2921 2874 3170 2941 ἀγωγὴν,
3199 2874 3298 2925 οὐκ
3329 2872 3519 2942 ἀγωγὴ
3539 2872 3821 2940 τυγχάνει,

2436 2969 2548 3035 Τὴν
2586 2986 2650 3020 πε
2663 2969 2710 3037 pi.
2739 2966 3090 3037 ἀπαιτήσεως
3115 2965 3257 3033 λέγω
3280 2965 3666 3035 κληρονομίας,

2437 3061 2648 3114 Δέδοται
2683 3058 2723 3110 δ’
2757 3058 2897 3127 αῦτη
2930 3056 3020 3110 καὶ
3053 3057 3209 3110 παισὶ
3258 3058 3396 3109 κατά
3432 3056 3638 3126 πατρδς
3687 3054 3737 3105 εἴ
3782 3054 3842 3119 γέ
3906 3072 4019 3116 πως

3634 3147 3790 3203 Vcrs.
3815 3148 3915 3201 553

2440 3383 2529 3445 lis,
2563 3381 2725 3434 datur
2773 3392 2937 3433 causa
2976 3376 3217 3445 cognita,
3254 3383 3307 3430 et
3360 3384 3445 3430 es:
3474 3374 3823 3445 personalis;
3877 3377 4014 3429 iulr't

2438 3475 2721 3529 biennium
2754 3472 2966 3539 incipit,
3004 3483 3054 3524 et
3092 3470 3211 3523 ﬁnit
3244 3488 3255 3521 :
3290 3468 3333 3523 si
3375 3469 3479 3521 alia
3530 3470 3673 3523 actio
3722 3479 4016 3537 competat,

2442 3584 2549 3621 non
2583 3567 2699 3635 agis
2755 3564 2821 3619 de
2856 3564 3002 3619 dolo.
3042 3564 3199 3617 Actio
3251 3564 3314 3614 de
3349 3560 3524 3614 Falsis
3556 3578 3619 3615 ex
3665 3562 3779 3630 lege
3810 3562 4017 3617 Corne-

2440 3662 2509 3715 lia
2541 3668 2787 3714 movetur
2805 3667 2993 3713 contra
3020 3672 3141 3713 eum
3179 3655 3269 3725 qui
3302 3656 3500 3710 falsum
3526 3654 3672 3718 fecit,
3714 3654 4014 3723 ejnspceua

2441 3772 2470 3809 ο
2513 3756 2743 3815 domine,
2792 3752 3007 3820 publica
3043 3759 3146 3808 est.
3176 3750 3228 3801 in
3290 3747 3541 3817 ingenuis
3577 3745 3892 3799 hominibus
3926 3744 4021 3797 de-

2442 3846 2703 3917 portatio,
2734 3852 2787 3899 ct
2813 3841 3411 3897 omnimodabouorum
3445 3838 3780 3908 publicatio;
3823 3851 4018 3891 rursus

2443 3941 2496 3993 in
2532 3952 2691 3992 servo
2751 3935 3077 4005 gravissima
3122 3947 3307 4002 paena,
3355 3942 3409 3985 et
3463 3942 3768 3983 extremum
3828 3931 4023 3999 suppli-

2442 4032 2609 4086 cium.
2641 4030 2733 4083 Est
2754 4028 2919 4083 etiam
2956 4026 3041 4079 lex
3081 4023 3225 4078 Julia
3256 4024 3316 4076 dc
3347 4021 3601 4075 Peculatu
3656 4030 3847 4075 contra
3896 4037 4019 4074 eum

2442 4125 2535 4193 qtti
2567 4122 2780 4175 furatus
2821 4129 2904 4175 est
2938 4134 3002 4172 ex
3028 4117 3204 4173 sacris
3258 4115 3655 4185 penetralibus,
3693 4122 3745 4167 et
3776 4129 3839 4167 ex
3888 4114 4023 4167 tutis

2444 4215 2819 4273 monumentis
2844 4214 2960 4268 sive
2992 4211 3269 4279 religiosis
3300 4226 3311 4260 :
3352 4218 3623 4271 movetur,
3685 4208 3928 4265 damnat,
3970 4218 4023 4259 et

2444 4310 2601 4379 punit
2640 4306 2987 4377 gravissime,
3027 4301 3234 4355 inducit
3264 4300 3406 4353 enim
3436 4298 3633 4367 prioris
3659 4297 3869 4351 Ordinis
3900 4311 4023 4347 mu-

2447 4403 2705 4456 tationem
2735 4416 2748 4463 ;
2783 4399 3053 4466 deportat,
3101 4409 3133 4445 ο
3165 4392 3408 4452 domine,
3446 4406 3565 4443 eum
3600 4390 3690 4458 qui
3732 4389 4021 4443 convictus

2446 4501 2551 4552 est,
2583 4500 2636 4544 et
2684 4490 2857 4542 robur
2882 4488 3091 4539 obliuet
3120 4485 3262 4537 intra
3309 4482 3769 4552 quinquennium.
3816 4479 3889 4530 De
3922 4477 4023 4529 Do-

2448 4582 2754 4636 nationibus
2791 4580 2937 4633 actio
2977 4578 3152 4631 divisa
3202 4585 3306 4637 est,
3354 4574 3582 4628 donatio
3616 4573 3760 4625 enim
3825 4570 4021 4639 duplex

761 4682 958 4749 poscit.
989 4678 1055 4732 Et
1082 4680 1124 4735 si
1154 4680 1306 4747 prius
1331 4688 1509 4733 actum
1544 4686 1627 4732 est
1666 4680 1714 4729 vi
1741 4678 2009 4731 bonorum
2033 4686 2336 4744 raptorum,
2372 4653 2415 4706 D
2445 4686 2559 4735 est;
2600 4675 2803 4727 donum
2839 4680 2923 4726 est
2957 4671 3129 4739 δῶρον
3160 4685 3173 4720 :
3220 4669 3321 4721 alia
3358 4676 3442 4722 est
3504 4670 3643 4719 inter
3695 4667 3869 4723 τίκ-υς,
3906 4679 4025 4731 qure

760 4780 940 4826 cessat
970 4770 1113 4825 actio
1156 4769 1284 4823 furti
1326 4788 1337 4820 :
1374 4771 1415 4823 si
1459 4770 1585 4823 furti
1644 4779 1770 4821 ante
1813 4768 1939 4837 quis
1983 4767 2117 4835 egit,
2148 4781 2336 4819 more-

762 4859 842 4912 liii.
876 4860 1233 4913 nihilominus
1273 4860 1541 4913 honorum
1580 4868 1862 4928 raptorum
1896 4858 2163 4912 actionem
2196 4874 2209 4921 ;
2245 4874 2338 4925 po-

763 4953 890 5005 terit
917 4952 1059 5005 enim
1098 4954 1244 5019 quis,
1287 4970 1315 5006 0
1348 4954 1579 5014 domine,
1616 4953 1689 5005 ita
1715 4951 1933 5003 demum
1967 4966 2149 5020 agere,
2179 4951 2341 5005 modo

764 5060 873 5098 nou
904 5044 1135 5098 excedat
1157 5045 1445 5113 quadrupli
1472 5043 1838 5105 exactionem,
1869 5043 2032 5096 etiam
2068 5043 2114 5095 si
2140 5050 2346 5095 utram-

764 5148 873 5202 que
900 5132 1027 5185 furti
1056 5144 1108 5187 et
1145 5135 1413 5188 bonorum
1449 5144 1729 5201 raptorum
1770 5140 2007 5185 moveat.
2040 5131 2198 5184 Actio
2247 5129 2349 5182 Dc-

766 5227 925 5295 positi
967 5238 1192 5281 vocatur
1243 5230 1371 5297 περὶ
1427 5224 1929 5295 ῐΙαρακαταΘήκης,
1967 5239 2031 5277 ex
2075 5238 2181 5291 qua
2224 5223 2347 5289 quis

766 5320 949 5372 dolum
989 5328 1233 5387 pra-stat,
1290 5327 1343 5373 et
1400 5320 1563 5372 latam
1602 5320 1841 5387 culpam,
1872 5328 1925 5373 et
1963 5333 2161 5372 usuras
2219 5333 2343 5386 pro-

766 5423 887 5479 pter
919 5426 1124 5463 moram
1161 5418 1215 5463 et
1252 5426 1434 5472 usum,
1470 5420 1521 5462 et
1550 5402 1857 5464 heredibus
1873 5411 2053 5476 datur,
2076 5419 2127 5464 et
2153 5418 2343 5462 contra

772 5501 1033 5558 lmredes.
1071 5515 1177 5553 tton
1210 5501 1352 5552 enim
1392 5500 1641 5568 infamat,
1700 5502 1805 5556 nisi
1866 5502 2123 5573 proprius
2181 5500 2340 5554 dolus

770 5591 1144 5645 intervenerit.
1180 5590 1340 5647 Actio
1374 5593 1436 5646 de
1468 5592 1620 5659 Dolo,
1654 5601 1811 5650 estet
1838 5608 2016 5663 pmua,
2072 5604 2125 5648 et
2158 5605 2342 5661 poena-

841 5805 917 5874 (tj)
954 5806 1331 5873 Δεπορτατίον.

2448 4767 2737 4822 confestim
2766 4765 2945 4819 valet:
2982 4762 3184 4816 aliaest
3214 4760 3408 4815 mortis
3433 4774 3622 4821 causa,
3658 4757 3889 4810 Θανάτου
3944 4756 4023 4806 αἱ·

2450 4860 2560 4930 τία.
2601 4858 2747 4912 Mors
2779 4856 2924 4911 enim
2982 4855 3235 4918 Θάνατος,
3260 4868 3425 4905 causa
3452 4893 3467 4916 ,
3490 4851 3648 4919 cujus
3675 4853 3880 4918 gratia:
3911 4849 4024 4902 sive

2451 4953 2596 5023 quod
2652 4952 2839 5005 datum
2872 4957 2953 5003 est
2989 4947 3060 5001 ob
3087 4946 3460 5015 suspicionem
3525 4945 3739 4997 utovtis.
3808 4942 3861 4995 Si
3902 4942 4025 5011 quis

2456 5043 2600 5096 enim
2636 5040 3001 5110 periculosam
3038 5037 3438 5105 navigationem
3470 5034 3843 5102 ingressurus,
3876 5044 4023 5083 metu

2452 5136 2651 5189 mortis
2680 5131 2773 5185 det
2797 5131 3080 5200 pecunias,
3114 5138 3166 5181 et
3200 5128 3439 5181 dimittat
3501 5141 3589 5179 res
3628 5127 3806 5187 datas,
3853 5126 3899 5179 is
3933 5124 4023 5192 qui

2450 5235 2593 5279 metu
2657 5226 2845 5286 donat,
2907 5221 3161 5274 dominus
3212 5235 3399 5273 earum
3448 5228 3711 5281 remanet,
3754 5218 3843 5287 qui
3898 5232 4026 5271 vero

2451 5319 2653 5369 donum
2676 5316 2841 5384 cepit.
2874 5313 3175 5365 naturalem
3213 5312 3621 5380 possessionem
3643 5310 4019 5377 consequitur.

2449 5409 2737 5476 Slipulatio
2764 5408 2922 5459 alit-ui
2949 5406 3215 5473 acquisita
3237 5404 3299 5456 ad
3319 5404 3493 5457 solum
3529 5402 3795 5456 Itazredem
3829 5410 4016 5454 trans-

2448 5502 2703 5555 mittitur.
2756 5498 2828 5551 De
2878 5496 3211 5566 lno/ﬁcioso,
3276 5504 3359 5551 est
3437 5494 3657 5565 querela
3728 5492 3793 5545 dc
3858 5500 4022 5545 testa-

2449 5602 2651 5655 mento,
2691 5590 3026 5644 introductio
3063 5590 3129 5645 ad
3166 5590 3435 5644 actionem
3493 5602 3599 5642 non
3635 5585 3850 5656 proprie
3887 5584 4025 5638 aetic

2514 5795 2591 5863 (ἲ)
2630 5792 2934 5859 Ἐνεκᾴτου.
