4430 6448
753 403 856 470 947

753 526 1001 579 lit-utrm.
1025 523 1068 576 δ’
1102 523 1151 576 εί
1186 522 1278 577 καὶ
1307 521 1571 593 τέθνηκεν
1595 522 1623 575 ό
1652 520 2132 593 κατηγορημένος.

766 618 832 671 'H
865 620 1101 686 Ρερουμ
1141 620 1502 685 Αμοταρουμ
1523 614 1579 668 δὲ
1610 613 1978 676 κονδικτίκιος
2007 612 2186 681 λόγος.

766 711 1029 781 Ἀρμόζει
1059 709 1115 761 δὲ
1141 709 1235 761 καὶ
1274 706 1493 776 γυναιξὶ
1535 706 1679 761 κατὰ
1717 706 1828 761 τῶν
1872 703 2292 768 συνοικούντων,

768 803 948 873 ’Δνδρί
972 819 1030 855 τε
1062 803 1204 855 κατὰ
1231 804 1490 871 γυναικὸς
1520 800 1842 871 κλέψαντος,
1871 800 1903 872 ἢ
1934 798 2237 870 κλεψάσης.

754 903 1192 965 Στελιονατους
1227 898 1284 951 δέ
1309 899 1427 952 ἐστι
1450 896 1705 969 πράξεως
1732 896 1969 967 πονηρία
2010 912 2027 928 ο

764 995 985 1047 ὐποίον
1014 996 1062 1046 εί
1093 991 1378 1064 χρεώστης
1408 991 1492 1057 τίς
1521 1008 1628 1046 τινι
1658 990 1766 1044 τῶν
1796 989 2187 1056 δανεισάντων,

740 1066 846 1144 llic;
871 1082 1158 1152 ὑποθήκην
1200 1083 1435 1154 πρᾶγμα
1469 1082 1543 1153 δῷ
1578 1080 2110 1153 προῦποτεθειμένον
2143 1096 2155 1111 '

756 1177 908 1246 Ἔχει
944 1177 988 1229 δ’
1022 1177 1499 1248 ὲξτραορδινὰριον
1519 1176 1679 1230 τοῦτο
1699 1177 1801 1249 τὴν
1836 1175 2130 1247 τιμωρίαν.

764 1271 985 1339 Ἀγωγὴ
1005 1270 1315 1341 διαιρετικὴ
1352 1271 1455 1340 ἥγε
1496 1269 1898 1339 Τριόουτορια.

763 1364 828 1415 Ἦ
854 1364 911 1416 δέ
938 1380 999 1431 γε
1046 1363 1155 1434 μὴν
1195 1367 1513 1431 Τουτελαε,
1549 1364 1581 1419 ἢ
1622 1364 1741 1417 κατ’
1769 1362 2086 1432 ἐπιτρόπων
2115 1380 2127 1393 ·

752 1455 825 1507 Τὸ
852 1455 908 1508 δὲ
945 1459 1442 1523 Τερτουλιανειον
1461 1457 1641 1526 δόγμα
1685 1456 1823 1526 πρὸς
1866 1458 2233 1526 συκοφάντας.

751 1549 827 1601 Τὸ
862 1549 923 1602 δὲ
952 1551 1220 1618 φαμιλίας
1255 1544 1649 1619 ὲρκισκούνδαε
1670 1548 1863 1615 τύπος,

767 1643 855 1695 Ἐν
882 1636 926 1711 ᾧ
948 1645 1015 1697 τόι
1040 1644 1367 1714 δικαστήρια
1400 1644 1595 1715 διπλῆν
1619 1644 1732 1714 ἔχει
1770 1645 1869 1715 τὴν
1900 1645 2083 1713 φύσιν,

753 1734 876 1788 ⁹ι’ῶν
910 1736 1290 1802 ἐγκαλούντων
1313 1735 1357 1790 δ’
1384 1737 1622 1801 ἕκαστος
1653 1738 1843 1807 ἄκτωρ
1887 1738 2006 1791 ἐστὶ
2062 1740 2156 1792 καὶ
2198 1752 2337 1808 ρεος.

763 1828 828 1880 'H
861 1831 1257 1896 Φιινερατικια
1284 1829 1365 1895 δὲ,
1401 1833 1627 1884 ἀπαιτεῖ
1649 1833 1747 1900 τὴν
1787 1824 2057 1901 δαπάνην,

752 1922 873 1973 Τῶν
900 1924 957 1974 ἐν
984 1925 1132 1993 ταφῇ
1163 1924 1316 1993 παρά
1338 1940 1487 1986 τινος
1508 1923 1691 1984 καλῶς
1724 1923 2202 1993 καταϐληθέντων,

749 2016 861 2069 Kat
888 2017 1222 2085 προτιμᾶται
1257 2016 1366 2069 τῶν
1392 2016 1591 2088 χρεῶν,
1624 2016 1740 2087 ἤτοι
1764 2015 1902 2087 αὑτὴ
1923 2016 2160 2088 δαπάνη.

751 2107 943 2177 Δόγμα
975 2106 1032 2160 δὲ
1059 2107 1121 2160 τὸ
1167 2108 1545 2173 Ἀτιλανειον,
1574 2109 1667 2162 τὸν
1692 2109 1900 2180 ἀκριὸῆ
1928 2111 2101 2179 νομέα

751 2200 906 2270 Mign
940 2200 1247 2272 κερδαίνειν
1277 2200 1554 2272 περιττὸν,
1591 2202 1730 2272 μήτε
1761 2206 1860 2272 μὲν
1890 2203 2239 2273 ζημιοῦσθαι.

752 2295 941 2364 Δόγμα
965 2295 1024 2348 τὸ
1078 2294 1450 2365 Ἀμφιάνειον
1485 2296 1766 2360 παντελῶς
1795 2297 2059 2369 ἀνηρέθη.

753 2389 943 2457 Δόγμα
976 2389 1037 2441 τὸ
1086 2387 1444 2455 Ἀδριάνειον
1472 2390 1753 2453 παντελῶς
1784 2390 2050 2462 ἠθετήθη.

752 2479 945 2550 Δόγμα
960 2479 1019 2533 δὲ
1049 2480 1107 2532 τὸ
1159 2483 1463 2547 Ἀτίλειον,
1485 2482 1683 2536 κωλύει
1711 2484 1780 2538 τὰ
1817 2484 2119 2549 κλαπέντα,

753 2571 855 2627 Διά
880 2572 1055 2643 νομῆς
1087 2573 1447 2638 δεσπόςεσθαι
1474 2575 1695 2643 χρονίας
1742 2577 2148 2648 προσηκόντως.

766 2668 826 2722 '0
849 2671 1011 2740 νόμος
1040 2669 1085 2722 δ’
1113 2670 1363 2741 όγνάριος
1383 2671 1493 2740 (10)
1524 2670 1616 2723 τὸν
1644 2672 1803 2741 ὅρους
1832 2672 2157 2741 μεταθέντα,

756 2762 1006 2832 Χρυσοῦς
1033 2765 1352 2834 εἰσπράττει
1382 2764 1597 2827 ἑκατὸν,
1634 2766 1721 2833 ἐφ’
1757 2766 1973 2835 ἑκάστῳ
2002 2766 2108 2818 τῶν
2136 2767 2299 2835 ὅρων.

768 2857 831 2908 Ὀ
857 2856 1043 2925 νόμος
1064 2859 1097 2910 ό
1114 2857 1414 2922 βοκώνιος
1444 2857 1727 2921 παντελῶς
1762 2858 2025 2929 ἀνηρέθη,

757 2946 953 3016 Δόγμα
980 2946 1027 2998 δ’
1056 2947 1577 3016 Ἀσουμνιάνειον,
1607 2947 1723 3000 ἐστι
1752 2949 2021 3015 τοιοῦτον,
2053 2950 2205 3016 ἄναξ.

772 3038 900 3094 Ἐάν
940 3054 1026 3103 τις
1057 3038 1163 3092 ὑπὸ
1185 3038 1422 3109 αἵρεσιν,
1460 3039 1489 3101 ἦ
1518 3040 1647 3102 ἴσως
1680 3039 1785 3092 ὑπὸ
1811 3040 1963 3107 ὅρον,

2049 397 2469 463 MICHAELIS
2508 396 2777 458 PSELLI

2381 528 2426 585 Α
2470 513 2821 585 Ἐλευθερίαν
2854 513 3106 587 χρεωστῇ
3142 513 3654 588 φιδικομισσαρίαν,

3938 399 4045 465 918

2452 606 2670 662 Ἐπειτ’
2696 606 3153 679 ἀπολιμπάνηται
3181 608 3252 661 δι’
3282 608 3505 679 εὔλογον
3533 611 3739 678 αἰτίαν,

2448 702 2599 772 Αὕτη
2626 702 2727 772 μὲν
2749 702 2838 755 ἵνα
2861 704 3127 772 προχωρῇ
3153 701 3223 755 δι’
3264 701 3494 771 εῠλογον
3527 705 3711 759 αίτίαν
3731 706 3775 777 (l
3798 706 3870 774 l),

2447 796 2619 858 Αὐτὸς
2637 797 2681 847 δ’
2719 794 2873 849 ἐστὶν
2905 797 3261 860 ἀνέκπτωτος
3289 799 3657 867 πατρωνικῶν
3688 800 3938 857 δικαίων.

2448 891 2646 959 Νόμος
2679 892 2708 942 ὁ
2742 889 2991 955 ἰούλιός
3018 888 3137 942 ἐστι
3181 889 3311 958 περὶ
3347 890 3619 959 μοιχείας,

2449 983 2588 1054 Περὶ
2622 983 3034 1047 καθοσιώσεως,
3061 983 3193 1055 περὶ
3232 982 3356 1052 βίας
3393 984 3643 1037 ἐνόπλου.

2449 1082 2645 1151 Δόγμα
2674 1079 2742 1134 τὸ
2773 1078 3214 1135 Κλαυδιὰνειον
3242 1077 3465 1143 τελείως
3491 1078 3757 1150 ἀνηρὲθη.

2450 1174 2521 1228 Τὸ
2555 1174 2611 1226 δὲ
2645 1170 3121 1242 Καρϐωνιάνειον
3148 1170 3340 1243 βοηθεῖ
3367 1174 3479 1235 τοῖς
3512 1173 3757 1243 ἀνήϐοις.

2461 1268 2525 1323 '0
2545 1268 2733 1334 νόμος
2759 1266 2804 1321 δ’
2839 1269 2871 1320 ό
2892 1265 3237 1334 Κορνήλιος
3267 1266 3410 1321 κατὰ
3441 1264 3551 1318 τῶν
3581 1268 4041 1338 πλαστογραφίαν.

2448 1362 2645 1430 Δόγμα
2676 1359 3131 1429 Λαργιτιάνειον
3158 1359 3422 1430 ἑσχόλασε
3454 1360 3679 1423 τελείως
3712 1378 3724 1391 ·

2448 1453 2645 1520 Δόγμα
2674 1453 2741 1504 τὸ
2767 1450 3114 1506 Νινιάνειον
3141 1452 3311 1506 τανῦν
3337 1452 3439 1505 οὐκ
3464 1450 3581 1522 ἔχει
3611 1452 3832 1522 χρῆσιν.

2448 1545 2522 1597 Τὸ
2547 1544 2605 1597 δὲ
2646 1543 3084 1614 Ὀρφιτιὰνειον
3110 1544 3343 1615 παρέχει
3365 1547 3479 1607 τοῖς
3509 1544 3757 1612 ἐκγόνοις
3796 1560 3809 1574 '

2448 1637 2677 1708 Νόμιμα
2709 1636 2895 1690 δίκαιά
2925 1630 3051 1690 τινά
3075 1636 3348 1707 διαδοχαῖς
3378 1637 3658 1708 μητέρων.

2460 1731 2513 1782 '0
2544 1732 2729 1798 νόμος
2755 1730 2800 1783 δ’
2824 1730 3105 1796 όΠὰπιος
3138 1731 3422 1793 παντελῶς
3458 1730 3724 1800 ἀνηρέθη.

2448 1822 2641 1890 Δόγμα
2670 1821 2737 1874 τὸ
2763 1821 3106 1875 Σιλιάνειον
3134 1822 3419 1893 ἐκδίκησιν
3453 1823 3688 1891 είσάγει,

2375 1894 2415 1949 Β
2449 1914 2515 1968 Εἴ
2540 1932 2621 1977 τις
2649 1914 2824 1985 βίαιον
2862 1915 3133 1967 πέπονθεν
3169 1900 3475 1984 αίςρνιδίως.

2446 2010 2643 2078 Δόγμα
2671 2009 3122 2076 Τερτυλιάνειον
3145 2008 3336 2080 βοηθεῖ
3359 2010 3480 2073 ταῖς
3512 2009 3808 2081 μητράσιν,

2446 2101 2541 2165 Εἰς
2569 2102 2667 2172 τὴν
2704 2108 2813 2155 τῶν
2848 2102 3054 2157 παίδων
3090 2103 3325 2173 νόμιμον
3382 2104 3600 2167 πάντως
3645 2102 4039 2175 κληρονομίαν.

2464 2193 2522 2247 '0
2550 2196 2710 2265 νόμος
2733 2197 2760 2248 ὁ
2792 2195 3078 2256 Φαλκίδιος
3103 2196 3304 2250 αὐτίκα
3337 2213 3420 2249 σοι
3448 2197 3665 2267 ρητέος,

2454 2288 2609 2357 Ἔχει
2640 2287 2751 2358 γὰρ
2792 2288 2931 2357 πρὸς
2963 2289 3271 2359 κατάληψιν
3304 2290 3365 2343 οὑ
3399 2290 3604 2360 μικρὰν
3656 2289 3968 2347 δυσκολίαν.

2536 2383 2596 2435 Ὀ
2623 2382 3106 2451 είκοστόπεμπτος
3158 2382 3349 2453 καιρὸς
3374 2382 3481 2435 τῶν
3502 2382 3771 2454 ἐνηλίκων
3803 2382 3963 2450 ἄναξ,

2466 2476 2595 2528 Ἀπὸ
2623 2473 2797 2547 ῥοπῆς
2828 2475 2990 2544 μέχρι
3029 2475 3203 2545 ῥοπῆς
3230 2476 3471 2543 νομικῶς
3499 2476 3839 2545 ἀριθμεῖται.

2456 2568 2553 2620 Ἂν
2588 2568 2800 2635 αἵρεσις
2834 2565 2963 2636 τεθῇ
2992 2567 3098 2618 τινὶ
3124 2566 3318 2635 καιροῦ
3354 2566 3427 2636 μὴ
3447 2567 3780 2637 ὁρισθέντος,

2448 2660 2541 2723 Είς
2575 2660 2859 2730 πλήρωσιν
2890 2659 3154 2729 αἱρέσεως
3180 2660 3389 2730 ἡμέρας
3425 2660 3539 2730 ἔχει
3576 2661 3690 2716 δύο.

2467 2753 2526 2806 Ὁ
2549 2752 2774 2823 νομικὸς
2809 2750 3205 2822 συμψηφισμὸς
3238 2753 3333 2805 τὸν
3361 2755 3575 2822 χρόνον,
3626 2754 3964 2825 Στεφηφόρε,

2465 2845 2734 2915 Ἑϐδόμης
2774 2844 2921 2914 ὥρας
2941 2844 2986 2896 δ’
3020 2844 3252 2914 ἄρχεται
3284 2846 3511 2909 νυκτὸς,
3556 2848 3651 2900 καί
3691 2848 3855 2917 μέχρι
3881 2848 4049 2913 ἕκτης

2453 2939 2667 3001 Νυκτὸς
2698 2940 2797 3008 τῆς
2826 2937 3270 3007 ἄλληςεὰκριεῶς
3304 2939 3402 3007 τὴν
3444 2939 3746 3009 περαίωσιν
3769 2938 3903 3010 ἔχει.

2468 3029 2533 3082 'H
2569 3028 2834 3099 ἔκκλητος
2857 3028 3126 3082 ἐκδίδοται
3164 3028 3313 3091 ἐντὸς
3346 3028 3570 3099 ἡμερῶν
3594 3029 3746 3085 δέκα.

3696 3122 3852 3179 Vers.
3874 3123 3978 3179 G75

758 3326 1052 3397 νομίας,ἰη
1105 3342 1211 3398 qua
1251 3330 1397 3383 nulla
1444 3341 1527 3384 cst
1562 3331 1874 3388 diﬂ‘crcntia
1933 3346 2256 3406 agnatorum
2293 3348 2420 3412 etc
2456 3347 2677 3393 centum
2707 3354 2905 3393 aureos
2960 3340 3150 3408 exigit.
3218 3339 3325 3392 Lex
3372 3339 3607 3394 Voconia
3636 3355 3863 3409 prorsus
3913 3342 4045 3399 sub-

757 3434 1117 3495 cugnatorum
1147 3441 1398 3487 Sllt:l‘ttltt,
1434 3441 1465 3479 ο
1498 3428 1745 3492 domine,
1773 3437 1825 3483 ct
1853 3431 2347 3500 emancipatorum.

759 3520 963 3572 Omnes
995 3515 1236 3573 Noxates
1285 3522 1517 3573 actiones
1573 3519 1868 3584 Prmturiae,
1903 3532 2347 3579 morenturcon-

760 3624 842 3664 Ira
906 3612 1160 3667 dominos
1218 3626 1504 3667 Servorum
1562 3613 2022 3684 delinquentium.
2060 3616 2132 3673 De
2175 3617 2349 3689 Repe-

758 3704 934 3756 Iundis
969 3702 1147 3757 fertur
1184 3712 1377 3758 contra
1440 3720 1669 3759 munera
1717 3708 2075 3779 accipientes,
2106 3712 2345 3766 maxime

759 3796 1134 3866 magistratus,
1166 3804 1434 3851 eteorum
1467 3812 1822 3868 assessorcs;
1874 3811 2126 3857 movetur
2178 3804 2343 3859 ctiam

757 3894 800 3943 si
830 3905 955 3945 rcus
992 3897 1239 3946 mortuus
1279 3892 1371 3945 sit.
1415 3890 1617 3947 Rerum
1683 3894 2000 3949 Amotarum
2067 3898 2347 3954 condictio

757 3982 1017 4052 competit
1051 3989 1105 4035 et
1147 3981 1472 4039 mulieribus
1531 3986 1721 4039 contra
1764 3985 2048 4056 coniuges,
2109 3995 2165 4041 et
2228 3989 2346 4043 viro

756 4084 949 4131 contra
983 4075 1267 4131 mulierem
1295 4077 1593 4143 furantem,
1626 4079 1711 4134 vel
1763 4078 2025 4133 furatum.
2057 4079 2347 4136 Stelliona-

758 4178 843 4220 ιιιε
904 4172 990 4222 est
1046 4166 1282 4221 actionis
1357 4166 1710 4236 improbitas,
1780 4170 2241 4239 quemadmodum
2298 4171 2342 4225 si

756 4261 970 4315 debitor
1003 4261 1097 4314 uni
1137 4274 1203 4316 ex
1231 4258 1602 4315 creditoribus
1631 4276 1742 4316 rem
1770 4262 1922 4331 prius
1953 4263 2112 4318 alteri
2136 4263 2347 4334 obliga-

756 4362 868 4405 tam
908 4350 1232 4422 hypotbecae
1265 4350 1501 4417 dederit,
1561 4362 1717 4407 extra
1769 4354 2019 4411 ordinem
2067 4355 2342 4425 plectitur.

761 4443 1067 4499 Tribuloria
1101 4445 1246 4500 actio
1278 4452 1363 4500 est
1406 4443 1697 4500 divisoria.
1754 4445 1956 4501 Tutelae
2009 4457 2199 4503 contra
2256 4456 2345 4501 tu-

756 4549 925 4595 tores.
968 4536 1359 4592 Tertullianum
1420 4540 1965 4596 senatusconsultum
2005 4548 2200 4596 contra
2250 4555 2342 4597 ca-

2457 3430 2564 3484 lata
2601 3438 2703 3484 cst.
2767 3428 2945 3485 SCum
2972 3429 3348 3482 Asumiunium
3384 3439 3467 3484 est
3503 3428 3846 3499 hujusmodi,
3874 3445 3904 3485 0
3929 3446 4045 3495 rex,

2456 3524 2502 3578 si
2536 3522 2664 3593 quis
2713 3522 2819 3579 sub
2857 3523 3190 3588 conditione,
3246 3522 3329 3577 vel
3368 3538 3525 3593 aeque
3577 3524 3682 3578 sub
3734 3523 3843 3587 die,
3896 3525 4047 3579 ﬁdei-

2453 3616 2895 3671 commissariam
2934 3616 3239 3671 libertatem
3273 3616 3486 3683 debeat,
3518 3626 3572 3671 et
3601 3632 3665 3671 ex
3696 3616 3848 3687 juxta
3879 3632 4046 3672 causa

2453 3710 2633 3774 absit,
2666 3718 2812 3764 utea
2842 3712 3102 3779 procedat
3146 3711 3235 3765 die
3279 3710 3363 3765 vel
3417 3710 3738 3767 conditione
3797 3711 4045 3782 impleta,

2450 3802 2662 3863 statuit,
2730 3810 2785 3856 et
2837 3803 2955 3870 ipse
2998 3803 3185 3872 lapsus
3236 3816 3345 3856 non
3376 3810 3461 3857 est
3511 3802 3639 3871 jure
3700 3812 4045 3873 patronatus.

2447 3895 2560 3951 Lex
2594 3894 2749 3950 Julia
2778 3908 2884 3959 εει,
2937 3896 3005 3952 de
3061 3897 3371 3960 adulteriis,
3420 3897 3561 3952 laesre
3622 3896 4047 3967 Majestatis,dc

2446 3991 2497 4043 vi
2549 4000 2783 4045 armata.
2853 3989 3033 4046 SCum
3076 3989 3441 4047 Claudianum
3488 3993 3720 4047 omnino
3767 3993 4045 4048 sublatum

2447 4090 2553 4137 est.
2612 4080 3011 4136 Carbonianum
3093 4081 3202 4137 fert
3251 4096 3409 4152 opem
3476 4083 3885 4153 impuberibus.
3938 4085 4046 4140 Lex

2449 4174 2701 4229 Cornelia
2742 4183 2828 4230 est
2870 4182 3065 4229 contra
3119 4172 3395 4230 falsarios.
3440 4172 3617 4229 SCum
3672 4174 4046 4249 Largitiauum

2452 4268 2685 4324 omnino
2715 4267 3207 4323 indesuctudinem
3250 4267 3404 4322 abiit.
3462 4266 3763 4323 Ninianum
3822 4287 3931 4327 non
3964 4284 4049 4327 cst

2452 4362 2659 4417 iuusu.
2718 4360 3092 4430 Orphitianum
3154 4361 3365 4430 praebet
3419 4359 3547 4415 ﬁliis
3603 4362 3730 4432 jura
3788 4364 4043 4434 quaedam

2453 4455 2697 4525 legitima
2752 4455 2807 4509 in
2855 4453 3307 4511 successionibus
3358 4462 3623 4509 matrum.
3700 4454 3811 4511 Lex
3875 4456 4046 4525 Pupia

2451 4547 2681 4602 omnino
2732 4546 2948 4603 sublata
2998 4558 3107 4602 est.
3148 4545 3328 4602 SCum
3388 4543 3737 4601 Silanianum
3785 4546 4045 4602 ultionem

756 4633 1145 4687 tumniatorcs.
1183 4629 1438 4688 Familia:
1490 4631 1817 4688 erciscundaz
1869 4632 2127 4699 formula,
2185 4634 2685 4722 cujusDinducit,
2731 4637 2776 4693 si
2829 4636 2957 4708 quis
3021 4636 3327 4693 violentum
3388 4637 3519 4709 quid
3587 4647 3812 4709 repente
3852 4654 4047 4710 passus

752 4727 1022 4799 judicium
1053 4725 1334 4797 duplicem
1394 4727 1561 4783 liabet
1596 4739 1877 4791 naturam,
1914 4729 2339 4798 provocantium

756 4824 903 4877 enim
938 4831 1190 4887 uterque,
1230 4827 1315 4877 est
1348 4828 1502 4875 actor
1541 4828 1596 4877 et
1630 4834 1780 4876 reus.
1815 4817 2159 4874 Funeratitia
2190 4836 2343 4875 sum-

758 4926 887 4987 ptus
921 4916 977 4970 in
1022 4916 1262 4985 alicujus
1311 4915 1509 4970 funere
1548 4913 1675 4984 jure
1710 4914 1882 4969 factos
1942 4914 2200 4984 reposcit,
2247 4916 2340 4985 qui

759 5017 1014 5079 sumptus
1045 5008 1152 5063 alia
1170 5007 1355 5063 omnia
1382 5007 1565 5063 debita
1596 5008 1935 5079 praecedunt.
1967 5007 2340 5064 Senatuscon-

758 5102 963 5159 sultum
995 5102 1295 5156 Atilianum
1354 5101 1509 5157 bona:
1554 5100 1678 5157 ﬁdei
1726 5116 2100 5170 possessorem
2166 5118 2342 5171 neque

757 5193 905 5267 quod
957 5203 1210 5265 superest
1277 5193 1626 5261 lucrifacere,
1684 5208 1862 5264 neque
1941 5194 2145 5250 damno
2205 5193 2345 5250 allici

758 5287 1029 5345 decernit.
1074 5285 1251 5343 SCum
1284 5287 1663 5355 Amp/tianium
1700 5286 1926 5343 omnino
1944 5285 2217 5342 sublatqu
2238 5295 2344 5342 est.

764 5382 941 5438 SCum
965 5382 1290 5436 Adrianium
1312 5382 1539 5438 omnino
1558 5381 1613 5435 in
1639 5396 1738 5436 usu
1765 5389 1866 5436 cst.
1892 5379 2067 5437 SCum
2096 5381 2345 5434 Attilium

757 5492 942 5532 rerum
967 5475 1118 5533 furto
1148 5476 1535 5545 subreptarum
1569 5474 1899 5539 dominium,
1934 5474 2096 5545 longa
2128 5490 2347 5545 posses-

759 5571 915 5626 sione
936 5570 1172 5642 acquiri,
1222 5569 1616 5626 convenienter
1638 5568 1912 5641 probibct.
1961 5568 2065 5623 Lex
2116 5569 2237 5624 Cm'i
2278 5569 2345 5623 ab

759 5661 949 5733 coqui
1003 5663 1269 5719 terminos
1305 5664 1608 5731 transtulit,
1667 5663 1719 5718 in
1773 5662 2019 5735 singulos
2078 5664 2345 5719 terminos

834 5870 945 5940 ΗΟ)
983 5870 1163 5937 Γάϊος.

2455 4742 2562 4786 est.
2627 4729 2805 4784 SCutn
2860 4727 3253 4783 Tertullianum
3302 4727 3582 4783 succurrit
3634 4727 3927 4793 matribus,
3991 4729 4043 4782 in

2455 4826 2770 4879 universam
2804 4821 3103 4892 legitimam
3157 4821 3399 4878 ﬁliorum
3459 4820 3865 4877 hereditatem.
3938 4822 4044 4876 Ex-

2455 4916 2706 4987 plicauda
2737 4921 2824 4972 est
2858 4915 3047 4972 statim
3078 4914 3177 4972 tibi
3199 4915 3286 4971 lex
3333 4912 3601 4980 Falcidia,
3650 4915 3873 4987 cognitu
3897 4916 4041 4969 enim

2456 5025 2566 5065 non
2590 5023 2784 5078 parum
2810 5008 3053 5066 diﬂicilis
3081 5017 3190 5068 est.

2534 5102 2739 5175 Viginti
2773 5102 3021 5174 quinque
3071 5100 3202 5158 anni
3250 5099 3553 5169 minorum,
3598 5116 3631 5157 o
3674 5117 3792 5165 rex,
3857 5117 3886 5155 a
3931 5116 4045 5154 uto-

2451 5206 2640 5253 mento
2679 5197 2736 5253 in
2797 5203 3136 5251 momentum
3194 5195 3439 5266 legitime
3494 5204 3909 5265 computantur.
3986 5193 4041 5248 Si

2450 5288 2694 5344 conditio
2724 5287 2888 5344 alicui
2923 5288 3175 5357 apposita
3222 5288 3296 5343 sit
3342 5301 3453 5343 non
3510 5285 3738 5343 deﬁnito
3774 5295 4040 5356 tempore,

2454 5383 2519 5437 ad
2546 5381 2879 5451 implendam
2911 5379 3288 5436 conditionem
3332 5380 3561 5435 biduum
3589 5379 3773 5435 habet.
3805 5379 3930 5434 Hace
3960 5391 4040 5434 est

2455 5475 2702 5545 legitima
2757 5483 3069 5545 temporum
3135 5473 3480 5545 supputatio,
3538 5489 3572 5530 ο
3630 5473 3953 5545 imperator,
4010 5489 4038 5526 a

2459 5571 2691 5637 septima
2719 5570 2897 5622 noctis
2930 5568 3063 5621 liora
3095 5567 3213 5622 dies
3260 5567 3478 5638 incipit,
3514 5580 3567 5623 et
3597 5584 3769 5639 usque
3811 5567 3879 5622 ad
3912 5582 4038 5622 sex-

2457 5673 2568 5718 tam
2605 5662 2837 5717 alterius
2875 5662 3056 5717 noctis
3093 5672 3281 5718 exacte
3324 5665 3545 5719 transit.
3586 5662 3733 5720 Intra
3767 5662 3882 5720 dics
3939 5660 4036 5717 dc-

2533 5872 2575 5941 (l
2599 5872 2644 5940 l)
2680 5870 2785 5923 Τοῦ
2820 5870 2943 5937 ὅρου
2978 5869 3375 5939 πληρωθέντος.
