  <div class='ocr_page' id='page_1' title='image "/cluster/home/n/w/nwhite01/storage/ocr_20150623/122/nnc1.0046979611/482.png"; bbox 0 0 4430 6448; ppageno 0'>
   <div class='ocr_carea' id='block_1_1' title="bbox 429 421 533 488">
    <p class='ocr_par' dir='ltr' id='par_1_1' title="bbox 429 421 533 488">
     <span class='ocr_line' id='line_1_1' title="bbox 429 421 533 488; baseline -0.019 -1"><span class='ocrx_word' id='word_1_1' title='bbox 429 421 533 488; x_wconf 70' lang='grc'>949</span> 
     </span>
    </p>
   </div>
   <div class='ocr_carea' id='block_1_2' title="bbox 426 514 1757 598">
    <p class='ocr_par' dir='ltr' id='par_1_2' title="bbox 426 514 1757 598">
     <span class='ocr_line' id='line_1_2' title="bbox 426 514 1757 598; baseline -0.022 -5"><span class='ocrx_word' id='word_1_2' title='bbox 426 539 582 593; x_wconf 79' lang='grc' dir='ltr'>Μετὰ</span> <span class='ocrx_word' id='word_1_3' title='bbox 608 532 882 598; x_wconf 71' lang='grc' dir='ltr'>διάζευξιν</span> <span class='ocrx_word' id='word_1_4' title='bbox 913 527 1102 596; x_wconf 57' lang='grc' dir='ltr'>ἀνδρῦς</span> <span class='ocrx_word' id='word_1_5' title='bbox 1129 526 1185 578; x_wconf 79' lang='grc' dir='ltr'>ἐν</span> <span class='ocrx_word' id='word_1_6' title='bbox 1213 519 1488 593; x_wconf 73' lang='grc' dir='ltr'>τριάκονθ’</span> <span class='ocrx_word' id='word_1_7' title='bbox 1522 514 1757 588; x_wconf 75' lang='grc' dir='ltr'>ἡμέραις</span> 
     </span>
    </p>
   </div>
   <div class='ocr_carea' id='block_1_3' title="bbox 428 609 1691 694">
    <p class='ocr_par' dir='ltr' id='par_1_3' title="bbox 428 609 1691 694">
     <span class='ocr_line' id='line_1_3' title="bbox 428 609 1691 694; baseline -0.018 -12"><span class='ocrx_word' id='word_1_8' title='bbox 428 625 762 682; x_wconf 78' lang='grc' dir='ltr'>Διαλαλείτω</span> <span class='ocrx_word' id='word_1_9' title='bbox 784 625 817 694; x_wconf 76' lang='grc' dir='ltr'>η</span> <span class='ocrx_word' id='word_1_10' title='bbox 842 624 979 692; x_wconf 74' lang='grc' dir='ltr'>γυνὴ</span> <span class='ocrx_word' id='word_1_11' title='bbox 1014 622 1089 682; x_wconf 81' lang='grc' dir='ltr'>ὼς</span> <span class='ocrx_word' id='word_1_12' title='bbox 1124 618 1369 685; x_wconf 81' lang='grc' dir='ltr'>πέφυκεν</span> <span class='ocrx_word' id='word_1_13' title='bbox 1405 609 1691 679; x_wconf 64' lang='grc' dir='ltr'>ἐγκύμων.</span> 
     </span>
    </p>
   </div>
   <div class='ocr_carea' id='block_1_4' title="bbox 430 698 1798 795">
    <p class='ocr_par' dir='ltr' id='par_1_4' title="bbox 430 698 1798 795">
     <span class='ocr_line' id='line_1_4' title="bbox 430 698 1798 795; baseline -0.013 -22"><span class='ocrx_word' id='word_1_14' title='bbox 430 719 706 795; x_wconf 47' lang='grc' dir='ltr'>Καὶομετὰ</span> <span class='ocrx_word' id='word_1_15' title='bbox 727 716 822 787; x_wconf 85' lang='grc' dir='ltr'>τὴν</span> <span class='ocrx_word' id='word_1_16' title='bbox 850 714 1161 785; x_wconf 76' lang='grc' dir='ltr'>φανέρωσιν</span> <span class='ocrx_word' id='word_1_17' title='bbox 1192 710 1288 778; x_wconf 82' lang='grc' dir='ltr'>τῆς</span> <span class='ocrx_word' id='word_1_18' title='bbox 1316 704 1604 774; x_wconf 80' lang='grc' dir='ltr'>διαθήκης,</span> <span class='ocrx_word' id='word_1_19' title='bbox 1641 698 1798 764; x_wconf 79' lang='grc' dir='ltr'>ἄναξ,</span> 
     </span>
    </p>
   </div>
   <div class='ocr_carea' id='block_1_5' title="bbox 441 794 1785 881">
    <p class='ocr_par' dir='ltr' id='par_1_5' title="bbox 441 794 1785 881">
     <span class='ocr_line' id='line_1_5' title="bbox 441 794 1785 881; baseline -0.014 -17"><span class='ocrx_word' id='word_1_20' title='bbox 441 808 502 863; x_wconf 80' lang='grc' dir='ltr'>ὐ</span> <span class='ocrx_word' id='word_1_21' title='bbox 528 794 860 881; x_wconf 72' lang='grc' dir='ltr'>κληρονόμος</span> <span class='ocrx_word' id='word_1_22' title='bbox 890 805 1125 859; x_wconf 86' lang='grc' dir='ltr'>ῖν6εντον</span> <span class='ocrx_word' id='word_1_23' title='bbox 1156 804 1212 855; x_wconf 83' lang='grc' dir='ltr'>ὲν</span> <span class='ocrx_word' id='word_1_24' title='bbox 1244 800 1391 869; x_wconf 75' lang='grc' dir='ltr'>τρισὶ</span> <span class='ocrx_word' id='word_1_25' title='bbox 1423 798 1556 869; x_wconf 79' lang='grc' dir='ltr'>μησὶ</span> <span class='ocrx_word' id='word_1_26' title='bbox 1583 794 1785 865; x_wconf 80' lang='grc' dir='ltr'>δράτω.</span> 
     </span>
    </p>
   </div>
   <div class='ocr_carea' id='block_1_6' title="bbox 439 885 1771 966">
    <p class='ocr_par' dir='ltr' id='par_1_6' title="bbox 439 885 1771 966">
     <span class='ocr_line' id='line_1_6' title="bbox 439 885 1771 966; baseline -0.013 -11"><span class='ocrx_word' id='word_1_27' title='bbox 439 902 561 954; x_wconf 82' lang='grc' dir='ltr'>Τῶν</span> <span class='ocrx_word' id='word_1_28' title='bbox 593 903 658 953; x_wconf 86' lang='grc' dir='ltr'>ἐκ</span> <span class='ocrx_word' id='word_1_29' title='bbox 688 897 920 966; x_wconf 79' lang='grc' dir='ltr'>πλαγίου</span> <span class='ocrx_word' id='word_1_30' title='bbox 954 893 1237 963; x_wconf 82' lang='grc' dir='ltr'>συγγενῶν</span> <span class='ocrx_word' id='word_1_31' title='bbox 1264 892 1320 947; x_wconf 77' lang='grc' dir='ltr'>αἱ</span> <span class='ocrx_word' id='word_1_32' title='bbox 1341 888 1663 959; x_wconf 69' lang='grc' dir='ltr'>διακατοχαὶ</span> <span class='ocrx_word' id='word_1_33' title='bbox 1691 885 1771 949; x_wconf 81' lang='grc' dir='ltr'>δὲ,</span> 
     </span>
    </p>
   </div>
   <div class='ocr_carea' id='block_1_7' title="bbox 441 979 1764 1066">
    <p class='ocr_par' dir='ltr' id='par_1_7' title="bbox 441 979 1764 1066">
     <span class='ocr_line' id='line_1_7' title="bbox 441 979 1764 1066; baseline -0.014 -16"><span class='ocrx_word' id='word_1_34' title='bbox 441 994 697 1066; x_wconf 81' lang='grc' dir='ltr'>Ἥμερῶν</span> <span class='ocrx_word' id='word_1_35' title='bbox 728 992 906 1062; x_wconf 72' lang='grc' dir='ltr'>ψῆφον</span> <span class='ocrx_word' id='word_1_36' title='bbox 931 985 1127 1042; x_wconf 81' lang='grc' dir='ltr'>ἑκατὸν</span> <span class='ocrx_word' id='word_1_37' title='bbox 1180 985 1365 1057; x_wconf 78' lang='grc' dir='ltr'>έχουσι</span> <span class='ocrx_word' id='word_1_38' title='bbox 1396 979 1764 1052; x_wconf 80' lang='grc' dir='ltr'>προθεσμίαν.</span> 
     </span>
    </p>
   </div>
   <div class='ocr_carea' id='block_1_8' title="bbox 432 1070 1788 1157">
    <p class='ocr_par' dir='ltr' id='par_1_8' title="bbox 432 1070 1788 1157">
     <span class='ocr_line' id='line_1_8' title="bbox 432 1070 1788 1157; baseline -0.015 -15"><span class='ocrx_word' id='word_1_39' title='bbox 432 1090 718 1157; x_wconf 85' lang='grc' dir='ltr'>Τέσσαρας</span> <span class='ocrx_word' id='word_1_40' title='bbox 745 1083 921 1156; x_wconf 79' lang='grc' dir='ltr'>μῆνας</span> <span class='ocrx_word' id='word_1_41' title='bbox 955 1080 1171 1152; x_wconf 73' lang='grc' dir='ltr'>ἔχουσιν</span> <span class='ocrx_word' id='word_1_42' title='bbox 1207 1079 1258 1132; x_wconf 80' lang='grc' dir='ltr'>οι</span> <span class='ocrx_word' id='word_1_43' title='bbox 1289 1070 1788 1142; x_wconf 84' lang='grc' dir='ltr'>κατακεκριμένοι,</span> 
     </span>
    </p>
   </div>
   <div class='ocr_carea' id='block_1_9' title="bbox 434 1166 1804 1249">
    <p class='ocr_par' dir='ltr' id='par_1_9' title="bbox 434 1166 1804 1249">
     <span class='ocr_line' id='line_1_9' title="bbox 434 1166 1804 1249; baseline -0.013 -12"><span class='ocrx_word' id='word_1_44' title='bbox 434 1182 663 1236; x_wconf 82' lang='grc' dir='ltr'>Ἕνεκεν</span> <span class='ocrx_word' id='word_1_45' title='bbox 686 1176 1055 1249; x_wconf 79' lang='grc' dir='ltr'>ὑπερθέσεως,</span> <span class='ocrx_word' id='word_1_46' title='bbox 1088 1172 1183 1226; x_wconf 78' lang='grc' dir='ltr'>καὶ</span> <span class='ocrx_word' id='word_1_47' title='bbox 1217 1170 1359 1225; x_wconf 68' lang='grc' dir='ltr'>κατὰ</span> <span class='ocrx_word' id='word_1_48' title='bbox 1389 1168 1562 1222; x_wconf 85' lang='grc' dir='ltr'>ταῦτα</span> <span class='ocrx_word' id='word_1_49' title='bbox 1604 1166 1804 1227; x_wconf 75' lang='grc' dir='ltr'>τόπους</span> 
     </span>
    </p>
   </div>
   <div class='ocr_carea' id='block_1_10' title="bbox 431 1257 1718 1337">
    <p class='ocr_par' dir='ltr' id='par_1_10' title="bbox 431 1257 1718 1337">
     <span class='ocr_line' id='line_1_10' title="bbox 431 1257 1718 1337; baseline -0.013 -9"><span class='ocrx_word' id='word_1_50' title='bbox 431 1274 646 1328; x_wconf 78' lang='grc' dir='ltr'>Διδοῦσι</span> <span class='ocrx_word' id='word_1_51' title='bbox 674 1274 784 1333; x_wconf 86' lang='grc' dir='ltr'>τοῖς</span> <span class='ocrx_word' id='word_1_52' title='bbox 802 1270 1090 1337; x_wconf 83' lang='grc' dir='ltr'>ὲνάγουσιν</span> <span class='ocrx_word' id='word_1_53' title='bbox 1121 1262 1528 1324; x_wconf 75' lang='grc' dir='ltr'>ἑκατονταίους,</span> <span class='ocrx_word' id='word_1_54' title='bbox 1561 1257 1718 1324; x_wconf 77' lang='grc' dir='ltr'>ἄναξ.</span> 
     </span>
    </p>
   </div>
   <div class='ocr_carea' id='block_1_11' title="bbox 443 1358 1574 1437">
    <p class='ocr_par' dir='ltr' id='par_1_11' title="bbox 443 1358 1574 1437">
     <span class='ocr_line' id='line_1_11' title="bbox 443 1358 1574 1437; baseline -0.016 -15"><span class='ocrx_word' id='word_1_55' title='bbox 443 1368 506 1422; x_wconf 74' lang='grc' dir='ltr'>ἰι</span> <span class='ocrx_word' id='word_1_56' title='bbox 540 1364 876 1437; x_wconf 78' lang='grc' dir='ltr'>ρεδιϐιτόρια</span> <span class='ocrx_word' id='word_1_57' title='bbox 908 1362 965 1415; x_wconf 80' lang='grc' dir='ltr'>δὲ</span> <span class='ocrx_word' id='word_1_58' title='bbox 985 1359 1204 1430; x_wconf 78' lang='grc' dir='ltr'>ἀγωγὴ,</span> <span class='ocrx_word' id='word_1_59' title='bbox 1231 1358 1574 1426; x_wconf 69' lang='grc' dir='ltr'>Στειρηφορε,</span> 
     </span>
    </p>
   </div>
   <div class='ocr_carea' id='block_1_12' title="bbox 439 1441 1912 1527">
    <p class='ocr_par' dir='ltr' id='par_1_12' title="bbox 439 1441 1912 1527">
     <span class='ocr_line' id='line_1_12' title="bbox 439 1441 1912 1527; baseline -0.014 -15"><span class='ocrx_word' id='word_1_60' title='bbox 439 1460 596 1511; x_wconf 82' lang='grc' dir='ltr'>Ἤτοι</span> <span class='ocrx_word' id='word_1_61' title='bbox 623 1459 655 1527; x_wconf 76' lang='grc' dir='ltr'>η</span> <span class='ocrx_word' id='word_1_62' title='bbox 683 1454 1103 1525; x_wconf 75' lang='grc' dir='ltr'>ἀναστρέφουσα</span> <span class='ocrx_word' id='word_1_63' title='bbox 1140 1451 1374 1522; x_wconf 76' lang='grc' dir='ltr'>πρᾶγμα</span> <span class='ocrx_word' id='word_1_64' title='bbox 1412 1447 1473 1499; x_wconf 85' lang='grc' dir='ltr'>τὸ</span> <span class='ocrx_word' id='word_1_65' title='bbox 1496 1441 1912 1514; x_wconf 76' lang='grc' dir='ltr'>πεπραγμένον,</span> 
     </span>
    </p>
   </div>
   <div class='ocr_carea' id='block_1_13' title="bbox 434 1537 1804 1620">
    <p class='ocr_par' dir='ltr' id='par_1_13' title="bbox 434 1537 1804 1620">
     <span class='ocr_line' id='line_1_13' title="bbox 434 1537 1804 1620; baseline -0.011 -16"><span class='ocrx_word' id='word_1_66' title='bbox 434 1549 641 1620; x_wconf 63' lang='grc' dir='ltr'>θίητῶν</span> <span class='ocrx_word' id='word_1_67' title='bbox 663 1548 723 1612; x_wconf 79' lang='grc' dir='ltr'>ἒξ</span> <span class='ocrx_word' id='word_1_68' title='bbox 752 1548 970 1608; x_wconf 85' lang='grc' dir='ltr'>πάντως</span> <span class='ocrx_word' id='word_1_69' title='bbox 1020 1543 1225 1598; x_wconf 70' lang='grc' dir='ltr'>ἔσωθεν</span> <span class='ocrx_word' id='word_1_70' title='bbox 1261 1542 1496 1596; x_wconf 87' lang='grc' dir='ltr'>κινεῖται</span> <span class='ocrx_word' id='word_1_71' title='bbox 1528 1537 1804 1590; x_wconf 68' lang='grc' dir='ltr'>οὑτιλίων.</span> 
     </span>
    </p>
   </div>
   <div class='ocr_carea' id='block_1_14' title="bbox 436 1631 1849 1712">
    <p class='ocr_par' dir='ltr' id='par_1_14' title="bbox 436 1631 1849 1712">
     <span class='ocr_line' id='line_1_14' title="bbox 436 1631 1849 1712; baseline -0.01 -16"><span class='ocrx_word' id='word_1_72' title='bbox 436 1644 547 1696; x_wconf 79' lang='grc' dir='ltr'>Καὶ</span> <span class='ocrx_word' id='word_1_73' title='bbox 584 1644 617 1712; x_wconf 82' lang='grc' dir='ltr'>η</span> <span class='ocrx_word' id='word_1_74' title='bbox 656 1639 883 1710; x_wconf 76' lang='grc' dir='ltr'>μειοῦσα</span> <span class='ocrx_word' id='word_1_75' title='bbox 911 1638 1133 1708; x_wconf 85' lang='grc' dir='ltr'>τίμημα</span> <span class='ocrx_word' id='word_1_76' title='bbox 1168 1635 1364 1705; x_wconf 82' lang='grc' dir='ltr'>ἀγωγὴ</span> <span class='ocrx_word' id='word_1_77' title='bbox 1398 1632 1491 1686; x_wconf 90' lang='grc' dir='ltr'>τοῦ</span> <span class='ocrx_word' id='word_1_78' title='bbox 1524 1631 1849 1701; x_wconf 77' lang='grc' dir='ltr'>πραθέντος,</span> 
     </span>
    </p>
   </div>
   <div class='ocr_carea' id='block_1_15' title="bbox 438 1723 1796 1802">
    <p class='ocr_par' dir='ltr' id='par_1_15' title="bbox 438 1723 1796 1802">
     <span class='ocr_line' id='line_1_15' title="bbox 438 1723 1796 1802; baseline -0.01 -14"><span class='ocrx_word' id='word_1_79' title='bbox 438 1734 560 1798; x_wconf 83' lang='grc' dir='ltr'>Τοῖς</span> <span class='ocrx_word' id='word_1_80' title='bbox 592 1733 651 1798; x_wconf 78' lang='grc' dir='ltr'>ἒξ</span> <span class='ocrx_word' id='word_1_81' title='bbox 681 1732 1059 1802; x_wconf 78' lang='grc' dir='ltr'>περιορίζεται</span> <span class='ocrx_word' id='word_1_82' title='bbox 1106 1730 1273 1800; x_wconf 68' lang='grc' dir='ltr'>μησὶν</span> <span class='ocrx_word' id='word_1_83' title='bbox 1313 1729 1392 1789; x_wconf 79' lang='grc' dir='ltr'>εἰς</span> <span class='ocrx_word' id='word_1_84' title='bbox 1422 1723 1796 1795; x_wconf 83' lang='grc' dir='ltr'>προθεσμίαν’</span> 
     </span>
    </p>
   </div>
   <div class='ocr_carea' id='block_1_16' title="bbox 438 1814 1845 1892">
    <p class='ocr_par' dir='ltr' id='par_1_16' title="bbox 438 1814 1845 1892">
     <span class='ocr_line' id='line_1_16' title="bbox 438 1814 1845 1892; baseline -0.008 -14"><span class='ocrx_word' id='word_1_85' title='bbox 438 1826 501 1879; x_wconf 85' lang='grc' dir='ltr'>Εἰ</span> <span class='ocrx_word' id='word_1_86' title='bbox 534 1825 577 1878; x_wconf 84' lang='grc' dir='ltr'>δ’</span> <span class='ocrx_word' id='word_1_87' title='bbox 610 1826 637 1877; x_wconf 92' lang='grc' dir='ltr'>ό</span> <span class='ocrx_word' id='word_1_88' title='bbox 672 1824 931 1892; x_wconf 80' lang='grc' dir='ltr'>πωλήσας</span> <span class='ocrx_word' id='word_1_89' title='bbox 954 1821 1014 1874; x_wconf 81' lang='grc' dir='ltr'>τὸ</span> <span class='ocrx_word' id='word_1_90' title='bbox 1041 1819 1251 1890; x_wconf 80' lang='grc' dir='ltr'>πραθὲν</span> <span class='ocrx_word' id='word_1_91' title='bbox 1273 1816 1568 1885; x_wconf 71' lang='grc' dir='ltr'>ἀντιφωνεῖ</span> <span class='ocrx_word' id='word_1_92' title='bbox 1589 1814 1845 1885; x_wconf 70' lang='grc' dir='ltr'>βεϐαίως,</span> 
     </span>
    </p>
   </div>
   <div class='ocr_carea' id='block_1_17' title="bbox 438 1907 1612 1983">
    <p class='ocr_par' dir='ltr' id='par_1_17' title="bbox 438 1907 1612 1983">
     <span class='ocr_line' id='line_1_17' title="bbox 438 1907 1612 1983; baseline -0.009 -16"><span class='ocrx_word' id='word_1_93' title='bbox 438 1913 642 1983; x_wconf 80' lang='grc' dir='ltr'>Χρόνος</span> <span class='ocrx_word' id='word_1_94' title='bbox 676 1915 702 1966; x_wconf 88' lang='grc' dir='ltr'>ό</span> <span class='ocrx_word' id='word_1_95' title='bbox 736 1910 1008 1973; x_wconf 76' lang='grc' dir='ltr'>ἐνιαύσιος</span> <span class='ocrx_word' id='word_1_96' title='bbox 1034 1911 1133 1962; x_wconf 86' lang='grc' dir='ltr'>οὐκ</span> <span class='ocrx_word' id='word_1_97' title='bbox 1167 1908 1248 1962; x_wconf 76' lang='grc' dir='ltr'>ἔτι</span> <span class='ocrx_word' id='word_1_98' title='bbox 1279 1907 1612 1977; x_wconf 85' lang='grc' dir='ltr'>περαιτέρω.</span> 
     </span>
    </p>
   </div>
   <div class='ocr_carea' id='block_1_18' title="bbox 452 1997 1741 2073">
    <p class='ocr_par' dir='ltr' id='par_1_18' title="bbox 452 1997 1741 2073">
     <span class='ocr_line' id='line_1_18' title="bbox 452 1997 1741 2073; baseline -0.008 -15"><span class='ocrx_word' id='word_1_99' title='bbox 452 2004 729 2067; x_wconf 68' lang='grc' dir='ltr'>Ἐνιαυτός</span> <span class='ocrx_word' id='word_1_100' title='bbox 761 2002 1068 2073; x_wconf 59' lang='grc' dir='ltr'>ἀφώρισται</span> <span class='ocrx_word' id='word_1_101' title='bbox 1096 2004 1162 2073; x_wconf 79' lang='grc' dir='ltr'>τῇ</span> <span class='ocrx_word' id='word_1_102' title='bbox 1186 2002 1329 2054; x_wconf 76' lang='grc' dir='ltr'>δόσει</span> <span class='ocrx_word' id='word_1_103' title='bbox 1369 1997 1463 2051; x_wconf 84' lang='grc' dir='ltr'>τοῦ</span> <span class='ocrx_word' id='word_1_104' title='bbox 1482 1998 1741 2066; x_wconf 81' lang='grc' dir='ltr'>λεγάτου,</span> 
     </span>
    </p>
   </div>
   <div class='ocr_carea' id='block_1_19' title="bbox 443 2085 1813 2168">
    <p class='ocr_par' dir='ltr' id='par_1_19' title="bbox 443 2085 1813 2168">
     <span class='ocr_line' id='line_1_19' title="bbox 443 2085 1813 2168; baseline -0.005 -19"><span class='ocrx_word' id='word_1_105' title='bbox 443 2100 623 2168; x_wconf 80' lang='grc' dir='ltr'>Ὅπερ</span> <span class='ocrx_word' id='word_1_106' title='bbox 652 2114 735 2159; x_wconf 87' lang='grc' dir='ltr'>τις</span> <span class='ocrx_word' id='word_1_107' title='bbox 774 2095 1170 2150; x_wconf 82' lang='grc' dir='ltr'>καταλέλοιπεν</span> <span class='ocrx_word' id='word_1_108' title='bbox 1197 2094 1276 2156; x_wconf 81' lang='grc' dir='ltr'>εἰς</span> <span class='ocrx_word' id='word_1_109' title='bbox 1318 2092 1617 2160; x_wconf 80' lang='grc' dir='ltr'>σεϐάσμιον</span> <span class='ocrx_word' id='word_1_110' title='bbox 1646 2085 1813 2142; x_wconf 82' lang='grc' dir='ltr'>οἷκον.</span> 
     </span>
    </p>
   </div>
   <div class='ocr_carea' id='block_1_20' title="bbox 456 2184 1615 2259">
    <p class='ocr_par' dir='ltr' id='par_1_20' title="bbox 456 2184 1615 2259">
     <span class='ocr_line' id='line_1_20' title="bbox 456 2184 1615 2259; baseline -0.009 -14"><span class='ocrx_word' id='word_1_111' title='bbox 456 2190 730 2252; x_wconf 62' lang='grc' dir='ltr'>Ἐνιαυτός</span> <span class='ocrx_word' id='word_1_112' title='bbox 760 2189 1068 2259; x_wconf 70' lang='grc' dir='ltr'>ἀφώρισται</span> <span class='ocrx_word' id='word_1_113' title='bbox 1096 2189 1174 2255; x_wconf 85' lang='grc' dir='ltr'>τῷ</span> <span class='ocrx_word' id='word_1_114' title='bbox 1200 2184 1615 2253; x_wconf 70' lang='grc' dir='ltr'>ἀντιτιθεμένῳ,</span> 
     </span>
    </p>
   </div>
   <div class='ocr_carea' id='block_1_21' title="bbox 442 2276 1749 2355">
    <p class='ocr_par' dir='ltr' id='par_1_21' title="bbox 442 2276 1749 2350">
     <span class='ocr_line' id='line_1_21' title="bbox 442 2276 1749 2350; baseline -0.008 -13"><span class='ocrx_word' id='word_1_115' title='bbox 442 2284 599 2337; x_wconf 74' lang='grc' dir='ltr'>Μετὰ</span> <span class='ocrx_word' id='word_1_116' title='bbox 637 2282 885 2335; x_wconf 74' lang='grc' dir='ltr'>συνοίκου</span> <span class='ocrx_word' id='word_1_117' title='bbox 908 2283 1187 2350; x_wconf 74' lang='grc' dir='ltr'>τελευτὴν,</span> <span class='ocrx_word' id='word_1_118' title='bbox 1228 2278 1357 2347; x_wconf 77' lang='grc' dir='ltr'>περὶ</span> <span class='ocrx_word' id='word_1_119' title='bbox 1388 2276 1749 2346; x_wconf 74' lang='grc' dir='ltr'>ἁναργυρίας,</span> 
     </span>
    </p>
   </div>
   <div class='ocr_carea' id='block_1_22' title="bbox 457 2366 2029 2443">
    <p class='ocr_par' dir='ltr' id='par_1_22' title="bbox 457 2366 2029 2443">
     <span class='ocr_line' id='line_1_22' title="bbox 457 2366 2029 2443; baseline -0.004 -16"><span class='ocrx_word' id='word_1_120' title='bbox 457 2374 911 2441; x_wconf 80' lang='grc' dir='ltr'>Ἀντεγκαλοῦντι</span> <span class='ocrx_word' id='word_1_121' title='bbox 942 2373 1040 2441; x_wconf 81' lang='grc' dir='ltr'>τῆς</span> <span class='ocrx_word' id='word_1_122' title='bbox 1068 2371 1297 2443; x_wconf 82' lang='grc' dir='ltr'>προικὸς</span> <span class='ocrx_word' id='word_1_123' title='bbox 1326 2370 1462 2441; x_wconf 76' lang='grc' dir='ltr'>πρὸς</span> <span class='ocrx_word' id='word_1_124' title='bbox 1485 2371 1576 2423; x_wconf 73' lang='grc' dir='ltr'>τὸν</span> <span class='ocrx_word' id='word_1_125' title='bbox 1596 2366 2029 2438; x_wconf 79' lang='grc' dir='ltr'>κατηγοροῦντα.</span> 
     </span>
    </p>
   </div>
   <div class='ocr_carea' id='block_1_23' title="bbox 459 2461 1743 2535">
    <p class='ocr_par' dir='ltr' id='par_1_23' title="bbox 459 2461 1743 2535">
     <span class='ocr_line' id='line_1_23' title="bbox 459 2461 1743 2535; baseline -0.008 -15"><span class='ocrx_word' id='word_1_126' title='bbox 459 2468 516 2521; x_wconf 83' lang='lat' dir='ltr'>&#39;U</span> <span class='ocrx_word' id='word_1_127' title='bbox 546 2467 600 2519; x_wconf 81' lang='grc' dir='ltr'>δὲ</span> <span class='ocrx_word' id='word_1_128' title='bbox 640 2466 781 2535; x_wconf 89' lang='grc' dir='ltr'>μέγα</span> <span class='ocrx_word' id='word_1_129' title='bbox 800 2466 1054 2535; x_wconf 79' lang='grc' dir='ltr'>ἔγκλημα</span> <span class='ocrx_word' id='word_1_130' title='bbox 1094 2462 1425 2532; x_wconf 78' lang='grc' dir='ltr'>ζητούμενος</span> <span class='ocrx_word' id='word_1_131' title='bbox 1459 2465 1537 2524; x_wconf 82' lang='grc' dir='ltr'>εἰς</span> <span class='ocrx_word' id='word_1_132' title='bbox 1569 2461 1743 2530; x_wconf 77' lang='grc' dir='ltr'>δίκην,</span> 
     </span>
    </p>
   </div>
   <div class='ocr_carea' id='block_1_24' title="bbox 449 2555 1735 2629">
    <p class='ocr_par' dir='ltr' id='par_1_24' title="bbox 449 2555 1735 2629">
     <span class='ocr_line' id='line_1_24' title="bbox 449 2555 1735 2629; baseline -0.007 -17"><span class='ocrx_word' id='word_1_133' title='bbox 449 2560 512 2612; x_wconf 73' lang='grc' dir='ltr'>ΕΞ</span> <span class='ocrx_word' id='word_1_134' title='bbox 547 2559 622 2629; x_wconf 78' lang='grc' dir='ltr'>μὴ</span> <span class='ocrx_word' id='word_1_135' title='bbox 654 2558 803 2620; x_wconf 68' lang='grc' dir='ltr'>ἐντὸς</span> <span class='ocrx_word' id='word_1_136' title='bbox 844 2556 1096 2610; x_wconf 73' lang='grc' dir='ltr'>ἐνιαυτοῦ</span> <span class='ocrx_word' id='word_1_137' title='bbox 1128 2557 1379 2625; x_wconf 83' lang='grc' dir='ltr'>νομίμως</span> <span class='ocrx_word' id='word_1_138' title='bbox 1416 2555 1735 2622; x_wconf 71' lang='grc' dir='ltr'>ἀπαιτήσω,</span> 
     </span>
    </p>
   </div>
   <div class='ocr_carea' id='block_1_25' title="bbox 451 2649 1713 2725">
    <p class='ocr_par' dir='ltr' id='par_1_25' title="bbox 451 2649 1713 2725">
     <span class='ocr_line' id='line_1_25' title="bbox 451 2649 1713 2725; baseline -0.006 -18"><span class='ocrx_word' id='word_1_139' title='bbox 451 2656 588 2725; x_wconf 78' lang='grc' dir='ltr'>Περὶ</span> <span class='ocrx_word' id='word_1_140' title='bbox 617 2655 805 2716; x_wconf 67' lang='grc' dir='ltr'>οὐσίας</span> <span class='ocrx_word' id='word_1_141' title='bbox 835 2653 1111 2705; x_wconf 75' lang='grc' dir='ltr'>ἔκπτωσιν</span> <span class='ocrx_word' id='word_1_142' title='bbox 1144 2651 1440 2719; x_wconf 78' lang='grc' dir='ltr'>ὑφίσταται</span> <span class='ocrx_word' id='word_1_143' title='bbox 1469 2649 1713 2711; x_wconf 78' lang='grc' dir='ltr'>δικαίως.</span> 
     </span>
    </p>
   </div>
   <div class='ocr_carea' id='block_1_26' title="bbox 462 2740 1903 2815">
    <p class='ocr_par' dir='ltr' id='par_1_26' title="bbox 462 2740 1903 2815">
     <span class='ocr_line' id='line_1_26' title="bbox 462 2740 1903 2815; baseline -0.005 -17"><span class='ocrx_word' id='word_1_144' title='bbox 462 2746 525 2798; x_wconf 83' lang='grc' dir='ltr'>Ἠ</span> <span class='ocrx_word' id='word_1_145' title='bbox 557 2746 699 2798; x_wconf 73' lang='grc' dir='ltr'>κατὰ</span> <span class='ocrx_word' id='word_1_146' title='bbox 728 2744 823 2798; x_wconf 86' lang='grc' dir='ltr'>τοῦ</span> <span class='ocrx_word' id='word_1_147' title='bbox 859 2745 1210 2815; x_wconf 79' lang='grc' dir='ltr'>ἁρπάσαντος</span> <span class='ocrx_word' id='word_1_148' title='bbox 1237 2742 1430 2811; x_wconf 79' lang='grc' dir='ltr'>αγωγὴ</span> <span class='ocrx_word' id='word_1_149' title='bbox 1471 2743 1708 2811; x_wconf 80' lang='grc' dir='ltr'>πρᾶγμα</span> <span class='ocrx_word' id='word_1_150' title='bbox 1734 2740 1903 2806; x_wconf 82' lang='grc' dir='ltr'>ξένον,</span> 
     </span>
    </p>
   </div>
   <div class='ocr_carea' id='block_1_27' title="bbox 454 2835 1782 2907">
    <p class='ocr_par' dir='ltr' id='par_1_27' title="bbox 454 2835 1782 2907">
     <span class='ocr_line' id='line_1_27' title="bbox 454 2835 1782 2907; baseline -0.005 -16"><span class='ocrx_word' id='word_1_151' title='bbox 454 2838 519 2891; x_wconf 81' lang='grc' dir='ltr'><strong>ἸΙ</strong></span> <span class='ocrx_word' id='word_1_152' title='bbox 562 2840 668 2890; x_wconf 57' lang='grc' dir='ltr'>ἁπδ</span> <span class='ocrx_word' id='word_1_153' title='bbox 731 2836 1064 2907; x_wconf 79' lang='grc' dir='ltr'>ἐμπρησμοῦ</span> <span class='ocrx_word' id='word_1_154' title='bbox 1099 2853 1267 2898; x_wconf 80' lang='grc' dir='ltr'>τινος,</span> <span class='ocrx_word' id='word_1_155' title='bbox 1300 2835 1330 2905; x_wconf 82' lang='grc' dir='ltr'>ἢ</span> <span class='ocrx_word' id='word_1_156' title='bbox 1364 2835 1471 2887; x_wconf 71' lang='grc' dir='ltr'>ἀπὸ</span> <span class='ocrx_word' id='word_1_157' title='bbox 1498 2835 1782 2901; x_wconf 78' lang='grc' dir='ltr'>ναυαγίου,</span> 
     </span>
    </p>
   </div>
   <div class='ocr_carea' id='block_1_28' title="bbox 453 2928 1736 3000">
    <p class='ocr_par' dir='ltr' id='par_1_28' title="bbox 453 2928 1736 3000">
     <span class='ocr_line' id='line_1_28' title="bbox 453 2928 1736 3000; baseline -0.005 -16"><span class='ocrx_word' id='word_1_158' title='bbox 453 2933 643 3000; x_wconf 64' lang='grc' dir='ltr'>λρὰνῳ</span> <span class='ocrx_word' id='word_1_159' title='bbox 678 2933 1054 3000; x_wconf 75' lang='grc' dir='ltr'>περιορίζεται</span> <span class='ocrx_word' id='word_1_160' title='bbox 1093 2931 1185 2982; x_wconf 86' lang='grc' dir='ltr'>τοῦ</span> <span class='ocrx_word' id='word_1_161' title='bbox 1216 2928 1736 2997; x_wconf 74' lang='grc' dir='ltr'>τετραπλασιάζειν,</span> 
     </span>
    </p>
   </div>
   <div class='ocr_carea' id='block_1_29' title="bbox 456 3016 1859 3091">
    <p class='ocr_par' dir='ltr' id='par_1_29' title="bbox 456 3016 1859 3091">
     <span class='ocr_line' id='line_1_29' title="bbox 456 3016 1859 3091; baseline -0.001 -16"><span class='ocrx_word' id='word_1_162' title='bbox 456 3025 634 3091; x_wconf 81' lang='grc' dir='ltr'>Ὅπερ</span> <span class='ocrx_word' id='word_1_163' title='bbox 674 3016 830 3085; x_wconf 73' lang='grc' dir='ltr'>οὗτος</span> <span class='ocrx_word' id='word_1_164' title='bbox 862 3023 1192 3091; x_wconf 71' lang='grc' dir='ltr'>ἀφήρπασεν</span> <span class='ocrx_word' id='word_1_165' title='bbox 1229 3020 1350 3072; x_wconf 78' lang='grc' dir='ltr'>ούὸέ</span> <span class='ocrx_word' id='word_1_166' title='bbox 1384 3038 1447 3087; x_wconf 88' lang='grc' dir='ltr'>γε</span> <span class='ocrx_word' id='word_1_167' title='bbox 1490 3022 1859 3091; x_wconf 73' lang='grc' dir='ltr'>περαιτέρως,</span> 
     </span>
    </p>
   </div>
   <div class='ocr_carea' id='block_1_30' title="bbox 453 3109 1925 3181">
    <p class='ocr_par' dir='ltr' id='par_1_30' title="bbox 453 3109 1925 3181">
     <span class='ocr_line' id='line_1_30' title="bbox 453 3109 1925 3181; baseline -0.001 -16"><span class='ocrx_word' id='word_1_168' title='bbox 453 3115 607 3166; x_wconf 68' lang='grc' dir='ltr'>Μετὰ</span> <span class='ocrx_word' id='word_1_169' title='bbox 642 3114 697 3165; x_wconf 72' lang='grc' dir='ltr'>δὲ</span> <span class='ocrx_word' id='word_1_170' title='bbox 726 3113 921 3181; x_wconf 76' lang='grc' dir='ltr'>χρόνον</span> <span class='ocrx_word' id='word_1_171' title='bbox 958 3113 1239 3181; x_wconf 80' lang='grc' dir='ltr'>πλήρωσιν</span> <span class='ocrx_word' id='word_1_172' title='bbox 1269 3111 1331 3163; x_wconf 82' lang='grc' dir='ltr'>τὸ</span> <span class='ocrx_word' id='word_1_173' title='bbox 1364 3109 1567 3162; x_wconf 76' lang='grc' dir='ltr'>ἁπλοῦν</span> <span class='ocrx_word' id='word_1_174' title='bbox 1605 3111 1925 3165; x_wconf 83' lang='grc' dir='ltr'>ὲκδικεῖται.</span> 
     </span>
    </p>
   </div>
   <div class='ocr_carea' id='block_1_31' title="bbox 456 3204 1897 3275">
    <p class='ocr_par' dir='ltr' id='par_1_31' title="bbox 456 3204 1897 3275">
     <span class='ocr_line' id='line_1_31' title="bbox 456 3204 1897 3275; baseline -0.001 -17"><span class='ocrx_word' id='word_1_175' title='bbox 456 3207 610 3259; x_wconf 77' lang='grc' dir='ltr'>Πᾶσα</span> <span class='ocrx_word' id='word_1_176' title='bbox 655 3204 793 3274; x_wconf 79' lang='grc' dir='ltr'>γυνὴ</span> <span class='ocrx_word' id='word_1_177' title='bbox 819 3204 1148 3275; x_wconf 78' lang='grc' dir='ltr'>χηρεύουσα,</span> <span class='ocrx_word' id='word_1_178' title='bbox 1183 3205 1450 3257; x_wconf 86' lang='grc' dir='ltr'>πενθείτω</span> <span class='ocrx_word' id='word_1_179' title='bbox 1486 3205 1646 3272; x_wconf 86' lang='grc' dir='ltr'>μόνον</span> <span class='ocrx_word' id='word_1_180' title='bbox 1680 3205 1897 3274; x_wconf 86' lang='grc' dir='ltr'>χρόνον·</span> 
     </span>
    </p>
   </div>
   <div class='ocr_carea' id='block_1_32' title="bbox 468 3295 1747 3367">
    <p class='ocr_par' dir='ltr' id='par_1_32' title="bbox 468 3295 1747 3367">
     <span class='ocr_line' id='line_1_32' title="bbox 468 3295 1747 3367; baseline 0 -18"><span class='ocrx_word' id='word_1_181' title='bbox 468 3298 530 3349; x_wconf 82' lang='grc' dir='ltr'>ἸΙ</span> <span class='ocrx_word' id='word_1_182' title='bbox 559 3299 686 3367; x_wconf 76' lang='grc' dir='ltr'>περὶ</span> <span class='ocrx_word' id='word_1_183' title='bbox 715 3296 867 3349; x_wconf 79' lang='grc' dir='ltr'>δόλου</span> <span class='ocrx_word' id='word_1_184' title='bbox 898 3295 1112 3366; x_wconf 76' lang='grc' dir='ltr'>ἀγωγὴ,</span> <span class='ocrx_word' id='word_1_185' title='bbox 1139 3298 1352 3365; x_wconf 84' lang='grc' dir='ltr'>χρόνοις</span> <span class='ocrx_word' id='word_1_186' title='bbox 1378 3295 1611 3364; x_wconf 78' lang='grc' dir='ltr'>ὥρισται</span> <span class='ocrx_word' id='word_1_187' title='bbox 1635 3296 1747 3349; x_wconf 85' lang='grc' dir='ltr'>δύο.</span> 
     </span>
    </p>
   </div>
   <div class='ocr_carea' id='block_1_33' title="bbox 456 3388 1718 3459">
    <p class='ocr_par' dir='ltr' id='par_1_33' title="bbox 456 3388 1718 3459">
     <span class='ocr_line' id='line_1_33' title="bbox 456 3388 1718 3459; baseline 0.01 -21"><span class='ocrx_word' id='word_1_188' title='bbox 456 3389 593 3457; x_wconf 80' lang='grc' dir='ltr'>Περὶ</span> <span class='ocrx_word' id='word_1_189' title='bbox 622 3388 960 3459; x_wconf 65' lang='grc' dir='ltr'>ἀνειργυρίας</span> <span class='ocrx_word' id='word_1_190' title='bbox 993 3388 1050 3441; x_wconf 81' lang='grc' dir='ltr'>δὲ</span> <span class='ocrx_word' id='word_1_191' title='bbox 1082 3388 1581 3457; x_wconf 69' lang='grc' dir='ltr'>παραγραφόμενὸς</span> <span class='ocrx_word' id='word_1_192' title='bbox 1611 3406 1718 3452; x_wconf 81' lang='grc' dir='ltr'>τις.</span> 
     </span>
    </p>
   </div>
   <div class='ocr_carea' id='block_1_34' title="bbox 457 3478 1766 3548">
    <p class='ocr_par' dir='ltr' id='par_1_34' title="bbox 457 3478 1766 3548">
     <span class='ocr_line' id='line_1_34' title="bbox 457 3478 1766 3548; baseline 0.004 -17"><span class='ocrx_word' id='word_1_193' title='bbox 457 3479 560 3531; x_wconf 77' lang='grc' dir='ltr'>Δύο</span> <span class='ocrx_word' id='word_1_194' title='bbox 586 3479 697 3543; x_wconf 63' lang='lat' dir='ltr'><strong>eget</strong></span> <span class='ocrx_word' id='word_1_195' title='bbox 729 3478 997 3545; x_wconf 69' lang='grc' dir='ltr'>συναπτὰ,</span> <span class='ocrx_word' id='word_1_196' title='bbox 1030 3480 1105 3542; x_wconf 86' lang='grc' dir='ltr'>ώς</span> <span class='ocrx_word' id='word_1_197' title='bbox 1138 3478 1275 3548; x_wconf 76' lang='grc' dir='ltr'>πρὸς</span> <span class='ocrx_word' id='word_1_198' title='bbox 1306 3479 1403 3541; x_wconf 77' lang='grc' dir='ltr'>τὰς</span> <span class='ocrx_word' id='word_1_199' title='bbox 1440 3479 1766 3544; x_wconf 77' lang='grc' dir='ltr'>ἀντιθέσεις.</span> 
     </span>
    </p>
   </div>
   <div class='ocr_carea' id='block_1_35' title="bbox 472 3568 2037 3642">
    <p class='ocr_par' dir='ltr' id='par_1_35' title="bbox 472 3568 2037 3642">
     <span class='ocr_line' id='line_1_35' title="bbox 472 3568 2037 3642; baseline 0.003 -19"><span class='ocrx_word' id='word_1_200' title='bbox 472 3570 848 3641; x_wconf 70' lang='grc' dir='ltr'>Ἐμφυτευτὴς</span> <span class='ocrx_word' id='word_1_201' title='bbox 883 3572 976 3623; x_wconf 76' lang='grc' dir='ltr'>καὶ</span> <span class='ocrx_word' id='word_1_202' title='bbox 1015 3568 1292 3642; x_wconf 84' lang='grc' dir='ltr'>μισθωτὴς</span> <span class='ocrx_word' id='word_1_203' title='bbox 1337 3571 1568 3639; x_wconf 84' lang='grc' dir='ltr'>εύαγοῦς</span> <span class='ocrx_word' id='word_1_204' title='bbox 1624 3573 1787 3642; x_wconf 82' lang='grc' dir='ltr'>τυχὸν</span> <span class='ocrx_word' id='word_1_205' title='bbox 1848 3578 2037 3640; x_wconf 81' lang='grc' dir='ltr'>τόπου,</span> 
     </span>
    </p>
   </div>
   <div class='ocr_carea' id='block_1_36' title="bbox 460 3760 2046 3833">
    <p class='ocr_par' dir='ltr' id='par_1_36' title="bbox 460 3760 2046 3833">
     <span class='ocr_line' id='line_1_36' title="bbox 460 3760 2046 3833; baseline 0 -15"><span class='ocrx_word' id='word_1_206' title='bbox 460 3778 577 3818; x_wconf 87' lang='lat' dir='ltr'>cem</span> <span class='ocrx_word' id='word_1_207' title='bbox 621 3763 949 3833; x_wconf 77' lang='lat' dir='ltr'>appellatur.</span> <span class='ocrx_word' id='word_1_208' title='bbox 978 3760 1175 3817; x_wconf 82' lang='lat' dir='ltr'>Mulier</span> <span class='ocrx_word' id='word_1_209' title='bbox 1204 3761 1350 3816; x_wconf 86' lang='lat' dir='ltr'><strong>intra</strong></span> <span class='ocrx_word' id='word_1_210' title='bbox 1384 3761 1501 3816; x_wconf 91' lang='lat' dir='ltr'><strong>dies</strong></span> <span class='ocrx_word' id='word_1_211' title='bbox 1531 3763 1756 3832; x_wconf 84' lang='lat' dir='ltr'><strong>triginta</strong></span> <span class='ocrx_word' id='word_1_212' title='bbox 1792 3780 1819 3815; x_wconf 75' lang='grc' dir='ltr'>ει</span> <span class='ocrx_word' id='word_1_213' title='bbox 1856 3765 2046 3821; x_wconf 74' lang='lat' dir='ltr'><strong>divor-</strong></span> 
     </span>
    </p>
   </div>
   <div class='ocr_carea' id='block_1_37' title="bbox 460 3855 2042 3926">
    <p class='ocr_par' dir='ltr' id='par_1_37' title="bbox 460 3855 2042 3926">
     <span class='ocr_line' id='line_1_37' title="bbox 460 3855 2042 3926; baseline 0.003 -18"><span class='ocrx_word' id='word_1_214' title='bbox 460 3857 558 3919; x_wconf 89' lang='lat' dir='ltr'><strong>tio,</strong></span> <span class='ocrx_word' id='word_1_215' title='bbox 587 3857 783 3908; x_wconf 88' lang='lat' dir='ltr'><strong>marito</strong></span> <span class='ocrx_word' id='word_1_216' title='bbox 811 3855 1027 3909; x_wconf 88' lang='lat' dir='ltr'><strong>nuntiet</strong></span> <span class='ocrx_word' id='word_1_217' title='bbox 1057 3855 1201 3924; x_wconf 83' lang='lat' dir='ltr'><strong>quod</strong></span> <span class='ocrx_word' id='word_1_218' title='bbox 1233 3869 1522 3924; x_wconf 53' lang='lat' dir='ltr'><strong>praegnans</strong></span> <span class='ocrx_word' id='word_1_219' title='bbox 1552 3855 1645 3909; x_wconf 90' lang='lat' dir='ltr'><strong>sit.</strong></span> <span class='ocrx_word' id='word_1_220' title='bbox 1668 3855 1798 3911; x_wconf 83' lang='lat' dir='ltr'><strong>Post</strong></span> <span class='ocrx_word' id='word_1_221' title='bbox 1826 3868 2042 3926; x_wconf 86' lang='lat' dir='ltr'><strong>apertas</strong></span> 
     </span>
    </p>
   </div>
   <div class='ocr_carea' id='block_1_38' title="bbox 462 3946 2040 4011">
    <p class='ocr_par' dir='ltr' id='par_1_38' title="bbox 462 3946 2040 4011">
     <span class='ocr_line' id='line_1_38' title="bbox 462 3946 2040 4011; baseline 0.002 -11"><span class='ocrx_word' id='word_1_222' title='bbox 462 3947 779 4001; x_wconf 88' lang='lat' dir='ltr'><strong>testamenti</strong></span> <span class='ocrx_word' id='word_1_223' title='bbox 832 3946 1077 4011; x_wconf 83' lang='lat' dir='ltr'><strong>tabulas,</strong></span> <span class='ocrx_word' id='word_1_224' title='bbox 1115 3962 1147 4001; x_wconf 91' lang='lat'><strong>0</strong></span> <span class='ocrx_word' id='word_1_225' title='bbox 1174 3961 1288 4011; x_wconf 82' lang='lat' dir='ltr'><strong>rex,</strong></span> <span class='ocrx_word' id='word_1_226' title='bbox 1342 3947 1514 4001; x_wconf 69' lang='lat' dir='ltr'><strong>haeres</strong></span> <span class='ocrx_word' id='word_1_227' title='bbox 1540 3948 1907 4002; x_wconf 78' lang='lat' dir='ltr'><strong>inventarium</strong></span> <span class='ocrx_word' id='word_1_228' title='bbox 1944 3954 2040 4003; x_wconf 91' lang='lat' dir='ltr'><strong>Iri-</strong></span> 
     </span>
    </p>
   </div>
   <div class='ocr_carea' id='block_1_39' title="bbox 462 4037 2042 4107">
    <p class='ocr_par' dir='ltr' id='par_1_39' title="bbox 462 4037 2042 4107">
     <span class='ocr_line' id='line_1_39' title="bbox 462 4037 2042 4107; baseline 0.003 -16"><span class='ocrx_word' id='word_1_229' title='bbox 462 4037 564 4091; x_wconf 88' lang='lat' dir='ltr'>bus</span> <span class='ocrx_word' id='word_1_230' title='bbox 628 4038 912 4092; x_wconf 84' lang='lat' dir='ltr'>mensibus</span> <span class='ocrx_word' id='word_1_231' title='bbox 976 4038 1163 4092; x_wconf 83' lang='lat' dir='ltr'><strong>facito.</strong></span> <span class='ocrx_word' id='word_1_232' title='bbox 1250 4038 1526 4091; x_wconf 87' lang='lat' dir='ltr'><strong>Bonorum</strong></span> <span class='ocrx_word' id='word_1_233' title='bbox 1599 4042 2042 4107; x_wconf 80' lang='lat' dir='ltr'><strong>possessionibus</strong></span> 
     </span>
    </p>
   </div>
   <div class='ocr_carea' id='block_1_40' title="bbox 460 4128 2043 4197">
    <p class='ocr_par' dir='ltr' id='par_1_40' title="bbox 460 4128 2043 4197">
     <span class='ocr_line' id='line_1_40' title="bbox 460 4128 2043 4197; baseline 0.006 -18"><span class='ocrx_word' id='word_1_234' title='bbox 460 4144 582 4197; x_wconf 65' lang='lat' dir='ltr'><strong>quin</strong></span> <span class='ocrx_word' id='word_1_235' title='bbox 644 4128 964 4197; x_wconf 80' lang='lat' dir='ltr'>propinquis</span> <span class='ocrx_word' id='word_1_236' title='bbox 1027 4144 1056 4182; x_wconf 86' lang='lat' dir='ltr'>a</span> <span class='ocrx_word' id='word_1_237' title='bbox 1094 4130 1260 4184; x_wconf 88' lang='lat' dir='ltr'><strong>latere</strong></span> <span class='ocrx_word' id='word_1_238' title='bbox 1293 4131 1640 4194; x_wconf 81' lang='lat' dir='ltr'><strong>deferuntur,</strong></span> <span class='ocrx_word' id='word_1_239' title='bbox 1670 4141 1890 4185; x_wconf 88' lang='lat' dir='ltr'><strong>centum</strong></span> <span class='ocrx_word' id='word_1_240' title='bbox 1924 4133 2043 4188; x_wconf 87' lang='lat' dir='ltr'><strong>dics</strong></span> 
     </span>
    </p>
   </div>
   <div class='ocr_carea' id='block_1_41' title="bbox 462 4218 2045 4291">
    <p class='ocr_par' dir='ltr' id='par_1_41' title="bbox 462 4218 2045 4291">
     <span class='ocr_line' id='line_1_41' title="bbox 462 4218 2045 4291; baseline 0.003 -18"><span class='ocrx_word' id='word_1_241' title='bbox 462 4220 649 4273; x_wconf 81' lang='lat' dir='ltr'><strong>statuti</strong></span> <span class='ocrx_word' id='word_1_242' title='bbox 712 4230 860 4273; x_wconf 78' lang='lat' dir='ltr'><strong>sunt.</strong></span> <span class='ocrx_word' id='word_1_243' title='bbox 896 4218 1257 4273; x_wconf 81' lang='lat' dir='ltr'><strong>Condemnati</strong></span> <span class='ocrx_word' id='word_1_244' title='bbox 1294 4220 1576 4277; x_wconf 78' lang='lat' dir='ltr'>dilationis</span> <span class='ocrx_word' id='word_1_245' title='bbox 1610 4238 1776 4277; x_wconf 88' lang='lat' dir='ltr'><strong>causa</strong></span> <span class='ocrx_word' id='word_1_246' title='bbox 1810 4232 2045 4291; x_wconf 75' lang='lat' dir='ltr'>quatuor</span> 
     </span>
    </p>
   </div>
   <div class='ocr_carea' id='block_1_42' title="bbox 464 4313 2045 4383">
    <p class='ocr_par' dir='ltr' id='par_1_42' title="bbox 464 4313 2045 4383">
     <span class='ocr_line' id='line_1_42' title="bbox 464 4313 2045 4383; baseline 0.006 -18"><span class='ocrx_word' id='word_1_247' title='bbox 464 4326 679 4365; x_wconf 82' lang='lat' dir='ltr'><strong>menses</strong></span> <span class='ocrx_word' id='word_1_248' title='bbox 710 4313 912 4365; x_wconf 71' lang='lat' dir='ltr'><strong>habent</strong></span> <span class='ocrx_word' id='word_1_249' title='bbox 951 4329 964 4366; x_wconf 89' lang='lat'><strong>:</strong></span> <span class='ocrx_word' id='word_1_250' title='bbox 995 4313 1197 4381; x_wconf 86' lang='lat' dir='ltr'><strong>quibus</strong></span> <span class='ocrx_word' id='word_1_251' title='bbox 1224 4313 1425 4383; x_wconf 89' lang='lat' dir='ltr'><strong>elapsis</strong></span> <span class='ocrx_word' id='word_1_252' title='bbox 1466 4330 1664 4368; x_wconf 82' lang='lat' dir='ltr'><strong>usuras</strong></span> <span class='ocrx_word' id='word_1_253' title='bbox 1713 4316 2045 4374; x_wconf 74' lang='lat' dir='ltr'>centesimas</span> 
     </span>
    </p>
   </div>
   <div class='ocr_carea' id='block_1_43' title="bbox 462 4405 2042 4479">
    <p class='ocr_par' dir='ltr' id='par_1_43' title="bbox 462 4405 2042 4479">
     <span class='ocr_line' id='line_1_43' title="bbox 462 4405 2042 4479; baseline 0.005 -23"><span class='ocrx_word' id='word_1_254' title='bbox 462 4405 746 4459; x_wconf 72' lang='lat' dir='ltr'><strong>actoribus</strong></span> <span class='ocrx_word' id='word_1_255' title='bbox 770 4406 1009 4459; x_wconf 81' lang='lat' dir='ltr'><strong>solvunt.</strong></span> <span class='ocrx_word' id='word_1_256' title='bbox 1063 4406 1221 4460; x_wconf 87' lang='lat' dir='ltr'><strong>Actio</strong></span> <span class='ocrx_word' id='word_1_257' title='bbox 1251 4408 1631 4473; x_wconf 85' lang='lat' dir='ltr'><strong>redhibitoria,</strong></span> <span class='ocrx_word' id='word_1_258' title='bbox 1660 4425 1693 4464; x_wconf 84' lang='grc' dir='ltr'>ο</span> <span class='ocrx_word' id='word_1_259' title='bbox 1722 4410 2042 4479; x_wconf 83' lang='lat' dir='ltr'><strong>imperator,</strong></span> 
     </span>
    </p>
   </div>
   <div class='ocr_carea' id='block_1_44' title="bbox 462 4498 2046 4565">
    <p class='ocr_par' dir='ltr' id='par_1_44' title="bbox 462 4498 2046 4565">
     <span class='ocr_line' id='line_1_44' title="bbox 462 4498 2046 4565; baseline 0.009 -19"><span class='ocrx_word' id='word_1_260' title='bbox 462 4512 582 4565; x_wconf 77' lang='lat' dir='ltr'><strong>qua:</strong></span> <span class='ocrx_word' id='word_1_261' title='bbox 648 4512 758 4549; x_wconf 88' lang='lat' dir='ltr'>rem</span> <span class='ocrx_word' id='word_1_262' title='bbox 823 4498 1099 4551; x_wconf 74' lang='lat' dir='ltr'><strong>venditant</strong></span> <span class='ocrx_word' id='word_1_263' title='bbox 1151 4499 1416 4563; x_wconf 88' lang='lat' dir='ltr'><strong>restituit,</strong></span> <span class='ocrx_word' id='word_1_264' title='bbox 1482 4504 1707 4554; x_wconf 84' lang='lat' dir='ltr'><strong>omnino</strong></span> <span class='ocrx_word' id='word_1_265' title='bbox 1760 4502 1902 4556; x_wconf 88' lang='lat' dir='ltr'><strong>intra</strong></span> <span class='ocrx_word' id='word_1_266' title='bbox 1951 4519 2046 4559; x_wconf 71' lang='lat' dir='ltr'>sex</span> 
     </span>
    </p>
   </div>
   <div class='ocr_carea' id='block_1_45' title="bbox 1734 388 2419 460">
    <p class='ocr_par' dir='ltr' id='par_1_45' title="bbox 1734 388 2419 460">
     <span class='ocr_line' id='line_1_45' title="bbox 1734 388 2419 460; baseline -0.018 0"><span class='ocrx_word' id='word_1_267' title='bbox 1734 391 2094 460; x_wconf 56' lang='lat' dir='ltr'>SYNOPo‘ls</span> <span class='ocrx_word' id='word_1_268' title='bbox 2135 388 2419 450; x_wconf 79' lang='lat' dir='ltr'>LEGUM.</span> 
     </span>
    </p>
   </div>
   <div class='ocr_carea' id='block_1_46' title="bbox 2048 493 3601 571">
    <p class='ocr_par' dir='ltr' id='par_1_46' title="bbox 2048 493 3601 571">
     <span class='ocr_line' id='line_1_46' title="bbox 2048 493 3601 571; baseline -0.004 -15"><span class='ocrx_word' id='word_1_269' title='bbox 2048 515 2088 568; x_wconf 77' lang='grc' dir='ltr'>Α</span> <span class='ocrx_word' id='word_1_270' title='bbox 2123 503 2319 571; x_wconf 82' lang='grc' dir='ltr'>Χεῖρον</span> <span class='ocrx_word' id='word_1_271' title='bbox 2350 497 2514 553; x_wconf 77' lang='grc' dir='ltr'>ποιῶν</span> <span class='ocrx_word' id='word_1_272' title='bbox 2544 499 2603 554; x_wconf 79' lang='grc' dir='ltr'>τὸ</span> <span class='ocrx_word' id='word_1_273' title='bbox 2632 494 2925 571; x_wconf 72' lang='grc' dir='ltr'>μισθωθὲν,</span> <span class='ocrx_word' id='word_1_274' title='bbox 2948 498 2988 564; x_wconf 73' lang='grc' dir='ltr'><strong>ἢ</strong></span> <span class='ocrx_word' id='word_1_275' title='bbox 3014 498 3157 569; x_wconf 79' lang='grc' dir='ltr'>δρῶν</span> <span class='ocrx_word' id='word_1_276' title='bbox 3175 493 3601 568; x_wconf 75' lang='grc' dir='ltr'>ἀγνωμοσύνην,</span> 
     </span>
    </p>
   </div>
   <div class='ocr_carea' id='block_1_47' title="bbox 3600 383 3707 449">
    <p class='ocr_par' dir='ltr' id='par_1_47' title="bbox 3600 383 3707 449">
     <span class='ocr_line' id='line_1_47' title="bbox 3600 383 3707 449; baseline 0.019 -2"><span class='ocrx_word' id='word_1_277' title='bbox 3600 383 3707 449; x_wconf 82' lang='lat'>950</span> 
     </span>
    </p>
   </div>
   <div class='ocr_carea' id='block_1_48' title="bbox 2134 590 3530 661">
    <p class='ocr_par' dir='ltr' id='par_1_48' title="bbox 2134 590 3530 661">
     <span class='ocr_line' id='line_1_48' title="bbox 2134 590 3530 661; baseline -0.003 -16"><span class='ocrx_word' id='word_1_278' title='bbox 2134 595 2223 645; x_wconf 82' lang='grc' dir='ltr'>Ἐν</span> <span class='ocrx_word' id='word_1_279' title='bbox 2254 592 2347 645; x_wconf 75' lang='grc' dir='ltr'>δύο</span> <span class='ocrx_word' id='word_1_280' title='bbox 2375 592 2515 654; x_wconf 66' lang='grc' dir='ltr'>ὅλοις</span> <span class='ocrx_word' id='word_1_281' title='bbox 2543 591 2711 658; x_wconf 76' lang='grc' dir='ltr'>ἔτεσι,</span> <span class='ocrx_word' id='word_1_282' title='bbox 2741 591 2843 646; x_wconf 85' lang='grc' dir='ltr'>τοῦ</span> <span class='ocrx_word' id='word_1_283' title='bbox 2876 592 3206 661; x_wconf 73' lang='grc' dir='ltr'>πράγματος</span> <span class='ocrx_word' id='word_1_284' title='bbox 3236 590 3530 660; x_wconf 86' lang='grc' dir='ltr'>στερεῖται.</span> 
     </span>
    </p>
   </div>
   <div class='ocr_carea' id='block_1_49' title="bbox 2139 681 3217 755">
    <p class='ocr_par' dir='ltr' id='par_1_49' title="bbox 2139 681 3217 755">
     <span class='ocr_line' id='line_1_49' title="bbox 2139 681 3217 755; baseline -0.003 -18"><span class='ocrx_word' id='word_1_285' title='bbox 2139 686 2259 737; x_wconf 79' lang='grc' dir='ltr'>Ἐαν</span> <span class='ocrx_word' id='word_1_286' title='bbox 2283 690 2339 737; x_wconf 83' lang='grc' dir='ltr'>έν</span> <span class='ocrx_word' id='word_1_287' title='bbox 2376 684 2522 736; x_wconf 75' lang='grc' dir='ltr'>ἔτεσι</span> <span class='ocrx_word' id='word_1_288' title='bbox 2545 685 2693 737; x_wconf 68' lang='grc' dir='ltr'>δυσὶν</span> <span class='ocrx_word' id='word_1_289' title='bbox 2727 687 2754 737; x_wconf 85' lang='grc' dir='ltr'>ό</span> <span class='ocrx_word' id='word_1_290' title='bbox 2785 684 2961 755; x_wconf 80' lang='grc' dir='ltr'>γάμος</span> <span class='ocrx_word' id='word_1_291' title='bbox 2987 681 3217 752; x_wconf 76' lang='grc' dir='ltr'>ἐξετάθη</span> 
     </span>
    </p>
   </div>
   <div class='ocr_carea' id='block_1_50' title="bbox 2124 769 3569 844">
    <p class='ocr_par' dir='ltr' id='par_1_50' title="bbox 2124 769 3569 844">
     <span class='ocr_line' id='line_1_50' title="bbox 2124 769 3569 844; baseline -0.004 -14"><span class='ocrx_word' id='word_1_292' title='bbox 2124 777 2234 830; x_wconf 71' lang='grc' dir='ltr'>Καὶ</span> <span class='ocrx_word' id='word_1_293' title='bbox 2275 782 2411 843; x_wconf 75' lang='grc' dir='ltr'>μετα</span> <span class='ocrx_word' id='word_1_294' title='bbox 2443 774 2619 829; x_wconf 70' lang='grc' dir='ltr'>ταῦτα</span> <span class='ocrx_word' id='word_1_295' title='bbox 2646 774 2864 827; x_wconf 79' lang='grc' dir='ltr'>λέλυται</span> <span class='ocrx_word' id='word_1_296' title='bbox 2894 776 2953 826; x_wconf 83' lang='grc' dir='ltr'>ὲν</span> <span class='ocrx_word' id='word_1_297' title='bbox 2985 774 3135 844; x_wconf 80' lang='grc' dir='ltr'>νόμῳ</span> <span class='ocrx_word' id='word_1_298' title='bbox 3173 769 3355 842; x_wconf 82' lang='grc' dir='ltr'>τυχὼν</span> <span class='ocrx_word' id='word_1_299' title='bbox 3395 770 3569 838; x_wconf 82' lang='grc' dir='ltr'>λύσει,</span> 
     </span>
    </p>
   </div>
   <div class='ocr_carea' id='block_1_51' title="bbox 2137 865 3641 939">
    <p class='ocr_par' dir='ltr' id='par_1_51' title="bbox 2137 865 3641 939">
     <span class='ocr_line' id='line_1_51' title="bbox 2137 865 3641 939; baseline -0.003 -16"><span class='ocrx_word' id='word_1_300' title='bbox 2137 872 2551 938; x_wconf 84' lang='grc' dir='ltr'>Ἀπαιτουμενιρ</span> <span class='ocrx_word' id='word_1_301' title='bbox 2590 868 2668 939; x_wconf 85' lang='grc' dir='ltr'>τῷ</span> <span class='ocrx_word' id='word_1_302' title='bbox 2702 867 2859 937; x_wconf 83' lang='grc' dir='ltr'>ἀνδρὶ</span> <span class='ocrx_word' id='word_1_303' title='bbox 2882 868 2978 936; x_wconf 80' lang='grc' dir='ltr'>τὴν</span> <span class='ocrx_word' id='word_1_304' title='bbox 3001 866 3402 937; x_wconf 79' lang='grc' dir='ltr'>γεγραμμένην</span> <span class='ocrx_word' id='word_1_305' title='bbox 3437 865 3641 935; x_wconf 80' lang='grc' dir='ltr'>προῖκα</span> 
     </span>
    </p>
   </div>
   <div class='ocr_carea' id='block_1_52' title="bbox 2128 958 3482 1036">
    <p class='ocr_par' dir='ltr' id='par_1_52' title="bbox 2128 958 3482 1036">
     <span class='ocr_line' id='line_1_52' title="bbox 2128 958 3482 1036; baseline -0.001 -20"><span class='ocrx_word' id='word_1_306' title='bbox 2128 964 2345 1031; x_wconf 78' lang='grc' dir='ltr'>Ἔξεστι</span> <span class='ocrx_word' id='word_1_307' title='bbox 2379 962 2846 1036; x_wconf 77' lang='grc' dir='ltr'>παραγράφεσθαι</span> <span class='ocrx_word' id='word_1_308' title='bbox 2882 960 2961 1024; x_wconf 82' lang='grc' dir='ltr'>ὡς</span> <span class='ocrx_word' id='word_1_309' title='bbox 2999 960 3058 1027; x_wconf 70' lang='grc' dir='ltr'>ἐξ</span> <span class='ocrx_word' id='word_1_310' title='bbox 3096 958 3439 1028; x_wconf 75' lang='grc' dir='ltr'>ἀναργυριας</span> <span class='ocrx_word' id='word_1_311' title='bbox 3467 973 3482 987; x_wconf 86' lang='grc'>⁶</span> 
     </span>
    </p>
   </div>
   <div class='ocr_carea' id='block_1_53' title="bbox 2127 1052 3359 1125">
    <p class='ocr_par' dir='ltr' id='par_1_53' title="bbox 2127 1052 3359 1125">
     <span class='ocr_line' id='line_1_53' title="bbox 2127 1052 3359 1125; baseline -0.006 -14"><span class='ocrx_word' id='word_1_312' title='bbox 2127 1058 2189 1111; x_wconf 80' lang='grc' dir='ltr'><strong>Εἰ</strong></span> <span class='ocrx_word' id='word_1_313' title='bbox 2219 1059 2262 1111; x_wconf 84' lang='grc' dir='ltr'>δ’</span> <span class='ocrx_word' id='word_1_314' title='bbox 2294 1060 2381 1110; x_wconf 63' lang='grc' dir='ltr'>έπῖ</span> <span class='ocrx_word' id='word_1_315' title='bbox 2417 1057 2553 1110; x_wconf 70' lang='grc' dir='ltr'>δέκα</span> <span class='ocrx_word' id='word_1_316' title='bbox 2580 1059 2755 1109; x_wconf 73' lang='grc' dir='ltr'>ἔτεσιν</span> <span class='ocrx_word' id='word_1_317' title='bbox 2779 1056 2805 1107; x_wconf 89' lang='grc' dir='ltr'>ὁ</span> <span class='ocrx_word' id='word_1_318' title='bbox 2833 1055 3011 1125; x_wconf 73' lang='grc' dir='ltr'>γάμος</span> <span class='ocrx_word' id='word_1_319' title='bbox 3045 1052 3359 1123; x_wconf 75' lang='grc' dir='ltr'>παρετάθη,</span> 
     </span>
    </p>
   </div>
   <div class='ocr_carea' id='block_1_54' title="bbox 2127 1140 3720 1222">
    <p class='ocr_par' dir='ltr' id='par_1_54' title="bbox 2127 1140 3720 1222">
     <span class='ocr_line' id='line_1_54' title="bbox 2127 1140 3720 1222; baseline -0.005 -17"><span class='ocrx_word' id='word_1_320' title='bbox 2127 1153 2170 1205; x_wconf 89' lang='grc' dir='ltr'><strong>Τ</strong></span> <span class='ocrx_word' id='word_1_321' title='bbox 2176 1154 2283 1222; x_wconf 85' lang='grc' dir='ltr'>ρεί.</span> <span class='ocrx_word' id='word_1_322' title='bbox 2322 1152 2472 1221; x_wconf 80' lang='grc' dir='ltr'>μόνοι</span> <span class='ocrx_word' id='word_1_323' title='bbox 2505 1152 2675 1221; x_wconf 70' lang='grc' dir='ltr'>μῆνες</span> <span class='ocrx_word' id='word_1_324' title='bbox 2700 1149 2933 1203; x_wconf 85' lang='grc' dir='ltr'>δίδονται</span> <span class='ocrx_word' id='word_1_325' title='bbox 2970 1147 3146 1217; x_wconf 85' lang='grc' dir='ltr'>τούτῳ</span> <span class='ocrx_word' id='word_1_326' title='bbox 3175 1147 3348 1201; x_wconf 76' lang='grc' dir='ltr'>κινεῖν</span> <span class='ocrx_word' id='word_1_327' title='bbox 3391 1142 3499 1215; x_wconf 83' lang='grc' dir='ltr'>τὴν</span> <span class='ocrx_word' id='word_1_328' title='bbox 3531 1140 3720 1213; x_wconf 86' lang='grc' dir='ltr'>δίκην.</span> 
     </span>
    </p>
   </div>
   <div class='ocr_carea' id='block_1_55' title="bbox 2127 1239 3397 1316">
    <p class='ocr_par' dir='ltr' id='par_1_55' title="bbox 2127 1239 3397 1316">
     <span class='ocr_line' id='line_1_55' title="bbox 2127 1239 3397 1316; baseline -0.004 -19"><span class='ocrx_word' id='word_1_329' title='bbox 2127 1246 2261 1315; x_wconf 80' lang='grc' dir='ltr'>Δίκη</span> <span class='ocrx_word' id='word_1_330' title='bbox 2287 1246 2437 1297; x_wconf 75' lang='grc' dir='ltr'>πᾶσα</span> <span class='ocrx_word' id='word_1_331' title='bbox 2460 1243 2782 1316; x_wconf 74' lang='grc' dir='ltr'>χρηματικὴ</span> <span class='ocrx_word' id='word_1_332' title='bbox 2808 1240 3051 1311; x_wconf 75' lang='grc' dir='ltr'>ἐννόμως</span> <span class='ocrx_word' id='word_1_333' title='bbox 3076 1239 3397 1310; x_wconf 75' lang='grc' dir='ltr'>κινουμένη,</span> 
     </span>
    </p>
   </div>
   <div class='ocr_carea' id='block_1_56' title="bbox 2128 1332 3644 1408">
    <p class='ocr_par' dir='ltr' id='par_1_56' title="bbox 2128 1332 3644 1408">
     <span class='ocr_line' id='line_1_56' title="bbox 2128 1332 3644 1408; baseline -0.001 -17"><span class='ocrx_word' id='word_1_334' title='bbox 2128 1337 2242 1392; x_wconf 70' lang='grc' dir='ltr'>Οὔκ</span> <span class='ocrx_word' id='word_1_335' title='bbox 2281 1337 2487 1406; x_wconf 59' lang='grc' dir='ltr'>ὀφείλει</span> <span class='ocrx_word' id='word_1_336' title='bbox 2520 1336 2864 1408; x_wconf 77' lang='grc' dir='ltr'>μηκύνεσθαι</span> <span class='ocrx_word' id='word_1_337' title='bbox 2890 1334 2999 1390; x_wconf 83' lang='grc' dir='ltr'>τῶν</span> <span class='ocrx_word' id='word_1_338' title='bbox 3023 1332 3193 1405; x_wconf 84' lang='grc' dir='ltr'>τριῶν</span> <span class='ocrx_word' id='word_1_339' title='bbox 3217 1334 3426 1403; x_wconf 82' lang='grc' dir='ltr'>χρόνων</span> <span class='ocrx_word' id='word_1_340' title='bbox 3455 1333 3644 1390; x_wconf 82' lang='grc' dir='ltr'>πλέον.</span> 
     </span>
    </p>
   </div>
   <div class='ocr_carea' id='block_1_57' title="bbox 2128 1426 3510 1500">
    <p class='ocr_par' dir='ltr' id='par_1_57' title="bbox 2128 1426 3510 1500">
     <span class='ocr_line' id='line_1_57' title="bbox 2128 1426 3510 1500; baseline -0.004 -14"><span class='ocrx_word' id='word_1_341' title='bbox 2128 1431 2284 1487; x_wconf 73' lang='grc' dir='ltr'>Μετὰ</span> <span class='ocrx_word' id='word_1_342' title='bbox 2310 1430 2399 1483; x_wconf 85' lang='grc' dir='ltr'>τὸν</span> <span class='ocrx_word' id='word_1_343' title='bbox 2422 1432 2891 1498; x_wconf 83' lang='grc' dir='ltr'>είκοστόπεμτιτον</span> <span class='ocrx_word' id='word_1_344' title='bbox 2916 1431 3027 1493; x_wconf 86' lang='grc' dir='ltr'>τοῖς</span> <span class='ocrx_word' id='word_1_345' title='bbox 3059 1426 3285 1500; x_wconf 73' lang='grc' dir='ltr'>ἀφήλιξι</span> <span class='ocrx_word' id='word_1_346' title='bbox 3314 1427 3510 1498; x_wconf 74' lang='grc' dir='ltr'>χρόνον</span> 
     </span>
    </p>
   </div>
   <div class='ocr_carea' id='block_1_58' title="bbox 2130 1520 3397 1594">
    <p class='ocr_par' dir='ltr' id='par_1_58' title="bbox 2130 1520 3397 1594">
     <span class='ocr_line' id='line_1_58' title="bbox 2130 1520 3397 1594; baseline -0.003 -14"><span class='ocrx_word' id='word_1_347' title='bbox 2130 1527 2224 1589; x_wconf 79' lang='lat' dir='ltr'><strong>El;</strong></span> <span class='ocrx_word' id='word_1_348' title='bbox 2262 1524 2359 1594; x_wconf 78' lang='grc' dir='ltr'>τὴν</span> <span class='ocrx_word' id='word_1_349' title='bbox 2388 1524 2840 1578; x_wconf 74' lang='grc' dir='ltr'>ἀποκατάστασιν</span> <span class='ocrx_word' id='word_1_350' title='bbox 2870 1521 3193 1593; x_wconf 85' lang='grc' dir='ltr'>τετραετίαν</span> <span class='ocrx_word' id='word_1_351' title='bbox 3226 1520 3397 1576; x_wconf 74' lang='grc' dir='ltr'>δίδου.</span> 
     </span>
    </p>
   </div>
   <div class='ocr_carea' id='block_1_59' title="bbox 2130 1613 3225 1687">
    <p class='ocr_par' dir='ltr' id='par_1_59' title="bbox 2130 1613 3225 1687">
     <span class='ocr_line' id='line_1_59' title="bbox 2130 1613 3225 1687; baseline -0.004 -16"><span class='ocrx_word' id='word_1_352' title='bbox 2130 1617 2242 1687; x_wconf 85' lang='grc' dir='ltr'>Τῆς</span> <span class='ocrx_word' id='word_1_353' title='bbox 2273 1617 2328 1668; x_wconf 80' lang='grc' dir='ltr'>δὲ</span> <span class='ocrx_word' id='word_1_354' title='bbox 2359 1616 2654 1684; x_wconf 79' lang='grc' dir='ltr'>ίνοφικιόσο</span> <span class='ocrx_word' id='word_1_355' title='bbox 2694 1615 2884 1686; x_wconf 83' lang='grc' dir='ltr'>χρόνος</span> <span class='ocrx_word' id='word_1_356' title='bbox 2909 1613 3225 1668; x_wconf 87' lang='grc' dir='ltr'>πενταετία.</span> 
     </span>
    </p>
   </div>
   <div class='ocr_carea' id='block_1_60' title="bbox 2132 1704 3485 1776">
    <p class='ocr_par' dir='ltr' id='par_1_60' title="bbox 2132 1704 3485 1776">
     <span class='ocr_line' id='line_1_60' title="bbox 2132 1704 3485 1776; baseline -0.003 -15"><span class='ocrx_word' id='word_1_357' title='bbox 2132 1708 2436 1761; x_wconf 72' lang='grc' dir='ltr'>ιίενταετία</span> <span class='ocrx_word' id='word_1_358' title='bbox 2479 1708 2790 1774; x_wconf 73' lang='grc' dir='ltr'>σϐέννυται,</span> <span class='ocrx_word' id='word_1_359' title='bbox 2819 1709 2879 1759; x_wconf 84' lang='grc' dir='ltr'>τὸ</span> <span class='ocrx_word' id='word_1_360' title='bbox 2914 1704 3046 1776; x_wconf 80' lang='grc' dir='ltr'>περὶ</span> <span class='ocrx_word' id='word_1_361' title='bbox 3074 1706 3177 1773; x_wconf 84' lang='grc' dir='ltr'>τῆς</span> <span class='ocrx_word' id='word_1_362' title='bbox 3210 1704 3485 1775; x_wconf 82' lang='grc' dir='ltr'>μοιχείας.</span> 
     </span>
    </p>
   </div>
   <div class='ocr_carea' id='block_1_61' title="bbox 2134 1792 3648 1870">
    <p class='ocr_par' dir='ltr' id='par_1_61' title="bbox 2134 1792 3648 1870">
     <span class='ocr_line' id='line_1_61' title="bbox 2134 1792 3648 1870; baseline -0.004 -13"><span class='ocrx_word' id='word_1_363' title='bbox 2134 1804 2243 1857; x_wconf 71' lang='grc' dir='ltr'>Κάὶ</span> <span class='ocrx_word' id='word_1_364' title='bbox 2270 1803 2328 1856; x_wconf 74' lang='grc' dir='ltr'>τὸ</span> <span class='ocrx_word' id='word_1_365' title='bbox 2366 1804 2420 1855; x_wconf 78' lang='grc' dir='ltr'>δὲ</span> <span class='ocrx_word' id='word_1_366' title='bbox 2450 1806 2819 1865; x_wconf 78' lang='grc' dir='ltr'>πεκουλατους</span> <span class='ocrx_word' id='word_1_367' title='bbox 2852 1801 2909 1854; x_wconf 83' lang='grc' dir='ltr'>δὲ</span> <span class='ocrx_word' id='word_1_368' title='bbox 2944 1800 3199 1870; x_wconf 75' lang='grc' dir='ltr'>ἔγκλημα</span> <span class='ocrx_word' id='word_1_369' title='bbox 3230 1799 3392 1851; x_wconf 84' lang='grc' dir='ltr'>πέντε</span> <span class='ocrx_word' id='word_1_370' title='bbox 3414 1792 3648 1868; x_wconf 79' lang='grc' dir='ltr'>χρόνοις,</span> 
     </span>
    </p>
   </div>
   <div class='ocr_carea' id='block_1_62' title="bbox 2060 1895 3438 1971">
    <p class='ocr_par' dir='ltr' id='par_1_62' title="bbox 2060 1895 3438 1971">
     <span class='ocr_line' id='line_1_62' title="bbox 2060 1895 3438 1971; baseline -0.005 -16"><span class='ocrx_word' id='word_1_371' title='bbox 2060 1902 2097 1955; x_wconf 80' lang='grc' dir='ltr'><strong>Β</strong></span> <span class='ocrx_word' id='word_1_372' title='bbox 2141 1900 2413 1970; x_wconf 76' lang='grc' dir='ltr'>Ὀρίζεται</span> <span class='ocrx_word' id='word_1_373' title='bbox 2442 1901 2574 1971; x_wconf 69' lang='grc' dir='ltr'>πρδς</span> <span class='ocrx_word' id='word_1_374' title='bbox 2607 1900 2854 1967; x_wconf 82' lang='grc' dir='ltr'>ἀγωγὴν,</span> <span class='ocrx_word' id='word_1_375' title='bbox 2895 1897 3081 1949; x_wconf 80' lang='grc' dir='ltr'>οὐκέτι</span> <span class='ocrx_word' id='word_1_376' title='bbox 3104 1895 3438 1966; x_wconf 85' lang='grc' dir='ltr'>περαιτέρω.</span> 
     </span>
    </p>
   </div>
   <div class='ocr_carea' id='block_1_63' title="bbox 2145 1989 3423 2063">
    <p class='ocr_par' dir='ltr' id='par_1_63' title="bbox 2145 1989 3423 2063">
     <span class='ocr_line' id='line_1_63' title="bbox 2145 1989 3423 2063; baseline -0.002 -18"><span class='ocrx_word' id='word_1_377' title='bbox 2145 1994 2205 2045; x_wconf 87' lang='grc' dir='ltr'>Ὀ</span> <span class='ocrx_word' id='word_1_378' title='bbox 2244 1992 2416 2062; x_wconf 77' lang='grc' dir='ltr'>ίμςρας</span> <span class='ocrx_word' id='word_1_379' title='bbox 2445 1994 2564 2063; x_wconf 77' lang='grc' dir='ltr'>ἢτοι</span> <span class='ocrx_word' id='word_1_380' title='bbox 2594 1995 2788 2063; x_wconf 82' lang='grc' dir='ltr'>νήπιος</span> <span class='ocrx_word' id='word_1_381' title='bbox 2818 1990 2956 2043; x_wconf 81' lang='grc' dir='ltr'>ὲτῶν</span> <span class='ocrx_word' id='word_1_382' title='bbox 2982 1990 3122 2042; x_wconf 81' lang='grc' dir='ltr'>έπτὰ</span> <span class='ocrx_word' id='word_1_383' title='bbox 3142 1989 3423 2057; x_wconf 85' lang='grc' dir='ltr'>τυγχάνει.</span> 
     </span>
    </p>
   </div>
   <div class='ocr_carea' id='block_1_64' title="bbox 2148 2080 3575 2156">
    <p class='ocr_par' dir='ltr' id='par_1_64' title="bbox 2148 2080 3575 2156">
     <span class='ocr_line' id='line_1_64' title="bbox 2148 2080 3575 2156; baseline -0.004 -18"><span class='ocrx_word' id='word_1_384' title='bbox 2148 2087 2321 2139; x_wconf 86' lang='grc' dir='ltr'>Ὀκτὼ</span> <span class='ocrx_word' id='word_1_385' title='bbox 2345 2087 2400 2140; x_wconf 83' lang='grc' dir='ltr'>δὲ</span> <span class='ocrx_word' id='word_1_386' title='bbox 2426 2088 2633 2156; x_wconf 79' lang='grc' dir='ltr'>χρόνων</span> <span class='ocrx_word' id='word_1_387' title='bbox 2665 2084 2869 2137; x_wconf 78' lang='grc' dir='ltr'>ἔσωθεν</span> <span class='ocrx_word' id='word_1_388' title='bbox 2889 2084 2990 2136; x_wconf 83' lang='grc' dir='ltr'>οὐκ</span> <span class='ocrx_word' id='word_1_389' title='bbox 3017 2083 3166 2135; x_wconf 80' lang='grc' dir='ltr'>ἐστιν</span> <span class='ocrx_word' id='word_1_390' title='bbox 3196 2080 3575 2150; x_wconf 76' lang='grc' dir='ltr'>ἀναγνώστης.</span> 
     </span>
    </p>
   </div>
   <div class='ocr_carea' id='block_1_65' title="bbox 2136 2174 3513 2248">
    <p class='ocr_par' dir='ltr' id='par_1_65' title="bbox 2136 2174 3513 2248">
     <span class='ocr_line' id='line_1_65' title="bbox 2136 2174 3513 2248; baseline -0.004 -14"><span class='ocrx_word' id='word_1_391' title='bbox 2136 2181 2258 2234; x_wconf 84' lang='grc' dir='ltr'>Τῶν</span> <span class='ocrx_word' id='word_1_392' title='bbox 2292 2182 2569 2248; x_wconf 69' lang='grc' dir='ltr'>ἀκινητων</span> <span class='ocrx_word' id='word_1_393' title='bbox 2600 2184 2866 2247; x_wconf 80' lang='grc' dir='ltr'>πέφυκεν,</span> <span class='ocrx_word' id='word_1_394' title='bbox 2921 2175 3079 2241; x_wconf 82' lang='grc' dir='ltr'>ἄναξ,</span> <span class='ocrx_word' id='word_1_395' title='bbox 3117 2178 3147 2246; x_wconf 79' lang='grc' dir='ltr'>ἡ</span> <span class='ocrx_word' id='word_1_396' title='bbox 3177 2174 3513 2245; x_wconf 85' lang='grc' dir='ltr'>προθεσμία,</span> 
     </span>
    </p>
   </div>
   <div class='ocr_carea' id='block_1_66' title="bbox 2137 2267 3515 2343">
    <p class='ocr_par' dir='ltr' id='par_1_66' title="bbox 2137 2267 3515 2343">
     <span class='ocr_line' id='line_1_66' title="bbox 2137 2267 3515 2343; baseline -0.005 -17"><span class='ocrx_word' id='word_1_397' title='bbox 2137 2275 2261 2335; x_wconf 84' lang='grc' dir='ltr'>Τοῖς</span> <span class='ocrx_word' id='word_1_398' title='bbox 2292 2273 2391 2342; x_wconf 81' lang='grc' dir='ltr'>μὲν</span> <span class='ocrx_word' id='word_1_399' title='bbox 2414 2271 2650 2343; x_wconf 82' lang='grc' dir='ltr'>παροῦσι</span> <span class='ocrx_word' id='word_1_400' title='bbox 2675 2270 2901 2333; x_wconf 83' lang='grc' dir='ltr'>δέκατος</span> <span class='ocrx_word' id='word_1_401' title='bbox 2930 2267 3175 2330; x_wconf 69' lang='grc' dir='ltr'>ενιαυτδς</span> <span class='ocrx_word' id='word_1_402' title='bbox 3206 2268 3301 2321; x_wconf 79' lang='grc' dir='ltr'>καὶ</span> <span class='ocrx_word' id='word_1_403' title='bbox 3329 2267 3515 2337; x_wconf 86' lang='grc' dir='ltr'>μόνος,</span> 
     </span>
    </p>
   </div>
   <div class='ocr_carea' id='block_1_67' title="bbox 2138 2357 3489 2427">
    <p class='ocr_par' dir='ltr' id='par_1_67' title="bbox 2138 2357 3489 2427">
     <span class='ocr_line' id='line_1_67' title="bbox 2138 2357 3489 2427; baseline -0.006 -9"><span class='ocrx_word' id='word_1_404' title='bbox 2138 2366 2262 2427; x_wconf 89' lang='grc' dir='ltr'>Τοῖς</span> <span class='ocrx_word' id='word_1_405' title='bbox 2286 2364 2347 2417; x_wconf 81' lang='grc' dir='ltr'>δὲ</span> <span class='ocrx_word' id='word_1_406' title='bbox 2374 2363 2604 2418; x_wconf 79' lang='grc' dir='ltr'>ἀποῦσιν</span> <span class='ocrx_word' id='word_1_407' title='bbox 2627 2361 2894 2427; x_wconf 81' lang='grc' dir='ltr'>εἰκοστὸς,</span> <span class='ocrx_word' id='word_1_408' title='bbox 2934 2358 3123 2412; x_wconf 85' lang='grc' dir='ltr'>οὐκέτι</span> <span class='ocrx_word' id='word_1_409' title='bbox 3154 2357 3489 2427; x_wconf 83' lang='grc' dir='ltr'>περαιτέρω.</span> 
     </span>
    </p>
   </div>
   <div class='ocr_carea' id='block_1_68' title="bbox 2138 2451 3457 2527">
    <p class='ocr_par' dir='ltr' id='par_1_68' title="bbox 2138 2451 3457 2527">
     <span class='ocr_line' id='line_1_68' title="bbox 2138 2451 3457 2527; baseline -0.004 -18"><span class='ocrx_word' id='word_1_410' title='bbox 2138 2458 2218 2509; x_wconf 83' lang='grc' dir='ltr'>Τὰ</span> <span class='ocrx_word' id='word_1_411' title='bbox 2252 2457 2343 2527; x_wconf 79' lang='grc' dir='ltr'>ἕτη</span> <span class='ocrx_word' id='word_1_412' title='bbox 2385 2457 2485 2523; x_wconf 75' lang='grc' dir='ltr'>τῆς</span> <span class='ocrx_word' id='word_1_413' title='bbox 2512 2456 2637 2523; x_wconf 74' lang='grc' dir='ltr'>περὶ</span> <span class='ocrx_word' id='word_1_414' title='bbox 2672 2452 2902 2523; x_wconf 77' lang='grc' dir='ltr'>προικὸς</span> <span class='ocrx_word' id='word_1_415' title='bbox 2932 2451 3276 2522; x_wconf 78' lang='grc' dir='ltr'>ἁναργυρίας</span> <span class='ocrx_word' id='word_1_416' title='bbox 3300 2451 3457 2517; x_wconf 86' lang='grc' dir='ltr'>δέκα,</span> 
     </span>
    </p>
   </div>
   <div class='ocr_carea' id='block_1_69' title="bbox 2150 2543 3570 2617">
    <p class='ocr_par' dir='ltr' id='par_1_69' title="bbox 2150 2543 3570 2617">
     <span class='ocr_line' id='line_1_69' title="bbox 2150 2543 3570 2617; baseline -0.006 -16"><span class='ocrx_word' id='word_1_417' title='bbox 2150 2548 2213 2602; x_wconf 85' lang='grc' dir='ltr'><strong>Ἦ</strong></span> <span class='ocrx_word' id='word_1_418' title='bbox 2244 2550 2347 2617; x_wconf 71' lang='grc' dir='ltr'>πρὸ</span> <span class='ocrx_word' id='word_1_419' title='bbox 2386 2548 2494 2600; x_wconf 75' lang='grc' dir='ltr'>τῶν</span> <span class='ocrx_word' id='word_1_420' title='bbox 2525 2547 2735 2599; x_wconf 80' lang='grc' dir='ltr'>δώδεκα</span> <span class='ocrx_word' id='word_1_421' title='bbox 2779 2545 2917 2597; x_wconf 83' lang='grc' dir='ltr'>ὲτὼν</span> <span class='ocrx_word' id='word_1_422' title='bbox 2948 2544 3207 2615; x_wconf 83' lang='grc' dir='ltr'>ἁθέσμως</span> <span class='ocrx_word' id='word_1_423' title='bbox 3238 2543 3570 2614; x_wconf 85' lang='grc' dir='ltr'>γαμουμένη</span> 
     </span>
    </p>
   </div>
   <div class='ocr_carea' id='block_1_70' title="bbox 2139 2634 3731 2711">
    <p class='ocr_par' dir='ltr' id='par_1_70' title="bbox 2139 2634 3731 2711">
     <span class='ocr_line' id='line_1_70' title="bbox 2139 2634 3731 2711; baseline -0.003 -15"><span class='ocrx_word' id='word_1_424' title='bbox 2139 2643 2253 2696; x_wconf 83' lang='grc' dir='ltr'>Οὐκ</span> <span class='ocrx_word' id='word_1_425' title='bbox 2290 2645 2355 2696; x_wconf 78' lang='grc' dir='ltr'>ἂν</span> <span class='ocrx_word' id='word_1_426' title='bbox 2378 2644 2557 2711; x_wconf 82' lang='grc' dir='ltr'>γάμον</span> <span class='ocrx_word' id='word_1_427' title='bbox 2599 2642 2903 2711; x_wconf 85' lang='grc' dir='ltr'>ποιήσειεν.</span> <span class='ocrx_word' id='word_1_428' title='bbox 2942 2639 3078 2692; x_wconf 82' lang='grc' dir='ltr'>εἰδὲ</span> <span class='ocrx_word' id='word_1_429' title='bbox 3122 2640 3379 2711; x_wconf 81' lang='grc' dir='ltr'>προῦπῆν</span> <span class='ocrx_word' id='word_1_430' title='bbox 3439 2634 3731 2708; x_wconf 86' lang='grc' dir='ltr'>μνηστεία,</span> 
     </span>
    </p>
   </div>
   <div class='ocr_carea' id='block_1_71' title="bbox 2140 2732 3551 2806">
    <p class='ocr_par' dir='ltr' id='par_1_71' title="bbox 2140 2732 3551 2806">
     <span class='ocr_line' id='line_1_71' title="bbox 2140 2732 3551 2806; baseline -0.003 -17"><span class='ocrx_word' id='word_1_431' title='bbox 2140 2735 2288 2806; x_wconf 77' lang='grc' dir='ltr'>Αὕτη</span> <span class='ocrx_word' id='word_1_432' title='bbox 2322 2737 2414 2788; x_wconf 70' lang='grc' dir='ltr'>καὶ</span> <span class='ocrx_word' id='word_1_433' title='bbox 2454 2735 2619 2788; x_wconf 70' lang='grc' dir='ltr'>πάλιν</span> <span class='ocrx_word' id='word_1_434' title='bbox 2646 2737 2862 2802; x_wconf 81' lang='grc' dir='ltr'>πέφυκε</span> <span class='ocrx_word' id='word_1_435' title='bbox 2896 2733 2973 2803; x_wconf 79' lang='grc' dir='ltr'>τῷ</span> <span class='ocrx_word' id='word_1_436' title='bbox 3015 2734 3166 2803; x_wconf 87' lang='grc' dir='ltr'>νόμῳ</span> <span class='ocrx_word' id='word_1_437' title='bbox 3198 2732 3511 2803; x_wconf 81' lang='grc' dir='ltr'>παραμένει</span> <span class='ocrx_word' id='word_1_438' title='bbox 3538 2750 3551 2763; x_wconf 91' lang='grc'><strong>·</strong></span> 
     </span>
    </p>
   </div>
   <div class='ocr_carea' id='block_1_72' title="bbox 2142 2826 3623 2898">
    <p class='ocr_par' dir='ltr' id='par_1_72' title="bbox 2142 2826 3623 2898">
     <span class='ocr_line' id='line_1_72' title="bbox 2142 2826 3623 2898; baseline -0.001 -17"><span class='ocrx_word' id='word_1_439' title='bbox 2142 2829 2205 2881; x_wconf 85' lang='grc' dir='ltr'><strong>Εἰ</strong></span> <span class='ocrx_word' id='word_1_440' title='bbox 2234 2831 2306 2898; x_wconf 89' lang='grc' dir='ltr'>μή</span> <span class='ocrx_word' id='word_1_441' title='bbox 2330 2847 2414 2891; x_wconf 88' lang='grc' dir='ltr'>τις</span> <span class='ocrx_word' id='word_1_442' title='bbox 2437 2828 2625 2881; x_wconf 80' lang='grc' dir='ltr'>λύσειν</span> <span class='ocrx_word' id='word_1_443' title='bbox 2668 2827 2915 2898; x_wconf 83' lang='grc' dir='ltr'>βούλοιτο</span> <span class='ocrx_word' id='word_1_444' title='bbox 2946 2826 3152 2897; x_wconf 89' lang='grc' dir='ltr'>ταύτην</span> <span class='ocrx_word' id='word_1_445' title='bbox 3198 2826 3272 2889; x_wconf 76' lang='grc' dir='ltr'>ὡς</span> <span class='ocrx_word' id='word_1_446' title='bbox 3303 2826 3411 2879; x_wconf 83' lang='grc' dir='ltr'>ἀπὸ</span> <span class='ocrx_word' id='word_1_447' title='bbox 3434 2827 3623 2896; x_wconf 85' lang='grc' dir='ltr'>νόμου.</span> 
     </span>
    </p>
   </div>
   <div class='ocr_carea' id='block_1_73' title="bbox 2141 2919 3590 2993">
    <p class='ocr_par' dir='ltr' id='par_1_73' title="bbox 2141 2919 3590 2993">
     <span class='ocr_line' id='line_1_73' title="bbox 2141 2919 3590 2993; baseline -0.003 -18"><span class='ocrx_word' id='word_1_448' title='bbox 2141 2923 2273 2985; x_wconf 84' lang='grc' dir='ltr'>Ταῖς</span> <span class='ocrx_word' id='word_1_449' title='bbox 2312 2922 2408 2993; x_wconf 82' lang='grc' dir='ltr'>μὲν</span> <span class='ocrx_word' id='word_1_450' title='bbox 2441 2921 2681 2993; x_wconf 75' lang='grc' dir='ltr'>θηλείαις</span> <span class='ocrx_word' id='word_1_451' title='bbox 2708 2921 2919 2975; x_wconf 85' lang='grc' dir='ltr'>δώδεκα</span> <span class='ocrx_word' id='word_1_452' title='bbox 2958 2921 3039 2983; x_wconf 79' lang='grc' dir='ltr'>εἰς</span> <span class='ocrx_word' id='word_1_453' title='bbox 3066 2919 3305 2989; x_wconf 79' lang='grc' dir='ltr'>ὲφηὸίαν</span> <span class='ocrx_word' id='word_1_454' title='bbox 3336 2919 3590 2989; x_wconf 86' lang='grc' dir='ltr'>χρόνους,</span> 
     </span>
    </p>
   </div>
   <div class='ocr_carea' id='block_1_74' title="bbox 2141 3012 3503 3083">
    <p class='ocr_par' dir='ltr' id='par_1_74' title="bbox 2141 3012 3503 3083">
     <span class='ocr_line' id='line_1_74' title="bbox 2141 3012 3503 3083; baseline -0.003 -16"><span class='ocrx_word' id='word_1_455' title='bbox 2141 3016 2205 3068; x_wconf 87' lang='grc' dir='ltr'><strong>Οἱ</strong></span> <span class='ocrx_word' id='word_1_456' title='bbox 2229 3014 2285 3066; x_wconf 81' lang='grc' dir='ltr'>δὲ</span> <span class='ocrx_word' id='word_1_457' title='bbox 2311 3014 2577 3082; x_wconf 86' lang='grc' dir='ltr'>τέσσαρες</span> <span class='ocrx_word' id='word_1_458' title='bbox 2604 3014 2698 3065; x_wconf 71' lang='grc' dir='ltr'>καὶ</span> <span class='ocrx_word' id='word_1_459' title='bbox 2719 3012 2853 3066; x_wconf 79' lang='grc' dir='ltr'>δέκα</span> <span class='ocrx_word' id='word_1_460' title='bbox 2873 3015 2984 3076; x_wconf 85' lang='grc' dir='ltr'>τοῖς</span> <span class='ocrx_word' id='word_1_461' title='bbox 3010 3012 3206 3083; x_wconf 72' lang='grc' dir='ltr'>ἄρρεσι</span> <span class='ocrx_word' id='word_1_462' title='bbox 3239 3013 3503 3081; x_wconf 77' lang='grc' dir='ltr'>κριττέοι,</span> 
     </span>
    </p>
   </div>
   <div class='ocr_carea' id='block_1_75' title="bbox 2140 3104 3425 3175">
    <p class='ocr_par' dir='ltr' id='par_1_75' title="bbox 2140 3104 3425 3175">
     <span class='ocr_line' id='line_1_75' title="bbox 2140 3104 3425 3175; baseline -0.002 -17"><span class='ocrx_word' id='word_1_463' title='bbox 2140 3107 2472 3174; x_wconf 85' lang='grc' dir='ltr'>Συνηγορεῖν</span> <span class='ocrx_word' id='word_1_464' title='bbox 2500 3104 2557 3156; x_wconf 75' lang='grc' dir='ltr'>δὲ</span> <span class='ocrx_word' id='word_1_465' title='bbox 2589 3105 2811 3157; x_wconf 83' lang='grc' dir='ltr'>δύναται</span> <span class='ocrx_word' id='word_1_466' title='bbox 2837 3107 2863 3156; x_wconf 76' lang='grc' dir='ltr'>ό</span> <span class='ocrx_word' id='word_1_467' title='bbox 2893 3104 3425 3175; x_wconf 82' lang='grc' dir='ltr'>ὀκτωκαιδεκαέτης,</span> 
     </span>
    </p>
   </div>
   <div class='ocr_carea' id='block_1_76' title="bbox 2152 3192 3382 3266">
    <p class='ocr_par' dir='ltr' id='par_1_76' title="bbox 2152 3192 3382 3266">
     <span class='ocr_line' id='line_1_76' title="bbox 2152 3192 3382 3266; baseline -0.002 -14"><span class='ocrx_word' id='word_1_468' title='bbox 2152 3198 2212 3252; x_wconf 82' lang='grc' dir='ltr'>Ὀ</span> <span class='ocrx_word' id='word_1_469' title='bbox 2238 3197 2294 3250; x_wconf 79' lang='grc' dir='ltr'>δὲ</span> <span class='ocrx_word' id='word_1_470' title='bbox 2325 3198 2581 3250; x_wconf 81' lang='grc' dir='ltr'>υίοθετῶν</span> <span class='ocrx_word' id='word_1_471' title='bbox 2609 3214 2727 3249; x_wconf 89' lang='grc' dir='ltr'>τινα</span> <span class='ocrx_word' id='word_1_472' title='bbox 2761 3196 2962 3266; x_wconf 71' lang='grc' dir='ltr'>μείζων</span> <span class='ocrx_word' id='word_1_473' title='bbox 2986 3197 3191 3265; x_wconf 65' lang='grc' dir='ltr'>ὀφείλει</span> <span class='ocrx_word' id='word_1_474' title='bbox 3218 3192 3382 3260; x_wconf 77' lang='grc' dir='ltr'>εἶναι,</span> 
     </span>
    </p>
   </div>
   <div class='ocr_carea' id='block_1_77' title="bbox 2141 3288 3450 3363">
    <p class='ocr_par' dir='ltr' id='par_1_77' title="bbox 2141 3288 3450 3363">
     <span class='ocr_line' id='line_1_77' title="bbox 2141 3288 3450 3363; baseline -0.004 -17"><span class='ocrx_word' id='word_1_475' title='bbox 2141 3293 2371 3363; x_wconf 81' lang='grc' dir='ltr'>Χρόνοις</span> <span class='ocrx_word' id='word_1_476' title='bbox 2402 3292 2459 3343; x_wconf 80' lang='grc' dir='ltr'>ἐν</span> <span class='ocrx_word' id='word_1_477' title='bbox 2485 3290 2857 3344; x_wconf 82' lang='grc' dir='ltr'>ὀκτωκαίδεκα</span> <span class='ocrx_word' id='word_1_478' title='bbox 2881 3290 2974 3342; x_wconf 87' lang='grc' dir='ltr'>τοῦ</span> <span class='ocrx_word' id='word_1_479' title='bbox 3002 3288 3414 3360; x_wconf 87' lang='grc' dir='ltr'>υίοθετουμένου</span> <span class='ocrx_word' id='word_1_480' title='bbox 3439 3306 3450 3319; x_wconf 74' lang='grc' dir='ltr'><strong>ο</strong></span> 
     </span>
    </p>
   </div>
   <div class='ocr_carea' id='block_1_78' title="bbox 2146 3381 3425 3452">
    <p class='ocr_par' dir='ltr' id='par_1_78' title="bbox 2146 3381 3425 3452">
     <span class='ocr_line' id='line_1_78' title="bbox 2146 3381 3425 3452; baseline -0.003 -16"><span class='ocrx_word' id='word_1_481' title='bbox 2146 3384 2347 3452; x_wconf 66' lang='grc' dir='ltr'>Θήὶεια</span> <span class='ocrx_word' id='word_1_482' title='bbox 2370 3382 2469 3451; x_wconf 83' lang='grc' dir='ltr'>μὲν</span> <span class='ocrx_word' id='word_1_483' title='bbox 2497 3382 2785 3452; x_wconf 79' lang='grc' dir='ltr'>αἰτήσεται</span> <span class='ocrx_word' id='word_1_484' title='bbox 2813 3382 3149 3450; x_wconf 83' lang='grc' dir='ltr'>συγγνώμην</span> <span class='ocrx_word' id='word_1_485' title='bbox 3183 3381 3425 3449; x_wconf 73' lang='grc' dir='ltr'>ἡλικίας,</span> 
     </span>
    </p>
   </div>
   <div class='ocr_carea' id='block_1_79' title="bbox 2162 3471 3535 3545">
    <p class='ocr_par' dir='ltr' id='par_1_79' title="bbox 2162 3471 3535 3545">
     <span class='ocr_line' id='line_1_79' title="bbox 2162 3471 3535 3545; baseline -0.003 -17"><span class='ocrx_word' id='word_1_486' title='bbox 2162 3476 2433 3545; x_wconf 81' lang='grc' dir='ltr'>Ἐννόμως</span> <span class='ocrx_word' id='word_1_487' title='bbox 2462 3473 2621 3525; x_wconf 84' lang='grc' dir='ltr'>τοῦτο</span> <span class='ocrx_word' id='word_1_488' title='bbox 2651 3474 2968 3542; x_wconf 72' lang='grc' dir='ltr'>πράττουσα</span> <span class='ocrx_word' id='word_1_489' title='bbox 2992 3471 3496 3542; x_wconf 84' lang='grc' dir='ltr'>ὀκτωκαιδεκαέτης</span> <span class='ocrx_word' id='word_1_490' title='bbox 3523 3491 3535 3503; x_wconf 67' lang='grc' dir='ltr'><strong>ο</strong></span> 
     </span>
    </p>
   </div>
   <div class='ocr_carea' id='block_1_80' title="bbox 2163 3562 3605 3636">
    <p class='ocr_par' dir='ltr' id='par_1_80' title="bbox 2163 3562 3605 3636">
     <span class='ocr_line' id='line_1_80' title="bbox 2163 3562 3605 3636; baseline -0.001 -16"><span class='ocrx_word' id='word_1_491' title='bbox 2163 3566 2327 3636; x_wconf 72' lang='grc' dir='ltr'>Ἀνὴρ</span> <span class='ocrx_word' id='word_1_492' title='bbox 2344 3565 2388 3619; x_wconf 87' lang='grc' dir='ltr'>δ’</span> <span class='ocrx_word' id='word_1_493' title='bbox 2412 3565 2735 3636; x_wconf 77' lang='grc' dir='ltr'>είκοσαέτης</span> <span class='ocrx_word' id='word_1_494' title='bbox 2769 3565 2911 3618; x_wconf 81' lang='grc' dir='ltr'>έστω</span> <span class='ocrx_word' id='word_1_495' title='bbox 2944 3565 3081 3634; x_wconf 86' lang='grc' dir='ltr'>πρὸς</span> <span class='ocrx_word' id='word_1_496' title='bbox 3109 3562 3209 3635; x_wconf 83' lang='grc' dir='ltr'>τὴν</span> <span class='ocrx_word' id='word_1_497' title='bbox 3250 3565 3605 3635; x_wconf 81' lang='grc' dir='ltr'>συγγνώμην.</span> 
     </span>
    </p>
   </div>
   <div class='ocr_carea' id='block_1_81' title="bbox 3349 3655 3632 3714">
    <p class='ocr_par' dir='ltr' id='par_1_81' title="bbox 3349 3655 3632 3714">
     <span class='ocr_line' id='line_1_81' title="bbox 3349 3655 3632 3714; baseline 0.018 -5"><span class='ocrx_word' id='word_1_498' title='bbox 3349 3655 3504 3714; x_wconf 87' lang='lat' dir='ltr'><strong>Vers.</strong></span> <span class='ocrx_word' id='word_1_499' title='bbox 3522 3658 3632 3714; x_wconf 73' lang='grc'>742</span> 
     </span>
    </p>
   </div>
   <div class='ocr_carea' id='block_1_82' title="bbox 2151 3757 3729 3828">
    <p class='ocr_par' dir='ltr' id='par_1_82' title="bbox 2151 3757 3729 3828">
     <span class='ocr_line' id='line_1_82' title="bbox 2151 3757 3729 3828; baseline 0 -13"><span class='ocrx_word' id='word_1_500' title='bbox 2151 3757 2372 3815; x_wconf 90' lang='lat' dir='ltr'><strong>biennio</strong></span> <span class='ocrx_word' id='word_1_501' title='bbox 2412 3757 2621 3811; x_wconf 74' lang='lat' dir='ltr'><strong>finitur.</strong></span> <span class='ocrx_word' id='word_1_502' title='bbox 2676 3757 2975 3825; x_wconf 78' lang='lat' dir='ltr'><strong>Excipicns</strong></span> <span class='ocrx_word' id='word_1_503' title='bbox 3018 3757 3085 3811; x_wconf 90' lang='lat' dir='ltr'>de</span> <span class='ocrx_word' id='word_1_504' title='bbox 3134 3771 3243 3812; x_wconf 91' lang='lat' dir='ltr'>non</span> <span class='ocrx_word' id='word_1_505' title='bbox 3289 3770 3578 3813; x_wconf 85' lang='lat' dir='ltr'><strong>numerata</strong></span> <span class='ocrx_word' id='word_1_506' title='bbox 3646 3775 3729 3828; x_wconf 83' lang='lat' dir='ltr'><strong>pe-</strong></span> 
     </span>
    </p>
   </div>
   <div class='ocr_carea' id='block_1_83' title="bbox 2152 3849 3736 3920">
    <p class='ocr_par' dir='ltr' id='par_1_83' title="bbox 2152 3849 3736 3920">
     <span class='ocr_line' id='line_1_83' title="bbox 2152 3849 3736 3920; baseline 0.002 -15"><span class='ocrx_word' id='word_1_507' title='bbox 2152 3852 2337 3914; x_wconf 88' lang='lat' dir='ltr'><strong>cunia,</strong></span> <span class='ocrx_word' id='word_1_508' title='bbox 2377 3851 2662 3905; x_wconf 83' lang='lat' dir='ltr'><strong>biennium</strong></span> <span class='ocrx_word' id='word_1_509' title='bbox 2700 3851 3028 3903; x_wconf 85' lang='lat' dir='ltr'><strong>continuum</strong></span> <span class='ocrx_word' id='word_1_510' title='bbox 3092 3849 3334 3914; x_wconf 86' lang='lat' dir='ltr'><strong>habebit,</strong></span> <span class='ocrx_word' id='word_1_511' title='bbox 3388 3862 3572 3920; x_wconf 85' lang='lat' dir='ltr'><strong>postea</strong></span> <span class='ocrx_word' id='word_1_512' title='bbox 3627 3868 3736 3909; x_wconf 84' lang='lat' dir='ltr'>neu</span> 
     </span>
    </p>
   </div>
   <div class='ocr_carea' id='block_1_84' title="bbox 2151 3942 3735 4012">
    <p class='ocr_par' dir='ltr' id='par_1_84' title="bbox 2151 3942 3735 4012">
     <span class='ocr_line' id='line_1_84' title="bbox 2151 3942 3735 4012; baseline 0.001 -14"><span class='ocrx_word' id='word_1_513' title='bbox 2151 3943 2407 4009; x_wconf 79' lang='lat' dir='ltr'><strong>excipiet.</strong></span> <span class='ocrx_word' id='word_1_514' title='bbox 2444 3942 2827 4012; x_wconf 79' lang='lat' dir='ltr'><strong>Empltytcuta,</strong></span> <span class='ocrx_word' id='word_1_515' title='bbox 2857 3954 2909 3997; x_wconf 92' lang='lat' dir='ltr'><strong>et</strong></span> <span class='ocrx_word' id='word_1_516' title='bbox 2929 3942 3235 3997; x_wconf 90' lang='lat' dir='ltr'><strong>conductor</strong></span> <span class='ocrx_word' id='word_1_517' title='bbox 3257 3945 3588 4000; x_wconf 82' lang='lat' dir='ltr'><strong>venerabilis</strong></span> <span class='ocrx_word' id='word_1_518' title='bbox 3607 3946 3735 4011; x_wconf 91' lang='lat' dir='ltr'><strong>loci,</strong></span> 
     </span>
    </p>
   </div>
   <div class='ocr_carea' id='block_1_85' title="bbox 2153 4034 3737 4105">
    <p class='ocr_par' dir='ltr' id='par_1_85' title="bbox 2153 4034 3737 4105">
     <span class='ocr_line' id='line_1_85' title="bbox 2153 4034 3737 4105; baseline 0.001 -17"><span class='ocrx_word' id='word_1_519' title='bbox 2153 4036 2480 4090; x_wconf 86' lang='lat' dir='ltr'><strong>deteriorem</strong></span> <span class='ocrx_word' id='word_1_520' title='bbox 2522 4035 2730 4089; x_wconf 78' lang='lat' dir='ltr'><strong>faciens</strong></span> <span class='ocrx_word' id='word_1_521' title='bbox 2780 4048 2895 4089; x_wconf 91' lang='lat' dir='ltr'>rem</span> <span class='ocrx_word' id='word_1_522' title='bbox 2932 4034 3285 4100; x_wconf 90' lang='lat' dir='ltr'><strong>conductam,</strong></span> <span class='ocrx_word' id='word_1_523' title='bbox 3319 4036 3400 4088; x_wconf 72' lang='lat' dir='ltr'>vel</span> <span class='ocrx_word' id='word_1_524' title='bbox 3437 4050 3737 4105; x_wconf 77' lang='lat' dir='ltr'><strong>nonagno-</strong></span> 
     </span>
    </p>
   </div>
   <div class='ocr_carea' id='block_1_86' title="bbox 2156 4125 3734 4197">
    <p class='ocr_par' dir='ltr' id='par_1_86' title="bbox 2156 4125 3734 4197">
     <span class='ocr_line' id='line_1_86' title="bbox 2156 4125 3734 4197; baseline 0.001 -15"><span class='ocrx_word' id='word_1_525' title='bbox 2156 4143 2315 4182; x_wconf 82' lang='lat' dir='ltr'><strong>scens</strong></span> <span class='ocrx_word' id='word_1_526' title='bbox 2343 4126 2587 4179; x_wconf 88' lang='lat' dir='ltr'><strong>debitum</strong></span> <span class='ocrx_word' id='word_1_527' title='bbox 2646 4127 2863 4181; x_wconf 89' lang='lat' dir='ltr'><strong>duobus</strong></span> <span class='ocrx_word' id='word_1_528' title='bbox 2886 4125 3045 4181; x_wconf 91' lang='lat' dir='ltr'><strong>anuis</strong></span> <span class='ocrx_word' id='word_1_529' title='bbox 3098 4126 3351 4197; x_wconf 81' lang='lat' dir='ltr'><strong>integris,</strong></span> <span class='ocrx_word' id='word_1_530' title='bbox 3373 4143 3431 4182; x_wconf 91' lang='lat' dir='ltr'>re</span> <span class='ocrx_word' id='word_1_531' title='bbox 3467 4128 3734 4196; x_wconf 83' lang='lat' dir='ltr'><strong>privatur.</strong></span> 
     </span>
    </p>
   </div>
   <div class='ocr_carea' id='block_1_87' title="bbox 2158 4219 3737 4290">
    <p class='ocr_par' dir='ltr' id='par_1_87' title="bbox 2158 4219 3737 4290">
     <span class='ocr_line' id='line_1_87' title="bbox 2158 4219 3737 4290; baseline -0.002 -17"><span class='ocrx_word' id='word_1_532' title='bbox 2158 4222 2216 4273; x_wconf 83' lang='lat' dir='ltr'><strong>Si</strong></span> <span class='ocrx_word' id='word_1_533' title='bbox 2246 4221 2466 4275; x_wconf 81' lang='lat' dir='ltr'><strong>biennio</strong></span> <span class='ocrx_word' id='word_1_534' title='bbox 2511 4219 2922 4274; x_wconf 79' lang='lat' dir='ltr'><strong>matrimonium</strong></span> <span class='ocrx_word' id='word_1_535' title='bbox 2958 4220 3292 4284; x_wconf 86' lang='lat' dir='ltr'><strong>constiterit,</strong></span> <span class='ocrx_word' id='word_1_536' title='bbox 3324 4230 3375 4275; x_wconf 89' lang='lat' dir='ltr'>et</span> <span class='ocrx_word' id='word_1_537' title='bbox 3409 4230 3601 4290; x_wconf 84' lang='lat' dir='ltr'><strong>postea</strong></span> <span class='ocrx_word' id='word_1_538' title='bbox 3648 4239 3737 4275; x_wconf 60' lang='lat' dir='ltr'>Str-</span> 
     </span>
    </p>
   </div>
   <div class='ocr_carea' id='block_1_88' title="bbox 2159 4313 3737 4384">
    <p class='ocr_par' dir='ltr' id='par_1_88' title="bbox 2159 4313 3737 4384">
     <span class='ocr_line' id='line_1_88' title="bbox 2159 4313 3737 4384; baseline 0.001 -17"><span class='ocrx_word' id='word_1_539' title='bbox 2159 4314 2363 4368; x_wconf 86' lang='lat' dir='ltr'><strong>lutione</strong></span> <span class='ocrx_word' id='word_1_540' title='bbox 2397 4314 2635 4383; x_wconf 71' lang='lat' dir='ltr'><strong>legitima</strong></span> <span class='ocrx_word' id='word_1_541' title='bbox 2674 4313 2915 4367; x_wconf 88' lang='lat' dir='ltr'><strong>solutum</strong></span> <span class='ocrx_word' id='word_1_542' title='bbox 2968 4314 3058 4373; x_wconf 86' lang='lat' dir='ltr'><strong>sit,</strong></span> <span class='ocrx_word' id='word_1_543' title='bbox 3108 4316 3226 4368; x_wconf 82' lang='lat' dir='ltr'><strong>viro</strong></span> <span class='ocrx_word' id='word_1_544' title='bbox 3285 4315 3557 4384; x_wconf 86' lang='lat' dir='ltr'><strong>repetenti</strong></span> <span class='ocrx_word' id='word_1_545' title='bbox 3595 4317 3737 4370; x_wconf 84' lang='lat' dir='ltr'><strong>seri-</strong></span> 
     </span>
    </p>
   </div>
   <div class='ocr_carea' id='block_1_89' title="bbox 2158 4405 3739 4476">
    <p class='ocr_par' dir='ltr' id='par_1_89' title="bbox 2158 4405 3739 4476">
     <span class='ocr_line' id='line_1_89' title="bbox 2158 4405 3739 4476; baseline 0.004 -19"><span class='ocrx_word' id='word_1_546' title='bbox 2158 4416 2305 4476; x_wconf 90' lang='lat' dir='ltr'><strong>ptam</strong></span> <span class='ocrx_word' id='word_1_547' title='bbox 2357 4405 2538 4458; x_wconf 88' lang='lat' dir='ltr'><strong>dotem</strong></span> <span class='ocrx_word' id='word_1_548' title='bbox 2575 4407 2839 4475; x_wconf 86' lang='lat' dir='ltr'><strong>competit</strong></span> <span class='ocrx_word' id='word_1_549' title='bbox 2889 4406 3138 4476; x_wconf 62' lang='lat' dir='ltr'><strong>exceptio</strong></span> <span class='ocrx_word' id='word_1_550' title='bbox 3192 4406 3259 4460; x_wconf 87' lang='lat' dir='ltr'>de</span> <span class='ocrx_word' id='word_1_551' title='bbox 3306 4421 3416 4461; x_wconf 93' lang='lat' dir='ltr'>non</span> <span class='ocrx_word' id='word_1_552' title='bbox 3453 4417 3739 4463; x_wconf 84' lang='lat' dir='ltr'><strong>numerata</strong></span> 
     </span>
    </p>
   </div>
   <div class='ocr_carea' id='block_1_90' title="bbox 2157 4498 3735 4570">
    <p class='ocr_par' dir='ltr' id='par_1_90' title="bbox 2157 4498 3735 4570">
     <span class='ocr_line' id='line_1_90' title="bbox 2157 4498 3735 4570; baseline 0 -17"><span class='ocrx_word' id='word_1_553' title='bbox 2157 4498 2430 4570; x_wconf 83' lang='lat' dir='ltr'><strong>pecunia:</strong></span> <span class='ocrx_word' id='word_1_554' title='bbox 2465 4498 2509 4552; x_wconf 88' lang='lat' dir='ltr'>si</span> <span class='ocrx_word' id='word_1_555' title='bbox 2550 4514 2676 4553; x_wconf 77' lang='lat' dir='ltr'><strong>vero</strong></span> <span class='ocrx_word' id='word_1_556' title='bbox 2710 4500 2776 4551; x_wconf 87' lang='lat' dir='ltr'>ad</span> <span class='ocrx_word' id='word_1_557' title='bbox 2802 4498 2991 4553; x_wconf 84' lang='lat' dir='ltr'><strong>decem</strong></span> <span class='ocrx_word' id='word_1_558' title='bbox 3052 4512 3229 4553; x_wconf 87' lang='lat' dir='ltr'><strong>annos</strong></span> <span class='ocrx_word' id='word_1_559' title='bbox 3264 4507 3581 4567; x_wconf 87' lang='lat' dir='ltr'><strong>porrectum</strong></span> <span class='ocrx_word' id='word_1_560' title='bbox 3642 4500 3735 4565; x_wconf 89' lang='lat' dir='ltr'><strong>sit,</strong></span> 
     </span>
    </p>
   </div>
   <div class='ocr_carea' id='block_1_91' title="bbox 462 4589 3735 4672">
    <p class='ocr_par' dir='ltr' id='par_1_91' title="bbox 462 4589 3735 4672">
     <span class='ocr_line' id='line_1_91' title="bbox 462 4589 3735 4672; baseline 0.001 -29"><span class='ocrx_word' id='word_1_561' title='bbox 462 4606 681 4644; x_wconf 70' lang='lat' dir='ltr'><strong>menses</strong></span> <span class='ocrx_word' id='word_1_562' title='bbox 723 4591 886 4643; x_wconf 88' lang='lat' dir='ltr'><strong>utiles</strong></span> <span class='ocrx_word' id='word_1_563' title='bbox 941 4601 1213 4644; x_wconf 82' lang='lat' dir='ltr'><strong>movetur.</strong></span> <span class='ocrx_word' id='word_1_564' title='bbox 1279 4591 1440 4645; x_wconf 80' lang='lat' dir='ltr'><strong>Actio</strong></span> <span class='ocrx_word' id='word_1_565' title='bbox 1500 4608 1618 4661; x_wconf 70' lang='lat' dir='ltr'><strong>quac</strong></span> <span class='ocrx_word' id='word_1_566' title='bbox 1665 4594 1898 4662; x_wconf 87' lang='lat' dir='ltr'><strong>pretium</strong></span> <span class='ocrx_word' id='word_1_567' title='bbox 1966 4597 2046 4650; x_wconf 88' lang='lat' dir='ltr'>rei</span> <span class='ocrx_word' id='word_1_568' title='bbox 2075 4611 2127 4672; x_wconf 81' lang='lat' dir='ltr'><strong>D</strong></span> <span class='ocrx_word' id='word_1_569' title='bbox 2157 4596 2271 4644; x_wconf 88' lang='lat' dir='ltr'><strong>tres</strong></span> <span class='ocrx_word' id='word_1_570' title='bbox 2306 4605 2526 4644; x_wconf 89' lang='lat' dir='ltr'><strong>menses</strong></span> <span class='ocrx_word' id='word_1_571' title='bbox 2558 4590 2734 4644; x_wconf 90' lang='lat' dir='ltr'><strong>solum</strong></span> <span class='ocrx_word' id='word_1_572' title='bbox 2772 4590 2849 4643; x_wconf 90' lang='lat' dir='ltr'><strong>illi</strong></span> <span class='ocrx_word' id='word_1_573' title='bbox 2887 4589 3091 4643; x_wconf 87' lang='lat' dir='ltr'><strong>dantur</strong></span> <span class='ocrx_word' id='word_1_574' title='bbox 3116 4591 3185 4644; x_wconf 91' lang='lat' dir='ltr'>ad</span> <span class='ocrx_word' id='word_1_575' title='bbox 3220 4589 3735 4648; x_wconf 80' lang='lat' dir='ltr'><strong>movendamlitem;</strong></span> 
     </span>
    </p>
   </div>
   <div class='ocr_carea' id='block_1_92' title="bbox 464 4681 2049 4752">
    <p class='ocr_par' dir='ltr' id='par_1_92' title="bbox 464 4681 2049 4752">
     <span class='ocr_line' id='line_1_92' title="bbox 464 4681 2049 4752; baseline 0.005 -20"><span class='ocrx_word' id='word_1_576' title='bbox 464 4681 694 4734; x_wconf 73' lang='lat' dir='ltr'><strong>vendita:</strong></span> <span class='ocrx_word' id='word_1_577' title='bbox 723 4682 943 4744; x_wconf 86' lang='lat' dir='ltr'><strong>minuit,</strong></span> <span class='ocrx_word' id='word_1_578' title='bbox 985 4681 1036 4735; x_wconf 87' lang='lat' dir='ltr'>id</span> <span class='ocrx_word' id='word_1_579' title='bbox 1061 4693 1145 4736; x_wconf 90' lang='lat' dir='ltr'>est</span> <span class='ocrx_word' id='word_1_580' title='bbox 1178 4692 1389 4752; x_wconf 84' lang='lat' dir='ltr'><strong>quanto</strong></span> <span class='ocrx_word' id='word_1_581' title='bbox 1429 4684 1678 4749; x_wconf 89' lang='lat' dir='ltr'><strong>minoris,</strong></span> <span class='ocrx_word' id='word_1_582' title='bbox 1717 4698 1811 4738; x_wconf 76' lang='lat' dir='ltr'><strong>sex</strong></span> <span class='ocrx_word' id='word_1_583' title='bbox 1863 4685 2049 4741; x_wconf 81' lang='lat' dir='ltr'><strong>fatali-</strong></span> 
     </span>
    </p>
   </div>
   <div class='ocr_carea' id='block_1_93' title="bbox 464 4772 2051 4832">
    <p class='ocr_par' dir='ltr' id='par_1_93' title="bbox 464 4772 2051 4832">
     <span class='ocr_line' id='line_1_93' title="bbox 464 4772 2051 4832; baseline 0.004 -6"><span class='ocrx_word' id='word_1_584' title='bbox 464 4772 567 4826; x_wconf 88' lang='lat' dir='ltr'>bus</span> <span class='ocrx_word' id='word_1_585' title='bbox 630 4773 917 4827; x_wconf 89' lang='lat' dir='ltr'><strong>mensibus</strong></span> <span class='ocrx_word' id='word_1_586' title='bbox 950 4774 1174 4831; x_wconf 79' lang='lat' dir='ltr'><strong>tinitur:</strong></span> <span class='ocrx_word' id='word_1_587' title='bbox 1215 4775 1259 4829; x_wconf 85' lang='lat' dir='ltr'>si</span> <span class='ocrx_word' id='word_1_588' title='bbox 1294 4790 1422 4829; x_wconf 86' lang='lat' dir='ltr'><strong>vero</strong></span> <span class='ocrx_word' id='word_1_589' title='bbox 1454 4776 1704 4830; x_wconf 81' lang='lat' dir='ltr'><strong>venditor</strong></span> <span class='ocrx_word' id='word_1_590' title='bbox 1732 4776 1800 4831; x_wconf 90' lang='lat' dir='ltr'>de</span> <span class='ocrx_word' id='word_1_591' title='bbox 1829 4791 1889 4831; x_wconf 88' lang='lat' dir='ltr'>re</span> <span class='ocrx_word' id='word_1_592' title='bbox 1919 4793 2051 4832; x_wconf 84' lang='lat' dir='ltr'><strong>ven-</strong></span> 
     </span>
    </p>
   </div>
   <div class='ocr_carea' id='block_1_94' title="bbox 464 4860 2051 4937">
    <p class='ocr_par' dir='ltr' id='par_1_94' title="bbox 464 4860 2051 4937">
     <span class='ocr_line' id='line_1_94' title="bbox 464 4860 2051 4937; baseline 0.006 -23"><span class='ocrx_word' id='word_1_593' title='bbox 464 4860 576 4914; x_wconf 86' lang='lat' dir='ltr'><strong>dita</strong></span> <span class='ocrx_word' id='word_1_594' title='bbox 629 4861 857 4916; x_wconf 82' lang='lat' dir='ltr'><strong>ﬁrmiter</strong></span> <span class='ocrx_word' id='word_1_595' title='bbox 900 4864 1193 4933; x_wconf 88' lang='lat' dir='ltr'><strong>promittit,</strong></span> <span class='ocrx_word' id='word_1_596' title='bbox 1234 4866 1380 4919; x_wconf 82' lang='lat' dir='ltr'><strong>actio</strong></span> <span class='ocrx_word' id='word_1_597' title='bbox 1414 4881 1619 4920; x_wconf 83' lang='lat' dir='ltr'><strong>annum</strong></span> <span class='ocrx_word' id='word_1_598' title='bbox 1681 4877 1897 4937; x_wconf 89' lang='lat' dir='ltr'><strong>tempus</strong></span> <span class='ocrx_word' id='word_1_599' title='bbox 1940 4884 2051 4924; x_wconf 92' lang='lat' dir='ltr'>non</span> 
     </span>
    </p>
   </div>
   <div class='ocr_carea' id='block_1_95' title="bbox 465 4954 2051 5031">
    <p class='ocr_par' dir='ltr' id='par_1_95' title="bbox 465 4954 2051 5031">
     <span class='ocr_line' id='line_1_95' title="bbox 465 4954 2051 5031; baseline 0.005 -24"><span class='ocrx_word' id='word_1_600' title='bbox 465 4955 925 5024; x_wconf 80' lang='lat' dir='ltr'><strong>transgredietur.</strong></span> <span class='ocrx_word' id='word_1_601' title='bbox 986 4954 1131 5010; x_wconf 90' lang='lat' dir='ltr'><strong>lntra</strong></span> <span class='ocrx_word' id='word_1_602' title='bbox 1165 4974 1365 5011; x_wconf 76' lang='lat' dir='ltr'><strong>armum</strong></span> <span class='ocrx_word' id='word_1_603' title='bbox 1427 4959 1544 5013; x_wconf 88' lang='lat' dir='ltr'><strong>dari</strong></span> <span class='ocrx_word' id='word_1_604' title='bbox 1602 4960 1762 5013; x_wconf 88' lang='lat' dir='ltr'><strong>debet</strong></span> <span class='ocrx_word' id='word_1_605' title='bbox 1814 4960 2051 5031; x_wconf 78' lang='lat' dir='ltr'><strong>legatum</strong></span> 
     </span>
    </p>
   </div>
   <div class='ocr_carea' id='block_1_96' title="bbox 466 5046 2054 5123">
    <p class='ocr_par' dir='ltr' id='par_1_96' title="bbox 466 5046 2054 5123">
     <span class='ocr_line' id='line_1_96' title="bbox 466 5046 2054 5123; baseline 0.006 -26"><span class='ocrx_word' id='word_1_606' title='bbox 466 5046 612 5115; x_wconf 88' lang='lat' dir='ltr'><strong>quod</strong></span> <span class='ocrx_word' id='word_1_607' title='bbox 665 5047 789 5116; x_wconf 91' lang='lat' dir='ltr'><strong>quis</strong></span> <span class='ocrx_word' id='word_1_608' title='bbox 845 5047 1069 5117; x_wconf 78' lang='lat' dir='ltr'><strong>reliquit</strong></span> <span class='ocrx_word' id='word_1_609' title='bbox 1130 5049 1391 5119; x_wconf 75' lang='lat' dir='ltr'><strong>religioso</strong></span> <span class='ocrx_word' id='word_1_610' title='bbox 1447 5050 1592 5105; x_wconf 86' lang='lat' dir='ltr'><strong>loco.</strong></span> <span class='ocrx_word' id='word_1_611' title='bbox 1654 5052 1840 5107; x_wconf 81' lang='lat' dir='ltr'><strong>Annus</strong></span> <span class='ocrx_word' id='word_1_612' title='bbox 1877 5052 2054 5123; x_wconf 62' lang='lat' dir='ltr'><strong>praeli-</strong></span> 
     </span>
    </p>
   </div>
   <div class='ocr_carea' id='block_1_97' title="bbox 467 5137 2052 5215">
    <p class='ocr_par' dir='ltr' id='par_1_97' title="bbox 467 5137 2052 5215">
     <span class='ocr_line' id='line_1_97' title="bbox 467 5137 2052 5215; baseline 0.006 -25"><span class='ocrx_word' id='word_1_613' title='bbox 467 5137 619 5190; x_wconf 87' lang='lat' dir='ltr'><strong>nitur</strong></span> <span class='ocrx_word' id='word_1_614' title='bbox 645 5139 939 5206; x_wconf 78' lang='lat' dir='ltr'><strong>excipienti</strong></span> <span class='ocrx_word' id='word_1_615' title='bbox 984 5151 1109 5209; x_wconf 88' lang='lat' dir='ltr'><strong>post</strong></span> <span class='ocrx_word' id='word_1_616' title='bbox 1142 5141 1391 5211; x_wconf 81' lang='lat' dir='ltr'><strong>conjugis</strong></span> <span class='ocrx_word' id='word_1_617' title='bbox 1443 5149 1699 5207; x_wconf 89' lang='lat' dir='ltr'><strong>mortem,</strong></span> <span class='ocrx_word' id='word_1_618' title='bbox 1759 5143 1828 5198; x_wconf 91' lang='lat' dir='ltr'>ad</span> <span class='ocrx_word' id='word_1_619' title='bbox 1878 5160 2052 5215; x_wconf 90' lang='lat' dir='ltr'><strong>oppo-</strong></span> 
     </span>
    </p>
   </div>
   <div class='ocr_carea' id='block_1_98' title="bbox 469 5228 2053 5304">
    <p class='ocr_par' dir='ltr' id='par_1_98' title="bbox 469 5228 2053 5304">
     <span class='ocr_line' id='line_1_98' title="bbox 469 5228 2053 5304; baseline 0.007 -22"><span class='ocrx_word' id='word_1_620' title='bbox 469 5228 703 5284; x_wconf 86' lang='lat' dir='ltr'><strong>nendam</strong></span> <span class='ocrx_word' id='word_1_621' title='bbox 744 5245 854 5283; x_wconf 91' lang='lat' dir='ltr'>non</span> <span class='ocrx_word' id='word_1_622' title='bbox 909 5242 1208 5286; x_wconf 71' lang='lat' dir='ltr'><strong>numerata:</strong></span> <span class='ocrx_word' id='word_1_623' title='bbox 1268 5235 1412 5288; x_wconf 88' lang='lat' dir='ltr'><strong>dotis</strong></span> <span class='ocrx_word' id='word_1_624' title='bbox 1474 5235 1876 5304; x_wconf 78' lang='lat' dir='ltr'><strong>exceptionem.</strong></span> <span class='ocrx_word' id='word_1_625' title='bbox 1947 5238 2053 5303; x_wconf 80' lang='lat' dir='ltr'><strong>Qui</strong></span> 
     </span>
    </p>
   </div>
   <div class='ocr_carea' id='block_1_99' title="bbox 468 5325 2050 5397">
    <p class='ocr_par' dir='ltr' id='par_1_99' title="bbox 468 5325 2050 5397">
     <span class='ocr_line' id='line_1_99' title="bbox 468 5325 2050 5397; baseline 0.008 -26"><span class='ocrx_word' id='word_1_626' title='bbox 468 5329 693 5390; x_wconf 85' lang='lat' dir='ltr'><strong>propter</strong></span> <span class='ocrx_word' id='word_1_627' title='bbox 720 5337 979 5392; x_wconf 80' lang='lat' dir='ltr'><strong>magnum</strong></span> <span class='ocrx_word' id='word_1_628' title='bbox 1028 5326 1235 5380; x_wconf 90' lang='lat' dir='ltr'><strong>crimen</strong></span> <span class='ocrx_word' id='word_1_629' title='bbox 1292 5326 1358 5380; x_wconf 86' lang='lat' dir='ltr'>ad</span> <span class='ocrx_word' id='word_1_630' title='bbox 1408 5325 1676 5396; x_wconf 87' lang='lat' dir='ltr'><strong>judicium</strong></span> <span class='ocrx_word' id='word_1_631' title='bbox 1730 5328 2050 5397; x_wconf 88' lang='lat' dir='ltr'><strong>requiritur,</strong></span> 
     </span>
    </p>
   </div>
   <div class='ocr_carea' id='block_1_100' title="bbox 470 5414 2054 5483">
    <p class='ocr_par' dir='ltr' id='par_1_100' title="bbox 470 5414 2054 5483">
     <span class='ocr_line' id='line_1_100' title="bbox 470 5414 2054 5483; baseline 0.008 -17"><span class='ocrx_word' id='word_1_632' title='bbox 470 5414 574 5468; x_wconf 92' lang='lat' dir='ltr'><strong>nisi</strong></span> <span class='ocrx_word' id='word_1_633' title='bbox 648 5428 771 5470; x_wconf 89' lang='lat' dir='ltr'><strong>sese</strong></span> <span class='ocrx_word' id='word_1_634' title='bbox 829 5415 973 5469; x_wconf 89' lang='lat' dir='ltr'><strong>intra</strong></span> <span class='ocrx_word' id='word_1_635' title='bbox 1037 5432 1240 5472; x_wconf 85' lang='lat' dir='ltr'><strong>annum</strong></span> <span class='ocrx_word' id='word_1_636' title='bbox 1312 5417 1526 5483; x_wconf 64' lang='lat' dir='ltr'><strong>offerat,</strong></span> <span class='ocrx_word' id='word_1_637' title='bbox 1580 5419 1837 5476; x_wconf 92' lang='lat' dir='ltr'><strong>omnibus</strong></span> <span class='ocrx_word' id='word_1_638' title='bbox 1894 5420 2054 5478; x_wconf 87' lang='lat' dir='ltr'><strong>bonis</strong></span> 
     </span>
    </p>
   </div>
   <div class='ocr_carea' id='block_1_101' title="bbox 472 5506 2054 5581">
    <p class='ocr_par' dir='ltr' id='par_1_101' title="bbox 472 5506 2054 5581">
     <span class='ocr_line' id='line_1_101' title="bbox 472 5506 2054 5581; baseline 0.004 -20"><span class='ocrx_word' id='word_1_639' title='bbox 472 5506 587 5561; x_wconf 88' lang='lat' dir='ltr'><strong>suis</strong></span> <span class='ocrx_word' id='word_1_640' title='bbox 622 5506 822 5564; x_wconf 90' lang='lat' dir='ltr'><strong>merito</strong></span> <span class='ocrx_word' id='word_1_641' title='bbox 852 5507 1095 5578; x_wconf 84' lang='lat' dir='ltr'><strong>ejieitur.</strong></span> <span class='ocrx_word' id='word_1_642' title='bbox 1146 5510 1305 5565; x_wconf 87' lang='lat' dir='ltr'><strong>Actio</strong></span> <span class='ocrx_word' id='word_1_643' title='bbox 1333 5525 1455 5581; x_wconf 72' lang='lat' dir='ltr'><strong>quae</strong></span> <span class='ocrx_word' id='word_1_644' title='bbox 1504 5512 1665 5567; x_wconf 86' lang='lat' dir='ltr'><strong>datur</strong></span> <span class='ocrx_word' id='word_1_645' title='bbox 1696 5522 1889 5568; x_wconf 83' lang='lat' dir='ltr'><strong>contra</strong></span> <span class='ocrx_word' id='word_1_646' title='bbox 1928 5528 2054 5569; x_wconf 90' lang='lat' dir='ltr'>eum</span> 
     </span>
    </p>
   </div>
   <div class='ocr_carea' id='block_1_102' title="bbox 471 5599 2051 5675">
    <p class='ocr_par' dir='ltr' id='par_1_102' title="bbox 471 5599 2051 5675">
     <span class='ocr_line' id='line_1_102' title="bbox 471 5599 2051 5675; baseline 0.005 -24"><span class='ocrx_word' id='word_1_647' title='bbox 471 5600 563 5670; x_wconf 85' lang='lat' dir='ltr'>qui</span> <span class='ocrx_word' id='word_1_648' title='bbox 596 5615 661 5655; x_wconf 81' lang='lat' dir='ltr'><strong>ex</strong></span> <span class='ocrx_word' id='word_1_649' title='bbox 700 5599 956 5654; x_wconf 89' lang='lat' dir='ltr'><strong>inccndio</strong></span> <span class='ocrx_word' id='word_1_650' title='bbox 991 5601 1072 5657; x_wconf 81' lang='lat' dir='ltr'><strong>vel</strong></span> <span class='ocrx_word' id='word_1_651' title='bbox 1110 5601 1399 5671; x_wconf 79' lang='lat' dir='ltr'><strong>naufragio</strong></span> <span class='ocrx_word' id='word_1_652' title='bbox 1432 5617 1548 5657; x_wconf 85' lang='lat' dir='ltr'>rem</span> <span class='ocrx_word' id='word_1_653' title='bbox 1592 5605 1823 5660; x_wconf 86' lang='lat' dir='ltr'><strong>alienam</strong></span> <span class='ocrx_word' id='word_1_654' title='bbox 1849 5605 2051 5675; x_wconf 84' lang='lat' dir='ltr'><strong>rapuit,</strong></span> 
     </span>
    </p>
   </div>
   <div class='ocr_carea' id='block_1_103' title="bbox 471 5690 2052 5765">
    <p class='ocr_par' dir='ltr' id='par_1_103' title="bbox 471 5690 2052 5765">
     <span class='ocr_line' id='line_1_103' title="bbox 471 5690 2052 5765; baseline 0.004 -21"><span class='ocrx_word' id='word_1_655' title='bbox 471 5706 613 5745; x_wconf 77' lang='lat' dir='ltr'><strong>auio</strong></span> <span class='ocrx_word' id='word_1_656' title='bbox 650 5690 836 5745; x_wconf 79' lang='lat' dir='ltr'><strong>linitur</strong></span> <span class='ocrx_word' id='word_1_657' title='bbox 861 5692 1042 5762; x_wconf 88' lang='lat' dir='ltr'><strong>quoad</strong></span> <span class='ocrx_word' id='word_1_658' title='bbox 1077 5694 1469 5765; x_wconf 75' lang='lat' dir='ltr'><strong>quadruplum,</strong></span> <span class='ocrx_word' id='word_1_659' title='bbox 1506 5711 1614 5750; x_wconf 88' lang='lat' dir='ltr'>non</span> <span class='ocrx_word' id='word_1_660' title='bbox 1632 5695 1892 5760; x_wconf 84' lang='lat' dir='ltr'><strong>ulterius;</strong></span> <span class='ocrx_word' id='word_1_661' title='bbox 1928 5710 2052 5751; x_wconf 86' lang='lat' dir='ltr'>nam</span> 
     </span>
    </p>
   </div>
   <div class='ocr_carea' id='block_1_104' title="bbox 474 5786 2054 5857">
    <p class='ocr_par' dir='ltr' id='par_1_104' title="bbox 474 5786 2054 5857">
     <span class='ocr_line' id='line_1_104' title="bbox 474 5786 2054 5857; baseline 0.007 -23"><span class='ocrx_word' id='word_1_662' title='bbox 474 5798 619 5839; x_wconf 81' lang='lat' dir='ltr'><strong>atino</strong></span> <span class='ocrx_word' id='word_1_663' title='bbox 672 5787 947 5853; x_wconf 87' lang='lat' dir='ltr'><strong>completo</strong></span> <span class='ocrx_word' id='word_1_664' title='bbox 981 5786 1034 5840; x_wconf 91' lang='lat' dir='ltr'>in</span> <span class='ocrx_word' id='word_1_665' title='bbox 1095 5789 1348 5857; x_wconf 87' lang='lat' dir='ltr'><strong>simplmn</strong></span> <span class='ocrx_word' id='word_1_666' title='bbox 1391 5790 1806 5845; x_wconf 86' lang='lat' dir='ltr'><strong>condemnatur.</strong></span> <span class='ocrx_word' id='word_1_667' title='bbox 1863 5789 2054 5845; x_wconf 84' lang='lat' dir='ltr'><strong>Omnis</strong></span> 
     </span>
    </p>
   </div>
   <div class='ocr_carea' id='block_1_105' title="bbox 476 5877 2056 5955">
    <p class='ocr_par' dir='ltr' id='par_1_105' title="bbox 476 5877 2056 5955">
     <span class='ocr_line' id='line_1_105' title="bbox 476 5877 2056 5955; baseline 0.007 -27"><span class='ocrx_word' id='word_1_668' title='bbox 476 5877 671 5933; x_wconf 85' lang='lat' dir='ltr'><strong>mulier</strong></span> <span class='ocrx_word' id='word_1_669' title='bbox 710 5878 931 5934; x_wconf 68' lang='lat' dir='ltr'><strong>viduata</strong></span> <span class='ocrx_word' id='word_1_670' title='bbox 964 5880 1141 5936; x_wconf 89' lang='lat' dir='ltr'><strong>solum</strong></span> <span class='ocrx_word' id='word_1_671' title='bbox 1168 5897 1371 5938; x_wconf 80' lang='lat' dir='ltr'><strong>annum</strong></span> <span class='ocrx_word' id='word_1_672' title='bbox 1407 5883 1612 5955; x_wconf 72' lang='lat' dir='ltr'><strong>lugete.</strong></span> <span class='ocrx_word' id='word_1_673' title='bbox 1642 5883 1802 5940; x_wconf 77' lang='lat' dir='ltr'><strong>Actio</strong></span> <span class='ocrx_word' id='word_1_674' title='bbox 1836 5882 1901 5939; x_wconf 83' lang='lat' dir='ltr'>de</span> <span class='ocrx_word' id='word_1_675' title='bbox 1931 5881 2056 5940; x_wconf 86' lang='lat' dir='ltr'><strong>dolo</strong></span> 
     </span>
    </p>
   </div>
   <div class='ocr_carea' id='block_1_106' title="bbox 2155 4680 3740 4753">
    <p class='ocr_par' dir='ltr' id='par_1_106' title="bbox 2155 4680 3740 4753">
     <span class='ocr_line' id='line_1_106' title="bbox 2155 4680 3740 4753; baseline 0 -16"><span class='ocrx_word' id='word_1_676' title='bbox 2155 4680 2349 4737; x_wconf 86' lang='lat' dir='ltr'><strong>Omnis</strong></span> <span class='ocrx_word' id='word_1_677' title='bbox 2379 4682 2699 4753; x_wconf 82' lang='lat' dir='ltr'><strong>pecuniaria</strong></span> <span class='ocrx_word' id='word_1_678' title='bbox 2725 4696 2892 4736; x_wconf 87' lang='lat' dir='ltr'><strong>causa</strong></span> <span class='ocrx_word' id='word_1_679' title='bbox 2927 4682 3167 4752; x_wconf 77' lang='lat' dir='ltr'><strong>legitime</strong></span> <span class='ocrx_word' id='word_1_680' title='bbox 3202 4693 3370 4749; x_wconf 90' lang='lat' dir='ltr'><strong>mota,</strong></span> <span class='ocrx_word' id='word_1_681' title='bbox 3398 4683 3539 4737; x_wconf 88' lang='lat' dir='ltr'><strong>ultra</strong></span> <span class='ocrx_word' id='word_1_682' title='bbox 3566 4685 3740 4739; x_wconf 88' lang='lat' dir='ltr'><strong>trien—</strong></span> 
     </span>
    </p>
   </div>
   <div class='ocr_carea' id='block_1_107' title="bbox 2156 4772 3737 4843">
    <p class='ocr_par' dir='ltr' id='par_1_107' title="bbox 2156 4772 3737 4843">
     <span class='ocr_line' id='line_1_107' title="bbox 2156 4772 3737 4843; baseline 0.001 -15"><span class='ocrx_word' id='word_1_683' title='bbox 2156 4773 2308 4828; x_wconf 88' lang='lat' dir='ltr'><strong>nium</strong></span> <span class='ocrx_word' id='word_1_684' title='bbox 2379 4774 2605 4843; x_wconf 88' lang='lat' dir='ltr'><strong>produei</strong></span> <span class='ocrx_word' id='word_1_685' title='bbox 2635 4789 2743 4829; x_wconf 87' lang='lat' dir='ltr'>non</span> <span class='ocrx_word' id='word_1_686' title='bbox 2785 4774 2968 4828; x_wconf 90' lang='lat' dir='ltr'><strong>debet.</strong></span> <span class='ocrx_word' id='word_1_687' title='bbox 3007 4772 3139 4829; x_wconf 80' lang='lat' dir='ltr'><strong>Post</strong></span> <span class='ocrx_word' id='word_1_688' title='bbox 3170 4790 3377 4828; x_wconf 88' lang='lat' dir='ltr'><strong>annum</strong></span> <span class='ocrx_word' id='word_1_689' title='bbox 3409 4775 3737 4830; x_wconf 73' lang='lat' dir='ltr'><strong>vicesimum</strong></span> 
     </span>
    </p>
   </div>
   <div class='ocr_carea' id='block_1_108' title="bbox 2154 4865 3741 4938">
    <p class='ocr_par' dir='ltr' id='par_1_108' title="bbox 2154 4865 3741 4938">
     <span class='ocr_line' id='line_1_108' title="bbox 2154 4865 3741 4938; baseline 0.001 -18"><span class='ocrx_word' id='word_1_690' title='bbox 2154 4865 2431 4938; x_wconf 87' lang='lat' dir='ltr'><strong>quintum,</strong></span> <span class='ocrx_word' id='word_1_691' title='bbox 2469 4866 2535 4920; x_wconf 90' lang='lat' dir='ltr'>ad</span> <span class='ocrx_word' id='word_1_692' title='bbox 2594 4867 3003 4921; x_wconf 87' lang='lat' dir='ltr'><strong>restitutionem</strong></span> <span class='ocrx_word' id='word_1_693' title='bbox 3067 4867 3377 4921; x_wconf 85' lang='lat' dir='ltr'><strong>minoribus</strong></span> <span class='ocrx_word' id='word_1_694' title='bbox 3432 4866 3741 4937; x_wconf 83' lang='lat' dir='ltr'><strong>quadrien-</strong></span> 
     </span>
    </p>
   </div>
   <div class='ocr_carea' id='block_1_109' title="bbox 2156 4958 3737 5029">
    <p class='ocr_par' dir='ltr' id='par_1_109' title="bbox 2156 4958 3737 5029">
     <span class='ocr_line' id='line_1_109' title="bbox 2156 4958 3737 5029; baseline -0.001 -14"><span class='ocrx_word' id='word_1_695' title='bbox 2156 4960 2309 5015; x_wconf 92' lang='lat' dir='ltr'><strong>nium</strong></span> <span class='ocrx_word' id='word_1_696' title='bbox 2341 4959 2494 5015; x_wconf 89' lang='lat' dir='ltr'><strong>dato.</strong></span> <span class='ocrx_word' id='word_1_697' title='bbox 2560 4958 3119 5024; x_wconf 64' lang='lat' dir='ltr'><strong>Querelaainollieiosi</strong></span> <span class='ocrx_word' id='word_1_698' title='bbox 3173 4971 3391 5028; x_wconf 87' lang='lat' dir='ltr'><strong>tempus</strong></span> <span class='ocrx_word' id='word_1_699' title='bbox 3423 4960 3737 5029; x_wconf 87' lang='lat' dir='ltr'><strong>quinquen-</strong></span> 
     </span>
    </p>
   </div>
   <div class='ocr_carea' id='block_1_110' title="bbox 2156 5051 3735 5122">
    <p class='ocr_par' dir='ltr' id='par_1_110' title="bbox 2156 5051 3735 5122">
     <span class='ocr_line' id='line_1_110' title="bbox 2156 5051 3735 5122; baseline 0.001 -16"><span class='ocrx_word' id='word_1_700' title='bbox 2156 5051 2332 5107; x_wconf 84' lang='lat' dir='ltr'><strong>nium.</strong></span> <span class='ocrx_word' id='word_1_701' title='bbox 2391 5052 2655 5106; x_wconf 86' lang='lat' dir='ltr'><strong>Adulterii</strong></span> <span class='ocrx_word' id='word_1_702' title='bbox 2691 5051 2899 5106; x_wconf 85' lang='lat' dir='ltr'><strong>crimen</strong></span> <span class='ocrx_word' id='word_1_703' title='bbox 2930 5052 3312 5122; x_wconf 82' lang='lat' dir='ltr'><strong>quinquennio</strong></span> <span class='ocrx_word' id='word_1_704' title='bbox 3338 5052 3735 5122; x_wconf 74' lang='lat' dir='ltr'><strong>exstinguitur.</strong></span> 
     </span>
    </p>
   </div>
   <div class='ocr_carea' id='block_1_111' title="bbox 2156 5141 3739 5213">
    <p class='ocr_par' dir='ltr' id='par_1_111' title="bbox 2156 5141 3739 5213">
     <span class='ocr_line' id='line_1_111' title="bbox 2156 5141 3739 5213; baseline 0.001 -14"><span class='ocrx_word' id='word_1_705' title='bbox 2156 5141 2450 5199; x_wconf 84' lang='lat' dir='ltr'><strong>Peculatus</strong></span> <span class='ocrx_word' id='word_1_706' title='bbox 2475 5143 2685 5198; x_wconf 88' lang='lat' dir='ltr'><strong>crimen</strong></span> <span class='ocrx_word' id='word_1_707' title='bbox 2715 5144 2962 5213; x_wconf 84' lang='lat' dir='ltr'><strong>quinque</strong></span> <span class='ocrx_word' id='word_1_708' title='bbox 2992 5146 3154 5199; x_wconf 87' lang='lat' dir='ltr'><strong>annis</strong></span> <span class='ocrx_word' id='word_1_709' title='bbox 3188 5144 3395 5205; x_wconf 80' lang='lat' dir='ltr'><strong>linitur.</strong></span> <span class='ocrx_word' id='word_1_710' title='bbox 3462 5161 3564 5200; x_wconf 88' lang='lat' dir='ltr'>nec</span> <span class='ocrx_word' id='word_1_711' title='bbox 3602 5146 3739 5200; x_wconf 87' lang='lat' dir='ltr'><strong>ulte-</strong></span> 
     </span>
    </p>
   </div>
   <div class='ocr_carea' id='block_1_112' title="bbox 2157 5235 3734 5306">
    <p class='ocr_par' dir='ltr' id='par_1_112' title="bbox 2157 5235 3734 5306">
     <span class='ocr_line' id='line_1_112' title="bbox 2157 5235 3734 5306; baseline 0.002 -16"><span class='ocrx_word' id='word_1_712' title='bbox 2157 5236 2277 5292; x_wconf 86' lang='lat' dir='ltr'><strong>rius</strong></span> <span class='ocrx_word' id='word_1_713' title='bbox 2302 5236 2445 5292; x_wconf 82' lang='lat' dir='ltr'><strong>actio</strong></span> <span class='ocrx_word' id='word_1_714' title='bbox 2491 5239 2774 5305; x_wconf 80' lang='lat' dir='ltr'><strong>competit.</strong></span> <span class='ocrx_word' id='word_1_715' title='bbox 2836 5235 3024 5291; x_wconf 77' lang='lat' dir='ltr'><strong>Infans</strong></span> <span class='ocrx_word' id='word_1_716' title='bbox 3051 5246 3134 5291; x_wconf 88' lang='lat' dir='ltr'>est</span> <span class='ocrx_word' id='word_1_717' title='bbox 3165 5252 3436 5290; x_wconf 88' lang='lat' dir='ltr'><strong>annorum</strong></span> <span class='ocrx_word' id='word_1_718' title='bbox 3501 5248 3734 5306; x_wconf 87' lang='lat' dir='ltr'><strong>septem.</strong></span> 
     </span>
    </p>
   </div>
   <div class='ocr_carea' id='block_1_113' title="bbox 2159 5329 3733 5400">
    <p class='ocr_par' dir='ltr' id='par_1_113' title="bbox 2159 5329 3733 5400">
     <span class='ocr_line' id='line_1_113' title="bbox 2159 5329 3733 5400; baseline 0.001 -15"><span class='ocrx_word' id='word_1_719' title='bbox 2159 5330 2307 5385; x_wconf 85' lang='lat' dir='ltr'><strong>Intra</strong></span> <span class='ocrx_word' id='word_1_720' title='bbox 2370 5338 2498 5385; x_wconf 90' lang='lat' dir='ltr'><strong>octo</strong></span> <span class='ocrx_word' id='word_1_721' title='bbox 2540 5344 2715 5384; x_wconf 86' lang='lat' dir='ltr'><strong>annos</strong></span> <span class='ocrx_word' id='word_1_722' title='bbox 2758 5329 2927 5385; x_wconf 89' lang='lat' dir='ltr'><strong>lector</strong></span> <span class='ocrx_word' id='word_1_723' title='bbox 2967 5345 3089 5385; x_wconf 90' lang='lat' dir='ltr'><strong>esse</strong></span> <span class='ocrx_word' id='word_1_724' title='bbox 3148 5347 3253 5385; x_wconf 90' lang='lat' dir='ltr'>non</span> <span class='ocrx_word' id='word_1_725' title='bbox 3287 5340 3485 5400; x_wconf 82' lang='lat' dir='ltr'><strong>potest.</strong></span> <span class='ocrx_word' id='word_1_726' title='bbox 3531 5333 3733 5386; x_wconf 74' lang='lat' dir='ltr'><strong>iterum</strong></span> 
     </span>
    </p>
   </div>
   <div class='ocr_carea' id='block_1_114' title="bbox 2159 5423 3735 5493">
    <p class='ocr_par' dir='ltr' id='par_1_114' title="bbox 2159 5423 3735 5493">
     <span class='ocr_line' id='line_1_114' title="bbox 2159 5423 3735 5493; baseline 0.001 -15"><span class='ocrx_word' id='word_1_727' title='bbox 2159 5423 2545 5490; x_wconf 88' lang='lat' dir='ltr'><strong>immobilium,</strong></span> <span class='ocrx_word' id='word_1_728' title='bbox 2586 5438 2617 5476; x_wconf 91' lang='grc' dir='ltr'>ο</span> <span class='ocrx_word' id='word_1_729' title='bbox 2651 5425 2807 5492; x_wconf 80' lang='grc' dir='ltr'>ἱιιιρ..</span> <span class='ocrx_word' id='word_1_730' title='bbox 2862 5423 3003 5478; x_wconf 89' lang='lat' dir='ltr'><strong>inter</strong></span> <span class='ocrx_word' id='word_1_731' title='bbox 3056 5435 3352 5492; x_wconf 70' lang='lat' dir='ltr'><strong>prtesentes</strong></span> <span class='ocrx_word' id='word_1_732' title='bbox 3409 5426 3735 5493; x_wconf 85' lang='lat' dir='ltr'><strong>usucapioni</strong></span> 
     </span>
    </p>
   </div>
   <div class='ocr_carea' id='block_1_115' title="bbox 2159 5516 3732 5587">
    <p class='ocr_par' dir='ltr' id='par_1_115' title="bbox 2159 5516 3732 5587">
     <span class='ocr_line' id='line_1_115' title="bbox 2159 5516 3732 5587; baseline -0.001 -17"><span class='ocrx_word' id='word_1_733' title='bbox 2159 5522 2424 5571; x_wconf 86' lang='lat' dir='ltr'><strong>statutum</strong></span> <span class='ocrx_word' id='word_1_734' title='bbox 2475 5524 2559 5570; x_wconf 86' lang='lat' dir='ltr'>est</span> <span class='ocrx_word' id='word_1_735' title='bbox 2620 5516 2976 5581; x_wconf 88' lang='lat' dir='ltr'><strong>decennium,</strong></span> <span class='ocrx_word' id='word_1_736' title='bbox 3036 5517 3179 5571; x_wconf 87' lang='lat' dir='ltr'><strong>inter</strong></span> <span class='ocrx_word' id='word_1_737' title='bbox 3237 5517 3493 5572; x_wconf 85' lang='lat' dir='ltr'><strong>absentes</strong></span> <span class='ocrx_word' id='word_1_738' title='bbox 3546 5518 3732 5587; x_wconf 79' lang='lat' dir='ltr'><strong>viginti</strong></span> 
     </span>
    </p>
   </div>
   <div class='ocr_carea' id='block_1_116' title="bbox 2160 5607 3737 5665">
    <p class='ocr_par' dir='ltr' id='par_1_116' title="bbox 2160 5607 3737 5665">
     <span class='ocr_line' id='line_1_116' title="bbox 2160 5607 3737 5665; baseline 0.002 -4"><span class='ocrx_word' id='word_1_739' title='bbox 2160 5607 2287 5661; x_wconf 87' lang='lat' dir='ltr'><strong>anni</strong></span> <span class='ocrx_word' id='word_1_740' title='bbox 2320 5615 2373 5661; x_wconf 88' lang='lat' dir='ltr'>et</span> <span class='ocrx_word' id='word_1_741' title='bbox 2395 5622 2503 5661; x_wconf 87' lang='lat' dir='ltr'>non</span> <span class='ocrx_word' id='word_1_742' title='bbox 2534 5607 2698 5662; x_wconf 87' lang='lat' dir='ltr'><strong>ultra.</strong></span> <span class='ocrx_word' id='word_1_743' title='bbox 2754 5609 2894 5660; x_wconf 79' lang='lat' dir='ltr'><strong>Auni</strong></span> <span class='ocrx_word' id='word_1_744' title='bbox 2930 5622 3038 5662; x_wconf 91' lang='lat' dir='ltr'>non</span> <span class='ocrx_word' id='word_1_745' title='bbox 3072 5619 3371 5663; x_wconf 66' lang='lat' dir='ltr'><strong>numerata:</strong></span> <span class='ocrx_word' id='word_1_746' title='bbox 3409 5609 3551 5665; x_wconf 86' lang='lat' dir='ltr'><strong>dotis</strong></span> <span class='ocrx_word' id='word_1_747' title='bbox 3606 5622 3737 5664; x_wconf 87' lang='lat' dir='ltr'><strong>sunt</strong></span> 
     </span>
    </p>
   </div>
   <div class='ocr_carea' id='block_1_117' title="bbox 2161 5699 3733 5765">
    <p class='ocr_par' dir='ltr' id='par_1_117' title="bbox 2161 5699 3733 5765">
     <span class='ocr_line' id='line_1_117' title="bbox 2161 5699 3733 5765; baseline 0.001 -12"><span class='ocrx_word' id='word_1_748' title='bbox 2161 5699 2370 5754; x_wconf 88' lang='lat' dir='ltr'><strong>decem.</strong></span> <span class='ocrx_word' id='word_1_749' title='bbox 2407 5699 2537 5765; x_wconf 62' lang='lat' dir='ltr'><strong>Quae</strong></span> <span class='ocrx_word' id='word_1_750' title='bbox 2619 5708 2745 5754; x_wconf 88' lang='lat' dir='ltr'><strong>ante</strong></span> <span class='ocrx_word' id='word_1_751' title='bbox 2772 5699 3159 5755; x_wconf 88' lang='lat' dir='ltr'><strong>duodecimum</strong></span> <span class='ocrx_word' id='word_1_752' title='bbox 3195 5717 3398 5756; x_wconf 88' lang='lat' dir='ltr'><strong>annum</strong></span> <span class='ocrx_word' id='word_1_753' title='bbox 3431 5704 3589 5756; x_wconf 91' lang='lat' dir='ltr'><strong>nubit</strong></span> <span class='ocrx_word' id='word_1_754' title='bbox 3625 5718 3733 5757; x_wconf 90' lang='lat' dir='ltr'>non</span> 
     </span>
    </p>
   </div>
   <div class='ocr_carea' id='block_1_118' title="bbox 2161 5789 3734 5860">
    <p class='ocr_par' dir='ltr' id='par_1_118' title="bbox 2161 5789 3734 5860">
     <span class='ocr_line' id='line_1_118' title="bbox 2161 5789 3734 5860; baseline 0.003 -19"><span class='ocrx_word' id='word_1_755' title='bbox 2161 5789 2440 5844; x_wconf 83' lang='lat' dir='ltr'><strong>contrahit</strong></span> <span class='ocrx_word' id='word_1_756' title='bbox 2468 5789 2880 5844; x_wconf 89' lang='lat' dir='ltr'><strong>matrimonium</strong></span> <span class='ocrx_word' id='word_1_757' title='bbox 2920 5806 2934 5855; x_wconf 88' lang='lat'><strong>;</strong></span> <span class='ocrx_word' id='word_1_758' title='bbox 2968 5790 3016 5845; x_wconf 88' lang='lat' dir='ltr'>si</span> <span class='ocrx_word' id='word_1_759' title='bbox 3053 5790 3273 5860; x_wconf 84' lang='lat' dir='ltr'><strong>quidem</strong></span> <span class='ocrx_word' id='word_1_760' title='bbox 3305 5792 3585 5859; x_wconf 81' lang='lat' dir='ltr'><strong>sponsalia</strong></span> <span class='ocrx_word' id='word_1_761' title='bbox 3608 5793 3734 5846; x_wconf 85' lang='lat' dir='ltr'><strong>sub-</strong></span> 
     </span>
    </p>
   </div>
   <div class='ocr_carea' id='block_1_119' title="bbox 2162 5882 3733 5956">
    <p class='ocr_par' dir='ltr' id='par_1_119' title="bbox 2162 5882 3733 5956">
     <span class='ocr_line' id='line_1_119' title="bbox 2162 5882 3733 5956; baseline -0.001 -15"><span class='ocrx_word' id='word_1_762' title='bbox 2162 5890 2345 5949; x_wconf 82' lang='lat' dir='ltr'><strong>erant,</strong></span> <span class='ocrx_word' id='word_1_763' title='bbox 2374 5882 2467 5939; x_wconf 87' lang='lat' dir='ltr'><strong>illa</strong></span> <span class='ocrx_word' id='word_1_764' title='bbox 2505 5897 2699 5941; x_wconf 85' lang='lat' dir='ltr'><strong>rursus</strong></span> <span class='ocrx_word' id='word_1_765' title='bbox 2728 5883 2843 5955; x_wconf 80' lang='lat' dir='ltr'><strong>lege</strong></span> <span class='ocrx_word' id='word_1_766' title='bbox 2893 5884 3229 5952; x_wconf 85' lang='lat' dir='ltr'><strong>consistunt,</strong></span> <span class='ocrx_word' id='word_1_767' title='bbox 3252 5886 3356 5940; x_wconf 72' lang='lat' dir='ltr'><strong>nisi</strong></span> <span class='ocrx_word' id='word_1_768' title='bbox 3390 5886 3513 5956; x_wconf 84' lang='lat' dir='ltr'><strong>quis</strong></span> <span class='ocrx_word' id='word_1_769' title='bbox 3537 5901 3599 5941; x_wconf 82' lang='lat' dir='ltr'>ca</span> <span class='ocrx_word' id='word_1_770' title='bbox 3625 5886 3733 5941; x_wconf 85' lang='lat' dir='ltr'><strong>sol-</strong></span> 
     </span>
    </p>
   </div>
  </div>
