4430 6448
742 379 839 444 9.31

748 500 810 553 ὐ
833 500 1015 569 ἥττων
1046 496 1219 551 εἴκοσι
1247 495 1403 560 ἐτῶν,
1429 493 1491 549 οὐ
1529 493 1755 549 δύναται
1782 489 2048 557 δικάζειν.

740 593 1094 664 Ιιεραέτωσις
1125 591 1478 662 ἐγκλήματος
1508 590 1631 660 ὅρος
1664 589 1839 641 εἴκοσι
1864 585 2100 658 χρόνων,

739 685 1038 739 Πενταετία
1074 684 1210 754 μόνη
1236 682 1293 736 δὲ
1326 679 1572 735 σ6εννύει
1602 679 1704 750 τὴν
1727 678 1997 750 μοιχείαν,

739 776 921 846 Ἰάύτη
958 777 1069 846 γάρ
1098 775 1484 845 πεπερατωται
1509 770 1605 825 καὶ
1636 770 1757 825 τόδε
1781 769 2141 825 πεκουλάτου.

752 874 811 923 Ὀ
836 870 1030 940 χρόνον
1053 868 1525 937 εἰκοστὸπεμπτον
1560 864 1860 935 πληρώσας
1896 862 2141 933 ἡλικίας,

751 961 1027 1032 Ἐρχέσθω
1061 960 1198 1032 πρὸς
1220 960 1492 1031 διοίκησιν
1523 959 1633 1013 τῶν
1659 957 1859 1011 ἑαυτοῦ
1893 957 2257 1029 πραγμάτων.

750 1056 976 1125 ’Λυῆλιξ
999 1056 1369 1124 αἰτησάμενος
1410 1053 1745 1124 συγγνώμην
1770 1052 2010 1123 ἡλικίας,

739 1147 933 1218 εἴπερ.
968 1144 1409 1215 δωρήσηταιτινι
1442 1144 1701 1214 ἀκίνητον
1734 1160 1786 1197 τι
1825 1145 2086 1213 πρᾶγμα,

752 1238 1012 1307 ’ἱιδωρεά
1046 1238 1147 1290 οὐκ
1177 1238 1440 1308 ἔρρωται,
1480 1239 1529 1289 εἱ
1568 1237 1643 1307 μὴ
1663 1236 1864 1291 διέλθοι
1894 1238 2112 1308 χρόνος,

737 1331 892 1385 Μετά
916 1332 1006 1383 τὸν
1032 1331 1505 1401 είκοστὸπεμπτον
1535 1329 1764 1402 δεκέτης
1788 1332 1821 1401 ἢ
1860 1332 1954 1384 καὶ
1986 1331 2169 1384 πλέον.

737 1427 848 1496 Τὴν
868 1425 960 1478 ἐπὶ
995 1426 1197 1496 πράσει
1227 1424 1451 1494 ἀγωγὴν
1481 1423 1695 1494 μακρὸς
1727 1424 1920 1494 χρόνος
1945 1424 2159 1493 τέμνει,

750 1520 811 1571 Ἡ
846 1519 976 1589 περὶ
1006 1520 1362 1588 ἀπαιτήσεως
1388 1518 1574 1588 πάσης
1608 1517 1998 1587 κληρονομίας,

742 1612 1076 1680 Ηροσωπική
1105 1626 1164 1661 τε
1205 1608 1472 1679 σύμπασα
1495 1609 1938 1681 τριακονταετία,

741 1702 1035 1755 Σϐέννυταί
1066 1720 1125 1755 τε
1173 1705 1268 1755 καὶ
1310 1702 1591 1773 φθείρεται
1622 1703 1876 1773 οὐδαμῶς
1921 1703 2251 1775 περαιτέρω.

740 1796 815 1847 Τὸ
841 1796 1070 1864 Φινιουμ
1100 1794 1527 1863 ρεγουνδὸρουμ,
1554 1795 1673 1862 ἦτοι
1696 1798 1757 1847 τὸ
1784 1796 1911 1864 περὶ
1934 1796 2076 1866 ὅρων

740 1886 779 1939 Κ
798 1888 969 1956 ρονοις
993 1887 1050 1937 ἐν
1080 1888 1191 1948 τοῖς
1213 1887 1510 1955 τριάκοντα
1550 1890 1663 1949 τοῖς
1698 1889 2155 1957 ἀνεπιφωνήτοις.

741 1980 1037 2032 ζρϐἐννυταί
1071 1996 1133 2031 τε
1158 1980 1255 2031 καὶ
1282 1979 1569 2049 φθείρεται
1614 1980 1867 2050 οὐδαμῶς
1892 1984 2227 2051 περαιτέρω.

754 2074 969 2139 ’.ὶχίογή
1002 2090 1059 2124 τε
1092 2072 1420 2141 προσωπικὴ
1450 2072 1625 2143 ταύτῃ
1660 2075 1725 2142 τῇ
1752 2072 2085 2144 προθεσμία,

739 2172 801 2222 lli
844 2170 917 2238 μὴ
950 2168 1134 2238 τμηθῇ
1171 2167 1233 2219 τὸ
1280 2167 1485 2235 μεταξὺ
1519 2167 1807 2221 σϐέννυται
1845 2168 2255 2239 προσηκόντως.

750 2263 992 2331 ’Λγωγαὶ
1020 2260 1388 2331 τεμποράλιαι
1420 2260 1593 2330 ταύτῃ
1628 2260 1914 2313 σε’έννυται
1947 2262 2084 2331 μόνῃ

740 2356 915 2408 Διπλί
936 2355 992 2407 δὲ
1022 2355 1374 2424 δ.καστήρια,
1413 2351 1587 2405 ταῦτα
1617 2352 1685 2405 τὰ
1712 2352 1837 2421 τρία
1879 2352 2042 2422 μόνα,

739 2451 813 2501 Τὸ
844 2449 971 2517 περὶ
994 2448 1309 2517 διαιρέσεως
1343 2447 1539 2499 κοινῶν
1570 2446 1730 2499 τινῶν
1768 2448 2125 2516 πραγμάτων,

741 2540 816 2594 Τὸ
846 2542 968 2611 περὶ
990 2539 1257 2610 φαμιλίας
1286 2558 1370 2603 τε,
1408 2540 1469 2591 τὸ
1500 2557 1564 2591 πε
1579 2542 1630 2609 ρί
1657 2543 1800 2610 ὅρων
1822 2541 2027 2609 τρίτον.

742 2632 877 2685 Οὖτε
910 2634 944 2701 ὴ
968 2631 1178 2702 φουρτη
1205 2631 1418 2701 ἀγωγὴ,
1450 2631 1573 2683 οὔτε
1604 2634 1635 2700 ή
1667 2649 1773 2701 προ
1803 2632 1975 2697 σοκίο,

741 2723 877 2779 Οὒτε
908 2725 1035 2793 περὶ
1068 2726 1326 2794 ἁρπαγῆς
1356 2723 1617 2793 κινητῶν,
1652 2726 1717 2792 ἦν
1739 2725 1786 2775 οἱ
1821 2725 2042 2775 Λατῖνοι

743 2818 897 2870 Ωὖτω
926 2818 1350 2887 κατωιομακασι
1386 2816 1437 2885 ﬁt
1472 2816 1743 2886 βονὸρουμ
1776 2818 2119 2887 ραπτόρουμ,

756 2912 925 2965 Ἐτῶν
953 2912 1114 2964 πλέον
1139 2911 1437 2982 τριάκοντα
1463 2911 1543 2971 εἰς
1574 2911 1797 2980 ἀγωγὴν
1826 2911 2025 2980 ἰσχύει,

757 3006 820 3058 ’ίί
849 3006 894 3058 δ’
921 3005 1233 3059 ἀπαιτοῦσα
1270 3005 1329 3056 τὸ
1352 3003 1576 3056 διπλοῦν
1602 3005 1693 3056 ἐπὶ
1718 3004 1811 3057 τοῦ
1852 3005 2188 3074 κλοπιμαίου

744 3098 833 3167 τῷ
863 3100 1041 3167 χρδνῳ
1083 3097 1477 3168 παρατείνεται
1513 3097 1607 3149 τοῦ
1658 3098 1957 3167 κλέψαντος
1985 3098 2045 3150 τδ
2078 3100 2329 3168 πρᾶγμαι

747 3193 931 3244 Ἔτεσι
965 3190 1432 3261 τεσσαράκονταὴ
1462 3190 1808 3260 ὑποθηκάρια

744 3404 873 3443 vere
926 3386 1057 3440 velit
1109 3394 1369 3454 tanquam
1413 3399 1477 3438 ex
1527 3385 1666 3454 lege.
1721 3384 1969 3439 Feminis
2037 3385 2330 3441 duodecim

746 3479 899 3542 anni,
955 3474 1201 3530 maribus
1264 3472 1687 3543 quatuordeeim
1731 3473 1796 3526 ad
1842 3474 2185 3541 pubertatem
2215 3474 2331 3529 suf-

747 3572 955 3627 ﬁciunt.
991 3569 1161 3623 Natus
1193 3583 1370 3622 annos
1402 3567 1589 3622 decem
1621 3574 1673 3620 et
1704 3573 1829 3621 octo
1855 3564 2155 3621 advocatus
2208 3581 2330 3621 esse

748 3673 948 3737 potest.
1000 3662 1289 3733 Adoptans
1321 3660 1499 3729 major
1528 3674 1650 3713 esse
1684 3659 1847 3714 debet
1872 3658 2132 3727 adoptato
2173 3661 2329 3714 annis

746 3759 1077 3815 octodecim.
1141 3754 1338 3810 Mulier
1372 3751 1661 3823 postulans
1700 3750 1913 3805 veniam
1959 3751 2159 3814 aetatis,
2190 3751 2328 3821 legi-

747 3853 879 3906 time
930 3850 981 3903 id
1032 3854 1176 3918 aget,
1235 3846 1280 3898 si
1342 3852 1469 3899 nata
1523 3844 1595 3898 sit
1625 3843 1812 3897 decem
1850 3851 1902 3896 et
1950 3852 2075 3895 octo
2108 3857 2329 3897 annos:

749 3958 802 4000 at
854 3946 937 3999 vir
991 3940 1297 3998 viceunalis
1354 3945 1474 3993 esto
1530 3937 1597 3990 ad
1649 3936 1887 3990 veniam.
1928 3934 2111 3989 Minor
2141 3936 2335 4004 viginti

750 4037 910 4091 annis
962 4034 1218 4103 judicare
1256 4046 1366 4085 non
1414 4036 1617 4099 potest.
1653 4025 1852 4097 Viginti
1887 4027 2049 4081 annis
2101 4028 2335 4081 crimina

750 4130 1035 4192 ﬁniuntur,
1065 4127 1244 4182 solum
1277 4123 1717 4194 quinquennium
1750 4121 2063 4191 exstinguit
2118 4120 2334 4175 adulte-

751 4226 893 4277 rium
946 4232 999 4277 ct
1032 4220 1370 4291 peculatum.
1406 4216 1512 4282 Qui
1571 4216 1900 4271 vicesimum
1954 4214 2208 4285 quintum
2244 4229 2336 4267 an-

750 4331 880 4370 nutn
938 4312 1184 4382 implevit
1218 4310 1367 4365 venit
1418 4308 1488 4363 ad
1555 4307 2091 4362 administrationem
2146 4322 2335 4359 rcrttm

751 4421 1000 4463 suarum.
1039 4404 1214 4458 Minor
1244 4402 1518 4473 postulata
1543 4400 1718 4454 atatis
1746 4400 1928 4463 venia,
1964 4400 2009 4453 si
2039 4398 2202 4451 alicui
2223 4412 2335 4450 rem

755 4497 1090 4555 immobilem
1134 4494 1366 4562 dederit,
1394 4510 1505 4549 non
1554 4492 1701 4547 valet
1751 4491 1999 4553 donatio,
2045 4491 2149 4544 nisi
2216 4496 2338 4559 post

2011 370 2433 433 MICHAELIS
2472 372 2745 437 PSELLI

2364 3214 2406 3271 (ἲ.

3917 378 4022 443 θὲἱ

2364 498 2410 553 Α
2453 492 2670 564 Ἀγωγὴ
2706 494 3129 566 παρεκτείνεται
3153 494 3213 548 τὸ
3238 496 3470 567 πρᾶγμα
3512 493 3607 547 τοῦ
3646 492 3951 564 χρεώστου,

2440 587 2696 658 Ἐχοντος
2725 590 2821 641 καὶ
2846 588 3173 659 κατέχοντος
3203 590 3298 641 καὶ
3334 587 3521 658 σαφῶς
3556 589 3883 658 νεμομένου.

2508 681 2662 752 Καλῇ
2701 681 2755 734 δὲ
2782 683 2963 735 πίστει
2994 684 3213 751 ἀγωγαὶ
3240 681 3504 735 τοσαῦται
3532 682 3629 734 καὶ
3671 680 3919 737 τοιαῦται

2436 775 2668 842 Πρᾶσις,
2701 774 2973 845 ἀγορασία
2993 793 3075 838 τε,
3111 775 3397 846 μίσθωσις,
3426 775 3705 839 κοινωνία,

2448 871 2837 941 Ἐκμίσθωσις,
2862 872 3129 941 διοίκησις
3153 872 3497 942 πραγμάτων
3523 869 3846 940 ἀλλοτρίων,

2436 967 2571 1021 Κατ’
2606 968 2921 1039 ἐπιτρόπων
2946 967 3163 1038 ἀγωγὴ,
3191 966 3400 1037 ἐντολὴ,
3437 966 3764 1036 παραθήκη,

2447 1058 2667 1130 Ἀγωγὴ
2694 1061 2825 1130 περὶ
2854 1061 2914 1113 τὸ
2941 1058 3202 1129 χρησθὲν,
3231 1060 3264 1129 ἡ
3302 1058 3432 1129 περὶ
3463 1056 3749 1128 ἐνεχύρου,

2448 1152 2511 1205 Ἠ
2537 1153 2670 1223 περὶ
2702 1151 3024 1223 διαιρέσεως
3051 1151 3161 1205 τῶν
3193 1150 3787 1221 συγκληρονομούντων

2446 1246 2509 1299 'H
2536 1244 2821 1315 διαιροῦσα
2848 1245 2917 1299 τὰ
2943 1244 3118 1309 κοινὰ,
3153 1244 3244 1297 καὶ
3276 1244 3446 1314 χωρὶς
3476 1243 3782 1307 κοινωνίας,

2452 1335 2516 1389 Ἡ
2540 1336 2949 1406 πραεσκρὶπτις
2986 1335 3174 1406 βέρὸις
3202 1352 3260 1388 τε
3295 1336 3402 1387 τῶν
3448 1331 3995 1403 αὑταλλαττομένων,

2439 1428 2607 1499 Ἀλλη
2636 1426 2682 1483 δ’
2703 1426 2860 1492 αὖθις
2886 1428 3176 1499 ὁμώνυμος
3204 1427 3237 1498 ή
3261 1426 3321 1479 οὗ
3352 1426 3737 1496 ὲστιματόρια,

2450 1521 2511 1576 Ἡ
2545 1501 2600 1577 δὲ
2622 1522 2922 1592 ἐρεδιτάτις
2956 1538 3013 1573 τε
3044 1520 3305 1589 κληθεῖσα
3330 1520 3595 1583 πετίτιον,

2447 1614 2513 1667 Ἠ
2535 1611 2869 1676 ἀπαιτοῦσα,
2903 1612 3167 1677 δέσποτα,
3194 1611 3261 1664 τά
3294 1612 3392 1680 τῆς
3419 1612 3811 1681 κληρονομίας.

2436 1706 2673 1777 Στρίκτα
2704 1722 2763 1757 τε
2795 1707 2928 1774 πρὶν
2976 1703 3267 1772 ἐτύγχανε,
3302 1703 3397 1755 καὶ
3428 1704 3459 1772 ἡ
3486 1702 3543 1768 ἐξ
3575 1704 3923 1757 στιπουλάτο.

2522 1800 2580 1852 '0
2615 1800 2779 1868 νόμος
2806 1799 2850 1851 δ’
2880 1800 2906 1851 ό
2937 1798 3221 1860 Φαλκίδιος
3250 1796 3509 1865 τοιαύτην
3531 1795 3643 1866 ἔχει
3678 1795 3863 1864 φύσιν,

2365 1864 2406 1919 Β
2442 1892 2614 1963 Εἴπερ
2658 1908 2743 1955 τις
2778 1892 3125 1961 τελευτήσειε
3164 1889 3348 1960 πατὴρ
3390 1890 3505 1953 ένδς
3540 1889 3783 1959 παιδίου,

2440 1985 2663 2055 Γράψας
2690 1983 3139 2050 τεἝιατύπωσιν,
3176 1982 3271 2036 τοῦ
3307 1982 3497 2045 παιδὸς
3532 1981 3632 2034 οὐκ
3656 1982 3931 2051 ἐμνήσθη,

2442 2079 2589 2133 Ἀλλ’
2618 2079 2796 2141 ἄλλοις
2832 2077 3221 2131 καταλέλοιπεν
3250 2077 3508 2146 ἀκέραιον
3534 2076 3623 2127 τον
3658 2075 3879 2145 κλῆρον,

2449 2176 2508 2227 '0
2553 2177 2680 2238 παῖς
2748 2173 2808 2225 τὸ
2854 2172 3040 2241 τρίτον
3092 2169 3322 2239 λήψεται
3382 2168 3727 2238 πραγμάτων
3773 2166 3883 2218 τῶν
3924 2183 4030 2219 πα·

3691 2258 3906 2332 [τρῲων
3937 2276 3951 2289 ·

2440 2360 2561 2413 Εἰδ’
2583 2362 2712 2412 ὅταν
2742 2359 2997 2427 ἐγέννησε
3030 2358 3222 2420 παῖδας
3252 2359 3309 2409 ἐν
3334 2356 3432 2427 βίῳ
3454 2357 3568 2420 δύο,

2440 2451 2561 2503 Οὐδ’
2596 2450 2715 2513 ἐνὸς
2745 2449 3120 2519 ἐμνημόνευσε
3152 2448 3389 2517 ποιήσας
3419 2447 3709 2515 διαθήην,

2440 2544 2713 2605 Ἕκαστος
2747 2543 2905 2596 ἓκτον
2932 2542 3161 2613 λήψεται
3194 2541 3301 2594 τῶν
3329 2540 3611 2610 πατρικῶν
3641 2541 4025 2610 πραγμάτων·

2440 2637 2501 2688 ΕΞ
2537 2635 2593 2689 δέ
2625 2650 2687 2700 γε
2722 2637 2872 2703 τρεῖς
2902 2632 3259 2703 τυγχάνουσιν
3298 2634 3347 2685 οἱ
3374 2632 3563 2693 παῖδες
3600 2630 3695 2683 τοῦ
3750 2630 4027 2697 θανόντος,

2442 2729 2713 2790 Ἕκαστος
2746 2728 2857 2792 ἕξει
2892 2727 3119 2779 ἔννατον
3151 2724 3253 2793 τῆς
3286 2726 3561 2793 πατρικῆς
3585 2723 3774 2786 οὐσίας
3802 2739 3818 2753 ·

2440 2821 2751 2874 Δωδέκατον
2784 2819 2847 2883 δ’,
2871 2821 2921 2872 εἰ
2950 2818 3217 2887 τέσσαρες
3244 2817 3610 2886 τυγχάνουσιν
3640 2817 3690 2868 οἱ
3725 2816 3914 2879 παῖδες
3943 2831 3956 2847 ο

2441 2915 2501 2965 Εἰ
2534 2912 2590 2964 δὲ
2611 2911 2823 2975 πλείους
2850 2912 3203 2980 τυγχάνουσι,
3233 2908 3529 2969 δέσποτα,
3554 2908 3665 2959 τῶν
3689 2910 3989 2979 τεσσάρων,

2442 3005 2663 3068 Τούτοις
2691 3005 3148 3075 ἀποκεκλήρωται
3181 3003 3279 3073 τῆς
3306 3001 3581 3072 πατρικῆς
3615 3002 3826 3065 οὐσίας,

2442 3100 2616 3167 Μερὶς
2651 3101 2869 3151 πάντων
2892 3098 3142 3167 ἡμίσεια,
3182 3095 3376 3148 ὃοκοῖν
3411 3095 3491 3165 τῷ
3521 3094 3812 3164 Φαλκιδίῳ.

2515 3195 2576 3245 υἱ
2610 3192 2737 3246 ἄνευ
2771 3191 3135 3261 δεφενσίωνος
3170 3189 3372 3258 πρᾶσίν
3406 3206 3553 3251 τινος
3586 3186 3886 3251 ποιοῦντες,

3628 3278 3782 3335 Vers.
3818 3279 3917 3335 801

2439 3388 2710 3458 agendum
2755 3384 2925 3440 robur
2982 3382 3258 3438 obtinent.
3313 3381 3386 3433 Ea
3446 3394 3573 3434 vero
3624 3393 3746 3447 qua:
3802 3377 4028 3445 duplum

2435 3480 2603 3549 exigit
2634 3494 2661 3531 a
2707 3478 2825 3531 fure
2864 3478 2917 3528 in
2976 3486 3195 3529 omnem
3254 3470 3393 3525 furis
3458 3470 3625 3523 vitam
3670 3467 4024 3538 producitur.

2432 3571 2832 3644 Hypetheearia
2866 3568 3007 3623 actio
3032 3566 3297 3621 debitoris
3331 3579 3444 3619 rem
3469 3562 3746 3627 habentis,
3774 3572 3826 3617 et
3862 3564 4029 3632 probe

2437 3665 2801 3737 possidentis,
2858 3662 2925 3717 ad
2978 3676 3152 3715 annos
3214 3657 3581 3729 quadraginta
3615 3656 3955 3710 extenditur.

2518 3760 2608 3814 llze
2660 3773 2789 3812 vero
2824 3764 2953 3811 sunt
2986 3756 3234 3809 actiones
3278 3754 3433 3807 bona).
3485 3749 3630 3813 ﬁdei,
3685 3750 3913 3819 emptio,
3976 3756 4031 3802 et

2444 3854 2709 3916 venditio,
2742 3850 3061 3912 conductio,
3107 3848 3367 3911 societas,
3414 3843 3637 3907 locatio,
3671 3842 4024 3895 administra-

2442 3952 2518 4003 tio
2588 3962 2769 4001 rerum
2809 3946 3137 4005 alienarum,
3196 3938 3343 3993 actio
3386 3935 3595 3997 tutelae,
3641 3933 3904 3997 mandati,
3936 3934 4031 3985 de-

2441 4033 3046 4107 positi.'commodati,
3089 4031 3154 4083 de
3191 4030 3441 4098 pignore,
3495 4027 3559 4078 de
3620 4024 3889 4077 divisione
3947 4024 4029 4075 in-

2444 4142 2526 4188 ter
2558 4128 2878 4187 cohaeredes
2938 4141 3060 4195 qure
3111 4124 3306 4177 dividit
3346 4117 3663 4175 communia
3700 4116 3864 4171 etiam
3908 4118 4031 4170 sine

2442 4226 2715 4281 societate
2775 4219 3113 4291 prmscriptis
3166 4216 3369 4279 verbis,
3427 4198 3553 4267 sive
3601 4212 3671 4266 sit
3742 4210 3809 4264 de
3867 4213 4030 4265 rebus

2441 4317 2787 4388 permutatis,
2825 4314 2941 4369 sive
3005 4326 3196 4366 Tlll'SllS
3231 4309 3337 4363 alia
3380 4306 3583 4363 similis
3618 4303 3855 4358 nominis
3886 4304 4033 4359 1251i-

2444 4411 2700 4473 matoria,
2743 4405 3080 4461 haereditatis
3135 4403 3349 4472 petitio,
3380 4415 3503 4471 qua:
3550 4397 3810 4469 postulat,
3868 4412 3899 4451 ο
3934 4395 4032 4451 do-

2444 4507 2610 4568 mine,
2644 4519 2706 4558 ea
2732 4518 2851 4572 qua!
2885 4510 3013 4555 Sunt
3053 4496 3390 4553 ha'rcditatis
3424 4511 3439 4547 :
3499 4509 3566 4549 ex
3612 4490 3879 4561 stipulatu
3932 4488 4031 4542 fuit

752 4594 1082 4662 vicesimum
1132 4590 1387 4660 quintum
1449 4602 1679 4652 annum,
1740 4585 2067 4641 decennium
2112 4592 2167 4638 et
2223 4597 2336 4635 am-
2372 4617 2414 4673 υ
2445 4600 2658 4657 summ

754 4690 896 4758 ptius
949 4684 1255 4740 transierit.
1292 4680 1583 4735 Actionem
1621 4678 1830 4734 venditi
1866 4678 2089 4748 longum
2120 4686 2336 4744 tempus

755 4786 991 4835 resecat.
1070 4775 1269 4829 Petitio
1320 4772 1595 4826 universae
1654 4769 1990 4824 lia-reditatis
2047 4779 2101 4823 et
2161 4767 2339 4821 omnis

755 4868 1065 4941 personalis
1092 4866 1236 4920 actio
1268 4864 1491 4935 triginta
1525 4862 1686 4917 annis
1720 4860 2093 4931 exstinguitur
2138 4868 2190 4914 ct
2218 4875 2339 4913 cor-

758 4964 1057 5034 rumpitur,
1095 4960 1247 5014 nullo
1311 4959 1474 5013 modo
1508 4956 1764 5012 ulterius.
1801 4954 2021 5009 Finium
2059 4953 2338 5025 regundo-

759 5072 881 5112 rum
926 5053 1145 5123 triginta
1200 5051 1361 5104 annis
1414 5048 1562 5103 nulla
1620 5047 2044 5103 denuntiatione
2097 5046 2339 5100 interru-

760 5158 873 5218 pta,
894 5141 1286 5211 exatinguitur.
1324 5139 1391 5193 Et
1420 5140 1563 5195 actio
1600 5139 1908 5210 personalis
1938 5137 2130 5193 eodem
2164 5136 2340 5203 praeﬁ-

758 5242 873 5295 nito
956 5245 1203 5306 tempore
1264 5235 1371 5290 nisi
1432 5233 1888 5302 interrumpatur,
1948 5231 2341 5285 c0nvenieuter

760 5334 1006 5389 tolletur.
1058 5330 1323 5383 Actiones
1356 5326 1712 5395 temporales,
1764 5339 1831 5378 co
1859 5323 2025 5379 etiam
2068 5325 2341 5378 solotem-

763 5439 899 5496 pore
922 5421 1377 5491 exstinguuntur.
1410 5414 1481 5469 Ut
1502 5413 1819 5484 etduplicia
1848 5415 2075 5485 judicia,
2106 5415 2219 5469 haec
2240 5416 2340 5468 tria

762 5514 1111 5572 solummodo
1170 5525 1292 5580 qua:
1354 5514 1723 5577 sequuntur:
1785 5507 1996 5562 scilicet
2058 5508 2339 5561 communi

763 5605 1086 5666 dividundo,
1163 5600 1386 5655 lamilize
1447 5600 1809 5665 erciscundae,
1886 5602 2108 5656 tertium
2152 5600 2339 5654 ﬁnium

764 5702 1160 5772 rcgundorum.
1201 5696 1386 5767 Neque
1450 5683 1604 5763 furti,
1640 5714 1818 5769 neque
1869 5714 1966 5769 pro
2031 5700 2200 5761 socio,
2254 5714 2346 5753 ne-

762 5812 870 5871 que
902 5795 968 5850 de
995 5802 1153 5865 raptu
1182 5792 1489 5857 mobilium,
1524 5807 1686 5862 quam
1737 5791 1913 5846 Latini
1973 5803 2240 5847 vocarunt
2292 5793 2340 5845 \i

767 5895 1039 5950 bonorum
1099 5898 1407 5960 raptorum,
1456 5888 1578 5958 plus
1600 5904 1761 5961 quam
1788 5889 1951 5945 annis
1992 5889 2215 5960 triginta
2276 5894 2340 5945 al

2518 4688 2626 4744 Lex
2680 4686 2929 4743 Falcidia
2957 4686 3096 4737 hanc
3131 4689 3387 4736 naturam
3415 4679 3580 4735 habet
3608 4695 3621 4731 :
3652 4675 3698 4731 si
3730 4675 3853 4745 quis
3878 4684 4032 4743 pater

2446 4783 2612 4837 unius
2645 4779 2739 4834 ﬁlii
2774 4786 3024 4833 mortuus
3078 4776 3171 4840 sit,
3208 4775 3459 4830 scribens
3486 4780 3669 4825 autem
3730 4776 4033 4823 testamen-

2447 4883 2562 4929 tum
2595 4873 2690 4927 ﬁlii
2727 4887 2838 4927 non
2872 4870 3146 4933 meminit,
3182 4866 3278 4924 sed
3340 4865 3605 4920 intactam
3659 4860 3784 4915 aliis
3812 4860 4035 4927 reliquit

2449 4965 2847 5025 haereditatcm,
2885 4962 3030 5015 ﬁlius
3055 4958 3271 5014 tertiam
3299 4965 3513 5028 partem
3538 4954 3810 5008 bonorum
3846 4961 4032 5021 pater-

2447 5070 2642 5112 norum
2693 5053 2970 5125 accipiet;
3027 5052 3072 5107 si
3107 5051 3268 5105 Pater
3320 5050 3550 5102 duorum
3594 5044 3833 5099 ﬁliorum
3890 5056 4033 5095 mor-

2447 5160 2576 5205 tuus
2633 5148 2726 5213 sit,
2789 5162 2910 5209 nec,
2958 5151 3351 5201 testamentum
3401 5139 3635 5203 faciens,
3686 5151 3874 5192 eorum
3920 5149 4035 5188 rne-

2447 5243 2692 5307 minerit,
2764 5240 2998 5311 quisque
3060 5246 3226 5294 sexta:
3281 5234 3455 5306 partis
3513 5232 3785 5288 bonorum
3854 5236 4036 5298 pater-

2447 5347 2646 5387 norutn
2716 5330 2993 5399 particeps
3064 5328 3221 5393 erit;
3280 5325 3325 5379 si
3388 5338 3517 5379 vero
3594 5329 3709 5376 tres
3771 5320 3879 5373 sint
3939 5316 4032 5371 tibi

2447 5424 2761 5487 demortuo,
2782 5423 3016 5491 quisque
3039 5433 3239 5474 nonam
3267 5424 3481 5487 partem
3510 5412 3835 5471 substantia:
3853 5421 4035 5481 pater.

2449 5535 2532 5573 na:
2556 5516 2801 5581 habebit,
2833 5514 3162 5570 duodecima
3208 5526 3335 5568 vero
3358 5512 3415 5565 in
3438 5518 3677 5580 quatuor
3705 5505 3845 5559 ﬁlios
3890 5502 4030 5556 divi-

2451 5611 2613 5665 detur
2646 5611 2717 5665 :si
2745 5610 2931 5679 plures
2958 5609 3089 5673 sint,
3123 5623 3155 5661 0
3176 5606 3414 5667 domine,
3446 5608 3897 5673 quamquatuor,
3921 5596 4027 5649 illis

2451 5712 2661 5775 partem
2686 5702 3010 5758 subStantim
3044 5699 3220 5771 patris
3262 5696 3549 5754 dimidiam
3576 5690 3748 5748 dividi
3781 5689 3885 5761 legi
3910 5686 4027 5743 Fal-

2452 5798 2606 5851 cidiJ:
2628 5796 2821 5865 placet.

2526 5892 2659 5948 Rem
2686 5890 2921 5961 aliquam
2951 5891 3066 5947 sine
3089 5890 3409 5949 defensione
3434 5889 3756 5957 vendentcs,
3789 5889 3838 5945 in
3858 5889 4023 5945 solam
