4430 6448
357 538 445 593 3*?
483 536 651 602 μόνην
683 528 1110 600 κατακρίνονται
1148 526 1248 600 τὴν
1286 523 1570 598 τιμὴντοῦ
1630 520 1958 597 πραθέντος,

356 629 493 683 (hoc
529 644 591 696 γε
625 623 1054 693 δεφενδεύοντες
1077 620 1174 676 καὶ
1208 621 1307 692 τὴν
1330 618 1499 691 τιμὴν
1522 616 1748 683 διδοῦσι,

357 723 462 776 Τοὖ
494 722 777 775 διπλασίου
808 736 867 772 τε
906 718 1121 788 ποινὴν,
1147 715 1292 770 οὕτω
1323 714 1433 785 γὰρ
1464 710 1746 780 ἐτυπώοη.

360 816 431 867 Τὸ
464 814 843 883 ἀντάλλαγμα,
876 812 1134 875 δέσποτα,
1166 808 1245 877 τῷ
1269 808 1496 877 δικαστῇ
1524 803 1759 867 δικτὲον.

361 907 469 973 Τῆς
503 903 833 973 παραθήκης
880 910 1048 971 μονης
1080 900 1135 952 δὲ
1172 897 1531 967 ἀντάλλαγμα
1566 895 1665 947 οὐκ
1691 892 1827 946 ἔστι.

356 1000 472 1067 Ἰἠω
497 996 798 1063 καταδίκην
826 993 918 1047 τὸν
957 992 1139 1062 ἁπλῆν
1162 991 1298 1060 ἔχει,
1328 989 1388 1054 ἐξ
1425 985 1773 1050 στιπουλάτο,

378 1093 438 1143 Ἠ
474 1092 579 1144 ἀπὸ
618 1088 715 1141 τοῦ
751 1088 1135 1156 δανείσματος,
1166 1087 1199 1155 ἡ
1231 1084 1290 1148 ἐξ
1322 1080 1649 1153 ἁγορασίας,

378 1185 439 1234 'll
470 1186 578 1235 ἀπὸ
608 1183 705 1251 τῆς
748 1179 1094 1256 μισθώσεως,
1138 1178 1171 1248 ἡ
1204 1176 1314 1232 ἀπὸ
1336 1175 1710 1246 ὲνταλμάτων.

372 1276 566 1343 Διπλῄν
602 1275 644 1327 δ’
675 1274 895 1344 ἔχουσιν
927 1270 1241 1341 εἴσπραξιν,
1284 1272 1315 1339 ἡ
1350 1269 1445 1323 τοῦ
1492 1268 1815 1335 Ἀκουιλὲου,

375 1369 441 1422 ἸΙ
470 1369 685 1437 ἀφανὴς
716 1367 1033 1437 ἀφαίρεσις,
1061 1366 1095 1436 ἡ
1130 1364 1601 1437 παρακαταθήκη.

366 1461 438 1514 Τὸ
468 1461 523 1513 δέ
554 1478 616 1529 γε
647 1460 1058 1531 τεπραπλάσιον
1085 1458 1292 1528 κλοπῆς
1324 1460 1441 1511 ἐστι
1473 1457 1770 1529 προδήλου,

370 1553 547 1606 Ἀλλω
560 1576 584 1605 ν
598 1570 655 1605 τε
678 1554 946 1605 πλείστων
963 1551 1200 1621 ἀγωγῶν
1216 1552 1308 1604 καὶ
1327 1552 1649 1620 ίμιρακτοὺμ
1674 1550 1960 1616 πλειόνων,

367 1645 558 1707 Φόϐου,
589 1646 959 1713 συκοφαντίας
990 1661 1072 1709 τε,
1113 1647 1206 1696 καὶ
1240 1643 1407 1696 δικῶν
1428 1642 1605 1695 ἄλλων
1637 1643 1821 1697 πάλιν.

372 1737 603 1791 Διπλοῦν
634 1738 687 1789 δὲ
723 1738 1131 1806 τετραπλάσιον
1168 1736 1195 1787 ὁ
1233 1735 1342 1787 ἀπὸ
1377 1735 1643 1801 ναυαγίου

383 1830 664 1898 ’Λρπάσας
694 1832 949 1899 πρᾶγμα,
985 1829 1244 1894 δέσποτα,
1272 1828 1662 1899 εἰσπράττεται
1695 1826 1919 1891 δικαίως
1947 1843 1961 1858 ·

1672 384 2041 451 SYNOPSIS
2080 384 2370 449 LEGUM.

1987 513 2041 572 Α
2077 498 2300 554 Ὀποῖόν
2339 500 2514 569 ἔστιὴ
2552 497 2733 572 κλοπὴ
2772 496 2998 570 ἁρπαγὴ
3028 512 3088 551 τε
3123 493 3495 569 πραγμάτων,

3543 375 3650 444 954

2059 590 2234 653 Αὐτὸς
2266 592 2294 645 ὁ
2329 591 2656 658 Ἀκουίλιος,
2687 593 2717 646 ό
2748 589 2881 661 περὶ
2907 589 3007 660 τῆς
3036 590 3241 661 ζημίας

2073 683 2136 737 Ἦ
2161 683 2219 737 δέ
2252 699 2316 751 γε
2346 683 2477 753 περὶ
2505 682 2739 754 ὕϐρεως,
2765 683 2877 737 οὐδ’
2910 683 2969 735 ἐν
3002 683 3115 744 τοῖς
3152 679 3517 751 κληρονόμοις

2062 778 2124 830 Εἰ
2153 776 2306 829 λάϐοι
2340 775 2399 829 δὲ
2430 775 2808 846 προκάταρξιν
2835 777 2895 828 ὲν
2921 776 3034 838 τοῖς
3063 774 3442 843 δικαστηρίοις

2063 872 2175 924 Καὶ
2205 869 2570 941 κληρονόμοις
2603 867 2829 932 δίδοται,
2854 870 2949 922 καὶ
2980 866 3126 921 κατὰ
3160 866 3521 937 κληρονόμων

2061 962 2205 1033 Γυνὴ
2235 962 2293 1015 δὲ
2324 963 2464 1033 μετὰ
2491 964 2754 1034 χήρευσιν
2791 959 2867 1031 μὴ
2898 959 3402 1032 δευτερογαμοῦσα,

2064 1057 2168 1110 Σὺν
2205 1056 2317 1119 τοῖς
2348 1056 2506 1110 παισὶ
2534 1054 2817 1127 μερίζεται
2845 1054 2936 1109 τὸν
2967 1054 3169 1126 κλῆρον
3224 1054 3318 1108 τὸν
3376 1051 3615 1126 πατρῷοι·
3634 1090 3655 1119 ,

2064 1148 2352 1221 Λαμϐάνει
2386 1166 2447 1202 τε
2484 1150 2776 1221 ίσάριθμον
2812 1150 3011 1220 μοῖραν
3043 1150 3127 1204 ἐνὶ
3154 1149 3266 1203 τῶν
3300 1148 3537 1213 παίδων,

2063 1246 2175 1299 Καὶ
2204 1244 2347 1299 κατὰ
2379 1247 2577 1316 χρῆσιν
2610 1247 2733 1299 κατ’
2762 1245 2900 1298 αὐτὸ
2932 1243 3189 1297 καὶκατὰ
3219 1243 3581 1297 δεσποτείαν·

2076 1336 2140 1391 Ἠ
2170 1337 2225 1391 δὲ
2255 1338 2392 1409 αὐτὴ
2420 1337 2753 1409 ἀντιστροφὴ
2782 1337 2877 1392 καὶ
2906 1337 2985 1409 τῷ
3018 1336 3177 1408 άνδρλ⁸
3210 1338 3492 1408 τυγχάνει.

2078 1430 2135 1485 '0
2172 1432 2525 1498 αὑτεξούσιος
2555 1432 2672 1495 υίὸς
2702 1432 2932 1494 ἄτεκνος
2961 1432 3351 1499 ἀποθνήσκων,

2067 1527 2321 1595 Νόμιμον
2343 1526 2702 1597 ποστιμόριον
2743 1524 2855 1595 (i2)
2885 1528 2995 1589 τοῖς
3018 1526 3237 1593 γονεῦσι
3268 1526 3478 1580 διδότω.

2079 1622 2136 1675 Ὀ
2167 1622 2338 1691 κόρην
2369 1621 2692 1692 βιασάμενος
2732 1621 2826 1673 καὶ
2853 1618 3043 1688 βιαίως
3069 1619 3346 1689 ἁρπάσας,

2067 1715 2223 1769 Μετὰ
2252 1714 2425 1784 ξιφῶν
2453 1713 2836 1785 βαρϐαρικῶν,
2866 1712 3012 1781 ξίφει
3045 1712 3415 1781 τιμωρητέος.
3453 1768 3465 1778 ,

2070 1810 2131 1861 Εἰ
2159 1809 2214 1861 δέ
2232 1825 2312 1871 τις
2343 1808 2524 1861 ὃπλων
2559 1807 2785 1861 ἄνευθεν
2813 1807 3082 1877 ἁρπάσειε
3109 1806 3210 1875 τὴν
3230 1804 3423 1875 κόρην,

373 1924 481 1975 Καὶ
510 1922 571 1973 τὸ
598 1923 693 1992 μὲν
724 1923 1127 1993 τετραπλάσιον
1164 1920 1577 1991 προσκυροῦται
1628 1920 1702 1989 τῷ
1760 1920 1960 1991 φίσκῳ,
1997 1915 2041 1971 Β
2072 1901 2182 1956 Καὶ
2213 1901 2481 1971 δήμευσιν
2515 1900 2830 1969 ὑφίσταται»
2866 1899 2963 1951 καὶ
2984 1898 3253 1968 τέμνεται
3285 1894 3383 1966 τὴν
3405 1894 3592 1965 χεῖρα,

371 2017 444 2069 Τὸ
492 2015 682 2069 δ’άλλο
711 2017 1113 2085 τετραπλάσιον
1142 2018 1169 2068 6
1197 2014 1511 2083 ναυαγήσας
1544 2012 1677 2081 ἔχει.

372 2107 561 2170 Οὐδεὶς
581 2106 626 2158 δ’
657 2108 978 2176 ὲναγὸμενος
1009 2108 1230 2176 ὀνόματι
1259 2105 1465 2174 οἰκείῳ,

384 2199 445 2249 Ἠ
468 2197 514 2249 δ’
541 2198 834 2267 ἀλλοτρίαν
863 2199 1088 2267 ἀγωγὴν
1120 2200 1175 2249 ὲν
1205 2196 1491 2259 δικασταῖς
1521 2194 1859 2264 γυμνάζωνη

376 2292 466 2361 Μὴ
499 2292 808 2361 ἐμφανίσας
842 2291 1122 2361 ἔγγραφον
1153 2290 1373 2358 ἐντολὴν
1400 2287 1768 2360 πρωτοτύπου

378 2383 577 2448 Καλῶς
608 2386 1053 2456 ἀπαιτηθήσεται
1078 2385 1169 2437 τὸν
1207 2382 1574 2436 ἱκανοδοσίαν.

378 2478 441 2530 ΛΞ
477 2478 576 2547 μὲν
601 2480 665 2531 ἐκ
702 2479 871 2546 νόμου
903 2477 1142 2544 ἀγωγαὶ,
1188 2476 1323 2527 αἵτε
1352 2476 1460 2528 ἀπὸ
1495 2474 1806 2543 δογμάτων,

378 2570 450 2623 ,Χῖ
474 2588 531 2623 τε
564 2571 629 2623 ἐκ
661 2570 958 2634 διατάξεων
988 2571 1097 2621 τῶν
1140 2568 1609 2638 βασιλικωτάτων,

380 2666 661 2732 Διηνεκεῖς
692 2664 1060 2733 τυγχάνουσιν
1094 2662 1167 2723 ὡς
1202 2664 1367 2732 ἤρεσε
1401 2664 1514 2723 τοῖς
1546 2660 1756 2730 νόμοις.

378 2756 443 2809 Ui
474 2756 627 2824 νόμοι
659 2757 769 2809 τῶν
791 2755 1107 2826 πραιτόρων
1136 2755 1191 2807 δὲ
1221 2755 1541 2825 μονόχρονοι
1574 2754 1668 2806 τὸν
1695 2752 1879 2821 φύσιν,

380 2848 497 2900 Εἰσὶ
525 2848 581 2901 δὲ
622 2849 714 2902 καὶ
750 2848 1087 2918 πραιτώριαι
1118 2850 1388 2917 διηνεκεῖς
1415 2850 1617 2917 ὀλίγαι,

393 2940 478 3003 Ὠς
506 2942 539 3011 ἡ
578 2943 710 3011 περὶ
744 2941 838 2993 τοῦ
871 2941 1264 3011 κλέμματος,
1295 2944 1405 3004 τοῖς
1448 2942 1796 3012 διακατόχοις

386 3032 845 3102 Παρερχομένοις,
883 3034 1141 3097 δέσποτα,
1166 3036 1276 3093 τοῖς
1303 3050 1366 3101 γε
1401 3034 1818 3103 νομικωτὲροις.

380 3124 445 3175 Αἱ
472 3123 527 3175 δέ
555 3139 617 3191 γε
645 3124 743 3192 μὲν
775 3123 1050 3176 ποινάλιαι
1076 3122 1297 3191 ἀγωγαὶ
1329 3122 1690 3192 κεκλημέναι,

384 3214 507 3278 Τοῖς
540 3214 905 3287 κληρονόμοις
933 3215 1194 3281 δίδονται,
1232 3215 1292 3267 οὐ
1340 3216 1480 3267 κατὰ
1526 3215 1903 3284 κληρονόμων,

385 3528 811 3587 aestimationem
844 3528 922 3581 rei
960 3527 1198 3583 vendita:
1228 3527 1701 3584 condcmnantur.
1740 3528 1799 3583 Si
1850 3542 1981 3585 vero

388 3622 706 3685 defendant,
748 3620 1175 3676 aestimationem
1226 3630 1281 3676 ct
1332 3636 1548 3691 poenam
1604 3622 1755 3691 dupli
1812 3622 1984 3688 dant;

389 3715 469 3769 sic
530 3714 679 3769 enim
727 3722 995 3767 statutum
1036 3722 1142 3768 est.
1189 3712 1731 3783 Compensationes,
1789 3729 1822 3769 0
1883 3715 1985 3769 do-

391 3805 559 3869 mine,
620 3820 649 3857 a
705 3805 893 3873 judice
943 3812 1073 3858 sunt
1117 3804 1527 3874 suscipiendae:
1592 3805 1769 3861 solius
1819 3806 1989 3876 depo-

392 3896 483 3951 siti
519 3897 900 3966 compensatio
930 3911 1042 3949 non
1066 3905 1171 3950 est.
1230 3895 1496 3965 Simplam
1560 3895 1987 3952 condemnatio-

394 4004 516 4043 nem
572 3987 797 4051 habent,
858 4003 924 4042 ex
967 3988 1255 4056 stipulatu,
1296 3986 1496 4049 mutui,
1558 4001 1624 4040 ex
1673 3996 1858 4055 empto
1910 3986 1991 4041 lo-

393 4083 523 4143 cati,
552 4079 818 4133 mandati.
840 4078 996 4149 Dupli
1021 4080 1364 4134 exactionem
1386 4078 1612 4144 habent,
1639 4077 1857 4148 Aquilia
1880 4077 1989 4144 lex,

404 4172 618 4225 furtum
664 4187 774 4225 non
814 4169 1203 4236 manifestum,
1238 4169 1577 4240 depositum.
1612 4168 1990 4239 Quadruplum

396 4282 524 4321 vero
577 4266 706 4320 furti
765 4264 1072 4329 manifesti,
1117 4266 1239 4319 aliae
1277 4279 1500 4334 quoque
1537 4263 1720 4318 multae
1745 4265 1992 4319 actiones

396 4361 451 4414 in
481 4361 710 4424 factum,
739 4368 940 4423 metus,
973 4358 1267 4413 calumnia:
1303 4374 1525 4424 rursus,
1556 4368 1611 4413 et
1649 4360 1769 4413 alia:
1813 4360 1987 4414 actio-

396 4468 514 4508 nes.
546 4450 647 4517 Qui
692 4466 757 4505 ex
791 4451 1080 4521 naufragio
1118 4465 1232 4505 rem
1267 4451 1524 4520 rapuit,o
1559 4451 1803 4517 domine,
1836 4451 1988 4521 juste

396 4544 647 4614 rependit
690 4544 917 4614 duplum
964 4543 1337 4615 quadruplum
1382 4544 1578 4599 :aliud
1646 4547 1793 4600 enim
1852 4562 1990 4614 qua-

399 4638 659 4706 druplum
707 4638 840 4692 ﬁsco
891 4637 1268 4707 adjudicatur,
1333 4638 1483 4691 aliud
1550 4639 1715 4693 habet
1766 4638 1991 4693 naufra-

2005 3288 2053 3351 C

2076 1995 2144 2049 Ἢ
2178 1996 2377 2062 μᾶλλον
2400 1995 2463 2048 οὑ
2484 1993 2783 2064 δημεύεται
2816 2008 2831 2023 ⁸
2876 1996 2941 2064 τῇ
2970 1993 3026 2046 δέ
3053 2009 3116 2061 γε
3145 1990 3427 2062 βιασθείσῃ

2084 2089 2149 2142 Ἠ
2179 2090 2370 2159 κτῆσις
2407 2088 2602 2142 τούτου
2637 2088 2904 2159 σύμπασα
2958 2086 3338 2159 προσάπτεται
3391 2082 3614 2145 δικαίως
3650 2095 3665 2111 ⁶

2087 2182 2180 2235 Ἐκ
2206 2182 2263 2234 δέ
2298 2198 2362 2251 γε
2391 2180 2485 2235 τοῦ
2520 2180 2872 2253 τολμήματος
2902 2180 3081 2250 γάμος
3106 2178 3168 2233 οὐ
3189 2177 3497 2239 τελεστέος.

2075 2276 2166 2330 Δεῖ
2203 2274 2344 2328 κατὰ
2376 2275 2477 2345 τὴν
2502 2274 2799 2345 συνήθειαν
2821 2274 2922 2343 τὴν
2950 2272 3122 2327 πάλαι
3153 2271 3527 2335 τυπωθεῖσαν,

2076 2371 2186 2442 Ti};
2214 2367 2420 2441 ἐποχὰς
2449 2368 2784 2440 ἀφίστασθαι
2812 2360 3061 2437 ἀλλήλων
3090 2368 3148 2419 ὲν
3180 2367 3433 2438 θαλάσσῃ

2077 2466 2212 2529 Ταῖς
2238 2464 2531 2535 ἀκριϐέσιν
2567 2463 2845 2531 ὀργυιαῖς,
2884 2464 2978 2515 καὶ
3010 2459 3533 2531 προδιαταχθείσαις

2078 2558 2250 2613 Πέντε
2278 2559 2415 2630 πρὸς
2445 2559 2569 2621 ταῖς
2595 2557 2863 2627 ἑξήκοντα
2892 2555 2989 2608 καὶ
3014 2558 3137 2619 ταῖς
3168 2554 3562 2625 τριακοσίαις·

2090 2653 2180 2717 Ὡς
2211 2648 2350 2706 εἶναι
2376 2651 2437 2705 τὸ
2473 2652 2570 2721 μὲν
2606 2651 2782 2720 ἥμισυ
2815 2649 3011 2703 τούτου
3036 2648 3239 2713 παντὸς
3266 2646 3362 2700 τοῦ
3398 2648 3603 2719 μέτρου

2094 2746 2190 2799 Ἐκ
2218 2745 2328 2798 τῶν
2380 2744 2567 2815 ὁρίων,
2601 2742 2863 2808 δέσποτα,
2889 2741 2983 2795 τοῦ
3015 2758 3080 2810 γε
3110 2741 3343 2811 θατέρου
3379 2741 3603 2811 μέρους,

2082 2838 2260 2909 Μέχρι
2286 2836 2380 2891 τοῦ
2407 2838 2855 2905 γειτονεύσαντος
2874 2835 2971 2888 τοῦ
3000 2832 3194 2888 λοιποῦ
3222 2833 3548 2904 τεταμένον.

2086 2933 2238 3003 Ἔχει
2273 2932 2372 3002 τὴν
2405 2930 2811 2985 ταυτοπάθειαν
2850 2929 2906 2983 εί
2926 2947 3010 2993 τις
3039 2928 3313 2998 τυφλὼσει
3352 2928 3552 2999 κόρας,

2084 3028 2233 3097 Πλὴν
2261 3025 2542 3096 ὀφθαλμὸν
2572 3024 2687 3079 ἀντ’
2709 3022 2993 3094 ὀφθαλμοῦ
3030 3024 3257 3105 εἰκότως
3292 3023 3591 3087 ἀποδώσει,

2085 3120 2148 3173 Εἰ
2173 3120 2231 3172 δέ
2264 3138 2348 3182 τις
2384 3118 2697 3190 ἐξορύξειεν
2731 3120 2978 3189 ὄμματα,
3007 3119 3107 3188 φεῦ
3136 3119 3149 3172 !
3181 3118 3249 3173 τά
3274 3118 3394 3182 δύο,

2084 3212 2259 3274 Ἀὐτὸς
2299 3210 2730 3283 ὲξορυχθήσεται
2759 3210 3043 3280 ὀφθαλμὸν
3076 3211 3174 3264 ἕνα
3217 3211 3411 3281 μόνον,

3282 3303 3439 3359 Vers.
3472 3303 3579 3361 862

2085 3542 2197 3583 non
2250 3534 2443 3583 contra
2502 3526 2776 3593 lueredes,
2839 3524 3307 3595 quemadmodum
3370 3534 3457 3581 es:
3526 3525 3684 3592 furti.

2085 3620 2360 3677 bonorum
2404 3627 2716 3691 raptorum,
2750 3618 3006 3689 Aquiliae,
3049 3618 3263 3683 damni,
3291 3619 3622 3688 injuriarum
3665 3638 3681 3675 :

2089 3713 2137 3769 si
2186 3715 2313 3783 quis
2350 3712 2465 3768 litis
2532 3712 2998 3768 contestationem
3038 3712 3245 3782 ceperit
3282 3713 3335 3765 in
3369 3712 3690 3782 jndiciis,et

2090 3806 2427 3870 bmredibus,
2471 3815 2527 3860 et
2576 3814 2769 3861 contra
2803 3805 3050 3860 hmredes
3108 3804 3293 3859 datur.
3330 3804 3534 3865 Mulier
3564 3814 3691 3876 post

2092 3900 2419 3954 viduitatem
2451 3897 2698 3955 secundo
2731 3912 2840 3953 non
2900 3897 3116 3953 nubcns
3167 3913 3292 3952 eum
3337 3897 3463 3954 [iliis
3489 3897 3692 3953 dividit

2095 3988 2481 4044 hcercditatem
2518 3998 2831 4060 paternam,
2868 3996 2923 4044 et
2952 3988 3219 4059 aqualem
3254 3989 3351 4043 uni
3384 3989 3689 4045 liberorum

2094 4092 2309 4152 partem
2358 4081 2528 4151 capit,
2557 4082 2743 4152 quoad
2778 4097 2964 4148 usum,
3011 4091 3064 4137 et
3103 4081 3287 4153 quoad
3317 4082 3625 4139 dominium
3669 4099 3685 4137 :

2093 4174 2238 4229 idem
2291 4188 2322 4229 e
2344 4188 2618 4229 converso
2646 4174 2853 4230 marito
2901 4175 3191 4244 competit.
3226 4172 3399 4229 Filius
3430 4175 3515 4231 sui
3546 4174 3692 4245 juris

2097 4265 2220 4321 sine
2257 4265 2450 4321 liberis
2489 4265 2793 4329 decedens,
2825 4265 3130 4335 legitimam
3163 4274 3418 4335 quartam
3478 4276 3692 4336 partem

2094 4358 2420 4430 parentibus
2486 4359 2638 4415 dato.
2695 4359 2941 4413 Puellam
3020 4359 3261 4425 violans,
3309 4368 3366 4414 et
3423 4361 3694 4415 violenter

2095 4466 2222 4506 cum
2274 4452 2505 4507 ensibus
2552 4450 2862 4508 barbaricis
2910 4452 3157 4522 rapiens,
3219 4451 3544 4520 plectendus
3606 4460 3695 4506 est

2094 4559 2226 4600 ense
2265 4560 2278 4596 :
2322 4544 2369 4598 si
2401 4544 2521 4598 sine
2550 4543 2718 4598 armis
2764 4545 3032 4615 rapuerit,
3102 4546 3375 4600 bonorum
3438 4544 3695 4612 publica-

2098 4640 2308 4692 tionem
2380 4640 2677 4702 sustineat,
2738 4644 2794 4692 et
2853 4638 2901 4693 ei
2953 4645 3167 4704 manus:
3205 4636 3549 4692 scindatur:
3609 4637 3697 4693 vel

399 4731 547 4800 ginm
601 4745 822 4800 passus.
871 4730 1042 4785 Nemo
1088 4730 1314 4801 proprio
1355 4730 1579 4785 nomine
1628 4731 1683 4785 in
1728 4730 1997 4799 judicium
2027 4739 2082 4800 Ι)
2113 4732 2295 4801 potius
2336 4732 2476 4785 bona
2523 4746 2631 4784 non
2664 4729 3042 4797 publicentur,
3078 4730 3171 4785 sed
3218 4730 3434 4784 violata:
3480 4738 3536 4785 et
3581 4730 3694 4785 vim

401 4829 631 4873 vocatus
664 4821 759 4874 dat
815 4819 1236 4875 satisdationem
1274 4820 1587 4890 judicatum
1619 4822 1758 4875 solvi
1794 4840 1808 4876 :
1843 4824 1982 4877 alie-

405 4929 533 4967 nam
592 4928 722 4969 vero
771 4912 920 4968 litem
955 4912 1257 4984 injudicio
1305 4927 1595 4976 exercens,
1624 4927 1801 4982 neque
1833 4912 1993 4967 exhi-

407 5007 542 5059 bens
635 5004 903 5075 scriptum
968 5006 1287 5060 mandatum
1366 5004 1689 5075 principalis
1766 5006 1993 5073 actoris,

406 5107 557 5153 recte
581 5099 934 5166 compellitur
963 5099 1028 5151 ad
1059 5099 1500 5153 satisdationem.
1534 5096 1794 5162 Quaedam
1824 5098 1995 5153 actio-

407 5206 507 5247 nes
537 5207 603 5245 ει
636 5191 779 5261 lege,
815 5190 1065 5260 quaedam
1136 5208 1200 5246 ex
1267 5190 1766 5246 constitutionibus
1819 5190 1997 5259 impc-

411 5284 645 5339 rialibus
704 5293 985 5353 perpetuae
1048 5294 1201 5347 sunt,
1250 5292 1309 5338 ut
1360 5284 1574 5353 legibus
1636 5281 1862 5352 placuit.
1891 5280 1999 5337 Le-

410 5395 505 5450 ges
574 5387 880 5449 praetorum
918 5387 1116 5432 natura
1173 5391 1367 5430 annua:
1390 5385 1544 5439 sunt,
1577 5360 1632 5430 et
1662 5388 1850 5445 paucae
1878 5374 2001 5443 qui-

409 5470 533 5527 dem
571 5471 845 5541 praztoriaz
875 5471 1127 5525 actiones
1163 5478 1443 5539 perpetua:
1470 5477 1622 5529 sunt,
1650 5476 1710 5521 ut
1733 5466 1799 5521 de
1831 5465 2005 5533 furto,

413 5572 467 5619 et
535 5579 658 5633 quae
698 5563 864 5617 datur
927 5563 1195 5616 bonorum
1260 5558 2003 5631 possessoribuslegitimis.

411 5655 665 5711 Pantales
704 5669 834 5709 vero
890 5655 1138 5710 actiones
1191 5663 1398 5710 vocata:
1434 5653 1634 5709 dantur
1665 5651 2003 5721 hmrcdibus,

489 5884 602 5951 (l2)
630 5886 875 5957 ῐΙοστημ.

2104 4836 2285 4892 passa:
2345 4822 2493 4891 juste
2544 4821 2729 4875 omnia
2795 4821 3166 4891 applicentur,
3214 4834 3520 4877 exeovero
3550 4819 3695 4875 faci-

2104 4930 2237 4971 nore
2272 4917 2474 4983 nuptim
2514 4928 2625 4969 non
2657 4923 2793 4979 sunt
2842 4912 3211 4984 perﬁciendae.
3236 4915 3463 4987 Oportet
3492 4928 3697 4970 secun-

2104 5010 2233 5063 dum
2289 5008 2748 5063 consuetudinem
2834 5008 2963 5063 olim
3049 5006 3359 5062 institutam
3450 5022 3700 5065 remoras

2105 5102 2314 5158 distare
2369 5101 2608 5157 invicem
2640 5103 2694 5155 in
2752 5102 2912 5161 mari.
2982 5100 3195 5157 exactis
3231 5109 3285 5155 et
3310 5099 3698 5170 przrordinatis

2109 5195 2378 5250 trecentis
2412 5198 2697 5262 sexaginta
2730 5194 2981 5264 quinque
2999 5194 3166 5259 ulnis,
3203 5194 3277 5247 ita
3310 5203 3371 5248 ut
3405 5194 3696 5249 dimidium

2107 5289 2290 5345 omnis
2341 5289 2462 5357 ejus
2487 5303 2765 5343 mensura:
2814 5289 2882 5343 ab
2944 5288 3109 5342 unius
3145 5287 3318 5357 partis
3374 5287 3605 5353 ﬁnibus,
3661 5303 3697 5342 o

2108 5381 2352 5447 domine,
2394 5380 2669 5451 reliquum
2718 5380 2785 5434 ad
2833 5380 3075 5434 vicinum
3138 5396 3313 5450 usque
3359 5379 3697 5450 porrigatur.

2112 5474 2170 5528 Si
2205 5474 2329 5543 quis
2359 5473 2598 5542 pupillas
2641 5472 2788 5528 oculi
2823 5474 3202 5538 ocemcaverit,
3229 5472 3360 5527 talio
3383 5480 3467 5527 est
3500 5488 3514 5535 ;
3546 5470 3705 5526 dabit

2111 5564 2256 5619 enim
2315 5576 2373 5619 ut
2409 5581 2506 5636 par
2536 5575 2619 5622 est
2649 5567 2870 5621 oculum
2931 5581 3032 5636 pro
3068 5564 3286 5621 oculo’:
3311 5565 3359 5621 si
3394 5578 3525 5619 vero
3546 5563 3700 5634 quis,

2117 5655 2255 5711 beo!
2292 5657 2482 5714 oculos
2528 5657 2723 5714 ambos
2778 5656 3053 5724 etlodvrit,
3087 5656 3137 5713 ci
3170 5657 3368 5712 unicus
3390 5653 3587 5710 oculus
3621 5652 3714 5708 eti,
