4430 6448
761 398 868 463 955

767 504 915 556 Ἀντ“ι
953 504 1012 559 δὲ
1044 518 1105 575 γε
1135 499 1230 555 τοῦ
1271 502 1576 568 λείποντος,
1606 501 1744 557 δότω
1762 501 1860 573 τὴν
1886 500 2187 571 διμοιρίαν,

754 594 843 663 Τῷ
878 594 1210 664 τυφλωθέντι
1252 594 1383 668 παρ’
1406 594 1573 649 αὐτοῦ
1606 594 1717 649 τῶν
1768 595 1914 648 ἰδίων
1964 591 2329 663 πραγμάτων,

758 683 821 737 El
842 686 887 739 δ’
921 688 1065 739 ἔστιν
1091 685 1450 756 ἀπορώτατος
1471 686 1747 758 ὲξορύχθω
1767 685 1836 740 τὰ
1864 686 1979 741 δύο.

760 780 827 832 Αἰ
856 778 1049 848 ἄποροι
1080 778 1175 832 καὶ
1204 780 1459 849 ἀπροικοι
1491 778 1565 849 μὴ
1591 776 2114 850 δευτερογαμοῦσαι,

758 871 1028 940 Τέταρτον
1057 870 1223 941 μέρος
1240 870 1624 939 λήψονταιτῶν
1653 871 1924 939 ἀνδρικῶν
1965 870 2327 939 πραγμάτων,

755 961 867 1015 Kal
905 961 1097 1014 τούτου
1123 961 1558 1028 δεσποζέτωσαν,
1593 964 1687 1016 καὶ
1714 961 1922 1015 παίδων
1950 961 2326 1030 ὑπαρχόντων.

761 1053 1046 1118 Ἐξαετοῦς
1068 1054 1128 1107 οὐ
1151 1054 1355 1121 γίνεται
1380 1055 1645 1124 μνηστεία
1671 1056 1812 1107 κατά
1844 1053 2062 1123 νόμους.

766 1146 825 1200 '0
856 1149 945 1200 τὸν
984 1148 1196 1216 φυγάδα
1221 1147 1406 1201 δοῦλον
1427 1149 1482 1202 δὲ
1525 1150 1851 1219 πιπράσκων
1880 1148 2216 1218 παρανόμως
2239 1187 2252 1213 ,

751 1240 825 1293 T6
852 1240 1109 1309 διαφέρον
1137 1239 1374 1304 δίδωσιν,
1401 1241 1431 1309 ἣ
1456 1238 1677 1292 διπλοῦν
1698 1240 2037 1295 ἀπαιτεϊται.

832 1330 1191 1401 Ἀτιμουργοὶ
1242 1331 1602 1400 τυγχάνουσιν
1642 1329 1884 1398 ἀγωγαὶ,
1928 1328 2165 1384 δέσποτά
2199 1342 2325 1397 μου,

764 1422 825 1476 'll
846 1422 1026 1493 ὕϐρις,
1057 1426 1090 1493 ἡ
1142 1423 1267 1493 περῖ
1294 1421 1527 1492 κλοπῆς,
1558 1422 1888 1492 ἐπιτροπῆς,
1930 1422 2024 1475 καὶ
2049 1420 2235 1482 δόλου,

757 1516 822 1567 'll
854 1515 982 1584 περὶ
1012 1514 1487 1585 παρακαταθήκης
1513 1531 1595 1579 τε,
1632 1516 1726 1568 καὶ
1748 1515 2006 1585 ἁρπαγῆς
2050 1513 2256 1583 βιαίας,

748 1608 885 1678 Περὶ
921 1608 1129 1675 κλοπῆς
1158 1623 1242 1671 τε,
1271 1606 1531 1673 δέσποτα,
1567 1607 1662 1659 καὶ
1688 1606 1919 1677 ὕϐρεως,
1958 1606 2050 1659 καὶ
2079 1606 2256 1669 δόλου,

745 1700 856 1752 Kal
872 1697 970 1768 τῆς
1013 1698 1194 1767 βιαίας
1226 1698 1483 1767 ἁρπαγῆς
1508 1699 1848 1768 πραγμάτων
1870 1699 2191 1768 ἀλλοτρίων,

744 1790 872 1844 Κάν
908 1792 983 1861 μή
1006 1809 1088 1853 τις
1120 1790 1523 1861 καταδικασοῇ,
1561 1791 1702 1845 ἀλλά
1734 1810 1788 1844 τι
1819 1792 1941 1853 δοὺς
1972 1792 2184 1864 ἀπέλθῃ

746 1882 861 1951 Τῆς
896 1883 1215 1953 καταδίκης,
1242 1884 1487 1951 πέφυκεν
1517 1886 1666 1947 ἐντὸς
1692 1885 1789 1953 τῆς
1811 1884 2057 1950 ἀτιμίας.

744 1975 861 2045 Πρὸ
886 1975 982 2043 τῆς
1018 1977 1075 2028 ὲν
1108 1978 1404 2047 πράγμασι
1435 1977 1626 2046 νομῆς,
1646 1976 1819 2047 νομῆς
1841 1978 1987 2049 ψυχῇ
2024 1979 2118 2031 καὶ
2186 1978 2324 2050 μόνῃ

745 2067 938 2129 Οὐδεὶς
970 2068 1428 2136 ἐπιλαμϐάνεται,
1455 2067 1625 2139 νομὴν
1652 2070 1710 2121 δὲ
1744 2068 1957 2139 σώματί
1990 2088 2081 2138 μοι

746 2160 1154 2230 Παραδοθείσαν
1178 2158 1413 2226 δύναμαι
1446 2160 1592 2232 ψυχῇ
1627 2162 1763 2233 μόνῃ
1800 2162 2108 2230 φυλάττειν.

746 2250 819 2303 Τὸ
846 2250 1063 2302 οὺνδεὸὶ
1093 2251 1425 2320 ίντέρδικτον
1459 2254 1663 2305 νοεῖται
1694 2253 2109 2323 προσηκόντως,

746 2345 814 2397 Εἰ
832 2362 915 2408 τις
955 2344 1047 2396 τὸν
1067 2344 1259 2413 ἔχοντα
1282 2343 1452 2415 νομὴν
1487 2345 1815 2416 πράγματος
1843 2346 2126 2416 ἀκινήτου,

746 2439 858 2507 Τῆς
884 2438 1053 2508 νομῆς
1093 2438 1438 2502 ἀπελάσειεν,
1466 2438 1540 2498 ὡς
1570 2439 1745 2507 βίαιος
1778 2439 1875 2509 τὴν
1896 2439 2144 2511 γνώμην,

747 2530 869 2583 Κάν
911 2530 1009 2598 μὲν
1034 2526 1101 2601 ἦν
1126 2532 1158 2601 ἡ
1180 2530 1435 2600 ἀκίνητος
1459 2531 1651 2600 κτῆσις
1684 2531 1779 2584 τοῦ
1814 2533 2116 2603 νεμομένου

748 2622 1157 2693 Είσπράττεται
1189 2625 1282 2676 καὶ
1310 2625 1409 2692 τὴν
1435 2626 1608 2695 νομὴν
1632 2626 1730 2695 τὴν
1761 2626 2099 2696 ἀποτίμησιν
2136 2643 2216 2680 τε.

752 2715 810 2767 Εί
842 2716 887 2767 δ’
918 2711 985 2786 ῆν
1016 2717 1178 2779 αὐτὸς
1200 2718 1227 2770 6
1258 2716 1430 2785 βίαιος
1468 2718 1563 2771 τοῦ
1588 2718 1914 2789 πράγματος
1940 2719 2229 2789 δεσπότης,

751 2807 863 2877 Τῆν
892 2806 1081 2861 τούτου
1110 2808 1328 2872 πάντως
1370 2809 1628 2878 στέρησιν
1676 2808 1789 2881 ἔχει
1826 2812 2019 2879 ποινὴν
2072 2814 2171 2880 τῆς
2206 2809 2326 2863 τόλ-

2096 2900 2254 2972 [μης.

822 2992 1032 3059 Ὄνομα
1055 2990 1273 3058 γενικόν
1322 2993 1470 3045 ἐστιν
1501 2993 1529 3045 6
1554 2992 1837 3062 δανειστὴς
1858 2992 1937 3063 τῷ
1962 2991 2115 3062 νόμῳ

753 3080 866 3143 Πᾶς
896 3081 1003 3149 γὰρ
1025 3084 1052 3134 6
1079 3081 1526 3152 χρεωστούμενος
1563 3083 1620 3146 ἐξ
1652 3083 1873 3136 οἱασοῦν
1896 3083 2079 3146 αἰτίας

765 3173 858 3224 Ἐκ
885 3173 1048 3240 νόμου
1078 3173 1359 3243 δανειστὴς
1391 3175 1506 3227 ἐστι
1541 3172 1635 3227 τοῦ
1664 3174 2151 3246 κεχρεωστημένου

754 3264 864 3316 Kal
896 3262 1056 3319 πάλιν
1088 3265 1242 3328 ἄλλος
1274 3264 1556 3337 δανειστὴς
1591 3266 1773 3329 ίὸικῶς
1799 3268 2158 3339 κεκλημένος,

756 3538 1018 3603 fodiatur,
1054 3544 1109 3590 at
1152 3535 1201 3592 is
1229 3551 1331 3607 pro
1393 3537 1607 3608 reliquo
1634 3536 1919 3593 dimidiam
1960 3547 2169 3609 partem
2224 3545 2326 3600 bo-

755 3645 951 3684 norum
999 3637 1271 3684 occaecato
1312 3627 1487 3683 dato:
1538 3630 1585 3683 si
1629 3628 1704 3684 sit
1757 3631 2162 3700 pauperrimus,
2216 3633 2330 3690 duo

753 3723 1105 3778 elIodiantur.
1166 3721 1428 3776 lndotatte
1457 3731 1511 3777 et
1545 3735 1817 3791 pauperes
1869 3722 2151 3790 mulieres,
2210 3740 2334 3796 qua:

756 3815 821 3868 ad
878 3814 1149 3869 secundas
1202 3814 1422 3885 nuptias
1477 3829 1585 3868 non
1620 3814 2003 3883 convolarunt,
2061 3817 2333 3875 bonorum

758 3909 941 3962 mariti
1019 3918 1272 3978 quartam
1360 3916 1568 3978 partem
1614 3908 1912 3978 accipiant,
1968 3910 2129 3981 cujus
2207 3927 2334 3982 pro-

758 4000 1044 4070 prietatem
1096 4001 1261 4055 etiam
1315 4000 1507 4056 liberis
1562 4002 1960 4058 cxsistentibus
1988 3994 2335 4074 consequan-

759 4104 872 4148 tur.
943 4092 1214 4148 Sexennis
1290 4092 1596 4148 secundum
1659 4094 1805 4162 leges
1868 4096 2148 4164 sponsalia
2222 4112 2331 4153 non

761 4185 1058 4239 contrahit.
1121 4183 1350 4240 Servum
1389 4184 1679 4255 fugitivum
1732 4194 1923 4240 contra
1958 4188 2329 4257 legesemens,

762 4279 813 4334 id
845 4279 991 4349 quod
1014 4279 1247 4334 interest
1308 4278 1491 4343 solvit,
1517 4286 1571 4333 et
1628 4277 1697 4333 ab
1726 4293 1791 4333 eo
1820 4278 2044 4349 duplum
2073 4281 2335 4350 exigitur.

832 4371 1088 4425 Actiones
1138 4384 1259 4439 qua:
1307 4368 1594 4433 infamant,
1633 4370 1705 4423 mi
1741 4370 1981 4435 domine,
2017 4378 2149 4423 sunt
2187 4370 2334 4441 inju-

761 4462 967 4517 riarum
994 4500 1011 4527 ,
1072 4462 1225 4527 l'nrti,
1272 4461 1478 4524 tutelae,
1510 4459 1641 4526 doli,
1674 4461 1929 4531 depositi,
1961 4462 2010 4517 vi
2062 4463 2332 4518 bonorum

762 4565 1067 4627 raptorum.
1116 4554 1273 4608 Furti
1346 4554 1589 4623 quidem,
1655 4553 1896 4619 domine,

764 4652 895 4717 doli,
926 4659 980 4705 et
1015 4648 1064 4711 vi
1118 4647 1249 4703 bon.
1287 4656 1431 4718 rapt.
1474 4648 1637 4702 etiam
1683 4648 1731 4702 si
1787 4648 1913 4717 quis
1938 4649 2333 4705 condemnatus

763 4758 870 4798 non
926 4743 1019 4806 sit,
1063 4741 1160 4797 sed
1221 4740 1355 4811 quid
1409 4740 1591 4795 dando
1649 4740 2160 4794 condemnationem
2193 4739 2330 4795 etIn-

762 4837 923 4906 gerit,
978 4845 1205 4890 notatur
1256 4834 1504 4891 infamia.
1558 4836 1697 4889 Ante
1758 4834 1959 4888 realem
2029 4835 2333 4902 possessio-

764 4946 910 4993 nem,
976 4945 1136 4983 nemo
1179 4929 1295 4984 solo
1349 4929 1534 4981 animo
1593 4927 1997 4995 possessionem
2026 4934 2331 4993 recuperat.

765 5019 1182 5075 Possessioncm
1234 5034 1362 5074 vero
1425 5031 1656 5086 corpore
1683 5016 1815 5068 mihi
1850 5015 2176 5083 acquisitam
2208 5032 2332 5085 pos-

765 5128 887 5167 sum
939 5111 1058 5165 solo
1112 5111 1296 5165 animo
1354 5111 1609 5163 retinere.
1668 5106 2017 5163 Interdietnm
2070 5110 2214 5162 unde
2276 5120 2333 5161 nt

765 5202 1155 5258 convenienter
1183 5200 1528 5269 intelligitur,
1562 5198 1607 5253 si
1641 5198 1764 5268 quis
1814 5212 1939 5251 eum
1965 5196 2059 5265 qni
2088 5197 2332 5266 possidet

766 5311 880 5349 rem
933 5293 1290 5356 immobilem,
1354 5292 1703 5361 possessione
1746 5289 2046 5360 deiecerit;
2086 5289 2133 5343 si
2185 5288 2331 5344 enim

766 5388 981 5444 sciatis
1014 5388 1107 5457 qui
1152 5388 1257 5439 vim
1314 5385 1478 5439 infert
1504 5400 1621 5438 eam
1676 5398 1788 5437 rem
1845 5383 2175 5437 immobilem
2211 5396 2333 5438 esse

766 5479 1128 5549 possidentis,
1173 5477 1450 5546 possessio
1487 5484 1541 5531 et
1562 5476 1855 5531 aestimatio
1886 5476 1953 5528 ab
1980 5490 2045 5530 eo
2073 5474 2327 5544 exigitur:

768 5573 813 5625 si
850 5588 979 5626 vero
1011 5571 1104 5640 qui
1130 5572 1235 5623 vim
1284 5570 1470 5635 infert,
1513 5568 1593 5623 rei
1623 5582 1891 5637 possessa:
1933 5568 2005 5620 sit
2053 5566 2329 5625 dominus.

766 5675 995 5719 conatus
1029 5679 1246 5734 poenam
1281 5663 1538 5730 sustinet,
1565 5660 1933 5717 omnimodam
1980 5661 2190 5715 scilicet
2215 5659 2331 5728 ejus

768 5757 846 5810 rei
870 5755 1251 5823 privationem.

836 5848 1135 5905 Creditoris
1168 5861 1370 5905 nomen
1398 5846 1515 5919 lege
1571 5845 1820 5917 generale
1870 5852 1985 5913 est,
2026 5842 2333 5912 cuicunque

2011 384 2439 447 MICIIAELIS
2467 386 2741 449 PSELLI

2356 503 2410 565 Α
2436 500 2628 564 Ὅστις
2657 500 3090 574 ἀπηριθμήσατο
3120 500 3200 572 τῷ
3230 501 3480 575 χρεώστῃ
3513 505 3760 573 χρυσίον,

3909 394 4013 454 956

2440 593 2509 645 Ἦ
2537 593 2771 663 πρᾶγμά
2794 610 2844 647 τι
2867 593 3282 665 σταθμώμενον,
3305 594 3401 648 καὶ
3426 596 3798 666 μετρούμενον
3832 603 4011 667 φύσει,

2441 684 2618 756 Ὅπερ
2648 684 2799 739 ἐστὶν
2826 685 2881 739 δὲ
2915 684 3165 756 πόνδερε,
3191 685 3449 757 νούμερο,
3482 689 3753 758 μενσουρά
3789 706 3871 752 τε,

2440 775 2579 832 Ὅσα
2622 776 2888 848 σταθμοῦ,
2938 779 3034 833 καὶ
3084 777 3283 850 μέτρου
3336 796 3415 846 τε,
3461 779 3554 833 καὶ
3604 781 3840 850 ἀριθμοῦ
3883 800 4011 851 τυγ-

3746 870 3944 942 ἱκάνει.

2438 962 2668 1031 Πόνδερε
2701 961 2801 1032 μὲν
2824 957 2936 1016 οἷον
2966 962 3189 1034 χρυσὸς,
3219 964 3480 1035 ἄργυρος,
3519 964 3778 1035 μόλυϐδος
3811 983 3897 1028 τε,

2434 1055 2691 1125 Νοῢμμοι
2717 1055 2906 1110 λεπτοὶ
2930 1058 2999 1111 τὰ
3023 1057 3259 1129 νούμερο
3283 1054 3426 1122 οἶνος
3454 1057 3524 1111 τὰ
3555 1060 3829 1128 μὲνσουρά
3862 1076 3941 1111 τε.

2435 1148 2558 1202 Τῶν
2590 1149 2649 1201 δὲ
2673 1148 2898 1202 δανείων
2922 1151 3166 1219 πέφυκεν
3200 1153 3233 1220 ή
3265 1150 3533 1221 διαίρεσις
3563 1152 3727 1222 αὕτη,

2434 1240 2516 1293 ra
2548 1242 2649 1311 μὲν
2688 1242 2796 1313 γὰρ
2822 1241 3160 1313 ὲνυπόθηκα,
3192 1243 3262 1295 τά
3295 1243 3341 1295 δ’
3368 1244 3496 1297 ἄνευ
3522 1244 3808 1316 ὑποθήκης
3836 1262 3848 1276 ·

2435 1331 2542 1383 Kal
2563 1332 2670 1385 τῶν
2694 1333 3044 1402 ὲνυποθήκων
3078 1333 3133 1386 δὲ
3157 1333 3386 1387 δανείων
3412 1333 3747 1404 λεγομένων,

2432 1423 2515 1476 Τὰ
2547 1423 2644 1494 μὲν
2673 1423 2787 1494 ἔχει
2821 1426 3113 1495 προνόμια,
3147 1426 3214 1479 τά
3234 1425 3277 1479 δ’
3298 1425 3425 1479 ἄνευ
3450 1428 3762 1497 προνομίων
3790 1445 3801 1458 ·

2434 1516 2543 1568 Kal
2565 1515 2635 1568 τά
2660 1516 2758 1586 μὲν
2787 1517 3109 1587 ἀνυπὸθηκα
3134 1519 3465 1588 προσωπικά
3496 1535 3585 1587 μοι
3610 1518 3757 1587 λέγε,

2432 1609 2514 1663 Τά
2548 1609 2593 1663 δ’
2622 1609 2911 1681 ὑποθήκην
2940 1609 3133 1680 ἔχοντα
3162 1611 3527 1680 πραγματικά
3558 1611 3805 1680 κλητέον,

2430 1702 2543 1757 Kal
2576 1704 2643 1756 τὰ
2679 1703 2777 1773 μὲν
2814 1704 3217 1773 προγενέστερα
3248 1704 3485 1773 δημόσια
3512 1704 3587 1772 τῷ
3612 1707 3789 1774 χρόνῳ

2432 1792 2783 1865 Προτιμητὲα
2815 1794 3028 1863 πέφυκε
3066 1794 3243 1863 χρεῶν
3270 1794 3662 1863 ὲνυποθήκωνκ

2429 1882 2539 1935 Καὶ
2570 1883 2670 1951 τῆς
2700 1884 2924 1953 προικὸς
2956 1884 3151 1950 αὐτῆς,
3184 1886 3330 1951 φημὶ
3362 1885 3460 1953 τῆς
3518 1885 4013 1953 μεταγενεστέρας.

2428 1972 2726 2043 Δανειστῆς
2754 1973 2797 2026 δ’
2829 1973 3168 2041 ὲνυπόῦηκος
3194 1974 3333 2043 ἔχων
3366 1976 3748 2042 προγενεεσὶαν,

2428 2064 2549 2118 Κᾶν
2574 2066 2824 2135 γενικὴν,
2866 2066 2967 2119 κᾶν
3002 2065 3199 2135 ίδικὴν,
3230 2066 3325 2118 τοῦ
3362 2069 3830 2136 μεταγενεστέρου

2429 2158 2806 2228 Προτιμητέος
2836 2157 3051 2226 πέφυκε
3085 2159 3321 2212 πάντοτε
3353 2160 3637 2230 δημοσίου.

2440 2250 2505 2303 Ἦ
2532 2250 2694 2320 προὶξ
2715 2251 2770 2304 δὲ
2808 2250 2904 2304 καὶ
2941 2250 3049 2304 τῶν
3076 2251 3373 2305 δανειστῶν
3402 2252 3511 2304 τῶν
3538 2252 3931 2325 ὑποθηκαρίων

2430 2342 2781 2414 Προτιμητὲα
2807 2344 3013 2412 πέφυκε
3035 2345 3129 2395 καὶ
3155 2345 3616 2415 μεταγενεστέρα.

2430 2435 2551 2487 Εἰσὶ
2578 2434 2622 2487 δ’
2655 2436 2820 2504 ’ἐτερα
2852 2434 3039 2489 δάνεια
3064 2437 3175 2488 τῶν
3202 2440 3704 2508 μεταγενεστέρων,

2429 2530 2541 2599 Τὴν
2567 2529 2800 2598 δύναμιν
2826 2532 3126 2598 κινήσαντα
3152 2532 3249 2599 τῆς
3284 2531 3509 2599 προικὸς
3542 2532 3861 2601 παραδόξως

2441 2623 2660 2675 Ὀποῖον
2686 2622 2749 2674 τὸ
2778 2622 3056 2691 διδόμενον
3084 2624 3433 2685 ἀκοντισταῖς
3464 2626 3575 2686 τοῖς
3609 2626 3865 2694 πρώτοις,

2430 2714 2539 2767 Kal
2565 2715 2626 2767 τὺ
2659 2715 2931 2786 προφάσει
2962 2714 3243 2767 δανεισθὲν
3276 2718 3565 2785 στρατείας
3592 2717 3929 2788 ὡνουμένης.

2442 2807 2532 2873 Ἐξ
2569 2808 2692 2876 λέγε
2716 2808 3095 2871 κονδικτίκιος,
3133 2809 3417 2877 εἴσπραξίς
3448 2827 3529 2871 τις
3560 2810 3623 2862 ἐκ
3646 2812 3830 2879 νόμου.

2432 2899 2725 2968 Δανειστὴς
2745 2898 2790 2951 δ’
2822 2898 3167 2968 ὲνυπὸθηκος
3199 2900 3308 2951 τῶν
3343 2903 3843 2972 μεταγενεστέρων,

2431 2992 2577 3063 Νικᾷ
2609 2991 2700 3045 τὸν
2739 2991 3083 3061 ἀνυπόθηκον
3111 2992 3206 3045 καὶ
3238 2994 3664 3062 προγενέστερόν
3690 3013 3826 3058 πως.

2432 3085 2661 3155 Μάρτυς
2686 3084 2836 3137 ἐστὶν
2870 3083 3178 3154 ἀπόϐλητος
3217 3086 3323 3147 πᾶς
3352 3085 3379 3137 6
3415 3084 3831 3155 διεφθαρμένος,

2358 3173 2402 3236 C
2448 3180 2507 3231 '0
2550 3181 2737 3248 μῖμος,
2770 3180 2799 3231 6
2829 3176 3140 3245 θυμελικδς,
3174 3179 3269 3230 καί
3298 3180 3325 3230 ὁ
3348 3177 3706 3248 θηριομάχος,

2436 3266 2548 3322 Kal
2572 3269 2687 3322 ὅσοι
2715 3266 3118 3338 κατεκρίθησαν
3152 3269 3211 3320 ἐν
3242 3270 3353 3331 τοῖς
3387 3269 3778 3339 δικαστηρίοις.

3626 3358 3779 3415 Vers.
3835 3362 3939 3417 922

2432 3543 2579 3603 enim
2615 3556 2683 3598 ex
2743 3552 3079 3611 quacunque
3130 3550 3298 3592 causa
3354 3536 3579 3593 debetur
3636 3540 3873 3595 creditor
3924 3550 4010 3596 est

2432 3634 2697 3693 debitoris
2729 3646 2795 3688 ex
2852 3632 2971 3703 lege
3003 3647 3017 3685 :
3052 3640 3112 3687 et
3162 3645 3355 3685 rursus
3390 3632 3605 3700 proprie
3643 3646 3869 3686 vocatur
3893 3649 4009 3688 cre-

2434 3729 2601 3794 ditor,
2636 3726 2728 3797 qui
2758 3724 3046 3794 pecuniam
3082 3722 3316 3778 debitori
3351 3726 3680 3789 numeravit,
3721 3725 3836 3779 sive
3873 3743 4007 3791 rem,

2431 3838 2553 3894 qua:
2574 3831 2766 3877 natura
2788 3820 3048 3891 penditur
3092 3827 3186 3872 aut
3237 3827 3609 3883 mcnsnratur,
3661 3818 3711 3872 id
3745 3827 3849 3882 est,
3887 3836 4010 3888 qum

2433 3913 2970 3982 pondere,numero,
3020 3920 3113 3964 aut
3167 3924 3426 3965 mensura
3482 3918 3718 3965 constat.
3761 3911 4009 3967 Pondere

2432 4004 2675 4076 quidem,
2702 4001 2883 4073 qualia
2910 4011 3059 4064 sunt,
3087 4010 3397 4071 argentum,
3423 4016 3639 4067 aurum,
3678 4004 3959 4074 plumbum
3990 4024 4003 4059 :

2434 4109 2686 4161 numero,
2720 4095 2915 4148 minuti
2956 4094 3164 4147 nummi
3202 4109 3215 4146 :
3270 4108 3550 4159 mensura,
3604 4097 3812 4151 vinum.
3845 4097 4004 4154 Debi-

2434 4194 2617 4242 torum
2649 4186 2763 4239 haec
2785 4193 2869 4240 est
2901 4184 3119 4252 divisio,
3169 4185 3271 4238 alia
3312 4195 3441 4241 sunt
3492 4202 3615 4241 cum
3679 4188 4006 4259 liypotheea,
4084 4222 4093 4233 -

2437 4281 2543 4335 alia
2601 4280 2720 4336 sine
2761 4279 3110 4350 liypotheea:
3157 4294 3345 4333 eorum
3400 4295 3519 4349 quae
3549 4282 4005 4352 cnmliypotbeca

2438 4377 2590 4435 sunt,
2625 4370 2729 4423 alia
2793 4368 2997 4423 habent
3030 4368 3335 4438 privilegia.
3382 4370 3486 4422 alia
3551 4371 3668 4424 sitne
3719 4373 4005 4440 privilegio

2439 4472 2591 4519 sunt.
2622 4461 2755 4528 Quae
2777 4462 2896 4516 sine
2938 4461 3239 4531 ltypotlicca
3255 4473 3406 4525 sunt,
3460 4464 3771 4530 persnnnlia
3795 4466 3963 4518 dicito
3992 4485 4001 4518 :

1978 4555 2331 4625 injuriarum,
2359 4571 2413 4631 Ῑ)
2439 4570 2561 4626 quae
2590 4553 2952 4625 Itypotltecam
2996 4553 3197 4607 habent
3229 4551 3392 4605 realia
3431 4554 3691 4605 vocanda.
3721 4554 3782 4606 Et
3803 4556 4005 4608 tisealia

2437 4647 2659 4718 quidem
2692 4646 2870 4700 debita
2896 4644 3083 4713 priora
3107 4652 3374 4713 tempore,
3406 4644 3616 4712 potiora
3646 4655 3775 4697 sunt
3806 4644 4006 4699 debitis

2435 4754 2560 4795 cum
2598 4738 2928 4809 liypotlieea,
2957 4737 3067 4792 imo
3099 4746 3149 4790 et
3185 4737 3334 4799 dote,
3377 4736 3498 4789 dico
3524 4744 3705 4789 autem
3744 4736 3787 4788 si
3820 4746 4003 4803 poste-

2436 4832 2582 4885 riora
2619 4830 2749 4883 sint.
2814 4828 3068 4882 Creditur
3116 4828 3543 4897 hypotliecarius
3600 4828 3807 4879 lialiens
3863 4826 4004 4893 prioo

2436 4923 2672 4987 ritatem,
2703 4921 2817 4974 sive
2856 4936 2917 4972 ex
2948 4920 3210 4990 generali,
3266 4918 3379 4971 sive
3422 4932 3486 4970 ex
3537 4917 3853 4985 particulari
3899 4917 3999 4985 lzy-

2438 5017 2685 5085 potheea,
2737 5014 2869 5066 liseo
2902 5013 3205 5080 pnstcrinre
3252 5026 3466 5078 semper
3519 5010 3697 5078 potior
3757 5016 3858 5062 est.
3897 5008 4002 5063 Dos

2436 5108 2559 5162 licet
2618 5107 2912 5176 posterior,
2980 5105 3158 5174 potior
3225 5111 3309 5157 est
3382 5111 3561 5155 tamen
3636 5100 4004 5155 creditoribus

2437 5200 2859 5272 liypotlieeariis.
2921 5197 3062 5251 Sunt
3113 5196 3216 5249 alia
3288 5195 3591 5264 posteriora
3652 5193 3833 5247 debita
3884 5206 4004 5261 quae

2437 5294 2692 5348 virtutem
2754 5290 2898 5345 dotis
2943 5290 3139 5342 mirum
3189 5289 3240 5340 in
3281 5287 3500 5341 modum
3533 5294 3773 5348 movent,
3809 5298 4003 5352 quem-

2437 5385 2728 5439 admodum
2761 5380 2906 5451 quod
2942 5380 3252 5449 primipilis,
3308 5391 3359 5431 et
3395 5379 3538 5447 quod
3587 5377 3793 5430 militiae
3816 5390 4003 5430 emen-

2437 5474 2519 5529 dae
2552 5489 2717 5528 causa
2738 5473 3001 5527 creditur.
3055 5470 3345 5525 Condit-tio
3393 5487 3455 5521 ex
3492 5471 3605 5539 lege
3644 5467 3864 5529 dicitur,
3912 5480 4003 5521 re-

2438 5569 2627 5639 petitio
2686 5568 2933 5638 qua-dam
2986 5584 3013 5618 a
3061 5566 3175 5631 lege
3227 5565 3470 5618 indueta.
3522 5562 3774 5617 Creditor
3838 5561 4006 5629 hypo-

2437 5662 2717 5717 tliecarius
2771 5660 2935 5714 etiam
2982 5660 3277 5727 posterior,
3308 5658 3474 5710 vincit
3508 5656 3830 5708 creditorem
3893 5669 4003 5708 non

2438 5750 2863 5821 ltypotliecarum
2898 5749 3157 5818 priorem.
3216 5746 3561 5816 “ejiciendus
3587 5755 3668 5799 est
3700 5744 3852 5799 testis
3877 5759 4002 5798 eor-

2437 5848 2653 5912 ruptus,
2684 5840 2908 5908 mimus,
2955 5840 3303 5911 thymelicns,
3338 5839 3627 5910 gladiator,
3687 5838 3775 5907 qui
3812 5845 4002 5891 contra
