4430 6448
425 391 530 460 95Ἱ

1717 374 2079 438 SYNOPSIS
2107 375 2399 439 LEGUM.

3583 385 3692 449 958

438 506 526 568 Ὧς
555 501 890 571 συκοφάνται
926 499 1024 571 μὲν
1057 496 1255 569 μοιχοὶ,
1312 493 1343 563 ἢ
1383 490 1589 562 κλοπὴν
1629 488 2007 561 εἰργασμένοι,
2034 491 2089 551 Α
2112 486 2177 542 Ei
2207 487 2494 562 δανειστὴς
2524 488 2804 555 ἀπόδειξιν
2837 489 3128 560 ποιήσεται
3160 490 3254 545 τοῦ
3285 490 3503 563 χρέους,

428 597 545 650 Οὐκ
580 594 697 647 ἔστι
726 592 938 664 μάρτυς
972 590 1193 661 άνηὸος,
1219 585 1339 639 οὐδὲ
1366 583 1476 637 τῶν
1510 580 1787 652 γυναικῶν
1814 595 1899 643 τις
1921 620 1936 644 ,

429 689 493 742 Εἰ
517 687 563 740 δ’
596 686 712 739 ἔστι
752 685 810 737 τὸ
839 682 1135 753 γενέμενον
1164 678 1240 750 μὴ
1261 677 1564 746 δυνάμενον
1599 674 1731 729 Θέαν

444 778 729 849 Ἀνδρικὴν
757 773 1154 837 καταδέξασθαι
1178 771 1438 840 γυναῖκες
1472 764 1829 839 μαρτυροῦσι.

434 874 545 927 Καὶ
583 870 771 932 δοῦλος
806 870 885 920 έτι
921 868 1192 938 μαρτυρεῖ
1222 867 1280 917 έν
1308 863 1502 917 σπάνει
1555 860 1665 915 τῶν
1717 858 2012 930 μαρτύρων

433 963 526 1025 Εἰς
564 961 709 1015 ἅπαν
741 959 870 1014 άλλο
899 958 1213 1028 πρόσωπον,
1242 956 1373 1009 ἄνευ
1406 952 1573 1006 αὐτοῦ
1608 949 1896 1004 δεσπότου.

434 1056 498 1108 Οἱ
520 1054 565 1107 δ’
586 1054 855 1115 ἀσθενεῖς,
876 1050 971 1103 καὶ
990 1050 1266 1120 γέροντες,
1295 1045 1392 1101 σύν
1417 1062 1479 1114 γε
1497 1046 1610 1106 τοῖς
1626 1040 2011 1115 στρατιώταις,

435 1149 546 1202 Ka‘.
579 1147 629 1200 οί
653 1142 1160 1217 πρωτοσπαοάριοι,
1197 1139 1339 1210 μετὰ
1362 1138 1470 1191 τῶν
1497 1137 1711 1207 ἱερέων,

436 1239 512 1292 Οὐ
540 1233 914 1308 μαρτυροῦσιν
942 1233 1190 1296 ἄκοντες,
1217 1230 1333 1285 ἀλλ’
1356 1228 1621 1291 ἑκουσίως
1655 1226 1838 1297 μόνον.

448 1329 769 1400 Ἀρχιερεὺς
801 1327 862 1379 οὑ
895 1325 1184 1397 μαρτυρεῖ,
1215 1321 1326 1375 οὔτ’
1356 1321 1529 1384 ἄκων,
1562 1318 1676 1373 οὗθ’
1711 1316 1851 1373 ἑκών
1879 1334 2013 1383 πως.

436 1424 576 1486 Τοὺς
602 1422 645 1476 δ’
677 1421 868 1485 ἄλλους
892 1419 1265 1489 άναγκάσειας
1291 1417 1590 1487 μαρτυρεῖν
1613 1413 1909 1479 ἀκουσίως,

441 1517 551 1570 Καὶ
588 1515 789 1587 μᾶλλον
819 1514 868 1567 εί
894 1513 1181 1583 τυγχάνων
1204 1528 1290 1574 τις
1308 1510 1419 1563 τῶν
1441 1508 1909 1579 καταδεεστέρων,

440 1610 579 1679 Πρὸς
597 1607 767 1679 ἄνδρα
797 1608 952 1677 δίκην
980 1606 1142 1675 ἔλαχε
1172 1605 1280 1657 τῶν
1329 1604 1421 1656 ἐπὶ
1440 1600 1805 1665 δυναστείαις,

439 1701 751 1756 Κάκιτεῦθεν
782 1699 1152 1763 ὑποκλάζουσι
1177 1698 1294 1769 (15)
1327 1697 1406 1768 τῷ
1433 1696 1585 1767 φόϐῳ
1604 1694 1701 1749 τοῦ
1732 1694 2017 1757 δυνάστου,

442 1794 548 1849 Ka‘t
570 1794 667 1847 τοῦ
686 1794 916 1863 πένητος
936 1792 985 1844 οἱ
1007 1790 1306 1862 μάρτυρες,
1326 1789 1446 1843 τότε
1473 1789 1581 1859 γάρ
1609 1787 1701 1841 καὶ
1724 1786 1857 1857 πρὸς
1874 1784 2017 1856 βίαν.

440 1887 532 1949 Εἰς
563 1884 870 1955 μαρτυρίαν
898 1881 1172 1946 ἕλκονται,
1205 1880 1300 1934 καὶ
1322 1881 1370 1934 τ’
1400 1879 1599 1950 ἀληθὲς
1629 1878 1860 1932 τιθέναι.

450 1976 737 2047 Ἀρκοῦσιν
771 1976 849 2037 είς
876 1974 1181 2047 καταϐολὴν
1211 1973 1306 2027 δύο
1344 1975 1516 2042 qur/al.
1557 1972 1873 2048 μαρτύρων,

438 2070 503 2124 Ei
536 2071 694 2141 λίτρα
732 2071 867 2141 μόνη
906 2069 1153 2138 πέφυκεν
1183 2068 1216 2137 ἡ
1246 2065 1717 2136 καταϐαλλομένη.

440 2165 503 2217 Ei
531 2164 588 2217 δέ
616 2181 669 2216 τι
698 2163 859 2217 πλέον
894 2163 1134 2231 πέφυκε,
1162 2163 1312 2231 τρεῖς
1344 2160 1629 2231 μάρτυρας
1656 2158 1897 2214 δεκτέον.

451 2259 574 2311 Ἐπὶ
602 2257 658 2310 δὲ
692 2255 1041 2318 καταθέσεως
1068 2254 1231 2307 πέντε
1257 2254 1540 2324 μάρτυρας
1564 2252 1742 2323 δέχου,
1833 2291 1837 2295 .

440 2351 550 2413 Τὰς
580 2349 637 2404 δέ
668 2348 717 2418 γ’
752 2350 816 2401 ὲκ
843 2347 939 2401 τοῦ
966 2348 1311 2417 παρήκοντος
1334 2345 1522 2399 ἁθέτει
1561 2344 1893 2416 μαρτυρίας,

442 2442 503 2495 Ei
532 2441 687 2497 λάϐοι
718 2459 801 2504 τις
830 2443 887 2494 ἐν
911 2440 1235 2511 γράμμασιν
1263 2442 1327 2492 ὲκ
1352 2436 1634 2492 δανειστοῦ
1684 2457 1737 2492 τι
1766 2437 1943 2510 χρέος,

454 2535 788 2599 Ἀποδιδοὺς,
816 2533 1092 2596 ἀπόδειξιν
1127 2530 1404 2603 ἔγγραφον
1434 2530 1781 2602 λαμϐανέτω,

442 2625 622 2695 Τριῶν
660 2621 954 2693 μαρτύρων
983 2621 1213 2692 ἔχουσαν
1244 2622 1568 2690 ὑπο-γραφὰς
1609 2619 1834 2690 βεϐαίας
1862 2637 1874 2650 ·

446 2719 505 2769 Εἰ
534 2717 591 2769 δὲ
618 2715 694 2787 μὴ
720 2715 879 2769 τοῦτο
907 2713 1185 2785 δράσειεν,
1219 2709 1377 2774 αὖθις
1426 2711 1611 2782 ἔνοχος
1642 2711 1817 2776 ἔσται,

444 2808 504 2859 Ei
560 2810 634 2877 μή
664 2824 727 2875 γε
767 2805 928 2857 πέντε
954 2805 1237 2873 μάρτυρες
1265 2802 1473 2855 εἴποιεν
1504 2800 1898 2872 παραχθέντες,

451 2902 539 2963 Ὠς
572 2900 795 2967 γέγονεν
819 2894 1091 2960 ἀπόδειξις
1113 2894 1205 2948 τοῦ
1230 2898 1739 2965 κεχρεωστημένου,

444 2997 514 3047 Ἤ
551 2993 757 3046 τούτων
790 2990 912 3045 κατ’
941 2987 1199 3053 ἐνώπιον,
1225 2989 1253 3040 ό
1288 2987 1572 3058 δανειστὴς
1597 2988 1826 3056 ἐξείποι,

454 3084 772 3140 Ἀπολαδεῖν
802 3082 861 3138 τὸ
885 3080 1015 3136 ἴδιον
1038 3079 1198 3152 χρέος
1225 3081 1291 3134 ὲκ
1320 3080 1415 3134 τοῦ
1438 3080 1735 3152 χρεώστου.

448 3379 653 3437 bestias
698 3382 925 3448 pugnat,
965 3381 1021 3428 et
1057 3372 1372 3442 quicunque
1409 3370 1464 3426 in
1497 3371 1725 3443 judiciis
1775 3374 2022 3434 damnati

451 3480 602 3534 sunt,
635 3478 697 3525 ut
745 3465 1195 3531 calumniatores;
1240 3463 1415 3526 fures,
1467 3464 1723 3521 adulteri.
1775 3466 2031 3539 lmpubes

453 3560 612 3615 testis
662 3571 771 3612 non
804 3564 916 3621 est,
948 3568 1126 3625 neque
1154 3554 1374 3608 mulier.
1409 3552 1464 3608 Si
1496 3569 1627 3610 vero
1670 3571 1760 3613 res
1808 3559 1880 3613 sit
1907 3575 2029 3631 qua:

450 3650 842 3722 spectationem
872 3656 927 3702 et
955 3646 1133 3701 visum
1166 3644 1450 3700 hominum
1490 3644 1730 3719 eﬂ‘ugiat,
1766 3650 2026 3709 mulieres

451 3743 829 3803 testimonium
861 3739 1067 3795 ferunt.
1115 3740 1321 3795 Servus
1379 3738 1560 3793 adhuc
1617 3740 1775 3796 testis
1818 3752 1902 3798 est
1952 3744 2024 3800 ob

452 3838 738 3911 penuriam
795 3835 1041 3900 testium,
1095 3842 1293 3888 contra
1357 3847 1577 3887 omnem
1637 3833 1797 3889 aliam
1837 3851 2033 3907 perso-

452 3948 601 3995 nam,
656 3936 885 3997 excepto
947 3926 1175 3997 proprio
1221 3924 1469 3981 domino.
1530 3925 1784 3993 invalidi,
1841 3944 2023 3996 senes,

452 4024 679 4086 milites,
720 4017 1171 4090 protospatbarii,
1208 4015 1555 4081 sacerdotes,
1587 4017 1745 4072 inviti
1774 4019 2024 4076 testimo-

450 4116 602 4170 nium
677 4126 787 4166 non
848 4108 1158 4177 pi-rbibent,
1214 4106 1311 4162 sed
1365 4106 1546 4161 solum
1621 4114 1835 4176 sponte.
1893 4107 2028 4179 Epi.

450 4217 651 4274 scopus
678 4214 859 4270 neque
903 4198 1132 4262 invitus,
1165 4209 1343 4266 neque
1396 4196 1587 4251 volens
1635 4196 1740 4251 fert
1779 4198 2029 4255 testimo-

452 4298 627 4352 nium.
675 4292 782 4347 Alii
832 4292 996 4346 etiam
1047 4287 1202 4342 inviti
1252 4288 1629 4343 testimonium
1665 4288 1850 4344 dicere
1906 4290 2027 4362 cogi

451 4395 685 4463 possunt
719 4405 732 4440 :
766 4385 1005 4440 maxime
1058 4381 1102 4436 si
1132 4395 1339 4451 pauper
1364 4381 1458 4447 sit,
1507 4388 1563 4436 et
1594 4382 1719 4436 vilis
1750 4381 2028 4436 conditio-

451 4484 558 4547 nis,
602 4480 694 4552 qui
753 4478 1018 4532 adversus
1068 4476 1435 4545 potentiorem
1481 4473 1714 4543 aliquem
1761 4475 2029 4545 judicium

451 4576 703 4639 dictavit,
754 4570 914 4641 cujus
974 4565 1261 4639 potestatis
1306 4574 1536 4630 terrore,
1568 4575 1623 4621 et
1676 4578 1846 4631 metu,
1894 4582 2046 4638 pau-'

450 4667 599 4739 peris
624 4674 790 4720 testes
822 4662 1122 4723 subticent,
1156 4658 1223 4712 ad
1253 4658 1355 4713 boc
1390 4665 1448 4713 ut
1471 4657 1525 4712 id
1570 4658 1716 4729 quod
1751 4668 1804 4713 et
1834 4674 2023 4714 verum

451 4767 537 4815 est
571 4758 903 4826 deponatur,
957 4752 1008 4805 vi
1042 4749 1110 4805 ad
1134 4750 1523 4805 'teStimoniutn
1589 4751 1906 4806 trahuntur.
1945 4751 2028 4805 Ad

452 4851 781 4908 solutionem
822 4846 945 4901 dua:
991 4844 1211 4898 testium
1244 4854 1410 4897 voces
1455 4842 1755 4911 sulliciunt,
1809 4844 1857 4901 si
1916 4859 2026 4900 una

456 4948 634 5003 solum
687 4945 828 5001 libra
888 4942 1065 4997 soluta
1111 4943 1183 4997 sit
1235 4956 1249 4995 :
1303 4940 1351 4997 si
1410 4956 1540 4995 vero
1597 4940 1856 5012 amplius,
1919 4950 2029 4997 tres

454 5048 626 5094 testes
697 5042 826 5092 sunt
883 5033 1197 5091 exhibendi.
1260 5033 1438 5103 Super
1486 5033 1737 5103 deposito
1785 5034 2031 5105 quinque

457 5140 627 5187 testes
705 5127 987 5184 exbibcto.
1047 5124 1389 5180 Testimouia
1438 5140 1568 5180 vero
1640 5125 2033 5181 convenienter

456 5222 812 5291 rejiciuntur,
844 5220 890 5275 si
922 5219 1049 5289 quis
1095 5216 1367 5283 debitum,
1394 5215 1541 5286 quod
1576 5230 1605 5270 a
1637 5215 1910 5271 creditore
1977 5217 2032 5270 in

457 5313 680 5384 scriptis
734 5321 995 5383 coeperat,
1031 5310 1315 5381 persolvit,
1348 5309 1699 5363 securitatem
1772 5308 2034 5376 scriptam

458 5405 661 5474 capiat,
688 5402 854 5457 trium
892 5400 1113 5455 testium
1179 5398 1681 5467 subscriptionibus
1746 5395 2040 5462 ﬁrmatam,

458 5498 502 5553 si
532 5498 677 5552 enim
730 5495 860 5550 illud
919 5510 1027 5549 non
1091 5494 1304 5557 iecerit,
1343 5493 1540 5547 iterum
1580 5491 1852 5563 obligatus
1900 5500 2045 5561 esto,

460 5592 564 5648 nisi
598 5591 842 5662 quinque
897 5596 1062 5645 tcstcs
1096 5588 1348 5657 producti
1386 5586 1647 5651 dixerint,
1681 5585 2032 5642 securitatem

535 5826 651 5895 (l5)
697 5820 1187 5893 ’Υποσχολάζουσμ

2114 582 2226 634 Kal.
2265 580 2406 651 μετὰ
2432 581 2608 637 ταῦτα
2638 584 2894 655 ρεύσουσι
2925 585 3219 655 τριάκοντα
3250 585 3461 656 ἡμέραι

2113 674 2447 728 Λὺτεκαλεῖν
2475 674 2537 728 οὐ
2562 676 2789 730 δύναται
2821 676 2949 748 περὶ
2982 677 3346 746 άναργυρίας,

2115 768 2225 821 Καὶ
2248 767 2453 837 λέγειν,
2494 767 2571 831 ὼς
2592 767 2875 839 ἀπόδειξιν]
2892 768 3173 841 ἔγγραφον
3200 767 3488 839 ὲξεοέμην,

2117 856 2231 926 Πρὸ
2277 857 2334 910 δὲ
2370 858 2472 929 τῆς
2501 857 2831 922 ἀποδείξεως
2858 860 2960 914 οὐκ
2999 858 3192 912 ἔλαϐον
3217 859 3460 929 χρυσίον.

2115 950 2180 1004 Ei
2215 950 2271 1004 δὲ
2302 951 2450 1016 ἐντὸς
2474 952 2775 1022 τριάκοντα
2806 952 3030 1022 ἡμερῶν
3057 954 3344 1021 ὲναγάγει.

2117 1043 2253 1097 Τότε
2282 1045 2764 1114 καταναγκάζεται
2790 1046 2818 1097 ὁ
2853 1047 3133 1117 χρεώστης
3168 1043 3463 1110 δεικνύειν,

2128 1136 2217 1200 Ὠς
2231 1135 2447 1205 άληθῶς
2475 1135 2685 1190 διέλυσε
2710 1136 2788 1207 τῷ
2819 1136 3071 1209 δανειστῇ
3103 1140 3161 1191 ab
3198 1141 3380 1210 χρέος.

2119 1228 2228 1283 Καὶ
2262 1228 2490 1298 προικός
2515 1246 2598 1293 τις
2624 1229 2902 1297 ἀπόδειξιν
2932 1230 3232 1302 ἐκθέμενος
3264 1233 3541 1304 νομίμως,

2120 1321 2195 1374 Τὸ
2227 1323 2335 1376 πᾶν
2370 1321 2781 1391 άναταξάμενος
2817 1323 2938 1377 κατ’
2972 1318 3113 1388 εῖδος
3162 1324 3275 1378 τῶν
3332 1326 3699 1397 πραγμάτων,

2120 1407 2289 1477 Οὗτος
2312 1414 2411 1467 οὐκ
2441 1414 2509 1469 ἂν
2549 1413 2766 1483 τίθησιν
2797 1417 3144 1487 ὰναργυρίαν
3177 1418 3337 1482 ὅλως.

2122 1508 2185 1560 Ei
2212 1507 2269 1561 δέ
2296 1525 2379 1572 τις
2410 1508 2731 1579 ὡμολόγησε
2762 1509 3115 1565 δανείσασθαι
3150 1512 3471 1582 ἐγγράφοις,

2124 1600 2258 1653 Δυσὶ
2288 1601 2503 1674 χρόνοις
2525 1600 2771 1672 ὁρίζεται
2803 1604 2976 1657 κινεῖν
3010 1602 3352 1675 ἀναργυρίαν
3382 1620 3398 1637 ο

2125 1693 2236 1746 Καὶ
2266 1693 2388 1745 τότε
2418 1709 2502 1758 τις
2531 1694 2625 1747 τὸν
2662 1693 2951 1766 δανειστὴν
2994 1694 3231 1759 δικάζων
3262 1695 3594 1765 ἀναγκάζει,

2127 1784 2406 1839 Δεικνύειν
2443 1784 2543 1856 τὴν
2573 1785 2882 1859 καταϐολὴν
2910 1788 3153 1857 ἐννόμως
3175 1787 3271 1841 τοῦ
3303 1788 3540 1842 δανείου.

2052 1847 2099 1903 Β
2129 1879 2190 1933 Εί
2226 1879 2283 1933 δέ
2306 1896 2391 1942 τις
2415 1847 2771 1949 ὡμολόγησεν
2799 1847 2857 1933 ὲν
2889 1847 3262 1951 γράμμασίτι
3291 1881 3474 1952 χρέος,

2143 1973 2282 2026 Ἀλλ’
2311 1973 2413 2027 οὐκ
2436 1973 2494 2040 ἐξ
2526 1970 2901 2043 ἀριθμήσεως,
2936 1972 3053 2026 ἀλλ’
3081 1972 3141 2037 ἐξ
3168 1972 3333 2043 ἄλλης
3359 1971 3560 2039 αἰτίας,

2129 2068 2302 2139 Τυχόν
2327 2067 2401 2130 ὡς
2424 2067 2531 2122 ἀπὸ
2562 2067 2818 2138 πράσεως
2844 2071 2942 2123 καὶ
2973 2069 3300 2139 φανερώσας
3323 2067 3503 2135 τοῦτο,

2132 2162 2400 2231 Ὕστερον
2437 2162 2756 2231 ἀπαρνῆσαι
2789 2159 2943 2231 τὸμὴ
2974 2160 3267 2231 χρεωστῶς
3302 2160 3565 2225 ἐκθεῖναι,

2131 2256 2272 2326 Πρὸς
2304 2255 2397 2309 τὸν
2426 2254 2733 2325 κατήγορον
2768 2254 2932 2307 αὐτὸν
2960 2254 3258 2324 ὁμολογίαν
3280 2254 3500 2324 χρέους,

2128 2350 2300 2413 Αὐτὸς
2329 2348 2577 2420 βαρεῖται
2615 2348 2854 2419 μάλιστα
2885 2348 3074 2416 σαφῶς
3100 2346 3500 2409 ἀποδεικνύειν,

2132 2442 2254 2495 Ὅτι
2294 2440 2722 2510 καθωμολόγτισε
2757 2438 2832 2510 μὴ
2859 2437 3150 2509 χρεωστῶς
3172 2454 3221 2489 τι
3250 2438 3431 2507 χρέος.

2130 2536 2241 2589 Ka‘t
2280 2533 2421 2588 κατὰ
2446 2532 2569 2603 βίαν
2603 2531 2867 2602 ἔγραψεν,
2897 2531 2928 2600 ἢ
2955 2528 3095 2600 τύχῃ
3124 2529 3262 2582 κατὰ
3281 2528 3453 2581 δόλον.

2134 2628 2253 2682 Υίοὶ
2282 2628 2339 2681 δὲ
2372 2625 2688 2690 ὑπεξούσιοι
2718 2624 2815 2678 καὶ
2841 2622 3030 2693 πατὴρ
3058 2620 3432 2693 μαρτυροῦσιν

2131 2718 2228 2782 Εἰς
2256 2716 2354 2788 τὴν
2382 2715 2554 2788 αὐτὴν
2574 2714 2862 2781 ὑπόθεσιν,
2899 2711 3003 2765 κᾶν
3032 2715 3099 2782 τῇ
3126 2711 3498 2765 διατυπώσει·

2143 2814 2207 2866 Ἠ
2235 2812 2291 2866 δέ
2328 2828 2392 2880 γε
2427 2809 2760 2872 διατύπωσις
2794 2809 2956 2860 πέντε
2982 2807 3140 2877 χερσὶ
3182 2804 3499 2876 μαρτύρων.

2144 2902 2581 2975 ’Υπογραερέσθω
2612 2901 2732 2955 κατ’
2754 2900 2890 2953 αὐτὸ
2917 2897 3101 2962 καλῶς
3150 2898 3247 2952 καὶ
3303 2892 3714 2967 σφραγιζέσθω.

2142 3000 2201 3054 Ὅ
2220 2998 2277 3052 δὲ
2306 2999 2367 3051 τὸ
2395 2998 2606 3052 δάνειον
2632 2994 2848 3058 δεικνὺς
2873 2991 3168 3064 χρεωστῶν
3203 2990 3587 3062 ἀρνουμένων.

2131 3094 2335 3165 Χρόνον
2364 3090 2640 3162 ἀρκοῦντα
2667 3089 2859 3160 εἴληφε
2884 3084 3358 3158 τριακονταετίαν.

3351 3176 3509 3234 Vers.
3539 3175 3646 3234 980

2137 3384 2376 3442 debitori
2436 3382 2612 3437 fuisse
2690 3378 3096 3447 conscriptam,
3172 3383 3227 3429 et
3282 3375 3419 3443 ἰρειε
3477 3386 3723 3442 praesen-

2133 3479 2283 3533 tibus
2340 3475 2668 3530 creditorem
2743 3471 2971 3531 dixisse,
3025 3483 3085 3523 se
3162 3480 3193 3520 a
3265 3466 3516 3520 debitore
3594 3477 3721 3533 pro—

2139 3568 2321 3640 prium
2345 3566 2587 3621 debitum
2608 3562 2884 3632 accipere.
2925 3560 2981 3615 Si
3021 3560 3261 3615 creditor
3296 3556 3463 3612 debiti
3511 3555 3722 3612 securi-

2146 3667 2311 3715 tatem
2354 3655 2570 3720 fecerit,
2594 3664 2889 3726 postquam
2956 3652 3178 3722 triginta
3224 3652 3338 3707 dies
3385 3648 3719 3713 emuxerint,

2133 3767 2243 3809 non
2276 3758 2457 3822 potest
2486 3750 2740 3820 excipere
2765 3750 2833 3802 de
2888 3763 2997 3803 non
3031 3754 3316 3801 numerata
3348 3743 3600 3814 pecunia,
3634 3742 3722 3796 di-

2108 3846 2287 3908 cens,
2323 3845 2469 3915 quod
2520 3842 2871 3899 securitatem
2907 3840 3129 3910 quidem
3168 3837 3417 3907 scripsit,
3461 3835 3555 3891 sed
3594 3840 3721 3888 ante

2137 3936 2491 3995 securitatem
2530 3934 2821 4006 pecuniam
2864 3948 2973 3987 non
3001 3930 3207 4000 recepit
3240 3944 3253 3980 :
3299 3929 3349 3985 si
3403 3942 3534 3983 vero
3575 3928 3720 3984 intra

2135 4029 2255 4086 dies
2292 4028 2515 4097 triginta
2557 4026 2689 4097 agit,
2726 4033 2858 4079 tunc
2880 4024 3100 4091 cogitur
3131 4021 3347 4077 debitor
3374 4020 3608 4089 probare
3663 4035 3723 4075 se

2134 4135 2265 4176 vere
2294 4120 2540 4175 debitum
2572 4116 2832 4173 creditori
2868 4116 3125 4171 solvisse.
3170 4114 3275 4180 Qui
3333 4113 3478 4167 dotis
3505 4112 3724 4167 securi-

2134 4218 2304 4268 tatem
2322 4210 2563 4282 legitime
2593 4209 3016 4278 conscripsit,et
3040 4208 3095 4260 in
3129 4220 3190 4260 ea
3219 4220 3334 4260 rem
3363 4219 3726 4274 unamquam-

2140 4317 2249 4374 que
2297 4300 2600 4357 secundum
2652 4300 2926 4370 propriam
2984 4299 3220 4369 speciem
3273 4300 3569 4364 ordinavit,
3613 4315 3724 4353 non
3807 4302 3809 4304 ’

2139 4400 2488 4448 numeratam
2520 4390 2807 4460 pecuniam
2850 4389 3000 4444 nullo
3062 4387 3225 4443 modo
3277 4388 3444 4444 dicat.
3492 4389 3548 4444 Si
3600 4390 3725 4460 quis

2140 4490 2321 4539 autem
2351 4481 2406 4535 in
2439 4478 2666 4549 scriptis
2696 4478 2901 4534 debere
2934 4493 2995 4534 se
3026 4479 3321 4533 confessus
3353 4479 3423 4533 sit
3452 4517 3467 4541 ,
3500 4478 3725 4548 querela

2141 4588 2251 4629 non
2288 4579 2591 4627 numeratae
2646 4571 2894 4641 pecuniae
2933 4570 3149 4625 duobus
3198 4572 3358 4626 annis
3405 4571 3613 4635 ﬁnitur,
3672 4582 3728 4624 et

2140 4673 2272 4720 tunc
2321 4663 2489 4734 judex
2526 4663 2672 4733 cogit
2712 4661 3063 4725 creditorem,
3120 4662 3251 4733 jure
3303 4662 3503 4717 factam
3555 4662 3727 4717 debiti

2138 4755 2579 4812 numerationem
2605 4754 2859 4823 probare.
2884 4752 3043 4819 Quod
3088 4753 3135 4808 si
3202 4754 3327 4824 quis
3379 4754 3627 4809 debitum
3672 4754 3727 4809 in

2134 4847 2359 4920 scriptis
2399 4846 2690 4905 confessus
2720 4844 2910 4911 fuerit,
2936 4861 3047 4902 non
3081 4844 3304 4916 quidem
3354 4860 3418 4900 ex
3453 4859 3715 4901 numera-

2138 4943 2311 5009 tione,
2344 4942 2439 4998 sed
2474 4956 2541 4997 ex
2578 4940 2683 4995 alia
2708 4954 2899 5005 causa,
2929 4939 3099 4995 veluti
3153 4954 3221 4995 ex
3280 4938 3619 5003 venditione,
3673 4942 3730 4994 et

2140 5034 2282 5090 illud
2334 5033 2793 5089 manifestissime
2846 5031 3177 5092 ostenderit.
3247 5030 3353 5085 hoc
3424 5029 3729 5086 secundum

2142 5126 2388 5183 debitum
2437 5142 2549 5183 non
2583 5141 2708 5183 esse
2754 5125 2953 5186 actori,
2985 5132 3041 5179 et
3076 5123 3283 5179 nullam
3337 5136 3461 5178 esse
3512 5120 3732 5177 confes-

2146 5221 2359 5277 sionem
2408 5220 2619 5285 dicens,
2655 5225 2917 5291 gravatur
2941 5217 3196 5288 probare,
3236 5215 3386 5289 quod
3418 5231 3525 5271 non
3574 5213 3730 5269 debi-

2147 5320 2263 5367 tum
2293 5310 2587 5368 confessus
2624 5311 2716 5377 sit,
2752 5319 2806 5367 et
2835 5310 2979 5381 quod
3009 5325 3105 5382 per
3142 5312 3248 5365 vim
3293 5317 3347 5363 et
3372 5307 3555 5363 dolum
3590 5305 3731 5364 scri-

2150 5406 2283 5475 psit.
2316 5403 2730 5459 Filiusfamilias
2766 5412 2820 5458 et
2850 5412 3006 5475 pater
3060 5401 3235 5458 eidem
3292 5402 3512 5470 negotio
3560 5406 3729 5453 testes

2156 5495 2401 5550 adhiberi
2430 5506 2680 5565 possunt,
2712 5496 2875 5551 etiam
2934 5502 3282 5551 testamento.
3317 5490 3728 5548 Testamentum

2144 5590 2385 5658 quinoue
2413 5588 2636 5645 testium
2668 5588 2924 5645 manibus
2949 5587 3355 5652 subscribatur,
3381 5594 3429 5641 et
3460 5583 3728 5653 signetur.
