4430 6448
757 428 862 487 (359

750 540 813 590 Ιεῖὶ
839 538 883 590 δ’
917 537 1045 600 ἴσως
1074 538 1209 608 πρὸς
1241 537 1585 607 παράστασιν
1613 537 1841 608 ἠτόνησε
1876 535 2192 607 μαρτύρων,

755 635 958 704 Ὅρκον
989 632 1220 694 ἐπάγειν
1245 631 1474 685 δύναται
1509 623 1666 694 οὗτος
1695 631 1773 702 τῷ
1804 631 2083 701 ὀφειλέτῃ,

757 725 799 775 li
815 723 876 775 ἂν
904 717 1058 785 οὗτος
1085 721 1425 792 ὲπομόσηται
1455 724 1482 775 ὁ
1512 722 1796 794 δανειστὴς
1819 723 2048 791 ἡττᾶται
2079 738 2090 749 ·

759 815 819 865 Εἰ
860 814 915 866 δὲ
942 817 968 867 ό
990 813 1318 882 ἐναγόμενος
1347 815 1510 884 ὅρκον
1534 813 1913 886 άντεπαγάγῃ,

765 907 825 957 't)
854 906 1140 977 δανειστὴς
1167 906 1212 960 δ’
1242 907 1479 977 ὀμόσειε,
1507 907 1775 974 λαμϐάνει
1801 906 1862 958 τὸ
1889 904 2130 975 χρυσίον.

766 1003 981 1070 ἰὶραῖον
1011 1000 1066 1054 δὲ
1106 1000 1414 1069 σημείωσαι
1457 999 1550 1052 καὶ
1583 999 1922 1068 ζητούμενον
1945 997 2203 1066 πρᾶγμα,

769 1099 855 1158 Ὠς
890 1095 1067 1160 ἔξεστι
1103 1094 1413 1165 μεταπεδᾷν
1451 1094 1516 1146 ἑκ
1554 1091 1921 1160 δικαιολογίας

759 1190 976 1260 ’ἱάύτης
1008 1193 1140 1259 πρὸς
1181 1187 1372 1256 ἄλλην,
1399 1186 1672 1250 δέσποτα,“
1695 1184 1955 1254 μέμψεώς
2002 1199 2148 1243 τινος
2197 1180 2343 1248 δίχα,

769 1282 835 1333 ’Ξὶ
868 1281 1231 1350 κομίεντίων,
1269 1280 1525 1342 δέσποτα,
1569 1280 1647 1339 εἰς
1675 1277 1802 1348 τρία
1828 1276 2141 1344 διαιρεῖται.

762 1375 832 1424 Ἢ
865 1373 972 1441 γὰρ
1005 1371 1277 1425 πουῆλίκα
1312 1371 1576 1434 πέφυκεν,
1613 1369 1660 1421 εἰ
1691 1368 1862 1436 τύχω,
1898 1367 1930 1435 ἢ
1963 1366 2198 1437 πριϐἀτα
2226 1381 2238 1392 ’

761 1466 874 1530 Τὴν
892 1465 946 1518 δὲ
977 1464 1251 1533 πριϐάταν
1283 1463 1455 1516 δίελεν
1485 1464 1564 1524 εἰς
1595 1460 1687 1514 δύο
1709 1460 1871 1514 πάλιν
1900 1459 2063 1530 μέρη,

764 1559 858 1621 Εἰς
887 1558 1198 1625 λεγιτὶμαν,
1237 1556 1523 1626 κράτιστε,
1553 1554 1645 1608 καὶ
1675 1555 1755 1616 εις
1787 1550 2225 1622 ἰουρισγεντεαμ.

763 1650 856 1719 Μὴ
885 1651 1064 1703 τοίνυν
1095 1648 1232 1701 τίθει
1259 1648 1527 1718 τέσσαρα,
1558 1647 1694 1715 μόνα
1718 1645 1773 1697 δὲ
1808 1643 1934 1714 τρία
1966 1641 2113 1711 λέγε,

776 1743 839 1794 Ἡ
865 1741 1127 1809 λεγιτίμα
1152 1741 1262 1811 γὰρ
1293 1741 1452 1807 αὐτὴ,
1490 1740 1636 1807 καὶὴ
1667 1736 2033 1807 Ξουρισγεντία
2065 1753 2078 1798 ;

767 1837 954 1887 Ηέῐσαν
986 1834 1441 1902 κατεδαπάνησαν
1476 1833 1576 1902 τὴν
1611 1832 1836 1898 γενικὴν
1873 1829 2146 1898 meum

767 1927 974 1979 Οὐκοῦν
1000 1928 1098 1996 τὴν
1131 1927 1494 1994 κομῆεντίονα
1525 1927 1604 1988 εἰς
1635 1924 1759 1995 τρία
1784 1923 1958 1986 ταῦτα
1989 1923 2172 1989 τέμνε,

772 2017 1403 2086 Πουϐλίκαν,λεγίττμάν
1443 2037 1523 2082 τε,
1545 2019 1639 2069 καὶ
1674 2019 1773 2084 τὴν
1808 2013 2230 2083 ἰουρισγεντίαν,

769 2113 880 2163 Καὶ
910 2111 1204 2163 πούῧλικον
1230 2111 1328 2178 μὲν
1360 2111 1624 2178 πέφυκεν,
1658 2108 1848 2177 εἰρήνη
1883 2105 2117 2178 δημοσὲα
2152 2121 2164 2134 ⁸

769 2204 1084 2273 Λεγίτιμον,
1125 2202 1203 2272 τᾷ)
1243 2202 1398 2273 ἰδικῷ
1427 2205 1578 2273 νόμιρ
1605 2201 1987 2270 κεκυρωμένον
2024 2217 2036 2229 .

769 2299 843 2350 Τὸ
865 2297 921 2350 δὲ
957 2297 1029 2366 μή
1065 2313 1123 2349 τε
1158 2296 1464 2365 λεγίτιμον,
1495 2299 1627 2366 μήτε
1666 2297 1772 2363 μὴν
1814 2295 1921 2347 τῶν
1946 2291 2276 2353 πουελξκων,

782 2389 1194 2458 Ἰουρισγέντιον
1217 2387 1348 2454 γοῦν
1377 2392 1510 2450 ἐστι,
1541 2388 1866 2456 κομϐἑντιον
1907 2389 1964 2440 ἐν
1993 2385 2159 2453 γένει.

769 2481 890 2532 ἰ’ῶν
922 2481 978 2533 δὲ
1006 2480 1285 2545 τοιούτων,
1317 2481 1570 2545 δέσποτα,
1599 2481 1763 2534 πάλιν
1793 2479 2214 2549 κομϐεντιόνων,

768 2573 835 2623 ΑΞ
874 2573 973 2640 μὲν
995 2572 1254 2639 γεννῶσιν
1288 2573 1534 2642 ἀγωγὴν,
1568 2575 1622 2625 αἱ
1653 2572 1708 2624 δὲ
1770 2571 2149 2642 παραγραυήν
2215 2583 2353 2629 πως,

785 2664 925 2716 Ἀλλ’
963 2666 1086 2717 ὅσαι
1119 2666 1217 2734 μὲν
1248 2663 1538 2735 ὁμώνυμον
1577 2663 1952 2735 παραγραφὴν
1974 2660 2257 2731 γεννῶσιν,

770 2757 917 2825 Φημὶ
950 2759 1061 2818 τοῖς
1089 2756 1537 2826 συναλλάγμασιν
1573 2757 1664 2824 ὑφ’
1695 2749 1768 2809 ὧν
1806 2753 2246 2823 ἀπογεννῶνται,

780 2845 897 2896 Εἰσὶ
925 2846 1022 2914 μὲν
1055 2847 1453 2915 κομϐεντέωνες
1483 2846 1714 2910 γενικῶς
1740 2845 2098 2917 κεκλημέναι,

779 2938 870 3000 lii;
906 2937 1080 3005 ἱδικὴν
1120 2938 1175 2990 δὲ
1210 2939 1477 2992 πίπτουσι
1513 2940 1958 3008 συναλλάγέιατος
1999 2938 2213 3008 κλῆσιν,

781 3029 870 3086 Εἰς
905 3030 1127 3098 πρᾶσιν,
1159 3030 1236 3092 εἰς
1272 3029 1369 3100 τὴν
1406 3029 1753 3099 uicibus-mil
1789 3031 1881 3082 καὶ
1928 3030 2023 3098 τὴν
2047 3027 2357 3081 κοινωνὲαν.

780 3121 843 3170 1ἰὶ
866 3120 908 3172 δ’
934 3120 1064 3182 ἴσως
1103 3122 1496 3191 ἀμετάπτωτος
1523 3124 1602 3185 εἰς
1647 3122 1814 3175 ἰδικόν
1851 3140 1904 3175 τι
1943 3124 2138 3193 μείνοι,

782 3213 890 3265 Καὶ
932 3213 1157 3283 μᾶλλον,
1205 3215 1252 3266 εἰ
1294 3215 1718 3286 προϐέϐηκεν,ῆ
1760 3217 1906 3280 δόσις
1943 3218 2032 3270 ἐπὶ
2057 3218 2219 3285 δόσει,

786 3507 887 3572 Qui
926 3523 1053 3564 vero
1087 3511 1336 3578 probavit
1369 3513 1469 3567 sibi
1525 3514 1593 3568 ab
1623 3515 1996 3572 inficiantibus
2029 3531 2152 3572 esse
2202 3517 2361 3572 debi-

787 3610 924 3664 tum,
976 3602 1250 3658 sufficiens
1299 3604 1516 3674 triginta
1583 3623 1852 3663 annorum
1928 3616 2147 3679 tempus
2192 3611 2357 3680 cepit.

783 3693 876 3745 Sin
929 3702 1108 3748 autem
1180 3696 1399 3751 testium
1453 3699 1739 3766 praesentia
1793 3699 2143 3764 destituatur,
2188 3710 2364 3770 potest

782 3783 1172 3852 jusjurandum
1240 3787 1454 3841 deferre
1507 3787 1766 3852 debitori,
1818 3790 1909 3859 qui
2001 3790 2047 3844 si
2098 3791 2366 3860 juraverit

785 3876 1024 3930 creditor
1053 3877 1240 3933 debito
1283 3880 1478 3934 cecidit
1506 3897 1521 3934 :
1548 3881 1594 3937 si
1627 3897 1754 3937 vero
1805 3897 1932 3938 reus
1989 3883 2362 3952 juramentuin

785 3968 1007 4031 referat,
1044 3979 1097 4024 et
1137 3969 1681 4040 creditorjuraverit,
1713 3975 2002 4044 peCuniam
2057 3975 2221 4044 capit.
2255 3974 2366 4029 Ob-

783 4078 963 4126 serva,
1003 4065 1244 4128 domine,
1281 4067 1568 4134 pulcbrmn
1597 4068 1728 4137 quid
1781 4079 1836 4123 et
1861 4079 2230 4138 opportunum
2288 4068 2366 4124 rei

785 4155 853 4210 de
891 4171 998 4224 qua
1042 4157 1385 4225 disputatur,
1440 4161 1584 4230 quod
1615 4161 1740 4216 licet
1809 4161 2090 4216 transilire
2141 4161 2209 4212 ab
2260 4175 2363 4213 una

785 4245 1116 4314 allegationc
1152 4248 1217 4301 ad
1269 4249 1450 4315 aliam,
1508 4249 1713 4318 absque
1751 4250 1857 4304 ulla
1918 4251 2362 4321 reprehensione.

2027 421 2447 484 MICHAELIS
2471 421 2741 482 PSELLI

2367 536 2410 592 Α
2445 536 2516 588 Ἢ
2545 535 2636 587 ἐπὶ
2662 534 2805 588 δόσει
2834 535 3072 604 ποιήσις,
3102 534 3134 603 ἢ
3167 533 3224 586 ὲν
3256 531 3475 602 ποιησει
3511 531 3678 594 δόσις,

3918 409 4026 474 960

2451 628 2520 680 Ἢ
2553 627 2699 690 δόσις
2736 625 2824 679 διά
2846 626 3088 695 ποίησιν,
3116 625 3493 696 τετράτροπον
3523 623 3633 692 γάρ
3661 621 3840 676 τοῦτο.

2449 719 2708 773 Τίκτεται
2737 719 2904 773 πάλιν
2925 719 3122 790 ἀγωγὴ
3165 720 3198 790 ἡ
3232 717 3640 788 πραεσκρίπτις
3669 715 3860 786 βέρΰις

2448 813 2538 882 Μὴ
2563 811 2671 883 γὰρ
2701 812 2935 883 εὑροῦσα
2961 810 3206 878 εῦλογον,
3232 811 3265 880 ἡ
3295 809 3635 879 κομϐεντίων
3662 806 3828 875 αὕτη,

2463 903 2778 975 Ἐναγωγὴν
2809 903 2993 973 ὁμώνυ
3004 921 3104 974 μον
3129 902 3208 973 τῷ
3237 900 3651 970 συναλλάγματξ
3683 916 3824 962 πως,

2450 998 2539 1068 Τῷ
2571 997 2773 1069 γενικῷ
2803 997 3030 1068 ὀνόματι
3066 994 3422 1064 συνάλλαγμα
3456 994 3728 1056 καλεῖται,

2451 1093 2562 1145 Καὶ
2590 1092 2807 1145 δίδωσιν
2839 1091 3130 1162 ἐναγωγὴν
3165 1089 3265 1162 τὴν
3307 1088 3714 1160 πραεσκρίπτις
3743 1087 3949 1156 βέρεις,

2463 1184 2527 1236 Ἦ
2545 1185 2602 1235 ὲν
2631 1183 3057 1252 δομιστρατίωνι
3091 1182 3153 1235 τὸ
3188 1183 3424 1250 πρᾶγμα
3446 1181 3741 1250 διηγεῖται,

2465 1277 2528 1329 'Il
2559 1276 2615 1328 δὲ
2650 1275 2758 1328 άπὸ
2788 1275 3110 1338 ιντεντίονος
3144 1276 3366 1346 ῐνκέρτα
3395 1275 3734 1342 καλουμένη,

2453 1368 2547 1429 Εἰς
2576 1367 2666 1419 τὸν
2700 1367 3127 1438 κονδεμνατίονα
3159 1367 3219 1421 τὸ
3251 1367 3408 1430 τέλος
3439 1366 3771 1435 καταλήγει.

2457 1457 2577 1510 Τῶν
2601 1457 2657 1509 δέ
2697 1475 2760 1526 γε
2795 1458 3021 1511 πάκτων
3054 1459 3291 1526 πέφυκε,
3327 1457 3393 1510 τά
3427 1445 3527 1527 μὲν
3559 1457 3620 1521 ἐξ
3647 1455 3971 1511 κοντινέντι,

2457 1548 2601 1599 Ὅσα
2633 1549 2745 1609 τοῖς
2771 1548 3191 1617 συναλλάγμασι
3220 1547 3496 1619 σύγχρονά
3525 1566 3642 1612 πως
3667 1547 3948 1616 τυγχάνει.

2456 1639 2536 1693 Τὰ
2557 1639 2612 1692 δέ
2645 1657 2808 1708 φασιν
2837 1642 2885 1693 o!
2927 1641 3147 1694 παλαιοὶ
3169 1639 3228 1708 ἐξ
3260 1641 3591 1712 ιντερὸάλλω
3619 1640 3794 1710 νόμοι,

2460 1735 2617 1786 Ἤτοι
2661 1734 3103 1804 μεταγενέστερα
3135 1734 3242 1787 τῶν
3274 1736 3405 1805 πρὶν
3432 1734 3922 1803 συναλλαγμάτων.

2457 1825 2640 1878 Ταῦτα
2672 1829 3130 1897 κατονομάζουσιν
3153 1831 3348 1882 ἐκεῖνοι
3384 1829 3545 1882 νοῦδα
3575 1828 3758 1881 πάκτα

2455 1919 2714 1974 Τουτέστι
2752 1921 3018 1990 σύμφωνα
3059 1923 3210 1990 ψιλὰ,
3249 1920 3473 1991 ἀγωγὴν
3501 1921 3574 1990 μὴ
3600 1920 3879 1974 ποιοῦντα.

2455 2013 2528 2066 Οὐ
2561 2014 2667 2080 γάρ
2698 2030 2779 2076 τις
2808 2015 2945 2082 μετᾶ
2994 2015 3212 2084 χρόνιον
3265 2013 3497 2084 ὀχληρὶν
3537 2015 3768 2081 ποιήσας
3819 2014 4042 2078 κάκτον,

2469 2103 2751 2156 Ἐντεῦθεν
2786 2104 2900 2169 ἕξει
2927 2105 3153 2175 ἀγωγὴν
3181 2106 3280 2177 τὴν
3313 2125 3378 2158 πε
3392 2108 3438 2176 pi.
3465 2106 3556 2159 τοῦ
3587 2104 3898 2172 συμφώνου.

2383 1874 2426 1927 Β

2457 2196 2591 2250 ΕΞδέ
2623 2214 2707 2258 τις
2743 2200 3148 2267 περιστατικῶς
3183 2199 3548 2267 άντεναγάγοι
3571 2200 3766 2270 τούτῳ,

2469 2287 2749 2340 Ἐντεῦθεν
2774 2291 3202 2359 παραγράφεται
3225 2290 3317 2342 τὸν
3347 2291 3811 2359 ἁντ;ναγαγόντα.

2459 2382 2644 2450 Σάκρα
2681 2382 2778 2449 μὲν
2805 2382 3151 2450 κατε-κόμαζε
3180 2383 3342 2445 ναοὺς
3372 2385 3498 2446 τοὺς
3526 2385 3845 2453 δημοσίους,

2460 2474 2598 2537 Τοὺς
2627 2474 2855 2541 τάφους,
2891 2476 3198 2544 ρελεγίοσα,
3233 2476 3358 2538 τοὺς
3389 2475 3723 2545 σεϐασμίους
3754 2476 3930 2528 κάῗιει.

2461 2567 2571 2618 Καὶ
2593 2565 2881 2631 πούϐλικα,
2905 2567 3163 2636 δημόσια,
3183 2568 3434 2637 χρήσεως
3456 2570 3553 2638 τῆς
3579 2569 3879 2635 παγκοῖνου
3908 2570 3950 2629 (1
3973 2568 4041 2631 ll.

2461 2657 2573 2729 Τὴν
2604 2658 2897 2724 θάλασσαν,
2926 2661 3052 2722 τοὺς
3091 2660 3391 2730 ποταμοὺς,
3418 2660 3643 2730 ὅρμους,
3673 2661 3765 2712 καὶ
3814 2662 3940 2721 τοῦς
3970 2665 4041 2712 λι.

3755 2751 3968 2825 [μένας.

2468 2845 2542 2896 Τά
2571 2845 2624 2896 Ξέ
2648 2862 2711 2912 γε
2738 2843 3140 2914 πουπουλάρια,
3173 2845 3445 2915 δημοτικὰ
3476 2847 3754 2916 τυγχάνει,

2463 2937 2544 2990 Τὰ
2576 2937 2794 3005 Οέατρα,
2841 2939 2936 2990 καὶ
2959 2938 3172 3002 στάδια,
3205 2940 3299 2990 καὶ
3326 2938 3688 3010 βουλευτήριά
3717 2957 3798 2993 τε.

2464 3031 2644 3084 Κινῶν
2661 3032 2718 3086 δὲ
2747 3032 2890 3095 ἄπας
2917 3033 3204 3104 δανειστὴς
3228 3033 3325 3105 τὴν
3350 3034 3757 3106 ὑποθηκαρέαν.

2465 3127 2601 3178 Κατ’
2634 3125 2827 3195 ἀνδρὸς
2853 3125 3144 3190 ὲξωτικοῦ,
3178 3127 3239 3179 τὸ
3268 3128 3503 3198 πρᾶγμα
3534 3129 3864 3198 νεμομένου,

2381 3221 2422 3278 C
2459 3215 2804 3285 Παραγραφῇ
2839 3215 2938 3286 μὲν
2975 3217 3221 3286 εἴργεται
3251 3216 3360 3271 τῶν
3393 3217 3716 3288 ὡρισμένων
3744 3220 3971 3291 χρόνων,

3649 3311 3806 3368 Vers.
3836 3314 3975 3369 lOlt)

2463 3518 2680 3587 quidem
2724 3520 3120 3577 conventiones
3172 3528 3461 3587 vocantur,
3515 3523 3609 3578 sed
3666 3523 3720 3577 in
3763 3523 4042 3593 propriam

2465 3621 2779 3668 contractus
2843 3613 3341 3668 denominationem
3377 3615 3648 3680 incidunt,
3686 3616 4038 3676 venditionis,

2463 3704 2776 3769 locationis,
2813 3704 3095 3760 societatis
3133 3723 3147 3760 :
3194 3707 3238 3761 si
3277 3721 3406 3761 vero
3440 3707 3496 3761 in
3530 3708 3807 3776 proprium
3838 3723 4036 3763 nomen

2468 3813 2575 3850 non
2624 3797 2846 3863 cadant,
2891 3805 2945 3851 et
2987 3798 3222 3853 maxime
3249 3799 3292 3853 si
3360 3803 3663 3868 praecessit,
3713 3801 3797 3855 vel
3838 3801 3906 3854 do
3981 3810 4041 3852 ut

2469 3888 2588 3949 des,
2622 3891 2703 3942 vel
2741 3888 2880 3943 facio
2913 3902 2971 3942 ut
3003 3890 3122 3952 des,
3149 3894 3231 3945 vel
3279 3891 3347 3947 do
3383 3900 3441 3945 ut
3466 3891 3654 3955 facias,
3695 3893 3776 3946 vel
3819 3891 3958 3947 facio
3982 3902 4042 3946 ut

2473 3981 2665 4045 facias,
2699 3982 2842 4050 quod
2875 3983 3212 4050 quadruplex
3273 3994 3376 4046 ρει,
3407 4000 3602 4040 rursus
3636 3985 4042 4054 gignituraetiu

2468 4072 2801 4142 praescriptis
2825 4073 3010 4128 verbis
3043 4088 3054 4125 :
3100 4074 3186 4127 illa
3218 4075 3363 4128 enim
3399 4076 3695 4130 conventio
3727 4092 3836 4129 non
3885 4077 4038 4129 inve-

2466 4166 2621 4218 niens
2683 4165 2954 4219 actionem
3018 4165 3182 4218 alicui
3252 4167 3557 4220 contractui
3633 4167 4040 4236 liomouymam,

2466 4255 2704 4324 generali
2726 4265 3045 4310 contractus
3065 4258 3284 4311 nomine.
3308 4270 3554 4320 vocatur,
3576 4265 3627 4312 ct
3654 4260 3744 4312 dat
3770 4259 4038 4312 actionem

785 4339 1166 4404 (Zonventio,o
1210 4339 1451 4405 domine,
1489 4342 1542 4395 in
1583 4343 1686 4396 tria
1740 4344 2021 4409 dividitur,
2065 4359 2192 4398 nam
2249 4345 2352 4397 alia
2387 4341 2433 4402 D
2463 4348 2794 4417 praescriptis
2853 4349 3054 4411 verbis,
3103 4364 3224 4417 quae
3281 4351 3335 4402 in
3397 4349 3869 4405 demonstratione
3926 4365 4040 4404 rem

790 4426 1007 4494 publica
1042 4437 1143 4492 est,
1177 4429 1280 4482 alia
1313 4433 1523 4499 privata
1562 4446 1576 4483 τ
1634 4433 1899 4502 privatam
1931 4437 2194 4490 rursusin
2225 4437 2362 4492 duas

787 4526 973 4585 partes
1003 4520 1280 4584 dividunl,
1324 4523 1374 4575 in
1415 4524 1732 4592 legitimam,
1797 4526 1931 4594 imp.
1987 4535 2040 4580 ct
2085 4527 2363 4598 jurisgcn-

791 4610 948 4662 tiuui.
1009 4609 1165 4665 Nunc
1221 4628 1348 4665 vero
1398 4624 1639 4682 quatuor
1707 4631 1776 4670 ne
1829 4617 2037 4685 ponito,
2099 4619 2193 4672 sed
2258 4619 2361 4672 tria

791 4710 1004 4755 tantum
1061 4703 1250 4765 dicito,
1279 4719 1401 4757 nam
1437 4706 1671 4774 legitima
1722 4708 1832 4770 illa,
1872 4718 1923 4761 et
1955 4707 2362 4778 jurisgentium,

788 4807 1006 4847 omnem
1051 4795 1314 4861 privatam
1376 4796 1679 4863 generalem
1729 4809 2210 4867 consumpserunt.
2264 4801 2367 4868 lgi-

791 4893 882 4938 tur
925 4885 1344 4940 conventionem
1379 4887 1429 4939 in
1498 4887 1588 4940 illa
1643 4889 1746 4942 tria
1780 4888 2024 4954 dividite,
2069 4891 2362 4959 publicam,

792 4975 1112 5046 legitimam,
1168 4989 1220 5029 et
1265 4977 1674 5047 jurisgentium.
1739 4978 1806 5033 Et
1868 4982 2087 5048 publica
2142 4985 2364 5054 quidem

790 5075 899 5130 est,
949 5081 1052 5135 pax
1089 5066 1338 5134 publica:
1377 5069 1640 5137 legitima,
1675 5084 1793 5136 qua:
1834 5070 2056 5140 propria
2103 5071 2215 5142 lege
2232 5088 2367 5128 con-

794 5159 1022 5212 stituta:
1058 5173 1181 5227 qua:
1217 5174 1344 5214 vero
1377 5176 1550 5230 neque
1592 5161 1831 5232 legitima
1864 5177 2042 5232 neque
2072 5180 2136 5219 ex
2187 5167 2367 5234 publi-

793 5252 876 5306 cis
936 5261 1041 5315 e5t,
1080 5251 1475 5322 jurisgentium
1533 5262 1618 5308 est
1678 5254 1972 5308 conventio
2025 5257 2078 5308 in
2146 5272 2365 5327 genere.

795 5343 995 5398 Earum
1023 5344 1222 5399 iterum
1270 5345 1718 5412 eonventionum,
1753 5361 1786 5400 o
1829 5346 2071 5414 dotnine,
2126 5350 2244 5404 alia:
2291 5351 2369 5420 gi-

797 5445 971 5504 gnunt
999 5438 1291 5502 actionem,
1347 5439 1467 5493 alia:
1511 5439 1932 5507 exceptionem,
1966 5441 2060 5495 sed
2105 5457 2369 5511 qua-cun-

794 5543 902 5595 que
938 5530 1208 5583 actionem
1235 5530 1436 5586 similis
1470 5531 1709 5587 nominis
1741 5533 1989 5600 gignunt,
2031 5533 2155 5589 dico
2186 5546 2366 5591 autem

793 5637 918 5674 cum
953 5623 1332 5680 armti-actibus
1388 5640 1418 5680 e
1470 5625 1673 5696 quibus
1722 5627 1993 5693 derivant,
2044 5631 2369 5700 generaliter

861 5853 973 5921 (14ὶ
1008 5855 1086 5910 Τὰ.
1122 5857 1394 5928 πάνδημα.

2467 4449 2704 4502 enarrat,
2736 4441 2884 4494 etab
2925 4443 3229 4497 intentione
3267 4444 3475 4496 incerta
3500 4443 3836 4504 nominatur,
3881 4442 4041 4511 cujus

2469 4531 2591 4586 finis
2643 4531 2696 4585 in
2759 4533 3267 4588 condemnationem
3314 4535 3534 4589 desinit.
3605 4537 3896 4588 Factorum
3935 4536 4041 4588 alia

2468 4629 2682 4675 suntex
2713 4621 3040 4684 continenti,
3063 4638 3183 4688 qua:
3216 4636 3320 4675 una
3351 4637 3473 4674 cum
3506 4621 3886 4676 contractibus
3909 4635 4035 4674 nas-

2468 4722 2707 4776 cuntur;
2740 4712 2844 4765 alia
2876 4728 2997 4781 quae
3028 4715 3263 4782 antiqua:
3330 4714 3475 4781 leges
3525 4730 3588 4772 ex
3632 4712 3917 4766 intervallo
3966 4713 4044 4766 di-

2468 4813 2621 4868 cunt,
2650 4805 2763 4859 sive
2793 4803 3097 4874 posteriora
3149 4805 3426 4874 prioribus
3479 4805 3852 4859 contractibus
3883 4822 3896 4858 :
3930 4803 4042 4857 lucc

2470 4895 2613 4952 nuda
2649 4906 2808 4967 pacta
2860 4898 2966 4952 illze
2999 4907 3218 4962 vocant,
3253 4898 3326 4968 (id
3376 4906 3460 4952 est
3511 4913 3816 4953 consensus
3882 4899 4039 4966 uteri)

2470 5005 2590 5058 qua:
2615 4989 2882 5044 actionem
2945 5006 3051 5045 non
3108 4992 3359 5061 gignunt.
3406 4991 3526 5045 Non
3574 4991 3719 5044 enim
3783 4991 3874 5059 qui
3919 5001 4044 5059 post

2473 5089 2686 5150 tempus
2718 5093 2906 5149 pactus
2949 5081 3134 5143 fuerit,
3170 5083 3319 5136 illico
3347 5099 3412 5138 ex
3447 5091 3606 5149 pacto
3637 5082 3902 5136 actionem
3946 5083 4042 5135 La-

2469 5173 2658 5227 bebit:
2698 5174 2740 5227 si
2776 5175 2901 5243 quia
2927 5192 3056 5230 vero
3081 5191 3175 5243 per
3223 5176 3513 5230 circuitum
3571 5185 3624 5229 ct
3670 5179 3793 5231 (λη-υ
3849 5176 4040 5244 egerit,

2469 5265 2741 5334 excipitur
2793 5267 2978 5318 statim
3036 5265 3102 5320 de
3166 5278 3325 5337 pacto
3364 5267 3628 5322 adversus
3677 5283 3821 5321 eum.
3876 5267 4041 5319 Sacra

2469 5368 2665 5413 vocant
2737 5361 2931 5429 templa
2967 5361 3203 5428 publica,
3238 5362 3487 5430 sepulcra
3540 5360 3844 5415 veneranda
3915 5360 4042 5411 reli-

2469 5451 2617 5520 giosa
2645 5451 2857 5505 dicunt.
2889 5453 3109 5507 Publica
3162 5469 3283 5524 qua:
3325 5455 3567 5509 omnium
3636 5454 3688 5507 in
3735 5469 3834 5507 usu
3895 5460 4042 5512 sunt,

2471 5557 2640 5607 mare,
2677 5542 2920 5609 flumina,
2958 5545 3127 5613 ripas,
3162 5554 3215 5599 ct
3280 5545 3489 5598 littora.
3529 5543 3838 5612 Popularia,
3887 5540 4042 5592 thea-

2474 5633 2600 5698 tria,
2668 5635 2862 5700 stadia,
2932 5635 3191 5691 basilicw.
3248 5635 3437 5690 Omnis
3487 5637 3724 5692 ere-litor
3795 5647 4038 5688 movens.
