4430 6448
428 374 519 436 96,
1740 370 2101 432 srxorsrs
2138 373 2423 439 LEGUM.

3581 375 3687 439 96?.

426 489 798 555 llposwtttxiw
870 490 916 543 δ’
976 487 1261 558 ὲναγωγὴν
1320 486 1434 557 ἔχει
1487 486 1623 556 πρὸς
1672 484 1765 538 τὸν
1821 481 1991 554 χρεώ·
2027 485 2072 541 Α
2102 486 2210 539 Καὶ
2230 488 2450 557 ἀδελφοὶ
2471 489 2526 542 δὲ
2552 488 2859 559 μέμφονται
2891 488 3167 557 συγγόνων
3196 488 3510 559 διαθήκαις,

1712 575 1893 649 [στην.

438 677 495 731 Ὅ
524 676 723 744 ἁνηὸος
754 677 832 736 εἰς
856 672 1108 742 ἔγκλημα
1139 674 1383 742 εἴργεται
1418 668 1747 741 μαρτυρίας.

426 771 585 823 Κατὰ
604 769 831 829 πολλοὺς
858 768 911 822 δὲ
938 767 1157 834 λέγεται
1204 766 1487 826 ἀδιάθετος
1514 763 1771 833 τρόπους,

438 861 495 909 "1
526 860 633 928 γάρ
676 859 750 929 μὴ
776 858 1112 926 διαθέμενος,
1141 857 1237 909 καὶ
1268 860 1296 910 ό
1328 856 1403 927 μή
1434 854 1575 909 κατὰ
1607 853 1827 923 νόμους,

424 953 535 1006 Καὶ
564 953 591 1004 ό
623 952 722 1021 τὴν
747 949 1079 1003 διατύπωσιν
1114 949 1253 1019 ἔχων
1287 946 1768 1018 σπαραττομένην,

428 1044 533 1097 Καὶ
572 1046 699 1096 ὃταν
725 1042 873 1095 ἐστὶν
902 1043 1124 1111 ἄκυρος,
1150 1042 1246 1093 καὶ
1268 1040 1436 1111 χωρὶς
1470 1037 1828 1109 κληρονόμου,

427 1138 534 1189 Καὶ
558 1140 584 1190 ό
611 1136 687 1206 μὴ
710 1135 1028 1204 διαθέμενος
1066 1136 1212 1187 ποιεῖ
1238 1132 1558 1187 κωδίκελλόν
1594 1148 1733 1197 πως,

427 1229 540 1281 Καὶ
577 1228 682 1297 πρὸ
715 1225 1111 1289 διατυπώσεως
1146 1224 1470 1279 κωδίκελλόν
1504 1244 1584 1289 τις
1602 1228 1826 1296 γράφει,
1890 1212 1897 1217 ’

438 1319 777 1389 Ἀπόκληρος
807 1320 866 1372 ού
896 1320 1165 1389 γράφεται
1186 1319 1351 1389 φησὶν
1381 1320 1439 1373 ἐν
1466 1320 1793 1392 κωδικέλλῳ,

426 1414 560 1468 Οὐδὲ
591 1412 925 1483 κληρονομία
957 1432 1041 1476 τις
1073 1414 1557 1484 φιδεικομισσαρία
1597 1432 1612 1447 ο

427 1506 563 1560 Οὐδὲ
592 1506 959 1577 κληρονομίαν
988 1524 1072 1568 τις
1099 1509 1154 1559 έν
1186 1506 1501 1578 κωδικέλλῳ
1539 1508 1763 1579 γράφει,

426 1595 556 1649 υῦθ’
586 1596 797 1665 αἵρεσις
828 1597 1185 1667 προστίθεται
1222 1596 1326 1651 κᾶν
1358 1597 1496 1661 ὅλως
1526 1598 1911 1667 κληρονόμοις.

426 1688 547 1741 Τῶν
564 1687 621 1741 δέ
641 1688 691 1757 γ’
724 1690 1119 1757 ἐπερωτήσεων
1141 1689 1345 1759 ταύτην
1375 1689 1471 1760 τὴν
1497 1690 1696 1757 γνῶσιν
1726 1691 1858 1761 ἔχει.

434 1781 500 1834 Ἠ
538 1781 635 1851 μέν
665 1782 784 1834 ἐστι
808 1781 1117 1851 δικαστικὴ,
1152 1781 1343 1849 ὥσπερ
1368 1783 1399 1853 ή
1426 1781 1556 1851 περὶ
1587 1782 1761 1847 δόλου,

438 1872 501 1925 Ἡ
532 1872 588 1925 δέ
630 1873 746 1924 ἐστι
774 1870 869 1925 τοῦ
897 1873 1232 1943 πραίτωρος,
1261 1874 1293 1944 ή
1318 1873 1373 1926 δὲ
1404 1874 1568 1943 μικτὴ
1598 1875 1695 1943 τὴν
1727 1872 1909 1941 φύσιν,

440 1964 501 2018 'H
528 1966 582 2018 δὲ
627 1967 689 2019 ὲκ
720 1966 1079 2029 συναινέσεως
1104 1966 1212 2019 τῶν
1244 1966 1428 2037 μερῶν
1461 1966 1760 2038 ἑκατέρων.

425 2056 729 2127 Αύθεντικὴ
756 2058 1028 2128 ὸρφανικὴ
1056 2059 1393 2120 διατύπωσις
1429 2061 1550 2128 μία,

425 2148 800 2221 Κληρονομὶαι
827 2149 883 2202 δὲ
911 2150 1089 2203 διτταὶ
1110 2150 1212 2216 τῆς
1246 2152 1375 2220 μίας
1406 2153 1695 2224 διαθήκης.

437 2238 865 2311 Ἀκυρουμένης,
895 2242 1152 2309 δέσποτα,
1173 2243 1432 2315 δευτέρας
1468 2246 1755 2318 διαθήκης,

426 2332 536 2385 Καὶ
561 2332 659 2403 τῆς
692 2334 988 2404 προτέρας,
1015 2335 1085 2389 δι’
1115 2337 1246 2390 αὐτὸ
1288 2338 1513 2399 εἰκότως
1554 2342 1919 2413 ῥηγνυμένης,

437 2425 838 2490 Ἀδιατύτιωτός
865 2429 1013 2482 ἐστιν
1037 2430 1065 2481 ὁ
1096 2430 1331 2499 ποιήσας
1355 2431 1454 2494 τὰς
1493 2431 1588 2485 δύο
1618 2451 1631 2464 ο

436 2517 495 2570 Ὅ
530 2518 867 2589 κληρονόμος
903 2520 1010 2592 γὰρ
1034 2522 1264 2591 γραφεὶς
1293 2522 1521 2594 δευτέρᾳ
1547 2524 1799 2596 διαθήκῃ

425 2609 646 2679 Ταύτην
682 2610 784 2678 μὲν
816 2610 1192 2681 ὑπερχόμενος
1218 2614 1414 2684 ἀκυροῖ
1446 2616 1789 2685 παραυτίκα,

426 2701 601 2754 Τοῦτό
638 2703 790 2754 ἐστιν
839 2702 1122 2773 άκύρωσις
1145 2706 1370 2769 είκότως
1404 2707 1671 2778 διαθήκης
1696 2725 1710 2738 °

426 2791 620 2846 Πολλοὶ
649 2793 743 2847 καὶ
777 2793 925 2848 ἄλλοι
961 2795 1152 2864 τρόποι
1180 2798 1234 2850 δὲ
1262 2799 1359 2867 τῆς
1387 2816 1450 2867 γε
1499 2801 1575 2869 μὴ
1632 2801 2002 2872 κυρουμένης.

425 2884 602 2938 Πολλά
632 2886 739 2956 γὰρ
772 2886 921 2956 πάθη
955 2887 1167 2957 πέφυκε
1193 2888 1293 2958 τῆς
1324 2890 1615 2959 διαθήκης,
1651 2891 1808 2958 ἄναξ,

437 2977 764 3047 Ἀκύρωσις,
782 2978 1021 3043 ἀτέλεια,
1076 2980 1257 3050 ῥῆξις,
1285 2982 1421 3050 πρδς
1459 2983 1516 3035 δὲ
1553 2985 1649 3036 καὶ
1702 2985 1933 3054 μέμψις.

440 3068 503 3122 Ἦ
534 3070 743 3140 μέμψις
773 3070 830 3124 δὲ
856 3071 965 3126 τῶν
994 3072 1245 3142 φυσικῶν
1277 3073 1454 3143 μόνων
1486 3076 1742 3145 τυγχάνει
1775 3079 2002 3144 παίδων,

438 3159 683 3231 Ὁπότανζ
706 3161 1111 3233 ἀμνημόνευτοι
1149 3163 1407 3230 γίνωνται
1430 3165 1542 3228 τοῖς
1578 3166 1814 3235 πατράσι
1838 3182 1851 3195 ο

424 3485 618 3533 contra
674 3480 852 3531 virum
912 3480 1136 3533 tertium
1189 3488 1510 3535 extraneum
1544 3483 1638 3551 qui
1680 3496 1791 3537 rem
1827 3482 2001 3552 possi-

428 3571 518 3626 det
540 3569 1016 3641 hypothecariam,
1047 3572 1398 3627 definitorum
1459 3573 1676 3643 quidem
1732 3586 2007 3641 anuqrum'

426 3662 848 3733 praescriptione
895 3664 1225 3731 excluditur,
1271 3668 1613 3734 persenalem
1669 3681 1798 3720 vero
1833 3666 2007 3719 actio-

429 3770 549 3809 nem
591 3755 757 3808 habet
799 3764 992 3809 contra
1017 3754 1347 3811 debitorem.
1391 3757 1644 3826 Impubes
1684 3757 1736 3809 in
1782 3757 2009 3810 crimine

429 3847 753 3918 prohibetur
784 3864 812 3901 a
860 3849 1197 3903 testimonio.
1247 3847 1434 3904 Multis
1476 3850 1652 3904 modis
1712 3850 2011 3904 intestatus

428 3942 553 4010 quis
594 3942 817 4007 dicitur,
846 3942 938 4012 qui
986 3957 1162 4011 neque
1202 3950 1442 3998 testatus
1479 3951 1586 4009 est,
1638 3944 1730 4011 qui
1783 3956 1889 3997 non
1919 3958 2005 3997 se-

430 4033 669 4088 cundum
691 4034 859 4104 leges,
895 4034 990 4104 qui
1016 4044 1403 4090 testamentum
1438 4035 1601 4089 habet
1625 4035 2002 4098 tlilaeeratum,

432 4137 627 4180 etcum
655 4133 739 4180 est
770 4124 1011 4192 irritum,
1042 4133 1239 4179 etcum
1285 4124 1407 4180 sine
1438 4122 1676 4178 ltaarede.
1706 4124 1807 4190 Qui
1837 4133 2005 4177 testa-

431 4227 518 4272 tus
549 4233 658 4271 non
694 4223 780 4271 est
806 4215 934 4272 facit
990 4216 1335 4283 codicillum,
1360 4224 1414 4271 et
1460 4224 1587 4272 ante
1613 4224 2006 4271 testamentum

430 4317 555 4385 quis
584 4315 775 4369 scribit
832 4314 1148 4368 codicillum
1179 4334 1194 4369 :
1252 4314 1503 4369 Exhaares
1545 4315 1599 4368 in
1625 4315 1880 4369 codicillo
1903 4329 2010 4369 non

434 4408 715 4471 scribitur,
789 4422 967 4475 neque
1026 4405 1361 4461 intercilitalis
1415 4405 1924 4460 fideicommissaria
1988 4420 2004 4458 :

434 4518 612 4572 neque
654 4504 706 4557 in
735 4503 991 4557 codicillo
1023 4503 1394 4556 [nereditatem
1433 4501 1556 4570 quis
1582 4500 1798 4562 scribit,
1824 4514 2005 4568 neque

2110 580 2175 636 El
2205 581 2577 654 κληρονόμους
2617 584 2890 656 γράφουσι
2931 582 3107 653 πάντη
3157 579 3684 651 κατεγνωσμένουςο

2110 675 2183 728 Τὸ
2231 675 2352 745 τρὶς
2394 675 2450 729 δὲ
2499 675 2665 746 μέρος
2720 676 2933 746 πέφυκε
2979 674 3073 729 τοῦ
3125 675 3354 737 παντὸς,
3405 671 3566 736 ἄναξ,
3598 668 3688 723 λό-

3311 766 3435 839 1m
3470 765 3614 838 (ts).

2179 863 2373 917 Κοινέιν
2396 862 2502 935 γάρ
2533 862 2673 927 ἐστι,
2710 862 2970 928 δέσποτα,
3002 862 3097 917 καὶ
3128 859 3406 931 γυναικῶν
3461 861 3556 913 καὶ
3587 859 3689 930 ἀρ-

3388 953 3605 1027 [ρένων.

2108 1046 2181 1099 Τό
2201 1063 2285 1108 τις
2317 1046 2425 1116 γάρ
2458 1046 2646 1110 εἰπὼν,
2677 1047 2771 1100 δύο
2796 1046 2930 1118 γένη
2964 1046 3133 1114 λέγει,

2112 1138 2281 1208 Ἀλλη
2316 1138 2416 1209 μέν
2445 1141 2561 1193 ἐστι
2590 1141 2691 1210 τῆς
2730 1140 2960 1211 ἀγωγῆς
2997 1141 3031 1211 ή
3057 1140 3237 1210 φύσις,

2113 1230 2281 1299 Ἀλλη
2322 1229 2379 1282 δέ
2418 1231 2535 1283 ἐστι
2563 1231 2663 1297 τῆς
2688 1232 3061 1304 παραγραφῆς
3088 1233 3251 1286 πάλιν
3285 1246 3300 1262 ο

2108 1322 2225 1377 Κᾶν
2258 1322 2618 1392 ἐγκαλοῦντος
2647 1324 2708 1388 ὃς
2740 1324 3112 1397 παραγραφὴν
3141 1325 3273 1396 ἔχει,

2122 1418 2208 1472 Ἐν
2233 1420 2353 1482 ταῖς
2380 1418 2558 1481 δίκαις
2585 1417 2776 1488 εἴληφε
2806 1418 2960 1483 τάξιν
2993 1418 3089 1475 καὶ
3114 1419 3305 1475 τόπον.

2107 1508 2273 1563 Φύσει
2316 1512 2584 1580 χρεωστεῖ
2612 1511 2722 1574 πᾶς
2756 1511 2957 1578 ἄνηϐος
2982 1511 3044 1565 τδ
3074 1512 3259 1583 χρέος,

2108 1603 2219 1657 Καὶ
2244 1604 2350 1665 πᾶς
2375 1603 2657 1674 δανειστὴς
2677 1603 2787 1658 τῶν
2822 1603 3044 1675 ἀνήϐων
3064 1605 3368 1675 τυγχάνων,

2107 1697 2271 1750 Φύσει
2307 1696 2590 1768 δανειστὴς
2610 1698 2778 1761 ἐστιν,
2806 1698 2929 1768 οὐχὶ
2958 1697 3035 1768 τῷ
3058 1697 3231 1767 νόμῳ.

2034 1819 2080 1879 Β
2111 1784 2183 1837 To
2212 1783 2312 1852 τῆς
2350 1782 2689 1853 κλοπιμαίας
2719 1784 2774 1835 δὲ
2810 1784 3007 1855 δούλης
3046 1785 3281 1852 παιδίον,

2113 1882 2226 1933 Οὐκ
2250 1879 2395 1933 ἔστιν
2424 1880 2594 1949 αὐτῆς
2617 1880 2674 1933 ὲν
2705 1880 2877 1952 κλοπῇ
2910 1881 3103 1951 τεχθὲν
3134 1883 3297 1953 μέρος
3338 1914 3339 1917 η

2113 1972 2277 2043 Ποινὴ
2308 1972 2417 2041 γάρ
2448 1972 2509 2025 ού
2541 1973 2786 2042 πέφυκεν
2812 1973 2979 2027 αὑτοῦ
3001 1972 3095 2028 τοῦ
3128 1974 3313 2029 ⁸ι’όκου.

2125 2065 2183 2118 Ὀ
2212 2065 2527 2135 συμπλοκὴν
2562 2065 2698 2135 έχων
2726 2066 2781 2119 δὲ
2816 2065 2891 2137 μὴ
2924 2067 3097 2138 τομὴν
3125 2067 3303 2135 λόγος,

2123 2158 2217 2210 Ἐκ
2238 2156 2329 2210 τοῦ
2365 2156 2798 2227 προενέγκαντος
2822 2159 2903 2222 εἰς
2924 2159 3128 2227 γνῶσιν
3153 2159 3306 2212 πέσοι
3340 2175 3352 2190 ο

2110 2250 2171 2303 Εἰ
2199 2250 2306 2320 γάρ
2332 2267 2416 2313 τις
2445 2250 2628 2313 οἴκων.
2663 2249 2877 2320 χωρίων
2903 2268 2964 2303 τε
3001 2251 3288 2319 δεσπότης,

2111 2342 2381 2412 Γράφειεν
2408 2340 2573 2405 οὕτω,
2605 2341 2898 2410 ληγατεύω
2919 2341 2998 2411 τῷ
3028 2342 3191 2412 φίλῳ,

2111 2434 2308 2495 Οἴκους
2344 2434 2569 2504 ἀγροὺς,
2597 2432 2834 2502 ἄδεσμον
2858 2434 3031 2487 εἰπὼν
3062 2433 3162 2504 τὴν
3184 2432 3411 2504 φράσιν,

2112 2524 2543 2595 Συμπλεκτικῶς
2578 2524 2847 2595 ἔγραψεν·
2881 2527 2931 2579 εί
2956 2526 3003 2579 δ’
3025 2525 3169 2579 οὕτω
3202 2526 3423 2595 φράσει,

2113 2617 2310 2680 Οῗκους
2345 2617 2538 2686 Πέτρῳ
2561 2616 2752 2686 δίδωμι
2774 2617 2979 2686 ἀγροὺς
3007 2616 3209 2678 ἀδέτως

2115 2710 2313 2779 Παύλῳ
2341 2709 2385 2762 δ’
2408 2710 2437 2763 ὁ
2488 2694 2696 2781 Πέτρος
2718 2709 2950 2781 ἐκλογὴν
2983 2710 3290 2777 ποιησάτω,

2113 2803 2342 2865 Διεῖλεν,
2376 2801 2476 2854 οὐκ
2505 2801 2699 2865 ἔπλεξε
2730 2801 2809 2871 τῷ
2833 2801 3048 2854 Παύλου
3078 2801 3245 2870 λόγῳ.

2115 2889 2388 2961 Πρόδηλόν
2409 2891 2526 2943 ἐστι
2545 2889 2808 2960 πλήθεσιν
2839 2889 3103 2954 ἐναντίον,

2112 2987 2201 3037 Δεῖ
2223 2984 2329 3053 γὰρ
2359 2983 2642 3054 παρόντων
2669 2983 2779 3035 τῶν
2798 2983 3056 3037 ἁπάντων
3087 2981 3400 3051 μαρτύρων,

2118 3077 2191 3129 Ἦ
2217 3076 2361 3140 λέξιν
2384 3076 2580 3136 εἰπεῖν,
2613 3076 2647 3145 ἢ
2686 3074 2893 3143 πρᾶξαί
2917 3093 2970 3128 τι
2995 3077 3300 3145 συντόμως.

2029 3162 2074 3225 C
2119 3166 2183 3219 Ἦ
2211 3166 2308 3236 τῆς
2344 3167 2563 3237 ἀγωγῆς
2594 3166 2786 3236 κλῆσις
2817 3166 3102 3237 εἴσπραξιν
3132 3167 3311 3238 φέρει,

3295 3261 3453 3319 Vers.
3484 3261 3618 3318 l097

2118 3500 2149 3540 0
2192 3499 2310 3547 rex,
2372 3482 2570 3537 irritati
2625 3482 2984 3552 imperfectio,
3030 3482 3230 3553 ruptio,
3293 3482 3491 3539 deinde
3549 3497 3691 3551 que-

2111 3574 2245 3629 rela.
2287 3573 2521 3639 Querela
2569 3572 2789 3641 quidem
2838 3580 2922 3627 est
2947 3573 3122 3628 solum
3185 3572 3516 3627 naturalium
3555 3571 3691 3625 libe-

2113 3682 2324 3729 rerum,
2360 3681 2482 3719 cum
2521 3665 2783 3735 praeteriti
2834 3674 2962 3721 sunt
2989 3680 3019 3719 a
3063 3664 3404 3734 parentibus.
3468 3661 3691 3716 Fratres

2116 3760 2336 3830 quidem
2407 3768 2730 3828 quazrnntur
2785 3758 2852 3812 de
2935 3756 3469 3825 consanguineorum
3520 3763 3689 3809 testa-

2115 3852 2335 3912 mentis,
2392 3852 2435 3905 si
2492 3851 2737 3906 scribant
2787 3848 3031 3904 haeredes
3089 3848 3314 3904 omnino
3380 3848 3689 3902 damnatos.

2114 3943 2291 4012 Atque
2360 3943 2475 3997 haec
2524 3952 2629 4008 est,
2691 3957 2725 3996 ο
2785 3958 2898 4003 rex,
2943 3941 3102 3995 tertia
3162 3956 3288 4009 pars
3348 3941 3517 3994 totius
3578 3954 3694 3995 ser-

2115 4034 2311 4086 monis.

2187 4123 2492 4178 Commune
2524 4132 2604 4178 est
2642 4124 2882 4180 hominis
2913 4140 3131 4190 nomen,
3156 4124 3377 4180 domine
3404 4164 3419 4187 ,
3473 4122 3693 4178 feminis

2118 4222 2173 4268 et
2208 4214 2472 4273 maribus.
2508 4215 2651 4284 quod
2679 4218 2769 4284 qui
2800 4216 2934 4270 dicit
2980 4218 3120 4270 duos
3151 4228 3320 4271 sexus
3354 4215 3508 4269 dicit.
3572 4213 3692 4266 Alia

2114 4313 2200 4360 cst
2223 4306 2453 4360 actionis
2485 4313 2703 4370 natura,
2734 4306 2838 4360 alia
2864 4308 3061 4361 iterum
3086 4304 3447 4375 exceptionis,
3476 4303 3692 4358 etiamsi

2117 4398 2211 4467 qui
2244 4398 2621 4467 eXeeptionem
2650 4398 2835 4461 habet,
2874 4399 3078 4453 actoris
3126 4398 3181 4452 in
3241 4396 3464 4467 iudiciis
3510 4396 3692 4450 locum

2117 4500 2171 4544 et
2204 4490 2452 4544 ordinem
2500 4490 2700 4560 capiat.
2732 4489 2922 4545 Debito
2975 4498 3172 4544 natura
3203 4489 3479 4558 obligatur
3509 4486 3696 4543 omnis

435 4595 680 4651 conditio
725 4596 890 4649 etiam
925 4595 1199 4649 universis
1227 4594 1536 4648 lizeredibus
1579 4593 1864 4661 adjicitur.
1895 4592 2009 4648 Sti-
2041 4574 2089 4633 Ῐ)
2118 4581 2184 4634 im

1944 4593 2009 4646 [ί-
2041 4574 2089 4633 D
2118 4580 2365 4649 impubes
2400 4599 2413 4635 :
2451 4592 2505 4635 et
2550 4582 2731 4637 omnis
2781 4582 3121 4650 impuberum
3172 4581 3433 4644 creditor.
3496 4589 3693 4633 natura

435 4689 777 4760 pulationum
812 4701 944 4743 vero
971 4688 1115 4741 hanc
1148 4686 1400 4741 notitiam
1437 4687 1595 4741 habe.
1642 4685 1899 4751 Quaedam
1927 4690 2015 4738 est

432 4780 734 4850 judicialis,
766 4789 823 4833 ut
851 4793 972 4849 qua:
990 4778 1058 4833 de
1084 4778 1249 4844 dolo;
1277 4777 1524 4848 quaedam
1548 4776 1834 4846 praetoria;
1865 4792 2017 4845 qna:-

436 4874 557 4927 datn
593 4883 789 4926 natura
823 4873 985 4927 mista
1011 4886 1025 4923 :
1055 4872 1301 4941 quaedam
1322 4886 1389 4926 ex
1420 4870 1784 4925 conventione
1809 4869 2018 4924 utrius-

436 4981 541 5035 que
572 4965 767 5035 partis.
795 4963 1186 5018 Authenticum
1236 4970 1290 5017 et
1322 4962 1614 5032 pupillarc,
1648 4977 1818 5017 unum
1844 4969 2020 5017 testa-

439 5068 705 5123 mentum,
738 5057 1087 5113 hazreditates
1118 5070 1250 5111 vero
1302 5056 1425 5111 duae
1453 5055 1618 5111 unius
1683 5055 2018 5112 testamenti.

439 5151 621 5212 lrrito,
658 5150 899 5216 domine,
927 5150 1169 5206 secundo
1206 5158 1560 5215 testamento,
1596 5156 1650 5203 et
1678 5148 1855 5217 primo
1887 5161 2021 5217 pro-

441 5253 562 5312 pter
618 5244 749 5297 illud
790 5241 914 5312 jure
946 5252 1126 5312 rupto,
1151 5242 1449 5295 intestatus
1489 5248 1574 5296 est
1606 5238 1697 5308 qui
1730 5238 1841 5291 duo
1868 5238 2019 5293 fecit.

440 5334 626 5391 Haeres
701 5334 845 5390 enim
917 5335 1156 5403 scriptus
1202 5332 1448 5388 secundo
1502 5338 1857 5388 testamento.
1910 5344 2018 5384 non

442 5428 744 5483 succedens
799 5425 965 5484 illico.
1013 5423 1145 5478 illud
1177 5424 1389 5478 irritum
1439 5420 1588 5475 facit.
1644 5420 1737 5474 Illa
1777 5427 1862 5473 est
1892 5418 2016 5471 irri-

441 5520 575 5573 tatio
618 5518 859 5587 legitima
904 5513 1241 5570 testamenti.
1297 5512 1404 5566 Sed
1449 5519 1502 5565 et
1549 5509 1639 5562 alii
1703 5514 1829 5561 sunt
1872 5505 2015 5560 modi

442 5611 648 5665 nullius
716 5608 1048 5671 testamenti,
1086 5606 1257 5659 multa
1313 5603 1457 5658 enim
1498 5601 1627 5657 vitia
1680 5599 1991 5656 testamenti

514 5822 626 5894 (£57)
661 5820 878 5893 Ἴαμϐοι
902 5821 949 5874 οἱ
979 5819 1105 5891 ἑξῆς
1138 5818 1307 5888 στίχοι

2118 4688 2225 4727 non
2258 4674 2374 4743 lege
2397 4675 2638 4729 creditor
2654 4683 2757 4729 est.
2780 4674 3007 4728 Ancilla:
3026 4674 3262 4737 furtivae,
3293 4672 3441 4742 quod
3472 4674 3528 4725 iu
3550 4672 3697 4725 furto

2120 4775 2285 4824 natus
2315 4776 2419 4835 est,
2456 4766 2637 4822 infans
2679 4767 2856 4837 ipsius
2921 4782 3031 4821 non
3082 4772 3174 4821 est
3242 4780 3369 4835 pars
3406 4781 3421 4820 :
3473 4764 3554 4821 sic
3599 4779 3702 4819 nec

2121 4875 2303 4917 usurae
2359 4876 2538 4931 poena.
2570 4858 2759 4915 Oratio
2815 4874 2939 4929 quae
2994 4874 3173 4929 neque
3222 4857 3697 4927 coniunctionem,

2120 4969 2299 5023 neque
2351 4955 2678 5009 divisionem
2722 4954 2908 5022 habet,
2940 4970 3006 5009 ex
3055 4964 3237 5009 mente
3286 4952 3717 5024 pronuntiantis»

2122 5046 2579 5118 signiﬁcationem
2632 5047 2833 5103 habeat
2893 5064 2906 5101 :
2956 5047 2999 5102 si
3052 5046 3176 5116 quis
3223 5045 3370 5099 enim
3412 5044 3701 5099 domorum

2124 5147 2180 5195 et
2240 5153 2497 5209 agrorum
2559 5139 2813 5194 dominus
2870 5138 2942 5191 ita
2983 5137 3291 5207 scripserit,
3350 5134 3469 5205 lego
3527 5136 3707 5189 amico

2126 5229 2321 5285 domos
2374 5244 2557 5300 agros,
2604 5229 2843 5298 phrasim
2910 5227 3240 5297 disjunctam
3295 5227 3507 5293 dicens,
3556 5237 3710 5281 com-

2124 5321 2338 5391 plexive
2373 5322 2586 5375 locutus
2635 5329 2718 5374 est
2744 5336 2759 5374 :
2789 5320 2833 5374 si
2877 5335 3003 5375 vero
3054 5320 3128 5373 ita
3165 5319 3423 5389 loquatur
3477 5317 3656 5372 solute
3688 5333 3702 5371 :

2130 5412 2332 5469 Domos
2369 5413 2437 5467 do
2488 5412 2668 5475 Petro,
2708 5428 2867 5483 agros
2909 5413 3095 5475 Paulo,
3153 5410 3347 5466 Petrus
3383 5410 3707 5465 electionem

2131 5505 2343 5573 facito;
2385 5506 2592 5563 divisit.
2619 5522 2727 5561 non
2754 5507 3037 5577 conjunxit
3070 5505 3216 5580 Pauli
3246 5519 3518 5561 sermone.
3546 5502 3709 5568 Quod

2128 5600 2305 5670 palam
2345 5608 2430 5656 est
2474 5599 2525 5654 in
2583 5609 2876 5670 conspectu
2934 5599 3303 5656 multitudinis
3348 5606 3457 5664 est,
3494 5604 3711 5669 oportet
