4430 6448
778 490 837 542 Ὀ
871 491 978 560 γὰρ
1009 490 1340 561 πιπράσκων
1368 487 1466 558 τῆν
1496 485 1722 559 ἀγωγὴν
1763 486 1830 557 ἢν
1864 485 1998 556 ἔχει,

762 585 841 655 Τῇ
872 585 969 655 τῆς
1000 584 1228 652 ἀγωγῆς
1256 584 1315 635 ἐν
1345 580 1640 651 πρατηρίῳ
1663 579 1886 649 φράσει,

764 678 924 731 Δοκεῖ
954 678 1285 748 πιπράσκειν
1305 676 1407 746 τὴν
1437 675 1735 744 ἀπαίτησιν
1756 672 1923 743 τάχα.

764 770 840 825 Τὸ
866 771 965 840 τῆς
987 770 1143 839 δίκης
1168 769 1343 840 ὄνομα
1370 769 1575 839 κυρίως
1603 768 1783 836 γένος.

762 860 923 929 Δηλοί
954 877 1012 912 τε
1043 862 1225 915 πᾶσαν
1260 860 1358 928 τὴν
1386 857 1615 928 ἀγωγὴν
1643 857 1871 930 κυρίως.

764 951 968 1004 ’Ὁπλον
988 970 1073 1016 τις
1097 950 1269 1005 εἰπὼν
1297 951 1392 1004 καὶ
1416 950 1600 1014 λίθους
1626 948 2062 1020 προσλαμϐάνει.

772 1043 1087 1115 Ἐλευθερία
1109 1047 1173 1115 τῇ
1202 1043 1347 1098 δόσει
1374 1043 1543 1097 ταυτδ
1578 1042 1762 1114 φύσει,

759 1138 823 1191 Εἰ
858 1139 968 1209 γάρ
997 1156 1080 1202 τις
1107 1137 1252 1192 είποι
1296 1138 1595 1210 μαρτύρων
1626 1137 1927 1211 παρουσίᾳ,

770 1230 1083 1301 Ἐλεύθερός
1109 1249 1200 1302 μοι
1223 1233 1250 1285 ὁ
1275 1231 1557 1302 χρεώστης
1584 1230 1677 1285 τοῦ
1703 1230 1922 1303 χρέους,

758 1324 995 1394 Εῐρηκεν
1034 1324 1111 1388 ώς
1136 1325 1329 1397 εἴληφε
1362 1324 1549 1393 σαφῶς
1574 1325 1637 1377 τὸ
1662 1325 1850 1396 χρέος.

759 1415 943 1466 Ἀπαν
999 1413 1142 1484 μέγα
1175 1414 1419 1485 ῥᾴθυμον
1456 1413 1721 1485 τυγχάνει
1744 1414 1917 1478 δόλος.

756 1508 997 1561 Βάλανον
1036 1507 1205 1559 εἰπὼν
1235 1507 1633 1577 παντάκαρπόν
1667 1525 1757 1576 μοι
1783 1507 1987 1574 λέγεις,

755 1602 867 1653 Καὶ
894 1601 1074 1654 πάντα
1096 1599 1290 1670 δένδρα
1320 1601 1420 1671 τῆς
1452 1601 1613 1670 δρυὸς
1642 1599 1906 1669 μνησθεὶς
1940 1600 2127 1669 μόνης.

754 1691 883 1744 Υἱόν
912 1709 997 1756 τις
1022 1691 1195 1745 είπὼν
1232 1693 1327 1746 καὶ
1355 1690 1449 1745 τὸν
1477 1692 1704 1760 ἔγγονον
1731 1691 1882 1759 λέγει

751 1786 863 1838 Καὶ
898 1787 1072 1854 φύντα
1105 1785 1330 1855 φάσκων
1365 1783 1457 1838 τόν
1491 1800 1552 1836 τε
1576 1783 1803 1837 πάππον
1828 1783 2059 1850 εἰσάγει.

754 1879 1024 1931 ’Ἂπεστιν
1052 1877 1402 1949 αἰχμάλωτος
1435 1876 1692 1946 οὐδαμῶς
1722 1877 1922 1945 χρόνῳ,

750 1968 979 2039 Λῃστῶν
1010 1969 1056 2021 δ’
1079 1970 1138 2023 ἐν
1158 1971 1347 2041 χερσὶν
1390 1967 1667 2040 ἐγκρατὴς
1689 1968 2054 2039 δεδειγμένος.

751 2062 891 2114 Κατ’
914 2061 1283 2130 αἰχμαλώτων
1325 2060 1501 2125 οὐδεὶς
1531 2062 1640 2131 γάρ
1668 2060 1862 2131 χρόνος
1902 2061 2085 2131 τρέχει

750 2153 879 2217 Τοῖς
905 2154 949 2206 δ’
978 2149 1043 2207 αὗ
1083 2171 1149 2222 γε
1179 2153 1558 2223 λῃστευθεῖσιν
1577 2154 1803 2217 εἰκότως
1847 2154 1987 2223 ῥέει.

748 2244 871 2297 Τῶν
893 2244 1194 2316 χρημάτων
1225 2246 1259 2312 ἡ
1287 2245 1482 2315 κλῆσις
1511 2246 1587 2307 ὡς
1610 2245 1802 2313 γένους
1832 2245 2023 2309 τύπος,

750 2340 864 2391 Καὶ
903 2336 1012 2391 τῶν
1040 2338 1285 2407 κινητῶν
1309 2337 1421 2391 τῶν
1450 2357 1507 2391 τε
1542 2338 1642 2409 μὲν
1667 2340 1965 2407 ἀκινήτων,

748 2430 870 2484 Τῶν
895 2429 1229 2500 σωματικῶν
1258 2430 1368 2485 τῶν
1397 2448 1459 2484 τε
1494 2430 1593 2502 μὲν
1620 2430 1956 2501 ἀσωμάτων,

753 2525 907 2593 Ἔχει
932 2524 1118 2577 δίκαια
1140 2523 1219 2583 τῶ
1254 2523 1561 2593 συνεκτικῷ
1597 2524 1761 2593 λόγῳ.

745 2620 939 2682 Φίλους
966 2619 1199 2690 λέγομεν
1224 2619 1348 2691 οὐχὶ
1375 2617 1501 2681 τούς
1542 2618 1923 2688 ἐγνωσμένους

761 2714 855 2765 Ἐκ
886 2712 982 2766 τοῦ
1021 2713 1303 2783 τυχόντος,
1344 2713 1481 2767 ἀλλὰ
1517 2713 1643 2775 τοὺς
1671 2714 2045 2782 κεκτημένους

750 2804 953 2873 Σαφεῖς
992 2806 1267 2876 προφάσει
1300 2804 1664 2875 εὐπροσώπου
1699 2805 1903 2872 φιλίας.

750 2900 833 2953 Τὰ
863 2899 1041 2970 δεσμά
1064 2901 1260 2953 κοινῶν
1294 2901 1410 2953 ἐστι
1442 2900 1638 2953 κοινῶν
1664 2902 1835 2967 ἰδίων,

758 2992 825 3046 Ἦ
852 2993 897 3045 δ’
918 2992 986 3046 αὖ
1006 2992 1221 3063 φυλακὴ
1253 2992 1491 3064 δημοσία
1518 2993 1614 3045 καὶ
1647 2993 1807 3063 μόνη.

761 3084 1161 3156 Ἀποκαθιστᾷν
1194 3085 1311 3139 ἔστι
1338 3088 1743 3158 κυριοτρόπως,

759 3178 1233 3243 Ἀποκατάστασίς
1257 3196 1339 3244 τις
1365 3179 1766 3251 ἀκριϐεστάτη,

745 3475 933 3514 coram
966 3459 1230 3515 omnibus
1254 3458 1493 3514 testibus
1527 3458 1610 3512 vel
1638 3456 1771 3528 quid
1794 3457 1928 3523 dici,
1977 3457 2064 3514 vel
2099 3458 2338 3515 breviter

747 3553 892 3607 fieri.
930 3552 1181 3607 Actionis
1213 3566 1346 3605 voce
1371 3551 1683 3619 persecutio
1708 3551 2046 3618 continetur,
2079 3551 2339 3622 quienim

748 3645 934 3699 vendit
968 3646 1242 3698 actionem
1278 3657 1445 3712 quam
1482 3642 1670 3708 habet,
1698 3642 1800 3697 hoc
1832 3641 2066 3698 actionis
2093 3642 2337 3708 nomine,

746 3736 850 3792 fori
887 3736 1189 3801 locutione,
1214 3734 1664 3805 persecutionem
1690 3733 1840 3789 illico
1863 3733 2071 3789 vendit.
2091 3733 2338 3790 Actionis

744 3845 946 3885 nomen
977 3831 1199 3900 proprie
1230 3844 1404 3899 genus
1435 3837 1540 3891 est,
1593 3842 1719 3882 nam
1781 3842 2003 3883 omnem
2062 3828 2336 3882 actionem

743 3923 967 3991 proprie
994 3920 1289 3992 significat.
1324 3919 1491 3975 Arma
1528 3921 1743 3986 dicens,
1767 3928 1822 3974 et
1848 3919 2058 3988 lapides
2123 3920 2334 3974 intelli-

743 4015 843 4083 git,
893 4012 1175 4069 Liberatio
1238 4013 1488 4067 eamdem
1562 4023 1812 4068 naturam
1862 4028 1991 4068 cum
2063 4014 2342 4069 solutione

744 4105 911 4160 habet
947 4123 961 4160 :
997 4120 1124 4161 nam
1160 4105 1204 4160 si
1249 4107 1374 4175 quis
1423 4120 1609 4161 coram
1655 4107 1891 4162 testibus
1939 4106 2335 4172 dixerit,liber

743 4202 817 4255 sit
844 4199 1061 4254 debitor
1090 4214 1120 4252 a
1165 4198 1370 4263 debito,
1412 4199 1547 4254 dixit
1574 4200 1801 4269 perinde
1850 4215 1915 4255 ac
1969 4201 2013 4255 si
2066 4200 2324 4256 debitum

742 4302 893 4346 recte
936 4292 1263 4361 accepisset.
1304 4292 1496 4347 Omnis
1550 4307 1748 4363 magna
1799 4293 2135 4364 negligentia
2178 4292 2339 4350 dolus

740 4394 849 4439 est.
902 4382 1165 4443 Glandem
1217 4385 1426 4450 dicens,
1483 4400 1701 4441 omnem
1759 4386 1998 4441 fructum
2050 4386 2213 4448 dicis,
2284 4396 2341 4442 et

749 4492 946 4531 omnes
972 4477 1221 4541 arbores,
1244 4492 1485 4547 quercus
1515 4478 1845 4533 mentionem
1875 4479 2104 4534 faciens.
2139 4477 2337 4534 Filium

2038 370 2465 432 MICIMELIS
2498 374 2757 437 PSELIJ

2386 483 2430 541 Α
2464 486 2643 559 Τύχης
2667 491 2904 561 ἁπάσης,
2945 496 3124 557 αἰτίας
3155 513 3208 547 τε
3241 497 3529 565 σωμάτων.

3933 388 4037 448 θϋί

2457 583 2565 637 Τοῦ
2592 584 2757 654 νόμου
2784 588 2941 657 μὲνὴ
2976 587 3171 655 ἄγνοια
3212 588 3545 660 συγγνώμης
3594 592 3654 645 οὐ
3693 594 3960 663 λαμϐάνει

2456 674 2562 728 Τοῦ
2642 676 2854 730 Φάκτου
2917 678 3354 748 συγγινώσκεται
3434 685 3547 747 τοῖς
3608 686 3794 753 νόμοις
3871 702 4037 755 προσ-

3672 776 3962 848 [ηκόντως.

2457 862 2781 935 Παράνομος
2812 866 3128 940 ἀντιγραφὴ
3155 867 3419 940 ὲῤῥώσθω
3454 869 3740 939 βασιλέως,

2466 954 2819 1019 Ἐπεξουσίας
2849 958 3092 1027 νέμουσα
3115 960 3313 1030 ἄφεσιν
3342 962 3641 1031 τιμωρίας.

2452 1046 2564 1115 Τῆς
2597 1048 2907 1119 ἀκριϐείας,
2927 1050 3189 1117 δέσποτα,
3214 1052 3275 1106 τὸ
3303 1053 3515 1108 δίκαιον
3543 1053 3811 1123 προτίμα.

2455 1137 2748 1209 Ἕγκλημα
2778 1140 3139 1210 περατούσθω
3164 1159 3247 1197 σοι
3272 1144 3422 1207 ὲντδς
3450 1146 3551 1215 τῆς
3579 1143 3802 1205 διετίας.

2465 1229 2522 1281 'U
2550 1230 2882 1300 προσφυγὼν
2908 1234 3022 1296 τοῖς
3050 1234 3296 1299 δυνατοῖς
3326 1236 3406 1295 είς
3462 1237 3620 1308 δίκης
3666 1237 4026 1306 προστασίαν,

2450 1322 2635 1392 Πάσης
2663 1326 2944 1392 ἐκπίπτει,
2966 1326 3224 1394 δέσποτα,
3249 1329 3349 1399 τῆς
3379 1329 3534 1398 δίκης
3570 1330 3712 1383 κατὰ
3740 1332 3922 1401 νόμον.

2460 1414 2519 1468 ’0
2552 1417 3045 1488 καταδικαζόμενος
3067 1419 3218 1485 ὲντδς
3247 1421 3345 1490 τῆς
3371 1424 3745 1493 τετραμήνου,

2448 1508 2749 1578 Είσπραξιν
2775 1510 2873 1581 οὐχ
2894 1511 3189 1579 ὑφίσταται
3215 1513 3325 1567 τῶν
3356 1516 3464 1568 άπδ
3487 1517 3811 1587 καταδίκης.

2450 1600 2596 1663 Είτις
2628 1600 2850 1670 ψευδέσι
2891 1601 3131 1674 μάρτυσι
3166 1607 3466 1677 κρατήσειε
3498 1607 3597 1677 τῆς
3633 1608 3815 1676 δίκης,

2448 1692 2558 1744 Καὶ
2584 1693 2806 1747 κόλασιν
2846 1694 3137 1763 ὑφίσταται
3161 1697 3254 1749 καὶ
3274 1696 3430 1753 λύσιν
3455 1699 3564 1752 τῶν
3596 1699 3922 1769 κριθέντων.

2448 1781 2521 1833 Τὸ
2562 1782 2703 1834 κατά
2737 1783 2902 1851 φόϐον
2926 1787 3154 1853 γεγονὸς
3188 1786 3291 1840 οὐκ
3332 1786 3480 1841 ἔστιν
3508 1790 3847 1861 ἐρρωμένον.

2374 1843 2418 1904 Β
2452 1876 2631 1938 ’Ἅπας
2649 1876 2676 1930 ό
2696 1843 3027 1947 βιασάμενος
3053 1843 3341 1935 εὐθύνεται
3368 1883 3463 1935 καὶ
3482 1843 3637 1953 δόλίρ,

2461 1969 2524 2022 'll
2548 1987 2614 2022 πε
2627 1970 2678 2041 pl.
2700 1970 2854 2023 δόλου
2880 1971 3084 2026 δίδοται
3113 1972 3295 2036 αἰτίας
3323 1974 3382 2040 ἐξ
3415 1974 3670 2044 εὐλόγου,

2455 2056 2654 2126 Ἀλλης
2685 2056 2935 2127 ἀπούσης
2966 2060 3215 2129 ἀγωγῆς,
3249 2063 3456 2135 ἐσχάτη
3500 2064 3612 2134 γάρ
3634 2067 3923 2135 τυγχάνει.

2453 2149 2671 2203 Ἥττων
2706 2149 3011 2222 ἀϐοήθητος
3040 2152 3134 2205 ἐπὶ
3158 2154 3265 2206 τῶν
3296 2156 3686 2226 ἐγκλημάτων.

2449 2245 2520 2296 Σύ
2531 2262 2747 2313 μφωνον
2770 2244 2915 2298 κατά
2942 2245 3153 2315 δωρεὰν
3174 2246 3350 2318 δήλων
3382 2249 3502 2301 ἐστὶ
3537 2251 3905 2322 πραγμάτων.

2446 2336 2570 2388 Τῶν
2590 2336 2909 2404 ἀμφιϐόλων
2943 2337 2999 2391 δέ
3027 2338 3180 2391 ἐστιν
3204 2339 3237 2408 ἡ
3262 2338 3513 2405 διάλυσις
3536 2340 3717 2406 λύσις,

2453 2428 2581 2481 Ἐπὶ
2611 2430 2723 2492 τοῖς
2760 2428 2856 2482 σὺν
2894 2429 3232 2502 αἱρέσεσινὴ
3272 2432 3512 2498 διάλυσις
3543 2435 3747 2504 μόνοις.

2453 2519 2581 2573 Ἐπὶ
2612 2521 2709 2590 μὲν
2740 2520 2848 2574 τῶν
2876 2520 2944 2575 δι’
2968 2521 3200 2591 αἵματος
3231 2525 3464 2594 ἑχόντων
3501 2529 3797 2595 τιμωρίαν,

2449 2612 2666 2675 Ἔξεστι
2696 2611 3009 2666 διαλύεσθαι
3036 2613 3240 2678 ἔξωθεν
3274 2617 3373 2686 τῆς
3410 2618 3660 2688 μοιχείας
3694 2635 3707 2650 ·

2457 2702 2582 2756 Ἐπὶ
2615 2703 2723 2758 τῶν
2754 2706 3112 2775 ἀναιμάκτων
3140 2707 3197 2762 δὲ
3221 2711 3391 2779 χωρὶς
3419 2710 3891 2781 πλαστογραφίας,

2445 2797 2559 2850 Οὐκ
2586 2796 2763 2862 ἔξεστι
2786 2798 3031 2852 διάλυσιν
3060 2800 3185 2863 τούς
3212 2801 3516 2865 ἀντιδίκους
3551 2803 3819 2871 γράφειν·

2458 2889 2783 2958 ὐμολογίας
2825 2889 2871 2943 δ’
2897 2890 3167 2954 -άνευθεν,
3199 2891 3231 2961 ἦ
3260 2892 3463 2957 δόσεως
3485 2896 3851 2964 πραγμάτων,

2442 2982 2696 3046 Διάλυσις
2719 2982 2817 3035 οὐκ
2849 2983 3009 3037 εἴωθε
3038 2983 3356 3055 προϐαίνειν
3390 2986 3533 3038 κατά
3556 2987 3776 3057 νόμους.

2443 3075 2558 3130 Καὶ
2583 3076 2922 3146 πρόσκαιρος
2948 3077 3043 3131 καὶ
3069 3077 3304 3132 πάντοτε
3350 3078 3637 3148 προϐαίνει
3674 3081 3949 3137 κοινωνία.

2442 3168 2701 3240 Προϐἄσα
2720 3168 2774 3222 δὲ
2800 3169 3087 3239 διαίρεσις,
3117 3168 3372 3233 δέσποτα,
3406 3170 3548 3225 κατὰ
3576 3170 3749 3237 δόλον,

3644 3262 3803 3319 Vers.
3826 3260 3962 3319 “56

2437 3467 2628 3515 contra
2678 3458 2824 3525 leges
2901 3455 3143 3510 elicitum
3194 3455 3395 3518 valeat,
3449 3454 3495 3509 si
3565 3468 3739 3525 paene
3796 3469 4032 3511 .ncursae

2437 3550 2668 3619 gratiam
2732 3548 2917 3603 faciat.
2975 3546 3216 3602 Justitize
3268 3546 3409 3601 ratio
3461 3547 3641 3615 potior
3688 3546 3760 3601 sit
3835 3548 4031 3603 stricto

2434 3639 2911 3713 jure,odomine.
2955 3637 3133 3695 Causa
3191 3639 3503 3695 criminalis
3557 3639 3699 3694 intra
3748 3638 4029 3694 biennium

2439 3737 2689 3794 finiatur.
2736 3734 3076 3804 Confugiens
3127 3732 3193 3787 ad
3256 3732 3594 3802 potentiores
3641 3743 3866 3801 propter
3915 3731 4032 3786 litis

2440 3827 2833 3901 patrocinium,
2881 3825 3031 3880 omni
3100 3839 3288 3886 causa,
3345 3839 3377 3879 ο
3428 3824 3670 3883 domine.
3729 3822 4031 3877 secundum

2438 3921 2590 3995 leges
2638 3922 2822 3977 cadat.
2852 3919 3263 3975 Condenznatus
3297 3918 3440 3972 intra
3466 3916 3872 3987 quadrimcstre
3898 3931 4033 3971 tem-

2442 4030 2542 4085 pus
2591 4029 2701 4068 non
2756 4010 3060 4080 subjicitur
3090 4010 3366 4064 exactioni
3418 4024 3599 4063 rerum
3653 4009 3846 4076 quzein
3892 4023 4023 4061 con-

2438 4106 2791 4164 demnatione
2846 4112 2997 4160 sunt.
3049 4101 3105 4158 Si
3140 4104 3265 4173 quis
3321 4102 3491 4157 falsis
3525 4103 3758 4157 testibus
3798 4115 4024 4156 causam

2448 4197 2770 4258 obtinuerit,
2805 4204 2859 4251 ct
2898 4195 3264 4265 punitionem.
3319 4203 3372 4249 et
3443 4195 3516 4247 rei
3561 4194 3820 4262 judicatte
3876 4192 4028 4246 solu-

2451 4291 2653 4347 tionem
2686 4290 2979 4346 sustineat.
3014 4288 3166 4355 Quod
3185 4296 3331 4341 metu
3364 4287 3565 4341 factum
3594 4298 3695 4347 est.
3734 4286 3902 4341 robur
3924 4301 4031 4338 non

2450 4387 2681 4442 obtinet.
2746 4384 3075 4453 Quicunque
3121 4383 3230 4436 vim
3278 4383 3483 4445 intulit,
3544 4383 3818 4451 obligatur
3850 4380 3975 4435 dolo
4016 4394 4030 4431 :

2449 4493 2515 4534 ex
2546 4476 2857 4532 rationabili
2886 4489 3051 4530 causa
3084 4475 3244 4529 datur
3267 4473 3491 4527 actiode
3514 4473 3662 4535 dolo,
3693 4474 3796 4526 alia
3816 4473 4032 4527 actione

744 4568 960 4630 dicens,
991 4580 1044 4623 et
1092 4580 1341 4638 nepotem
1372 4570 1503 4625 dicit
1536 4587 1549 4635 ;
1579 4580 1631 4625 et
1658 4580 1937 4640 parentem
1958 4571 2150 4628 dicens
2176 4587 2336 4627 avum
2373 4564 2418 4620 D
2449 4570 2760 4625 deﬁciente.
2799 4568 2997 4623 Minori
3041 4568 3095 4621 in
3146 4566 3470 4621 criminibus
3502 4579 3612 4619 non
3659 4564 4028 4618 succurritur.

746 4658 980 4714 inducit.
1039 4658 1201 4713 Nullo
1242 4668 1489 4730 tempore
1550 4661 1729 4725 abest,
1798 4662 1891 4731 qui
1948 4662 2016 4716 ab
2081 4663 2335 4719 hostibus

746 4758 938 4819 captus
982 4760 1087 4814 est,
1154 4750 1247 4805 sed
1273 4752 1364 4820 qui
1397 4751 1451 4805 in
1493 4752 1773 4806 latronum
1821 4753 2080 4809 manibus
2115 4754 2335 4810 vinctus

747 4853 851 4896 est.
899 4841 1107 4897 Contra
1160 4842 1411 4912 captivos
1435 4845 1644 4896 nullum
1711 4853 1927 4915 tempus
1971 4847 2171 4907 currit,
2202 4862 2335 4902 con-

748 4940 834 4987 tra
884 4947 979 4987 eos
1014 4933 1104 5001 qui
1137 4948 1166 4986 a
1224 4934 1533 4989 latronibus
1568 4934 1712 5003 capti
1770 4944 1901 4991 sunt
1941 4937 2335 4993 convenienter

746 5026 886 5080 ﬂuit.
938 5023 1194 5081 Pecunia:
1220 5043 1417 5081 nomen
1471 5028 1727 5097 generale
1748 5037 1851 5093 est,
1884 5045 2009 5083 nam
2042 5030 2329 5083 mobilium

747 5126 804 5173 et
863 5117 1253 5184 immobilium,
1323 5120 1691 5189 corporalium
1758 5130 1813 5176 et
1901 5122 2330 5193 incorporalium

744 5211 868 5279 jura
913 5210 1315 5280 significatione
1342 5228 1438 5267 sua
1499 5214 1935 5280 comprehendit.
1995 5216 2329 5270 Amicosvo—

752 5317 947 5357 camus
1009 5318 1116 5357 non
1146 5320 1275 5360 casu
1312 5305 1583 5373 cognitos,
1618 5306 1710 5360 sed
1749 5315 1930 5360 certos
1964 5314 2018 5360 et
2070 5307 2333 5376 speciosa:

755 5394 1009 5448 amicitia:
1047 5397 1336 5451 occasione
1372 5412 1679 5466 possessas.
1731 5398 1961 5453 Vincula
2018 5401 2331 5454 communia

754 5492 883 5536 sunt
904 5495 954 5538 et
998 5485 1229 5555 privata,
1259 5488 1508 5540 custodia
1540 5503 1667 5540 vero
1699 5497 1907 5541 tantum
1958 5489 2193 5558 publica.
2223 5487 2328 5545 Re-

756 5575 986 5630 stituere
1022 5579 1246 5647 proprio
1288 5580 1467 5641 modo,
1515 5590 1596 5633 est
1625 5581 1976 5635 exactissima
2011 5583 2192 5637 omnis
2225 5582 2330 5637 uti-

756 5666 947 5733 litatis,
1008 5682 1208 5732 causce,
1245 5678 1298 5723 et
1330 5685 1625 5738 corporum
1656 5672 1951 5725 restitutio.
1988 5671 2141 5729 Juris
2173 5675 2326 5742 igno-

756 5759 932 5810 rantia
988 5759 1196 5812 veniam
1250 5776 1357 5813 non
1415 5762 1576 5815 habet
1624 5761 1797 5815 :faeti
1842 5778 1968 5817 vero
2003 5763 2329 5832 ignorantia:

757 5863 995 5920 congrue
1030 5850 1172 5920 leges
1202 5852 1511 5921 ignoscunt.
1573 5851 1918 5923 Rescriptum
1975 5854 2325 5926 imperatoris

2438 4665 2667 4721 Pactum
2719 4670 2805 4719 est
2841 4661 2911 4717 de
2938 4660 3104 4717 rebus
3154 4661 3341 4724 certis,
3386 4668 3439 4712 et
3498 4659 3801 4714 manifestis
3855 4658 4030 4712 dona-

2438 4756 2607 4811 tionis
2664 4768 2833 4810 causa
2872 4769 2887 4806 :
2922 4752 3226 4807 transactio
3259 4763 3341 4806 est
3368 4765 3548 4804 rerum
3603 4750 3938 4803 incertarmn
3978 4757 4030 4799 ct

2437 4845 2735 4900 dubiarum
2791 4840 3128 4897 dissolutio:
3177 4840 3477 4895 transactio
3533 4848 3618 4893 est
3677 4848 3888 4890 tantum
3960 4836 4029 4891 de

2436 4938 2640 5007 quibus
2674 4937 2818 4989 inter
2843 4933 3235 4988 convenientes
3279 4933 3506 5000 placuit.
3533 4931 3606 4984 De
3664 4931 3747 4983 his
3784 4930 4029 4983 crimini-

2436 5029 2560 5089 bus.
2614 5028 2813 5096 quibus
2849 5041 3008 5094 paena
3038 5025 3321 5094 sanguinis
3363 5025 3658 5093 irrogatur,
3698 5023 3821 5077 licet
3851 5032 4031 5075 trans-

2432 5119 2600 5189 igere,
2631 5125 2859 5183 excepto
2893 5114 3164 5170 adulterio
3199 5132 3210 5167 :
3244 5116 3311 5168 de
3348 5115 3432 5168 his
3465 5129 3593 5169 vero
3654 5128 3774 5183 qua:
3809 5127 4025 5181 pmnam

2436 5209 2688 5264 criminis
2711 5223 2820 5262 non
2861 5208 3138 5277 ingerunt,
3174 5222 3280 5260 non
3324 5207 3471 5270 licet,
3497 5213 3726 5275 excepto
3758 5204 3878 5259 falsi
3916 5205 4027 5258 cri-

2437 5300 2606 5362 mine,
2645 5300 2893 5369 partibus
2953 5301 3360 5354 transactionen
3404 5301 3646 5354 scribere
3700 5319 3712 5353 :
3745 5299 3866 5352 sine
3897 5313 4026 5351 con-

2439 5390 2699 5456 fessione,
2731 5390 2816 5445 vel
2872 5391 3089 5445 datione
3144 5407 3347 5455 rerum,
3391 5406 3496 5445 non
3538 5392 3821 5446 consuerit
3871 5391 4026 5458 juxta

2434 5483 2581 5553 leges
2607 5484 2902 5553 procedere
2946 5486 3268 5539 transactio.
3312 5483 3377 5537 Et
3425 5483 3487 5535 ad
3543 5494 3753 5552 tempus
3783 5523 3797 5545 ,
3859 5494 3915 5536 et
3970 5484 4024 5535 in

2436 5586 2757 5647 perpetuum
2799 5578 3032 5632 societas
3077 5576 3344 5646 procedit.
3413 5575 3637 5635 Divisio.
3682 5593 3713 5627 ο
3774 5577 4017 5638 domine,

2434 5685 2556 5739 qua:
2579 5670 2707 5723 dolo
2754 5668 2893 5723 facta
2946 5678 3029 5725 est
3053 5679 3206 5724 extra
3249 5668 3542 5735 judicium.
3572 5670 3777 5738 legibus
3820 5669 4014 5721 intole.

2436 5761 2624 5817 rabilis
2661 5769 2765 5816 est.
2832 5760 2984 5816 Licet
3030 5778 3116 5817 res
3185 5762 3431 5830 deposita
3476 5770 3721 5830 tempore
3777 5760 4007 5813 deterrui

2435 5854 2575 5912 facta
2604 5854 2696 5922 sit,
2727 5863 2978 5913 moretur
3019 5855 3159 5910 actio
3192 5853 3444 5924 depositi.
3483 5851 3697 5907 Incerta
3728 5852 4009 5923 stipulatEo
