4430 6448
399 405 505 468 965

398 518 525 579 Τοῖς
555 515 738 584 νόμοις
772 512 1166 570 ἀνυποστάτος,
1202 498 1559 570 δικαστηρίου
1586 494 1729 563 δίχα.

403 610 523 663 Κᾶν
552 607 735 677 χεῖρον
755 605 816 657 τὸ
843 598 1163 675 παραταθὲν
1188 595 1413 667 γένηται
1441 590 1529 644 διὰ
1546 587 1764 659 χρόνου,

402 701 639 754 Κινείτω
659 716 742 763 τις
769 699 868 769 τὴν
898 693 1121 763 ἀγωγὴν
1154 694 1254 763 τὴν
1277 688 1407 759 περὶ
1451 681 1802 753 παραθήκης.

414 794 652 865 ’Δφανὴς
676 791 1016 863 ἐπερώτησις
1039 785 1339 855 ἀπαίτησιν
1372 783 1475 835 οὐκ
1498 778 1632 850 ἔχει.

406 889 466 941 Εἰ
500 887 560 941 τὸ
589 884 911 956 τικτόμενόν
941 884 1091 934 ἐστιν
1113 879 1172 946 ἐξ
1198 878 1368 931 ῐππου
1407 871 1503 926 καὶ
1533 867 1821 940 φορϐάδος,

416 980 476 1034 '0
504 981 602 1048 τῆς
627 977 895 1049 φορϐάδος
924 973 1117 1043 κύριος
1141 969 1236 1025 τοῦ
1255 968 1418 1021 τόκου
1439 962 1765 1027 δεσποζέτω.

406 1073 470 1125 Εἰ
510 1070 765 1141 ἀγοράσω
788 1066 986 1137 ἔδαφος
1009 1063 1150 1137 καλῇ
1188 1062 1255 1115 τὰ
1289 1058 1484 1131 πρῶτα
1511 1057 1717 1117 πίστει,

407 1163 540 1221 Εἶτα
575 1162 763 1233 μαθὼν
789 1161 1070 1231 ἀλλότριον
1092 1154 1436 1226 οἰκοδομήσω
1464 1150 1650 1213 τοῦτο,

407 1261 529 1313 Τῶν
552 1255 1014 1326 οἰκοδομηθέντων
1047 1249 1145 1322 μὲν
1167 1247 1413 1310 δαπάνας
1440 1243 1500 1300 οὐ
1527 1241 1813 1312 λαμϐάνω,

407 1352 490 1407 Τά
518 1351 564 1405 δ’
595 1348 893 1418 ἐκτισμένα
915 1346 1151 1415 δύναμαι
1177 1339 1479 1412 λαμϐάνειν
1507 1336 1780 1406 ἀζημίως.

420 1440 841 1509 Ἐκδικουμένου
866 1437 957 1492 τοῦ
980 1435 1151 1508 ἀγροῦ
1181 1436 1210 1489 6
1252 1434 1450 1504 νομεὺς
1473 1430 1534 1485 ού
1557 1427 1847 1498 λαμϐάνει,

410 1536 516 1589 Τὸν
544 1533 744 1602 σπόρον
789 1532 847 1587 δν
868 1530 1233 1601 κατέσπειρεν
1262 1528 1342 1591 εἰς
1360 1527 1450 1581 τὸν
1484 1522 1652 1594 ἀγρὸν
1677 1522 1902 1577 ἐκεῖνον.

421 1627 482 1680 '0
513 1627 710 1696 χρῆσιν
742 1624 884 1694 ἔχων
910 1622 1020 1677 τῶν
1042 1622 1271 1692 καρπῶν
1294 1619 1479 1674 δίδωσι
1507 1616 1604 1669 καὶ
1633 1614 1701 1667 τὰ
1718 1614 1847 1683 τέλη
1871 1628 1884 1642 ο

421 1716 480 1770 σο
500 1717 640 1785 ἔχων
672 1715 868 1785 χρῆσιν
900 1712 1141 1783 νομικῶς
1165 1711 1330 1780 τυχόν
1355 1725 1501 1772 τινος
1539 1706 1738 1769 οἰκίας,

410 1812 651 1873 Οἰκείοις
679 1810 1002 1878 ἀναλώμασι
1031 1808 1238 1878 ταύτην
1273 1804 1680 1867 ὲπισκευάσθω,

416 1902 573 1953 Ἤτοι
606 1900 673 1951 τὰ
700 1897 1130 1969 κατακεράμενα
1158 1896 1364 1967 ταύτης
1393 1892 1839 1964 ὲπανορθούσθω,

415 1993 478 2044 Εἰ
500 1991 556 2043 δέ
580 2008 631 2042 τι
663 1990 1016 2044 κατανάλωσε
1052 1990 1244 2043 τούτου
1274 2005 1327 2041 τι
1357 1987 1689 2056 περαιτέρω,

414 2083 656 2146 Εἰκότως
688 2083 1032 2152 ἀπολήψεται
1060 2080 1218 2134 τοῦτο
1250 2079 1385 2151 πρὸς
1416 2078 1507 2132 τοῦ
1537 2078 1818 2133 δεσπότου.

427 2175 777 2246 Ἀπείργεται
809 2171 1149 2237 δανείζεσθαι
1177 2173 1277 2243 τῆς
1298 2172 1407 2226 τῶν
1442 2171 1798 2235 ύπεξουσίων,

415 2267 631 2321 Μᾶλλον
662 2265 1055 2335 ἀξιωματικὺς,
1091 2265 1252 2335 μόνος
1280 2263 1325 2317 δ’
1345 2264 1374 2316 6
1408 2263 1748 2331 κεκτημένος

418 2358 715 2413 Πεκούλιον
751 2357 1076 2421 δανείζεται,
1113 2359 1207 2410 καὶ
1237 2357 1397 2409 τοῦτο
1429 2354 1573 2407 κατά
1605 2355 1823 2424 νόμους.

431 2450 757 2519 Ἐπίτροπος
793 2448 1091 2519 ὀρφανικὸν
1116 2448 1215 2500 οὐκ
1242 2446 1523 2513 ὲξωνεῖται
1558 2446 1814 2514 πρᾶγμα.

417 2543 516 2594 Διά
546 2544 739 2613 μικρόν
762 2560 813 2594 τι
844 2543 1017 2594 αἴτιον
1058 2541 1260 2612 πρᾶσιν
1289 2538 1388 2591 οὐκ
1414 2538 1765 2608 ἀνατρέψεις.

429 2634 488 2686 '0
518 2636 659 2686 σῖτον
690 2634 1047 2704 ὠνησάμενος
1088 2634 1312 2695 κανόνος
1340 2630 1623 2701 δημοσίου,

420 2728 743 2797 Κεφαλικὴν
780 2728 1096 2796 ὑφίσταται,
1122 2726 1380 2789 δέσποτα,
1406 2722 1701 2792 τιμωρίαν.

433 2819 492 2871 '0
522 2820 739 2889 πράτης
773 2818 848 2889 μὴ
877 2817 1206 2887 παραδιδοὺς
1244 2816 1523 2885 ἀγοραστῇ
1552 2814 1612 2868 τὸ
1645 2813 1902 2884 πρᾶγμα,

423 2910 497 2963 T6
521 2911 779 2979 διαφέρον
800 2910 984 2963 δίδωσι
1019 2908 1248 2973 εἰκότως
1285 2910 1428 2963 κατά
1458 2908 1677 2975 νόμους.

436 3000 525 3054 Ἐν
553 3001 630 3072 τῷ
659 3001 996 3072 δικαστηρίῳ
1023 3000 1087 3070 δὴ
1117 3001 1215 3070 τῆς
1244 3000 1436 3069 νομῆς,
1456 3000 1695 3054 δέσποτά
1727 3016 1855 3067 μου,

424 3094 608 3157 Διδοῦς
634 3095 662 3146 6
684 3094 899 3165 πράτης
927 3092 988 3146 τὸ
1016 3091 1239 3146 διπλοῦν
1265 3092 1369 3146 οὐκ
1397 3092 1712 3147 ἀπαιτεῖται
1744 3091 1927 3154 πλέον,

420 3386 805 3457 repetitionem
864 3399 972 3438 non
1035 3384 1225 3441 habet.
1276 3384 1332 3439 Si
1368 3385 1499 3454 quid
1549 3395 1736 3440 natum
1792 3395 1879 3441 est
1933 3401 1999 3440 ex

424 3496 565 3548 equo
614 3488 666 3533 et
710 3491 869 3549 equa,
912 3478 1168 3532 dominus
1226 3492 1383 3549 equa:
1426 3479 1617 3534 {cetum
1668 3479 1884 3535 habeat.
1940 3478 1999 3533 Si

427 3573 603 3641 primo
631 3571 773 3623 bona
810 3567 916 3623 ﬁde
937 3583 1065 3623 emo
1091 3568 1293 3629 solum,
1321 3569 1518 3624 deinde
1551 3571 1788 3624 alienum
1818 3570 2002 3626 sciens

428 3662 481 3717 in
514 3663 605 3716 illo
644 3662 875 3727 aediﬁco,
938 3671 1192 3730 sumptus
1222 3661 1433 3717 aediﬁcii
1468 3676 1575 3716 non
1629 3662 1853 3731 recipio,
1907 3664 2004 3718 sed

429 3753 712 3806 materiam
777 3753 896 3807 sine
927 3752 1129 3821 injuria
1168 3768 1364 3823 capere
1400 3768 1651 3823 possum.
1705 3752 2006 3810 Possessor

428 3845 543 3913 agri
605 3846 768 3901 evicti
832 3861 939 3899 non
964 3846 1113 3915 capit
1144 3845 1356 3902 fructus
1416 3862 1557 3918 quos
1604 3848 1659 3901 in
1702 3848 1794 3903 illo
1842 3849 1999 3903 sevit.

432 3934 845 3993 Usuinlructum
924 3938 1135 3995 habens
1166 3949 1388 4010 praestat
1428 3940 1675 3997 fusiones
1716 3940 1865 3996 ﬁsco.
1898 3939 2003 4007 Qui

425 4030 550 4098 jure
589 4030 751 4083 habet
786 4031 1022 4100 alicujus
1054 4031 1257 4087 domus
1286 4048 1469 4096 usum,
1503 4032 1743 4102 propriis
1771 4035 2003 4105 sumpti-

430 4119 533 4173 bus
553 4133 671 4172 eam
722 4118 951 4185 reﬁciat,
1005 4121 1118 4176 sive
1161 4123 1373 4192 tegulas
1430 4124 1579 4178 illius
1618 4124 1923 4179 instauret:
1957 4124 2004 4178 si

432 4226 559 4265 vero
585 4211 717 4280 quid
774 4211 915 4265 ultra
957 4220 1211 4283 sumptus
1257 4214 1636 4284 insumpserit,
1688 4216 2023 4271 solemniter.

432 4317 461 4356 a
492 4302 713 4357 domino
748 4304 992 4373 recipiat.
1036 4304 1366 4361 Prohibetur
1390 4307 1594 4362 Christi
1632 4307 2005 4364 liliisfamilias

432 4395 595 4447 etiam
630 4396 675 4450 si
710 4394 762 4448 in
795 4394 1061 4465 dignitate
1087 4396 1239 4451 sint:
1280 4398 1357 4452 illi
1377 4398 1521 4453 enim
1568 4399 1745 4454 solum
1773 4400 1864 4468 qui
1912 4414 2005 4469 ρει

431 4488 637 4541 culium
672 4488 877 4544 habent
933 4490 1172 4545 mutuari
1208 4501 1441 4562 possunt
1498 4494 1800 4548 secundum
1834 4494 2001 4564 leges.

435 4577 609 4634 Tutor
638 4596 755 4636 rem
781 4582 1110 4652 pupillarem
1139 4598 1319 4640 emere
1352 4601 1460 4640 non
1493 4594 1690 4655 potest.
1729 4586 1799 4640 Ex
1835 4600 1999 4656 parva

1693 372 2055 438 SYNOPSIS
2081 372 2364 434 LEUUM.

2027 3179 2075 3240 tl

3558 372 3669 438 966

2010 490 2056 547 Α
2086 486 2365 557 Προφλὸωει
2405 485 2515 542 τῶν
2556 484 2614 553 ἐξ
2658 484 2815 549 ἔθους
2880 502 2996 547 πως
3048 488 3117 558 τῇ
3186 485 3382 558 πράσει
3421 501 3667 557 γεγραμ-

3361 578 3591 652 [μένων.

2090 674 2152 728 Οἱ
2182 671 2323 746 μετά
2344 671 2405 726 τὸ
2435 672 2794 744 συνάλλαγμα
2813 672 3021 745 καρποὶ
3050 671 3508 744 βεϐλαστηκὸτες,

2088 767 2179 838 Τῷ
2208 767 2301 821 τὸν
2332 764 2503 835 ἀγρὸν
2533 766 2872 835 προσήκουσι
2900 768 3119 829 πάντως
3146 767 3471 837 ἠγορακότι.

2090 860 2195 915 Τοῦ
2226 863 2549 933 πράγματος
2564 857 2633 911 δι’
2660 846 2846 912 ἄδικόν
2868 857 3316 921 ἀποσπασθέντος
3349 859 3598 932 γνώμην,

2091 958 2248 1011 Κατὰ
2268 956 2363 1011 τοῦ
2397 956 2612 1027 πράτου
2641 953 2866 1025 ἀγωγὴν
2895 954 3211 1027 ἀγοραστὴς
3240 954 3343 1009 οὐκ
3367 954 3483 1025 ἔχει
3513 969 3529 986 ·

2090 1052 2153 1105 Εἰ
2183 1052 2241 1104 δέ
2271 1069 2356 1115 τις
2384 1051 2445 1104 τὸ
2474 1049 2756 1121 ἀλλότριον
2787 1048 2863 1112 ὡς
2889 1047 3045 1110 εἰδὼς
3071 1048 3369 1119 ἠγόρασεν,

2097 1139 2370 1196 Οὐδέποτε
2402 1139 2472 1194 δι’
2495 1140 2706 1211 εἴδησιν
2729 1138 2825 1194 τοῦ
2864 1138 3190 1210 πράγματος
3217 1138 3473 1194 δεσπόσει
3496 1154 3511 1170 ⁸

2094 1235 2156 1288 Εἰ
2183 1233 2241 1287 δέ
2284 1251 2367 1298 τις
2390 1233 2723 1305 ἐξωνήσεται
2768 1232 3052 1305 ἀλλότριόν
3087 1249 3141 1286 τι
3170 1234 3405 1304 πρᾶγμα

2092 1330 2209 1383 Οὐκ
2247 1326 2403 1392 εἰδὼς
2431 1330 2507 1391 ὡς
2534 1328 2834 1401 ἀλλότριον,
2870 1329 2987 1383 ἐστὶ
3034 1328 3097 1382 τὸ
3146 1325 3570 1398 πεπραγμένον,

2094 1421 2266 1485 Αὐτὸς
2300 1421 2400 1491 μὲν
2424 1422 2512 1474 διὰ
2538 1423 2788 1492 χρήσεως
2812 1420 2909 1473 τοῦ
2945 1422 3271 1492 πράγματος
3300 1418 3581 1483 δεσπόσει,

2109 1514 2168 1568 '0
2202 1512 2501 1583 πεπρακὼς
2549 1513 2593 1566 δ’
2626 1512 2873 1582 ἐνέχεται
2902 1512 3129 1575 δικαίως
3153 1510 3234 1584 τῷ
3268 1510 3533 1584 δεσπότῃ.

2095 1607 2158 1660 Εἰ
2186 1605 2241 1658 δέ
2266 1623 2348 1668 τις
2376 1606 2609 1675 πρᾶγμα
2637 1603 2871 1673 λήψεται
2896 1602 2989 1655 ὲπί
3014 1619 3122 1655 τινι
3151 1603 3325 1675 αἰτίᾳ,

2096 1697 2393 1768 Πληρούτω
2433 1697 2533 1767 τὴν
2558 1696 2817 1750 ὑπόθεσιν
2846 1694 2959 1766 (16)
2983 1695 3016 1766 ἢ
3043 1694 3105 1749 τὸ
3135 1697 3371 1765 πρᾶγμα
3392 1694 3605 1751 διδότω.

2103 1790 2164 1844 '0
2190 1790 2266 1859 τῷ
2297 1788 2604 1859 ἐγκλήματι
2631 1786 2857 1856 ληφθεὶς
2875 1786 2953 1856 τῷ
2982 1786 3112 1857 περὶ
3133 1787 3377 1853 ἀδικίας,

2096 1883 2169 1937 υύ
2190 1881 2412 1935 δύναταί
2437 1898 2487 1931 τι
2512 1878 2764 1947 βεϐαιοῦν
2787 1880 2971 1950 οἰκείᾳ
3004 1879 3308 1951 μαρτυρίᾳ.

2108 1976 2164 2028 Ὀ
2193 1973 2475 2044 ἀγοράσας
2502 1971 2745 2026 δείκνυσι
2764 1972 2856 2025 τὸν
2885 1972 3074 2026 δοῦλον
3098 1971 3439 2041 πεφευγότα,

2096 2064 2328 2134 Εἰλέγει
2365 2064 2502 2135 πρὸς
2536 2066 2637 2136 τῆς
2689 2064 2969 2135 πράσεως,
3008 2065 3152 2119 οὕτω
3196 2065 3389 2119 δοκοῦν
3435 2064 3548 2128 τοῖς
3595 2063 3684 2118 v6-

3431 2156 3582 2229 [μοις

2110 2251 2601 2323 Ἐπικράτεστερός
2629 2251 2778 2306 ἔστιν
2800 2252 2828 2304 6
2852 2250 3054 2318 κῆνσος
3072 2249 3181 2303 τῶν
3220 2249 3537 2321 μαρτύρων.

2097 2350 2211 2402 υύκ
2234 2347 2381 2401 ἔστιν
2413 2345 2729 2410 ἀξιόπιστος
2751 2343 2846 2398 τοῦ
2870 2344 3065 2414 χρέους
3104 2342 3409 2415 μαρτυρία,

2100 2444 2273 2512 Εἴπερ
2293 2457 2378 2503 τις
2408 2439 2517 2492 άπὸ
2536 2438 2645 2491 τῶν
2676 2438 2843 2491 αὐτοῦ
2875 2437 3111 2490 δεικνύει
3147 2435 3519 2506 συμϐολαίων,

2099 2532 2555 2604 Τελευτησάντων
2582 2531 2641 2585 δέ
2673 2547 2803 2584 ποτε
2836 2530 3171 2600 συμπάντων
3216 2529 3328 2582 τῶν
3364 2526 3656 2599 μαρτύρων

2100 2625 2276 2679 Αὑτοῦ
2299 2642 2359 2677 τε
2383 2623 2743 2686 ταϐελλίωνος
2777 2623 3068 2693 σύγκρισις
3098 2621 3463 2694 προϐαινιτω.

2103 2720 2305 2789 Ὅρκος
2333 2714 2728 2786 ἐπιφερόμενος
2748 2713 3160 2784 ἀμφισϐήτησιν
3183 2714 3390 2783 τέμνει.

2112 2811 2175 2863 '0
2206 2808 2435 2880 μηδενὸς
2471 2806 2770 2875 ἐπάγοντος
2796 2805 2969 2874 ὀμνὺς
3003 2806 3104 2859 οὒκ
3133 2806 3451 2873 ὠφελεῖται.

2113 2904 2351 2973 Ὀμόσας
2383 2900 2439 2955 δέ
2465 2917 2548 2963 τις
2581 2898 2711 2953 ἴδιον
2741 2898 2803 2951 τὸ
2830 2900 3060 2970 πρᾶγμα
3091 2897 3421 2967 πεφυκέναι,

2101 2995 2214 3049 Καὶ
2260 2992 2390 3057 τοὺς
2442 2992 2694 3063 καρποὺς
2738 2989 3139 3061 εἰσπράξεται,
3197 2990 3293 3043 καὶ
3344 2989 3507 3061 γονὴν
3568 2989 3681 3045 τῶν

3229 3080 3607 3152 [θρεμμάτων.

3292 3172 3449 3229 Vers.
3476 3174 3607 3228 12H

2112 3383 2293 3440 sciens
2318 3383 2469 3447 emit,
2497 3390 2720 3452 propter
2743 3380 3027 3438 scientiam
3066 3382 3323 3440 dominus
3345 3384 3421 3439 rei
3454 3400 3560 3442 non
3586 3385 3679 3443 ﬁt:

2109 3479 2201 3547 qui
2237 3493 2368 3533 vero
2390 3478 2520 3532 emit
2553 3490 2666 3531 rem
2699 3476 2932 3531 alienam
2995 3478 3244 3532 nesciens
3272 3478 3418 3545 quod
3445 3495 3680 3537 resven-

2110 3569 2222 3622 dita
2250 3569 2425 3624 aliena
2456 3568 2547 3633 sit,
2578 3584 2679 3623 usu
2714 3568 2790 3623 rei
2823 3567 3081 3622 dominus
3105 3569 3199 3633 sit,
3226 3569 3478 3624 venditor
3497 3580 3680 3626 autent

2111 3662 2334 3717 domino
2363 3662 2653 3733 obligatur,
2692 3660 2749 3715 Si
2784 3660 2908 3731 quis
2943 3670 3165 3732 propter
3185 3676 3408 3717 causam
3441 3664 3683 3734 aliquam

2113 3768 2227 3809 rem
2260 3752 2461 3823 capiat,
2495 3753 2579 3808 vel
2602 3766 2826 3807 causam
2883 3753 3129 3823 impleat,
3190 3753 3274 3809 vel
3310 3767 3426 3808 rem
3468 3754 3682 3822 reddat,

2114 3845 2421 3902 Damnatus
2500 3846 2737 3902 crimine
2806 3846 3232 3916 repetundarum
3303 3857 3414 3901 non
3507 3856 3686 3917 potest

2113 3936 2321 4004 aliquid
2358 3939 2583 4006 proprio
2614 3936 2930 3991 testimonio
2959 3936 3197 3991 ﬁrmare.
3229 3936 3455 4006 Emptor
3491 3937 3686 4006 probat

2114 4026 2399 4097 fugitivum
2446 4042 2690 4092 servum,
2733 4028 2778 4081 si
2808 4027 2942 4082 dicit
2973 4027 3117 4097 quod
3154 4040 3280 4081 ante
3313 4026 3681 4083 venditionem

2113 4128 2231 4175 erat
2258 4119 2538 4190 fugitivus,
2581 4120 2660 4175 sic
2696 4120 2903 4190 placuit
2957 4119 3187 4191 legibus.
3235 4117 3449 4175 Census
3506 4120 3683 4190 potior

2113 4219 2200 4266 est
2231 4211 2489 4266 testibus.
2522 4210 2642 4265 Non
2670 4217 2755 4266 est
2780 4209 2881 4266 ﬁde
2908 4209 3131 4281 dignum
3183 4209 3252 4267 de
3301 4207 3487 4265 debito
3526 4214 3686 4268 testi.

2115 4303 2385 4369 monium,
2426 4302 2472 4357 si
2507 4303 2633 4371 quis
2668 4302 2721 4357 id
2754 4302 2948 4371 probet
2976 4302 3094 4359 suis
3129 4303 3533 4369 instrumentis,
3557 4320 3682 4360 cum

2113 4411 2307 4452 omnes
2339 4405 2508 4451 testes
2535 4397 2813 4463 obierunt,
2842 4397 2937 4452 sed
2981 4398 3273 4467 praevaleat
3304 4400 3478 4469 ipsius
3515 4401 3687 4456 tabel-

2113 4487 2277 4543 lionis
2315 4488 2675 4558 comparatio.
2728 4488 3121 4558 Jusjurandum
3174 4489 3412 4546 delatum
3463 4502 3685 4547 contro-

2112 4581 2347 4635 versiam
2391 4581 2620 4636 decidit.
2675 4580 2778 4648 Qui
2842 4586 3065 4639 nemine
3126 4582 3404 4639 deferente
3476 4585 3684 4656 juravit

430 4683 599 4724 causa
620 4672 993 4730 venditionem
1023 4688 1094 4729 ne
1125 4674 1443 4732 subvertas.
1488 4675 1842 4732 Frumentum
1875 4692 2006 4733 veu-
2035 4662 2090 4724 D
2115 4671 2251 4726 nihil
2277 4673 2527 4741 profecit.
2583 4671 2685 4739 Qui
2714 4673 2919 4743 juravit
2982 4688 3096 4729 rem
3128 4688 3285 4729 suam
3316 4689 3465 4742 esse,
3491 4676 3684 4747 repetit

430 4759 569 4816 dens
614 4775 678 4816 ex
706 4777 916 4818 canone
957 4765 1178 4835 publico
1202 4766 1419 4835 capitali
1460 4782 1655 4837 poenae,
1696 4783 1731 4822 ο
1765 4768 2005 4833 domine,

431 4853 748 4923 subjicitur.
804 4856 859 4910 Si
890 4858 1143 4913 venditor
1174 4873 1287 4913 rem
1324 4859 1558 4929 emptori
1624 4874 1732 4915 non
1768 4861 2009 4916 tradide-

432 4943 526 5009 rit,
577 4947 972 5003 convenienter
1000 4951 1305 5005 secundum
1361 4952 1507 5022 leges
1565 4960 1807 5023 praestat,
1860 4953 2005 5023 quod

432 5035 697 5103 emptoris
753 5038 1004 5093 interest.
1038 5037 1095 5093 In
1127 5041 1336 5110 judicio
1365 5042 1756 5111 possessionis,
1801 5044 1873 5098 mi
1903 5043 2005 5099 do-

436 5126 605 5190 mine,
672 5127 924 5184 venditor
984 5129 1210 5200 duplum
1284 5132 1526 5196 solvens,
1577 5133 1813 5203 amplius
1870 5134 2006 5191 nihil

434 5223 659 5282 prestat
693 5231 883 5272 earum
927 5234 1109 5274 rerum
1146 5223 1387 5287 nomine,
1415 5239 1537 5295 quae
1586 5225 1640 5279 in
1696 5226 2014 5303 venditione

434 5307 598 5359 scribi
648 5308 845 5363 solent.
900 5309 1029 5368 Post
1070 5321 1414 5368 contractum
1445 5314 1656 5371 fructus
1692 5317 1828 5380 nati,
1852 5332 2007 5372 com-

436 5408 630 5467 petunt
690 5402 916 5459 omnino
966 5405 1197 5475 emptori
1258 5407 1396 5477 agri.
1467 5407 1688 5477 Emptor
1746 5408 1833 5463 cui
1909 5425 2009 5480 per

433 5491 749 5546 violentiam
816 5510 905 5550 res
951 5508 1132 5567 empta
1196 5498 1373 5554 ablata
1437 5510 1548 5568 est,
1593 5502 1794 5558 nullam
1846 5502 2010 5559 habet

436 5582 708 5638 actionem
741 5584 1002 5642 adversus
1034 5590 1390 5648 venditorem.
1429 5588 1534 5659 Qui
1591 5608 1704 5650 rem
1770 5591 2004 5649 alienam

509 5812 619 5880 (10)
666 5810 1010 5883 ’Υπόσχεσιν.

2113 4762 2352 4831 fructus,
2383 4774 2438 4819 et
2471 4764 2635 4821 fretus
2664 4780 2939 4835 pecorum.
2987 4764 3045 4821 Si
3083 4767 3208 4836 quis
3253 4767 3460 4837 juravit
3500 4784 3565 4823 ex
3618 4784 3683 4824 ea

2110 4858 2329 4913 actione
2383 4874 2506 4928 qua:
2535 4859 2758 4927 duplum
2793 4858 2980 4929 exigit,
3010 4859 3149 4915 forte
3213 4875 3279 4914 ex
3322 4859 3680 4927 inﬁciationc,

2111 4963 2220 5005 non
2270 4947 2447 5017 dupli,
2487 4948 2583 5004 sed
2636 4949 2816 5019 simpli
2860 4950 3038 5005 solum
3092 4951 3526 5020 persecutionem
3589 4954 3684 5007 lia-

2110 5041 2201 5096 bet
2223 5055 2237 5092 :
2264 5048 2389 5110 post
2414 5039 2787 5109 juramcntum
2813 5056 2947 5096 vero
2964 5056 3131 5113 agens
3146 5041 3431 5111 principali
3461 5043 3682 5097 actione

2105 5133 2335 5204 duplum
2376 5133 2567 5203 exigit,
2624 5133 2668 5188 si
2727 5133 2833 5189 sibi
2874 5134 3117 5189 debitum
3156 5148 3280 5188 esse
3347 5133 3680 5202 probaverit.

2105 5224 2312 5283 Nolens
2365 5225 2576 5297 jurare,
2632 5240 2813 5294 neque
2851 5224 3081 5289 referre,
3150 5234 3408 5295 tanquam
3440 5240 3504 5279 ex
3549 5240 3681 5279 con-

2106 5317 2351 5375 fessione
2424 5320 2840 5374 condemnatur.
2886 5317 2946 5372 Si
2995 5332 3120 5373 eum
3169 5319 3263 5389 qui
3312 5320 3681 5388 jnramentnm

2105 5411 2303 5467 detulit
2359 5408 2700 5481 paenituerit,
2783 5416 3044 5478 tanquam
3073 5417 3215 5480 gtute
3254 5409 3554 5462 instructus
3603 5407 3679 5462 sit

2108 5502 2236 5558 aliis
2293 5500 2704 5567 instrumentis,
2734 5501 2780 5555 si
2805 5498 3004 5556 deinde
3050 5508 3217 5570 ponat
3260 5498 3528 5564 secundo,
3572 5512 3677 5551 non

2106 5594 2318 5653 deierat
2361 5594 2556 5651 iterum
2584 5592 2982 5664 juramcutum,
3016 5607 3049 5649 ο
3087 5590 3332 5659 domine,
3362 5599 3524 5663 atque
3548 5590 3680 5645 illud
