4430 6448
799 411 903 479 967

803 525 869 580 Ετ
890 543 971 588 τις
995 523 1048 588 ἐξ
1076 524 1300 592 ἀγωγῆς
1328 538 1469 584 τινος
1501 517 2017 587 διπλασιαζομένης,

802 619 978 689 Τυχὸν
1003 619 1077 679 ὼς
1104 616 1163 681 ἐξ
1190 616 1474 685 ἀρνήσεως
1506 615 1597 667 τὸν
1625 616 1787 683 ὃκρον
1817 609 2118 673 ἀποδώσει,

806 711 881 762 Ub
912 709 1005 763 τοῦ
1027 708 1211 761 διπλοῦ
1243 706 1657 777 τὸνείσπραξιν,
1688 702 1802 757 ἀλλ’
1828 702 2035 756 ἁπλοῦν
2067 705 2225 774 μόνον
2243 706 2381 775 ἔχει.

806 800 961 857 Μετά
990 801 1085 871 τὴν
1115 801 1275 869 ὅρκον
1302 800 1357 852 δὲ
1383 799 1547 853 κινῶν
1576 800 1676 864 τὴν
1704 798 2062 868 πρωτότυπον
2080 798 2257 869 δίκην,

817 894 1061 947 ’Λπαιτεϊ
1089 892 1149 943 τὸ
1172 891 1454 945 διπλάσιον
1493 897 1552 942 το
1578 890 1738 960 χρέος
1769 892 2085 957 ἀποδείξας.

816 988 872 1038 ’0
901 986 1024 1055 μήτ’
1055 985 1285 1054 ὀμνύναι
1325 984 1605 1054 βουληθεὶς
1640 986 1779 1054 μήτε
1810 985 1915 1054 μὴν
1944 982 2270 1047 ἀντεπάξαι,

802 1075 1039 1128 Λύτόθεν
1082 1076 1471 1145 κατακρίνεται
1508 1075 1583 1138 ὡς
1624 1076 1682 1140 ἐξ
1710 1064 2021 1145 ὁμολογίας.

804 1169 1007 1240 Ὅρκον
1040 1169 1097 1221 δέ
1130 1186 1212 1231 τις
1242 1169 1582 1236 ἐπενεγκὼν,
1626 1172 1675 1222 εἰ
1707 1169 2139 1240 μεταμεληθείη,

812 1262 901 1325 Ὠς
933 1262 1250 1331 εὐπορήσας
1285 1262 1543 1330 ἀσφαλῶς
1569 1263 1745 1315 ἄλλων
1775 1262 2185 1332 δικαιωμάτων,

805 1355 973 1423 Εἴπερ
1008 1353 1260 1407 ἐντεῦθεν
1281 1355 1487 1426 ἡττηθῇ
1514 1355 1789 1426 δεύτερον,
1819 1356 1982 1426 ὅρκον
2009 1357 2171 1409 πάλιν

804 1448 917 1499 Οὐκ
943 1448 1254 1515 ἐπενέγκοι,
1280 1448 1539 1511 δέσποτα,
1573 1450 1665 1501 καὶ
1697 1447 1859 1501 τοῦτο
1887 1449 2295 1519 προσηκόντως,

801 1540 979 1609 Μέχρι
1009 1540 1118 1610 γὰρ
1146 1540 1481 1608 ἀποφάσεως
1525 1541 1617 1594 τὸν
1647 1542 1809 1610 ὅρκον
1842 1540 2235 1609 παραιτείσθω.

802 1633 917 1684 Οὐκ
955 1633 1189 1703 εὐχερὴς
1220 1634 1252 1701 ἡ
1290 1634 1693 1703 ζὴτησίςέστιν
1727 1636 1784 1687 ἐν
1806 1632 1926 1702 δίκῃ
1954 1634 2141 1702 ὅρκου.

801 1723 863 1775 Εἰ
898 1723 1057 1776 τόκον
1084 1741 1167 1787 τις
1191 1724 1540 1793 ὑπέρμετρον
1572 1725 1700 1785 ἴσως
1734 1724 2083 1794 ὁμολογήσει.

802 1814 1041 1868 Παύεται
1071 1816 1133 1867 τὸ
1156 1816 1472 1885 παράνομον
1501 1817 1595 1868 καὶ
1617 1816 1751 1868 διδοῖ
1788 1816 1848 1869 τὸ
1880 1818 2181 1887 προσῆκον.

802 1908 971 1969 Τόκος
1006 1907 1080 1975 μὴ
1111 1909 1531 1976 χρεωστημένος
1556 1909 1603 1959 εἰ
1636 1907 1746 1977 πρὸ
1768 1908 1863 1959 τοῦ
1894 1908 2217 1977 κεφαλαίου,

802 1996 1142 2068 Καταϐληθῇ
1174 1996 1250 2067 τῷ
1270 1997 1522 2065 δανειστῇ
1554 1997 1649 2049 τοῦ
1674 1998 1971 2065 κεφαλαίου
2014 2000 2201 2068 μέρος,

801 2093 864 2144 Et
886 2092 942 2145 δέ
970 2111 1033 2161 γε
1058 2094 1386 2147 καταϐάλλει
1421 2112 1501 2156 τις
1542 2094 1635 2145 ἐπὶ
1662 2094 1739 2163 τῷ
1776 2095 2057 2164 κεφαλαίῳ

804 2185 1030 2248 Πάντως
1057 2185 1520 2255 άναλαμϐάνεται,
1555 2185 1715 2249 δόξαν
1752 2184 1897 2237 οὕτω
1920 2185 2001 2256 τῷ
2030 2188 2200 2255 νόμῳ.

802 2279 867 2329 Οἱ
896 2280 1036 2330 κατά
1071 2278 1237 2349 μέρος
1259 2278 1406 2329 τόκοι
1429 2279 1485 2330 δὲ
1510 2279 1774 2347 διδόμενοι
1813 2278 1906 2331 τοῦ
1930 2279 2145 2349 χρέους,

801 2368 998 2432 Καλῶς
1036 2370 1133 2440 οὐχ
1175 2370 1567 2441 ὑπερϐαίνουσι
1606 2371 1700 2423 τοῦ
1733 2370 1923 2424 διπλοῦ
1953 2374 2290 2443 περαιτέρω.

813 2460 871 2512 '0
904 2461 1093 2532 μόρτις
1125 2462 1307 2515 καῦσα
1352 2463 1563 2531 δωρεάν
1614 2464 1750 2529 πρός
1788 2481 1908 2516 τινα
1968 2466 2383 2534 πεπραγμένος,

816 2554 1077 2617 Ῥωσθεὶς
1121 2556 1567 2623 ἀναλαμϐάνεται
1601 2556 1660 2607 τὸ
1688 2556 1838 2607 δοθὲν
1871 2557 2215 2626 παραυτίκα,

809 2648 963 2699 Πετά
995 2647 1245 2717 καρπῶν,
1275 2647 1369 2700 καὶ
1394 2646 1654 2709 τοκετῶν,
1692 2647 1784 2698 καὶ
1814 2646 1921 2699 τῶν
1966 2648 2382 2717 ὲπηυξημέπων.

817 2736 907 2796 Ὠς
939 2734 1276 2805 κληρονόμος
1305 2736 1361 2787 δέ
1395 2753 1476 2797 τις
1506 2734 1627 2798 δοὺς
1663 2738 1689 2787 ὁ
1720 2734 1796 2807 μὴ
1824 2734 1899 2789 ὣν
1930 2737 2286 2807 κληρονόμος,

815 2826 1213 2895 ’Δναλαμϐάνει
1244 2829 1304 2879 τὸ
1333 2827 1487 2879 δοθὲν
1515 2828 1741 2890 δικαίως
1782 2830 2125 2900 Στεφήφορε.

812 2916 879 2967 Ἤ
909 2916 1070 2986 προὶξ
1099 2916 1219 2986 οὐχὶ
1242 2916 1539 2987 δημεύεται
1580 2917 1817 2985 συζύγου
1856 2919 2241 2988 δημευθέντος.

818 3008 1141 3077 Ἐπίτροπος
1175 3010 1267 3062 καὶ
1300 3010 1629 3081 φροντιστὴς
1665 3010 1834 3080 ἄμφω
1856 3012 2287 3077 καταϐαλόντες,

805 3101 969 3154 Οὐδὲν
998 3103 1443 3171 ἀναλαμϐάνουσι
1473 3102 1581 3156 τῶν
1601 3103 2123 3174 καταϐεϐλημένων,

807 3196 904 3250 Ἂν
933 3197 960 3248 ὁ
986 3197 1267 3268 χρεώστης
1299 3197 1491 3251 ἀτοκον
1517 3197 1646 3260 ἴσως
1679 3196 1776 3267 ἔχῃ
1801 3197 1861 3250 τὸ
1893 3196 2076 3267 χρέος.

806 3498 1221 3565 cenvenicntcr,
1298 3514 1473 3568 usque
1518 3500 1583 3554 ad
1641 3501 1967 3555 sententiam
2022 3501 2393 3570 juramentum

807 3600 1114 3647 revocetur.
1156 3591 1272 3645 Non
1307 3592 1484 3649 facilis
1515 3602 1599 3648 est
1635 3596 1862 3661 qumstio
1894 3593 2295 3662 dejurantento
2340 3597 2392 3649 in

806 3685 981 3739 litem.
1035 3684 1089 3739 Si
1118 3687 1241 3756 quis
1276 3687 1417 3740 forte
1472 3701 1673 3741 usuras
1705 3700 1871 3755 supra
1908 3686 2132 3739 modum
2167 3686 2390 3741 confes-

804 3794 902 3834 sus
952 3790 1057 3846 est,
1089 3787 1269 3834 cessat
1320 3780 1533 3833 exactio
1581 3778 1699 3848 ejus
1734 3777 1878 3846 quod
1922 3788 2005 3832 est
2058 3789 2253 3834 contra
2315 3781 2393 3833 le-

805 3888 950 3941 gem,
999 3872 1144 3941 quod
1196 3885 1323 3925 vero
1389 3870 1691 3939 legitimum
1738 3878 1823 3923 est
1881 3868 2132 3923 solvitur.
2202 3867 2392 3923 Usum

808 3965 1068 4019 indebita:
1131 3965 1178 4019 si
1231 3972 1357 4017 ante
1405 3972 1608 4016 sortem
1684 3962 1874 4016 solutae
1927 3962 2039 4016 sint
2097 3962 2382 4025 creditori,

811 4071 1023 4131 partem
1075 4060 1242 4115 sortis
1285 4058 1527 4111 faciant:
1582 4056 1625 4108 si
1687 4071 1814 4108 vero
1872 4056 1997 4123 quis
2040 4054 2203 4109 solvit
2264 4063 2386 4122 post

814 4162 1039 4215 sortem,
1086 4152 1312 4206 omnino
1364 4156 1593 4218 repetat,
1653 4148 1733 4202 sic
1760 4148 1936 4201 visum
1995 4148 2120 4214 legi.
2194 4146 2385 4200 Usura:

810 4245 976 4300 debiti
1012 4244 1379 4315 particulatim
1414 4242 1606 4295 solutae
1663 4240 1887 4309 duplum
1952 4248 2099 4293 recte
2131 4254 2237 4291 non
2288 4254 2384 4291 ex-

810 4338 1031 4392 cedunt.
1091 4334 1281 4389 Mortis
1332 4348 1499 4387 causa
1526 4333 1688 4387 alicui
1723 4333 1956 4395 donans,
1986 4332 2382 4386 convalescens

811 4430 1009 4498 repetit
1040 4428 1184 4483 illico
1212 4426 1354 4496 quod
1407 4425 1574 4489 dedit,
1607 4441 1727 4480 cum
1792 4424 2081 4486 fructibus,
2143 4424 2384 4487 fortibus,

810 4532 863 4576 et
914 4520 1351 4575 accessionibus.
1416 4516 1520 4581 Qui
1571 4532 1678 4569 non
1733 4526 1817 4570 cst
1863 4516 2060 4579 lettres,
2130 4523 2389 4583 tanquam

811 4616 989 4669 haeres
1040 4612 1247 4681 aliquid
1304 4610 1545 4675 solvens,
1602 4611 1795 4677 repetit
1856 4607 2120 4672 solutum,
2161 4624 2193 4661 ο
2257 4608 2387 4675 imp.

2070 406 2493 466 MICHAELIS
2534 407 2799 468 PSELLI

2417 533 2462 587 Α
2495 519 2883 587 Παρακρατεῑν
2926 517 3261 590 όδανειστὴς
3290 522 3353 574 ὲκ
3393 521 3502 574 τῶν
3539 527 3767 595 καρπῶν
3804 530 3997 597 ἰσχύει,

3966 419 4071 482 963

2494 608 2604 662 Καὶ
2635 608 2790 661 τοῦτο
2814 612 3042 679 πράττει
3074 616 3375 682 προχωρῶς
3407 614 3534 685 ἄχρι
3560 620 3790 687 νομίμου
3819 622 3975 673 τόκον

2495 699 2554 752 ΕΞ
2579 699 2623 751 δ’
2650 700 2779 763 ἴσως
2807 702 2867 754 τὸ
2898 702 3152 773 ἐνέχυρον
3184 706 3477 769 πολοῦντος
3504 707 3790 777 δημοσίου,

2492 792 2759 846 Καθεύδει
2787 795 2903 857 πῶς
2934 799 2960 847 ὁ
2993 797 3299 866 δανειστὴς,
3328 798 3590 852 ἀπόλλυσι
3618 801 3677 854 τὸ
3704 805 3961 873 πρᾶγμα.

2504 885 2562 938 Ὀ
2594 882 2878 957 δανειστὴς
2912 888 3167 959 ἐνέχυρον
3197 889 3407 958 μέλλων
3440 892 3569 956 ἴσως
3604 897 3963 963 πιπράσκειν,

2492 980 2662 1050 Δῆλον
2694 980 2754 1033 τὸ
2781 982 3171 1052 βουλευόμενον
3206 983 3429 1036 ποιείτω
3460 987 3536 1054 τῷ
3570 988 3841 1059 χρεώστῃ.

2505 1074 2564 1126 '0
2600 1072 2864 1142 πενθερὸς
2898 1076 2995 1127 καὶ
3018 1076 3258 1147 πενθερά
3281 1078 3357 1147 τῷ
3386 1084 3787 1148 μνηστεύσαντι
3820 1086 3986 1157 κόρην

2492 1167 2736 1231 Διδόντες
2770 1168 2828 1219 οὐ
2864 1168 3202 1238 λαμϐάνουσι
3235 1173 3330 1225 τοῦ
3355 1174 3534 1242 γάμου
3569 1174 3858 1245 λυομένου.

2494 1260 2597 1311 Τὸν
2623 1261 2797 1329 γάμον
2832 1262 2864 1329 ἡ
2895 1260 3136 1324 διάθεσις
3167 1263 3316 1315 τελεῖ
3345 1266 3672 1335 ήάμοιϐαία

2494 1350 2823 1420 Προσθήκης
2860 1351 2967 1422 γὰρ
3002 1354 3061 1405 οὐ
3087 1353 3266 1408 δέεται
3296 1360 3588 1425 προικὼων
3631 1362 3995 1431 συμϐολαίων,

2492 1441 2553 1492 Εἰ
2590 1442 2665 1511 μὴ
2686 1444 3196 1516 πρωτοσπαθάριος,
3230 1448 3262 1516 ἢ
3305 1447 3470 1502 πλέον
3493 1468 3576 1515 τις
3605 1456 3887 1525 τυγχάνει.

2492 1535 2555 1586 Εἰ
2587 1535 2766 1605 γάμον
2796 1553 2880 1599 τις
2906 1537 3164 1608 ἀθέμιτον
3189 1542 3408 1611 ποιήσει
3435 1543 3591 1614 παρά
3620 1546 3807 1616 νόμον,

2496 1625 2813 1677 Ἐκπτωσιν
2858 1628 3247 1697 κατακρίνεται
3286 1631 3394 1682 τῶν
3435 1631 3655 1684 οἰκείων
3699 1636 4067 1703 πραγμάτων,

2494 1719 2556 1769 El
2585 1717 2658 1787 μή
2696 1734 2799 1769 που
2840 1719 3032 1787 γέγονε
3070 1722 3254 1791 πατὴρ
3285 1723 3348 1775 ἐκ
3382 1724 3575 1792 γάμων
3603 1727 3734 1795 πρὶν
3763 1730 4029 1796 νομίμων,

2492 1809 2850 1874 Αὐτεξουσίου
2874 1812 3125 1880 γαμετῆς
3149 1813 3243 1867 τοῦ
3279 1816 3457 1882 γάμου
3498 1816 3785 1885 λυομένου,

2412 1892 2456 1948 Β
2487 1903 2666 1966 Εὐθὺς
2698 1903 3157 1969 ἀποκαθίσταται,
3192 1905 3337 1959 οὕτω
3374 1906 3566 1960 δοκοῦν
3591 1911 3703 1971 τοῖς
3734 1908 3916 1977 νόμοις
3944 1926 3956 1940 ’

2487 1999 2611 2050 Οὐδ’
2636 1998 2787 2051 ἔστιν
2814 2000 3134 2063 ὑπεξοῦσιος
3161 2001 3335 2075 ταύτῃ
3363 2002 3407 2054 δ’
3432 2005 3465 2073 ἡ
3503 2004 3664 2073 προὶξ
3699 2004 3992 2074 πατρόθεν,

2486 2092 2665 2160 Αὐτῆς
2689 2109 2747 2143 τε
2780 2094 2873 2143 καὶ
2898 2092 2990 2144 τοῦ
3024 2092 3292 2160 φύσαντος
3335 2094 3487 2165 κοινὴ
3512 2095 3837 2147 καθίσταταί
3882 2114 4021 2157 πως.

2489 2182 2700 2235 Δίδοται
2730 2182 2891 2252 προὶξ
2918 2187 2981 2253 τῇ
3016 2188 3241 2251 γυναικὶ
3272 2187 3366 2239 καὶ
3394 2188 3731 2250 συνεστῶτος
3761 2188 3965 2258 γάμου,

2502 2274 2627 2327 Ἐπὶ
2666 2275 2742 2342 τῷ
2769 2275 2953 2337 δοῦναι
2980 2276 3288 2340 δανεισταῖς
3312 2278 3343 2347 ἢ
3371 2279 3577 2348 ἀγροὺς
3610 2280 3903 2348 ἀγοράσαι,

2493 2370 2560 2420 Ἢ
2592 2368 2666 2431 ῶς
2693 2387 2752 2422 τε
2787 2370 3192 2438 προνοήσασῦαι
3227 2371 3432 2424 παίδων
3462 2372 3651 2443 ἐτέρου
3685 2375 3886 2442 γάμου.

2489 2462 2769 2531 Διαίρεσις
2798 2464 2852 2514 (Σὲ
2875 2465 3120 2530 πέφυκεν
3145 2462 3282 2533 αῦτη
3315 2465 3747 2535 δαπανημάτων,

2490 2554 2569 2606 Τὰ
2604 2554 2699 2622 μὲν
2728 2554 2801 2615 ὡς
2823 2555 3096 2622 ἀναγκαῖα
3132 2556 3262 2624 γὰρ,
3293 2558 3362 2609 τα
3393 2557 3451 2610 δὲ
3484 2561 3576 2611 καὶ
3599 2559 3687 2612 διὰ
3715 2559 3924 2630 κέρδος.

2489 2645 2567 2699 Τά
2596 2646 2652 2699 δὲ
2683 2646 2819 2717 πρὸς
2849 2647 3040 2717 τέρψιν
3072 2650 3320 2719 πέφυκεν
3351 2652 3855 2723 ἐκδεδαπανημένα.

2490 2740 2613 2792 Τῶν
2663 2740 2979 2807 ἀναγκαίων
3030 2741 3275 2811 πέφυκεν
3318 2746 3345 2797 ὁ
3392 2744 3549 2814 μόλος
3586 2745 3839 2816 (17),τῆς
3870 2748 4069 2800 Baiano

3874 2855 3993 2909 σης.

2492 2920 2724 2988 Ιιοιῆσαί
2755 2937 2814 2972 τε
2832 2922 3064 2988 νεόφυτα
3092 2924 3335 2992 ἄμπελον
3358 2943 3415 2978 τε
3457 2928 3549 2981 καὶ
3569 2929 3779 2999 δένδρα,

2502 3012 2626 3063 Ἐπί
2663 3028 2720 3062 τε
2748 3012 3115 3083 χρησιμότητι
3147 3015 3318 3084 ἀγροῦ
3345 3022 3827 3089 σπερματοθήκα,.

2490 3106 2763 3175 Διακερδᾷ
2790 3107 2881 3158 τὸν
2908 3104 3214 3175 πράττοντα
3240 3108 3485 3177 βελτίονα
3516 3112 3608 3165 τὸν
3636 3116 3855 3184 προῖκα,

2414 3224 2455 3281 c
2504 3196 2725 3251 Ὀποῖον
2745 3198 2806 3250 τὸ
2836 3197 3094 3266 νεόφυτον
3124 3198 3155 3268 ἢ
3184 3201 3244 3250 τὸ
3267 3202 3642 3269 ἀρτοκοπεῖον,

3676 3293 3830 3351 Vers.
3866 3298 4001 3352 127‘.)

2498 3503 2733 3569 tharius,
2757 3503 2838 3557 vel
2876 3502 3178 3572 superioris
3202 3504 3481 3572 dignitatis
3514 3504 3608 3559 sit.
3648 3503 3704 3558 Si
3735 3506 3857 3575 quis
3882 3516 4072 3561 contra

2502 3596 2672 3665 legem
2746 3595 2987 3649 nefarias
3036 3595 3258 3663 nuptias
3300 3596 3659 3660 contraxerit,
3719 3598 4071 3667 prOpriarum

2494 3687 2964 3754 rerumjacturam
2997 3687 3253 3755 patiatur,
3294 3687 3398 3741 nisi
3437 3702 3499 3739 ex
3565 3686 3843 3755 prioribus
3891 3690 4074 3757 legiti-

2495 3782 2597 3835 mis
2634 3782 2843 3849 nuptiis
2906 3792 3057 3851 pater
3098 3782 3277 3837 factus
3318 3781 3409 3837 sit.
3444 3781 3688 3836 Mulieris
3712 3785 4078 3854 entancipatrc

2498 3873 2679 3926 soluto
2722 3874 3073 3928 matrimonio
3126 3874 3226 3928 dos
3275 3884 3421 3927 recte
3466 3875 3811 3936 restituatur,
3842 3877 3921 3929 sic
3963 3878 4079 3944 pla-

2495 3974 2580 4019 cet
2614 3964 2756 4018 enim
2788 3966 3034 4034 legibus:
3074 3966 3117 4018 si
3143 3981 3269 4019 vero
3315 3966 3401 4017 illa
3445 3966 3495 4017 in
3560 3974 3829 4034 potestate
3889 3967 3980 4033 sit,
4024 3978 4078 4021 et

2494 4056 2595 4109 dos
2628 4070 2656 4108 a
2713 4068 2861 4124 patre
2918 4056 3161 4125 profecta
3202 4055 3386 4118 fuerit,
3434 4056 3742 4111 (omtnunis
3788 4064 3869 4110 est
3909 4060 4080 4126 patris

2493 4155 2547 4200 et
2579 4147 2700 4199 lilia:
2724 4148 2999 4216 repetitio.
3036 4147 3319 4200 [latnrdos
3348 4147 3561 4199 mulieri
3592 4147 3754 4199 etiam
3788 4158 4079 4203 constante

2492 4240 2876 4303 matrimonio,
2946 4249 3004 4292 ut
3050 4240 3139 4291 det
3192 4238 3601 4301 creditoribus,
3673 4254 3836 4307 agros
3884 4251 4075 4303 emat,

2484 4332 2568 4383 vel
2613 4340 2669 4384 ut
2715 4331 2901 4385 liberis
2933 4346 2997 4384 ex
3028 4332 3133 4383 alio
3178 4331 3530 4384 matrimonio
3558 4330 3880 4400 prospiciat.
3934 4331 4082 4385 Ι).ιί-

2487 4422 2569 4475 εἱο
2598 4422 2971 4488 itnpcnsarnm
3010 4421 3125 4475 haec
3175 4431 3280 4484 est,
3324 4422 3572 4490 quaedam
3634 4431 3690 4476 ιιι
3732 4425 4078 4488 necessariae,

2490 4514 2735 4581 quaedam
2769 4522 2994 4582 propter
3028 4515 3261 4576 lucrum,
3320 4516 3440 4566 alim
3474 4523 3692 4581 propter
3738 4516 4077 4567 voluntatem

2494 4604 2789 4673 insumpta:
2816 4614 2975 4659 sunt:
3014 4607 3361 4668 necessariae,
3412 4606 3583 4659 moles
3637 4607 3687 4658 in
3742 4620 3890 4659 mare
3942 4621 4073 4675 pro-

812 4707 922 4762 Dos
963 4722 1029 4760 ne
1060 4705 1391 4775 publicetur,
1426 4701 1607 4755 mariti
1646 4700 1805 4755 bonis
1846 4699 2161 4770 publicatis.
2212 4697 2386 4753 Tutor
2418 4715 2460 4769 ι)
2490 4698 2660 4767 jec1a,
2701 4699 2947 4752 inserere
2982 4713 3149 4752 novas
3188 4698 3327 4751 vites
3371 4707 3422 4750 et
3455 4697 3702 4762 arbores,
3733 4707 3785 4752 et
3821 4698 3887 4752 ad
3915 4715 4075 4752 usum

813 4809 867 4853 et
910 4805 1134 4852 curator
1167 4796 1468 4859 solventes,
1507 4793 1646 4846 nihil
1730 4808 1796 4849 ex
1856 4793 2053 4848 solutis
2117 4801 2388 4861 repetunt.

814 4890 874 4945 Si
952 4890 1164 4944 debitor
1220 4888 1339 4943 sine
1394 4885 1577 4940 usuris
1632 4885 1874 4938 debitum
1931 4884 2151 4946 habeat,
2214 4888 2393 4951 potest

816 4984 1055 5040 creditor
1117 4998 1180 5037 ex
1253 4981 1523 5036 fructibus
1584 4980 1843 5041 retinere,
1921 4989 1974 5031 et
2036 4976 2167 5030 illud
2232 4976 2393 5030 faciet

815 5074 1102 5130 commode
1149 5088 1325 5142 usque
1359 5073 1423 5125 ad
1457 5072 1727 5141 legitimas
1758 5083 1976 5124 usuras.
2001 5068 2057 5122 Si
2083 5083 2205 5120 cum
2230 5067 2392 5121 ﬁscus

817 5169 1015 5239 pignus
1042 5166 1323 5230 distrahit,
1342 5166 1580 5218 creditor
1605 5164 1764 5227 silet,
1794 5177 1907 5217 rem
1943 5160 2179 5215 remisit.
2199 5160 2392 5213 Credi-

817 5267 903 5311 tor
928 5258 1115 5311 volens
1131 5256 1325 5325 pignus
1338 5254 2015 5319 distraltere,n‘ianilestam
2047 5253 2209 5305 iaciat
2234 5266 2388 5304 suam

817 5351 1153 5406 voluntatem
1243 5350 1499 5405 debitori.
1583 5349 1750 5403 Socer
1811 5355 1864 5402 et
1928 5362 2127 5401 socrus
2193 5357 2395 5413 sponso

819 5445 1014 5515 puella:
1042 5443 1247 5512 aliquid
1288 5442 1507 5504 dantes.
1541 5444 1724 5497 soluto
1772 5440 2129 5496 matrimonio
2185 5455 2290 5493 non
2310 5453 2395 5491 re-

820 5544 1029 5605 petunt.
1088 5534 1274 5588 Mutua
1326 5534 1538 5589 affectio
1595 5535 1817 5605 nuptias
1870 5533 2081 5604 perﬁcit
2133 5534 2253 5586 sine
2301 5546 2395 5585 ac-

820 5630 1073 5685 cessione
1112 5628 1375 5683 dotalium
1407 5629 1919 5693 instrumentorum,
1950 5626 2051 5681 nisi
2090 5633 2391 5697 protospa-

891 5857 1011 5928 (ιι)
1040 5858 1269 5919 metm.

2494 4792 2609 4861 agri
2656 4791 3011 4845 seminarium
3045 4790 3225 4843 facere
3275 4809 3285 4843 :
3337 4791 3500 4842 utiles
3558 4790 3838 4844 meliorem
3896 4795 4078 4843 dotem

2494 4883 2721 4948 faciunt,
2760 4884 2949 4953 quales
2981 4893 3106 4937 sunt
3148 4883 3414 4935 novelli-ta
3457 4891 3510 4934 et
3556 4882 3847 4950 pistrinum
3898 4899 3908 4931 :
3959 4898 4080 4949 qua:

2495 4976 2675 5030 dotem
2734 4976 2952 5044 quidem
3007 4990 3112 5027 non
3160 4974 3437 5033 minuunt,
3481 4982 3662 5025 tamen
3716 4981 4077 5041 repetuntur;

2496 5069 2637 5121 idem
2691 5068 2837 5121 circa
2892 5066 3289 5134 voluptnarias.
3359 5054 3526 5118 Nemo
3601 5073 3794 5117 contra
3852 5080 4077 5117 uxorem

2499 5158 2628 5211 furti
2668 5157 2936 5210 actionem
2975 5167 3210 5221 moveat,
3245 5155 3336 5209 sed
3372 5170 3551 5208 rerum
3586 5168 3914 5207 arnOtarum.
3966 5152 4079 5205 Ma-

2500 5252 2639 5306 ritus
2712 5252 3032 5305 aestimatam
3094 5251 3275 5303 dotem
3348 5250 3645 5317 accipiens,
3709 5263 3793 5301 res
3870 5247 4079 5300 dotales

2503 5359 2611 5396 non
2640 5342 2860 5395 videtur
2886 5341 3159 5409 accipere,
3182 5340 3277 5394 sed
3314 5341 3487 5394 solum
3532 5339 3673 5407 Cupit
3709 5354 3890 5393 rerum
3926 5337 4077 5391 testi-

2501 5434 2821 5496 ntationem,
2855 5447 3017 5501 quam
3058 5442 3276 5501 prazstat
3302 5434 3480 5485 soluto
3514 5430 3883 5483 matrimonio.
3912 5427 4080 5481 Mater

2506 5528 2649 5589 ﬁlim.
2699 5536 2754 5581 ut
2785 5527 2997 5597 legibus
3028 5528 3252 5595 placuit,
3314 5541 3422 5579 non
3457 5525 3669 5596 cogitur
3706 5523 3885 5578 dotem
3924 5521 4075 5573 dare.

2505 5621 2697 5677 Mulier
2725 5629 2906 5691 potest
2962 5620 3124 5676 etiam
3156 5619 3332 5673 adhuc
3360 5628 3651 5674 constante
3703 5615 4074 5673 matrimonio,
