4430 6448
415 550 483 599 Ἀ
516 545 713 613 προῖκα
740 551 800 591 οι
836 538 1045 605 μειοῦσι
1084 541 1180 601 μεν
1212 538 1322 589 ἀλλ’
1343 538 1490 608 ὅμως
1521 537 1904 599 ἀπαιτοῦνται,

414 642 545 707 Περὶ
576 637 642 689 τὰ
668 636 1035 702 δαπανήματα
1073 631 1139 684 τὰ
1168 632 1356 700 τέρψιν
1383 628 1739 701 ἐμποιοῦντα.

411 728 617 798 Μηδεὶς
654 743 788 779 κατα
824 726 923 792 τῇς
951 725 1209 786 γυναικὸς
1240 724 1451 792 κλοπῆς
1482 722 1705 775 κινείτω
1730 722 1910 789 δίκην,

421 820 744 890 Ἀφαίρεσιν
780 820 1002 871 κιλλεὶτη)
1044 820 1097 868 ξὲ
1135 818 1238 868 τῶν
1270 816 1582 868 κλαπέντων
1619 814 1983 883 πραγμάτων.

410 915 619 983 Προῖκα
660 911 884 964 λαὸὼνι.
924 912 1145 975 σιξυγο,
1183 907 1671 978 διατετιμημένην,

410 1006 545 1073 Οὐχὶ
569 1002 637 1055 τὰ
677 1001 982 1070 πράγματα
1014 1000 1165 1048 δοκεῖ
1195 1000 1495 1065 λαμϐάνειν
1526 1004 1593 1049 τά
1626 995 1907 1065 προικῴα,

409 1096 595 1161 Μόνην
629 1092 685 1144 δὲ
725 1091 1041 1160 διατίμησιν
1072 1083 1144 1139 ὧν
1173 1090 1330 1141 ἔὶαῦε
1370 1087 1735 1173 πραγμάτων,

406 1181 507 1238 Ὧν
529 1185 626 1254 τὴν
653 1184 816 1254 τιμὴν
854 1185 1239 1249 εἰσπράττεται
1260 1181 1352 1234 τοῦ
1383 1181 1561 1246 γάμου
1600 1179 1881 1250 λυομένου.

420 1280 483 1330 ἠ
514 1283 697 1348 μήτηρ
720 1276 859 1346 ὑπὲρ
890 1275 1182 1345 θυγατρδς,
1214 1275 1286 1337 ὡς
1325 1267 1470 1336 ἔδοξε
1492 1275 1602 1336 τοῖς
1634 1274 1841 1342 νόμοις,

407 1372 483 1425 Οὖ
516 1389 683 1440 φασιν
711 1373 1084 1440 ἀναγκάζεται
1124 1374 1325 1441 τροῖκα
1362 1370 1678 1422 ἐπιδιδόναι.

408 1464 547 1532 Γυνὴ
572 1464 681 1515 τῶν
707 1464 901 1533 γάμων
927 1464 1152 1529 δύναται
1180 1464 1255 1511 ἔτι
1295 1462 1728 1530 συνισταμένων,

406 1558 687 1609 Βλέπουσά
719 1574 836 1618 πως
877 1555 966 1608 τὸν
997 1554 1226 1621 σύζυγον
1257 1554 1458 1620 ἄπορον
1490 1552 1771 1620 πεφυκότα

417 1647 503 1707 Ὠς
534 1646 873 1712 ἑνυπόθηκον
902 1632 1129 1715 κρατεῖν
1155 1648 1250 1715 τὴν
1279 1644 1488 1694 ἐκείνου
1515 1643 1724 1703 ουσίαν,

404 1736 479 1787 Οὐ
505 1736 678 1803 μόνως
702 1735 843 1804 ὑπὲρ
871 1736 969 1804 τῆς
993 1742 1241 1805 προικὸς,
1268 1733 1401 1784 ἀλλὰ
1430 1734 1521 1785 καὶ
1553 1733 1922 1801 ἐξωτεροίκων,

414 1827 583 1896 ’Υπὲρ
610 1819 1001 1895 προγαμιαίων
1030 1823 1087 1877 τε
1122 1826 1349 1876 δικαίων
1371 1825 1730 1894 δωρημάτων.

402 1919 539 1985 Οὐχὶ
568 1917 873 1979 συναίνεσις
906 1915 1131 1985 πατρὸς,
1159 1915 1292 1966 ἀλλά
1323 1916 1551 1983 νόμιμος
1579 1912 1803 1980 πρᾶξ’ς’

400 2008 512 2077 Τῆς
550 2006 998 2077 ὕπεξουσιότητος
1027 2009 1304 2077 ἐλευθεροῖ
1324 2008 1413 2059 τὸν
1442 2008 1626 2058 παῖδα·

402 2098 479 2151 Εί
500 2098 557 2153 δέ
582 2118 663 2162 τις
690 2101 826 2169 ἔχων
856 2102 1119 2168 φυσικοὺς
1146 2100 1343 2161 παῖδας
1365 2117 1423 2150 τε
1452 2099 1543 2152 καὶ
1571 2100 1856 2167 νομίμους,

402 2191 509 2243 Καὶ
531 2192 630 2259 τῆς
654 2192 758 2243 τῶν
796 2191 1045 2258 φυσικῶν
1081 2192 1211 2243 υἱῶν
1246 2193 1323 2243 ἔτι
1356 2194 1532 2260 ζώσης
1560 2192 1817 2260 μητέρος,

401 2283 524 2345 Τοῖς
560 2286 811 2349 φυσικοῖς
842 2284 1011 2352 αὐτῆς
1048 2286 1210 2337 παισὶ
1250 2289 1383 2353 πρὶς
1415 2284 1468 2335 δὲ
1499 2288 1589 2335 καῖ
1624 2287 1686 2352 τῇ
1718 2283 1974 2356 τεκούσῃ,

400 2373 473 2423 Οὐ
504 2373 727 2426 δὶναται
757 2375 1079 2426 καταλιπεῖν
1109 2374 1269 2426 πλέον
1312 2378 1441 2432 μιᾶς
1476 2374 1723 2439 οζγγιας,

400 2464 611 2519 Παὶδων
640 2464 683 2515 δ’
715 2465 814 2516 οὐκ
844 2465 1016 2516 ὄντων
1054 2464 1320 2532 φυσικῶν,
1408 2465 1732 2516 σννοικοῦσα
1769 2466 1971 2534 μόνως,

410 2539 610 2624 Ἐχέτω
643 2557 969 2625 ήμιούγγιον
998 2555 1107 2610 τῶν
1132 2557 1340 2607 ἐκείνου
1376 2556 1738 2624 πραγμάτων,

398 2647 504 2697 Εξδ⁹
538 2645 657 2697 οὕτε
689 2647 884 2708 παῖδας
912 2647 1018 2714 ἔχοι
1044 2663 1125 2709 τις
1158 2648 1415 2717 ἐννόμους
1445 2648 1475 2714 ἢ
1507 2650 1718 2713 γονέας,

396 2736 593 2787 Διδότω
632 2740 740 2787 πᾶν
764 2738 810 2788 εἰ
842 2736 1090 2805 βούλεται
1124 2738 1183 2789 τὸ
1215 2740 1412 2805 μέτρον
1441 2740 1539 2807 τῆς
1567 2732 1781 2800 οὐσίας,

396 2829 519 2889 Τοῖς
543 2831 795 2894 φυσικοῖς
832 2827 998 2879 αὐτοῦ
1027 2831 1235 2892 παισίν,
1270 2828 1444 2890 οὐδεὶς
1480 2830 1587 2900 γὰρ
1634 2831 1661 2883 ὁ
1723 2831 1971 2885 κωῖνυων.

399 2921 457 2969 IIl
492 2919 533 2970 δ’
558 2919 917 2988 ἀποθνήσκων
939 2921 1053 2990 ἔχοι
1078 2938 1161 2982 τις
1176 2920 1330 2983 τινὰς
1356 2922 1463 2973 τῶν
1497 2925 1791 2977 αὐτόντων.

394 3009 593 3062 Διδότω
616 3010 707 3062 τὸν
734 3012 972 3079 νόμιμον
999 3007 1151 3074 οὗτος
1181 3013 1367 3075 αὐτοῖς
1410 3014 1628 3082 μερίδα,

396 3095 469 3146 Τὸ
488 3096 544 3147 δὲ
587 3097 771 3148 λοιπὸν
794 3097 908 3159 τοῖς
943 3102 1194 3166 φυσικοῖς
1219 3103 1408 3152 παισὶν
1436 3104 1855 3170 ἀποκληρούτω.

397 3186 681 3255 Εὐνοῦχος,
717 3188 935 3240 σπάδων
958 3188 1186 3241 ¹δύναται
1209 3190 1475 3244 υίοθετεῖν
1493 3196 1587 3245 καὶ
1626 3198 1817 3261 μόνως,

392 3277 565 3329 Τοῦτο
590 3278 696 3346 γὰρ
728 3279 1109 3350 ἀπηγόρευται
1137 3282 1467 3353 καστράτοις
1500 3287 1593 3338 καὶ
1616 3287 1872 3351 θλιϐεαις,

390 3541 434 3592 si
475 3540 729 3593 maritum
760 3542 977 3607 inopem
1017 3542 1130 3597 ﬁeri
1168 3544 1365 3611 videat,
1391 3545 1538 3601 illius
1603 3551 1964 3607 substantiam

390 3640 645 3699 tanquam
706 3647 769 3685 ex
823 3633 1126 3701 Itypotheca
1180 3635 1285 3690 sibi
1357 3637 1580 3703 habere,
1626 3657 1731 3695 non
1786 3645 1962 3696 solum

395 3735 491 3788 pro
555 3722 705 3785 dote,
748 3725 841 3776 sed
880 3726 1041 3776 etiam
1080 3740 1180 3795 pro
1240 3729 1601 3796 parapliernis
1637 3742 1691 3786 et
1745 3732 1963 3802 jnribus

393 3813 749 3868 donationum
821 3820 1307 3887 antenuptialium.
1348 3821 1466 3877 Non
1501 3825 1672 3891 patris
1724 3842 1961 3881 consen-

390 3922 504 3968 sua,
538 3908 633 3961 sed
685 3922 842 3964 actus
903 3911 1198 3979 legitimus.
1238 3914 1436 3968 liberat
1489 3917 1659 3969 lilium
1705 3932 1732 3969 a
1791 3922 1959 3987 patria

391 4006 676 4064 potestate.
714 3998 770 4052 Si
807 4001 932 4069 quis
981 4004 1261 4058 naturales
1316 4005 1545 4072 liberos,
1595 4016 1649 4061 et
1689 4008 1959 4077 legitimos

385 4083 599 4152 habeat,
619 4099 670 4142 et
688 4093 1017 4145 naturalium
1052 4094 1345 4148 liberorum
1388 4106 1563 4150 mater
1587 4097 1765 4152 adhuc
1789 4100 1959 4166 vivat,

384 4178 486 4248 ipsi
542 4183 704 4236 matri
734 4196 786 4238 et
819 4184 937 4257 ejus
964 4187 1305 4242 naturalibus
1355 4187 1560 4256 liberis,
1606 4207 1714 4247 non
1766 4201 1953 4262 potest

384 4271 688 4339 relinquere
721 4275 862 4328 ultra
912 4292 1073 4329 unam
1136 4280 1354 4332 unciam
1389 4297 1403 4335 :
1438 4281 1484 4335 si
1516 4296 1644 4337 vero
1669 4298 1776 4337 non
1810 4285 1957 4340 exsi-

385 4370 535 4414 stant
574 4366 854 4419 naturales
902 4368 1082 4434 liberi,
1137 4370 1233 4424 sed
1262 4374 1437 4426 solum
1497 4375 1828 4441 concubina,
1862 4377 1952 4429 illa

383 4468 565 4505 rerum
612 4454 731 4522 ejus
783 4458 1062 4513 dimidiam
1141 4465 1355 4516 unciam
1417 4464 1666 4532 habeto;
1724 4468 1766 4521 si
1825 4482 1953 4521 vero

1680 417 2044 478 SYNUPSIS
2082 416 2364 477 LEGUM.

2011 542 2051 595 Α
2096 532 2155 585 '0
2178 534 2288 602 γάρ
2314 550 2394 585 τοι
2429 531 2648 585 σπάδων
2686 530 2912 585 δύναται
2944 531 3519 603 παιδοποιῆσαιτάγα.

3558 421 3666 491 οῑιι

2089 626 2156 679 El
2185 642 2269 688 τις
2295 626 2527 695 ποιήσας
2552 626 2817 696 πρότερον
2843 625 3085 693 ὲννόμως
3122 624 3411 695 διαθήκην,

2088 718 2363 787 Δευτέραν
2393 715 2559 785 ἄλλην
2581 718 2865 789 γράψειεν,
2900 717 3145 788 ἡπρώτη
3182 718 3256 787 μὴ
3278 718 3570 789 ῥηγνύσοω

2086 810 2150 862 El
2178 810 2250 879 μή
2278 826 2341 877 γε
2377 808 2594 879 πρῶτον
2618 810 2842 881 κυρωθῇ
2870 809 3122 880 νομίμως
3145 811 3177 879 ή
3202 810 3448 879 δευτέρα.

2089 902 2162 954 Οὐ
2185 900 2483 955 διατίθεται
2513 901 2649 954 ἐτῶν
2686 902 2863 971 ἠττων
2886 902 3323 972 δεκατεσσάρων.

2105 992 2159 1045 ’0
2203 993 2277 1063 μὴ
2307 992 2486 1056 διδοὺς
2522 994 2634 1053 τοῖς
2662 994 2898 1063 μάρτυσι
2931 994 3166 1065 πάροδον
3191 994 3520 1065 μαρτυρίας,

2100 1070 2420 1152 Ὑφίσταται
2440 1084 2539 1155 τὴν
2567 1085 2841 1138 ἔκπτωσιν
2883 1086 2975 1138 τοῦ
2998 1088 3206 1159 κλήρου
3236 1089 3574 1158 παραυτίκα.

2088 1176 2169 1227 Τά
2200 1178 2735 1249 παραχαραττόμενα
2765 1177 2796 1248 ἢ
2830 1178 3312 1248 άπαληλειμμένα,

2089 1269 2149 1321 Εἰ
2173 1269 2274 1339 μὲν
2301 1273 2420 1324 κατ’
2458 1271 2668 1343 εἵδησίν
2701 1275 2805 1326 εἰσι
2836 1272 2928 1326 τοῦ
2960 1271 3355 1341 διατιθεμένου,

2091 1363 2316 1432 ’Ἀκυρα
2359 1364 2574 1426 πάντως
2610 1365 2875 1432 πέφυκεν,
2908 1367 2957 1419 εἰ
2978 1366 3022 1418 δ’
3045 1364 3131 1430 οὒ,
3157 1365 3418 1437 ἐρῥώσθω
3463 1368 3660 1422 πάντα.

2088 1460 2347 1529 Αἱρετική
2369 1476 2453 1521 τις
2474 1459 2728 1523 ἔνστασις
2764 1460 2818 1512 εἴ
2836 1479 2919 1525 τις
2952 1462 3093 1516 οὕτω
3144 1465 3471 1532 συγγράξει,

2098 1550 2225 1611 Ἐάν
2258 1552 2419 1613 αὐτὸς
2454 1556 2795 1623 πεντήκοντα
2833 1546 2973 1607 ἐτῶν
3004 1556 3319 1620 ἀποϐιώσω,

2098 1640 2156 1691 '0
2186 1641 2506 1710 Νικηφόρος
2546 1643 2687 1697 ἔστω
2719 1662 2822 1714 μου
2851 1644 2945 1698 τοῦ
2974 1645 3092 1715 βίου
3116 1648 3473 1717 κληρονόμος.

2088 1731 2152 1789 Τί
2186 1733 2302 1784 ἐστι
2324 1732 2708 1801 φιδεκόμισσον
2735 1736 2831 1789 ἐὰν
2858 1753 2942 1798 τις
2973 1736 3118 1789 οὕτω
3156 1734 3309 1808 εἴπῃ,

2116 1826 2597 1894 Αποκατάστησον,
2631 1828 2735 1889 υἱὲ,
2761 1828 2838 1899 τῷ
2864 1828 2995 1881 δεῖνι
3017 1828 3133 1882 τόδε
3160 1831 3416 1900 πρᾶγμα,

2040 1881 2056 1929 ζ
2087 1916 2158 1966 Τὸ
2186 1916 2242 1967 δέ
2276 1933 2336 1983 γε
2366 1881 2749 1986 φιδεκόμισσον
2778 1881 2839 1971 "cio
2876 1920 2997 1974 καθ’
3027 1881 3214 1991 ὁμάδαΙ
3234 1881 3411 1986 τοῐὲτο,

2088 2006 2273 2058 Πᾶσαν
2304 2007 2759 2077 ἀποκατάστησον
2792 2008 2889 2079 τὴν
2922 2010 3061 2081 ἐμὴν
3091 2012 3263 2083 τούτῳ
3289 2016 3499 2086 κτῆσιν.

2095 2096 2181 2147 Ἐν
2211 2096 2448 2168 διαθήκῃ
2476 2098 2750 2169 ἄχρηστον
2788 2101 2964 2164 οὐδεὶς
2986 2100 3355 2174 κληρονομίαν

2094 2187 2182 2240 Ἐν
2210 2189 2552 2254 κωδικέλλοις
2583 2192 2810 2262 βεϐαιοῖ,
2847 2195 3005 2261 δόξαν
3025 2197 3165 2251 οὕτω
3195 2198 3273 2268 τῷ
3311 2200 3480 2269 νόμῳ.

2082 2281 2190 2349 Πρὸ
2217 2282 2271 2335 δὲ
2301 2283 2687 2349 διατυπώσεως
2710 2288 3023 2341 κωδίκελ).οι
3058 2293 3381 2361 γραφέντες,

2078 2372 2230 2424 Μετὰ
2261 2375 2362 2442 τὴν
2399 2375 2734 2429 διατύπωσιν
2775 2380 2822 2431 εί
2851 2379 2925 2449 μὴ
2951 2379 3349 2450 βεϐαιωθῶσιν,

2078 2464 2245 2517 Οὐδὲν
2292 2466 2431 2529 ὅλως
2467 2467 2744 2537 ἰσχύουσιν
2771 2468 2961 2542 ὥσπερ
2999 2473 3347 2545 ἠθετημένοι.

2088 2554 2413 2625 Ἐπίτροπος
2450 2559 2755 2629 ἐπιτροπῆς
2786 2563 3087 2635 παυθείσης
3125 2565 3260 2618 διδοῖ
3279 2567 3491 2633 τόκους,

2076 2644 2287 2713 Μέχρις
2312 2645 2377 2699 ἂν
2397 2648 2782 2724 ἐλλογιστεύθη
2817 2652 2886 2705 τὰ
2916 2653 3015 2723 τῆς
3038 2648 3386 2727 ἐπιτροπίας.

2088 2735 2409 2805 Ἐπίτροπος
2433 2738 2763 2807 ὠνούμενος,
2795 2744 3070 2813 προσώπῳ
3102 2748 3444 2820 παρενθέτῳ,
3521 2743 3524 2746 ’

2075 2825 2187 2879 υύκ
2215 2826 2332 2895 ἔχει
2363 2827 2464 2898 τὴν
2499 2829 2763 2899 ἐξώνησιν
2788 2836 2899 2896 τοῖς
2937 2834 3125 2905 νόμοις
3157 2838 3497 2913 ἐρρωμένην.

2074 2918 2131 2970 El
2172 2919 2272 2987 μὲν
2306 2922 2442 2989 μετὰ
2474 2924 2849 2995 προκάταρξιν
2877 2929 2976 2995 τῆς
3006 2929 3153 2982 κατά
3181 2930 3452 3007 διαθήκης

2072 3009 2348 3078 Μέμφεως
2372 3014 2402 3082 ή
2423 3014 2666 3078 διάλυσις
2714 3018 2956 3089 προὸαίη
2990 3022 3133 3074 κατὰ
3166 3024 3382 3093 νόμους,

2073 3102 2202 3167 Ἔχε
2232 3103 2331 3170 τὴν
2360 3105 2697 3162 διατύπωσιν
2724 3111 2947 3175 τελείως
2994 3115 3337 3186 ἐρρωμένην.

1996 3230 2038 3289 c
2086 3192 2144 3244 Ὀ
2174 3193 2322 3262 παρά
2352 3198 2611 3263 γυναικός
2637 3215 2784 3258 τινος
2813 3200 3087 3256 υἱοθεσίαν
3122 3206 3284 3278 ἔχων,

2080 3280 2219 3334 Καθ’
2260 3277 2335 3335 ὦν
2370 3285 2507 3353 αὑτὴ
2532 3286 2739 3341 διέθετο
2759 3294 2929 3343 κινεῖν
2966 3292 3067 3347 οὐκ
3101 3295 3365 3366 ἔξισχύει,

3207 3387 3366 3446 Vers.
3405 3394 3544 3451 1559.

2076 3555 2259 3619 omnia
2303 3557 2540 3624 valeant.
2595 3559 2875 3619 Institutio
2898 3565 3286 3627 conditionalis
3311 3581 3414 3638 est,
3439 3576 3485 3631 si
3524 3580 3648 3647 quis

2076 3644 2146 3697 ita
2179 3648 2368 3701 scribit
2401 3667 2414 3703 :
2468 3650 2514 3704 si
2547 3650 2661 3722 ipse
2691 3668 2959 3710 annorum
2987 3660 3385 3732 quinquaginta
3419 3644 3643 3731 moriar,

2073 3734 2415 3803 Nieepltorus
2497 3741 2629 3794 mihi
2689 3742 2864 3800 luet-es
2935 3758 3075 3802 esto.
3131 3751 3642 3815 Fideicommlssmn

2071 3835 2174 3885 esu
2231 3826 2275 3879 si
2336 3830 2461 3896 quis
2518 3830 2590 3882 ita
2635 3832 2792 3898 dixit,
2850 3851 2965 3891 rem
3028 3840 3142 3907 tali,
3200 3843 3295 3910 illi,
3339 3848 3639 3905 restituito.

2065 3916 2385 3973 Universale
2432 3937 2557 3976 vero
2582 3925 3085 3985 lldeicommissum
3124 3944 3206 3991 est
3242 3936 3396 4002 illud,
3425 3955 3640 3996 omnem

2062 4023 2237 4063 meam
2271 4014 2634 4071 substantiam
2699 4020 2775 4075 illi
2829 4024 3122 4080 restituito.
3158 4026 3426 4085 lnutiliter
3455 4033 3638 4088 datam

2061 4109 2390 4159 testamento
2445 4111 2837 4175 nmreditatem,
2883 4130 3039 4169 nemo
3104 4118 3377 4176 codicillis
3437 4126 3640 4179 contir-

2063 4202 2194 4256 mat,
2228 4198 2306 4247 sic
2345 4197 2703 4271 placuitlegi.
2764 4201 3014 4258 Codicilli
3071 4209 3259 4276 scripti
3324 4223 3637 4271 antetesta-

2064 4296 2328 4350 mentum,
2403 4288 2507 4343 nisi
2568 4302 2757 4359 postea
2823 4302 3151 4351 testamento
3218 4297 3633 4372 conﬁrmentur,

2064 4381 2281 4444 penitus
2330 4394 2437 4433 non
2470 4380 2675 4445 valent,
2705 4398 2767 4436 ac
2787 4384 2829 4438 si
2864 4389 3049 4456 scripti
3088 4404 3197 4443 non
3222 4403 3428 4448 essent.
3454 4390 3637 4452 Tutor

2063 4469 2213 4520 ﬁnita
2253 4472 2420 4523 tutela
2464 4472 2551 4524 dat
2588 4487 2807 4538 usuras,
2836 4490 2945 4543 quo
2998 4494 3172 4548 usque
3223 4487 3403 4539 tutelas
3462 4492 3632 4545 ratio-

382 4558 560 4612 neque
618 4546 887 4614 legitimos
928 4552 1150 4616 liberos,
1199 4569 1376 4623 neque
1416 4569 1672 4625 parentes
1730 4558 1948 4623 habeat,
1977 4582 2030 4642 D
2064 4575 2160 4613 nes
2199 4562 2524 4616 reddiderit.
2592 4562 2765 4619 Tutor
2795 4582 2983 4623 emens
3040 4546 3153 4625 rem
3181 4576 3501 4645 pupillarem
3538 4596 3634 4651 per

383 4650 597 4688 omnem
620 4639 1002 4709 substantiam,
1039 4646 1084 4699 si
1123 4647 1276 4713 velit,
1322 4649 1448 4703 liliis
1480 4652 1822 4706 naturalibus
1840 4652 1950 4715 det,

382 4739 543 4781 nemo
596 4728 740 4795 enim
784 4732 1080 4804 prohibet:
1136 4736 1182 4791 si
1239 4755 1367 4794 vero
1414 4742 1681 4795 decedens
1739 4744 1952 4813 aliquos

382 4820 791 4874 ascendentium
847 4824 1067 4889 habeat,
1121 4826 1211 4880 del
1239 4829 1349 4885 illis
1380 4832 1679 4899 legitimam
1715 4844 1946 4903 partem,

379 4909 646 4979 reliquum
697 4930 823 4969 vero
854 4919 1202 4975 naturalibus
1240 4921 1427 4977 liberis
1480 4926 1773 4993 relinquat.
1834 4929 1948 4981 Eu-

379 5004 592 5057 nuchus
626 5015 680 5059 et
727 5011 895 5076 spado
950 5014 1127 5065 solum
1187 5015 1444 5084 adoptare
1502 5026 1753 5086 possunt,
1816 5020 1946 5073 illud

378 5095 522 5147 enim
553 5100 808 5153 castratis
837 5110 890 5153 et
948 5104 1157 5160 tblibiis
1192 5107 1536 5173 prohibetur,
1585 5125 1710 5163 nam
1778 5112 1947 5181 spado

380 5195 557 5251 puteSt
611 5189 751 5242 forte
821 5190 1022 5247 liberos
1082 5210 1362 5264 generare.
1429 5196 1484 5252 Si
1535 5202 1658 5268 quis
1710 5201 1945 5270 legitime

377 5274 528 5339 prius
557 5284 941 5333 testamentum
973 5285 1305 5350 condiderit,
1349 5296 1404 5340 et
1442 5280 1589 5343 aliud
1640 5294 1940 5347 seettndntn

373 5363 674 5431 scripserit,
708 5371 859 5436 prius
891 5388 958 5427 ne
987 5384 1295 5444 rumpatur,
1329 5378 1433 5431 nisi
1464 5387 1590 5433 ante
1640 5382 1939 5435 secundum

368 5453 489 5519 jure
537 5457 707 5510 robur
757 5460 1017 5519 obtineat.
1071 5466 1245 5522 Minor
1306 5472 1721 5539 quatuordecim
1780 5476 1939 5530 annis

375 5546 558 5596 testari
608 5563 715 5601 non
792 5560 990 5619 potest.
1048 5555 1162 5608 Non
1214 5557 1351 5613 dans
1396 5561 1629 5616 testibus
1678 5565 1935 5619 viaticum

371 5637 693 5702 testimonii,
764 5641 907 5699 illico
980 5647 1251 5715 jacturam
1307 5653 1638 5709 haereditatis
1680 5659 1934 5714 sustinet.

366 5728 496 5786 Quae
537 5731 832 5784 cancellata
857 5773 869 5794 ,
895 5743 974 5789 vel
1013 5742 1186 5794 deleta
1227 5758 1374 5810 sunt,
1416 5748 1460 5801 si
1498 5749 1713 5817 quidem
1730 5751 1935 5806 sciente

366 5827 648 5885 test-atere,
712 5830 937 5886 omnino
1020 5834 1172 5889 irrita
1258 5838 1367 5892 sint
1419 5860 1431 5895 :
1488 5844 1530 5895 si
1592 5859 1719 5898 vero
1772 5860 1929 5900 secius

646 5920 921 5983 PA’I'ROL.
972 5926 1087 5986 Gn.
1125 5931 1218 5990 CX
1239 5932 1373 5993 ΧΠ.

2060 4653 2441 4720 interpositam
2498 4671 2786 4723 personant
2840 4674 2946 4714 non
2981 4662 3146 4717 habet
3192 4668 3522 4735 emptionem
3549 4673 3598 4727 le

2056 4745 2212 4811 gibus
2272 4748 2606 4800 roboratam.
2658 4748 2807 4802 Licet
2853 4762 2975 4823 post
3017 4754 3128 4810 litis
3170 4762 3625 4819 contestationem

2056 4840 2357 4893 transactio
2386 4855 2552 4909 super
2585 4845 2820 4910 quaerela
2848 4840 2914 4898 de
2950 4846 3255 4905 inollicioso
3272 4850 3416 4908 facta
3437 4871 3630 4912 secun-

2053 4927 2180 4980 dum
2224 4929 2370 4999 leges
2400 4933 2677 4999 procedat.
2717 4945 3107 4994 testamentum
3142 4952 3323 5000 tamen
3373 4927 3625 5017 perfecte

2050 5020 2249 5072 valeat.
2311 5023 2355 5073 A
2389 5024 2613 5101 muliere
2635 5025 2928 5107 adoptatus
2960 5042 3148 5090 contra
3179 5037 3300 5107 ejus
3321 5050 3622 5098 testamen-

2048 5116 2162 5162 tum
2216 5117 2506 5180 quazrelant
2556 5105 2772 5175 movere
2791 5138 2896 5176 non
2931 5133 3129 5193 potest.
3151 5105 3323 5186 Tutor
3352 5132 3619 5192 bonorum

2047 5207 2456 5273 possessionem
2486 5218 2664 5274 potest
2702 5223 2904 5281 petere,
2950 5218 3098 5273 nullo
3155 5223 3316 5277 modo
3349 5240 3479 5280 vero
3530 5244 3617 5283 re-

2049 5298 2296 5364 pudiare.
2338 5299 2550 5355 l’riums
2576 5306 2779 5371 gradus
2816 5324 2917 5361 non
2972 5325 3052 5363 es:
3083 5314 3299 5381 generis
3328 5331 3392 5370 ex
3422 5318 3613 5379 latere.

2045 5390 2195 5444 solus
2251 5394 2392 5444 enim
2432 5396 2517 5444 :ltt-
2562 5409 2644 5449 est
2675 5414 2858 5450 eorum
2902 5403 2991 5468 qui
3033 5419 3218 5472 supra,
3250 5416 3303 5461 et
3333 5409 3424 5478 qui
3472 5409 3614 5467 infra

2045 5489 2173 5535 sunt
2206 5499 2221 5536 :
2252 5498 2410 5551 supra.
2452 5487 2670 5553 quidem
2726 5504 3003 5559 parentes,
3054 5496 3191 5550 infra
3235 5498 3390 5553 liberi
3430 5524 3442 5557 ;
3480 5518 3609 5558 am-

2043 5574 2234 5629 borum
2292 5583 2460 5641 patris
2515 5587 2567 5630 et
2613 5580 2699 5631 lilii
2765 5581 2977 5649 primus
3030 5595 3116 5640 est
3152 5589 3404 5656 gradus:
3452 5593 3610 5650 liberi

2040 5665 2402 5737 praeferuntur
2442 5685 2492 5720 ill
2549 5674 2901 5729 successione
2958 5694 2970 5729 :
3022 5690 3276 5746 parentes
3328 5700 3454 5737 vero
3514 5702 3611 5755 po-

2039 5758 2207 5811 tiores
2255 5769 2383 5818 sunt
2452 5761 2556 5812 illis
2605 5762 2694 5829 qui
2745 5779 2808 5817 ex
2866 5768 3033 5825 latere
3078 5774 3324 5837 veniunt,
3364 5780 3609 5846 exceptis

2042 5848 2304 5903 fratribus
2371 5849 2709 5919 fratrumque
2779 5854 2905 5911 liliis
2965 5861 3094 5913 :illi
3165 5862 3367 5931 quibus
3424 5851 3603 5932 parte:

3239 5952 3305 6013 31
