  <div class='ocr_page' id='page_1' title='image "/cluster/home/n/w/nwhite01/storage/ocr_20150623/122/nnc1.0046979611/512.png"; bbox 0 0 4430 6448; ppageno 0'>
   <div class='ocr_carea' id='block_1_1' title="bbox 392 400 533 470">
    <p class='ocr_par' dir='ltr' id='par_1_1' title="bbox 392 400 533 470">
     <span class='ocr_line' id='line_1_1' title="bbox 392 400 533 470; baseline 0.035 -5"><span class='ocrx_word' id='word_1_1' title='bbox 392 400 533 470; x_wconf 75' lang='grc'><strong>1009</strong></span> 
     </span>
    </p>
   </div>
   <div class='ocr_carea' id='block_1_2' title="bbox 1423 410 2463 477">
    <p class='ocr_par' dir='ltr' id='par_1_2' title="bbox 1423 410 2463 477">
     <span class='ocr_line' id='line_1_2' title="bbox 1423 410 2463 477; baseline 0.005 -7"><span class='ocrx_word' id='word_1_2' title='bbox 1423 411 1521 470; x_wconf 75' lang='lat' dir='ltr'><strong>DE</strong></span> <span class='ocrx_word' id='word_1_3' title='bbox 1563 410 1964 473; x_wconf 79' lang='lat' dir='ltr'><strong>ACTIONUM</strong></span> <span class='ocrx_word' id='word_1_4' title='bbox 2003 413 2463 477; x_wconf 65' lang='lat' dir='ltr'><strong>NOMINIBUS.</strong></span> 
     </span>
    </p>
   </div>
   <div class='ocr_carea' id='block_1_3' title="bbox 3535 407 3676 477">
    <p class='ocr_par' dir='ltr' id='par_1_3' title="bbox 3535 407 3676 477">
     <span class='ocr_line' id='line_1_3' title="bbox 3535 407 3676 477; baseline 0.014 -2"><span class='ocrx_word' id='word_1_5' title='bbox 3535 407 3676 477; x_wconf 74' lang='lat'><strong>1010</strong></span> 
     </span>
    </p>
   </div>
   <div class='ocr_carea' id='block_1_4' title="bbox 387 518 2059 602">
    <p class='ocr_par' dir='ltr' id='par_1_4' title="bbox 387 518 2055 602">
     <span class='ocr_line' id='line_1_4' title="bbox 387 518 2055 602; baseline 0.008 -30"><span class='ocrx_word' id='word_1_6' title='bbox 387 518 650 588; x_wconf 78' lang='grc' dir='ltr'><strong>εὐμαρῶς</strong></span> <span class='ocrx_word' id='word_1_7' title='bbox 699 520 887 591; x_wconf 87' lang='grc' dir='ltr'>γνοίη,</span> <span class='ocrx_word' id='word_1_8' title='bbox 951 522 1026 593; x_wconf 82' lang='grc' dir='ltr'>μὴ</span> <span class='ocrx_word' id='word_1_9' title='bbox 1086 525 1334 597; x_wconf 76' lang='grc' dir='ltr'>γλώττης</span> <span class='ocrx_word' id='word_1_10' title='bbox 1385 528 1714 583; x_wconf 77' lang='grc' dir='ltr'><strong>διδασκάλου</strong></span> <span class='ocrx_word' id='word_1_11' title='bbox 1775 524 1979 602; x_wconf 80' lang='grc' dir='ltr'>τῦχὼν,</span> <span class='ocrx_word' id='word_1_12' title='bbox 2013 543 2055 597; x_wconf 76' lang='grc' dir='ltr'><strong>Α</strong></span> 
     </span>
    </p>
   </div>
   <div class='ocr_carea' id='block_1_5' title="bbox 2094 518 3677 602">
    <p class='ocr_par' dir='ltr' id='par_1_5' title="bbox 2094 526 3677 600">
     <span class='ocr_line' id='line_1_5' title="bbox 2094 526 3677 600; baseline -0.002 -14"><span class='ocrx_word' id='word_1_13' title='bbox 2094 542 2141 586; x_wconf 82' lang='lat' dir='ltr'><strong>et</strong></span> <span class='ocrx_word' id='word_1_14' title='bbox 2163 531 2413 600; x_wconf 65' lang='lat' dir='ltr'><strong>qumdam</strong></span> <span class='ocrx_word' id='word_1_15' title='bbox 2439 529 2538 583; x_wconf 86' lang='lat' dir='ltr'><strong>alia</strong></span> <span class='ocrx_word' id='word_1_16' title='bbox 2560 529 2779 584; x_wconf 85' lang='lat' dir='ltr'><strong>nomina</strong></span> <span class='ocrx_word' id='word_1_17' title='bbox 2806 528 2874 584; x_wconf 90' lang='lat' dir='ltr'><strong>iis</strong></span> <span class='ocrx_word' id='word_1_18' title='bbox 2899 527 2988 599; x_wconf 87' lang='lat' dir='ltr'><strong>qui</strong></span> <span class='ocrx_word' id='word_1_19' title='bbox 3012 528 3063 582; x_wconf 91' lang='lat' dir='ltr'><strong>in</strong></span> <span class='ocrx_word' id='word_1_20' title='bbox 3086 526 3324 600; x_wconf 78' lang='lat' dir='ltr'><strong>singulis.</strong></span> <span class='ocrx_word' id='word_1_21' title='bbox 3346 526 3508 584; x_wconf 80' lang='lat' dir='ltr'><strong>rebus</strong></span> <span class='ocrx_word' id='word_1_22' title='bbox 3535 527 3677 598; x_wconf 83' lang='lat' dir='ltr'><strong>poli-</strong></span> 
     </span>
    </p>
   </div>
   <div class='ocr_carea' id='block_1_6' title="bbox 385 612 1984 695">
    <p class='ocr_par' dir='ltr' id='par_1_6' title="bbox 385 612 1984 695">
     <span class='ocr_line' id='line_1_6' title="bbox 385 612 1984 695; baseline 0.009 -31"><span class='ocrx_word' id='word_1_23' title='bbox 385 612 531 665; x_wconf 73' lang='grc' dir='ltr'>οὕτω</span> <span class='ocrx_word' id='word_1_24' title='bbox 575 614 639 684; x_wconf 79' lang='grc' dir='ltr'>δὴ</span> <span class='ocrx_word' id='word_1_25' title='bbox 694 615 790 667; x_wconf 79' lang='grc' dir='ltr'><strong>καὶ</strong></span> <span class='ocrx_word' id='word_1_26' title='bbox 840 618 993 688; x_wconf 74' lang='grc' dir='ltr'>παρὰ</span> <span class='ocrx_word' id='word_1_27' title='bbox 1050 622 1163 683; x_wconf 82' lang='grc' dir='ltr'>τοῖς</span> <span class='ocrx_word' id='word_1_28' title='bbox 1204 621 1262 673; x_wconf 88' lang='grc' dir='ltr'><strong>ἐν</strong></span> <span class='ocrx_word' id='word_1_29' title='bbox 1315 623 1620 688; x_wconf 76' lang='grc' dir='ltr'><strong>πολιτείαις</strong></span> <span class='ocrx_word' id='word_1_30' title='bbox 1670 625 1984 695; x_wconf 78' lang='grc' dir='ltr'><strong>ζητήμασιν</strong></span> 
     </span>
    </p>
   </div>
   <div class='ocr_carea' id='block_1_7' title="bbox 388 708 1985 790">
    <p class='ocr_par' dir='ltr' id='par_1_7' title="bbox 388 708 1985 790">
     <span class='ocr_line' id='line_1_7' title="bbox 388 708 1985 790; baseline 0.008 -31"><span class='ocrx_word' id='word_1_31' title='bbox 388 708 617 778; x_wconf 80' lang='grc' dir='ltr'>ἐξούλης</span> <span class='ocrx_word' id='word_1_32' title='bbox 650 710 745 763; x_wconf 70' lang='grc' dir='ltr'>καὶ</span> <span class='ocrx_word' id='word_1_33' title='bbox 798 711 1098 777; x_wconf 75' lang='grc' dir='ltr'>ἐπωδελία,</span> <span class='ocrx_word' id='word_1_34' title='bbox 1134 715 1229 769; x_wconf 77' lang='grc' dir='ltr'>καὶ</span> <span class='ocrx_word' id='word_1_35' title='bbox 1257 715 1373 770; x_wconf 78' lang='grc' dir='ltr'>ἄλλ’</span> <span class='ocrx_word' id='word_1_36' title='bbox 1416 717 1553 772; x_wconf 80' lang='grc' dir='ltr'>ἄττα</span> <span class='ocrx_word' id='word_1_37' title='bbox 1584 719 1828 790; x_wconf 75' lang='grc' dir='ltr'>ὀνόματα</span> <span class='ocrx_word' id='word_1_38' title='bbox 1870 721 1985 781; x_wconf 90' lang='grc' dir='ltr'>τοῖς</span> 
     </span>
    </p>
   </div>
   <div class='ocr_carea' id='block_1_8' title="bbox 390 800 1636 881">
    <p class='ocr_par' dir='ltr' id='par_1_8' title="bbox 390 800 1636 881">
     <span class='ocr_line' id='line_1_8' title="bbox 390 800 1636 881; baseline 0.012 -31"><span class='ocrx_word' id='word_1_39' title='bbox 390 800 523 869; x_wconf 83' lang='grc' dir='ltr'>παρ’</span> <span class='ocrx_word' id='word_1_40' title='bbox 556 801 820 865; x_wconf 77' lang='grc' dir='ltr'><strong>ἑκάσταις</strong></span> <span class='ocrx_word' id='word_1_41' title='bbox 854 803 965 856; x_wconf 86' lang='grc' dir='ltr'><strong>τῶν</strong></span> <span class='ocrx_word' id='word_1_42' title='bbox 1000 804 1291 861; x_wconf 79' lang='grc' dir='ltr'><strong>πολιτειῶν</strong></span> <span class='ocrx_word' id='word_1_43' title='bbox 1321 808 1636 881; x_wconf 80' lang='grc' dir='ltr'>γνώρισμα.</span> 
     </span>
    </p>
   </div>
   <div class='ocr_carea' id='block_1_9' title="bbox 463 890 1984 974">
    <p class='ocr_par' dir='ltr' id='par_1_9' title="bbox 463 890 1984 974">
     <span class='ocr_line' id='line_1_9' title="bbox 463 890 1984 974; baseline 0.008 -29"><span class='ocrx_word' id='word_1_44' title='bbox 463 890 528 960; x_wconf 78' lang='grc' dir='ltr'><strong>β’.</strong></span> <span class='ocrx_word' id='word_1_45' title='bbox 549 892 986 965; x_wconf 75' lang='grc' dir='ltr'>Πειριλοτίμηται</span> <span class='ocrx_word' id='word_1_46' title='bbox 1013 896 1121 968; x_wconf 81' lang='grc' dir='ltr'>γὰρ</span> <span class='ocrx_word' id='word_1_47' title='bbox 1146 898 1241 952; x_wconf 88' lang='grc' dir='ltr'><strong>νῦν</strong></span> <span class='ocrx_word' id='word_1_48' title='bbox 1268 901 1400 970; x_wconf 87' lang='grc' dir='ltr'>ήμῖν</span> <span class='ocrx_word' id='word_1_49' title='bbox 1419 900 1493 971; x_wconf 82' lang='grc' dir='ltr'>μὴ</span> <span class='ocrx_word' id='word_1_50' title='bbox 1512 901 1611 972; x_wconf 82' lang='grc' dir='ltr'>τὴν</span> <span class='ocrx_word' id='word_1_51' title='bbox 1624 902 1984 974; x_wconf 71' lang='grc' dir='ltr'>δικογραφίαν</span> 
     </span>
    </p>
   </div>
   <div class='ocr_carea' id='block_1_10' title="bbox 394 986 1984 1067">
    <p class='ocr_par' dir='ltr' id='par_1_10' title="bbox 394 986 1984 1067">
     <span class='ocr_line' id='line_1_10' title="bbox 394 986 1984 1067; baseline 0.009 -31"><span class='ocrx_word' id='word_1_52' title='bbox 394 986 564 1055; x_wconf 69' lang='grc' dir='ltr'>μόνην</span> <span class='ocrx_word' id='word_1_53' title='bbox 594 986 955 1054; x_wconf 82' lang='grc' dir='ltr'>ἐνδείξασθαι,</span> <span class='ocrx_word' id='word_1_54' title='bbox 990 990 1128 1044; x_wconf 78' lang='grc' dir='ltr'>ἀλλὰ</span> <span class='ocrx_word' id='word_1_55' title='bbox 1160 994 1256 1045; x_wconf 62' lang='grc' dir='ltr'><strong>καὶ⁴</strong></span> <span class='ocrx_word' id='word_1_56' title='bbox 1290 994 1344 1047; x_wconf 68' lang='lat' dir='ltr'><strong>ei</strong></span> <span class='ocrx_word' id='word_1_57' title='bbox 1368 1011 1421 1047; x_wconf 88' lang='grc' dir='ltr'><strong>τι</strong></span> <span class='ocrx_word' id='word_1_58' title='bbox 1464 994 1594 1049; x_wconf 82' lang='grc' dir='ltr'>ἄλλο</span> <span class='ocrx_word' id='word_1_59' title='bbox 1623 996 1795 1064; x_wconf 79' lang='grc' dir='ltr'>ὄνομα</span> <span class='ocrx_word' id='word_1_60' title='bbox 1830 997 1984 1067; x_wconf 82' lang='grc' dir='ltr'>παρᾶ</span> 
     </span>
    </p>
   </div>
   <div class='ocr_carea' id='block_1_11' title="bbox 391 1082 1986 1161">
    <p class='ocr_par' dir='ltr' id='par_1_11' title="bbox 391 1082 1986 1161">
     <span class='ocr_line' id='line_1_11' title="bbox 391 1082 1986 1161; baseline 0.008 -29"><span class='ocrx_word' id='word_1_61' title='bbox 391 1084 503 1141; x_wconf 80' lang='grc' dir='ltr'>τοῖς</span> <span class='ocrx_word' id='word_1_62' title='bbox 556 1082 826 1145; x_wconf 80' lang='grc' dir='ltr'><strong>Ἀττικοῖς</strong></span> <span class='ocrx_word' id='word_1_63' title='bbox 877 1083 1107 1155; x_wconf 76' lang='grc' dir='ltr'>σύνηθες</span> <span class='ocrx_word' id='word_1_64' title='bbox 1141 1082 1233 1158; x_wconf 78' lang='grc' dir='ltr'>ἦν,</span> <span class='ocrx_word' id='word_1_65' title='bbox 1274 1083 1387 1141; x_wconf 76' lang='grc' dir='ltr'>οἷον</span> <span class='ocrx_word' id='word_1_66' title='bbox 1433 1088 1505 1143; x_wconf 79' lang='grc' dir='ltr'>τὰ</span> <span class='ocrx_word' id='word_1_67' title='bbox 1542 1090 1851 1161; x_wconf 79' lang='grc' dir='ltr'>άπατούρια</span> <span class='ocrx_word' id='word_1_68' title='bbox 1891 1091 1986 1144; x_wconf 79' lang='grc' dir='ltr'>καὶ</span> 
     </span>
    </p>
   </div>
   <div class='ocr_carea' id='block_1_12' title="bbox 390 1174 1985 1250">
    <p class='ocr_par' dir='ltr' id='par_1_12' title="bbox 390 1174 1985 1250">
     <span class='ocr_line' id='line_1_12' title="bbox 390 1174 1985 1250; baseline 0.009 -28"><span class='ocrx_word' id='word_1_69' title='bbox 390 1176 461 1223; x_wconf 81' lang='grc' dir='ltr'><strong>τα</strong></span> <span class='ocrx_word' id='word_1_70' title='bbox 510 1174 878 1245; x_wconf 77' lang='grc' dir='ltr'>ἀμφιδρόμια,</span> <span class='ocrx_word' id='word_1_71' title='bbox 931 1180 1025 1230; x_wconf 80' lang='grc' dir='ltr'>καὶ</span> <span class='ocrx_word' id='word_1_72' title='bbox 1054 1181 1103 1232; x_wconf 76' lang='grc' dir='ltr'>οι</span> <span class='ocrx_word' id='word_1_73' title='bbox 1145 1180 1518 1250; x_wconf 75' lang='grc' dir='ltr'>τετραδισταὶ,</span> <span class='ocrx_word' id='word_1_74' title='bbox 1551 1186 1648 1236; x_wconf 81' lang='grc' dir='ltr'>καὶ</span> <span class='ocrx_word' id='word_1_75' title='bbox 1694 1183 1759 1236; x_wconf 84' lang='grc' dir='ltr'>τὸ</span> <span class='ocrx_word' id='word_1_76' title='bbox 1798 1184 1985 1237; x_wconf 85' lang='grc' dir='ltr'>ἐπιτε-</span> 
     </span>
    </p>
   </div>
   <div class='ocr_carea' id='block_1_13' title="bbox 390 1264 1985 1346">
    <p class='ocr_par' dir='ltr' id='par_1_13' title="bbox 390 1264 1985 1346">
     <span class='ocr_line' id='line_1_13' title="bbox 390 1264 1985 1346; baseline 0.009 -31"><span class='ocrx_word' id='word_1_77' title='bbox 390 1264 626 1335; x_wconf 81' lang='grc' dir='ltr'>λεὶωμα,</span> <span class='ocrx_word' id='word_1_78' title='bbox 655 1268 750 1320; x_wconf 80' lang='grc' dir='ltr'>καὶ</span> <span class='ocrx_word' id='word_1_79' title='bbox 781 1268 810 1320; x_wconf 98' lang='lat'><strong>6</strong></span> <span class='ocrx_word' id='word_1_80' title='bbox 844 1270 1330 1341; x_wconf 76' lang='grc' dir='ltr'><strong>ἀπεψηφισμένος,</strong></span> <span class='ocrx_word' id='word_1_81' title='bbox 1361 1276 1430 1330; x_wconf 91' lang='grc' dir='ltr'><strong>τά</strong></span> <span class='ocrx_word' id='word_1_82' title='bbox 1471 1292 1531 1328; x_wconf 88' lang='grc' dir='ltr'><strong>τε</strong></span> <span class='ocrx_word' id='word_1_83' title='bbox 1564 1275 1857 1346; x_wconf 79' lang='grc' dir='ltr'>ὑποφόνια,</span> <span class='ocrx_word' id='word_1_84' title='bbox 1890 1278 1985 1331; x_wconf 72' lang='grc' dir='ltr'>καὶ</span> 
     </span>
    </p>
   </div>
   <div class='ocr_carea' id='block_1_14' title="bbox 390 1358 1985 1439">
    <p class='ocr_par' dir='ltr' id='par_1_14' title="bbox 390 1358 1985 1439">
     <span class='ocr_line' id='line_1_14' title="bbox 390 1358 1985 1439; baseline 0.008 -29"><span class='ocrx_word' id='word_1_85' title='bbox 390 1358 462 1410; x_wconf 83' lang='grc' dir='ltr'>τὰ</span> <span class='ocrx_word' id='word_1_86' title='bbox 495 1359 854 1431; x_wconf 54' lang='grc' dir='ltr'>ἀωρολῆψια,</span> <span class='ocrx_word' id='word_1_87' title='bbox 901 1366 997 1417; x_wconf 87' lang='grc' dir='ltr'>καὶ</span> <span class='ocrx_word' id='word_1_88' title='bbox 1041 1365 1070 1417; x_wconf 92' lang='lat'><strong>6</strong></span> <span class='ocrx_word' id='word_1_89' title='bbox 1118 1366 1302 1435; x_wconf 83' lang='grc' dir='ltr'>Πάγος</span> <span class='ocrx_word' id='word_1_90' title='bbox 1339 1371 1369 1422; x_wconf 92' lang='lat'><strong>6</strong></span> <span class='ocrx_word' id='word_1_91' title='bbox 1401 1370 1643 1439; x_wconf 78' lang='grc' dir='ltr'>Ἀρειος,</span> <span class='ocrx_word' id='word_1_92' title='bbox 1701 1370 1797 1425; x_wconf 80' lang='grc' dir='ltr'>καὶ</span> <span class='ocrx_word' id='word_1_93' title='bbox 1841 1370 1985 1435; x_wconf 83' lang='grc' dir='ltr'>τινες</span> 
     </span>
    </p>
   </div>
   <div class='ocr_carea' id='block_1_15' title="bbox 394 1451 1985 1532">
    <p class='ocr_par' dir='ltr' id='par_1_15' title="bbox 394 1451 1985 1532">
     <span class='ocr_line' id='line_1_15' title="bbox 394 1451 1985 1532; baseline 0.009 -30"><span class='ocrx_word' id='word_1_94' title='bbox 394 1451 496 1518; x_wconf 83' lang='grc' dir='ltr'>μὲν</span> <span class='ocrx_word' id='word_1_95' title='bbox 528 1453 577 1504; x_wconf 87' lang='grc' dir='ltr'><strong>οί</strong></span> <span class='ocrx_word' id='word_1_96' title='bbox 623 1453 840 1520; x_wconf 74' lang='grc' dir='ltr'>ἕνδεκα,</span> <span class='ocrx_word' id='word_1_97' title='bbox 867 1455 1013 1521; x_wconf 81' lang='grc' dir='ltr'>τίνες</span> <span class='ocrx_word' id='word_1_98' title='bbox 1043 1458 1101 1511; x_wconf 87' lang='grc' dir='ltr'>δὲ</span> <span class='ocrx_word' id='word_1_99' title='bbox 1142 1460 1191 1512; x_wconf 81' lang='grc' dir='ltr'>οἰ</span> <span class='ocrx_word' id='word_1_100' title='bbox 1234 1460 1540 1532; x_wconf 84' lang='grc' dir='ltr'>ἐπώνυμοι,</span> <span class='ocrx_word' id='word_1_101' title='bbox 1572 1464 1669 1517; x_wconf 74' lang='grc' dir='ltr'>καὶ</span> <span class='ocrx_word' id='word_1_102' title='bbox 1717 1465 1819 1518; x_wconf 82' lang='grc' dir='ltr'>ὅσα</span> <span class='ocrx_word' id='word_1_103' title='bbox 1850 1463 1985 1518; x_wconf 78' lang='grc' dir='ltr'>ἄλλα</span> 
     </span>
    </p>
   </div>
   <div class='ocr_carea' id='block_1_16' title="bbox 390 1546 1985 1629">
    <p class='ocr_par' dir='ltr' id='par_1_16' title="bbox 390 1546 1985 1629">
     <span class='ocr_line' id='line_1_16' title="bbox 390 1546 1985 1629; baseline 0.01 -34"><span class='ocrx_word' id='word_1_104' title='bbox 390 1546 492 1612; x_wconf 78' lang='grc' dir='ltr'>τῆς</span> <span class='ocrx_word' id='word_1_105' title='bbox 522 1547 785 1618; x_wconf 81' lang='grc' dir='ltr'><strong>τοιαύτης</strong></span> <span class='ocrx_word' id='word_1_106' title='bbox 809 1549 1025 1617; x_wconf 79' lang='grc' dir='ltr'>πέφυκε</span> <span class='ocrx_word' id='word_1_107' title='bbox 1056 1552 1286 1617; x_wconf 81' lang='grc' dir='ltr'>τάξεως.</span> <span class='ocrx_word' id='word_1_108' title='bbox 1326 1554 1491 1609; x_wconf 73' lang='grc' dir='ltr'>Ἀλλά</span> <span class='ocrx_word' id='word_1_109' title='bbox 1518 1556 1735 1628; x_wconf 85' lang='grc' dir='ltr'>πρῶτόν</span> <span class='ocrx_word' id='word_1_110' title='bbox 1768 1575 1831 1627; x_wconf 86' lang='grc' dir='ltr'><strong>γε</strong></span> <span class='ocrx_word' id='word_1_111' title='bbox 1857 1558 1985 1629; x_wconf 69' lang='grc' dir='ltr'>περὶ</span> 
     </span>
    </p>
   </div>
   <div class='ocr_carea' id='block_1_17' title="bbox 390 1635 1366 1715">
    <p class='ocr_par' dir='ltr' id='par_1_17' title="bbox 390 1635 1366 1715">
     <span class='ocr_line' id='line_1_17' title="bbox 390 1635 1366 1715; baseline 0.013 -27"><span class='ocrx_word' id='word_1_112' title='bbox 390 1635 502 1689; x_wconf 86' lang='grc' dir='ltr'><strong>τῶν</strong></span> <span class='ocrx_word' id='word_1_113' title='bbox 530 1638 698 1693; x_wconf 82' lang='grc' dir='ltr'>δικῶν</span> <span class='ocrx_word' id='word_1_114' title='bbox 727 1640 820 1694; x_wconf 78' lang='grc' dir='ltr'><strong>τὸν</strong></span> <span class='ocrx_word' id='word_1_115' title='bbox 848 1641 1005 1710; x_wconf 86' lang='grc' dir='ltr'>λόγον</span> <span class='ocrx_word' id='word_1_116' title='bbox 1043 1646 1366 1715; x_wconf 82' lang='grc' dir='ltr'>ποιήσομαι.</span> 
     </span>
    </p>
   </div>
   <div class='ocr_carea' id='block_1_18' title="bbox 463 1730 1984 1812">
    <p class='ocr_par' dir='ltr' id='par_1_18' title="bbox 463 1730 1984 1812">
     <span class='ocr_line' id='line_1_18' title="bbox 463 1730 1984 1812; baseline 0.009 -28"><span class='ocrx_word' id='word_1_117' title='bbox 463 1730 534 1798; x_wconf 86' lang='grc' dir='ltr'><strong>γ’.</strong></span> <span class='ocrx_word' id='word_1_118' title='bbox 562 1731 635 1784; x_wconf 88' lang='grc' dir='ltr'>Τὸ</span> <span class='ocrx_word' id='word_1_119' title='bbox 662 1733 719 1786; x_wconf 81' lang='grc' dir='ltr'>δὲ</span> <span class='ocrx_word' id='word_1_120' title='bbox 756 1733 860 1803; x_wconf 85' lang='grc' dir='ltr'><strong>τῆς</strong></span> <span class='ocrx_word' id='word_1_121' title='bbox 900 1735 1057 1805; x_wconf 69' lang='grc' dir='ltr'>δίνης</span> <span class='ocrx_word' id='word_1_122' title='bbox 1077 1736 1250 1807; x_wconf 78' lang='grc' dir='ltr'>ὖνομά</span> <span class='ocrx_word' id='word_1_123' title='bbox 1284 1739 1401 1793; x_wconf 82' lang='grc' dir='ltr'>ἐστι</span> <span class='ocrx_word' id='word_1_124' title='bbox 1446 1741 1546 1811; x_wconf 87' lang='grc' dir='ltr'>μὲν</span> <span class='ocrx_word' id='word_1_125' title='bbox 1569 1742 1662 1796; x_wconf 75' lang='grc' dir='ltr'>καὶ</span> <span class='ocrx_word' id='word_1_126' title='bbox 1686 1737 1799 1797; x_wconf 74' lang='grc' dir='ltr'>οἷον</span> <span class='ocrx_word' id='word_1_127' title='bbox 1826 1744 1984 1812; x_wconf 83' lang='grc' dir='ltr'>γένος</span> 
     </span>
    </p>
   </div>
   <div class='ocr_carea' id='block_1_19' title="bbox 394 1824 1980 1905">
    <p class='ocr_par' dir='ltr' id='par_1_19' title="bbox 394 1824 1980 1905">
     <span class='ocr_line' id='line_1_19' title="bbox 394 1824 1980 1905; baseline 0.011 -32"><span class='ocrx_word' id='word_1_128' title='bbox 394 1824 537 1876; x_wconf 73' lang='grc' dir='ltr'>κατὰ</span> <span class='ocrx_word' id='word_1_129' title='bbox 576 1826 769 1879; x_wconf 81' lang='grc' dir='ltr'><strong>πασῶν</strong></span> <span class='ocrx_word' id='word_1_130' title='bbox 801 1828 1040 1895; x_wconf 82' lang='grc' dir='ltr'>ἀγωγῶν</span> <span class='ocrx_word' id='word_1_131' title='bbox 1077 1830 1276 1901; x_wconf 79' lang='grc' dir='ltr'><strong>ἐπίσης</strong></span> <span class='ocrx_word' id='word_1_132' title='bbox 1329 1834 1831 1905; x_wconf 80' lang='grc' dir='ltr'>κατηγορούμενον,</span> <span class='ocrx_word' id='word_1_133' title='bbox 1867 1836 1980 1890; x_wconf 84' lang='grc' dir='ltr'>ἔστι</span> 
     </span>
    </p>
   </div>
   <div class='ocr_carea' id='block_1_20' title="bbox 390 1908 2059 2000">
    <p class='ocr_par' dir='ltr' id='par_1_20' title="bbox 390 1908 2059 2000">
     <span class='ocr_line' id='line_1_20' title="bbox 390 1908 2059 2000; baseline 0.01 -32"><span class='ocrx_word' id='word_1_134' title='bbox 390 1917 447 1969; x_wconf 79' lang='grc' dir='ltr'>δὲ</span> <span class='ocrx_word' id='word_1_135' title='bbox 500 1919 594 1971; x_wconf 79' lang='grc' dir='ltr'>καὶ</span> <span class='ocrx_word' id='word_1_136' title='bbox 646 1920 815 1973; x_wconf 85' lang='grc' dir='ltr'>ίδικὸν</span> <span class='ocrx_word' id='word_1_137' title='bbox 880 1922 1194 1987; x_wconf 81' lang='grc' dir='ltr'>ὑποθέσεως</span> <span class='ocrx_word' id='word_1_138' title='bbox 1246 1924 1436 1997; x_wconf 77' lang='grc' dir='ltr'>ὄνομα.</span> <span class='ocrx_word' id='word_1_139' title='bbox 1495 1927 1653 1981; x_wconf 79' lang='grc' dir='ltr'>Ἐπεὶ</span> <span class='ocrx_word' id='word_1_140' title='bbox 1710 1930 1820 2000; x_wconf 76' lang='grc' dir='ltr'><strong>γὰρ</strong></span> <span class='ocrx_word' id='word_1_141' title='bbox 1873 1930 1985 1983; x_wconf 90' lang='grc' dir='ltr'><strong>τῶν</strong></span> <span class='ocrx_word' id='word_1_142' title='bbox 2021 1908 2059 1962; x_wconf 74' lang='grc' dir='ltr'><strong>Β</strong></span> 
     </span>
    </p>
   </div>
   <div class='ocr_carea' id='block_1_21' title="bbox 392 2013 1985 2091">
    <p class='ocr_par' dir='ltr' id='par_1_21' title="bbox 392 2013 1985 2091">
     <span class='ocr_line' id='line_1_21' title="bbox 392 2013 1985 2091; baseline 0.008 -27"><span class='ocrx_word' id='word_1_143' title='bbox 392 2013 756 2082; x_wconf 80' lang='grc' dir='ltr'>ἀδικημάτων</span> <span class='ocrx_word' id='word_1_144' title='bbox 790 2015 1027 2071; x_wconf 78' lang='grc' dir='ltr'>ἕκαστον</span> <span class='ocrx_word' id='word_1_145' title='bbox 1068 2019 1100 2089; x_wconf 79' lang='grc' dir='ltr'><strong>ἢ</strong></span> <span class='ocrx_word' id='word_1_146' title='bbox 1130 2019 1391 2089; x_wconf 81' lang='grc' dir='ltr'>δημόσιον</span> <span class='ocrx_word' id='word_1_147' title='bbox 1437 2020 1471 2091; x_wconf 79' lang='grc' dir='ltr'><strong>ἢ</strong></span> <span class='ocrx_word' id='word_1_148' title='bbox 1508 2022 1777 2077; x_wconf 77' lang='grc' dir='ltr'>ἰδιωτικὸν</span> <span class='ocrx_word' id='word_1_149' title='bbox 1812 2024 1985 2091; x_wconf 86' lang='grc' dir='ltr'>πέφυ-</span> 
     </span>
    </p>
   </div>
   <div class='ocr_carea' id='block_1_22' title="bbox 394 2107 1986 2187">
    <p class='ocr_par' dir='ltr' id='par_1_22' title="bbox 394 2107 1986 2187">
     <span class='ocr_line' id='line_1_22' title="bbox 394 2107 1986 2187; baseline 0.008 -30"><span class='ocrx_word' id='word_1_150' title='bbox 394 2123 511 2169; x_wconf 85' lang='grc' dir='ltr'>κεν,</span> <span class='ocrx_word' id='word_1_151' title='bbox 555 2108 586 2175; x_wconf 84' lang='grc' dir='ltr'><strong>ὴ</strong></span> <span class='ocrx_word' id='word_1_152' title='bbox 619 2107 752 2175; x_wconf 75' lang='grc' dir='ltr'>περὶ</span> <span class='ocrx_word' id='word_1_153' title='bbox 784 2108 896 2160; x_wconf 85' lang='grc' dir='ltr'><strong>τῶν</strong></span> <span class='ocrx_word' id='word_1_154' title='bbox 927 2109 1214 2165; x_wconf 77' lang='grc' dir='ltr'>ἰδιωτικῶν</span> <span class='ocrx_word' id='word_1_155' title='bbox 1246 2111 1509 2183; x_wconf 74' lang='grc' dir='ltr'>ἕγκλησις</span> <span class='ocrx_word' id='word_1_156' title='bbox 1539 2112 1661 2185; x_wconf 84' lang='grc' dir='ltr'>δίκη</span> <span class='ocrx_word' id='word_1_157' title='bbox 1697 2115 1851 2187; x_wconf 75' lang='grc' dir='ltr'>παρὰ</span> <span class='ocrx_word' id='word_1_158' title='bbox 1872 2118 1986 2179; x_wconf 90' lang='grc' dir='ltr'>τοῖς</span> 
     </span>
    </p>
   </div>
   <div class='ocr_carea' id='block_1_23' title="bbox 408 2197 1986 2278">
    <p class='ocr_par' dir='ltr' id='par_1_23' title="bbox 408 2197 1986 2278">
     <span class='ocr_line' id='line_1_23' title="bbox 408 2197 1986 2278; baseline 0.009 -29"><span class='ocrx_word' id='word_1_159' title='bbox 408 2197 681 2262; x_wconf 78' lang='grc' dir='ltr'>Ἀττικοῖς</span> <span class='ocrx_word' id='word_1_160' title='bbox 713 2200 956 2268; x_wconf 83' lang='grc' dir='ltr'>λέγεται,</span> <span class='ocrx_word' id='word_1_161' title='bbox 992 2204 1086 2257; x_wconf 85' lang='grc' dir='ltr'>καὶ</span> <span class='ocrx_word' id='word_1_162' title='bbox 1116 2204 1177 2257; x_wconf 82' lang='grc' dir='ltr'><strong>τδ</strong></span> <span class='ocrx_word' id='word_1_163' title='bbox 1210 2205 1431 2275; x_wconf 84' lang='grc' dir='ltr'>τίμημα</span> <span class='ocrx_word' id='word_1_164' title='bbox 1465 2207 1673 2277; x_wconf 80' lang='grc' dir='ltr'>ταύτης</span> <span class='ocrx_word' id='word_1_165' title='bbox 1710 2209 1986 2278; x_wconf 78' lang='grc' dir='ltr'>ὁρίζονται</span> 
     </span>
    </p>
   </div>
   <div class='ocr_carea' id='block_1_24' title="bbox 392 2292 1986 2372">
    <p class='ocr_par' dir='ltr' id='par_1_24' title="bbox 392 2292 1986 2372">
     <span class='ocr_line' id='line_1_24' title="bbox 392 2292 1986 2372; baseline 0.007 -28"><span class='ocrx_word' id='word_1_166' title='bbox 392 2294 442 2344; x_wconf 70' lang='grc' dir='ltr'>οἱ</span> <span class='ocrx_word' id='word_1_167' title='bbox 472 2292 788 2357; x_wconf 78' lang='grc' dir='ltr'>δικάζοντες</span> <span class='ocrx_word' id='word_1_168' title='bbox 811 2313 826 2327; x_wconf 77' lang='grc' dir='ltr'><strong><em>ο</em></strong></span> <span class='ocrx_word' id='word_1_169' title='bbox 860 2296 921 2349; x_wconf 79' lang='grc' dir='ltr'>οὐ</span> <span class='ocrx_word' id='word_1_170' title='bbox 954 2296 1065 2366; x_wconf 85' lang='grc' dir='ltr'><strong>γάρ</strong></span> <span class='ocrx_word' id='word_1_171' title='bbox 1111 2297 1465 2369; x_wconf 72' lang='grc' dir='ltr'>ἀνάγραπτον</span> <span class='ocrx_word' id='word_1_172' title='bbox 1501 2300 1620 2354; x_wconf 84' lang='grc' dir='ltr'>ἐστι</span> <span class='ocrx_word' id='word_1_173' title='bbox 1671 2302 1730 2355; x_wconf 83' lang='grc' dir='ltr'>τὸ</span> <span class='ocrx_word' id='word_1_174' title='bbox 1764 2301 1986 2372; x_wconf 78' lang='grc' dir='ltr'>μέτρον,</span> 
     </span>
    </p>
   </div>
   <div class='ocr_carea' id='block_1_25' title="bbox 394 2384 1990 2465">
    <p class='ocr_par' dir='ltr' id='par_1_25' title="bbox 394 2384 1990 2465">
     <span class='ocr_line' id='line_1_25' title="bbox 394 2384 1990 2465; baseline 0.009 -31"><span class='ocrx_word' id='word_1_175' title='bbox 394 2384 513 2436; x_wconf 77' lang='grc' dir='ltr'>ἀλλ’</span> <span class='ocrx_word' id='word_1_176' title='bbox 545 2388 594 2439; x_wconf 87' lang='grc' dir='ltr'><strong>οί</strong></span> <span class='ocrx_word' id='word_1_177' title='bbox 622 2387 940 2454; x_wconf 83' lang='grc' dir='ltr'>διαιτῶντες</span> <span class='ocrx_word' id='word_1_178' title='bbox 976 2390 1114 2461; x_wconf 80' lang='grc' dir='ltr'>πρὸς</span> <span class='ocrx_word' id='word_1_179' title='bbox 1155 2390 1220 2445; x_wconf 83' lang='grc' dir='ltr'>τὸ</span> <span class='ocrx_word' id='word_1_180' title='bbox 1256 2393 1469 2446; x_wconf 79' lang='grc' dir='ltr'>ἑαυτῶν</span> <span class='ocrx_word' id='word_1_181' title='bbox 1504 2392 1755 2465; x_wconf 80' lang='grc' dir='ltr'>βούλημα</span> <span class='ocrx_word' id='word_1_182' title='bbox 1785 2396 1882 2459; x_wconf 75' lang='grc' dir='ltr'><strong>τὰς</strong></span> <span class='ocrx_word' id='word_1_183' title='bbox 1908 2413 1990 2449; x_wconf 82' lang='grc' dir='ltr'>τι·</span> 
     </span>
    </p>
   </div>
   <div class='ocr_carea' id='block_1_26' title="bbox 400 2478 1990 2561">
    <p class='ocr_par' dir='ltr' id='par_1_26' title="bbox 400 2478 1990 2561">
     <span class='ocr_line' id='line_1_26' title="bbox 400 2478 1990 2561; baseline 0.01 -34"><span class='ocrx_word' id='word_1_184' title='bbox 400 2478 596 2545; x_wconf 82' lang='grc' dir='ltr'>μήσεις</span> <span class='ocrx_word' id='word_1_185' title='bbox 626 2479 657 2549; x_wconf 80' lang='grc' dir='ltr'>ἦ</span> <span class='ocrx_word' id='word_1_186' title='bbox 693 2480 1021 2551; x_wconf 81' lang='grc' dir='ltr'>ὑφαιροῦσιν</span> <span class='ocrx_word' id='word_1_187' title='bbox 1054 2483 1085 2552; x_wconf 83' lang='grc' dir='ltr'>ἢ</span> <span class='ocrx_word' id='word_1_188' title='bbox 1134 2484 1549 2554; x_wconf 80' lang='grc' dir='ltr'>προστιθέασιν.</span> <span class='ocrx_word' id='word_1_189' title='bbox 1584 2487 1665 2546; x_wconf 51' lang='grc' dir='ltr'>,Ἠ</span> <span class='ocrx_word' id='word_1_190' title='bbox 1712 2489 1766 2542; x_wconf 78' lang='grc' dir='ltr'>δὲ</span> <span class='ocrx_word' id='word_1_191' title='bbox 1801 2489 1990 2561; x_wconf 66' lang='grc' dir='ltr'>γραφὴ</span> 
     </span>
    </p>
   </div>
   <div class='ocr_carea' id='block_1_27' title="bbox 396 2570 1992 2653">
    <p class='ocr_par' dir='ltr' id='par_1_27' title="bbox 396 2570 1992 2653">
     <span class='ocr_line' id='line_1_27' title="bbox 396 2570 1992 2653; baseline 0.009 -33"><span class='ocrx_word' id='word_1_192' title='bbox 396 2570 599 2638; x_wconf 75' lang='grc' dir='ltr'>τρόπον</span> <span class='ocrx_word' id='word_1_193' title='bbox 626 2570 747 2625; x_wconf 83' lang='grc' dir='ltr'>τινὰ</span> <span class='ocrx_word' id='word_1_194' title='bbox 776 2576 913 2643; x_wconf 76' lang='grc' dir='ltr'>πρὸς</span> <span class='ocrx_word' id='word_1_195' title='bbox 940 2574 1038 2643; x_wconf 80' lang='grc' dir='ltr'>τὴν</span> <span class='ocrx_word' id='word_1_196' title='bbox 1061 2574 1218 2645; x_wconf 83' lang='grc' dir='ltr'>δίκην</span> <span class='ocrx_word' id='word_1_197' title='bbox 1246 2576 1704 2640; x_wconf 82' lang='grc' dir='ltr'>άντιδιέσταλται,</span> <span class='ocrx_word' id='word_1_198' title='bbox 1732 2581 1828 2633; x_wconf 75' lang='grc' dir='ltr'>καὶ</span> <span class='ocrx_word' id='word_1_199' title='bbox 1861 2582 1992 2653; x_wconf 72' lang='grc' dir='ltr'>περὶ</span> 
     </span>
    </p>
   </div>
   <div class='ocr_carea' id='block_1_28' title="bbox 398 2661 1994 2745">
    <p class='ocr_par' dir='ltr' id='par_1_28' title="bbox 398 2661 1994 2745">
     <span class='ocr_line' id='line_1_28' title="bbox 398 2661 1994 2745; baseline 0.009 -31"><span class='ocrx_word' id='word_1_200' title='bbox 398 2661 680 2731; x_wconf 81' lang='grc' dir='ltr'>δημοσίων</span> <span class='ocrx_word' id='word_1_201' title='bbox 740 2666 1100 2737; x_wconf 81' lang='grc' dir='ltr'>ἀδικημάτων</span> <span class='ocrx_word' id='word_1_202' title='bbox 1148 2672 1578 2739; x_wconf 76' lang='grc' dir='ltr'>κατηγορεῖται,</span> <span class='ocrx_word' id='word_1_203' title='bbox 1633 2668 1755 2726; x_wconf 74' lang='grc' dir='ltr'>οἷον</span> <span class='ocrx_word' id='word_1_204' title='bbox 1812 2692 1994 2745; x_wconf 86' lang='grc' dir='ltr'>παρα-</span> 
     </span>
    </p>
   </div>
   <div class='ocr_carea' id='block_1_29' title="bbox 402 2757 1995 2839">
    <p class='ocr_par' dir='ltr' id='par_1_29' title="bbox 402 2757 1995 2839">
     <span class='ocr_line' id='line_1_29' title="bbox 402 2757 1995 2839; baseline 0.01 -34"><span class='ocrx_word' id='word_1_205' title='bbox 402 2757 727 2825; x_wconf 72' lang='grc' dir='ltr'>πρεσϐείας,</span> <span class='ocrx_word' id='word_1_206' title='bbox 762 2759 1098 2830; x_wconf 74' lang='grc' dir='ltr'>ἱεροσυλίας,</span> <span class='ocrx_word' id='word_1_207' title='bbox 1133 2762 1229 2815; x_wconf 78' lang='grc' dir='ltr'>καὶ</span> <span class='ocrx_word' id='word_1_208' title='bbox 1259 2764 1314 2816; x_wconf 76' lang='grc' dir='ltr'><strong>εί</strong></span> <span class='ocrx_word' id='word_1_209' title='bbox 1337 2779 1391 2816; x_wconf 87' lang='grc' dir='ltr'><strong>τι</strong></span> <span class='ocrx_word' id='word_1_210' title='bbox 1421 2764 1550 2817; x_wconf 78' lang='grc' dir='ltr'>ἄλλο</span> <span class='ocrx_word' id='word_1_211' title='bbox 1581 2765 1719 2835; x_wconf 80' lang='grc' dir='ltr'>πρὸς</span> <span class='ocrx_word' id='word_1_212' title='bbox 1745 2768 1806 2820; x_wconf 75' lang='grc' dir='ltr'><strong>τὸ</strong></span> <span class='ocrx_word' id='word_1_213' title='bbox 1831 2767 1995 2839; x_wconf 80' lang='grc' dir='ltr'>δημό-</span> 
     </span>
    </p>
   </div>
   <div class='ocr_carea' id='block_1_30' title="bbox 405 2850 1994 2930">
    <p class='ocr_par' dir='ltr' id='par_1_30' title="bbox 405 2850 1994 2930">
     <span class='ocr_line' id='line_1_30' title="bbox 405 2850 1994 2930; baseline 0.011 -32"><span class='ocrx_word' id='word_1_214' title='bbox 405 2864 520 2899; x_wconf 75' lang='grc' dir='ltr'>σιον</span> <span class='ocrx_word' id='word_1_215' title='bbox 548 2850 649 2916; x_wconf 83' lang='grc' dir='ltr'>τὴν</span> <span class='ocrx_word' id='word_1_216' title='bbox 673 2851 955 2923; x_wconf 76' lang='grc' dir='ltr'>ἀναφορὰν</span> <span class='ocrx_word' id='word_1_217' title='bbox 985 2852 1199 2924; x_wconf 80' lang='grc' dir='ltr'>ἔλαχεν.</span> <span class='ocrx_word' id='word_1_218' title='bbox 1245 2855 1409 2910; x_wconf 74' lang='grc' dir='ltr'>Ἀλλά</span> <span class='ocrx_word' id='word_1_219' title='bbox 1444 2857 1539 2909; x_wconf 78' lang='grc' dir='ltr'>καὶ</span> <span class='ocrx_word' id='word_1_220' title='bbox 1571 2856 1603 2927; x_wconf 87' lang='grc' dir='ltr'>ή</span> <span class='ocrx_word' id='word_1_221' title='bbox 1642 2861 1782 2912; x_wconf 78' lang='grc' dir='ltr'>κατὰ</span> <span class='ocrx_word' id='word_1_222' title='bbox 1812 2862 1994 2930; x_wconf 85' lang='grc' dir='ltr'>νόμων</span> 
     </span>
    </p>
   </div>
   <div class='ocr_carea' id='block_1_31' title="bbox 403 2943 1996 3021">
    <p class='ocr_par' dir='ltr' id='par_1_31' title="bbox 403 2943 1996 3021">
     <span class='ocr_line' id='line_1_31' title="bbox 403 2943 1996 3021; baseline 0.009 -30"><span class='ocrx_word' id='word_1_223' title='bbox 403 2943 737 3012; x_wconf 78' lang='grc' dir='ltr'>εἰσαγομένη</span> <span class='ocrx_word' id='word_1_224' title='bbox 768 2947 883 2999; x_wconf 77' lang='grc' dir='ltr'>-καὶ</span> <span class='ocrx_word' id='word_1_225' title='bbox 927 2945 1303 3017; x_wconf 68' lang='grc' dir='ltr'>ψηφισμάτων</span> <span class='ocrx_word' id='word_1_226' title='bbox 1352 2946 1499 3019; x_wconf 85' lang='grc' dir='ltr'>δίκη,</span> <span class='ocrx_word' id='word_1_227' title='bbox 1556 2950 1743 3021; x_wconf 76' lang='grc' dir='ltr'>γραφὴ</span> <span class='ocrx_word' id='word_1_228' title='bbox 1792 2954 1996 3021; x_wconf 79' lang='grc' dir='ltr'>ὁμοίως</span> 
     </span>
    </p>
   </div>
   <div class='ocr_carea' id='block_1_32' title="bbox 404 3036 1994 3115">
    <p class='ocr_par' dir='ltr' id='par_1_32' title="bbox 404 3036 1994 3115">
     <span class='ocr_line' id='line_1_32' title="bbox 404 3036 1994 3115; baseline 0.008 -29"><span class='ocrx_word' id='word_1_229' title='bbox 404 3036 848 3106; x_wconf 66' lang='grc' dir='ltr'>κατωνῦμασται,</span> <span class='ocrx_word' id='word_1_230' title='bbox 871 3040 970 3108; x_wconf 81' lang='grc' dir='ltr'><strong>οὐχ</strong></span> <span class='ocrx_word' id='word_1_231' title='bbox 996 3039 1181 3104; x_wconf 77' lang='grc' dir='ltr'>ἁπλῶς</span> <span class='ocrx_word' id='word_1_232' title='bbox 1211 3040 1405 3107; x_wconf 81' lang='grc' dir='ltr'>οὕτως,</span> <span class='ocrx_word' id='word_1_233' title='bbox 1441 3042 1577 3096; x_wconf 76' lang='grc' dir='ltr'>ἀλλὰ</span> <span class='ocrx_word' id='word_1_234' title='bbox 1603 3042 1791 3115; x_wconf 67' lang='grc' dir='ltr'>γραφὴ</span> <span class='ocrx_word' id='word_1_235' title='bbox 1817 3059 1994 3114; x_wconf 82' lang='grc' dir='ltr'>παρα-</span> 
     </span>
    </p>
   </div>
   <div class='ocr_carea' id='block_1_33' title="bbox 404 3142 604 3193">
    <p class='ocr_par' dir='ltr' id='par_1_33' title="bbox 404 3142 604 3193">
     <span class='ocr_line' id='line_1_33' title="bbox 404 3142 604 3193; baseline 0.015 -17"><span class='ocrx_word' id='word_1_236' title='bbox 404 3142 461 3176; x_wconf 89' lang='grc' dir='ltr'><strong>νο</strong></span> <span class='ocrx_word' id='word_1_237' title='bbox 469 3143 604 3193; x_wconf 88' lang='grc' dir='ltr'>μων.</span> 
     </span>
    </p>
   </div>
   <div class='ocr_carea' id='block_1_34' title="bbox 2093 623 2873 680">
    <p class='ocr_par' dir='ltr' id='par_1_34' title="bbox 2093 623 2873 680">
     <span class='ocr_line' id='line_1_34' title="bbox 2093 623 2873 680; baseline -0.005 0"><span class='ocrx_word' id='word_1_238' title='bbox 2093 625 2215 680; x_wconf 87' lang='lat' dir='ltr'><strong>ticis</strong></span> <span class='ocrx_word' id='word_1_239' title='bbox 2241 633 2530 679; x_wconf 84' lang='lat' dir='ltr'><strong>versantur</strong></span> <span class='ocrx_word' id='word_1_240' title='bbox 2571 623 2873 678; x_wconf 88' lang='lat' dir='ltr'><strong>notissima.</strong></span> 
     </span>
    </p>
   </div>
   <div class='ocr_carea' id='block_1_35' title="bbox 2166 905 3677 976">
    <p class='ocr_par' dir='ltr' id='par_1_35' title="bbox 2166 905 3677 976">
     <span class='ocr_line' id='line_1_35' title="bbox 2166 905 3677 976; baseline -0.003 -13"><span class='ocrx_word' id='word_1_241' title='bbox 2166 914 2216 963; x_wconf 78' lang='lat'><strong>2.</strong></span> <span class='ocrx_word' id='word_1_242' title='bbox 2252 908 2579 963; x_wconf 88' lang='lat' dir='ltr'><strong>Curavimus</strong></span> <span class='ocrx_word' id='word_1_243' title='bbox 2619 908 2767 964; x_wconf 84' lang='lat' dir='ltr'><strong>enim</strong></span> <span class='ocrx_word' id='word_1_244' title='bbox 2818 922 2884 964; x_wconf 89' lang='lat' dir='ltr'><strong>ne</strong></span> <span class='ocrx_word' id='word_1_245' title='bbox 2916 909 3194 961; x_wconf 85' lang='lat' dir='ltr'><strong>actionum</strong></span> <span class='ocrx_word' id='word_1_246' title='bbox 3250 905 3677 976; x_wconf 86' lang='lat' dir='ltr'><strong>descriptionem</strong></span> 
     </span>
    </p>
   </div>
   <div class='ocr_carea' id='block_1_36' title="bbox 2088 998 3679 1066">
    <p class='ocr_par' dir='ltr' id='par_1_36' title="bbox 2088 998 3679 1066">
     <span class='ocr_line' id='line_1_36' title="bbox 2088 998 3679 1066; baseline -0.003 -11"><span class='ocrx_word' id='word_1_247' title='bbox 2088 1002 2431 1055; x_wconf 82' lang='lat' dir='ltr'><strong>solummodo</strong></span> <span class='ocrx_word' id='word_1_248' title='bbox 2457 1002 2891 1066; x_wconf 75' lang='lat' dir='ltr'><strong>ostenderemus,</strong></span> <span class='ocrx_word' id='word_1_249' title='bbox 2927 1002 3019 1055; x_wconf 87' lang='lat' dir='ltr'><strong>sed</strong></span> <span class='ocrx_word' id='word_1_250' title='bbox 3053 1012 3106 1055; x_wconf 91' lang='lat' dir='ltr'><strong>et</strong></span> <span class='ocrx_word' id='word_1_251' title='bbox 3141 999 3255 1053; x_wconf 76' lang='lat' dir='ltr'><strong>alia</strong></span> <span class='ocrx_word' id='word_1_252' title='bbox 3273 998 3494 1054; x_wconf 89' lang='lat' dir='ltr'><strong>nomina</strong></span> <span class='ocrx_word' id='word_1_253' title='bbox 3536 998 3679 1066; x_wconf 85' lang='lat' dir='ltr'><strong>apud</strong></span> 
     </span>
    </p>
   </div>
   <div class='ocr_carea' id='block_1_37' title="bbox 2088 1087 3681 1162">
    <p class='ocr_par' dir='ltr' id='par_1_37' title="bbox 2088 1087 3681 1162">
     <span class='ocr_line' id='line_1_37' title="bbox 2088 1087 3681 1162; baseline -0.005 -15"><span class='ocrx_word' id='word_1_254' title='bbox 2088 1093 2298 1147; x_wconf 83' lang='lat' dir='ltr'><strong>Atticos</strong></span> <span class='ocrx_word' id='word_1_255' title='bbox 2331 1100 2615 1162; x_wconf 86' lang='lat' dir='ltr'><strong>usurpata,</strong></span> <span class='ocrx_word' id='word_1_256' title='bbox 2647 1101 2706 1147; x_wconf 90' lang='lat' dir='ltr'><strong>ut</strong></span> <span class='ocrx_word' id='word_1_257' title='bbox 2736 1098 2865 1148; x_wconf 90' lang='lat' dir='ltr'><strong>sunt</strong></span> <span class='ocrx_word' id='word_1_258' title='bbox 2915 1090 3166 1160; x_wconf 88' lang='lat' dir='ltr'><strong>apaturia</strong></span> <span class='ocrx_word' id='word_1_259' title='bbox 3194 1100 3247 1145; x_wconf 92' lang='lat' dir='ltr'><strong>et</strong></span> <span class='ocrx_word' id='word_1_260' title='bbox 3280 1087 3681 1160; x_wconf 86' lang='lat' dir='ltr'><strong>ampbidromia</strong></span> 
     </span>
    </p>
   </div>
   <div class='ocr_carea' id='block_1_38' title="bbox 2089 1180 3680 1253">
    <p class='ocr_par' dir='ltr' id='par_1_38' title="bbox 2089 1180 3680 1253">
     <span class='ocr_line' id='line_1_38' title="bbox 2089 1180 3680 1253; baseline -0.002 -16"><span class='ocrx_word' id='word_1_261' title='bbox 2089 1192 2141 1237; x_wconf 90' lang='lat' dir='ltr'><strong>et</strong></span> <span class='ocrx_word' id='word_1_262' title='bbox 2184 1182 2504 1246; x_wconf 70' lang='lat' dir='ltr'><strong>tetradistte,</strong></span> <span class='ocrx_word' id='word_1_263' title='bbox 2548 1191 2602 1237; x_wconf 91' lang='lat' dir='ltr'><strong>et</strong></span> <span class='ocrx_word' id='word_1_264' title='bbox 2656 1182 2998 1253; x_wconf 84' lang='lat' dir='ltr'><strong>epiteleioma</strong></span> <span class='ocrx_word' id='word_1_265' title='bbox 3032 1189 3089 1236; x_wconf 88' lang='lat' dir='ltr'><strong>et</strong></span> <span class='ocrx_word' id='word_1_266' title='bbox 3136 1180 3680 1249; x_wconf 80' lang='lat' dir='ltr'><strong>apcpsepltisutenos.</strong></span> 
     </span>
    </p>
   </div>
   <div class='ocr_carea' id='block_1_39' title="bbox 2089 1270 3681 1345">
    <p class='ocr_par' dir='ltr' id='par_1_39' title="bbox 2089 1270 3681 1345">
     <span class='ocr_line' id='line_1_39' title="bbox 2089 1270 3681 1345; baseline -0.004 -16"><span class='ocrx_word' id='word_1_267' title='bbox 2089 1284 2141 1329; x_wconf 88' lang='lat' dir='ltr'><strong>et</strong></span> <span class='ocrx_word' id='word_1_268' title='bbox 2190 1275 2535 1345; x_wconf 79' lang='lat' dir='ltr'><strong>ltypOpltonia</strong></span> <span class='ocrx_word' id='word_1_269' title='bbox 2576 1283 2629 1329; x_wconf 88' lang='lat' dir='ltr'><strong>et</strong></span> <span class='ocrx_word' id='word_1_270' title='bbox 2679 1273 3047 1344; x_wconf 78' lang='lat' dir='ltr'><strong>androlepsia,</strong></span> <span class='ocrx_word' id='word_1_271' title='bbox 3112 1281 3167 1327; x_wconf 90' lang='lat' dir='ltr'><strong>et</strong></span> <span class='ocrx_word' id='word_1_272' title='bbox 3224 1270 3546 1342; x_wconf 77' lang='lat' dir='ltr'><strong>Areopagtts</strong></span> <span class='ocrx_word' id='word_1_273' title='bbox 3625 1281 3681 1324; x_wconf 90' lang='lat' dir='ltr'><strong>et</strong></span> 
     </span>
    </p>
   </div>
   <div class='ocr_carea' id='block_1_40' title="bbox 2089 1364 3684 1438">
    <p class='ocr_par' dir='ltr' id='par_1_40' title="bbox 2089 1364 3684 1438">
     <span class='ocr_line' id='line_1_40' title="bbox 2089 1364 3684 1438; baseline -0.004 -16"><span class='ocrx_word' id='word_1_274' title='bbox 2089 1367 2311 1438; x_wconf 82' lang='lat' dir='ltr'><strong>quinam</strong></span> <span class='ocrx_word' id='word_1_275' title='bbox 2340 1374 2525 1422; x_wconf 80' lang='lat' dir='ltr'><strong>essent</strong></span> <span class='ocrx_word' id='word_1_276' title='bbox 2558 1366 2766 1432; x_wconf 84' lang='lat' dir='ltr'><strong>decem,</strong></span> <span class='ocrx_word' id='word_1_277' title='bbox 2824 1367 3046 1438; x_wconf 85' lang='lat' dir='ltr'><strong>quinam</strong></span> <span class='ocrx_word' id='word_1_278' title='bbox 3100 1364 3378 1435; x_wconf 80' lang='lat' dir='ltr'><strong>eponymi,</strong></span> <span class='ocrx_word' id='word_1_279' title='bbox 3434 1373 3489 1418; x_wconf 90' lang='lat' dir='ltr'><strong>et</strong></span> <span class='ocrx_word' id='word_1_280' title='bbox 3534 1378 3684 1432; x_wconf 83' lang='lat' dir='ltr'><strong>qua:-</strong></span> 
     </span>
    </p>
   </div>
   <div class='ocr_carea' id='block_1_41' title="bbox 2090 1455 3686 1529">
    <p class='ocr_par' dir='ltr' id='par_1_41' title="bbox 2090 1455 3686 1529">
     <span class='ocr_line' id='line_1_41' title="bbox 2090 1455 3686 1529; baseline -0.001 -16"><span class='ocrx_word' id='word_1_281' title='bbox 2090 1474 2303 1529; x_wconf 86' lang='lat' dir='ltr'><strong>cnnqnc</strong></span> <span class='ocrx_word' id='word_1_282' title='bbox 2328 1459 2433 1514; x_wconf 89' lang='lat' dir='ltr'><strong>alia</strong></span> <span class='ocrx_word' id='word_1_283' title='bbox 2464 1459 2626 1529; x_wconf 86' lang='lat' dir='ltr'><strong>hujus</strong></span> <span class='ocrx_word' id='word_1_284' title='bbox 2652 1460 2862 1516; x_wconf 88' lang='lat' dir='ltr'><strong>ordinis</strong></span> <span class='ocrx_word' id='word_1_285' title='bbox 2897 1468 3045 1515; x_wconf 92' lang='lat' dir='ltr'><strong>sunt.</strong></span> <span class='ocrx_word' id='word_1_286' title='bbox 3082 1457 3187 1514; x_wconf 88' lang='lat' dir='ltr'><strong>Sed</strong></span> <span class='ocrx_word' id='word_1_287' title='bbox 3220 1457 3399 1529; x_wconf 88' lang='lat' dir='ltr'><strong>primo</strong></span> <span class='ocrx_word' id='word_1_288' title='bbox 3421 1456 3487 1513; x_wconf 90' lang='lat' dir='ltr'><strong>de</strong></span> <span class='ocrx_word' id='word_1_289' title='bbox 3513 1455 3686 1512; x_wconf 79' lang='lat' dir='ltr'><strong>actio-</strong></span> 
     </span>
    </p>
   </div>
   <div class='ocr_carea' id='block_1_42' title="bbox 2092 1550 2686 1608">
    <p class='ocr_par' dir='ltr' id='par_1_42' title="bbox 2092 1550 2686 1608">
     <span class='ocr_line' id='line_1_42' title="bbox 2092 1550 2686 1608; baseline -0.002 -2"><span class='ocrx_word' id='word_1_290' title='bbox 2092 1551 2252 1607; x_wconf 81' lang='lat' dir='ltr'><strong>nibus</strong></span> <span class='ocrx_word' id='word_1_291' title='bbox 2276 1552 2436 1607; x_wconf 83' lang='lat' dir='ltr'><strong>verba</strong></span> <span class='ocrx_word' id='word_1_292' title='bbox 2464 1550 2686 1608; x_wconf 78' lang='lat' dir='ltr'><strong>faciam.</strong></span> 
     </span>
    </p>
   </div>
   <div class='ocr_carea' id='block_1_43' title="bbox 2160 1739 3685 1811">
    <p class='ocr_par' dir='ltr' id='par_1_43' title="bbox 2160 1739 3685 1811">
     <span class='ocr_line' id='line_1_43' title="bbox 2160 1739 3685 1811; baseline -0.001 -16"><span class='ocrx_word' id='word_1_293' title='bbox 2160 1741 2214 1795; x_wconf 77' lang='lat'><strong>&#39;5.</strong></span> <span class='ocrx_word' id='word_1_294' title='bbox 2251 1739 2496 1795; x_wconf 79' lang='lat' dir='ltr'><strong>Actionis</strong></span> <span class='ocrx_word' id='word_1_295' title='bbox 2530 1754 2726 1795; x_wconf 89' lang='lat' dir='ltr'><strong>nomen</strong></span> <span class='ocrx_word' id='word_1_296' title='bbox 2778 1748 2863 1811; x_wconf 78' lang='lat' dir='ltr'><strong>est</strong></span> <span class='ocrx_word' id='word_1_297' title='bbox 2891 1750 3144 1809; x_wconf 83' lang='lat' dir='ltr'><strong>tanquam</strong></span> <span class='ocrx_word' id='word_1_298' title='bbox 3181 1739 3496 1810; x_wconf 78' lang='lat' dir='ltr'><strong>genericum</strong></span> <span class='ocrx_word' id='word_1_299' title='bbox 3551 1755 3685 1794; x_wconf 86' lang='lat' dir='ltr'><strong>cnu-</strong></span> 
     </span>
    </p>
   </div>
   <div class='ocr_carea' id='block_1_44' title="bbox 2090 1828 3686 1899">
    <p class='ocr_par' dir='ltr' id='par_1_44' title="bbox 2090 1828 3686 1899">
     <span class='ocr_line' id='line_1_44' title="bbox 2090 1828 3686 1899; baseline -0.003 -15"><span class='ocrx_word' id='word_1_300' title='bbox 2090 1830 2190 1884; x_wconf 88' lang='lat' dir='ltr'><strong>ctis</strong></span> <span class='ocrx_word' id='word_1_301' title='bbox 2218 1829 2655 1885; x_wconf 74' lang='lat' dir='ltr'><strong>institutionibus</strong></span> <span class='ocrx_word' id='word_1_302' title='bbox 2680 1830 3033 1894; x_wconf 91' lang='lat' dir='ltr'><strong>attributum,</strong></span> <span class='ocrx_word' id='word_1_303' title='bbox 3061 1838 3117 1884; x_wconf 89' lang='lat' dir='ltr'><strong>et</strong></span> <span class='ocrx_word' id='word_1_304' title='bbox 3140 1838 3223 1884; x_wconf 88' lang='lat' dir='ltr'><strong>cst</strong></span> <span class='ocrx_word' id='word_1_305' title='bbox 3250 1828 3531 1899; x_wconf 87' lang='lat' dir='ltr'><strong>pr0prium</strong></span> <span class='ocrx_word' id='word_1_306' title='bbox 3557 1845 3686 1899; x_wconf 81' lang='lat' dir='ltr'><strong>pru-</strong></span> 
     </span>
    </p>
   </div>
   <div class='ocr_carea' id='block_1_45' title="bbox 2091 1922 3685 1994">
    <p class='ocr_par' dir='ltr' id='par_1_45' title="bbox 2091 1922 3685 1994">
     <span class='ocr_line' id='line_1_45' title="bbox 2091 1922 3685 1994; baseline -0.001 -17"><span class='ocrx_word' id='word_1_307' title='bbox 2091 1922 2382 1992; x_wconf 87' lang='lat' dir='ltr'><strong>positionis</strong></span> <span class='ocrx_word' id='word_1_308' title='bbox 2414 1937 2633 1978; x_wconf 90' lang='lat' dir='ltr'><strong>nomen.</strong></span> <span class='ocrx_word' id='word_1_309' title='bbox 2668 1923 2965 1994; x_wconf 76' lang='lat' dir='ltr'><strong>Postquam</strong></span> <span class='ocrx_word' id='word_1_310' title='bbox 3002 1923 3149 1979; x_wconf 90' lang='lat' dir='ltr'><strong>enim</strong></span> <span class='ocrx_word' id='word_1_311' title='bbox 3195 1924 3443 1993; x_wconf 59' lang='lat' dir='ltr'><strong>quaedam</strong></span> <span class='ocrx_word' id='word_1_312' title='bbox 3482 1923 3685 1993; x_wconf 80' lang='lat' dir='ltr'><strong>injuria</strong></span> 
     </span>
    </p>
   </div>
   <div class='ocr_carea' id='block_1_46' title="bbox 2089 2014 3686 2085">
    <p class='ocr_par' dir='ltr' id='par_1_46' title="bbox 2089 2014 3686 2085">
     <span class='ocr_line' id='line_1_46' title="bbox 2089 2014 3686 2085; baseline -0.001 -14"><span class='ocrx_word' id='word_1_313' title='bbox 2089 2016 2205 2071; x_wconf 85' lang='lat' dir='ltr'><strong>sive</strong></span> <span class='ocrx_word' id='word_1_314' title='bbox 2232 2015 2469 2083; x_wconf 89' lang='lat' dir='ltr'><strong>publica,</strong></span> <span class='ocrx_word' id='word_1_315' title='bbox 2524 2015 2640 2070; x_wconf 87' lang='lat' dir='ltr'><strong>sive</strong></span> <span class='ocrx_word' id='word_1_316' title='bbox 2672 2016 2885 2085; x_wconf 87' lang='lat' dir='ltr'><strong>privata</strong></span> <span class='ocrx_word' id='word_1_317' title='bbox 2918 2015 3158 2071; x_wconf 88' lang='lat' dir='ltr'><strong>admissa</strong></span> <span class='ocrx_word' id='word_1_318' title='bbox 3186 2023 3291 2081; x_wconf 88' lang='lat' dir='ltr'><strong>est,</strong></span> <span class='ocrx_word' id='word_1_319' title='bbox 3335 2014 3403 2071; x_wconf 89' lang='lat' dir='ltr'><strong>de</strong></span> <span class='ocrx_word' id='word_1_320' title='bbox 3458 2015 3686 2084; x_wconf 81' lang='lat' dir='ltr'><strong>privatis</strong></span> 
     </span>
    </p>
   </div>
   <div class='ocr_carea' id='block_1_47' title="bbox 2089 2109 3689 2182">
    <p class='ocr_par' dir='ltr' id='par_1_47' title="bbox 2089 2109 3689 2182">
     <span class='ocr_line' id='line_1_47' title="bbox 2089 2109 3689 2182; baseline -0.001 -15"><span class='ocrx_word' id='word_1_321' title='bbox 2089 2110 2406 2167; x_wconf 89' lang='lat' dir='ltr'><strong>criminatio</strong></span> <span class='ocrx_word' id='word_1_322' title='bbox 2440 2112 2584 2166; x_wconf 91' lang='lat' dir='ltr'><strong>actio</strong></span> <span class='ocrx_word' id='word_1_323' title='bbox 2642 2112 2782 2182; x_wconf 86' lang='lat' dir='ltr'><strong>apud</strong></span> <span class='ocrx_word' id='word_1_324' title='bbox 2810 2111 3024 2167; x_wconf 79' lang='lat' dir='ltr'><strong>Atticos</strong></span> <span class='ocrx_word' id='word_1_325' title='bbox 3068 2110 3410 2177; x_wconf 85' lang='lat' dir='ltr'><strong>nominatur,</strong></span> <span class='ocrx_word' id='word_1_326' title='bbox 3459 2109 3689 2179; x_wconf 78' lang='lat' dir='ltr'><strong>ejusque</strong></span> 
     </span>
    </p>
   </div>
   <div class='ocr_carea' id='block_1_48' title="bbox 2090 2202 3683 2275">
    <p class='ocr_par' dir='ltr' id='par_1_48' title="bbox 2090 2202 3683 2275">
     <span class='ocr_line' id='line_1_48' title="bbox 2090 2202 3683 2275; baseline -0.004 -14"><span class='ocrx_word' id='word_1_327' title='bbox 2090 2220 2309 2275; x_wconf 72' lang='lat' dir='ltr'><strong>pmnam</strong></span> <span class='ocrx_word' id='word_1_328' title='bbox 2343 2205 2713 2260; x_wconf 89' lang='lat' dir='ltr'><strong>determinant</strong></span> <span class='ocrx_word' id='word_1_329' title='bbox 2741 2203 3099 2274; x_wconf 87' lang='lat' dir='ltr'><strong>judicantes;</strong></span> <span class='ocrx_word' id='word_1_330' title='bbox 3141 2218 3315 2274; x_wconf 69' lang='lat' dir='ltr'><strong>poena:</strong></span> <span class='ocrx_word' id='word_1_331' title='bbox 3341 2202 3486 2257; x_wconf 89' lang='lat' dir='ltr'><strong>enim</strong></span> <span class='ocrx_word' id='word_1_332' title='bbox 3523 2217 3683 2255; x_wconf 89' lang='lat' dir='ltr'><strong>men-</strong></span> 
     </span>
    </p>
   </div>
   <div class='ocr_carea' id='block_1_49' title="bbox 2091 2292 3686 2366">
    <p class='ocr_par' dir='ltr' id='par_1_49' title="bbox 2091 2292 3686 2366">
     <span class='ocr_line' id='line_1_49' title="bbox 2091 2292 3686 2366; baseline -0.002 -18"><span class='ocrx_word' id='word_1_333' title='bbox 2091 2312 2219 2355; x_wconf 80' lang='lat' dir='ltr'><strong>sura</strong></span> <span class='ocrx_word' id='word_1_334' title='bbox 2253 2296 2304 2350; x_wconf 91' lang='lat' dir='ltr'><strong>in</strong></span> <span class='ocrx_word' id='word_1_335' title='bbox 2342 2304 2461 2351; x_wconf 82' lang='lat' dir='ltr'><strong>acta</strong></span> <span class='ocrx_word' id='word_1_336' title='bbox 2500 2294 2715 2366; x_wconf 89' lang='lat' dir='ltr'><strong>publica</strong></span> <span class='ocrx_word' id='word_1_337' title='bbox 2745 2310 2853 2350; x_wconf 91' lang='lat' dir='ltr'><strong>non</strong></span> <span class='ocrx_word' id='word_1_338' title='bbox 2884 2295 3148 2351; x_wconf 77' lang='lat' dir='ltr'><strong>translata</strong></span> <span class='ocrx_word' id='word_1_339' title='bbox 3178 2294 3301 2359; x_wconf 80' lang='lat' dir='ltr'><strong>fuit,</strong></span> <span class='ocrx_word' id='word_1_340' title='bbox 3332 2295 3427 2349; x_wconf 89' lang='lat' dir='ltr'><strong>sed</strong></span> <span class='ocrx_word' id='word_1_341' title='bbox 3463 2292 3567 2362; x_wconf 85' lang='lat' dir='ltr'><strong>ipsi</strong></span> <span class='ocrx_word' id='word_1_342' title='bbox 3597 2292 3686 2363; x_wconf 83' lang='lat' dir='ltr'><strong>jn-</strong></span> 
     </span>
    </p>
   </div>
   <div class='ocr_carea' id='block_1_50' title="bbox 2094 2370 3761 2458">
    <p class='ocr_par' dir='ltr' id='par_1_50' title="bbox 2094 2370 3761 2458">
     <span class='ocr_line' id='line_1_50' title="bbox 2094 2370 3761 2458; baseline -0.002 -15"><span class='ocrx_word' id='word_1_343' title='bbox 2094 2387 2243 2444; x_wconf 85' lang='lat' dir='ltr'><strong>dices</strong></span> <span class='ocrx_word' id='word_1_344' title='bbox 2272 2404 2369 2458; x_wconf 91' lang='lat' dir='ltr'><strong>pro</strong></span> <span class='ocrx_word' id='word_1_345' title='bbox 2401 2388 2632 2443; x_wconf 87' lang='lat' dir='ltr'><strong>arbitrio</strong></span> <span class='ocrx_word' id='word_1_346' title='bbox 2661 2388 2777 2443; x_wconf 87' lang='lat' dir='ltr'><strong>sive</strong></span> <span class='ocrx_word' id='word_1_347' title='bbox 2806 2387 3062 2443; x_wconf 89' lang='lat' dir='ltr'><strong>minuunt</strong></span> <span class='ocrx_word' id='word_1_348' title='bbox 3112 2387 3227 2442; x_wconf 82' lang='lat' dir='ltr'><strong>sive</strong></span> <span class='ocrx_word' id='word_1_349' title='bbox 3250 2385 3545 2455; x_wconf 82' lang='lat' dir='ltr'><strong>adaugent.</strong></span> <span class='ocrx_word' id='word_1_350' title='bbox 3573 2386 3688 2440; x_wconf 85' lang='lat' dir='ltr'><strong>Ac-</strong></span> <span class='ocrx_word' id='word_1_351' title='bbox 3751 2370 3761 2375; x_wconf 66' lang='grc'><em>’</em></span> 
     </span>
    </p>
   </div>
   <div class='ocr_carea' id='block_1_51' title="bbox 2093 2481 3686 2554">
    <p class='ocr_par' dir='ltr' id='par_1_51' title="bbox 2093 2481 3686 2554">
     <span class='ocr_line' id='line_1_51' title="bbox 2093 2481 3686 2554; baseline -0.002 -16"><span class='ocrx_word' id='word_1_352' title='bbox 2093 2483 2305 2538; x_wconf 91' lang='lat' dir='ltr'><strong>cusatio</strong></span> <span class='ocrx_word' id='word_1_353' title='bbox 2324 2491 2504 2538; x_wconf 89' lang='lat' dir='ltr'><strong>autem</strong></span> <span class='ocrx_word' id='word_1_354' title='bbox 2526 2486 2929 2554; x_wconf 87' lang='lat' dir='ltr'><strong>quodammodo</strong></span> <span class='ocrx_word' id='word_1_355' title='bbox 2958 2482 3026 2538; x_wconf 88' lang='lat' dir='ltr'><strong>ab</strong></span> <span class='ocrx_word' id='word_1_356' title='bbox 3053 2483 3270 2538; x_wconf 88' lang='lat' dir='ltr'><strong>actione</strong></span> <span class='ocrx_word' id='word_1_357' title='bbox 3302 2481 3686 2553; x_wconf 80' lang='lat' dir='ltr'><strong>distinguitur,</strong></span> 
     </span>
    </p>
   </div>
   <div class='ocr_carea' id='block_1_52' title="bbox 2096 2575 3690 2647">
    <p class='ocr_par' dir='ltr' id='par_1_52' title="bbox 2096 2575 3690 2647">
     <span class='ocr_line' id='line_1_52' title="bbox 2096 2575 3690 2647; baseline 0 -16"><span class='ocrx_word' id='word_1_358' title='bbox 2096 2586 2151 2631; x_wconf 90' lang='lat' dir='ltr'><strong>et</strong></span> <span class='ocrx_word' id='word_1_359' title='bbox 2177 2575 2391 2645; x_wconf 70' lang='lat' dir='ltr'><strong>injuriae</strong></span> <span class='ocrx_word' id='word_1_360' title='bbox 2422 2577 2654 2647; x_wconf 67' lang='lat' dir='ltr'><strong>publicae</strong></span> <span class='ocrx_word' id='word_1_361' title='bbox 2700 2577 2991 2635; x_wconf 87' lang='lat' dir='ltr'><strong>occasione</strong></span> <span class='ocrx_word' id='word_1_362' title='bbox 3024 2576 3200 2632; x_wconf 90' lang='lat' dir='ltr'><strong>locum</strong></span> <span class='ocrx_word' id='word_1_363' title='bbox 3248 2575 3429 2637; x_wconf 83' lang='lat' dir='ltr'><strong>habet,</strong></span> <span class='ocrx_word' id='word_1_364' title='bbox 3462 2584 3521 2629; x_wconf 92' lang='lat' dir='ltr'><strong>ut</strong></span> <span class='ocrx_word' id='word_1_365' title='bbox 3550 2575 3690 2631; x_wconf 86' lang='lat' dir='ltr'><strong>male</strong></span> 
     </span>
    </p>
   </div>
   <div class='ocr_carea' id='block_1_53' title="bbox 2096 2666 3684 2740">
    <p class='ocr_par' dir='ltr' id='par_1_53' title="bbox 2096 2666 3684 2740">
     <span class='ocr_line' id='line_1_53' title="bbox 2096 2666 3684 2740; baseline -0.001 -19"><span class='ocrx_word' id='word_1_366' title='bbox 2096 2678 2261 2735; x_wconf 67' lang='lat' dir='ltr'><strong>gesta:</strong></span> <span class='ocrx_word' id='word_1_367' title='bbox 2287 2669 2598 2740; x_wconf 75' lang='lat' dir='ltr'><strong>legationis,</strong></span> <span class='ocrx_word' id='word_1_368' title='bbox 2627 2670 2951 2739; x_wconf 87' lang='lat' dir='ltr'><strong>templorqu</strong></span> <span class='ocrx_word' id='word_1_369' title='bbox 2991 2668 3360 2739; x_wconf 80' lang='lat' dir='ltr'><strong>spoliationis,</strong></span> <span class='ocrx_word' id='word_1_370' title='bbox 3395 2677 3449 2722; x_wconf 87' lang='lat' dir='ltr'><strong>ct</strong></span> <span class='ocrx_word' id='word_1_371' title='bbox 3476 2667 3523 2723; x_wconf 90' lang='lat' dir='ltr'><strong>si</strong></span> <span class='ocrx_word' id='word_1_372' title='bbox 3552 2666 3684 2738; x_wconf 75' lang='lat' dir='ltr'><strong>quill</strong></span> 
     </span>
    </p>
   </div>
   <div class='ocr_carea' id='block_1_54' title="bbox 2097 2756 3690 2827">
    <p class='ocr_par' dir='ltr' id='par_1_54' title="bbox 2097 2756 3690 2827">
     <span class='ocr_line' id='line_1_54' title="bbox 2097 2756 3690 2827; baseline 0.003 -19"><span class='ocrx_word' id='word_1_373' title='bbox 2097 2756 2242 2810; x_wconf 91' lang='lat' dir='ltr'><strong>aliud</strong></span> <span class='ocrx_word' id='word_1_374' title='bbox 2276 2759 2341 2811; x_wconf 88' lang='lat' dir='ltr'><strong>ad</strong></span> <span class='ocrx_word' id='word_1_375' title='bbox 2376 2757 2631 2827; x_wconf 88' lang='lat' dir='ltr'><strong>populum</strong></span> <span class='ocrx_word' id='word_1_376' title='bbox 2658 2758 2890 2813; x_wconf 89' lang='lat' dir='ltr'><strong>delatum</strong></span> <span class='ocrx_word' id='word_1_377' title='bbox 2916 2757 3099 2814; x_wconf 79' lang='lat' dir='ltr'><strong>fuerit.</strong></span> <span class='ocrx_word' id='word_1_378' title='bbox 3130 2758 3236 2812; x_wconf 87' lang='lat' dir='ltr'><strong>Sed</strong></span> <span class='ocrx_word' id='word_1_379' title='bbox 3266 2757 3410 2812; x_wconf 89' lang='lat' dir='ltr'><strong>actio</strong></span> <span class='ocrx_word' id='word_1_380' title='bbox 3440 2757 3511 2811; x_wconf 88' lang='lat' dir='ltr'><strong>ob</strong></span> <span class='ocrx_word' id='word_1_381' title='bbox 3543 2757 3690 2827; x_wconf 83' lang='lat' dir='ltr'><strong>leges</strong></span> 
     </span>
    </p>
   </div>
   <div class='ocr_carea' id='block_1_55' title="bbox 2099 2849 3695 2915">
    <p class='ocr_par' dir='ltr' id='par_1_55' title="bbox 2099 2849 3695 2915">
     <span class='ocr_line' id='line_1_55' title="bbox 2099 2849 3695 2915; baseline 0.002 -13"><span class='ocrx_word' id='word_1_382' title='bbox 2099 2858 2191 2903; x_wconf 91' lang='lat' dir='ltr'><strong>aut</strong></span> <span class='ocrx_word' id='word_1_383' title='bbox 2228 2849 2449 2904; x_wconf 84' lang='lat' dir='ltr'><strong>decreta</strong></span> <span class='ocrx_word' id='word_1_384' title='bbox 2478 2850 2675 2905; x_wconf 89' lang='lat' dir='ltr'><strong>violata</strong></span> <span class='ocrx_word' id='word_1_385' title='bbox 2710 2850 2952 2915; x_wconf 86' lang='lat' dir='ltr'><strong>inducta,</strong></span> <span class='ocrx_word' id='word_1_386' title='bbox 3002 2850 3259 2906; x_wconf 86' lang='lat' dir='ltr'><strong>similiter</strong></span> <span class='ocrx_word' id='word_1_387' title='bbox 3283 2849 3560 2905; x_wconf 87' lang='lat' dir='ltr'><strong>accusatio</strong></span> <span class='ocrx_word' id='word_1_388' title='bbox 3590 2865 3695 2905; x_wconf 84' lang='lat' dir='ltr'><strong>no-</strong></span> 
     </span>
    </p>
   </div>
   <div class='ocr_carea' id='block_1_56' title="bbox 2101 2942 3689 3014">
    <p class='ocr_par' dir='ltr' id='par_1_56' title="bbox 2101 2942 3689 3014">
     <span class='ocr_line' id='line_1_56' title="bbox 2101 2942 3689 3014; baseline 0.002 -18"><span class='ocrx_word' id='word_1_389' title='bbox 2101 2942 2303 2996; x_wconf 90' lang='lat' dir='ltr'><strong>minata</strong></span> <span class='ocrx_word' id='word_1_390' title='bbox 2338 2952 2441 3007; x_wconf 87' lang='lat' dir='ltr'><strong>cst,</strong></span> <span class='ocrx_word' id='word_1_391' title='bbox 2477 2958 2583 2997; x_wconf 91' lang='lat' dir='ltr'><strong>non</strong></span> <span class='ocrx_word' id='word_1_392' title='bbox 2617 2942 2943 3012; x_wconf 81' lang='lat' dir='ltr'><strong>simpliciter</strong></span> <span class='ocrx_word' id='word_1_393' title='bbox 2973 2943 3214 3014; x_wconf 86' lang='lat' dir='ltr'><strong>quidem,</strong></span> <span class='ocrx_word' id='word_1_394' title='bbox 3254 2943 3354 2998; x_wconf 88' lang='lat' dir='ltr'><strong>sed</strong></span> <span class='ocrx_word' id='word_1_395' title='bbox 3403 2942 3689 2999; x_wconf 87' lang='lat' dir='ltr'><strong>accusatio</strong></span> 
     </span>
    </p>
   </div>
   <div class='ocr_carea' id='block_1_57' title="bbox 2098 3035 2773 3106">
    <p class='ocr_par' dir='ltr' id='par_1_57' title="bbox 2098 3035 2773 3106">
     <span class='ocr_line' id='line_1_57' title="bbox 2098 3035 2773 3106; baseline 0.003 -19"><span class='ocrx_word' id='word_1_396' title='bbox 2098 3042 2319 3105; x_wconf 82' lang='lat' dir='ltr'><strong>propter</strong></span> <span class='ocrx_word' id='word_1_397' title='bbox 2350 3036 2578 3090; x_wconf 87' lang='lat' dir='ltr'><strong>vio&#39;atas</strong></span> <span class='ocrx_word' id='word_1_398' title='bbox 2607 3035 2773 3106; x_wconf 75' lang='lat' dir='ltr'><strong>leges.</strong></span> 
     </span>
    </p>
   </div>
   <div class='ocr_carea' id='block_1_58' title="bbox 474 3216 2059 3327">
    <p class='ocr_par' dir='ltr' id='par_1_58' title="bbox 474 3218 2059 3327">
     <span class='ocr_line' id='line_1_58' title="bbox 474 3218 2059 3327; baseline 0.005 -56"><span class='ocrx_word' id='word_1_399' title='bbox 474 3218 537 3272; x_wconf 84' lang='grc' dir='ltr'><strong>δ’.</strong></span> <span class='ocrx_word' id='word_1_400' title='bbox 572 3220 725 3272; x_wconf 79' lang='grc' dir='ltr'>Ἐπεὶ</span> <span class='ocrx_word' id='word_1_401' title='bbox 745 3220 801 3274; x_wconf 85' lang='grc' dir='ltr'>δὲ</span> <span class='ocrx_word' id='word_1_402' title='bbox 838 3221 911 3292; x_wconf 82' lang='grc' dir='ltr'>μὴ</span> <span class='ocrx_word' id='word_1_403' title='bbox 930 3221 1230 3293; x_wconf 87' lang='grc' dir='ltr'>τηνικαῦτα</span> <span class='ocrx_word' id='word_1_404' title='bbox 1259 3224 1287 3276; x_wconf 93' lang='lat'><strong>6</strong></span> <span class='ocrx_word' id='word_1_405' title='bbox 1310 3225 1473 3293; x_wconf 89' lang='grc' dir='ltr'>νόμος</span> <span class='ocrx_word' id='word_1_406' title='bbox 1506 3225 1828 3296; x_wconf 66' lang='grc' dir='ltr'>ὑφήπλωτο,</span> <span class='ocrx_word' id='word_1_407' title='bbox 1861 3224 1998 3279; x_wconf 78' lang='grc' dir='ltr'><strong>ἀλλά</strong></span> <span class='ocrx_word' id='word_1_408' title='bbox 2026 3263 2059 3327; x_wconf 76' lang='lat' dir='ltr'><strong>c</strong></span> 
     </span>
    </p>
   </div>
   <div class='ocr_carea' id='block_1_59' title="bbox 2094 3216 3690 3327">
    <p class='ocr_par' dir='ltr' id='par_1_59' title="bbox 2172 3216 3690 3289">
     <span class='ocr_line' id='line_1_59' title="bbox 2172 3216 3690 3289; baseline 0.003 -16"><span class='ocrx_word' id='word_1_409' title='bbox 2172 3216 2226 3275; x_wconf 73' lang='grc'><strong>4.</strong></span> <span class='ocrx_word' id='word_1_410' title='bbox 2258 3219 2485 3286; x_wconf 87' lang='lat' dir='ltr'><strong>Quando</strong></span> <span class='ocrx_word' id='word_1_411' title='bbox 2532 3228 2712 3275; x_wconf 88' lang='lat' dir='ltr'><strong>autem</strong></span> <span class='ocrx_word' id='word_1_412' title='bbox 2770 3236 2875 3277; x_wconf 90' lang='lat' dir='ltr'><strong>non</strong></span> <span class='ocrx_word' id='word_1_413' title='bbox 2930 3222 3013 3279; x_wconf 80' lang='lat' dir='ltr'><strong>lex</strong></span> <span class='ocrx_word' id='word_1_414' title='bbox 3061 3222 3342 3279; x_wconf 84' lang='lat' dir='ltr'><strong>substrata</strong></span> <span class='ocrx_word' id='word_1_415' title='bbox 3395 3230 3536 3289; x_wconf 88' lang='lat' dir='ltr'><strong>erat,</strong></span> <span class='ocrx_word' id='word_1_416' title='bbox 3594 3223 3690 3278; x_wconf 86' lang='lat' dir='ltr'><strong>sed</strong></span> 
     </span>
    </p>
   </div>
   <div class='ocr_carea' id='block_1_60' title="bbox 403 3310 1990 3389">
    <p class='ocr_par' dir='ltr' id='par_1_60' title="bbox 403 3310 1990 3389">
     <span class='ocr_line' id='line_1_60' title="bbox 403 3310 1990 3389; baseline 0.006 -28"><span class='ocrx_word' id='word_1_417' title='bbox 403 3310 575 3361; x_wconf 80' lang='grc' dir='ltr'>τῶνδε</span> <span class='ocrx_word' id='word_1_418' title='bbox 612 3313 710 3379; x_wconf 80' lang='grc' dir='ltr'>μὲν</span> <span class='ocrx_word' id='word_1_419' title='bbox 740 3313 847 3367; x_wconf 85' lang='grc' dir='ltr'><strong>τῶν</strong></span> <span class='ocrx_word' id='word_1_420' title='bbox 904 3316 1321 3387; x_wconf 78' lang='grc' dir='ltr'>ἁμαρτημάτων</span> <span class='ocrx_word' id='word_1_421' title='bbox 1354 3318 1610 3389; x_wconf 84' lang='grc' dir='ltr'>περιοχαί</span> <span class='ocrx_word' id='word_1_422' title='bbox 1651 3336 1799 3382; x_wconf 90' lang='grc' dir='ltr'>τινες</span> <span class='ocrx_word' id='word_1_423' title='bbox 1828 3314 1990 3388; x_wconf 81' lang='grc' dir='ltr'>ἦσαν,</span> 
     </span>
    </p>
   </div>
   <div class='ocr_carea' id='block_1_61' title="bbox 403 3403 1994 3480">
    <p class='ocr_par' dir='ltr' id='par_1_61' title="bbox 403 3403 1994 3480">
     <span class='ocr_line' id='line_1_61' title="bbox 403 3403 1994 3480; baseline 0.006 -26"><span class='ocrx_word' id='word_1_424' title='bbox 403 3403 470 3455; x_wconf 73' lang='grc' dir='ltr'><strong>τὰ</strong></span> <span class='ocrx_word' id='word_1_425' title='bbox 498 3404 553 3456; x_wconf 80' lang='grc' dir='ltr'>δὲ</span> <span class='ocrx_word' id='word_1_426' title='bbox 589 3406 689 3458; x_wconf 71' lang='grc' dir='ltr'>οὐκ</span> <span class='ocrx_word' id='word_1_427' title='bbox 721 3406 1123 3477; x_wconf 82' lang='grc' dir='ltr'>ἁνεγέγραπτο,</span> <span class='ocrx_word' id='word_1_428' title='bbox 1158 3411 1191 3479; x_wconf 83' lang='grc' dir='ltr'><strong>ἡ</strong></span> <span class='ocrx_word' id='word_1_429' title='bbox 1228 3411 1358 3480; x_wconf 74' lang='grc' dir='ltr'>περὶ</span> <span class='ocrx_word' id='word_1_430' title='bbox 1393 3411 1583 3465; x_wconf 77' lang='grc' dir='ltr'>καινοῦ</span> <span class='ocrx_word' id='word_1_431' title='bbox 1623 3428 1768 3474; x_wconf 88' lang='grc' dir='ltr'>τινος</span> <span class='ocrx_word' id='word_1_432' title='bbox 1799 3410 1994 3479; x_wconf 79' lang='grc' dir='ltr'>ἀδική-</span> 
     </span>
    </p>
   </div>
   <div class='ocr_carea' id='block_1_62' title="bbox 408 3497 1993 3571">
    <p class='ocr_par' dir='ltr' id='par_1_62' title="bbox 408 3497 1993 3571">
     <span class='ocr_line' id='line_1_62' title="bbox 408 3497 1993 3571; baseline 0.004 -24"><span class='ocrx_word' id='word_1_433' title='bbox 408 3511 578 3565; x_wconf 78' lang='grc' dir='ltr'>ματος</span> <span class='ocrx_word' id='word_1_434' title='bbox 613 3497 893 3570; x_wconf 81' lang='grc' dir='ltr'>εἰσαγωγὴ</span> <span class='ocrx_word' id='word_1_435' title='bbox 924 3499 1186 3569; x_wconf 81' lang='grc' dir='ltr'>δημοσίου</span> <span class='ocrx_word' id='word_1_436' title='bbox 1228 3501 1429 3571; x_wconf 84' lang='grc' dir='ltr'>ὁμοίως</span> <span class='ocrx_word' id='word_1_437' title='bbox 1456 3502 1552 3556; x_wconf 77' lang='grc' dir='ltr'><strong>καὶ</strong></span> <span class='ocrx_word' id='word_1_438' title='bbox 1584 3501 1855 3556; x_wconf 74' lang='grc' dir='ltr'>ἰδιωτικοῦ</span> <span class='ocrx_word' id='word_1_439' title='bbox 1883 3506 1993 3554; x_wconf 79' lang='grc' dir='ltr'>εἱσ-</span> 
     </span>
    </p>
   </div>
   <div class='ocr_carea' id='block_1_63' title="bbox 404 3591 1993 3668">
    <p class='ocr_par' dir='ltr' id='par_1_63' title="bbox 404 3591 1993 3668">
     <span class='ocr_line' id='line_1_63' title="bbox 404 3591 1993 3668; baseline 0.003 -26"><span class='ocrx_word' id='word_1_440' title='bbox 404 3591 638 3657; x_wconf 80' lang='grc' dir='ltr'>αγγελία</span> <span class='ocrx_word' id='word_1_441' title='bbox 697 3593 1141 3662; x_wconf 81' lang='grc' dir='ltr'>κατωνομάζετο.</span> <span class='ocrx_word' id='word_1_442' title='bbox 1188 3595 1555 3665; x_wconf 71' lang='grc' dir='ltr'>Εἱσηγγελλον</span> <span class='ocrx_word' id='word_1_443' title='bbox 1603 3594 1659 3649; x_wconf 84' lang='grc' dir='ltr'>δὲ</span> <span class='ocrx_word' id='word_1_444' title='bbox 1700 3597 1800 3668; x_wconf 84' lang='grc' dir='ltr'>τὴν</span> <span class='ocrx_word' id='word_1_445' title='bbox 1834 3594 1993 3665; x_wconf 83' lang='grc' dir='ltr'>δίκην</span> 
     </span>
    </p>
   </div>
   <div class='ocr_carea' id='block_1_64' title="bbox 407 3680 1822 3757">
    <p class='ocr_par' dir='ltr' id='par_1_64' title="bbox 407 3680 1822 3757">
     <span class='ocr_line' id='line_1_64' title="bbox 407 3680 1822 3757; baseline 0.007 -27"><span class='ocrx_word' id='word_1_446' title='bbox 407 3681 544 3749; x_wconf 74' lang='grc' dir='ltr'>πρὸς</span> <span class='ocrx_word' id='word_1_447' title='bbox 572 3681 669 3750; x_wconf 79' lang='grc' dir='ltr'>τὴν</span> <span class='ocrx_word' id='word_1_448' title='bbox 700 3680 895 3752; x_wconf 81' lang='grc' dir='ltr'>βουλὴν</span> <span class='ocrx_word' id='word_1_449' title='bbox 928 3683 1142 3748; x_wconf 70' lang='grc' dir='ltr'>οὐδένες</span> <span class='ocrx_word' id='word_1_450' title='bbox 1173 3684 1323 3738; x_wconf 78' lang='grc' dir='ltr'>ἄλλοι</span> <span class='ocrx_word' id='word_1_451' title='bbox 1357 3684 1389 3755; x_wconf 75' lang='grc' dir='ltr'>ἢ</span> <span class='ocrx_word' id='word_1_452' title='bbox 1422 3688 1470 3739; x_wconf 81' lang='lat' dir='ltr'><strong>oi</strong></span> <span class='ocrx_word' id='word_1_453' title='bbox 1505 3685 1822 3757; x_wconf 81' lang='grc' dir='ltr'>πρυτάνεις.</span> 
     </span>
    </p>
   </div>
   <div class='ocr_carea' id='block_1_65' title="bbox 479 3774 1993 3853">
    <p class='ocr_par' dir='ltr' id='par_1_65' title="bbox 479 3774 1993 3853">
     <span class='ocr_line' id='line_1_65' title="bbox 479 3774 1993 3853; baseline 0.006 -29"><span class='ocrx_word' id='word_1_454' title='bbox 479 3779 537 3827; x_wconf 87' lang='grc' dir='ltr'><strong>ε’.</strong></span> <span class='ocrx_word' id='word_1_455' title='bbox 577 3774 792 3845; x_wconf 77' lang='grc' dir='ltr'>Εὑθῦνη</span> <span class='ocrx_word' id='word_1_456' title='bbox 830 3774 887 3827; x_wconf 79' lang='grc' dir='ltr'>δὲ</span> <span class='ocrx_word' id='word_1_457' title='bbox 942 3776 1095 3846; x_wconf 73' lang='grc' dir='ltr'>παρὰ</span> <span class='ocrx_word' id='word_1_458' title='bbox 1140 3776 1316 3853; x_wconf 84' lang='grc' dir='ltr'>ταῦτά</span> <span class='ocrx_word' id='word_1_459' title='bbox 1366 3778 1570 3849; x_wconf 87' lang='grc' dir='ltr'>ἐστινὴ</span> <span class='ocrx_word' id='word_1_460' title='bbox 1602 3778 1745 3833; x_wconf 83' lang='grc' dir='ltr'>κατὰ</span> <span class='ocrx_word' id='word_1_461' title='bbox 1768 3779 1876 3832; x_wconf 85' lang='grc' dir='ltr'><strong>τῶν</strong></span> <span class='ocrx_word' id='word_1_462' title='bbox 1919 3782 1993 3848; x_wconf 83' lang='grc' dir='ltr'>μὴ</span> 
     </span>
    </p>
   </div>
   <div class='ocr_carea' id='block_1_66' title="bbox 406 3866 1995 3942">
    <p class='ocr_par' dir='ltr' id='par_1_66' title="bbox 406 3866 1995 3942">
     <span class='ocr_line' id='line_1_66' title="bbox 406 3866 1995 3942; baseline 0.006 -24"><span class='ocrx_word' id='word_1_463' title='bbox 406 3866 581 3933; x_wconf 73' lang='grc' dir='ltr'>ὀρθῶς</span> <span class='ocrx_word' id='word_1_464' title='bbox 624 3869 906 3938; x_wconf 82' lang='grc' dir='ltr'>ἀρχόντων</span> <span class='ocrx_word' id='word_1_465' title='bbox 948 3870 1049 3938; x_wconf 83' lang='grc' dir='ltr'>τῆς</span> <span class='ocrx_word' id='word_1_466' title='bbox 1080 3871 1287 3935; x_wconf 80' lang='grc' dir='ltr'>πόλεως</span> <span class='ocrx_word' id='word_1_467' title='bbox 1336 3872 1619 3942; x_wconf 81' lang='grc' dir='ltr'>ἐγκλησις.</span> <span class='ocrx_word' id='word_1_468' title='bbox 1653 3873 1733 3927; x_wconf 79' lang='grc' dir='ltr'>Τά</span> <span class='ocrx_word' id='word_1_469' title='bbox 1764 3874 1821 3927; x_wconf 87' lang='grc' dir='ltr'>δὲ</span> <span class='ocrx_word' id='word_1_470' title='bbox 1851 3873 1995 3928; x_wconf 75' lang='grc' dir='ltr'>κατὰ</span> 
     </span>
    </p>
   </div>
   <div class='ocr_carea' id='block_1_67' title="bbox 406 3960 1993 4037">
    <p class='ocr_par' dir='ltr' id='par_1_67' title="bbox 406 3960 1993 4037">
     <span class='ocr_line' id='line_1_67' title="bbox 406 3960 1993 4037; baseline 0.005 -26"><span class='ocrx_word' id='word_1_471' title='bbox 406 3961 613 4013; x_wconf 72' lang='grc' dir='ltr'>τούτων</span> <span class='ocrx_word' id='word_1_472' title='bbox 640 3960 972 4031; x_wconf 83' lang='grc' dir='ltr'>δικαστήρια</span> <span class='ocrx_word' id='word_1_473' title='bbox 1015 3962 1311 4033; x_wconf 83' lang='grc' dir='ltr'>κληροῦσιν</span> <span class='ocrx_word' id='word_1_474' title='bbox 1344 3964 1395 4015; x_wconf 83' lang='grc' dir='ltr'><strong>οί</strong></span> <span class='ocrx_word' id='word_1_475' title='bbox 1432 3964 1711 4033; x_wconf 83' lang='grc' dir='ltr'>λογισταί’</span> <span class='ocrx_word' id='word_1_476' title='bbox 1755 3983 1993 4037; x_wconf 68' lang='grc' dir='ltr'>κατηγοο</span> 
     </span>
    </p>
   </div>
   <div class='ocr_carea' id='block_1_68' title="bbox 410 4051 1994 4127">
    <p class='ocr_par' dir='ltr' id='par_1_68' title="bbox 410 4051 1994 4127">
     <span class='ocr_line' id='line_1_68' title="bbox 410 4051 1994 4127; baseline 0.005 -24"><span class='ocrx_word' id='word_1_477' title='bbox 410 4053 584 4121; x_wconf 83' lang='grc' dir='ltr'>ρεῖδέ</span> <span class='ocrx_word' id='word_1_478' title='bbox 636 4055 665 4106; x_wconf 92' lang='lat'><strong>6</strong></span> <span class='ocrx_word' id='word_1_479' title='bbox 711 4051 1056 4122; x_wconf 80' lang='grc' dir='ltr'>βουλόμενος,</span> <span class='ocrx_word' id='word_1_480' title='bbox 1116 4056 1210 4109; x_wconf 74' lang='grc' dir='ltr'>καὶ</span> <span class='ocrx_word' id='word_1_481' title='bbox 1267 4057 1387 4120; x_wconf 89' lang='grc' dir='ltr'>τοῖς</span> <span class='ocrx_word' id='word_1_482' title='bbox 1437 4056 1721 4122; x_wconf 83' lang='grc' dir='ltr'>δικασταῖς</span> <span class='ocrx_word' id='word_1_483' title='bbox 1781 4059 1994 4127; x_wconf 76' lang='grc' dir='ltr'>ἐφεῖται</span> 
     </span>
    </p>
   </div>
   <div class='ocr_carea' id='block_1_69' title="bbox 407 4145 1104 4215">
    <p class='ocr_par' dir='ltr' id='par_1_69' title="bbox 407 4145 1104 4215">
     <span class='ocr_line' id='line_1_69' title="bbox 407 4145 1104 4215; baseline 0.006 -18"><span class='ocrx_word' id='word_1_484' title='bbox 407 4145 671 4215; x_wconf 78' lang='grc' dir='ltr'>τιμᾶσθαι</span> <span class='ocrx_word' id='word_1_485' title='bbox 712 4149 823 4209; x_wconf 87' lang='grc' dir='ltr'>τοῖς</span> <span class='ocrx_word' id='word_1_486' title='bbox 858 4146 1104 4203; x_wconf 82' lang='grc' dir='ltr'>ἁλοῦσιν.</span> 
     </span>
    </p>
   </div>
   <div class='ocr_carea' id='block_1_70' title="bbox 488 4235 1994 4313">
    <p class='ocr_par' dir='ltr' id='par_1_70' title="bbox 488 4235 1994 4313">
     <span class='ocr_line' id='line_1_70' title="bbox 488 4235 1994 4313; baseline 0.002 -22"><span class='ocrx_word' id='word_1_487' title='bbox 488 4235 568 4301; x_wconf 78' lang='grc' dir='ltr'><strong>ς’.</strong></span> <span class='ocrx_word' id='word_1_488' title='bbox 592 4238 651 4291; x_wconf 73' lang='grc' dir='ltr'><strong>Εἰ</strong></span> <span class='ocrx_word' id='word_1_489' title='bbox 674 4238 832 4300; x_wconf 82' lang='grc' dir='ltr'>δέτις</span> <span class='ocrx_word' id='word_1_490' title='bbox 864 4240 955 4290; x_wconf 73' lang='grc' dir='ltr'>τὸν</span> <span class='ocrx_word' id='word_1_491' title='bbox 983 4239 1361 4310; x_wconf 78' lang='grc' dir='ltr'>ὑπορύττοντα</span> <span class='ocrx_word' id='word_1_492' title='bbox 1384 4241 1640 4311; x_wconf 85' lang='grc' dir='ltr'>δημόσιον</span> <span class='ocrx_word' id='word_1_493' title='bbox 1667 4241 1930 4310; x_wconf 83' lang='grc' dir='ltr'>μέταλλον</span> <span class='ocrx_word' id='word_1_494' title='bbox 1959 4242 1994 4313; x_wconf 82' lang='grc' dir='ltr'><strong>ἢ</strong></span> 
     </span>
    </p>
   </div>
   <div class='ocr_carea' id='block_1_71' title="bbox 409 4326 1998 4406">
    <p class='ocr_par' dir='ltr' id='par_1_71' title="bbox 409 4326 1998 4406">
     <span class='ocr_line' id='line_1_71' title="bbox 409 4326 1998 4406; baseline 0.003 -25"><span class='ocrx_word' id='word_1_495' title='bbox 409 4329 670 4398; x_wconf 76' lang='grc' dir='ltr'>δημόσιον</span> <span class='ocrx_word' id='word_1_496' title='bbox 700 4326 848 4385; x_wconf 76' lang='grc' dir='ltr'>οἷκον</span> <span class='ocrx_word' id='word_1_497' title='bbox 883 4331 1271 4401; x_wconf 74' lang='grc' dir='ltr'>ἐξιδιοῦμενον,</span> <span class='ocrx_word' id='word_1_498' title='bbox 1302 4333 1335 4404; x_wconf 73' lang='grc' dir='ltr'>ἢ</span> <span class='ocrx_word' id='word_1_499' title='bbox 1378 4333 1565 4396; x_wconf 86' lang='grc' dir='ltr'>κακῶς</span> <span class='ocrx_word' id='word_1_500' title='bbox 1606 4334 1998 4406; x_wconf 84' lang='grc' dir='ltr'>ἐπιτετροπευ-</span> 
     </span>
    </p>
   </div>
   <div class='ocr_carea' id='block_1_72' title="bbox 411 4423 1997 4497">
    <p class='ocr_par' dir='ltr' id='par_1_72' title="bbox 411 4423 1997 4497">
     <span class='ocr_line' id='line_1_72' title="bbox 411 4423 1997 4497; baseline 0.003 -22"><span class='ocrx_word' id='word_1_501' title='bbox 411 4423 566 4486; x_wconf 75' lang='grc' dir='ltr'>κὸτα,</span> <span class='ocrx_word' id='word_1_502' title='bbox 608 4424 827 4494; x_wconf 84' lang='grc' dir='ltr'>είσῆγεν</span> <span class='ocrx_word' id='word_1_503' title='bbox 872 4425 953 4488; x_wconf 84' lang='grc' dir='ltr'><strong>εἰς</strong></span> <span class='ocrx_word' id='word_1_504' title='bbox 998 4424 1369 4497; x_wconf 82' lang='grc' dir='ltr'>δικαστήριον,</span> <span class='ocrx_word' id='word_1_505' title='bbox 1412 4427 1439 4480; x_wconf 93' lang='lat'><strong>6</strong></span> <span class='ocrx_word' id='word_1_506' title='bbox 1491 4425 1735 4490; x_wconf 89' lang='grc' dir='ltr'>τοιοῦτος</span> <span class='ocrx_word' id='word_1_507' title='bbox 1783 4424 1997 4494; x_wconf 80' lang='grc' dir='ltr'>φαίνειν</span> 
     </span>
    </p>
   </div>
   <div class='ocr_carea' id='block_1_73' title="bbox 412 4518 1997 4591">
    <p class='ocr_par' dir='ltr' id='par_1_73' title="bbox 412 4518 1997 4591">
     <span class='ocr_line' id='line_1_73' title="bbox 412 4518 1997 4591; baseline 0.002 -22"><span class='ocrx_word' id='word_1_508' title='bbox 412 4518 634 4585; x_wconf 78' lang='grc' dir='ltr'>ἐλέγετο</span> <span class='ocrx_word' id='word_1_509' title='bbox 665 4518 757 4571; x_wconf 82' lang='grc' dir='ltr'>τὸν</span> <span class='ocrx_word' id='word_1_510' title='bbox 795 4518 1025 4572; x_wconf 74' lang='grc' dir='ltr'>ἀλόντασ</span> <span class='ocrx_word' id='word_1_511' title='bbox 1068 4520 1225 4590; x_wconf 77' lang='grc' dir='ltr'>καὶὴ</span> <span class='ocrx_word' id='word_1_512' title='bbox 1264 4519 1390 4591; x_wconf 87' lang='grc' dir='ltr'>δίκη</span> <span class='ocrx_word' id='word_1_513' title='bbox 1440 4518 1691 4574; x_wconf 78' lang='grc' dir='ltr'>ἐντεῦθεν</span> <span class='ocrx_word' id='word_1_514' title='bbox 1722 4521 1997 4591; x_wconf 80' lang='grc' dir='ltr'>ἐπονομα-</span> 
     </span>
    </p>
   </div>
   <div class='ocr_carea' id='block_1_74' title="bbox 412 4610 1289 4682">
    <p class='ocr_par' dir='ltr' id='par_1_74' title="bbox 412 4610 1289 4682">
     <span class='ocr_line' id='line_1_74' title="bbox 412 4610 1289 4682; baseline 0.003 -21"><span class='ocrx_word' id='word_1_515' title='bbox 412 4611 612 4680; x_wconf 77' lang='grc' dir='ltr'>ζομένη</span> <span class='ocrx_word' id='word_1_516' title='bbox 642 4610 807 4677; x_wconf 76' lang='grc' dir='ltr'>φάσις</span> <span class='ocrx_word' id='word_1_517' title='bbox 837 4611 1289 4682; x_wconf 78' lang='grc' dir='ltr'>παρωνομάζετο.</span> 
     </span>
    </p>
   </div>
   <div class='ocr_carea' id='block_1_75' title="bbox 482 4702 1998 4776">
    <p class='ocr_par' dir='ltr' id='par_1_75' title="bbox 482 4702 1998 4776">
     <span class='ocr_line' id='line_1_75' title="bbox 482 4702 1998 4776; baseline -0.002 -18"><span class='ocrx_word' id='word_1_518' title='bbox 482 4703 549 4768; x_wconf 78' lang='grc' dir='ltr'><strong>ζ’.</strong></span> <span class='ocrx_word' id='word_1_519' title='bbox 585 4704 647 4756; x_wconf 86' lang='grc' dir='ltr'><strong>Εἰ</strong></span> <span class='ocrx_word' id='word_1_520' title='bbox 662 4705 718 4757; x_wconf 83' lang='grc' dir='ltr'><strong>δέ</strong></span> <span class='ocrx_word' id='word_1_521' title='bbox 733 4721 815 4769; x_wconf 90' lang='grc' dir='ltr'><strong>τις</strong></span> <span class='ocrx_word' id='word_1_522' title='bbox 830 4704 973 4757; x_wconf 74' lang='grc' dir='ltr'>κατὰ</span> <span class='ocrx_word' id='word_1_523' title='bbox 986 4704 1184 4776; x_wconf 86' lang='grc' dir='ltr'>νόμους</span> <span class='ocrx_word' id='word_1_524' title='bbox 1197 4702 1442 4775; x_wconf 76' lang='grc' dir='ltr'>ἠτίμωτο</span> <span class='ocrx_word' id='word_1_525' title='bbox 1457 4702 1998 4776; x_wconf 74' lang='grc' dir='ltr'>παραπρεσεευκὼς,</span> 
     </span>
    </p>
   </div>
   <div class='ocr_carea' id='block_1_76' title="bbox 411 4794 1999 4869">
    <p class='ocr_par' dir='ltr' id='par_1_76' title="bbox 411 4794 1999 4869">
     <span class='ocr_line' id='line_1_76' title="bbox 411 4794 1999 4869; baseline -0.013 -3"><span class='ocrx_word' id='word_1_526' title='bbox 411 4795 445 4866; x_wconf 72' lang='grc' dir='ltr'>ἢ</span> <span class='ocrx_word' id='word_1_527' title='bbox 476 4796 818 4869; x_wconf 65' lang='grc' dir='ltr'>ἡταιρηκὼς.</span> <span class='ocrx_word' id='word_1_528' title='bbox 843 4798 873 4867; x_wconf 75' lang='grc' dir='ltr'>ἢ</span> <span class='ocrx_word' id='word_1_529' title='bbox 908 4797 983 4867; x_wconf 76' lang='grc' dir='ltr'>μὴ</span> <span class='ocrx_word' id='word_1_530' title='bbox 1004 4796 1278 4868; x_wconf 77' lang='grc' dir='ltr'>ὠφληκὼς</span> <span class='ocrx_word' id='word_1_531' title='bbox 1300 4797 1378 4866; x_wconf 84' lang='grc' dir='ltr'>τῷ</span> <span class='ocrx_word' id='word_1_532' title='bbox 1400 4796 1647 4868; x_wconf 87' lang='grc' dir='ltr'>δημοσίῳ</span> <span class='ocrx_word' id='word_1_533' title='bbox 1673 4796 1734 4849; x_wconf 84' lang='grc' dir='ltr'>τὸ</span> <span class='ocrx_word' id='word_1_534' title='bbox 1758 4794 1999 4866; x_wconf 71' lang='grc' dir='ltr'>ὄφλημα,</span> 
     </span>
    </p>
   </div>
   <div class='ocr_carea' id='block_1_77' title="bbox 412 4886 2001 4960">
    <p class='ocr_par' dir='ltr' id='par_1_77' title="bbox 412 4886 2001 4960">
     <span class='ocr_line' id='line_1_77' title="bbox 412 4886 2001 4960; baseline -0.003 -17"><span class='ocrx_word' id='word_1_535' title='bbox 412 4891 446 4960; x_wconf 79' lang='grc' dir='ltr'><strong>ἦ</strong></span> <span class='ocrx_word' id='word_1_536' title='bbox 481 4890 619 4943; x_wconf 72' lang='grc' dir='ltr'>κατὰ</span> <span class='ocrx_word' id='word_1_537' title='bbox 650 4889 758 4943; x_wconf 83' lang='grc' dir='ltr'><strong>τῶν</strong></span> <span class='ocrx_word' id='word_1_538' title='bbox 799 4889 1215 4960; x_wconf 79' lang='grc' dir='ltr'>μετηλλαχότων</span> <span class='ocrx_word' id='word_1_539' title='bbox 1250 4890 1454 4952; x_wconf 87' lang='grc' dir='ltr'>άδίκως</span> <span class='ocrx_word' id='word_1_540' title='bbox 1484 4888 1668 4958; x_wconf 77' lang='grc' dir='ltr'>ἀφιεὶς</span> <span class='ocrx_word' id='word_1_541' title='bbox 1697 4886 1796 4959; x_wconf 81' lang='grc' dir='ltr'>τὴν</span> <span class='ocrx_word' id='word_1_542' title='bbox 1822 4886 2001 4956; x_wconf 87' lang='grc' dir='ltr'>γλῶτ-</span> 
     </span>
    </p>
   </div>
   <div class='ocr_carea' id='block_1_78' title="bbox 413 4978 2003 5053">
    <p class='ocr_par' dir='ltr' id='par_1_78' title="bbox 413 4978 2003 5053">
     <span class='ocr_line' id='line_1_78' title="bbox 413 4978 2003 5053; baseline -0.001 -20"><span class='ocrx_word' id='word_1_543' title='bbox 413 4998 531 5046; x_wconf 90' lang='grc' dir='ltr'>ταν,</span> <span class='ocrx_word' id='word_1_544' title='bbox 570 4984 650 5044; x_wconf 80' lang='grc' dir='ltr'><strong>εἰς</strong></span> <span class='ocrx_word' id='word_1_545' title='bbox 690 4982 1041 5052; x_wconf 80' lang='grc' dir='ltr'>δικαστήριον</span> <span class='ocrx_word' id='word_1_546' title='bbox 1087 4983 1277 5053; x_wconf 72' lang='grc' dir='ltr'>ἤγετο,</span> <span class='ocrx_word' id='word_1_547' title='bbox 1309 4981 1537 5049; x_wconf 76' lang='grc' dir='ltr'>ἐνδείξει</span> <span class='ocrx_word' id='word_1_548' title='bbox 1579 4979 1873 5035; x_wconf 82' lang='grc' dir='ltr'>ὑπέκειτο’</span> <span class='ocrx_word' id='word_1_549' title='bbox 1907 4978 2003 5033; x_wconf 74' lang='grc' dir='ltr'>καὶ</span> 
     </span>
    </p>
   </div>
   <div class='ocr_carea' id='block_1_79' title="bbox 415 5074 1365 5146">
    <p class='ocr_par' dir='ltr' id='par_1_79' title="bbox 415 5074 1365 5146">
     <span class='ocr_line' id='line_1_79' title="bbox 415 5074 1365 5146; baseline 0.002 -19"><span class='ocrx_word' id='word_1_550' title='bbox 415 5075 589 5145; x_wconf 75' lang='grc' dir='ltr'>τινομα</span> <span class='ocrx_word' id='word_1_551' title='bbox 613 5077 678 5146; x_wconf 77' lang='grc' dir='ltr'><strong>τῇ</strong></span> <span class='ocrx_word' id='word_1_552' title='bbox 712 5074 1021 5145; x_wconf 79' lang='grc' dir='ltr'>κατηγορίᾳ</span> <span class='ocrx_word' id='word_1_553' title='bbox 1053 5075 1087 5144; x_wconf 79' lang='grc' dir='ltr'><strong>ὴ</strong></span> <span class='ocrx_word' id='word_1_554' title='bbox 1116 5074 1365 5139; x_wconf 72' lang='grc' dir='ltr'>ἔνδειξις.</span> 
     </span>
    </p>
   </div>
   <div class='ocr_carea' id='block_1_80' title="bbox 487 5259 2003 5331">
    <p class='ocr_par' dir='ltr' id='par_1_80' title="bbox 487 5259 2003 5331">
     <span class='ocr_line' id='line_1_80' title="bbox 487 5259 2003 5331; baseline 0.004 -22"><span class='ocrx_word' id='word_1_555' title='bbox 487 5266 560 5331; x_wconf 84' lang='grc' dir='ltr'><strong>η’.</strong></span> <span class='ocrx_word' id='word_1_556' title='bbox 577 5260 644 5312; x_wconf 84' lang='grc' dir='ltr'><em>Ἢ</em></span> <span class='ocrx_word' id='word_1_557' title='bbox 678 5259 733 5312; x_wconf 87' lang='grc' dir='ltr'><strong>δέ</strong></span> <span class='ocrx_word' id='word_1_558' title='bbox 767 5259 1041 5329; x_wconf 63' lang='grc' dir='ltr'>ἐφήγησις</span> <span class='ocrx_word' id='word_1_559' title='bbox 1066 5259 1268 5314; x_wconf 85' lang='grc' dir='ltr'>ἐδίδοτο</span> <span class='ocrx_word' id='word_1_560' title='bbox 1288 5259 1429 5313; x_wconf 78' lang='grc' dir='ltr'>κατὰ</span> <span class='ocrx_word' id='word_1_561' title='bbox 1446 5259 1557 5312; x_wconf 89' lang='grc' dir='ltr'><strong>τῶν</strong></span> <span class='ocrx_word' id='word_1_562' title='bbox 1581 5260 2003 5330; x_wconf 70' lang='grc' dir='ltr'>ὑποδεξαμένων</span> 
     </span>
    </p>
   </div>
   <div class='ocr_carea' id='block_1_81' title="bbox 418 5351 2002 5426">
    <p class='ocr_par' dir='ltr' id='par_1_81' title="bbox 418 5351 2002 5426">
     <span class='ocr_line' id='line_1_81' title="bbox 418 5351 2002 5426; baseline -0.001 -18"><span class='ocrx_word' id='word_1_563' title='bbox 418 5356 507 5408; x_wconf 65' lang='grc' dir='ltr'>τὶν</span> <span class='ocrx_word' id='word_1_564' title='bbox 540 5354 756 5423; x_wconf 67' lang='grc' dir='ltr'>φυγάδα</span> <span class='ocrx_word' id='word_1_565' title='bbox 782 5354 879 5424; x_wconf 83' lang='grc' dir='ltr'>τῆς</span> <span class='ocrx_word' id='word_1_566' title='bbox 913 5354 1123 5418; x_wconf 73' lang='grc' dir='ltr'>πόλεως</span> <span class='ocrx_word' id='word_1_567' title='bbox 1153 5355 1187 5425; x_wconf 80' lang='grc' dir='ltr'>ἢ</span> <span class='ocrx_word' id='word_1_568' title='bbox 1215 5353 1326 5407; x_wconf 90' lang='grc' dir='ltr'><strong>τῶν</strong></span> <span class='ocrx_word' id='word_1_569' title='bbox 1354 5352 1700 5423; x_wconf 71' lang='grc' dir='ltr'>κεκλοφότων</span> <span class='ocrx_word' id='word_1_570' title='bbox 1726 5351 2002 5426; x_wconf 87' lang='grc' dir='ltr'>λαθραίως</span> 
     </span>
    </p>
   </div>
   <div class='ocr_carea' id='block_1_82' title="bbox 417 5448 959 5520">
    <p class='ocr_par' dir='ltr' id='par_1_82' title="bbox 417 5448 959 5520">
     <span class='ocr_line' id='line_1_82' title="bbox 417 5448 959 5520; baseline 0 -17"><span class='ocrx_word' id='word_1_571' title='bbox 417 5450 569 5519; x_wconf 78' lang='grc' dir='ltr'>πρᾶγ</span> <span class='ocrx_word' id='word_1_572' title='bbox 578 5467 654 5519; x_wconf 86' lang='grc' dir='ltr'><strong>μα</strong></span> <span class='ocrx_word' id='word_1_573' title='bbox 679 5448 959 5520; x_wconf 82' lang='grc' dir='ltr'>δημόσιον.</span> 
     </span>
    </p>
   </div>
   <div class='ocr_carea' id='block_1_83' title="bbox 492 5538 2003 5611">
    <p class='ocr_par' dir='ltr' id='par_1_83' title="bbox 492 5538 2003 5611">
     <span class='ocr_line' id='line_1_83' title="bbox 492 5538 2003 5611; baseline -0.003 -17"><span class='ocrx_word' id='word_1_574' title='bbox 492 5541 559 5596; x_wconf 86' lang='grc' dir='ltr'><strong>θ’.</strong></span> <span class='ocrx_word' id='word_1_575' title='bbox 596 5542 730 5608; x_wconf 74' lang='grc' dir='ltr'>Περὶ</span> <span class='ocrx_word' id='word_1_576' title='bbox 758 5540 815 5592; x_wconf 86' lang='grc' dir='ltr'>δὲ</span> <span class='ocrx_word' id='word_1_577' title='bbox 838 5538 1214 5611; x_wconf 69' lang='grc' dir='ltr'>διαψηφίσεως</span> <span class='ocrx_word' id='word_1_578' title='bbox 1247 5540 1342 5593; x_wconf 73' lang='grc' dir='ltr'>καὶ</span> <span class='ocrx_word' id='word_1_579' title='bbox 1366 5539 1759 5609; x_wconf 77' lang='grc' dir='ltr'>άποψηφίσεως</span> <span class='ocrx_word' id='word_1_580' title='bbox 1790 5540 1881 5592; x_wconf 77' lang='grc' dir='ltr'><strong>καὶ</strong></span> <span class='ocrx_word' id='word_1_581' title='bbox 1906 5540 2003 5609; x_wconf 76' lang='grc' dir='ltr'>ἐερ-</span> 
     </span>
    </p>
   </div>
   <div class='ocr_carea' id='block_1_84' title="bbox 420 5612 2005 5702">
    <p class='ocr_par' dir='ltr' id='par_1_84' title="bbox 420 5612 2005 5702">
     <span class='ocr_line' id='line_1_84' title="bbox 420 5612 2005 5702; baseline -0.001 -18"><span class='ocrx_word' id='word_1_582' title='bbox 420 5632 589 5694; x_wconf 82' lang='grc' dir='ltr'>έσεως</span> <span class='ocrx_word' id='word_1_583' title='bbox 626 5629 770 5683; x_wconf 78' lang='grc' dir='ltr'>οὕτω</span> <span class='ocrx_word' id='word_1_584' title='bbox 796 5630 1099 5701; x_wconf 85' lang='grc' dir='ltr'>διαιρετέον</span> <span class='ocrx_word' id='word_1_585' title='bbox 1126 5631 1644 5702; x_wconf 69' lang='grc' dir='ltr'>καὶ·’ἐρμηνευτέον.</span> <span class='ocrx_word' id='word_1_586' title='bbox 1666 5612 2005 5694; x_wconf 55' lang='grc' dir='ltr'>Φυλαίττινες</span> 
     </span>
    </p>
   </div>
   <div class='ocr_carea' id='block_1_85' title="bbox 417 5718 2003 5794">
    <p class='ocr_par' dir='ltr' id='par_1_85' title="bbox 417 5718 2003 5794">
     <span class='ocr_line' id='line_1_85' title="bbox 417 5718 2003 5794; baseline 0 -19"><span class='ocrx_word' id='word_1_587' title='bbox 417 5718 559 5793; x_wconf 72' lang='grc' dir='ltr'>ἦσαν</span> <span class='ocrx_word' id='word_1_588' title='bbox 594 5722 763 5776; x_wconf 84' lang='grc' dir='ltr'>πάλαι</span> <span class='ocrx_word' id='word_1_589' title='bbox 823 5723 974 5791; x_wconf 74' lang='grc' dir='ltr'>παρὰ</span> <span class='ocrx_word' id='word_1_590' title='bbox 1007 5726 1121 5786; x_wconf 88' lang='grc' dir='ltr'>τοῖς</span> <span class='ocrx_word' id='word_1_591' title='bbox 1175 5724 1441 5787; x_wconf 86' lang='grc' dir='ltr'>Ἀττικοῖς</span> <span class='ocrx_word' id='word_1_592' title='bbox 1481 5722 1576 5776; x_wconf 73' lang='grc' dir='ltr'>καὶ</span> <span class='ocrx_word' id='word_1_593' title='bbox 1627 5724 1867 5794; x_wconf 78' lang='grc' dir='ltr'>φρᾶτραι</span> <span class='ocrx_word' id='word_1_594' title='bbox 1907 5722 2003 5775; x_wconf 80' lang='grc' dir='ltr'>καὶ</span> 
     </span>
    </p>
   </div>
   <div class='ocr_carea' id='block_1_86' title="bbox 418 5808 2005 5885">
    <p class='ocr_par' dir='ltr' id='par_1_86' title="bbox 418 5808 2005 5885">
     <span class='ocr_line' id='line_1_86' title="bbox 418 5808 2005 5885; baseline 0.002 -19"><span class='ocrx_word' id='word_1_595' title='bbox 418 5813 582 5882; x_wconf 84' lang='grc' dir='ltr'>δῆμοι</span> <span class='ocrx_word' id='word_1_596' title='bbox 619 5814 713 5867; x_wconf 74' lang='grc' dir='ltr'>καὶ</span> <span class='ocrx_word' id='word_1_597' title='bbox 743 5813 1018 5885; x_wconf 82' lang='grc' dir='ltr'>τριττύες,</span> <span class='ocrx_word' id='word_1_598' title='bbox 1049 5814 1142 5884; x_wconf 78' lang='grc' dir='ltr'><strong>ἀφ’</strong></span> <span class='ocrx_word' id='word_1_599' title='bbox 1174 5808 1249 5868; x_wconf 78' lang='grc' dir='ltr'>ὧν</span> <span class='ocrx_word' id='word_1_600' title='bbox 1283 5816 1377 5867; x_wconf 74' lang='grc' dir='ltr'>καὶ</span> <span class='ocrx_word' id='word_1_601' title='bbox 1406 5816 1433 5868; x_wconf 96' lang='lat'><strong>6</strong></span> <span class='ocrx_word' id='word_1_602' title='bbox 1455 5812 1689 5885; x_wconf 84' lang='grc' dir='ltr'>πρώτως</span> <span class='ocrx_word' id='word_1_603' title='bbox 1711 5812 1879 5882; x_wconf 76' lang='grc' dir='ltr'>ἄρξας</span> <span class='ocrx_word' id='word_1_604' title='bbox 1906 5813 2005 5883; x_wconf 81' lang='grc' dir='ltr'>τῆς</span> 
     </span>
    </p>
   </div>
   <div class='ocr_carea' id='block_1_87' title="bbox 433 5904 2005 5982">
    <p class='ocr_par' dir='ltr' id='par_1_87' title="bbox 433 5904 2005 5982">
     <span class='ocr_line' id='line_1_87' title="bbox 433 5904 2005 5982; baseline 0.001 -22"><span class='ocrx_word' id='word_1_605' title='bbox 433 5904 654 5979; x_wconf 70' lang='grc' dir='ltr'>Ῥώμης</span> <span class='ocrx_word' id='word_1_606' title='bbox 699 5906 797 5981; x_wconf 66' lang='grc' dir='ltr'>τὴν</span> <span class='ocrx_word' id='word_1_607' title='bbox 838 5907 1247 5982; x_wconf 81' lang='grc' dir='ltr'>καθισταμένην</span> <span class='ocrx_word' id='word_1_608' title='bbox 1298 5910 1429 5979; x_wconf 81' lang='grc' dir='ltr'>παρ’</span> <span class='ocrx_word' id='word_1_609' title='bbox 1476 5908 1641 5963; x_wconf 81' lang='grc' dir='ltr'><strong>αὐτοῦ</strong></span> <span class='ocrx_word' id='word_1_610' title='bbox 1695 5908 1846 5963; x_wconf 82' lang='grc' dir='ltr'>πόλιν</span> <span class='ocrx_word' id='word_1_611' title='bbox 1879 5906 2005 5962; x_wconf 62' lang='grc' dir='ltr'>ἐκόι</span> 
     </span>
    </p>
   </div>
   <div class='ocr_carea' id='block_1_88' title="bbox 2102 3314 3691 3386">
    <p class='ocr_par' dir='ltr' id='par_1_88' title="bbox 2102 3314 3691 3386">
     <span class='ocr_line' id='line_1_88' title="bbox 2102 3314 3691 3386; baseline 0.001 -20"><span class='ocrx_word' id='word_1_612' title='bbox 2102 3314 2324 3384; x_wconf 90' lang='lat' dir='ltr'><strong>quidam</strong></span> <span class='ocrx_word' id='word_1_613' title='bbox 2368 3314 2810 3371; x_wconf 85' lang='lat' dir='ltr'><strong>admittebantur</strong></span> <span class='ocrx_word' id='word_1_614' title='bbox 2840 3316 3124 3386; x_wconf 90' lang='lat' dir='ltr'><strong>culparum</strong></span> <span class='ocrx_word' id='word_1_615' title='bbox 3158 3317 3419 3382; x_wconf 85' lang='lat' dir='ltr'><strong>ambitus,</strong></span> <span class='ocrx_word' id='word_1_616' title='bbox 3458 3316 3548 3385; x_wconf 89' lang='lat' dir='ltr'><strong>qui</strong></span> <span class='ocrx_word' id='word_1_617' title='bbox 3584 3331 3691 3369; x_wconf 91' lang='lat' dir='ltr'><strong>nou</strong></span> 
     </span>
    </p>
   </div>
   <div class='ocr_carea' id='block_1_89' title="bbox 2102 3402 3691 3473">
    <p class='ocr_par' dir='ltr' id='par_1_89' title="bbox 2102 3402 3691 3473">
     <span class='ocr_line' id='line_1_89' title="bbox 2102 3402 3691 3473; baseline 0.004 -18"><span class='ocrx_word' id='word_1_618' title='bbox 2102 3402 2156 3456; x_wconf 89' lang='lat' dir='ltr'><strong>in</strong></span> <span class='ocrx_word' id='word_1_619' title='bbox 2186 3412 2306 3458; x_wconf 90' lang='lat' dir='ltr'><strong>acta</strong></span> <span class='ocrx_word' id='word_1_620' title='bbox 2359 3404 2574 3473; x_wconf 88' lang='lat' dir='ltr'><strong>publica</strong></span> <span class='ocrx_word' id='word_1_621' title='bbox 2611 3405 2769 3460; x_wconf 84' lang='lat' dir='ltr'><strong>relati</strong></span> <span class='ocrx_word' id='word_1_622' title='bbox 2820 3405 3072 3468; x_wconf 78' lang='lat' dir='ltr'><strong>fuissent.</strong></span> <span class='ocrx_word' id='word_1_623' title='bbox 3098 3405 3434 3462; x_wconf 87' lang='lat' dir='ltr'><strong>introductio</strong></span> <span class='ocrx_word' id='word_1_624' title='bbox 3461 3407 3527 3461; x_wconf 90' lang='lat' dir='ltr'><strong>dc</strong></span> <span class='ocrx_word' id='word_1_625' title='bbox 3552 3422 3691 3462; x_wconf 80' lang='lat' dir='ltr'><strong>nova</strong></span> 
     </span>
    </p>
   </div>
   <div class='ocr_carea' id='block_1_90' title="bbox 2105 3495 3693 3567">
    <p class='ocr_par' dir='ltr' id='par_1_90' title="bbox 2105 3495 3693 3567">
     <span class='ocr_line' id='line_1_90' title="bbox 2105 3495 3693 3567; baseline 0.001 -17"><span class='ocrx_word' id='word_1_626' title='bbox 2105 3495 2301 3564; x_wconf 85' lang='lat' dir='ltr'><strong>injuria</strong></span> <span class='ocrx_word' id='word_1_627' title='bbox 2334 3497 2449 3552; x_wconf 83' lang='lat' dir='ltr'><strong>sive</strong></span> <span class='ocrx_word' id='word_1_628' title='bbox 2475 3498 2688 3567; x_wconf 88' lang='lat' dir='ltr'><strong>publica</strong></span> <span class='ocrx_word' id='word_1_629' title='bbox 2727 3498 2844 3553; x_wconf 82' lang='lat' dir='ltr'><strong>sive</strong></span> <span class='ocrx_word' id='word_1_630' title='bbox 2870 3498 3084 3567; x_wconf 86' lang='lat' dir='ltr'><strong>privata</strong></span> <span class='ocrx_word' id='word_1_631' title='bbox 3135 3498 3478 3553; x_wconf 87' lang='lat' dir='ltr'><strong>annuntiatio</strong></span> <span class='ocrx_word' id='word_1_632' title='bbox 3509 3497 3693 3552; x_wconf 83' lang='lat' dir='ltr'><strong>nomi—</strong></span> 
     </span>
    </p>
   </div>
   <div class='ocr_carea' id='block_1_91' title="bbox 2104 3587 3695 3648">
    <p class='ocr_par' dir='ltr' id='par_1_91' title="bbox 2104 3587 3695 3648">
     <span class='ocr_line' id='line_1_91' title="bbox 2104 3587 3695 3648; baseline 0.003 -8"><span class='ocrx_word' id='word_1_633' title='bbox 2104 3590 2359 3643; x_wconf 89' lang='lat' dir='ltr'><strong>nabatur.</strong></span> <span class='ocrx_word' id='word_1_634' title='bbox 2386 3588 2671 3646; x_wconf 88' lang='lat' dir='ltr'><strong>Actionem</strong></span> <span class='ocrx_word' id='word_1_635' title='bbox 2691 3599 2873 3646; x_wconf 90' lang='lat' dir='ltr'><strong>autem</strong></span> <span class='ocrx_word' id='word_1_636' title='bbox 2890 3590 2958 3646; x_wconf 88' lang='lat' dir='ltr'><strong>ad</strong></span> <span class='ocrx_word' id='word_1_637' title='bbox 2985 3591 3269 3648; x_wconf 90' lang='lat' dir='ltr'><strong>consilium</strong></span> <span class='ocrx_word' id='word_1_638' title='bbox 3290 3587 3695 3647; x_wconf 81' lang='lat' dir='ltr'><strong>annuntiabant</strong></span> 
     </span>
    </p>
   </div>
   <div class='ocr_carea' id='block_1_92' title="bbox 2103 3680 2521 3751">
    <p class='ocr_par' dir='ltr' id='par_1_92' title="bbox 2103 3680 2521 3751">
     <span class='ocr_line' id='line_1_92' title="bbox 2103 3680 2521 3751; baseline 0 -16"><span class='ocrx_word' id='word_1_639' title='bbox 2103 3680 2204 3735; x_wconf 87' lang='lat' dir='ltr'><strong>soli</strong></span> <span class='ocrx_word' id='word_1_640' title='bbox 2237 3691 2521 3751; x_wconf 88' lang='lat' dir='ltr'><strong>prytanes.</strong></span> 
     </span>
    </p>
   </div>
   <div class='ocr_carea' id='block_1_93' title="bbox 2174 3774 3691 3833">
    <p class='ocr_par' dir='ltr' id='par_1_93' title="bbox 2174 3774 3691 3833">
     <span class='ocr_line' id='line_1_93' title="bbox 2174 3774 3691 3833; baseline 0.003 -6"><span class='ocrx_word' id='word_1_641' title='bbox 2174 3774 2229 3829; x_wconf 68' lang='lat'><strong>5.</strong></span> <span class='ocrx_word' id='word_1_642' title='bbox 2268 3774 2781 3833; x_wconf 86' lang='lat' dir='ltr'><strong>Administrationis</strong></span> <span class='ocrx_word' id='word_1_643' title='bbox 2832 3786 3012 3831; x_wconf 86' lang='lat' dir='ltr'><strong>autem</strong></span> <span class='ocrx_word' id='word_1_644' title='bbox 3054 3777 3195 3832; x_wconf 89' lang='lat' dir='ltr'><strong>ratio</strong></span> <span class='ocrx_word' id='word_1_645' title='bbox 3229 3787 3314 3832; x_wconf 91' lang='lat' dir='ltr'><strong>est</strong></span> <span class='ocrx_word' id='word_1_646' title='bbox 3368 3789 3559 3832; x_wconf 85' lang='lat' dir='ltr'><strong>contra</strong></span> <span class='ocrx_word' id='word_1_647' title='bbox 3595 3792 3691 3831; x_wconf 75' lang='lat' dir='ltr'><strong>ens</strong></span> 
     </span>
    </p>
   </div>
   <div class='ocr_carea' id='block_1_94' title="bbox 2103 3866 3689 3935">
    <p class='ocr_par' dir='ltr' id='par_1_94' title="bbox 2103 3866 3689 3935">
     <span class='ocr_line' id='line_1_94' title="bbox 2103 3866 3689 3935; baseline 0.004 -18"><span class='ocrx_word' id='word_1_648' title='bbox 2103 3866 2191 3935; x_wconf 87' lang='lat' dir='ltr'><strong>qui</strong></span> <span class='ocrx_word' id='word_1_649' title='bbox 2226 3866 2370 3921; x_wconf 87' lang='lat' dir='ltr'><strong>male</strong></span> <span class='ocrx_word' id='word_1_650' title='bbox 2399 3869 2785 3923; x_wconf 84' lang='lat' dir='ltr'><strong>administrant</strong></span> <span class='ocrx_word' id='word_1_651' title='bbox 2815 3869 2964 3925; x_wconf 87' lang='lat' dir='ltr'><strong>urbis</strong></span> <span class='ocrx_word' id='word_1_652' title='bbox 3000 3869 3331 3924; x_wconf 85' lang='lat' dir='ltr'><strong>criminatio.</strong></span> <span class='ocrx_word' id='word_1_653' title='bbox 3365 3868 3689 3924; x_wconf 85' lang='lat' dir='ltr'><strong>Tribuualia</strong></span> 
     </span>
    </p>
   </div>
   <div class='ocr_carea' id='block_1_95' title="bbox 2105 3959 3694 4032">
    <p class='ocr_par' dir='ltr' id='par_1_95' title="bbox 2105 3959 3694 4032">
     <span class='ocr_line' id='line_1_95' title="bbox 2105 3959 3694 4032; baseline 0.004 -23"><span class='ocrx_word' id='word_1_654' title='bbox 2105 3973 2236 4013; x_wconf 87' lang='lat' dir='ltr'><strong>vero</strong></span> <span class='ocrx_word' id='word_1_655' title='bbox 2277 3959 2329 4013; x_wconf 92' lang='lat' dir='ltr'><strong>in</strong></span> <span class='ocrx_word' id='word_1_656' title='bbox 2360 3974 2455 4015; x_wconf 90' lang='lat' dir='ltr'><strong>eos</strong></span> <span class='ocrx_word' id='word_1_657' title='bbox 2501 3959 2790 4016; x_wconf 72' lang='lat' dir='ltr'><strong>elformant</strong></span> <span class='ocrx_word' id='word_1_658' title='bbox 2825 3962 3035 4032; x_wconf 76' lang='lat' dir='ltr'><strong>logistae</strong></span> <span class='ocrx_word' id='word_1_659' title='bbox 3065 3979 3078 4028; x_wconf 94' lang='lat'><strong>;</strong></span> <span class='ocrx_word' id='word_1_660' title='bbox 3106 3971 3333 4017; x_wconf 86' lang='lat' dir='ltr'><strong>accusat</strong></span> <span class='ocrx_word' id='word_1_661' title='bbox 3380 3962 3694 4032; x_wconf 77' lang='lat' dir='ltr'><strong>quicunque</strong></span> 
     </span>
    </p>
   </div>
   <div class='ocr_carea' id='block_1_96' title="bbox 2106 4050 3474 4126">
    <p class='ocr_par' dir='ltr' id='par_1_96' title="bbox 2106 4050 3474 4126">
     <span class='ocr_line' id='line_1_96' title="bbox 2106 4050 3474 4126; baseline 0.006 -23"><span class='ocrx_word' id='word_1_662' title='bbox 2106 4050 2258 4118; x_wconf 88' lang='lat' dir='ltr'><strong>vult;</strong></span> <span class='ocrx_word' id='word_1_663' title='bbox 2287 4061 2339 4107; x_wconf 90' lang='lat' dir='ltr'><strong>et</strong></span> <span class='ocrx_word' id='word_1_664' title='bbox 2363 4051 2634 4122; x_wconf 75' lang='lat' dir='ltr'><strong>iudicibus</strong></span> <span class='ocrx_word' id='word_1_665' title='bbox 2666 4054 2959 4109; x_wconf 88' lang='lat' dir='ltr'><strong>remittitur</strong></span> <span class='ocrx_word' id='word_1_666' title='bbox 2990 4064 3049 4110; x_wconf 89' lang='lat' dir='ltr'><strong>ut</strong></span> <span class='ocrx_word' id='word_1_667' title='bbox 3077 4070 3198 4111; x_wconf 89' lang='lat' dir='ltr'><strong>reos</strong></span> <span class='ocrx_word' id='word_1_668' title='bbox 3225 4055 3474 4126; x_wconf 89' lang='lat' dir='ltr'><strong>puniant.</strong></span> 
     </span>
    </p>
   </div>
   <div class='ocr_carea' id='block_1_97' title="bbox 2178 4240 3693 4315">
    <p class='ocr_par' dir='ltr' id='par_1_97' title="bbox 2178 4240 3693 4315">
     <span class='ocr_line' id='line_1_97' title="bbox 2178 4240 3693 4315; baseline 0.003 -18"><span class='ocrx_word' id='word_1_669' title='bbox 2178 4242 2231 4300; x_wconf 87' lang='lat'><em>6.</em></span> <span class='ocrx_word' id='word_1_670' title='bbox 2268 4240 2323 4297; x_wconf 92' lang='lat' dir='ltr'><strong>Si</strong></span> <span class='ocrx_word' id='word_1_671' title='bbox 2357 4243 2483 4313; x_wconf 86' lang='lat' dir='ltr'><strong>quis</strong></span> <span class='ocrx_word' id='word_1_672' title='bbox 2536 4254 2717 4299; x_wconf 90' lang='lat' dir='ltr'><strong>autem</strong></span> <span class='ocrx_word' id='word_1_673' title='bbox 2766 4259 2891 4298; x_wconf 88' lang='lat' dir='ltr'><strong>cum</strong></span> <span class='ocrx_word' id='word_1_674' title='bbox 2936 4246 3033 4314; x_wconf 88' lang='lat' dir='ltr'><strong>qui</strong></span> <span class='ocrx_word' id='word_1_675' title='bbox 3080 4244 3357 4315; x_wconf 89' lang='lat' dir='ltr'><strong>publicum</strong></span> <span class='ocrx_word' id='word_1_676' title='bbox 3411 4244 3693 4301; x_wconf 88' lang='lat' dir='ltr'><strong>metallum</strong></span> 
     </span>
    </p>
   </div>
   <div class='ocr_carea' id='block_1_98' title="bbox 2108 4336 3697 4407">
    <p class='ocr_par' dir='ltr' id='par_1_98' title="bbox 2108 4336 3697 4407">
     <span class='ocr_line' id='line_1_98' title="bbox 2108 4336 3697 4407; baseline 0.001 -16"><span class='ocrx_word' id='word_1_677' title='bbox 2108 4336 2324 4392; x_wconf 74' lang='lat' dir='ltr'><strong>suﬂ‘odit</strong></span> <span class='ocrx_word' id='word_1_678' title='bbox 2355 4336 2437 4391; x_wconf 85' lang='lat' dir='ltr'><strong>vel</strong></span> <span class='ocrx_word' id='word_1_679' title='bbox 2471 4337 2746 4407; x_wconf 89' lang='lat' dir='ltr'><strong>publicum</strong></span> <span class='ocrx_word' id='word_1_680' title='bbox 2802 4338 3094 4392; x_wconf 64' lang='lat' dir='ltr'><strong>aedilicium</strong></span> <span class='ocrx_word' id='word_1_681' title='bbox 3133 4337 3237 4393; x_wconf 90' lang='lat' dir='ltr'><strong>sibi</strong></span> <span class='ocrx_word' id='word_1_682' title='bbox 3285 4337 3550 4406; x_wconf 85' lang='lat' dir='ltr'><strong>vindicat,</strong></span> <span class='ocrx_word' id='word_1_683' title='bbox 3611 4341 3697 4393; x_wconf 86' lang='lat' dir='ltr'><strong>vel</strong></span> 
     </span>
    </p>
   </div>
   <div class='ocr_carea' id='block_1_99' title="bbox 2110 4427 3697 4499">
    <p class='ocr_par' dir='ltr' id='par_1_99' title="bbox 2110 4427 3697 4499">
     <span class='ocr_line' id='line_1_99' title="bbox 2110 4427 3697 4499; baseline 0.001 -17"><span class='ocrx_word' id='word_1_684' title='bbox 2110 4427 2329 4483; x_wconf 89' lang='lat' dir='ltr'><strong>tutelam</strong></span> <span class='ocrx_word' id='word_1_685' title='bbox 2369 4427 2511 4483; x_wconf 91' lang='lat' dir='ltr'><strong>male</strong></span> <span class='ocrx_word' id='word_1_686' title='bbox 2537 4429 2724 4499; x_wconf 81' lang='lat' dir='ltr'><strong>gessit,</strong></span> <span class='ocrx_word' id='word_1_687' title='bbox 2751 4428 2803 4483; x_wconf 88' lang='lat' dir='ltr'><strong>in</strong></span> <span class='ocrx_word' id='word_1_688' title='bbox 2830 4429 3068 4483; x_wconf 88' lang='lat' dir='ltr'><strong>tribunal</strong></span> <span class='ocrx_word' id='word_1_689' title='bbox 3094 4430 3345 4498; x_wconf 81' lang='lat' dir='ltr'><strong>adduxit,</strong></span> <span class='ocrx_word' id='word_1_690' title='bbox 3378 4430 3471 4488; x_wconf 87' lang='lat' dir='ltr'><strong>ille</strong></span> <span class='ocrx_word' id='word_1_691' title='bbox 3494 4430 3697 4492; x_wconf 87' lang='lat' dir='ltr'><strong>dicitur</strong></span> 
     </span>
    </p>
   </div>
   <div class='ocr_carea' id='block_1_100' title="bbox 2109 4520 3696 4596">
    <p class='ocr_par' dir='ltr' id='par_1_100' title="bbox 2109 4520 3696 4596">
     <span class='ocr_line' id='line_1_100' title="bbox 2109 4520 3696 4596; baseline 0.001 -20"><span class='ocrx_word' id='word_1_692' title='bbox 2109 4537 2260 4577; x_wconf 85' lang='lat' dir='ltr'><strong>reum</strong></span> <span class='ocrx_word' id='word_1_693' title='bbox 2280 4520 2671 4589; x_wconf 79' lang='lat' dir='ltr'><strong>manifestare;</strong></span> <span class='ocrx_word' id='word_1_694' title='bbox 2701 4532 2754 4578; x_wconf 91' lang='lat' dir='ltr'><strong>et</strong></span> <span class='ocrx_word' id='word_1_695' title='bbox 2781 4538 2844 4577; x_wconf 88' lang='lat' dir='ltr'><strong>ea</strong></span> <span class='ocrx_word' id='word_1_696' title='bbox 2874 4523 3020 4579; x_wconf 87' lang='lat' dir='ltr'><strong>actio</strong></span> <span class='ocrx_word' id='word_1_697' title='bbox 3044 4523 3168 4578; x_wconf 90' lang='lat' dir='ltr'><strong>inde</strong></span> <span class='ocrx_word' id='word_1_698' title='bbox 3202 4532 3549 4596; x_wconf 85' lang='lat' dir='ltr'><strong>nuncupatur</strong></span> <span class='ocrx_word' id='word_1_699' title='bbox 3576 4539 3696 4579; x_wconf 53' lang='lat' dir='ltr'><strong>ma.</strong></span> 
     </span>
    </p>
   </div>
   <div class='ocr_carea' id='block_1_101' title="bbox 2030 4612 2405 4692">
    <p class='ocr_par' dir='ltr' id='par_1_101' title="bbox 2030 4612 2405 4692">
     <span class='ocr_line' id='line_1_101' title="bbox 2030 4612 2405 4692; baseline -0.003 -25"><span class='ocrx_word' id='word_1_700' title='bbox 2030 4635 2077 4692; x_wconf 67' lang='grc' dir='ltr'><strong>χ)</strong></span> <span class='ocrx_word' id='word_1_701' title='bbox 2110 4612 2405 4669; x_wconf 81' lang='lat' dir='ltr'><strong>nilestatio.</strong></span> 
     </span>
    </p>
   </div>
   <div class='ocr_carea' id='block_1_102' title="bbox 2177 4705 3691 4779">
    <p class='ocr_par' dir='ltr' id='par_1_102' title="bbox 2177 4705 3691 4779">
     <span class='ocr_line' id='line_1_102' title="bbox 2177 4705 3691 4779; baseline 0.003 -19"><span class='ocrx_word' id='word_1_702' title='bbox 2177 4707 2231 4761; x_wconf 91' lang='lat'><strong>7.</strong></span> <span class='ocrx_word' id='word_1_703' title='bbox 2268 4707 2323 4763; x_wconf 91' lang='lat' dir='ltr'><strong>Si</strong></span> <span class='ocrx_word' id='word_1_704' title='bbox 2343 4705 2466 4776; x_wconf 88' lang='lat' dir='ltr'><strong>quis</strong></span> <span class='ocrx_word' id='word_1_705' title='bbox 2486 4715 2665 4761; x_wconf 89' lang='lat' dir='ltr'><strong>autem</strong></span> <span class='ocrx_word' id='word_1_706' title='bbox 2700 4706 2999 4762; x_wconf 88' lang='lat' dir='ltr'><strong>secundum</strong></span> <span class='ocrx_word' id='word_1_707' title='bbox 3032 4706 3178 4779; x_wconf 78' lang='lat' dir='ltr'><strong>leges</strong></span> <span class='ocrx_word' id='word_1_708' title='bbox 3208 4708 3476 4765; x_wconf 82' lang='lat' dir='ltr'><strong>dedecore</strong></span> <span class='ocrx_word' id='word_1_709' title='bbox 3506 4708 3691 4765; x_wconf 80' lang='lat' dir='ltr'><strong>allice-</strong></span> 
     </span>
    </p>
   </div>
   <div class='ocr_carea' id='block_1_103' title="bbox 2107 4798 3692 4873">
    <p class='ocr_par' dir='ltr' id='par_1_103' title="bbox 2107 4798 3692 4873">
     <span class='ocr_line' id='line_1_103' title="bbox 2107 4798 3692 4873; baseline 0.001 -17"><span class='ocrx_word' id='word_1_710' title='bbox 2107 4812 2258 4856; x_wconf 88' lang='lat' dir='ltr'><strong>retur</strong></span> <span class='ocrx_word' id='word_1_711' title='bbox 2282 4798 2418 4854; x_wconf 86' lang='lat' dir='ltr'><strong>male</strong></span> <span class='ocrx_word' id='word_1_712' title='bbox 2438 4808 2603 4869; x_wconf 73' lang='lat' dir='ltr'><strong>gesta:</strong></span> <span class='ocrx_word' id='word_1_713' title='bbox 2627 4798 2922 4871; x_wconf 84' lang='lat' dir='ltr'><strong>legationis</strong></span> <span class='ocrx_word' id='word_1_714' title='bbox 2959 4816 3122 4856; x_wconf 87' lang='lat' dir='ltr'><strong>causa</strong></span> <span class='ocrx_word' id='word_1_715' title='bbox 3141 4812 3234 4857; x_wconf 88' lang='lat' dir='ltr'><strong>aut</strong></span> <span class='ocrx_word' id='word_1_716' title='bbox 3262 4801 3692 4873; x_wconf 82' lang='lat' dir='ltr'><strong>prostitutiouis,</strong></span> 
     </span>
    </p>
   </div>
   <div class='ocr_carea' id='block_1_104' title="bbox 2108 4890 3696 4959">
    <p class='ocr_par' dir='ltr' id='par_1_104' title="bbox 2108 4890 3696 4959">
     <span class='ocr_line' id='line_1_104' title="bbox 2108 4890 3696 4959; baseline 0 -14"><span class='ocrx_word' id='word_1_717' title='bbox 2108 4901 2201 4947; x_wconf 92' lang='lat' dir='ltr'><strong>aut</strong></span> <span class='ocrx_word' id='word_1_718' title='bbox 2237 4906 2341 4946; x_wconf 87' lang='lat' dir='ltr'><strong>non</strong></span> <span class='ocrx_word' id='word_1_719' title='bbox 2376 4891 2570 4946; x_wconf 66' lang='lat' dir='ltr'><strong>solutae</strong></span> <span class='ocrx_word' id='word_1_720' title='bbox 2616 4890 2815 4946; x_wconf 68' lang='lat' dir='ltr'><strong>aerario</strong></span> <span class='ocrx_word' id='word_1_721' title='bbox 2842 4890 3070 4957; x_wconf 66' lang='lat' dir='ltr'><strong>.multaz,</strong></span> <span class='ocrx_word' id='word_1_722' title='bbox 3136 4891 3220 4947; x_wconf 88' lang='lat' dir='ltr'><strong>vel</strong></span> <span class='ocrx_word' id='word_1_723' title='bbox 3254 4900 3448 4947; x_wconf 84' lang='lat' dir='ltr'><strong>contra</strong></span> <span class='ocrx_word' id='word_1_724' title='bbox 3476 4906 3696 4959; x_wconf 86' lang='lat' dir='ltr'><strong>permu-</strong></span> 
     </span>
    </p>
   </div>
   <div class='ocr_carea' id='block_1_105' title="bbox 2110 4979 3694 5051">
    <p class='ocr_par' dir='ltr' id='par_1_105' title="bbox 2110 4979 3694 5051">
     <span class='ocr_line' id='line_1_105' title="bbox 2110 4979 3694 5051; baseline -0.001 -13"><span class='ocrx_word' id='word_1_725' title='bbox 2110 4992 2289 5038; x_wconf 88' lang='lat' dir='ltr'><strong>tantes</strong></span> <span class='ocrx_word' id='word_1_726' title='bbox 2322 4981 2534 5051; x_wconf 68' lang='lat' dir='ltr'><strong>injustaz</strong></span> <span class='ocrx_word' id='word_1_727' title='bbox 2560 4981 2731 5045; x_wconf 86' lang='lat' dir='ltr'><strong>vocis,</strong></span> <span class='ocrx_word' id='word_1_728' title='bbox 2761 4989 2813 5035; x_wconf 90' lang='lat' dir='ltr'><strong>et</strong></span> <span class='ocrx_word' id='word_1_729' title='bbox 2850 4981 2904 5036; x_wconf 86' lang='lat' dir='ltr'><strong>in</strong></span> <span class='ocrx_word' id='word_1_730' title='bbox 2930 4980 3173 5036; x_wconf 87' lang='lat' dir='ltr'><strong>tribunal</strong></span> <span class='ocrx_word' id='word_1_731' title='bbox 3206 4979 3523 5045; x_wconf 85' lang='lat' dir='ltr'><strong>duceretur,</strong></span> <span class='ocrx_word' id='word_1_732' title='bbox 3552 4980 3694 5036; x_wconf 86' lang='lat' dir='ltr'><strong>indi-</strong></span> 
     </span>
    </p>
   </div>
   <div class='ocr_carea' id='block_1_106' title="bbox 2108 5072 3692 5144">
    <p class='ocr_par' dir='ltr' id='par_1_106' title="bbox 2108 5072 3692 5144">
     <span class='ocr_line' id='line_1_106' title="bbox 2108 5072 3692 5144; baseline -0.002 -12"><span class='ocrx_word' id='word_1_733' title='bbox 2108 5076 2311 5132; x_wconf 78' lang='lat' dir='ltr'><strong>cationi</strong></span> <span class='ocrx_word' id='word_1_734' title='bbox 2367 5073 2720 5142; x_wconf 89' lang='lat' dir='ltr'><strong>subjacebat;</strong></span> <span class='ocrx_word' id='word_1_735' title='bbox 2762 5085 2817 5128; x_wconf 89' lang='lat' dir='ltr'><strong>et</strong></span> <span class='ocrx_word' id='word_1_736' title='bbox 2871 5074 3036 5144; x_wconf 82' lang='lat' dir='ltr'><strong>hujus</strong></span> <span class='ocrx_word' id='word_1_737' title='bbox 3066 5072 3436 5130; x_wconf 86' lang='lat' dir='ltr'><strong>accusationis</strong></span> <span class='ocrx_word' id='word_1_738' title='bbox 3492 5086 3692 5129; x_wconf 87' lang='lat' dir='ltr'><strong>nomen</strong></span> 
     </span>
    </p>
   </div>
   <div class='ocr_carea' id='block_1_107' title="bbox 2108 5168 2537 5225">
    <p class='ocr_par' dir='ltr' id='par_1_107' title="bbox 2108 5168 2537 5225">
     <span class='ocr_line' id='line_1_107' title="bbox 2108 5168 2537 5225; baseline -0.002 -1"><span class='ocrx_word' id='word_1_739' title='bbox 2108 5178 2227 5225; x_wconf 88' lang='lat' dir='ltr'><strong>erat</strong></span> <span class='ocrx_word' id='word_1_740' title='bbox 2258 5168 2537 5224; x_wconf 86' lang='lat' dir='ltr'><strong>iudicatio.</strong></span> 
     </span>
    </p>
   </div>
   <div class='ocr_carea' id='block_1_108' title="bbox 2177 5256 3694 5328">
    <p class='ocr_par' dir='ltr' id='par_1_108' title="bbox 2177 5256 3694 5328">
     <span class='ocr_line' id='line_1_108' title="bbox 2177 5256 3694 5328; baseline -0.003 -11"><span class='ocrx_word' id='word_1_741' title='bbox 2177 5262 2232 5317; x_wconf 89' lang='lat'><strong>8.</strong></span> <span class='ocrx_word' id='word_1_742' title='bbox 2274 5260 2540 5316; x_wconf 83' lang='lat' dir='ltr'><strong>Adductiu</strong></span> <span class='ocrx_word' id='word_1_743' title='bbox 2567 5260 2798 5315; x_wconf 88' lang='lat' dir='ltr'><strong>dabatur</strong></span> <span class='ocrx_word' id='word_1_744' title='bbox 2829 5270 3020 5315; x_wconf 83' lang='lat' dir='ltr'><strong>contra</strong></span> <span class='ocrx_word' id='word_1_745' title='bbox 3044 5273 3139 5315; x_wconf 86' lang='lat' dir='ltr'><strong>eos</strong></span> <span class='ocrx_word' id='word_1_746' title='bbox 3191 5258 3285 5328; x_wconf 91' lang='lat' dir='ltr'><strong>qui</strong></span> <span class='ocrx_word' id='word_1_747' title='bbox 3334 5257 3577 5314; x_wconf 84' lang='lat' dir='ltr'><strong>exsulem</strong></span> <span class='ocrx_word' id='word_1_748' title='bbox 3607 5256 3694 5313; x_wconf 82' lang='lat' dir='ltr'><strong>ci-</strong></span> 
     </span>
    </p>
   </div>
   <div class='ocr_carea' id='block_1_109' title="bbox 2108 5351 3695 5423">
    <p class='ocr_par' dir='ltr' id='par_1_109' title="bbox 2108 5351 3695 5423">
     <span class='ocr_line' id='line_1_109' title="bbox 2108 5351 3695 5423; baseline -0.003 -13"><span class='ocrx_word' id='word_1_749' title='bbox 2108 5354 2292 5410; x_wconf 89' lang='lat' dir='ltr'><strong>vitatis</strong></span> <span class='ocrx_word' id='word_1_750' title='bbox 2311 5361 2648 5423; x_wconf 85' lang='lat' dir='ltr'><strong>receperant,</strong></span> <span class='ocrx_word' id='word_1_751' title='bbox 2678 5352 2761 5408; x_wconf 89' lang='lat' dir='ltr'><strong>vel</strong></span> <span class='ocrx_word' id='word_1_752' title='bbox 2792 5355 2931 5409; x_wconf 89' lang='lat' dir='ltr'><strong>clam</strong></span> <span class='ocrx_word' id='word_1_753' title='bbox 2962 5368 3074 5409; x_wconf 90' lang='lat' dir='ltr'><strong>rem</strong></span> <span class='ocrx_word' id='word_1_754' title='bbox 3106 5352 3379 5423; x_wconf 84' lang='lat' dir='ltr'><strong>publicam</strong></span> <span class='ocrx_word' id='word_1_755' title='bbox 3407 5351 3695 5423; x_wconf 45' lang='lat' dir='ltr'><strong>subripue‘</strong></span> 
     </span>
    </p>
   </div>
   <div class='ocr_carea' id='block_1_110' title="bbox 2107 5458 2252 5504">
    <p class='ocr_par' dir='ltr' id='par_1_110' title="bbox 2107 5458 2252 5504">
     <span class='ocr_line' id='line_1_110' title="bbox 2107 5458 2252 5504; baseline -0.021 0"><span class='ocrx_word' id='word_1_756' title='bbox 2107 5458 2252 5504; x_wconf 88' lang='lat' dir='ltr'><strong>rant.</strong></span> 
     </span>
    </p>
   </div>
   <div class='ocr_carea' id='block_1_111' title="bbox 2181 5534 3694 5611">
    <p class='ocr_par' dir='ltr' id='par_1_111' title="bbox 2181 5534 3694 5611">
     <span class='ocr_line' id='line_1_111' title="bbox 2181 5534 3694 5611; baseline -0.003 -16"><span class='ocrx_word' id='word_1_757' title='bbox 2181 5540 2234 5595; x_wconf 90' lang='lat'><strong>9.</strong></span> <span class='ocrx_word' id='word_1_758' title='bbox 2274 5539 2348 5595; x_wconf 91' lang='lat' dir='ltr'><strong>De</strong></span> <span class='ocrx_word' id='word_1_759' title='bbox 2377 5539 2696 5595; x_wconf 86' lang='lat' dir='ltr'><strong>recensione</strong></span> <span class='ocrx_word' id='word_1_760' title='bbox 2714 5547 2771 5595; x_wconf 86' lang='lat' dir='ltr'><strong>et</strong></span> <span class='ocrx_word' id='word_1_761' title='bbox 2796 5539 3093 5611; x_wconf 89' lang='lat' dir='ltr'><strong>rejectione</strong></span> <span class='ocrx_word' id='word_1_762' title='bbox 3119 5547 3175 5595; x_wconf 88' lang='lat' dir='ltr'><strong>et</strong></span> <span class='ocrx_word' id='word_1_763' title='bbox 3204 5535 3592 5610; x_wconf 86' lang='lat' dir='ltr'><strong>provocatione</strong></span> <span class='ocrx_word' id='word_1_764' title='bbox 3612 5534 3694 5591; x_wconf 86' lang='lat' dir='ltr'><strong>sic</strong></span> 
     </span>
    </p>
   </div>
   <div class='ocr_carea' id='block_1_112' title="bbox 2109 5629 3695 5705">
    <p class='ocr_par' dir='ltr' id='par_1_112' title="bbox 2109 5629 3695 5705">
     <span class='ocr_line' id='line_1_112' title="bbox 2109 5629 3695 5705; baseline -0.005 -14"><span class='ocrx_word' id='word_1_765' title='bbox 2109 5632 2551 5705; x_wconf 76' lang='lat' dir='ltr'><strong>distinguendum</strong></span> <span class='ocrx_word' id='word_1_766' title='bbox 2580 5644 2638 5688; x_wconf 88' lang='lat' dir='ltr'><strong>et</strong></span> <span class='ocrx_word' id='word_1_767' title='bbox 2667 5634 3045 5704; x_wconf 81' lang='lat' dir='ltr'><strong>explicandum</strong></span> <span class='ocrx_word' id='word_1_768' title='bbox 3074 5640 3176 5689; x_wconf 89' lang='lat' dir='ltr'><strong>est.</strong></span> <span class='ocrx_word' id='word_1_769' title='bbox 3211 5631 3410 5687; x_wconf 89' lang='lat' dir='ltr'><strong>Tribus</strong></span> <span class='ocrx_word' id='word_1_770' title='bbox 3441 5629 3695 5703; x_wconf 74' lang='lat' dir='ltr'><strong>qumdam</strong></span> 
     </span>
    </p>
   </div>
   <div class='ocr_carea' id='block_1_113' title="bbox 2109 5720 3692 5797">
    <p class='ocr_par' dir='ltr' id='par_1_113' title="bbox 2109 5720 3692 5797">
     <span class='ocr_line' id='line_1_113' title="bbox 2109 5720 3692 5797; baseline -0.005 -16"><span class='ocrx_word' id='word_1_771' title='bbox 2109 5725 2252 5797; x_wconf 87' lang='lat' dir='ltr'><strong>apud</strong></span> <span class='ocrx_word' id='word_1_772' title='bbox 2283 5724 2496 5779; x_wconf 85' lang='lat' dir='ltr'><strong>Atticos</strong></span> <span class='ocrx_word' id='word_1_773' title='bbox 2538 5730 2699 5777; x_wconf 89' lang='lat' dir='ltr'><strong>erant</strong></span> <span class='ocrx_word' id='word_1_774' title='bbox 2740 5731 2794 5777; x_wconf 90' lang='lat' dir='ltr'><strong>et</strong></span> <span class='ocrx_word' id='word_1_775' title='bbox 2825 5723 2992 5778; x_wconf 69' lang='lat' dir='ltr'><strong>curiae</strong></span> <span class='ocrx_word' id='word_1_776' title='bbox 3018 5730 3073 5778; x_wconf 92' lang='lat' dir='ltr'><strong>et</strong></span> <span class='ocrx_word' id='word_1_777' title='bbox 3101 5722 3245 5778; x_wconf 88' lang='lat' dir='ltr'><strong>demi</strong></span> <span class='ocrx_word' id='word_1_778' title='bbox 3277 5730 3331 5777; x_wconf 91' lang='lat' dir='ltr'><strong>ct</strong></span> <span class='ocrx_word' id='word_1_779' title='bbox 3391 5720 3692 5785; x_wconf 87' lang='lat' dir='ltr'><strong>terniunes,</strong></span> 
     </span>
    </p>
   </div>
   <div class='ocr_carea' id='block_1_114' title="bbox 2109 5812 3694 5889">
    <p class='ocr_par' dir='ltr' id='par_1_114' title="bbox 2109 5812 3694 5889">
     <span class='ocr_line' id='line_1_114' title="bbox 2109 5812 3694 5889; baseline -0.003 -17"><span class='ocrx_word' id='word_1_780' title='bbox 2109 5833 2341 5889; x_wconf 90' lang='lat' dir='ltr'><strong>quarum</strong></span> <span class='ocrx_word' id='word_1_781' title='bbox 2408 5817 2475 5873; x_wconf 86' lang='lat' dir='ltr'><strong>ad</strong></span> <span class='ocrx_word' id='word_1_782' title='bbox 2528 5814 2837 5887; x_wconf 79' lang='lat' dir='ltr'><strong>exemplum</strong></span> <span class='ocrx_word' id='word_1_783' title='bbox 2905 5817 3113 5886; x_wconf 90' lang='lat' dir='ltr'><strong>primus</strong></span> <span class='ocrx_word' id='word_1_784' title='bbox 3193 5816 3285 5886; x_wconf 91' lang='lat' dir='ltr'><strong>qui</strong></span> <span class='ocrx_word' id='word_1_785' title='bbox 3335 5814 3521 5869; x_wconf 67' lang='lat' dir='ltr'><strong>Romae</strong></span> <span class='ocrx_word' id='word_1_786' title='bbox 3586 5812 3694 5867; x_wconf 85' lang='lat' dir='ltr'><strong>itu-</strong></span> 
     </span>
    </p>
   </div>
   <div class='ocr_carea' id='block_1_115' title="bbox 2111 5904 3693 5982">
    <p class='ocr_par' dir='ltr' id='par_1_115' title="bbox 2111 5904 3693 5982">
     <span class='ocr_line' id='line_1_115' title="bbox 2111 5904 3693 5982; baseline -0.006 -16"><span class='ocrx_word' id='word_1_787' title='bbox 2111 5908 2327 5982; x_wconf 84' lang='lat' dir='ltr'><strong>pcravit</strong></span> <span class='ocrx_word' id='word_1_788' title='bbox 2379 5906 2664 5964; x_wconf 81' lang='lat' dir='ltr'><strong>fundatam</strong></span> <span class='ocrx_word' id='word_1_789' title='bbox 2695 5905 2764 5964; x_wconf 86' lang='lat' dir='ltr'><strong>ab</strong></span> <span class='ocrx_word' id='word_1_790' title='bbox 2807 5906 2932 5978; x_wconf 81' lang='lat' dir='ltr'><strong>ipso</strong></span> <span class='ocrx_word' id='word_1_791' title='bbox 2967 5907 3158 5963; x_wconf 87' lang='lat' dir='ltr'><strong>urbem</strong></span> <span class='ocrx_word' id='word_1_792' title='bbox 3191 5906 3448 5964; x_wconf 84' lang='lat' dir='ltr'><strong>instituit.</strong></span> <span class='ocrx_word' id='word_1_793' title='bbox 3500 5904 3693 5959; x_wconf 83' lang='lat' dir='ltr'><strong>Demo-</strong></span> 
     </span>
    </p>
   </div>
  </div>
