4430 6448
767 396 895 461 1011

2027 393 2449 456 ΜΙΕΠΑΕῌΞ
2490 400 2761 461 PSELLI

3894 398 4032 460 1012

760 532 879 570 rum
913 532 1054 572 unus
1073 517 1286 585 quidem
1311 514 1808 582 Acltarneus,alter
1837 513 2144 569 Eleusinius
2164 512 2336 566 nomi-
2364 515 2413 572 Α
2444 532 2509 583 σμ

2279 512 2336 565 ιί-
2364 515 2413 572 Α
2444 532 2647 585 σμησε.
2692 515 2815 569 Τῶν
2854 516 2908 568 δὲ
2940 515 3129 586 δήμων
3174 516 3198 567 ὁ
3239 513 3338 583 μέν
3386 531 3472 576 τις
3537 513 3856 583 Ἀχαρνεὺς,
3896 514 3923 565 ὀ
3972 513 4028 568 δὲ

764 616 945 670 natus,
976 610 1115 662 unde
1164 608 1311 663 cives
1365 617 1420 663 et
1474 605 1898 662 nominabantur
1940 604 2217 658 Acharnes
2282 614 2339 657 et

763 700 1075 766 Eleusinei;
1107 709 1163 755 et
1195 701 1248 754 in
1285 700 1556 755 columnis
1584 698 1934 753 versatilibus
1965 695 2160 751 civium
2192 696 2336 748 asci-

764 797 941 842 torum
978 788 1197 842 nomina
1223 789 1684 844 inscribebantur.
1721 790 1788 844 Et
1818 788 1862 843 si
1891 788 2015 853 quis
2043 785 2338 854 inscriptus

743 881 1170 949 peregrinitatis
1192 883 1546 951 arguebatur,
1586 898 1712 937 eum
1760 879 2206 948 accusabantqui
2246 892 2333 931 su-

764 971 1138 1040 spicabantur,
1176 980 1229 1025 et
1261 973 1372 1026 haec
1427 974 1706 1027 accusatio
1733 980 1849 1026 erat
1898 969 2162 1026 recensio.
2200 967 2265 1021 Et
2297 967 2338 1020 si

762 1064 921 1133 plura
953 1063 1210 1134 suﬂ'ragia
1238 1065 1566 1119 recensitum
1595 1065 1959 1133 expellebant,
1999 1064 2114 1117 haec
2153 1060 2344 1127 expul-

764 1158 847 1211 sio
896 1157 1119 1227 rejectio
1151 1156 1459 1212 dicebatur.
1495 1156 1548 1211 Si
1586 1168 1770 1212 autem
1826 1158 2061 1227 rejectns
2093 1172 2120 1208 a
2170 1154 2343 1209 demis

766 1249 835 1303 ad
879 1263 1171 1304 commune
1228 1249 1465 1303 tribunal
1524 1249 1975 1313 transferebatur,
2040 1260 2344 1317 provocare

766 1341 1085 1410 dicebatur,
1142 1352 1196 1397 et
1254 1357 1316 1397 ca
1371 1343 1656 1397 translatio
1722 1345 2037 1411 provocatio
2095 1339 2344 1391 nomina-

766 1438 945 1491 batur.

837 1524 923 1579 10.
958 1525 1059 1592 Qui
1124 1534 1304 1581 autem
1374 1523 1589 1591 aliquod
1653 1537 1849 1574 munus
1896 1522 2168 1590 publicum
2200 1521 2345 1575 subi-

766 1616 922 1681 bant,
994 1616 1083 1685 qui
1148 1616 1356 1669 triremi
1414 1622 1683 1683 praeerant
1743 1612 1823 1665 vel
1874 1612 2159 1666 tediticium
2213 1626 2346 1664 con-

766 1705 1078 1773 struebant,
1098 1707 1344 1761 muneris
1376 1706 1460 1759 sui
1493 1716 1704 1774 tempus
1734 1702 2225 1774 procrastinabant,
2256 1715 2349 1755 ac-

766 1808 1055 1855 cusatores
1089 1798 1196 1853 illis
1226 1797 1676 1866 disceptationem
1713 1810 1930 1849 movere
1954 1788 2371 1849 existimaban-'

768 1903 879 1946 Illl'.

840 1984 929 2037 Η.
978 1976 1314 2049 Objectionis
1346 1994 1525 2036 autem
1559 1988 1612 2035 et
1645 1994 1738 2049 per
1788 1977 2053 2047 suffragia
2087 1974 2347 2030 condem-

769 2076 1005 2130 nationis
1038 2076 1153 2131 haec
1183 2082 1265 2130 est
1293 2074 1620 2129 differentia.
1652 2071 1899 2140 Objectio
1932 2072 1990 2125 tit
2020 2071 2085 2124 de
2118 2069 2348 2139 cognitis

770 2169 1013 2222 accusati
1043 2166 1294 2235 injuriis;
1323 2165 1711 2221 condemnatio
1736 2173 1915 2219 autem
1939 2160 2349 2218 estcommunis

770 2260 1015 2331 suffragii
1048 2260 1225 2329 populi
1264 2266 1454 2314 contra
1486 2274 1609 2313 cum
1643 2258 1962 2311 declaratio.

843 2354 932 2408 12.
965 2353 1285 2408 lntentionis
1317 2351 1559 2421 depulsio
1590 2360 1644 2405 et
1674 2350 1925 2417 exceptio
1956 2348 2180 2402 multum
2210 2348 2351 2402 inter

772 2462 831 2500 se
861 2444 1147 2499 diﬂ‘crunt.
1176 2444 1443 2499 Discretio
1472 2444 1620 2498 enim
1651 2432 2014 2512 iudicantium
2043 2439 2351 2495 communis

672 2579 677 2583 ρ
775 2539 841 2592 de
889 2554 947 2592 re
981 2537 1219 2592 nondum
1250 2536 1314 2589 ad
1348 2536 1588 2589 tribunal
1618 2533 1950 2598 introducta,
1984 2540 2066 2587 est
2098 2532 2355 2585 intentio-

776 2631 861 2685 nis
894 2628 1171 2697 depulsio;
1205 2640 1325 2695 quae
1365 2637 1545 2679 autem
1588 2624 1645 2678 ﬁt
1692 2624 1758 2678 de
1801 2624 1963 2678 rebus
1992 2620 2254 2693 judiralis
2299 2629 2353 2673 et

777 2722 1076 2776 secundum
1110 2718 1257 2789 leges
1292 2717 1658 2786 pronuntiatis
1709 2716 1947 2771 secunda
1996 2714 2248 2767 tractatio
2299 2722 2353 2766 et

779 2813 1046 2867 discussio
1080 2821 1302 2880 vocatur
1327 2808 1596 2877 exceptio.
1632 2808 1895 2877 Excipere
1923 2817 2101 2860 autem
2127 2804 2354 2874 permit-

780 2905 911 2957 titur
944 2903 1011 2957 iis
1041 2902 1131 2972 qui
1163 2902 1226 2955 de
1254 2914 1317 2954 eo
1350 2898 1591 2954 accusati
1641 2908 1772 2954 sunt
1825 2899 1969 2968 quod
2031 2896 2177 2950 nulla
2237 2895 2355 2964 lege

781 3005 1043 3051 statutum
1078 3005 1178 3050 εει.

852 3185 938 3238 15.
966 3184 1122 3237 Actio
1156 3197 1258 3237 non
1294 3181 1481 3251 scripti
1537 3180 1659 3235 talis
1687 3188 1823 3235 erat.
1860 3178 2061 3231 Tabula
2113 3177 2351 3246 singulo-
2386 3204 2430 3261 ο

782 3293 904 3331 rum
935 3275 1291 3330 tribunalium
1359 3273 1554 3343 parieti
1606 3272 1820 3327 cuidam
1870 3270 2265 3340 applieabatnr,
2302 3278 2356 3322 et

782 3373 898 3440 ejus
924 3373 1013 3441 qui
1048 3386 1114 3426 ex
1166 3371 1440 3426 sententia
1488 3368 1707 3439 publico
1737 3367 1933 3422 aerario
1997 3365 2230 3420 debebat
2283 3365 2355 3418 ibi

790 3480 993 3519 nomen
1050 3464 1375 3533 inscriptum
1431 3471 1572 3524 erat,
1630 3471 1684 3517 et
1737 3460 1887 3528 juxta
1944 3474 2139 3513 nomen
2191 3456 2355 3510 debiti

784 3560 1087 3629 quantitas.
1147 3556 1206 3612 Si
1285 3556 1411 3627 quis
1478 3566 1655 3610 autem
1708 3555 1908 3607 debens
1960 3561 2010 3605 et
2064 3550 2359 3617 inscriptus

786 3650 1202 3718 inscriptionem
1234 3648 1372 3701 clam
1409 3645 1756 3705 abolevisset,
1808 3644 1967 3709 hujus
2014 3642 2186 3709 culpae
2234 3653 2358 3693 reus

786 3741 999 3796 actione
1024 3755 1127 3794 non
1151 3739 1334 3807 scripti
1373 3737 1751 3791 accusabatur.

857 3836 946 3890 Η.
982 3834 1081 3899 Qui
1110 3831 1338 3885 fundum
1394 3841 1485 3883 aut
1543 3830 1760 3884 domum
1794 3842 1859 3880 ex
1914 3823 2362 3878 rondemuatione

788 3924 1137 3996 excipiebant
1172 3938 1266 3993 per
1300 3921 1573 3978 interdicti
1612 3921 1878 3975 actionem
1912 3919 2242 3973 accusabant
2269 3930 2364 3971 eos

786 4023 876 4090 qui
908 4022 1056 4088 ipsos
1076 4018 1201 4073 inde
1227 4016 1569 4086 expulerant.
1603 4013 1844 4068 Priscum
1872 4022 1927 4066 et
1965 4012 2202 4064 Atticum
2235 4024 2362 4063 ver-

787 4116 913 4169 bum
967 4121 1050 4167 est
1110 4126 1320 4175 arcere,
1368 4109 1512 4177 quod
1558 4106 1759 4176 posteri
1808 4106 1859 4159 in
1905 4104 2147 4158 Graecum
2196 4102 2364 4171 magis

788 4208 1016 4261 verbum
1042 4211 1410 4266 mutaverunt,
1445 4215 1637 4271 nempe
1668 4198 1896 4266 ἐξελεῖν,
1934 4195 1985 4250 id
2034 4204 2117 4249 est
2148 4194 2364 4247 institu-

790 4301 863 4355 tis
899 4297 1193 4366 expellere.
1896 4358 1897 4363 η

864 4392 950 4446 15.
1004 4390 1059 4444 Si
1097 4390 1219 4458 quis
1273 4396 1452 4441 autem
1487 4398 1676 4440 servus
1731 4381 1894 4436 ﬁebat
1938 4377 2257 4433 insidiarum
2288 4374 2365 4428 le-

793 4482 998 4553 gitimis
1027 4480 1264 4535 dominis
1296 4492 1444 4544 reus,
1483 4473 1851 4531 derelictionis
1881 4470 2023 4525 actio
2051 4485 2113 4524 ea
2146 4484 2233 4523 res
2266 4484 2368 4522 no-

790 4575 1120 4630 minabatur.

866 4670 954 4724 16.
988 4669 1127 4723 Litis
1168 4666 1470 4737 antiquatio
1506 4665 1573 4717 ab
1606 4661 1821 4716 actione
1852 4657 2104 4714 liberatio
2151 4655 2369 4711 diceba-

798 4774 923 4828 tur;
982 4772 1040 4815 ut
1081 4771 1136 4815 et
1163 4761 1445 4814 dicebatur
1479 4752 1717 4809 actionis
1765 4750 2004 4807 cessatio
2038 4749 2367 4804 condemna-

799 4853 959 4909 tionis
992 4851 1250 4905 indicatio
1283 4851 1336 4902 in
1363 4847 1589 4917 privatis
1623 4844 1833 4897 litibus.

867 4946 956 5001 17.
990 4942 1272 4998 Actionem
1294 4942 1539 4997 obtinere
1560 4948 1675 4993 erat
1698 4937 1847 5007 prius
1877 4949 2132 4990 accusare
2159 4952 2173 5000 ;
2201 4931 2370 4987 actio-

800 5054 919 5094 nem
944 5046 1129 5091 contra
1162 5037 1392 5089 obtinere
1422 5043 1540 5088 erat
1565 5030 1938 5087 recriminari:
1967 5028 2157 5081 sortito
2188 5035 2369 5079 autem

805 5131 1046 5185 dividere
1073 5130 1139 5184 de
1173 5128 1479 5182 actionibus
1523 5142 1629 5181 non
1681 5122 1903 5187 dicitur,
1952 5121 2045 5174 sed
2086 5120 2152 5174 de
2192 5133 2371 5172 rerum

802 5222 1209 5278 distributione.
2244 5198 2246 5201 i

872 5315 961 5369 18.
1004 5312 1268 5381 Quoniam
1300 5322 1480 5365 autem
1515 5310 1652 5378 apud
1702 5308 1910 5363 Atticos
1934 5303 2231 5374 antiquitus
2261 5316 2376 5355 mos

804 5415 922 5457 erat
961 5406 1013 5457 in
1048 5403 1407 5457 tribunalibus
1445 5409 1762 5454 accusantes
1788 5394 2142 5465 jurejurando
2175 5390 2375 5446 contir-

808 5512 959 5552 mare
986 5512 1139 5552 suam
1184 5496 1589 5550 accusationem
1628 5507 1749 5545 esse
1789 5503 1972 5543 veram
2024 5495 2074 5539 et
2130 5497 2253 5538 I‘COS
2317 5496 2376 5537 se

808 5587 1011 5640 nullum
1038 5586 1232 5640 falsum
1260 5584 1481 5639 verbum
1509 5584 1574 5636 iis
1595 5580 1940 5651 opposituros
1964 5591 2103 5641 esse,
2125 5588 2379 5627 accusan-

810 5678 881 5731 tis
912 5676 1317 5747 jurejuraudum
1347 5673 1615 5729 diomosia
1669 5667 1969 5729 dicebatur,
2022 5666 2142 5731 ejus
2198 5671 2375 5715 autem

812 5767 989 5835 quise
1021 5766 1365 5833 defendebat,
1415 5763 1733 5819 antomasia.
1786 5760 1842 5814 Si
1869 5774 1995 5813 vero
2041 5757 2205 5826 judex
2266 5755 2379 5821 ipse

812 5868 932 5929 post
970 5874 1062 5915 eos
1101 5858 1477 5931 jusjurandum
1514 5853 1829 5928 praestabat,
1876 5846 2042 5907 totum
2093 5838 2225 5904 illud
2262 5861 2375 5901 am-

2453 606 2780 669 Ἐλευσίνιος
2811 607 3223 677 κατωνόμαστο,
3252 604 3347 674 ἀφ’
3382 598 3459 658 ὧν
3491 605 3541 657 οί
3569 602 3805 673 δημόται
3836 620 4029 673 παρω-

2440 700 2622 767 νύμως
2651 698 3103 768 κατωνομάζοντο
3153 696 3497 768 Ἀχαρνεῖςῆ
3543 698 3893 752 Ἐλευσίνιον
3934 695 4030 749 καὶ

2442 793 2592 861 παρὰ
2617 795 2737 854 ταῖς
2761 790 2991 859 κύρϐεσι
3016 790 3084 844 τά
3112 790 3221 843 τῶν
3249 791 3741 861 δημοποιουμένων
3780 788 4024 860 ὀνόματα

2441 884 2835 957 ἁνεγράφοντο.
2854 885 2914 937 Εί
2945 882 3002 937 δέ
3041 901 3123 946 τις
3154 885 3489 956 ἀναγραφεὶς
3515 884 3631 953 ἥλω
3660 883 3862 947 ξενίας,
3892 899 4027 934 κατ-

2443 977 2678 1047 ηγὸρονν
2713 975 2878 1029 αὑτοῦ
2915 975 2965 1029 οί
3022 975 3476 1040 ὑπωπτευκότες·
3511 976 3609 1028 καὶ
3648 977 3681 1047 ἡ
3719 972 4028 1044 κατηγορία

2443 1077 2765 1145 διαψήφισις
2809 1070 2898 1145 ἦν.
2950 1073 3013 1127 Ei
3062 1074 3118 1128 δὲ
3166 1074 3275 1127 τῶν
3307 1074 3505 1144 ψήφων
3555 1075 3612 1127 αί
3661 1073 3883 1137 πλείους
3936 1072 4027 1125 τὺν

2445 1165 2882 1235 διαψηφισθέντα
2934 1165 3266 1236 ἀπήλαυνον,
3326 1166 3669 1235 ἀποψήφισις
3726 1165 3942 1232 ἐλέγετο
3992 1166 4025 1234 ἡ

2448 1260 2734 1322 ἁπέλασις.
2779 1259 2841 1310 El
2873 1260 2916 1312 δ’
2945 1260 2973 1311 ὁ
3002 1257 3407 1326 ἀποψηφισθεὶς
3448 1258 3557 1311 ἀπὸ
3590 1258 3698 1310 τῶν
3728 1257 3921 1327 δήμων
3948 1258 4029 1320 είς

2446 1354 2507 1405 τὸ
2536 1352 2712 1404 κοινὸν
2756 1352 3109 1422 δικαστήριον
3150 1350 3484 1420 μετετίθετο,
3525 1350 3740 1421 ἐφιέναι
3786 1350 4028 1417 ἐλέγετο,

2448 1448 2541 1498 καὶ
2571 1447 2602 1513 ἡ
2633 1445 2922 1514 μετάθεσις
2958 1444 3143 1513 ἔφεσις
3176 1443 3512 1513 ὠνομάζετο.

2522 1539 2570 1590 ι’.
2610 1537 2669 1589 Εἰ
2700 1538 2756 1590 δὲ
2780 1538 3117 1605 λειτουργεῖν
3153 1552 3295 1599 τινες
3319 1535 3637 1605 ταχθέντες,
3666 1536 4027 1606 τριηραρχεῖν

2449 1628 2482 1698 ἢ
2514 1629 2840 1696 οἰκοδομεῖν.
2883 1629 2975 1680 τὸν
3008 1627 3199 1697 καιρὸν
3245 1627 3605 1696 ὐπερετίθουν
3648 1626 3751 1696 τῆς
3782 1628 4030 1695 λειτουρ-

2450 1722 2597 1788 γίας,
2634 1722 2682 1773 οἱ
2743 1721 3179 1791 άντικρινόμενοι
3219 1718 3429 1783 τούτοις
3481 1719 3825 1773 διαδικασίαν
3859 1721 4032 1771 κινεῖν

2452 1814 2573 1867 κατ⁴ι
2605 1814 2785 1865 αὐτῶν
2816 1813 3151 1881 ἐνομίζοντο.

2524 2012 2612 2059 ια’.
2637 2002 2915 2073 11ροϐολῆς
2940 2000 2997 2053 δὲ
3024 2001 3119 2053 καὶ
3140 2000 3617 2069 καταχειροτονίας
3638 1997 3894 2050 τοσοῦτόν
3916 1997 4033 2047 ἐστι

2449 2100 2510 2151 τὸ
2539 2099 2820 2165 διάφορον.
2863 2094 2927 2145 'H
2965 2092 3062 2162 μὲν
3092 2091 3329 2161 προϐολὴ
3362 2092 3455 2143 ἐπὶ
3495 2088 3860 2158 ἐγνωσμένοις
3885 2086 4037 2138 ἐστίν

2452 2189 2754 2258 ἀδικήμασι
2785 2184 2880 2239 τοῦ
2926 2180 3446 2252 κατηγορουμένου·
3484 2181 3518 2247 ἡ
3567 2180 3625 2233 δὲ
3660 2193 4037 2248 καταχειροτο-

2452 2277 2540 2329 νία
2573 2277 2605 2344 ἡ
2666 2274 2960 2343 σύμψηφος
2994 2271 3088 2324 τοῦ
3119 2271 3296 2341 δήμου
3332 2271 3451 2324 κατ’
3492 2269 3704 2323 ἐκείνου
3734 2267 4033 2335 ἀπόφασις.

2526 2370 2611 2439 ιβ’.
2631 2366 2955 2428 Εὑθυδικίας
2981 2366 3037 2419 δὲ
3070 2366 3162 2418 καὶ
3192 2362 3569 2434 παραγραφῆς
3599 2362 3734 2415 πολὺ
3761 2359 3821 2412 τὸ
3850 2360 4037 2426 ouipo-

2456 2480 2569 2534 ρον.
2611 2461 2673 2513 Ἠ
2718 2461 2815 2530 μὲν
2855 2458 2963 2524 γὰρ
3003 2457 3133 2528 περὶ
3176 2455 3271 2508 τοῦ
3295 2454 3523 2524 μηδέπω
3570 2451 3918 2523 εἰσαχθέντος
3954 2452 4036 2512 εἰς

2452 2555 2802 2623 δικαστήριον
2823 2552 3144 2621 πράγματος
3168 2547 3322 2618 κοινὴ
3343 2547 3450 2600 τῶν
3472 2543 3900 2599 συνδιαιτύΝτων
3916 2540 4036 2595 διά-

2456 2660 2657 2711 γνωσις
2688 2641 2971 2694 εύθυδικία
3020 2640 3169 2692 ἐστίν
3196 2654 3209 2667 ·
3246 2640 3279 2707 ἡ
3314 2637 3371 2690 δὲ
3403 2635 3534 2706 περὶ⁵
3568 2634 3678 2687 τῶν
3704 2633 3813 2703 ἤδη
3840 2646 4035 2697 κεκρισ

2461 2738 2638 2806 μένων
2686 2735 2780 2787 καὶ
2829 2732 2971 2786 κατὰ
3020 2731 3218 2799 νόμους
3271 2726 3755 2795 ἀποπεφασμένων
3808 2722 4040 2789 δευτέρα

2459 2822 2959 2895 πολυπραγμοσύνη
2985 2821 3079 2873 καὶ
3100 2817 3511 2887 ἀμφισϐήτησις
3538 2811 3881 2884 παραγραφὴ
3906 2826 4040 2862 κατ·

2459 2919 2795 2986 ωνόμασται.
2857 2908 3330 2981 Παραγράφεσθαι
3390 2907 3447 2959 δὲ
3503 2908 3716 2972 ἐφεῖται
3769 2906 3865 2956 καὶ
3926 2903 4042 2962 τοῖς

2458 3008 2699 3063 τοιοῦτόν
2738 3025 2790 3059 τι
2839 3002 3264 3073 ἐγκαλουμένοις
3298 2998 3429 3069 περὶ
3463 2992 3523 3052 οὗ
3577 2998 3639 3051 ού
3680 2993 4039 3065 νενομοθέτη-

2458 3122 2570 3156 ται.

2537 3193 2625 3261 ιγ’.
2665 3194 2728 3245 Ἡ
2760 3191 2818 3243 δὲ
2848 3188 2943 3241 τοῦ
2964 3186 3232 3256 ἀγραφίου
3254 3184 3376 3253 δίκη
3407 3181 3630 3250 τοιαύτη
3657 3196 3740 3242 τις
3768 3173 3859 3249 ἦν.
3881 3174 4043 3237 Σανὶς

2462 3282 2546 3348 ἐφ’
2579 3280 2812 3333 ἑκάστου
2857 3276 2949 3329 τοῦ
2980 3272 3333 3342 δικαστηρίου
3381 3271 3546 3340 τοίχῳ
3572 3269 3681 3321 τινὶ
3718 3266 4041 3336 προσηρμό-

2464 3372 2610 3435 ζετο,
2644 3370 2740 3423 καλ⁵
2769 3372 2862 3424 τοῦ
2894 3369 2958 3419 ὲκ
2993 3366 3294 3433 καταδίκης
3327 3362 3646 3433 ὠφληκότος
3674 3359 3752 3427 τῷ
3794 3354 4041 3426 δημοσίῳ

2463 3466 2523 3517 τὸ
2556 3466 2729 3529 ὄνομα
2760 3464 2939 3514 ἐκεῖσε
2984 3460 3339 3527 ἀνάγραπτον
3368 3451 3458 3524 ἦν,
3492 3452 3629 3522 πρὸς
3676 3448 3827 3518 αύτῷ
3862 3446 3956 3499 καὶ
3985 3445 4047 3498 τδ

2467 3557 2665 3627 μέτρον
2716 3553 2864 3621 αύτῷ
2921 3551 3015 3604 τοῦ
3066 3550 3404 3618 ὀφλήματος.
3444 3546 3505 3597 Εἰ
3559 3542 3615 3595 δέ
3658 3558 3741 3603 τις
3774 3536 4047 3607 ὠφληκὼς

2464 3651 2557 3701 καὶ
2592 3647 2826 3717 γραφεὶς
2860 3644 3038 3711 λάθρα
3074 3643 3173 3710 τὴν
3208 3638 3429 3710 γραφὴν
3461 3634 3825 3705 ἀπετρίψατο,
3848 3632 3875 3681 ὁ
3904 3646 4046 3700 γρα-

2466 3742 2699 3809 φόμενος
2731 3738 2919 3791 τοῦτον
2949 3734 3223 3804 ἀγραφίου
3258 3732 3414 3798 δίκην
3450 3728 3740 3797 ἐγράφετο.

2542 3828 2620 3883 ιδ’.
2641 3827 2773 3882 Οίδέ
2793 3824 3040 3897 χωρίονῆ
3060 3824 3267 3891 οἴκημα
3282 3823 3344 3872 ἐκ
3365 3817 3660 3885 καταδίκης
3681 3814 4045 3892 ἀπειληφότες

2468 3919 2694 3989 ἐξούλης
2728 3916 3033 3986 ἐγράφοντο
3068 3914 3194 3973 τοὺς
3232 3910 3441 3963 ἐκεῖθεν
3475 3909 3674 3970 αὐτοὺς
3707 3905 4043 3958 ἀπελαύνον-

2468 4027 2587 4071 τας.
2631 4007 2884 4081 Ἀρχαῖον
2922 4004 3031 4073 γὰρ
3076 4007 3167 4055 καὶ
3217 4000 3434 4054 ἀττικὺν
3466 3998 3638 4067 ὄνομα
3682 3997 3742 4050 τὸ
3790 3994 4044 4061 ἐξίλλειν,

2469 4105 2607 4169 ὅπερ
2633 4102 2680 4154 οἱ
2723 4098 3173 4169 μεταγενέστεροι
3225 4090 3648 4161 ἑλληνικώτερον
3698 4088 3901 4152 ἐξελεῖν
3960 4085 4049 4137 λέ-

2472 4211 2650 4261 γουσι,
2680 4191 2961 4247 τουτέστιν
2984 4186 3313 4242 ἀπελαύνειν
3336 4184 3446 4237 τῶν
3480 4180 3905 4251 νενομισμένων.

2552 4385 2631 4431 ιε’.
2650 4377 2711 4429 Ei
2732 4376 2786 4428 δέ
2803 4392 2885 4436 τις
2904 4371 3089 4434 δοῦλος
3107 4371 3280 4424 δοκῶν
3308 4370 3421 4443 τοῖς
3447 4364 3825 4435 νομιζομένοις
3856 4358 4054 4414 δεσπό-

2476 4488 2596 4534 ταις
2628 4469 2785 4537 δίκην
2833 4466 3154 4535 ἐλάγχανεν,
3184 4460 3522 4514 ἀποστασίου
3562 4458 3685 4526 δίκη
3724 4455 3785 4508 τὸ
3816 4454 4053 4524 πρᾶγμα

2399 4555 2442 4610 Ῑ)
2475 4550 2913 4629 κατωνομάζετο.

2553 4651 2650 4716 ις’.
2686 4647 2974 4719 Διαγραφὴ
3000 4645 3112 4714 δὲή
3154 4639 3445 4711 ἀπαλλαγὴ
3472 4640 3571 4707 τῆς
3606 4637 3761 4706 δίκης
3793 4634 4010 4702 ἐλέγετο
4037 4650 4052 4667 ’

2478 4746 2668 4813 ὧσπερ
2705 4741 2858 4812 λῆξις
2883 4740 3060 4809 δίκης,
3082 4737 3145 4790 τὺ
3171 4732 3531 4803 καταγγεῖλαι
3557 4729 3741 4802 κρίσιν
3766 4728 3875 4780 τῶν
3906 4727 4054 4780 ίδιω-

2477 4836 2645 4888 τικῶν
2682 4833 3011 4886 ὑποθέσεων.

2553 4922 2637 4987 ιζ’.
2667 4923 2774 4975 Καὶ
2794 4921 2979 4992 λαχεῖν
3010 4917 3109 4987 μὲν
3124 4918 3281 4985 δίκην
3298 4916 3356 4969 τὸ
3374 4913 3605 4985 πρώτως
3622 4910 3929 4965 κατειπεῖν·
3954 4909 4051 4960 άν-

2476 5017 2715 5085 τιλαχεῖν
2756 5014 2813 5065 δὲ
2843 5013 2903 5064 τὸ
2949 5009 3386 5078 ἀντεγκληθῆναι
3408 5024 3422 5037 ·
3456 5006 3516 5057 τὸ
3545 5005 3602 5057 δὲ
3640 5001 3918 5069 διαλαχεῖν
3954 4999 4055 5051 οὐκ

2478 5110 2569 5159 ἐπὶ
2613 5106 2723 5158 τῶν
2757 5104 2920 5158 δικῶν
2965 5104 3206 5170 λέγεται,
3242 5099 3360 5154 ἀλλ’
3410 5098 3502 5150 ἐπὶ
3541 5094 3839 5167 χρημάτων
3881 5092 4059 5144 διανε-

2481 5203 2719 5271 μήσεως.

2552 5300 2640 5363 ιη’.
2660 5290 2885 5345 Ἐπεὶδὲ
2901 5288 3065 5341 πάλαι
3092 5288 3205 5349 τοῖς
3220 5285 3486 5345 ’Ᾱττικοῖς
3507 5283 3603 5335 καὶ
3618 5281 3745 5342 τοὺς
3774 5276 4053 5348 γραφομέ-

2478 5403 2601 5447 νους
2627 5381 2970 5451 ἐπόμνυσθαι
3004 5381 3077 5438 ὡς
3120 5376 3324 5446 ἀληθὴς
3353 5378 3384 5444 ἠ
3418 5374 3625 5444 γραφὴ.
3656 5371 3748 5423 καὶ
3777 5372 3905 5431 τοὺς
3932 5366 4056 5420 καθ’

2476 5468 2552 5527 ὧν
2580 5474 2880 5544 γράφονται
2917 5471 2991 5532 ὼς
3022 5468 3174 5521 οὐδὲν
3217 5468 3297 5529 εἰς
3328 5461 3686 5534 ψευδολογίαν
3734 5458 4059 5527 ἀντιθήσου-

2482 5586 2586 5629 σιν,
2620 5569 2677 5617 ἐν
2715 5568 2827 5627 τοῖς
2878 5560 3251 5630 δικαστηρίοις
3291 5558 3517 5619 εἴθιστο,
3550 5557 3578 5607 ὁ
3614 5554 3712 5623 μὲν
3760 5552 3853 5605 τοῦ
3888 5553 4059 5617 ἐγκα-

2481 5658 2697 5719 λοῦντος
2728 5658 2887 5726 ὅρκος
2922 5653 3187 5721 διωμοσία
3216 5650 3457 5717 ἐλέγετο,
3486 5648 3513 5697 ὁ
3542 5647 3596 5699 δὲ
3633 5644 3726 5698 τοῦ
3757 5643 4050 5705 ἁπολογου·

2486 5752 2649 5821 μένου
2681 5746 3017 5816 ἀντωμοσία.
3054 5744 3114 5798 Ei
3139 5744 3193 5795 δὲ
3219 5742 3354 5811 πρὸς
3376 5742 3588 5799 τούτοις
3624 5738 3717 5791 καὶ
3739 5737 3766 5788 ὁ
3796 5733 4057 5798 δικαστὴς

2484 5843 2793 5911 ἐπώμνυτο,
2856 5836 3162 5907 ἁμφιορκῖα
3216 5840 3271 5895 τὸ
3331 5833 3552 5902 σύμπαν
3606 5828 4030 5897 κατωνομάζετο
