4430 6448
385 448 525 510 1013

1510 440 1608 498 DE
1656 438 2049 497 AUI‘IONUM
2092 440 2336 499 NOMIN
2353 440 2369 497 l
2387 437 2549 496 BUS.

3506 411 3643 477 10H

378 566 485 616 Τὸν
533 562 589 613 δὲ
636 556 1079 625 ὑποπτευόμενον
1125 553 1203 613 εἰ(
1250 568 1489 622 γραφην,
1538 548 1966 616 ὑπερτιθέμενον
1995 560 2041 618 Α
2072 553 2122 616 pl

1897 551 2314 618 vovApliiot-kia
2362 547 2765 603 nmninabatnr.
2842 544 2890 596 is
2959 552 3138 594 autem
3203 536 3296 607 qni
3356 542 3646 602 suspectus

376 653 434 704 δὲ
466 651 558 703 τὸν
587 649 801 717 καιρὸν,
834 649 859 699 ό
886 644 1210 698 ὑποπτεύων
1236 641 1389 710 ἠξίου
1419 639 1781 706 κατηγορεῖν
1818 637 1883 705 ἢν
1909 635 1964 688 δὲ

381 742 555 793 ἐδόκει
587 736 893 809 είρωνεύων
930 736 1002 806 μὴ
1043 732 1352 803 βούλεσθαι,
1402 728 1746 799 ὲπόμνυσθαι
1794 742 1967 794 κατη-

380 832 730 899 ναγκαζετο·
786 833 882 884 καὶ
933 829 995 882 τὸ
1048 824 1450 898 ὁμωμοσμένον
1505 822 1781 892 ἐξωμοσία
1832 818 1969 871 ὠνό-

385 944 581 997 μαστο.

456 1107 545 1163 ιη’.
580 1108 653 1159 Τὸ
671 1106 727 1159 δὲ
746 1103 1105 1172 καταγγεῖλαί
1128 1120 1249 1155 τινα
1266 1100 1421 1167 δίκην
1432 1098 1773 1169 ἑταιρήσεως
1791 1098 1965 1163 ἐπαγ-

383 1202 539 1271 γελία.
570 1199 895 1268 δοκιμασίας
924 1196 1161 1263 ἐλέγετο.

459 1301 525 1346 κ’.
550 1292 660 1360 Τὴν
697 1293 878 1358 μέντοι
898 1306 959 1355 γε
984 1289 1256 1355 ἀπόφασιν
1271 1286 1369 1354 οὐχ
1389 1285 1462 1347 ὡς
1494 1286 1656 1353 ἡμεῖς
1688 1280 1971 1344 ὀἈττικδς

395 1386 562 1452 νόμος
604 1381 1041 1449 ἐξελαμϐἀνετοο
1090 1378 1204 1431 ἀλλ’
1235 1379 1357 1430 ἐπεὶ
1396 1379 1428 1443 ἡ
1468 1377 1564 1444 τῆς
1608 1374 1970 1445 τριηραρχίας

386 1478 530 1546 ἀρχὴ
596 1474 936 1536 ὲπικίνδυνὸς
989 1490 1072 1535 τις
1119 1472 1353 1525 δοκοῦσα
1404 1470 1495 1523 τὸν
1528 1467 1973 1540 τριηραρχοῦντα

386 1572 723 1637 κατήπειγεν
756 1567 1155 1636 ἁντιμετρῆσαι
1187 1563 1265 1633 τῷ
1301 1562 1533 1633 κινδύνῳ
1572 1563 1640 1614 τὰ
1675 1559 1898 1623 ἑαυτοῦ,
1936 1561 1968 1628 ἡ

387 1650 718 1728 καταγραφὴ
764 1657 971 1709 τούτων
1002 1659 1099 1709 καὶ
1127 1659 1153 1709 ὁ
1185 1657 1277 1708 ἐπὶ
1308 1654 1521 1717 τούτοις
1561 1654 1724 1723 ὅρκος
1759 1651 1971 1719 ἀπόφα-

389 1758 481 1811 σις
502 1748 588 1820 ἦν.

460 1840 565 1893 κα’.
613 1841 678 1892 Ἠ
696 1840 753 1891 δὲ
768 1838 1038 1891 ὲπωϐελία
1062 1833 1278 1890 ἀπὸτοῦ
1298 1833 1707 1905 συμϐεϐηκότος
1727 1833 1823 1902 τὴν
1847 1848 1971 1883 συν-

389 1934 567 2000 Οήκην
598 1932 842 1999 εἴληφεν.
895 1929 1115 1999 Ἐπειδὴ
1157 1929 1266 1997 γὰρ
1308 1927 1493 1979 πολλοὶ
1531 1925 1639 1979 τῶν
1685 1924 1759 1995 μὴ
1794 1926 1968 1977 ὲπιτι-
2001 1919 2042 1974 Β

389 2026 591 2076 υέντων
621 2028 686 2093 τῇ
714 2023 931 2094 γλώττῃ
956 2022 1173 2091 χαλινὸν
1197 2024 1308 2081 τοῖς
1332 2020 1605 2072 ἐπιεικέσι
1636 2020 1728 2072 καὶ
1754 2016 1973 2087 ἀπράγ-

391 2136 514 2185 μοσι
582 2116 976 2187 προσεφύοντο.
1038 2114 1113 2176 ὡς
1175 2115 1393 2177 πλείους
1447 2114 1637 2173 τόκους
1704 2112 1797 2163 ἐπὶ
1857 2112 1970 2171 τοῖς

389 2211 668 2272 ναυτικοῖς
721 2208 1082 2276 κεκερδακὸσι
1118 2206 1440 2275 νομίσμασι,
1479 2202 1575 2255 καὶ
1620 2202 1670 2253 oi
1704 2200 1802 2271 μὲν
1836 2201 1973 2254 ἁπε-

387 2302 693 2363 δείκνυσαν,
730 2301 778 2351 οἱ
810 2301 864 2351 δὲ
904 2299 1123 2359 πλείους
1173 2297 1348 2366 μάτην
1384 2293 1505 2346 κατ’
1533 2292 1711 2345 αὐτῶν
1744 2290 1976 2358 ἐκεκρά-

387 2411 579 2459 γεσαν,
631 2393 725 2445 τὸν
767 2393 866 2461 μὲν
921 2388 1319 2443 ἀποδεικνύντα
1371 2385 1781 2455 ἀπροστίμητον
1825 2383 1972 2446 εἴων,

387 2487 480 2540 τὸν
510 2485 564 2536 δὲ
601 2502 775 2551 συκοφ
790 2482 1099 2549 αντήσαντα
1131 2477 1321 2530 ὀϐολοῦ
1354 2474 1630 2544 καταϐολῇ
1674 2472 1971 2542 ἐζημίουν

392 2579 487 2631 καὶ
517 2578 687 2645 ὄνομα
716 2579 781 2645 τῇ
814 2574 987 2643 ζημίᾳ
1019 2575 1051 2641 ἡ
1080 2571 1376 2625 ὲπωϐελία.

462 2666 569 2739 κβᾌ
596 2668 677 2719 Τὸ.
706 2667 802 2736 μὲν
824 2663 917 2717 οῦν
938 2664 1047 2715 τῶν
1069 2663 1236 2716 δικῶν
1257 2660 1499 2730 ὀνόματα
1519 2658 1941 2730 σχεδδντοιαῦτα

397 2766 522 2830 περὶ
551 2761 606 2813 δέ
642 2777 703 2827 γε
739 2761 847 2812 τῶν
881 2759 1086 2812 λοιπῶν
1128 2758 1321 2828 καιρὸς
1359 2756 1424 2809 ἂν
1456 2755 1541 2826 εἴη
1574 2756 1780 2823 λέγειν,
1811 2752 1981 2821 ἁρξα·

399 2852 596 2922 μένους
631 2851 739 2903 ἀπὸ
766 2851 877 2902 τῶν
906 2850 1271 2918 πρυτανείων.

471 2951 574 3009 κγ’.
612 2939 718 2995 Ἦν
741 2943 796 2995 δὲ
822 2947 880 2995 τὸ
903 2943 1226 3010 πρυτανεῖον
1244 2939 1501 3009 δημόσιον
1536 2938 1766 3005 οἴκημα,
1782 2935 1980 3004 λήψεσι

398 3036 759 3101 διωρισμένον
807 3033 902 3085 καὶ
931 3033 1166 3084 δόσεσιν.
1206 3030 1270 3082 Ἠ
1306 3028 1405 3099 μὲν
1454 3027 1549 3080 οὖν
1600 3026 1765 3096 λῆψις
1807 3025 1981 3094 τούτῳ

401 3124 510 3176 ὰπδ
537 3123 646 3175 τῶν
672 3122 1017 3191 ἡττηθέντων
1044 3115 1118 3173 ὦν
1145 3119 1480 3189 παρανόμως
1510 3118 1979 3187 κατηγορήκασινο

403 3217 435 3281 ἡ
468 3215 521 3265 δὲ
554 3213 698 3275 δόσις
756 3212 891 3281 πρὸς
928 3212 1056 3273 τοὺς
1103 3211 1342 3281 δημοσία
1387 3210 1486 3281 τὴν
1522 3210 1676 3262 πόλιν
1703 3206 1982 3277 ὠᾷεληκό-

404 3322 522 3365 τας.
559 3302 840 3356 Ἐντεῦθεν
872 3303 978 3371 γὰρ
1005 3304 1097 3355 καὶ
1133 3301 1478 3370 ἀνδριάντες,
1511 3302 1565 3352 εί
1591 3316 1653 3367 γε
1686 3298 1980 3368 βούλοιντο,

404 3398 516 3456 τοῖς
550 3393 937 3463 ἀριστεύσασιν
988 3392 1366 3462 ὲχαλκεύοντο,
1403 3391 1498 3443 καὶ
1544 3391 1814 3459 σιτήσεως
1850 3387 1983 3458 ὠρι-

408 3486 602 3553 σμένον
648 3485 845 3554 μέτρον
885 3487 1000 3547 τοῖς
1048 3484 1435 3553 ἡριστευκόσιν
1500 3484 1702 3537 ἐδίδοτο
1750 3482 1845 3535 καὶ
1877 3482 1985 3533 τῶν

411 3578 467 3628 ἐν
528 3578 910 3644 στρατοπέδοις
958 3576 1014 3628 δὲ
1066 3578 1114 3627 oi.
1167 3574 1552 3645 παρηϐηκότες
1606 3575 1706 3644 τῆς
1757 3572 1988 3642 ἀρχαίας

409 3669 696 3737 στρατείας
732 3669 762 3737 ἦ
819 3668 1155 3737 στρατηγίας
1203 3669 1265 3719 ἐκ
1295 3666 1387 3718 τοῦ
1436 3666 1760 3736 πρυτανείου
1800 3664 1988 3734 μισθο-

412 3762 583 3829 ςορὰν
618 3759 955 3829 ἐκομίζοντο.

480 3848 577 3904 κδ’.
614 3851 676 3920 Qi
703 3850 759 3901 δὲ
778 3850 1099 3920 καλούμενοι
1119 3851 1330 3914 ἕνδεκα,
1347 3847 1653 3910 δικαστικδς
1670 3842 1988 3917 ἦνεάριομδς

411 3946 525 4005 τίῖς
572 3943 659 3993 ἐπ’
698 3944 1043 4012 ἐγκλήμασιν
1077 3943 1265 3996 ἁλοῦσι
1296 3942 1393 4004 τὰς
1440 3941 1714 4012 τιμωρίας
1770 3941 1986 4012 ἐρίζων.

412 4041 543 4099 Καὶ.
571 4041 655 4093 ἵνα
691 4042 763 4109 μή
798 4058 850 4093 τι
881 4040 1234 4109 θρασύ-(οιντο
1268 4043 1406 4095 κατὰ
1440 4042 1547 4095 τῶν
1574 4042 1830 4103 ἐκδότων,
1859 4059 1991 4110 πρε-

417 4125 678 4201 σϐῦτικὴν
719 4127 854 4201 ἦγον
889 4133 988 4201 τὴν
1032 4133 1269 4201 ἠλικίαν.
1314 4132 1373 4185 '0
1398 4134 1454 4185 δὲ
1485 4133 1677 4203 χρόνος
1710 4127 1863 4194 οὗτος
1896 4133 1989 4184 καὶ

414 4225 511 4285 τῆς
555 4222 708 4287 ἀξίας
742 4223 958 4291 ὑφείταί
990 4242 1043 4276 τι
1075 4227 1187 4285 τοῖς
1216 4226 1654 4293 τιμωρουμένοις
1690 4225 1988 4286 κολάσεως.

416 4313 709 4381 Μέμνηται
748 4313 804 4365 δὲ
850 4313 944 4366 καὶ
973 4313 1197 4367 Πλάτων
1232 4314 1327 4366 τοῦ
1368 4315 1630 4384 ὀνόματος
1670 4313 1885 4369 τούτου.
1932 4317 1990 4367 '0

417 4404 525 4472 γὰρ
546 4404 639 4456 τοῦ
666 4405 1040 4475 δεσμωτηρίου
1061 4406 1233 4475 φύλαξ
1262 4408 1410 4477 αὐτῷ
1428 4409 1485 4460 ὲν
1508 4401 1551 4474 ᾧ
1573 4408 1993 4461 κατεκέκλειστο

416 4497 444 4548 ό
473 4487 911 4566 Σωκράτηξτοῖς
946 4499 1077 4568 περὶ
1100 4500 1343 4566 Σιμμίαν
1368 4500 1466 4551 καὶ
1493 4499 1713 4570 Κέϐητα
1752 4499 1993 4567 διαλεγό-

2071 640 2387 695 tradebatur
2426 652 2483 691 se
2519 650 2778 691 accusare
2824 633 2983 697 velle,
3018 640 3231 697 tempus
3275 637 3452 681 autem
3481 636 3649 677 accu.

2037 763 2041 767 -
2070 730 2301 786 Sationis
2326 729 2630 794 dill’erebat,
2669 728 2955 795 suspicans
2982 738 3108 777 eum
3138 730 3400 774 accusare
3428 728 3647 784 aequum

2071 824 2318 879 censebat
2342 842 2356 889 ;
2389 825 2433 877 si
2460 838 2584 878 vero
2601 823 2878 876 videretur
2894 816 3243 873 dissimulans
3268 827 3325 866 se
3349 825 3459 866 non
3488 808 3650 872 velle,

2073 920 2124 971 id
2150 918 2511 988 jurejurando
2543 917 2875 972 conﬁrmare
2907 911 3205 981 cogebatur
3233 923 3249 973 ;
3283 905 3425 974 quod
3452 899 3648 972 iusiu-

2074 1015 2302 1067 randum
2329 1012 2599 1079 abjuratio
2636 1008 3041 1066 nominabatur.

2146 1104 2231 1159 t9.
2266 1103 2609 1159 Renuntiare
2637 1112 2817 1155 autem
2857 1098 3144 1167 quamdam
3180 1087 3530 1159 impudicitia
3556 1080 3653 1139 οδε

2076 1199 2296 1257 tionem,
2324 1194 2660 1265 probationis
2692 1189 3023 1247 renuntiatio
3050 1188 3349 1241 dicebatur.

2142 1291 2230 1345 ΞΟ.
2272 1292 2537 1342 Bonorum
2587 1285 3004 1354 descriptionem
3062 1296 3169 1335 non
3218 1286 3278 1330 ut
3329 1288 3431 1328 nos
3470 1271 3655 1326 Attica

2075 1384 2156 1437 lex
2188 1381 2491 1449 excipit-bat
2521 1399 2532 1433 ε
2569 1381 2663 1433 sed
2696 1391 2817 1432 cum
2845 1373 3063 1443 aliquod
3095 1368 3428 1425 trierarcliiae
3456 1376 3653 1419 munus

2075 1478 2438 1547 periculosum
2489 1476 2765 1528 videretur
2801 1468 3145 1535 triremiSque
3164 1456 3653 1531 prmiectumperh

2075 1574 2195 1627 culo
2226 1589 2320 1627 sua
2349 1571 2587 1626 remetiri
2649 1575 2888 1638 cogeret,
2921 1563 3063 1618 actio
3101 1569 3285 1615 contra
3309 1572 3429 1609 eum
3461 1553 3653 1622 etins-

2072 1666 2364 1735 jurandum
2399 1662 2701 1730 praestitum
2744 1660 3007 1712 bonorum
3040 1651 3337 1720 descriptio
3366 1657 3509 1703 erat.

2144 1851 2235 1903 2!.
2267 1847 2563 1902 Calumniae
2595 1842 2840 1898 multatio
2874 1840 2940 1894 ab
2975 1844 3169 1892 eventu
3203 1830 3662 1904 compositionem

2073 1941 2389 2013 accipiebat.
2424 1943 2717 2009 Postquam
2744 1936 2888 1991 enim
2945 1931 3098 1987 multi
3154 1930 3348 1998 liagum
3390 1940 3501 1980 suae
3533 1922 3657 1987 fre.-

2075 2051 2200 2090 mnn
2240 2049 2345 2089 non
2402 2034 2740 2102 imponentes
2795 2026 3015 2081 mitibus
3056 2035 3108 2078 et
3156 2022 3404 2075 laborum
3468 2014 3657 2071 vacuis

2074 2128 2422 2184 adbaarebant
2459 2137 2714 2194 tanquam
2749 2121 2971 2176 multam
3000 2132 3221 2172 usuram
3266 2128 3359 2182 per
3399 2110 3653 2164 nauticos

2075 2237 2325 2276 nummos
2379 2217 2637 2288 operatis,
2689 2225 2744 2271 et
2808 2213 2897 2267 alii
2945 2212 3159 2280 quidem
3215 2207 3653 2265 declaraveram,

2076 2315 2319 2385 plerique
2351 2323 2528 2367 autem
2573 2310 2771 2364 frustra
2798 2306 3233 2367 clamitaverant,
3273 2315 3394 2355 eum
3436 2296 3528 2367 qui
3558 2296 3656 2350 dc-

2077 2409 2377 2461 claraverat
2434 2403 2758 2474 impunitum
2818 2398 3215 2467 relinquebant,
3250 2408 3370 2447 cum
3401 2404 3531 2444 vero
3561 2388 3654 2457 qui

2076 2500 2434 2555 calumniatus
2456 2507 2574 2552 erat
2608 2496 2748 2550 oboli
2780 2492 3116 2549 multabant°
3175 2496 3227 2541 et
3253 2484 3431 2540 multa
3459 2496 3652 2536 nomen

2077 2603 2193 2648 erat
2234 2589 2531 2644 ἐπωϐελία.

2148 2686 2239 2739 ‘29.
2278 2683 2505 2736 Nomina
2540 2682 2758 2748 quidem
2790 2679 3067 2735 actionum
3102 2675 3229 2729 talia
3264 2682 3405 2728 sunt.
3448 2671 3523 2723 De
3549 2686 3656 2724 cre-

2082 2777 2213 2829 teris
2277 2783 2457 2827 autem
2515 2770 2818 2827 disserendi
2859 2778 3069 2837 tempus
3132 2775 3237 2829 eSI,
3282 2778 3313 2817 a
3370 2757 3661 2830 prytaneis

2083 2866 2413 2931 incipiendo.

2150 2961 2240 3015 25.
2277 2957 2603 3027 Prytaneum
2628 2963 2747 3009 erat
2772 2952 2916 3007 aedes
2940 2949 3180 3021 publica,
3206 2944 3442 3011 acceptis
3468 2952 3520 2997 et
3557 2942 3658 2995 do-

2083 3050 2167 3104 nis
2199 3048 2639 3102 determinatum.
2670 3043 2983 3109 Accipiebat
3009 3049 3187 3094 autem
3216 3039 3283 3093 ab
3308 3038 3373 3092 iis
3401 3035 3493 3105 qui
3529 3048 3658 3087 cum

2085 3140 2323 3209 improbe
2381 3148 2752 3201 accusassent,
2791 3135 2915 3189 victi
2982 3132 3230 3197 fuerant;
3263 3128 3501 3185 donabat
3530 3138 3670 3179 vero

2011 3260 2053 3316 α
2086 3233 2151 3285 iis
2199 3232 2288 3300 qui
2346 3230 2560 3300 publice
2592 3229 2659 3284 de
2700 3229 2831 3283 urbe
2880 3229 3019 3283 bene
3080 3222 3255 3279 meriti
3318 3228 3495 3275 erant.
3534 3216 3660 3269 Inde

2087 3326 2229 3379 enim
2288 3337 2449 3377 :cneae
2482 3330 2676 3375 statum
2723 3318 3114 3375 excellentibus
3150 3314 3304 3377 viris,
3343 3313 3388 3366 si
3437 3309 3659 3368 vellent.

2086 3414 2426 3484 ponebantur
2456 3420 2509 3465 et
2537 3411 2794 3466 frumenti
2860 3408 3047 3462 iisdem
3085 3403 3362 3475 quantitas
3401 3397 3662 3454 deterrui.

2089 3514 2211 3557 ιιςιιει
2242 3504 2474 3557 dabatur
2511 3519 2524 3555 :
2561 3512 2614 3557 et
2644 3503 2731 3569 qui
2767 3501 2819 3552 in
2852 3498 3048 3553 castris
3082 3493 3281 3550 versati
3308 3498 3503 3555 erant;
3531 3501 3670 3543 cum

2089 3610 2271 3649 earum
2297 3606 2429 3649 retas
2462 3593 2801 3647 delleruisset
2831 3608 2847 3656 ;
2878 3591 3076 3644 veteris
3106 3588 3311 3642 militia:
3334 3594 3388 3641 et
3421 3582 3660 3653 expedi—

2092 3689 2295 3742 tienum
2322 3702 2384 3741 ex
2407 3695 2663 3756 prytaneo
2689 3681 2990 3737 mercedem
3021 3679 3381 3749 accipiebant.

2160 3829 2251 3921 bi.
2284 3867 2383 3933 Qui
2444 3876 2624 3921 autem
2700 3864 3033 3920 vocabantur
3080 3859 3354 3925 undecim,
3401 3858 3673 3929 judiciaiis

2095 3976 2355 4015 mnncrus
2387 3971 2501 4016 erat
2534 3974 2721 4030 poenas
2780 3958 3074 4012 decernens
3121 3955 3188 4008 iis
3232 3952 3325 4022 qni
3374 3950 3671 4006 criminum

2095 4053 2482 4122 arguebantur.
2532 4052 2609 4106 Ac
2643 4066 2710 4105 nc
2741 4048 3058 4103 audaciores
3106 4053 3293 4102 essent
3331 4053 3519 4099 contra
3575 4056 3675 4097 eos

2094 4146 2185 4212 qui
2237 4145 2370 4214 ipsis
2416 4144 2798 4206 tradebantur,
2860 4139 3085 4195 senilem
3133 4145 3344 4192 aetatem
3412 4136 3669 4207 agebant.

2095 4237 2224 4302 Qua:
2278 4244 2410 4289 aetas
2459 4232 2769 4288 remittebat
2823 4231 3024 4299 punitis
3051 4230 3217 4284 etiam
3263 4229 3464 4298 aliquid
3493 4242 3673 4296 poenas

2094 4327 2310 4381 debitm.
2352 4324 2673 4379 Meminitet
2699 4321 2858 4376 Plato
2911 4322 3069 4388 hujus
3128 4318 3382 4373 nominis.
3419 4316 3673 4373 Carceris

2095 4419 2237 4473 enim
2272 4419 2325 4471 in
2363 4432 2471 4486 quo
2519 4414 2896 4469 include-batur
2929 4411 3186 4467 Socrates
3212 4419 3395 4465 custos
3423 4408 3666 4465 Simmiaa

2096 4520 2143 4561 et
2176 4507 2359 4561 Cebeti
2401 4507 2481 4562 sic
2510 4506 2786 4575 loquitur:
2825 4524 2844 4557 ι
2872 4504 3121 4569 Solvunt,
3159 4503 3351 4573 inquit,
3382 4500 3673 4561 Socratem

421 4605 600 4656 μενος,
640 4604 661 4637 ι
707 4588 894 4641 λύουσι
931 4607 949 4639 ι
986 4591 1170 4658 (metu
1208 4591 1299 4643 τὸν
1328 4592 1593 4661 Σωκράτη
1635 4592 1682 4643 oi
1720 4591 1932 4645 ἕνδεκα.
1968 4610 1986 4643 ι
2028 4599 2066 4651 ο
2103 4601 2369 4653 umlecim.
2404 4620 2422 4652 ι

494 4684 597 4731 κε’.
629 4679 694 4731 Oi
712 4680 765 4731 δὲ
784 4681 1053 4750 διαιτηταί
1075 4682 1191 4752 (καὶ
1212 4684 1678 4751 πεντηκοντούτης
1698 4684 1847 4736 ἐστὶν
1867 4684 1996 4737 ’ἐκα-

421 4789 566 4834 στος,
602 4772 881 4841 βεϐιωκὼς
915 4775 1111 4845 ἄριστα
1138 4777 1231 4829 καὶ
1265 4777 1446 4843 πάσης
1495 4778 1678 4840 αἰτίας
1706 4777 1996 4848 ἀπηλλαγ-

425 4864 604 4931 μένος,
638 4864 820 4933 νόμων
855 4884 912 4918 τε
951 4868 1190 4937 είδήμων
1217 4869 1309 4921 καὶ
1355 4870 1617 4933 καθιστὰς
1655 4870 1752 4933 τὰς
1781 4870 1998 4939 γραφὰς

422 4956 502 5009 εἰς
534 4954 594 5007 τὸ
624 4957 864 5025 μέτριον,
891 4959 985 5011 καὶ
1016 4959 1076 5011 τὸ
1118 4961 1238 5012 ὅλον
1270 4960 1639 5031 είρηνοδίκης)
1670 4963 1781 5024 τοῖς
1813 4962 1999 5025 αὐτοῖς

420 5046 757 5109 διαιτοῦντες
807 5049 904 5111 τὰς
954 5051 1072 5101 κατ’
1123 5051 1368 5120 ἀλλήλων
1399 5052 1640 5121 γραφάς.
1694 5052 1782 5121 Τῷ
1831 5052 1887 5104 δὲ
1923 5052 1998 5121 μὴ

425 5137 709 5206 αὐτόχθονι
753 5140 852 5192 οὐκ
904 5143 1089 5209 ἐφεῖτο
1121 5144 1346 5196 εἰσιέναι
1378 5144 1528 5215 παρὰ
1565 5144 1657 5197 τὸν
1695 5144 1996 5216 διαιτητὴν,

422 5229 546 5281 οὔτε
579 5229 850 5296 διώκοντι,
885 5232 1009 5285 οὔτε
1046 5234 1322 5303 φεύγοντι.

497 5322 609 5387 κς’.
634 5326 695 5377 Οἱ
713 5326 769 5377 δὲ
790 5326 969 5379 ὲπώνυ
982 5345 1072 5397 μοι
1088 5329 1418 5401 ἀντιστροφή
1436 5330 1518 5393 τίς
1534 5331 1700 5395 ἐστιν,
1716 5330 1792 5393 ὡς
1809 5330 1999 5399 ἔμοιγε

425 5416 592 5477 δοκεῖ,
620 5417 909 5485 ὀνόματος.
937 5419 1081 5472 Δέκα
1108 5420 1217 5487 γὰρ
1246 5420 1444 5491 ἄνδρας
1476 5422 1585 5474 τῶν
1609 5422 2003 5490 πεπολιτευμέ-

427 5525 533 5559 νων
568 5508 656 5560 ἐπ’
686 5509 914 5580 εὐτυχίᾳ
937 5510 1038 5577 τῆς
1081 5511 1289 5575 πόλεως
1329 5512 1451 5566 καθ’
1486 5513 1731 5577 ἑαυτοὺς,
1767 5513 1841 5575 ὡς
1878 5512 2002 5565 ἔτυ-

428 5621 544 5671 χεν,
577 5604 1074 5673 ὲπωνομασμένους
1121 5608 1548 5677 παραδείγματα
1599 5612 1715 5672 τοῖς
1757 5608 2004 5673 πολίταις

428 5694 696 5757 ἐτίθεσαν,
727 5696 820 5749 καὶ
846 5699 971 5759 τοὺς
1014 5698 1111 5766 μὲν
1143 5698 1299 5767 τῷδε,
1335 5701 1461 5763 τοὺς
1493 5701 1549 5753 δὲ
1596 5701 1789 5770 ἐκείνῳ
1834 5719 2005 5770 προσ-

430 5785 646 5854 ένεμον,
682 5787 774 5838 καὶ
808 5788 901 5839 ἀπ’
928 5788 1155 5843 ἐκείνων
1184 5790 1487 5861 ὠνόμαζον,
1522 5792 1551 5861 ἢ
1608 5792 1822 5857 ζώντων
1863 5793 2004 5857 ζῶν·

432 5892 550 5943 τας,
583 5878 615 5948 ἢ
648 5880 986 5951 τεθνηκότων
1017 5882 1113 5937 καὶ
1141 5882 1370 5953 χαλκαῖς
1404 5886 1781 5957 ἐνεστηκότων
1808 5886 2003 5955 είκόσι,

2169 4692 2492 4747 25.Arbitri
2524 4703 2701 4745 autem
2754 4690 3167 4761 (quinquaginta
3212 4691 3441 4759 quisque
3500 4703 3673 4743 annos

2102 4792 2258 4837 natus
2296 4794 2403 4848 est,
2456 4786 2659 4852 optime
2716 4782 2849 4837 vixit
2882 4793 2931 4836 et
2962 4783 3142 4838 omnis
3178 4783 3424 4838 criminis
3453 4792 3670 4852 expers.

2103 4879 2391 4947 legumque
2451 4880 2656 4947 peritus
2710 4887 2814 4943 est,
2861 4885 2917 4930 et
2954 4876 3336 4931 accusationes
3377 4874 3673 4930 secundum

2099 4970 2404 5038 aequitatem
2468 4970 2764 5038 componit,
2790 4977 2865 5023 et
2903 4969 3051 5038 pacis
3105 4977 3289 5022 custos
3322 4966 3427 5035 est)
3463 4966 3497 5019 ii
3547 4973 3680 5019 sunt.

2100 5064 2188 5133 qui
2218 5065 2595 5117 accusationes
2622 5063 2685 5114 ad
2718 5062 2945 5115 invicem
2975 5059 3333 5113 arbitrantur.
3385 5057 3461 5112 Illi
3493 5068 3671 5111 autem

2102 5155 2189 5223 qui
2227 5169 2330 5207 non
2362 5161 2480 5207 erat
2507 5152 2754 5220 indigena
2808 5166 2911 5203 non
2946 5148 3142 5204 licebat
3174 5149 3439 5204 arbitrum
3498 5147 3683 5213 adire,

2104 5248 2216 5301 sive
2253 5254 2688 5315 persequeretur,
2721 5242 2834 5296 sive
2857 5258 2982 5296 rens
3004 5251 3171 5297 esset.

2170 5340 2262 5394 ‘26.
2310 5337 2422 5393 Vox
2448 5335 2810 5405 cognominati
2869 5342 2954 5390 est
2999 5334 3245 5403 qumdam
3297 5333 3537 5389 nominis
3591 5332 3675 5386 in-

2104 5433 2304 5495 versio,
2347 5439 2404 5483 ut
2445 5428 2574 5481 mihi
2634 5427 2870 5482 videtur.
2930 5426 3121 5480 Decem
3160 5426 3306 5478 enim
3350 5425 3497 5478 viros
3519 5422 3678 5477 exiis

2105 5522 2193 5591 qui
2227 5534 2485 5588 prospere
2520 5517 2905 5587 rempublicam
2930 5529 3029 5583 per
3050 5529 3108 5569 se
3141 5514 3675 5574 administraverant,

2105 5622 2160 5666 et
2208 5610 2448 5681 quolibet
2512 5609 2733 5662 nomine
2778 5605 3067 5673 insignitas
3096 5614 3159 5659 nt
3186 5604 3517 5674 exemplaria
3545 5602 3677 5656 civi.

2107 5706 2205 5759 lms
2236 5705 2641 5772 proponebant;
2702 5709 2755 5756 et
2814 5701 2951 5755 alios
2978 5699 3193 5769 quidem
3227 5698 3371 5758 huic,
3398 5695 3520 5751 aliis
3542 5708 3684 5750 vero

2108 5795 2180 5849 illi
2212 5795 2575 5855 ascribehant,
2612 5793 2757 5847 etab
2787 5792 2891 5845 illis
2924 5788 3377 5860 cognominabant
3406 5787 3518 5842 sive
3539 5786 3680 5840 vivis

2109 5889 2224 5946 sive
2257 5886 2484 5944 mortuis
2514 5896 2565 5942 et
2586 5899 2766 5942 aeneas
2797 5894 3002 5941 statuas
3028 5883 3333 5953 erigentes;
3362 5880 3508 5936 unde
3544 5879 3687 5934 alios
