4430 6448
830 362 966 434 1015

2098 366 2523 429 MliIlIAELlS
2562 369 2835 433 PSELLI

3974 378 4112 445 1016

826 486 1093 540 vocabant
1135 484 1394 549 Pericles,
1434 485 1572 541 alios
1624 501 1749 541 vero
1784 487 2089 555 Agesilaus.
2135 486 2281 552 Quos
2307 483 2407 535 cle-
2445 485 2487 539 Δ
2522 486 2575 537 ﬂ:

2362 498 2407 535 e-
2445 485 2487 539 Α
2522 486 2845 556 Περικλέας,
2897 494 2946 544 εί
3001 493 3176 563 τύχοι,
3231 494 3325 548 καὶ
3374 495 3734 566 Ἀγησιλάους
3800 501 4111 567 κατονομά-

826 589 1020 646 gerant
1080 579 1278 633 heroas
1334 578 1717 648 appellabant;
1786 594 2085 650 eponyntos
2140 591 2275 632 vero
2322 590 2417 631 eos

822 686 965 741 quos
1020 672 1089 724 ita
1160 672 1702 741 cogttominaverant.
1765 671 1831 725 Et
1906 672 2222 742 quicunque
2271 668 2419 738 leges

824 759 1257 826 iutroduccbant,
1318 762 1541 817 attentis
1600 764 1901 835 eponymis,
1949 759 2343 830 proponebant,
2366 768 2422 814 et

823 852 1044 905 mnnino
1068 854 1229 923 quasi
1259 854 1325 910 iis
1356 855 1795 924 inspicientibus,
1828 854 2216 925 rempublicam
2240 850 2417 907 admi-

823 942 1153 997 niSIrabattt.

896 1032 987 1086 27.
1024 1031 1215 1087 Scriba
1271 1042 1451 1088 autem
1474 1043 1529 1088 et
1593 1035 1771 1089 scriba
1806 1034 2164 1089 secundarius
2196 1018 2418 1084 humilis

826 1124 1059 1178 actionis
1124 1141 1319 1179 nomen
1375 1136 1482 1182 est.
1541 1112 1759 1181 iudices
1794 1126 1939 1181 enim
1984 1135 2417 1195 praetercurt'ens

818 1219 1047 1287 justitia:
1100 1233 1260 1272 voces
1320 1220 1563 1273 notabat.
1606 1218 1761 1273 Unde
1808 1230 1862 1273 et
1921 1217 2322 1273 Demosthenes
2358 1215 2416 1267 in

822 1311 1182 1376 responsione
1231 1310 1491 1365 irridebat
1558 1309 1881 1367 JEschinem
1945 1310 2050 1364 hoc
2104 1317 2267 1363 utens
2325 1322 2421 1360 no-

822 1415 992 1455 inme.

899 1490 989 1545 58.
1017 1492 1214 1548 Contra
1242 1496 1478 1561 scriptor
1534 1493 1949 1565 (ἀντιγραφεὺς)
1988 1493 2178 1547 eadem
2227 1490 2422 1560 agebat

825 1591 889 1636 ac
917 1583 1093 1637 scriba
1126 1585 1503 1646 secundarius,
1530 1595 1761 1655 excepto
1805 1586 1947 1655 quod
1987 1583 2076 1638 ille
2116 1592 2265 1637 sorte
2314 1583 2425 1638 ele-

826 1685 947 1727 ctus
972 1675 1326 1741 magistratus
1358 1684 1497 1728 erat.
1528 1674 1595 1729 Et
1621 1690 1957 1745 qnzemmque
2000 1684 2223 1731 senatus
2244 1676 2420 1727 adnti-

827 1767 1098 1822 nistrabat
1121 1774 1307 1822 contra
1330 1768 1561 1837 scriptor
1587 1767 1800 1822 calamo
1819 1769 2060 1824 notabat.

900 1860 990 1914 29.
1038 1859 1199 1915 Sorte
1245 1860 1403 1914 electi
1463 1862 1821 1928 magistratus
1877 1870 2033 1915 erant
2096 1872 2414 1930 quaeatores,

842 1952 1190 2022 vectigalium
1219 1961 1503 2007 exactores
1534 1962 1586 2007 et
1609 1955 2129 2018 contrascriptores.

899 2044 1010 2098 ειν.
1047 2045 1171 2097 Haec
1202 2044 1264 2097 de
1282 2044 1858 2113 contrascriptoribns.
1882 2043 2176 2100 Exactores
2193 2048 2356 2115 porro
2391 2059 2421 2097 a

831 2146 1025 2190 senatu
1064 2135 1405 2206 eligebantur
1460 2136 1680 2205 quando
1739 2137 1865 2191 belli
1925 2146 2169 2207 tempore
2218 2138 2421 2193 civium

831 2227 1205 2299 opulentiores
1252 2229 1318 2282 de
1354 2244 1455 2284 suo
1496 2230 1843 2283 contribuere
1902 2230 2195 2286 debebant.
2236 2231 2295 2286 id
2330 2245 2424 2301 pc-

830 2322 1009 2377 cuuia:
1039 2319 1133 2391 qui
1166 2320 1457 2392 exigebant
1479 2330 1763 2378 exactores
1794 2323 2155 2380 vocabantur.

905 2509 996 2562 50.
1028 2508 1334 2574 Qumstores
1375 2522 1503 2563 vero
1544 2509 1835 2579 quotannis
1883 2509 2092 2565 fructus
2125 2510 2422 2566 referen'es

833 2608 995 2654 erant
1028 2610 1082 2654 et
1110 2615 1343 2653 annuam
1377 2600 1725 2671 vectigalium
1763 2600 2089 2657 solutionem
2118 2602 2311 2658 aerario
2342 2590 2425 2657 itt-

833 2691 1102 2756 ferebant,

907 2784 995 2838 51.
1028 2783 1226 2838 Ternio
1278 2799 1472 2840 recens
1504 2799 1701 2839 nomen
1749 2794 1836 2839 est
1867 2785 2006 2854 apud
2037 2786 2421 2853 Athenienses,

836 2875 1142 2930 Clisthenes
1173 2876 1314 2929 enim
1369 2877 1587 2945 quidam
1624 2880 1675 2929 itt
1715 2876 1934 2945 triginta
1997 2889 2180 2946 partes
2209 2894 2423 2932 omnem

835 2970 1069 3023 Atticam
1096 2968 1414 3035 distribuit;
1452 2984 1685 3038 cumque
1735 2969 1913 3023 Attica
1963 2971 2161 3037 partim
2203 2982 2426 3039 propter

839 3060 1208 3130 marejaceat,
1272 3062 1468 3130 partim
1506 3062 1697 3116 mediis
1734 3062 1786 3115 in
1818 3062 2001 3127 terris,
2049 3064 2245 3132 partim
2298 3076 2427 3117 vero

2522 577 2728 644 ζοντες.
2784 584 3044 639 Ἑκάλουν
3073 586 3129 640 δὲ
3161 586 3288 649 τοὺς
3322 585 3681 655 ὲπιλεγέντας
3720 590 3930 659 ἥρωας,
3971 593 4115 644 ἐπω-

2522 671 2727 739 νύμους
2774 674 2831 753 δὲ
2863 676 2991 739 τοὺς
3035 679 3156 730 κατ’
3201 678 3449 743 ἐκείνους
3485 660 3917 750 ὠνομασμένους
3969 682 4114 735 οὕτω

2523 766 2732 820 καλεῖν.
2771 768 2882 820 Καὶ
2922 771 2971 822 οί
3011 772 3138 831 τοὺς
3192 772 3391 840 νόμους
3445 772 3831 842 εἰσηγούμενοι
3881 776 3971 826 ἐπὶ
4004 778 4115 838 τοῖς

2522 857 2835 928 ἐπωνύμοις
2860 860 3073 923 τούτοις
3098 862 3372 928 ἐτίθεσαν,
3400 864 3496 917 καὶ
3526 864 3743 928 πάντως
3767 866 3856 919 ἐπ’
3880 866 4115 929 ἐκείνοις

2521 948 2596 1013 ὡς
2626 951 2866 1020 ἐφορῶσι
2922 953 2992 1007 τὰ
3040 955 3138 1025 τῆς
3174 955 3455 1019 πολιτείας
3509 955 3741 1027 διῴκουν
3783 958 4112 1028 πράγματα.

2556 1109 2561 1115 ,
2593 1038 2695 1102 κζ’.
2743 1042 2800 1095 Ὀ
2820 1042 2874 1095 δὲ
2903 1045 3272 1114 γραμματεὺς
3294 1045 3325 1115 ἦ
3351 1045 3826 1117 ὑπογραμματεὺς
3862 1046 4114 1116 πράξεως

2524 1129 2777 1196 εὐτελοῦς
2813 1135 2963 1187 ἐστιν
3006 1135 3199 1206 ὄνομα.
3236 1137 3377 1200 Τοὺς
3411 1138 3520 1207 γὰρ
3570 1138 3838 1202 δικαστὰς
3882 1139 4116 1209 ὑποτρέ-

2522 1242 2633 1294 χων
2662 1226 2760 1289 τὰς
2790 1228 2889 1296 τῆς
2933 1229 3152 1299 θέμιδος
3186 1230 3514 1300 ἑσημειοῦτο
3546 1234 3751 1300 φωνάς.
3790 1220 3984 1286 Ἔνθεν
4030 1238 4113 1287 τοι

2524 1318 2620 1371 καὶ
2655 1320 3015 1391 Δημοσθένης
3043 1323 3101 1375 ἐν
3146 1326 3265 1387 ταῖς
3302 1324 3681 1404 ἁντικρίσεσιν
3716 1325 4007 1395 ἐπέσκωψε
4036 1326 4115 1397 τῷ

2522 1412 2753 1482 Αἰσχίνῃ
2778 1414 2837 1466 τὸ
2867 1415 3060 1484 ὄνομα.

2593 1512 2699 1575 κη’.
2740 1508 2796 1559 Ὀ
2813 1508 3256 1579 δὲξὰντιγραφεὺς
3273 1511 3443 1564 ταύτὰ
3462 1512 3561 1581 μὲν
3579 1511 3708 1582 ἔδρα
3731 1511 3807 1581 τῷ
3825 1513 4116 1581 ὑπογραμ-

2529 1599 2709 1665 ματεί,
2743 1598 2884 1669 πλὴν
2913 1600 3037 1653 ὅσον
3070 1595 3226 1665 οὗτος
3268 1602 3548 1673 κληρωτὸς
3581 1603 3766 1674 ἄρχων
3812 1603 4113 1673 ἐτύγχανεν

2524 1688 2620 1745 ῶν.
2649 1691 2759 1743 Καὶ
2788 1691 2889 1744 ὅσα
2940 1694 2972 1761 ἡ
3010 1693 3172 1764 βουλὴ
3220 1694 3406 1765 διῴκει
3442 1696 3734 1767 γράμματι
3780 1696 4114 1767 ἐνσημαινό-

2454 1822 2496 1880 B
2534 1800 2696 1852 μενος
2725 1786 3101 1855 ἀντιγραφεὺς
3129 1787 3472 1857 ὠνομάζετο.

2598 1873 2697 1929 κο’.
2742 1876 2858 1947 Κλη
2872 1878 3040 1947 ρωταὶ
3068 1879 3126 1931 δὲ
3155 1880 3342 1950 ἁρχαὶ,
3377 1882 3710 1953 πράκτορες,
3739 1884 3987 1951 ὲκλογεῖς
4018 1883 4114 1936 καὶ

2530 1967 2907 2037 ἀντιγραφείς.

2597 2059 2718 2118 κθ¹⁶ι
2748 2060 2821 2113 Τὸ
2842 2063 2941 2132 μὲν
2959 2062 3053 2117 οὖν
3076 2063 3185 2117 τῶν
3205 2066 3587 2135 ἀντιγραφέων
3608 2066 3855 2137 δηλώσας
3878 2068 4111 2135 ἔφθασα.

2526 2148 2590 2200 Οἱ
2621 2149 2676 2202 δὲ
2702 2150 2948 2219 ἐκλογεϊς
2972 2154 3124 2224 παρὰ
3153 2157 3252 2223 τῆς
3283 2155 3480 2226 βουλῆς
3506 2157 3856 2227 ἐκληροῦντο,
3875 2158 4116 2223 ὁπηνίκα

2526 2242 2584 2293 ὲν
2619 2241 2841 2312 πολέμῳ
2894 2244 3301 2315 καθεστηκότες
3354 2248 3480 2310 τοὺς
3533 2248 3949 2318 εὐπορωτέρους
4006 2251 4117 2303 τῶν

2528 2332 2762 2386 πολιτῶν
2792 2334 2984 2403 ἔρανόν
3009 2354 3131 2389 τινα
3176 2342 3332 2408 κοινῇ
3370 2343 3807 2407 συνεισενεγκεῖν
3839 2342 3945 2393 ἔδει
3970 2357 3982 2368 ·
4018 2345 4113 2395 καὶ

2526 2426 2575 2479 οἱ
2604 2424 2793 2479 τοῦτον
2822 2427 3203 2498 ἐπιλεγόμενοι
3235 2431 3482 2499 ὲκλογεῖς
3517 2432 3892 2500 ὠνομάζοντο,
4027 2493 4030 2495 λ

2597 2519 2660 2573 λ’.
2697 2522 2758 2573 Οί
2792 2520 2846 2573 δὲ
2873 2522 3183 2592 πράκτορες
3217 2524 3590 2594 ἐπετειοφόροι
3625 2520 3784 2592 ἦσαν,
3808 2526 3907 2594 τὴν
3933 2524 4115 2587 ἔνιαύη

2528 2628 2643 2665 σιον
2684 2612 2797 2667 τῶν
2842 2612 3125 2667 ὑποτελῶν
3154 2615 3467 2667 συντέλειαν
3509 2615 3587 2685 τῷ
3614 2615 3862 2688 δημοσίῳ
3894 2635 4115 2671 συνεισ-

2528 2702 2874 2769 κομίζοντες.

2598 2794 2703 2849 λα’.
2741 2795 2867 2848 Ἡδὲ.
2909 2797 3131 2866 τριττὺς
3152 2797 3435 2871 νεωτέρων
3453 2798 3624 2866 ὄνομα
3644 2796 3795 2867 παρὰ
3815 2800 3926 2860 τοῖς
3950 2797 4115 2866 Ἀθη·

2528 2888 2699 2948 ναίοις
2728 2886 2863 2940 ἐστί.
2896 2888 3234 2959 Κλεισθένης
3272 2888 3381 2959 γάρ
3411 2907 3517 2953 τις,
3555 2892 3633 2951 είς
3668 2888 3964 2959 τριάκοντα
3995 2888 4117 2957 μοί-

2532 3000 2630 3052 ρας
2674 2983 2772 3052 τὴν
2816 2984 3070 3053 Ἀττικὴν
3099 2984 3320 3037 ἅπασαν
3347 2985 3654 3051 διανείμας,
3692 2985 3882 3054 ἐπειδὴ
3926 2985 3985 3036 τὸ
4019 2984 4118 3052 μὲν

2529 3076 2700 3145 αὐτῆς
2731 3075 3170 3130 ὲπιθαλαττίδιον
3199 3072 3289 3147 ἦν,
3321 3077 3380 3130 τὸ
3412 3078 3467 3129 δὲ
3494 3077 3589 3130 ἐπὶ
3618 3077 3713 3130 τοῦ
3744 3077 3915 3145 μέσου
3942 3076 4118 3144 καθῆ-

837 3157 981 3206 circa
1013 3152 1199 3206 urbem
1227 3153 1563 3219 extenditur,
1590 3154 1776 3208 decem
1813 3153 2033 3222 quidem
2086 3166 2270 3222 partes
2308 3171 2423 3208 ma.
2455 3179 2497 3235 α
2533 3185 2586 3220 στ

2369 3172 2423 3208 θ’
2455 3179 2497 3235 C
2533 3184 2625 3220 στο
2655 3168 2752 3237 τῆς
2784 3168 2985 3238 χώρας,
3018 3169 3078 3221 τὸ
3100 3168 3156 3221 δὲ
3178 3169 3330 3239 παρὰ
3350 3169 3409 3220 τὸ
3436 3168 3569 3221 ἄστυ
3600 3170 3963 3235 συνέστρωτο,
3984 3168 4118 3219 δέκα

838 3244 1031 3296 titimzc
1079 3243 1284 3312 regioni
1310 3243 1517 3306 tribuit,
1549 3242 1734 3297 decem
1775 3258 1901 3298 vero
1932 3244 1979 3297 ei
2003 3250 2124 3313 quas
2151 3245 2203 3297 in
2234 3249 2422 3303 mediis

840 3334 1193 3401 turrisjacct,
1257 3337 1552 3404 decemque
1586 3336 1635 3390 ei
1689 3350 1807 3405 qua:
1880 3350 2046 3404 prope
2106 3337 2294 3390 urbem
2342 3350 2425 3395 est

840 3427 1061 3493 tribuit;
1090 3436 1507 3497 etunaqureque
1537 3427 1692 3483 tertia
1746 3441 1873 3496 pars
1921 3426 2099 3482 ternio
2149 3429 2421 3486 nominata

839 3531 944 3574 025i.

910 3616 1000 3669 52.
1038 3615 1304 3683 Quoniam
1365 3628 1492 3667 vero
1540 3613 1593 3668 itt
1647 3613 1844 3669 Atticis
1890 3617 2301 3670 commentariis
2324 3615 2426 3670 hoc

840 3710 1043 3761 tlictttnt
1088 3721 1301 3776 quoque
1364 3704 1808 3774 frequentissime
1841 3707 2101 3772 occurrit,
2137 3706 2423 3776 lutropho-

841 3816 962 3854 rum
1036 3797 1239 3852 tumulo
1282 3811 1577 3865 apponere,
1641 3810 1745 3851 nun
1819 3797 2038 3852 silentio
2083 3798 2186 3852 hoc
2230 3812 2423 3853 nomen

841 3891 1279 3961 praetereundum
1336 3898 1437 3944 est.
1492 3888 1864 3957 Lutrophoros
1904 3903 2000 3944 vas
2039 3899 2121 3945 est
2167 3891 2233 3943 ad
2307 3889 2421 3943 bal-

842 4001 1001 4040 neum
1031 3985 1096 4037 iis
1120 3983 1211 4052 qui
1240 3983 1480 4036 nondum
1516 3981 1787 4035 connubio
1820 3982 1993 4050 juncti
2048 3989 2176 4036 sunt
2216 3996 2423 4052 pra‘pa-

840 4088 1041 4142 ratum,
1070 4074 1349 4131 connubio
1380 4074 1588 4144 junctis
1618 4073 1987 4129 confractum.
2019 4074 2096 4130 llli
2135 4077 2297 4144 igitur
2331 4076 2423 4145 qui

845 4168 1083 4223 nondum
1142 4166 1395 4237 conjugio
1440 4166 1664 4236 junctus
1712 4176 1830 4220 erat
1878 4176 1933 4221 et
1972 4169 2065 4237 qui
2111 4176 2266 4221 natos
2312 4183 2420 4221 non

843 4263 1048 4315 habens
1088 4259 1376 4315 defunctus
1408 4268 1530 4314 erat
1561 4274 1654 4313 vas
1695 4258 1821 4312 illttd
1866 4260 2073 4314 tumulo
2122 4262 2425 4330 apponeba-

844 4368 933 4410 tur
967 4364 1024 4409 ttt
1049 4355 1226 4410 tetatis
1253 4364 1307 4408 et
1341 4353 1633 4408 liberorum
1665 4353 1916 4409 orbitatis
1952 4356 2280 4425 symbolum.

919 4450 1012 4505 53.
1044 4447 1178 4503 Illud
1209 4457 1390 4502 autent
1430 4467 1448 4498 ι
1488 4446 1743 4501 elationis
1778 4456 2021 4518 tempore
2059 4448 2305 4502 lanceam
2345 4446 2428 4501 ef-

2536 3258 2634 3327 μὲν
2684 3258 2879 3328 μοίρας
2921 3260 2987 3327 τῇ
3038 3258 3290 3328 παραλίῳ
3335 3259 3687 3327 συντέτευχε,
3719 3258 3850 3310 δέκα
3900 3257 3955 3309 δὲ
3982 3275 4120 3309 κατ-

2532 3352 2763 3417 έστησεν
2833 3351 2929 3403 ἐπὶ
2980 3350 3080 3420 τὴν
3130 3351 3458 3420 μεσόγειον,
3490 3351 3623 3402 δέκα
3671 3349 3728 3401 δὲ
3779 3348 4120 3417 ἀστυνόμους

2532 3440 2755 3512 ἐποίησε
2778 3458 2791 3471 ·
2826 3440 2918 3494 καὶ
2945 3441 3005 3493 ’τὸ
3033 3442 3388 3512 τριτημόριον
3414 3441 3634 3512 τριττὺς
3672 3439 3975 3510 ὠνόμαστο.

2600 3618 2701 3689 λβ’.
2736 3619 2890 3671 Ἐπεὶ
2905 3616 2960 3671 δὲ
2982 3620 3038 3671 ἐν
3056 3619 3172 3681 ταῖς
3190 3618 3820 3689 Ἀττικαῖςξὰναγραφαῖς
3841 3616 3935 3668 καλ⁵
3950 3616 4108 3669 τοῦτ)

2530 3710 2637 3762 τῶν
2667 3709 2934 3778 πολλαχοῦ
2988 3709 3301 3777 λεγομένων
3333 3710 3474 3771 ἐστὶ,
3513 3709 3872 3777 λουτροφόρον
3911 3709 4122 3760 €11.05?-

2532 3816 2619 3851 ναι
2655 3799 2832 3868 τάρῳ,
2885 3798 3019 3867 μηδὲ
3058 3798 3218 3851 τοῦτο
3267 3799 3631 3868 παρέλθωμεν
3680 3798 3943 3869 τοῦνομα,
3994 3800 4122 3864 Ἀγο

2532 3893 2681 3959 γεῖον
2713 3892 2739 3943 ὁ
2782 3889 3142 3959 λουτροφόρος
3181 3890 3299 3942 ἐστὶ
3353 3893 3464 3952 τοῖς
3516 3892 3683 3960 μήπω
3734 3890 4119 3960 γεγαμηκόσιν

2532 3982 2624 4033 ἐπὶ
2653 3981 2721 4034 τὰ
2745 3979 2945 4050 λοῦτρα
2975 3981 3516 4050 παρακομιζόμενον,
3544 3983 3899 4051 συνοικήσασι
3927 3982 3981 4033 δὲ
4017 3999 4121 4031 πα-

2536 4072 2969 4143 ραθραυόμενον.
3000 4071 3090 4141 Τῷ
3122 4071 3302 4123 τοίνυν
3339 4073 3539 4141 ἀγάμῳ
3575 4074 3668 4124 καὶ
3708 4072 3895 4126 ἄπαιδι
3930 4072 4120 4123 τελευ-

2532 4163 2762 4233 τήσαντι
2786 4162 2935 4216 τουτὶ
2966 4164 3025 4214 τὸ
3052 4163 3274 4230 ἀγγεῖον
3309 4162 3388 4233 τῷ
3417 4162 3574 4232 τάφῳ
3606 4163 3818 4216 ἐτίθετο
3848 4163 4121 4233 σύμϐολον

2534 4255 2653 4325 ἅμα
2690 4256 2790 4323 τῆς
2817 4269 2876 4308 τε
2908 4255 3125 4327 ἡλικίας
3157 4255 3251 4309 καὶ
3286 4255 3383 4323 τῆς
3421 4255 3679 4318 ἀπαιδίας

2603 4438 2783 4508 λγ¹.Τὸ
2800 4439 2959 4511 δὲξὲπ’
2972 4441 3648 4510 ἐκφορᾷξδόρυξὲξενεγκεῖν
3664 4441 3802 4494 κατά
3818 4440 3929 4494 τῶν
3946 4441 4122 4493 ἀποκ-

846 4540 993 4595 ferre
1047 4558 1064 4591 ι
1117 4550 1305 4605 contra
1353 4554 1447 4593 eos
1494 4539 1587 4608 qui
1633 4538 1968 4604 occiderant,
2020 4549 2111 4593 aut
2160 4540 2427 4595 occidisse
2461 4540 2505 4595 D
2535 4551 2592 4587 τε

2373 4554 2427 4595 se
2461 4540 2505 4595 D
2535 4535 2799 4588 τενόντων
2835 4533 3052 4598 ἐλέγετο
3081 4532 3113 4603 ἢ
3149 4530 3291 4585 οὕτω
3322 4532 3713 4601 νομιζομένων.
3755 4532 3873 4583 Ἐπ’
3912 4534 4122 4601 ἐκφορᾷ

848 4634 1202 4701 putabantur,
1272 4631 1581 4685 dicebatur.
1646 4630 1912 4685 Elationis
1975 4632 2118 4686 enim
2182 4643 2429 4702 tempore

850 4737 1151 4791 prmeutttes
1217 4730 1552 4776 mortuorum
1603 4723 1892 4775 necessarii
1938 4722 2177 4778 lanceam
2205 4725 2429 4793 cuspide

848 4827 1097 4867 ornatam
1122 4829 1283 4883 super
1308 4814 1552 4867 lecticam
1583 4814 1881 4883 agitabant,
1914 4815 1963 4867 in
1999 4816 2161 4870 cazdis
2192 4817 2425 4885 signum.

851 4906 1057 4960 Deinde
1086 4906 1250 4960 caedis
1277 4906 1547 4959 actionem
1592 4905 1923 4959 inducebant
1954 4907 2007 4959 in
2032 4921 2123 4961 cos
2146 4923 2281 4976 quos
2307 4922 2428 4961 reos

852 5011 974 5051 esse
1004 4997 1321 5051 credebant.
1362 4995 1537 5049 Aliter
1564 5012 1669 5051 tton
1704 4997 1782 5051 eis
1812 4996 2008 5051 licebat
2039 5013 2317 5052 accusare.

923 5090 1014 5143 54.
1042 5086 1448 5143 Colacretorum
1485 5097 1662 5141 autem
1706 5102 1898 5142 nomen
1923 5097 2007 5143 est
2044 5089 2253 5157 absque
2293 5090 2424 5160 rhy-

856 5183 1111 5251 tttoiogia.
1158 5180 1223 5234 111
1256 5190 1382 5235 sunt
1406 5180 1586 5234 :erarii
1610 5180 1888 5245 custodes,
1921 5180 2176 5248 judiciale
2221 5183 2427 5237 triobo-

852 5269 984 5326 iinm
1017 5274 1081 5327 iis
1109 5273 1203 5342 qui
1232 5272 1480 5339 judicare
1510 5270 1696 5325 volunt
1727 5270 2139 5325 distribuentes.

921 5365 1013 5420 55.
1043 5363 1355 5419 Hellenicus
1388 5371 1628 5433 quaestor
1672 5362 1923 5432 generale
1969 5364 2184 5432 quidem
2235 5379 2429 5417 nomen

853 5467 956 5520 est,
988 5458 1055 5512 ad
1090 5457 1369 5526 proprium
1401 5466 1579 5510 tamen
1612 5466 1787 5511 actum
1819 5464 2047 5524 Spectat.
2074 5456 2432 5512 Athenienses

853 5550 1021 5614 cttittt,
1046 5566 1168 5605 cunt
1202 5549 1435 5618 primunt
1468 5548 1672 5604 insulas
1721 5550 2037 5602 invaserunt
2088 5564 2237 5601 mare
2277 5566 2435 5603 occu-

854 5652 1067 5709 pantes,
1120 5644 1317 5696 tributa
1366 5657 1547 5696 annua
1618 5640 1953 5696 insularibns
2007 5640 2333 5711 imposuere,
2380 5650 2435 5695 et

857 5737 1179 5789 tributorum
1228 5747 1531 5792 exactorem
1599 5735 1821 5791 Cnet-ite
1882 5744 2201 5805 quaestorem
2266 5736 2437 5790 nomi—

855 5829 1139 5884 ltaveruttt.

2538 4626 2648 4696 γὰρ
2678 4629 2960 4695 προϊόντες
2990 4624 3042 4677 oi
3069 4625 3295 4677 ἐκείνων
3326 4625 3586 4694 κηδεσταὶ
3614 4625 3739 4692 δόρυ
3772 4624 4119 4693 λελογχωμέ-

2539 4737 2627 4772 νον
2662 4718 2754 4770 ἐπὶ
2804 4718 2901 4787 τῆς
2955 4717 3145 4785 κλίνης
3194 4717 3464 4782 ἐπέσειον,
3505 4717 3701 4784 δεῖγμα
3749 4718 3845 4783 τῆς
3899 4715 4121 4783 ἀναιρὲ-

2542 4831 2678 4875 σεως
2703 4813 2795 4865 ὅνο
2846 4807 2967 4864 εἶτα
3002 4813 3103 4879 τὴν
3137 4810 3230 4862 τοῦ
3261 4810 3423 4877 φόνου
3470 4809 3691 4878 γραῳὴν
3743 4809 3967 4877 εἰσῆγον
3998 4806 4120 4860 καθ’

2539 4892 2614 4962 ὧν
2655 4907 2821 4978 ᾤοντο
2845 4924 2859 4937 ”
2891 4906 3067 4968 ἄλλως
3102 4905 3211 4974 γὰρ
3238 4904 3473 4973 γράφειν
3505 4904 3604 4955 οὐκ
3636 4903 3839 4970 ἐφεῖτο.

2611 5089 2704 5143 λδ’.
2738 5091 2809 5142 Τὸ
2834 5090 2890 5142 δὲ
2926 5090 3031 5140 τῶν
3060 5087 3409 5157 κολακρετῶν
3441 5088 3615 5156 ὄνομα
3655 5086 4119 5154 ἁνετυμολόγητίίν

2542 5186 2712 5237 ἐστιν.
2762 5184 2882 5235 Εἰσὶ
2913 5182 2969 5234 δὲ
3018 5176 3165 5233 οὗτοι
3212 5180 3677 5249 ταμειοφύλακες,
3716 5182 3777 5231 τὸ
3808 5177 4122 5231 δικαστικὸν

2542 5277 2910 5346 ἀπονέμοντες
2946 5277 3057 5335 τοῖς
3088 5274 3397 5343 ἐφειμένοις
3417 5272 3660 5336 δικάζειν
3693 5271 4012 5340 τριώὸολον.

2614 5368 2707 5423 λε’.
2745 5370 2802 5421 Ὀ
2817 5369 2872 5422 δὲ
2892 5369 3288 5440 ἑλληνοταμίας
3311 5366 3532 5435 γενικὸν
3552 5364 3650 5434 μὲν
3667 5366 3812 5416 ἐστὶν
3830 5362 4023 5439 ὅνομα,
4042 5365 4125 5421 εἰς

2546 5461 2721 5531 ἰδικὴν
2771 5462 2826 5514 δὲ
2879 5462 3094 5515 κάτεισι
3156 5462 3378 5532 πρᾶξιν.
3432 5458 3706 5526 Ἀθηναῖοι
3751 5456 3880 5524 γὰρ,
3933 5452 4123 5505 ἐπειδὴ

2547 5552 2766 5620 πρῶτον
2793 5555 2913 5615 ταῖς
2941 5554 3127 5623 νήσοις
3172 5553 3451 5621 ἐπέϐησαν
3484 5549 4121 5617 θαλαττοκρατήσαντες,

2544 5646 2744 5713 φόρους
2767 5648 2881 5709 τοῖς
2934 5645 3233 5716 νησιώταις
3264 5644 3517 5714 ἐτησίους
3562 5642 3842 5707 ἐτάξαντο,
3878 5641 3972 5691 καὶ
4028 5638 4122 5689 τὸν

2547 5738 2942 5808 φορολογοῦνται
2976 5739 3044 5791 τὰ
3086 5740 3346 5809 χρήματα
3387 5734 3782 5805 ἑλληνοταμίαν
3811 5729 4117 5801 ὡνόμοζοιη
