4430 6448
422 407 555 471 1017

1558 414 1659 474 DE
1701 412 2101 473 ACTIONUM
2142 406 2604 479 NOMINIBUS.

3566 406 3709 475 1018

487 532 594 590 λς’.
632 523 1027 596 Ἀριθμοῦσιδὲ
1043 525 1142 589 τὰς
1166 524 1377 597 ἡμέρας
1392 524 1487 579 τοῦ
1507 525 1675 596 μηνὸς
1690 525 1740 578 οί
1770 523 2011 578 Ἀττικοῖ¹
2040 528 2087 584 Α
2188 531 2236 585 3|

1961 523 2011 576 οἱ
2040 528 2087 584 A
2188 529 2278 585 36.
2314 528 2407 587 Sic
2442 542 2621 587 autem
2660 528 2865 586 mensis
2894 515 3012 583 dies
3035 520 3201 583 Attici
3238 532 3551 582 numerant.
3577 523 3709 580 Sin-

413 618 605 679 οἰτως.
648 616 1138 689 Τριακονθήμερον
1188 618 1424 674 ἕκαστον
1468 619 1578 672 τῶν
1621 619 1813 689 μηνῶν
1860 620 2006 672 οἷον·

414 725 523 760 ται.
558 710 687 771 Καὶ,
732 700 812 771 εἱς
843 712 994 779 τρεῖς
1028 708 1262 773 δεκάδας
1295 710 1487 763 τοῦτον
1515 708 1874 779 διαιροῦντες,
1907 710 2008 779 τὴν

418 802 516 867 μὲν
551 803 778 870 πρώτην
819 801 920 870 τῆς
953 800 1178 873 πρώτης
1208 800 1435 862 δεκάδος
1475 800 1776 872 νουμηνίαν
1819 803 2010 855 δπονο-

417 894 653 961 pinus:
679 913 695 925 ·
727 898 824 957 τὰς
862 897 919 950 δὲ
956 897 1085 965 ἑξῆς
1121 897 1286 968 μέχρι
1328 899 1428 968 τῆς
1464 897 1709 964 δεκάδος,
1744 898 2007 967 δευτέραν

414 995 508 1040 καὶ
540 989 754 1056 τρίτην.
790 990 882 1041 καὶ
924 991 1121 1061 ἐνάτην
1156 990 1412 1044 καλοῦσι.
1444 991 1598 1045 Μετὰ
1624 990 1680 1044 δὲ
1713 990 1814 1062 τὴν
1854 990 2007 1061 πρώ-

412 1097 513 1149 την
548 1081 746 1132 δεκάδα
800 1082 1221 1152 ἀναστρέφωσι·
1262 1083 1391 1146 τοὺς
1437 1083 1732 1153 ἀριθμοὺς,
1779 1085 2008 1153 πρώτην

413 1174 505 1226 ἐπὶ
534 1174 666 1226 δέκα
705 1174 977 1239 λέγοντες,
1013 1180 1108 1228 καὶ
1144 1176 1412 1246 δευτέραν
1441 1177 1536 1229 καὶ
1566 1177 1763 1246 τρίτην
1803 1176 2007 1246 ὁμοίως

413 1266 543 1335 ἄχρι
571 1267 669 1333 τῆς
707 1269 944 1328 είκάῖος.
978 1269 1091 1336 Τήν
1134 1266 1192 1321 δὲ
1241 1269 1438 1323 εἰκάδα
1484 1270 1779 1339 ὑστεραίαν
1808 1269 2007 1323 δεκάδα

394 1360 716 1423 ’φάσκοντες
810 1361 1117 1427 γηράσκειν
1170 1358 1359 1431 ὥσπερ
1414 1360 1670 1413 ἐντεῦθεν
1719 1360 1810 1413 τὸν
1858 1361 2007 1430 μῆνα

414 1450 701 1518 ἡγοῦνται,
732 1454 825 1503 καὶ
874 1453 1006 1519 φασὶ
1040 1451 1266 1523 πρώτην
1300 1453 1582 1522 φθίνοντος
1618 1456 1713 1507 καὶ
1744 1455 2006 1525 δευτέραν

414 1544 719 1608 φθίνοντος,
756 1547 848 1595 καὶ
880 1546 1113 1633 ἑννάτηῆν
1150 1546 1374 1617 ὁμοίως.
1405 1546 1517 1618 Τὴν
1548 1546 1603 1599 δέ
1639 1563 1702 1616 γε
1732 1547 2007 1619 τριακάδα

375 1635 388 1644 ’
414 1634 542 1702 ἔνην
577 1635 670 1687 καὶ
700 1635 829 1688 νέαν
858 1635 1241 1704 ὀνομάζουσιν.

488 1725 589 1790 λζ’.
623 1727 777 1779 Ἐπεὶ
794 1726 848 1779 δὲ
866 1728 960 1779 καὶ
980 1726 1039 1779 τὺ
1052 1728 1153 1797 τῆς
1171 1728 1496 1798 δοκιμασίας
1515 1728 1687 1799 ὄνομα
1704 1730 1839 1783 πολὺ
1856 1730 2005 1800 παρα

415 1823 525 1882 τοῖς
568 1820 901 1889 ⁹Ελληνικοίς
942 1823 1368 1892 συγγράμμασι,
1424 1824 1643 1893 πρῶτον
1682 1824 1783 1893 μὲν
1844 1824 2005 1878 τοῦτο

416 1917 508 1967 ἐπὶ
538 1916 645 1969 τῶν
691 1917 1207 1987 ἑπιτροπευομένων
1260 1919 1472 1972 παίδων
1501 1920 1730 1975 τίθεται.
1759 1917 1868 1973 ἿΙν
1896 1923 2003 1991 γάρ
2038 1897 2079 1957 Β

416 2012 603 2072 αὐτοῖς
657 2009 965 2079 ὡρισμένος
1016 2011 1231 2081 χρόνος,
1288 2013 1373 2080 ἐφ’
1404 2008 1465 2065 οὗ
1524 2014 1843 2083 γενομένοις
1893 2019 2007 2078 τοῖς

415 2102 675 2169 ὀρφανοῖς
726 2102 889 2171 νόμος
934 2104 1085 2173 παρὰ
1146 2102 1256 2157 τῶν
1302 2105 1615 2175 ἐπιτρόπων
1665 2107 1731 2160 τά
1776 2108 2007 2178 πατρῷα

416 2193 742 2259 λαμὸάνειν,
789 2195 885 2247 καὶ
911 2197 938 2248 6
969 2196 1064 2248 ἐπὶ
1094 2196 1187 2249 τοῦ
1239 2198 1485 2250 τοιούτου
1521 2198 1716 2268 χρόνου
1772 2194 2008 2270 6x9251-

418 2285 553 2354 σμὸς
603 2285 901 2354 δοκιμασία
954 2278 1195 2355 ἐλέγετο.
1244 2284 1479 2343 Ἔπειτα
1522 2290 1859 2362 κυριώτερον
1916 2293 2008 2345 ἐπὶ

414 2379 524 2433 τῶν
554 2381 635 2445 εἰς
682 2382 860 2451 ἀρχὴν
893 2374 1349 2452 ὲμὸισαζομένων
1392 2384 1425 2456 ἧ
1476 2385 1824 2455 λειτουργίαν
1855 2386 2004 2439 πολι-

413 2472 573 2541 τικὴν
621 2475 655 2543 ή
707 2474 1004 2544 δοκιμασία
1050 2475 1533 2547 παρελαμϐάνετο.
1608 2474 2010 2546 Ἐδοκιμάζετο

417 2563 528 2633 γὰρ
557 2566 585 2617 6
616 2566 925 2635 στρατηγδς
971 2566 1067 2619 καὶ
1109 2568 1138 2619 6
1166 2564 1516 2638 πρεσϐευτὴς
1558 2570 1653 2621 καὶ⁹
1691 2569 1719 2621 6
1751 2570 2011 2641 δᾳδοῦχος

419 2659 512 2710 καὶ
544 2658 571 2710 6
600 2657 948 2727 ἱεροφάντης.
984 2658 1126 2729 ὅπερ
1171 2660 1345 2725 ἐστὶν,
1390 2660 1686 2732 ἐξητάζετο
1710 2664 1758 2715 εί
1804 2660 2013 2735 προσή-

418 2758 532 2802 κων
561 2748 681 2802 ἐστὶ
714 2749 793 2819 τῷ
828 2749 1141 2818 πράγματι.

489 2841 597 2913 λη’.
640 2842 715 2896 Τὸ
742 2842 804 2896 δὲ
842 2844 899 2907 ἐς
918 2835 1274 2915 Κυνόσαργες
1299 2847 1467 2899 τόπου
1501 2842 1601 2916 μέν
1626 2846 1771 2901 ἐστιν
1797 2846 1971 2918 ὄνομα
1994 2864 2006 2879 ’

415 2932 525 2985 61:6
567 2931 625 2987 δέ
658 2949 803 2995 τινος
838 2933 1084 3003 ἱστορίας
1135 2934 1501 2989 συντέθειται.
1536 2936 1712 2990 Πάλαι
1768 2936 1867 3006 μὲν
1901 2937 2009 3007 γάρ

414 3027 531 3086 τοῖς
571 3024 751 3089 νόθοις
799 3025 1015 3089 οὐδενὸς
1060 3027 1231 3097 μετῆν
1271 3027 1399 3081 οὔτε
1432 3028 1541 3081 τῶν
1593 3029 1851 3100 μετρίων,
1884 3028 2009 3084 οὔτε

415 3119 527 3171 τῶν
557 3119 853 3172 πολιτικῶν
894 3118 1190 3191 Ἀθήνῃσι·
1225 3121 1479 3191 χρησμοῦ
1507 3122 1563 3175 δὲ
1612 3122 1881 3190 Δελφόθεν
1919 3125 2010 3176 ὲκ-

413 3210 661 3272 δοθέντος
710 3210 803 3263 τὸν
835 3211 899 3262 ἐκ
927 3211 1049 3272 Διὸς
1078 3213 1175 3264 καὶ
1229 3212 1545 3282 Ἀλκμήνης
1574 3213 1799 3276 τούτους
1848 3213 2005 3279 ὲξευ-

420 3300 755 3370 μενίςεσθαι.
792 3302 979 3371 βωμόν
1020 3319 1081 3354 τε
1132 3305 1579 3375 ἁνεγηγέρκασιν
1612 3306 1879 3375 Ἡρακλεῖ
1913 3308 2008 3360 καλ⁵

418 3396 733 3449 συντέλειαν
761 3378 1012 3448 ἐπέτενσν
1037 3397 1129 3448 ἐπὶ
1162 3398 1285 3459 ταῖς
1312 3397 1528 3461 θυσίαις
1558 3398 1737 3467 τούτῳ
1774 3400 2011 3470 συνεψη-

417 3489 669 3555 ιρίσαντο.
713 3489 1041 3557 Ὦνόμαάται
1090 3488 1145 3540 δὲ
1190 3489 1250 3541 τὸ
1280 3490 1482 3558 χωρίον
1532 3491 1618 3559 ἐφ’
1648 3487 1708 3545 οὗ
1752 3491 1814 3544 τὸ
1867 3492 2012 3562 ἱερὸν

418 3582 602 3650 ἵδρυτο
653 3581 1029 3650 Κυνόσαργες.
1085 3572 1256 3634 Τοῦτο
1304 3581 1360 3634 δὲ
1415 3572 1734 3651 νενόμισται
1779 3585 1861 3635 ὅτι
1918 3586 2012 3636 καὶ

430 3674 711 3743 Ἡρακλῆς
763 3675 864 3725 οὐκ
910 3674 1141 3740 ἐγγενής
1185 3674 1300 3727 ἑστι
1347 3674 1468 3737 θεὸς
1522 3675 1632 3728 οὐδ’
1682 3676 2008 3745 ἀγέννητος,

418 3757 557 3819 ἀλλὰ
596 3766 869 3838 πατρόθεν
924 3767 1022 3837 μὲν
1056 3764 1285 3829 ἁπλοῦς.
1322 3766 1597 3837 μητρόθεν
1643 3768 1698 3821 δὲ
1757 3766 2010 3833 σύνθετος

418 3861 515 3912 καὶ
549 3859 702 3923 νόθος
759 3862 838 3921 είς
877 3861 969 3911 ’τὸν
1000 3858 1239 3929 ἀριθμὸν
1288 3860 1384 3912 καὶ
1430 3859 1855 3932 παράγραπτος.
1912 3863 2012 3915 Διά

417 3949 575 4003 τοῦτό
607 3947 772 4019 φασιν
820 3951 1059 4003 Ἀττικοί
1092 3951 1153 4013 ές
1189 3946 1546 4019 Κυνόσαργες
1580 3949 1857 4004 συντελεῖν
1884 3952 2010 4014 τοὺς

418 4042 628 4105 νόθους.

487 4133 587 4189 λθ’.
612 4135 734 4187 Τῶν
767 4134 1069 4205 Ἀθηναίων
1092 4134 1456 4198 ἀκούοντεςέν
1474 4134 1582 4199 τοῖς
1610 4134 2011 4205 συγγράμμασι

416 4236 544 4285 τους
602 4227 700 4297 μὲν
746 4226 941 4290 ἀλλους
992 4228 1163 4291 θεοὺς·
1202 4226 1486 4299 ὀμνύντων
1538 4225 1729 4290 ἁπλῶς
1756 4266 1771 4291 ,
1818 4228 1910 4280 τὸν
1952 4227 2013 4280 δὲ

430 4321 744 4375 Ἀπόλλωνα
794 4321 1166 4392 προτιθέντων
1209 4322 1292 4374 ὅτι
1334 4321 1592 4392 πατρῷός
1632 4322 1750 4374 ἐστι
1784 4319 1885 4390 τὴν
1914 4319 2011 4373 πόα

415 4403 524 4480 λιν,
558 4412 767 4483 ταύτην
797 4413 1020 4484 ήγείσθε
1065 4415 1165 4481 τὴν
1194 4413 1401 4467 αἰτίαν.
1447 4412 1675 4484 Πρῶτον
1720 4411 2010 4482 ἄνθρωπον

416 4508 481 4558 ὲκ
512 4506 612 4574 τῆς
658 4506 913 4575 Ἀττικῆς
964 4496 1297 4577 γεγενῆσθαι
1332 4505 1669 4575 νομίζουσιν,
1715 4500 1827 4557 οἷον
1881 4520 2010 4571 συγ-

2117 621 2273 690 gnlos
2323 637 2539 679 menses
2596 622 2819 695 triginta
2867 621 3060 676 diebus
3108 629 3429 677 constantes
3478 618 3708 675 habent.

2116 711 2184 769 Et
2232 716 2285 770 in
2315 724 2450 772 .tres
2497 716 2733 771 decedas
2786 728 3032 771 mensem
3086 714 3413 780 dividentes,
3466 711 3704 783 primum

2115 807 2258 862 diem
2328 808 2521 877 prima:
2581 806 2805 863 deca'lis
2884 806 3225 862 novilunium
3287 804 3703 876 cognominant,

2115 891 2364 970 aliosque
2400 916 2573 969 usque
2619 902 2685 954 ad
2720 901 2879 956 linem
2908 900 3132 956 decadis
3154 898 3455 955 secundum
3489 905 3545 951 et
3585 906 3704 953 ter-

2118 992 2273 1058 tium,
2330 1003 2385 1046 et
2444 1008 2649 1048 nonum
2680 1002 2894 1049 vocant.
2923 993 3055 1047 Post
3100 991 3331 1061 primam
3376 1004 3509 1044 vero
3542 991 3706 1045 deca-

2115 1085 2239 1139 dem
2287 1082 2568 1139 invertunt
2616 1099 2893 1151 numeros,
2940 1084 3178 1154 primum
3221 1092 3273 1137 et
3310 1082 3590 1139 decimum
3617 1080 3704 1135 dl-

2115 1188 2324 1243 centes,
2350 1187 2405 1230 et
2431 1178 2729 1232 secundum
2770 1184 2827 1231 et
2872 1177 3092 1231 tertium
3136 1174 3409 1229 decimum
3448 1173 3707 1230 similiter

2116 1284 2289 1339 usque
2342 1270 2409 1324 ad
2460 1268 2803 1325 vicesimum.
2878 1263 3135 1324 Eicadem
3208 1279 3393 1323 autem
3454 1266 3699 1321 ultimam

2114 1364 2374 1420 decadem
2414 1362 2768 1433 appellantes,
2803 1363 3154 1418 insenescere
3187 1350 3345 1431 quasi
3378 1358 3508 1414 inde
3544 1374 3706 1413 men-

2114 1471 2229 1511 sem
2266 1455 2585 1525 opinantur,
2628 1463 2682 1509 et
2730 1454 2922 1510 dicunt
2988 1454 3225 1524 primum
3268 1452 3412 1507 diem
3459 1449 3703 1505 ﬁnientis

2114 1557 2169 1605 et
2208 1549 2508 1604 secundum
2546 1542 2808 1612 tinientis,
2841 1559 2896 1601 et
2938 1554 3140 1602 nonum
3190 1542 3469 1601 similiter.
3510 1541 3705 1598 Trice-

2114 1644 2313 1698 simum
2346 1657 2473 1696 vero
2502 1637 2649 1697 diem
2679 1648 2917 1695 veterem
2951 1648 3005 1694 et
3033 1654 3224 1693 novam
3251 1638 3558 1692 nominant.

2185 1725 2275 1790 57.
2311 1734 2579 1801 Quoniam
2621 1734 2804 1787 autem
2844 1721 3184 1801 probationis
3214 1740 3415 1785 nomen
3442 1726 3704 1796 frequen-

2115 1838 2198 1882 ter
2248 1826 2386 1896 apud
2436 1821 2727 1879 historicos
2774 1822 3039 1886 occurrit,
3080 1820 3318 1890 primum
3363 1817 3585 1887 quidem
3634 1815 3705 1871 de

2112 1921 2294 1988 pueris
2342 1920 2443 1973 sub
2500 1917 2663 1971 tutela
2721 1916 3034 1971 constitutis
3091 1914 3332 1984 ponitur.
3382 1912 3499 1967 Illic
3550 1906 3701 1965 enim

2111 2008 2537 2065 determinatum
2590 2018 2802 2077 tempus
2850 2015 2990 2071 erat,
3044 2021 3152 2076 quo
3195 2004 3427 2076 orphani
3468 2010 3700 2072 paterna

2112 2104 2251 2159 bona
2304 2119 2331 2156 a
2378 2102 2653 2156 tutoribus
2710 2101 2953 2169 recipere
2996 2097 3276 2169 poterant,
3339 2104 3395 2150 et
3443 2101 3700 2149 accurata

2111 2212 2231 2267 qua:
2264 2213 2360 2265 per
2407 2197 2457 2251 id
2499 2206 2712 2265 tempus
2751 2195 3040 2264 inquisitio
3082 2180 3338 2262 probatio
3391 2188 3704 2243 dicebatur.

2116 2288 2317 2344 Deinde
2368 2288 2544 2355 magis
2580 2284 2800 2356 proprie
2843 2287 2910 2338 de
2942 2283 3009 2338 iis
3050 2283 3142 2352 qui
3196 2281 3575 2353 magistratum
3616 2277 3706 2334 vel

2112 2395 2312 2435 munus
2358 2378 2631 2448 publicum
2665 2379 2929 2447 gerebant
2979 2380 3094 2432 haec
3137 2390 3241 2431 vox
3283 2370 3586 2443 δοκιμασία
3616 2386 3707 2424 as-

2112 2475 2450 2529 sumebatur.
2492 2470 2835 2527 Probabalur
2866 2480 2923 2526 et
2960 2480 3262 2539 strategus,
3303 2478 3358 2523 et
3388 2467 3604 2537 legatus
3651 2472 3709 2519 et

2113 2564 2397 2620 daduchus
2438 2560 2635 2632 (facem
2678 2562 2945 2633 gestans),
2982 2572 3039 2615 et
3064 2575 3348 2616 sacrorum
3386 2553 3705 2628 praefectus,

2114 2656 2164 2713 id
2201 2666 2308 2726 εει,
2341 2654 2722 2726 inflnirehatur
2748 2671 2816 2710 an
2845 2656 3059 2711 muneri
3090 2670 3188 2709 suo
3211 2663 3366 2725 aptus
3387 2660 3557 2709 esset.

2180 2846 2273 2904 58.
2307 2843 2441 2899 lllud
2470 2857 2602 2900 vero
2640 2860 2660 2895 ι
2701 2842 2756 2897 in
2783 2842 3130 2914 Cynosarges
3167 2861 3187 2893 ι
3224 2841 3327 2896 loci
3360 2854 3560 2896 nomen
3592 2848 3701 2896 est.

2111 2934 2189 2997 Ex
2243 2939 2477 3009 quadam
2529 2946 2712 2992 autem
2767 2935 2996 2992 historia
3052 2917 3364 3004 profectum
3398 2942 3507 2990 est.
3558 2924 3703 2989 Olim

2111 3033 2279 3103 spurii
2323 3028 2488 3086 nullis
2520 3024 2948 3084 admittebantur
2994 3026 3189 3081 ciliciis
3244 3026 3327 3080 vel
3383 3024 3708 3079 muneribus

2112 3127 2345 3199 publicis
2392 3121 2531 3193 apud
2560 3121 2944 3177 Athenienses.
2988 3120 3066 3173 Ex
3097 3119 3286 3188 Delphi
3320 3129 3507 3172 autem
3541 3115 3706 3182 adyto

2113 3236 2234 3275 cum
2277 3215 2559 3272 oraculum
2594 3221 2928 3283 reportatum
2966 3221 3110 3268 esset
3157 3208 3275 3266 Ιονί
3320 3219 3377 3265 et
3419 3209 3701 3265 Alcmena!

2116 3311 2285 3366 lilium
2315 3311 2395 3362 eis
2420 3322 2541 3362 esse
2572 3306 2891 3374 propitium,
2934 3319 3091 3357 aram
3120 3300 3341 3356 Herculi
3381 3307 3705 3366 erexerunt,

2113 3414 2465 3468 annuumque
2540 3394 2798 3451 tributum
2880 3395 3233 3449 victimarum
3302 3392 3706 3447 oﬂ'erendarum

2114 3509 2299 3557 causa,
2336 3493 2723 3546 decreverunt.
2766 3485 3120 3542 Nominatum
3143 3494 3226 3541 est
3274 3492 3457 3540 autem
3499 3484 3710 3554 Cynos-

2113 3602 2271 3656 arges
2329 3586 2481 3640 locus
2532 3584 2585 3637 in
2632 3598 2743 3653 quo
2782 3581 3045 3650 templum
3080 3578 3392 3635 dedicatum
3440 3589 3549 3652 est.
3592 3570 3709 3633 Hoc

2114 3692 2291 3735 autem
2354 3678 2598 3734 creditur
2630 3675 2925 3731 Herculem
2980 3685 3159 3744 nequc
3220 3672 3533 3743 indigenam
3586 3685 3710 3725 esse

2114 3775 2273 3835 deum
2334 3787 2510 3841 neque
2573 3770 2958 3841 alienigenam,
3014 3767 3109 3822 sed
3163 3782 3231 3823 ex
3290 3774 3444 3836 patre
3484 3764 3705 3835 quidem

2114 3864 2437 3933 simplicem,
2462 3878 2527 3918 ex
2549 3871 2727 3915 matre
2760 3875 2889 3914 vero
2908 3859 3273 3929 compositum
3306 3866 3361 3910 et
3380 3856 3629 3925 spurium
3652 3854 3710 3910 in

2114 3973 2404 4015 numerum
2425 3966 2477 4011 et
2509 3952 2897 4022 ascriptitium.
2934 3954 3060 4007 Ideo
3084 3950 3248 4007 Attici
3274 3950 3464 4005 dicunt
3494 3949 3713 4020 spurios

2115 4049 2167 4101 in
2200 4046 2544 4117 Cynosarges
2575 4034 2950 4105 centribuere.

2185 4137 2276 4192 39.
2312 4136 2541 4203 Quando
2570 4135 2938 4189 Athenienses
2981 4130 3186 4188 auditis
3211 4132 3264 4185 in
3301 4124 3547 4187 historiis
3576 4131 3716 4188 alios

2114 4231 2335 4301 quidem
2373 4229 2503 4283 deos
2529 4228 2781 4282 attestari
2826 4226 3175 4294 simpliciter,
3218 4216 3539 4295 Apollinem.
3578 4238 3713 4278 vero

2114 4331 2449 4392 anteponere
2521 4319 2646 4388 quia
2722 4318 2841 4373 urbi
2916 4319 3123 4386 patrius
3192 4317 3329 4371 deus
3393 4326 3499 4376 est,
3571 4315 3714 4369 hanc

2113 4422 2233 4468 esse
2266 4426 2485 4466 causam
2521 4409 2748 4464 credite.
2784 4406 3028 4461 Primum
3076 4406 3351 4460 hominem
3413 4421 3475 4458 ex
3531 4405 3712 4458 Attica

2115 4517 2301 4561 natum
2325 4520 2445 4559 esse
2466 4512 2679 4573 putant,
2705 4517 2771 4557 ex
2794 4500 2926 4557 solis
2944 4516 3066 4555 cum
3095 4511 3237 4553 terra
3269 4513 3591 4568 congressu.
3608 4498 3712 4559 vel,

415 4599 713 4668 γενομένου
753 4596 906 4669 ήλίου
952 4602 1017 4669 τῇ
1058 4601 1150 4668 γῇ,
1195 4598 1228 4668 ἢ
1264 4596 1643 4669 φυσικώτερον
1667 4600 1789 4660 ταῖς
1822 4598 2008 4650 ἀκτῖσι
2041 4615 2087 4671 ι)
2116 4611 2164 4655 ιιι

1964 4614 2008 4649 τι
2041 4615 2087 4671 ι)
2116 4611 2171 4655 ιιι
2192 4600 2411 4670 physice
2436 4598 2647 4666 loquar,
2677 4595 2851 4651 solem
2878 4607 2997 4647 eam
3041 4592 3207 4645 radiis
3232 4590 3344 4644 suis
3375 4589 3713 4654 calelecisse,

415 4689 813 4758 διαθάλψαντος
846 4691 941 4742 xa‘t
989 4690 1142 4742 τουτὶ
1191 4690 1253 4741 τὸ
1309 4690 1450 4753 ζῶον
1508 4690 2008 4757 ἀπογεννήσαντος.

430 4784 586 4836 Ἐπεὶ
638 4781 694 4836 δὲ
726 4780 1017 4851 ἐπώνυμον
1068 4782 1162 4835 τοῦ
1209 4782 1364 4853 ήλίου
1419 4786 1481 4834 τὸ
1535 4780 1630 4835 τοῦ
1674 4782 2012 4845 ’Λπόλλωνος

417 4877 609 4945 ὄνομα,
645 4874 902 4945 πατρῷον
941 4864 1194 4928 ἐντεῦθεν
1222 4875 1312 4927 τὸν
1363 4868 1610 4927 Ἀπόλλω
1640 4876 1866 4930 οἴονται.

492 4974 563 5037 μ’.
600 4970 679 5021 Τὰ
701 4968 757 5021 δὲ
778 4968 1095 5039 ἀπατούρια
1120 4968 1315 5038 ἑορτῆς
1341 4967 1440 5036 μέν
1465 4969 1614 5020 ἐστιν
1632 4968 1806 5038 ὄνομα
1825 4970 1888 5022 ὲκ
1909 4957 2005 5039 τῆς

417 5063 641 5129 ἀπάτης
681 5061 1096 5129 πεποιημένον·
1142 5059 1201 5125 ἐξ
1238 5060 1480 5131 ἱστορίας
1530 5059 1587 5113 δὲ
1630 5062 1846 5114 τοιᾶσδε
1898 5060 2014 5131 ἔχει

418 5153 518 5220 τὴν
545 5153 823 5219 γέννησιν.
879 5150 1178 5221 Ἐμάχοντο
1206 5151 1345 5219 πρὸς
1387 5151 1651 5221 ἀλλήλους
1682 5152 1814 5204 ποτὲ
1854 5152 2012 5222 Ἀθη-

417 5246 557 5298 ναῖοί
597 5262 657 5297 τε
693 5242 790 5298 καὶ
839 5235 1070 5313 Θηϐαῖοι
1094 5256 1110 5273 ⁶
1149 5246 1264 5310 καί,
1300 5244 1330 5297 ὃ
1368 5234 1433 5314 δὴ
1482 5244 1745 5307 πολλάκις
1782 5247 1931 5316 φιλεῖ
1956 5249 2014 5299 ἐν

417 5339 537 5399 ταῖς
583 5336 787 5406 μάχαις
833 5331 1106 5405 γίνεσθαι,
1140 5335 1201 5387 τὸ
1246 5334 1374 5397 τοὺς
1423 5336 1763 5405 ἡγουμένους
1813 5339 2013 5401 αὐτοὺς

419 5430 547 5499 περὶ
583 5430 692 5481 τῶν
721 5428 1261 5499 ἀμφισϐητηθέντων
1296 5425 1433 5498 πρὸς
1463 5429 1730 5500 ἀλλήλους
1769 5448 2013 5501 μονομα-

418 5522 557 5591 χεῖν,
605 5519 753 5586 ἔδοξε
804 5522 898 5571 καὶ
936 5521 1060 5573 τότε
1106 5523 1221 5583 τοῖς
1255 5520 1538 5591 βασιλεῦσι
1590 5523 1681 5575 τὸν
1724 5522 1867 5593 ὑπὲρ
1902 5524 2012 5577 τῶν

420 5612 802 5682 στρατοπέδων
822 5612 957 5680 πρὸς
976 5611 1243 5683 ἀλλήλους
1260 5613 1499 5684 ἄρασθαι
1518 5614 1775 5684 πόλεμον.
1796 5615 2013 5683 Ἦγεῑτο

418 5705 475 5761 δὲ
512 5708 621 5760 τῶν
648 5707 745 5776 μὲν
786 5705 1088 5776 Ἀθηναίων
1130 5706 1593 5779 ⁸Υπερθύμοιτος,
1631 5706 1742 5760 τῶν
1794 5706 1851 5759 δὲ
1898 5706 2009 5778 91;-

418 5800 592 5853 ὗαίων
613 5796 834 5861 Ξάνθος.
860 5799 969 5851 Καὶ
985 5796 1174 5867 ἐπειδὴ
1196 5796 1256 5848 τὸ
1279 5797 1607 5866 μεταίχμιον
1632 5795 2007 5861 ἀποδέδεικτο,

415 5894 445 5946 δ
480 5892 581 5966 μὲν
614 5890 817 5955 Ξάνθος
852 5890 1052 5945 αὐτίκα
1092 5890 1419 5961 προσῆλθεν,
1462 5891 1490 5943 6
1530 5889 1585 5943 δὲ
1633 5888 2005 5960 ’Υπερθύμοι-

2117 4703 2172 4749 et
2204 4693 2307 4747 hoc
2339 4686 2542 4747 animal
2582 4688 2859 4755 genuisse.
2896 4686 3003 4740 Sed
3029 4684 3290 4755 quoniam
3337 4682 3467 4738 solis
3507 4682 3712 4736 nomini

2118 4786 2359 4840 additum
2391 4790 2474 4839 est
2506 4781 2774 4847 Apollinis
2811 4794 3031 4843 nomen,
3094 4778 3222 4832 inde
3270 4775 3506 4846 patrium
3552 4774 3718 4844 Apol-

2116 4875 2282 4932 linem
2316 4877 2570 4933 credunt.

2186 4969 2275 5024 40.
2328 4968 2587 5039 Apaturia
2623 4965 2750 5022 festi
2801 4972 2999 5019 nomen
3023 4971 3107 5019 est
3140 4977 3204 5015 ex
3240 4960 3448 5014 fraudis
3493 4958 3716 5012 nomine

2119 5065 2305 5132 ἀπάτη
2343 5062 2575 5125 factum;
2605 5074 2669 5114 ex
2697 5068 2945 5127 sequenti
2975 5063 3157 5108 autem
3182 5053 3408 5108 historia
3441 5050 3709 5124 originem

2117 5154 2289 5209 ducit.
2336 5151 2544 5203 Bellum
2589 5149 2732 5202 inter
2768 5161 2826 5201 se
2880 5144 3149 5210 gerebant
3181 5140 3310 5195 olim
3346 5138 3715 5193 Athenienses

2117 5258 2171 5302 et
2199 5244 2442 5300 Thebani
2472 5259 2486 5307 ;
2521 5252 2574 5297 ct
2605 5241 2751 5311 quod
2796 5239 3018 5292 evenire
3067 5238 3385 5305 plerumque
3416 5233 3471 5285 in
3509 5220 3713 5301 prmliis

2117 5338 2277 5403 solet,
2306 5349 2499 5403 nempe
2530 5335 2695 5389 duces
2736 5334 2883 5401 ipsos
2911 5328 3177 5400 singulari
3221 5326 3529 5381 certamine
3570 5326 3715 5378 lutcr

2118 5446 2178 5485 se
2212 5443 2324 5483 rem
2357 5427 2634 5487 dirimere,
2691 5424 2863 5477 visum
2918 5430 3004 5474 est
3055 5428 3110 5474 et
3158 5420 3288 5472 tunc
3345 5415 3565 5486 regibus
3612 5420 3713 5485 pro

2118 5521 2455 5578 eXercitibus
2529 5519 2671 5571 inter
2732 5530 2792 5569 se
2853 5515 3156 5567 decertare.
3223 5508 3465 5563 Praeerat
3522 5516 3706 5561 autem

2115 5609 2545 5665 Atheniensibus
2626 5603 3135 5676 llyperthynicetus,
3227 5597 3506 5653 Thebanis
3578 5610 3711 5653 vero

2116 5702 2386 5757 Xanthus.
2422 5701 2486 5755 Et
2532 5708 2816 5768 postquam
2851 5695 3087 5765 spatium
3122 5692 3548 5748 delerminatum
3590 5698 3698 5753 cst,

2113 5795 2366 5850 Xanthus
2412 5793 2630 5863 quidem
2684 5792 2870 5845 statim
2917 5789 3175 5851 accurrit,
3218 5784 3701 5858 Hyperthynttntus

2114 5897 2292 5945 autem
2325 5887 2538 5958 ignavia
2570 5885 2864 5956 desperans
2895 5880 3190 5940 Melanthio
3224 5878 3314 5934 uni
3362 5891 3426 5933 ex
3466 5872 3693 5933 comili-
