4430 6448
782 392 920 461 101‘)

2053 392 2104 449 Ill
2126 388 2484 447 ltTIlAELlS
2528 392 2795 454 l’SELLI

3932 388 4067 451 1090

775 510 874 562 luis
922 524 1149 576 regnum
1202 519 1250 562 et
1301 518 1580 562 certamen
1624 507 1899 576 singulare
1938 508 2170 559 remisit.
2206 504 2358 558 Tum.
2388 502 2436 558 A
2466 526 2524 561 το

2318 521 2358 557 tt‘.
2388 502 2436 558 Λ
2466 526 2556 571 τος
2586 512 2969 574 ἀποδειλιάσας
3002 512 3289 574 Mela-10in)
3320 509 3395 577 τῷ
3438 505 3842 577 παρασπίζοντι
3876 506 3973 569 τῆς
4008 520 4067 557 τε

775 595 1107 652 Melanthius
1147 608 1302 651 stans
1354 599 1419 651 ad
1459 612 1690 666 pugnam
1730 597 1908 650 iturus
1956 600 2022 650 ad
2080 596 2362 649 Xanthum

778 693 1049 759 processit
1090 691 1337 758 querenti
1373 690 1590 753 similis,
1646 690 1811 757 quod,
1860 704 1980 743 cum
2007 705 2072 742 ex
2108 696 2267 758 pacto
2310 688 2362 741 in

781 784 955 837 solum
999 780 1277 834 Xanthum
1317 793 1557 848 pugnare
1597 780 1842 841 deberet,
1890 777 1978 830 ille
2032 778 2215 833 socios
2261 774 2364 828 sibi

787 878 1152 947 :ntjunxisset.
1181 876 1334 929 Tunc
1365 874 1660 929 Thebanus
1692 874 1887 927 avertit
1916 885 2076 942 caput
2119 884 2175 925 nt
2214 872 2367 927 vitle-

780 978 863 1020 rut
904 982 1029 1019 num
1058 967 1179 1034 quis
1207 976 1529 1033 sequeretur
1573 980 1668 1030 se;
1715 973 1879 1031 atque
1916 964 1986 1015 ita
2042 962 2367 1017 Melanthius

778 1060 1033 1113 li-thalem
1071 1059 1315 1111 lanceam
1351 1058 1658 1126 prepelleus
1710 1056 1860 1109 illum
1899 1056 2121 1119 occidit,
2156 1064 2213 1107 et
2247 1069 2369 1107 cer-

782 1152 985 1205 tantine
1012 1151 1184 1204 victor
1208 1153 1405 1204 evasit.
1440 1150 1562 1217 lpse
1590 1165 1830 1202 annuum
1862 1149 2057 1203 festum
2092 1146 2370 1201 celebrare

781 1243 968 1309 coepit,
1010 1242 1169 1311 hujus
1200 1251 1431 1296 eventus
1478 1255 1666 1305 causa,
1716 1252 1773 1297 et
1815 1242 1941 1297 huic
1992 1239 2131 1295 festo
2174 1253 2369 1295 nomen

782 1336 1033 1403 :tpaturia
1064 1334 1345 1404 imposuit.

859 1510 951 1564 ιι.
986 1509 1330 1564 Tetradistas
1363 1510 1713 1580 appellabant
1761 1509 2128 1565 Athenienses
2159 1526 2252 1566 eos
2280 1512 2369 1579 qui

784 1606 949 1659 vitam
985 1604 1168 1658 labore
1184 1614 1237 1658 et
1261 1605 1494 1659 miseriis
1527 1603 1785 1658 refertam
1816 1606 1994 1659 sortiti
2023 1618 2203 1666 erant,
2231 1610 2369 1675 quod

787 1711 1039 1762 asperum
1090 1710 1285 1749 nomen
1341 1699 1408 1748 ab
1455 1696 1689 1750 llercule
1744 1709 2113 1765 sumpserant.
2170 1700 2371 1765 Quarta

784 1788 927 1839 enim
978 1787 1189 1841 mensis
1225 1787 1314 1841 die
1365 1785 1653 1841 Herculem
1709 1797 1894 1841 natum
1940 1803 2062 1843 esse
2111 1789 2368 1844 traditum

784 1890 893 1934 85'.

858 1969 949 2024 42.
979 1969 1151 2025 Tethe
1175 1967 1449 2026 etTitthis
1478 1983 1532 2025 et
1560 1970 1807 2040 Epitethe
1837 1990 1851 2027 :
1880 1973 1979 2027 tria
2009 1976 2121 2028 haec
2151 1978 2370 2031 nomina

787 2064 963 2117 tribus
989 2064 1241 2130 personis
1274 2066 1624 2131 tribuuntur;
1656 2065 1828 2119 Tethe
1857 2082 1884 2119 a
1918 2067 2125 2121 duobus
2158 2071 2278 2124 aliis
2320 2074 2370 2124 in

786 2173 853 2209 cu
883 2156 1056 2210 tliil'ert
1090 2158 1230 2225 quod
1278 2167 1332 2211 et
1375 2168 1604 2213 matrem
1634 2168 1689 2211 et
1715 2160 1908 2212 matris
1942 2170 2170 2214 matrem
2202 2163 2373 2231 signi-

790 2250 947 2313 ficat;
986 2250 1186 2303 Titthis
1230 2263 1410 2305 autem
1467 2254 1638 2320 patris
1692 2262 1783 2306 aut
1836 2254 2027 2307 matris
2067 2264 2148 2309 cst
2179 2270 2372 2321 soror;

787 2338 1036 2406 Epithete
1075 2349 1153 2395 est
1188 2340 1358 2396 Tethe
1388 2354 1586 2396 mater.

858 2523 945 2576 45.
988 2523 1166 2574 Patria
1224 2535 1277 2577 et
1331 2532 1517 2592 patroa
1574 2541 1682 2581 non
1762 2529 1949 2582 eadem
2004 2544 2125 2584 esse
2183 2541 2376 2600 putant

792 2614 1057 2668 rhetores.
1113 2614 1217 2669 Sed
1268 2618 1441 2684 patria
1494 2621 1777 2673 nominant
1825 2637 2004 2675 mores
2035 2633 2089 2677 et
2134 2624 2278 2693 leges
2321 2635 2375 2681 et

789 2704 1048 2772 mysteria
1098 2713 1151 2757 et
1196 2704 1375 2773 festa;
1426 2718 1613 2775 patrna
1671 2720 1847 2763 autem
1880 2714 2097 2765 domum
2135 2722 2188 2768 et
2228 2714 2374 2771 locos

786 2804 838 2846 rt
875 2810 982 2849 res.

860 2886 947 2938 il.
988 2886 1342 2956 Epiteleioma
1366 2889 1602 2956 (victima
1633 2901 1752 2958 post
1778 2893 1913 2947 alias
1947 2894 2178 2965 oblata),
2205 2898 2257 2951 id
2292 2908 2375 2953 est

789 2980 928 3047 quml
962 2981 1009 3031 iu
1046 2980 1151 3033 fine
1187 2984 1573 3052 mysteriorum
1599 2986 1899 3053 perﬁcitur,
1929 2992 2228 3054 praesertim
2256 3008 2374 3059 qua:

789 3071 841 3122 in
902 3071 1177 3141 mysteriis
1245 3071 1587 3143 Proserpina:
1638 3086 1689 3129 et
1747 3074 1985 3133 Cereris.
2034 3078 2147 3134 Hoc
2192 3095 2373 3138 autem

786 3166 1010 3217 munitm
1045 3175 1126 3219 est
1156 3169 1459 3245 cognitum,
1490 3185 1587 3223 nec
1626 3170 1753 3224 mihi
1798 3172 1861 3226 de
1891 3187 1953 3225 e0
1971 3174 2370 3230 disserendum.
2402 3208 2444 3264 ο

858 3254 946 3307 43.
984 3255 1339 3327 llypophonia
1400 3271 1579 3313 autem
1634 3274 1760 3315 snnt
1821 3266 2127 3334 sanguinis,
2186 3277 2242 3319 ιιι
2299 3269 2371 3321 ita

786 3347 987 3409 dicunt,
1034 3349 1224 3404 multa.
1278 3350 1504 3406 Licebat
1554 3355 1697 3406 enim
1749 3357 1916 3409 occisi
1955 3358 2262 3413 hmredihus
2291 3361 2374 3414 vel

790 3436 1197 3493 interfectorem
1222 3442 1473 3496 occidere
1513 3444 1594 3494 vel
1638 3445 1801 3498 czetlis
1836 3448 2067 3512 pretium
2101 3451 2371 3519 accipere.

790 3528 920 3593 Qum
978 3532 1140 3599 igitur
1182 3547 1281 3600 pro
1337 3535 1482 3588 cmule
1522 3535 1645 3589 data
1696 3547 1858 3593 erant
1909 3541 1977 3593 ab
2019 3540 2375 3600 interfectore

790 3622 1216 3677 nominabantur
1258 3625 1633 3695 ltypnphonia.

861 3714 949 3768 46.
998 3716 1127 3769 Illud
1161 3727 1340 3770 autem
1391 3738 1408 3769 ι
1452 3720 1841 3790 antlrolepsion
1887 3740 1905 3774 ι
1943 3734 2062 3777 erat
2088 3725 2375 3780 hominum

788 3809 1107 3875 prehensio,
1163 3820 1221 3863 ut
1270 3820 1420 3879 putet
1462 3829 1527 3866 en
1577 3813 1693 3877 ipso
1740 3815 2001 3879 nomine;
2047 3817 2378 3883 legislatoris

790 3912 969 3953 autem
1010 3901 1289 3956 decretum
1318 3913 1435 3957 erat
1470 3904 1537 3957 de
1573 3906 1994 3961 Atheniensibus
2054 3908 2106 3961 in
2141 3912 2375 3979 quodam

790 3995 985 4049 Attica:
1014 3997 1132 4051 loco
1172 3998 1395 4051 occisis.
1444 3998 1578 4053 Cum
1620 4002 1763 4054 enim
1809 4002 1898 4054 ille
1949 4004 2038 4073 qui
2092 4021 2189 4070 pro
2234 4010 2378 4063 caede

793 4097 1082 4150 suspectus
1129 4089 1455 4153 habebatur,
1521 4093 1932 4147 accusationem
1986 4096 2221 4165 fugeret,
2267 4109 2377 4155 tres

786 4178 1002 4241 iudices
1050 4180 1116 4233 ad
1165 4195 1302 4248 quos
1359 4182 1425 4236 de
1477 4182 1567 4236 illo
1610 4185 1939 4251 pertinebat,
1974 4203 2094 4241 eum
2128 4205 2378 4261 compre-

794 4267 1129 4334 hendebant,
1158 4280 1213 4324 et
1244 4272 1345 4325 hoc
1375 4273 1760 4341 androlepsion
1802 4279 2210 4336 nominabatur.

864 4359 955 4414 47.
992 4362 1306 4430 Areopagns
1334 4377 1461 4418 vero
1496 4365 1925 4433 pulcherrimum
1966 4380 2051 4423 est
2079 4370 2380 4424 Athenien-

793 4453 933 4503 sium
968 4453 1226 4506 tribunal.
1280 4454 1514 4509 Medium
1549 4468 1634 4511 est
1668 4469 1848 4514 autem
1877 4461 2018 4516 inter
2052 4460 2287 4516 fabulam
2324 4477 2379 4518 et

2471 603 2753 671 βασιλείας
2783 606 2879 658 καὶ
2930 606 3028 672 τῆς
3065 603 3405 674 μονομαχίας
3454 604 3800 671 παραχωρεῖ.
3846 600 3954 652 Καὶ
4003 600 4068 668 δὴ

2471 698 2749 760 καταστὰς
2790 702 2817 752 6
2851 700 3154 762 Μελάνθιος
3199 699 3279 759 εἰς
3313 698 3501 764 ἀγῶνα
3541 694 3618 762 τῷ
3667 694 3859 761 Ξάνθῳ
3899 694 4064 756 εὐθὺς

2469 790 2876 845 δεινοπαθοῦντι
2910 784 3097 863 ἐῴκειξ
3116 794 3220 854 ὅτι,
3244 790 3363 843 δέον
3388 790 3477 842 τὸν
3503 787 3707 842 Ξάνθον
3730 788 3890 857 μόνον
3920 788 4064 839 κατὰ

2472 884 2747 954 συνθήκας
2792 883 3235 950 διαγωνίζεσθαι.
3267 885 3294 936 6
3332 883 3387 936 δὲ
3420 881 3515 934 καὶ
3568 880 3890 949 συμμαχίαν
3933 880 4058 945 ἐφέ-

2474 994 2707 1032 σπεται’
2754 978 2838 1046 ἐφ’
2872 970 2915 1045 ᾧ
2966 979 3059 1030 τὸν
3102 978 3340 1047 Θηϐαῖον
3385 974 3881 1043 ὑπερεκπλαγέντα
3931 973 4068 1022 ἀπο-

2471 1071 2662 1123 νεῦσαι
2693 1072 2791 1141 τὴν
2820 1073 3062 1140 κεςεαῖπὴν
3090 1073 3175 1125 ἴνα
3203 1073 3356 1133 εἴτις
3380 1071 3567 1122 ἕποιτο
3600 1068 3699 1122 ἴδοι
3722 1087 3734 1099 ·
3766 1069 3861 1120 καὶ
3918 1065 4065 1118 οὕτω

2471 1164 2564 1215 τὸν
2614 1164 2943 1227 Μελάνθιον,
3000 1163 3222 1219 ὤσαντο.
3277 1165 3337 1217 τὸ
3392 1163 3520 1232 δόρυ
3572 1162 3663 1214 ἐπὶ
3718 1162 3783 1213 τά
3847 1160 4061 1227 καίρια,

2472 1257 2683 1308 ἐκεῖνόν
2733 1274 2791 1309 τε
2845 1257 3165 1309 ἀποκτεῖναι
3202 1258 3293 1309 καὶ
3343 1256 3403 1309 τὸ
3454 1256 3655 1323 κράτος
3709 1252 4066 1319 ἀνειληφέναι

2471 1350 2573 1415 τῆς
2608 1352 2809 1421 μάγης,
2841 1353 2935 1405 mi.
2957 1351 3207 1404 ἐπετείου
3240 1351 3433 1417 ἑορτῆς
3461 1349 3767 1418 ἀρξάμενον
3795 1346 3890 1399 τοῦ
3928 1363 4065 1413 συμ-

2475 1446 2773 1513 ϐεϐηκότος
2801 1446 2985 1505 ἕνεκα,
3029 1444 3342 1512 άπατούρια
3378 1443 3552 1495 θεῖναι
3582 1445 3646 1511 τῇ
3677 1441 3837 1509 ἑορτῇ
3870 1440 4062 1506 ὄνομα.

2552 1542 2661 1603 μα’.
2714 1537 3084 1606 Τετραδιστάς
3134 1536 3190 1588 δὲ
3235 1535 3513 1603 Ἀθηναῖοι
3560 1534 3726 1601 φασιν
3774 1527 3858 1595 οἷς
3903 1532 4065 1598 ἔλαχε

2479 1629 2590 1697 βίος
2648 1631 2907 1691 ἐπίπονος
2965 1630 3062 1682 καὶ
3112 1627 3495 1699 ταλαίπωρος,
3550 1627 3916 1695 σκληρότερον
3970 1623 4065 1689 ἀφ’

2488 1718 2786 1785 Ἡρακλέος
2814 1718 2987 1779 οὕτως
3012 1720 3211 1783 αὐτοὺς
3239 1718 3619 1787 ὀνομάζοντες.
3648 1718 3927 1786 Τετάρτης
3958 1715 4065 1782 γὰρ

2478 1809 2572 1861 τοῦ
2612 1811 2781 1879 μηνὸς
2820 1806 2973 1875 οὗτος
3005 1812 3370 1881 γεγεννῆσθαι
3407 1811 3714 1881 ἱστόρηται.

2553 1990 2660 2059 μβ’.
2695 1991 2846 2062 Τήθη
2898 1992 2992 2043 καὶ
3050 1992 3223 2053 τιτθὶς
3274 1990 3368 2044 καὶ
3420 1988 3652 2057 ὲπιτήθη
3681 2002 3694 2013 ’
3735 1987 3861 2055 τρία
3894 1985 4067 2037 ταῦτα

2475 2083 2717 2151 ὀνόματα
2750 2086 2867 2138 κατ’
2901 2084 3205 2153 ἰσαρίθμων
3239 2082 3547 2150 προσώπων
3578 2080 3853 2147 λεγόμενα
3880 2094 3895 2108 ·
3923 2076 4068 2144 πλὴν

2477 2177 2509 2243 ἡ
2535 2175 2679 2243 τήθη
2705 2176 2959 2226 τοσοῦτον
2995 2175 3197 2242 ἀμφοῖν
3225 2174 3568 2243 διήλλακται.
3598 2171 3678 2222 ὅτι
3706 2169 3799 2220 καὶ
3830 2168 3930 2234 τὴν
3962 2184 4067 2234 μη-

2476 2268 2609 2335 τέρα
2643 2268 2734 2319 καὶ
2768 2267 2866 2335 τὴν
2914 2268 3011 2333 τῆς
3067 2266 3270 2334 μητρὸς
3309 2264 3522 2334 μητέρα
3570 2263 3756 2328 δηλοῖ⁹
3807 2260 3981 2319 τιτθὶς
4010 2258 4066 2310 δὲ

2477 2363 2508 2428 ὴ
2544 2360 2743 2426 ἀδελφή
2796 2362 2909 2412 ἐστι
2939 2359 3034 2412 τοῦ
3069 2360 3273 2426 πατρῗς
3318 2359 3351 2428 ἦ
3392 2358 3492 2427 τῆς
3545 2357 3751 2427 μητρός
3780 2373 3791 2385 ·
3831 2353 4065 2423 ἐπιτήθη

2476 2454 2532 2505 δέ
2567 2455 2716 2505 ἐστιν
2750 2454 2780 2522 ἡ
2811 2456 2909 2521 τῆς
2940 2453 3110 2519 τήθης
3153 2452 3359 2520 μήτηρ.

2552 2550 2661 2612 μγ’.
2706 2544 2920 2611 Πάτρια
2952 2543 3007 2595 δὲ
3042 2543 3136 2594 καὶ
3178 2540 3407 2612 πατρῷα
3444 2542 3506 2593 οὐ
3541 2538 3716 2594 ταύτᾶ
3748 2540 3798 2591 οἱ
3837 2539 4067 2606 ῥήτορες

2477 2638 2678 2689 οἴονται
2703 2654 2715 2667 ·
2745 2636 2883 2690 ἀὶλὰ
2917 2638 3123 2705 πάτρια
3165 2636 3263 2705 μὲν
3288 2637 3355 2688 τά
3385 2635 3480 2705 ἔθη
3517 2636 3610 2687 καὶ
3636 2635 3702 2685 τά
3730 2633 3940 2701 νόμιμα
3971 2631 4067 2682 καὶ

2477 2728 2545 2780 τά
2577 2728 2856 2797 μυστήρια
2885 2727 2977 2779 καὶ
3008 2727 3107 2790 τὰς
3140 2728 3334 2796 ἑορτὰς
3363 2727 3711 2794 ὀνομάζουσι,
3746 2725 3979 2795 πατρῷα
4006 2724 4064 2777 δὲ

2479 2821 2569 2871 τὸν
2609 2816 2755 2872 οἷκον
2786 2820 2880 2871 καῖ⁵
2905 2819 2972 2871 τὰ
3003 2820 3181 2889 χωρία
3217 2821 3309 2873 καὶ
3338 2820 3409 2872 τὰ
3447 2821 3726 2889 χρήματα.

2552 2908 2653 2980 μδ’.
2699 2910 3099 2975 Ἐπιτελείωμα
3127 2910 3183 2963 δέ
3207 2912 3321 2962 ἐστι
3348 2910 3407 2962 τὸ
3432 2910 3523 2960 ἐπὶ
3547 2909 3691 2961 τέλει
3718 2906 3829 2959 τῶν
3858 2923 4067 2975 μυστη-

2482 3004 2611 3074 ρίων
2653 3005 2961 3075 γινόμενον,
3010 3004 3246 3073 μάλιστα
3287 3003 3343 3055 δὲ
3374 3002 3560 3070 Κόρης
3607 3000 3701 3053 καὶ
3751 3000 4061 3084 Δήμητρος..

2478 3098 2648 3151 Τοῦτο
2677 3100 2730 3151 δὲ
2765 3097 3115 3167 παμόέϐηλόν
3142 3098 3260 3148 ἐστι
3314 3096 3407 3149 καὶ
3442 3094 3598 3148 οὐδὲν
3630 3093 3826 3161 δέομαι
3858 3091 4063 3157 λέγειν.

2552 3190 2652 3259 με’.
2679 3189 2758 3242 Τὰ
2783 3191 2839 3242 δὲ
2866 3191 3152 3255 ὑποᾳόνια,
3180 3188 3248 3239 ἲν*
3278 3189 3451 3249 οὕτως
3478 3188 3639 3247 εἴπω,
3666 3183 3801 3255 τιμὴ
3835 3182 4066 3248 αἵματός

2478 3284 2638 3334 εἰσιν.
2687 3281 2919 3334 Ἐδίδοτο
2959 3283 3069 3349 γὰρ
3103 3281 3216 3342 τοῖς
3250 3278 3343 3332 τοῦ
3385 3276 3833 3343 ἀπεκτονημένου
3865 3272 4069 3341 κληρο-

2478 3374 2664 3443 νόμοις
2698 3374 2729 3442 ἢ
2755 3375 3100 3441 ἀνταναιρεῖν
3128 3372 3220 3423 τὸν
3254 3369 3596 3423 ἀπεκτονότα
3619 3368 3652 3436 ἦ
3677 3368 3897 3435 τίμημα
3924 3365 4068 3430 λαμι

2480 3466 2663 3520 6άνειν
2688 3466 2783 3518 τοῦ
2832 3466 3017 3533 φόνου.
3048 3466 3129 3519 Τά
3164 3463 3259 3517 οὖν
3292 3464 3435 3533 ὑπὲρ
3480 3461 3576 3515 τοῦ
3615 3462 3777 3529 φόνου
3814 3460 4067 3529 διδόμενα

2481 3576 2556 3610 πα
2567 3557 2634 3626 ρὰ
2662 3556 2756 3610 τοῦ
2785 3556 3145 3619 ἀπεκτονότος
3177 3554 3447 3625 ὑποφόνια
3477 3554 3830 3623 ὀνομάζεται.

2555 3736 2673 3805 μς·’.
2714 3736 2789 3789 T6
2821 3736 2876 3788 δὲ
2919 3735 3278 3805 ἀνδρολήψιον
3310 3735 3521 3804 ἀνδρῶν
3555 3734 3653 3804 μὲν
3690 3733 3854 3803 λῆψίς
3895 3733 4066 3796 ἔστιν,

2479 3830 2555 3891 ὡς
2600 3830 2757 3899 δῆλον
2808 3829 2901 3880 καὶ⁵
2933 3827 3213 3895 τοῦνομα·
3252 3827 3546 3895 νομοθέτου
3594 3827 3771 3895 δόγμα
3818 3826 3910 3878 ἐπὶ
3957 3827 4070 3887 τοῖς

2481 3921 2849 3990 ἀνῃρημένοις
2905 3917 3211 3987 Ἀθηναίοις
3267 3919 3324 3969 ἓν
3370 3935 3478 3969 τινι
3506 3916 3693 3987 χωρίῳ
3745 3916 3849 3985 τῆς
3891 3916 4070 3986 Ἀττι-

2482 4014 2604 4079 κῆς.
2656 4012 2764 4077 Τοῦ
2816 4012 2924 4081 γάρ
2957 4011 3396 4073 ὑποπτευθέντος
3446 4011 3652 4078 φονέως
3700 4012 3798 4080 τὴν
3850 4010 4069 4079 γραφὴν

2483 4105 2799 4173 φεύγοντος,
2828 4106 2980 4173 τρεῖς
3011 4104 3120 4156 τῶν
3164 4104 3359 4172 ἐκείνῳ
3395 4103 3786 4174 προσηκόντων
3830 4102 4067 4172 ἀνῄρουν

2481 4201 2530 4251 οἱ
2567 4200 2823 4252 δικασταὶ
2865 4198 3358 4268 συλλαμϐάνοντες,
3394 4198 3490 4251 καὶ
3522 4197 3881 4268 ἀνδρολήψιον
3906 4196 4069 4249 τοῦτο

2481 4290 2934 4358 κατωνομάζετο.

2557 4380 2664 4449 μζ,
2708 4382 2768 4433 '0
2792 4382 2847 4433 δὲ
2884 4383 3104 4449 Ἀρειος
3139 4382 3315 4448 πάγος
3344 4382 3405 4434 τὸ
3446 4381 3739 4435 κάλλιστόν
3766 4382 3884 4434 ἐστι
3917 4379 4070 4449 παρά

2482 4475 2593 4535 τοῖς
2630 4473 2895 4533 Ἀττικοῖς
2920 4472 3292 4542 δικαστήριον.
3320 4475 3501 4526 Μέσον
3524 4474 3580 4526 δὲ
3615 4473 3787 4542 μύθου
3819 4473 3913 4525 καὶ
3934 4471 4070 4539 ἀλη-

796 4544 1082 4598 veritatem
1115 4546 1221 4599 hoc
1259 4561 1478 4601 nomen.
1522 4547 1657 4603 Cum
1710 4552 1853 4605 enim
1908 4552 2058 4608 locus
2100 4569 2253 4610 mons
2288 4556 2373 4608 ni-
2410 4567 2455 4625 ι)
2484 4563 2538 4615 οε

2326 4556 2373 4608 Ῐ-
2410 4567 2455 4625 D
2484 4563 2633 4625 θείας
2670 4562 2786 4614 ἐστὶ
2838 4562 2898 4613 τὸ
2933 4561 3126 4630 ὄνομα.
3175 4561 3327 4613 Ἐπεὶ
3377 4563 3486 4631 γὰρ
3541 4562 3832 4629 νιφετῶδες
3882 4561 4007 4628 ὅρος
4041 4563 4069 4612 ὁ

794 4652 957 4691 vosus
996 4639 1089 4700 sit,
1120 4656 1288 4709 pagus
1317 4642 1497 4697 dictus
1532 4652 1653 4710 est;
1686 4646 1941 4713 quoniam
1977 4659 2155 4701 autem
2193 4651 2291 4703 hoc
2327 4652 2378 4703 in

796 4732 916 4785 loco
956 4733 1164 4802 primus
1195 4734 1479 4804 Neptunus
1509 4753 1631 4792 cum
1659 4737 1830 4793 Marte
1856 4739 1923 4793 de
1956 4742 2123 4795 maris
2151 4743 2381 4809 imperio

799 4842 994 4881 manus
1021 4829 1323 4895 conseruit,
1352 4829 1667 4900 Areopagus
1706 4832 2022 4888 nominatus
2057 4844 2161 4887 est.
2200 4832 2264 4886 Et
2288 4835 2379 4904 qui

800 4921 872 4975 ibi
917 4922 1081 4974 vitam
1120 4923 1376 4991 agebant,
1412 4939 1517 4978 non
1568 4924 1715 4980 aliud
1764 4925 2002 4980 tribunal
2048 4926 2198 4979 adire
2232 4938 2382 4996 pete-

797 5021 945 5066 rant.

873 5104 961 5159 48.
1008 5105 1406 5174 Tritagonistes
1432 5123 1538 5162 non
1576 5119 1657 5163 est
1682 5124 1842 5178 quem
1884 5124 2082 5163 nomen
2118 5112 2377 5166 ostendit.

802 5194 1007 5249 Nomen
1053 5197 1297 5264 quidem,
1322 5207 1378 5250 ut
1426 5198 1725 5253 honorifica
1752 5198 2070 5268 appellatio,
2106 5202 2377 5267 composi-

806 5299 919 5341 tum
968 5303 1087 5344 esse
1131 5290 1366 5355 videtur,
1414 5306 1478 5344 eo
1512 5301 1691 5346 autem
1746 5303 1806 5346 ut
1850 5291 2122 5360 vituperio
2151 5304 2382 5348 utuntur

804 5380 898 5448 qui
955 5379 1086 5437 illud
1140 5381 1419 5435 adhibent.
1475 5380 1718 5450 Exempli
1764 5397 1926 5436 causa
1987 5384 2381 5439 Demosthenes

808 5470 1184 5541 tritagonisten
1246 5472 1531 5526 Eschinem
1600 5482 1761 5527 vocat
1820 5473 2080 5537 irridens,
2131 5476 2221 5543 qui
2281 5492 2381 5531 nec

806 5564 972 5616 semel
1005 5576 1104 5631 pro
1139 5563 1562 5618 Atheniensibus
1620 5565 1909 5633 pugnando
1963 5568 2227 5633 eminuit;
2275 5585 2379 5622 non

808 5658 953 5711 enim
985 5657 1208 5724 bellare,
1266 5660 1358 5711 sed
1396 5660 1673 5713 orationes
1703 5660 1901 5712 habere
1934 5660 2123 5714 voluit.
2159 5660 2383 5715 Ponitur

810 5749 911 5800 huc
967 5764 1163 5805 nomen
1216 5759 1403 5804 contra
1452 5766 1545 5805 eos
1593 5752 1980 5821 tragmdiarum
2032 5763 2245 5808 actores
2291 5756 2380 5823 qui

808 5841 1061 5898 Creontis
1093 5846 1581 5917 etAgamcnntonis
1641 5855 1824 5915 partes
1876 5846 2187 5914 Sustineat;
2240 5858 2293 5903 et
2334 5849 2378 5903 si

2482 4652 2644 4711 τόπος
2677 4652 2790 4703 ἐστὶ
2823 4651 2998 4717 πάγος
3052 4651 3299 4717 ἐλέγετο·
3331 4652 3454 4704 ἐπεὶ
3484 4651 3539 4704 δὲ
3565 4653 3624 4703 ἐν
3653 4650 3803 4719 αὑτῴ
3848 4650 4068 4719 πρῶτος

2482 4741 2756 4795 Ποσειδῶν
2775 4742 2933 4812 Ἄρει
2956 4744 3082 4811 περὶ
3112 4741 3453 4813 Ἀλιῤῥοθίου
3469 4742 3824 4812 προσέμιξεν,
3846 4744 4067 4811 ’Ἄρειος

2482 4834 2656 4901 πάγος
2707 4833 3149 4902 κατωνομάζετο,
3207 4834 3318 4887 Καὶ
3359 4835 3408 4886 οἱ
3458 4835 3638 4886 ἐκεῖσε
3698 4832 4069 4903 διαιτηθέντες

2483 4928 2571 4981 ἐπ’
2605 4928 2733 4982 ἄλλο
2760 4929 3116 4999 δικαστήριον
3153 4930 3363 4986 ἐφεῖναι
3387 4932 3488 4983 οὐκ
3522 4930 3797 4983 ἐδύναντο.

2557 5107 2667 5177 μη’.
2716 5107 2773 5159 'O
2814 5107 2871 5160 δὲ
2895 5109 3337 5179 τριταγωνιστὴς
3384 5111 3503 5180 οὖχ,
3529 5111 3603 5173 ὡς
3631 5111 3782 5180 δηλοῖ
3802 5110 4066 5181 τοῦνομα,

2485 5200 2579 5254 καὶ
2616 5200 2677 5253 τὸ
2710 5201 2942 5269 πρᾶγμα
2992 5200 3128 5255 ἐστί.
3169 5201 3241 5254 Τὸ
3279 5203 3376 5271 μὲν
3420 5204 3531 5274 γάρ
3570 5203 3741 5272 ὄνομα
3776 5205 3853 5266 εἰς
3898 5206 4069 5272 εὐφη-

2487 5292 2616 5362 μίαν
2650 5291 3024 5346 συντεθεῖσθαι
3057 5293 3357 5358 είκάζεται,
3390 5296 3482 5348 ἐπὶ
3515 5295 3668 5365 ψόγῳ
3693 5295 3749 5348 δὲ
3776 5297 3827 5347 οἱ
3859 5296 4070 5367 χρησά-

2487 5402 2638 5453 μενοι
2679 5384 2985 5452 φαίνονται.
3025 5386 3237 5441 Αὐτίκα
3280 5389 3307 5439 6
3343 5388 3694 5457 Δημοσθένης
3741 5405 4067 5457 τριταγωνι-

2492 5478 2621 5546 στὴν
2652 5477 2743 5528 τὸν
2772 5479 3032 5549 Αἰσχίνην
3063 5479 3432 5533 ἐπισκώπτων
3475 5482 3662 5549 φησὶν,
3693 5480 3750 5543 ὃς
3782 5482 3890 5535 οὐδ’
3922 5481 4070 5546 ἆπαξ

2483 5571 2623 5641 ὑπὲρ
2670 5571 2971 5640 Ἀθηναίων
3015 5575 3391 5641 ἠγωνισμένος
3435 5574 3799 5642 ἡρίστευκεν’
3850 5575 3910 5627 οὐ
3961 5574 4067 5641 γὰρ

2488 5667 2835 5733 στρατηγεῖν,
2879 5664 3015 5717 ἀλλᾶ
3072 5666 3390 5735 ῥητορεύειν
3444 5668 3635 5720 εἵλετο.
3666 5667 3886 5719 Τζθεται
3939 5665 4070 5733 γοῦν

2486 5755 2728 5825 τοῦνομα
2773 5757 2916 5808 κατά
2948 5757 3057 5809 τῶν
3094 5760 3150 5809 ἐν
3200 5762 3320 5819 ταῖς
3370 5760 3702 5830 τραγῳδίαις
3735 5760 4068 5829 ὑποκριτῶν,

2486 5842 2684 5903 ὅπῦταν
2722 5850 2996 5919 Κρέοντας
3032 5852 3309 5923 μιμῶνται
3340 5856 3433 5909 καὶ
3474 5852 3888 5925 Ἀγαμέμνονας
3913 5869 3928 5883 ·
3970 5852 4071 5905 κᾶν
