4430 6448
814 386 954 451 1023

1296 538 1297 541 η
2069 532 2362 553 ,,,,,,,,,,,.,

2095 718 2325 806 ΤΟΥ

2090 382 2517 445 MltlllAElJS
2562 384 2827 444 PSELLI

3964 372 4103 435 1024

2423 718 2804 805 ΑΥΤΟΥ

995 923 1157 976 ΠΕΡΙ
1198 920 1466 976 ΚΛΙΝΩΝ
1494 922 1868 978 ΔΟΓΜΛΤΩΝ
1901 923 2022 976 κΑι
2055 922 2240 975 ΟΡΩΝ
2274 923 2410 975 ΤΩΝ
2442 922 2767 978 ΝΟΜΙΚΩΝ
2799 921 3133 977 ΡΩΜΑΙΣΤΙ
3168 916 3597 974 ΛΕΓΟΜΕΝΩΝ
3628 917 3923 978 ΛΕΞΕΩΝ.

2408 1110 2479 1128 ﬁ

2170 1279 2715 1373 EJUSDEM

805 1510 904 1571 DE
976 1508 1540 1570 RECENTIORUM
1609 1507 1883 1570 LEGUM
1950 1506 2047 1566 ET
2098 1504 2505 1565 LEGALIUM
2588 1502 3170 1565 DEFINITIONUM
3234 1502 3561 1563 LATINIS
3625 1499 4064 1563 NOMINIBUS

876 1840 1099 1895 Adriani
1124 1840 1403 1893 decretum
1437 1840 1579 1909 quod
1610 1839 1724 1893 vult
1748 1840 1890 1895 bona
1920 1839 2024 1893 ﬁde
2070 1838 2393 1894 distributo-
2423 1838 2471 1894 A

803 1948 917 1987 rem
954 1946 1125 1997 neque
1162 1930 1363 1984 lucrari
1398 1945 1571 1996 neque
1604 1930 1847 1983 multari.

870 2025 1074 2095 Aquilii
1125 2024 1210 2077 lex
1252 2024 1317 2078 de
1348 2023 1552 2089 multis,
1603 2023 1671 2077 ab
1704 2022 1919 2092 Aquilio
1949 2020 2120 2092 plebis
2151 2016 2390 2079 tribuno.

871 2208 1250 2275 Aplinianeum
1285 2207 1563 2261 decretum
1595 2216 1648 2261 et
1680 2205 1902 2261 Adriani
1931 2205 2090 2263 ambo
2125 2207 2389 2275 abrogata

797 2310 942 2355 sunt.

871 2394 1036 2449 Atilia
1070 2394 1152 2446 lex
1190 2391 1441 2460 prohibet
1474 2407 1544 2446 ne
1577 2391 1769 2447 furtiva
1815 2394 2221 2463 usucapiantur.

871 2568 981 2623 ch
1015 2569 1229 2637 agraria
1260 2577 1449 2623 contra
1481 2583 1575 2623 eos
1630 2569 1721 2639 qui
1760 2577 1976 2622 movent
2030 2568 2235 2637 lapides
2284 2579 2391 2624 ter-

801 2663 1050 2725 minaies,
1087 2676 1274 2715 servos
1306 2660 1615 2729 eapit'aliter
1647 2660 1876 2729 puniens
1902 2700 1916 2724 ,
1971 2660 2155 2715 liberis
2207 2671 2388 2716 autem

796 2772 893 2824 pro
930 2756 1155 2823 singulis
1184 2755 1431 2810 terminis
1456 2769 1674 2826 poenam
1723 2769 2066 2809 nummorum
2120 2755 2389 2825 quinqua-

794 2848 941 2917 ginta
972 2848 1242 2916 inuigans.

872 2937 911 2991 L
934 2956 976 2990 ’κ
1009 2938 1244 2992 Viselina
1280 2939 1506 2996 libertos
1534 2939 1792 3009 puniebat
1822 2940 1913 3010 qui
1964 2941 2153 2995 eadem
2194 2956 2259 2995 ac
2294 2957 2390 2997 no-

793 3030 931 3084 biles
961 3032 1232 3085 faciebant
1262 3072 1275 3096 ,
1316 3048 1424 3086 non
1459 3033 1645 3102 petitis
1700 3034 1884 3087 aureis
1928 3035 2184 3099 annnlis;
2222 3034 2388 3089 abro-

2584 1832 2915 1903 ’Δδριάνειον
2945 1834 3145 1901 δόγμα,
3176 1833 3314 1903 ὅπερ
3342 1832 3596 1903 βούλεται
3621 1832 3714 1884 τὸν
3739 1829 3876 1901 καλῇ
3906 1829 4089 1883 πίστει

2496 1923 2667 1992 νομέα
2701 1925 2839 1992 μήτε
2873 1925 3202 1994 κερδαίνειν,
3239 1925 3379 1994 μήτε
3412 1922 3769 1993 ζημιοῦσθαι.

2581 2015 2887 2078 ’Λκουϊλιος
2921 2016 3106 2085 νόμος,
3147 2017 3175 2068 ὁ
3208 2016 3337 2086 περὶ
3371 2015 3596 2085 ζημίας,
3631 2013 3739 2066 ἀπὸ
3784 2014 4089 2068 Ἀκουῖλίου

2494 2106 2805 2177 δημάρχου.

2577 2200 2951 2266 Ἀφνεῖάνεεον
2986 2198 3167 2269 δόγμα
3218 2197 3312 2253 καὶ
3354 2198 3689 2269 ’Δδριάνειον
3721 2196 3890 2267 ἄμφω
3929 2197 4090 2250 ἀναι-

2496 2291 2754 2361 ρεθέντα.

2578 2385 2809 2448 Ἀτίλιος
2838 2384 2999 2456 νόμος
3023 2384 3053 2437 ὁ
3087 2385 3315 2439 κωλύων
3340 2385 3409 2438 τὰ
3455 2384 3764 2454 κλοπιμαῖα
3813 2385 4091 2438 ούσουκα-

2492 2475 2848 2531 πιτεύεσθαι.

2565 2564 2859 2641 ’Λγράριος
2913 2569 3079 2639 νόμος
3106 2568 3250 2623 κατὰ
3280 2570 3391 2623 τῶν
3444 2570 3856 2625 ἀποκινούντων
3906 2572 4090 2636 λίθους

2491 2660 2762 2729 ὁριαίους,
2794 2659 3015 2723 δούλους
3056 2660 3377 2729 κεφαλικῶς
3420 2662 3710 2732 τιμωρῶν,
3770 2663 4089 2733 ἐλευθέροις

2492 2751 2550 2805 δὲ
2612 2752 2806 2822 ποινὴν
2863 2752 3088 2821 ἐπάγων
3142 2753 3363 2825 ἑκάστῳ
3422 2755 3534 2825 ὅρῳ
3573 2753 3852 2825 νούμμους
3886 2754 4088 2827 πεντή-

2493 2852 2684 2897 κοντα.

2564 2932 2842 2998 Βισέλινος
2867 2936 3033 3004 νόμος
3063 2954 3079 2968 ο
3107 2934 3264 2997 οὗτος
3298 2936 3567 3009 ἐτιμώρει
3601 2940 3731 3002 τοὺς
3789 2942 4090 2996 ἀπελευοέ-

2494 3038 2621 3099 ρους
2675 3030 3015 3096 ποιήσαντας
3055 3030 3123 3082 τὰ
3178 3029 3287 3083 τῶν
3341 3031 3586 3099 εὐγενῶν
3612 3034 3784 3105 χωρὶς
3813 3036 4088 3104 αἰτήσεως

793 3132 917 3192 gata
950 3134 1032 3177 est
1063 3139 1158 3191 per
1186 3125 1549 3179 recentiorem
1581 3139 1725 3177 anno
1752 3126 2149 3194 septuagesimo
2166 3135 2382 3180 octavo.
2408 3114 2466 3173 Ι)
2492 3137 2542 3191 χε

2333 3141 2382 3180 ο,
2408 3114 2466 3173 D
2492 3118 2713 3191 χρυσῶν
2738 3119 3045 3172 δακτυλίων
3083 3137 3096 3151 ο
3132 3120 3377 3192 ἀνῃρέθη
3404 3121 3461 3173 δὲ
3486 3122 3592 3175 ὑπὸ
3622 3126 3721 3192 τῆς
3751 3131 3833 3195 οη¹
3858 3127 4082 3196 νεαρᾶς-

871 3214 980 3269 Ι.ι’Χ
1014 3214 1253 3271 Voconia
1294 3215 1505 3270 volebat
1547 3215 1669 3286 plus
1689 3216 2009 3285 legatarium
2031 3210 2393 3287 comprehen-

795 3313 925 3363 dere
952 3326 1114 3377 quam
1147 3310 1439 3364 lucronem.

870 3400 1296 3454 Dasumniannm
1334 3403 1637 3466 decretum,
1671 3400 1871 3471 jubens
1901 3410 1980 3467 ut,
2016 3404 2060 3458 si
2093 3402 2217 3473 quis
2246 3402 2391 3458 debi-

796 3504 881 3547 tor
915 3495 1206 3560 ingenuum
1249 3494 1808 3549 ﬁdeicommissariam
1872 3496 1985 3550 sive
2012 3512 2109 3567 per
2128 3498 2391 3567 oppigne-

797 3587 1062 3638 rationem
1100 3587 1213 3639 sive
1260 3602 1355 3655 per
1400 3588 1666 3641 actionem
1719 3587 1971 3655 capiendi
2034 3589 2333 3642 constituat
2367 3629 2384 3655 ,

794 3676 1029 3745 iugt'ntla
1068 3676 1282 3742 quidem
1318 3677 1632 3745 possideat,
1670 3676 1758 3730 ille
1805 3688 1988 3733 autem
2034 3678 2124 3749 jus
2172 3680 2386 3749 patroni

794 3780 901 3819 non
933 3766 1171 3819 amittat.
2320 3786 2325 3793 ’

866 3856 977 3911 Lex
1010 3856 1172 3921 Julia,
1204 3859 1268 3911 de
1292 3858 1560 3914 adulterio
1583 3868 1631 3913 et
1668 3868 1860 3931 stupro
1896 3869 1948 3915 et
1981 3861 2388 3930 expiatione,et

794 3949 858 4003 de
892 3950 941 4003 vi
964 3962 1173 4005 armata
1211 3961 1265 4005 et
1295 3953 1413 4006 sine
1438 3951 1608 4007 armis
1643 3954 1782 4008 etde
1807 3954 2084 4025 sacrilegis
2114 3964 2169 4010 et
2196 3956 2264 4012 iis
2290 3958 2384 4027 qui

793 4045 1109 4099 "itincribus
1139 4054 1583 4115 corrumpuntur,
1610 4056 1663 4101 et
1690 4046 1832 4102 aliis.

864 4227 1156 4283 Junianum
1181 4230 1460 4285 decretum
1487 4231 1553 4284 de
1591 4230 1823 4297 ingenua
1877 4230 2383 4289 ﬁdeicommissaria

794 4336 894 4389 per
925 4324 1172 4390 capiendi
1198 4325 1472 4377 actionem
1510 4324 1591 4379 vel
1617 4324 2051 4392 oppigneratum.

865 4410 975 4465 Lex
1007 4411 1165 4467 Junin
1197 4413 1491 4482 prohibens
1522 4429 1590 4468 ne
1620 4412 1959 4482 bispossessa
1986 4412 2129 4468 culta
2182 4427 2382 4469 usuca-

793 4505 1037 4574 piantur.

865 4594 1221 4649 Clautlianum
1255 4596 1561 4659 decretum,
1591 4595 1859 4666 impuberi
1896 4609 2067 4666 usque
2093 4595 2161 4651 ad
2188 4596 2380 4667 puber-

796 4698 960 4741 tatem
993 4690 1395 4757 possessionem
1430 4690 1700 4757 prabens.

867 4779 972 4832 Lex
1006 4780 1279 4843 Cornelia,
1301 4782 1366 4835 dc
1401 4780 1559 4845 falso,
1592 4780 1659 4835 de
1692 4779 2002 4845 homicidis,
2042 4780 2107 4836 de
2136 4781 2364 4837 venenis

792 4882 847 4927 et
880 4873 1326 4926 incantamentis.

866 4963 961 5017 Est
987 4977 1167 5018 autem
1196 4972 1250 5019 et
1275 4964 1361 5018 lex
1402 4963 1629 5019 Caninia
1660 4973 1716 5020 et
1750 4963 1836 5020 lex
1873 4963 2205 5019 Calvisiana.

866 5144 1235 5215 Largitionale
1264 5147 1543 5200 decretum
1591 5145 1657 5200 tle
1705 5144 2023 5200 Latinorum
2075 5144 2379 5201 manumis-

795 5236 967 5291 sione.

865 5328 1220 5384 Lihnniannm
1255 5330 1530 5386 decretum
1556 5369 1572 5397 ,
1602 5328 1800 5401 iubens
1849 5329 2105 5387 falsarios
2149 5331 2379 5389 infames

796 5438 939 5478 €558.

868 5514 977 5568 Lex
1019 5515 1226 5569 Licinia
1261 5516 1555 5587 prohibens
1608 5531 1677 5573 ne
1724 5516 1906 5572 socius
1966 5514 2125 5571 alicui
2172 5516 2380 5585 potenti

798 5617 1005 5675 partem
1038 5622 1193 5660 suam
1233 5609 1449 5663 vendat.

872 5697 1265 5753 Mudeslianum
1295 5698 1572 5754 decretum
1599 5708 1844 5755 statuens
1870 5700 2127 5755 auxilium
2158 5716 2188 5754 a
2244 5716 2382 5770 pra:-

2565 3213 2849 3275 Βωκώνιος
2881 3213 3079 3282 νόμος⁹
3116 3205 3274 3276 οὗτος
3325 3210 3578 3267 ἐϐούλετο
3633 3215 3797 3269 πλέον
3859 3214 4086 3285 λαμϐἆ-

2494 3322 2608 3358 νειν
2637 3304 2728 3358 τὸν
2758 3302 3094 3375 ληγατάριον
3121 3304 3218 3357 τοῦ
3256 3307 3630 3376 κληρονόμου.

2564 3394 3027 3465 Δασουμνιάνειον
3093 3396 3293 3464 δόγμα,
3342 3397 3591 3463 κελεῦον,
3651 3399 3749 3453 ἐάν
3800 3418 3886 3463 τις
3910 3419 4087 3472 χρεω-

2496 3491 2637 3544 στῶν
2668 3490 2981 3561 ἐλευθερίαν
3009 3490 3531 3561 φιδεῖκομισσαρίαν
3581 3492 3760 3546 εἴτουν
3794 3494 3899 3547 ὑπὸ
3956 3495 4087 3565 ὅρον

2493 3574 2525 3650 ἢ
2558 3580 2665 3633 ὑπὸ
2688 3581 2904 3652 αἵρεσιν
2940 3580 3183 3646 εὐλόγως
3210 3580 3693 3653 ἀπολιμπάνηται,
3731 3584 3764 3652 ἡ
3802 3586 3899 3654 μὲν
3926 3586 4085 3639 ἐλευ-

2494 3670 2651 3742 θερία
2689 3673 2774 3724 ἵνα
2804 3673 3093 3743 προχωρῇ,
3128 3670 3294 3733 αὐτὸς
3325 3671 3382 3725 δὲ
3421 3674 3499 3744 μὴ
3541 3676 3786 3747 ἐκπίπτῃ
3841 3678 3936 3730 τοῦ
3974 3696 4087 3733 πα-

2488 3766 2761 3837 τρωνικοῦ
2796 3766 3037 3820 δικαίου.

2576 3857 2796 3922 Ἰούλιος
2824 3860 3010 3928 νόμος,
3063 3862 3091 3913 ὁ
3156 3861 3287 3933 περὶ
3354 3859 3604 3932 μοιχείας
3667 3860 3765 3913 καὶ
3809 3860 4083 3931 στούπρου

2490 3950 3017 4015 καὶκαθοσιώσεως,
3056 3954 3152 4007 καὶ
3207 3952 3337 4023 περὶ
3374 3952 3501 4021 βίας
3536 3949 3765 4005 ἐνόπλου
3819 3953 3851 4023 ἢ
3911 3956 4085 4023 χωρὶς

2488 4041 2691 4105 ὃπλων,
2746 4043 2843 4095 καὶ
2902 4040 3030 4114 περὶ
3073 4040 3372 4115 ἱεροσύλων
3421 4042 3518 4096 καὶ
3564 4040 3955 4115 δωροληπτῶν,
3986 4049 4085 4100 καὶ

2489 4134 2717 4203 ἐτέρων.

2573 4222 2915 4281 Ἰουνιάνειον
2936 4226 3118 4296 δόγμα
3150 4228 3279 4301 περὶ
3305 4227 3627 4301 ἐλευθερίας
3658 4229 4085 4303 φιδεῖκομισσα-

2490 4315 2638 4385 ρίας,
2684 4317 2803 4385 ἢτοι
2833 4318 2937 4369 ὑπὸ
2964 4318 3182 4387 αἵρεσιν
3220 4318 3251 4388 ἢ
3292 4318 3441 4386 ὅρον.

2576 4408 2801 4471 Ἰούνιος
2826 4410 3013 4477 νόμος,
3060 4409 3289 4464 κωλύων
3308 4410 3880 4467 ούσουκαπιτεύεσίὲαι
3900 4414 3967 4466 τὰ
3996 4414 4083 4485 3t-

2410 4478 2456 4541 ε
2488 4500 2697 4554 πόσεσα
2734 4518 2789 4553 νε
2800 4502 3063 4573 μηθέντα.

2560 4591 2948 4646 Κλαυδιάνειον
2978 4594 3179 4664 δόγμα,
3204 4594 3447 4666 παρέχον
3473 4596 3554 4669 τῷ
3574 4597 3764 4670 ἀνήόῳ
3792 4600 3954 4671 μέχρι
3982 4602 4082 4672 τῆς

2481 4682 2621 4753 ἥϐης
2659 4684 3019 4754 διακατοχήν.

2554 4774 2841 4847 Κορνίλιος
2868 4779 3054 4847 νόμος,
3090 4780 3119 4831 ό
3143 4781 3273 4852 περὶ
3295 4780 3565 4848 πλαστοῦ,
3611 4782 3743 4854 περὶ
3771 4783 4070 4852 φονευτῶν,

2481 4870 2613 4940 περὶ
2642 4870 2952 4939 φαρμακῶν
2991 4870 3086 4924 καὶ
3121 4875 3361 4943 γοήτων.

2558 4960 2714 5013 Ἐστι
2744 4960 2801 5013 δὲ
2837 4962 2931 5016 καὶ
2958 4962 3123 5033 νόμος
3154 4965 3413 5031 Κανίνιος
3447 4966 3546 5021 καὶ
3590 4968 3759 5037 νόμος
3810 4970 4077 5024 Καλϐισιο

2482 5067 2683 5114 ανειος.

2554 5141 2965 5211 Λαργιτιόνειον
3016 5143 3218 5215 δόγμα,
3290 5145 3425 5215 περὶ
3481 5144 3735 5200 Λατίνων
3783 5146 4078 5202 ἀπελευθε-

2485 5253 2627 5307 ριας.

2552 5325 2929 5380 Λιϐανιάνειον
2995 5327 3196 5397 δόγμα,
3270 5327 3496 5383 κελεῦον
3538 5327 3883 5402 ἀτιμοῦσθαι
3944 5332 4076 5395 τοὺς

2483 5418 2968 5487 πλαστογράφους.

2554 5512 2829 5574 Λικίνειος
2858 5512 3041 5581 νόμος,
3102 5511 3333 5565 κωλύων
3376 5512 3472 5566 τὸν
3528 5513 3788 5567 κοινωνδν
3829 5515 4075 5569 ἐκποιεῖν

2480 5599 2542 5655 τὸ
2574 5604 2706 5656 ῐδιον
2738 5603 2904 5673 μέρος
2932 5603 3040 5656 τινὶ
3069 5604 3308 5676 δυνατῷ.

2557 5700 2975 5752 Μοδεστιάνειον
2992 5698 3192 5769 δόγμα.
3213 5699 3540 5769 νομοθετοῦν
3574 5704 3685 5765 τοῖς
3714 5700 3940 5769 ζητοῦσι
3982 5702 4074 5754 τὶν

802 5789 1011 5844 toribus
1040 5792 1271 5846 dandum
1306 5808 1427 5846 esse
1460 5792 1745 5861 fugitivum
1779 5808 1993 5850 servum
2048 5794 2376 5851 inonirenti-
2410 5828 2459 5888 ο
2488 5808 2551 5859 φι

2330 5794 2376 5851 i-
2410 5828 2459 5888 υ
2488 5791 2704 5859 φυγάδα
2736 5789 2924 5842 δοῦλον
2954 5790 3201 5843 δίδοσθαι
3232 5790 3487 5862 βοήθειαν
3522 5793 3674 5867 παρὰ
3694 5794 3805 5847 τῶν
3834 5812 4072 5866 στρατη-

800 5882 902 5939 bus
927 5883 993 5939 ad
1017 5898 1138 5940 cum
1171 5887 1569 5957 reperiendum.

2489 5883 2603 5953 γῶν
2635 5884 2713 5946 εἰς
2738 5881 2833 5953 τὴν
2870 5883 3059 5937 τούτου
3090 5882 3397 5955 ἀνεύρεσιν.
