4430 6448
341 412 478 478 1025

1548 400 1643 459 DE
1685 398 1949 459 LEGUM
1988 402 2443 468 NOMINIBL’S.

3463 401 3602 467 1026

408 522 865 581 Μακεδονιάνειον
891 520 1091 591 δόγμα,
1144 516 1453 573 ἀντιϐαῖνον
1503 519 1613 580 τοῖς
1668 517 1916 570 δανείσα-
1946 525 1993 582 Α
2094 521 2157 573 Μ;

1856 534 1916 570 α·
1946 525 1993 582 Α
2094 521 2536 577 Macedionattttttt
2565 524 2843 579 decretum
2880 532 3065 577 contra
3115 536 3210 577 eos
3247 524 3338 592 Qui
3371 522 3605 576 subditis

336 635 421 671 σιν
453 616 783 685 ύπεξουσίῳ.

402 709 708 762 Νινιάνειον
742 706 936 775 δόγμα,
973 705 1111 776 ὅπερ
1143 702 1365 755 ἐκέλευε
1428 698 1699 769 μηδέποτε
1750 714 1913 768 μετα-ν

332 801 597 873 φέρεσθαι
619 801 749 861 τοὺς
782 797 1179 867 ἀπελευθέρους
1211 796 1292 857 είς
1329 794 1629 861 εὐγένειαν.

416 892 819 964 Ὀρφιτιάνειον
841 890 1045 958 δόγμα,
1077 886 1317 957 παρέχον
1358 886 1471 946 τοῖς
1509 883 1667 936 παισὶ
1711 881 1917 951 νόμιμα

328 985 516 1037 δίκαια
548 985 625 1045 εἰς
658 982 753 1053 τὴν
782 980 891 1033 τῶν
927 980 1179 1049 μητέρων
1213 976 1564 1043 διακατοχήν.

406 1078 688 1137 Ιίάππειος
739 1074 925 1144 νόμος,
963 1070 1191 1123 κωλύων
1229 1068 1490 1121 δεσπόσαι
1536 1066 1595 1117 τὸ
1628 1064 1915 1135 βιπόσεσιεν

330 1168 359 1220 δ
374 1168 401 1218 ι’
423 1165 887 1226 ούσουκαπίωνος.

410 1260 695 1328 Πομπήϊος
728 1258 921 1325 νόμος,
954 1254 1084 1324 περὶ
1110 1253 1518 1321 πατροκτόνων.

401 1351 805 1421 Πηγασιάνειον
858 1347 1058 1416 δόγμα,
1085 1347 1309 1399 κελεῦον
1326 1347 1416 1396 τὸν
1437 1344 1736 1409 ἀξιωθέντα
1789 1340 1915 1410 κλη-

333 1444 592 1514 ρονομίαν
620 1441 1080 1509 ἀποκαταστῆσαι
1113 1442 1493 1510 παρακρατεῖν
1544 1438 1601 1487 τὸ
1634 1436 1912 1503 τέταρτον,

330 1539 424 1590 καὶ
449 1536 825 1606 ύποκαθιστᾷν
858 1534 1263 1600 ἐννεαούγγιον,
1291 1534 1391 1593 τὰς
1443 1529 1500 1580 δὲ
1576 1527 1799 1595 ἀγωγὰς
1855 1523 1912 1588 ἐξ

328 1630 452 1682 ὅλον
477 1628 681 1699 κλήρου
714 1627 858 1698 ἔχειν
893 1644 904 1657 ·
931 1627 994 1679 τὸ
1029 1625 1084 1678 δὲ
1118 1622 1524 1696 Τρι6ε>.ιάνειον
1567 1620 1731 1672 διεῖλε
1777 1616 1913 1671 ταύ-

331 1738 450 1783 τας.

403 1807 811 1880 Πριόιλιάνειον
838 1807 1018 1877 δόγμα
1051 1807 1145 1858 καὶ
1197 1804 1666 1875 Τουρπιλιάνειον.
1724 1799 1910 1869 Τούτῳ

2026 613 2312 679 pecuniam
2348 615 2475 665 dant
2513 610 2746 666 faenore.

2094 702 2384 757 Niniauum
2419 707 2691 758 decretum
2734 703 2876 772 quod
2908 702 3254 771 praecipiebat
3278 717 3343 756 ne
3366 717 3603 772 unqnam

2022 794 2199 849 libet-ti
2233 796 2284 847 in
2318 796 2707 865 ingenuitatem
2746 794 3194 849 transferrentur.

2092 888 2470 957 ()rpltitianttm
2507 890 2783 944 decretum
2814 888 2939 942 ﬁliis
2975 889 3222 958 praebens
3255 887 3447 956 legaliu
3477 887 3601 957 jura

2022 981 2073 1032 in
2106 990 2339 1033 matrum
2375 983 2773 1048 possessiones.

2094 1074 2195 1127 Lex
2231 1075 2452 1145 Pappia,
2483 1078 2779 1143 prohibens
2812 1092 2879 1131 uc
2930 1077 3270 1145 bispossesso
3320 1088 3416 1144 per
3479 1090 3607 1128 usu-

2020 1170 2305 1235 c;tpiottem
2339 1169 2459 1235 quis
2489 1169 2744 1236 potiatur.

2096 1259 2200 1311 Lex
2246 1259 2499 1328 Pompeia
2530 1260 2597 1313 de
2626 1259 2933 1327 parricidis.

2089 1348 2445 1419 Pegasiattum
2482 1350 2781 1413 decretum,
2820 1364 2928 1418 quo
2958 1349 3080 1416 quis
3110 1350 3478 1405 ltmredilatem
3513 1367 3605 1404 re-

2019 1443 2244 1496 stituere
2273 1444 2453 1509 jussus
2484 1456 2739 1510 quartam
2773 1441 2890 1510 ejus
2915 1452 3121 1509 partem
3151 1445 3385 1497 retinere
3409 1453 3604 1511 potest,

2019 1548 2316 1600 novemque
2366 1534 2555 1588 uncias
2625 1534 2840 1587 solvens
2900 1534 3207 1587 vectionum
3253 1534 3342 1603 jus
3393 1551 3459 1590 ex
3493 1546 3603 1591 tota

2020 1620 2333 1675 lttet-editate
2363 1623 2561 1688 habet;
2595 1623 2737 1691 quod
2769 1621 2858 1691 jus
2889 1624 3079 1677 statuit
3110 1622 3482 1680 Tribelianum
3511 1628 3606 1682 dc-

2016 1722 2247 1765 ετοιυιη.

2085 1802 2437 1855 Privilianntn
2463 1802 2741 1856 decretum
2772 1812 2825 1857 et
2848 1803 3249 1873 Turpilianntn.
3287 1806 3425 1861 lluic
3473 1809 3594 1862 sub-

331 1899 631 1952 ὑποπίπτει
657 1898 684 1949 ό
714 1898 1009 1967 ἐγγράφως
1032 1894 1239 1963 ἐγγύας
1271 1893 1520 1954 δεδωκὼς
1549 1891 1643 1943 καὶ
1679 1888 1911 1957 ποιήσας
1947 1906 1988 1960 Β
2012 1892 2080 1960 jet

1850 1904 1911 1948 at;
1947 1906 1988 1960 Β
2012 1892 2187 1960 jeetus
2214 1904 2297 1946 est
2329 1896 2420 1962 qui
2446 1894 2769 1963 sponsiones
2804 1896 3005 1963 scripto
3051 1897 3230 1963 dedit,
3274 1897 3435 1952 alieni
3474 1915 3599 1967 pos-

330 1991 453 2044 τινά
479 1989 838 2057 κατασχεθεῖν
878 1987 1046 2057 χωρὶς
1082 1984 1433 2043 ἁόολιτίονος.

418 2078 822 2148 Ῥουὸριάνειον
851 2077 1052 2147 δόγμα,
1074 2077 1201 2145 περὶ
1233 2070 1737 2142 φιδεῐκομισσαρίας
1769 2067 1917 2125 ἐλευ-

333 2172 544 2242 θερίας.

414 2264 650 2333 Ῥέγειος
682 2266 711 2318 ὁ
747 2263 933 2333 νόμος,
964 2263 991 2313 ὁ
1017 2259 1242 2312 κωλύων
1263 2258 1501 2327 ταφῆναι
1529 2257 1627 2323 τὴν
1662 2257 1718 2311 ὲν
1746 2251 1819 2321 τῷ
1837 2250 1916 2303 τί-

332 2377 488 2412 κτειν
516 2357 808 2420 θανοῦσαν,
837 2354 969 2425 πρὶν
994 2352 1216 2406 ἐκδῦναι
1239 2351 1299 2403 τὸ
1325 2351 1544 2419 βρέφος.

401 2451 698 2503 Σιλιάνειον
733 2449 933 2516 δόγμα,
968 2446 1100 2513 περὶ
1133 2445 1226 2497 τοῦ
1259 2444 1371 2496 δεῖν
1414 2442 1750 2495 ἐκδικεῖσοαι
1815 2440 1909 2492 τὸν

332 2542 521 2613 βιαίως
553 2539 914 2609 ἀναιρεθέντα
940 2540 1093 2607 παρά
1126 2535 1235 2588 τῶν
1272 2536 1417 2586 ίδίων
1459 2533 1837 2601 κληρονόμων.

403 2635 648 2694 Σέντειος
680 2632 865 2701 νόμος,
899 2628 1123 2682 κωλύων
1154 2629 1279 2690 τοὺς
1314 2628 1406 2679 ἐπὶ
1453 2626 1631 2696 βλάϐῃ
1660 2624 1770 2677 τῶν
1816 2624 1911 2677 δα-

331 2728 560 2787 νειττῶν
589 2727 905 2796 ἐλευθερίας

402 2818 815 2888 Τερτυλιάνειον
847 2816 1047 2884 δόγμα,
1074 2812 1315 2882 παρέχον
1354 2812 1474 2873 ταῖς
1531 2827 1773 2881 μητράσι
1822 2809 1912 2862 νό-

334 2927 481 2980 μιμα
501 2910 688 2962 δίκαια
716 2909 796 2970 εἰς
824 2907 923 2977 τὴν
948 2905 1055 2958 τῶν
1083 2905 1289 2957 παίδων
1315 2902 1589 2970 διαδοχήν.

403 3002 447 3054 Τ
455 3001 810 3071 ριϐελιάνειον
906 2999 1131 3067 δόγμα,
1190 2997 1323 3065 περὶ
1389 2991 1914 3064 φιδεῖκομισσαρίων

334 3100 590 3166 ἀγωγῶν.

401 3191 629 3253 Φάὸειος
660 3189 842 3259 νόμος,
870 3186 1000 3257 περὶ
1020 3182 1481 3255 ἀνδραποδστῶν.

399 3368 715 3430 Φαλκίδειος
773 3368 958 3436 νόμος,
991 3367 1019 3420 δ
1061 3364 1328 3436 πρόδηλος
1365 3379 1379 3393 ·
1422 3360 1645 3430 ἐξετέθη
1699 3360 1756 3414 δὲ
1806 3356 1913 3413 ὑπὸ

333 3462 604 3520 Πουπλίου
678 3458 966 3512 Φαλκιδίου
1022 3456 1454 3527 δημαρχοῦντος.
1544 3452 1804 3509 Βούλεται
1854 3448 1913 3502 δὲ

332 3554 627 3622 λαμϐάνειν
651 3552 745 3603 τὸν
779 3552 1119 3619 κληρονόμον
1157 3550 1221 3600 ἐκ
1250 3547 1351 3615 τῆς
1373 3544 1563 3607 οὐσίας
1595 3542 1689 3596 τοῦ
1734 3540 1913 3597 διαθε-

337 3646 500 3713 μένου
528 3643 802 3711 τέσσαρας
826 3639 1083 3708 οὺγγίας.

405 3817 513 3868 Καὶ
538 3816 602 3869 τὰ
638 3816 734 3885 μὲν
765 3815 891 3882 περὶ
921 3813 1205 3883 δογμάτων
1231 3811 1372 3865 κατά
1400 3812 1664 3878 στοιχεῖον
1710 3807 1907 3864 ταῦτα.

332 3910 410 3962 Ὗα
431 3909 486 3961 δὲ
516 3909 642 3977 περὶ
702 3905 810 3958 τῶν
848 3904 1130 3973 ὀνομάτων
1180 3902 1585 3971 ἀναγκαιότερα
1646 3898 1911 3960 ὡσαύτως

333 4000 603 4053 ἐντεῦθεν.

401 4095 681 4162 Ἀγιάτος,
722 4094 750 4146 ὁ
786 4090 846 4155 ἐξ
886 4091 1274 4161 ἀρῤενογονιας
1316 4087 1451 4156 ἡμῖν
1476 4083 1908 4154 σνναπτόμενος.

408 4274 659 4335 Ἀκτονς,
686 4271 800 4333 ὁδὸς
832 4270 878 4324 δ’
910 4287 981 4342 ης
1009 4269 1235 4324 δυνατὸν
1267 4265 1580 4340 διέρχεσθαι
1615 4267 1754 4337 μετά
1775 4264 1909 4323 ὑπο-

338 4366 526 4431 ζυγίου
561 4364 591 4433 ἢ
616 4366 914 4432 ὀχήματος.

405 4460 601 4519 Βίιιον,
629 4455 818 4523 ψόγος,
847 4453 1162 4526 ἐλάττωμα,
1190 4451 1390 4506 αἴτιον.

404 4626 793 4697 Βρουμάλειον,
829 4626 1103 4695 χειμέριοι
1128 4625 1334 4695 ἐορται.

406 4718 739 4770 Βελλιάνειον
766 4718 962 4784 δόγμα,
996 4713 1226 4784 βοηθοῦν
1252 4715 1370 4774 ταῖς
1408 4709 1658 4780 γυναιξὶν
1706 4708 1913 4779 ἐνόχοις

335 4806 733 4875 γεγενημέναις
770 4806 909 4873 ὺπέρ
950 4805 1176 4873 ἐτέρων.

408 4898 661 4965 Γραικὸς,
699 4897 726 4947 ὁ
758 4895 1045 4960 Χαλδαῖος,
1070 4895 1292 4965 Ἕλλην.

406 4990 607 5052 Δάττα,
634 4990 662 5041 ὁ
696 4989 1023 5051 κατοικίδιος
1053 4989 1333 5057 αἴλουρος.

408 5080 621 5143 Γένεια,
647 5082 701 5132 αἱ
729 5081 1000 5148 σιαγόνες.

408 5174 695 5243 Δεκρέτον,
716 5174 992 5241 ἀπόφασις
1025 5171 1288 5240 βασιλέως
1329 5168 1535 5241 μεταξῦ
1594 5168 1687 5223 δύο
1730 5168 1915 5239 μερῶν

338 5265 469 5336 παρ’
506 5264 654 5333 αύτῷ
679 5263 1074 5333 δικαζομένων.

412 5358 822 5425 Δεῖνοφικιόσο·
868 5354 1075 5425 μέμψις
1156 5354 1300 5407 κατὰ
1357 5352 1625 5423 διαθήκης
1675 5352 1917 5423 ἐρρωμέ-

337 5468 435 5519 νης
466 5449 563 5518 μὲν
591 5450 659 5518 τῇ
693 5447 955 5517 ἀκριϐείᾳ
1014 5446 1123 5499 τῶν
1171 5447 1373 5517 νόμων,
1428 5444 1815 5516 ἀκαθηκούσης
1859 5441 1917 5494 δέ

339 5542 447 5595 ἀπὸ
487 5540 581 5591 τοῦ
613 5538 805 5607 φόϐου.

412 5630 682 5699 Δινάριον,
702 5628 944 5699 σταθμὸς
986 5630 1344 5700 νομίσματος.

406 5723 686 5789 Διγὲστον,
728 5721 789 5774 τὸ
822 5721 1037 5776 ίθυνθέν
1061 5724 1320 5776 καὶκατὰ
1356 5723 1510 5784 τάξιν
1539 5725 1767 5796 γραφέν.

413 5814 763 5886 Δεπορτάτιο,
794 5815 827 5886 ἡ
861 5815 1071 5888 ἐκφορά
1104 5815 1195 5868 καὶ
1231 5817 1521 5888 ἀπαγωγὴ.

2018 1983 2273 2036 stdendas
2302 1986 2419 2037 sine
2449 1982 2762 2037 abolitione.

2091 2072 2425 2128 Rubrianttm
2472 2072 2749 2127 decretum
2806 2089 2893 2147 ‘oe
2942 2090 3174 2146 tngettua
3215 2076 3603 2133 ﬁdeicommis-

2019 2165 2184 2217 saria.

2091 2252 2193 2307 Lex
2225 2256 2369 2319 regia
2392 2269 2509 2322 quae
2534 2254 2783 2323 prohibet
2812 2270 2878 2310 ne
2898 2256 3089 2311 mulier
3114 2258 3257 2313 inter
3278 2261 3598 2329 pariendum

2016 2354 2226 2399 mortua
2259 2347 2550 2412 sepeliatur
2578 2359 2867 2417 antequam
2905 2348 3084 2403 iulans
3115 2364 3367 2420 egressus
3393 2353 3482 2406 sit.

2089 2436 2353 2491 Silianum
2385 2440 2660 2494 decretum
2689 2442 2986 2495 decernens
3014 2456 3135 2495 eum
3185 2442 3278 2510 qui
3335 2444 3601 2498 violenter

2014 2530 2226 2583 occisus
2259 2530 2420 2584 fuerit
2450 2545 2477 2582 a
2508 2531 2743 2600 propriis
2766 2531 3069 2585 ltaaredibus
3089 2533 3598 2601 essejttdicandum.

2087 2620 2193 2676 Lex
2235 2622 2417 2676 Sentia
2468 2620 2763 2676 defendens
2809 2637 2901 2676 eos
2953 2623 3127 2690 quiin
3185 2625 3385 2680 damno
3443 2638 3602 2685 erant

2014 2723 2201 2766 contra
2231 2716 2616 2767 lceneratorutn
2646 2712 2973 2767 libertatem.

2087 2802 2456 2857 Tertnlianum
2512 2803 2786 2856 decretum
2857 2815 3124 2872 pmstans
3198 2807 3463 2863 matribus
3520 2807 3599 2867 lc.

2015 2896 2154 2965 galia
2204 2894 2329 2961 jura
2395 2895 2447 2948 itt
2498 2893 2732 2948 ﬁliorum
2765 2896 3204 2952 successionem.

2088 2985 2457 3040 'l‘ribelianutn
2513 2986 2791 3041 decretum
2844 2987 2911 3041 de
2963 2987 3595 3050 lideicommissariorum

2016 3077 2447 3131 discriminibus.

2088 3166 2199 3222 Lex
2231 3168 2395 3222 Fabia
2431 3167 2498 3223 de
2524 3168 2591 3224 iis
2631 3171 2723 3239 qui
2765 3172 2967 3230 liberos
3005 3174 3059 3229 in
3109 3173 3428 3229 servltutetn
3460 3172 3603 3229 redi~

1941 3241 1987 3300 ϐ
2020 3268 2174 3328 gttnl.

2089 3349 2201 3403 Lex
2253 3349 2515 3415 Falcidia,
2546 3362 2670 3406 ante
2699 3362 2826 3408 nota
2855 3392 2872 3420 ,
2906 3355 3185 3425 proposita
3240 3365 3421 3411 autem
3452 3365 3535 3411 est
3566 3371 3596 3409 a

2016 3440 2207 3498 Publio
2264 3440 2549 3509 Falcidio,
2615 3445 2835 3502 tribuno
2884 3448 3075 3517 plebis.
3132 3447 3255 3501 Vult
3297 3459 3476 3503 autem
3540 3458 3601 3501 ut

2015 3534 2189 3589 literas
2240 3527 2307 3588 de
2365 3535 2669 3589 substantia
2738 3541 3047 3593 testamenti
3116 3540 3302 3608 capiat
3366 3550 3600 3610 quatuor

2014 3626 2220 3682 uncias.
2248 3623 2442 3697 (Uncia
2462 3642 2622 3695 porro
2640 3630 2962 3699 designabat
2977 3631 3359 3688 duodecimam
3384 3640 3598 3701 partem

2016 3718 2344 3773 ltmreditatis
2367 3720 2407 3785 ).

2086 3810 2153 3866 Et
2187 3812 2303 3867 ltaac
2337 3815 2554 3882 quidem
2592 3819 2660 3869 de
2693 3815 2923 3869 decretis
2952 3831 3047 3886 per
3074 3817 3305 3872 litteras.
3326 3817 3598 3886 alplntbeti

2017 3908 2258 3975 exposita
2314 3920 2459 3960 sunt.
2518 3906 2593 3959 De
2654 3907 2965 3963 nominibus
3012 3923 3139 3964 vero
3181 3909 3379 3964 deinde
3425 3912 3602 3983 magis

2018 3998 2327 4052 necessaria
2358 4008 2720 4067 exponentur.

2092 4090 2354 4160 Aguntus,
2383 4091 2473 4159 qui
2508 4091 2668 4145 nobis
2719 4105 2786 4144 ex
2832 4091 3196 4149 masculorum
3242 4094 3599 4164 generatione

2017 4182 2385 4251 COttjttngitur.

2077 4273 2265 4340 Actus,
2301 4273 2384 4328 via
2420 4288 2515 4343 per
2531 4289 2691 4343 quam
2719 4276 2844 4329 licet
2871 4290 2997 4331 cum
3021 4276 3269 4346 juntento
3299 4276 3381 4331 vel
3408 4291 3574 4332 curru

2019 4366 2272 4421 transire.
3490 4388 3495 4391 λ

2087 4459 2311 4523 Vitium,
2335 4460 2654 4531 vituperium
2673 4459 2906 4532 (ψόγος),
2920 4460 3211 4517 diminutio
3232 4461 3593 4537 (ἐλάττωμα),

1945 4576 1990 4632 D
2018 4551 2169 4618 culpa
2200 4552 2219 4621 (
2241 4554 2412 4606 αῐτιον
2429 4551 2471 4620 ).

2092 4640 2460 4706 Brnmaleum,
2494 4644 2747 4699 hiemalia
2782 4644 2940 4698 festa.

2088 4732 2420 4789 Velleiannm
2454 4737 2751 4803 decretum,
2785 4738 3048 4807 adjuvans
3071 4736 3301 4794 feminas
3330 4751 3453 4808 quas
3488 4753 3589 4808 pro

2018 4827 2137 4883 aliis
2174 4844 2279 4886 reae
2309 4831 2528 4885 lleliant.

2087 4920 2327 4981 Grazeus.
2358 4918 2659 4985 (ΞΙιιιΙιιαιιιε,
2690 4920 2902 4978 Hellen.

2092 5008 2266 5073 Datta,
2305 5009 2433 5062 feles
2465 5009 2784 5063 domestica.

2089 5098 2273 5162 (lente,
2319 5098 2469 5152 mala:
2494 5100 2510 5165 (
2540 5100 2787 5166 σιαγόνες
2814 5101 2855 5170 ).

2093 5189 2394 5266 Decretum,
2434 5189 2781 5257 imperatoris
2809 5190 3105 5246 declaratio
3130 5190 3273 5245 inter
3302 5191 3438 5245 duas
3472 5207 3599 5262 par-

2021 5290 2101 5331 tes
2126 5281 2193 5330 ab
2222 5278 2338 5346 ipso
2359 5277 2654 5345 iudicatas.

2090 5368 2166 5421 De
2193 5366 2518 5435 inoﬂicioso;
2543 5369 2896 5438 reprehensio
2921 5371 3228 5425 testamenti
3251 5372 3395 5441 quod
3421 5374 3597 5442 legum

2019 5460 2236 5528 quidem
2285 5459 2631 5514 observantia
2683 5460 2856 5527 valet;
2905 5469 3081 5516 metus
3137 5472 3317 5517 autem
3386 5472 3601 5516 ratt0ne

2022 5549 2407 5604 inconveniens
2436 5560 2543 5606 est.

2096 5640 2410 5709 Denarium,
2452 5643 2589 5695 libra
2624 5652 2875 5697 monetae.

2097 5729 2390 5799 Digesmm,
2423 5742 2725 5787 correctum
2759 5743 2813 5788 et
2840 5748 2934 5803 per
2965 5734 3211 5791 ordinem
3240 5736 3527 5807 scriptum.

2096 5818 2429 5887 Deportatio,
2459 5823 2620 5881 elatio
2650 5834 2703 5881 et
2737 5825 3010 5879 altdnetin.
