4430 6448
769 424 913 488 ιοετ

2045 396 2471 461 ΜΙΟΗΑΕΙᾸΞ
2505 394 2769 455 I’SELLI

3902 384 4039 449 1028

828 533 1079 590 Detenlio
1110 569 1126 596 ,
1176 528 1266 598 jus
1314 521 1531 594 petendi
1582 532 1637 574 et
1665 512 1912 585 exigendi
1966 523 2019 567 ct
2067 506 2337 565 dcttncndi
2371 516 2415 569 Α
2513 509 2575 557 At

2293 506 2337 560 Ll't
2371 516 2415 569 Α
2513 505 2846 572 Διακατοχὴ,
2876 502 3086 556 δῖκαιον
3113 498 3207 552 τοῦ
3240 498 3469 551 εἰσιέναι
3509 498 3603 549 καὶ
3635 496 3896 551 ἀπαιτεῖν
3922 504 4042 567 ἤτοι

759 629 1128 701 quodcunque
1177 596 1446 674 imoriens
1490 611 1684 681 aliquis
1735 605 1978 675 reliquit,
2020 612 2075 656 et
2128 600 2171 652 si
2218 596 2352 651 nihil

760 689 1056 790 corporale
1100 711 1420 769 haereditate
1476 701 1775 763 obveniret,
1807 708 1986 751 tamen
2019 689 2355 747 hzcreditatis

765 780 1135 867 detentionem
1170 807 1308 859 bene
1329 798 1623 866 accipimus
1646 811 1659 857 ;
1682 786 1985 857 incorporei
2005 786 2146 840 enim
2167 780 2353 851 acqui-

762 906 893 960 sitio
929 902 1123 955 melius
1160 898 1217 952 lit
1248 908 1411 964 quam
1443 898 1847 955 corporeorum.

840 992 1105 1062 Epistola,
1143 997 1464 1057 responsum
1502 972 1854 1047 imperatoris
1900 969 1967 1024 ad
2007 966 2357 1036 magistratus

767 1086 1114 1141 relationem.

843 1177 973 1229 Illud
1018 1191 1036 1224 ι
1074 1170 1153 1225 Ex
1188 1168 1505 1225 continente
1537 1180 1555 1215 ι
1588 1169 1697 1215 tres
1728 1159 1844 1214 dies
1892 1152 2179 1223 signiﬁcat.

849 1262 1291 1322 Extraordinarii
1318 1278 1331 1313 :
1364 1259 1454 1328 qui
1488 1271 1595 1311 non
1634 1254 1927 1309 secundum
1960 1246 2207 1302 ordinem
2235 1256 2362 1312 pro-

777 1362 962 1423 dcunt,
1004 1356 1100 1411 sed
1134 1351 1433 1408 secundum
1468 1348 1543 1401 rei
1576 1339 2062 1399 circumstantiam.

848 1449 1141 1505 Eunuchus
1168 1486 1182 1512 ,
1217 1445 1310 1515 qui
1347 1458 1377 1497 a
1408 1452 1581 1496 matre
1608 1437 1687 1491 vel
1740 1433 1955 1488 nutrice
1995 1427 2363 1485 testiculorum

776 1544 1059 1598 rlisiouem
1093 1539 1285 1594 subiit.

850 1635 1225 1702 Inpotestate:
1275 1636 1489 1680 summa
1540 1629 1782 1690 potestas
1832 1631 1993 1685 quam
2069 1610 2365 1666 secundum

780 1728 950 1795 legem
992 1721 1266 1792 politicam
1303 1716 1567 1771 habemus
1596 1714 1646 1765 in
1686 1713 1823 1764 [ilius
1849 1750 1863 1772 ,
1896 1703 2192 1763 secundum
2240 1716 2369 1770 gen-

783 1818 926 1873 tilem
963 1828 1091 1869 vero
1124 1813 1176 1865 in
1211 1823 1427 1864 servos.

853 1908 1137 1970 Edictum,
1175 1913 1542 1974 programma.

855 1999 1058 2053 lmbeta
1087 2034 1103 2062 ,
1142 2005 1377 2064 portata.

857 2091 1011 2145 lllata
1040 2129 1054 2156 ,
1087 2088 1351 2142 animata.

856 2184 1029 2238 Judex
1059 2222 1075 2248 ,
1108 2175 1503 2246 interpretatio.

859 2275 1072 2339 Justus,
1099 2286 1317 2340 aequus,

866 2367 1101 2421 Intentio
1132 2367 1385 2417 voluntas
1413 2366 1660 2412 conatus.

862 2454 960 2508 Jus
987 2496 1002 2519 ,
1045 2452 1187 2523 quod
1215 2450 1422 2520 justum
1454 2456 1561 2501 est.

874 2548 933 2602 In
960 2549 1137 2617 capita
1162 2584 1177 2609 ,
1212 2545 1510 2602 secundum
1553 2546 1733 2609 caput.

863 2636 1070 2703 Capitis
1100 2632 1432 2690 diminutio;
1469 2644 1626 2699 parua
1666 2642 1733 2682 ex
1786 2626 1920 2693 legis
1971 2626 2380 2681 circumstantia

795 2731 1048 2801 patientis
1076 2736 1280 2783 statum
1314 2735 1533 2780 mutans
1566 2730 1659 2775 aut
1684 2721 1961 2774 minuens.

868 2824 1056 2895 Legio,
1091 2822 1321 2875 militum
1358 2818 1616 2887 phalanx.

862 2918 1020 2987 Legis
1060 2916 1203 2971 actio
1229 2952 1245 2979 ,
1291 2912 1572 2980 (invicdo)
1612 2908 1899 2979 permissio
1944 2906 2245 2963 servitutis.

877 3098 1133 3167 Legatum
1158 3138 1174 3165 ,
1207 3097 1552 3166 deputatum.

878 3191 1130 3245 Urbanus
1166 3228 1180 3253 ,
1212 3189 1365 3243 urbis
1393 3198 1606 3241 cu5tos.

878 3284 1224 3337 l’lebiscitutn
1264 3321 1277 3342 ,
1318 3279 1490 3347 plebis
1519 3276 1800 3345 suﬂ'ragia.

881 3375 1276 3428 Postliutittiuut
1311 3411 1326 3435 ,
1350 3358 1752 3439 jus‘redetindi.

880 3467 1283 3535 l’uejudicium,
1313 3464 1457 3517 actio
1488 3477 1555 3515 ex
1584 3460 1697 3515 sola
1731 3461 2030 3514 intentione
2056 3468 2333 3514 constans.

875 3644 1200 3700 Prohaerede
1251 3644 1340 3713 qui
1377 3643 1550 3697 credit
1582 3656 1640 3695 se
1663 3656 1786 3696 esse
1819 3640 2112 3695 lmredetn.

879 3739 1327 3807 PrOpossessore,
1362 3736 1452 3804 qui
1487 3734 1752 3787 violenter
1785 3734 2002 3802 abripit.

880 3830 1181 3892 Peculium,
1235 3843 1325 3883 rcs
1359 3825 1687 3880 naturaliter
1752 3832 1899 3879 sorte
1942 3824 2174 3879 subditis
2230 3825 2398 3895 :adju-

813 3922 1016 3975 dicata.

880 4013 1107 4067 Pactum
1135 4054 1151 4078 ,
1189 4011 1465 4081 quantitas
1506 4017 1684 4080 pacta.

882 4104 1183 4175 Relegatio,
1221 4102 1501 4158 exsilium.

882 4196 1133 4257 Senatus,
1166 4195 1437 4265 gerousia,
1466 4190 1689 4261 legatio.

884 4291 1111 4344 Sactum
1140 4331 1153 4353 ,
1190 4286 1441 4341 liberatio
1471 4284 1541 4338 ab
1574 4284 1796 4352 injuria.

885 4382 1072 4436 Otiosa
1104 4378 1424 4436 distributio
1455 4419 1470 4442 ,
1502 4376 1771 4430 seditione
1798 4390 2011 4429 carens.

893 4471 1220 4544 Separatio,
1255 4470 1505 4525 custodia
1556 4466 2022 4522 ltrereditariarum
2078 4482 2255 4521 rerum
2311 4484 2404 4537 per

815 4565 1219 4621 Ιιειιτθαίιστίυιιι
1252 4562 1607 4617 creditorem.

886 4661 1173 4727 Superstes
1198 4696 1213 4721 ,
1244 4667 1549 4710 successor.

886 4748 1202 4805 Satisfactio
1226 4786 1242 4814 ,
1268 4744 1551 4801 satisdatio
1583 4744 1602 4817 (
1624 4743 1980 4813 ixzvo6oala).

890 4844 1141 4898 Tacitum
1170 4883 1186 4909 ,
1224 4839 1369 4911 quod
1402 4854 1511 4893 non
1557 4849 1639 4893 est
1666 4851 1849 4891 notum
1877 4854 1943 4892 ex
1979 4839 2282 4894 testamenti
2331 4839 2379 4893 le

816 4941 1021 4993 etionc.

897 5034 925 5083 Ἰ
948 5030 1112 5083 itulns
1139 5069 1152 5091 ,
1193 5023 1475 5097 dignitatis
1506 5022 1814 5092 inscriptio.

891 5121 1212 5175 Tractatum
1239 5158 1254 5182 ,
1285 5116 1615 5185 explanatio,
1649 5112 2025 5184 compendium
2058 5155 2071 5180 ,
2106 5116 2356 5185 epitome.

894 5213 1155 5269 Tribunal
1184 5251 1198 5278 ,
1235 5211 1590 5266 dicasterion.

897 5307 1121 5360 Factum
1154 5343 1170 5367 ,
1199 5318 1338 5373 opus
1363 5340 1381 5367 ,
1415 5302 1582 5355 actio.

895 5400 1191 5468 Flagellum
1225 5438 1239 5461 ,
1273 5398 1449 5451 lorum
1479 5393 1826 5463 implicitum.

899 5494 977 5548 Ea
1005 5504 1089 5546 εει
1140 5491 1357 5561 quidem
1409 5490 1694 5543 nominum
1744 5503 1841 5558 per
1890 5487 2097 5543 litteras
2141 5488 2414 5558 alphabeti

826 5588 1138 5659 expositio!
1199 5583 1534 5639 Emlicando
1591 5596 1805 5652 quoque
1849 5581 1941 5636 tibi
1992 5582 2268 5637 sunthaec
2316 5597 2416 5636 uo-

828 5686 995 5738 mina.

897 5773 991 5828 Jus
1026 5772 1184 5827 civile
1210 5771 1610 5838 Romanorum,
1640 5785 1836 5841 nempe
1872 5768 2015 5841 leges
2044 5765 2276 5839 politian
2310 5764 2420 5821 Ro-

830 5882 1004 5923 manae
1036 5865 1417 5936 legislatiouis.

2455 596 2769 666 διακρατεῖν
2798 596 2898 664 τὴν
2938 592 3255 662 περιουσίαν
3284 589 3379 642 τοῦ
3408 590 3844 658 τελευτήσαντος
3864 606 3879 621 ο
3923 593 4042 655 κα“·,

2457 688 2558 742 κᾶν
2583 682 2809 757 μηδὲνῇ
2855 684 3168 761 σωματικὸν
3217 686 3286 753 τῇ
3318 682 3687 753 κληρονομίᾳ,
3746 682 3896 751 ὅμως
3949 682 4045 734 κά-

2457 780 2564 842 λῶς
2591 779 2946 849 ).αμ6άνομεν
2974 777 3146 842 αὐτῆς
3168 777 3268 844 τὴν
3320 776 3656 844 διακατοχήν
3684 786 3699 804 ⁵
3744 775 4047 844 ἀσωμάτου

2456 873 2566 942 γάρ
2597 874 2715 924 ἐστι
2738 871 2933 940 κτῆσις
2968 869 3169 939 μᾶλλον
3212 870 3358 938 ἢπερ
3406 868 3763 937 σωματικῶν.

2542 963 2855 1033 Ἐπιστολὴ,
2891 960 3209 1032 ἀντιγραφή
3270 959 3539 1030 βασιλέως
3591 962 3730 1031 πρὸς
3787 960 4049 1031 ἄρχοντος

2463 1056 2772 1125 ἀναφοράν.

2535 1150 2607 1202 Τὸ
2642 1149 3028 1213 ὲξκοντινέντι,
3060 1150 3209 1216 τρεῖς
3238 1149 3453 1217 ἡμέρας
3487 1146 3659 1215 δηλοῖ.

2534 1242 3066 1312 Ἐξτραορδινάριοι·
3097 1243 3145 1293 οἱ
3201 1240 3277 1310 μὴ
3310 1241 3453 1293 κατὰ
3498 1241 3653 1305 τάξιν
3702 1240 4053 1311 προερχόμε-

2464 1350 2567 1393 νοι,
2596 1332 2733 1385 ἀλλὰ
2774 1332 2916 1384 κατὰ
2944 1330 3272 1402 περίστασιν
3306 1330 3658 1399 πράγματος.

2538 1425 2786 1489 Θλιὸιας,
2810 1427 2837 1477 6
2860 1424 3010 1494 παρά
3036 1423 3137 1492 τῆς
3177 1422 3381 1491 μητρὸς
3426 1422 3459 1491 ἢ
3505 1422 3604 1490 τῆς
3636 1420 3841 1492 τροφοῦ
3875 1420 4055 1492 θλῖψιν

2466 1514 2575 1568 τῶν
2603 1514 2847 1583 γονίμων
2876 1513 3139 1573 ὑποστάς.

2552 1606 2939 1675 Ἰμποτέστατε
2966 1621 2979 1634 ·
3010 1607 3043 1673 ὴ
3104 1603 3249 1673 ἄκρα
3294 1600 3514 1664 ἐξουσία
3558 1600 3625 1670 ἢν
3670 1599 3869 1669 ἔχομεν
3911 1602 4059 1652 κατὰ

2467 1700 2560 1752 τὸν
2594 1696 2876 1750 πολιτικὸν
2904 1697 3072 1765 νόμον
3100 1698 3179 1757 εἰς
3215 1695 3340 1755 τοὺς
3371 1693 3567 1755 παῖδας
3600 1692 3780 1762 ἡμῶν,
3829 1693 3972 1746 κατὰ
4000 1693 4057 1746 δὲ

2469 1795 2561 1844 τὸν
2591 1791 2825 1855 comm,
2855 1790 2935 1843 εἰς
2968 1791 3095 1849 τοὺς
3137 1788 3378 1850 δούλους.
3998 1789 4009 1792 ⁴

2548 1884 2801 1946 Ἴδικτον,
2830 1883 3198 1952 πρόγραμμα.

2550 1976 2801 2045 Ἰμὸετα,
2819 1976 2885 2026 τὰ
2913 1975 3318 2044 βασταζόμενα.

2551 2072 2793 2132 Ἴνλατα,
2827 2070 2897 2121 τὰ
2923 2068 3161 2139 ἔμψυχα.

2553 2163 2783 2227 Ἰοὑδεξν
2812 2164 2844 2221 ἡ
2875 2162 3171 2231 ἑρμηνεία.

2560 2253 2820 2317 Ἰοῦστος,
2848 2256 2876 2306 6
2893 2254 3125 2316 δίκαιος.

2552 2346 2825 2413 Ἰντέντιο,
2860 2346 3027 2416 ὁρμή,
3054 2348 3293 2409 ἔντασις.

2559 2440 2729 2502 Ἴους,
2761 2438 2823 2489 τὸ
2850 2437 3087 2491 δίκαιον.

2567 2528 2868 2591 Ἰνκάπιτα,
2887 2529 3029 2581 κατὰ
3062 2529 3331 2599 κεφαλήν.

2560 2627 2799 2687 Κάπιτις
2825 2625 3172 2694 διμινουτίων
3205 2642 3219 2655 ο
3250 2624 3423 2687 πάθος
3446 2625 3509 2677 ἐκ
3556 2628 3937 2695 περιστάσεως
3986 2628 4078 2679 νό-

2491 2734 2593 2787 μου
2622 2718 2959 2770 κατάστασιν
2993 2717 3220 2787 ἀμεῖϐον
3254 2718 3285 2785 ἧ
3324 2717 3583 2771 ἐλαττοῦν
3618 2718 3714 2771 τοῦ
3750 2720 4077 2790 πάσχοντος.

2560 2807 2802 2876 Λεγεὼν,
2838 2807 3054 2876 φάλαγξ
3082 2810 3456 2879 στρατιωτῶν.

2563 2903 2967 2971 Λεγισακτίων,
2998 2904 3032 2971 ἠ
3075 2902 3300 2973 ὲνὸήκτι
3352 2902 3753 2973 παραχώρησις
3795 2900 3897 2972 τῆς
3952 2901 4077 2954 δου-

2490 2995 2665 3056 λείας.

2565 3089 2838 3157 Λεγάτον,
2874 3088 3190 3158 πρεσϐεῖον.

2567 3183 2869 3250 Οὑρὸανὺς,
2902 3182 2930 3232 6
2970 3182 3147 3251 φύλαξ
3179 3182 3279 3251 τῆς
3308 3182 3542 3245 πόλεως.

2568 3276 2947 3341 Πλεδίσκιτον,
2972 3276 3147 3344 δήμου
3176 3274 3459 3345 ψήφισμα.

2568 3368 2974 3437 Ποστλιμίνιον,
3001 3369 3211 3421 δίκαιον
3243 3368 3617 3436 ὑποστροφῆς.

2566 3460 2979 3529 Πραεουδίκιον,
3008 3460 3179 3523 τύπος
3218 3459 3328 3514 ἀπὸ
3374 3458 3692 3522 ίντεντίονος
3728 3458 3899 3529 μόνης
3955 3475 4086 3527 συγο

2500 3573 2585 3609 κει
2596 3558 2777 3625 μένὀς.

2576 3648 2868 3718 ιιροὲρεδε,
2917 3648 2946 3699 ὀ
3010 3644 3251 3715 νομίζων
3286 3643 3483 3697 ἑαυτὸν
3533 3637 3674 3696 εἶναι
3721 3640 4063 3712 κληρονόμον

2573 3739 2982 3809 Προποσὲσορε,
3009 3738 3036 3789 6
3073 3735 3248 3806 βίαιος
3273 3734 3478 3804 ἅρπαξ.

2573 3830 2869 3881 Πεκούλιον
2904 3869 2917 3893 ,
2984 3827 3142 3881 οὐσία
3203 3825 3449 3896 φυσικῶς
3486 3882 3493 3893 ,
3533 3826 4088 3896 προσκεκληρωμένη

2502 3922 2869 3986 ὑπεξουσίοις.

2575 4016 2812 4078 Πάκτον,
2852 4030 3191 4082 συμπεφωνη
3202 4014 3369 4081 μένον
3396 4014 3583 4068 ποσόν.

2586 4106 2969 4174 Ῥελεγατίων,
3004 4105 3037 4175 ἡ
3068 4104 3275 4173 ἔξορία.

2575 4200 2862 4263 Σεννάτον,
2908 4198 2941 4267 ή
2963 4197 3247 4267 γερουσία.

2580 4290 2813 4355 Σάκτον,
2848 4288 2909 4342 τὸ
2939 4288 3366 4358 ἀπηλλαγμένον
3408 4289 3641 4361 ῦσρεως.

2578 4382 2810 4452 Σχολαία
2842 4380 3003 4450 νομὴ,
3040 4382 3073 4451 ὴ
3101 4382 3492 4444 ἀστασίαστος.

2579 4468 3023 4539 Σεπαρλτίων,ή
3067 4470 3279 4537 φυλακὴ
3326 4469 3421 4521 τὸν
3456 4470 3892 4540 κληρονομιαίων
3951 4491 4094 4540 πρα-

2435 4578 2479 4633 0
2505 4563 2729 4633 γμάτων
2748 4561 2836 4613 διὰ
2856 4562 2948 4613 τὸν
2983 4561 3399 4631 κληρονομιαῖον
3424 4561 3735 4633 δανειστήν.

2577 4659 2953 4728 Σουπέρστης,
2994 4657 3023 4708 6
3053 4656 3317 4727 διάδοχος.

2580 4751 2967 4818 Σατισφάκτιο,
3002 4751 3035 4821 ἡ
3070 4750 3402 4805 ἱκανοδοσία.

2584 4843 2854 4907 Τάκιτον,
2886 4840 2946 4893 τὸ
2973 4844 3048 4913 μὴ
3078 4843 3487 4911 γινωσκόμενον
3538 4842 3648 4896 ἀπὸ
3674 4843 3775 4912 τῆς
3841 4845 4095 4898 ἀναννώ-

2512 4954 2653 4997 σεως
2681 4935 2781 5005 τῆς
2811 4934 3099 5005 διαθήκης.

2583 5025 2854 5097 Τίτλος,ἡ
2887 5025 3183 5097 προγραφὴ
3222 5025 3317 5079 τοῦ
3352 5026 3689 5097 ἀξιώματος.

2583 5120 2927 5187 Τρακτάτον,
2956 5118 3356 5190 ἁνακάθαρσις,
3390 5118 3637 5191 σύνοψις,
3674 5124 3940 5193 ἐπιτομὴ.

2587 5214 3002 5285 Τριὸουνάλιον,
3027 5212 3400 5283 δικαστήριον.

2583 5306 2816 5368 Φάκτον,
2836 5305 2896 5356 τὸ
2923 5304 3106 5373 ἔργον,
3148 5305 3182 5371 ἡ
3220 5304 3443 5375 πρᾶξις.

2585 5398 2905 5469 Φραγέλιον,
2940 5398 2967 5449 ὁ
3000 5398 3475 5467 ὲπιπεπλεγμένος
3507 5402 3656 5470 ἱμάς.

2590 5489 2740 5561 Αὕτη
2787 5490 2885 5559 μὲν
2945 5490 3038 5542 καὶ
3084 5491 3117 5559 ἡ
3173 5491 3281 5543 τῶν
3307 5492 3591 5562 ὀνομάτων
3630 5511 3775 5548 κατα
3828 5498 4103 5565 στοιχεῖον

2518 5582 2800 5661 ἐξήγησις.
2841 5581 3239 5651 Ἐρμηνευτέον
3270 5582 3327 5636 δὲ
3363 5601 3445 5636 σοι
3477 5588 3571 5639 καὶ
3618 5588 3792 5640 ταῦτα
3852 5591 3921 5642 τὰ
3980 5591 4103 5642 6V6-

2523 5692 2668 5745 ματα
2680 5714 2692 5727 .

2599 5766 2738 5827 'Iou;
2765 5764 2966 5828 κίὸιλις
3007 5766 3432 5838 Ῥωμανὸρουμ,
3466 5770 3584 5842 ἦτοι
3615 5772 3820 5845 νόμιμα
3851 5773 4108 5829 πολιτικὰ

2522 5858 2623 5923 τῆς
2655 5859 2762 5913 τῶν
2794 5859 3085 5929 Ῥωμαίων
3108 5859 3452 5931 νομοθεσίας.
