4430 6448
320 432 458 496 10⁸19

389 546 749 617 Aquinio,
786 542 1022 611 νόμιμος
1046 536 1255 607 ᾰγωγή.

388 639 607 703 Πίιέϐις,
634 640 661 690 ὁ
692 638 934 707 χυδαίος.

388 732 813 791 Κονστιτούταε,
856 729 911 781 αἱ
937 726 1212 789 διατάξεις
1241 722 1350 775 τῶν
1410 718 1698 787 βασιλέων,
1760 716 1902 770 διαι-

318 823 581 895 ρούμεναι
616 824 695 883 εἰς
726 820 1002 890 δέκρετον,
1034 820 1113 877 εἰς
1147 816 1377 877 ἓδικτον,
1411 813 1488 873 εἰς
1517 807 1829 878 ἐπιστολήν.

401 914 752 976 Ῥεσπόνσον,
789 915 820 981 ἡ
846 912 953 963 τῶν
981 910 1162 978 σοφῶν
1186 907 1502 975 ἀπόκρισις.

390 1012 499 1063 Καὶ
556 1006 727 1060 ταῦτα
792 1007 890 1076 μέν
951 1022 1031 1057 σοι
1082 1004 1191 1056 τῶν
1240 1003 1334 1054 ἐπὶ
1368 1000 1589 1070 μνήμης
1632 998 1906 1066 κειμενων

317 1104 469 1172 ἡμῖν.
503 1098 674 1153 Οἶσθα
702 1102 810 1169 γὰρ
842 1100 917 1161 ὡς
966 1098 1122 1151 οὐδέν
1156 1098 1272 1149 ἐστι
1324 1096 1435 1147 τῶν
1497 1090 1905 1161 γεγραμμένων

318 1194 453 1261 ἡμῖν
483 1192 513 1261 ἦ
550 1192 1068 1260 συγγεγραμμένων
1099 1187 1126 1239 ὂ
1161 1188 1235 1257 μὴ
1272 1185 1615 1256 ἐσχεδίασται
1646 1199 1660 1211 ⁸
1711 1181 1833 1233 ὅθεν
1856 1180 1904 1232 oi

318 1283 540 1344 πλείους
564 1284 672 1334 τῶν
700 1279 1158 1349 ἐκλαμϐανόντων
1190 1280 1257 1331 τὰ
1289 1278 1533 1349 ἡμέτερα
1564 1272 1749 1342 σχέδια
1786 1270 1905 1322 δελ-

318 1376 505 1446 τάρια,
540 1375 934 1443 τὰςδιφθέρας
961 1372 1268 1434 ποιοῦντες,
1295 1371 1457 1432 εὐθὺς
1480 1369 1665 1437 ἔχουσι
1724 1363 1903 1435 βιϐλία

319 1472 388 1524 τὰ
416 1469 802 1541 γεγραμμένα.
841 1466 950 1521 Καὶ
985 1466 1260 1526 πλείστοις
1298 1462 1397 1531 μὲν
1428 1459 1673 1528 ἐντύχοις
1699 1458 1904 1527 ἠμετέ-

322 1578 435 1631 ροις
462 1560 685 1629 βιϐλίοις
713 1553 788 1613 ὧν
814 1556 1172 1627 ὀγδοηκοστὸν
1204 1551 1360 1623 οἶμαι
1405 1552 1565 1604 τοῦτο
1604 1546 1767 1603 εἶναι.
1825 1549 1908 1601 Τὰ

320 1651 377 1703 δὲ
403 1652 637 1705 πλεῖστα
686 1646 761 1704 ὧν
791 1648 1229 1720 ήρμηνεύκαμεν
1284 1647 1318 1718 ἢ
1376 1644 1800 1715 συνεγράψαμεν
1849 1642 1908 1693 ὲν

319 1742 655 1811 εἱληταρέοις
689 1740 768 1793 ἔτι
794 1742 973 1793 κεῖται
1006 1739 1117 1800 τοῖς
1148 1736 1361 1788 πλείοσι
1390 1750 1404 1766 ο
1438 1734 1507 1787 τὰ
1562 1732 1620 1786 δὲ
1678 1731 1910 1783 πλεῖστα

320 1834 413 1884 καὶ
431 1833 775 1902 διέφθαρται,
804 1830 995 1900 ὥσπερ
1028 1831 1062 1900 ἡ
1101 1828 1200 1898 τῆς
1228 1826 1525 1896 συμπάσης
1583 1822 1906 1891 φιλοσοφίας

1746 410 1844 472 DE
1888 408 2080 467 ANIM
2107 418 2149 467 ‘..

1938 533 1977 588 Α
2087 522 2243 592 Lt'gts
2281 523 2420 575 aCllU
2445 562 2457 583 ,
2501 520 2685 589 legalis
2718 521 2981 575 Ttbtittclin.

3458 403 3596 467 1030

2084 614 2278 669 Plebes
2302 654 2315 677 ,
2356 614 2608 681 vulgaris.

2080 705 2441 770 Constitutze,
2486 704 2904 757 CODSIlllIlIOlics
2953 704 3340 769 imperatorum
3395 700 3448 755 in
3500 702 3597 756 tle-

2010 806 2241 861 crctum,
2271 797 2530 859 edictum,
2561 794 2845 863 epistolam
2884 793 3205 848 distributa.

2083 890 2421 959 Responsum
2451 928 2465 949 ,
2497 887 2804 956 sapientum
2836 888 3125 956 apocrisis.

2080 983 2175 1038 Est
2196 983 2537 1052 lter-quidem
2563 996 2680 1050 quae
2703 983 2754 1033 in
2779 983 3089 1035 memoriam
3126 978 3455 1035 reducimus.
3476 982 3598 1039 Scis

2009 1078 2154 1131 enim
2190 1077 2318 1130 nihil
2345 1091 2467 1130 esse
2497 1076 2549 1129 in
2585 1074 2786 1127 nostris
2814 1073 3030 1140 scriptis
3061 1074 3145 1127 vel
3184 1073 3429 1129 historiis
3455 1080 3597 1143 quod

2011 1184 2115 1222 non
2142 1184 2204 1222 eo
2227 1178 2463 1238 tempore
2494 1168 2754 1237 scriptun:
2790 1167 2879 1221 sit.
2922 1164 3073 1220 Unde
3092 1167 3180 1235 qui
3214 1177 3398 1223 nostra
3425 1168 3505 1223 sic
3530 1185 3597 1223 ex

2010 1269 2255 1329 tempore
2288 1262 2490 1331 scripta
2518 1276 2684 1329 opera
2719 1269 3105 1329 susceperunt,
3140 1262 3485 1318 membranas
3519 1262 3603 1316 l'a-

2008 1359 2235 1421 cientes,
2264 1356 2446 1410 statim
2474 1354 2673 1408 habent
2714 1369 2783 1407 ex
2826 1355 3028 1408 nostris
3067 1353 3290 1424 scriptis
3313 1355 3499 1411 libros.
3530 1358 3597 1411 Et

2010 1450 2177 1504 multa
2212 1458 2394 1504 nostra
2432 1448 2629 1517 scripta
2666 1447 2761 1499 tibi
2790 1458 3015 1514 possunt
3046 1462 3339 1502 occurrere
3363 1462 3595 1517 quorum

2011 1542 2114 1596 hoc
2141 1543 2293 1610 quasi
2321 1541 2712 1609 octogesimum
2746 1552 2867 1593 esse
2920 1549 3071 1607 puto.
3128 1540 3368 1594 Plurima
3417 1550 3598 1595 autem

2011 1650 2196 1688 eorum
2229 1648 2350 1701 qua:
2376 1633 2716 1701 interpretati
2754 1647 2943 1686 sumus
2982 1632 3064 1684 vel
3096 1632 3355 1703 historice
3407 1648 3600 1686 narra-

2010 1726 2187 1780 vimus
2218 1726 2268 1779 in
2306 1725 2671 1780 voluminibus
2701 1726 2879 1779 adhuc
2920 1722 3074 1777 multi
3107 1723 3159 1774 in
3216 1722 3466 1778 manibus
3505 1723 3604 1776 ha-

2012 1817 2177 1882 bent;
2216 1818 2381 1871 multa
2419 1827 2598 1871 autem
2631 1827 2885 1884 corrupta
2924 1824 3048 1869 sunt
3072 1864 3084 1878 ,
3129 1820 3188 1866 ut
3229 1816 3395 1868 totius
3424 1810 3604 1881 philo-

321 1923 414 1973 ἐπὶ
446 1922 507 1974 τὸ
537 1924 708 1989 σαφὲς
745 1920 1131 1990 μεταποίησις,
1167 1920 1259 1970 καί
1289 1918 1389 1970 ὅσα
1435 1914 1565 1985 περὶ
1616 1913 1745 1975 τοὺς
1784 1911 1906 1965 καθ’
1939 1906 1981 1961 Β
2011 1926 2070 1963 so

1852 1911 1906 1965 ,ϐ’
1939 1906 1981 1961 Β
2011 1910 2217 1977 sophia!
2250 1908 2315 1961 ad
2341 1905 2669 1961 evidentiam
2714 1903 2995 1957 translatio
3026 1942 3040 1966 ,
3078 1914 3131 1956 et
3163 1918 3281 1971 qua:
3330 1904 3395 1957 de
3428 1904 3601 1957 nostri

322 2016 469 2082 ἡμᾶς
500 2014 1076 2083 ἑπραγματευσόμεθα
1113 2012 1354 2081 βασιλεῖς
1392 2026 1405 2039 ·
1434 2009 1501 2061 τὰ
1536 2008 1580 2059 δ’
1611 2007 1745 2060 ἄλλα
1798 2007 1909 2061 ἀπὸ

322 2109 428 2158 τῶν
455 2108 676 2178 βιϐλίων
706 2108 868 2172 αὐτὸς
916 2108 1224 2173 ἁναλέγοιο.

2014 1999 2273 2068 temporis
2303 1988 2603 2053 rectoribus
2673 1995 3043 2050 tractavimus.
3092 1994 3296 2050 Caetera
3344 1996 3397 2050 in
3447 1995 3603 2050 libris

2020 2093 2033 2147 i
2042 2108 2135 2161 pse
2168 2092 2340 2161 legas.

364 2310 3584 2361 ww

1038 2542 2080 2702 MICHAELIS
2164 2540 2853 2697 PSELLI

809 2884 1560 3004 OPERUM
1751 2876 2227 2992 PARS
2413 2879 2558 2992 T'.

1456 2884 1560 2993 M
1751 2876 2227 2992 PARS
2413 2878 3123 2992 TERTIA

1753 3146 2199 3193 COMPLECTENS

1501 3332 2451 3427 PHILOSOPHICA.

1075 3716 1608 3859 ΔΟΞΑΙ
1708 3727 2117 3887 IIEPI
2197 3728 2847 3861 ΨΥΧΗΣ.

1567 4143 1765 4266 DE
1850 4137 2361 4265 ANIMA

1098 4397 1837 4511 CELEBRES
1879 4371 2788 4513 OPINIONESW.

402 4776 525 4829 Ὅτι
563 4775 671 4828 τῶν
702 4773 951 4844 ψυχικῶν
978 4772 1284 4843 δυνάμεων,
1307 4772 1363 4824 αἱ
1400 4770 1500 4841 μέν
1535 4772 1673 4823 εἰσιν
1700 4771 1909 4840 ἄλογοι,
1939 4779 1987 4841 c
2087 4768 2151 4824 F2

1843 4787 1909 4839 οι,
1939 4779 1987 4841 c
2087 4768 2434 4824 Facultatum
2480 4767 2676 4823 anima:
2722 4767 2842 4825 aliae
2875 4768 2994 4824 sine
3042 4768 3273 4836 ratione,
3304 4769 3424 4825 alia:
3462 4785 3592 4825 cum

331 4870 387 4922 αἱ
420 4870 476 4921 δὲ
511 4868 762 4935 λογικαί·
801 4883 912 4917 των
941 4866 998 4917 δὲ
1038 4863 1296 4932 λογικῶν,
1331 4864 1391 4916 αἱ
1425 4863 1522 4933 μὲν
1546 4861 1779 4927 ζωτικαὶ
1825 4866 1920 4915 καὶ
2018 4880 2079 4919 ra

1848 4866 1920 4915 ιαι
2018 4865 2234 4932 ratione
2262 4861 2632 4917 sunt.llarum
2667 4863 2788 4917 alia:
2818 4863 3010 4917 vitales
3042 4871 3097 4916 et
3122 4865 3597 4931 appetentes,alia3

329 4960 638 5029 ὀρεκτικαὶ,
677 4957 813 5010 αἰδὲ
846 4957 1170 5025 γνωστικαί.
1218 4956 1453 5026 Ὁμοίως
1483 4955 1539 5008 δὲ
1578 4954 1917 5025 διαιροῦνται

334 5053 426 5101 καὶ
462 5050 518 5100 αἱ
567 5049 785 5114 ἄλογοιο
824 5046 984 5100 πάλιν
1019 5046 1076 5098 δὲ
1117 5046 1173 5098 αἱ
1212 5046 1433 5115 λογικαὶ
1490 5046 1584 5097 καὶ
1615 5045 1917 5111 γνωστικαὶ

328 5139 665 5209 διαιροῦνται
727 5138 914 5207 τριχῆ,
971 5139 1050 5199 εἰς
1096 5137 1294 5204 δόξαν,
1342 5138 1438 5189 καὶ
1492 5136 1757 5201 διάνοιαν,
1820 5136 1915 5189 καὶ

331 5234 477 5286 νοῦν.
523 5232 586 5283 Ἠ
619 5230 719 5301 μὲν
748 5226 842 5282 οὖν
864 5230 991 5294 δόξα
1028 5230 1384 5297 καταγίνεται
1418 5229 1549 5300 περὶ
1576 5230 1637 5281 τὸ
1674 5228 1905 5283 καθόλου

332 5325 391 5376 τὸ
415 5327 473 5375 ὲν
503 5326 617 5385 τοῖς
646 5320 943 5391 αἰσθητοῖς.
978 5319 1099 5374 Οἵδε
1149 5321 1259 5391 γὰρ
1294 5321 1377 5373 ὃτι
1424 5322 1535 5373 πᾶν
1570 5322 1763 5373 λευκὸν
1812 5323 1907 5375 καὶ

334 5414 581 5486 κριτικὸν
611 5414 807 5482 ὅψεως,
843 5414 939 5465 καὶ
963 5413 1047 5464 ὅτι
1079 5414 1188 5475 πᾶς
1216 5412 1504 5483 ἄνθρωπος
1532 5410 1744 5471 δίπους.
1785 5411 1907 5465 Ἔτι

332 5527 396 5576 γε
436 5510 564 5578 μὴν,
590 5508 684 5558 καὶ
708 5506 816 5558 τῶν
838 5504 1134 5575 διανοητῶν
1163 5501 1301 5557 οἶδεν
1326 5503 1456 5557 ἄνευ
1483 5502 1641 5569 λόγου
1671 5502 1739 5555 τὰ
1767 5519 1907 5572 συμ-

333 5603 685 5671 περάσματα,
724 5593 836 5660 οἷος
869 5600 1008 5669 ὃτιὴ
1053 5596 1199 5667 ψυχὴ
1234 5596 1524 5661 ἀθάνατος,
1548 5591 1657 5648 οἶδε
1678 5610 1692 5625 ⁸
1734 5595 1823 5647 διὰ
1851 5597 1909 5648 τί

331 5693 387 5745 δὲ
422 5694 707 5754 ἀθάνατος,
757 5690 941 5743 οὐκέτι
992 5690 1133 5743 ὥστε
1182 5690 1414 5756 δοξαστὰ
1452 5692 1590 5755 ἐστι,
1641 5688 1710 5741 τά
1758 5689 1904 5743 τεέν

2017 4964 2409 5025 cognoscentes
2467 4961 2615 5008 sunt.
2681 4952 2947 5007 Similiter
2990 4968 3205 5022 quoque
3252 4952 3592 5019 dividuntur,

2015 5060 2136 5115 qua:
2163 5044 2282 5099 sine
2313 5044 2522 5098 ratione
2544 5050 2692 5100 sunt.
2726 5042 2938 5099 Rursus
2968 5042 3234 5097 trifariam
3264 5042 3598 5112 dispertiun-

2017 5146 2103 5192 tur
2129 5152 2251 5206 qua:
2276 5152 2398 5192 cum
2436 5135 2649 5191 ratione
2681 5144 2809 5189 sunt
2831 5144 2884 5188 et
2914 5146 3326 5205 cognoscentes,
3371 5138 3422 5189 in
3462 5136 3596 5206 opi-

2016 5231 2259 5295 nionem,
2322 5228 2701 5294 intellectum,
2761 5238 2814 5283 et
2867 5237 3123 5283 mentem.
3178 5226 3377 5297 Opinio
3430 5228 3596 5297 igitur

2014 5324 2268 5377 universe
2308 5323 2365 5376 in
2420 5321 2485 5377 iis
2514 5332 2764 5377 versatur
2794 5336 2919 5391 qua:
2970 5335 3133 5375 sensu
3166 5322 3543 5390 percipiuntur
3576 5340 3590 5377 :

2014 5416 2164 5469 novit
2191 5415 2334 5469 enim
2370 5428 2532 5467 omne
2560 5414 2743 5468 album
2774 5454 2791 5479 ,
2826 5414 2996 5468 visum
3038 5413 3374 5480 discernere,
3398 5425 3454 5469 et
3479 5430 3595 5469 οιτον

2014 5522 2138 5563 nem
2162 5506 2439 5561 hominem
2473 5504 2723 5574 bipedem
2753 5520 2905 5570 esse;
2942 5520 3132 5560 eorum
3168 5516 3586 5577 praterea,qua:

2013 5599 2114 5656 sub
2149 5596 2567 5653 intellectionem
2610 5598 2829 5661 cadunt,
2881 5596 3284 5663 conclusiones,
3320 5597 3414 5651 sed
3474 5598 3594 5653 sine

2016 5692 2227 5745 ratione
2250 5688 2399 5743 novit
2432 5704 2447 5742 :
2479 5684 2606 5758 puta
2634 5687 2870 5742 animant
2905 5686 3264 5743 immortalem
3312 5701 3433 5743 esse
3463 5688 3588 5752 scit,

395 5876 460 5923 ι’)
487 5876 556 5924 De
578 5875 668 5925 hoc
692 5871 832 5931 libro,
856 5884 1006 5934 quem
1026 5883 1145 5920 mss.
1172 5869 1341 5922 I’sello
1369 5867 1638 5932 vindicant,
1661 5868 1773 5920 vide
1799 5866 2024 5920 Leonem
2048 5867 2289 5924 Allatium
2314 5881 2464 5931 supra
2488 5867 2584 5919 col.
2610 5866 2720 5927 50l,
2748 5879 2885 5916 num.
2911 5865 3058 5916 XLII.
