4430 6448
791 416 922 483 1031

2063 412 2483 477 ΜΙΕΠᾹΕΙᾸΞ
2524 412 2793 473 PSELLI

3936 410 4074 482 1032

788 534 881 585 sed
920 547 1015 584 cur
1045 530 1117 585 sit
1147 526 1493 601 immortalis,
1531 526 1724 590 nescit,
1769 527 1903 580 adeo
1937 536 1993 580 ut
2023 526 2122 580 sub
2156 525 2372 595 Opinio.
2403 541 2449 599 Α
2478 539 2537 575 το

2325 546 2372 578 ›ο
2403 541 2449 599 Α
2478 525 2591 586 τοῖς
2618 523 2897 593 αἰσθητοῖς
2931 520 3185 587 καθόλου,
3220 521 3317 574 καὶ
3348 521 3457 575 τῶν
3503 521 3804 594 διανοητῶν
3835 524 3902 576 τὰ
3938 544 4074 595 συμ-

790 639 913 677 nem
973 624 1191 677 veniant
1252 621 1434 673 omnia
1497 634 1617 689 qua:
1658 634 1821 672 sensu
1881 618 2275 688 percipiuntur,
2325 627 2379 670 et

790 716 1171 768 conclusiones
1231 724 1423 764 eorum
1504 724 1626 778 qua:
1702 709 1983 763 intellectu
2048 711 2378 780 capiuntur,

798 811 1103 873 horumque
1141 804 1384 873 cognitio
1412 802 1593 871 opinio
1630 810 1713 854 est
1749 821 1759 854 :
1794 816 1893 855 cur
1918 803 2063 855 enim
2093 803 2164 856 sit
2196 804 2379 855 anima

797 898 1144 954 iunnuitalis.
1198 897 1406 961 ignorat
1461 893 1686 961 opinio;
1731 892 1834 947 hoc
1877 897 2021 946 enim
2074 892 2380 948 intellectus

790 1000 871 1043 est
898 1004 1057 1056 opus.
1122 989 1301 1056 Quare
1355 986 1667 1054 opinionem
1716 985 1975 1053 praeclare
2029 986 2081 1037 in
2124 983 2378 1051 Sepbista

798 1083 948 1137 Plato
984 1083 1190 1145 definit,
1239 1094 1362 1133 cum
1419 1078 1724 1131 intellectus
1767 1077 2059 1130 terminum
2118 1075 2375 1144 appellat.

790 1178 1075 1235 Intelleclu
1108 1172 1254 1227 enim
1286 1171 1650 1225 concludente
1684 1170 2053 1223 immortalem
2098 1183 2223 1222 esse
2255 1169 2376 1221 ani-

792 1284 956 1330 niam,
997 1265 1166 1319 solam
1210 1264 1615 1318 conclusionem
1670 1260 1904 1314 facultas
1950 1260 2122 1314 novit.
2159 1259 2378 1314 Intelle-

792 1369 913 1411 ctus
938 1366 1122 1407 autem
1155 1364 1259 1416 est,
1293 1354 1433 1404 riam
1481 1350 1646 1405 veluti
1698 1353 1987 1420 quamdam
2030 1352 2317 1415 conficere,
2347 1367 2378 1404 a

792 1448 1259 1518 prnpOsitiouibus
1312 1445 1377 1497 ad
1427 1442 1835 1497 conclusionem
1890 1444 2376 1512 transgrediendo,

794 1544 936 1591 unde
985 1546 1038 1589 rt
1098 1550 1294 1588 nomen
1346 1535 1513 1586 traxit
1551 1550 1563 1585 :
1616 1541 1778 1600 atque
1810 1532 1911 1585 lioc
1944 1540 2026 1585 est
2073 1531 2381 1586 intellectus

792 1646 930 1699 opus
958 1645 972 1695 ;
1009 1646 1041 1681 ιι
1065 1630 1208 1680 entis
1234 1641 1385 1688 vero,
1417 1623 1653 1693 simplici
1682 1624 2029 1694 aggressione
2063 1634 2118 1677 et
2148 1625 2380 1693 impres-

792 1722 969 1784 sione,
1006 1720 1197 1772 IIIL'ltUS
1247 1734 1407 1787 quam
1462 1731 1559 1785 per
1587 1714 2131 1778 demonstrationem,
2170 1717 2237 1768 ad
2267 1728 2378 1767 rem

794 1816 1105 1868 accc-dere:
1150 1810 1423 1877 quomodo
1476 1818 1530 1860 et
1586 1820 1802 1868 sensus,
1858 1807 1949 1873 qui
2000 1806 2045 1859 si
2106 1806 2159 1857 in
2196 1805 2377 1857 album

2485 618 2845 685 περάσματα,
2875 614 2972 668 καὶ
3001 618 3211 669 τούτων
3242 614 3391 666 ἐστὶν
3422 617 3454 685 ὴ
3485 615 3611 679 δόξα
3641 618 3864 682 γνῶσις.
3894 618 3990 669 Διὰ
4023 622 4075 669 τί

2484 705 2541 759 δὲ
2571 706 2845 769 ἀθάνατος
2880 705 3108 778 ἡψυχὴ,
3151 704 3339 759 οὐκέτι
3370 700 3514 757 οἶδεν
3545 709 3576 775 ἡ
3611 706 3773 770 δόξα·
3833 709 4075 769 διανοῗας

2484 796 2594 866 γὰρ
2618 795 2782 866 ἔργον
2806 798 2926 850 ἐστὶ
2954 797 3132 851 τοῦτο.
3172 796 3333 849 Ὅθεν
3363 798 3458 849 καὶ
3491 798 3676 861 καλῶς
3705 798 3950 867 ὁρίζεται
3978 802 4075 868 τὴν

2481 889 2644 952 δόξαν
2692 889 2922 943 Πλάτων
2958 891 3016 942 ὲν
3052 889 3130 959 τῷ
3162 890 3425 961 Σοφιστῇ,
3457 890 3698 953 διανοίας
3732 892 3906 958 λέγων
3936 894 4075 945 ἀπο-

2481 981 2823 1051 τελεύτησιν.
2876 982 2992 1051 Τῆς
3039 984 3148 1057 γάρ
3185 982 3423 1045 διανοίας
3476 984 3947 1053 συλλογισαμένης
3990 988 4071 1036 ὅτι

2485 1074 2761 1137 ἀθάνατος
2811 1076 2845 1143 ἡ
2880 1073 3052 1145 ψυχὴ,
3107 1077 3170 1128 τὸ
3220 1076 3604 1145 συμπέρασμα
3648 1077 3808 1145 μόνον
3866 1074 4004 1129 οἶδεν
4040 1078 4073 1145 ἡ

2483 1164 2738 1235 δύναμις.
2770 1167 3021 1227 Διανοίας
3050 1166 3107 1217 δέ
3139 1168 3255 1219 ἐστι
3292 1168 3354 1219 τὸ
3386 1162 3498 1219 οἷον
3527 1169 3645 1220 ὀδόν
3667 1185 3791 1219 τινα
3812 1168 4070 1230 amem,

2485 1256 2928 1325 μεταϐαίνουσαν
2960 1256 3072 1309 ἀπὸ
3101 1257 3421 1323 προτάσεων
3453 1258 3531 1317 είς
3576 1260 3981 1325 συμπέρασμα,
4017 1256 4076 1318 ἐξ

2482 1342 2545 1401 οὗ
2575 1350 2668 1400 καὶ
2691 1348 2791 1415 τὴν
2819 1347 3015 1417 κλῆσιν
3043 1349 3287 1401 εἵλκυσε.
3323 1346 3435 1401 Καί
3464 1350 3562 1417 τῆς
3598 1348 3694 1417 μὲν
3717 1350 3957 1411 διανοίας
3986 1350 4075 1421 ἐρ.

2483 1455 2581 1506 γον
2610 1439 2791 1491 τοῦτο.
2847 1439 2954 1491 Τοῦ
3005 1438 3061 1491 δὲ
3114 1438 3209 1492 νοῦ
3269 1440 3432 1508 ἔργον
3478 1442 3679 1504 ἁπλαῖς
3717 1442 4073 1506 προσϐολαῖς,

2482 1532 2578 1583 καὶ
2626 1533 2877 1601 κρεῖττον
2931 1531 2963 1600 ἢ
3021 1532 3165 1584 κατὰ
3221 1533 3528 1596 ἀπόδειξιν,
3590 1535 3909 1586 ἐπιϐάλλειν
3961 1536 4076 1595 τοῖς

2483 1628 2833 1695 πράγμασιν,
2870 1626 3059 1693 ὥσπερ
3084 1628 3117 1696 ἡ
3167 1626 3444 1695 αἴσθησις.
3479 1626 3875 1694 "poi/465551
3915 1628 4075 1693 τυχὸν

2481 1718 2544 1770 τὸ
2570 1718 2817 1788 λευκὸνῆ
2854 1718 2974 1770 τόδε
2997 1719 3058 1770 τὸ
3094 1719 3286 1787 σχῆμά
3324 1734 3375 1769 τι
3406 1718 3675 1787 κρεῖττον,
3702 1717 3734 1785 ἦ
3768 1716 3910 1766 κατὰ
3942 1718 4077 1767 ἀπᾶ-

2481 1808 2671 1872 δειξιν,
2710 1808 2879 1861 αὑτοῦ
2914 1809 3016 1877 τὴν
3040 1811 3246 1877 γνῶσιν
3274 1811 3454 1879 ἔσχεν.
3492 1809 3566 1860 Οὐ
3607 1810 3716 1876 γὰρ
3749 1808 3920 1858 δεῖται
3943 1807 4077 1873 πρ“ς

795 1908 955 1969 forte,
1007 1905 1088 1956 vel
1142 1905 1195 1955 iu
1259 1903 1397 1954 lianc
1452 1900 1679 1970 figuram
1719 1898 1991 1962 inciderit,
2028 1899 2218 1952 melius
2259 1912 2379 1951 eam
2412 1915 2456 1970 Β
2484 1918 2544 1952 τα

2332 1912 2379 1949 m
2412 1915 2456 1970 Β
2484 1900 2693 1969 ταύτην
2726 1899 3091 1969 συλλογισμοῦ
3120 1913 3133 1927 ⁸
3168 1901 3201 1969 ἡ
3220 1900 3276 1951 δέ
3299 1918 3363 1966 γε
3398 1900 3493 1952 τοῦ
3522 1899 3613 1951 νοῦ
3642 1902 3913 1967 ἐνέργεια,
3941 1898 4081 1948 ἐκεί.

798 2013 958 2067 quaiu
995 1994 1463 2049 demonstratione
1494 1990 1727 2061 percipit
1764 2009 1775 2043 :
1818 2006 1923 2044 non
1973 1993 2116 2045 enim
2147 1993 2210 2043 ad
2244 1992 2384 2044 lianc

797 2089 1169 2158 cognitionem
1200 2086 1615 2138 ratiocinatione
1645 2082 1807 2135 liabet
1829 2096 1999 2150 opus;
2029 2082 2225 2136 mentis
2256 2096 2384 2134 vero

798 2182 945 2234 actio
987 2180 1038 2233 in
1075 2179 1181 2231 illis
1227 2187 1329 2242 est,
1365 2176 1562 2244 quibus
1596 2176 1662 2229 ad
1693 2190 1959 2230 summam
1995 2174 2284 2243 puritatem
2330 2184 2385 2228 et

800 2270 1086 2323 scientiam
1125 2268 1411 2337 pervenire
1436 2267 1619 2319 datum
1640 2276 1742 2329 est,
1771 2266 1863 2335 qui
1896 2281 1993 2335 per
2019 2277 2387 2336 expurgantes

802 2366 1057 2421 \‘irtutes,
1104 2360 1222 2412 sine
1269 2358 1450 2426 specie
1496 2356 1727 2424 objecta,
1779 2368 1834 2411 et
1875 2358 1993 2410 sine
2031 2371 2193 2410 sensu
2229 2371 2387 2425 agere

802 2462 1163 2505 consuerunt.
1209 2451 1301 2503 list
1352 2452 1495 2503 enim
1548 2466 1701 2503 lllCltS
1741 2450 1903 2502 veluti
1956 2451 2172 2502 habitus
2222 2449 2384 2501 animi

800 2545 1257 2614 perfectissimus.
1292 2542 1347 2595 lu
1381 2543 1542 2595 rebus
1568 2540 1733 2611 igitur
1787 2556 1909 2609 qua:
1953 2550 2133 2593 mente
2173 2541 2386 2609 perspi—

800 2639 1046 2699 ciuntur,
1085 2650 1237 2689 mens
1283 2646 1578 2703 occupatur
1616 2652 1630 2687 :
1669 2634 1976 2687 intellectus
2012 2634 2065 2685 in
2115 2633 2182 2685 iis
2210 2672 2226 2697 ,
2269 2647 2390 2700 quae

804 2730 1097 2797 cogitando
1130 2729 1477 2794 asseqnimnr
1511 2743 1523 2778 :
1562 2727 1750 2795 opinio
1791 2728 2005 2778 demum
2060 2725 2111 2776 iu
2157 2725 2222 2776 iis
2272 2739 2390 2792 qua:

803 2821 906 2872 sub
933 2818 1305 2887 opinationem
1342 2816 1564 2871 cadunt.
1605 2815 1808 2869 llarum
1840 2828 2019 2868 autem
2059 2824 2387 2884 potestatum

806 2910 1107 2978 principem
1136 2909 1312 2960 locum
1349 2922 1502 2961 mens
1542 2905 1775 2969 obtinet,
1814 2916 2144 2976 postremum
2180 2905 2386 2974 opinio,

805 3007 1042 3057 medium
1073 3000 1401 3063 intellectus,
1434 3000 1597 3051 menti
1627 3009 1831 3051 nostra:
1863 2997 2054 3050 intime
2083 2996 2388 3058 familiaris,

808 3099 1009 3164 quippe
1065 3094 1156 3163 qui
1187 3093 1420 3146 medium
1478 3089 1679 3159 ubique
1736 3092 1911 3145 locum
1952 3098 2102 3144 tenet
2143 3106 2157 3142 :
2199 3098 2253 3142 ct
2296 3103 2392 3157 per

810 3188 977 3251 hunc,
1016 3185 1349 3239 intellectum
1370 3184 1513 3250 dico,
1544 3182 1611 3237 ad
1632 3198 1821 3237 eorum
1851 3181 2390 3249 contemplationem,

809 3294 931 3348 qua:
968 3287 1150 3331 mente
1184 3275 1583 3345 percipiuntur,
1638 3275 1850 3327 animus
1899 3283 2082 3327 uoster
2123 3271 2392 3337 evehitur,

809 3386 929 3437 qua:
958 3370 1074 3436 ejus
1104 3367 1375 3421 absolutio
1406 3374 1459 3419 et
1486 3363 1749 3435 perfectio
1780 3374 1886 3420 est.
1923 3364 2057 3419 Cum
2107 3362 2251 3417 enim
2287 3361 2394 3426 hic,

814 3466 979 3518 rebus
1024 3466 1091 3517 iis
1125 3478 1245 3532 qua:
1271 3461 1453 3516 sensui
1502 3461 1885 3528 subjiciuntur,
1930 3461 2112 3515 socius
2156 3468 2210 3512 et
2242 3457 2397 3525 quasi

812 3559 1030 3626 gentilis
1081 3562 1193 3622 sit;
1232 3567 1448 3626 propter
1476 3571 1734 3609 sensuum
1784 3556 2227 3609 consuetudinem
2264 3592 2279 3617 ,
2330 3555 2399 3607 ad

817 3645 1246 3713 speculationem
1271 3660 1486 3707 eorum,
1522 3659 1643 3713 qua:
1687 3653 1868 3699 mente
1902 3644 2301 3713 intelliguntur.
2342 3652 2401 3698 et

820 3737 1050 3789 n.atcria
1084 3746 1295 3800 carent,
1326 3737 1574 3790 attollere
1618 3737 1858 3804 seipsum
1894 3750 1998 3789 non
2050 3746 2252 3803 potest.
2292 3732 2400 3788 Sed

818 3838 875 3880 et
911 3829 1021 3891 illa,
1050 3843 1277 3897 corpora
1310 3838 1486 3897 putat,
1507 3839 1561 3882 et
1584 3832 1778 3882 molem
1810 3828 2028 3890 habere,
2058 3835 2115 3881 et
2140 3841 2403 3895 quaecun-

815 3937 920 3990 que
971 3922 1221 3975 scnsibus
1261 3937 1320 3976 se
1372 3920 1628 3984 oll'eruut,
1665 3920 1718 3973 in
1759 3921 1865 3973 illis
1911 3934 2034 3973 esse
2066 3918 2166 3973 sibi
2201 3918 2400 3987 tingit:

817 4015 1276 4083 quemadmodum
1325 4024 1380 4067 et
1416 4013 1573 4067 Plato
1606 4016 1656 4067 in
1706 4013 1990 4076 Pliwdone,
2044 4011 2187 4065 hanc
2242 4026 2401 4063 uuam

818 4126 939 4165 esse
966 4126 1079 4163 rem
1120 4111 1171 4162 in
1210 4109 1364 4163 nobis
1395 4107 1761 4162 dillicillimam
1806 4105 2057 4169 atlirmat,
2099 4102 2243 4172 quod
2278 4116 2402 4155 cum

820 4219 850 4254 a
885 4204 1130 4269 corporis
1161 4200 1534 4254 avocamentis
1567 4199 1786 4267 paulum
1827 4195 2320 4264 conquieverimus,
2353 4202 2408 4245 et

824 4310 1005 4347 terum
1038 4294 1347 4346 divinarum
1388 4289 1727 4344 meditationi
1766 4302 1865 4341 nos
1895 4287 2189 4353 adjungere
2219 4286 2408 4337 volue-

827 4390 1018 4448 rimus,
1057 4402 1085 4438 a
1121 4385 1373 4437 sensibus
1422 4382 1661 4451 profecta
1707 4380 1959 4449 impulsio
1991 4380 2303 4449 interpellat
2342 4392 2408 4431 ac

826 4480 1123 4547 perturbat,
1160 4487 1213 4529 et
1244 4474 1561 4542 cogitationi
1593 4482 1792 4529 nostrai
1825 4472 2033 4540 objicit,
2093 4473 2259 4525 Deum
2288 4486 2410 4525 esse

2484 2009 2599 2054 νοις
2626 1991 3014 2061 παραγίνεται,
3037 1986 3118 2054 οἷς
3150 1994 3229 2053 εἷς
3259 1991 3430 2061 ἄκρον
3455 1993 3779 2061 καθάρσεως
3822 1994 3913 2042 καὶ
3953 1993 4077 2041 ἐπι-

2489 2084 2709 2152 στήμης
2740 2085 2970 2149 γέγονεν
3009 2084 3308 2152 ἀφικέσθαι
3334 2100 3346 2111 '
3389 2085 3485 2136 καὶ
3535 2084 3622 2133 δια
3655 2085 3764 2133 τῶν
3809 2084 4077 2152 καθαρτι-

2488 2176 2600 2227 κῶν
2623 2174 2836 2243 ἀρετῶν
2870 2175 3258 2242 άφαντάστως,
3297 2175 3391 2227 καὶ
3421 2175 3542 2243 δίχα
3578 2175 3884 2241 αξσῦήςεως
3925 2178 4072 2241 ἐνερ-

2488 2270 2606 2335 γεῖν
2639 2265 3099 2335 συνειθισμένοις.
3140 2268 3299 2319 Ἐστι
3327 2269 3436 2337 γὰρ
3465 2270 3492 2320 ὁ
3528 2267 3671 2329 νοῦς,
3701 2262 3812 2319 οἷον
3842 2264 3956 2327 ἕεις
3980 2266 4079 2332 τῆς

2488 2362 2668 2429 ψυχῆς
2700 2361 3040 2429 τελειοτάτη.
3104 2360 3479 2427 Καταγίνεται
3533 2361 3715 2412 τοίνυν
3743 2363 3768 2411 ὁ
3825 2360 3922 2427 μὲν
3955 2357 4079 2429 νοῦς

2490 2456 2620 2521 περὶ
2658 2455 2726 2504 τα
2759 2454 2932 2521 νοητά
2957 2469 2970 2481 ⁸
3024 2456 3057 2523 ἡ
3098 2454 3154 2506 δὲ
3190 2454 3398 2505 διάνοια
3449 2454 3579 2521 περὶ
3609 2453 3677 2504 τὰ
3714 2453 4007 2521 διανοητὰ*

2488 2546 2545 2598 δὲ
2576 2544 2703 2608 δόξα
2736 2548 2865 2614 περὶ
2894 2546 2963 2597 τά
2992 2545 3247 2608 δοξαστὰ.
3284 2545 3503 2603 Τούτων
3534 2545 3591 2596 δὲ
3638 2543 3749 2595 τῶν
3795 2545 4082 2611 δυνάμεων

2491 2636 2720 2705 πρώτην
2745 2636 2845 2705 μὲν
2866 2636 3055 2704 ἐπέχει
3086 2635 3241 2698 τάξιν
3262 2637 3290 2686 ὁ
3320 2638 3441 2699 νοῦς
3465 2654 3478 2665 ·
3514 2640 3749 2706 ἐσχάτην
3773 2639 3828 2690 δὲ
3860 2643 3893 2708 ἡ
3919 2640 4078 2703 δόξα·

2495 2730 2672 2796 μέσην
2691 2728 2746 2778 δὲ
2777 2727 3068 2796 ἡδιάνοια,
3100 2727 3133 2796 ἦ
3167 2744 3251 2788 τις
3284 2729 3378 2778 καὶ
3409 2732 3827 2797 πρυσῳκείωται
3847 2734 3913 2798 τῇ
3940 2732 4081 2798 ἡμε-

2492 2820 2629 2887 τέρα
2658 2818 2825 2885 ψυχῇ,
2861 2818 3049 2885 ἐπειδὴ
3110 2821 3203 2868 καὶ
3247 2819 3384 2887 αὑτὴ
3434 2820 3534 2887 τὴν
3574 2821 3748 2888 μέσην
3776 2822 3874 2887 τὴν
3911 2822 3968 2871 ἐν
4005 2821 4084 2887 τῷ

2491 2910 2663 2961 παντὶ
2690 2910 2845 2971 τάξιν
2876 2910 3011 2977 ἔχει.
3042 2910 3151 2960 Καὶ
3173 2910 3262 2961 διὰ
3291 2912 3498 2979 ταύτης
3528 2912 3672 2975 λέγω
3704 2914 3802 2980 τῆς
3839 2912 4084 2974 διανοίας

2495 3003 2760 3068 ἀνάγεται
2805 3003 3103 3070 ἡήμετέρα
3134 3002 3280 3071 ψυχὴ
3314 3006 3408 3055 ἐπὶ
3440 3005 3538 3073 τὴν
3567 3006 3675 3056 τῶν
3700 3005 3909 3073 νοητῶν
3945 3005 4086 3055 Οεω-

2498 3095 2642 3164 ρίαν,
2694 3096 2727 3163 ἦ
2758 3112 2840 3156 τις
2876 3094 2993 3145 ἐστὶ
3022 3094 3299 3163 τελειότης
3336 3096 3434 3162 τῆς
3465 3096 3665 3163 ψυχῆς.
3717 3095 3937 3164 Ἐπειδὴ
3974 3097 4084 3163 γὰρ

2500 3188 2800 3256 σύντροφος
2834 3204 2894 3238 τε
2926 3189 3021 3238 καὶ
3048 3187 3330 3255 σῦμφυλος
3364 3191 3473 3249 τοῖς
3504 3187 3786 3257 αἰσθητοῖς
3817 3191 3848 3256 ἡ
3876 3188 4025 3257 ψυχὴ
4053 3191 4086 3256 ἡ

2499 3281 2770 3349 ἡμετέρα,
2824 3279 3082 3331 ἀδυνατεῖ
3134 3279 3224 3332 διὰ
3256 3280 3347 3330 τὸν
3379 3281 3704 3349 συνεθισμὸν
3734 3281 3842 3333 τῶν
3890 3282 4088 3347 αἰσθή-

2500 3386 2663 3434 σεων,
2702 3369 2797 3419 ἐπὶ
2831 3368 2931 3438 τὴν
2961 3369 3198 3438 θεωρίαν
3228 3370 3335 3420 τῶν
3368 3371 3579 3439 νοητῶν
3615 3373 3709 3423 καὶ
3744 3373 3927 3423 ἀΰλων
3962 3373 4090 3424 ἀνά-

2500 3478 2619 3529 γειν
2651 3463 2839 3528 αὑτήν.
2884 3462 3044 3512 ’.ὶλλὰ
3077 3462 3289 3528 νομῗζει
3334 3464 3569 3515 κάκεῖνα
3607 3461 3835 3530 σώματα
3865 3464 3959 3514 καὶ
3994 3480 4093 3529 με·

2501 3555 2639 3624 γέθη
2676 3555 2841 3622 ἔχειν,
2891 3556 2982 3605 καὶ
3010 3555 3111 3606 ὅσα
3143 3554 3233 3604 ἐπὶ
3266 3554 3372 3603 τῶν
3403 3553 3707 3621 αἰσθητῶν,
3740 3554 3903 3605 κάκεῖ
3952 3572 4091 3621 (pav-

2501 3646 2728 3709 τάζεται
2752 3662 2766 3674 ·
2817 3646 2892 3708 ὡς
2939 3647 3037 3697 καὶ
3076 3646 3299 3696 Πλάτων
3334 3648 3389 3697 ἐν
3422 3645 3499 3712 τῷ
3532 3645 3785 3697 Φαίδωνι
3808 3646 3978 3710 λέγει,
4008 3645 4094 3696 ὅτι

2503 3738 2647 3802 τοῦτ’
2680 3740 2797 3791 ἔστι
2841 3740 2903 3791 τὸ
2939 3737 3326 3806 χαλεπώτατον
3351 3736 3459 3787 τῶν
3483 3738 3539 3787 ὲν
3563 3738 3718 3805 ἡμῖν,
3741 3737 3821 3787 ὅτι
3847 3738 3976 3787 ὅταν
4000 3738 4094 3788 καὶ

2507 3832 2706 3901 σχολὴν
2728 3832 2836 3883 άπὸ
2859 3830 2966 3881 τῶν
2995 3828 3301 3897 περιολκῶν
3326 3827 3420 3879 τοῦ
3458 3827 3708 3895 σώματος
3736 3828 3933 3895 μικρὸν
3958 3830 4097 3893 ἀγά-

2505 3940 2716 3993 γωμεν,
2749 3923 2843 3974 καὶ
2871 3920 3191 3989 Θελήσωμεν
3222 3922 3285 3988 τῇ
3324 3918 3532 3987 Θεωρία
3559 3920 3671 3970 τῶν
3708 3920 3871 3971 Θείων
3899 3920 4093 3987 σχολά-

2510 4036 2621 4077 σαι,
2657 4017 2752 4067 κα“ι
2784 4014 3258 4083 παρεμπίπτουσα
3288 4013 3321 4080 ἡ
3362 4013 3655 4078 φαντασία,
3706 4012 3936 4077 ΘόρυΕον
3961 4014 4096 4079 ἡμῖν

2508 4109 2669 4171 κινεῖ,
2704 4105 2954 4157 ὐπονο;ῖν
2979 4102 3220 4165 διδοῦσα,
3252 4105 3335 4154 ὅτι
3366 4102 3527 4171 σῶμά
3554 4102 3670 4152 ἐστι
3705 4102 3766 4152 τὸ
3795 4102 3960 4165 Θείον,
4002 4104 4098 4153 καὶ

2515 4198 2744 4268 μέγεθος
2777 4196 2886 4266 ἔχει
2937 4196 3035 4247 καὶ
3068 4194 3281 4264 σχῆμα,
3316 4194 3410 4245 καὶ
3441 4194 3542 4245 οὐκ
3578 4194 3643 4262 ἑᾷ
3676 4194 3825 4261 ἡμᾶς
3871 4194 4099 4260 ἀσωμά-

2510 4307 2618 4352 τως
2646 4290 2740 4342 καὶ
2766 4288 3191 4356 ἀσχηματίστως
3228 4288 3358 4354 περὶ
3410 4286 3507 4338 τοῦ
3558 4285 3694 4337 Θεοῦ
3739 4287 3964 4337 ἐννοεῖν.
3999 4286 4097 4337 Δια

2513 4383 2675 4435 τοῦτο
2698 4382 2781 4433 δεῖ
2810 4382 2910 4449 τὴν
2943 4380 3122 4448 ψυχὴν
3147 4380 3444 4432 ὁδεῦουσαν
3471 4380 3564 4431 ἐπὶ
3613 4379 3714 4447 τὴν
3764 4378 3963 4445 ἑαυτῆς
4005 4394 4098 4427 τε·

2512 4472 3025 4544 λειότητα,πρῶτον
3056 4472 3349 4539 ἐνεργῆσαι
3375 4472 3514 4521 κατὰ
3545 4470 3803 4523 διάνοιαν.
3837 4471 3956 4537 ἣτις
3984 4469 4098 4536 ἔχει

829 4588 1051 4641 «οτιδιιε,
1107 4570 1483 4639 magnitudine
1541 4579 1595 4622 ct
1642 4568 1814 4638 ﬁgura
1871 4569 2179 4638 praeditum,
2235 4582 2578 4643 nequeut;

2350 4582 2410 4622 ue
2439 4585 2489 4643 ι)
2519 4566 2654 4635 πρὸς
2677 4566 2746 4615 τά
2782 4565 2927 4631 μέσα
2963 4562 3072 4613 τῶν
3104 4562 3471 4630 πραγμάτων.
3522 4559 3761 4611 Τοιαῦτα
3790 4561 3845 4611 δέ
3887 4563 4001 4611 ἐστι
4032 4563 4099 4610 τα

832 4684 930 4718 nos
963 4682 990 4717 a
1026 4679 1254 4731 corpore
1306 4673 1359 4717 et
1417 4662 1586 4730 figura
1626 4661 1796 4715 Deum
1859 4662 2073 4728 penitus
2122 4675 2410 4715 secernere

830 4759 1117 4827 cogitando
1154 4754 1437 4822 permittit.
1470 4754 1598 4806 Eam
1626 4754 1697 4807 ob
1737 4768 1848 4807 rem
1872 4767 2008 4821 opus
2039 4761 2141 4819 est,
2169 4753 2411 4805 animum

834 4850 899 4898 ad
930 4861 1088 4899 suum
1131 4844 1299 4911 ipsius
1354 4842 1742 4911 perfectionem
1792 4842 2121 4904 tendentem,
2177 4842 2412 4910 primum

833 4954 995 5007 agere
1043 4938 1343 5001 intellectu,
1389 4935 1481 5004 qui
1523 4936 1574 4988 in
1629 4935 1790 4993 rebus
1824 4934 2221 5004 quodammodo
2256 4935 2418 4988 inter-

838 5028 1032 5082 mediis
1086 5038 1357 5080 versatur.
1396 5026 1547 5077 Talia
1598 5040 1728 5079 vero
1772 5034 1922 5087 sunt,
1974 5039 2095 5093 qua:
2146 5024 2417 5080 intellectu

832 5124 1269 5191 complectimur,
1330 5120 1506 5189 qualis
1557 5129 1639 5172 est
1692 5119 1906 5173 animus
1958 5127 2142 5171 noster
2190 5116 2417 5190 ejusque

835 5215 1262 5284 Contemplatio;
1304 5223 1415 5267 tum
1449 5222 1501 5263 et
1556 5227 1640 5263 tes
1674 5211 2093 5280 mathematicae,
2123 5225 2243 5279 qua:
2296 5210 2418 5265 sine

841 5307 1070 5360 materia
1122 5307 1339 5375 quidem
1388 5313 1537 5369 sunt,
1573 5303 1668 5357 sed
1725 5319 1830 5355 non
1860 5304 2156 5368 exsistunt,
2210 5312 2269 5355 ut
2315 5303 2419 5357 illis

843 5398 1227 5454 consuefactus
1282 5400 1421 5453 citra
1454 5401 1734 5451 materiam
1767 5407 1891 5468 agat
1920 5397 1985 5450 ad
2011 5411 2073 5450 ea
2107 5410 2275 5464 quam
2309 5410 2422 5447 nia-

842 5496 976 5547 teria
1016 5494 1233 5560 penitus
1256 5491 1530 5561 segregari
1563 5503 1811 5560 possunt,
1844 5492 1925 5543 via
1957 5488 2273 5558 sensimque
2301 5504 2425 5557 pro-

844 5599 1089 5656 gressus,
1124 5587 1189 5636 ad
1220 5584 1387 5637 Deum
1432 5586 1574 5645 dico,
1607 5600 1663 5638 se
1696 5584 1939 5651 recipiat.
1982 5581 2137 5636 Unde
2171 5594 2223 5634 et
2258 5580 2426 5634 Ploti-

847 5696 966 5744 nus,
990 5675 1095 5730 Per
1115 5694 1215 5742 res,
1236 5678 1431 5745 inquit,
1459 5676 1879 5739 mathematicas,
1908 5676 1977 5725 ad
1998 5672 2428 5725 consuetudinem

850 5770 985 5835 cjas,
1021 5784 1136 5838 qui:
1164 5770 1275 5821 sine
1307 5784 1522 5835 corpore
1545 5778 1642 5830 est,
1668 5775 1893 5828 natum,
1919 5766 2135 5833 juvenes
2160 5762 2430 5817 deducan-

854 5867 959 5909 tur.
998 5862 1065 5911 At
1104 5858 1148 5913 si
1184 5859 1398 5927 quando
1450 5857 1756 5915 intellectus
1805 5856 2187 5922 ratioci’natur,
2250 5857 2316 5911 de
2366 5856 2432 5911 iis

2514 4658 2705 4725 νοητὰ,
2742 4652 2858 4706 οἷόν
2896 4655 3042 4705 ἐστὶν
3071 4654 3169 4720 ἦτε
3224 4653 3371 4721 ψυχὴ
3408 4654 3440 4720 ἠ
3469 4653 3736 4721 ἡμετέρα,
3784 4654 3877 4702 καὶ
3908 4653 3939 4718 ἠ
3972 4654 4101 4718 περὶ

2514 4748 2690 4817 αὐτῆς
2741 4745 2980 4815 Θεωρία·
3014 4743 3095 4795 ἔτι
3151 4743 3209 4793 δὲ
3246 4745 3339 4793 καί
3388 4744 3454 4793 τα
3500 4742 3885 4810 μαθηματικὰ,
3920 4740 3953 4792 ἃ.
3979 4757 4099 4791 τινα

2515 4842 2614 4913 τὴν
2638 4840 2829 4894 οὐσίαν
2856 4838 3018 4892 άῦλον
3059 4836 3195 4905 ἔχει,
3220 4836 3270 4886 εἰ
3320 4836 3415 4887 καὶ
3452 4837 3527 4904 μὴ
3559 4837 3659 4904 τὴν
3694 4834 3931 4905 ὕπαρξιν
3952 4852 3965 4863 -
4015 4835 4103 4886 ῖνα

2521 4933 2902 4986 συνεθισΘεῖσα
2930 4932 2987 4981 ὲν
3020 4928 3255 4990 τούτοις,
3290 4930 3486 4997 ἐνεργῇ
3524 4926 3703 4989 eam;
3736 4928 3841 4995 ὀδῷ
3873 4926 4105 4995 προσελ-

2520 5023 2691 5078 Θοῦσα
2718 5025 2812 5075 καὶ
2844 5022 2939 5074 ἐπὶ
2966 5021 3033 5073 τὰ
3062 5021 3343 5081 παντελῶς
3376 5020 3619 5087 χωριστὰ
3648 5019 3747 5086 τῆς
3775 5017 3930 5088 ὕλης,
3961 5018 4104 5084 λέγω

2518 5116 2577 5169 δὲ
2606 5116 2676 5168 τὰ
2708 5114 2827 5167 θεῖα
2854 5113 3082 5183 χωρίσῃ.
3114 5110 3276 5162 Ὀοεν
3309 5112 3405 5161 καὶ
3431 5112 3458 5163 ὁ
3485 5110 3779 5173 Πλωτῖνος,
3816 5109 4107 5175 Ἀγέσθω-

2522 5224 2645 5262 σαν
2672 5209 2727 5260 οί
2752 5204 2899 5269 νέοι,
2923 5205 3079 5271 φησὶ,
3108 5202 3142 5254 ὃ
3147 5202 3203 5254 ιὰ
3228 5200 3358 5269 τῶν⁵
3374 5201 3741 5270 μαθημάτων
3768 5202 3920 5267 πρὸς
3957 5218 4107 5253 συν-

2522 5298 2773 5367 εθισμὸν
2786 5296 2894 5363 τῆς
2907 5294 3226 5363 ἀσωμάτου
3251 5296 3508 5363 φύσεως.
3530 5294 3590 5345 Ei
3615 5293 3673 5345 δέ
3704 5309 3831 5346 ποτε
3850 5294 4107 5363 ήδιάνοια

2527 5391 2907 5459 συλλογίζεται
2937 5389 3029 5440 καὶ
3060 5389 3191 5456 περὶ
3221 5387 3333 5438 τῶν
3363 5385 3593 5456 νοητῶν,
3622 5385 3737 5437 ἀλλ’
3767 5386 3828 5437 οῦ
3859 5385 3981 5436 καθ’
4009 5388 4106 5437 αὖ·

2526 5487 2650 5555 τὴν,
2678 5484 2815 5537 ἀλλὰ
2836 5481 2914 5551 τῷ
2944 5480 3019 5550 νῷ
3052 5480 3461 5549 συμπλακεῑσα,
3496 5477 3687 5547 ῶσπερ
3718 5478 3812 5529 καὶ
3842 5478 3973 5547 περὶ
3999 5477 4107 5528 τῶν

2528 5575 2805 5644 αἰσθητῶν
2839 5573 3239 5639 συλλογίζεται,
3275 5571 3663 5639 συμπλακεῖσα
3699 5572 3764 5638 τῇ
3807 5567 4107 5636 φαντασίᾳ.

2531 5670 2737 5723 Τούτου
2763 5667 2946 5719 τοίνυν
2972 5665 3066 5717 τοῦ
3090 5664 3203 5728 νοῦ,
3238 5666 3286 5715 εί
3321 5664 3415 5716 καὶ
3452 5662 3528 5732 μὴ
3554 5662 3857 5731 μετέχομεν
3888 5661 3939 5712 οἱ
3976 5660 4110 5709 πολ-

2532 5758 2649 5809 λοί·
2691 5754 2807 5807 ἀλλ’
2858 5754 2976 5821 ἴχνη
3011 5754 3132 5804 τινὰ
3186 5754 3282 5804 καὶ
3315 5752 3618 5822 ἰνδάλματα
3661 5750 3986 5821 διαϐέϐηκεν
4032 5751 4111 5810 εἰς

2536 5850 2711 5925 ημᾷς.
2760 5846 2945 5901 Ταῦτα
2979 5845 3035 5897 δέ
3070 5848 3218 5901 ἐστιν
3248 5846 3302 5900 αἱ
3340 5848 3517 5899 κοιναὶ
3558 5845 3778 5912 ἔννοιαι,
3810 5842 3873 5907 ἃ,
3907 5842 4112 5903 ἀναπλ-
