4430 6448
809 388 947 448 1035

2058 378 2478 441 MICIIAEMS
2519 379 2783 439 PSELIJ

3909 382 4049 448 1036

804 500 1079 569 opinionis
1101 507 1201 553 est.
1225 497 1523 551 Potestates
1555 494 1713 562 igitur
1740 492 1944 547 ratione
1971 492 2228 561 praeditas,
2252 506 2370 560 qua:
2400 496 2445 553 Α
2476 508 2553 560 eo]

2309 506 2370 542 tte
2400 496 2445 553 Α
2476 492 2916 561 συμπεράσματα
2946 492 3115 560 χωρὶς
3146 489 3495 559 ἀποδείξεως,
3516 494 3676 566 ἔργον
3702 495 3823 549 ἐστὶ
3852 500 3949 569 τῆς
3978 500 4058 552 δό-

806 595 871 647 ad
913 591 1283 661 cognitionem
1314 589 1563 648 tendunt,
1600 588 1680 639 hae
1714 597 1858 639 sunt.
1890 584 2161 640 Eﬂ'ectivze
2194 595 2375 637 autem

804 691 952 746 sunt,
996 680 1243 733 voluntas
1272 686 1328 733 et
1348 677 1559 733 electio.
1594 674 1658 729 Et
1688 675 1932 728 voluntas
1965 674 2178 742 quidem
2208 672 2375 727 solius

805 786 888 828 est
921 772 1076 838 boni;
1109 771 1303 825 electio
1333 770 1383 823 in
1408 779 1699 835 utrumque
1730 768 2044 835 propendet.
2074 764 2152 819 Ac
2182 765 2377 819 volun-

808 876 886 916 tas
915 861 1163 935 profecto
1194 861 1305 930 ipsa
1344 875 1438 931 per
1465 874 1548 927 se,
1590 868 1673 913 est
1705 860 1895 911 animae
1926 858 2135 911 ratione
2177 857 2376 926 pr.edi-

803 967 927 1020 tre;
983 955 1180 1011 electio
1248 968 1378 1007 vero
1448 953 1567 1022 ejus
1624 966 1744 1021 quae
1801 950 2030 1004 rationis
2102 948 2396 1003 defectum.

802 1062 1107 1102 connexum
1142 1047 1324 1100 habet.
1352 1044 1485 1101 Cum
1516 1044 1750 1113 primum
1784 1041 1926 1096 enim
1959 1050 2109 1096 extra
2148 1053 2376 1107 genera-

807 1141 1009 1194 tionem
1035 1147 1119 1192 est
1147 1138 1347 1201 anima,
1387 1135 1499 1189 sola
1532 1133 1806 1189 voluntate
1833 1132 1965 1201 agit,
1997 1132 2049 1185 in
2085 1129 2201 1184 solo
2230 1128 2372 1182 enim

805 1232 945 1286 bono
978 1240 1297 1299 occupatur.
1333 1228 1402 1281 At
1430 1226 1518 1281 ubi
1552 1226 1606 1280 in
1652 1225 1996 1295 generatione
2027 1221 2213 1286 fuerit,
2249 1223 2371 1290 quia

804 1322 879 1377 illi
904 1331 1297 1376 connectuntur
1319 1326 1611 1390 potestates
1644 1317 1867 1372 rationis
1895 1325 2162 1385 expertes,
2192 1314 2260 1369 ob
2284 1328 2374 1368 eas

805 1430 941 1486 quas
969 1414 1257 1469 afferemus
1296 1425 1512 1476 causas,
1540 1420 1667 1465 tunc
1694 1407 1811 1477 ejus
1841 1408 2032 1477 partis,
2058 1421 2178 1476 qua:
2216 1408 2376 1458 ratio-

802 1508 889 1561 nis
928 1515 1011 1559 cst
1051 1519 1263 1574 expers,
1293 1504 1654 1567 connexione,
1698 1508 1904 1554 tantum
1939 1498 2078 1551 valet
2109 1506 2370 1564 quantum

802 1593 994 1649 electio
1026 1607 1230 1661 :quare
1251 1592 1520 1646 interdum
1550 1599 1676 1643 ante
1704 1588 1928 1642 rationis
1961 1585 2255 1647 defectum,
2284 1586 2370 1637 in-

803 1687 1014 1741 tcrdum
1051 1696 1175 1737 ante
1202 1685 1464 1738 rationem
1514 1681 1751 1735 acridit:
1789 1689 1951 1748 atque
1992 1678 2094 1732 hoc
2122 1677 2197 1730 illi
2231 1692 2368 1745 prm-

801 1790 1038 1849 optatur.
1088 1777 1181 1832 liae
1220 1777 1400 1843 itaque
1438 1781 1565 1827 sunt
1616 1770 1909 1825 rationales
1962 1768 2154 1823 anima:
2198 1765 2368 1819 facul-

806 1881 961 1926 tates.

876 1960 1281 2016 lrrationabiies
1332 1973 1480 2021 vero,
1536 1957 1617 2011 hae
1665 1963 1791 2011 sunt
1822 1959 2209 2024 cognoscentes
2257 1950 2376 2019 qui-

804 2057 948 2120 dem,
979 2050 1260 2122 phantasia
1310 2060 1362 2103 et
1412 2061 1625 2110 sensus,
1667 2060 1786 2114 quae
1828 2046 1969 2099 inter
1996 2058 2053 2098 se
2078 2042 2328 2097 diﬂ‘erunt
2359 2060 2373 2095 :

805 2160 994 2197 sensus
1018 2142 1157 2194 enim
1183 2141 1245 2193 ad
1272 2155 1356 2194 res
1375 2147 1627 2194 externas
1650 2136 1879 2206 pertinet
1904 2153 1918 2201 ;
1942 2136 2221 2204 phantasia
2250 2148 2377 2186 vero

810 2238 1133 2291 intrinsecus
1189 2233 1350 2286 habet
1381 2229 1769 2300 cognitionem.
1818 2226 1883 2279 Et
1934 2240 2125 2280 sensus
2161 2225 2375 2292 quidem

812 2343 923 2382 rem
963 2337 1166 2381 tantum
1195 2331 1531 2393 prmsentem,
1571 2328 1623 2373 et
1658 2333 1818 2386 quant
1870 2318 2207 2370 extrinsecus
2238 2314 2379 2368 acci-

810 2421 907 2489 pit,
940 2420 1089 2472 novi:
1122 2435 1133 2469 :
1169 2414 1448 2482 phantasia
1482 2425 1632 2474 vero,
1665 2424 1786 2479 qua:
1816 2422 1996 2462 rerum
2032 2405 2216 2459 sensui
2253 2405 2379 2458 sub-

804 2514 1068 2580 jectarum
1103 2508 1305 2562 formas
1333 2522 1361 2557 a
1390 2520 1551 2557 sensu
1584 2500 1919 2571 aceepit,eas
1951 2499 2003 2551 in
2036 2512 2093 2549 se
2119 2496 2331 2565 reﬁngit
2360 2513 2374 2548 :

810 2604 949 2654 ttttdc
982 2609 1034 2654 et
1068 2601 1235 2666 ipsam
1276 2594 1547 2664 patibilem
1579 2602 1810 2645 mentem
1847 2587 2162 2642 Aristoteles
2194 2586 2380 2655 appel-

810 2691 959 2753 lavit,
1003 2697 1235 2741 ntentem
1281 2685 1520 2752 quidem,
1559 2689 1613 2734 ut
1642 2694 1759 2747 qua:
1792 2678 1937 2731 intus
1970 2676 2183 2736 habeat,
2239 2677 2381 2743 quod

810 2779 1111 2851 cognoscit,
1155 2787 1211 2831 et
1259 2773 1491 2844 simplici
1541 2770 1907 2843 aggressione,
1935 2777 1990 2822 ut
2044 2782 2215 2832 mens,
2267 2782 2379 2821 rem

813 2873 1110 2925 adoriatur.
1144 2866 1428 2921 Patibilem
1461 2878 1611 2929 vero,
1660 2863 1785 2931 quia
1819 2871 1940 2927 post
1967 2870 2243 2929 acceptam
2271 2858 2381 2912 for-

817 2979 977 3024 mam,
1035 2974 1207 3028 neque
1246 2958 1368 3011 sine
1414 2954 1615 3024 specie.
1669 2951 1959 3005 Phantasia
2006 2964 2164 3017 porro
2195 2960 2383 3001 vocata

810 3064 913 3116 est,
943 3051 1092 3119 quasi
1127 3044 1492 3116 phantastasia
1521 3041 1786 3111 quredam.
1818 3039 1890 3093 Ea
1913 3038 2056 3093 enim
2085 3046 2162 3091 est
2197 3038 2246 3089 in
2278 3050 2383 3105 qua

2481 583 2578 653 ξης
2606 582 2826 638 είδέναι.
2858 585 2923 637 At
2950 584 3047 652 μὲν
3070 578 3163 635 οὖν
3195 584 3302 637 τῶν
3319 584 3554 652 λογικῶν
3577 590 3875 653 γνωστικαὶ
3894 591 4029 646 δυνά
4053 622 4061 631 -

2484 694 2625 745 μεις,
2682 672 2866 730 αὗται.
2912 676 3219 746 Πρακτικαὶ
3251 676 3308 729 δέ
3335 678 3474 729 εἰσιν
3506 677 3760 748 βούλησις
3805 680 3901 733 καὶ
3927 699 4060 749 προ-

2480 769 2708 838 αίρεσις.
2740 768 2849 819 Καὶ
2878 769 2911 837 ἡ
2945 770 3039 837 μὲν
3064 765 3319 836 βούλησις
3358 768 3518 837 μόνον
3548 769 3665 821 ἐστὶ
3693 770 3789 823 τοῦ
3825 771 4056 839 ἀγαθοῦ,

2477 863 2510 930 ἡ
2539 862 2594 913 δὲ
2625 861 2945 929 προαίρεσις
2980 862 3449 931 ὲπαμφοτερίζεν
3479 862 3574 913 κα)⁸
3665 861 3763 930 μὲν
3799 862 4058 931 βούλησις

2481 954 2649 1022 αὐτῆς
2678 954 2799 1007 καθ’
2839 955 3040 1024 ἑαυτῆς
3075 957 3195 1008 ὲστι
3248 958 3346 1023 τῆς
3397 953 3625 1023 λογικῆς
3683 955 3885 1025 ψυχῆς,
3934 958 3967 1025 ἡ
4000 957 4058 1009 δὲ

2479 1046 2797 1116 προαίρεσις
2827 1048 2923 1114 τῆς
2983 1043 3484 1115 συμπεπλεγμένης
3517 1043 3617 1114 τὴν
3650 1046 3896 1113 ἀλογίαν.
3924 1046 4055 1100 Ὀτε

2480 1138 2579 1206 μὲν
2609 1139 2719 1209 γάρ
2750 1142 2894 1191 ἐστιν
2927 1138 3028 1202 ἔξω
3057 1139 3155 1207 τῆς
3182 1139 3449 1205 γενέσεως
3473 1141 3506 1209 ἠ
3545 1139 3711 1209 ψυχὴ,
3764 1140 3904 1193 κατὰ
3937 1139 4057 1207 βού-

2476 1230 2633 1298 λησιν
2662 1230 2833 1299 μόνην
2853 1233 3103 1300 ἐνεργεῖ·
3144 1234 3201 1284 ὲν
3234 1232 3382 1302 μόνῳ
3421 1234 3531 1302 γάρ
3560 1235 3677 1287 ἔστι
3715 1233 3795 1304 τῷ
3839 1231 4054 1301 ἀγαθῷ.

2482 1323 2652 1376 Ὅταν
2681 1322 2738 1375 δὲ
2766 1323 2992 1391 γένηται
3035 1324 3091 1375 ὲν
3127 1326 3194 1393 τῇ
3219 1325 3460 1388 γενέσει,
3496 1325 3684 1396 ἐπειδὴ
3718 1324 4059 1394 συμπλέκονο

2476 1431 2567 1468 ται
2594 1414 2731 1483 αὐτῇ
2767 1414 2823 1467 αἱ
2849 1412 3032 1481 ἄλογοι
3064 1416 3349 1484 δυνάμεις,
3398 1416 3469 1468 δι’
3512 1414 3576 1479 ἂς
3611 1418 3845 1487 ἐροῦμεν
3876 1417 4056 1474 αἰτίας

2477 1507 2595 1560 τότε
2629 1510 2693 1577 τῇ
2715 1507 2986 1575 ἐπιπλοκῇ
3015 1507 3113 1574 τῆς
3147 1507 3344 1572 ἀλόγου
3382 1509 3554 1578 ἰσχύει
3580 1511 3680 1579 τὴν
3711 1508 4054 1578 προαίρεσιν,

2478 1600 2612 1653 διότι
2644 1600 2775 1651 ποτε
2808 1600 2904 1667 μὲν
2955 1598 3062 1667 πρὸ
3096 1599 3193 1667 τῆς
3221 1600 3466 1668 ἀλογίας,
3522 1602 3653 1654 ποτε
3706 1600 3762 1652 δὲ
3810 1599 3915 1667 πρὸ
3963 1598 4058 1649 τοῦ

2475 1694 2639 1760 λόγου
2681 1693 2913 1759 γίνεται,
2943 1694 3041 1745 καὶ
3062 1693 3301 1763 αἱρεῖται
3334 1693 3391 1745 δὲ
3442 1695 3563 1746 τόδε
3615 1694 3721 1764 πρὸ
3744 1693 3915 1747 τοῦδε.
3950 1686 4056 1742 Αὗο

2482 1800 2572 1837 ται
2610 1784 2710 1853 μὲν
2745 1780 2839 1836 οὖν
2865 1785 2919 1835 αἱ
2955 1783 3173 1850 λογικαὶ
3202 1785 3299 1853 τῆς
3323 1783 3507 1854 ψυχῆς
3536 1785 3820 1855 δυνάμεις.

2551 1963 2673 2017 Τῶν
2704 1963 2759 2015 δὲ
2789 1963 3022 2029 ἀλόγων,
3073 1966 3127 2015 αἱ
3163 1965 3262 2033 μὲν
3290 1964 3395 2017 είσι
3434 1963 3738 2032 γνωστικαὶ
3772 1962 3893 2031 μὲν,
3929 1982 4055 2031 φαν-

2478 2054 2643 2106 τασία
2670 2053 2763 2106 καὶ
2791 2052 3045 2121 αἴσθησις
3067 2052 3425 2121 διαφέρουσαι
3465 2052 3732 2119 ἀλλήλων,
3762 2052 3843 2105 ὅτι
3889 2056 3920 2122 ἡ
3958 2055 4057 2120 μὲν

2479 2141 2735 2213 αἴσθησις
2767 2143 2904 2210 πρὸς
2940 2143 3001 2194 τὸ
3027 2142 3183 2204 ἐκτὸς
3211 2142 3556 2194 ἀποτείνεται
3581 2159 3593 2170 ·
3639 2144 3673 2209 ὴ
3703 2143 3757 2194 δὲ
3785 2144 4059 2208 φαντασία

2481 2234 2627 2287 ἔνδον
2658 2234 2772 2303 ἔχει
2794 2233 2891 2301 τὴν
2913 2234 3138 2298 γνῶσιν.
3170 2234 3279 2285 Καὶ
3306 2235 3336 2301 ἠ
3376 2232 3474 2300 μὲν
3506 2234 3757 2301 αἴσθησις
3788 2235 3847 2285 τὸ
3885 2235 4057 2304 παρὶν

2487 2328 2669 2396 μόνον,
2702 2328 2795 2377 καὶ
2826 2317 2885 2377 οὗ
2939 2325 3398 2393 ἀντιλαμϐάνεται
3434 2324 3656 2390 ἔξωθεν,
3694 2326 3853 2378 τοῦτο
3880 2322 4053 2378 οἶδεν·

2481 2420 2600 2487 ἠδὲ
2648 2418 2921 2484 φαντασία
2954 2418 3105 2487 παρὰ
3155 2418 3251 2484 τῆς
3307 2417 3609 2487 αἰσθήσεως
3651 2418 3891 2471 λαϐοῦσα
3950 2419 4059 2470 τῶν

2482 2507 2755 2569 αἰσθητῶν
2807 2508 2933 2569 τοὺς
2974 2508 3198 2569 τύπους,
3246 2511 3304 2559 ἐν
3334 2510 3499 2578 ἑαυτῇ
3533 2512 3757 2571 τούτους
3787 2510 4056 2564 ἀναπλατ-

2482 2619 2585 2659 τει.
2612 2600 2774 2653 Ὂθεν
2803 2602 2895 2653 καὶ
2928 2600 3231 2669 παθητικὸν
3260 2600 3430 2668 αὐτὴν
3458 2601 3581 2652 νοῦν
3622 2603 3779 2653 καλεῖ
3820 2604 4062 2671 Ἀριστο-

2484 2694 2643 2764 τέλης
2667 2710 2679 2723 ’
2714 2693 2838 2746 νοῦν
2881 2691 3001 2760 μὲν,
3028 2689 3101 2751 ὡς
3129 2689 3274 2742 ἔνδον
3318 2690 3548 2759 ἔχουσαν
3582 2692 3642 2744 τὸ
3669 2694 3933 2758 γνωστὸν.
3967 2695 4060 2744 καὶ

2484 2785 2629 2854 ἁπλῇ
2659 2783 2933 2854 προσϐολῇ
2966 2780 3156 2849 ὥσπερ
3209 2782 3439 2847 ἐκεῖνος,
3488 2781 3911 2835 ὲπιόᾶλλουςαν.
3954 2784 4061 2833 Ih-

2486 2874 2711 2945 θητικὸν
2735 2874 2791 2925 δὲ
2813 2873 2947 2925 διότι
2975 2872 3113 2940 μετά
3141 2872 3332 2934 τύπον,
3364 2873 3459 2924 καὶ
3487 2873 3588 2925 οὐκ
3607 2874 4060 2942 ἀσχηματίστως.

2499 2965 2733 3036 Ἐκλήθη
2792 2965 2847 3016 δὲ
2905 2964 3201 3033 φαντασία,
3250 2964 3415 3017 οἱονεὶ
3469 2968 3741 3032 φαντασία
3771 2985 3854 3028 τις
3892 2967 4061 3019 οὖσα*

2487 3060 2758 3129 φαντασία
2782 3059 2889 3126 γάρ
2917 3059 3065 3109 ἔστιν
3094 3060 3126 3127 ή
3152 3058 3259 3109 τῶν
3289 3056 3605 3126 φανθέντων
3632 3059 4065 3124 στάσι;.”1στησι

815 3154 963 3200 stant
991 3142 1224 3211 species,
1254 3139 1369 3193 sive
1402 3150 1520 3206 qua:
1550 3140 1912 3202 apparuerunt
1939 3147 1954 3196 ;
1989 3130 2131 3183 sistit
2157 3128 2299 3183 enim
2328 3128 2380 3180 in
2412 3169 2458 3228 ο
2487 3128 2564 3220 ᾖ

2328 3128 2380 3180 in
2412 3169 2458 3228 ο
2628 3152 2685 3202 έν
2732 3150 2872 3217 αὑτῇ
2905 3147 2971 3199 τὰ
3003 3147 3106 3210 ἔξω
3164 3148 3430 3215 φανέντα·
3481 3149 3718 3217 ἑκατέρα
3768 3150 3824 3200 δὲ
3859 3149 4060 3207 αὐτῶν,

816 3252 873 3288 se
910 3237 1045 3303 ipsa,
1080 3247 1195 3300 (ιιιίΒ
1233 3231 1573 3285 extrinsecus
1598 3226 1715 3279 visa
1751 3230 1896 3277 sunt.
1939 3220 2178 3288 Utraque
2202 3227 2382 3272 autem

821 3328 1062 3396 ipsarum
1097 3323 1163 3377 ad
1200 3335 1285 3376 res
1311 3317 1670 3389 particulares
1705 3312 2038 3368 extenditur.
2086 3310 2197 3364 Hoc
2241 3310 2384 3363 enim

816 3420 994 3473 album
1027 3425 1128 3478 est,
1176 3424 1229 3466 at
1280 3427 1385 3466 non
1419 3424 1578 3465 omne
1627 3409 1829 3461 album.
1885 3404 2145 3460 Diii‘erunt
2183 3414 2383 3466 autem,

815 3512 940 3581 quia
997 3524 1099 3563 una
1159 3506 1299 3576 quod
1360 3502 1698 3557 extrinsecus
1745 3508 1847 3563 est,
1892 3497 1999 3552 alia
2042 3496 2183 3566 quod
2216 3495 2384 3561 intus,

818 3604 965 3657 novit
1002 3620 1013 3654 :
1047 3608 1099 3654 et
1131 3596 1410 3669 phantasia
1442 3592 1660 3663 quidem
1693 3591 1933 3659 quinque
1982 3602 2238 3642 sensuum
2275 3601 2388 3655 spe-

817 3695 929 3750 cies
958 3692 1158 3761 recipit
1184 3707 1198 3744 :
1230 3699 1282 3742 at
1317 3685 1509 3755 singuli
1538 3697 1727 3738 sensus
1752 3682 2025 3751 proprium
2060 3680 2231 3733 solum
2257 3679 2388 3733 sub-

818 3788 1021 3854 jectum
1057 3792 1274 3838 norunt.
1311 3777 1694 3849 Appetentium
1718 3789 1846 3829 vero
1868 3784 1920 3828 et
1950 3772 2186 3826 vitalium
2214 3770 2386 3823 facul-

818 3890 1013 3945 tatum,
1036 3878 1138 3932 alia
1162 3885 1243 3929 est
1274 3875 1539 3935 irascens,
1573 3870 1680 3925 alia
1708 3868 2119 3936 concupiscens.
2142 3865 2239 3919 Hic
2263 3878 2390 3918 vero

819 3970 1097 4041 quasiet-it
1118 3968 1309 4036 aliquis
1335 3982 1434 4021 cur
1450 3965 1687 4020 diversas
1712 3961 1973 4016 faciamus
2004 3960 2389 4026 concupiscen-

821 4074 926 4117 tem
959 4074 1012 4115 et
1046 4060 1366 4114 irascentem
1418 4073 1431 4109 :
1473 4050 1737 4123 numquid
1793 4051 1939 4107 enim
1980 4050 2221 4105 irascens
2266 4064 2391 4104 eum

822 4154 1006 4209 ulcisci
1031 4152 1175 4221 cupit
1203 4151 1294 4219 qui
1316 4148 1461 4219 prior
1485 4145 1686 4201 [inserit
1711 4144 1734 4197 ?
1758 4158 1935 4199 nonne
1961 4151 2016 4197 et
2037 4142 2197 4207 ratio,
2232 4142 2393 4196 disci-

824 4244 995 4313 plinas
1054 4252 1107 4296 et
1162 4256 1341 4295 rerum
1404 4233 1916 4305 cantemplationem
1976 4232 2239 4301 expetit?
2298 4233 2393 4286 sed

824 4335 1122 4402 respondeo
1178 4347 1297 4385 esse
1363 4325 1856 4396 concupiscentiam
1933 4322 2111 4378 latiori
2160 4323 2391 4393 quodam

827 4427 984 4479 modo
1015 4430 1313 4491 acceptam,
1348 4420 1508 4473 aliam
1536 4415 1799 4473 strictiori
1840 4424 1894 4470 et
1938 4416 2109 4484 magis
2151 4414 2388 4483 proprio.

2488 3245 2620 3312 περὶ
2666 3241 2908 3310 μερικῶν
2951 3239 3320 3292 ἀποτείνεται.
3355 3240 3485 3291 Τόδε
3519 3240 3626 3309 γὰρ
3657 3240 3719 3291 τὸ
3765 3241 3955 3291 λευκὶν
4005 3241 4063 3289 οὐ

2492 3335 2599 3403 μὴν
2634 3335 2743 3385 πᾶν
2774 3331 2990 3383 λευκόν.
3032 3329 3360 3400 Διαφέρουςι
3393 3330 3470 3391 δὲ,
3504 3332 3586 3381 ὅτι
3639 3332 3670 3397 ἡ
3706 3332 3805 3397 μὲν
3835 3331 3893 3381 τὸ
3939 3329 4064 3394 ἔξω,

2490 3427 2523 3495 ὴ
2552 3425 2609 3476 δὲ
2645 3423 2704 3474 τὸ
2726 3423 2875 3484 ἐντὸς
2906 3419 3037 3475 οἶδε.
3084 3422 3196 3473 Καὶ
3238 3421 3271 3488 ἡ
3310 3419 3410 3489 μὲν
3447 3421 3737 3489 φαντασία,
3762 3421 3871 3472 τῶν
3898 3421 4063 3471 πέντε

2490 3516 2793 3584 αἰσθήσεων
2825 3514 3040 3581 δέχεται
3080 3514 3205 3574 τοὺς
3239 3511 3443 3572 τύπους
3477 3527 3491 3542 ·
3528 3512 3733 3580 ὲκάστη
3764 3511 3820 3563 δὲ
3849 3512 3956 3563 τῶν
3984 3513 4067 3561 αξ-

2492 3607 2753 3677 σθήσεων,
2790 3604 2949 3674 μόνον
2982 3603 3040 3655 τὸ
3074 3603 3205 3655 ἴδιον
3259 3602 3521 3671 αίοθητὺν
3558 3601 3837 3671 γινώσκει.
3862 3601 3983 3653 Τῶν
4009 3602 4065 3653 δὲ

2491 3696 2790 3767 όρεκτικῶν
2844 3696 2937 3748 καὶ
2970 3694 3239 3758 ζωτικῶν,
3271 3695 3304 3763 ἡ
3339 3694 3439 3761 μέν
3462 3694 3579 3745 ἐστι
3604 3692 3792 3761 θυμὸς,
3816 3693 3847 3760 ἡ
3875 3691 3929 3743 δὲ
3948 3694 4067 3742 ἐπι-

2491 3787 2680 3857 θυμία.
2715 3788 2976 3856 Ζητήσειε
3004 3785 3045 3836 δ’
3078 3786 3142 3839 ἄν
3170 3803 3274 3851 τις,
3300 3783 3418 3845 πῶς
3440 3783 3670 3851 λέγομεν
3702 3781 4068 3835 ἀντιδιαστέλ-

2492 3880 2679 3933 λεσθαι
2727 3878 2823 3947 τὴν
2872 3876 3171 3945 ἐπιθυμίαν
3201 3876 3295 3927 καὶ
3345 3874 3438 3925 τὸν
3477 3873 3683 3941 θυμόν·
3721 3872 3773 3924 τί
3808 3871 3917 3941 γάρ
3945 3871 4067 3938 οὐχὶ

2495 3972 2585 4025 καὶ
2613 3973 2640 4024 ὁ
2670 3969 2840 4039 θυμὸς
2871 3968 3133 4037 ἐπιθυμεῖ
3162 3965 3250 4020 τοῦ
3275 3966 3759 4035 ἀντιλυπῆσαιιτὸν
3787 3965 4068 4033 προλυπήο

2497 4081 2695 4129 σαντα;
2728 4064 2848 4131 οὐχὶ
2904 4063 2998 4114 καὶ
3045 4062 3072 4112 ὁ
3105 4060 3261 4124 λόγος
3289 4058 3552 4126 ἐπιθυμεῖ
3580 4056 3688 4109 τῶν
3728 4057 4068 4125 μαθημάτων

2498 4158 2593 4209 καλ⁸
2646 4155 2755 4207 τῶν
2802 4153 3209 4223 θεωρημάτων;
3254 4152 3395 4219 λέγω
3440 4150 3568 4217 γοῦν
3595 4149 3668 4212 ὡς
3696 4150 3852 4202 τοῦτο
3881 4148 4063 4208 λῦσαι,

2496 4250 2576 4301 ὅτι
2605 4247 2751 4299 ἐστὶν
2779 4248 2811 4314 ὴ
2850 4245 3116 4313 ἐπιθυμία
3165 4244 3258 4297 καὶ
3300 4244 3608 4311 κοινότερον
3633 4243 3924 4312 λεγομένη,
3974 4244 4068 4294 καὶ

2497 4336 2862 4405 είδιδαῦτερον.
2891 4336 3101 4404 Ὠσπερ
3126 4334 3219 4388 οὖν
3252 4338 3288 4405 ἠ
3325 4336 3563 4397 διάθεσις
3594 4334 3811 4401 λέγεται
3836 4333 3929 4386 καὶ
3955 4350 4070 4385 κοι-

2498 4427 2604 4488 νῶς
2625 4426 2843 4482 καὶειθπὶ
2870 4425 2969 4492 τῆς
3012 4425 3198 4488 ἕξεως,
3229 4425 3455 4489 ,λέγεται
3489 4424 3596 4474 καὶ·
3625 4423 3833 4484 ίδικῶε,
3859 4425 3890 4495 ἡ
3923 4424 4069 4478 ἀντιξ-

824 4513 1287 4583 Quemadmodum
1322 4510 1488 4579 igitur
1516 4507 1801 4578 dispositio
1835 4507 2196 4563 communiter
2228 4507 2390 4560 etiam
2426 4509 2468 4563 D
2492 4517 2573 4570 δια

2321 4521 2390 4558 tm
2426 4509 2468 4563 D
2492 4515 2910 4584 διαστελλομὲνη
2943 4514 3079 4583 πρὸς
3111 4514 3207 4581 τὴν
3240 4511 3371 4576 ἕξιν.
3404 4513 3559 4565 Οὕτω
3584 4514 3677 4563 καὶ
3806 4516 4070 4583 ἐπιθυμία,

827 4610 891 4661 de
924 4606 1107 4660 habitu
1137 4604 1352 4669 dicitur,
1379 4601 1595 4670 proprie
1618 4613 1745 4653 vero
1759 4614 1877 4668 qua:
1899 4598 2173 4666 ab,habitu
2207 4607 2394 4653 contra

826 4699 1182 4769 distinguitur
1221 4713 1234 4750 :
1274 4695 1527 4750 similiter
1568 4691 2009 4761 concupiscentia
2039 4690 2399 4744 communiter

827 4793 1026 4849 dicitur
1062 4793 1128 4846 de
1178 4788 1429 4844 omnibus
1482 4788 1674 4840 animae
1715 4784 2094 4854 potestatibus.
2158 4783 2399 4838 strictius

827 4900 954 4940 vero
985 4894 1040 4938 et
1087 4897 1352 4954 pressrus,
1390 4894 1478 4945 ea,
1507 4893 1627 4948 quae
1662 4876 1922 4932 irascenti
1959 4879 2269 4946 apponitur.
2305 4872 2398 4927 ila:

830 4979 1013 5048 itaque
1046 4985 1170 5030 sunt
1201 4976 1393 5029 animae
1434 4982 1729 5042 potestates
1761 4980 1879 5037 tum~
1909 4971 2112 5023 ratione
2141 4968 2396 5036 przeditae,

830 5077 943 5124 tum
977 5066 1391 5121 irrationabiles.
1423 5063 1624 5118 Praeter
1649 5064 1747 5117 has
1765 5072 1940 5116 autem
1968 5061 2085 5116 alite
2117 5072 2399 5130 sunt,quaz

829 5170 1142 5231 vegetantes
1194 5158 1464 5221 dicuntur,
1516 5165 1662 5221 tres;
1699 5154 1881 5217 altrix,
1916 5155 2155 5224 inquam,
2189 5154 2400 5207 auctrix

832 5260 886 5308 et
915 5252 1169 5322 genitrix.
1199 5248 1527 5321 Vegetantes
1558 5257 1842 5309 vocantur,
1877 5249 2002 5316 quia
2054 5248 2132 5300 ha:
2167 5247 2296 5299 solae
2346 5247 2398 5300 in

833 5341 1032 5412 plantis
1076 5342 1504 5409 conspiciuntur.
1559 5339 1817 5393 Homines
1879 5340 2040 5408 igitur
2088 5354 2296 5399 smnus,
2347 5346 2401 5390 et

834 5433 1110 5497 animalia,
1158 5445 1212 5487 et
1258 5434 1471 5502 plantae.
1509 5431 1621 5497 Qua
1654 5430 1919 5493 homines,
1964 5431 2209 5495 rationis,
2264 5444 2401 5498 quas

834 5537 1053 5588 vocant,
1089 5526 1447 5596 potestatibus
1483 5523 1695 5594 praediti
1737 5537 1967 5587 sumus;
2018 5522 2082 5576 iis
2119 5536 2249 5577 vero
2282 5536 2401 5589 qnte

836 5615 1046 5669 ratione
1081 5622 1285 5676 carent,
1324 5628 1426 5683 qua
1457 5599 1710 5666 animalia
1747 5626 1951 5666 sumus.
1988 5597 2261 5680 Qua,vero
2288 5612 2403 5663 ani-

838 5717 922 5755 ma
951 5703 1177 5771 praediti,
1209 5703 1578 5771 vegetantibus
1605 5718 1617 5753 :
1647 5701 1824 5755 anima
1852 5700 1994 5754 enim
2028 5700 2107 5755 vel
2135 5701 2241 5754 vita
2270 5716 2403 5769 pra:-

837 5793 972 5848 dltas
1006 5797 1165 5850 etiam
1206 5795 1413 5866 plantas
1467 5794 1716 5850 dicimus.
1772 5793 1901 5848 Nam
1946 5793 2122 5848 anima
2154 5808 2247 5848 seu
2293 5794 2397 5847 vita

2500 4607 2715 4675 λέγεται
2755 4605 2853 4675 μὲν
2894 4606 2986 4657 καὶ
3024 4603 3218 4665 κοινῶς
3248 4604 3341 4654 ἐπὶ
3399 4604 3589 4658 πασῶν
3639 4608 3745 4659 τῶν
3788 4608 4070 4676 δυνάμεων

2500 4700 2598 4767 τῆς
2624 4696 2830 4765 ψυχῆς
2864 4694 3082 4762 λέγεται
3136 4693 3193 4749 δὲ
3224 4698 3319 4749 καὶ
3366 4696 3707 4765 ἰδικώτερον,
3762 4698 3795 4766 ὴ
3829 4696 4067 4749 ἀντιδια-

2504 4787 2835 4861 στελλομὲνη
2888 4789 3021 4859 πρὸ..
3052 4790 3143 4842 τὸν
3195 4788 3388 4856 θυμόν.
3416 4781 3587 4840 Λῦται
3625 4788 3725 4856 μὲν
3753 4782 3844 4839 οὖν
3870 4789 3924 4838 αί
3972 4788 4069 4855 τῆς

2500 4882 2701 4955 tiamne,
2715 4883 2924 4950 λογικαί
2955 4899 3011 4934 τε
3044 4884 3137 4933 καὶ
3166 4880 3348 4946 ἄλογοι
3379 4881 3656 4947 δυνάμεις.
3689 4879 3843 4948 Παρά
3870 4879 3926 4931 δὲ
3948 4878 4070 4930 ταύ-

2500 4975 2763 5040 “vagit-zicus;
2819 4974 2875 5025 αἱ
2909 4973 3135 5039 φυτικαὶ
3192 4971 3530 5039 καλούμεναι
3564 4973 3751 5039 τρεῖς,
3802 4970 4070 5039 θρεπτικὴ

2502 5064 2674 5133 φημὶ,
2711 5061 2812 5120 καὶ
2832 5060 3123 5130 αὐξητικὴ,
3140 5062 3235 5113 καὶ
3260 5062 3574 5130 γεννητική.
3595 5062 3820 5113 Φυτικαὶ
3846 5060 4069 5112 καλοῦνο

2500 5151 2743 5212 ταιδιότι
2768 5145 2931 5208 αὗται
2957 5152 3117 5220 μόναι
3138 5152 3195 5202 ὲν
3225 5153 3336 5214 τοῖς
3362 5153 3547 5218 φυτοῖς
3573 5150 3826 5218 ὁρῶνται.
3869 5149 4068 5218 Ἐσμὲν

2501 5242 2593 5297 οὖν
2617 5244 2711 5297 καὶ
2748 5242 3048 5314 ἄνθρωποι,
3105 5242 3199 5295 καὶ
3228 5242 3363 5307 ζῶα,
3418 5243 3513 5295 καὶ
3551 5242 3789 5313 ἔμψυχα.
3839 5244 3950 5295 Καὶ
3994 5242 4071 5303 ὡς

2506 5335 2604 5405 μὲν
2634 5336 2912 5406 ἄνθρωποι
2943 5335 3041 5398 τὰς
3068 5336 3367 5407 είρημένας
3407 5334 3632 5401 λογικάς
3678 5336 3877 5404 ἔχομεν
3914 5335 4073 5387 δυνά-

2506 5445 2627 5497 μεις
2652 5443 2665 5457 ·
2699 5428 2774 5491 ὠς
2805 5427 2861 5480 δὲ
2900 5426 3033 5492 ζῶα,
3066 5428 3166 5489 τάς
3200 5426 3444 5494 ἀλόγους.
3489 5426 3574 5490 Ὠς
3604 5428 3659 5480 δὲ
3682 5428 3921 5496 ἔμψυχα.
3973 5427 4076 5487 τὰς

2505 5519 2733 5586 φυτικάς
2756 5536 2769 5549 ·
2801 5518 3018 5589 ἔμψυχα
3059 5519 3167 5587 γὰρ
3190 5517 3421 5587 λέγομεν
3456 5521 3550 5570 καὶ
3579 5520 3646 5570 τὰ
3681 5520 3901 5586 φυτικά.
3944 5516 4074 5584 Ἐμ-

2504 5609 2690 5677 ψύχων
2721 5608 2830 5678 γὰρ
2876 5609 2933 5660 τὸ
2958 5608 3274 5679 τρέφεσθαι,
3310 5611 3402 5661 καὶ
3451 5607 3708 5671 αὖξεσθαι
3756 5612 3847 5659 καὶ
3881 5609 4074 5675 γεννᾷ-ι

2506 5701 2668 5768 ὅμοια
2698 5701 2931 5762 ἑαυτοῖς.
2980 5701 3209 5766 Λέγεται
3236 5700 3292 5753 δὲ
3341 5700 3433 5752 καὶ
3465 5702 3605 5754 αὐτὰ
3639 5702 3736 5769 ζῇν
3764 5701 3859 5752 καὶ
3884 5701 4077 5751 τεθνᾶ-

2507 5808 2613 5844 ναι.
2669 5791 2729 5843 Ἦ
2765 5793 2820 5844 δὲ
2852 5791 2964 5863 ζωὴ
3005 5794 3135 5845 καὶὸ
3166 5793 3412 5857 θάνατος,
3460 5794 3743 5863 ,παρουαία
3781 5795 3867 5847 καὶ
3905 5793 4077 5844 ἀπου-
