4430 6448
422 379 564 445 1037

1835 397 1931 457 DE
1966 398 2233 458 ANIMA.

3538 412 3686 475 1638

416 504 505 554 σία
525 501 851 574 γίνεταιτῆς
874 502 1225 574 ψυχῆς.“οσα
1252 505 1351 577 μὲν
1370 500 1461 562 οὖν
1481 508 1662 579 ἔχουσι
1689 510 1789 575 τὰς
1814 514 1997 584 κρείτ·
2024 522 2073 582 Α
2100 531 2163 584 pr

1935 515 1997 567 ῖτ-
2024 522 2073 582 Α
2100 515 2452 584 praeditorum
2498 525 2579 572 est
2638 517 2732 583 ali,
2791 521 3000 589 augeri,
3033 536 3295 593 generare
3339 528 3421 582 sui
3461 529 3684 589 similia.

412 609 540 657 τους
569 593 734 660 ζωὰς,
766 595 826 660 ἐξ
856 597 1103 667 ἀνάγκης
1133 598 1227 651 καὶ
1258 598 1355 663 τὰς
1387 602 1819 675 καταδεεστέρας
1844 605 1997 675 ἔχου-

414 701 536 739 σιν⁸
572 687 756 742 οὐκέτι
792 689 850 741 δὲ
895 690 988 752 καὶ
1029 691 1298 745 ἀνάπαλιν
1322 709 1335 722 ·
1366 695 1427 746 ού
1480 696 1589 767 γὰρ
1638 696 1865 753 δυνατὸν
1898 700 1996 762 τὰς

414 776 635 844 λογικὰς
667 778 814 849 ἔχειν
842 780 1124 851 δυνάμεις,
1166 784 1242 853 μὴ
1271 784 1537 856 πρότερον
1564 788 1868 858 ἐσχηκότας
1897 791 1997 854 τὰς

416 873 847 942 καταδεεστέρας
870 891 882 903 ·
911 876 1107 944 ἀμέλει
1133 876 1225 929 καὶ
1258 878 1367 931 τῶν
1396 880 1703 951 αἰσθήσεων
1743 884 1845 936 οὐκ
1878 882 1996 936 ἔστι

372 965 709 1033 ’μετασχεῖν
763 965 862 1034 τῆς
910 965 1240 1036 κρείττονος,
1297 970 1389 1023 τὸν
1432 972 1509 1043 μὴ
1568 974 1867 1045 μετέχοντα
1895 976 1996 1042 τῆς

414 1053 676 1124 χείρονος.
714 1057 855 1111 Ὅσα
884 1059 1014 1127 γοῦν
1042 1060 1261 1131 μετέχει
1287 1047 1487 1131 ὅψεως,
1513 1064 1687 1120 ταῦτα
1710 1069 1805 1121 καὶ
1824 1068 1996 1137 ἀκοῆς

414 1148 510 1199 καὶ
540 1147 647 1199 τῶν
678 1147 882 1202 λοιπῶν
905 1167 918 1181 ·
954 1153 1049 1205 καὶ
1092 1153 1194 1205 ὃσα
1224 1154 1419 1223 ἀκοῆς,
1457 1156 1629 1211 ταῦτα
1658 1161 1756 1212 καὶ
1789 1159 1995 1231 ὀσφρή-

415 1254 553 1300 σεως
577 1240 672 1292 καὶ
704 1242 949 1308 γεύσεως
977 1242 1070 1296 καὶ
1099 1243 1271 1315 ἁφῆς,
1302 1247 1403 1316 οὐχ
1436 1247 1537 1300 ὅσα
1568 1247 1623 1302 δὲ
1648 1250 1992 1321 ὀσφρήσεως,

413 1332 505 1382 καὶ
540 1331 808 1399 γεύσεως,
839 1334 938 1388 καὶ
986 1336 1153 1408 ἁφῆς,
1192 1340 1412 1402 πάντως
1444 1340 1539 1394 καὶ
1571 1339 1771 1411 ὅψεως,
1804 1344 1994 1415 ῶσπερ

409 1424 743 1490 ὁάσπάλαξ·
783 1427 896 1482 οὐδ’
926 1429 1026 1483 ὅσα
1081 1430 1248 1499 ἁφῆς,
1282 1432 1456 1486 ταῦτα
1487 1435 1580 1487 καὶ
1630 1434 1742 1488 τῶν
1792 1435 1992 1501 ἄλλων,

409 1509 522 1568 οἷον
551 1518 600 1569 oi
635 1519 888 1589 σπόγγοι,
926 1521 1072 1592 ἁφῆς
1104 1523 1206 1593 μὲν
1259 1525 1599 1595 μετέχουσιν,
1634 1527 1893 1598 οὐδεμιᾶς
1936 1529 1994 1582 δὲ

413 1606 519 1658 τῶν
555 1609 895 1679 αἰσθήσεων·
939 1613 1115 1678 ἄλλως
1168 1632 1225 1668 τε
1272 1617 1375 1669 οὐκ
1406 1617 1521 1670 ἐστι
1575 1622 1866 1691 μετασχεῖν
1893 1619 1995 1690 τῆς

413 1701 744 1771 κρείττονος,
770 1705 859 1757 τὸν
889 1706 963 1776 μὴ
989 1706 1089 1776 τῆς
1118 1708 1407 1774 ἐλάττονος
1440 1712 1802 1782 μετασχόντα.
1822 1712 1994 1767 Τοῦτο

409 1791 488 1851 δὲ,
518 1795 613 1863 οὐχ
645 1797 726 1849 ὅτι
766 1797 977 1852 δέονται
1006 1799 1115 1852 τῶν
1156 1803 1415 1872 χειρόνων
1445 1805 1499 1857 αί
1530 1805 1861 1875 κρείττονες,
1905 1806 1993 1861 ἵνα

2104 608 2238 675 Ipsa:
2272 621 2489 676 quoque
2523 609 2780 666 dicuntur
2811 612 2994 668 vivere
3020 623 3075 669 et
3110 618 3264 671 mori.
3315 616 3438 673 Vita
3468 635 3599 675 vero
3632 634 3689 678 et

2105 712 2271 759 mors,
2302 698 2499 754 animae
2515 702 2802 767 praesentia
2832 714 2887 759 et
2916 704 3160 760 absentia
3191 719 3292 763 est.
3334 710 3685 784 Quaecunque

2102 789 2267 854 igitur
2304 790 2558 845 meliores
2595 793 2728 848 vitas
2758 794 2979 858 habent,
3019 797 3320 856 deteriores
3346 818 3561 874 quoque
3586 808 3685 861 lia-

2099 878 2233 935 bere
2273 894 2499 936 necesse
2538 889 2624 937 est
2658 900 2671 936 :
2718 895 2775 939 at
2824 900 2930 941 non
2963 901 3151 943 contra
3185 908 3201 945 :
3251 892 3369 948 fieri
3394 897 3544 952 enim
3579 914 3682 953 non

2102 978 2297 1039 potest,
2336 979 2393 1023 ut
2449 970 2680 1026 rationis
2718 984 3015 1042 potestates
3062 979 3315 1047 habeant,
3363 999 3484 1053 quae
3534 989 3687 1054 prius

2099 1060 2399 1118 deteriores
2436 1077 2541 1117 non
2571 1063 2873 1122 habuerunt
2902 1086 2915 1123 :
2948 1072 3199 1127 nimirum
3234 1078 3290 1130 et
3325 1076 3378 1130 in
3402 1078 3681 1145 sensibus,

2101 1165 2263 1208 nemo
2296 1154 2538 1210 melioris
2563 1164 2649 1210 est
2679 1158 2971 1228 particeps,
3006 1162 3098 1232 qui
3130 1163 3329 1234 pejoris
3358 1182 3469 1223 non
3494 1167 3679 1230 fuerit.

2099 1242 2445 1315 Qumcunque
2471 1247 2636 1317 igitur
2660 1248 2837 1304 visum
2873 1251 3092 1321 habent,
3120 1257 3233 1313 haec
3268 1266 3320 1313 et
3359 1261 3600 1317 auditum
3628 1277 3685 1318 et

2102 1336 2339 1407 reliquos
2367 1352 2563 1397 sensus
2593 1357 2608 1395 :
2646 1345 2987 1414 quaecunque
3012 1348 3280 1415 auditum.
3315 1357 3507 1409 eadem
3548 1358 3680 1413 οιΙοο

2100 1438 2299 1495 ratum,
2335 1441 2575 1497 gustum,
2626 1442 2685 1489 et
2734 1446 2982 1492 tactum:
3034 1455 3155 1511 qua:
3194 1457 3323 1499 vero
3366 1450 3677 1511 odoratum.

2099 1530 2315 1591 gustum
2347 1533 2403 1579 et
2439 1534 2664 1594 tactum,
2698 1544 2803 1583 non
2828 1545 3048 1601 semper
3077 1536 3277 1603 visum,
3323 1545 3680 1609 quemadmo-

2098 1613 2225 1668 dum
2275 1616 2458 1685 talpa:
2523 1632 2621 1672 nec
2660 1634 2999 1692 quaecunque
3038 1634 3263 1690 tactum.
3310 1633 3495 1689 eadem
3544 1638 3682 1693 alios

2099 1719 2316 1770 sensus,
2364 1717 2421 1760 ιιι
2470 1709 2732 1779 spongiae,
2778 1726 2898 1780 quae
2946 1722 3148 1769 tactum
3191 1718 3407 1786 quidem
3455 1723 3675 1791 habent,

2101 1798 2340 1867 reliquos
2392 1814 2585 1855 sensus
2636 1802 2783 1856 nullo
2832 1805 3011 1862 modo.
3053 1805 3241 1878 Neque
3281 1827 3411 1867 vero
3438 1816 3679 1871 melioris

409 1887 739 1953 ὑποστῶσιν,
792 1891 929 1945 ἀλλά
974 1895 1310 1962 τούναντίον,
1347 1897 1409 1950 τὸ
1460 1898 1621 1969 σῶμα
1666 1902 1729 1954 οὐ
1763 1902 1989 1956 δύναται
2025 1883 2065 1937 Β
2094 1900 2288 1942 εθηευί
2327 1890 2602 1962 Partim?s
2656 1904 2781 1972 9553
2849 1904 3049 1965 Ροίθείν
3110 1902 3201 1968 (ἰαί
3232 1903 3521 1960 άθῑθτίοτίε
3569 1922 3675 1963 Ποη

410 1984 705 2050 μετασχεῖν
731 1983 839 2037 τῶν
871 1989 1217 2055 κρειττόνων,
1258 1990 1333 2061 μὴ
1371 1991 1637 2063 πρότερον
1680 1996 1988 2050 καταλαὸὸν

407 2072 516 2123 τῶν
550 2076 1009 2149 μεταδεεστέρων.
1065 2081 1186 2135 Ὅτι
1235 2084 1424 2156 ἐπειδὴ
1481 2086 1650 2156 μηδὲν
1697 2088 1803 2142 τῶν
1830 2090 1989 2144 εἰδῶν

408 2164 515 2216 εδει
550 2166 891 2236 φθείρεσθαι,
922 2170 1009 2224 ἵνα
1042 2174 1115 2244 μὴ
1152 2176 1341 2239 ἀτελὲς
1370 2172 1403 2249 ᾖ
1435 2178 1495 2230 τὸ
1534 2179 1679 2233 πᾶν·
1716 2180 1987 2253 πλήρωμα

405 2252 515 2321 γάρ
545 2256 660 2307 ἐστι
715 2257 822 2310 τῶν
848 2260 1006 2313 εἰδῶν
1062 2264 1089 2315 ὀ
1137 2264 1365 2335 κόσμος.
1407 2268 1694 2324 Ἀδύνατον
1739 2271 1796 2325 δὲ
1822 2269 1892 2345 ἦν
1916 2252 1988 2327 τὰ

406 2343 546 2395 αὑτά
578 2346 761 2413 μένειν
799 2347 891 2402 τὸν
930 2351 1167 2421 ἀριθμὸν
1198 2356 1405 2425 γενητά
1437 2375 1496 2411 τε
1527 2359 1661 2415 ὄντα
1690 2364 1784 2415 καὶ
1812 2343 1986 2434 φθαρ-

404 2434 494 2497 τὰ,
526 2439 743 2507 μετέχει
776 2444 869 2493 καὶ
911 2444 1086 2497 ταῦτα
1117 2446 1219 2514 τῆς
1259 2448 1584 2520 ἀῖδιότητος,
1610 2454 1686 2518 ὡς
1712 2455 1946 2524 ἠδύνατο
1968 2472 1980 2485 '

402 2528 655 2583 διότικαὶ
694 2533 872 2587 πάντα
907 2538 1119 2605 ἐφίεται
1148 2540 1249 2608 τῆς
1286 2543 1377 2594 τοῦ
1400 2544 1623 2615 πρώτου
1655 2547 1981 2620 ἀῖδιότητος,

404 2617 480 2679 ὡς
502 2612 716 2685 ὀἰκείας
743 2627 939 2695 ἀρχῆς,
959 2628 1053 2680 καὶ
1088 2633 1307 2700 μετέχει
1337 2633 1541 2703 ταύτης
1564 2634 1815 2704 ἕκαστον,
1844 2640 1982 2693 κατά

406 2712 474 2764 τὰ
505 2716 697 2767 ἑαυτοῦ
732 2718 927 2787 μέτρα.
970 2722 1081 2774 Καὶ
1116 2722 1275 2776 τοῦτό
1317 2726 1434 2777 ἐστι
1469 2727 1531 2779 τὸ
1564 2730 1981 2799 σκοπιμώτατον

407 2805 569 2874 ἔργον
620 2812 716 2875 τῆς
751 2810 985 2876 φύσεως,
1040 2814 1099 2866 τὸ
1132 2814 1241 2866 τῶν
1273 2818 1517 2885 φυτικῶν
1549 2819 1803 2886 ἕκαστον,
1860 2840 1980 2891 γεν-

408 2898 565 2966 νῆσαι
596 2899 744 2967 ἄλλο,
780 2896 891 2954 οἷόν
922 2906 1069 2957 ἐστιν
1090 2907 1243 2961 αὐτό.
1270 2909 1381 2961 Καὶ
1398 2910 1587 2980 ἐπειδὴ
1605 2911 1840 2981 δεόμεθα
1862 2932 1983 2983 γεν-

405 2989 635 3057 νήσεως,
668 2993 701 3062 η
748 2992 802 3045 δὲ
843 2996 1136 3065 γεννητικὴ
1172 2997 1403 3069 δύναμις
1437 3002 1494 3053 ἐν
1518 3002 1811 3073 ὡρισμένῳ
1838 3007 1981 3073 γίνε-

404 3097 494 3133 ται
529 3082 771 3149 μεγέθει,
801 3085 890 3136 διὰ
916 3084 1072 3138 τοῦτο
1099 3086 1333 3157 δεόμεθα
1363 3091 1461 3159 τῆς
1480 3092 1783 3161 αὐξήσεως.
1802 3095 1982 3147 Ἐπει-

403 3174 469 3242 δὴ
519 3175 573 3227 ἱὲ
624 3177 656 3246 ἡ
715 3176 945 3247 αΰξησις
1001 3178 1091 3232 διὰ
1155 3183 1360 3251 τροφῆς
1426 3186 1809 3256 παραγίνεται,
1879 3188 1979 3259 τῆς

405 3268 705 3337 θρεπτικῆς
764 3272 927 3323 πάλιν
984 3272 1220 3341 δεόμεθα
1279 3275 1604 3346 δυνάμεωςσ
1670 3282 1770 3333 Διά
1821 3281 1981 3334 τοῦτο

404 3355 583 3409 τοίνυν
612 3360 915 3429 μετέχομεν
950 3361 1059 3414 τῶν
1092 3365 1336 3431 φυτικῶν
1370 3367 1657 3437 δυνάμεων
1686 3371 1782 3422 καὶ
1817 3372 1979 3441 ἡμεῖς

406 3451 500 3502 καὶ
533 3451 601 3503 τὰ
631 3452 802 3519 ἄλογα
841 3453 979 3517 ζῶα,
1014 3455 1178 3522 ὥστε,
1212 3458 1302 3509 ὅτε
1341 3459 1438 3527 μὲν
1475 3462 1810 3531 ὲνεργοῦμεν
1838 3466 1982 3519 κατά

402 3546 607 3610 ταύτας
658 3548 757 3612 τὰς
782 3548 1067 3620 δυνάμεις,
1116 3553 1191 3615 ὼς
1223 3555 1366 3621 φυτά
1401 3556 1768 3628 ἐνεργούμενο
1808 3560 1897 3614 ὅτε
1923 3561 1980 3614 δὲ

403 3640 547 3693 κατὰ
595 3641 768 3709 θυμὸν
814 3646 909 3696 καὶ
950 3645 1271 3716 ἐπιθυμίαν,
1311 3648 1386 3711 ὡς
1419 3651 1487 3702 τὰ
1525 3652 1699 3719 ἄλογα
1729 3652 1878 3717 ζῶα’
1905 3654 1982 3718 ὼς

402 3733 682 3803 ἄνθρωποι
728 3734 786 3787 δὲ
822 3735 983 3805 μόνον
1030 3738 1367 3808 ὲνεργοῦμεν
1422 3743 1568 3806 τότε,
1603 3745 1691 3798 ὅτε
1730 3744 1810 3816 τῷ
1836 3746 1982 3816 λόγῳ

402 3828 745 3897 κεχρήμεθα.
775 3829 866 3881 Διὸ
891 3831 985 3882 καὶ
1012 3831 1245 3894 ἀστείως
1280 3834 1397 3887 λίαν
1441 3835 1469 3887 ὁ
1506 3836 1772 3900 Πλωτῖνος
1802 3834 1977 3903 εἴπεν,

398 3918 473 3981 ὡς
499 3919 614 3971 ὅσοι
637 3921 901 3988 ἑμμανῶς
929 3924 1072 3976 κατὰ
1088 3923 1186 3987 τάς
1213 3924 1517 3994 θρεπτικάς
1548 3928 1805 3999 δυνάμεις
1831 3932 1982 4001 ἐνερ-

400 4010 610 4077 γοῦσιν,
648 4006 795 4066 οὗτοι
827 4014 1231 4069 κινδυνεύουσιν
1256 4019 1753 4089 ἀποδενδρωθῆναι.

475 4280 599 4333 Ὅτι
629 4281 880 4353 διαφέρει
908 4283 1016 4336 τῶν
1065 4284 1309 4353 φυτικῶν
1340 4284 1644 4355 δυνάμεων,
1690 4286 1836 4339 τοῦτ’
1865 4288 1980 4341 ἔστι

402 4374 501 4443 τῆς
532 4372 856 4442 γεννητικῆς
894 4391 953 4427 τε
982 4377 1075 4427 καὶ
1110 4374 1415 4445 θρεπτικῆς
1455 4379 1487 4446 ὴ
1529 4379 1818 4448 ἐπιθυμία.
1872 4381 1981 4433 Καὶ

401 4466 509 4535 γὰρ
539 4465 756 4535 ὁρῶμεν
788 4466 982 4535 αὐτὴν,
1016 4468 1139 4529 ταῖς
1169 4467 1291 4519 δυσὶ
1336 4468 1566 4531 ταύταις
1588 4472 1980 4527 ἐπικοινωνοῦ-

404 4576 503 4612 σαν
526 4577 537 4589 '
575 4561 705 4630 περί
732 4576 790 4612 τε
821 4560 929 4631 γὰρ
973 4563 1179 4632 τροφὰς
1212 4563 1444 4632 ἐνεργεῖ,
1479 4563 1573 4616 καὶ
1606 4564 1703 4628 τὰς
1732 4583 1977 4637 γεννητι-
2009 4588 2053 4641 ι)
2086 4557 2138 4608 in

1438 4603 1444 4623 ,
1479 4563 1573 4616 καὶ
1606 4564 1703 4628 τὰς
1732 4583 1977 4637 γεννητι-
2009 4588 2053 4641 D
2086 4557 2138 4608 in
2176 4556 2473 4622 alimentis,
2504 4568 2557 4612 et
2593 4562 2890 4628 generandi
2920 4564 3122 4621 virtute
3174 4584 3187 4620 :

402 4654 503 4715 xi;
532 4653 821 4723 δυνάμειςο
879 4654 1015 4725 πλὴν
1039 4655 1309 4724 διαφέρει,
1355 4657 1437 4707 ὅτι
1478 4659 1511 4726 ἡ
1554 4657 1653 4727 μὲν
1707 4659 1975 4730 ἐπιθυμία

405 4744 542 4811 μετά
583 4744 887 4815 αἰσθήσεως
935 4747 1184 4815 ἐνεργεῖ·
1218 4748 1274 4799 αί
1325 4746 1381 4799 δὲ
1413 4749 1643 4815 φυτικαὶ
1692 4749 1973 4818 δυνάμεις,

400 4837 529 4890 ἄνευ
560 4837 899 4905 αἰσθήσεωςο
936 4838 1019 4892 διὸ
1053 4838 1143 4890 καὶ
1176 4840 1243 4892 τὰ
1274 4840 1466 4906 ἄλογα,
1496 4840 1565 4892 τὰ
1596 4840 1764 4911 θήλεα
1802 4844 1977 4912 ἑωρα-

402 4930 551 4991 κότα,
586 4931 816 4982 κινεῖται
852 4928 984 4999 προς
1011 4928 1211 4999 ὄρεξιν,
1250 4929 1324 4991 ὥς
1345 4947 1401 4981 τε
1447 4931 1582 5000 μετὰ
1619 4930 1873 5000 γνώσεώς
1898 4949 1978 4986 τι-

402 5038 490 5082 νος
521 5023 553 5089 ἡ
587 5020 872 5090 ἐπιθυμία,
904 5020 1019 5073 ἀλλ’
1053 5021 1175 5090 οὐχὶ
1211 5025 1303 5074 καὶ
1335 5024 1392 5075 αἱ
1426 5023 1653 5089 φυτικαὶ
1677 5023 1975 5093 ἐνέργειαι.

400 5112 586 5175 Οὕτως
611 5114 807 5182 ἀμέλει
834 5115 930 5167 καί
964 5114 1319 5178 καθεύδοντες
1355 5116 1616 5180 πολλάκις
1648 5117 1977 5188 ὲκκρίνομεν

397 5208 459 5262 τὸ
487 5210 730 5279 σπέρμα,
770 5210 1042 5278 μηδεμιᾶς
1082 5208 1390 5281 αἰσθήσεως
1433 5211 1467 5282 ἢ
1515 5212 1821 5281 φαντασίας
1846 5231 1978 5285 προ-

399 5302 755 5371 ηγησαμένης
777 5318 789 5331 ·
834 5301 993 5369 δῆλον
1013 5302 1094 5355 ὅτι
1120 5303 1263 5356 κατά
1310 5302 1407 5365 τὰς
1439 5304 1670 5373 φυτικάς
1714 5303 1978 5374 δυνάμεις

401 5396 811 5463 ἑνεργήσαντες.
847 5396 1020 5449 Ὠσπε
1028 5414 1059 5467 ρ
1082 5392 1175 5450 οὖν
1197 5397 1327 5451 ὅταν
1351 5397 1546 5465 ὁλόγος
1575 5398 1976 5469 ἀνδραποδισθῇ

402 5489 506 5541 ὑπδ
530 5491 625 5558 τῆς
657 5490 899 5557 ἀλογίας,
924 5491 1019 5542 καὶ
1052 5491 1214 5554 αὐτὸς
1237 5493 1419 5546 πᾶσαν
1450 5494 1592 5544 κινεῖ
1620 5492 1871 5564 μηχανὴν
1897 5493 1977 5555 είς

400 5581 754 5650 ἐκπλήρωσιν
792 5584 1004 5653 τρυφῆς
1060 5584 1156 5637 καὶ
1187 5584 1516 5655 ἀφροδισίων
1538 5624 1552 5648 ,
1606 5586 1703 5638 καὶ
1736 5585 1795 5638 οὐ
1826 5585 1978 5655 παρά

401 5672 559 5725 τοζτὸ
612 5691 794 5743 φαμεν
820 5677 1017 5728 ταυτὸν
1037 5672 1177 5729 εἶναι
1234 5677 1327 5729 τὸν
1380 5676 1537 5745 λόγον
1573 5678 1693 5739 ταῖς
1725 5680 1979 5743 φυτικαῖς

405 5764 719 5834 δυνάμεσιν.
753 5765 910 5820 Οὕτω
931 5769 1107 5837 φαμὲν
1134 5770 1224 5820 καὶ
1249 5769 1341 5820 ἐπὶ
1360 5769 1454 5838 τῆς
1482 5767 1799 5838 ἐπιθυμίας.
1821 5768 1981 5821 Ἀλλὰ

406 5856 515 5912 ’.ῶν
539 5860 639 5930 μὲν
665 5860 907 5928 φυτικῶν
937 5860 1217 5930 δυνάμεων
1244 5862 1374 5915 ῐδιον
1399 5860 1459 5913 τὸ
1486 5859 1675 5925 ἁπλῶς
1705 5859 1976 5930 ἐφίεσθαι,

2096 1975 2281 2033 fuerit.
2328 1978 2513 2050 Neque
2565 1982 2638 2048 id,
2670 1984 2813 2052 quod
2844 1985 3203 2045 deterioribus
3247 1993 3501 2051 meliores
3532 1998 3676 2052 indi-

2099 2081 2283 2140 geant,
2322 2078 2388 2126 ut‘
2406 2072 2729 2134 subsistant.
2757 2080 2852 2131 sed
2890 2089 3079 2134 contra
3115 2096 3312 2152 corpus
3353 2101 3460 2140 non
3501 2099 3678 2158 potest

2100 2162 2384 2218 meliorum
2415 2165 2689 2235 particeps
2718 2182 2862 2233 esse,
2912 2170 2967 2224 ni
3013 2174 3283 2230 deteriora
3314 2179 3466 2248 prius
3489 2196 3679 2240 susce-

2098 2258 2255 2327 perit.
2305 2256 2514 2329 Quippe
2559 2261 2815 2329 quoniam
2863 2262 3064 2318 nullam
3119 2270 3357 2336 speciem
3395 2278 3673 2346 corrumpi

2093 2352 2400 2421 oportebat,
2435 2365 2504 2407 ne
2532 2350 2910 2421 imperfectum
2932 2366 3074 2411 esset
3103 2360 3675 2438 universum,.specie-

2097 2458 2213 2496 rum
2249 2443 2395 2498 enim
2435 2443 2706 2499 absolutio
2734 2455 2790 2500 et
2819 2448 3270 2517 complementum
3296 2466 3381 2510 est
3413 2462 3672 2529 mundus,

2093 2550 2327 2605 cumque
2342 2535 2545 2591 eadem
2565 2550 2791 2591 numero
2810 2554 3028 2597 manere
3056 2546 3267 2612 species
3297 2564 3403 2604 non
3428 2566 3671 2621 possent,

2095 2640 2154 2685 ut
2209 2647 2330 2699 quae
2382 2641 2712 2702 generentur
2766 2642 2821 2687 et
2852 2648 3291 2707 corrumpantur,
3329 2649 3672 2718 aeternitatis,

2093 2723 2269 2793 quoad
2330 2736 2575 2791 possunt,
2628 2727 2921 2796 participes
2966 2740 3113 2785 sunt.
3178 2733 3358 2799 Quare
3409 2743 3674 2815 principis

2092 2817 2471 2882 mternitalem,
2500 2825 2555 2870 ut
2587 2833 2745 2873 suum
2780 2821 3124 2890 principium,
3163 2841 3355 2885 omnes
3382 2843 3666 2905 expetunt,

2088 2920 2144 2962 et
2174 2908 2347 2976 hujus,
2379 2909 2637 2979 quaelibet
2665 2925 2763 2980 pro
2792 2912 2948 2968 modo
2973 2924 3027 2969 et
3055 2926 3215 2987 captu
3247 2935 3364 2987 suo,
3404 2926 3463 2978 lit
3498 2930 3670 2996 parti-

2091 3015 2238 3070 ceps.
2268 3000 2465 3071 Estque
2496 3002 2548 3057 id
2588 3004 2926 3070 potissimum
2958 3019 3163 3064 natura:
3193 3027 3348 3079 opus,
3378 3027 3437 3071 ut
3470 3034 3668 3077 unum-

2090 3094 2341 3163 quodque
2369 3111 2557 3152 eorum
2590 3113 2711 3167 quae
2738 3101 2917 3155 anima
2950 3105 3178 3172 praedita
3208 3118 3361 3174 sunt,
3397 3112 3540 3168 aliud
3564 3117 3667 3172 sibi

2090 3188 2269 3242 simile
2296 3191 2478 3259 gignat
2504 3208 2517 3243 :
2547 3200 2603 3244 et
2629 3191 2889 3260 quoniam
2915 3198 3218 3253 necessaria
3252 3212 3336 3256 est
3363 3207 3668 3276 generatio,

2090 3279 2248 3349 hujus
2305 3292 2485 3336 autem
2536 3282 2619 3337 vis
2663 3284 2878 3339 nonnisi
2922 3295 3080 3341 certo
3116 3297 3173 3343 et
3222 3292 3449 3349 definito
3490 3300 3667 3356 atatis

2084 3371 2260 3439 spatio
2297 3372 2457 3439 valet,
2492 3373 2656 3442 justis
2683 3374 2803 3429 ideo
2834 3376 3186 3434 incrementis
3211 3396 3348 3451 opus
3382 3386 3665 3447 habemus.

2082 3461 2213 3527 Quae
2238 3463 2496 3532 quoniam
2526 3466 2801 3522 alimentis
2822 3465 2979 3534 fiunt,
3005 3468 3195 3527 altrice
3226 3489 3415 3530 rursus
3440 3494 3667 3550 egemus

2084 3565 2354 3623 p0testate
2382 3573 2396 3620 ;
2432 3558 2735 3625 vegetautis
2764 3558 2930 3629 igitur
2960 3561 3158 3618 animae
3186 3574 3487 3633 potestates
3511 3572 3667 3626 nobis

2082 3662 2209 3700 cum
2249 3647 2424 3703 brutis
2451 3662 2771 3703 communes
2819 3660 2967 3715 sunt,
3001 3654 3301 3709 secundum
3340 3672 3497 3726 quas,
3536 3663 3664 3718 dum

2082 3737 2314 3808 agimus,
2353 3747 2411 3790 ut
2459 3738 2661 3807 plantae
2691 3739 2903 3808 agimus
2939 3757 2953 3794 :
3004 3740 3093 3796 ubi
3134 3755 3263 3797 vero
3293 3758 3391 3813 per
3419 3747 3578 3816 iram,
3610 3762 3667 3806 et

2083 3820 2599 3899 concupiscentiam,
2627 3839 2685 3884 ut
2702 3830 2859 3885 bruta
2882 3848 2897 3886 :
2920 3834 3134 3888 demum
3158 3844 3218 3890 ut
3242 3837 3511 3906 homines,
3542 3851 3665 3896 tau-

2084 3925 2195 3969 tum
2230 3919 2461 3988 agimus,
2511 3934 2635 3973 cum
2669 3921 2880 3976 ratione
2911 3923 3134 3978 utimur.
3169 3924 3348 3994 Quare
3390 3931 3531 3987 scite
3564 3935 3663 3988 ad-

2084 4008 2301 4062 modum
2333 4008 2600 4073 Plotinus,
2642 4013 2732 4080 qui
2776 4014 3028 4069 altricem
3059 4016 3317 4073 virtutem
3358 4024 3665 4094 praecupide

2081 4111 2145 4150 ac
2175 4097 2375 4153 furiose
2398 4113 2688 4156 exerceant
2712 4142 2728 4167 ,
2759 4104 3058 4172 periculum
3090 4119 3211 4162 esse
3246 4122 3313 4165 ne
3356 4113 3408 4167 in
3428 4113 3663 4172 arbores

2083 4190 2301 4244 tandem
2332 4194 2678 4263 degenerem.

2154 4283 2196 4335 Λ
2237 4284 2532 4352 vegetantis
2576 4286 2769 4343 anima:
2814 4288 3204 4361 facultatibus,
3259 4300 3554 4365 generandi
3607 4311 3665 4357 et

2086 4373 2282 4438 alendi,
2322 4376 2537 4431 diversa
2564 4389 2652 4433 est
2681 4382 3124 4448 concupiscentia
3155 4403 3170 4440 :
3218 4385 3358 4442 hanc
3397 4388 3545 4444 enim
3578 4392 3665 4446 vi-

2086 4462 2295 4530 demus,
2326 4482 2449 4519 cum
2488 4466 2699 4523 duabus
2734 4469 2839 4525 iiiis
2887 4474 3321 4532 communicare.
3356 4479 3484 4549 Agit
3516 4482 3660 4537 enim

3240 4568 3422 4624 differt
3476 4583 3659 4627 autem

2083 4648 2208 4717 quia
2265 4651 2705 4719 concupiscentia
2765 4670 2887 4710 cum
2945 4670 3106 4712 sensu
3160 4658 3293 4730 agit,
3350 4671 3661 4732 vegetantes

2082 4755 2211 4794 vero
2234 4741 2352 4796 sine
2380 4757 2543 4797 sensu
2575 4761 2587 4797 :
2623 4745 2747 4799 hinc
2779 4747 2933 4800 bruta
2955 4749 3068 4803 visa
3097 4749 3300 4805 femina
3322 4751 3377 4807 in
3408 4767 3660 4810 venerem

2081 4833 2473 4900 stimulantur;
2509 4839 2644 4892 adeo
2689 4847 2746 4892 ut
2795 4853 2919 4894 cum
2966 4842 3277 4911 cognitione
3330 4846 3563 4915 quadam
3592 4849 3663 4904 sit

2079 4928 2545 4994 concupiscentia,
2599 4934 2900 5001 vegetantis
2947 4935 3191 4991 actiones
3244 4952 3351 4993 non
3398 4940 3547 4994 item.
3583 4938 3662 4995 lta

2081 5020 2331 5076 videlicet
2356 5022 2749 5080 dormientibus
2775 5026 2931 5081 nobis
2954 5042 3140 5082 semen
3171 5031 3507 5099 excernitur,
3533 5046 3657 5087 cum

2080 5114 2261 5169 nullus
2308 5130 2524 5182 sensus,
2567 5124 2662 5169 aut
2697 5116 2949 5187 impulsio
2980 5133 3012 5173 a
3049 5120 3233 5188 specie
3272 5124 3657 5192 praecesserit;

2081 5208 2224 5278 quod
2250 5224 2278 5263 a
2308 5212 2609 5281 vegetantis
2634 5210 2990 5267 facultatibus
3027 5212 3141 5269 fieri
3175 5214 3519 5272 manifestum
3547 5228 3655 5275 est.

2080 5299 2544 5368 Quemadmodum
2578 5303 2762 5373 igitur,
2799 5319 2923 5359 cum
2960 5320 2989 5359 a
3021 5307 3315 5377 cupiditate
3346 5308 3488 5365 victa
3521 5312 3659 5367 ratio

2083 5396 2265 5459 fuerit,
2290 5396 2419 5449 etin
2451 5395 2765 5451 servitutem
2800 5397 3019 5452 redacta
3044 5438 3060 5463 ,
3098 5407 3210 5455 toto
3238 5400 3327 5454 illa
3358 5400 3560 5470 impetu
3603 5403 3659 5457 in

2083 5487 2411 5557 voluptatem
2440 5498 2493 5541 et
2531 5503 2616 5542 res
2647 5503 2910 5543 venereas
2928 5487 3131 5555 fertur,
3169 5504 3344 5560 neque
3373 5500 3554 5548 tamen
3588 5494 3659 5548 id-

2083 5581 2231 5634 circo
2283 5580 2527 5636 eamdem
2592 5584 2765 5636 inesse
2824 5582 3087 5637 rationem
3145 5585 3430 5654 vegetandi
3488 5586 3658 5642 facul-

2087 5673 2284 5725 tatibus
2313 5674 2542 5727 dicimus
2572 5693 2583 5726 :
2621 5675 2760 5728 idem
2783 5685 2838 5729 et
2863 5675 2929 5729 de
2959 5677 3377 5746 concupiscente
3404 5678 3656 5733 dicimus.

2087 5765 2457 5832 V'egetantium
2501 5780 2630 5820 vero
2661 5764 2977 5820 facultatum
3004 5769 3279 5837 prOprium
3310 5776 3415 5831 est,
3448 5768 3657 5839 simpli-

2077 5861 2221 5916 eiter
2252 5872 2526 5932 appetere,
2561 5871 2616 5917 et
2654 5864 2771 5917 sine
2809 5875 2994 5928 sensu,
3036 5877 3218 5917 semen
3247 5863 3495 5918 emittere
3523 5877 3544 5915 :
3597 5874 3655 5918 at
