4430 6448
824 388 959 456 1039

2085 372 2510 433 MICHAELIS
2544 372 2807 431 l’bELlJ

3936 373 4075 436 1M0

822 490 1261 561 concupiscentis
1280 491 1421 543 hunc
1451 488 1535 543 vel
1558 489 1703 543 illum
1727 488 1927 551 cibum,
1952 499 2006 543 et
2027 482 2396 553 consubit'um,
2429 496 2473 548 Α
2503 505 2571 541 κα

2329 505 2396 553 m,
2429 496 2473 548 Α
2503 490 2593 541 καὶ
2623 486 2784 555 γονὴν
2812 484 3099 555 προίεσθαι
3118 486 3555 557 ἁνεπαιοῦήτως·
3583 488 3681 559 τῆς
3704 489 3760 541 δὲ
3786 489 4078 561 ἐπιθυμίας

823 592 985 652 alque
1002 581 1223 638 omnino
1245 580 1596 650 voluptatem.
1614 578 1696 633 An
1720 580 1884 650 igitur
1897 594 2033 634 unus
2052 590 2207 635 estet
2231 580 2392 645 idem,

825 675 1050 728 duarum
1078 673 1396 729 facultatum
1424 671 1670 739 effectus,
1701 670 2133 742 concupiscentia
2156 682 2209 726 et
2243 686 2395 741 vege-

824 768 990 822 tantis
1022 786 1037 833 ;
1068 781 1136 821 an
1168 767 1388 836 planum
1429 777 1513 821 est
1552 780 1659 820 non
1690 780 1813 820 esse
1845 764 2057 820 unum?
2107 766 2203 820 sed
2237 765 2395 833 hujus

824 868 1032 913 tantum
1066 869 1169 923 est,
1207 859 1291 914 vel
1321 859 1499 921 cibus,
1533 859 1617 913 vel
1636 858 1860 913 seminis
1886 855 2064 911 lluxus
2096 874 2110 923 ;
2140 856 2397 923 concupi-

823 950 1030 1007 scentis
1069 962 1271 1013 autem,
1305 951 1554 1020 voluptas
1589 970 1601 1004 :
1637 960 1696 1005 ut
1724 952 1825 1004 bac
1841 950 2174 1019 appetentia,
2204 950 2395 1004 condi—

824 1043 1027 1097 tionem
1054 1051 1297 1098 nostram
1324 1056 1608 1097 servemus
1636 1050 1689 1094 et
1720 1042 1934 1110 generis
1971 1043 2393 1098 successionem.

818 1133 954 1189 Cum
982 1148 1112 1190 vero
1148 1134 1286 1188 ratio
1315 1133 1594 1204 cupiditati
1625 1132 1814 1200 servit,
1846 1132 2051 1187 nullum
2078 1147 2199 1189 esse
2234 1133 2397 1201 hujus

820 1225 1053 1281 actionis
1078 1224 1355 1295 proprium
1380 1226 1540 1279 linem
1590 1223 1733 1290 dico,
1763 1224 1888 1293 quia
1914 1233 2113 1293 praeter
2145 1233 2394 1279 naturam

818 1320 1060 1386 ipsorum
1090 1317 1353 1385 ejusmodi
1387 1317 1532 1372 actio
1554 1324 1657 1372 est.
1688 1315 1819 1381 Quae
1856 1325 2037 1371 autem
2072 1326 2271 1385 praeter
2297 1332 2397 1369 na-

820 1420 994 1462 turam
1055 1418 1205 1472 sunt,
1264 1408 1332 1463 ad
1388 1407 1547 1461 ﬁnem
1612 1407 1745 1460 nihil
1794 1407 2125 1462 conferunt:
2163 1424 2285 1462 nam
2341 1418 2397 1462 ut

818 1499 1037 1562 ancilla,
1071 1516 1175 1554 non
1229 1515 1409 1563 suum,
1445 1497 1541 1552 sed
1580 1498 1901 1568 cupiditatis
1958 1498 2119 1553 tinem
2168 1511 2394 1569 spectat,

816 1592 1171 1660 voluptatem.
1210 1591 1396 1661 Neque
1420 1607 1551 1647 vero
1583 1606 1680 1647 nos
1719 1592 2009 1659 quisquam
2044 1590 2132 1643 illa
2178 1592 2397 1659 imperi-

816 1693 997 1736 torum
1021 1680 1304 1736 hominum
1336 1681 1673 1735 dubitatione
1716 1679 2024 1749 interpellet
2057 1695 2072 1735 :
2104 1694 2172 1733 an
2208 1679 2393 1747 igitur,

822 1785 931 1827 tres
962 1775 1173 1827 animas
1202 1774 1463 1829 habemus
1480 1782 1533 1827 et
1561 1788 1591 1827 a
1625 1772 1796 1827 tribus
1831 1773 2068 1841 regimur
2093 1772 2117 1825 ?
2144 1770 2396 1840 Respon-

818 1860 922 1915 deo
972 1861 1142 1928 enim,
1186 1861 1640 1932 quemadmodum
1696 1862 1821 1915 huic
1850 1860 2138 1928 conjuncta
2180 1862 2397 1926 corpori

817 1953 1021 2018 anima,
1056 1967 1168 2007 rem
1196 1968 1356 2007 unam
1389 1967 1510 2007 cum
1542 1968 1606 2008 eo
1634 1951 1815 2007 facere
1841 1952 2053 2007 videtur
2085 1968 2101 2018 ;
2129 1967 2184 2006 re
2215 1962 2397 2007 autem

816 2048 954 2114 ipsa,
994 2060 1159 2099 unum
1212 2060 1316 2099 non
1361 2053 1445 2099 est
1486 2062 1500 2099 :
1538 2044 1612 2099 ita
1650 2059 1772 2099 cum
1801 2045 2030 2098 rationis
2070 2054 2314 2114 experte,
2346 2053 2400 2099 et

818 2145 1102 2206 vegetante
1130 2136 1439 2199 cohaerens,
1470 2135 1942 2203 unamquamdam
1980 2135 2396 2188 continuitatem

817 2228 948 2281 facit
1004 2238 1224 2296 propter
1257 2226 1672 2282 connexionein.
1703 2224 1840 2279 Nam
1868 2240 1899 2279 a
1926 2225 2260 2289 rationabili,
2310 2241 2397 2279 ra-

816 2319 980 2373 tionis
1003 2334 1197 2388 expers
1218 2319 1434 2373 assidue
1458 2319 1746 2386 dependet,
1766 2317 1833 2372 ah
1854 2316 2214 2371 irrationabili
2240 2332 2397 2387 vege-

819 2425 939 2465 tans
976 2430 987 2464 :
1031 2426 1151 2480 quae
1182 2410 1307 2478 quia
1347 2416 1566 2478 propter
1594 2408 1740 2461 illam
1793 2408 2179 2462 cohzerentiam
2208 2412 2396 2463 eadem

822 2517 926 2555 una
974 2504 1275 2571 patiuntur,
1328 2514 1487 2553 unam
1524 2514 1645 2555 esse
1690 2498 1966 2565 dicimus;
2011 2500 2137 2568 quia
2188 2501 2398 2554 caeteris

821 2595 1183 2664 potestatibus
1234 2602 1490 2662 tanquam
1539 2592 1915 2648 instrumentis
1950 2592 2123 2645 utitur
2168 2593 2397 2648 rationis

819 2701 1048 2755 compos
1085 2685 1289 2738 anima.

906 2773 1114 2827 Harum
1140 2782 1316 2828 autem
1350 2780 1701 2842 potestatum,
1720 2787 1903 2827 earum
1920 2774 2037 2828 dico
2060 2790 2177 2844 qua:
2194 2777 2398 2830 ratione

823 2875 1036 2929 carent,
1060 2876 1113 2919 et
1139 2865 1529 2935 vegetantium,
1556 2864 1677 2918 aliae
1707 2866 1773 2919 ad
1793 2866 2172 2921 rationabilem
2202 2868 2393 2936 magis,

820 2958 939 3012 alia:
970 2958 1152 3011 minus
1182 2957 1451 3011 accedunt
1484 2971 1497 3009 :
1532 2955 1931 3010 irrationabiles
1952 2958 2168 3025 quidem
2200 2960 2391 3027 magis,

819 3051 949 3119 quia
984 3050 1175 3103 rationi
1205 3048 1513 3103 auscultare
1547 3047 1742 3102 solent.
1786 3046 1988 3113 Quare,
2030 3063 2154 3102 cum
2184 3051 2394 3120 cupidi-

821 3150 963 3197 tates
996 3143 1359 3211 increpamus,
1395 3139 1794 3196 mansuetiores
1820 3155 1917 3195 eas
1952 3141 2256 3199 reddimus.

896 3277 1114 3331 Pectore
1141 3290 1409 3345 percurso,
1438 3276 1599 3329 corda
1629 3276 1957 3342 increpitavit
2020 3273 2252 3345 Ulysses.

821 3397 896 3454 ει,

897 3501 1024 3555 Haec
1059 3503 1254 3567 anime,
1287 3502 1396 3556 hac
1435 3501 1595 3555 etiam
1629 3502 1895 3571 quondam
1926 3506 2169 3572 graviora
2206 3506 2397 3560 tulisti.

823 3714 879 3760 et
904 3703 1265 3773 complurima
1296 3702 1563 3773 ejusmodi
1597 3718 1611 3756 :
1669 3702 1764 3757 sed
1798 3703 1930 3772 quid
1961 3704 2082 3759 dico
2106 3706 2157 3760 in
2188 3707 2344 3761 nobis
2379 3708 2401 3760 ?

822 3798 1006 3853 multa:
1030 3796 1265 3851 ferarum
1292 3798 1528 3851 humano
1551 3808 1805 3851 sermone
1829 3798 2223 3852 mansuetiores
2244 3798 2398 3853 fiunt.

820 3893 891 3947 At
921 3899 1252 3960 vegetantes,
1284 3900 1342 3943 ut
1366 3903 1486 3957 quae
1508 3902 1818 3943 sermonem
1848 3904 1954 3944 non
1978 3890 2226 3955 audiunt,
2256 3906 2283 3943 a
2314 3908 2400 3944 ra-

824 3984 989 4039 tionis
1019 3992 1269 4051 compote
1298 3982 1478 4035 anima
1512 3980 1832 4036 remotiores
1853 3992 1977 4036 sunt
2004 4000 2017 4034 :
2054 3998 2229 4051 neque
2254 3984 2397 4037 enini

824 4074 1103 4144 praescribi
1145 4084 1324 4141 potest
1358 4072 1537 4126 altrici
1564 4076 1821 4141 p0testati
1880 4076 2059 4143 quoad
2122 4075 2267 4139 alat;
2302 4093 2397 4129 ne-

824 4181 929 4236 que
968 4164 1219 4228 auctrici,
1277 4173 1541 4233 quantum
1598 4172 1827 4232 augeat;
1887 4178 2059 4232 neque
2108 4165 2398 4234 generandi

825 4256 1128 4326 potestati:
1181 4256 1435 4308 nimirum
1490 4269 1592 4308 non
1658 4256 1833 4324 ipsam
1890 4264 2231 4323 potestatein,
2306 4260 2401 4313 sed

825 4351 1180 4420 cupiditatem
1209 4347 1623 4417 comprimimus
1649 4365 1662 4400 :
1690 4358 1929 4416 potestas
1958 4349 2100 4403 enim
2130 4351 2403 4405 nihilomi-

827 4456 931 4496 nus
967 4448 1169 4503 manet,
1194 4438 1298 4493 etsi
1348 4451 1451 4491 non
1483 4446 1628 4505 agat.
1677 4434 1772 4491 Hae
1801 4439 1982 4507 itaque
2039 4449 2164 4493 sunt
2207 4441 2400 4495 animae

2499 582 2580 643 τὸ,
2615 580 2828 633 τοιᾶσδε
2859 580 3085 649 τροφῆς,
3135 580 3229 633 καὶ
3252 578 3464 633 τοιᾶσδε
3508 579 3731 649 μίξεως,
3771 584 3866 636 καὶ
3893 584 4081 647 ἁπλῶς

2498 673 2592 724 τοῦ
2625 672 2799 740 ἡδέος.
2836 670 2901 723 Τί
2934 670 3027 723 οὖν
3074 671 3181 739 ἄρα
3211 671 3269 723 ἐν
3302 674 3421 723 ἐστι
3463 675 3559 726 καὶ
3589 673 3788 726 ταυτὸν
3837 675 3946 727 τῶν
3987 675 4082 728 δύο

2498 757 2782 827 δυνάμεων
2812 758 3185 829 ἀποτέλεσμα,
3215 760 3318 830 τῆς
3345 778 3404 813 τε
3433 760 3728 832 ἐπιθυμίας
3746 764 3960 833 καὶτῆς
3978 784 4078 833 φυ-

2497 849 2656 918 τικῆς
2684 865 2698 913 ;
2750 848 2782 917 ἢ
2817 848 2977 918 δῆλον
3010 849 3091 901 ὅτι
3121 850 3218 920 οὐχ
3246 850 3342 916 ἐν;
3384 850 3522 905 ἀλλὰ
3550 853 3651 922 τῆς
3686 854 3788 923 μὲν
3831 854 4017 917 ἁπλῶς
4044 856 4077 926 η

2499 941 2695 1011 τροφὴ,
2733 941 2765 1010 ἢ
2798 944 2966 1009 γονήο
3011 943 3109 1010 τῆς
3144 942 3202 995 δὲ
3247 942 3553 1013 ἐπιθυμίας
3600 945 3845 1016 ἠήδονὴ,
3884 946 3970 1000 ἴνα
4012 950 4078 1017 τῇ

2499 1033 2681 1101 ἐφέσει
2715 1032 2888 1103 ταύτῃ
2921 1033 3014 1087 τόν
3042 1050 3102 1085 τε
3133 1034 3338 1104 κλῆρον
3370 1035 3528 1105 ἡμῶν
3565 1036 3949 1105 φυλάττωμεν,
3986 1041 4080 1091 καὶ

2499 1125 2597 1194 τὴν
2629 1124 2722 1177 τοῦ
2752 1125 2945 1192 γένους
2974 1124 3250 1195 διαδοχήν.
3300 1125 3408 1178 Τοῦ
3440 1127 3498 1179 δέ
3526 1126 3685 1195 λόγου
3714 1129 3843 1181 ὅταν
3873 1130 4081 1198 ἐξυπη-

2501 1215 2724 1284 ρετῆται
2748 1213 2848 1283 τὴν
2878 1215 3199 1285 ἐπιθυμίαν,
3231 1216 3293 1268 οὑ
3320 1215 3466 1284 λέγω
3492 1217 3628 1271 ῐδιόν
3659 1234 3711 1270 τι
3750 1218 3955 1287 ταύτης
3980 1218 4081 1287 τῆς

2499 1306 2785 1375 ἐνεργείας
2840 1305 2996 1369 τέλος
3054 1301 3220 1370 εἶναι,
3276 1306 3360 1359 ὅτι
3416 1307 3567 1377 παρὰ
3621 1307 3783 1376 φύσιν
3813 1308 3993 1362 αὐτῶν
4048 1311 4082 1378 ἠ

2497 1393 2724 1465 τοιαύτη
2782 1396 3059 1465 ἐνέργεια,
3108 1398 3178 1451 τὰ
3220 1397 3277 1451 δὲ
3330 1397 3483 1467 παρὰ
3516 1396 3680 1466 φύσιν
3714 1398 3776 1450 οὐ
3827 1398 4085 1469 σύμφορα

2500 1487 2636 1557 πρὸς
2663 1487 2723 1539 τὸ
2770 1486 2964 1550 τέλος·
3019 1488 3106 1550 Ὠς
3137 1487 3245 1558 γὰρ
3300 1489 3603 1558 ὑπηρέτης,
3655 1490 3715 1542 οὐ
3762 1491 3822 1543 τὸ
3863 1492 4084 1557 ἑαυτοῦ,

2501 1579 2637 1632 ἀλλὰ
2666 1579 2762 1647 τῆς
2791 1578 3092 1649 ἐπιθυμίας
3123 1580 3183 1633 τὸ
3213 1580 3367 1643 τέλος
3392 1582 3806 1652 παρασκευάζει
3841 1584 3939 1651 τὴν
3965 1584 4082 1652 ἡδο-

2500 1668 2615 1737 νήν.
2648 1666 2739 1737 Μὴ
2755 1667 3029 1738 ἁπορείτω
3051 1670 3105 1721 δέ
3136 1688 3217 1732 τις
3238 1671 3337 1741 τὴν
3372 1670 3648 1741 ἰδιωτικὴν
3681 1674 3917 1743 ἀπορίαν
3940 1674 4085 1727 ὲκεί-

2502 1778 2598 1830 νην
2625 1776 2637 1788 ο
2678 1757 2741 1811 Τί
2774 1753 2865 1812 οὖν
2898 1762 3046 1829 τρεῖς
3077 1760 3255 1830 ψυχὰς
3284 1761 3501 1831 ἔχομεν,
3534 1765 3629 1818 καὶ
3656 1762 3761 1815 ὑπὸ
3794 1765 3962 1834 τριῶν
3983 1768 4083 1834 ψυ-

2503 1854 2612 1921 χῶν
2642 1851 3023 1921 διοικούμεθα;
3058 1852 3215 1920 Λέγω
3240 1853 3345 1922 γὰρ
3380 1854 3461 1907 ὅτι
3502 1855 3692 1926 ὥσπερ
3742 1856 4004 1910 ἐνωθεῖσα
4052 1860 4083 1929 ἠ

2501 1947 2649 2017 ψυχὴ
2680 1947 2759 2017 τῷ
2820 1948 3034 2016 σώματι
3092 1947 3289 2017 τούτῳ,
3323 1949 3471 2002 δοκεί
3504 1951 3603 2018 μὲν
3654 1952 3713 2003 ἐν
3755 1969 3807 2004 τι
3851 1954 4083 2021 πρᾶγμα

2504 2044 2698 2105 ποιεῖν,
2734 2041 2877 2095 κατὰ
2905 2041 3167 2111 ἀλήθειαν
3194 2041 3250 2093 δὲ
3282 2043 3380 2113 οὐχ
3408 2043 3467 2096 ἐν
3512 2044 3567 2096 τί
3617 2045 3795 2097 ἐστιν’
3834 2044 3979 2098 οὕτω
4016 2048 4082 2114 τῇ

2502 2152 2558 2185 τε
2591 2132 2771 2201 ἀλόγῳ
2804 2132 2897 2185 καὶ
2926 2134 2993 2200 τῇ
3047 2135 3247 2203 φυτικῇ
3286 2138 3633 2205 συνημμένη,
3671 2136 3800 2204 μίαν
3834 2138 3933 2207 μέν
3956 2154 4084 2189 τινα

2504 2223 2787 2292 συνέχειαν
2838 2225 2983 2274 ποιεῖ
3019 2223 3108 2275 διὰ
3147 2222 3244 2293 τὴν
3298 2226 3635 2293 συνᾶφειαν·
3692 2226 3925 2295 ἐξῆπται
3976 2226 4083 2293 γὰρ

2502 2313 2785 2384 προσεχῶς
2813 2313 2909 2382 τῆς
2953 2313 3052 2381 μὲν
3076 2312 3301 2382 λογικῆς
3338 2317 3370 2384 ἠ
3399 2314 3614 2383 ἄλογος,
3652 2316 3754 2385 τῆς
3791 2317 3847 2369 δὲ
3883 2317 4083 2384 ἀλόγου

2502 2409 2535 2476 ἡ
2571 2407 2790 2474 φυτική.
2844 2406 2940 2457 Διὰ
2995 2405 3049 2457 δὲ
3084 2404 3181 2475 τὴν
3217 2407 3509 2477 γινομένην
3537 2411 3602 2461 ἐκ
3636 2409 3739 2479 τῆς
3788 2412 4086 2479 συναφείας

2500 2500 2703 2568 ταύτης
2745 2498 3110 2567 συμπάθειαν,
3152 2498 3282 2567 μίαν
3316 2500 3518 2567 φαμὲν,
3570 2501 3673 2566 ὅτι,
3715 2500 3790 2563 ὡς
3820 2502 4079 2571 ὀργάνοις

2502 2592 2768 2663 κέχρηται
2795 2596 2913 2657 ταῖς
2948 2593 3133 2657 ἄλλαις
3157 2594 3452 2663 δυνάμεσιν
3480 2596 3511 2665 ἡ
3536 2594 3749 2665 λογική.

2574 2771 2790 2825 Τούτων
2820 2774 2873 2825 δὲ
2903 2774 3011 2826 τῶν
3045 2774 3351 2844 δυνάμεων,
3383 2774 3527 2842 λέγω
3555 2775 3619 2844 δὴ
3648 2774 3754 2828 τῶν
3786 2793 3843 2827 τε
3871 2775 4085 2843 ἀλόγων

2502 2862 2596 2914 καὶ
2633 2862 2741 2915 τῶν
2771 2864 3033 2929 φυτικῶν,
3065 2867 3120 2918 αἱ
3149 2866 3249 2936 μὲν
3283 2868 3482 2935 μᾶλλον
3514 2865 3798 2933 ἐγγίζουσι
3830 2869 3895 2936 τῇ
3930 2868 4083 2932 λογι-

2503 2956 2571 3023 κῇ
2592 2954 2758 3025 ψυχῇ,
2779 2957 2835 3007 αί
2854 2956 2910 3008 δὲ
2929 2952 3109 3027 ἥττον’
3133 2958 3188 3010 αι
3219 2959 3317 3027 μὲν
3348 2960 3531 3025 ἄλογοι
3555 2959 3755 3028 μᾶλλον
3782 2961 4083 3026 ἐγγίζουσι,

2500 3044 2630 3099 διότι
2660 3048 2937 3116 πεφύκασι
2973 3048 3295 3103 κατακούειν
3326 3050 3510 3118 λόγου.
3538 3052 3629 3103 Διὸ
3657 3052 4085 3121 ἐπιπλήττοντες

2501 3141 2617 3201 ταῖς
2648 3141 2981 3210 ἐπιθυμίαις,
3020 3142 3333 3213 πρᾳοτέρας
3368 3143 3537 3205 αὑτὰς
3567 3142 3857 3212 ποιοῦμεν.

2576 3283 2801 3351 Στῆθος
2833 3282 2900 3335 δὲ
2931 3282 3172 3348 πλήξας
3201 3282 3453 3350 κραδίην
3478 3285 3743 3350 ἠνίπαπε
3775 3286 3943 3353 μύθῳ
3963 3302 3976 3316 ·

2506 3400 2621 3462 καὶ,

2580 3518 2824 3572 Τέτλαθι
2862 3516 2939 3585 δὴ
2978 3518 3213 3587 κραδίη,
3268 3520 3363 3572 καὶ
3414 3520 3701 3662 κύντερρὲ
3742 3521 4088 3661 ῗλλρηποε

3692 3608 3736 3645 τι
3772 3610 3844 3658 ης
3964 3634 3977 3656 9

3692 3608 3844 3658 mm:
3879 3608 3977 3658 (ι),

2505 3721 2596 3773 καὶ
2637 3721 2807 3774 πολλὰ
2844 3720 3093 3773 τοιαῦτα.
3130 3722 3238 3773 Καὶ
3286 3720 3338 3773 τί
3372 3723 3514 3789 λέγω
3549 3724 3606 3773 ἐν
3641 3724 3814 3791 ήμῖν;
3857 3723 4087 3775 καὶτῶν

2502 3813 2711 3884 θηρίων
2744 3813 2915 3866 πολλὰ
2942 3812 3269 3883 ἠμερώτερα
3298 3813 3387 3865 διὰ
3411 3815 3518 3866 τῶν
3545 3814 3719 3877 λόγων
3744 3817 3957 3883 γίνεται
3981 3834 3992 3844 ·
4028 3818 4085 3868 αἱ

2502 3904 2558 3957 δὲ
2589 3906 2836 3973 φυτικαὶ,
2868 3904 2964 3957 ἆτε
2990 3903 3065 3974 μὴ
3088 3905 3492 3958 κατακούουσαι
3516 3904 3709 3971 λόγων,
3751 3906 4088 3975 πορρωτέρω

2504 3997 2612 4049 εἰσὶ
2667 3998 2764 4064 τῆς
2806 3997 3028 4065 λογικῆς
3066 3996 3265 4065 ψυχῆς.
3301 3998 3375 4048 Οὐ
3430 3996 3538 4066 γὰρ
3596 3997 3746 4049 ἐστιν
3804 3996 4083 4061 ἐπιτάξαι,

2503 4087 2626 4141 οὔτε
2657 4093 2721 4159 τῇ
2756 4090 3022 4159 θρεπτικῇ
3058 4090 3287 4158 δυνάμει
3317 4091 3476 4158 μέχρι
3511 4092 3679 4142 πόσου
3708 4090 3927 4159 θρέψαι,
3957 4090 4081 4143 οὔτε

2504 4182 2571 4248 τῇ
2603 4178 2866 4249 αὑξητικῇ
2893 4178 3148 4248 αὐξῆσαι,
3194 4180 3318 4232 οὔτε
3365 4183 3429 4249 τῇ
3465 4186 3758 4252 γεννητικῇ
3782 4200 3795 4213 ·
3837 4182 4081 4251 δηλονότι

2504 4271 2600 4338 οὐχ
2632 4271 2818 4331 ἁπλῶς
2850 4271 3019 4341 αὐτὴν
3066 4271 3165 4340 τὴν
3201 4272 3452 4341 δύναμιν,
3490 4272 3625 4325 ἀλλὰ
3651 4273 3751 4340 τὴν
3781 4272 4080 4341 ἐπιθυμίαν

2505 4361 2964 4430 καταστέλλομεν·
2990 4365 3021 4428 η
3040 4362 3151 4431 γὰρ
3181 4363 3415 4430 δύναμις
3440 4364 3594 4417 οὐδὲν
3611 4360 3776 4434 ἦττον
3812 4364 3963 4433 μένει
3987 4368 4081 4417 καὶ

2507 4452 2583 4521 μὴ
2601 4451 2922 4520 ἐνεργοῦσι.
2955 4446 3126 4505 Αὖται
3157 4454 3255 4521 μὲν
3273 4453 3365 4505 οὖν
3387 4456 3443 4506 αἱ
3471 4454 3733 4521 δυνάμεις
3753 4456 3853 4524 τῆς
3874 4456 4077 4525 ψυχῆς,

828 4541 1147 4601 potestates,
1187 4527 1555 4591 rationabiles,
1601 4529 2024 4596 irrationabiles,
2065 4542 2395 4602 vegetantes.
2436 4526 2477 4580 Ι)
2508 4541 2570 4594 αῖ

2330 4548 2395 4588 38-
2436 4526 2477 4580 Ῑ)
2508 4541 2653 4594 αἵτε
2676 4543 2915 4607 λογικαὶ,
2953 4541 3047 4594 καὶ
3078 4544 3133 4595 αί
3158 4543 3365 4610 ἄλογοι,
3388 4546 3481 4597 καὶ
3515 4547 3569 4597 αἱ
3607 4546 3853 4611 (parmai,
3876 4546 3957 4597 ὅτι
3980 4549 4079 4611 τὴν

825 4622 1074 4676 Animam
1093 4621 1312 4689 quidam
1330 4620 1515 4673 dicunt
1531 4620 1923 4687 incorpoream,
1938 4623 2156 4689 quidam
2172 4640 2399 4694 corpus:

828 4728 1015 4768 eorum
1034 4715 1123 4781 qui
1145 4725 1361 4780 corpus,
1395 4710 1484 4763 alii
1508 4710 1757 4779 simplex,
1777 4712 1867 4766 alii
1894 4719 2252 4783 compositum
2279 4734 2291 4770 :
2314 4730 2405 4770 eo-

830 4818 947 4857 rum
968 4817 1118 4865 vero,
1138 4801 1228 4868 qui
1247 4800 1629 4868 compositum,
1658 4799 1768 4865 alii,
1788 4817 1852 4856 ex
1867 4804 2132 4859 connexis
2154 4819 2321 4875 corpo
2333 4808 2401 4859 ri-

829 4895 952 4958 bus,
983 4892 1073 4946 alii
1096 4906 1161 4945 ex
1182 4907 1285 4944 non
1309 4892 1633 4961 conjunctis.
1664 4890 1883 4958 Eorum,
1908 4895 2000 4962 qui
2028 4894 2255 4965 simplex
2282 4910 2403 4951 cor—

826 5000 925 5054 pus
949 4985 1184 5037 animam
1202 4998 1324 5037 esse
1342 4983 1611 5046 dixerunt,
1633 4982 1724 5035 alii
1742 4985 2057 5051 aethereunt,
2080 4987 2179 5041 hoc
2190 4998 2273 5042 est
2292 5003 2400 5043 cte—

826 5078 961 5132 leste
1002 5076 1403 5137 intellexerunt,
1449 5085 1506 5128 ut
1540 5073 1854 5129 Heraclides
1889 5075 2143 5132 Ponticus
2172 5096 2185 5132 :
2222 5082 2398 5146 ignem

827 5170 944 5233 alii,
969 5177 1027 5221 ut
1047 5167 1373 5231 Heraclitus,
1403 5166 1529 5235 quia
1556 5167 1732 5236 ignem
1759 5168 1848 5222 ille
1872 5183 2049 5224 rerum
2078 5172 2399 5240 principium

827 5259 1154 5330 appellabat,
1204 5267 1257 5310 et
1286 5258 1521 5311 animam
1554 5257 1763 5327 igneam
1807 5271 2025 5330 propter
2080 5263 2399 5331 agilitatem.

827 5352 919 5405 alii
950 5366 1014 5405 cx
1045 5363 1191 5415 aere,
1235 5357 1292 5401 ut
1328 5350 1715 5414 Anaximenes,
1756 5360 1810 5403 et
1838 5352 2056 5419 quidam
2091 5370 2121 5408 e
2150 5354 2348 5411 Stoicis
2378 5378 2393 5411 :

824 5442 927 5497 Alii
956 5458 1020 5498 ex
1046 5457 1209 5511 aqua,
1246 5451 1305 5495 ut
1335 5440 1532 5495 Thales
1557 5440 1795 5496 Milesius
1854 5455 1909 5498 et
1967 5443 2139 5513 Hippo
2194 5464 2391 5519 cogno-

826 5543 1007 5589 mento
1030 5534 1275 5587 Atheus:
1314 5532 1443 5602 quia
1483 5531 1625 5585 enim
1655 5546 1837 5587 semen
1876 5534 2132 5591 videbant
2166 5553 2228 5592 ex
2291 5543 2392 5595 liu-

829 5624 966 5677 mida
993 5638 1115 5680 esse
1141 5624 1467 5689 substantia,
1506 5634 1787 5693 preplerea
1847 5638 1902 5683 et
1958 5642 2149 5697 aquam
2209 5647 2389 5689 rerum

898 5814 975 5884 (ι)
1028 5814 1216 5886 Odyss.
1246 5814 1311 5871 V.

2502 4632 2700 4703 ψυχὴν,
2721 4636 2768 4684 οἱ
2803 4633 2903 4701 μέν
2926 4650 3089 4700 φασιν
3121 4635 3435 4703 ἀσώματον,
3457 4636 3507 4687 οἱ
3533 4637 3587 4689 δὲ
3616 4637 3797 4706 σῶμα.
3834 4638 3940 4689 Καὶ
3968 4640 4080 4688 τῶν

2506 4725 2689 4795 σῶμα,
2712 4727 2762 4778 οί
2789 4727 2889 4794 μὲν
2919 4727 3145 4791 ἁπλοῦν,
3170 4731 3217 4780 οί
3248 4728 3304 4781 δέ
3334 4729 3616 4783 σύνθετον·
3642 4733 3734 4783 καὶ
3757 4731 3866 4783 τῶν
3893 4731 4079 4783 savii;-

2503 4836 2617 4883 τον,
2651 4821 2699 4871 οἱ
2737 4820 2833 4887 μὲν
2864 4821 2929 4871 ἐκ
2979 4822 3343 4891 συνημμένων
3392 4825 3680 4893 σωμάτων,
3732 4828 3780 4877 οἱ
3812 4825 3869 4877 δὲ
3911 4828 4079 4877 ἁσυν·

2504 4911 2711 4964 άπτων.
2768 4910 2889 4962 Τῶν
2931 4910 2988 4964 δὲ
3042 4912 3246 4965 ἁπλοῦν
3294 4914 3453 4981 σῶμα
3518 4916 3837 4984 εἰρηκότων,
3879 4918 3928 4967 oi
3979 4920 4079 4983 μὲν

2499 4998 2740 5067 αἰθέριον
2773 4995 2915 5052 εἶναι
2938 5018 2951 5030 ο
2989 5002 3187 5055 ταυτὸν
3214 5002 3299 5056 ιηδὲ
3329 5007 3505 5057 εἰπεῖν
3552 5006 3806 5075 οὐράνιον
3861 5008 4076 5075 exesi,-

2500 5107 2680 5157 ναντο,
2712 5090 2787 5154 ὼς
2831 5092 3191 5163 Ἡρακλείδης
3228 5097 3257 5147 ό
3312 5098 3593 5161 Ποντικός.
3647 5103 3709 5152 Ui
3759 5100 3815 5153 δὲ
3857 5100 3968 5170 πῦρ
4003 5104 4076 5160 ὡς

2509 5178 2887 5248 Ἡράκλειτος,
2914 5182 3104 5252 ἐπειδὴ
3136 5186 3228 5235 καὶ
3264 5185 3372 5255 πῦρ
3406 5186 3590 5253 ελεγον
3618 5189 3717 5258 τὴν
3766 5190 3940 5259 ἀρχὴν
3965 5193 4077 5244 τῶν

2501 5271 2693 5336 ὄντων,
2735 5274 2828 5326 καὶ
2854 5274 2952 5343 τὴν
2980 5274 3156 5345 ψυχὴν
3191 5278 3248 5330 δὲ
3288 5280 3489 5348 πυριὰν
3525 5282 3613 5335 διὰ
3652 5283 3713 5335 τὸ
3748 5286 4029 5353 εὐκίνητον
4061 5304 4071 5313 ·

2504 5364 2552 5414 oi
2575 5362 2838 5438 δὲάερίαν
2870 5366 2945 5427 ὡς
2984 5366 3360 5439 Ἀναξιμένης,
3390 5371 3482 5423 καί
3504 5389 3645 5435 τινες
3670 5373 4074 5427 τῶνΣτωῖκῶν’

2504 5457 2551 5507 οἱ
2586 5454 2641 5507 δὲ
2672 5455 2730 5521 ἐξ
2760 5455 2970 5521 ὓδατος,
3027 5458 3101 5520 ὼς
3145 5460 3324 5530 δειλῆς
3373 5464 3466 5515 καὶ
3518 5464 3726 5517 Ἵππων
3772 5469 3798 5519 ό
3851 5468 4076 5535 ἐπίκλην

2503 5548 2683 5613 ἄθεος.
2730 5549 2947 5621 Ἐπειδὴ
2994 5554 3101 5619 γὰρ
3136 5554 3234 5623 τὴν
3270 5556 3432 5626 γονὴν
3467 5558 3656 5627 ἐώρων
3694 5560 3753 5624 ἐξ
3786 5558 4077 5630 237.05.505-

2506 5658 2600 5693 σαν
2635 5641 2842 5707 οὐσίας,
2870 5641 2957 5696 διὰ
2984 5642 3140 5697 τοῦτο
3168 5650 3259 5697 καὶ
3290 5648 3429 5715 ὓδωρ
3451 5650 3543 5717 τὴν
3576 5653 3749 5721 ἀρχὴν
3778 5656 3883 5705 τῶν
3909 5658 4077 5707 ὀντων
