4430 6448
376 413 515 481 10H

1792 414 1888 474 DE
1924 410 2197 476 ANIMA.

3508 417 3646 483 1042

374 536 654 605 ἐνόμισαν.
693 527 854 589 Οὗτοι
893 535 991 606 μὲν
1022 528 1115 589 οὗν
1149 534 1199 589 οἱ
1229 532 1434 589 ἁπλοῦν
1465 534 1747 604 εἰρηκότες
1779 534 1959 603 σῶμα,
1993 533 2037 587 Α
2068 548 2123 602 pr

1893 552 1959 598 ια,
1993 533 2037 587 Α
2068 532 2391 603 principium
2418 546 2539 589 esse
2568 533 2819 590 arbitrati
2850 541 2998 590 sunt.
3034 534 3127 590 Isti
3177 540 3328 598 sunt,
3390 535 3479 604 qui
3524 538 3642 590 ani-

368 624 482 678 τῶν
514 625 571 679 δὲ
606 624 864 679 σύνθετον
919 625 1081 697 σῶμα
1110 625 1209 697 τὴν
1259 624 1439 696 ψυχὴν
1476 624 1875 694 ὑπειληφότων,
1908 627 1956 678 οἱ

374 719 473 788 μὲν
503 718 563 785 ἐξ
596 720 924 773 ἀωνὰπτων
960 721 1239 791 στοιχείων
1281 721 1467 790 φασιν,
1501 721 1578 785 ὡς
1618 722 1956 791 Δημόκριτος

370 809 466 862 καὶ
495 811 832 877 Λεύκιππος,
854 812 949 866 καὶ
982 813 1171 876 ἁπλῶς
1206 815 1254 866 οἱ
1285 814 1352 867 τὰ
1371 814 1598 867 τοιαῦτα
1620 815 1954 883 εἰσάγοντες.

374 902 601 970 Ἔλεγον
635 903 743 973 γὰρ
775 907 950 977 ἀρχὰς
986 906 1095 961 τῶν
1130 907 1301 961 ὄντων
1332 907 1397 961 τὰ
1434 909 1612 976 ἄτομα
1644 909 1736 962 καὶ
1768 909 1827 961 τὸ
1866 926 1958 961 κε-

370 994 480 1049 νόν.
513 994 665 1052 Εἶναι
694 995 788 1052 οὖν
819 1000 913 1053 καὶ
952 1000 1050 1070 τὴν
1080 1000 1260 1072 ψυχὴν
1300 1003 1365 1055 ὲκ
1396 1002 1704 1071 σφαιρικῶν
1734 1002 1958 1070 ἀτόμων

374 1092 743 1162 συγκειμένην
774 1091 863 1145 διὰ
886 1093 946 1145 τὸ
975 1093 1285 1164 εὐκίνητον·
1315 1096 1363 1149 ol
1394 1095 1449 1149 δὲ
1481 1096 1545 1149 ὲκ
1569 1098 1956 1167 συνημμένων,

372 1178 445 1241 ὡς
475 1182 709 1250 Κριτίας
741 1185 769 1237 ό
808 1180 889 1248 εἷς
929 1184 1038 1238 τῶν
1068 1188 1365 1254 τριάκοντα
1390 1204 1403 1219 ⁸
1446 1185 1586 1259 αἷμα
1622 1191 1731 1260 γὰρ
1772 1190 1958 1259 ἔλεγεν

371 1266 509 1324 εἶναι
542 1272 639 1343 τὴν
693 1275 1036 1346 ψυχήν.Τῶν
1082 1278 1137 1330 δὲ
1173 1279 1467 1349 ἀσώματον
1501 1281 1866 1348 δοξασάντων,
1909 1285 1956 1336 οἱ

374 1363 473 1431 μὲν
504 1365 779 1436 χωριστὴν
808 1366 919 1423 τῶν
962 1368 1254 1438 σωμάτων,
1287 1372 1335 1423 οἱ
1388 1371 1445 1424 δὲ
1481 1371 1808 1444 ἀχώριστον.
1848 1374 1958 1427 Καὶ

371 1456 481 1507 τῶν
511 1458 842 1527 ἀχώριστον,
889 1462 1059 1531 οἱμὲν
1090 1462 1180 1515 τὸν
1204 1463 1361 1531 λόγον
1388 1460 1527 1518 εῖναι
1556 1466 1657 1533 τῆς
1684 1467 1953 1535 κράσεως,

371 1543 483 1601 οἷον
510 1551 593 1603 ὅτι
628 1551 723 1604 ἐὰν
759 1552 1044 1606 διπλάσιον
1071 1554 1181 1624 πῦρ
1212 1555 1380 1626 μιχθῇ
1412 1556 1488 1626 τῷ
1522 1555 1700 1620 ὕδατι,
1734 1558 1765 1627 ἢ
1801 1560 1957 1627 ἡμιό-

374 1639 507 1706 λιον,
550 1643 637 1712 ἦτι
669 1644 911 1699 τοιοῦτον
948 1648 1097 1699 ποιεῖ
1151 1648 1249 1718 τὴν
1282 1648 1481 1718 ψυχήν.
1534 1645 1609 1704 Οὗ
1641 1652 1747 1722 γὰρ
1771 1652 1961 1706 διπλά-

376 1748 510 1795 σιος,
539 1735 727 1802 φησιν,
776 1736 807 1806 ἤ
839 1738 1084 1805 ἡμιόλιος
1117 1738 1296 1805 λόγος,
1327 1740 1487 1793 τοῦτό
1528 1742 1646 1793 ἐστι
1677 1742 1846 1811 ψυχή.
1894 1745 1956 1797 Oi

372 1823 429 1875 δὲ
463 1825 634 1895 αὐτὴν
662 1827 759 1896 τὴν
791 1829 1017 1897 κρᾶσινο
1054 1832 1100 1885 οἱ
1132 1832 1188 1884 δὲ
1214 1833 1575 1903 ἐντελέχειαν.
1622 1836 1959 1906 Ἐντελέχεια

372 1916 430 1968 δέ
459 1917 611 1969 ἔστιν
641 1919 674 1989 ἡ
725 1920 1001 1991 τελειότης
1048 1924 1138 1975 καὶ
1178 1925 1239 1976 τὸ
1271 1921 1409 1988 εἶδος
1441 1926 1534 1978 τοῦ
1570 1929 1953 1997 ὑποκειμένου.

374 2010 631 2079 Διαφέρει
663 2012 717 2064 δὲ
751 2014 777 2065 ό
804 2013 962 2081 λόγος
1011 2015 1111 2081 τῆς
1146 2018 1401 2086 κράσεως
1426 2037 1437 2048 ·
1476 2021 1557 2073 ὅτι
1598 2023 1625 2072 ὁ
1664 2023 1762 2089 μὲν
1798 2022 1954 2091 λόγος

373 2101 432 2151 ὲν
462 2101 600 2171 αὐτῇ
633 2106 698 2172 τῇ
751 2104 1010 2173 ποσότητι
1050 2104 1357 2173 θεωρεῖται,
1410 2111 1467 2162 ἐν
1506 2109 1582 2180 τῷ
1625 2112 1878 2183 ἡμιολίῳ,
1918 2116 1951 2185 ἢ

373 2193 658 2263 διπλασίῳ,
685 2196 717 2265 ἢ
748 2196 891 2264 ἄλλῳ
918 2198 1049 2254 τινί.
1084 2197 1146 2252 Ἥ
1174 2200 1229 2251 δὲ
1268 2203 1461 2272 κρᾶσις
1494 2204 1715 2274 ποιότης
1746 2207 1891 2258 ἐστὶν
1919 2210 1950 2276 ἡ

373 2286 782 2356 ἁπλτελουμένη
816 2290 879 2340 ἐκ
904 2291 1001 2358 τῆς
1036 2290 1235 2359 μίξεως
1267 2294 1377 2347 τῶν
1400 2298 1721 2366 ποιοτήτων,
1754 2294 1863 2352 οἷον
1893 2301 1955 2352 ὲκ

374 2376 467 2429 τοῦ
504 2377 708 2447 θερμοῦ
740 2381 835 2432 καὶ
866 2380 1077 2450 ψυχροῦ
1129 2383 1319 2450 γέγονέ
1355 2404 1435 2449 τις
1470 2390 1668 2459 κρᾶσις
1696 2392 1755 2444 τὸ
1802 2393 1949 2461 χλια-

376 2476 497 2543 ρόν·
540 2476 570 2545 ἢ
627 2479 691 2529 ὲκ
726 2476 819 2529 τοῦ
851 2476 1049 2530 λευκοῦ
1104 2482 1197 2532 καὶ
1240 2482 1471 2550 μέλανος
1505 2485 1565 2537 τὸ
1606 2485 1785 2553 φαιόν.
1839 2487 1955 2538 Ἐν-

371 2568 620 2637 τελέχεια
656 2568 711 2621 δέ
742 2570 858 2621 ἐστι
908 2571 1185 2641 τελειότης
1235 2574 1328 2626 τοῦ
1362 2576 1747 2647 ὑποκειμένου,
1798 2598 1955 2633 τουτ-

374 2660 492 2711 έστι
522 2660 583 2713 τὸ
619 2658 757 2723 εἶδος
790 2663 851 2715 τὸ
886 2663 1268 2734 ὲπιγινόμενον
1295 2669 1356 2720 ἐκ
1384 2669 1481 2737 τῆς
1511 2671 1727 2728 τοιᾶσδε
1764 2672 1955 2725 συνθέ-

375 2766 512 2811 σεως
569 2752 676 2802 τῶν
732 2755 1035 2822 στοιχείων,
1090 2759 1155 2825 τῇ
1218 2757 1339 2829 ὕλῃ.
1401 2759 1521 2812 Τῶν
1579 2761 1634 2815 δὲ
1686 2764 1957 2835 χωριστὴν

377 2840 627 2909 σώματος
650 2841 1015 2910 δοξίισάντωνν
1047 2849 1094 2900 οἱ
1124 2850 1225 2918 μὲν
1248 2854 1429 2905 πᾶσαν
1472 2852 1651 2922 ψυχὴν
1680 2860 1955 2927 χωριστὴν

372 2939 605 2999 εᾳασαν,
638 2937 733 2988 καὶ
767 2942 866 3005 τὴν
906 2939 1153 3010 λογικὴν,
1199 2944 1291 2994 καὶ
1336 2942 1435 3013 τὴν
1472 2945 1685 3011 ἄλογον,
1734 2951 1826 3001 καὶ
1859 2952 1957 3020 τὴν

375 3023 629 3093 φυτικὴν,
663 3020 776 3089 οἷος
811 3024 880 3098 ἦν
930 3030 1261 3100 Νουμήνιος,
1314 3034 1609 3103 πλανηθεὶς
1664 3040 1766 3090 ὑπό
1798 3059 1955 3094 τινων

374 3116 665 3182 ῥησειδίων
697 3119 985 3183 Πλάτωνος
1016 3124 1264 3185 εἰπόντος
1296 3125 1351 3176 ἐν
1382 3127 1615 3197 Φαίδρῳ,
1646 3129 1813 3184 πᾶσα
1841 3137 1955 3199 ψυ-

2068 639 2209 678 mam
2241 624 2469 694 simplex
2493 640 2691 694 corpus
2747 639 2870 681 esse
2926 624 3204 679 dixerunt.
3240 624 3387 679 l‘nter
3418 639 3514 679 eos
3547 639 3647 676 sn-

2070 727 2200 782 tem,
2233 718 2322 787 qui
2351 719 2711 789 compositum
2744 733 2940 788 corpus
3008 731 3132 775 esse
3179 719 3414 772 animam
3464 718 3652 773 existi-

2069 819 2238 875 mant,
2272 810 2361 863 alii
2386 826 2448 865 ex
2480 810 2761 867 elementis
2825 826 2929 865 non
2990 810 3302 879 conjuncris
3353 810 3648 873 aﬂirmant,

2070 912 2127 957 ut
2149 902 2495 958 Democritus
2558 913 2612 958 et
2672 904 3002 974 Leucippus,
3058 905 3386 971 demumque
3438 906 3647 965 cancri,

2068 996 2157 1066 qui
2193 996 2294 1050 ista
2345 996 2684 1052 invexerunt.
2748 995 2949 1051 Rerum
3012 997 3154 1052 enim
3212 996 3474 1066 principia
3530 1010 3651 1051 esse

2070 1096 2305 1153 atomos,
2333 1098 2384 1142 et
2427 1102 2659 1143 vacuum
2688 1089 2941 1144 dicebant
2975 1106 2986 1142 :
3024 1102 3145 1144 esse
3187 1090 3373 1157 itaque
3408 1088 3645 1142 animam

2069 1195 2130 1234 ex
2169 1181 2415 1235 rotundis
2454 1180 2650 1235 atomis
2674 1179 2962 1235 conﬂatam
2990 1187 3216 1250 propter
3251 1181 3597 1236 velocitatem
3632 1198 3645 1232 :

2070 1273 2159 1326 alii
2202 1289 2268 1327 ex
2327 1275 2658 1344 c0njunctis,
2694 1284 2751 1328 ιιι
2806 1276 3004 1330 Critias
3056 1290 3197 1330 unus
3264 1290 3329 1328 ex
3384 1276 3649 1347 triginta;

2070 1365 2265 1434 quippe
2308 1365 2544 1421 animam
2576 1382 2697 1423 esse
2721 1369 3036 1437 sanguinein
3091 1367 3393 1423 dictitabat.
3452 1367 3650 1423 Eorum

2070 1466 2272 1523 autem,
2307 1458 2399 1529 qui
2432 1459 2809 1529 incorpoream
2848 1460 3099 1515 arbitrati
3140 1471 3288 1525 sunt,
3312 1460 3401 1514 alii
3433 1473 3623 1526 separa

2070 1549 2230 1603 bilem
2262 1564 2288 1602 a
2339 1552 2682 1620 corporibus,
2739 1552 3153 1623 inseparabilem
3199 1552 3289 1606 alii
3321 1560 3649 1610 statuerunt.

2070 1645 2268 1699 Eorum
2348 1648 2437 1717 qui
2518 1648 2959 1718 inseparabilem,
3022 1650 3111 1703 alii
3203 1650 3655 1717 contemperatio-

2070 1737 2154 1791 nis
2210 1753 2328 1793 esse
2374 1741 2662 1807 rationem,
2712 1742 2876 1796 veluti
2934 1742 2979 1796 si
3031 1742 3248 1811 duplum
3306 1742 3441 1811 ignis
3480 1747 3655 1810 'aqna:

2069 1830 2284 1884 mistum
2316 1831 2501 1896 fuerit,
2531 1832 2615 1889 vel
2643 1834 2981 1904 sesquiplex,
3023 1835 3104 1888 vel
3141 1834 3247 1888 tale
3283 1836 3433 1902 quid,
3474 1834 3654 1887 facere

2069 1921 2329 1975 animam.
2357 1921 2526 1992 Cujus
2557 1925 2726 1988 enim,
2749 1926 2944 1995 inquit,
2975 1925 3135 1993 dupla
3179 1934 3263 1979 est
3292 1925 3371 1980 vel
3405 1924 3652 1993 sescupla

2068 2014 2234 2076 ratio,
2274 2014 2403 2069 illud
2430 2025 2517 2070 est
2552 2019 2754 2070 anima.
2810 2017 2921 2071 Alii
2960 2016 3132 2086 ipsam
3189 2018 3649 2084 contemperatio.

2062 2118 2205 2170 nem,
2225 2105 2311 2159 alii
2333 2120 2620 2175 perennem
2641 2108 2928 2162 motionem
2948 2106 3325 2163 entelecliiam.
3344 2107 3650 2160 Entelecbia

2062 2212 2190 2252 vero
2244 2210 2329 2253 est
2392 2199 2656 2266 perfectio
2686 2182 2741 2255 et
2761 2200 2937 2255 forma
2970 2201 3223 2270 subjecti.
3253 2200 3441 2255 Diﬂert
3466 2209 3649 2253 autem

2061 2290 2199 2343 ratio
2254 2306 2280 2343 a
2319 2291 2843 2360 contemperatione,
2883 2294 3007 2362 quia
3038 2294 3176 2347 ratio
3206 2294 3256 2346 in
3287 2294 3398 2361 ipsa
3428 2293 3648 2360 quanti-

2063 2391 2172 2437 tate
2208 2385 2523 2449 attenditur,
2576 2385 2627 2438 in
2660 2387 2926 2456 sescuplo,
2956 2386 3037 2439 vel
3059 2386 3240 2454 duplo,
3264 2385 3347 2439 vel
3374 2386 3479 2439 alio
3514 2400 3653 2453 quo-

2062 2476 2223 2544 piam.
2244 2476 2315 2530 At
2340 2486 2820 2545 temperamentum
2841 2479 3071 2547 qualitas
3099 2488 3201 2541 est.
3233 2493 3353 2548 quae
3375 2478 3652 2545 perficitur

2059 2584 2121 2623 ex
2149 2569 2475 2637 qualitatum
2505 2569 2784 2635 mistione,
2815 2570 2960 2625 velut
2982 2586 3048 2625 ex
3074 2571 3245 2624 calido
3270 2578 3322 2624 et
3342 2569 3535 2637 frigido
3570 2568 3647 2622 fu—

2062 2669 2207 2714 ctum
2236 2669 2317 2714 est
2372 2669 2858 2728 temperamentum
2921 2659 3216 2728 quoddam,
3268 2659 3508 2727 tepidum
3543 2679 3556 2724 ;
3591 2669 3640 2713 ct

2062 2767 2127 2807 ex
2167 2752 2289 2807 albo
2327 2762 2381 2808 et
2409 2754 2587 2823 nigro,
2621 2753 2856 2808 fuscum.
2894 2752 3211 2807 Entelechia
3240 2767 3365 2805 vero
3416 2751 3645 2819 subjecti

2062 2844 2327 2913 perfectio
2360 2854 2465 2907 cst,
2505 2846 2609 2899 hoc
2641 2845 2940 2909 estforma,
2970 2859 3090 2912 quae
3112 2859 3177 2897 ex
3217 2843 3306 2896 tali
3339 2844 3648 2898 elemento-

2064 2951 2181 2989 rum
2217 2936 2601 3004 conjunctione
2637 2936 2879 2991 materia:
2916 2936 3166 2991 accessit.
3200 2935 3401 2989 Eorum
3433 2946 3642 2996 autem.

2062 3032 2207 3096 quia
2246 3044 2476 3097 corpore
2556 3030 2916 3098 separabilem
2975 3044 3097 3085 esse
3155 3038 3501 3097 putaverunt,
3555 3030 3644 3081 alii

2060 3136 2273 3175 omnem
2315 3122 2550 3175 animam
2579 3122 2957 3190 separabilem,
2994 3122 3389 3185 rationabilem,
3424 3122 3642 3175 irratio-

373 3206 453 3275 κὴ
487 3207 802 3279 ἀθάνατος,
843 3213 1029 3280 σαφῶς
1057 3216 1173 3267 ἐκεῖ
1204 3217 1331 3287 περὶ
1368 3218 1461 3289 τῆς
1490 3219 1837 3292 ἀνθρωπίνης
1862 3224 1952 3278 τὸν
1981 3222 2023 3282 C
2058 3228 2122 3265 ⁸³³

1894 3224 1952 3278 δν
1981 3222 2023 3282 C
2058 3213 2292 3265 uabilem
2350 3223 2403 3267 et
2454 3221 2815 3283 vegetantem,
2849 3213 3009 3268 sicuti
3052 3213 3369 3277 Numenius,
3423 3214 3643 3281 quibus-

373 3300 530 3369 λόγον
552 3306 894 3371 ποιούμενος.
932 3308 1051 3361 Ὅτι
1077 3310 1145 3375 γᾶ
1156 3327 1184 3377 ρ
1208 3310 1406 3381 θνητὴν
1438 3308 1542 3365 οἶδε
1578 3314 1677 3384 τὴν
1702 3316 1811 3368 τῶν
1834 3318 1955 3370 ἀλό-

374 3405 506 3455 γων,
547 3392 732 3458 σαφῶς
764 3395 822 3447 ἐν
858 3397 971 3458 τοῖς
1020 3396 1219 3450 ἑαυτοῦ
1252 3400 1519 3467 διαλόγοις
1568 3403 1953 3476 ὡμολόγηταιο

373 3481 422 3532 oi
450 3481 527 3545 δὲ,
569 3485 750 3537 πᾶσαν
792 3488 1097 3558 ἀχώριστον
1129 3491 1501 3559 ἀπεφήναντο,
1534 3495 1626 3547 καὶ
1680 3496 1766 3549 διὰ
1800 3498 1957 3551 τοῦτο

374 3573 595 3644 Ονητὴν,
635 3571 709 3630 ὧν
761 3579 877 3631 ἐστι
928 3581 1020 3632 καὶ
1080 3582 1427 3652 Ἀλέξανδρος
1478 3587 1505 3637 ό
1560 3587 1953 3657 Ἀφροδισιεὺς,

372 3666 431 3729 ὃς
471 3670 561 3719 καὶ
614 3669 707 3720 τὸν
748 3670 1133 3741 ⁹Αριστοτέλην
1192 3677 1453 3743 πειρᾶται
1511 3679 1589 3741 εἰς
1626 3680 1726 3748 τὴν
1758 3682 1952 3735 ἑαυτοῦ

372 3757 531 3825 δόξαν
549 3765 859 3833 κατασπᾷν.
878 3766 940 3817 Ol.
957 3766 1125 3836 δὲτὴν
1140 3766 1244 3836 μὲν,
1259 3768 1505 3839 λογικὴν,
1527 3773 1801 3841 χωριστὴν
1817 3774 1955 3829 εἶναι

376 3855 616 3920 λέγουσι,
650 3857 751 3926 τὴν
781 3858 835 3909 δὲ
869 3858 1063 3926 ἄλογον
1106 3860 1197 3913 καὶ
1229 3862 1327 3932 τὴν
1368 3864 1601 3934 φυτικὴν
1630 3865 1953 3936 ἀχώριστον.

374 3948 592 4001 Τούτων
625 3949 681 4001 δὲ
697 3951 745 4001 οἱ
781 3950 880 4019 μὲν
922 3952 1239 4024 ἀμφοτέρας
1270 3955 1607 4025 ἀχωρίστους
1636 3956 1733 4011 τοῦ
1755 3960 1958 4030 παχέος

373 4038 563 4091 τούτου
586 4038 853 4108 σώματος.
884 4044 947 4093 Ol
965 4042 1019 4094 δὲ
1050 4043 1147 4112 τὴν
1172 4045 1269 4113 μὲν
1294 4047 1528 4117 φυτικὴν
1553 4050 1743 4117 μόνην,
1765 4052 1957 4106 τούτου

373 4127 677 4200 ἀχώριστον
693 4146 707 4160 ·
728 4131 826 4200 τὴν
849 4132 902 4183 δὲ
938 4132 1153 4199 ἄλογον,
1186 4135 1373 4189 τούτου
1403 4138 1503 4207 μὲν
1522 4141 1818 4211 χωριστὴν,
1842 4144 1955 4196 ἀλλ’

373 4222 433 4272 οὐ
454 4220 637 4288 μέντοι
658 4220 801 4283 τινὸς
826 4221 1075 4290 σώματος
1097 4225 1430 4295 ἀχώριστονο
1452 4228 1595 4297 λέγω
1616 4230 1678 4303 δὴ
1691 4232 1784 4285 τοῦ
1801 4252 1961 4287 πνευ-

377 4314 631 4382 ματικοῦ,
655 4315 721 4385 ἣν
743 4316 838 4369 καὶ
870 4316 1093 4371 Πλάτων
1127 4322 1219 4373 καὶ
1266 4323 1959 4395 Ἀριστοτέληςὲπρέσόευ-

376 4406 693 4459 σαν.⁶’οτιδὲ
709 4410 801 4460 καὶ
818 4410 1195 4480 Ἀριστοτέλης
1210 4414 1412 4485 ταύτης
1430 4416 1656 4490 ὲστὶτῆς
1669 4417 1847 4490 δόξης,
1865 4421 1959 4474 καὶ

374 4496 485 4551 οἶδε
522 4498 623 4568 τὴν
659 4500 756 4568 μὲν
805 4502 1080 4571 χωριστὴν
1109 4503 1308 4575 ψυχὴν,
1359 4507 1456 4575 τὴν
1508 4489 1573 4561 δὲ.
1620 4510 1951 4581 ἀχώριστον,

375 4592 478 4643 κάν
512 4590 594 4661 τῷ
642 4591 785 4643 τέλει
826 4596 925 4663 τῆς
960 4596 1087 4662 περὶ
1122 4596 1327 4664 μορίων
1375 4598 1531 4662 ζώων
1568 4577 1957 4671 πραγματείας
1988 4577 2033 4633 D

374 4681 671 4749 ἐδήλωσεν·
709 4682 814 4752 ἔφη
863 4685 969 4753 γὰρ
1020 4686 1101 4737 ὅτι
1157 4686 1387 4742 ἕκαστον
1439 4691 1549 4743 τῶν
1603 4692 1811 4763 μορίων
1845 4696 1954 4750 τῶν

375 4773 530 4837 ζώων
555 4774 698 4827 κατά
727 4793 849 4828 τινα
878 4777 1161 4845 ἐνέργειαν
1189 4779 1429 4853 ζωτικὴν
1462 4787 1953 4856 χαρακτηρίζεται,

373 4862 485 4919 οἷον
542 4869 804 4937 καρδίαν,
869 4870 963 4923 καὶ
1020 4866 1194 4941 ἧπαρ,
1240 4877 1335 4928 καὶ
1382 4877 1707 4945 ἐγκέφαλον,
1763 4883 1857 4933 καὶ
1889 4882 1957 4934 τὰ

376 4958 559 5013 λοιπά.
589 4956 723 5013 Εἶτα
751 4963 997 5029 ταύτην,
1030 4966 1182 5032 φησὶ,
1217 4966 1330 5033 τὴν
1359 4968 1670 5039 ἐνέργειαν
1701 4972 1957 5039 πότερον

376 5051 589 5120 ψυχὴν
616 5052 713 5105 δεῖ
730 5054 959 5118 καλεῖν,
999 5057 1036 5123 ἢ
1067 5058 1278 5124 μόριον
1322 5061 1555 5130 ψυχῆς,
1598 5063 1635 5131 ἢ
1676 5066 1786 5118 οὐκ
1808 5065 1956 5121 ἄνευ

376 5144 605 5211 ψυχῆς.
636 5143 919 5211 ζητητέον
944 5165 957 5179 ·
994 5148 1134 5201 ὥστε
1183 5145 1291 5203 οἶδε
1336 5154 1468 5206 πολὺ
1501 5155 1721 5221 πλάτος,
1754 5158 1957 5226 μᾶλλον

375 5238 431 5289 δὲ
468 5236 629 5305 βάθος
660 5238 870 5306 ψυχῶν.
926 5240 1037 5293 Καὶ
1076 5242 1350 5309 πότερον,
1382 5230 1535 5314 φησὶ,
1577 5247 1710 5315 περὶ
1748 5249 1956 5315 πάσης

377 5328 584 5396 ψυχῆς
614 5329 744 5382 ἐστι
775 5332 884 5383 τοῦ
907 5332 1176 5399 φυσικοῦ
1199 5333 1611 5404 διαλεχθῆναι,
1642 5339 1680 5406 ἣ
1717 5342 1788 5394 οὐ
1824 5342 1955 5409 περὶ

379 5420 581 5484 πάσης
620 5421 1004 5491 ἁλλοσημου.
1058 5424 1205 5478 ἀνευ
1258 5426 1368 5492 τῆς
1412 5428 1606 5495 ὕλης·
1642 5428 1784 5482 ὥστε
1848 5427 1953 5485 οἶδε

378 5509 559 5579 ψυχὴν
599 5516 877 5581 χωριστὴν
924 5514 1020 5584 τῆς
1054 5514 1207 5584 ὕλης.
1250 5516 1360 5568 Καὶ
1411 5519 1573 5571 πάλιν
1625 5522 1681 5572 ἐν
1709 5524 1773 5589 τῇ
1815 5523 1951 5591 αὐτῇ

381 5605 509 5673 περὶ
542 5604 748 5671 μορίων
796 5603 951 5665 ζώων
986 5609 1341 5680 πραγματεία
1388 5610 1589 5678 φησίν·
1632 5612 1789 5665 ἔοικε
1820 5612 1887 5665 δὲ
1925 5618 1955 5666 ό

382 5714 445 5749 rc
460 5696 526 5759 ῦς
566 5698 820 5764 θύραθεν
842 5698 1194 5761 ἐπεισιέναι,
1228 5703 1327 5753 καὶ
1365 5698 1518 5756 εἶναι
1554 5704 1727 5770 θεῖος.
1765 5705 1957 5758 Οὐδὲν

380 5791 489 5857 γὰρ
526 5790 713 5843 αὐτοῦ
750 5791 1129 5844 ἐπικοινωνεῖ
1157 5793 1188 5859 ἡ
1217 5792 1503 5862 ἐνέργεια,
1544 5798 1670 5861 ταῖς
1704 5796 1805 5849 τοῦ
1840 5796 1956 5848 σώ-

376 5898 561 5950 ματος
599 5883 920 5953 ἐνεργείαις
949 5899 959 5910 ·
1015 5886 1105 5938 καὶ
1134 5885 1291 5945 πάλιν
1324 5887 1380 5941 ἐν
1418 5887 1491 5958 τῷ
1520 5889 1755 5959 δευτέρῳ
1789 5888 1950 5958 λόγῳ,

2061 3307 2179 3360 dam
2244 3305 2479 3360 Platonis
2526 3308 2705 3361 verbis
2746 3309 3022 3377 deceptus,
3050 3308 3139 3376 qui
3174 3308 3253 3363 sic
3300 3305 3643 3362 inlbmdro:

2062 3398 2244 3452 Omnis
2292 3401 2468 3452 anima
2511 3398 2843 3463 immortalis,
2904 3398 2994 3453 ubi
3039 3406 3226 3469 aperte
3282 3401 3349 3455 de
3408 3401 3645 3455 humana

2060 3494 2237 3542 anima
2271 3491 2431 3543 verba
2458 3489 2607 3545 facit.
2629 3489 2905 3545 Mortalem
2931 3490 3076 3544 enim
3097 3491 3380 3545 brutorum
3408 3493 3643 3544 animam

2060 3581 2344 3649 agnovisse
2362 3580 2640 3635 Platonem
2666 3584 2714 3635 in
2748 3582 2864 3648 ejus
2883 3581 3106 3650 dialogis
3127 3583 3273 3637 omri
3304 3584 3419 3637 luce
3442 3583 3643 3637 clarius

2060 3682 2161 3726 est.
2185 3673 2287 3726 Alii
2308 3688 2431 3727 vero
2444 3688 2660 3728 omnem
2682 3676 2917 3728 animam
2934 3674 3350 3743 inseparabilem
3373 3676 3645 3740 dixerunt,

2061 3766 2130 3820 ob
2162 3780 2396 3835 eamque
2413 3781 2526 3819 rem
2558 3766 2944 3829 immortalem,
2976 3782 3112 3835 quos
3152 3767 3296 3819 inter
3345 3776 3431 3820 est
3476 3766 3644 3819 etiam

2062 3857 2367 3912 Alexander
2396 3858 2807 3926 Aplirodisieus,
2837 3858 2927 3928 qui
2986 3857 3331 3911 Aristotelem
3385 3858 3435 3910 in
3490 3873 3643 3910 suam

2062 3951 2383 4019 pertrahere
2418 3951 2742 4005 sententiam
2787 3958 3042 4005 conatur.
3100 3949 3207 4002 Alii
3259 3948 3642 4003 rationabilem

2062 4048 2325 4110 animam,
2350 4047 2712 4116 separabilem
2731 4059 2851 4101 esse
2867 4046 3055 4101 dicunt
3081 4062 3096 4111 ;
3128 4060 3231 4099 non
3258 4044 3640 4114 separabilem,

2063 4138 2517 4205 irrationabilem,
2548 4146 2604 4194 et
2630 4149 2969 4209 vegetantem
3000 4157 3014 4193 :
3064 4139 3257 4193 horum
3333 4147 3514 4193 autem
3551 4138 3641 4198 alii

2063 4241 2352 4301 utramque
2401 4247 2431 4286 a
2484 4247 2671 4287 crasso
2728 4234 2830 4287 hoc
2884 4246 3114 4301 corpore
3170 4233 3642 4301 inseparabilem;

2064 4325 2155 4379 alii
2236 4335 2576 4396 vegetantem
2644 4326 2813 4381 solam
2877 4326 2946 4379 ab
3010 4327 3109 4381 hoc
3164 4326 3637 4396 inseparabilem:

2062 4418 2341 4472 brutorum
2414 4430 2589 4473 autem
2654 4419 2926 4483 animam,
2982 4418 3051 4473 ab
3118 4418 3219 4473 hoc
3280 4419 3638 4488 separabilem

2063 4510 2299 4580 quidem,
2319 4509 2412 4565 sed
2435 4519 2612 4565 tamen
2632 4510 2699 4564 ab
2722 4511 2902 4580 aliquo
2929 4526 3157 4581 corpore
3179 4511 3593 4581 inseparabilem
3626 4530 3637 4565 :

2064 4598 2293 4667 spiritali
2324 4590 2446 4656 dico
2481 4619 2494 4655 :
2534 4616 2697 4671 quam
2738 4602 3064 4656 sententiam
3103 4601 3278 4667 Plato,
3319 4610 3373 4656 et
3431 4602 3643 4656 Aristo-

2064 4691 2194 4745 teles
2258 4691 2681 4746 constituerunt.
2739 4693 2916 4761 Atque
2978 4692 3116 4746 lianc
3175 4705 3295 4745 esse
3332 4690 3640 4745 Aristotelis

2061 4793 2316 4846 tuentem,
2366 4798 2531 4852 seque
2576 4784 2738 4837 aliam
2779 4782 3156 4853 separabilem,
3206 4781 3369 4837 aliain
3427 4783 3639 4851 insepa-

2062 4874 2282 4929 rabilem
2314 4876 2550 4927 animam
2591 4889 2908 4943 agnoscere,
2934 4874 3013 4927 vel
3036 4874 3085 4926 iu
3118 4874 3221 4927 [ine
3255 4873 3637 4939 disputationis

2060 4968 2124 5021 de
2151 4968 2393 5035 partibus
2424 4967 2736 5021 animalium
2756 4968 2889 5022 satis
2909 4968 3021 5037 ipse
3040 4967 3301 5031 declarat,
3325 4966 3413 5019 ubi
3448 4981 3640 5035 quaut—

2059 5058 2187 5113 libet
2216 5069 2417 5127 partem
2450 5060 2762 5119 animalium
2784 5063 3080 5114 secundum
3106 5060 3370 5113 actionem
3399 5060 3636 5127 aliquant

2059 5152 2275 5205 vitalem
2305 5152 2630 5206 conformari
2664 5152 2819 5217 dicit,
2853 5160 2909 5204 ut
2936 5165 3053 5215 cor,
3104 5151 3292 5220 ltepar,
3350 5150 3634 5204 cerebrum

2058 5254 2111 5298 et
2142 5244 2268 5299 alia.
2305 5244 2522 5309 Deinde,
2553 5249 2699 5307 Harc,
2744 5245 2943 5314 inquit,
2976 5245 3136 5307 actio,
3200 5254 3381 5296 utrum
3431 5244 3632 5308 anima,

2058 5339 2507 5406 t'elpat'snnima’,
2546 5337 2620 5391 re!
2675 5354 2779 5391 non
2832 5339 2942 5391 sine
2986 5338 3168 5391 anima
3240 5337 3475 5390 vocanda
3540 5338 3630 5401 sit,

2059 5430 2394 5497 quwrendum
2428 5444 2444 5480 .·
2474 5430 2608 5482 adeo
2632 5439 2689 5481 ut
2732 5443 2982 5497 magnum
3042 5427 3130 5480 ille
3176 5427 3460 5490 ambitum,
3524 5425 3639 5478 imo

2061 5522 2397 5575 altitudinem
2452 5522 2751 5575 animarum
2793 5520 2956 5573 norit.
3010 5519 3093 5581 Et,
3168 5530 3365 5579 utrum,
3439 5516 3635 5587 inquit,

2059 5614 2257 5683 physici
2293 5624 2392 5673 est,
2428 5614 2489 5665 de
2530 5612 2671 5664 omni
2708 5611 2887 5663 auium
2942 5610 3238 5672 disserere;
3291 5625 3360 5660 an
3420 5624 3521 5660 non
3570 5610 3633 5659 de

2062 5707 2202 5760 omni
2237 5706 2372 5758 alius
2396 5705 2619 5774 generis,
2659 5704 2771 5757 sine
2795 5703 3039 5755 materia.
3075 5700 3261 5768 Itaque
3319 5700 3555 5753 animam
3605 5716 3631 5751 τι

2063 5798 2289 5852 niaterin
2319 5796 2678 5864 separabilem
2711 5795 2975 5865 agnoscit.
3013 5793 3075 5845 Et
3108 5793 3158 5845 in
3192 5791 3383 5845 eadem
3414 5792 3475 5844 dc
3507 5806 3633 5858 par-

2065 5888 2206 5945 tibus
2245 5889 2554 5944 unitnalium
2614 5887 3149 5943 commentationcz’
3192 5883 3409 5936 Videtur
3461 5892 3633 5934 autem
