4430 6448
841 374 977 438 ἕῧιῖἶ

2115 374 2537 437 MICIIAELIS
2578 376 2849 437 PSELLI

3962 364 4097 428 10H

835 504 981 540 mens
1014 486 1362 541 exstrinsecus
1411 486 1657 539 advenire
1712 495 1760 538 et
1826 486 2007 538 divina
2068 500 2221 539 esse:
2281 485 2416 538 nihil
2447 489 2584 548 Απε

2349 485 2416 538 hil
2447 489 2491 548 Α
2519 489 2651 553 περὶ
2680 486 2749 539 δὲ
2783 484 2888 539 τοῦ
2918 483 3049 548 νοῦ,
3088 483 3240 553 φησὶ,
3277 481 3378 534 καὶ
3407 476 3513 547 τῆς
3537 476 3898 547 θεωρητικῆς
3914 476 4098 531 δυνά-

837 580 977 632 enim
1005 578 1120 648 ejus
1151 579 1292 631 actio
1321 594 1437 630 cum
1464 578 1699 647 corporis
1729 578 2025 631 actionibus
2074 578 2226 631 habet
2282 594 2417 631 com-

838 686 1012 723 mune.
1048 669 1113 722 Et
1144 684 1337 723 rursus
1368 669 1421 723 in
1471 668 1713 724 secundo
1745 669 1905 734 libro,
1958 669 2037 723 De
2096 678 2289 735 mente,
2330 670 2414 723 in—

838 763 979 830 quit,
1008 768 1059 815 et
1109 761 1503 830 contemplandi
1556 760 1817 831 facultate
1878 762 2114 815 nondum
2173 770 2414 815 constat:

838 853 928 906 sed
959 851 1165 906 videtur
1195 852 1376 906 anima
1408 852 1561 905 aliud
1595 868 1756 923 genus
1780 867 1916 916 esse,
1956 863 2005 906 et
2031 852 2149 906 sola
2176 854 2420 921 separari

839 961 1012 1011 posse,
1045 954 1467 1000 vetutarternum
1511 962 1544 999 a
1604 944 1958 1013 corruptibili.
2016 945 2082 998 Et
2147 944 2200 998 in
2263 945 2420 1000 tertio

841 1035 1029 1089 eadem
1055 1034 1232 1104 ponit,
1262 1043 1500 1089 mentem
1532 1035 1917 1104 impatibilem,
1943 1044 2203 1089 aeternam
2242 1042 2298 1089 et
2323 1034 2424 1087 im-

843 1124 1122 1179 mortalem
1145 1139 1266 1181 esse
1283 1125 1587 1190 declarans,
1613 1133 1668 1181 et
1688 1126 1857 1180 multa
1875 1124 2138 1194 ejusmodi
2165 1124 2218 1178 in
2236 1126 2422 1179 eodem

840 1216 982 1271 libro
1015 1215 1229 1272 scribit.
1267 1215 1373 1271 Sed
1401 1224 1457 1270 et
1481 1230 1549 1271 ex
1581 1216 1703 1271 aliis
1731 1216 2036 1271 Aristotelis
2060 1215 2234 1282 libris,
2266 1213 2425 1270 facile

840 1308 1180 1377 intelligitur,
1240 1308 1519 1364 Aristoteli
1588 1308 1963 1363 rationabilem
2028 1308 2263 1362 animam
2318 1309 2423 1361 im-

838 1400 1121 1455 mortalem
1178 1400 1368 1462 vitleri.
1404 1409 1458 1455 et
1497 1400 1568 1454 ab
1596 1399 1743 1455 omni
1775 1413 2004 1469 corpore
2047 1398 2423 1468 separabilem.

907 1582 1016 1639 Sed
1047 1582 1420 1648 etPlatonem,
1456 1583 1667 1638 ratione
1695 1582 1980 1653 praeditam
2043 1581 2283 1635 animam
2320 1581 2422 1634 im-

840 1678 1122 1732 mortalem
1149 1678 1453 1743 censuisse,
1510 1692 1614 1732 non
1655 1683 1739 1731 est
1772 1690 1870 1730 cur
1928 1675 2244 1743 probemus,
2310 1674 2419 1728 imo

2510 596 2689 649 μεως,
2736 576 2970 631 οὐδέπω
3013 574 3298 645 φανερὸν,
3349 573 3488 627 ἀλλ’
3513 572 3712 626 ἔοικεν
3738 573 3776 640 ἡ
3805 572 3978 639 ψυχὴ
4011 572 4102 639 τέ-

2517 689 2625 737 rec
2678 671 2888 738 ἕτερον
2939 665 3116 735 εἶναι,
3172 664 3483 721 καὶτοῦτο
3528 665 3719 734 μόνον
3750 662 4104 731 ἐνδέχεσθαι

2518 762 2889 832 χωρίζεσθαι,
2925 761 3192 828 καθάπερ
3227 759 3295 813 τὸ
3325 758 3521 814 ἀΐδιον
3548 757 3655 812 τοῦ
3685 755 3973 826 φθαρτοῦ.
3996 756 4108 807 Καὶ

2522 858 2579 909 ὲν
2619 856 2695 923 τῷ
2723 855 2895 925 τρίτῳ
2928 853 2985 905 δὲ
3015 853 3085 906 τά
3118 852 3259 905 αὐτὰ
3301 851 3606 920 φιλοσοφεῖ,
3644 847 3856 909 ἀπαθὲς
3898 848 3994 899 καὶ
4019 847 4109 900 ἀϊ-

2522 949 2635 1002 διον
2667 946 2766 1001 καὶ
2810 944 3088 1000 ἀθάνατον
3139 942 3583 1013 ἀποφαινόμενος
3642 941 3733 994 τὸν
3794 938 3955 992 νοῦνθ
4013 940 4111 992 καὶ

2523 1036 2693 1090 πολλά
2724 1035 2951 1088 τοιαῦτα
2982 1036 3041 1088 ὲν
3078 1033 3154 1103 τῷ
3193 1032 3342 1103 αὑτῷ
3380 1033 3691 1104 ἀναγράφει
3738 1031 3888 1100 λόγῳ
3913 1047 3927 1062 ⁸
3970 1028 4109 1082 ἀλλά

2522 1132 2618 1183 καὶ
2644 1129 2703 1194 ἐξ
2737 1130 2937 1199 ἑτέρων
2962 1128 3128 1181 αὐτοῦ
3161 1126 3617 1198 συγγραμμάτων
3647 1128 3852 1197 ὁμοίως
3885 1122 4102 1191 συμϐα-

2522 1220 2635 1273 λεῖν
2665 1221 2814 1273 ἐστιν
2836 1234 2849 1247 ·
2892 1221 2975 1273 ὅτι
3004 1219 3101 1272 καὶ
3149 1218 3418 1272 ἀθάνατον
3468 1213 3610 1270 οἶδεν
3642 1218 3670 1269 ὁ
3716 1214 4103 1285 Ἀριστοτέλης

2522 1310 2622 1379 τὴν
2648 1309 2878 1381 λογικὴν
2915 1309 3115 1381 ψυχὴν,
3147 1310 3242 1363 καὶ
3300 1308 3575 1379 χωριστὴν
3659 1307 3863 1371 παντὸς
3921 1306 4108 1376 σώμα-

2521 1416 2635 1463 τος.

2613 1581 2775 1636 Ἀλλὰ
2806 1582 2914 1652 μὴν
2947 1584 3029 1635 ὅτι
3062 1582 3158 1634 καὶ
3186 1583 3212 1634 ὁ
3246 1582 3473 1635 Πλάτων
3524 1582 3623 1653 τὴν
3652 1580 3877 1651 λογικὴν
3930 1580 4107 1651 ψυχὴν

2533 1674 2805 1729 ἀθάνατον
2829 1672 2990 1736 οἶδεν,
3038 1673 3292 1742 περιττὸν
3325 1673 3793 1737 κατασκευάζειν*
3826 1674 3908 1725 ὅτι
3933 1673 3987 1724 δὲ
4013 1672 4110 1723 καὶ

842 1768 1068 1824 rationis
1095 1776 1395 1837 expertem,
1430 1766 1715 1822 mortalem
1750 1780 1875 1821 eum
1908 1765 2248 1829 existimare,
2280 1762 2416 1819 satis
2443 1745 2491 1804 Β
2519 1765 2591 1835 τὴη

2357 1762 2416 1817 lis
2443 1745 2491 1804 Β
2519 1765 2618 1835 τὴν
2646 1765 2840 1833 ἄλογον
2878 1765 3078 1835 θνητὴν
3106 1761 3266 1827 οἶδεν,
3304 1765 3503 1827 ἰκανῶς
3533 1765 3563 1817 ὁ
3590 1764 3823 1833 Τίμαιος
3894 1762 4106 1817 ἐκδιδά-

838 1863 959 1932 ejus
979 1858 1219 1916 Timaeus
1248 1860 1492 1915 omendit
1526 1876 1541 1915 :
1581 1873 1705 1914 nam
1738 1858 1969 1913 rationis
1999 1858 2285 1927 impotem,
2324 1871 2417 1910 ra-

841 1953 1085 2010 tionabili
1148 1966 1447 2008 eonnexam
1478 1960 1532 2006 et
1579 1959 1889 2006 contextam
1954 1949 2235 2005 mortalem
2296 1964 2419 2005 esse

840 2048 1122 2102 evidenter
1139 2045 1369 2100 amrmat
1402 2060 1415 2095 :
1447 2052 1499 2098 at
1527 2058 1644 2097 eam
1677 2052 1907 2113 partem,
1937 2058 2056 2112 quae
2080 2043 2308 2097 rationis
2337 2052 2417 2097 est

840 2152 1085 2206 compos,
1108 2148 1165 2191 ut
1194 2138 1248 2191 in
1304 2135 1647 2198 mortalibus,
1680 2144 1735 2190 et
1765 2135 2155 2199 animantibus,
2214 2132 2418 2202 princi-

840 2243 985 2296 pem,
1017 2229 1283 2293 divinam,
1346 2236 1401 2284 et
1457 2226 1820 2283 immortalem
1874 2242 2015 2283 esse.
2064 2225 2173 2281 Sed
2214 2224 2418 2280 nullam

840 2319 1077 2372 animam
1106 2333 1305 2389 corpus
1334 2331 1454 2373 esse
1486 2332 1668 2386 posse,
1713 2332 1885 2387 neque
1930 2316 2182 2387 simplex,
2241 2330 2420 2387 neque

841 2411 1228 2480 compositum,
1254 2410 1382 2466 hinc
1416 2410 1644 2481 intelligi
1680 2420 1858 2481 potest
1889 2427 1902 2463 :
1934 2425 2095 2465 omne
2126 2411 2268 2465 enim
2293 2425 2419 2465 cor-

841 2519 944 2572 pus
974 2512 1166 2557 natura
1199 2517 1297 2556 sua
1335 2503 1401 2556 ad
1430 2503 1483 2557 id
1512 2510 1697 2556 natum
1732 2512 1835 2566 cst,
1871 2512 1929 2556 ut
1963 2502 2129 2555 dividi
2160 2511 2214 2555 et
2244 2501 2420 2556 infini-

846 2609 928 2649 tas
960 2595 1012 2648 in
1048 2603 1234 2662 partes
1261 2592 1489 2649 distrahi
1531 2595 1722 2661 possit,
1761 2608 1933 2664 quare
1995 2594 2204 2662 indiget
2240 2594 2418 2648 conti-

842 2698 1026 2743 nente.
1061 2687 1358 2742 Continens
1386 2686 1572 2755 igitur,
1612 2698 1797 2740 utrum
1844 2701 2043 2753 corpus
2076 2697 2183 2751 est,
2234 2701 2301 2741 an
2338 2686 2421 2741 in-

841 2794 1163 2850 corporeum
1190 2779 1214 2832 ?
1244 2778 1290 2834 si
1316 2793 1537 2849 corpus,
1572 2778 1907 2848 indigebitet‘
1936 2779 2067 2833 illud
2085 2779 2416 2845 continente,

842 2867 1008 2936 idque
1039 2867 1093 2921 in
1132 2865 1425 2920 inﬁnitum.
1484 2863 1720 2922 Necesse
1770 2867 1934 2938 igitur
1994 2877 2100 2934 est,
2162 2868 2416 2924 virtutem

842 2974 961 3012 eam
998 2968 1054 3013 et
1083 2967 1433 3029 potestatem,
1462 2973 1582 3026 quae
1605 2973 1835 3027 corpora
1866 2961 2136 3025 continet,
2176 2961 2420 3029 incorpo-

2524 1875 2667 1912 σκει.
2702 1857 2815 1925 Τὴν
2860 1856 2967 1927 γὰρ
3015 1856 3210 1925 ἄλογον
3255 1855 3434 1926 ψυχὴν
3470 1854 3991 1925 προσυφαινομένην
4030 1853 4111 1923 τῷ

2520 1945 2743 2017 λογικῷ,
2767 1946 2967 2017 θνητὴν
2992 1946 3238 2017 ἐναργῶς
3259 1941 3398 1998 εἷναί
3429 1961 3598 2014 φησιν
3623 1960 3638 1975 ⁸
3670 1943 3916 2015 ήγεμοῦν
3936 1944 3990 1996 δὲ
4014 1945 4110 1995 καὶ

2522 2040 2664 2094 θεῖον
2703 2042 2798 2093 καὶ
2835 2040 3106 2094 ἀθάνατον
3137 2039 3261 2091 ὅσον
3293 2040 3351 2090 ὲν
3380 2040 3495 2099 τοῖς
3535 2036 3751 2107 θνητοῖς
3800 2037 3893 2089 καὶ
3924 2035 4107 2100 ζώοις,

2520 2134 2579 2187 τὸ
2609 2133 2846 2201 λογικόν.
2875 2132 3036 2187 Ἀλλά
3062 2133 3172 2203 γὰρ
3201 2133 3281 2185 ὅτι
3317 2132 3416 2201 μὲν
3445 2132 3702 2200 οὐδεμίαν
3737 2130 3914 2201 ψυχὴν
3946 2131 4108 2183 δυνα-

2519 2225 2612 2279 τὸν
2636 2225 2794 2296 σῶμα
2826 2220 2987 2288 εἶναι,
3015 2224 3141 2278 οὔτε
3192 2222 3419 2287 ἁπλοῦν,
3472 2220 3596 2275 οὔτε
3640 2220 3917 2284 σύνθετον,
3949 2219 4108 2289 δῆλον

2520 2317 2804 2371 ἐντεῦθεν·
2857 2318 2967 2370 πᾶν
2997 2317 3108 2387 γὰρ
3150 2316 3312 2385 σῶμα
3362 2316 3505 2369 κατά
3554 2314 3653 2385 τὴν
3687 2313 3885 2367 ἑαυτοῦ
3919 2313 4107 2381 φύσιν,

2522 2410 2819 2465 σκεδαστόν
2844 2411 2960 2463 ἑστι
3001 2410 3095 2463 καὶ
3124 2410 3203 2472 είς
3233 2409 3438 2478 ἀπειρα
3469 2406 3742 2478 διαιρετόν
3773 2423 3784 2436 ·
3818 2406 3899 2459 διὸ
3936 2406 4109 2458 δεῖται

2519 2503 2613 2558 τοῦ
2643 2504 2980 2573 συνέχοντος.
3038 2502 3113 2557 Τὸ
3142 2500 3322 2555 τοίνυν
3372 2500 3600 2571 συνέχον
3625 2541 3638 2564 ,
3684 2500 3913 2569 πότερον
3947 2498 4109 2566 σῶμά

2519 2598 2670 2651 ἔστιν
2694 2598 2728 2667 ἢ
2758 2596 3081 2666 ἀσώματον;
3122 2596 3170 2647 εἰ
3200 2594 3259 2648 δὲ
3293 2590 3388 2648 οὖν
3421 2593 3604 2663 σῶμα,
3650 2594 3909 2662 δεήσεται
3944 2591 4108 2645 πάλιν

2521 2691 2743 2744 κάκεῖνο
2796 2686 2892 2742 τοῦ
2955 2688 3306 2757 συνέχοντος,
3363 2686 3458 2739 καὶ
3503 2684 3663 2737 τοῦτο
3712 2684 3800 2737 ἐπ’
3855 2683 4107 2752 ἄπειρον.

2533 2784 2773 2854 Ἀνάγκη
2806 2784 2915 2853 ἀρα
2939 2782 3039 2853 τὴν
3072 2780 3401 2852 συνεκτικὴν
3422 2779 3534 2833 τῶν
3558 2778 3831 2848 σωμάτων
3855 2778 4106 2844 δύναμιν,

2519 2875 2814 2944 ἀσώματον
2844 2869 3007 2927 εἶναι.
3033 2872 3192 2927 Ἔστι
3230 2874 3287 2927 δὲ
3316 2874 3408 2926 ἐπὶ
3438 2872 3547 2925 τῶν
3574 2870 3836 2941 ἐμψύχων
3861 2888 4109 2923 συνεκτι-

2520 2969 2593 3039 κὴ
2630 2968 2741 3021 τῶν
2794 2967 3067 3035 σωμάτων
3111 2968 3145 3036 ἡ
3182 2965 3364 3036 ψυχή’
3401 2966 3435 3036 ἡ
3461 2965 3609 3035 ψυχὴ
3652 2965 3760 3034 ἄρα
3809 2962 4108 3031 ἀσώματός

843 3066 992 3105 ream
1047 3064 1207 3105 esse:
1263 3059 1318 3104 at
1380 3050 1433 3103 in
1489 3050 1818 3115 viventibus,
1855 3065 2120 3119 corpora
2175 3053 2488 3147 eontinetc
2522 3061 2592 3113 ac;

2362 3062 2414 3105 et
2445 3090 2488 3147 Ο
2522 3061 2693 3114 ἐστιν.
2730 3060 2853 3111 Ἔτι
2877 3059 2933 3112 δὲ
2968 3059 3062 3112 καὶ
3091 3058 3124 3128 ή
3154 3057 3359 3127 ἐσχάτη
3388 3057 3499 3110 τῶν
3526 3055 3844 3126 γνωστικῶν
3878 3057 3979 3126 τῆς
4008 3055 4110 3125 ψυ-

845 3143 1025 3196 anima
1064 3161 1077 3197 :
1114 3142 1279 3212 igitur
1336 3142 1655 3210 incorporea
1704 3152 1808 3197 est.
1861 3143 2127 3197 Praeterea
2172 3152 2417 3197 extrema

847 3236 1292 3302 cognoscentium
1320 3234 1512 3287 animm
1541 3233 1882 3297 facultatum,
1906 3248 2117 3299 sensus,
2174 3232 2416 3302 inquam,

847 3327 1199 3394 incorporeus
1222 3334 1349 3391 est;
1384 3339 1512 3395 ergo
1546 3324 1717 3378 multo
1765 3324 1939 3394 magis
1992 3323 2289 3379 nobiliores
2342 3324 2420 3377 fa-

848 3421 1101 3472 cultates.
1144 3416 1375 3471 Sensum
1414 3431 1541 3472 vero
1567 3416 1685 3471 sine
1709 3430 1939 3493 corpore
1972 3430 2093 3471 esse
2110 3416 2199 3471 sic
2241 3425 2421 3471 osten-

847 3508 1294 3563 ditAristoteles.
1329 3506 1567 3573 Nullum,
1619 3508 1816 3577 inquit,
1867 3522 2064 3577 corpus
2116 3508 2417 3563 secundum

851 3601 1093 3655 eamdem
1127 3610 1337 3666 partem
1364 3601 1634 3653 contraria
1667 3600 1942 3669 suscipere
1989 3609 2183 3670 poteSt.
2213 3599 2420 3669 Digitus

847 3694 992 3747 enim
1032 3694 1221 3746 eodem
1262 3703 1507 3762 tempore
1536 3692 1694 3761 plane
1720 3692 1894 3756 albus,
1952 3702 2006 3746 et
2056 3692 2214 3759 plane
2265 3692 2419 3760 niger

846 3798 1107 3839 essenon
1170 3793 1399 3854 potest;
1460 3798 1636 3852 neque
1694 3784 1820 3839 item
1880 3783 2041 3838 simul
2107 3784 2157 3838 in
2226 3783 2418 3838 eadem

849 3887 1002 3948 parte
1069 3875 1303 3931 calefieri
1379 3886 1451 3931 εις
1514 3876 1831 3946 frigescere.
1901 3876 1967 3930 At
2014 3890 2206 3931 sensus
2258 3875 2419 3930 simul

847 3968 1038 4024 eodem
1071 3977 1312 4037 tempore
1339 3969 1610 4022 contraria
1644 3967 1855 4036 recipit,
1889 3975 1944 4021 et
1996 3968 2145 4021 novit
2172 3968 2275 4021 hoc
2297 3981 2419 4021 esse

847 4060 1104 4129 primum,
1155 4069 1211 4113 et
1265 4059 1395 4113 illud
1444 4061 1763 4124 secundum,
1816 4058 2120 4125 diiudicare
2171 4060 2239 4113 ab
2297 4059 2421 4113 albo

848 4153 1089 4221 nigrum,
1127 4161 1238 4206 tum
1262 4160 1316 4205 et
1346 4165 1375 4204 a
1405 4152 1557 4221 nigro
1608 4150 1785 4204 album
1839 4164 2146 4206 secernere.
2202 4150 2257 4204 Si
2291 4165 2420 4219 ergo

850 4246 1148 4301 secundum
1177 4244 1319 4298 idem
1353 4259 1415 4298 ea
1444 4243 1676 4297 indivise
1702 4242 1915 4311 recipit,
1950 4251 2005 4297 et
2055 4253 2135 4295 est
2166 4242 2421 4310 incorpo-

850 4351 977 4391 reus
1014 4353 1027 4389 :
1081 4335 1126 4389 si
1158 4349 1285 4389 vero
1316 4334 1611 4388 secundum
1642 4334 1801 4387 aliam
1851 4342 2058 4401 partem
2095 4333 2231 4388 dicis
2266 4334 2419 4389 reci-

2522 3152 2621 3221 χῆς
2656 3149 2964 3218 δυνάμεων,
3000 3152 3032 3219 ἡ
3081 3150 3333 3221 αἴσθησις
3388 3149 3533 3217 λέγω
3558 3190 3573 3214 ,
3626 3149 3923 3218 ἀσώματός
3965 3149 4105 3211 ἐστι,

2525 3238 2704 3308 πολλῷ
2752 3239 2953 3309 μᾶλλον
2999 3241 3053 3291 αἱ
3101 3239 3408 3309 κρείττους.
3467 3240 3590 3293 Ὅτι
3648 3240 3703 3293 δὲ
3750 3241 3783 3308 ή
3847 3238 4107 3306 αἴσθησις

2521 3330 2834 3399 ἀσώματος,
2885 3329 3029 3382 οὕτω
3080 3330 3358 3383 δείκνυσιν
3412 3332 3440 3383 ὁ
3489 3331 3903 3401 Ἀριστοτέλης·
3938 3330 4109 3383 Οὐδὲν

2524 3422 2706 3492 σῶμα,
2731 3422 2929 3489 λέγων,
2967 3424 3023 3475 ὲν
3050 3423 3128 3493 τῷ
3162 3423 3312 3493 αὐτῷ
3344 3424 3523 3493 χρόνῳ
3565 3425 3704 3476 κατά
3736 3423 3795 3475 τὸ
3827 3423 3958 3476 αὐτὸ
4010 3422 4107 3491 μό-

2524 3532 2661 3584 ριον,
2705 3513 2813 3566 τῶν
2846 3513 3108 3567 ἐναντίων
3155 3516 3302 3566 ἐστὶν
3336 3515 3743 3583 ἀντιληπτικόν.
3789 3515 3850 3566 '0
3881 3514 3988 3583 γὰρ
4014 3514 4107 3565 δά-

2522 3602 2715 3663 κτυλος
2754 3602 2813 3655 οὐ
2841 3601 3065 3655 δύναται
3095 3602 3239 3656 κατά
3271 3603 3360 3655 τὸν
3387 3604 3551 3656 αὑτὸν
3600 3603 3814 3673 χρόνον,
3855 3602 3975 3654 ὅλου
4011 3602 4108 3655 καὶ

2520 3694 2718 3747 λευκοῦ
2746 3693 2839 3747 καὶ
2878 3694 3111 3763 μέλανος
3156 3692 3522 3762 μεταλαϐεῖν·
3580 3694 3701 3747 οὐδὲ
3748 3693 4106 3762 θερμαίνεται

2523 3786 2640 3855 ἅμα
2668 3785 2809 3837 κατὰ
2837 3783 3035 3837 ταύτὸν
3081 3784 3177 3837 καὶ⁴
3203 3784 3458 3854 ψύχεται.
3499 3784 3563 3837 Ἦ
3596 3785 3653 3837 δὲ
3685 3783 3935 3854 αἴσθησις
3986 3785 4105 3852 ἅμα

2522 3879 2580 3930 ὲν
2613 3876 2689 3946 τῷ
2714 3875 2864 3944 αὐτῷ
2892 3875 3089 3946 χρίνῳ,
3140 3875 3253 3929 τῶν
3306 3877 3566 3929 ἐναντίων
3617 3875 4104 3945 ἀντιλαμϐάνεται,

2523 3969 2617 4023 καὶ
2668 3964 2811 4021 οἶδεν
2845 3970 2926 4020 ὃτι
2980 3966 3097 4021 τόδε
3129 3970 3247 4022 ἐστὶ
3281 3968 3344 4020 τὸ
3367 3969 3584 4038 πρῶτον
3615 3969 3708 4021 καὶ
3732 3968 3793 4019 τὸ
3828 3966 4106 4036 δεύτερον,

2521 4061 2582 4114 τὸ
2608 4060 2908 4129 διακρίνειν
2931 4062 2995 4114 ὲκ
3014 4059 3107 4113 τοῦ
3129 4058 3324 4113 λευκοῦ
3355 4060 3415 4112 τὸ
3441 4060 3631 4128 μέλαν,
3663 4058 3784 4113 καθ’
3808 4056 3929 4110 ὖστε
3938 4075 4031 4127 ρον
4047 4058 4105 4110 δὲ

2523 4154 2588 4204 ὲκ
2637 4151 2734 4204 τοῦ
2770 4152 2996 4221 μέλανος
3016 4152 3077 4204 τὸ
3110 4151 3326 4203 λευκόν.
3352 4151 3413 4203 Εἰ
3444 4151 3540 4219 μὲν
3570 4149 3663 4201 οὖν
3694 4148 3835 4202 κατὰ
3862 4150 3921 4201 τὸ
3950 4147 4103 4211 αὐτὸ,

2520 4242 2678 4311 δῆλον
2713 4243 2794 4294 ὅτι
2822 4241 3047 4312 ἁμερῶς
3080 4242 3262 4294 αὐτῶν
3293 4239 3783 4310 ἀντιλαμϐάνεται,
3824 4239 3920 4291 καὶ
3955 4238 4104 4290 ἐστιν

2523 4333 2848 4404 ἀσώματος·
2883 4334 2932 4386 εἰ
2963 4334 3019 4387 δὲ
3065 4333 3192 4388 καθ’
3235 4334 3423 4403 ἕτερον
3488 4333 3677 4402 μόριον
3715 4333 3824 4402 φής
3848 4348 3861 4362 °
3904 4330 3980 4394 ὡς
4010 4333 4103 4385 ἀεὶ

851 4441 1015 4494 pere,
1084 4435 1143 4479 ut
1197 4440 1411 4494 semper
1470 4424 1615 4478 aliud
1671 4438 1811 4493 ego,
1872 4423 2015 4478 aliud
2076 4434 2169 4489 tu,
2235 4426 2600 4487 cense-Deci

2352 4438 2423 4477 se-
2457 4429 2503 4487 D
2529 4426 2621 4478 τοῦ
2656 4426 2753 4495 μὲν
2788 4425 2920 4493 ἐγὼ,
2973 4426 3068 4478 τοῦ
3098 4426 3155 4478 δὲ
3193 4426 3279 4488 σὺ,
3328 4426 3474 4477 ἔστιν
3526 4424 3838 4477 ἀκόλουθον.
3875 4424 3967 4475 Δεῖ
3992 4421 4101 4492 γάρ

853 4533 1027 4587 quens
1068 4526 1154 4572 est
1211 4535 1225 4571 :
1278 4517 1418 4587 quod
1472 4516 1616 4571 enim
1664 4516 1893 4587 judicat,
1950 4531 2117 4570 unum
2180 4525 2235 4568 et
2282 4516 2421 4569 idem

854 4622 1073 4679 semper
1104 4622 1227 4662 esse
1288 4616 1524 4677 oportet,
1581 4618 1636 4660 et
1688 4607 1987 4661 secundum
2045 4606 2185 4660 idem
2245 4605 2418 4673 accipi

854 4699 1308 4769 quodjudicatur.
1354 4697 1562 4767 Corpus
1592 4707 1769 4753 autem
1824 4699 1875 4750 in
1923 4697 2115 4751 eodem
2184 4707 2424 4764 tempore

853 4801 905 4844 et
929 4789 1220 4843 secundum
1246 4787 1491 4842 eamdem
1541 4797 1748 4856 partem
1796 4800 1956 4857 agere
2015 4785 2068 4839 in
2123 4785 2421 4848 contraria,

854 4880 935 4933 vel
968 4880 1020 4933 in
1051 4880 1155 4932 alia
1187 4879 1528 4949 simpliciter,
1556 4894 1663 4932 non
1720 4885 1937 4946 potest:
1999 4891 2191 4932 sensus
2241 4886 2421 4930 autem

852 4972 1042 5027 eodem
1115 4981 1356 5041 tempore
1382 4971 1432 5024 in
1463 4969 1644 5025 album
1675 4978 1728 5025 et
1766 4969 1975 5040 nigrum
2009 4969 2157 5040 agit;
2195 4968 2423 5023 indivise

855 5064 1037 5131 igitur,
1073 5072 1235 5130 atque
1267 5064 1405 5115 adeo
1436 5063 1553 5115 sine
1584 5075 1811 5129 corpore
1839 5070 1943 5116 est.
1977 5058 2032 5113 Si
2064 5059 2209 5113 enim
2234 5073 2424 5113 secun-

854 5158 980 5210 dum
1017 5157 1173 5210 aliam
1214 5165 1269 5210 et
1296 5156 1456 5208 aliam
1487 5156 1566 5208 sui
1609 5164 1819 5222 partem
1863 5153 2077 5222 nigrum
2132 5162 2188 5208 et
2243 5152 2422 5206 album

853 5249 1203 5319 suscepisset,
1256 5262 1534 5315 nunquam
1575 5262 1602 5298 a
1686 5246 1841 5315 nigro
1897 5245 2075 5298 album
2139 5258 2425 5298 secernere

856 5341 1154 5409 potuisset:
1192 5353 1366 5407 neque
1394 5338 1537 5391 enim
1573 5338 1828 5402 secernit,
1887 5338 2025 5404 qnml
2082 5351 2108 5387 a
2164 5351 2221 5389 se
2251 5337 2422 5389 visum

852 5446 952 5495 est,
982 5436 1046 5486 ab
1072 5447 1159 5495 eo,
1188 5431 1325 5499 quod
1358 5430 1423 5481 ab
1458 5429 1586 5482 alio.

930 5616 1213 5667 Enimvero
1280 5624 1330 5667 et
1388 5612 1723 5682 phantasiam
1763 5612 1880 5666 sine
1937 5627 2163 5680 corpore
2223 5622 2276 5665 et
2344 5613 2423 5665 in-

864 5709 1086 5762 divisam
1147 5720 1265 5759 esse
1325 5722 1388 5759 ex
1450 5719 1516 5758 eo
1563 5703 1765 5757 clarum
1843 5714 1947 5769 est,
2033 5705 2173 5772 quod
2246 5714 2427 5773 poste-

862 5801 1030 5853 riores
1109 5798 1341 5866 species,
1424 5798 1731 5867 superiores
1794 5812 1897 5852 non
1970 5799 2166 5863 delent,
2259 5798 2421 5865 quod,

2531 4517 2591 4569 τὸ
2619 4517 2824 4587 κρίνον,
2858 4516 2916 4569 ἒν
2950 4516 3043 4570 καὶ
3080 4516 3140 4567 τὸ
3163 4515 3291 4569 αὐτὸ
3318 4512 3479 4575 εἶναι,
3507 4515 3602 4568 καὶ
3626 4514 3769 4567 κατα
3801 4514 3859 4566 τὸ
3890 4514 4019 4567 αὐτὸ
4042 4513 4103 4565 τὸ

2530 4609 2851 4678 κρινόμενον
2899 4606 3403 4679 προλαμϐάνεσθαι.
3448 4608 3612 4677 Σῶμα
3660 4606 3715 4659 δὲ
3747 4608 3805 4659 ὲν
3832 4606 3907 4675 τῷ
3954 4605 4103 4673 α-Στῷ

2532 4699 2730 4769 χρόνῳ,
2760 4698 2854 4751 καὶ
2893 4699 3038 4751 κατά
3088 4698 3147 4751 τὸ
3182 4698 3312 4750 αὐτὸ
3352 4698 3560 4768 μόριον,
3597 4696 3958 4768 προσϐάλλειν
3988 4698 4103 4757 τοῖς

2532 4787 2854 4859 ἐναντίοιςῆ
2905 4787 3095 4852 ἁπλῶς
3124 4790 3237 4851 τοῖς
3274 4787 3507 4857 ἑτέροις,
3562 4788 3622 4840 οὐ
3661 4787 3903 4840 δύναται.
3950 4786 4015 4840 Ἦ
4044 4786 4102 4838 δὲ

2532 4882 2782 4950 αἴσθησις
2818 4881 2962 4937 κατά
2988 4882 3079 4935 τὸν
3113 4880 3278 4934 αὐτὸν
3308 4880 3498 4949 χρόνον
3527 4878 3852 4950 προσϐάλλει
3875 4877 3951 4945 τῷ
3980 4876 4103 4930 λευ-

2532 4972 2613 5041 κῷ
2643 4974 2735 5024 καὶ
2783 4972 2859 5042 τῷ
2891 4971 3103 5040 μέλανι.
3149 4968 3396 5037 ’Λμερώς
3448 4968 3555 5035 ἄρα
3594 4965 3957 5035 προσϐάλλει,
4009 4963 4102 5017 καὶ

2530 5064 2617 5116 διά
2639 5063 2796 5115 τοῦτο
2824 5060 3135 5130 ἀσώματος.
3167 5059 3229 5112 Εἰ
3271 5060 3376 5128 γὰρ
3406 5058 3531 5111 καθ’
3561 5057 3749 5126 ἕτερον
3780 5057 3874 5109 καὶ
3914 5055 4101 5123 ἕτερον

2536 5155 2743 5223 μόριον,
2797 5154 2892 5205 τοῦ
2948 5152 3175 5220 μέλανος
3208 5151 3302 5203 καὶ
3338 5148 3432 5201 τοῦ
3465 5147 3660 5200 λευκοῦ
3700 5144 4097 5215 ἀπελάμϐανε,

2492 5246 2495 5248 ’
2531 5248 2631 5297 οὐκ
2669 5247 2733 5298 ἂν
2768 5246 2955 5315 ἐδεήθη
2984 5245 3257 5314 διακρῖναι
3282 5242 3342 5295 τὸ
3366 5241 3559 5293 λευκὸν
3581 5241 3688 5292 ἀπὸ
3714 5238 3810 5291 τοῦ
3838 5238 4098 5307 μέλανος·

2533 5337 2653 5391 οὔτε
2687 5338 2795 5406 γάρ
2822 5337 3089 5405 διακρίνει
3118 5338 3179 5388 τὸ
3208 5335 3297 5387 ὑπ’
3329 5333 3493 5386 αὐτοῦ
3514 5332 3729 5403 ὁραθὲν,
3765 5329 3855 5383 τοῦ
3878 5328 4100 5398 ὁραθέν·

2534 5448 2619 5491 ἐτ-ς
2664 5430 2753 5480 ὑπ’
2782 5429 2960 5481 ἄλλον.

2604 5616 2726 5665 Ὀτι
2757 5614 2812 5665 δὲ
2844 5614 2937 5664 καὶ
2987 5615 3019 5681 ἡ
3073 5612 3342 5674 φαντασία
3395 5611 3685 5679 ἀσώματος
3721 5610 3814 5661 καὶ
3848 5607 4060 5677 ἀμερὴς
4084 5648 4095 5669 ,

2533 5707 2691 5773 δῇον
2722 5704 2780 5768 ἐξ
2823 5701 2895 5759 ὧν
2938 5706 2984 5756 οἱ
3037 5705 3408 5771 ἐπιγινόμενος
3451 5703 3612 5755 τύποι
3644 5704 3740 5753 οὐκ
3776 5701 4099 5767 ἀφανίζουσι

2536 5801 2658 5859 τοὺς
2699 5799 3186 5870 προϋπάρχοντας·
3216 5799 3350 5866 ὅπερ
3395 5796 3501 5863 εἴγε
3644 5796 3815 5861 σῶμα.
3854 5793 4102 5846 συνέϐαι-
