4430 6448
376 436 517 499 1045

1785 432 1885 493 DE
1922 432 2193 496 ΑΝΙΜΑ.

3506 423 3647 494 1M6

366 568 455 605 νεν
485 550 572 612 ἂν,
604 548 795 618 ὥσπερ
820 549 914 601 ἐπὶ
963 547 1059 600 τοῦ
1107 546 1302 615 κηροῦ.
1349 547 1701 616 Ἀφανίζουσι
1750 550 1861 621 γὰρ
1911 550 1961 603 οἱ
1992 550 2038 607 Δ
2068 555 2112 610 si

1911 550 2112 610 olAsi
2181 569 2245 611 ea
2310 568 2510 625 corpus
2566 555 2775 623 fuisset,
2851 570 2983 610 sane
3066 551 3416 625 contigisset,
3471 560 3532 605 ut
3586 550 3643 607 in

370 641 741 710 ὲπιγινόμενοι
772 642 935 693 τύποι
965 640 1092 702 τοὺς
1140 640 1627 710 προϋπάρχοντας.
1667 640 1833 694 Ἀλλά
1864 641 1959 694 καὶ

369 738 401 804 ὴ
445 734 646 803 φυτικὴ
677 731 849 802 ψυχὴ,
870 732 994 800 ἥτις
1019 731 1332 802 αἰσθήσεώς
1367 733 1485 786 ἐστι
1512 732 1922 804 καταδεεστέρα
1942 775 1956 799 ,

371 829 466 879 καὶ
499 824 638 895 αὐτὴ
679 825 776 877 καὶ
827 825 877 877 οἱ
910 825 1132 894 φυτικοὶ
1172 824 1322 893 λόγοι
1370 825 1678 880 δείκνυνται
1710 826 1960 897 ἐναργῶς

370 919 600 986 ἀμερεῖς
633 916 807 979 ὄντες,
850 917 947 970 καὶ
996 916 1085 971 διὰ
1135 917 1298 971 τοῦτο
1346 918 1655 987 ἀσώματοι.
1710 918 1797 972 Ἑν
1854 918 1962 990 γὰρ

371 1010 591 1078 ἑκάστῳ
619 1009 795 1079 μορίῳ
821 1009 917 1063 τοῦ
944 1009 1263 1080 σπέρματος
1297 1012 1348 1063 οἱ
1381 1012 1537 1065 αὐτοὶ
1561 1012 1782 1080 φυσικοὶ
1812 1013 1960 1079 λόγοι

372 1100 689 1169 ἀμερίστως
722 1100 882 1163 εἰσιν,
909 1099 1099 1171 ὥσπερ
1117 1103 1210 1154 καὶ
1241 1102 1297 1156 έν
1314 1102 1390 1172 τῷ
1415 1102 1581 1155 παντὶ
1602 1104 1883 1174 σπέρματι
1911 1104 1959 1155 οἱ

373 1190 660 1259 θρεπτικοὶ
697 1190 792 1242 καὶ
826 1190 1115 1260 αὑξητικοὶ
1140 1192 1236 1245 καὶ
1252 1195 1303 1245 σί
1324 1193 1730 1247 διαπλαστικοί.
1749 1195 1962 1267 Ὥσπερ

374 1279 484 1347 γὰρ
516 1281 625 1332 πᾶν
658 1282 718 1332 τὸ
745 1280 1088 1352 καταϐληθὲν
1107 1282 1357 1354 σπέρμα,
1379 1284 1427 1336 εἰ
1460 1282 1831 1354 κατασχεθείη
1858 1284 1962 1337 ὑπὸ

377 1371 475 1437 τῆς
512 1374 752 1441 μήτρας,
782 1373 987 1427 τέλειον
1010 1375 1071 1427 τὸ
1099 1374 1239 1437 ζῶον
1270 1376 1546 1429 ἀποτελεῖ·
1580 1376 1726 1430 οὓτω
1749 1377 1851 1430 κᾶν
1887 1378 1961 1446 μὴ

378 1462 437 1513 τὸ
470 1464 599 1525 πᾶν,
631 1465 769 1517 ἀλλὰ
802 1466 1013 1536 μόριον,
1038 1468 1193 1520 οὐδὲν
1218 1465 1385 1539 ἦττον
1416 1471 1660 1541 ποιήσει.
1692 1471 1754 1523 El
1782 1471 1962 1525 τοίνυν

378 1554 427 1604 ct
464 1556 685 1618 φυσικοὶ
711 1555 807 1607 τοῦ
830 1554 973 1619 ζώου
1006 1558 1157 1625 λόγοι
1183 1559 1345 1627 σῶμα
1369 1554 1534 1629 ἦσαν,
1565 1562 1669 1614 οὐκ
1696 1558 1963 1632 ἠδύναντο

380 1646 437 1695 ὲν
462 1644 540 1713 τῷ
569 1645 719 1713 αὺτῷ
754 1648 951 1717 μορίῳ,
986 1649 1105 1718 ἅμα
1142 1651 1235 1703 καὶ
1265 1652 1316 1703 οί
1345 1652 1444 1721 τῆς
1482 1653 1751 1723 κεφαλῆς,
1786 1653 1880 1706 καὶ
1914 1656 1962 1708 oi

381 1734 490 1786 τῶν
516 1736 694 1790 ποδῶν
728 1740 824 1792 καὶ
857 1739 1075 1793 πάντων
1115 1741 1225 1793 τῶν
1260 1743 1496 1812 μορίων,
1533 1742 1694 1797 εἶναι.
1757 1744 1871 1798 Νῦν
1904 1747 1963 1799 δέ

379 1828 538 1889 εἰσιν,
590 1828 665 1889 ὡς
700 1831 759 1882 ἐν
792 1830 925 1897 τῷδε
978 1831 1056 1901 τῷ
1103 1833 1278 1903 μορίῳ
1333 1836 1555 1901 πάντες,
1588 1836 1733 1891 οὕτω
1777 1840 1870 1892 καὶ
1905 1841 1964 1891 ὲν

380 1919 527 1987 ἄλλῳ
565 1920 787 1983 πάντες·
826 1922 1144 1993 ἀμερίστως
1188 1925 1297 1994 ἄρα
1347 1927 1719 1996 ἐνυπάρχουσι
1765 1930 1963 1993 πάντες

381 2012 439 2061 ἐν
478 2012 694 2081 ἑκάστῳ
730 2014 922 2082 μορίῳ·
964 2015 1252 2085 ἀσώματοι
1300 2016 1410 2089 ἄρα
1439 2020 1568 2072 είσί·
1599 2021 1659 2073 τὸ
1687 2020 1796 2089 γὰρ
1825 2023 1962 2089 ἀμε-

386 2103 494 2169 ρὲς,
535 2105 627 2155 καὶ
662 2106 978 2173 ἀσώματον.
1020 2109 1236 2179 Ὠσπερ
1261 2111 1391 2177 γοῦν
1423 2114 1480 2165 ὲν
1515 2114 1593 2183 τῷ
1624 2113 1730 2185 ὅλῳ
1761 2114 1962 2186 δένδρῳ

382 2195 528 2245 ἐστὶν
656 2213 715 2247 τε
770 2196 1041 2268 θρεπτικὴ
1091 2203 1185 2254 καὶ
1237 2204 1505 2274 αὐξητικὴ
1565 2208 1659 2259 καὶ
1698 2211 1961 2279 γενητικὴ

378 2285 628 2353 δύναμις,
664 2288 808 2341 οὓτω
850 2297 943 2342 καὶ
979 2294 1035 2344 ὲν
1080 2294 1157 2364 τῷ
1189 2296 1388 2367 κλάδῳ,
1422 2298 1454 2366 ἢ
1491 2300 1557 2351 ὲν
1593 2298 1668 2368 τῷ
1698 2301 1958 2372 κλήματι,

382 2380 477 2431 καὶ
515 2382 571 2431 ὲν
595 2382 730 2452 αὐτῇ
767 2387 831 2453 τῇ
871 2389 1228 2457 κεγχραμίδι.

464 2474 606 2527 Ἀλλ’
639 2476 768 2539 ἴσως
801 2480 1102 2548 ἀπορήσειέ
1145 2500 1250 2546 τις,
1292 2483 1455 2536 πόθεν
1488 2481 1581 2539 οὖν
1610 2488 1853 2553 τέρατας
1900 2490 1960 2543 οὐ

383 2565 536 2633 παρὰ
582 2566 642 2618 τὸ
683 2569 743 2619 ὲν
788 2569 921 2621 δεῖνι
976 2570 1297 2635 πλεονάζειν
1328 2575 1388 2625 τὸ
1427 2575 1673 2645 σπέρμα.
1725 2580 1875 2631 Διατί
1904 2579 1961 2632 δὲ

383 2655 569 2720 πάλιν,
626 2657 674 2709 εί
739 2660 1086 2730 ἀποτμηθείη
1142 2662 1237 2716 τοῦ
1295 2665 1442 2717 σίτου
1511 2667 1717 2737 μόριον,
1780 2670 1962 2723 οὐκέτι

384 2745 671 2811 βλαστάνει
723 2749 783 2801 τὸ
823 2751 1050 2819 λοιπόν;
1106 2754 1248 2807 διιτί
1300 2757 1356 2808 δὲ
1404 2760 1431 2809 ὁ
1484 2758 1688 2825 φλοιὸς,
1737 2762 1796 2813 οὐ
1831 2762 1958 2831 βλα-

331 2903 335 2906 _
383 2840 590 2902 στάνει,
624 2841 656 2911 ἢ
692 2842 914 2909 φύλλον,
982 2847 1014 2912 ἦ
1046 2865 1099 2898 τι
1149 2849 1403 2911 τοιοῦτος
1442 2852 1619 2903 καίτοι
1660 2855 1754 2906 καὶ
1786 2856 1962 2909 ταῦτα

386 2932 552 3001 μόριά
605 2938 713 2988 εἰσι
765 2937 857 2990 τοῦ
916 2941 1159 3012 δένδρου.
1222 2945 1381 3010 Λέγω
1412 2944 1505 2997 οὖν
1557 2947 1686 3016 περὶ
1721 2948 1819 3017 μὲν
1851 2950 1961 3002 τῶν

385 3024 650 3093 τεράτων,
682 3028 762 3080 ὅτι
796 3029 894 3099 ὕλη
918 3033 1118 3104 ἐστὶνὴ
1148 3036 1317 3088 αἰτία·
1343 3038 1531 3107 ἐπειδὴ
1550 3039 1746 3093 δεῖκαὶ
1768 3044 1962 3112 ἐπιτη-

384 3114 655 3185 δειότητος
686 3121 783 3188 τῆς
814 3120 947 3192 ὕλης
982 3125 1123 3178 κατά
1153 3142 1210 3177 τε
1251 3127 1313 3178 τὸ
1347 3129 1513 3180 ποσὸν
1564 3131 1662 3182 καὶ
1692 3130 1753 3183 τὸ
1783 3134 1958 3187 ποιόν.

1992 1894 2039 1952 Β

2064 662 2189 702 cera
2217 651 2489 704 usuveuit.
2528 649 2869 707 Posteriores
2904 648 3051 705 enim
3100 647 3286 717 ﬁgurae
3328 644 3644 716 superiores

2065 741 2279 796 tollunt.
2301 741 2405 797 Sed
2422 752 2473 797 et
2491 754 2747 815 vegetans
2769 744 2971 808 anima,
2985 741 3094 797 etsi
3115 756 3279 797 sensu
3296 738 3536 797 deterior
3550 738 3644 801 sit,

2065 838 2202 908 ipsa,
2246 837 2488 904 inquam,
2517 846 2572 892 et
2602 835 2888 907 vegetandi
2942 835 3185 891 rationes
3232 834 3353 890 sine
3396 831 3645 903 partibus

2063 945 2203 993 esse,
2235 938 2396 999 atque
2416 931 2484 984 ob
2522 944 2641 986 eam
2671 944 2785 983 rem
2811 929 3146 997 incorporea:
3168 926 3300 982 satis
3331 934 3518 997 aperte
3547 918 3646 979 de;

2065 1028 2438 1077 monstrantur
2458 1040 2472 1076 :
2492 1021 2544 1075 in
2564 1021 2806 1092 qualibet
2825 1020 2968 1075 enim
2986 1028 3141 1090 parte
3162 1018 3413 1083 seminis,
3441 1014 3644 1072 eaedem

2064 1124 2189 1169 sunt
2214 1114 2442 1168 indivise
2476 1112 2752 1168 naturales
2794 1111 3057 1177 rationes,
3091 1111 3553 1181 quemadmodum
3592 1105 3647 1160 in

2067 1216 2181 1261 tolu
2204 1206 2433 1270 semine,
2465 1205 2665 1271 alendi,
2707 1204 2938 1276 augendi
2963 1212 3020 1260 et
3048 1201 3422 1280 conformandi
3474 1198 3648 1254 ratio-

2067 1313 2183 1354 nes.
2219 1298 2290 1354 Ut
2334 1300 2477 1353 enim
2529 1313 2693 1353 omne
2744 1297 3051 1354 immissum
3098 1309 3308 1360 semen,
3372 1295 3420 1350 si
3490 1302 3651 1347 utero

2066 1388 2521 1458 comprehensum
2580 1387 2768 1452 fuerit,
2836 1389 3138 1457 perfectum
3184 1382 3387 1441 animal
3443 1381 3646 1448 eliicit;

2068 1481 2142 1536 ita
2172 1481 2273 1537 etsi
2302 1496 2405 1536 non
2443 1488 2637 1545 totum,
2666 1481 2763 1538 sed
2792 1494 2940 1549 pars,
3003 1477 3362 1534 nihilominus
3406 1473 3604 1530 efﬁciet
3629 1491 3644 1527 :

2068 1580 2123 1625 at
2151 1572 2196 1627 si
2233 1571 2507 1627 naturales
2555 1572 2848 1628 animantis
2884 1569 3124 1625 rationes
3175 1582 3375 1637 corpus
3438 1572 3646 1628 essent,

2067 1679 2174 1720 non
2206 1674 2429 1732 possent
2462 1664 2515 1719 in
2546 1665 2734 1719 eadem
2775 1672 2932 1733 parte
2963 1662 3149 1727 simul,
3177 1660 3397 1730 capitis,
3424 1659 3647 1726 pedum,

2067 1765 2123 1813 et
2156 1756 2488 1825 reliquarum
2520 1758 2754 1824 partium
2790 1758 3032 1812 rationes
3089 1757 3288 1810 inesse.
3342 1752 3488 1815 Iam,
3517 1765 3649 1806 vero

2067 1856 2193 1902 sunt
2229 1848 2373 1903 velut
2410 1849 2461 1902 in
2487 1848 2589 1903 hac
2611 1857 2763 1916 parte
2819 1862 3029 1911 omnes,
3067 1847 3363 1914 itidemque
3424 1843 3480 1898 in
3544 1842 3645 1897 alia

2066 1954 2259 1995 omnes
2296 1960 2308 1994 :
2352 1940 2583 1996 indivise
2614 1940 2783 2010 igitur
2840 1938 2892 1992 in
2952 1938 3198 2007 qualibet
3244 1945 3400 2007 parte
3459 1936 3648 1990 insunt

2066 2046 2253 2087 omnes
2282 2050 2297 2087 :
2334 2046 2464 2101 ergo
2482 2031 2812 2100 incorporeas
2836 2039 2961 2085 sunt
2986 2049 2998 2084 :
3029 2029 3176 2099 quod
3206 2028 3349 2083 enim
3380 2026 3647 2097 partibus.

2069 2125 2119 2178 id
2151 2132 2206 2178 et
2231 2138 2461 2193 corpore
2512 2133 2682 2177 caret.
2746 2121 3217 2189 Quemadmodum
3273 2119 3438 2187 igitur
3484 2127 3538 2173 et
3590 2117 3646 2171 in

2066 2222 2177 2270 tota
2229 2216 2448 2280 arbore,
2483 2215 2670 2279 altrix,
2738 2214 2950 2269 auctrix
3007 2224 3062 2268 et
3108 2211 3360 2284 gignendi
3416 2209 3648 2265 facultas

2064 2316 2149 2363 est
2185 2327 2198 2362 :
2231 2308 2310 2364 sic
2345 2308 2510 2363 etiam
2568 2308 2622 2363 in
2647 2322 2822 2375 ramo,
2854 2316 2909 2363 et
2957 2306 3009 2362 in
3066 2305 3310 2376 palmite,
3334 2313 3389 2361 et
3438 2303 3491 2358 in
3528 2303 3647 2373 ipso

2068 2401 2151 2455 {lci
2179 2416 2375 2471 grano.

2136 2490 2205 2546 Et
2248 2490 2527 2560 quaesierit
2590 2490 2824 2547 fortasse
2902 2490 3198 2561 quispiam,
3285 2487 3430 2543 unde
3483 2488 3647 2560 igitur

2068 2582 2356 2639 monstra?
2385 2599 2492 2639 non
2516 2582 2661 2639 enim
2692 2585 2836 2653 quod
2861 2583 2919 2637 in
2939 2582 3123 2653 aliquo
3164 2581 3405 2636 abundet
3434 2594 3644 2636 semen.

2069 2673 2173 2729 Sed
2232 2691 2445 2739 rursus,
2516 2691 2615 2730 cur
2668 2675 2800 2731 elisa
2855 2674 3008 2743 grani
3049 2673 3313 2744 particula
3374 2673 3643 2742 reliquum

2066 2769 2259 2823 deinde
2288 2784 2392 2822 non
2416 2767 2688 2838 geminat
2716 2762 2859 2821 ‘.’cur
2881 2776 3065 2821 autem
3095 2774 3304 2827 cortex,
3334 2764 3415 2820 vel
3444 2763 3641 2819 folium

2064 2860 2148 2912 vel
2198 2858 2476 2928 quidpiam
2538 2858 2804 2929 ejusmodi
2867 2873 2975 2913 non
3028 2856 3346 2925 germinat?
3398 2860 3516 2911 etsl'
3563 2856 3645 2909 lue

2065 2965 2280 3019 quoque
2316 2958 2497 3019 partes
2554 2951 2663 3005 sint
2725 2950 2959 3006 arboris.
3017 2949 3092 3003 De
3144 2947 3406 3005 monstris
3462 2947 3646 3017 itaque

2066 3046 2207 3108 dico,
2236 3045 2427 3098 horum
2451 3059 2675 3100 causam
2715 3060 2839 3101 esse
2892 3042 3177 3099 materiam
3215 3059 3231 3096 :
3286 3041 3447 3112 hujus
3494 3040 3641 3095 enim

2064 3138 2586 3204 accommodatione,
2623 3146 2738 3193 tum
2790 3136 3135 3208 quantitatis,
3203 3145 3315 3189 tum
3367 3130 3644 3202 qualitatis

385 3206 524 3273 ’Ὑλη
574 3210 629 3262 δὲ
680 3213 789 3263 τῶν
848 3214 1005 3276 ζώων
1060 3218 1120 3269 τὸ
1176 3221 1536 3289 καταμήνιον.
1594 3221 1741 3292 Αὕτη
1787 3220 1878 3277 οὖν
1922 3225 2029 3297 ἦρ
2061 3244 2129 3301 0p

1922 3225 1954 3296 ἢ
1987 3236 2029 3297 c
2061 3244 2195 3301 opus
2218 3239 2323 3285 est.
2354 3229 2578 3285 Materia
2603 3206 3161 3297 autem,vmenstruum
3189 3224 3600 3283 estanimalium
3624 3240 3639 3279 :

383 3298 772 3366 πλεονάζουσα,
803 3305 834 3373 ἢ
860 3306 1133 3373 ἐνδέουσα,
1157 3310 1190 3380 ἢ
1223 3312 1374 3379 παρὰ
1402 3311 1563 3378 φύσιν
1587 3319 1956 3386 πεποιημένη,

381 3391 491 3442 τῶν
522 3396 766 3463 τεράτων
793 3398 941 3449 ἐστὶν
969 3402 1000 3467 ἡ
1053 3402 1223 3456 αἰτία.
1260 3403 1373 3456 Καὶ
1406 3403 1638 3457 καθόλου
1681 3406 1737 3457 δέ
1792 3424 1956 3477 φημι,

381 3481 463 3533 ὅτι
514 3486 567 3536 αἱ
598 3486 854 3554 δυνάμεις
880 3482 1065 3553 αὗται,
1102 3495 1150 3546 εί
1197 3496 1292 3547 καὶ
1325 3498 1611 3566 ἀσώματοι
1647 3499 1821 3551 είσιϊ.
1845 3500 1958 3553 ἀλλ’

383 3573 440 3623 ὲν
476 3574 822 3648 ὑποκειμένῳ
870 3581 947 3651 τῷ
977 3582 1193 3653 σώματι
1234 3587 1294 3637 τὺ
1326 3584 1466 3641 εἶναι
1494 3589 1698 3658 ἔχουσι,
1742 3594 1832 3643 καὶ
1872 3594 1960 3646 ἵνα

383 3660 485 3719 ὦσι
516 3668 726 3723 δέονται
766 3672 1083 3744 σύμμετρον
1128 3677 1274 3745 ἔχειν
1319 3680 1378 3731 τὸ
1426 3681 1822 3750 ὑποκείμενον,
1865 3687 1959 3738 καὶ

384 3762 633 3831 ποιότητι
668 3766 758 3817 καὶ
794 3769 1073 3838 ποσότητι,
1126 3768 1239 3824 οἷον
1279 3775 1307 3825 ὁ
1356 3775 1555 3838 κύκλος
1586 3778 1681 3829 καὶ
1733 3778 1958 3845 ἁπλοῦς,

383 3854 443 3903 τὸ
481 3854 636 3922 σῶμα
665 3857 960 3913 δείκνυται·
1015 3864 1148 3915 αὐτὸ
1200 3866 1297 3933 μὲν
1336 3866 1459 3919 καθ’
1497 3868 1630 3922 αὐτὸ
1660 3869 1863 3925 ἄποσον
1901 3872 1961 3925 ὃν

385 3943 477 3995 καὶ
505 3946 794 4014 ἀμέγεθες,
831 3953 925 4003 καὶ
964 3954 1147 4017 ἁπλῶς
1181 3954 1496 4025 ἀσώματον.
1533 3962 1648 4013 Οὐκ
1681 3962 1747 4015 ἂν
1779 3963 1836 4015 δὲ
1866 3981 1961 4016 συ-

387 4039 569 4105 σταίη,
604 4040 651 4090 εἰ
686 4040 759 4110 μὴ
788 4042 1113 4097 ὑπολάϐοιτο
1152 4047 1539 4115 ὑποκειμένου,
1600 4054 1693 4105 καὶ
1742 4055 1961 4121 μεγέθει

387 4131 701 4200 συμμέτρου
734 4136 825 4186 καὶ
862 4138 1132 4205 ποιότητι,
1163 4135 1275 4192 οἷον
1306 4142 1406 4193 οὐκ
1455 4143 1519 4195 ἂν
1550 4148 1608 4196 ἐν
1652 4147 1833 4217 μικρῴ
1867 4148 1961 4201 καὶ

383 4222 656 4294 ἀκαριαέῳ
694 4227 906 4295 σώματι
937 4231 1168 4299 συσταίη
1203 4233 1268 4284 ἀν
1301 4233 1522 4295 κύκλος.
1562 4238 1682 4289 οὐδὲ
1720 4240 1776 4290 ἐν
1810 4239 1962 4309 ὑγρῷ

382 4310 633 4383 διαρρέον
664 4333 736 4369 τι.
763 4317 946 4379 Οὕτως
989 4319 1082 4372 οὖν
1117 4322 1210 4373 καὶ
1242 4322 1335 4375 ἐπὶ
1377 4324 1473 4376 τοῦ
1518 4327 1785 4396 παρόντος
1819 4330 1962 4392 λέγω

384 4406 482 4463 ὅτι,
508 4410 553 4457 εἰ
583 4407 675 4459 καὶ
705 4408 932 4478 ἀμερεῖς
956 4413 1003 4463 οἱ
1033 4410 1183 4477 λόγοι
1206 4413 1326 4466 καθ’
1352 4416 1591 4479 ἑαυτοῖς,
1620 4420 1737 4471 ἀλλ’
1767 4421 1959 4491 ἐπειδὴ

387 4498 443 4546 ὲν
481 4498 825 4570 ὑποκειμένῳ
852 4502 1067 4570 σώματι
1097 4504 1157 4557 τὸ
1196 4502 1339 4559 εἶναι
1378 4507 1619 4576 ἔχουσιν,
1646 4511 1743 4580 οὐχ
1776 4513 1959 4577 ἁπλῶς

2065 3322 2180 3376 lt-rc
2214 3323 2379 3391 igitur
2411 3323 2457 3377 si
2490 3322 2751 3389 abundet,
2788 3323 2873 3378 vel
2915 3322 3154 3388 deﬁciat,
3191 3319 3276 3375 vel
3308 3328 3506 3387 praeter
3541 3332 3640 3371 na-

2064 3423 2241 3469 turam
2284 3414 2467 3476 fuerit,
2505 3424 2872 3471 monstrorum
2910 3428 3073 3469 causa
3136 3420 3238 3467 est.
3285 3412 3462 3480 Atque
3523 3410 3645 3463 uni-

2069 3521 2228 3562 verse
2262 3508 2404 3572 dico,
2441 3508 2607 3563 liasce
2637 3514 2959 3576 potestates,
2989 3506 3090 3561 etsi
3129 3505 3463 3573 incorporeas
3492 3509 3640 3566 sunt,

2062 3612 2183 3652 esse
2215 3610 2392 3652 tamen
2422 3598 2473 3651 in
2536 3597 2784 3667 subjecto
2810 3610 3059 3665 corpore,
3086 3604 3251 3664 atque
3293 3602 3351 3647 ut
3380 3594 3510 3656 sint,
3551 3607 3645 3647 ac-

2066 3688 2407 3742 commodato
2434 3689 2560 3752 sibi,
2591 3697 2645 3743 et
2666 3689 2970 3755 quantitate
3000 3698 3056 3742 et
3086 3687 3373 3757 qualitate,
3394 3685 3642 3755 subjecto

2065 3779 2327 3849 indigere.
2375 3780 2837 3847 Quemadmodum
2888 3779 3126 3835 circulus
3168 3780 3329 3833 etiam
3387 3776 3641 3847 simplex.

2064 3886 2262 3939 corpus
2295 3873 2551 3935 ostendit,
2583 3872 2674 3939 qui
2709 3886 2804 3941 per
2831 3885 2890 3926 se
2944 3872 3055 3940 ipse
3088 3870 3643 3941 quidem-quantitate

2063 3977 2127 4017 ac
2158 3964 2530 4033 magnitudine
2561 3974 2732 4028 caret,
2757 3974 2812 4019 et
2858 3965 3016 4035 plane
3048 3966 3403 4035 incorporeus
3429 3974 3512 4020 est
3540 3981 3556 4019 :
3587 3974 3644 4019 at

2065 4066 2315 4112 constare
2348 4075 2453 4121 nun
2484 4067 2686 4127 potest,
2738 4059 2842 4113 nisi
2899 4061 3201 4130 subjectum
3253 4069 3308 4113 et
3373 4058 3644 4128 magnitu-

2068 4151 2273 4215 tudine,
2290 4160 2343 4205 et
2375 4152 2639 4220 qualitate
2661 4150 2763 4206 sibi
2784 4152 3194 4205 accommodum
3218 4158 3409 4205 nactus
3437 4148 3600 4204 fuerit
3625 4163 3639 4201 :

2068 4257 2189 4295 nam
2223 4243 2273 4295 in
2307 4257 2472 4309 parvo
2498 4251 2552 4297 et
2576 4242 2704 4296 exili
2727 4242 2957 4310 corpore
2982 4251 3239 4296 constare
3285 4240 3521 4295 circulus
3547 4253 3642 4293 ne-

2065 4337 2202 4405 quit,
2265 4336 2507 4404 nequein
2542 4336 2762 4390 humido
2806 4336 3009 4405 aliquid
3071 4333 3265 4389 ﬂuens.
3327 4334 3420 4389 Sic
3479 4332 3636 4404 igitu;

2066 4437 2117 4481 et
2153 4427 2204 4480 in
2237 4440 2296 4481 re
2323 4425 2572 4494 praesenti
2602 4427 2725 4481 dico
2760 4444 2775 4481 :
2808 4427 2909 4481 etsi
2957 4440 3054 4496 per
3112 4440 3172 4481 se
3239 4425 3485 4481 indivisa
3534 4427 3644 4479 sint

2069 4516 2327 4579 rationes,
2359 4526 2644 4585 postquam
2678 4525 2857 4571 tamen
2889 4518 2941 4569 in
2975 4516 3219 4586 subjecto
3243 4531 3469 4586 corpore
3491 4525 3640 4581 sunt,

382 4586 440 4637 δὲ
484 4590 587 4639 πᾶν
620 4590 798 4658 σῶμα,
827 4591 859 4658 ἦ
895 4592 970 4655 ὡς
1000 4592 1189 4664 ἔτυχεν
1222 4597 1365 4667 ἔχον,
1402 4594 1515 4652 οἶόν
1545 4604 1603 4655 τέ
1639 4604 1756 4655 ἐστι
1787 4621 1959 4657 κατα·
1993 4583 2036 4637 D
2068 4621 2131 4660 ne

1894 4623 1959 4657 α-
1993 4583 2036 4637 D
2068 4621 2242 4676 neque
2268 4606 2605 4674 simpliciter,
2637 4622 2797 4662 omne
2819 4621 3017 4676 corpus
3051 4608 3152 4661 nisi
3185 4618 3244 4662 ut
3270 4618 3637 4677 comparatum

382 4677 639 4741 δέξασθαι
660 4682 785 4744 τοὺς
816 4682 1031 4752 λόγους,
1064 4686 1156 4740 διὰ
1174 4690 1333 4742 τοῦτο
1353 4690 1433 4743 δεῖ
1461 4693 1556 4745 καὶ
1582 4696 1957 4766 ἐπιτηδειότη-

381 4786 472 4831 τος
504 4770 598 4823 τοῦ
631 4774 1014 4844 ὑποκειμένου.
1053 4780 1114 4832 El
1155 4780 1211 4833 δὲ
1258 4782 1395 4844 ὅλως
1437 4786 1788 4852 εὑρίσκονται
1816 4792 1870 4843 αἱ
1901 4792 1959 4844 ὲν

383 4861 460 4929 τῷ
485 4862 591 4931 ὅλῳ
617 4864 818 4935 δένδρῳ
862 4867 1142 4939 δυνάμεις,
1201 4874 1375 4927 πᾶσαι
1407 4874 1713 4941 ἀνελλιπῶς
1758 4882 1851 4932 καὶ
1903 4882 1959 4934 ἒν

384 4971 495 5005 τισι
523 4955 735 5023 μέρεσι·
767 4957 926 5026 δῆλον
972 4960 1053 5013 ὃτι
1093 4962 1159 5015 δι’
1195 4964 1452 5033 οὐδεμίαν
1484 4967 1651 5037 ἄλλην
1682 4971 1885 5036 αἰτίαν,
1924 4974 1955 5044 ἢ

385 5044 473 5096 διὰ
503 5045 562 5097 τὸ
591 5047 820 5118 ἀμερεῖς
853 5047 991 5105 εἶναι
1020 5055 1191 5118 αὑτὰς
1224 5056 1347 5110 καθ’
1374 5059 1562 5122 αὑτάς.
1597 5060 1655 5113 El
1684 5063 1793 5132 γὰρ
1818 5059 1959 5135 ἦσαν

387 5136 637 5204 σώματα,
672 5140 797 5194 οὔτε
836 5143 899 5213 δὴ
925 5146 981 5197 ἐν
1012 5146 1090 5217 τῷ
1120 5148 1495 5219 άποτμηθέντι
1536 5152 1716 5224 κλάδῳ
1750 5156 1867 5208 ὅλαι
1893 5157 1958 5211 ἂν

383 5226 547 5296 ἦσαν,
574 5232 750 5286 καὶτὸ
777 5234 996 5306 δένδρον
1036 5239 1257 5293 κολοϐὸν
1285 5241 1351 5295 ἀν
1378 5238 1465 5311 ἦν.
1494 5244 1556 5297 Ei
1584 5244 1643 5297 δέ
1670 5264 1752 5308 τις
1789 5248 1957 5314 εἴποι,

384 5321 523 5395 ἀλλὰ
550 5324 774 5379 δύναται
803 5326 1003 5395 λέγειν,
1052 5331 1132 5383 ὅτι
1169 5333 1398 5401 σώματά
1439 5337 1578 5388 εἰσιν
1613 5339 1918 5410 ὁμοιομερῆ
1942 5382 1955 5404 ,

385 5415 453 5467 δι’
480 5416 602 5469 ὅλου
627 5418 855 5478 ἥκοντα.
884 5420 1007 5475 Τῶν
1049 5423 1103 5476 δὲ
1137 5426 1481 5496 ὁμοιομερῶν
1526 5428 1587 5482 τὸ
1633 5432 1767 5484 αὑτό
1809 5434 1959 5486 ἐστιν

386 5504 526 5571 εἶδος
550 5511 607 5561 ὲν
635 5510 711 5581 τῷ
741 5512 920 5583 μέρει,
947 5516 1083 5586 ὅπερ
1113 5517 1206 5569 καὶ
1247 5521 1303 5569 ὲν
1343 5518 1420 5587 τῷ
1454 5520 1582 5590 ὅλῳ·
1615 5522 1689 5585 ὡς
1736 5523 1829 5576 ἐπὶ
1858 5525 1959 5592 τῆς

389 5600 592 5678 σαρκὸς
617 5601 727 5671 ἔχει
758 5604 817 5655 τὸ
844 5604 1190 5677 ὁμοιομερές.
1237 5610 1486 5677 Λέγομεν
1536 5612 1673 5681 πρὸς
1697 5612 1878 5677 τοῦτο,
1908 5618 1957 5668 εἰ

382 5687 527 5759 ἦσαν
557 5694 856 5767 ὁμοιομερῆ
897 5694 1146 5765 σώματα,
1195 5699 1295 5752 οὐκ
1342 5699 1408 5752 ἂν
1445 5700 1733 5773 ἐχώρησαν
1762 5704 1859 5757 ὅλα
1890 5706 1955 5759 δι’

387 5785 516 5853 ὅλης
537 5785 635 5855 τῆς
662 5787 1029 5858 ὑποκειμένης
1053 5807 1065 5818 ·
1101 5790 1258 5860 σῶμα
1290 5792 1400 5861 γὰρ
1439 5793 1528 5847 διὰ
1557 5795 1811 5865 σώματος
1849 5817 1955 5868 χω·

391 5877 555 5947 ρῆσαι
581 5879 863 5939 ἀδύνατον.
897 5883 1155 5935 Εξτοίνυν
1178 5884 1232 5937 αί
1268 5885 1689 5957 καταδεέστεραι
1718 5890 1827 5943 τῶν
1854 5891 1956 5959 ψυ-

2065 4707 2170 4762 est,
2201 4698 2440 4751 rationes
2470 4698 2748 4765 suscipere
2781 4707 2957 4765 potest
2985 4713 3001 4750 :
3068 4707 3351 4768 propterea
3412 4699 3639 4767 subjecti

2064 4791 2568 4845 accommodatione
2605 4805 2738 4859 opus
2777 4800 2880 4845 est.
2912 4790 3005 4845 Sin
3037 4801 3214 4844 autem
3251 4805 3369 4859 quae
3416 4791 3467 4845 in
3530 4800 3638 4846 tota

2064 4866 2189 4935 Sunt
2220 4880 2411 4935 arbore
2436 4891 2752 4948 potestates,
2785 4896 2977 4937 omnes
3009 4883 3184 4950 plena:
3218 4892 3380 4951 atque
3406 4883 3634 4952 integrae

2065 4975 2227 5029 etiam
2264 4974 2316 5027 in
2343 4974 2661 5043 quibusdam
2697 4974 2945 5042 partibus
2990 4975 3364 5039 inveniuntur,
3425 4975 3627 5029 nullam

2066 5069 2115 5122 id
2150 5067 2308 5121 aliam
2345 5067 2416 5122 ob
2444 5080 2665 5122 causam
2699 5068 2775 5133 tit,
2809 5082 2974 5137 quam
3014 5068 3154 5135 quod
3178 5080 3275 5132 per
3299 5080 3360 5122 se
3397 5067 3639 5122 indivisa:

2066 5168 2190 5216 sunt
2215 5178 2228 5219 :
2254 5160 2299 5215 si
2331 5160 2473 5216 enim
2498 5173 2726 5229 corpora
2754 5166 2956 5223 essent,
3017 5174 3125 5215 non
3165 5172 3358 5214 omnes
3404 5159 3460 5213 in
3507 5159 3637 5214 abs-

2065 5250 2207 5304 cisso
2238 5263 2387 5301 ramo
2418 5256 2619 5310 essent,
2648 5246 2870 5315 ipsaque
2927 5245 3089 5301 arbor
3120 5261 3306 5301 manca
3347 5232 3409 5299 et.
3447 5246 3636 5299 mutila

2065 5344 2221 5397 l'oret.
2260 5339 2317 5395 Si
2347 5341 2468 5409 quis
2491 5349 2670 5394 autem
2707 5348 3020 5409 retorqueat
3049 5338 3177 5392 :sed
3219 5336 3459 5404 proclive
3487 5337 3635 5391 dictu

2064 5444 2168 5497 cst,
2193 5447 2286 5487 eas
2320 5447 2444 5488 esse
2472 5446 2699 5502 corpora
2733 5416 2990 5485 similium
3028 5431 3286 5500 partium,
3308 5444 3429 5499 qua:
3462 5438 3630 5483 totum

2062 5525 2362 5597 pcrvadant
2394 5542 2406 5576 :
2441 5538 2630 5579 eorum
2680 5537 2811 5579 vero
2868 5537 2987 5592 quae
3039 5521 3312 5577 similibus
3382 5527 3636 5575 constant

2062 5617 2309 5686 partibus
2360 5614 2607 5670 eamdem
2660 5629 2785 5670 esse
2827 5614 3055 5667 formam
3094 5613 3147 5667 in
3201 5623 3375 5682 parte,
3406 5625 3527 5679 quae
3579 5611 3633 5664 in

2064 5718 2198 5773 toto,
2227 5709 2358 5762 utin
2385 5722 2550 5763 carne
2581 5722 2641 5764 se
2668 5707 2829 5762 habet
2860 5707 2952 5760 illa
3010 5707 3243 5775 partium
3306 5702 3629 5758 similitudo.

2064 5798 2168 5853 Sed
2200 5798 2584 5865 respondemus
2613 5815 2625 5851 :
2660 5798 2702 5852 si
2732 5804 3025 5866 potestates
3064 5796 3168 5849 illac
3216 5794 3472 5849 similium
3507 5807 3636 5862 par-

2064 5894 2192 5946 tium
2228 5905 2453 5961 corpora
2479 5900 2683 5958 essent,
2720 5905 2994 5961 nunquam
3025 5896 3132 5944 tota
3180 5902 3276 5958 per
3316 5897 3486 5944 totam
3520 5898 3634 5940 rem
