4430 6448
782 328 921 392 1047

2046 345 2473 405 MICHAEIJS
2513 345 2783 405 PSELLI

3913 341 4049 408 1M8

772 444 1071 512 subjectam
1103 451 1545 513 pertransisscnt.
1573 454 1782 523 Corpus
1830 460 2002 525 enim,
2036 474 2234 530 corpus
2265 476 2328 529 pc
2392 464 2434 519 Α
2469 480 2521 529 χι

2302 476 2328 514 c
2392 464 2434 519 Α
2469 461 2641 529 χικῶν
2669 460 2957 526 δυνάμεων
2990 459 3298 529 ἀσώματοι,
3335 458 3514 529 πολλῷ
3550 456 3749 527 μᾶλλον
3776 458 3809 524 ἡ
3836 457 4051 528 λογικὴ.

773 542 996 589 netrare
1030 551 1135 590 non
1170 546 1366 606 potest.
1403 541 1459 596 Si
1493 558 1623 613 ergo
1657 544 2134 614 ignobilioresillze
2157 549 2353 602 animae

773 635 1090 695 potestates,
1132 630 1250 685 sine
1283 647 1514 702 corpore
1538 646 1683 703 sunt,
1747 640 1917 693 multo
1948 642 2119 711 magis
2182 643 2352 699 ratio-

774 721 860 775 nis
897 736 1142 791 compos,
1171 724 1328 796 longe
1359 730 1478 784 istis
1521 734 1885 799 pmstantior.
1919 734 1997 788 Ac
2053 736 2173 792 sine
2235 752 2355 792 cor-

774 827 906 879 pore
926 828 1069 879 esse,
1106 818 1486 874 communibus
1516 822 1623 877 illis
1642 827 1980 893 argumentis
2011 827 2354 883 demonstra-

774 914 886 956 tum
920 916 1041 973 est;
1076 910 1171 962 sed
1196 910 1295 965 hoc
1328 912 1546 981 insuper
1572 916 1638 970 de
1664 916 1777 985 ipsa
1799 915 2075 987 peculiare
2098 921 2349 976 dicimus.

773 994 992 1051 Nullum
1033 1013 1228 1066 corpus
1295 1003 1532 1073 seipsum
1581 1008 1882 1075 cognoscit,
1937 1026 2115 1078 neque
2173 1012 2351 1082 ipsum

775 1086 844 1141 ad
908 1102 967 1144 se
994 1092 1332 1147 convertitur
1362 1111 1503 1151 :non
1534 1099 1679 1152 enim
1715 1114 1908 1155 manus
1930 1112 2022 1155 aut
2046 1103 2193 1159 aliud
2227 1119 2354 1160 cor-

776 1194 879 1246 pus
906 1184 1151 1239 se'novit
1182 1202 1199 1251 ;
1235 1187 1331 1241 sed
1369 1202 1543 1258 neque
1578 1189 1789 1246 ratione
1827 1208 1995 1248 cassae
2032 1204 2350 1262 potestates.

773 1273 875 1327 etsi
914 1274 1245 1346 incorporea
1273 1278 1403 1343 sint,
1470 1282 1677 1348 seipsas
1737 1295 1935 1339 norttnt
1972 1303 1989 1354 ;
2036 1302 2141 1341 non
2184 1289 2352 1355 visus,

775 1364 858 1418 vel
893 1368 1130 1433 auditus,
1152 1384 1256 1424 non
1292 1386 1482 1427 onmes
1498 1373 1731 1443 denique
1755 1391 1952 1431 sensus
1982 1397 1996 1432 :
2024 1392 2197 1449 neque
2224 1381 2353 1434 item

777 1458 1058 1524 inquirunt
1087 1460 1242 1528 cujus
1273 1463 1385 1518 sint
1443 1473 1649 1520 natura:
1682 1483 1696 1531 ;
1735 1468 1829 1523 sed
1874 1471 2014 1525 ratio
2062 1481 2166 1535 est,
2237 1488 2356 1539 quae

770 1550 840 1604 de
868 1550 1265 1623 ipsisinqulrit.
1304 1556 1374 1610 At
1405 1570 1463 1612 se
1491 1557 1602 1625 ipsa
1656 1562 1806 1615 novit
1846 1563 2073 1617 rationis
2135 1580 2355 1633 compos

772 1643 956 1697 anima
1000 1662 1017 1712 ;
1052 1647 1163 1712 ipsa
1194 1648 1359 1716 igitur
1380 1660 1489 1715 est,
1521 1666 1641 1721 qua
1685 1653 1931 1723 inquirit,
1958 1666 2006 1709 et
2031 1657 2096 1711 de
2124 1673 2229 1727 qua
2272 1662 2355 1713 itt-

774 1737 1013 1803 quiritur
1040 1755 1055 1804 ;
1085 1741 1200 1809 ipsa
1219 1751 1324 1806 est,
1353 1758 1473 1813 quae
1504 1747 1727 1815 reperit,
1758 1755 1812 1800 et
1848 1762 1970 1816 quae
2031 1740 2294 1818 reperittir
2337 1770 2351 1818 ;

2463 553 2734 622 κρείττων
2764 548 2897 605 οὖσα
2929 553 3130 622 πολλῷ.
3151 554 3280 607 ’Ότι
3313 553 3422 622 γὰρ
3441 551 3537 604 καὶ
3562 550 3703 620 αὑτὴ
3734 551 4052 619 ἀσώματος,

2464 644 2737 696 δέδεικται
2782 644 2884 713 μὲν
2915 647 3011 699 καὶ
3043 646 3133 699 διὰ
3165 648 3277 699 τῶν
3307 645 3506 699 κοινῶν
3557 645 3754 712 λόγων.
3805 646 4053 713 Δέγομεν

2462 735 2517 788 δὲ
2548 740 2645 791 καὶ
2689 737 2797 790 ῐδια
2829 739 2922 789 ἐπὶ
2966 739 3141 809 αὐτῆς
3172 737 3364 803 οὕτως.
3404 738 3573 793 Οὐδὲν
3614 738 3725 789 τῶν
3782 738 4053 805 σωμάτων

2464 826 2594 878 αὐτὸ
2622 827 2784 880 ἑαυτὸ
2804 828 3089 895 γινώσκει,
3117 830 3238 883 οὐδὲ
3264 830 3404 900 πρὸς
3434 829 3600 883 ἑαυτὸ
3626 827 4048 896 ἐπιστρέφεται.

2464 922 2539 975 Οὐ
2565 922 2675 992 γὰρ
2698 919 2841 977 οἶδεν
2864 924 3062 994 ἑαυτὴν
3079 927 3113 993 ἠ
3142 926 3287 995 χεὶρ,
3318 925 3351 994 ἦ
3375 924 3505 978 ἄλλο
3527 941 3581 975 τι
3606 922 3711 974 τῶν
3741 923 4013 989 σωμάτιον
4031 936 4048 951 ·

2462 1012 2575 1067 ἀλλ’
2604 1014 2726 1067 οὐδὲ
2756 1016 2812 1068 αἱ
2836 1015 3315 1081 ἄλογοιὸυνάαεις,
3347 1015 3527 1067 καίτοι
3553 1012 3837 1080 ἀσώματοι
3865 1007 4048 1069 οὖσαι,

2464 1109 2665 1173 ἑαυτὰς
2692 1112 2891 1165 ἴσασιν.
2913 1112 2986 1165 Οὐ
3014 1112 3123 1181 γὰρ
3150 1109 3291 1164 οἶδεν
3319 1111 3519 1178 ἑαυτὴν
3543 1111 3576 1179 ἡ
3606 1108 3777 1177 ὄψιςῆ
3812 1109 3844 1176 ἡ
3872 1106 4010 1173 ἀκοή
4032 1122 4048 1136 ·

2462 1201 2493 1269 ἢ
2542 1201 2729 1265 ἁπλῶς
2781 1202 3034 1272 αἴσθησις
3056 1219 3069 1232 ⁸
3101 1203 3219 1255 οὐδὲ
3255 1202 3411 1271 ζητεί
3448 1201 3608 1261 ποίας
3656 1202 3775 1252 ἐστὶ
3811 1198 4047 1265 φύσεως,

2460 1291 2576 1344 ἀλλ’
2597 1294 2625 1344 ὁ
2644 1291 2803 1359 λόγος
2834 1292 2984 1346 ἐστὶν
3006 1292 3185 1365 ὁςπερὶ
3202 1291 3382 1345 αὐτῶν
3406 1289 3606 1359 ζητῶν,
3627 1290 3660 1357 ἡ
3683 1288 3783 1356 μέν
3804 1304 3884 1339 τοι
3902 1283 4050 1353 ψυχὴ

2461 1384 2492 1448 ἡ
2521 1380 2737 1452 λογικὴ,
2768 1381 2907 1452 αὐτὴ
2934 1383 3134 1453 ἑαυτὴν
3167 1382 3467 1449 γινώσκει·
3502 1380 3641 1445 αὑτὴ
3675 1379 3805 1440 γοῦν
3836 1378 3982 1428 ἐστιν
4018 1377 4051 1441 ἠ

2462 1473 2721 1543 ζητοῦσα,
2746 1476 2937 1546 αὐτὴή
2960 1475 3270 1544 ζητουμένη
3288 1490 3301 1502 ·
3321 1472 3511 1542 αὐτὴή
3534 1470 3892 1541 εὐρίσκουσα,
3912 1464 4050 1531 αὐτὴ

2460 1569 2867 1641 ἡεύρισκομένη
2884 1587 2897 1601 ο
2926 1571 2959 1640 ἠ
2982 1568 3331 1637 γινώσκουσα
3354 1566 3447 1619 καί
3466 1563 3876 1635 γινωσκομένη·
3908 1558 4053 1610 ἀσώ-

2465 1679 2633 1731 ματος
2659 1662 2769 1731 ἄρα
2801 1661 3047 1731 ἐναργῶς
3073 1658 3472 1714 ἀποδέδεικται.
3502 1657 3625 1709 Ἔτι
3648 1656 3704 1707 αἱ
3740 1654 3801 1705 ἐν
3828 1654 4048 1703 ὑποκει-

2466 1753 2610 1820 μένῳ
2642 1752 2720 1821 τῷ
2752 1752 2965 1820 σώματι
2996 1752 3279 1821 δυνάμεις,
3312 1745 3728 1816 συνακμάζουσί
3758 1760 3818 1794 τε
3845 1742 3923 1809 τῷ
3948 1739 4051 1792 σάν

773 1842 894 1896 quae
923 1832 1227 1897 cognoscit,
1252 1844 1307 1888 et
1331 1850 1450 1902 quae
1470 1837 1834 1904 cognoscitur.
1869 1838 2022 1893 Hanc
2049 1817 2210 1909 igitur
2232 1817 2352 1897 sine
2386 1817 2428 1873 Β
2459 1817 2522 1909 με

2295 1858 2352 1897 ne
2386 1817 2428 1873 Β
2459 1842 2705 1909 μασι-ικαι⁵
2721 1841 3217 1912 συναμαυροῦνται.
3240 1840 3500 1893 Τοιαῦται
3523 1833 4044 1904 γοῦναῑαὶσθήσεις.

775 1932 1007 1989 corpore
1028 1935 1152 1977 esse
1181 1926 1463 1994 perspicue
1518 1927 1875 1983 ostendimus.
1915 1929 2206 1995 Praeterea,
2236 1947 2355 2001 qua:

778 2010 832 2064 in
867 2012 1119 2082 subjecto
1149 2030 1380 2086 corpore
1418 2026 1565 2082 sunt,
1596 2027 1920 2089 potestates,
1948 2035 2055 2074 una
2084 2036 2205 2075 cum
2234 2037 2355 2075 cor-

778 2117 907 2168 pore
939 2105 1277 2163 invalescunt
1302 2119 1359 2164 et
1395 2110 1764 2166 obsolescunt.
1809 2113 1967 2168 Tales
2030 2115 2194 2184 igitur
2228 2125 2357 2170 sunt

2456 1934 2649 2003 Θνμὺς,
2692 1935 2981 2003 ἐπιθυμία.
3048 1935 3110 1987 Ἥ
3151 1934 3207 1986 δὲ
3237 1932 3430 2001 λογικῆ
3464 1928 3615 1998 ψυχὴ
3648 1927 3710 1979 τδ
3776 1923 4046 1978 ἐναντίον.

2458 2028 2869 2097 μαραινομένου
2902 2027 2996 2080 τοῦ
3032 2025 3287 2095 σώματος
3316 2024 3455 2091 αὐτὴ
3491 2019 3769 2091 ἀκμάζει·
3809 2016 3907 2069 οὑκ
3937 2013 4043 2083 ἄρα

2456 2122 2513 2172 ἐν
2550 2122 2897 2193 ὑποκειμένῳ
2926 2124 3043 2177 έστί
3070 2124 3145 2191 τῷ
3179 2123 3413 2191 σώματι.

777 2212 973 2254 sensus
1006 2217 1021 2267 ;
1065 2208 1177 2254 tum
1210 2210 1264 2256 et
1294 2201 1558 2267 irascens,
1602 2214 1655 2260 et
1689 2207 2081 2275 concupiscens
2114 2226 2125 2260 :
2162 2218 2350 2263 contra
2389 2227 2519 2266 vero
2590 2216 2932 2271 rationabilis
2994 2215 3195 2275 anima,
3249 2217 3619 2267 marcescente
3681 2216 3909 2270 corpore
3972 2198 4050 2249 vi-

778 2301 867 2361 get
898 2293 1036 2358 ipsa,
1069 2304 1123 2347 et
1155 2293 1329 2350 ﬂoret.
1357 2294 1473 2351 Non
1502 2307 1587 2352 est
1624 2298 1791 2364 igitur
1822 2299 1873 2351 in
1939 2315 2168 2367 corpore
2237 2313 2491 2371 tanquam
2524 2307 2575 2361 in
2606 2308 2873 2377 subjecto,

854 2385 1059 2441 Deinde
1093 2386 1228 2440 nihil
1263 2387 1313 2439 id
1350 2389 1590 2451 molitur,
1623 2399 1682 2442 ut
1701 2390 2007 2459 subjectum
2072 2392 2175 2446 sibi
2241 2407 2361 2445 cor-

780 2487 996 2547 rumpat
1030 2496 1044 2532 :
1085 2480 1269 2534 omnia
1296 2482 1443 2534 enim
1478 2497 1596 2537 esse
1628 2491 1911 2551 expetunt.
1949 2485 2019 2537 At
2064 2487 2363 2541 rationabi-

782 2572 850 2625 lis
890 2570 1071 2624 anima
1104 2585 1304 2641 corpus
1361 2575 1687 2632 contemnit.
1722 2585 1775 2629 et
1806 2576 2027 2632 virtutis
2088 2580 2360 2633 exercita-

781 2662 984 2716 mentis
1028 2663 1201 2725 ipsum
1253 2663 1533 2729 edomans,
1604 2667 1655 2719 id
1715 2670 1931 2737 penitus
1988 2684 2361 2738 smpenumero

788 2751 998 2821 :tbjicit.
1024 2752 1142 2806 Non
1180 2754 1347 2822 igitur
1372 2756 1421 2809 in
1464 2758 1705 2825 subjecto
1728 2774 1955 2829 corpore
1989 2761 2149 2816 habet
2182 2774 2238 2815 ut
2268 2765 2357 2817 sit.

784 2843 1055 2900 Praeterea
1085 2846 1569 2902 demonstrandum
1620 2861 1702 2905 est
1769 2853 1997 2907 rationis
2055 2863 2358 2922 compotem

785 2935 1045 3003 animam,
1080 2938 1445 2993 substantiam
1481 2942 1683 2997 habere
1712 2943 1780 2996 ab
1798 2944 1945 2998 omni
1997 2960 2227 3014 corpore
2275 2961 2362 3000 se-

783 3036 1063 3097 gregatam
1094 3046 1107 3081 :
1144 3029 1379 3098 reliquas
1423 3040 1607 3087 autem
1666 3033 1717 3085 in
1775 3048 2008 3104 corpore
2039 3049 2161 3090 esse
2194 3045 2281 3090 :et
2314 3038 2363 3087 in

783 3119 1016 3188 spiritali
1046 3122 1290 3189 quidem,
1322 3124 1535 3178 ratione
1584 3125 1891 3196 praeditam,
1958 3128 2009 3181 in
2073 3129 2175 3182 hoc
2238 3143 2365 3182 vero

784 3213 1197 3283 vegetatricem.
1236 3214 1492 3272 Normam
1522 3226 1579 3272 et
1612 3219 1847 3289 regulam
1884 3220 2049 3274 tradit
2096 3220 2366 3275 Aristote-

787 3303 869 3359 les
900 3305 967 3358 de
1000 3306 1205 3370 anima,
1237 3316 1294 3361 et
1325 3308 1537 3362 caeteris
1562 3311 1839 3375 omnibus,
1866 3319 1918 3363 et
1951 3310 2040 3375 iis,
2094 3311 2184 3380 qui
2243 3326 2362 3365 eam

789 3395 1076 3451 mortalem
1115 3406 1332 3467 putant,
1370 3399 1799 3457 consentientem
1838 3422 1850 3456 :
1914 3402 2031 3457 hare
2066 3417 2226 3472 porro
2259 3413 2361 3457 est.

790 3488 875 3545 Ab
905 3488 1233 3555 actionibus,
1268 3490 1466 3561 inquit,
1499 3492 1565 3546 de
1600 3493 1921 3548 substantiis
1954 3493 2239 3548 ferendum
2281 3504 2365 3548 est

787 3580 1078 3651 judicium,
1138 3581 1357 3649 quando
1412 3581 1721 3637 subSIantia
1774 3583 2028 3653 quzelibet
2095 3585 2366 3637 actionem

791 3675 957 3731 habet
983 3673 1195 3728 amnem
1249 3675 1376 3740 sibi,
1414 3684 1470 3730 et
1505 3677 1721 3746 generis
1773 3677 2036 3746 ejusdem.
2084 3676 2369 3743 Quomodo

790 3783 943 3840 ergo,
978 3768 1177 3837 inquit,
1208 3770 1542 3834 substantia,
1580 3784 1699 3837 quae
1737 3771 1939 3825 nullam
1972 3771 2136 3826 habet
2194 3771 2367 3824 actio-

794 3876 919 3919 nem
956 3876 987 3915 a
1012 3876 1243 3931 corpore
1273 3862 1656 3933 separabilem,
1688 3864 2000 3918 necessario
2048 3877 2219 3933 neque
2242 3864 2367 3917 sub-

794 3952 1048 4008 stantiam
1107 3952 1328 4009 habebit
1390 3968 1419 4007 a
1481 3969 1710 4024 corpore
1804 3954 2222 4023 separabilem?
2314 3954 2369 4009 Si

793 4046 992 4111 cnim,-
1030 4060 1152 4101 eum
1216 4045 1577 4101 substantiam
1633 4046 1831 4101 habeat
1933 4046 2369 4115 inseparabilem,

798 4138 999 4193 nullam
1025 4138 1145 4194 sine
1168 4152 1397 4207 corpore
1426 4138 1697 4193 actionem
1731 4137 1986 4201 habebit;
2018 4146 2308 4205 postquam
2341 4155 2370 4192 a

795 4243 1029 4296 corpore
1093 4229 1334 4299 seiuncta
1402 4229 1584 4293 fuerit,
1646 4242 1754 4282 non
1813 4228 2052 4291 habebit,
2136 4228 2191 4282 in
2232 4230 2372 4299 quod

800 4330 926 4392 agat
955 4365 966 4376 .
1005 4323 1187 4391 itaque
1225 4321 1422 4381 frustra
1449 4322 1571 4375 erit.
1603 4319 1751 4375 Fieri
1778 4334 1910 4390 ergo
1943 4334 2055 4375 non
2087 4329 2288 4388 potest,
2318 4329 2378 4373 ut

800 4413 1127 4484 separabilis
1150 4411 1451 4468 substantia
1486 4411 1685 4466 nullam
1718 4411 1915 4467 habeat
1969 4412 2087 4466 sine
2143 4427 2374 4482 corpore

797 4505 1087 4560 actionem.

870 4597 1053 4652 Altera
1099 4598 1289 4665 regula
1331 4598 1447 4654 haec
1495 4609 1599 4655 est.
1632 4597 1826 4654 Otnnis
1881 4599 2211 4663 substantia,
2256 4613 2378 4668 qua:

802 4688 1068 4743 actionem
1102 4689 1264 4744 habet
1310 4705 1340 4743 a
1384 4705 1614 4759 corpore
1669 4689 2052 4760 separabilem,
2092 4690 2203 4757 ipsa
2238 4704 2376 4758 quo-

801 4795 909 4849 que
938 4795 968 4834 a
997 4796 1225 4850 corpore
1253 4782 1573 4849 separabilis
1600 4784 1673 4837 sit
1697 4789 1935 4849 Oportet.
1971 4782 2027 4835 Si
2060 4795 2188 4835 vero
2218 4797 2376 4850 sepa-

804 4871 990 4926 rabilis
1034 4887 1139 4926 non
1198 4872 1381 4935 fuerit,
1435 4873 1561 4928 hinc
1609 4886 1893 4943 sequetur,
1952 4872 2202 4929 effectum
2256 4891 2378 4930 esse

802 4979 965 5019 causa
999 4979 1092 5018 sua
1126 4965 1382 5031 nobilius,
1420 4975 1473 5020 et
1499 4967 1867 5034 praestantiori
1906 4967 2270 5023 excellentius
2300 4970 2375 5027 id.

803 5060 943 5126 quod
979 5059 1219 5113 deterius
1269 5068 1354 5114 est
1409 5076 1423 5113 :
1464 5060 1514 5113 id
1563 5073 1695 5113 vero
1751 5060 2048 5115 absurdum
2104 5078 2119 5114 :
2166 5073 2382 5130 semper

804 5148 948 5201 enim
974 5162 1193 5202 causam
1224 5162 1279 5202 re
1305 5150 1495 5205 effecta
1527 5153 1961 5218 praestantiorem
1990 5167 2112 5207 esse
2137 5162 2376 5221 oportet,

808 5248 925 5293 tum
949 5247 1004 5293 et
1027 5241 1169 5309 quod
1200 5249 1391 5295 natura
1417 5244 1565 5309 prius
1582 5251 1668 5297 est
1701 5262 1715 5297 :
1742 5243 1858 5297 lieri
1886 5258 2016 5311 ergo
2046 5259 2150 5297 non
2178 5253 2376 5312 potest,

808 5340 866 5385 ut
895 5343 924 5383 a
956 5345 1184 5400 corpore
1214 5332 1529 5401 separabilis
1562 5335 1707 5390 actio
1732 5349 1841 5388 non
1873 5335 2111 5389 dimanet
2167 5350 2196 5387 a
2249 5336 2381 5390 sub-

808 5424 1033 5487 stantia,
1074 5438 1246 5493 eaque
1276 5425 1591 5495 separabili.
1620 5425 1687 5479 Et
1714 5427 2000 5496 posteriori
2035 5426 2253 5495 quidem
2288 5441 2377 5480 re-

812 5516 935 5585 gula
965 5525 1182 5570 utemur
1213 5517 1267 5570 in
1317 5517 1634 5587 explicanda
1681 5529 1871 5571 natura
1924 5520 2116 5572 animae
2176 5518 2385 5573 ratione

813 5608 1049 5674 praedita:
1085 5626 1099 5662 :
1136 5608 1286 5677 prior
1319 5618 1499 5663 autem
1546 5609 1612 5663 ad
1656 5609 1891 5678 reliquas
1923 5610 2208 5664 conducct.
2262 5613 2387 5663 Haec

815 5698 976 5765 igitur
1023 5706 1106 5754 est
1136 5700 1200 5755 de
1227 5701 1515 5755 rationabil
1557 5701 1737 5755 anima
1763 5702 2075 5767 disputatio.
2108 5699 2163 5755 Si
2186 5700 2327 5754 nulla
2355 5715 2381 5752 a

814 5804 1037 5860 corpore
1064 5793 1442 5865 inseparabilis
1489 5796 1786 5850 substantia
1824 5794 2183 5864 separabilem
2210 5793 2374 5849 habet

2390 3187 2437 3243 (Γ.

2538 2397 2658 2451 Ἔτι
2688 2399 2842 2452 οὐδὲν
2872 2400 2933 2451 τὸ
2972 2398 3168 2451 ἑαυτοῦ
3226 2394 3518 2457 σπουδάζει
3573 2390 3791 2459 φθεῖραι
3820 2383 4045 2438 ὑπολιεέ-

2463 2509 2627 2558 μενον
2649 2507 2662 2520 ’
2704 2492 2880 2545 πάντα
2928 2491 3039 2560 γὰρ
3064 2490 3156 2541 τοῦ
3206 2485 3348 2541 εἶναι
3382 2488 3617 2553 ἐφίεται.
3659 2483 3731 2535 Ἥ
3762 2480 3816 2533 δὲ
3850 2476 4044 2545 λογική

2459 2582 2608 2651 ψυχὴ
2637 2584 2975 2651 καταφρονεῖ
3018 2580 3113 2633 τοῦ
3147 2581 3402 2650 σώματος
3427 2594 3440 2606 ’
3476 2579 3588 2637 τοῖς
3634 2590 3691 2625 τε
3736 2572 3801 2622 δι’
3849 2566 4047 2636 ἀρετὴν

2460 2673 2645 2734 πόνοις
2694 2670 2829 2724 αὐτὸ
2868 2671 3213 2737 δαμάζονσα.
3262 2668 3357 2720 καὶ
3406 2666 3467 2718 τὸ
3516 2663 3738 2718 σύνολον
3780 2658 4041 2716 πολλάκις

2465 2764 2765 2832 ’προῖεμένη
2788 2779 2803 2792 ’
2837 2762 2938 2815 οὐκ
2977 2762 3084 2833 ἄρα
3133 2762 3189 2814 ὲν
3226 2759 3571 2827 ὑποκειμένῳ
3615 2754 3693 2822 τῷ
3744 2753 3956 2821 σώματι
3985 2748 4047 2797 ab

2464 2853 2603 2909 εἶναι
2632 2856 2768 2925 ἔχει.
2806 2856 2926 2908 Ἐπὶ
2954 2856 3164 2916 τούτοις
3197 2854 3279 2906 δεῖ
3307 2852 3477 2915 δεῖξαι
3496 2890 3509 2910 ,
3544 2850 3628 2902 ὃτι
3655 2849 3687 2916 ἡ
3725 2846 3822 2914 μὲν
3845 2839 4041 2907 λογικῆ

2461 2951 2609 3019 ψυλίῆ
2643 2950 2987 3021 ἐξῃρημένην
3021 2947 3133 3016 ἔχει
3163 2948 3261 3017 τὴν
3291 2945 3480 2998 οὐσίαν
3512 2941 3714 3002 παντὸς
3748 2938 4000 3005 σώματος
4026 2949 4038 2962 ⁸

2466 3045 2521 3093 αἱ
2552 3043 2609 3094 δὲ
2656 3042 2843 3093 λοιπαὶ
2872 3042 2929 3091 ἐν
2959 3039 3172 3105 σώματι
3206 3038 3267 3089 τὸ
3302 3032 3440 3088 εἷναι
3474 3035 3657 3103 ἔχουσι
3686 3048 3696 3059 ·
3732 3029 3825 3082 καὶ
3855 3029 3913 3079 ὲν
3944 3026 4045 3095 μὲν

2469 3133 2546 3203 τῷ
2578 3132 2848 3201 πνεύματι
2880 3134 2911 3200 ἠ
2947 3132 3140 3198 ἄλογος
3163 3146 3176 3157 ·
3210 3131 3241 3197 ἡ
3286 3128 3342 3179 δὲ
3372 3126 3572 3194 ῳυτικὴ
3607 3128 3662 3176 ἐν
3703 3120 4041 3188 τούτῳ.“οτι

2471 3227 2671 3279 κανόνα
2700 3225 3068 3293 παραδίδωσιν
3116 3224 3144 3274 ὁ
3186 3219 3563 3291 Ἀριστοτέλης
3594 3219 3650 3268 ἐν
3683 3215 3760 3283 τῷ
3793 3213 3921 3280 περὶ
3948 3210 4048 3277 ψυ-

2469 3323 2591 3390 χῆς,
2628 3322 2738 3382 τοῖς
2762 3338 2820 3373 τε
2850 3318 3027 3381 ἄλλοις
3062 3320 3216 3378 πᾶσι,
3244 3318 3339 3369 καὶ
3362 3317 3469 3377 τοῖς
3504 3312 3705 3381 θνητὴν
3733 3308 4047 3379 vagis”)???

2470 3414 2643 3480 αὐτὴν
2679 3411 3106 3481 συναρέσκοντα.
3141 3411 3299 3461 Ἐστι
3336 3408 3394 3460 δὲ
3428 3408 3455 3458 ὁ
3489 3406 3671 3457 κανὼν
3720 3397 3893 3462 οὗτος.
3933 3401 4044 3455 Δεῖ.

2472 3504 2656 3573 φησιν,
2686 3504 2749 3554 ἐκ
2780 3502 2887 3553 τῶν
2915 3500 3207 3571 ἐνεργειῶν
3247 3499 3344 3552 τὰς
3380 3498 3566 3558 οὐσίας
3597 3494 3823 3563 κρίνειν·
3861 3490 4045 3554 ἐπειδῆ

2475 3596 2568 3647 καὶ
2596 3596 2801 3663 ἑκάστη
2838 3596 2895 3645 οὐ
2908 3594 2993 3645 σία
3024 3593 3307 3660 σύστοιχον
3332 3591 3445 3657 ἔχει
3468 3589 3567 3655 τὴν
3594 3586 3899 3655 ἐνέργειαν.
3922 3579 4048 3639 Πῶς

2474 3686 2584 3753 οὖν,
2622 3690 2809 3757 φησιν,
2851 3688 3029 3748 οὐσία,
3089 3685 3359 3754 μηδεμίαν
3393 3684 3592 3749 ἔχουσα
3633 3681 3914 3746 ἐνέργειαν
3942 3692 4047 3741 χιο-

2476 3780 2663 3849 ριστὴν
2696 3779 2969 3849 σώματος,
3003 3778 3061 3841 ἐξ
3111 3777 3356 3843 ἀνάγκης
3405 3774 3525 3824 οὐδὲ
3575 3770 3673 3840 τὴν
3718 3764 4049 3827 οὖσίανέξει

2478 3872 2751 3942 χωριστὴν
2786 3871 3077 3940 σώματος;
3122 3871 3183 3923 Εἰ
3224 3869 3331 3936 γὰρ
3386 3865 3662 3936 χωριστὴν
3698 3862 3898 3931 ἔχουσα
3951 3859 4051 3925 τὴν

2475 3966 2685 4027 οὐσίαν,
2728 3962 3000 4034 μηδεμίαν
3033 3963 3315 4032 ἐνέργειαν
3366 3958 3479 4027 ἔχοι
3529 3957 3699 4027 χωρὶς
3754 3952 4005 4020 σώματος
4033 3965 4046 3975 ’

2476 4055 2699 4109 ἐπειδάν
2733 4054 2973 4125 χωρισθῇ
3017 4052 3289 4119 σώματος,
3324 4050 3421 4119 οὐχ
3451 4049 3562 4113 ’ἑξει
3602 4048 3732 4116 περὶ
3764 4045 3791 4097 ὃ
3823 4041 4050 4111 ὲνεργήο

2479 4167 2592 4203 σει·
2626 4149 2764 4204 ὥστε
2800 4149 2975 4219 μάτην
3003 4147 3175 4199 ἔσται.
3210 4144 3325 4197 Οὐκ
3355 4144 3462 4213 ἄρα
3483 4140 3708 4196 δυνατδν
3760 4138 3858 4207 τὴν
3886 4152 4054 4205 χωρι-

2480 4243 2613 4312 στὴν
2637 4242 2824 4295 οὐσίαν
2854 4240 3127 4312 μηδεμίαν
3168 4237 3310 4308 ἔχειν
3341 4236 3625 4307 ἐνέργειαν
3656 4231 3827 4302 χωρὶς
3863 4227 4052 4297 σῶμα·

2478 4351 2569 4391 τος
2577 4377 2588 4389 .

2557 4600 2727 4654 Πάλιν
2777 4598 2967 4666 ἕτερος
3026 4593 3206 4649 κανὼν
3262 4586 3435 4654 οὗτος.
3477 4592 3630 4645 Πᾶσα
3664 4588 3820 4641 οὐσία
3858 4585 4057 4654 ἔχουσα

2482 4694 2764 4761 ἐνέργειαν
2787 4688 3065 4759 χωριστὴν
3097 4687 3374 4755 σώματος,
3415 4682 3475 4746 ἐξ
3497 4683 3743 4749 ἀνάγκης
3783 4680 3877 4732 καὶ
3915 4677 4054 4744 alti;

2482 4782 2724 4857 χωριστὴ
2780 4781 2934 4834 ἔσται
2975 4778 3246 4847 σώματος.
3307 4775 3368 4826 Εἰ
3418 4774 3473 4826 δὲ
3507 4775 3582 4843 μὴ
3636 4772 3722 4840 εἴη
3790 4767 4054 4857 χωριστὴ,

2485 4856 2549 4926 συ
2560 4873 2826 4943 μόήσεται
2845 4869 2905 4921 τὸ
2930 4867 3171 4921 αἱτιατὸν
3187 4864 3281 4917 τοῦ
3303 4864 3476 4917 ultio-.3
3501 4864 3748 4933 κρεῖττον
3774 4856 3935 4924 εἶναι,
3960 4861 4057 4911 καὶ

2482 4963 2579 5016 τοῦ
2628 4960 2935 5029 κρείττονος
2990 4958 3052 5009 τὸ
3108 4956 3532 5023 καταδεέστερον
3586 4954 3874 5020 κρεῖττον·
3917 4952 4057 5018 ὅπερ

2482 5057 2704 5110 ἄτοπον.
2745 5051 2859 5104 Ἀεὶ
2890 5051 2995 5119 γὰρ
3051 5047 3222 5101 δεῖτὸ
3270 5048 3443 5099 αἴτιον
3495 5048 3743 5115 κρεῖττον
3788 5040 3929 5095 εἶναι
3963 5042 4057 5094 τοῦ

2484 5144 2753 5211 αἰτιατοῦ,
2796 5143 2890 5197 καὶ
2916 5142 2978 5193 τὸ
3006 5143 3072 5211 τῇ
3102 5143 3263 5210 φύσει
3316 5139 3584 5209 πρότερον
3612 5155 3624 5167 ·
3660 5138 3921 5189 ἀδύνατον
3948 5135 4056 5203 ἆρα

2484 5237 2767 5306 ἐνέργειαν
2797 5232 3072 5304 χωριστὴν
3113 5232 3387 5301 σώματος,
3416 5229 3489 5299 μὴ
3516 5230 3608 5279 ἀπ’
3638 5229 3829 5290 οὐσίας
3861 5228 4059 5298 προέρ-

2484 5326 2696 5398 χεσοαι,
2728 5327 2825 5379 καὶ
2858 5324 3028 5393 αὐτῆς
3062 5323 3359 5393 χωριστῆτ.
3391 5321 3513 5373 Τῶν
3532 5321 3715 5372 τοίνυν
3756 5320 4059 5388 εἰρημένων

2482 5420 2744 5481 κανόνων,
2781 5418 3142 5488 χρησιμεὺσει
3173 5417 3300 5484 ὑμῖν
3343 5418 3371 5467 ὁ
3420 5415 3517 5483 μὲν
3570 5412 3795 5483 ὕστερος
3843 5414 3921 5473 εἰς
3969 5411 4060 5462 τὶν

2484 5512 2743 5581 περὶτῆς
2779 5510 3003 5577 λογικῆς
3041 5509 3219 5577 ψυχῆς
3251 5508 3436 5575 λόγον’
3487 5509 3514 5559 ὁ
3563 5506 3618 5558 δὲ
3664 5506 3928 5574 πρότερος
3978 5503 4057 5565 εἰς

2483 5607 2577 5658 τὸν
2607 5604 2737 5673 περὶ
2774 5604 2882 5655 τῶν
2915 5600 3141 5653 λοιπῶν.
3182 5599 3240 5652 Ὀ
3276 5601 3375 5668 μὲν
3405 5595 3498 5651 οὖν
3539 5597 3669 5667 περὶ
3704 5600 3800 5665 τῆς
3834 5594 4058 5661 λογικῆς

2484 5699 2662 5768 ψυχῆς
2689 5700 2804 5751 ἐστι
2835 5692 3092 5759 τοιοῦτος.
3124 5695 3184 5745 Εἰ
3217 5691 3778 5762 μηδεμέαάχώριστος
3806 5687 4057 5754 σώματος

2484 5789 2661 5857 οὐσία,
2693 5788 2804 5858 ἔχει
2836 5788 3110 5858 χωριστὴν
3135 5787 3231 5857 τὴν
3267 5786 3567 5855 ἐνέργειαν,
3606 5783 3852 5852 δείξομεν
3886 5781 3939 5833 δὲ
3969 5781 4061 5834 ἐπὶ
