4430 6448
390 370 531 438 1049

1817 384 1914 445 DE
1956 385 2230 448 ANIMA.

3505 385 3645 454 1050

384 490 485 556 τῆς
507 488 684 557 ψυχῆς
700 489 974 560 χωριστὴν
992 489 1271 560 ἐνέργειαν
1292 494 1563 565 σώματος,
1581 498 1728 550 πᾶσα
1751 498 1967 569 ἀνάγκη
1998 501 2047 555 Δ
2076 514 2133 554 ac

1897 518 1967 569 ιιη
1998 501 2047 555 Δ
2076 500 2368 567 actionem,
2401 510 2455 555 et
2486 500 2537 555 in
2580 501 2761 555 anima
2794 501 3152 570 separabilem
3185 502 3420 572 aliquam
3454 519 3481 557 a
3519 520 3641 560 cor-

388 583 483 634 καὶ
508 580 680 649 αὐτὴν
705 580 981 652 χωριστὴν
1012 577 1174 637 εῖναι.
1208 584 1379 641 Ὅταν
1405 586 1588 641 τοίνυν
1623 592 1800 661 σκοπῇ
1837 591 1967 661 περὶ

386 671 496 723 τῶν
518 672 726 741 νοητῶν
754 674 788 742 ἡ
816 672 988 743 ψυχὴ,
1022 675 1116 727 καὶ
1139 675 1239 741 τάς
1267 678 1397 749 περὶ
1429 677 1563 732 Θεοῦ
1592 681 1801 743 ἐννοίας
1831 699 1969 751 προ·

388 764 699 836 χειρεζηται
725 781 740 798 ⁸
802 766 963 835 δῆλον
1001 768 1084 821 ὅτι
1134 771 1411 840 χωριστὴν
1448 774 1651 836 παντὸς
1714 776 1970 844 σώματος

391 854 503 923 ἔχει
542 856 643 925 τὴν
670 857 972 926 ἐνέργειαν.
1013 858 1248 929 Ὁμοίως
1282 863 1375 915 καὶ
1399 863 1526 916 ὅταν
1560 864 1762 934 ἑαυτὴν
1793 864 1931 935 ζητῇ
1952 882 1965 896 ⁸

388 944 630 1014 οὐδαμοῦ
669 947 780 1016 γὰρ
828 950 886 1001 ἐν
924 951 1136 1015 τούτοις
1186 953 1310 1007 οὐδέ
1351 956 1602 1027 συνεργῷ
1641 958 1844 1027 χρῆται
1891 959 1969 1027 τῷ

395 1034 629 1104 σώματι,
660 1039 781 1092 οὐδὲ
821 1040 959 1111 αὕτη
992 1044 1119 1113 περὶ
1168 1046 1326 1116 σῶμα
1350 1049 1584 1119 ἐνεργεῖ,
1616 1050 1754 1105 ὥστε
1788 1053 1965 1124 πάντη

394 1129 725 1197 κεχώρισται
778 1132 1086 1204 σώματοςὴ
1121 1139 1344 1211 τοιαύτη
1380 1141 1649 1210 ἐνέργεια,
1678 1146 1771 1197 καὶ
1797 1146 1965 1216 αὐτῆς

394 1221 450 1272 δέ
479 1221 579 1290 τῆς
612 1224 931 1291 φαντασίας.
971 1227 1032 1280 Εἰ
1070 1229 1124 1281 δέ
1156 1231 1413 1301 ἐνέργεια
1456 1238 1720 1305 χωριστὴ,
1754 1239 1813 1303 ἐξ
1839 1241 1968 1293 ἀνὰ.-

394 1329 534 1379 γκης
566 1319 662 1369 καὶ
690 1316 722 1382 ἡ
752 1316 912 1369 οὐσία
940 1319 1111 1389 αὐτῆς
1142 1324 1384 1395 χωριστὴ
1415 1325 1587 1382 ἔσται.
1633 1330 1692 1382 Εἰ
1720 1329 1776 1383 δὲ
1804 1348 1970 1400 χωριο

396 1404 494 1473 στὴ
522 1406 554 1475 ἡ
575 1407 756 1473 οὐσία,
788 1410 931 1463 κατὰ
954 1415 1137 1466 πᾶσαν
1161 1416 1430 1487 ἀνάγκην,
1451 1421 1539 1472 καὶ
1573 1422 1746 1485 ἀΐδιος
1770 1439 1784 1452 ·
1813 1424 1970 1477 τοῦτο

394 1495 504 1566 γὰρ
535 1500 733 1562 κοινῶς
787 1502 989 1565 πάντες
1023 1506 1399 1575 ὁμολογοῦσιν,
1436 1511 1516 1563 ὅτι
1549 1515 1697 1567 πᾶσα
1728 1517 1968 1586 χωριστὴ

395 1587 489 1640 τοῦ
515 1587 769 1658 σώματος
791 1592 948 1646 οὐσία
985 1598 1226 1667 χωριστὴ
1264 1602 1356 1652 καὶ
1390 1602 1557 1666 ἀΐδιός
1594 1605 1728 1657 ἐστι.
1770 1606 1970 1658 Σκόπει

396 1680 525 1749 γάρ,
554 1684 602 1733 εἰ
627 1684 868 1753 χωριστὴ
904 1688 1059 1739 οὐσία
1093 1690 1166 1757 μή
1192 1691 1339 1743 ἐστιν
1364 1692 1554 1756 ἀΐδιος,
1581 1695 1717 1747 ἀλλὰ
1738 1698 1968 1767 γεννητὴ

393 1773 490 1824 καὶ
529 1771 764 1843 φθαρτὴ,
801 1776 930 1843 πρὶν
958 1778 1234 1843 γενέσθαι,
1288 1782 1318 1850 ἢ
1350 1783 1582 1851 ἠδύνατο
1623 1787 1898 1852 γενέσθαι,
1933 1790 1964 1859 ἦ

395 1860 494 1913 οὐκ
526 1863 778 1930 ἠδύνατο.
810 1866 873 1918 Εἰ
898 1867 996 1935 μὲν
1016 1865 1110 1921 οῦν
1143 1870 1214 1940 μὴ
1236 1873 1487 1940 ἠδύνατο,
1506 1876 1604 1926 οὐκ
1628 1877 1693 1929 ἂν
1719 1879 1934 1944 ἐγένετο
1951 1893 1964 1906 ⁸

397 1951 456 2003 τὸ
488 1952 597 2021 γὰρ
622 1954 884 2008 ἀδύνατον
910 1958 1008 2010 οὐκ
1040 1959 1106 2012 ἂν
1136 1963 1370 2027 ἐγένετο.
1406 1965 1466 2016 ΕΞ
1493 1965 1547 2017 δέ
1574 1968 1822 2035 ἠδύνατο,
1859 1972 1970 2024 ὑλι-

397 2041 469 2111 κὴ
501 2045 717 2107 πάντως
746 2043 842 2117 ἦν·
878 2049 1037 2103 τοῦτο
1082 2052 1212 2120 γάρ,
1258 2054 1317 2107 τὸ
1355 2056 1616 2111 δύνασθαί
1662 2077 1791 2114 ποτε
1826 2058 1967 2116 εἶναι

398 2135 428 2200 ἢ
464 2136 537 2205 μὴ
569 2133 727 2192 εἶναι.
770 2141 833 2194 El
879 2141 935 2193 δὲ
981 2144 1122 2196 ἄῦὶα
1165 2145 1232 2198 τά
1286 2150 1528 2218 χωριστᾶ
1577 2153 1674 2219 τῆς
1716 2153 1847 2220 ὕλης
1870 2157 1969 2207 οὐκ

397 2229 611 2280 ἔσονται
652 2232 717 2283 ἐκ
758 2233 852 2284 τοῦ
885 2233 1112 2303 δυνάμει
1143 2241 1222 2300 εἰς
1246 2242 1305 2292 τὸ
1342 2243 1593 2313 ἐνεργείᾳ
1640 2241 1779 2298 εἶναι
1806 2264 1817 2278 ·
1851 2248 1968 2300 ἀλλ’

399 2320 483 2370 ἀεὶ
515 2321 764 2393 ἐνεργείᾳ
810 2324 1043 2389 ἔσονται,
1087 2330 1179 2382 καὶ
1211 2332 1385 2395 ἄλλως
1436 2337 1544 2386 πᾶν
1583 2335 1643 2387 τὸ
1674 2337 1967 2410 φθειρόμε-

397 2430 508 2473 νον,
534 2415 675 2467 κατὰ
712 2415 805 2469 δύο
837 2418 1076 2489 τρόπους
1112 2423 1415 2492 φθείρεται,
1453 2427 1484 2497 ἢ
1518 2427 1610 2481 τὸν
1641 2429 1750 2481 τῶν
1785 2434 1970 2503 σωμάο

397 2520 507 2555 των
529 2507 591 2573 τῇ
622 2507 701 2568 εἰς
729 2507 797 2559 τὰ
833 2514 1070 2580 στοιχεῖα
1107 2515 1385 2583 άναλύσει,
1420 2520 1451 2589 ἦ
1490 2521 1580 2571 τὸν
1610 2523 1718 2573 τῶν
1755 2525 1882 2594 περὶ
1910 2526 1971 2577 τὸ

402 2593 560 2663 σῶμα
588 2597 1060 2670 ἀποσϐεννυμένου
1104 2606 1198 2658 τοῦ
1226 2608 1420 2672 εἴδους,
1453 2615 1519 2680 τῇ
1544 2615 1849 2685 ἀναρμονὶᾳ
1876 2617 1969 2668 τοῦ

400 2684 788 2755 ὑποκειμένου,
820 2694 877 2744 ἐν
974 2695 1034 2746 τὸ
1060 2692 1201 2751 εἶναι
1244 2700 1378 2769 ἔχει.
1419 2704 1559 2756 Κατ’
1603 2684 1884 2776 οὐδέτερον
1916 2708 1970 2760 δὲ

398 2780 508 2833 τῶν
541 2783 845 2854 εἰρημένων
873 2788 1090 2858 τρόπων
1112 2792 1381 2863 ἐνδέχεται
1404 2797 1677 2867 φθαρῆναι
1707 2800 1803 2869 τὴν
1824 2798 1970 2868 λογμ

402 2873 502 2941 κήν
539 2877 747 2946 ψυχήν·
796 2879 1085 2949 ἀσώματος
1120 2884 1224 2955 γάρ
1280 2888 1419 2951 ἐστι,
1474 2892 1568 2942 καὶ
1603 2890 1662 2942 τὸ
1689 2888 1827 2944 εἶναι
1859 2892 1973 2962 ἔχει

397 2967 498 3017 οὐκ
546 2970 602 3020 ἐν
648 2969 994 3043 ὑποκειμένῳ
1039 2975 1293 3044 σώματι,
1350 2979 1422 3041 ὡς
1486 2981 1783 3035 δέδεικταιο
1830 2983 1971 3037 ὥστε

398 3061 567 3123 ἀΐδιος
608 3064 639 3129 ἠ
675 3062 866 3135 λογικὴ
898 3067 1068 3136 ψυχή.
1105 3068 1226 3123 Ὀτι
1277 3071 1333 3123 δέ
1359 3073 1391 3142 ή
1422 3073 1637 3139 ἄλογος,
1686 3079 1779 3129 καὶ
1803 3079 1837 3148 ἠ
1870 3096 1969 3145 φυ-

2072 607 2205 661 pore
2243 594 2513 647 actionem
2569 595 2857 649 ostendere
2909 610 3239 663 possumus;
3297 596 3520 650 omnino
3550 612 3644 651 ne-

2072 698 2228 739 cesse
2258 683 2423 740 fuerit
2453 686 2595 740 hanc
2630 700 2847 755 quoque
2898 686 3257 755 separabilem
3307 702 3451 741 esse.
3506 686 3641 741 Cum

2072 776 2239 845 igitur
2267 791 2356 831 res
2402 792 2495 832 cas
2543 790 2662 845 qua:
2711 777 2979 833 intellectu
3018 778 3392 847 percipiuntur
3436 789 3490 834 ct
3548 780 3640 834 Dei

2073 869 2322 923 notiones
2346 868 2447 922 sibi
2479 868 2730 938 proponit
2759 869 2955 933 anima,
2989 878 3102 926 tum
3139 869 3410 925 actionem
3443 871 3646 926 habere

2073 962 2142 1014 ab
2201 963 2347 1016 onmi
2408 976 2638 1031 corpore
2684 971 2949 1017 secretam
3006 962 3352 1016 manifestum
3386 972 3489 1025 est,
3531 972 3642 1017 tum

2074 1055 2238 1109 etiam
2273 1069 2394 1108 cum
2422 1053 2473 1107 in
2503 1068 2560 1107 se
2588 1054 2701 1121 ipsa
2755 1053 3037 1109 descendit
3070 1053 3480 1123 investigando;
3517 1064 3645 1109 tunc

2072 1147 2239 1207 enim,
2280 1160 2456 1214 neque
2488 1145 2789 1200 ministerio
2826 1146 2998 1199 utitur
3029 1145 3296 1214 corporis,
3326 1161 3500 1215 neque
3526 1146 3641 1215 ipsa

2076 1235 2127 1289 in
2165 1250 2362 1298 corpus
2387 1236 2516 1303 agit,
2550 1235 2619 1288 ita
2653 1243 2711 1289 ut
2743 1237 2967 1290 omnino
3002 1239 3075 1292 sit
3103 1251 3132 1289 a
3169 1250 3398 1304 corpore
3431 1244 3641 1291 semota

2074 1324 2332 1391 ejusmodi
2359 1326 2519 1387 actio,
2552 1325 2660 1379 itno
2686 1334 2738 1378 et
2772 1326 2836 1377 ab
2881 1326 3012 1394 ipsis
3061 1324 3288 1388 obiectis
3338 1324 3644 1392 speciebus.

2077 1416 2131 1470 Si
2165 1426 2346 1470 autem
2385 1417 2527 1470 actio
2565 1426 2814 1486 separata
2850 1425 2951 1479 est,
2992 1418 3214 1471 omnino
3264 1416 3383 1485 ejus
3430 1429 3646 1485 quoque

2077 1508 2378 1560 substantia
2429 1507 2749 1575 separaliilis
2802 1506 2926 1561 erit.
2984 1506 3076 1560 Sin
3114 1517 3291 1561 autem
3330 1505 3649 1575 scparabilis

2079 1599 2405 1661 substantia,
2430 1598 2643 1666 penitus
2676 1612 2901 1652 necesse
2927 1605 3031 1659 est.
3064 1607 3120 1649 nt
3157 1596 3483 1650 immortalis
3510 1611 3647 1665 quo-

2084 1703 2185 1757 que
2214 1689 2303 1743 sit.
2326 1688 2379 1743 ld
2409 1689 2551 1744 enim
2580 1689 2719 1758 apud
2745 1704 2934 1745 omnes
2956 1691 3009 1742 in
3037 1688 3289 1744 confesso
3308 1697 3410 1752 est,
3432 1702 3648 1741 omnem

2082 1797 2111 1835 a
2175 1796 2399 1851 corpore
2449 1780 2807 1848 separabilem
2870 1781 3231 1837 subsmntiam
3288 1777 3647 1833 immortalem

2078 1874 2280 1942 pariter
2311 1887 2454 1926 esse.
2485 1871 2622 1925 Nam
2659 1871 2880 1925 attende
2913 1888 2927 1925 :
2962 1872 3007 1927 si
3037 1857 3357 1940 separabilis
3388 1869 3649 1924 substan-

2079 1964 2145 2018 tia
2176 1979 2281 2017 non
2316 1973 2399 2017 est
2433 1963 2774 2029 immortalis,
2804 1963 2898 2018 sed
2947 1962 3313 2033 generationis
3366 1971 3421 2016 et
3465 1975 3651 2015 corru-

2074 2055 2273 2124 ptionis
2298 2069 2494 2123 capax,
2522 2064 2808 2123 antequam
2840 2054 3015 2117 ticht,
3038 2055 3118 2108 vel
3154 2054 3267 2107 lieri
3306 2061 3537 2121 poterat,
3564 2052 3645 2106 vel

2077 2165 2179 2202 non
2214 2157 2447 2218 poterat.
2483 2146 2538 2201 Si
2568 2163 2699 2217 ergo
2729 2164 2831 2201 non
2855 2157 3091 2215 poterat,
3116 2162 3388 2216 nunquam
3415 2146 3643 2200 fuisset:

2076 2241 2216 2309 quod
2248 2242 2390 2295 enim
2426 2240 2540 2295 lieri
2575 2256 2681 2296 non
2722 2249 2921 2310 potest,
2959 2255 3237 2308 nunquam
3268 2239 3433 2292 fuerit
3466 2256 3479 2291 :
3521 2245 3578 2290 at
3602 2238 3646 2290 si

2074 2342 2310 2402 poterat,
2356 2334 2514 2403 plane
2572 2333 2865 2388 materiata
2915 2342 3074 2397 erat;
3112 2332 3162 2384 id
3191 2332 3337 2385 enim
3373 2340 3453 2384 est
3489 2344 3648 2397 posse

2076 2439 2214 2486 esse,
2248 2432 2301 2479 et
2335 2440 2440 2478 non
2467 2441 2607 2479 esse.
2644 2424 2700 2477 Si
2736 2433 2912 2478 autem
2937 2423 3294 2477 immateriata
3330 2438 3435 2476 non
3468 2429 3647 2485 erunt,

2076 2531 2198 2583 qua:
2233 2532 2260 2569 a
2309 2517 2534 2571 materia
2571 2517 2812 2584 separari
2871 2526 3118 2584 possunt,
3174 2531 3280 2569 non
3332 2517 3451 2570 ideo
3505 2516 3646 2584 quod

2079 2609 2249 2675 reipsa
2278 2623 2399 2663 esse
2441 2609 2686 2675 possint;
2736 2610 2829 2663 sed
2875 2610 3047 2677 reipsa
3104 2624 3318 2677 semper
3370 2607 3650 2671 erant.“

2078 2699 2316 2763 aliunde,
2352 2699 2715 2768 quodcunque
2772 2699 3162 2768 corrumpitur,
3214 2699 3427 2752 duobus
3478 2698 3650 2752 modis

2076 2790 2444 2858 corrumpitur
2480 2790 2611 2844 :ch
2668 2803 2954 2858 corporum
3015 2788 3345 2843 resolutione
3408 2787 3461 2840 in
3526 2787 3638 2841 cle-

2079 2894 2280 2945 tneuta,
2320 2882 2401 2937 vel
2436 2882 2702 2937 exstincta
2733 2881 2905 2935 forma
2931 2898 3116 2936 eorttm
3148 2895 3267 2949 qua:
3294 2888 3415 2933 sunt
3452 2880 3503 2931 in
3527 2894 3650 2931 cor-

2078 2974 2424 3041 pore,soluta
2458 2988 2651 3041 nempe
2685 2982 2738 3026 et
2790 2974 3003 3026 turbata
3036 2973 3153 3038 ejus
3184 2970 3413 3041 subjecti
3448 2970 3500 3023 iu
3537 2984 3649 3038 quo

2078 3074 2179 3131 cst,
2205 3064 2467 3133 temperie
2488 3074 2651 3132 atque
2688 3074 2973 3117 concentu.
3014 3063 3081 3115 At
3115 3072 3305 3115 neutro
3333 3061 3651 3127 corrumpi-

399 3155 525 3224 τικὴ
562 3155 655 3208 τοῦ
702 3157 758 3208 ἐν
792 3151 836 3224 ᾧ
874 3162 978 3212 εισι
1021 3160 1271 3230 σώματος
1314 3163 1609 3235 ἀχώριστοί
1659 3170 1786 3231 εἱσι,
1816 3171 1973 3239 δῆλον
1999 3172 2042 3233 C
2083 3168 2148 3210 “"

1898 3178 1973 3225 tm
1999 3172 2042 3233 ρ
2083 3168 2168 3210 ιιιι·
2208 3156 2385 3210 anima
2442 3156 2667 3209 rationis
2704 3165 2916 3223 potens,
2953 3154 3151 3220 quippe
3179 3167 3298 3220 quae
3329 3152 3647 3219 incorporea

398 3247 462 3297 ἐκ
496 3245 588 3298 τοῦ
627 3246 814 3299 λοιποῦ
836 3253 1074 3313 κανόνος.
1097 3253 1471 3308 Iliam-rova
1502 3257 1678 3311 αὐτῶν
1696 3260 1968 3329 ἐνέργειαι

398 3337 457 3386 ἐν
486 3336 697 3405 σώματι
728 3340 819 3390 καὶ
848 3341 977 3410 περὶ
1004 3341 1161 3411 σῶμά
1179 3345 1306 3397 εἱσι.
1338 3346 1447 3398 Καὶ
1477 3346 1587 3416 γάρ
1616 3350 1647 3418 ἡ
1676 3349 1969 3419 Θρεπτικὴ,

399 3426 492 3477 καὶ
528 3427 813 3499 αὐξητικὴ,
843 3431 938 3482 καὶ
964 3434 1256 3503 γεννητικὴ
1279 3435 1372 3487 καὶ
1403 3437 1459 3489 ἐν
1486 3437 1701 3505 σώματί
1732 3441 1859 3503 εἰσι,
1877 3444 1973 3496 καὶ

398 3519 487 3571 διὰ
548 3519 799 3588 σώματος
830 3522 1133 3591 ἐνεργοῦσι,
1196 3525 1291 3577 καὶ
1350 3529 1476 3599 περὶ
1521 3528 1788 3600 σώματαο
1828 3532 1969 3586 ὥστε

400 3611 509 3663 τῶν
537 3613 802 3679 σωμάτων
842 3614 1159 3684 ἀχώριστοι.
1200 3618 1319 3670 Ἔτι
1356 3620 1464 3687 μὴν
1498 3621 1592 3673 καὶ
1620 3623 1647 3674 ὀ
1677 3622 1849 3691 θυμὸς
1877 3628 1972 3678 καὶ

397 3708 429 3772 ἡ
463 3705 728 3773 ἐπιθυμία
752 3724 765 3736 ·
802 3710 942 3758 κινεί
972 3707 1080 3775 γὰρ
1124 3709 1152 3759 ὁ
1205 3710 1303 3777 μὲν
1341 3711 1399 3763 τὸ
1430 3714 1781 3783 περικάρδιον
1810 3713 1970 3787 αἷμα,

398 3798 429 3864 ἡ
456 3795 511 3847 δὲ
545 3794 605 3847 τὸ
628 3790 778 3867 ἧπαρ
808 3796 1031 3849 τοιῶσδε
1062 3798 1095 3868 ἢ
1129 3799 1351 3853 τοιῶσδε
1374 3802 1702 3876 διατίθησιν.
1751 3808 1839 3862 Ἐν
1871 3808 1973 3861 σώ-

400 3904 529 3957 ματι
564 3888 661 3956 μὲν
689 3882 782 3940 οῦν
809 3890 899 3940 καὶ
933 3882 1118 3958 αὗται,
1153 3893 1246 3944 καὶ
1274 3894 1359 3947 διά
1392 3895 1668 3967 σώματος,
1707 3901 1804 3955 καὶ
1843 3905 1971 3974 περὶ

401 3977 650 4048 σώματα.
692 3980 757 4032 Ἥ
789 3981 895 4050 γὰρ
924 3980 1254 4051 βρωμάτων,
1289 3986 1322 4055 ἢ
1353 3990 1678 4059 χρημάτων,
1716 3992 1748 4063 ἦ
1785 3994 1972 4059 ἁπλῶς

400 4071 727 4138 σωματικῶν
756 4075 1098 4143 πραγμάτων
1119 4076 1301 4146 ὄρεξίς
1317 4080 1467 4132 ἐστιν
1492 4082 1523 4150 ἡ
1547 4082 1813 4155 ἐπιθυμία
1831 4102 1844 4117 ·
1878 4089 1973 4141 καὶ

396 4164 424 4213 ὁ
461 4162 653 4231 θυμὸς,
695 4165 774 4225 εἰς
806 4163 867 4216 τὸ
897 4164 1262 4237 ἀντιλυπῆσαι
1293 4161 1384 4222 τὸν
1414 4171 1494 4234 εἷς
1528 4160 1579 4225 ττι
1610 4175 1815 4228 τούτων
1846 4176 1973 4246 βλά-

396 4254 599 4321 ψαντα·
637 4254 776 4307 ὥστε
810 4258 865 4308 αἱ
898 4257 1175 4327 ἐνέργειαι
1203 4260 1408 4314 τούτων
1436 4263 1535 4317 οὐκ
1562 4264 1691 4317 ἄνευ
1722 4268 1972 4335 σώματος

395 4346 452 4411 ἐξ
484 4346 765 4417 ἀνάγκης·
826 4350 905 4410 εἰς
938 4349 988 4400 τί
1046 4350 1104 4402 δὲ
1153 4352 1511 4422 χωρισθεῖσαι
1564 4356 1868 4427 ἐνεργοῦσι,
1917 4359 1971 4411 τι

396 4439 685 4509 θρέψουσιν
712 4481 726 4504 ,
764 4441 795 4509 ἢ
824 4442 1173 4510 αὖξήσουσιν,
1205 4443 1237 4513 ἢ
1268 4447 1621 4516 γεννήσουσις
1653 4447 1773 4501 τίνα
1792 4450 1848 4502 δὲ
1874 4450 1967 4504 καὶ

2075 3258 2180 3314 est,
2205 3258 2259 3302 et
2294 3248 2347 3300 in
2388 3259 2615 3313 corpore
2649 3254 2899 3313 tanquam
2929 3244 2981 3297 in
3015 3243 3259 3310 subjecto
3280 3258 3386 3297 non
3417 3243 3648 3305 exsistit,

2077 3351 2134 3393 ut
2165 3340 2595 3393 demonstratum
2630 3345 2732 3392 est.
2759 3336 2944 3407 Itaque
2984 3344 3187 3390 mtcrna
3232 3345 3315 3388 est
3350 3336 3527 3387 anima
3563 3351 3652 3388 ra-

2079 3432 2242 3486 tionis
2267 3445 2527 3500 compos:
2561 3431 2653 3485 sed
2684 3438 2737 3484 et
2772 3430 3080 3490 brutorum,
3113 3436 3165 3481 et
3196 3428 3500 3496 plantarum
3532 3428 3651 3479 ani-

2079 3539 2242 3588 matn,
2276 3523 2342 3575 ab
2390 3537 2477 3584 eo,
2515 3522 2565 3574 in
2610 3536 2714 3589 quo
2750 3529 2897 3584 sunt,
2944 3520 3187 3587 subjecto
3243 3518 3481 3587 separari
3542 3533 3646 3570 non

2075 3627 2253 3681 posse,
2291 3627 2356 3666 ex
2383 3612 2681 3681 posteriori
2703 3613 2890 3681 regula
2926 3612 3273 3665 manifestum
3310 3610 3422 3663 liet.
3448 3608 3647 3663 Omnes

2076 3708 2242 3777 igitur
2288 3705 2501 3759 illarum
2534 3707 2778 3760 actiones
2819 3705 2871 3757 in
2923 3719 3149 3771 corpore
3195 3712 3249 3758 et
3280 3702 3420 3755 circa
3452 3715 3647 3770 corpus

2075 3806 2232 3860 sunt;
2261 3798 2418 3853 altrix
2450 3799 2619 3861 enim,
2651 3807 2704 3851 et
2745 3796 2979 3860 auctrix,
3018 3806 3077 3850 et
3129 3794 3464 3865 gcneratrix,
3503 3802 3558 3847 et
3591 3794 3644 3847 in

2075 3904 2301 3960 corpore
2327 3898 2474 3953 sunt,
2503 3899 2556 3943 et
2603 3903 2699 3956 pcr
2748 3902 2950 3956 corpus
3005 3895 3189 3955 agunt,
3238 3894 3292 3939 et
3335 3883 3475 3938 circa
3529 3897 3651 3937 cor-

2074 3997 2206 4053 p0ra
2240 3999 2255 4036 :
2284 3982 2357 4035 ita
2402 3995 2507 4034 non
2542 3987 2767 4049 possunt
2820 3993 2849 4030 a
2887 3978 3207 4048 corporibus
3245 3975 3507 4045 separari.
3564 3974 3645 4028 Ira

2076 4076 2260 4129 itidem
2286 4082 2342 4127 et
2374 4070 2835 4140 concupiscentia.
2874 4070 2966 4122 Illa
2993 4069 3137 4123 enim
3176 4068 3523 4137 sanguinem,
3554 4065 3644 4134 qui

2074 4166 2217 4232 circa
2268 4179 2362 4219 cor
2408 4173 2513 4227 est,
2555 4170 2862 4218 commovet
2913 4181 2926 4217 :
2968 4162 3053 4215 illa
3117 4161 3270 4230 jecur
3334 4161 3436 4215 hoc
3492 4159 3649 4213 illovc

2075 4257 2233 4311 modo
2256 4255 2418 4310 allicit
2450 4272 2464 4311 :
2499 4256 2550 4309 in
2580 4269 2810 4323 corpore
2834 4254 2999 4321 igitur
3024 4254 3128 4306 illzc
3157 4266 3374 4320 quoque
3406 4258 3555 4315 sunt,
3592 4256 3647 4303 et

2075 4363 2171 4417 per
2202 4362 2420 4417 corpus,
2458 4355 2513 4401 et
2575 4349 2720 4402 circa
2781 4359 3033 4414 corpora.
3074 4344 3329 4398 Ciborum
3386 4341 3529 4394 enim
3564 4339 3647 4393 vel

2074 4439 2451 4509 pecuniarum,
2471 4437 2553 4492 vel
2593 4434 2825 4507 denique
2856 4452 3031 4490 rerum
3061 4433 3302 4503 corporis
3342 4429 3644 4501 appetentia

394 4530 881 4598 ἀντιλυπήσουσιν;
926 4531 1066 4583 Ἀλλ’
1108 4534 1228 4586 οὐδὲ
1284 4537 1315 4604 ἡ
1357 4537 1623 4605 ἐπιθυμῖα
1674 4538 1884 4609 ἰσχύσει
1915 4558 1966 4592 τι
1997 4512 2042 4567 D
2070 4540 2143 4587 εει

1915 4558 1966 4592 τι
1997 4512 2042 4567 θ
2070 4540 2150 4587 est
2180 4532 2255 4585 vis
2284 4529 2697 4598 concupiscendi
2732 4548 2744 4583 :
2779 4530 3017 4583 irascens
3040 4541 3189 4591 vero,
3214 4524 3486 4593 cupiditas
3529 4521 3648 4575 vin-

395 4621 505 4672 τῶν
543 4621 735 4690 ἡδέων,
785 4622 895 4674 τῶν
930 4624 1225 4677 κινούντων
1258 4627 1430 4697 αὐτὴν
1456 4630 1534 4692 εἰς
1574 4628 1790 4695 ὄρεξινο
1827 4631 1971 4684 ὥστε

400 4714 576 4783 μάτην
603 4712 836 4777 ἔσονται,
867 4714 1004 4785 ὅπερ
1037 4717 1187 4769 ἐστὶν
1212 4717 1502 4772 ἀδύνατον·
1535 4720 1839 4791 ἀχώριστος
1865 4722 1973 4793 ἄρα

392 4806 426 4873 ἡ
460 4804 617 4856 ούσία
652 4805 939 4870 σωμάτων,
992 4806 1051 4871 ἐξ
1089 4800 1156 4877 ἧς
1186 4808 1517 4863 αἱτοιαῦται
1544 4812 1794 4881 πρόεισιν
1820 4813 1973 4883 ἐνέρ-

393 4912 561 4961 γειαι.
602 4895 741 4947 Ἀλλ’
777 4896 825 4947 εἰ
860 4896 958 4965 μὲν
990 4899 1195 4966 φυτικὴ
1238 4899 1331 4952 τοῦ
1363 4902 1568 4971 παχέος
1592 4904 1741 4955 ἐστὶν
1768 4903 1972 4973 ἀχώρι-

395 5006 540 5050 ert-0;,
565 4988 658 5039 καὶ
686 4988 1081 5057 συμφθεὶρεται
1109 4990 1258 5059 αὑτῷ
1284 5008 1298 5020 ·
1326 4993 1422 5045 καὶ
1451 4992 1611 5063 δῆλον
1640 4995 1696 5059 ἐξ
1728 4989 1803 5048 ὧν
1830 4997 1969 5048 εἰσιν

392 5081 449 5131 αἱ
475 5078 730 5146 δυνάμεις
772 5072 955 5143 αὗται,
997 5082 1091 5132 xui.
1121 5083 1177 5134 ἐν
1214 5086 1329 5144 τοῖς
1361 5086 1569 5152 φυτοῖς,
1600 5084 1659 5139 ἐν
1686 5082 1767 5149 οἷς
1801 5104 1964 5140 πνευ-

396 5168 626 5237 ματικὸν
653 5168 813 5237 σῶμα
842 5170 917 5222 ού.
940 5170 1249 5241 θεωρεῖται.
1288 5175 1605 5229 Δείκνυνται
1626 5175 1680 5229 δὲ
1712 5177 1801 5229 καὶ
1826 5177 1965 5245 μετά

391 5259 488 5329 τὴν
526 5259 703 5325 ἔξοδον
742 5261 840 5329 τῆς
882 5260 1059 5332 ψυχῆς
1091 5263 1170 5316 ἔτι
1202 5265 1556 5334 διαμένουσαι
1605 5268 1813 5338 βραχύν
1844 5286 1965 5321 τινα

392 5351 585 5420 χρόνον
619 5354 677 5404 ἐν
703 5352 876 5423 τούτῳ
900 5355 976 5423 τῷ
1000 5360 1213 5425 σώματι
1234 5374 1245 5385 ·
1279 5359 1468 5429 ὄνυχές
1499 5378 1557 5412 τε
1590 5364 1697 5432 γὰρ
1725 5363 1820 5415 καὶ
1843 5361 1962 5431 τρε-

392 5460 485 5513 χες
515 5442 608 5505 τοῦ
641 5444 836 5510 νεκροῦ
872 5444 1119 5515 σώματος
1166 5448 1444 5513 αὔξονται.
1489 5452 1649 5505 Ἀλλά
1701 5454 1774 5522 μή
1829 5469 1959 5504 ποτε

390 5535 490 5586 οὐκ
528 5532 730 5603 ἀληθὴς
776 5535 803 5585 ὁ
838 5536 991 5602 λόγος
1016 5528 1200 5602 οῦτος’
1237 5543 1296 5593 οὐ
1346 5542 1452 5612 γάρ
1504 5542 1752 5607 αὔξεται,
1803 5547 1955 5611 φασὶ,

390 5623 585 5686 ταῦτα,
622 5624 756 5676 ἀλλὰ
783 5628 1099 5695 τηκομένων
1134 5632 1226 5682 καί
1284 5633 1624 5702 μειουμένων
1672 5635 1779 5686 τῶν
1832 5637 1959 5703 περὶ

390 5713 562 5776 αὐτάς
592 5715 832 5783 σαρκῶν,
868 5718 1067 5785 μᾶλλον
1089 5722 1556 5790 ἀπογυμνοῦσθαι,
1575 5726 1668 5777 καὶ
1699 5726 1784 5777 διά
1805 5726 1959 5778 τοῦτο

392 5805 486 5856 καί
527 5804 694 5873 μείζω
726 5807 816 5859 καὶ
880 5809 1161 5879 ηὑξημένα
1213 5814 1389 5867 δοκεῖν
1433 5817 1736 5885 φαίνεαεαι.
1796 5816 1954 5873 Ἀλλὰ

2076 4619 2290 4673 dicandi
2314 4619 2367 4672 in
2396 4618 2644 4685 eum,qni
2666 4617 2717 4669 in
2742 4617 2965 4670 istorum
2997 4614 3179 4683 aliquo
3211 4614 3361 4667 nobis
3383 4610 3642 4667 oll‘eccrit.

2075 4713 2275 4767 Harum
2309 4712 2491 4779 itaque
2517 4709 2761 4764 actiones
2791 4710 2911 4761 sine
2941 4722 3167 4777 corpore
3192 4722 3312 4760 esse
3345 4710 3640 4771 nequeunt,

2074 4812 2127 4857 at
2163 4803 2215 4855 in
2240 4802 2369 4872 quid
2400 4810 2557 4867 agent
2583 4798 2878 4867 sejunctze?
2900 4797 3026 4867 quid
3056 4797 3214 4860 alent,
3245 4798 3325 4849 vel
3351 4795 3642 4863 augebunt,

2074 4894 2155 4948 vel
2188 4891 2551 4963 progignent?
2574 4905 2738 4959 quem
2765 4888 3138 4945 ulciscentur?
3192 4889 3287 4942 sed
3337 4900 3510 4955 neque
3542 4900 3641 4940 ους

2072 4986 2267 5054 pitlitas
2302 4983 2406 5035 ulla
2436 4997 2490 5035 re
2523 4984 2766 5050 potietur
2820 4996 3007 5036 earum
3060 4997 3182 5052 quae
3226 4983 3298 5037 illi
3347 4981 3641 5051 appetitum

2068 5083 2432 5133 commovent.
2473 5072 2698 5128 Frustra
2736 5074 2903 5144 igitur
2944 5084 3104 5129 erunt
3138 5091 3153 5128 :
3188 5075 3333 5144 quod
3365 5088 3495 5127 sane
3526 5070 3641 5125 lieri

2070 5173 2278 5242 nequit.
2315 5171 2568 5240 Separari
2603 5186 2732 5240 ergo
2764 5185 2791 5223 a
2840 5171 3160 5238 corporibus
3198 5181 3305 5221 non
3357 5172 3533 5234 potest
3576 5176 3639 5217 ea

2067 5264 2391 5327 substantia,
2418 5278 2481 5317 ex
2518 5278 2623 5333 qua
2665 5261 2799 5317 tales
2834 5261 3103 5330 prodeunt
3137 5260 3401 5313 actiones.
3458 5254 3562 5309 Sed
3592 5253 3639 5308 si

2066 5366 2324 5428 vegetans
2359 5371 2387 5409 a
2417 5371 2601 5410 crasso
2632 5368 2861 5423 corpore
2909 5353 3120 5422 seiungi
3169 5366 3275 5405 non
3327 5358 3543 5417 potest;
3584 5356 3641 5399 et

2066 5465 2170 5503 una
2206 5465 2330 5503 cum
2367 5464 2435 5501 eo
2464 5449 2871 5517 corrumpitur:
2903 5447 2953 5499 id
2982 5462 3046 5501 ex
3100 5447 3164 5499 iis
3192 5446 3399 5499 clarum
3439 5449 3543 5505 est,
3570 5453 3637 5493 ex

2066 5544 2259 5611 quibus
2282 5550 2408 5596 sunt
2436 5543 2519 5595 lite
2546 5552 2865 5611 potestates,
2893 5541 3055 5595 etiam
3089 5541 3140 5593 in
3179 5539 3398 5607 plantis,
3432 5538 3485 5590 in
3516 5534 3638 5603 qui-

2064 5636 2162 5689 bus
2195 5634 2439 5702 spiritale
2464 5650 2662 5704 corpus
2696 5651 2800 5690 non
2830 5636 3091 5689 cernitur.
3132 5632 3236 5688 Sed
3286 5644 3339 5687 et
3383 5642 3501 5699 post
3541 5646 3636 5685 ex-

2063 5740 2275 5780 cessum
2327 5730 2522 5782 anima:
2559 5728 2776 5795 paulum
2836 5728 3093 5797 temporis
3154 5729 3203 5781 in
3260 5728 3360 5780 hoc
3409 5740 3635 5795 corpore

2062 5834 2284 5875 manere
2317 5820 2585 5876 videntur.
2621 5822 2841 5891 Ungues
2872 5823 3014 5878 enim
3065 5833 3113 5876 ct
3150 5821 3241 5889 pili
3274 5821 3467 5877 mortui
3505 5836 3627 5876 cor-
