4430 6448
433 381 571 445 1053

1852 385 1950 444 DE
1981 387 2246 448 ANIMA.

3553 382 3692 449 1054

429 512 588 557 οεως,
631 495 833 564 ἀνῆκτο
856 495 942 558 ἂν,
988 497 1081 549 καὶ
1120 495 1220 549 οὐκ
1260 497 1325 550 ἂν
1352 499 1461 560 τοῖς
1496 497 1600 551 ὑπὸ
1631 498 1735 567 γῆν
1782 498 2008 552 δικαιω-
2038 502 2082 559 Α
2115 515 2178 568 pe

1941 518 2008 552 ω-
2038 502 2082 559 Α
2115 501 2521 568 perturbatione
2562 510 2616 558 et
2650 502 3002 574 generatione
3029 502 3231 569 soluta,
3267 499 3493 556 dimissa
3521 512 3690 563 esset,

428 587 639 655 τηρίοις
669 587 1011 657 παρεδίδοτο.
1046 589 1126 641 Τά
1152 588 1209 640 δὲ
1248 589 1613 660 δικαιωτὴρια
1640 591 2007 659 ἐπιστρέφου-

431 695 514 728 σιν
544 677 714 746 αὐτὴν
770 677 908 747 πρὸς
965 679 1185 744 ἑαυτὴν,
1246 679 1388 733 ὥστε
1440 679 1625 733 λοιπὸν
1661 679 2010 749 καταγνοῦσα

430 769 653 836 ἑαυτῆς,
681 770 860 841 οἰκεία
898 772 1042 840 ὁρμῇ
1076 771 1441 840 καθαρθῆναι.
1468 771 1621 825 Αὐτὰ
1670 772 1769 841 μὲν
1808 773 1919 841 γὰρ
1942 772 2010 824 τὰ

427 862 795 932 δικαιωτὴρια
824 863 924 916 οὐκ
947 863 1142 932 ἀνάγει
1173 865 1365 934 αὐτὴν,
1396 864 1531 918 ἀλλά
1562 866 1838 935 καθαίρει⁸
1874 866 2009 919 καθ-

427 952 694 1022 αιρομένη
745 953 802 1006 δὲ
838 954 1253 1024 ἐπιστρέφεται,
1295 955 1392 1008 καὶ
1434 955 1572 1026 αὐτὴ
1599 956 1800 1026 ἑαυτὴν
1824 958 2008 1027 ἀνέχει

428 1047 696 1111 γενέσεως
729 1047 1136 1116 ἀπαλλαγεῖσα.
1177 1049 1311 1102 Τότε
1341 1050 1522 1104 τοίνυν
1557 1050 1649 1104 καὶ
1694 1049 1786 1103 τδν
1837 1050 2008 1120 θυμδν

429 1141 524 1192 καὶ
545 1139 645 1210 τὴν
675 1141 973 1210 ἐπιθυμίαν
1005 1141 1326 1195 ἀποτίθεται
1363 1145 1500 1212 μετὰ
1529 1142 1721 1196 τούτου
1755 1144 1849 1197 τοῦ
1880 1146 2008 1216 ὀχή-

429 1249 616 1300 ματος,
653 1231 747 1286 τοῦ
782 1233 1154 1303 πνευματικοῦ
1178 1234 1320 1301 λέγω
1345 1251 1360 1265 ⁸
1391 1234 1468 1299 ὡς
1499 1232 1712 1288 εἷναίτι
1743 1237 1838 1288 καὶ
1872 1237 2009 1305 μετά

426 1323 585 1375 τοῦτο
618 1323 748 1377 ἄλλο
798 1343 850 1377 τι
883 1326 1067 1388 ἀῖδίως
1108 1327 1280 1397 αὐτῆς
1309 1327 1618 1397 ἐξημμένον
1653 1328 1813 1398 σῶμα
1845 1328 2009 1397 οὐρά-

424 1432 558 1478 νιον,
599 1418 691 1469 καὶ
723 1417 994 1472 διὰ.τοῦτο
1027 1419 1218 1484 ἀΐδιον,
1248 1420 1342 1474 καὶ
1367 1420 1442 1483 ὡς
1486 1438 1667 1488 φασιν,
1721 1422 2009 1488 αὐγοειδὲς

423 1506 456 1574 ἢ
491 1509 820 1573 ἀστροειδές.
869 1510 992 1563 Τῶν
1043 1511 1154 1580 γὰρ
1190 1512 1504 1580 ὲγκοσμίων
1552 1509 1742 1577 οὖσαν,
1789 1513 2007 1582 ἀνάγκη

425 1597 644 1659 πάντως
672 1599 816 1668 ἔχειν
843 1601 965 1653 τινά
995 1601 1219 1670 κλῆρον,
1275 1603 1333 1654 ὃν
1385 1603 1650 1672 διοικήσει
1688 1604 1853 1672 μέρος
1879 1606 2009 1659 ὄντα

424 1690 792 1760 τοῦ-κὸσμου,
831 1694 926 1746 καὶ
955 1696 1001 1746 εί
1035 1696 1120 1746 ἀεὶ
1151 1693 1410 1763 ἀκίνητός
1441 1697 1576 1757 ἐστι,
1613 1699 1707 1748 καὶ
1731 1697 1812 1749 δεῖ
1837 1699 2008 1766 αὐτὴν

424 1786 688 1851 ἐνεργεῖν,
721 1786 802 1838 δεῖ
827 1787 997 1857 αὐτὴν
1032 1788 1177 1857 ἔχειν
1201 1789 1387 1850 ἀῖδξως
1413 1789 1720 1858 ἐξημμένον
1738 1808 1788 1842 τι
1823 1792 2007 1860 σῶμα.

434 1876 597 1929 Ἀλλὰ
626 1878 797 1930 ταῦτα
831 1879 929 1947 μὲν
957 1880 1006 1931 οί
1049 1879 1359 1950 Ἐλληνικοὶ
1396 1883 1490 1933 καὶ
1522 1881 1865 1936 Πλατωνικοὶ
1900 1883 2004 1952 μῢ·

424 1967 525 2021 θοι.

496 2102 642 2167 Ὅτι,
675 2105 830 2170 φασὶ,
876 2105 972 2159 τοῦ
1012 2108 1112 2176 μὲν
1146 2111 1525 2178 πνευματικοῦ
1562 2111 1817 2178 σώματος
1857 2112 1884 2162 ό
1913 2112 2008 2164 θυ-

426 2195 525 2263 μδς
557 2196 718 2266 καὶὴ
771 2197 1039 2267 ἐπιθυμία
1094 2199 1398 2269 ἀχώριστοι.
1456 2203 1629 2271 Δῆλον
1687 2203 1874 2256 δὲκαὶ
1926 2205 2008 2256 ὅτι

423 2287 611 2358 ὥσπερ
639 2290 693 2341 αἱ
727 2290 956 2352 ζωτικαὶ
996 2292 1049 2343 αἱ
1109 2292 1401 2359 θρεπτικαί.
1450 2297 1548 2361 τῆς
1592 2294 1789 2363 ἀλόγου
1843 2296 2008 2349 δυνά·-

427 2396 591 2446 μεως,
636 2381 693 2430 ὲν
729 2380 804 2449 τῷ
841 2381 1115 2450 πνεύματι
1170 2382 1438 2450 ἵδρυνται,
1481 2383 1624 2436 οὕτω
1655 2384 1750 2436 καὶ
1780 2385 1836 2435 αἱ
1865 2401 2010 2451 γνω-

425 2468 628 2522 στικαί.
669 2471 728 2522 El
769 2471 878 2542 γὰρ
907 2472 963 2523 αἱ
998 2473 1215 2541 χείρους
1242 2474 1422 2526 αὐτῶν
1453 2475 1643 2527 τούτου
1681 2472 1775 2526 τοῦ
1805 2475 2010 2544 παχέος

426 2561 678 2631 σώματός
705 2565 813 2615 είσι
847 2567 1138 2633 χωρισταὶ,
1167 2565 1348 2635 πολλῷ
1381 2567 1584 2635 μᾶλλον
1606 2568 1661 2620 αί
1692 2568 2006 2638 κρείττους.

425 2656 708 2723 κρείττους
740 2657 798 2709 δὲ
826 2658 881 2710 αἱ
925 2660 1250 2724 γνωστικαὶ,
1286 2661 1562 2725 φαντασία
1615 2660 1758 2727 λέγω
1783 2661 1878 2714 καὶ
1923 2661 2011 2714 ατ·

428 2745 637 2813 σθησις.
694 2743 837 2798 Ἀλλ’
887 2748 935 2798 εί
968 2749 1062 2800 καὶ
1115 2749 1172 2800 ὲν
1209 2748 1404 2818 ἐκείνῳ
1453 2747 1636 2817 ἔχουσι
1671 2750 1730 2802 τὸ
1777 2747 1917 2802 εἶναι
1955 2753 2011 2803 al

424 2837 612 2904 ἄλογοι
637 2837 738 2905 τῆς
768 2837 949 2908 ψυχῆς
988 2838 1247 2908 δυνάμεις
1269 2856 1282 2870 ·
1321 2840 1436 2892 ἀλλ’
1464 2837 1558 2894 οὖν
1589 2843 1846 2910 φοιτῶσιν
1889 2842 2010 2914 ἴχνη

422 2932 547 2981 τινὰ
575 2929 670 2981 ἀπ’
705 2930 918 2983 ἐκείνου
971 2932 1066 2983 καὶ
1117 2931 1210 2983 ἐπὶ
1260 2933 1322 2984 τὸ
1367 2933 1513 3001 παχὺ
1567 2930 1662 2984 τοῦ
1718 2933 2010 3004 σώματος·

425 3019 617 3089 ὥσπερ
644 3020 737 3072 καὶ
767 3020 874 3072 ἀπὸ
909 3019 1004 3072 τοῦ
1058 3022 1154 3073 νοῦ
1192 3022 1457 3091 ἐλέγομεν
1491 3024 1682 3094 φοιτᾷν
1714 3026 1805 3076 ἐπὶ
1829 3026 2012 3089 πάσας

423 3112 522 3173 τὰς
551 3113 737 3172 κοινὰς
768 3113 998 3176 ἐννοίας.
1031 3113 1154 3166 Ὅτι
1192 3115 1302 3183 γὰρ
1333 3115 1430 3166 καὶ
1475 3115 1637 3185 μέχρι
1667 3115 1860 3170 τούτου
1912 3116 2009 3169 τοῦ

428 3201 677 3270 σώματος
699 3202 998 3272 ὲλλάμψεις
1029 3203 1258 3271 φοιτῶσι
1283 3206 1382 3272 τῆς
1399 3205 1596 3273 ἀλόγου
1617 3206 1782 3274 ζωῆς,
1815 3207 1971 3276 δῆλον
1991 3225 2005 3238 ·

424 3295 451 3345 ὁ
491 3295 586 3363 μὲν
622 3295 729 3364 γὰρ
753 3295 923 3365 θυμὸς
947 3299 1086 3348 κινεῖ
1119 3297 1179 3349 τὸ
1211 3297 1564 3366 περικάρδιον
1598 3297 1760 3368 αἷμα,
1798 3302 1891 3353 καὶ
1921 3301 2007 3364 ζέ-

428 3405 510 3439 σιν
536 3387 654 3438 τινα
683 3386 848 3438 αὐτοῦ
879 3389 1021 3439 ποιεῖ
1041 3403 1052 3415 ·
1086 3389 1118 3456 ἡ
1145 3388 1200 3439 δὲ
1226 3389 1493 3456 ἐπιθυμία
1514 3392 1575 3442 τὸ
1597 3383 1752 3460 ἧπαρ
1783 3393 2006 3444 τοιῶσδε

426 3481 456 3546 ἣ
499 3478 720 3529 τοιῶσδε
742 3477 1015 3546 διατίθησι
1069 3480 1205 3547 πρὸς
1241 3480 1339 3541 τὰς
1390 3481 1590 3548 ἑαυτῆς
1628 3484 1892 3552 κινήσεις.
1938 3486 2003 3536 ΑΞ

429 3570 712 3638 αἰσθήσεις
761 3587 820 3621 τε
857 3571 1027 3622 πᾶσαι
1064 3570 1140 3639 τῷ
1185 3572 1472 3640 ἐγκεφάλῳ
1503 3571 1906 3641 ἐλλάμπονται·
1950 3575 2010 3640 ἐξ

427 3664 638 3714 ἐκείνου
663 3663 771 3731 γαρ
806 3663 900 3714 ἐπὶ
926 3663 990 3715 τα
1014 3661 1348 3733 αἰσθητήρια
1379 3664 1467 3718 διὰ
1501 3664 1610 3717 τῶν
1636 3665 1843 3735 νευρῶν
1878 3680 2011 3736 χορ-

427 3758 641 3825 ηγεῖται
677 3758 706 3824 η
749 3754 978 3822 δύναμις
1009 3757 1041 3824 ἡ
1093 3755 1384 3826 αἰσθητικὴ
1407 3773 1420 3787 ο
1451 3757 1545 3809 καὶ
1578 3757 1910 3820 πεπονθότος
1934 3775 2008 3822 τι,

426 3850 500 3910 ὡς
530 3850 704 3916 ίατροὶ
738 3847 1064 3902 δεικνύουσι.
1097 3847 1203 3899 Τοῦ
1239 3849 1348 3918 γὰρ
1372 3849 1711 3917 καλουμένου
1744 3852 2011 3919 μήνιγγος

429 3941 668 4008 φύλακος
703 3940 1064 4003 ἐπιτιθέντος,
1116 3939 1165 3991 εί
1213 3940 1490 4011 έπισυμὸῇ
1541 3957 1595 3992 τι
1634 3939 1711 4010 τῷ
1761 3942 2007 4010 μήνιγγι,

430 4034 756 4102 ἀναίσθητον
785 4035 878 4085 καὶ
912 4033 1170 4101 ἀκίνητον
1199 4033 1260 4085 τὸ
1285 4033 1425 4096 ςῶον
1455 4033 1688 4101 γίνεται.
1722 4035 1878 4087 Ἔστι
1905 4035 1961 4087 δὲ
1986 4037 2012 4088 ὁ

433 4122 650 4193 μήνιγξ,
690 4123 834 4192 ὑμήν
890 4139 976 4184 τις
1011 4122 1230 4175 σκέπων
1287 4123 1378 4174 τὸν
1418 4121 1724 4191 ἐγκέφαλον
1749 4164 1762 4185 ,
1799 4126 1892 4177 καὶ
1930 4143 2014 4178 νο-

428 4218 603 4268 τιαίου
641 4217 839 4283 μέρους
872 4214 1223 4276 πεπονθότος,
1272 4215 1332 4266 τὸ
1390 4214 1488 4283 μὲν
1538 4215 1797 4285 ἀνωτέρω
1847 4216 2012 4286 μέρος

427 4309 520 4361 τοῦ
577 4308 840 4369 παθόντος
905 4306 1172 4360 ἀπολαύει
1232 4307 1577 4377 αἰσθήσεωςο
1630 4311 1697 4361 τα
1754 4309 1809 4362 δὲ
1865 4310 2014 4363 κάτω

429 4401 729 4470 ἀναίσθητα
783 4403 1016 4468 γίνεται,
1051 4401 1135 4452 διὰ
1175 4400 1233 4451 τὸ
1281 4401 1354 4469 μὴ
1387 4402 1741 4471 χορηγεῖσθαι
1798 4401 1876 4454 ἔτι
1907 4403 2015 4471 ἀπὸ

2043 1843 2080 1896 ll

2114 607 2291 659 neque
2330 592 2558 647 infernis
2588 594 2866 663 suppliciis
2912 594 3148 659 addicta,
3175 609 3295 663 qua:
3325 593 3497 662 ipsam
3527 591 3595 646 ad
3635 606 3694 644 se

2113 693 2459 747 convertunt,
2490 694 2550 738 ut
2573 695 2744 740 semel
2765 686 2982 741 demum
3009 685 3124 754 ipsa
3147 685 3439 747 damnans,
3471 681 3692 751 propria

2114 775 2163 829 vi
2208 781 2490 845 purgetur.
2522 775 2655 830 Nam
2687 793 2859 846 paenae
2892 779 2995 831 illa:
3027 793 3134 831 non
3184 791 3301 830 eam
3344 774 3557 838 tollunt,
3595 772 3692 827 sed

2112 878 2346 938 purgant
2382 886 2397 922 :
2429 879 2655 938 purgata
2711 885 2837 924 vero
2897 873 3012 938 ipsa
3062 868 3422 931 convertitur,
3473 876 3532 920 et
3576 865 3692 938 ipsa

2114 975 2236 1015 sese
2282 961 2482 1015 attollit
2506 978 2534 1015 a
2563 963 2918 1031 generatione
2968 961 3216 1016 liberata.
3255 960 3411 1014 Tunc
3444 959 3608 1026 igitur
3635 965 3691 1010 et

2114 1053 2249 1106 iram
2279 1062 2334 1106 et
2375 1052 2726 1120 cupiditatem
2754 1053 2942 1122 ahjicit
2992 1066 3113 1107 cum
3144 1053 3250 1106 hoc
3283 1049 3551 1112 vehiculo,
3591 1049 3696 1117 spi-

2114 1146 2253 1198 ranti
2292 1144 2413 1200 dico
2435 1159 2682 1212 corpore,
2710 1154 2768 1199 ut
2802 1147 2872 1200 sit
2901 1154 3086 1214 postea
3122 1144 3264 1200 aliud
3291 1143 3693 1212 quodammodo

2112 1239 2497 1304 sempiternum
2517 1252 2579 1291 ex
2602 1236 2715 1305 ipsa
2735 1239 3044 1308 dependens
3061 1252 3256 1305 corpus
3273 1237 3515 1297 cceleste,
3531 1245 3693 1302 atque

2117 1328 2256 1382 adeo
2282 1339 2568 1394 arternnm,
2605 1340 2789 1397 atque,
2823 1339 2880 1382 ut
2917 1329 3240 1398 loquuntur,
3274 1325 3604 1396 pellucidum
3638 1334 3695 1378 et

2113 1420 2385 1475 sidereum
2418 1439 2431 1475 :
2465 1436 2585 1474 cum
2615 1421 2761 1474 enim
2791 1435 2819 1472 e
2851 1436 3033 1474 rerum
3086 1429 3282 1474 natura
3310 1418 3402 1482 sit,
3461 1429 3690 1471 necesse

2117 1524 2200 1569 est
2236 1522 2437 1570 sortem
2467 1523 2523 1568 et
2558 1514 2924 1569 conditionem
2960 1515 3195 1582 aliquam
3233 1512 3452 1576 habeat,
3501 1523 3687 1580 quam,

2115 1615 2172 1657 ιιι
2195 1615 2397 1670 partem
2431 1605 2636 1666 mundi,
2670 1605 3014 1659 administret
3039 1622 3051 1657 :
3081 1612 3134 1658 et
3157 1606 3199 1658 si
3223 1617 3438 1670 semper
3467 1602 3689 1654 immota

2113 1708 2220 1763 est,
2257 1714 2486 1768 eamque
2531 1713 2693 1768 agere
2739 1707 2975 1766 Oportet,
3034 1709 3234 1765 corpus
3265 1696 3430 1750 etiam
3472 1693 3691 1758 aliquod

2114 1806 2375 1847 mternnm
2407 1791 2508 1844 sibi
2557 1791 2868 1844 devinctum
2901 1789 3095 1844 habeat
3151 1797 3386 1858 oportet.
3440 1784 3549 1840 Sed
3609 1785 3691 1838 hac

2115 1895 2239 1939 sunt
2268 1885 2467 1939 Graecae
2492 1894 2545 1937 et
2586 1883 2876 1937 Platonicae
2905 1880 3115 1935 fabnlzn.

2181 2109 2319 2163 Iram
2349 2119 2403 2162 et
2448 2107 2795 2177 cupiditatem
2828 2120 2857 2158 a
2892 2104 3126 2172 spiritali
3179 2115 3409 2170 corpore
3446 2095 3689 2167 separari

2111 2217 2220 2256 non
2280 2216 2463 2271 posse,
2528 2198 2777 2254 nonnulli
2842 2196 3145 2258 allirmant;
3198 2205 3253 2247 at
3312 2202 3518 2248 certum
3583 2198 3689 2249 est,

2112 2293 2568 2364 quemadmodum
2607 2290 2800 2346 vitales
2821 2299 2877 2344 et
2902 2288 3170 2342 anctrices
3217 2285 3363 2339 vires
3390 2282 3689 2336 irrationa-

2113 2385 2238 2440 bilis
2274 2385 2577 2446 facultatis,
2616 2384 2670 2437 in
2702 2383 2899 2452 spiritu
2933 2382 3052 2434 sitae
3082 2387 3229 2439 sunt,
3258 2376 3341 2431 sic
3387 2374 3554 2429 etiam
3600 2387 3694 2427 co-

2114 2486 2456 2547 gnoscentes.
2489 2476 2546 2533 Si
2581 2475 2726 2531 enim
2756 2489 2878 2544 quae
2909 2480 3037 2526 sunt
3068 2470 3200 2539 Ipsis
3242 2467 3567 2526 deteriores.
3622 2463 3699 2542 ab

2113 2572 2217 2626 hoc
2250 2582 2437 2622 crasso
2471 2580 2702 2637 corpore
2734 2561 3066 2633 separabiles
3111 2568 3258 2622 sunt,
3300 2556 3470 2610 multo
3521 2552 3695 2622 magis

2113 2662 2559 2734 prmstantiores;
2633 2667 2690 2711 at
2759 2655 3061 2712 nobiliores
3105 2660 3230 2706 sunt
3281 2655 3694 2718 cognoscentes,

2112 2753 2421 2825 phantasia,
2465 2752 2613 2815 dico,
2670 2758 2726 2802 et
2782 2761 2998 2803 sensus.
3043 2743 3149 2797 Sed
3191 2743 3294 2797 etsi
3342 2739 3571 2794 rationis
3609 2751 3699 2792 ex-

2113 2855 2296 2919 pertes
2329 2844 2523 2899 animae
2548 2847 2868 2911 potestates,
2919 2838 2972 2891 in
3008 2835 3098 2890 illo
3133 2833 3333 2889 habent
3367 2843 3426 2885 nt
3466 2829 3599 2894 sint,
3628 2828 3698 2882 ab

2114 2940 2204 2995 illo
2249 2948 2424 2992 tamen
2477 2935 2531 2990 in
2574 2947 2822 2988 crassum
2865 2930 2972 2985 hoc
3013 2936 3070 2984 et
3115 2932 3462 2994 compactum
3500 2934 3698 2987 corpus

2114 3031 2340 3100 vestigia
2368 3029 2658 3099 prodeunt,
2693 3033 2755 3080 ut
2780 3039 2810 3078 a
2839 3033 3038 3087 mente,
3080 3021 3133 3072 in
3163 3028 3478 3072 communes
3509 3011 3692 3065 notio-

2115 3139 2211 3178 nes
2235 3122 2453 3192 prodire
2481 3119 2819 3173 dicebamus.
2850 3114 2932 3168 Ad
2975 3113 3079 3168 hoc
3112 3111 3258 3164 enim
3291 3120 3509 3173 corpus,
3542 3101 3688 3155 scin-

2116 3217 2284 3271 tillam
2313 3214 2601 3282 quamdam
2633 3211 2757 3264 vitae
2785 3210 3093 3266 brutorum,
3125 3200 3409 3272 pervenire
3453 3203 3693 3249 constat.

2113 3309 2246 3362 Nam
2310 3307 2387 3360 ita
2450 3303 2766 3371 sanguinem
2836 3300 2988 3355 cordi
3040 3293 3432 3349 circumfusum
3489 3295 3693 3349 movet,

2113 3399 2352 3465 facitque
2380 3404 2436 3448 ut
2468 3393 2872 3463 quodammodo
2913 3388 3157 3443 ebulliat.
3214 3382 3493 3451 Cupiditas
3541 3392 3692 3440 vero,

2109 3487 2263 3557 jecur
2294 3484 2395 3537 hoc
2433 3481 2628 3551 veljllo
2661 3482 2818 3533 modo
2845 3477 3008 3532 allicit
3040 3476 3104 3527 ad
3146 3487 3272 3526 suas
3298 3473 3588 3530 motiones,
3638 3475 3694 3520 et

2118 3577 2380 3645 disponit.
2430 3572 2499 3627 Et
2527 3586 2718 3627 omnes
2754 3581 2946 3623 sensus
2971 3567 3024 3620 in
3073 3563 3297 3620 cerebro
3353 3563 3691 3618 elucescunt.

2114 3670 2194 3724 Ah
2226 3669 2316 3722 illo
2335 3667 2478 3721 enim
2513 3666 2564 3719 in
2597 3664 2961 3717 instrumenta
2990 3669 3272 3720 sensuum,
3307 3653 3575 3709 sentiendi
3603 3650 3692 3706 vis

2113 3777 2226 3833 pert
2256 3773 2450 3814 nervos
2493 3753 2831 3817 dill'unditur,
2897 3749 2999 3805 etsi
3053 3748 3280 3804 illaesum
3331 3761 3441 3825 non
3503 3744 3597 3809 sit,
3632 3754 3696 3797 ut

2115 3851 2312 3908 medici
2342 3851 2737 3905 demonstrant.
2786 3845 2920 3899 Cum
2947 3854 3076 3896 vero
3100 3839 3435 3894 involucrum
3464 3835 3693 3891 cerebro

2115 3962 2209 4003 seu
2241 3943 2562 4000 membrana
2589 3939 2756 3994 veluti
2811 3945 2995 3992 custos
3031 3934 3274 4003 apposita
3324 3934 3437 3995 sit;
3485 3930 3599 3983 haec
3650 3929 3696 3981 si

2116 4041 2246 4096 laesa
2277 4037 2460 4100 fuerit,
2491 4049 2684 4091 sensus
2719 4034 2777 4085 lit
2805 4041 2860 4086 et
2891 4041 3073 4084 moms
3113 4041 3311 4096 expers
3340 4022 3561 4077 animal.
3595 4022 3689 4076 Est

2116 4144 2297 4188 autem
2337 4129 2555 4184 meninx
2586 4126 2837 4196 pellicula
2889 4123 3135 4190 quzedam
3177 4119 3462 4175 cerebrum
3517 4114 3695 4169 invol-

2118 4240 2249 4279 vens
2285 4232 2339 4276 et
2362 4231 2673 4290 protegens,
2705 4217 2859 4285 cujus
2889 4215 2933 4268 si
2965 4213 3271 4281 posteriora
3298 4209 3542 4278 perculsa
3572 4204 3692 4258 iue-

2118 4316 2249 4378 rint,
2286 4329 2413 4384 pars
2445 4310 2662 4379 quidem
2706 4307 2947 4361 anterior
3003 4319 3229 4358 sensum
3257 4300 3477 4362 retinet,
3530 4310 3580 4350 at
3615 4298 3698 4350 in-

2118 4409 2288 4464 ferior
2343 4405 2592 4460 amittit:
2633 4402 2776 4471 quod
2833 4414 2938 4454 non
2999 4396 3233 4466 amplius
3278 4408 3307 4446 a
3353 4392 3580 4446 cerebro
3613 4390 3706 4441 vis-

428 4495 521 4546 τοῦ
555 4494 857 4560 ἐγκεφάλου
887 4494 986 4562 τὴν
1018 4492 1341 4562 αἰσθητικὴν
1369 4493 1621 4561 δύναμιν,
1656 4493 1746 4545 τοῦ
1773 4493 2007 4562 ὀργάνου
2038 4512 2089 4571 D
2117 4515 2174 4554 se

1948 4511 2007 4545 ου
2038 4512 2089 4571 D
2117 4496 2384 4554 sentiendi
2417 4492 2811 4564 suppeditetur,
2845 4490 2972 4542 laeso
3002 4487 3263 4540 nimirum
3300 4490 3354 4536 et
3382 4481 3576 4536 allecto
3608 4480 3697 4532 in-

429 4587 571 4654 λέγω
603 4586 666 4656 δὴ
716 4585 807 4637 τοῦ
859 4585 1051 4654 νεύρου
1091 4586 1447 4646 πεπονθότος.
1508 4587 1618 4638 Καὶ
1653 4586 1700 4637 εί
1746 4585 1928 4656 δεθείη
1961 4587 2016 4639 δὲ

429 4678 618 4746 νεῦρον
645 4676 826 4739 πάλιν,
851 4676 1178 4744 ἀναίσθητον
1206 4677 1305 4744 μὲν
1326 4677 1384 4727 τὸ
1413 4676 1564 4728 κάτω
1591 4677 1755 4747 μέρος
1781 4677 2013 4744 γίνεται,

427 4769 487 4820 τι
515 4770 568 4821 δὲ
597 4768 708 4821 ἄνω
737 4767 889 4837 μένει
918 4767 1260 4838 αἰσθητικόν.
1293 4768 1463 4836 Δῆλον
1492 4765 1585 4820 οὖν
1617 4773 1678 4821 ὲκ
1717 4769 1823 4820 τῶν
1857 4770 2016 4839 εἱρηοι

432 4863 626 4930 μένων,
660 4862 739 4913 ὅτι
795 4861 852 4912 τέ
906 4862 1022 4913 ἐστι
1058 4862 1435 4928 πνευματικὸν
1474 4862 1632 4930 σῶμα
1687 4861 1783 4914 καὶ
1819 4860 2011 4914 τούτου

428 4954 710 5025 ἀχὼριστα
734 4955 902 5024 θυμὸς
934 4955 1027 5006 καὶ
1055 4954 1348 5025 ἐπιθυμία.

497 5091 640 5152 Ὅτι,
677 5091 858 5158 φασὶν,
909 5091 942 5160 ἠ
977 5091 1183 5160 εἴδησις
1222 5092 1412 5161 τριττή
1442 5109 1454 5122 ·
1495 5095 1527 5160 ἡ
1581 5092 1688 5161 γάρ
1723 5091 2007 5164 ἐπιστήμη

431 5184 642 5250 λέγεται
669 5183 894 5251 εἶδησις,
929 5183 1004 5246 ὥς
1037 5201 1204 5253 φησιν
1245 5187 1272 5237 ό
1313 5185 1537 5238 Πλάτων
1566 5187 1624 5237 ὲν
1653 5186 1728 5255 τῷ
1759 5187 2009 5243 Φαίδωνι.

431 5277 502 5328 Τὸ
530 5275 639 5345 γαρ
673 5275 870 5329 εἰδέναι
912 5275 1070 5328 τοῦτό
1099 5278 1239 5338 ἐστι,
1270 5277 1331 5328 τὸ
1362 5278 1595 5331 λαϐόντα
1647 5296 1748 5331 που
1783 5282 2008 5349 ἐπιστή-

433 5385 540 5435 μην
571 5366 715 5435 Ξχειν
757 5368 850 5418 καὶ
882 5367 953 5435 μὴ
980 5365 1408 5436 ἀποϐεϐλῆσθαι,
1447 5367 1479 5436 ἢ
1516 5370 1546 5437 ἠ
1580 5369 2007 5440 ὁλοσχερεστέρα

427 5459 648 5524 γνῶσις,
686 5459 931 5528 ῆάπλῶς
965 5461 997 5528 ἡ
1045 5460 1329 5528 κοινοτέρα
1365 5461 1460 5512 καὶ
1496 5461 1705 5513 τούτων
1751 5461 2008 5532 ἑκάτερον

430 5553 776 5620 περιέχουσα,
807 5549 879 5612 ὣς
905 5567 1069 5619 φησιν
1098 5551 1480 5620 Ἀριστοτέλης
1511 5553 1567 5602 ὲν
1597 5555 1708 5614 τοῖς
1736 5556 2005 5619 φυσικοῖς,

429 5644 616 5712 ἐπειδὴ
657 5644 718 5695 τὸ
746 5643 941 5696 εἰδέναι
970 5645 1064 5694 καὶ
1092 5643 1153 5695 τὸ
1181 5645 1506 5696 ἐπίστασθαι
1541 5662 1604 5695 πε
1618 5644 1669 5712 ρὶ
1699 5647 1879 5706 πασας
1907 5646 2004 5706 τὰς

428 5737 755 5806 ἐπιστήμας.
811 5739 908 5790 Διὰ
946 5732 1177 5806 μὲνγὰρ
1205 5737 1297 5789 τοῦ
1347 5737 1544 5790 εἰδέναι
1597 5737 1694 5806 τὴν
1743 5737 2005 5807 ὁλοσχερῆ

428 5834 627 5899 γνιὶσιν
664 5832 947 5902 σημαίνει·
983 5831 1069 5884 δια
1103 5831 1155 5882 δὲ
1183 5829 1272 5882 τοῦ
1301 5829 1626 5883 ἐπίστασθαι
1658 5830 1751 5900 τὴν
1779 5831 2001 5899 ἀκριϐῆ,

2121 4599 2426 4645 strnmento
2476 4599 2668 4641 sensus
2707 4584 2796 4651 qui
2833 4596 3036 4635 nervus
3086 4587 3189 4633 est.
3251 4575 3315 4629 Et
3373 4589 3585 4637 rursus,
3649 4573 3696 4627 si

2120 4693 2321 4733 nervus
2353 4676 2646 4739 vinciatur,
2674 4688 2801 4740 pars
2846 4670 3074 4724 inferior
3106 4682 3264 4724 sensu
3316 4666 3582 4736 privatur,
3640 4664 3696 4716 in

2119 4771 2399 4839 superiore
2442 4783 2634 4824 sensus
2661 4765 2830 4833 viget.
2887 4762 2966 4817 Ex
2997 4762 3080 4815 his
3110 4761 3298 4828 liquet,
3348 4769 3472 4811 esse
3502 4768 3701 4823 corpus

2117 4862 2335 4932 aliquod
2369 4859 2630 4930 spiritale,
2660 4866 2715 4912 et
2746 4857 2814 4910 ab
2842 4871 2926 4920 eo,
2966 4855 3292 4908 irascentem
3325 4859 3381 4905 et
3432 4845 3704 4915 concupi-

2116 4962 2354 5009 scentcm
2383 4949 2657 5021 segregari
2682 4963 2786 5002 non
2815 4960 2995 5016 posse.

2186 5091 2404 5162 Triplex
2467 5088 2772 5160 quaepiam,
2821 5086 3018 5148 aiunt,
3083 5080 3235 5135 notio
3289 5088 3406 5133 est:
3467 5073 3695 5129 scientia

2112 5187 2256 5242 enim
2315 5181 2502 5238 notitia
2555 5179 2792 5241 dicitur,
2847 5185 2908 5230 ut
2965 5174 3041 5229 ait
3092 5174 3144 5226 in
3194 5171 3462 5224 Phaedone
3518 5166 3708 5221 Plato.

2114 5278 2251 5332 Nam
2308 5275 2451 5330 scire
2511 5280 2634 5337 est,
2685 5279 2973 5339 postquam
3026 5263 3310 5320 scientiam
3365 5256 3710 5326 susceperis,

2113 5385 2233 5425 eam
2279 5369 2514 5424 retinere
2547 5381 2651 5418 nec
2681 5363 2977 5426 amittere;
3018 5357 3099 5413 vel
3130 5358 3287 5426 plena
3331 5363 3384 5408 et
3430 5365 3703 5405 consum-

2117 5473 2257 5516 mata
2291 5459 2548 5529 cognitio,
2590 5457 2674 5511 vel
2711 5453 3017 5510 communis
3046 5458 3102 5505 et
3128 5447 3408 5510 interiecta
3440 5441 3685 5513 quaedam

2115 5557 2306 5608 harum
2355 5561 2642 5616 utrumque
2687 5547 2996 5608 continens,
3049 5551 3107 5595 ut
3152 5538 3338 5594 scribit
3375 5531 3690 5588 Aristotelea

2113 5647 2167 5700 in
2224 5643 2484 5713 physicis.
2536 5639 2670 5705 Quia
2724 5647 2871 5692 certo
2928 5635 3066 5689 scire
3109 5643 3162 5686 et
3218 5640 3567 5700 cognoscere,
3625 5623 3694 5675 ad

2111 5750 2296 5791 omnes
2353 5732 2608 5787 scientias
2659 5729 2953 5798 pertinent.
3011 5723 3144 5778 Nam
3184 5738 3279 5793 per
3329 5719 3479 5780 illud,
3541 5725 3692 5770 certo

2113 5830 2274 5894 scire,
2311 5828 2522 5897 plenam
2554 5822 2960 5895 pet-lectamque
2985 5817 3343 5887 cognitionem
3379 5809 3694 5880 signiﬁcat:
