4430 6448
786 387 925 453 1055

2048 380 2471 444 MICHAELIS
2496 382 2764 442 PSELLI

3907 376 4044 442 1056

782 524 879 576 per
909 507 1016 561 hoc
1052 519 1200 567 vero,
1241 517 1595 574 cognoscere,
1627 510 1937 557 accuratam
1971 500 2055 555 vel
2083 514 2202 555 eam
2238 515 2357 567 qua:
2385 496 2491 566 Αῆ
2525 519 2531 529 ι

2295 515 2357 554 ne
2385 496 2491 566 Λῆ
2525 497 2622 566 τὴν
2657 494 2850 558 κοινῶς
2900 494 2995 548 ἐπὶ
3026 492 3207 563 πάσης
3256 491 3511 561 γνώσεως
3556 493 3881 564 λεγομένην.
3939 497 4044 550 Καὶ

784 601 852 652 de
891 596 1039 650 omni
1079 594 1388 661 cognitione
1428 602 1740 665 usurpatur,
1792 594 2065 656 notitiam,
2100 602 2153 646 et
2188 591 2275 645 hic
2307 603 2362 645 et

788 688 841 740 in
882 686 1089 739 altioris
1118 683 1481 753 philosophia:
1513 683 1860 749 tractatione,
1895 681 2181 735 intellexit.

861 777 1076 831 Duobus
1112 779 1309 839 modis,
1362 776 1594 829 alteram
1644 775 1815 830 altera
1864 776 2152 829 certiorem
2180 785 2234 830 et
2267 790 2362 828 ac-

787 869 1117 923 ruratiorem
1150 869 1432 922 scientiam
1471 867 1754 937 dijudicari
1787 866 2019 921 affirmat
2044 868 2365 921 Aristoteles

786 964 853 1015 de
916 960 1419 1015 demonstratione:
1479 964 1690 1027 primo,
1746 975 1870 1015 eum
1931 976 2075 1025 una,
2141 960 2364 1014 alterius

789 1053 1052 1122 principia
1086 1051 1281 1119 probat
1327 1059 1383 1105 et
1434 1051 1793 1106 demonstrat.
1838 1050 1929 1105 Sic
1975 1051 2216 1120 physica,
2245 1064 2363 1103 me-

786 1142 967 1195 dicina
1000 1143 1199 1194 certior
1248 1149 1377 1195 est:
1424 1139 1723 1209 geometria
1774 1138 1901 1192 item
1951 1137 2361 1191 tnachinatrice.

787 1231 1147 1285 Arithmetica
1200 1232 1424 1295 musice,
1480 1231 1697 1285 obeam
1738 1244 1955 1284 causam
2011 1229 2361 1297 exploratior.

791 1319 1067 1385 Secundo,
1110 1320 1211 1373 alia
1238 1330 1321 1375 est
1347 1319 1453 1373 alia
1482 1321 1685 1376 certior
1710 1320 1933 1373 scientia
1963 1335 2081 1385 quae
2118 1335 2230 1374 rem
2261 1337 2364 1374 uult

790 1412 1133 1463 materiatam
1182 1411 1605 1479 contemplatur,
1652 1420 1709 1463 ut
1748 1411 2069 1479 geometria,
2123 1427 2211 1464 ars
2269 1427 2369 1464 nu-

793 1516 1089 1565 merorum,
1119 1512 1173 1556 et
1208 1502 1501 1570 theologia,
1547 1518 1642 1555 seu
1690 1503 1859 1568 prima
1912 1501 2269 1569 philosophia,
2306 1503 2371 1557 iis

790 1608 910 1658 qua:
946 1594 997 1646 in
1038 1595 1205 1649 rebus
1265 1594 1568 1647 materiatis
1617 1601 1975 1661 occupantur.
2028 1593 2206 1659 Quare
2246 1594 2371 1647 Ari-

790 1687 1011 1742 stoteles
1046 1687 1097 1741 in
1135 1688 1503 1755 metaphysica
1545 1701 1724 1740 rerum
1763 1702 1884 1755 quae
1930 1686 2204 1741 intellectu
2247 1702 2370 1754 per-

790 1780 1082 1845 cipiuntur,
1103 1780 1613 1844 contemplationem
1633 1788 1686 1833 et
1705 1776 2011 1832 facillimam
2031 1790 2081 1831 et
2097 1778 2365 1831 difficilem

790 1886 911 1924 esse
957 1869 1226 1937 aﬂirmat;
1264 1871 1575 1926 facillimam
1622 1871 1863 1939 quidem,
1910 1871 2030 1938 quia
2078 1872 2148 1924 de
2207 1870 2367 1924 rebus

792 1971 874 2013 νει
906 1962 1061 2015 statis
1090 1972 1144 2016 et
1183 1962 1323 2027 fixis,
1359 1974 1411 2016 et
1454 1964 1642 2017 eodem
1678 1976 1891 2030 semper
1925 1964 2084 2015 modo
2118 1962 2366 2016 habenti-

796 2050 917 2103 bus.
965 2048 1059 2104 Dei
1091 2051 1233 2104 enim
1268 2066 1558 2120 rerumque
1601 2051 1903 2105 divinarum
1938 2052 2214 2105 immotam
2252 2066 2368 2106 esse

795 2141 1181 2204 substantiam,
1237 2143 1487 2196 virtutem
1543 2153 1595 2196 et
1642 2144 1937 2205 actionem,
1993 2144 2367 2212 planissimnm

793 2242 897 2285 est.
964 2233 1053 2286 Sic
1107 2234 1289 2303 itaque
1346 2235 1601 2289 facillima
1658 2246 1760 2289 est.
1812 2235 2068 2304 lmpcdita
2135 2250 2261 2286 vero
2320 2244 2372 2286 et

793 2324 1044 2389 ditliciiis,
1074 2335 1293 2394 propter
1321 2336 1557 2379 nostram
1594 2327 2040 2382 imbecillitatem.
2075 2328 2190 2379 Non
2225 2328 2368 2381 enim

793 2415 918 2481 quia
952 2417 1001 2469 in
1047 2433 1275 2485 corpore
1299 2432 1503 2481 sumus,
1535 2430 1585 2471 et
1632 2419 2126 2487 perturbationibus
2150 2419 2367 2471 obnoxii

796 2506 861 2555 :nl
918 2521 1096 2557 rerum
1148 2507 1451 2560 divinarum
1499 2507 1674 2561 lumen
1732 2510 2009 2562 attendere
2067 2524 2370 2578 possumus,

795 2596 952 2647 sicuti
996 2611 1170 2662 neque
1200 2608 1406 2650 noctua:
1437 2598 1602 2650 solem
1633 2598 1849 2653 intueri.

864 2684 1024 2739 Plato
1086 2688 1445 2741 immortalem
1499 2688 1734 2740 animam
1799 2704 1918 2742 cum
1974 2691 2374 2746 immortalibus

796 2777 1014 2830 nomine
1050 2786 1257 2829 tantum
1301 2778 1591 2831 convenire
1637 2778 1760 2831 inde
1801 2778 2026 2848 colligit,
2074 2782 2213 2848 quod
2246 2797 2373 2849 pro-

797 2868 912 2935 prie
947 2884 1007 2920 ar.
1038 2883 1129 2935 per
1168 2884 1225 2922 sc
1255 2870 1586 2930 immortale,
1613 2871 1848 2924 immota:
1866 2872 1938 2925 sit
1970 2881 2021 2925 et
2054 2873 2373 2927 substantia:

798 2971 850 3011 ιιι
892 2961 1172 3015 actionis:
1224 2971 1277 3012 at
1325 2961 1519 3015 anima:
1560 2960 1776 3027 quidem
1832 2962 2193 3015 immortalem
2242 2965 2375 3017 sub—

798 3054 1051 3107 stantiam
1106 3056 1373 3123 agnoscit,
1435 3070 1540 3107 non
1589 3070 1718 3108 vero
1761 3055 2052 3109 actionem.
2119 3056 2197 3109 Ad
2250 3072 2372 3110 eum

2465 585 2700 639 ἐνταῦθα
2730 586 2827 638 καὶ
2860 586 2917 638 ἐν
2949 585 3063 647 τοῖς
3097 582 3235 652 μετὰ
3265 583 3334 636 τά
3357 583 3561 652 φυσικά
3586 584 3919 651 παρέλαϐεν.

2540 771 2666 823 ’Ότι
2693 772 2857 839 φησὶν
2906 770 3289 839 Ἀριστοτέλης
3325 771 3382 822 ὲν
3405 771 3468 839 τῇ
3493 769 3875 839 ἀποδεικτικῇ,
3909 772 4049 823 κατᾶ

2466 866 2559 918 δύο
2606 865 2845 933 τρόπους
2871 862 3153 933 κρίνεσθαι
3189 862 3503 931 ἐπιστήμην
3554 863 3867 932 ἐπιστήμης
3892 865 4048 931 ἀκρι-

2468 957 2752 1026 ϐεστέραν.
2791 956 2928 1009 Καθ’
2960 956 3056 1008 ἕνα
3089 956 3187 1023 μὲν
3208 955 3387 1024 ὅτανὴ
3412 954 3575 1024 ἑτέρα
3601 956 3697 1023 τῆς
3724 956 3918 1023 ἑτέρας
3951 956 4049 1017 τάς

2468 1046 2642 1115 ἀρχὰς
2673 1046 3041 1105 ἀποδεικνύει,
3079 1039 3191 1098 οἷον
3213 1048 3246 1114 ὴ
3271 1044 3593 1112 φυσιολογία
3624 1045 3872 1114 ἰατρικῆς
3893 1046 4049 1113 ἀκρι-

2471 1138 2739 1208 ϐεστέρα·
2793 1138 3056 1200 ὡσαύτως
3092 1138 3186 1190 καὶ
3232 1140 3263 1205 ἡ
3320 1137 3656 1206 γεωμετρία,
3716 1138 4046 1206 μηχανικῆς.

2473 1231 2571 1283 Διά
2604 1232 2701 1300 τὴν
2736 1230 2992 1299 τοιαύτην
3042 1230 3224 1283 αἰτίαν
3275 1229 3645 1299 ἀκριϐεστέρα
3680 1231 3773 1281 καὶ
3810 1232 4049 1298 ἀριθμη-

2469 1322 2597 1393 τικὴ
2634 1324 2959 1390 ἁρμονικῆς.
2991 1321 3129 1373 Καθ’
3168 1322 3358 1391 ἕτερον
3397 1320 3453 1372 δὲ
3493 1320 3649 1387 λόγον
3681 1320 4050 1389 ἀκριϐεστέρα

2471 1417 2619 1468 ἐστὶν
2649 1415 2932 1482 ἐπιστήμη
2964 1414 3300 1481 ἐπιστήμης,
3335 1413 3366 1479 ἡ
3404 1410 3566 1463 ᾶῦλον
3600 1410 3795 1479 ἔχουσα
3826 1412 3885 1461 τὸ
3920 1410 4053 1463 ὑποο

2472 1508 2744 1578 κείμενον,
2770 1507 2844 1568 ὡς
2876 1503 3212 1573 γεωμετρία,
3266 1500 3605 1571 ἀριθμητική
3641 1516 3700 1551 τε
3732 1500 3827 1551 καὶ
3873 1498 4053 1550 θεολο-

2472 1602 2588 1669 γία,
2615 1600 2723 1651 τῶν
2752 1596 3207 1662 ὑποϐαλλομένων
3264 1594 3331 1645 τά
3366 1591 3525 1643 ὑλικά
3558 1590 3921 1657 ὑποκείμενα.
3958 1590 4049 1640 Διό

2472 1692 2718 1759 φησικαὶ
2766 1688 3145 1758 Ἀριστοτέλης
3195 1688 3250 1737 ἐν
3304 1687 3416 1745 τοῖς
3448 1682 3585 1753 μετά
3617 1682 3684 1733 τά
3716 1682 3943 1748 φυσικὰ,
3971 1683 4053 1733 ὅτι

2473 1786 2505 1852 ὴ
2550 1783 2657 1835 τῶν
2692 1781 2897 1849 νοητῶν
2941 1779 3142 1849 Θεωρία
3190 1778 3284 1829 καὶ
3316 1777 3484 1846 ῥᾴστη
3523 1774 3640 1825 ἐστὶ
3692 1776 3789 1826 καὶ
3819 1772 4051 1841 χαλεπή.

2488 1873 2687 1943 Ῥᾴστη
2728 1872 2827 1939 μὲν
2855 1911 2869 1933 ,
2921 1870 3054 1921 διότι
3096 1869 3223 1937 περὶ
3271 1864 3524 1918 ἑστώτων
3553 1864 3671 1916 ἐστὶ
3714 1863 4055 1931 πραγμάτιον

2474 1966 2566 2016 καὶ
2593 1964 2681 2015 ἀεὶ
2709 1962 2967 2022 ὡσαύτως
2996 1960 3257 2029 ἐχόντων·
3286 1958 3563 2023 φανότατα
3597 1956 3706 2025 γὰρ
3734 1954 3801 2007 τὰ
3834 1956 3953 2005 Θεῖα
3982 1953 4056 2015 ὡς

2473 2055 2833 2126 ἀμετάϐλητα
2870 2053 3148 2116 καθάπαξ,
3202 2050 3324 2103 κατ’
3358 2048 3569 2111 οὐσίαν,
3613 2048 3755 2100 κατά
3803 2047 4052 2114 δύναμιν,

2475 2145 2594 2197 κατ’
2625 2145 2930 2212 ἐνέργειαν.
2975 2142 3175 2212 Ῥᾴστη
3213 2141 3312 2210 μὲν
3358 2139 3450 2191 οὖν
3490 2141 3576 2192 διὰ
3609 2138 3799 2191 τοῦτο·
3846 2138 4057 2206 χαλεπὴ

2473 2237 2527 2288 δὲ
2562 2236 2649 2288 διὰ
2684 2234 2780 2304 τὴν
2811 2235 3087 2304 ἡμετέραν
3123 2233 3430 2286 ἀσθένειαν.
3490 2233 3563 2284 Οὐ
3596 2234 3704 2301 γὰρ
3735 2230 4057 2300 ἐξισχύομεν

2476 2330 2532 2378 ἐν
2564 2326 2796 2395 σώματι,
2835 2329 2925 2378 καὶ
2968 2323 3232 2393 ἐμπαθεῖς
3262 2324 3433 2387 ὄντες,
3470 2324 3548 2384 εἰς
3588 2322 3647 2375 τὸ
3678 2323 3901 2375 ἐκείνων
3944 2322 4061 2389 φῶς

2476 2420 2722 2470 ἀτενίσαι
2747 2436 2759 2446 ·
2793 2420 2927 2487 ὅπερ
2962 2418 3227 2485 πάσχουσι
3257 2418 3350 2468 καὶ
3382 2417 3435 2467 αἱ
3472 2416 3783 2485 νυκτερῖδες
3810 2416 3942 2486 πρὶς
3967 2415 4059 2468 τὸν

2476 2527 2646 2561 τλιον.

2554 2688 2675 2739 ’Ότι
2713 2688 2939 2739 Πλάτων
2986 2686 3254 2737 ἀθάνατον
3310 2685 3505 2753 λέγων,
3551 2687 3650 2757 τὴν
3678 2686 3875 2756 ψυχὴν,
3925 2689 4062 2740 ἀϐα-

2478 2782 2657 2842 νάτοις
2689 2780 2979 2850 ὁμώνυμον
3007 2774 3145 2831 εἶναι
3182 2779 3459 2847 ἐπιφέρει·
3490 2778 3623 2830 διότι
3650 2780 3709 2830 τὸ
3734 2781 3830 2847 μὲν
3856 2780 4061 2847 κυρίως

2479 2874 2747 2928 ἀθάνατον
2792 2873 2885 2924 καὶ
2919 2872 3037 2923 κατ’
3066 2872 3255 2923 οᾶσίαν
3296 2872 3390 2922 καὶ
3425 2870 3546 2922 κατ’
3586 2872 3871 2941 ἐνέργειά-ι
3913 2874 4062 2924 ἐστιν

2479 2966 2882 3036 ἀμετάὸλητον·
2923 2963 3019 3033 τὴν
3067 2964 3121 3015 δὲ
3177 2963 3355 3034 ψυχὴν
3406 2964 3527 3016 κατ’
3560 2964 3746 3016 οὐσίαν
3784 2966 3881 3033 μὲν
3919 2961 4059 3017 οἶδεν

2480 3060 2766 3121 ἀθάνατον,
2794 3057 2975 3108 οὐκέτι
3006 3057 3061 3108 δὲ
3091 3057 3181 3109 καὶ
3216 3055 3335 3107 κατ’
3367 3056 3667 3123 ἐνέργειαν.
3704 3055 3887 3117 Οὕτως
3922 3056 3963 3107 δ’
3994 3058 4061 3108 ἂν

800 3148 1015 3198 modum
1053 3163 1136 3201 res
1172 3149 1423 3202 caelestes
1472 3164 1566 3202 seu
1610 3149 1777 3204 caelos
1832 3150 2050 3202 nomine
2083 3158 2242 3203 tenus
2276 3151 2376 3202 im-
2408 3179 2449 3233 ο
2482 3152 2549 3204 εἰς

2316 3166 2376 3202 n-
2408 3179 2449 3233 ο
2482 3152 2657 3214 εἴποις
2688 3150 2783 3203 καὶ
2810 3150 2879 3202 τὰ
2915 3148 3141 3219 οὐράνια
3192 3148 3481 3211 ἀθανάτοις
3530 3148 3797 3217 ὀμώννμα
3827 3166 3837 3176 ·
3898 3167 4065 3216 μετα-

802 3233 1056 3285 mortales
1102 3248 1227 3287 esse
1258 3235 1509 3293 dixeris:
1557 3246 1837 3291 mutantur
1889 3237 2057 3302 enim,
2113 3240 2217 3295 etsi
2269 3255 2373 3294 non

801 3325 1128 3388 substantia,
1162 3327 1281 3380 loco
1317 3336 1521 3385 tamen.

871 3417 1076 3471 Anima:
1110 3420 1392 3472 verissima
1429 3422 1669 3490 cognitio
1692 3422 1757 3475 ad
1795 3423 2105 3477 universam
2138 3424 2379 3493 philoso-

804 3507 981 3573 phiam
1011 3523 1333 3577 magnopere
1364 3512 1643 3568 conducit.
1686 3514 1750 3565 ad
1785 3514 2127 3583 disciplinam
2169 3531 2377 3568 morum

804 3602 925 3654 dico
979 3613 1033 3655 ct
1093 3604 1417 3677 theologiam
1463 3624 1556 3661 seu
1610 3609 1838 3677 primum
1873 3609 2269 3678 philosophiam
2323 3619 2378 3665 et

802 3696 1102 3767 physicam.
1139 3698 1215 3751 Ad
1246 3698 1563 3764 doctrinam,
1592 3699 1830 3768 inquam,
1866 3701 1930 3755 de
1958 3701 2220 3764 moribus,
2252 3702 2377 3769 quia

806 3804 983 3844 mores
1034 3804 1162 3843 suos
1207 3806 1364 3844 nemo
1412 3792 1774 3853 conformare,
1821 3807 1997 3861 neque
2036 3802 2180 3846 recte
2219 3792 2377 3846 insti-

808 3890 957 3931 tuere
1001 3889 1199 3949 potest,
1233 3881 1332 3934 nisi
1382 3883 1470 3950 qui
1497 3884 1691 3936 anima:
1734 3882 2015 3937 facultates
2070 3895 2378 3953 perspectas

808 3968 1075 4024 habuerit.
1098 3971 1176 4024 Ad
1212 3970 1533 4042 theologiam
1564 3986 1711 4037 vero,
1758 3972 1884 4041 quia
1913 3972 1979 4024 de
2021 3981 2221 4037 mente,
2262 3987 2381 4041 quae

807 4061 861 4111 in
917 4062 1073 4116 nobis
1120 4070 1223 4128 est,
1264 4063 1577 4131 quaerimus,
1623 4072 1677 4117 et
1720 4062 2005 4117 statuimus
2042 4077 2161 4116 esse
2208 4064 2378 4132 ipsam

810 4153 1169 4207 immortalem
1210 4174 1222 4208 :
1264 4132 1391 4223 quia
1443 4170 1571 4210 vero
1614 4171 1764 4210 mens
1807 4170 1985 4209 rerum
2044 4164 2129 4210 est
2174 4156 2382 4211 intelle-

809 4245 1108 4310 ctualium,
1155 4263 1305 4301 mens
1340 4263 1526 4301 earum
1581 4256 1664 4302 est
1711 4263 1892 4302 rerum
1948 4263 2067 4317 qum
2129 4249 2272 4303 inter
2324 4264 2382 4304 se

811 4336 1145 4392 referuntur.
1190 4342 1258 4393 At
1288 4340 1583 4393 relatorum
1616 4355 1781 4393 unttm
1823 4342 1912 4408 qui
1953 4341 2121 4405 novit,
2151 4349 2206 4394 et
2239 4341 2381 4395 aliud

810 4431 1062 4484 noverit:
1101 4435 1164 4483 ad
1205 4432 1522 4502 theologiam
1572 4432 1735 4510 igitur
1776 4433 1970 4487 mentis
2017 4442 2214 4487 nostra:
2257 4448 2384 4488 con-

2481 3243 2666 3296 oms:
2699 3243 2806 3310 γὰρ
2848 3240 2941 3293 καὶ
2987 3240 3147 3302 αὐτὰ,
3193 3242 3239 3291 εξ
3273 3241 3363 3291 καὶ
3404 3240 3478 3310 μὴ
3510 3239 3633 3291 κατ’
3660 3240 3873 3305 οὑσὶαν,
3922 3242 4061 3295 ἄλλα

2482 3334 2621 3387 κατᾶ
2652 3333 2839 3384 τόπον.

2557 3428 2681 3478 Ὀτι
2724 3428 2756 3493 ἡ
2790 3424 2916 3493 περὶ
2942 3424 3117 3493 ψυχῆς
3147 3422 3491 3491 ἀληθεστάτη
3523 3424 3743 3489 γνῶσις,
3782 3425 3917 3494 πρὸς
3953 3428 4063 3478 7:5.-

2484 3535 2582 3569 σαν
2636 3517 2955 3584 φιλοσοφίαν
2994 3514 3393 3584 συμϐάλλεται·
3438 3519 3574 3581 πρὸς
3612 3516 3667 3567 δὲ
3722 3518 3821 3585 τὴν
3862 3519 4062 3586 ἠθικὴν

2482 3611 2627 3678 λέγω
2658 3610 2748 3661 καὶ
2776 3609 2877 3675 τὴν
2907 3607 3225 3676 θεολογικὴν
3256 3608 3349 3659 καὶ
3377 3606 3474 3675 τὴν
3506 3626 3575 3675 qu
3589 3611 3761 3675 σικήν.
3792 3610 3933 3678 Πρὸς
3965 3613 4065 3679 μὲν

2482 3703 2572 3756 οὖν
2605 3702 2703 3771 τὴν
2735 3700 2955 3770 ἠθικὴν,
2982 3700 3063 3751 ὅτι
3096 3699 3356 3751 ἀδύνατον
3390 3702 3535 3769 ἡμᾶς
3559 3702 3625 3753 τὰ
3649 3702 3859 3752 ἐαντῶν
3896 3721 4067 3755 κατα-

2484 3796 2747 3848 σκευάσαι
2778 3792 2883 3863 ἤθη
2915 3794 3012 3853 τὰς
3037 3791 3294 3859 δυνάμεις
3322 3793 3418 3861 τῆς
3447 3793 3624 3862 ψυχῆς
3659 3794 3733 3862 μὴ
3768 3796 4067 3863 gms-‘59,-

2487 3890 2710 3959 μένους·
2747 3886 2879 3956 πρὸς
2929 3886 2985 3937 δὲ
3018 3885 3320 3953 θεολογίαν,
3356 3886 3437 3937 ὅτι
3487 3884 3762 3955 ζητοῦμεν
3808 3888 3935 3955 περὶ
3965 3888 4062 3939 τοῦ

2483 3981 2575 4034 νοῦ
2609 3979 2701 4032 τοῦ
2735 3975 3005 4048 χωριστοῦ
3040 3976 3133 4028 τοῦ
3167 3967 3223 4029 ἐν
3251 3978 3404 4045 ἡμῖν,
3438 3978 3517 4028 ὅτι
3547 3977 3638 4028 καὶ
3671 3978 3832 4040 αὐτὸς
3867 3979 4068 4031 ἀθάνα-

2481 4089 2592 4132 τος.
2638 4068 2855 4139 Ἐπειδὴ
2908 4066 2965 4121 δὲ
2998 4068 3026 4119 ὀ
3065 4066 3189 4130 νοῦς
3230 4067 3438 4137 νοητῶν
3468 4069 3604 4130 ἐστι,
3636 4068 3762 4131 νοῦς
3793 4068 3896 4121 τῶν
3929 4072 4066 4138 πρός

2482 4165 2533 4217 τί
2560 4166 2693 4217 ἐστι.
2718 4162 2838 4214 Τῶν
2863 4159 2919 4211 δὲ
2965 4160 3102 4229 πρός
3129 4178 3179 4212 τι
3214 4161 3241 4212 ὁ
3274 4160 3333 4212 τὸ
3366 4160 3424 4212 ἒν
3456 4160 3631 4223 εἰδὼς,
3662 4160 3756 4212 καὶ
3796 4162 3855 4213 τὸ
3880 4160 4067 4214 λοιπὶν

2484 4258 2708 4319 εἵσεται,
2733 4254 2891 4325 δῆλον
2916 4255 2997 4306 ὃτι
3025 4256 3057 4323 ή
3089 4252 3294 4320 Θεωρία
3326 4250 3418 4304 τοῦ
3446 4252 3717 4321 ἡμετέρου
3746 4252 3837 4303 νοῦ
3870 4255 3962 4304 καὶ
3989 4256 4068 4315 εἰς

2484 4348 2764 4414 Θεολογίαν
2801 4347 3011 4416 μεγάλα
3047 4344 3445 4414 συμϐάλλεται.
3494 4344 3807 4412 Συμεάλλει
3843 4345 3899 4396 δὲ
3931 4347 4067 4413 ἡμῖν

2486 4441 2581 4493 καὶ
2614 4440 2748 4509 πρδς
2775 4439 2873 4509 τὴν
2906 4439 3161 4507 φυσικήν.
3193 4438 3257 4491 Εἴ
3292 4454 3353 4503 γε
3384 4437 3619 4504 φυσικῆς
3662 4438 3764 4505 μέν
3801 4438 3947 4488 ἐστιν
3976 4436 4065 4505 ἔρ-

809 4518 1067 4575 sideratio
1101 4522 1387 4590 plurimum
1434 4523 1562 4579 facit
1595 4541 1611 4579 :
1647 4523 1816 4577 nihilo
1859 4525 2035 4578 minus
2078 4525 2144 4578 ad
2198 4526 2384 4596 physi-
2416 4518 2460 4572 Ι)
2491 4549 2558 4599 γο

2317 4526 2384 4580 si-
2416 4518 2460 4572 D
2491 4549 2606 4599 γον,
2653 4530 2712 4583 τὸ
2745 4532 2872 4600 περὶ
2909 4530 3185 4599 σωμάτων
3220 4526 3590 4597 διαλεχθῆναι,
3633 4529 3724 4579 καὶ
3747 4526 3851 4578 τῶν
3910 4527 4066 4578 εἱδῶν

811 4626 979 4670 eam:
1034 4614 1301 4683 siquidem
1362 4615 1479 4683 ejus
1544 4624 1629 4672 est
1690 4616 1757 4669 de
1826 4617 2148 4685 corporibus
2207 4632 2387 4687 agere,

811 4702 985 4771 deque
1020 4717 1205 4756 eorum
1247 4720 1371 4759 cum
1411 4704 1623 4770 formis,
1670 4715 1780 4759 tum
1825 4704 2201 4760 facultatibus.
2256 4706 2391 4762 Nam

811 4793 1105 4847 formarum
1137 4800 1402 4861 omnium,
1450 4811 1568 4867 qua:
1613 4797 1666 4851 in
1714 4797 2041 4867 corporibus
2086 4806 2236 4863 sunt,
2270 4798 2390 4868 pul-

810 4884 1084 4939 cherrima
1111 4896 1190 4940 est
1224 4888 1425 4942 anima.

883 4977 1062 5043 Quare
1094 4989 1149 5033 ut
1174 4980 1237 5034 de
1265 4981 1508 5051 reliquis,
1536 4981 1616 5036 sic
1655 4982 1722 5036 de
1770 4982 1950 5039 anima
1986 4996 2205 5050 quoque
2239 4997 2388 5051 qum-

816 5068 1040 5122 rcndum
1094 5078 1198 5132 est,
1256 5072 1529 5138 quodnam
1582 5072 1648 5125 ad
1703 5086 1873 5141 genus
1926 5072 2228 5126 revocanda
2290 5072 2390 5126 sit.

813 5160 1042 5225 Quidam
1080 5163 1225 5217 enim
1274 5163 1338 5217 ad
1368 5164 1749 5228 substantiam,
1781 5164 1869 5218 alii
1921 5164 1987 5217 ad
2033 5164 2388 5233 quantitatem

818 5251 1105 5318 reducunt,
1154 5264 1209 5306 ut
1252 5253 1610 5309 Xenocrates.
1659 5255 1931 5310 Numerus
1988 5257 2155 5320 enim,
2190 5255 2388 5325 inquit,

817 5344 1054 5413 scipsum
1092 5362 1337 5412 movens,
1370 5348 1548 5401 anima
1578 5356 1681 5403 est.
1711 5348 1813 5401 Alii
1846 5349 1911 5401 ad
1939 5346 2277 5416 qualitatem,
2333 5355 2392 5400 ut

822 5435 1037 5501 medici,
1070 5436 1158 5504 qui
1193 5452 1292 5490 nos
1321 5439 1556 5492 animam
1590 5454 1711 5495 esse
1740 5439 1946 5492 dicunt.
1981 5438 2183 5503 Quibus
2211 5454 2386 5491 annu-

820 5526 1062 5579 merandi
1092 5538 1241 5593 sunt,
1280 5530 1371 5599 qui
1410 5531 1566 5585 talem
1622 5529 1984 5586 entelechiam
2047 5528 2214 5591 ipsam
2268 5544 2387 5583 esse

820 5617 1158 5672 existimant.
1209 5620 1309 5673 Alii
1361 5623 1624 5676 rationem
1670 5622 2060 5677 elementorum
2114 5635 2231 5674 eam
2268 5635 2391 5674 esse

2489 4624 2690 4687 αὐτῶν,
2744 4624 2837 4675 καὶ
2870 4623 2979 4674 τῶν
3012 4622 3332 4691 δυνάμεων·
3377 4620 3487 4674 τῶν
3522 4619 3579 4672 δὲ
3616 4622 3672 4672 ἐν
3708 4619 3954 4689 σώμασιν
3989 4623 4067 4671 εἰ·

2489 4716 2595 4768 δῶν
2624 4716 2685 4769 τὸ
2711 4715 2997 4768 κάλλιστον
3039 4716 3070 4784 ἠ
3101 4713 3274 4783 ψυχή.

2565 4979 2684 5030 Ὀτι
2718 4977 2817 5039 δεῖ,
2854 4977 3011 5046 φησὶ,
3042 4976 3295 5045 καθάπερ
3324 4974 3420 5028 καὶ
3450 4974 3540 5027 ἐπὶ
3566 4974 3675 5025 τῶν
3701 4974 3900 5036 ἄλλων,
3928 4974 4069 5026 οὕτω

2488 5073 2583 5124 καὶ
2613 5071 2705 5122 ἐπὶ
2737 5070 2834 5139 τῆς
2867 5070 3041 5138 ψυχῆς
3088 5069 3346 5138 ζητῆσαι,
3380 5067 3486 5119 ὑπὸ
3524 5066 3678 5118 ποῖον
3711 5066 3866 5132 γένος
3898 5067 4069 5133 αὐτὴν

2488 5163 2778 5232 ἀνάξομεν.
2840 5162 2951 5215 Καὶ
3001 5163 3110 5229 γὰρ
3143 5161 3192 5214 οί
3245 5161 3344 5229 μὲν
3374 5159 3543 5229 αὐτὴν
3593 5159 3696 5211 ὑπὸ
3727 5158 3824 5224 τὴν
3876 5157 4069 5208 οὐσίαν

2489 5256 2783 5323 ἀνάγουσιν
2807 5273 2819 5285 ·
2852 5256 2900 5306 οἱ
2933 5254 2990 5306 δὲ
3034 5254 3137 5306 ὑπὸ
3170 5253 3229 5305 τὸ
3280 5254 3445 5305 ποσόν
3470 5268 3485 5284 ’
3513 5244 3587 5304 ὧν
3622 5252 3738 5303 ἐστι
3783 5251 3873 5301 καὶ
3906 5249 4068 5300 Ξενο-

2497 5348 2705 5417 κράτης
2734 5348 2831 5417 (2).
2878 5347 3136 5417 Ἀριθμὸς
3186 5346 3293 5417 γάρ
3325 5348 3462 5407 ἐστι,
3503 5344 3689 5411 φησὶν,
3727 5345 3757 5412 ἡ
3805 5342 3951 5409 ψυχὴ
3982 5359 4067 5391 κι-

2496 5442 2601 5493 νῶν
2627 5440 2837 5492 ὲαυτόν.
2875 5440 2935 5492 Oi
2967 5440 3023 5492 δὲ
3068 5439 3173 5491 ὑπὸ
3198 5439 3258 5491 τὸ
3289 5438 3461 5501 ποιὸν,
3498 5431 3573 5493 ὧν
3605 5438 3711 5488 είσι
3746 5435 3840 5487 καὶ
3872 5433 4067 5501 ίατροὶ,

2498 5533 2644 5600 ἡμᾶς
2685 5534 2761 5602 (5)
2791 5528 2929 5587 εἶναι
2971 5532 3221 5600 λέγοντες
3256 5532 3446 5601 αὐτήν.
3482 5529 3722 5582 Tom-3:0:
3766 5527 3810 5580 δ’
3849 5527 3911 5581 ἂν
3961 5520 4069 5576 sit:

2501 5627 2593 5678 καὶ
2618 5626 2668 5676 οἱ
2708 5625 3043 5694 ἐντελέχειαν
3074 5626 3243 5695 αὐτὴν
3280 5625 3593 5693 νομίζοντες
3620 5620 3895 5689 τοιαύτην.
3939 5620 4068 5669 Ἀλ-

897 5762 971 5837 (ἓ)
1006 5765 1070 5837 _ltl
1099 5765 1418 5837 Pythagorae
1450 5769 1631 5837 potius
1680 5767 1869 5821 tribuit
1893 5763 2186 5834 Gregorius
2223 5761 2501 5833 Nyssenus
2544 5767 2597 5822 in
2640 5768 2779 5824 libro
2837 5768 2909 5823 De
2939 5769 3153 5822 Anima.

898 5834 974 5902 (5)
1006 5834 1153 5904 Lego
1186 5836 1323 5903 αἷμα
1378 5834 1712 5903 sanquinem.
