4430 6448
433 416 564 479 1057

1864 416 1959 474 DE
1996 412 2264 473 ANIMA.

3531 414 3670 478 1058

427 544 506 584 Λοι
542 534 695 598 λόγον
723 535 890 601 αὐτὴν
913 533 1017 585 τῶν
1055 532 1332 602 στοιχείων
1365 531 1637 598 λέγουσιν,
1669 532 1716 583 οἳ
1750 530 1991 600 δηλοιότι
2025 529 2064 582 Α
2095 524 2176 578 die

1922 530 1991 582 5:;
2025 529 2064 582 Α
2095 524 2303 590 dicunt,
2337 527 2427 594 qui
2457 540 2583 579 eam
2625 539 2815 592 nempe
2863 525 2915 577 in
2956 524 3248 580 relatorum
3291 525 3541 580 ordinem
3578 543 3671 581 eo-

425 627 533 678 ὐπδ
553 625 610 676 τὸ
644 624 778 693 πρός
809 642 861 675 τι
906 625 1111 692 ταύτην
1146 624 1433 690 ἀνάγουσι.
1471 623 1542 674 Τὸ
1571 623 1679 692 γὰρ
1723 623 2004 674 διπλάσιον

424 716 458 784 ἢ
490 716 738 784 ἡμιόλιον
788 715 895 767 τῶν
944 716 1079 784 πρός
1125 733 1199 768 τι.
1257 714 1586 784 ’Δμιρίδολον
1634 709 1726 766 οὖν
1758 714 1893 776 τέως
1943 714 2004 765 τὸ

422 807 599 872 γένος.
648 806 896 858 Ἐπειδὰν
936 807 992 859 δὲ
1049 805 1301 876 εὕρωμεν
1335 809 1415 859 ὅτι
1448 807 1661 867 οὐσίαν,
1709 806 1872 858 πάλιν
1899 805 1998 874 ζη-

432 893 540 951 (εντν
564 898 764 963 δεήσει,
801 899 1026 967 πότερον
1062 897 1222 966 σῶμα
1245 897 1277 967 ἢ
1303 897 1614 966 ἀσώματον,
1645 899 1737 949 καὶ
1759 899 1808 948 εἰ
1840 897 2001 965 σῶμα

425 986 628 1048 ὧιιλοῦν
680 989 711 1058 ἢ
762 991 1044 1040 σύνθετον·
1098 991 1191 1042 καὶ
1240 993 1288 1041 εί
1342 989 1634 1058 ἀσώματον
1672 989 2000 1058 χωριστὸνῆ

429 1076 749 1146 ἀχώριστον.
776 1082 882 1132 Καὶ
915 1081 1142 1149 πότερον
1175 1079 1271 1149 μία
1303 1082 1358 1132 ἐν
1380 1081 1594 1149 ἑκάστῳ
1616 1081 1782 1150 ψυχὴ,
1815 1079 1846 1148 ἢ
1876 1079 2004 1130 πολ-

425 1167 515 1221 λιιι
541 1186 557 1201 ο
589 1173 682 1225 καὶ
705 1175 752 1224 εἰ
803 1174 920 1240 μία,
963 1174 1242 1242 μονοειδὴς
1277 1173 1308 1244 ἢ
1342 1173 1718 1242 πολυδύναμος
1743 1191 1755 1203 ·
1792 1175 1884 1225 καὶ
1918 1173 2000 1236 τίς

428 1260 462 1328 ἡ
488 1260 596 1312 τῶν
616 1262 899 1331 δυνάμεων
926 1263 1182 1332 διαφορὰ,
1223 1266 1318 1316 καὶ
1347 1266 1392 1316 εί
1428 1264 1640 1316 πολλαί·
1673 1263 1900 1334 πότερον
1924 1265 2000 1334 τῷ

427 1349 642 1421 ἀριθμῷ
675 1353 889 1417 πολλαὶ,
939 1355 970 1423 ἢ
1027 1357 1119 1408 καὶ
1167 1355 1245 1424 τῷ
1287 1355 1457 1408 εἴδει·
1511 1359 1742 1426 πότερον
1798 1357 1890 1410 καὶ
1923 1358 2000 1426 τῷ

427 1440 598 1507 γένει,
631 1442 662 1512 ἢ
696 1444 778 1496 οὔ.
809 1447 885 1497 Τά
910 1448 1016 1515 γὰρ
1047 1447 1124 1516 τῷ
1154 1446 1283 1500 εἴδει
1318 1449 1666 1518 διαφέροντα,
1691 1451 1751 1503 οὐ
1780 1454 1998 1514 πάντως

427 1533 520 1582 καὶ
567 1533 643 1600 τῷ
686 1536 872 1599 γένει·
921 1538 996 1599 ὡς
1033 1537 1320 1607 ἄνθρωπος
1348 1541 1443 1592 καὶ
1481 1540 1666 1602 ἵππος.
1699 1542 1779 1593 Τά
1816 1542 2000 1610 μέντοι

426 1622 505 1691 τῷ
542 1625 690 1690 γένει
742 1625 1092 1696 διαφέροντα,
1136 1629 1193 1694 ἐξ
1226 1630 1472 1698 ἀνάγκης
1510 1631 1608 1683 καὶ
1640 1631 1717 1700 τῷ
1741 1631 1891 1692 εἴδει,
1924 1633 2001 1695 ὡς

427 1715 570 1777 λίθος
599 1717 691 1768 καὶ
727 1717 882 1780 ζῶον.
927 1718 1112 1772 Ταῦτα
1157 1720 1341 1774 τοίνυν
1373 1721 1468 1774 καὶ
1513 1723 1720 1776 τούτων
1753 1724 1996 1790 πλείονα,

429 1807 565 1876 πρὸς
591 1809 652 1859 τὸ
682 1808 867 1860 λαόεῑν
892 1810 982 1862 τὸν
1008 1811 1238 1882 ὁρισμὸν
1259 1815 1358 1882 τῆς
1381 1813 1582 1884 ψυχῆς,
1614 1816 1895 1886 ζητητέον.

500 1985 623 2036 Ὀτι
666 1985 1042 2058 Ἀριστοτέλης
1072 1990 1174 2042 ὑπὸ
1202 1990 1465 2060 διαίρεσιν
1492 1993 1582 2045 τὸν
1607 1993 1763 2062 λόγον
1785 1997 2003 2064 ἀνάγων

426 2076 516 2128 τὸν
545 2079 671 2141 περὶ
691 2077 887 2148 ψυχῆς,
913 2081 1098 2149 φησιν,
1127 2083 1159 2152 ἢ
1184 2082 1411 2152 δυνάμει
1435 2086 1582 2136 ἐστιν
1612 2087 1642 2156 ἢ
1675 2088 1999 2158 ἐντελέχεια,

427 2170 547 2220 ἀντὶ
579 2173 677 2235 μὲν
707 2170 799 2222 τοῦ
833 2172 1088 2240 σώματος
1118 2175 1465 2243 χρησάμενος
1495 2181 1560 2247 τῇ
1591 2178 1840 2248 δυνάμει,
1877 2183 2001 2234 ἀντὶ

426 2259 481 2311 δέ
514 2258 604 2310 τοῦ
637 2259 925 2329 ἀσώματος
962 2265 1024 2333 τῇ
1079 2264 1388 2335 ἐντελεχείᾳ
1421 2283 1434 2294 '
1470 2268 1564 2319 καὶ
1597 2271 1706 2338 γάρ
1731 2270 1839 2321 τῶν
1893 2287 2000 2323 σωο

431 2349 616 2416 μάτων
646 2353 713 2404 τὰ
763 2353 864 2421 μὲν
915 2355 971 2406 ἐν
1003 2355 1216 2420 γενέσει
1253 2359 1344 2410 καὶ
1399 2358 1573 2429 φθορᾷ
1602 2360 1826 2430 δυνάμει
1858 2363 1997 2427 ἐστὶ,

425 2442 521 2493 καὶ
553 2444 672 2494 κατ’
702 2443 891 2496 οὐσίαν
912 2444 1008 2498 καὶ
1035 2449 1174 2499 κατά
1199 2450 1480 2517 ποιότητα,
1501 2453 1593 2503 καὶ
1618 2451 1712 2521 τὴν
1741 2455 1803 2506 ἐκ
1832 2455 2000 2508 τόπου

427 2551 447 2583 ε
461 2537 506 2596 ξς
522 2536 686 2587 τόπον
703 2536 1006 2606 μεταϐολήν
1028 2555 1038 2566 ·
1056 2539 1282 2610 δυνάμει
1303 2542 1399 2611 μὲν
1419 2546 1525 2614 γάρ
1543 2546 1708 2614 ἐσμεν
1726 2547 1821 2600 ἄνθ
1832 2565 2000 2617 ρωποι

427 2628 487 2678 ἐν
516 2627 592 2695 τῷ
625 2629 903 2697 σπέρματι
939 2631 1034 2683 καὶ
1070 2633 1126 2684 ἐν
1151 2634 1228 2702 τῷ
1263 2638 1603 2706 καταμηνίῳ·
1645 2640 1740 2691 καὶ
1771 2639 2000 2709 δυνάμει

428 2720 614 2782 παῖδες
636 2721 808 2783 ὅντες,
830 2723 1027 2790 ἔχομεν
1061 2727 1122 2775 τὸ
1154 2725 1246 2778 τοῦ
1275 2729 1469 2796 ἀνδρὸς
1493 2714 1999 2801 μέγεθοςῧομοίως

426 2812 521 2864 καὶ
545 2813 636 2863 ἐπὶ
659 2813 750 2864 τοῦ
780 2814 955 2866 ποιοῦ·
990 2816 1213 2885 δυνάμει
1237 2817 1435 2888 ψυχροὶ
1465 2820 1662 2890 θερμοὶ
1691 2822 1867 2887 ὄντες,
1903 2826 2000 2878 καὶ

426 2903 652 2973 δυνάμει
688 2906 983 2975 κινούμεθα
1003 2909 1411 2978 καθήμενοι.Τά
1427 2912 1482 2964 δέ
1501 2930 1558 2964 τε
1587 2915 1813 2983 οὐράνια
1844 2918 1901 2968 ἐν
1931 2921 1998 2989 τῇ

429 2995 569 3048 κατά
598 2997 761 3050 τόπον
794 2999 1062 3069 μεταϐολῇ
1096 3001 1254 3067 μόνον
1276 3001 1457 3071 ἔχουσι
1483 3007 1545 3073 τῇ
1579 3005 1822 3074 δυνάμει.
1845 3009 2000 3062 Ἀνα-

427 3083 628 3136 τέλλων
658 3086 764 3155 γὰρ
811 3091 838 3140 ὁ
868 3087 1038 3156 ἥλιος,
1071 3089 1296 3158 δυνάμει
1359 3098 1709 3162 μεσουρανεί·
1763 3098 1858 3149 καὶ
1903 3115 2000 3166 με-

2107 628 2258 686 gunt.
2318 618 2548 686 Duplum
2613 618 2756 672 enim
2827 629 2883 673 et
2945 619 3247 686 sextuplum
3307 620 3476 673 relata
3531 631 3678 674 sunt.

2109 710 2335 766 Dubium
2371 711 2532 780 igitur
2571 720 2626 764 et
2659 722 3071 765 controversum
3098 721 3180 766 est
3205 713 3318 781 ejus
3343 727 3537 780 genus.
3572 711 3681 765 Sed

2107 806 2196 858 ubi
2257 805 2622 859 invenerimus
2665 803 3028 857 substantiam
3083 817 3228 869 esse,
3286 819 3472 858 rursus
3522 818 3676 874 qure-

2110 899 2331 950 rendutn
2365 898 2468 951 erit
2509 912 2576 950 an
2611 911 2808 966 corpus
2836 911 2904 950 au
2936 897 3052 952 sine
3074 911 3304 966 corpore
3334 913 3347 959 ;
3382 912 3448 950 an
3485 913 3682 969 corpus

2106 991 2353 1058 simplex,
2419 1005 2486 1041 an
2547 989 2962 1058 compositum:
3013 990 3060 1042 si
3115 989 3234 1044 sine
3299 1004 3551 1058 cci-pore,
3610 1007 3678 1044 an

2104 1082 2460 1152 St-parabilis,
2509 1097 2574 1134 an
2636 1079 3046 1148 inseparabilis;
3117 1091 3192 1145 et,
3255 1080 3396 1134 sitne
3452 1096 3556 1134 una
3623 1083 3678 1135 in

2103 1175 2332 1242 singulis
2375 1175 2694 1242 corporibus
2737 1173 2939 1236 anima,
2975 1172 3056 1226 vel
3104 1171 3323 1241 plures:
3372 1183 3426 1227 et
3474 1173 3522 1227 si
3574 1187 3680 1225 ttna

2105 1277 2209 1332 est,
2262 1282 2329 1320 an
2358 1267 2516 1321 unius
2546 1265 2770 1341 speciei,
2800 1266 2882 1319 vel
2913 1265 3270 1334 plurimarum
3313 1263 3678 1327 facultatum‘;

2103 1360 2372 1427 quodnam
2403 1357 2476 1412 sit
2497 1372 2683 1411 earum
2718 1359 2862 1410 inter
2893 1371 2951 1410 se
2978 1355 3272 1411 discrimen
3307 1372 3320 1407 :
3365 1366 3478 1409 tum
3503 1355 3682 1409 sintne

2104 1451 2284 1520 plures
2309 1451 2420 1517 hae;
2449 1464 2514 1503 an
2548 1463 2796 1512 numero,
2822 1462 2887 1500 an
2916 1448 3092 1514 specie
3122 1447 3302 1516 plures
3330 1465 3342 1500 :
3369 1462 3436 1500 an
3463 1461 3680 1514 genere,

2103 1553 2293 1594 necne.
2349 1536 2482 1591 Nam
2539 1551 2658 1606 quae
2704 1537 2888 1605 specie
2945 1534 3237 1599 diﬂ‘erunt,
3293 1551 3398 1590 non
3458 1538 3680 1589 omnino

2101 1633 2264 1686 etiam
2298 1645 2494 1700 genere
2525 1646 2540 1692 ;
2571 1637 2628 1682 ut
2656 1630 2816 1683 homo
2844 1639 2897 1682 et
2929 1642 3122 1697 equus.
3158 1628 3286 1694 Quae
3318 1643 3454 1682 vero
3481 1643 3680 1695 genere

2102 1724 2372 1788 differunt,
2411 1725 2632 1778 omnino
2659 1732 2713 1777 et
2756 1724 2936 1789 specie
2977 1723 3307 1790 discrepant,
3344 1729 3401 1774 ut
3452 1721 3588 1788 lapis
3627 1729 3682 1771 et

2103 1816 2322 1870 animal.
2353 1816 2478 1870 llaec
2504 1825 2560 1869 et
2596 1815 2746 1883 plura
2785 1814 2849 1866 ad
2887 1813 3292 1882 percipiendam
3327 1815 3523 1867 anima:
3550 1812 3684 1865 dell-

2109 1910 2391 1972 nitionetn,
2423 1911 2715 1975 quaerenda
2753 1917 2900 1960 sunt.

2176 2001 2496 2055 Aristoteles
2556 1998 2978 2067 disputationem
3032 1997 3098 2052 de
3157 1997 3337 2052 anima
3405 1995 3673 2059 dividens,

2103 2094 2188 2148 vel
2219 2101 2502 2162 potestate,
2540 2093 2734 2161 inquit,
2776 2099 2880 2156 est,
2924 2090 3006 2145 vel
3056 2092 3141 2147 vis
3191 2106 3258 2144 ex
3309 2105 3368 2145 se
3409 2104 3676 2145 movens:

2107 2185 2193 2238 ubi
2229 2198 2324 2252 pro
2354 2198 2602 2252 corpore,
2646 2184 2802 2247 dixit,
2862 2191 3165 2250 potestate;
3202 2198 3302 2252 pro
3334 2182 3676 2248 incorporeo.

2106 2279 2186 2332 vis
2215 2294 2280 2331 ex
2317 2292 2376 2331 se
2406 2291 2629 2330 movens
2663 2293 2675 2327 :
2707 2290 2994 2344 corporum
3029 2279 3196 2338 enim,
3228 2275 3328 2329 alia
3360 2275 3413 2330 in
3453 2290 3683 2343 genera-

2103 2371 2252 2424 tione
2288 2380 2344 2423 et
2370 2372 2745 2436 corruptione,
2795 2377 3063 2434 potestate
3091 2377 3241 2432 sunt,
3290 2377 3344 2420 et
3383 2367 3678 2420 secundum

2105 2461 2461 2515 substantiam
2516 2469 2571 2512 et
2620 2457 2939 2527 qualitatem
2989 2467 3042 2510 et
3089 2455 3448 2510 mutationem
3498 2468 3527 2507 e
3562 2452 3682 2506 loco

2106 2558 2157 2610 in
2188 2557 2364 2613 locum
2393 2554 2556 2608 :‘nam
2595 2559 2864 2620 potestate
2901 2564 3087 2603 sumus
3116 2549 3366 2602 homines
3389 2547 3442 2601 in
3469 2547 3680 2600 semine

2102 2659 2157 2704 et
2202 2657 2526 2702 menstruo:
2577 2654 2632 2700 et
2666 2659 2788 2698 eum
2818 2641 2969 2712 pueri
3023 2643 3214 2706 simus,
3254 2639 3356 2693 viri
3406 2639 3678 2707 magnitu-

2104 2740 2284 2794 dinem
2342 2746 2607 2806 potestate
2656 2735 2938 2789 habemus.
2976 2733 3029 2785 ln
3081 2731 3342 2796 qualitate
3400 2729 3678 2788 similiter,

2105 2845 2228 2884 eum
2255 2829 2433 2899 frigidi
2469 2843 2677 2889 sumus,
2705 2835 2978 2895 potestate
3009 2824 3173 2878 calidi
3215 2837 3406 2877 sumus
3437 2832 3491 2875 et
3525 2829 3679 2888 pote-

2102 2934 2241 2978 State
2264 2935 2564 2984 movemur,
2596 2934 2720 2973 cum
2745 2917 3017 2972 sedemus.
3042 2915 3178 2970 (ἰωιί
3201 2923 3382 2968 autem
3409 2914 3474 2966 ad
3503 2913 3676 2967 solam

2103 3014 2203 3067 loci
2270 3011 2649 3074 mutationem,
2714 3017 3034 3078 potestatem
3102 3008 3322 3061 habent.
3384 3003 3477 3058 Sol
3533 3006 3676 3059 enim

2101 3103 2306 3163 oriens,
2350 3107 2616 3169 potestate
2651 3097 2860 3151 medius
2889 3105 3014 3161 est;
3050 3094 3276 3149 meridie
3325 3106 3477 3157 vero,
3520 3102 3677 3160 pote-

430 3177 708 3244 σουρανῶν
749 3178 974 3246 δυνάμει
1031 3179 1176 3234 δύνει
1201 3198 1214 3211 ·
1249 3184 1342 3234 καὶ
1371 3185 1462 3236 ἐπὶ
1508 3186 1603 3254 τῆς
1635 3187 1799 3257 ἄλλης
1827 3188 1995 3243 αὐτοῦ
2024 3203 2070 3265 c
2103 3203 2179 3248 sta

1926 3188 1995 3243 ὀὗ
2024 3203 2070 3265 c
2103 3202 2239 3248 state
2269 3191 2468 3246 occidit
2498 3207 2511 3242 :
2543 3199 2598 3242 et
2648 3187 2702 3240 in
2758 3186 2970 3241 caeteris
3007 3183 3145 3252 ejus,
3174 3195 3226 3237 et
3261 3183 3493 3237 aliorum
3529 3183 3675 3236 side-

429 3269 692 3336 κινήσεως
743 3273 836 3322 καὶ
883 3271 987 3324 τῶν
1019 3271 1193 3326 ἄλλων
1239 3273 1506 3344 ἀστέρων,
1544 3277 1805 3340 ὡσαύτως
1839 3281 1897 3332 ἐν
1927 3283 1992 3350 τῇ

425 3359 568 3410 κατὰ
588 3360 757 3414 τόπον
777 3362 1071 3432 μεταϐολῇ,
1087 3364 1146 3416 τὸ
1173 3363 1403 3434 δύναμει
1425 3367 1542 3417 ἐστὶ
1570 3367 1816 3438 θεωρεῖν.
1835 3370 1997 3425 Ἀλλά

423 3455 474 3506 τί
515 3455 712 3524 δήποτε
758 3460 848 3509 ἐπὶ
899 3457 991 3510 τοῦ
1026 3459 1277 3528 σώματος
1307 3461 1365 3513 ὲν
1407 3461 1636 3530 δυνάμει
1669 3464 1857 3530 τάξας,
1901 3469 1996 3522 ἐπὶ

425 3547 520 3600 τοῦ
568 3550 860 3618 ἀσωμάτου
888 3552 987 3603 οὐκ
1027 3547 1182 3604 εἶπεν
1243 3553 1549 3624 ἐντελεχείᾳ
1595 3558 1735 3610 κατὰ
1777 3560 1994 3630 δοτικὴν

428 3641 650 3702 πτῶσιν,
689 3641 806 3693 ἀλλ’
838 3642 1176 3712 ἐντελέχειαν
1203 3645 1324 3698 κατ’
1354 3647 1602 3715 εὐθεῖαν;
1629 3651 1874 3719 Λέγομεν
1900 3649 1994 3706 οὖν

425 3731 504 3780 ὅτι
530 3730 656 3781 ἄλλο
678 3733 794 3782 ἐστὶ
825 3732 1073 3800 δύναμις,
1109 3733 1203 3786 καὶ
1232 3734 1360 3788 ἄλλο
1385 3738 1442 3789 ἐν
1475 3739 1725 3808 δυνάμει,
1757 3742 1848 3794 καὶ
1868 3743 1997 3797 ἀλλο

426 3822 752 3892 ἐντελέχεια,
811 3826 903 3876 καὶ
956 3825 1085 3878 ἄλλο
1136 3828 1459 3899 ἐντελεχείᾳ.
1507 3832 1570 3883 Ἠ
1623 3834 1721 3901 μὲν
1757 3837 1865 3905 γὰρ
1895 3836 1993 3908 ὕλη

429 3915 605 3982 μόνως
637 3918 753 3968 ἐστὶ
775 3916 1003 3983 δυνάμει
1039 3921 1238 3982 πάντα,
1271 3923 1364 3972 καὶ
1389 3922 1502 3975 ἐστι
1535 3925 1785 3993 δυνάμει,
1841 3931 1996 4000 ἐνερ-

426 4007 551 4075 γείᾳ
581 4007 636 4058 δὲ
661 4007 832 4060 οὐδέν.
871 4009 944 4060 Τὸ
979 4010 1035 4062 δὲ
1070 4006 1210 4072 εἶδος
1241 4011 1418 4080 μόνως
1464 4014 1776 4084 ἐντελέχεια
1798 4033 1812 4046 ⁸
1844 4019 1903 4069 τὸ
1939 4020 1996 4071 δὲ

425 4096 484 4159 ἐξ
513 4097 643 4167 ὕλης
666 4098 760 4148 καὶ
787 4097 969 4160 εἴδους·
993 4101 1086 4152 καὶ
1116 4104 1172 4152 ἐν
1204 4101 1452 4170 δυνάμει,
1476 4103 1635 4155 τοῦτό
1661 4107 1890 4160 ἐστικαὶ
1914 4110 1996 4161 ὲν-

425 4189 692 4257 τελεχείᾳ.
727 4190 1085 4259 Συντρέχουσι
1121 4194 1230 4262 γάρ
1262 4195 1442 4246 πάντα
1487 4194 1659 4248 ταῦτα
1699 4197 1814 4266 ἅμα
1844 4216 1857 4229 °
1903 4203 1997 4253 καὶ

424 4283 559 4350 ὅπερ
592 4282 708 4332 ἐστὶ
731 4283 822 4332 καὶ
854 4286 909 4333 ἐν
942 4283 1189 4351 δυνάμει,
1218 4287 1373 4338 τοῦτό
1408 4289 1638 4340 ἐστικαὶ
1669 4291 1994 4363 ἐντελεχείᾳ.

427 4375 538 4426 Καὶ
576 4375 686 4442 γὰρ
736 4374 913 4428 πάντα
955 4375 1023 4428 τὰ
1057 4377 1193 4446 εἴδη,
1241 4379 1465 4447 δυνάμει
1510 4383 1565 4432 ἐν
1597 4385 1662 4451 τῇ
1698 4381 1798 4455 ὔλῃ
1825 4387 1995 4450 ἐστὶν,

423 4467 545 4534 ἣτις
577 4467 706 4518 ποτὲ
760 4467 858 4536 μὲν
898 4468 1075 4530 τοῦτο,
1117 4469 1243 4520 ποτε
1290 4470 1345 4522 δὲ
1378 4473 1553 4524 ἐκεῖνο
1588 4474 1795 4540 γίνεται
1843 4480 1996 4547 ἐνερ-

425 4559 568 4624 γείᾳ.
598 4557 714 4610 Νῦν
752 4557 849 4627 μὲν
894 4558 998 4627 γάρ
1033 4559 1316 4628 ἄνθρωπος
1352 4557 1483 4614 οὖσα
1514 4563 1761 4633 δυνάμει,
1807 4567 1996 4621 ἄλλοτε

426 4651 634 4715 γίνεται
662 4650 912 4718 ἐνεργείᾳ.
936 4648 1224 4719 ἄνθρωπος
1245 4666 1258 4678 ⁸
1294 4653 1491 4719 μᾶλλον
1524 4655 1580 4706 δὲ
1611 4654 1726 4723 ἅμα
1761 4657 1872 4726 ἔχει
1901 4663 1998 4712 καὶ

424 4742 486 4792 τὸ
511 4741 740 4808 δυνάμει
769 4741 866 4794 καὶ
907 4739 968 4792 τὸ
1015 4741 1284 4811 ἐνεργείᾳ.
1335 4742 1553 4814 Ἐπειδὴ
1602 4747 1710 4817 γάρ
1737 4749 1994 4803 οὐδέποτέ

425 4836 539 4884 ἐστι
574 4833 754 4900 γυμνὴ
787 4831 979 4894 εἴδους.
1017 4833 1225 4886 ἐκείνου
1263 4834 1354 4886 τοῦ
1383 4836 1577 4901 εἴδους,
1614 4840 1865 4910 ἐνεργείᾳ
1900 4843 1998 4912 μὲν

424 4923 516 4977 οὖν
544 4926 660 4975 ἐστι
690 4923 834 4987 τόδε,
868 4925 934 4992 τῇ
974 4922 1203 4992 δυνάμει
1237 4924 1290 4976 δὲ
1323 4925 1469 4978 ἄλλο.
1511 4927 1664 4981 Ἐπεὶ
1705 4926 1796 4982 οὖν
1827 4933 1884 4983 ἐν
1915 4928 1996 4996 οἷς

423 5018 484 5067 τὸ
515 5016 744 5084 δυνάμει
784 5016 952 5078 ἐστὶν,
1006 5017 1063 5066 ἐν
1115 5014 1324 5079 τούτοις
1376 5018 1470 5069 καὶ
1513 5019 1572 5070 τὸ
1606 5020 1853 5092 ἐνεργείᾳ
1877 5067 1890 5086 ,
1922 5025 1998 5087 ὡς

424 5108 517 5158 ἐπὶ
555 5106 661 5157 τῶν
689 5105 892 5158 ἐνύλων
918 5106 1132 5176 εἴρηται
1161 5107 1430 5174 σωμάτων
1458 5126 1469 5138 ’
1502 5109 1592 5161 ἐπὶ
1618 5111 1674 5163 δὲ
1699 5111 1806 5164 τῶν
1836 5114 1996 5166 Οείων

426 5199 518 5250 καὶ
542 5197 853 5265 ἀσωμάτων
881 5197 981 5250 οὐκ
1015 5196 1130 5250 ἔστι
1160 5197 1220 5249 τὸ
1245 5199 1475 5267 δυνάμει
1501 5218 1513 5230 ·
1547 5203 1668 5254 ἐπεὶ
1695 5205 1828 5272 μηδὲ
1858 5206 1956 5276 ὕλη
1979 5225 1992 5238 ·

425 5289 521 5340 καὶ
549 5287 636 5341 διὰ
664 5288 821 5340 τοῦτο
851 5289 972 5340 οὐδὲ
1021 5288 1080 5340 τὸ
1113 5291 1380 5360 ἐνεργείᾳ.
1416 5291 1488 5344 Οὐ
1516 5297 1624 5360 γάρ
1654 5297 1790 5348 είσιν
1843 5299 1994 5366 ἐνερ-

422 5377 549 5447 γείᾳ
568 5378 685 5430 τόδε
725 5395 800 5442 τι,
838 5377 953 5430 ἀλλ’
1000 5377 1406 5448 αὑτοενέργειαί
1432 5383 1567 5433 εἰσιν
1597 5383 1698 5451 ἤδη
1731 5384 1858 5437 ὄντα
1889 5403 1991 5439 κα-

423 5469 566 5540 θαρὰ
619 5471 747 5522 ἄνευ
789 5469 942 5538 ὕλης.
980 5470 1077 5523 Διά
1115 5469 1273 5523 τοῦτο
1306 5473 1740 5528 ἀντιδιαστέλλον
1794 5481 1857 5546 τῇ
1892 5478 1992 5551 ὕλῃ

2103 3299 2219 3336 rum
2259 3282 2514 3345 motibus,
2545 3277 2770 3333 mutatio
2795 3277 2860 3330 ad
2909 3277 3109 3340 locum,
3141 3282 3409 3343 potestate
3443 3273 3680 3327 attendi-

2101 3381 2210 3426 tur.
2243 3372 2349 3426 Sed
2380 3386 2495 3433 cur,
2525 3384 2646 3422 eum
2679 3373 2966 3435 potestate,
3001 3379 3098 3434 pro
3122 3376 3352 3430 corpore
3381 3361 3676 3431 posuisset,

2100 3478 2196 3533 pro
2232 3463 2551 3530 incorporeo
2591 3473 2695 3513 non
2727 3457 2885 3519 dixit,
2917 3454 3216 3510 entelechia
3251 3453 3304 3505 in
3335 3459 3489 3506 sexto
3522 3465 3675 3516 casu,

2097 3555 2192 3610 sed
2228 3553 2607 3615 entelechiam,
2639 3552 2692 3604 in
2718 3547 2907 3603 recto?
2934 3546 3070 3613 Quia
3100 3544 3358 3597 nimirum
3390 3543 3533 3595 aliud
3564 3551 3672 3606 est,

2097 3656 2372 3717 potestas,
2435 3643 2578 3697 aliud
2605 3685 2642 3719 ,_
2685 3649 2984 3710 potestate;
3039 3648 3093 3691 et
3151 3636 3292 3690 aliud
3346 3635 3672 3699 entelechia,

2098 3739 2244 3822 aliqd
2284 3735 2609 3792 entelechia.
2647 3733 2773 3787 Sola
2808 3732 2950 3785 enim
2985 3730 3231 3794 materia,
3280 3736 3362 3782 est
3408 3737 3677 3795 potestate

2096 3833 2301 3898 omnia,
2345 3839 2465 3884 actu
2503 3842 2634 3882 vero
2681 3826 2834 3879 nihil.
2885 3824 2955 3877 At
2992 3823 3182 3886 forma,
3221 3824 3376 3875 aetus’
3417 3827 3620 3872 tantum
3655 3836 3669 3871 :

2097 3925 2240 3993 quod
2272 3937 2398 3976 vero
2445 3935 2509 3974 ex
2559 3917 2783 3971 materia
2838 3927 2892 3969 et
2948 3915 3142 3976 forma,
3177 3912 3338 3966 etiam
3374 3920 3670 3981 potestate,

2099 4016 2230 4068 illud
2281 4023 2360 4066 est
2401 4020 2547 4066 actu.
2589 4007 2706 4062 Una
2746 4007 2887 4060 enim
2927 4006 3040 4058 haec
3075 4004 3258 4057 omnia
3317 4010 3674 4065 concurrunt,

2097 4117 2151 4160 et
2186 4107 2547 4176 quodcunque
2600 4110 2684 4154 est
2739 4101 2791 4151 in
2854 4106 3141 4167 potestate,
3195 4095 3320 4148 illud
3372 4094 3538 4147 etiam
3588 4103 3676 4146 est

2096 4209 2242 4252 actu.
2284 4195 2483 4249 Omnes
2514 4193 2654 4246 enim
2700 4192 2908 4252 femur,
2948 4190 3150 4241 virtute
3178 4197 3302 4240 sunt
3339 4187 3390 4239 in
3424 4186 3672 4250 materia,

2097 4305 2215 4359 qua:
2272 4288 2430 4342 modo
2482 4287 2606 4349 hoc,
2651 4285 2810 4336 modo
2854 4282 2980 4335 illud
3017 4279 3073 4333 iit
3126 4292 3270 4334 actu.
3325 4279 3478 4333 Nune
3527 4281 3673 4333 enim

2096 4397 2217 4434 eum
2255 4379 2414 4432 homo
2439 4377 2507 4429 sit
2539 4382 2825 4443 potestate,
2860 4372 2991 4425 alias
3016 4371 3106 4424 fiet
3146 4371 3311 4425 homo
3348 4381 3470 4424 actu
3505 4387 3520 4422 :
3566 4371 3673 4421 imo

2099 4491 2225 4528 vero
2267 4473 2424 4526 habet
2457 4480 2511 4522 ut
2550 4468 2712 4521 simul
2757 4468 2830 4522 sit
2864 4475 3130 4536 potestate
3159 4474 3213 4518 et
3265 4474 3408 4518 actu.
3463 4463 3674 4532 Quippe

2028 4552 2073 4608 Ῐ)
2103 4569 2356 4636 quoniam
2397 4577 2668 4631 nunquam
2704 4559 2876 4613 forma
2915 4565 3088 4620 vacat,
3118 4572 3240 4610 cum
3273 4557 3410 4610 hanc
3440 4554 3670 4608 fortnam

2098 4660 2354 4726 suscepit,
2384 4664 2506 4709 actu
2542 4653 2781 4722 quidem,
2820 4653 2919 4704 hoc
2946 4659 3046 4713 est,
3079 4648 3298 4713 virtute,
3332 4648 3498 4702 aliud.
3534 4645 3671 4712 Quia

2099 4752 2257 4822 igitur
2310 4749 2360 4800 in
2413 4746 2610 4815 quibus
2642 4753 2742 4805 est,
2774 4743 2996 4804 virtute,
3030 4740 3082 4793 in
3130 4740 3214 4794 his
3248 4748 3352 4798 est.
3407 4747 3460 4793 et
3519 4747 3669 4801 actu,

2097 4843 2255 4898 sicuti
2311 4842 2378 4893 de
2427 4836 2723 4890 tuateriatis
2757 4834 3077 4900 corporibus
3129 4833 3328 4885 dictum
3367 4843 3495 4886 est:
3533 4841 3589 4885 at
3616 4831 3668 4884 in

2096 4934 2292 4989 divinis
2324 4942 2375 4985 et
2409 4927 2760 4996 ineorporeis,
2800 4924 2932 4978 nihil
2964 4933 3045 4978 est
3078 4923 3294 4988 virtute,
3333 4923 3459 4992 quia
3501 4922 3553 4976 in
3603 4923 3670 4977 iis

2099 5041 2270 5092 neque
2302 5021 2525 5076 materia
2574 5028 2654 5074 est
2685 5036 2699 5084 ;
2732 5018 2800 5072 ob
2835 5029 3068 5083 eamque
3100 5028 3212 5068 rem
3266 5029 3441 5080 neque
3488 5024 3613 5067 actu
3647 5031 3664 5068 :

2097 5133 2199 5169 non
2236 5115 2378 5168 enim
2414 5120 2533 5165 actu
2565 5119 2691 5164 sunt
2743 5105 2846 5160 tale
2885 5105 3181 5172 quippiam.
3223 5102 3326 5158 Sed
3361 5105 3458 5173 ipsi
3490 5117 3667 5170 actus,

2093 5210 2161 5261 ab
2204 5207 2352 5260 omni
2403 5203 2627 5256 materia
2684 5200 2823 5268 puri.
2858 5198 3152 5264 Propterea
3193 5211 3314 5249 cum
3350 5213 3381 5250 a
3413 5200 3663 5263 materia,

2093 5308 2146 5353 et
2169 5298 2465 5367 composita
2499 5303 2713 5354 natura,
2747 5291 3190 5352 immateriatam,
3219 5297 3273 5342 et
3305 5290 3420 5343 sine
3441 5305 3666 5358 corpore

2101 5400 2286 5444 contra
2318 5385 2574 5439 tliSt'el‘llll
2602 5400 2615 5436 :
2654 5382 2820 5447 illam,
2853 5390 3134 5449 potestate,
3165 5379 3302 5434 hanc
3336 5395 3487 5444 voce,
3517 5393 3669 5435 ente-

2101 5483 2297 5544 lechia,
2333 5476 2676 5546 signiﬁcavit.

421 5566 515 5617 καὶ
548 5564 783 5633 συνθέτῳ
822 5562 1003 5630 φύσει,
1062 5563 1160 5632 τὴν
1186 5564 1347 5617 ἀῦλον
1401 5566 1490 5617 καὶ
1537 5565 1846 5635 ἀσώματον,
1910 5575 2153 5647 ὲσὴμανε
2207 5575 2295 5625 διά
2343 5571 2436 5622 τοῦ
2496 5569 2767 5637 δυνάμει·
2831 5567 2927 5635 τὴν
3002 5567 3057 5619 δὲ
3121 5567 3208 5620 διὰ
3265 5567 3361 5622 τοῦ
3455 5570 3667 5628 ἐντελέ-

403 5671 561 5708 γεω.

421 5675 433 5686 ·
454 5675 561 5708 ua.

421 5675 452 5725 λ
491 5747 613 5800 Ὅτι
643 5748 864 5799 δυνατον
887 5749 1020 5819 φησι
1046 5749 1139 5803 καὶ
1173 5748 1297 5819 μίαν
1331 5750 1505 5820 ψυχὴν
1529 5753 1618 5806 ἐπὶ
1646 5754 1738 5807 τοῦ
1774 5756 1988 5824 ἀνθρώ-

418 5857 520 5894 που
557 5841 736 5909 λέγειν
760 5843 851 5894 καὶ
898 5841 1151 5906 πλείους·
1200 5843 1416 5908 πλείους
1453 5847 1552 5915 μὲν
1583 5848 1663 5901 ὅτι
1698 5849 1984 5920 διαφέρου-

2169 5762 2337 5817 Unam
2366 5774 2486 5813 esse
2519 5759 2572 5813 in
2623 5758 2839 5812 homine
2881 5757 3138 5819 animam,
3189 5765 3243 5807 et
3274 5757 3453 5822 plures
3480 5757 3659 5812 dicere

2096 5852 2219 5906 licet
2246 5870 2257 5905 :
2295 5851 2476 5920 plures
2501 5852 2740 5921 quidem,
2773 5850 2897 5919 quia
2928 5850 3067 5903 inter
3093 5863 3149 5901 se
3175 5847 3354 5918 specie
3387 5846 3657 5911 diﬂ‘erunt.
