4430 6448
846 384 987 445 1059

2106 379 2528 439 MICHAELIS
2568 379 2831 438 l’SEl.l.l

3957 373 4097 438 10-60

849 492 1166 562 \‘i‘gt‘lztlt'lx,
1206 491 1511 553 brutut‘tlttt,
1547 503 1599 544 et
1644 489 1874 544 humana
1914 498 1967 546 et
2002 508 2031 546 a
2064 507 2121 547 se
2155 507 2413 561 separan-
2446 504 2487 553 Α
2522 510 2598 544 σιν

2354 510 2413 545 n-
2446 504 2487 553 Α
2522 510 2605 544 σιν
2635 493 2877 562 ἀλλήλων
2914 490 2990 562 τῷ
3036 491 3188 556 εῖδει,
3228 492 3260 560 ἡ
3294 491 3498 560 φυτικὴ
3532 494 3622 543 καὶ
3659 494 3689 561 ἡ
3720 493 3914 560 ἄλογος
3946 494 4038 544 καὶ
4067 492 4100 559 ἡ

848 597 955 637 tttr.
993 583 1161 638 Unam
1212 596 1359 646 vero,
1414 591 1631 651 propter
1681 596 1867 636 earum
1907 592 2149 637 mutuum
2181 597 2415 637 concen-

851 689 963 730 tum
992 685 1045 730 et
1072 675 1503 729 consensionem.
1557 672 1692 727 Nam
1740 688 1768 725 a
1808 676 2036 740 ratione,
2069 676 2134 728 ad
2162 683 2417 745 vegetan-

848 781 981 833 tem,
1031 769 1276 824 actiones
1307 768 1749 838 proﬁciscuntur,
1782 776 1837 821 et
1889 768 2082 821 harum
2142 781 2321 820 morus
2366 775 2418 819 et

848 863 988 925 vitae,
1026 863 1290 916 rationem
1339 861 1392 914 in
1433 875 1493 915 se
1540 860 1938 930 quodammodo
1981 860 2319 914 constituunt
2365 866 2419 912 et

848 958 1135 1010 adornant.
1172 956 1289 1011 Una
1327 954 1490 1024 igitur
1520 956 1686 1007 etiam
1720 962 1803 1007 est
1834 952 2073 1007 hominis
2110 954 2308 1006 anima.

919 1050 1019 1115 Qui
1048 1063 1206 1102 unam
1237 1048 1417 1114 specie
1470 1046 1706 1099 animam
1746 1045 1803 1099 in
1859 1045 2074 1101 cunctis
2099 1045 2421 1101 animalibus

848 1157 969 1196 esse
996 1142 1202 1203 dicunt,
1235 1148 1717 1208 temperamentum
1752 1153 1871 1191 eam
1913 1152 2034 1193 esse
2088 1148 2371 1192 autumant
2402 1156 2416 1192 :

851 1252 972 1288 nam
1008 1249 1125 1287 eam
1180 1232 1245 1287 ad
1306 1233 1642 1303 singulorum
1691 1232 1963 1301 propriam
2001 1240 2418 1300 temperaturam

851 1330 1043 1380 mutari
1079 1328 1305 1381 dicunt:
1340 1326 1482 1381 unde
1514 1324 1680 1379 multa
1714 1324 1946 1378 absurda
1977 1337 2420 1396 consequuntur:

848 1422 1106 1488 primum,
1170 1421 1296 1487 quia
1353 1418 1545 1473 eﬂecta
1613 1416 1877 1470 nobiliora
1934 1417 2142 1471 faciunt
2197 1418 2418 1480 causis;

847 1526 1047 1578 corpus
1084 1513 1226 1564 en'm
1283 1509 1601 1573 inanimum,
1662 1507 1858 1561 animae
1911 1522 2130 1561 causam
2182 1506 2418 1559 faciunt:

848 1602 1103 1661 secundo.
1148 1600 1333 1654 vivens
1362 1600 1495 1662 vita,
1546 1599 1827 1652 immotum
1874 1606 2145 1661 movente,
2195 1598 2421 1651 rationis

847 1704 1042 1758 expers
1078 1691 1288 1743 ratione
1317 1689 1561 1758 praedito,
1618 1686 1964 1753 antecellere,
2008 1697 2060 1741 et
2106 1696 2298 1742 caetera
2331 1689 2422 1740 hu-

844 1784 1082 1851 jusmodi
1111 1781 1450 1835 incommoda
1478 1790 1851 1848 sequerentur.

920 1875 1267 1927 Diversormn
1328 1871 1644 1924 animalium
1698 1871 1910 1924 animas
1964 1871 2145 1939 specie
2206 1869 2422 1925 diﬂerre

849 1976 1037 2019 censet
1065 1960 1409 2025 AristOteles,
1454 1960 1582 2030 quia
1626 1973 1730 2013 non
1768 1970 1870 2021 est,
1906 1960 2105 2029 inquit,
2133 1974 2421 2014 commune

848 2072 1021 2125 genus
1045 2056 1371 2115 animarum,
1404 2067 1572 2121 quare
1605 2066 1704 2105 nec
1734 2066 1920 2106 earum
1953 2052 2263 2107 communis
2290 2053 2421 2105 deli-

848 2148 986 2202 nitio
1030 2149 1144 2201 dari
1200 2157 1377 2216 potest
1424 2146 1877 2215 quemadmodum
1936 2145 2252 2199 animantis.
2302 2143 2417 2197 l\'on

847 2250 930 2294 est
973 2251 1152 2293 autem
1204 2254 1490 2293 commune
1541 2254 1710 2307 genus
1756 2240 1881 2307 quia
1933 2239 1987 2291 in
2034 2238 2137 2292 illis
2181 2237 2330 2307 prius
2368 2245 2423 2291 et

850 2332 1118 2399 posterius
1154 2330 1413 2391 cernitur,
1477 2331 1620 2397 quod
1676 2329 1728 2380 in
1785 2329 1852 2381 iis
1903 2343 2024 2382 esse
2071 2343 2178 2381 non
2220 2336 2417 2397 potest,

849 2440 967 2493 qua:
998 2424 1097 2477 sub
1131 2424 1321 2475 eodem
1384 2436 1581 2490 genere
1637 2419 2026 2473 continentur:
2081 2419 2275 2473 deinde
2326 2434 2418 2473 ve-

850 2530 1060 2581 getans,
1110 2525 1298 2568 natura
1340 2516 1486 2583 prior
1529 2523 1633 2575 est,
1678 2512 1897 2579 reliquae
1940 2510 2314 2581 posteriores;
2367 2522 2420 2565 et

852 2609 991 2660 tullit
1027 2613 1124 2661 ista
1163 2607 1417 2673 reliquas,
1444 2620 1541 2659 nec
1571 2620 1673 2657 una
1703 2620 1824 2658 cum
1854 2605 1919 2658 iis
1953 2604 2175 2667 tollitur,
2215 2614 2268 2658 et
2294 2619 2419 2659 cum

850 2701 954 2754 illis
990 2700 1371 2762 introducitur,
1407 2709 1457 2751 at
1489 2715 1591 2751 non
1619 2714 1713 2753 eas
1739 2698 1971 2762 inducit,
1999 2700 2145 2767 quod
2172 2699 2289 2767 ejus
2316 2710 2419 2758 est,

847 2797 989 2861 quod
1028 2804 1215 2843 natura
1257 2791 1405 2858 prius
1440 2798 1544 2843 est.
1577 2786 1675 2842 Ubi
1728 2790 1871 2844 enim
1931 2799 2014 2843 est
2061 2788 2419 2851 rationabilis,

849 2887 921 2939 ibi
980 2886 1263 2937 brutorum
1325 2891 1379 2935 et
1437 2882 1743 2950 plantarum
1789 2881 1968 2935 anima
2022 2892 2156 2935 est:
2200 2890 2254 2933 at
2312 2896 2416 2933 non

850 2978 936 3029 ubi
972 2974 1293 3043 vegetatrix.
1330 2974 1405 3027 ibi
1443 2975 1602 3027 etiam
1640 2974 1859 3041 reliqua:
1893 2986 1907 3025 :
1951 2974 2031 3026 vel
2072 2974 2162 3027 ubi
2204 2972 2421 3026 irratio-

850 3068 1009 3131 nalis,
1071 3068 1143 3121 ibi
1194 3076 1249 3120 et
1287 3066 1517 3120 rationis
1544 3073 1755 3134 potens.
1818 3064 1930 3120 llac
1989 3067 2169 3135 itaque
2225 3075 2420 3119 natura

851 3158 999 3225 prior
1027 3164 1110 3209 est
1134 3155 1361 3209 rationis
1397 3170 1611 3223 expers,
1639 3164 1692 3209 et
1716 3155 1894 3208 ablata
1924 3165 2227 3224 vegetame,
2256 3154 2417 3211 simul

847 3260 905 3305 et
931 3250 1049 3304 alia
1076 3255 1141 3302 de
1168 3248 1410 3316 subjecto
1432 3246 1893 3300 auferuntur.*Est
1916 3247 2080 3315 igitur
2110 3246 2249 3299 inter
2275 3245 2414 3308 illas,

850 3352 1039 3395 natura
1074 3342 1221 3409 prius
1272 3349 1325 3392 et
1378 3338 1696 3408 posterius:
1752 3337 1981 3406 ideoque
2028 3338 2170 3405 quod
2214 3335 2282 3391 de
2312 3336 2419 3392 illis

848 3438 1210 3488 communiter
1235 3432 1454 3497 dicitur,
1487 3432 1588 3486 hoc
1614 3441 1698 3486 cst
1727 3431 1932 3492 anima,
1966 3444 2070 3483 non
2098 3437 2181 3484 est
2210 3443 2415 3499 genus:

849 3527 940 3581 sed
975 3541 1105 3580 voce
1131 3534 1335 3578 tantum
1372 3525 1739 3590 consentiunt,
1769 3531 1826 3576 nt
1855 3536 1975 3591 quae
2005 3521 2075 3576 ab
2113 3536 2241 3585 uno,
2266 3529 2321 3576 et
2350 3523 2417 3574 ad

846 3636 1011 3674 unum
1055 3619 1390 3673 referuntur.

913 3800 1048 3852 Cum
1091 3797 1190 3851 tria
1226 3797 1333 3851 sint
1369 3795 1422 3849 in
1449 3793 1609 3848 rebus
1634 3792 1895 3864 physicis,
1933 3792 2125 3857 forma,
2172 3794 2418 3855 materia,

840 3903 893 3946 ct
923 3906 1086 3944 causa
1120 3905 1212 3958 per
1242 3903 1405 3957 quam
1436 3885 1606 3940 forma
1646 3895 1731 3939 est
1780 3884 1835 3939 in
1872 3884 2123 3952 materia,
2168 3885 2234 3940 ad
2285 3886 2421 3941 istas

844 3987 1088 4054 quinque
1121 3981 1345 4035 docendi
1378 3979 1477 4032 via:
1501 3979 1772 4046 pertinent
1801 3995 1816 4044 ;
1853 3978 2095 4048 physica,
2158 3992 2249 4032 ars
2297 3994 2421 4049 par-

848 4077 1117 4139 ticularis,
1142 4072 1444 4128 disserendi
1480 4071 1732 4134 facultas,
1758 4070 2140 4125 mathematica
2167 4080 2219 4125 et
2246 4074 2418 4140 prima

847 4164 1207 4234 philosophia.
1268 4161 1515 4231 Physica)
1565 4175 1724 4231 porro
1776 4171 1858 4214 est
1906 4161 1974 4215 de
2025 4160 2130 4215 illis
2168 4163 2423 4218 omnibus

846 4271 1032 4326 agere,
1072 4257 1137 4309 de
1183 4256 1431 4319 materia,
1482 4252 1729 4322 inquam,
1764 4261 1819 4307 et
1862 4251 2027 4306 rebus
2079 4262 2307 4321 natura,
2357 4258 2424 4309 de

850 4350 1022 4402 forma
1063 4349 1295 4415 denique
1330 4356 1384 4400 ct
1415 4346 1483 4400 de
1522 4360 1683 4399 causa
1723 4361 1737 4397 :
1778 4352 1907 4412 puta
1938 4344 2202 4398 cmlorum
2246 4354 2419 4398 mate-

852 4441 985 4492 riam
1016 4453 1123 4492 non
1150 4453 1271 4491 esse
1299 4447 1537 4505 quatuor
1566 4435 1855 4499 elementa,
1885 4435 1979 4489 sed
2006 4435 2250 4505 quintum
2276 4434 2420 4491 aliud

850 4532 1116 4599 quoddam
1168 4544 1386 4598 corpus.
1414 4526 1550 4581 Tum
1583 4543 1700 4596 qum
1731 4528 1801 4581 sit
1828 4528 2020 4594 forma,
2056 4544 2177 4584 esse
2201 4529 2420 4584 orbicu-

852 4626 1010 4685 Iatos,
1039 4633 1093 4676 et
1124 4635 1222 4674 cur
1248 4621 1362 4673 [ιιιξο
1390 4634 1576 4673 eorum
1614 4620 1786 4687 ﬁgura
1838 4621 1932 4675 sit.
1989 4619 2126 4685 Quia
2175 4621 2420 4689 capacis—

849 4715 984 4766 sima
1040 4712 1355 4782 ﬁgurarum,
1406 4720 1487 4764 est
1534 4710 1585 4762 iu
1616 4710 1775 4777 plano
1801 4711 2017 4779 quidem
2052 4711 2310 4779 circulus,
2367 4712 2420 4766 in

852 4802 1041 4856 solidis
1098 4816 1229 4855 vero
1278 4801 1489 4871 globus.
1554 4799 1912 4865 Quamobrem
1956 4804 2240 4856 rotundum
2300 4817 2421 4857 esse

851 4896 1045 4948 uelum
1105 4893 1255 4947 Plato
1302 4895 1352 4946 in
1408 4891 1611 4946 Tinireo
1664 4896 1845 4948 tradit.
1882 4895 1987 4950 Sed
2021 4906 2070 4950 et
2115 4896 2416 4951 naturalem

851 4992 1034 5056 ﬁgura:
1085 4988 1207 5040 mali
1273 5002 1491 5040 causam
1552 4985 1708 5041 atTert
1760 4988 2097 5045 Aristoteles.
2145 4988 2215 5044 Εἰ
2256 4991 2415 5058 enim,

840 5083 984 5149 quod
1041 5091 1235 5133 wlerno
1277 5079 1333 5129 in
1387 5082 1529 5131 motu
1595 5090 1705 5131 erat
1745 5079 2005 5147 futurum,
2074 5082 2196 5134 huic
2251 5082 2421 5136 motui

847 5187 1139 5239 congruens
1172 5171 1348 5240 ﬁgura
1387 5172 1744 5225 conveniebat.
1803 5170 1912 5226 Sed
1966 5181 2022 5227 et.
2060 5172 2322 5240 Plotinus,
2348 5190 2419 5229 ex

842 5278 1037 5317 eorum
1083 5279 1199 5331 qua:
1234 5263 1406 5332 ipsum
1437 5272 1694 5318 auteeunt
1721 5265 2006 5320 eﬂectione
2035 5276 2197 5336 atque
2227 5266 2418 5321 habitu

841 5356 972 5425 ejus
1030 5358 1104 5409 rei
1165 5356 1435 5409 rationem
1498 5356 1722 5424 profert.
1782 5356 1915 5410 Nam
1963 5361 2209 5428 proxime
2253 5376 2419 5430 supra

848 5447 1047 5501 coelum
1113 5455 1237 5498 sunt
1309 5446 1671 5516 intelligentes
1735 5450 2097 5504 substantia:
2168 5449 2417 5506 enectum

842 5549 1050 5602 autem,
1077 5538 1318 5592 ﬁnitima).
1348 5538 1449 5593 sibi
1495 5554 1676 5593 causre
1714 5542 1999 5596 assimilari
2040 5552 2097 5596 ut
2129 5543 2421 5613 plurimum

842 5641 1082 5701 oportet,
1127 5631 1349 5700 ejusque
1393 5632 1679 5702 imaginem
1720 5645 1886 5702 atque
1926 5636 2277 5693 imitationem
2334 5653 2420 5694 re-

914 5808 1001 5877 (ι)
1032 5806 1165 5865 Vide
1200 5809 1429 5865 Aristot.
1474 5808 1546 5863 De
1575 5813 1724 5867 mlo.

2519 585 2734 651 λογικὴ,
2768 584 2863 636 καὶ
2917 583 3245 653 χωρίζονται
3282 582 3548 652 ἀλλήλων.
3602 584 3747 636 Μίαν
3781 584 3835 636 δὲ
3868 584 3955 636 διὰ
4002 583 4101 651 τὴν

2524 676 2845 743 συμφωνίαν
2868 675 3071 727 τούτων
3102 675 3194 727 καὶ
3220 675 3317 744 τὴν
3351 675 3719 743 συμπάθειαν.
3747 677 3853 728 Καὶ
3880 675 3990 743 γὰρ
4008 676 4102 726 καὶ

2521 770 2585 821 ὲκ
2617 768 2711 821 τοῦ
2740 768 2899 835 λόγου
2930 768 3202 836 ἐνέργειαι
3243 767 3582 820 διαϐαίνουσι
3618 768 3778 837 μέχρι
3812 769 3911 836 τῆς
3942 783 4102 835 φυτι-

2524 859 2647 928 κῆς,
2702 860 2799 910 καὶ
2848 858 2903 909 αί
2938 857 3141 910 τούτων
3169 859 3415 927 κινήσεις
3450 858 3544 910 καὶ
3580 856 3736 921 ζωαὶ,
3774 858 3940 910 οἱονεὶ
3971 873 4100 909 συν-

2524 949 2857 1004 διατιθέασιν
2885 952 2941 1003 ἓν
2962 950 3151 1012 αὐταῖς
3178 948 3269 1002 τὸν
3301 949 3477 1016 λόγον.
3514 948 3724 1001 Οὐκοῦν
3751 948 3846 1001 καὶ
3880 948 3999 1017 μία.

2597 1043 2719 1095 Ὀτι
2753 1042 2802 1095 οἱ
2831 1042 2959 1111 μίαν
2994 1041 3243 1109 λέγοντες
3270 1040 3450 1111 ψυχὴν
3476 1040 3551 1111 τῷ
3574 1041 3705 1095 εἴδει
3732 1041 3791 1092 ὲν
3825 1042 3959 1095 πᾶσι
3988 1041 4102 1103 τοῖς

2525 1136 2706 1200 ζώοις,
2746 1139 2943 1206 κρᾶσιν
2990 1129 3133 1188 εἶναι
3173 1112 3356 1205 καύτὴν
3386 1134 3733 1199 δοξάζουσιν·
3775 1134 4098 1199 ἐξαλλάττε-

2525 1230 2649 1283 σΟαι
2699 1230 2807 1299 γὰρ
2842 1228 3011 1299 αὐτὴν
3060 1228 3196 1299 πρὸς
3230 1228 3328 1297 τὴν
3377 1231 3436 1281 ἐν
3472 1227 3688 1297 ἑκάστῳ
3720 1226 3959 1297 ἰδιότητα
3999 1226 4102 1294 τῆς

2525 1321 2776 1390 κράσεως
2804 1321 3077 1375 τίθενται·
3111 1314 3193 1383 οἷς
3240 1321 3432 1375 ἕπεται
3461 1321 3631 1373 πολλὰ
3666 1320 3846 1374 ἄτοπα
3867 1336 3879 1347 ·
3912 1318 3971 1371 ἓν
4002 1318 4101 1388 μὲν

2524 1412 2605 1465 ὅτι
2636 1414 2702 1465 τὰ
2728 1413 2965 1474 αἰτιατὰ,
2999 1412 3233 1482 κρείττω
3269 1411 3483 1464 ποιοῦσι
3512 1411 3621 1464 τῶν
3647 1411 3859 1469 αἰτίων.
3890 1412 3962 1463 Τὸ
3992 1412 4100 1479 γὰρ

2524 1502 2732 1572 ἄψυχον
2779 1504 2942 1571 σῶμα
2979 1504 3159 1572 ψυχῆς
3190 1504 3365 1556 αἴτιον
3415 1504 3652 1556 ποιοῦσι.
3704 1502 3992 1571 Δεύτερον,
4039 1504 4101 1553 τὸ

2527 1596 2667 1661 ζῶον
2697 1598 2795 1665 τῆς
2829 1597 2995 1663 ζωῆς,
3026 1597 3085 1647 τὸ
3118 1595 3376 1664 ἀκίνητον
3402 1596 3497 1648 τοῦ
3537 1596 3844 1666 κινητικοῦ,
3880 1597 3939 1648 τὸ
3975 1596 4100 1648 ἅλο-

2524 1706 2619 1755 γον
2646 1689 2741 1742 τοῦ
2782 1688 2962 1754 λόγου.
2992 1689 3086 1741 καὶ
3112 1689 3212 1740 ὃσα
3236 1687 3483 1741 τοιαῦτα.

2596 1870 2717 1921 Ὀτι
2745 1869 2844 1931 τὰς
2876 1870 2934 1921 ἐν
2972 1870 3084 1930 τοῖς
3132 1869 3414 1939 διαφόροις
3448 1868 3607 1932 ζώοις
3636 1867 3814 1937 ψυχὰς
3857 1868 4100 1935 Ἀριστο-

2523 1960 2683 2029 τέλης
2716 1961 3007 2031 διαφόρους
3029 1958 3165 2013 εἷναι
3190 1961 3336 2028 λέγει
3358 1961 3434 2030 τῷ
3470 1962 3619 2015 εἴδει.
3662 1961 3786 2013 Ὀτι
3812 1960 3976 2028 φησὶν
3999 1960 4099 2012 οὐκ

2524 2052 2639 2105 ἔστι
2666 2055 2843 2106 κοινὸν
2877 2054 3036 2119 γένος
3064 2053 3170 2105 τῶν
3202 2054 3415 2123 ψυχῶν,
3446 2053 3637 2122 διόπερ
3670 2052 3790 2105 οὐδὲ
3825 2051 4099 2119 ἐνδέχετ·.ι

2523 2143 2617 2195 ἕνα
2641 2143 2817 2194 κοινὸν
2851 2141 3033 2194 αὐτῶν
3055 2143 3182 2213 ὅρον
3207 2142 3523 2208 ἀποδοῦναι,
3554 2142 3805 2210 καθάπερ
3823 2141 3984 2210 τυχὸν
4006 2140 4097 2191 τοῦ

2525 2234 2686 2297 ζώου.
2717 2235 2830 2286 Οὐκ
2859 2234 2974 2286 ἐστι
3022 2234 3077 2286 δὲ
3123 2234 3300 2287 κοινὸν
3331 2234 3509 2300 γένος,
3548 2235 3680 2287 διότι
3724 2235 3780 2285 ὲν
3820 2233 4009 2293 αὐταῖς
4036 2233 4099 2282 τὸ

2525 2326 2790 2395 πρότερον
2823 2327 2917 2378 καὶ
2949 2326 3008 2378 τὸ
3052 2324 3282 2396 ὕστερον
3313 2326 3601 2396 θεωρεῖται
3624 2342 3638 2355 ο

2524 2420 2582 2471 ὲν
2609 2422 2718 2481 τοῖς
2752 2417 2999 2483 τελοῦσιν
3028 2418 3132 2470 ὑπὸ
3159 2419 3219 2470 τὸ
3242 2417 3378 2471 αὐτὸ
3409 2417 3748 2488 καθορᾶσθαι
3774 2417 3949 2482 γένος.
3980 2416 4097 2467 Ἐν·

2523 2511 2694 2565 ταῦοα
2717 2512 2772 2563 δὲ
2800 2511 3063 2581 πρότερον
3097 2512 3195 2580 μὲν
3228 2514 3261 2581 ἡ
3294 2512 3494 2582 φυτικὴ
3526 2514 3591 2581 τῇ
3622 2511 3803 2580 φύσει,
3840 2509 4097 2576 δεύτερον

2523 2605 2577 2657 δὲ
2611 2607 2663 2657 ai
2716 2605 2921 2657 λοιπαί.
2968 2604 3078 2657 Καὶ
3131 2608 3448 2673 συναναιρεῖ
3507 2604 3609 2672 μὲν
3655 2604 3752 2664 τὰς
3800 2603 3986 2663 ἄλλας,
4034 2603 4098 2652 οὐ

2524 2700 2925 2766 συναναιρεῖται
2946 2696 3002 2748 δὲ
3024 2693 3236 2758 αὐταῖς,
3268 2698 3361 2747 καὶ
3387 2695 3803 2763 συνεισφέρεται
3834 2694 3929 2761 μὲν
3956 2693 4100 2744 εκεί-

3676 2327 3813 2395 ὄπερ
3837 2325 4097 2376 ἀδύνατον

2524 2806 2662 2851 ναις,
2703 2788 2764 2839 οὐ
2800 2788 3142 2856 συνεισφέρει
3172 2788 3249 2848 δὲ,
3276 2789 3413 2856 ὅπερ
3437 2788 3589 2848 ἴδιον,
3634 2787 3728 2839 τοῦ
3759 2787 3917 2854 φύσει
3958 2799 4093 2852 προς

2522 2880 2703 2950 τέρου.
2733 2880 2907 2930 Ὅπου
2940 2880 3100 2948 γὰρὴ
3130 2879 3343 2949 λογικὴ,
3370 2882 3487 2932 ἐκεῖ
3516 2880 3607 2933 καὶ
3650 2880 3682 2946 ἡ
3713 2880 3906 2944 ἄλογος
3940 2879 4031 2928 καί
4057 2879 4093 2945 ἡ

2524 2973 2723 3041 φυτική
2747 2988 2760 3001 °
2793 2972 2852 3024 οὐ
2890 2971 2991 3040 μέν
3024 2990 3103 3023 τοι
3134 2973 3268 3024 ὅπου
3301 2974 3333 3040 ἡ
3367 2973 3592 3043 φυτικὴ,
3631 2974 3748 3024 ἐκεῖ
3778 2974 3871 3023 καὶ
3894 2973 3949 3023 αἱ
3988 2970 4101 3021 λοι-

2525 3064 2624 3118 παί
2647 3079 2659 3091 ⁸
2706 3065 2737 3134 ἢ
2771 3064 2904 3117 ὅπου
2941 3066 2972 3133 ή
3027 3065 3251 3132 ἄλογος,
3289 3067 3407 3119 ἐκεῖ
3439 3065 3535 3119 καὶ
3567 3068 3597 3137 ἡ
3634 3065 3826 3135 λογική
3848 3081 3861 3096 ⁸
3895 3064 3972 3117 διὸ
4004 3066 4100 3115 καὶ

2526 3158 2770 3229 ὴᾶλογος
2802 3159 2960 3227 φύσει
3008 3158 3249 3228 προτέρα
3288 3162 3385 3227 τῆς
3446 3159 3706 3227 λογικῆς·
3754 3158 3848 3210 καὶ
3882 3159 4104 3223 ἀναιρε-

2525 3252 2682 3304 θεῖσα
2710 3253 2742 3312 ἠ
2780 3249 3000 3319 φυτικὴ,
3044 3251 3355 3303 συνανεῖλεν
3384 3252 3449 3304 ἐκ
3484 3250 3577 3303 τοῦ
3610 3250 3973 3319 ὑποκειμένου
4006 3250 4103 3299 καὶ

2522 3343 2621 3406 τὰς
2638 3344 2855 3405 λοιπάς.
2892 3344 3055 3395 Ὥστε
3112 3344 3261 3396 ἐστὶν
3312 3346 3369 3396 ἐν
3418 3345 3610 3407 αὑταῖς
3640 3343 3703 3395 τὸ
3735 3344 4001 3413 πρότερον
4031 3344 4100 3409 τῇ

2524 3434 2683 3504 φύσει
2716 3437 2809 3488 καὶ
2846 3436 2907 3487 τὸ
2939 3435 3183 3505 ὕστερον.
3216 3436 3325 3489 Καὶ
3369 3437 3458 3491 διὰ
3499 3438 3654 3489 τοῦτο
3676 3437 3736 3489 τὸ
3778 3435 3973 3497 κοινῶς
4002 3436 4101 3487 αὖ·

2522 3530 2633 3591 τοῖς
2672 3528 3150 3599 κατηγορούμενον
3180 3529 3282 3581 οὐκ
3331 3529 3449 3582 ἔστι
3485 3530 3663 3597 γένος.
3712 3528 3857 3581 τοῦτ’
3888 3529 4035 3580 ἐστιν
4064 3530 4097 3595 ἡ

2523 3620 2691 3689 ψυχὴ,
2724 3620 2838 3673 ἀλλ’
2869 3622 3140 3690 ὁμώνυμα
3169 3623 3319 3674 ἐστιν
3353 3621 3626 3690 ἀλλήλοις,
3656 3621 3733 3683 ὡς
3761 3619 3829 3672 τὰ
3856 3618 3948 3686 ἀφ’
3978 3620 4100 3680 ἐνὸς

2525 3711 2621 3763 καὶ
2652 3710 2786 3780 πρὸς
2813 3710 2891 3763 ἓν.

2599 3801 2721 3855 Ὀτι
2752 3800 2919 3869 τριῶν
2940 3799 3107 3854 ὄντων
3128 3801 3237 3854 τῶν
3263 3803 3318 3855 ἐν
3346 3803 3459 3865 τοῖς
3477 3803 3726 3870 φυσικοῖς
3753 3801 4099 3871 πράγμασιν,

2525 3893 2719 3957 εἴδους,
2757 3894 2887 3965 ὕλης
2930 3894 3142 3963 καὶτῆς
3176 3896 3355 3958 αἰτίας
3389 3894 3512 3949 καθ’
3545 3895 3613 3963 ἦν
3642 3897 3756 3946 ἐστι
3786 3893 3844 3945 τὸ
3871 3887 4010 3951 εἶδος
4044 3892 4101 3941 ἐν

2524 3987 2591 4056 τῇ
2612 3985 2734 4057 ὕλῃ,
2763 3988 3147 4055 καταγίνονται
3202 3989 3335 4054 φασὶ
3361 3987 3488 4057 περὶ
3515 3985 3691 4039 ταῦτα
3725 3984 3938 4053 μέθοεοι
3970 3983 4102 4035 πέν-

2524 4095 2608 4143 τε,
2638 4080 2670 4147 ὴ
2703 4080 2929 4146 φυσικὴ,
2957 4080 2991 4148 ή
3024 4077 3165 4130 κατὰ
3196 4077 3360 4146 μέρος
3388 4077 3575 4146 τέχτη.
3609 4078 3643 4147 ἡ
3674 4077 4015 4144 διαλεκτικὴ,
4064 4078 4101 4144 ἡ

2530 4166 2910 4237 μαθηματικὴ,
2942 4169 2973 4236 ἡ
3005 4166 3198 4237 πρώτη
3226 4167 3539 4235 φιλοσοφία.
3572 4168 3732 4220 Ἐστι
3766 4168 3828 4221 δὲ
3862 4168 4101 4235 φυσικῆς

2530 4260 2630 4329 μὲν
2680 4262 2808 4330 περὶ
2856 4260 3074 4313 πάντων
3123 4260 3429 4330 εἰρημένων
3482 4260 3869 4329 διαλεχθῆναι·
3912 4264 4011 4331 τῆς
4041 4280 4101 4315 τε

2528 4351 2662 4420 ὕλης
2688 4354 2855 4421 φημὶ,
2873 4352 2981 4404 τῶν
3010 4352 3257 4419 φυσικῶν
3284 4352 3653 4423 πραγμάτων,
3678 4354 3772 4404 καὶ
3801 4354 3893 4405 τοῦ
3928 4355 4101 4416 εἴδοις

2527 4441 2739 4510 καὶτῆς
2767 4440 2949 4503 αἰτίας
2970 4459 2985 4473 ο
3016 4437 3129 4495 οἷον
3158 4443 3239 4494 ὅτι
3286 4443 3395 4495 τῶν
3422 4444 3691 4513 οὐρανίων
3723 4445 3844 4514 ὕλη,
3871 4446 3993 4515 οὐχὶ
4032 4449 4099 4499 τὰ

2452 4534 2497 4590 D
2526 4530 2770 4601 τέσσαρα
2802 4534 3063 4601 στοιχεῖα,
3118 4532 3255 4585 ἀλλὰ
3286 4534 3537 4602 πέμπτον
3580 4535 3770 4603 ἕτερον
3814 4536 3874 4589 τὸ
3906 4539 4059 4607 σῶμα
4085 4558 4098 4601 ;

2523 4622 2694 4676 Πάλιν
2718 4639 2769 4676 τι
2811 4623 2871 4676 τὸ
2897 4620 3056 4691 εἶδος,
3086 4625 3169 4678 ὅτι
3202 4626 3466 4695 σφαιρικὰ
3494 4628 3588 4680 καὶ
3619 4628 3762 4681 διατί
3793 4633 4058 4699 σφαιρικά
4086 4650 4097 4660 ·

2521 4716 2604 4769 ὅτι
2637 4716 3175 4788 πολυχωρητότατον,
3243 4720 3301 4771 ἐν
3355 4721 3598 4789 ἐπιπέδῳ
3634 4722 3734 4790 μὲν
3785 4723 3895 4775 τῶν
3920 4725 4101 4779 ἄλλων

2525 4808 2821 4877 σχημάτων
2854 4808 2883 4858 ὁ
2933 4807 3153 4871 κύκλος,
3207 4808 3265 4860 ὲν
3297 4812 3541 4878 στερεοῖς
3576 4811 3631 4863 δὲ
3661 4814 3695 4881 ἡ
3745 4815 3968 4883 σφαῖρα,
4023 4814 4101 4879 ὡς

2518 4901 2611 4952 καὶ
2639 4902 2666 4952 ὁ
2701 4899 2924 4953 Πλάτων
2954 4901 3011 4952 ὲν
3048 4898 3265 4970 Τιμαίῳ
3290 4899 3376 4952 διὰ
3412 4900 3570 4955 τοῦτο
3600 4906 3890 4972 σφαιρικὸν
3941 4909 4100 4973 γενέ-

2522 4990 2648 5043 σθαι
2678 4992 2769 5043 τὸν
2812 4992 3041 5060 οὐρανὸν
3100 4992 3463 5047 ἀποδέδωκεν.
3504 4994 3820 5052 Ἀποδίδωσι
3848 4997 3904 5050 δὲ
3954 5000 4047 5051 καὶ
4073 4999 4103 5050 ὁ

2533 5082 2917 5152 Ἀριστοτέλης
2948 5083 3025 5152 (4)
3060 5082 3297 5154 φυσικὴν
3330 5084 3510 5139 αἰτίαν
3562 5085 3654 5139 τοῦ
3697 5089 3971 5158 σχήματος
4006 5089 4101 5142 τοῦ

2521 5171 2777 5242 οὐρανοῦ.
2825 5172 2909 5238 Τῷ
2957 5174 3065 5243 γὰρ
3109 5174 3282 5242 αίδίῳ
3314 5176 3509 5244 φησιν
3546 5177 3836 5246 ἐσομένῳ.
3888 5180 4105 5232 Ἀποδε-

2522 5264 2655 5317 δωσι
2684 5265 2741 5317 δὲ
2778 5266 2870 5318 καὶ
2918 5269 2946 5319 ὁ
2978 5268 3247 5329 Πλωτῖνος
3295 5270 3478 5322 αἰτίαν
3513 5271 3576 5321 ὲκ
3628 5272 3725 5340 τῆς
3765 5273 4005 5340 σχέσεως
4034 5273 4105 5344 ἡν

2526 5358 2640 5427 ἔχει
2672 5359 2739 5412 τὰ
2776 5360 2881 5430 πρὸ
2910 5358 3096 5413 αὑτοῦ.
3135 5361 3428 5430 Προσεχιῖκ
3469 5364 3526 5415 δέ
3558 5364 3694 5416 εἰσιν
3730 5365 3871 5434 ὑπὲρ
3902 5365 3971 5417 τὰ
4010 5367 4105 5417 οὖ·-

2534 5451 2691 5521 ρὰνια
2718 5452 2771 5503 αἱ
2804 5452 2992 5520 νοηταὶ
3037 5452 3249 5505 οὐσίαιο
3290 5454 3370 5505 δεῖ
3403 5455 3462 5507 δὲ
3492 5454 3552 5507 τὸ
3583 5458 3825 5509 αἱτιατὲν
3854 5459 3934 5510 ὅτι
3970 5458 4105 5525 p.53.-

2528 5542 2621 5595 λον
2645 5542 2962 5612 ὡμοιῶσθαι
2982 5543 3060 5614 τῷ
3088 5547 3347 5614 προσεχεί
3374 5547 3550 5616 αίτὶῳ,
3584 5549 3675 5600 καὶ
3698 5547 3890 5600 τούτου
3920 5549 4105 5599 εἰκόνα

2534 5642 2626 5693 καὶ
2652 5641 2874 5712 μίμημα
2905 5644 3113 5712 φέρειν.
3144 5644 3243 5695 Διὰ
3268 5640 3426 5694 τοῦτο
3454 5641 3567 5705 οὖν,
3604 5641 3757 5710 φησί,
3806 5638 3991 5708 κύκλῳ
4024 5657 4105 5690 κιο
