  <div class='ocr_page' id='page_1' title='image "/cluster/home/n/w/nwhite01/storage/ocr_20150623/122/nnc1.0046979611/538.png"; bbox 0 0 4430 6448; ppageno 0'>
   <div class='ocr_carea' id='block_1_1' title="bbox 366 404 484 461">
    <p class='ocr_par' dir='ltr' id='par_1_1' title="bbox 366 404 484 461">
     <span class='ocr_line' id='line_1_1' title="bbox 366 404 484 461; baseline -0.059 0"><span class='ocrx_word' id='word_1_1' title='bbox 366 404 484 461; x_wconf 63' lang='lat' dir='ltr'><strong>iiii.&quot;</strong></span> 
     </span>
    </p>
   </div>
   <div class='ocr_carea' id='block_1_2' title="bbox 1778 380 2166 441">
    <p class='ocr_par' dir='ltr' id='par_1_2' title="bbox 1778 380 2166 441">
     <span class='ocr_line' id='line_1_2' title="bbox 1778 380 2166 441; baseline 0.008 -3"><span class='ocrx_word' id='word_1_2' title='bbox 1778 380 1874 440; x_wconf 82' lang='lat' dir='ltr'><strong>DL</strong></span> <span class='ocrx_word' id='word_1_3' title='bbox 1904 381 2166 441; x_wconf 66' lang='grc' dir='ltr'><strong>ΑΝΙΜΑ.</strong></span> 
     </span>
    </p>
   </div>
   <div class='ocr_carea' id='block_1_3' title="bbox 3475 367 3614 433">
    <p class='ocr_par' dir='ltr' id='par_1_3' title="bbox 3475 367 3614 433">
     <span class='ocr_line' id='line_1_3' title="bbox 3475 367 3614 433; baseline -0.014 -3"><span class='ocrx_word' id='word_1_4' title='bbox 3475 367 3614 433; x_wconf 70' lang='lat'><strong>1069.</strong></span> 
     </span>
    </p>
   </div>
   <div class='ocr_carea' id='block_1_4' title="bbox 356 482 2105 577">
    <p class='ocr_par' dir='ltr' id='par_1_4' title="bbox 356 494 2105 577">
     <span class='ocr_line' id='line_1_4' title="bbox 356 494 2105 577; baseline -0.005 -14"><span class='ocrx_word' id='word_1_5' title='bbox 356 533 499 566; x_wconf 53' lang='lat' dir='ltr'><strong>V2.7&quot;;</strong></span> <span class='ocrx_word' id='word_1_6' title='bbox 557 513 584 563; x_wconf 99' lang='lat'><strong>6</strong></span> <span class='ocrx_word' id='word_1_7' title='bbox 614 510 860 577; x_wconf 61' lang='lat' dir='ltr'><strong>oLpav6;,</strong></span> <span class='ocrx_word' id='word_1_8' title='bbox 894 507 975 557; x_wconf 84' lang='grc' dir='ltr'>ὅτι</span> <span class='ocrx_word' id='word_1_9' title='bbox 1026 500 1150 554; x_wconf 86' lang='grc' dir='ltr'>νοῦν</span> <span class='ocrx_word' id='word_1_10' title='bbox 1197 500 1474 568; x_wconf 79' lang='grc' dir='ltr'>μιμεῖται’</span> <span class='ocrx_word' id='word_1_11' title='bbox 1514 494 1645 548; x_wconf 68' lang='grc' dir='ltr'>[διον</span> <span class='ocrx_word' id='word_1_12' title='bbox 1678 494 1786 564; x_wconf 73' lang='grc' dir='ltr'>γὰρ</span> <span class='ocrx_word' id='word_1_13' title='bbox 1836 500 1931 546; x_wconf 60' lang='grc' dir='ltr'><strong>τοῦ</strong></span> <span class='ocrx_word' id='word_1_14' title='bbox 1965 501 2004 554; x_wconf 79' lang='grc' dir='ltr'><strong>Δ</strong></span> <span class='ocrx_word' id='word_1_15' title='bbox 2037 495 2105 548; x_wconf 67' lang='lat' dir='ltr'><strong>fel</strong></span> 
     </span>
    </p>
   </div>
   <div class='ocr_carea' id='block_1_5' title="bbox 1864 482 3613 577">
    <p class='ocr_par' dir='ltr' id='par_1_5' title="bbox 1864 482 3613 560">
     <span class='ocr_line' id='line_1_5' title="bbox 1864 482 3613 560; baseline -0.006 -15"><span class='ocrx_word' id='word_1_16' title='bbox 1864 500 1931 546; x_wconf 64' lang='grc' dir='ltr'><strong>οε]</strong></span> <span class='ocrx_word' id='word_1_17' title='bbox 1965 501 2004 554; x_wconf 75' lang='grc' dir='ltr'>Α</span> <span class='ocrx_word' id='word_1_18' title='bbox 2037 495 2200 548; x_wconf 88' lang='lat' dir='ltr'><strong>ferre.</strong></span> <span class='ocrx_word' id='word_1_19' title='bbox 2234 491 2314 547; x_wconf 78' lang='lat' dir='ltr'><strong>Ob</strong></span> <span class='ocrx_word' id='word_1_20' title='bbox 2354 490 2404 543; x_wconf 90' lang='lat' dir='ltr'><strong>id</strong></span> <span class='ocrx_word' id='word_1_21' title='bbox 2442 489 2606 560; x_wconf 80' lang='lat' dir='ltr'><strong>igitur</strong></span> <span class='ocrx_word' id='word_1_22' title='bbox 2636 485 2837 549; x_wconf 54' lang='lat' dir='ltr'><strong>causai</strong></span> <span class='ocrx_word' id='word_1_23' title='bbox 2886 485 3081 554; x_wconf 86' lang='lat' dir='ltr'><strong>inquit,</strong></span> <span class='ocrx_word' id='word_1_24' title='bbox 3112 482 3308 539; x_wconf 85' lang='lat' dir='ltr'><strong>coelum</strong></span> <span class='ocrx_word' id='word_1_25' title='bbox 3346 482 3398 536; x_wconf 92' lang='lat' dir='ltr'><strong>in</strong></span> <span class='ocrx_word' id='word_1_26' title='bbox 3427 483 3613 537; x_wconf 82' lang='lat' dir='ltr'><strong>circu-</strong></span> 
     </span>
    </p>
   </div>
   <div class='ocr_carea' id='block_1_6' title="bbox 359 582 1933 667">
    <p class='ocr_par' dir='ltr' id='par_1_6' title="bbox 359 582 1933 667">
     <span class='ocr_line' id='line_1_6' title="bbox 359 582 1933 667; baseline -0.013 -12"><span class='ocrx_word' id='word_1_27' title='bbox 359 604 471 663; x_wconf 73' lang='grc' dir='ltr'>νοῦ,</span> <span class='ocrx_word' id='word_1_28' title='bbox 505 602 561 647; x_wconf 66' lang='grc' dir='ltr'><strong>το</strong></span> <span class='ocrx_word' id='word_1_29' title='bbox 594 601 725 667; x_wconf 79' lang='grc' dir='ltr'>πρὸς</span> <span class='ocrx_word' id='word_1_30' title='bbox 778 594 969 648; x_wconf 73' lang='grc' dir='ltr'>ἑαυτὸν</span> <span class='ocrx_word' id='word_1_31' title='bbox 1001 590 1300 644; x_wconf 78' lang='grc' dir='ltr'><strong>συννεύειν.</strong></span> <span class='ocrx_word' id='word_1_32' title='bbox 1336 586 1508 648; x_wconf 78' lang='grc' dir='ltr'>Αὐτὸς</span> <span class='ocrx_word' id='word_1_33' title='bbox 1543 586 1651 653; x_wconf 74' lang='grc' dir='ltr'>γὰρ</span> <span class='ocrx_word' id='word_1_34' title='bbox 1685 583 1713 635; x_wconf 90' lang='lat'><strong>6</strong></span> <span class='ocrx_word' id='word_1_35' title='bbox 1766 582 1933 653; x_wconf 84' lang='grc' dir='ltr'>ὁρῶν,</span> 
     </span>
    </p>
   </div>
   <div class='ocr_carea' id='block_1_7' title="bbox 367 671 1940 756">
    <p class='ocr_par' dir='ltr' id='par_1_7' title="bbox 367 671 1940 756">
     <span class='ocr_line' id='line_1_7' title="bbox 367 671 1940 756; baseline -0.015 -10"><span class='ocrx_word' id='word_1_36' title='bbox 367 694 525 752; x_wconf 74' lang='grc' dir='ltr'>αὐτὸς</span> <span class='ocrx_word' id='word_1_37' title='bbox 548 696 574 742; x_wconf 87' lang='lat'><strong>6</strong></span> <span class='ocrx_word' id='word_1_38' title='bbox 604 687 901 756; x_wconf 77' lang='grc' dir='ltr'><strong>ὁρώμενος·</strong></span> <span class='ocrx_word' id='word_1_39' title='bbox 932 682 1075 753; x_wconf 85' lang='grc' dir='ltr'>ὁρῶν</span> <span class='ocrx_word' id='word_1_40' title='bbox 1100 680 1207 751; x_wconf 83' lang='grc' dir='ltr'><strong>γὰρ</strong></span> <span class='ocrx_word' id='word_1_41' title='bbox 1238 681 1309 733; x_wconf 79' lang='grc' dir='ltr'>τὰ</span> <span class='ocrx_word' id='word_1_42' title='bbox 1333 679 1469 746; x_wconf 74' lang='grc' dir='ltr'>εἴδη,</span> <span class='ocrx_word' id='word_1_43' title='bbox 1496 674 1826 744; x_wconf 77' lang='grc' dir='ltr'>ἑαυτδνόρᾷ,</span> <span class='ocrx_word' id='word_1_44' title='bbox 1845 671 1940 725; x_wconf 72' lang='grc' dir='ltr'><strong>καὶ</strong></span> 
     </span>
    </p>
   </div>
   <div class='ocr_carea' id='block_1_8' title="bbox 365 766 1940 849">
    <p class='ocr_par' dir='ltr' id='par_1_8' title="bbox 365 766 1940 849">
     <span class='ocr_line' id='line_1_8' title="bbox 365 766 1940 849; baseline -0.014 -12"><span class='ocrx_word' id='word_1_45' title='bbox 365 783 529 837; x_wconf 75' lang='grc' dir='ltr'>αὑτὸν</span> <span class='ocrx_word' id='word_1_46' title='bbox 563 785 723 849; x_wconf 74' lang='grc' dir='ltr'>ὀρῶν.</span> <span class='ocrx_word' id='word_1_47' title='bbox 784 780 851 830; x_wconf 70' lang='grc' dir='ltr'>τὰ</span> <span class='ocrx_word' id='word_1_48' title='bbox 884 776 999 843; x_wconf 80' lang='grc' dir='ltr'>εἴδη</span> <span class='ocrx_word' id='word_1_49' title='bbox 1030 771 1305 826; x_wconf 80' lang='grc' dir='ltr'><strong>τεθέαται.</strong></span> <span class='ocrx_word' id='word_1_50' title='bbox 1353 770 1636 838; x_wconf 82' lang='grc' dir='ltr'>Πλήρωμα</span> <span class='ocrx_word' id='word_1_51' title='bbox 1684 766 1793 836; x_wconf 88' lang='grc' dir='ltr'>γάρ</span> <span class='ocrx_word' id='word_1_52' title='bbox 1822 766 1940 816; x_wconf 78' lang='grc' dir='ltr'>ἐστι</span> 
     </span>
    </p>
   </div>
   <div class='ocr_carea' id='block_1_9' title="bbox 363 856 1942 932">
    <p class='ocr_par' dir='ltr' id='par_1_9' title="bbox 363 856 1942 932">
     <span class='ocr_line' id='line_1_9' title="bbox 363 856 1942 932; baseline -0.013 -5"><span class='ocrx_word' id='word_1_53' title='bbox 363 875 472 927; x_wconf 90' lang='grc' dir='ltr'><strong>τῶν</strong></span> <span class='ocrx_word' id='word_1_54' title='bbox 503 874 623 926; x_wconf 67' lang='grc' dir='ltr'>εἰδῶ</span> <span class='ocrx_word' id='word_1_55' title='bbox 663 914 674 927; x_wconf 91' lang='grc'><strong>.</strong></span> <span class='ocrx_word' id='word_1_56' title='bbox 704 871 795 923; x_wconf 69' lang='grc' dir='ltr'><strong>καὶ</strong></span> <span class='ocrx_word' id='word_1_57' title='bbox 826 864 963 925; x_wconf 67' lang='grc' dir='ltr'>εἶδος</span> <span class='ocrx_word' id='word_1_58' title='bbox 995 866 1171 919; x_wconf 82' lang='grc' dir='ltr'>εἰδῶν.</span> <span class='ocrx_word' id='word_1_59' title='bbox 1202 864 1354 932; x_wconf 80' lang='grc' dir='ltr'>Ἔχει</span> <span class='ocrx_word' id='word_1_60' title='bbox 1377 856 1469 914; x_wconf 76' lang='grc' dir='ltr'><strong>οὖν</strong></span> <span class='ocrx_word' id='word_1_61' title='bbox 1491 859 1718 930; x_wconf 84' lang='grc' dir='ltr'>οὐρανὸς</span> <span class='ocrx_word' id='word_1_62' title='bbox 1754 858 1814 910; x_wconf 86' lang='grc' dir='ltr'><strong>τὸ</strong></span> <span class='ocrx_word' id='word_1_63' title='bbox 1843 856 1942 924; x_wconf 85' lang='grc' dir='ltr'><strong>μὲν</strong></span> 
     </span>
    </p>
   </div>
   <div class='ocr_carea' id='block_1_10' title="bbox 371 947 1942 1031">
    <p class='ocr_par' dir='ltr' id='par_1_10' title="bbox 371 947 1942 1031">
     <span class='ocr_line' id='line_1_10' title="bbox 371 947 1942 1031; baseline -0.01 -16"><span class='ocrx_word' id='word_1_64' title='bbox 371 980 660 1031; x_wconf 65' lang='grc' dir='ltr'>σφαιρικυι</span> <span class='ocrx_word' id='word_1_65' title='bbox 697 962 904 1027; x_wconf 58' lang='grc' dir='ltr'>σχημα,</span> <span class='ocrx_word' id='word_1_66' title='bbox 950 957 1039 1008; x_wconf 68' lang='grc' dir='ltr'>διὰ</span> <span class='ocrx_word' id='word_1_67' title='bbox 1067 955 1165 1025; x_wconf 79' lang='grc' dir='ltr'>τὴν</span> <span class='ocrx_word' id='word_1_68' title='bbox 1199 952 1384 1021; x_wconf 83' lang='grc' dir='ltr'>κύκλῳ</span> <span class='ocrx_word' id='word_1_69' title='bbox 1432 950 1683 1021; x_wconf 85' lang='grc' dir='ltr'>κίνησιν·</span> <span class='ocrx_word' id='word_1_70' title='bbox 1736 947 1942 1014; x_wconf 87' lang='grc' dir='ltr'>ταύτην</span> 
     </span>
    </p>
   </div>
   <div class='ocr_carea' id='block_1_11' title="bbox 368 1042 1947 1117">
    <p class='ocr_par' dir='ltr' id='par_1_11' title="bbox 368 1042 1947 1117">
     <span class='ocr_line' id='line_1_11' title="bbox 368 1042 1947 1117; baseline -0.009 -10"><span class='ocrx_word' id='word_1_71' title='bbox 368 1054 424 1107; x_wconf 79' lang='grc' dir='ltr'>δὲ</span> <span class='ocrx_word' id='word_1_72' title='bbox 449 1054 535 1106; x_wconf 79' lang='grc' dir='ltr'>διὰ</span> <span class='ocrx_word' id='word_1_73' title='bbox 567 1053 664 1116; x_wconf 76' lang='grc' dir='ltr'><strong>τὴν</strong></span> <span class='ocrx_word' id='word_1_74' title='bbox 700 1055 835 1117; x_wconf 66' lang='grc' dir='ltr'>προς</span> <span class='ocrx_word' id='word_1_75' title='bbox 868 1050 951 1101; x_wconf 75' lang='grc' dir='ltr'><strong>τὸν</strong></span> <span class='ocrx_word' id='word_1_76' title='bbox 984 1048 1109 1100; x_wconf 91' lang='grc' dir='ltr'>νοῦν</span> <span class='ocrx_word' id='word_1_77' title='bbox 1131 1044 1475 1115; x_wconf 81' lang='grc' dir='ltr'>ἐξομοίωσιν.</span> <span class='ocrx_word' id='word_1_78' title='bbox 1512 1045 1621 1097; x_wconf 80' lang='grc' dir='ltr'>Καὶ</span> <span class='ocrx_word' id='word_1_79' title='bbox 1648 1042 1823 1104; x_wconf 81' lang='grc' dir='ltr'>ἄλλως</span> <span class='ocrx_word' id='word_1_80' title='bbox 1856 1057 1947 1110; x_wconf 87' lang='grc' dir='ltr'><strong>μι-</strong></span> 
     </span>
    </p>
   </div>
   <div class='ocr_carea' id='block_1_12' title="bbox 373 1129 1945 1213">
    <p class='ocr_par' dir='ltr' id='par_1_12' title="bbox 373 1129 1945 1213">
     <span class='ocr_line' id='line_1_12' title="bbox 373 1129 1945 1213; baseline -0.008 -19"><span class='ocrx_word' id='word_1_81' title='bbox 373 1146 555 1213; x_wconf 84' lang='grc' dir='ltr'>μεῖται</span> <span class='ocrx_word' id='word_1_82' title='bbox 583 1142 673 1193; x_wconf 88' lang='grc' dir='ltr'><strong>τὸν</strong></span> <span class='ocrx_word' id='word_1_83' title='bbox 695 1140 815 1192; x_wconf 71' lang='grc' dir='ltr'>νηῦν</span> <span class='ocrx_word' id='word_1_84' title='bbox 844 1138 1066 1207; x_wconf 79' lang='grc' dir='ltr'>αμερώς</span> <span class='ocrx_word' id='word_1_85' title='bbox 1095 1135 1345 1205; x_wconf 82' lang='grc' dir='ltr'>πανταχῆ</span> <span class='ocrx_word' id='word_1_86' title='bbox 1376 1134 1505 1187; x_wconf 78' lang='grc' dir='ltr'>ὄντα</span> <span class='ocrx_word' id='word_1_87' title='bbox 1528 1148 1543 1164; x_wconf 88' lang='grc'><strong>·</strong></span> <span class='ocrx_word' id='word_1_88' title='bbox 1603 1132 1696 1184; x_wconf 77' lang='grc' dir='ltr'><strong>καὶ</strong></span> <span class='ocrx_word' id='word_1_89' title='bbox 1724 1130 1834 1199; x_wconf 86' lang='grc' dir='ltr'>γὰρ</span> <span class='ocrx_word' id='word_1_90' title='bbox 1885 1129 1945 1183; x_wconf 88' lang='grc' dir='ltr'><strong>τό</strong></span> 
     </span>
    </p>
   </div>
   <div class='ocr_carea' id='block_1_13' title="bbox 370 1219 1944 1305">
    <p class='ocr_par' dir='ltr' id='par_1_13' title="bbox 370 1219 1944 1305">
     <span class='ocr_line' id='line_1_13' title="bbox 370 1219 1944 1305; baseline -0.009 -17"><span class='ocrx_word' id='word_1_91' title='bbox 370 1235 624 1305; x_wconf 77' lang='grc' dir='ltr'>οὐράνιον</span> <span class='ocrx_word' id='word_1_92' title='bbox 678 1233 838 1301; x_wconf 86' lang='grc' dir='ltr'>σῶμα</span> <span class='ocrx_word' id='word_1_93' title='bbox 879 1228 1127 1298; x_wconf 85' lang='grc' dir='ltr'>πανταχῆ</span> <span class='ocrx_word' id='word_1_94' title='bbox 1169 1228 1400 1297; x_wconf 88' lang='grc' dir='ltr'>γίνεται.</span> <span class='ocrx_word' id='word_1_95' title='bbox 1444 1225 1516 1276; x_wconf 82' lang='grc' dir='ltr'>Τὸ</span> <span class='ocrx_word' id='word_1_96' title='bbox 1566 1219 1659 1276; x_wconf 75' lang='grc' dir='ltr'><strong>οὖν</strong></span> <span class='ocrx_word' id='word_1_97' title='bbox 1696 1221 1944 1291; x_wconf 86' lang='grc' dir='ltr'>πανταχῆ</span> 
     </span>
    </p>
   </div>
   <div class='ocr_carea' id='block_1_14' title="bbox 370 1310 1946 1389">
    <p class='ocr_par' dir='ltr' id='par_1_14' title="bbox 370 1310 1946 1389">
     <span class='ocr_line' id='line_1_14' title="bbox 370 1310 1946 1389; baseline -0.01 -13"><span class='ocrx_word' id='word_1_98' title='bbox 370 1323 643 1389; x_wconf 86' lang='grc' dir='ltr'>γίνεσθαι,</span> <span class='ocrx_word' id='word_1_99' title='bbox 693 1322 753 1374; x_wconf 71' lang='grc' dir='ltr'><strong>τὸ</strong></span> <span class='ocrx_word' id='word_1_100' title='bbox 787 1316 1064 1387; x_wconf 74' lang='grc' dir='ltr'>πανταχοῦ</span> <span class='ocrx_word' id='word_1_101' title='bbox 1107 1318 1166 1370; x_wconf 77' lang='grc' dir='ltr'>ὃν</span> <span class='ocrx_word' id='word_1_102' title='bbox 1202 1317 1474 1386; x_wconf 84' lang='grc' dir='ltr'><strong>μιμεῖται.</strong></span> <span class='ocrx_word' id='word_1_103' title='bbox 1517 1310 1810 1373; x_wconf 84' lang='grc' dir='ltr'>Τελείωσις</span> <span class='ocrx_word' id='word_1_104' title='bbox 1839 1313 1946 1380; x_wconf 75' lang='grc' dir='ltr'>γὰρ</span> 
     </span>
    </p>
   </div>
   <div class='ocr_carea' id='block_1_15' title="bbox 370 1402 1947 1483">
    <p class='ocr_par' dir='ltr' id='par_1_15' title="bbox 370 1402 1947 1483">
     <span class='ocr_line' id='line_1_15' title="bbox 370 1402 1947 1483; baseline -0.011 -15"><span class='ocrx_word' id='word_1_105' title='bbox 370 1416 478 1468; x_wconf 86' lang='grc' dir='ltr'><strong>τῶν</strong></span> <span class='ocrx_word' id='word_1_106' title='bbox 527 1413 809 1483; x_wconf 81' lang='grc' dir='ltr'>χειρόνων.</span> <span class='ocrx_word' id='word_1_107' title='bbox 867 1412 1068 1478; x_wconf 77' lang='grc' dir='ltr'>ἡπρδς</span> <span class='ocrx_word' id='word_1_108' title='bbox 1110 1408 1180 1461; x_wconf 76' lang='grc' dir='ltr'><strong>τὰ</strong></span> <span class='ocrx_word' id='word_1_109' title='bbox 1232 1406 1513 1474; x_wconf 81' lang='grc' dir='ltr'><strong>ὑπέρτερα</strong></span> <span class='ocrx_word' id='word_1_110' title='bbox 1540 1402 1844 1472; x_wconf 70' lang='grc' dir='ltr'>ἐπιστροφή</span> <span class='ocrx_word' id='word_1_111' title='bbox 1889 1417 1947 1453; x_wconf 82' lang='grc' dir='ltr'><strong>τε</strong></span> 
     </span>
    </p>
   </div>
   <div class='ocr_carea' id='block_1_16' title="bbox 374 1490 1949 1573">
    <p class='ocr_par' dir='ltr' id='par_1_16' title="bbox 374 1490 1949 1573">
     <span class='ocr_line' id='line_1_16' title="bbox 374 1490 1949 1573; baseline -0.011 -15"><span class='ocrx_word' id='word_1_112' title='bbox 374 1507 469 1558; x_wconf 78' lang='grc' dir='ltr'>καὶ</span> <span class='ocrx_word' id='word_1_113' title='bbox 504 1504 821 1573; x_wconf 63' lang='grc' dir='ltr'>ἐξομοίωσις</span> <span class='ocrx_word' id='word_1_114' title='bbox 903 1501 1060 1554; x_wconf 83' lang='grc' dir='ltr'>Οῦτω</span> <span class='ocrx_word' id='word_1_115' title='bbox 1101 1500 1200 1566; x_wconf 81' lang='grc' dir='ltr'><strong>μὲν</strong></span> <span class='ocrx_word' id='word_1_116' title='bbox 1244 1500 1270 1548; x_wconf 89' lang='grc' dir='ltr'>ὁ</span> <span class='ocrx_word' id='word_1_117' title='bbox 1322 1495 1545 1564; x_wconf 84' lang='grc' dir='ltr'>φυσικὸς</span> <span class='ocrx_word' id='word_1_118' title='bbox 1588 1493 1803 1546; x_wconf 78' lang='grc' dir='ltr'>πάντων</span> <span class='ocrx_word' id='word_1_119' title='bbox 1841 1490 1949 1543; x_wconf 86' lang='grc' dir='ltr'><strong>τῶν</strong></span> 
     </span>
    </p>
   </div>
   <div class='ocr_carea' id='block_1_17' title="bbox 373 1579 1953 1661">
    <p class='ocr_par' dir='ltr' id='par_1_17' title="bbox 373 1579 1953 1661">
     <span class='ocr_line' id='line_1_17' title="bbox 373 1579 1953 1661; baseline -0.009 -15"><span class='ocrx_word' id='word_1_120' title='bbox 373 1594 624 1661; x_wconf 82' lang='grc' dir='ltr'>φυσικῶν</span> <span class='ocrx_word' id='word_1_121' title='bbox 652 1593 923 1645; x_wconf 78' lang='grc' dir='ltr'>ἀποδώσει</span> <span class='ocrx_word' id='word_1_122' title='bbox 951 1602 1045 1642; x_wconf 83' lang='grc' dir='ltr'><strong>και</strong></span> <span class='ocrx_word' id='word_1_123' title='bbox 1068 1590 1128 1641; x_wconf 71' lang='grc' dir='ltr'>τὸ</span> <span class='ocrx_word' id='word_1_124' title='bbox 1162 1584 1302 1648; x_wconf 78' lang='grc' dir='ltr'>εἶδος</span> <span class='ocrx_word' id='word_1_125' title='bbox 1357 1587 1450 1638; x_wconf 71' lang='grc' dir='ltr'>καὶ</span> <span class='ocrx_word' id='word_1_126' title='bbox 1478 1585 1577 1653; x_wconf 85' lang='grc' dir='ltr'><strong>τὴν</strong></span> <span class='ocrx_word' id='word_1_127' title='bbox 1609 1582 1741 1653; x_wconf 82' lang='grc' dir='ltr'>ὓλην</span> <span class='ocrx_word' id='word_1_128' title='bbox 1770 1581 1864 1633; x_wconf 73' lang='grc' dir='ltr'>καὶ</span> <span class='ocrx_word' id='word_1_129' title='bbox 1893 1579 1953 1631; x_wconf 72' lang='grc' dir='ltr'>τὸ</span> 
     </span>
    </p>
   </div>
   <div class='ocr_carea' id='block_1_18' title="bbox 374 1670 1953 1747">
    <p class='ocr_par' dir='ltr' id='par_1_18' title="bbox 374 1670 1953 1747">
     <span class='ocr_line' id='line_1_18' title="bbox 374 1670 1953 1747; baseline -0.011 -9"><span class='ocrx_word' id='word_1_130' title='bbox 374 1690 567 1746; x_wconf 75' lang='grc' dir='ltr'>αἴτιον,</span> <span class='ocrx_word' id='word_1_131' title='bbox 600 1686 692 1737; x_wconf 74' lang='grc' dir='ltr'><strong>καὶ</strong></span> <span class='ocrx_word' id='word_1_132' title='bbox 740 1684 829 1736; x_wconf 77' lang='grc' dir='ltr'>διὰ</span> <span class='ocrx_word' id='word_1_133' title='bbox 877 1682 1036 1732; x_wconf 83' lang='grc' dir='ltr'>τοῦτο</span> <span class='ocrx_word' id='word_1_134' title='bbox 1081 1680 1171 1730; x_wconf 71' lang='grc' dir='ltr'><strong>τὸν</strong></span> <span class='ocrx_word' id='word_1_135' title='bbox 1200 1676 1458 1747; x_wconf 86' lang='grc' dir='ltr'>ὁρισμόν·</span> <span class='ocrx_word' id='word_1_136' title='bbox 1498 1676 1560 1726; x_wconf 80' lang='grc' dir='ltr'>ἐκ</span> <span class='ocrx_word' id='word_1_137' title='bbox 1584 1674 1639 1726; x_wconf 79' lang='grc' dir='ltr'>δὲ</span> <span class='ocrx_word' id='word_1_138' title='bbox 1670 1674 1769 1741; x_wconf 78' lang='grc' dir='ltr'>τῆς</span> <span class='ocrx_word' id='word_1_139' title='bbox 1822 1670 1953 1739; x_wconf 78' lang='grc' dir='ltr'>ῦλης</span> 
     </span>
    </p>
   </div>
   <div class='ocr_carea' id='block_1_19' title="bbox 375 1763 1955 1839">
    <p class='ocr_par' dir='ltr' id='par_1_19' title="bbox 375 1763 1955 1839">
     <span class='ocr_line' id='line_1_19' title="bbox 375 1763 1955 1839; baseline -0.009 -10"><span class='ocrx_word' id='word_1_140' title='bbox 375 1782 470 1831; x_wconf 75' lang='grc' dir='ltr'><strong>καὶ</strong></span> <span class='ocrx_word' id='word_1_141' title='bbox 498 1777 590 1830; x_wconf 91' lang='grc' dir='ltr'><strong>τοῦ</strong></span> <span class='ocrx_word' id='word_1_142' title='bbox 626 1776 797 1837; x_wconf 77' lang='grc' dir='ltr'>εἴδους</span> <span class='ocrx_word' id='word_1_143' title='bbox 830 1776 925 1826; x_wconf 72' lang='grc' dir='ltr'><strong>καὶ</strong></span> <span class='ocrx_word' id='word_1_144' title='bbox 954 1772 1055 1839; x_wconf 83' lang='grc' dir='ltr'>τῆς</span> <span class='ocrx_word' id='word_1_145' title='bbox 1086 1770 1264 1831; x_wconf 70' lang='grc' dir='ltr'>αἰτίας</span> <span class='ocrx_word' id='word_1_146' title='bbox 1294 1768 1591 1821; x_wconf 72' lang='grc' dir='ltr'>ἀποδώσει.</span> <span class='ocrx_word' id='word_1_147' title='bbox 1633 1766 1691 1817; x_wconf 86' lang='lat'><strong>&#39;0</strong></span> <span class='ocrx_word' id='word_1_148' title='bbox 1723 1764 1778 1815; x_wconf 72' lang='grc' dir='ltr'>δὲ</span> <span class='ocrx_word' id='word_1_149' title='bbox 1815 1763 1955 1815; x_wconf 74' lang='grc' dir='ltr'>κατὰ</span> 
     </span>
    </p>
   </div>
   <div class='ocr_carea' id='block_1_20' title="bbox 377 1845 2026 1937">
    <p class='ocr_par' dir='ltr' id='par_1_20' title="bbox 377 1845 2026 1937">
     <span class='ocr_line' id='line_1_20' title="bbox 377 1845 2026 1937; baseline -0.01 -18"><span class='ocrx_word' id='word_1_150' title='bbox 377 1869 543 1937; x_wconf 80' lang='grc' dir='ltr'>μέρος</span> <span class='ocrx_word' id='word_1_151' title='bbox 567 1866 836 1935; x_wconf 77' lang='grc' dir='ltr'>τεχνίτης,</span> <span class='ocrx_word' id='word_1_152' title='bbox 872 1865 965 1915; x_wconf 71' lang='grc' dir='ltr'><strong>καὶ</strong></span> <span class='ocrx_word' id='word_1_153' title='bbox 1005 1862 1166 1925; x_wconf 78' lang='grc' dir='ltr'>αυτὸς</span> <span class='ocrx_word' id='word_1_154' title='bbox 1200 1862 1298 1930; x_wconf 79' lang='grc' dir='ltr'><strong>μὲν</strong></span> <span class='ocrx_word' id='word_1_155' title='bbox 1339 1859 1467 1929; x_wconf 75' lang='grc' dir='ltr'>περὶ</span> <span class='ocrx_word' id='word_1_156' title='bbox 1496 1857 1606 1909; x_wconf 88' lang='grc' dir='ltr'><strong>τῶν</strong></span> <span class='ocrx_word' id='word_1_157' title='bbox 1634 1853 1811 1906; x_wconf 74' lang='grc' dir='ltr'>αὐτῶν</span> <span class='ocrx_word' id='word_1_158' title='bbox 1836 1852 1952 1906; x_wconf 86' lang='grc' dir='ltr'>δια-</span> <span class='ocrx_word' id='word_1_159' title='bbox 1987 1845 2026 1898; x_wconf 83' lang='grc' dir='ltr'><strong><em>Β</em></strong></span> 
     </span>
    </p>
   </div>
   <div class='ocr_carea' id='block_1_21' title="bbox 378 1947 1952 2027">
    <p class='ocr_par' dir='ltr' id='par_1_21' title="bbox 378 1947 1952 2027">
     <span class='ocr_line' id='line_1_21' title="bbox 378 1947 1952 2027; baseline -0.01 -17"><span class='ocrx_word' id='word_1_160' title='bbox 378 1958 669 2027; x_wconf 77' lang='grc' dir='ltr'>λαμϐάνει.</span> <span class='ocrx_word' id='word_1_161' title='bbox 708 1956 962 2026; x_wconf 80' lang='grc' dir='ltr'><strong>Διαφέρει</strong></span> <span class='ocrx_word' id='word_1_162' title='bbox 989 1953 1044 2005; x_wconf 85' lang='grc' dir='ltr'>δὲ</span> <span class='ocrx_word' id='word_1_163' title='bbox 1071 1952 1165 2005; x_wconf 88' lang='grc' dir='ltr'><strong>τοῦ</strong></span> <span class='ocrx_word' id='word_1_164' title='bbox 1202 1948 1460 2020; x_wconf 79' lang='grc' dir='ltr'><strong>φυσικοῦ,</strong></span> <span class='ocrx_word' id='word_1_165' title='bbox 1508 1949 1591 2000; x_wconf 83' lang='grc' dir='ltr'><strong>ὃτι</strong></span> <span class='ocrx_word' id='word_1_166' title='bbox 1623 1947 1752 2015; x_wconf 81' lang='grc' dir='ltr'>περὶ</span> <span class='ocrx_word' id='word_1_167' title='bbox 1799 1960 1952 2015; x_wconf 80' lang='grc' dir='ltr'>μερι-</span> 
     </span>
    </p>
   </div>
   <div class='ocr_carea' id='block_1_22' title="bbox 380 2036 1955 2117">
    <p class='ocr_par' dir='ltr' id='par_1_22' title="bbox 380 2036 1955 2117">
     <span class='ocr_line' id='line_1_22' title="bbox 380 2036 1955 2117; baseline -0.01 -13"><span class='ocrx_word' id='word_1_168' title='bbox 380 2053 475 2104; x_wconf 91' lang='grc' dir='ltr'><strong>κόν</strong></span> <span class='ocrx_word' id='word_1_169' title='bbox 504 2068 558 2103; x_wconf 86' lang='grc' dir='ltr'><strong>τι</strong></span> <span class='ocrx_word' id='word_1_170' title='bbox 591 2051 943 2117; x_wconf 80' lang='grc' dir='ltr'>καταγίνεται</span> <span class='ocrx_word' id='word_1_171' title='bbox 984 2047 1219 2115; x_wconf 81' lang='grc' dir='ltr'>πρᾶγμα</span> <span class='ocrx_word' id='word_1_172' title='bbox 1245 2061 1257 2071; x_wconf 94' lang='grc'><strong>·</strong></span> <span class='ocrx_word' id='word_1_173' title='bbox 1292 2036 1402 2095; x_wconf 80' lang='grc' dir='ltr'>οἷον</span> <span class='ocrx_word' id='word_1_174' title='bbox 1434 2043 1461 2094; x_wconf 89' lang='grc' dir='ltr'>ὁ</span> <span class='ocrx_word' id='word_1_175' title='bbox 1498 2040 1701 2107; x_wconf 80' lang='grc' dir='ltr'>ἰατρὸς,</span> <span class='ocrx_word' id='word_1_176' title='bbox 1732 2038 1860 2108; x_wconf 71' lang='grc' dir='ltr'>περὶ</span> <span class='ocrx_word' id='word_1_177' title='bbox 1888 2037 1955 2089; x_wconf 83' lang='grc' dir='ltr'>τὰ</span> 
     </span>
    </p>
   </div>
   <div class='ocr_carea' id='block_1_23' title="bbox 380 2128 1953 2213">
    <p class='ocr_par' dir='ltr' id='par_1_23' title="bbox 380 2128 1953 2213">
     <span class='ocr_line' id='line_1_23' title="bbox 380 2128 1953 2213; baseline -0.01 -17"><span class='ocrx_word' id='word_1_178' title='bbox 380 2143 701 2213; x_wconf 76' lang='grc' dir='ltr'>ἀνθρώπινα</span> <span class='ocrx_word' id='word_1_179' title='bbox 735 2140 985 2209; x_wconf 86' lang='grc' dir='ltr'>σώματα,</span> <span class='ocrx_word' id='word_1_180' title='bbox 1015 2138 1043 2189; x_wconf 93' lang='lat'><strong>6</strong></span> <span class='ocrx_word' id='word_1_181' title='bbox 1065 2135 1273 2188; x_wconf 86' lang='grc' dir='ltr'>τέκτων</span> <span class='ocrx_word' id='word_1_182' title='bbox 1303 2135 1430 2203; x_wconf 81' lang='grc' dir='ltr'>περὶ</span> <span class='ocrx_word' id='word_1_183' title='bbox 1460 2132 1642 2193; x_wconf 84' lang='grc' dir='ltr'>λίθους</span> <span class='ocrx_word' id='word_1_184' title='bbox 1671 2131 1762 2183; x_wconf 85' lang='grc' dir='ltr'>καί</span> <span class='ocrx_word' id='word_1_185' title='bbox 1800 2128 1953 2193; x_wconf 87' lang='grc' dir='ltr'>ξύλα.</span> 
     </span>
    </p>
   </div>
   <div class='ocr_carea' id='block_1_24' title="bbox 394 2219 1960 2294">
    <p class='ocr_par' dir='ltr' id='par_1_24' title="bbox 394 2219 1960 2294">
     <span class='ocr_line' id='line_1_24' title="bbox 394 2219 1960 2294; baseline -0.01 -8"><span class='ocrx_word' id='word_1_186' title='bbox 394 2235 689 2287; x_wconf 76' lang='grc' dir='ltr'>’Λποδὼσει</span> <span class='ocrx_word' id='word_1_187' title='bbox 724 2232 781 2284; x_wconf 80' lang='grc' dir='ltr'><strong>δὲ</strong></span> <span class='ocrx_word' id='word_1_188' title='bbox 809 2233 900 2282; x_wconf 74' lang='grc' dir='ltr'><strong>καὶ</strong></span> <span class='ocrx_word' id='word_1_189' title='bbox 920 2222 1074 2289; x_wconf 69' lang='grc' dir='ltr'>οὗτος</span> <span class='ocrx_word' id='word_1_190' title='bbox 1104 2229 1193 2279; x_wconf 84' lang='grc' dir='ltr'><strong>τὸν</strong></span> <span class='ocrx_word' id='word_1_191' title='bbox 1224 2225 1473 2294; x_wconf 79' lang='grc' dir='ltr'>ὁρισμὸν,</span> <span class='ocrx_word' id='word_1_192' title='bbox 1507 2219 1960 2291; x_wconf 79' lang='grc' dir='ltr'>παραλαμϐάνων</span> 
     </span>
    </p>
   </div>
   <div class='ocr_carea' id='block_1_25' title="bbox 383 2314 1640 2391">
    <p class='ocr_par' dir='ltr' id='par_1_25' title="bbox 383 2314 1640 2391">
     <span class='ocr_line' id='line_1_25' title="bbox 383 2314 1640 2391; baseline -0.01 -12"><span class='ocrx_word' id='word_1_193' title='bbox 383 2329 475 2379; x_wconf 72' lang='grc' dir='ltr'><strong>καὶ</strong></span> <span class='ocrx_word' id='word_1_194' title='bbox 505 2325 565 2376; x_wconf 74' lang='grc' dir='ltr'>τὸ</span> <span class='ocrx_word' id='word_1_195' title='bbox 596 2321 735 2386; x_wconf 76' lang='grc' dir='ltr'>εἶδος</span> <span class='ocrx_word' id='word_1_196' title='bbox 763 2323 855 2375; x_wconf 75' lang='grc' dir='ltr'>καὶ</span> <span class='ocrx_word' id='word_1_197' title='bbox 881 2322 978 2391; x_wconf 82' lang='grc' dir='ltr'>τὴν</span> <span class='ocrx_word' id='word_1_198' title='bbox 1011 2319 1143 2389; x_wconf 86' lang='grc' dir='ltr'>ῦλην</span> <span class='ocrx_word' id='word_1_199' title='bbox 1187 2318 1283 2371; x_wconf 75' lang='grc' dir='ltr'><strong>καὶ</strong></span> <span class='ocrx_word' id='word_1_200' title='bbox 1306 2318 1403 2387; x_wconf 82' lang='grc' dir='ltr'>τὴν</span> <span class='ocrx_word' id='word_1_201' title='bbox 1442 2314 1640 2368; x_wconf 84' lang='grc' dir='ltr'>αἰτίαν.</span> 
     </span>
    </p>
   </div>
   <div class='ocr_carea' id='block_1_26' title="bbox 458 2487 1961 2569">
    <p class='ocr_par' dir='ltr' id='par_1_26' title="bbox 458 2487 1961 2569">
     <span class='ocr_line' id='line_1_26' title="bbox 458 2487 1961 2569; baseline -0.009 -15"><span class='ocrx_word' id='word_1_202' title='bbox 458 2504 577 2554; x_wconf 86' lang='grc' dir='ltr'>Ὅτι</span> <span class='ocrx_word' id='word_1_203' title='bbox 612 2503 644 2569; x_wconf 83' lang='grc' dir='ltr'>ἡ</span> <span class='ocrx_word' id='word_1_204' title='bbox 669 2499 879 2567; x_wconf 75' lang='grc' dir='ltr'>ἀληθὴς</span> <span class='ocrx_word' id='word_1_205' title='bbox 920 2494 1330 2566; x_wconf 80' lang='grc' dir='ltr'>Ἀριστοτέλους</span> <span class='ocrx_word' id='word_1_206' title='bbox 1368 2490 1498 2561; x_wconf 68' lang='grc' dir='ltr'>περὶ</span> <span class='ocrx_word' id='word_1_207' title='bbox 1528 2490 1635 2544; x_wconf 85' lang='grc' dir='ltr'><strong>τῶν</strong></span> <span class='ocrx_word' id='word_1_208' title='bbox 1665 2490 1834 2559; x_wconf 84' lang='grc' dir='ltr'>τριῶν</span> <span class='ocrx_word' id='word_1_209' title='bbox 1866 2487 1961 2541; x_wconf 80' lang='grc' dir='ltr'><strong>τοῦ</strong></span> 
     </span>
    </p>
   </div>
   <div class='ocr_carea' id='block_1_27' title="bbox 386 2582 1965 2662">
    <p class='ocr_par' dir='ltr' id='par_1_27' title="bbox 386 2582 1965 2662">
     <span class='ocr_line' id='line_1_27' title="bbox 386 2582 1965 2662; baseline -0.009 -17"><span class='ocrx_word' id='word_1_210' title='bbox 386 2595 476 2645; x_wconf 79' lang='grc' dir='ltr'><strong>νοῦ</strong></span> <span class='ocrx_word' id='word_1_211' title='bbox 514 2592 930 2662; x_wconf 70' lang='grc' dir='ltr'>σημαινομένων</span> <span class='ocrx_word' id='word_1_212' title='bbox 955 2588 1227 2656; x_wconf 70' lang='grc' dir='ltr'>διὰληψις,</span> <span class='ocrx_word' id='word_1_213' title='bbox 1276 2586 1344 2655; x_wconf 77' lang='grc' dir='ltr'>ἣν</span> <span class='ocrx_word' id='word_1_214' title='bbox 1376 2583 1653 2654; x_wconf 82' lang='grc' dir='ltr'>ὲπικρίνει</span> <span class='ocrx_word' id='word_1_215' title='bbox 1692 2582 1790 2635; x_wconf 72' lang='grc' dir='ltr'>καὶ</span> <span class='ocrx_word' id='word_1_216' title='bbox 1830 2583 1965 2649; x_wconf 83' lang='grc' dir='ltr'><strong>Ἀμ-</strong></span> 
     </span>
    </p>
   </div>
   <div class='ocr_carea' id='block_1_28' title="bbox 392 2671 1963 2752">
    <p class='ocr_par' dir='ltr' id='par_1_28' title="bbox 392 2671 1963 2752">
     <span class='ocr_line' id='line_1_28' title="bbox 392 2671 1963 2752; baseline -0.009 -16"><span class='ocrx_word' id='word_1_217' title='bbox 392 2684 608 2752; x_wconf 82' lang='grc' dir='ltr'>μώνιος.</span> <span class='ocrx_word' id='word_1_218' title='bbox 648 2681 886 2749; x_wconf 84' lang='grc' dir='ltr'>Τοιαύτη</span> <span class='ocrx_word' id='word_1_219' title='bbox 915 2679 1053 2732; x_wconf 79' lang='grc' dir='ltr'>ἐστί.</span> <span class='ocrx_word' id='word_1_220' title='bbox 1091 2677 1311 2746; x_wconf 87' lang='grc' dir='ltr'>Πρῶτον</span> <span class='ocrx_word' id='word_1_221' title='bbox 1342 2676 1524 2726; x_wconf 85' lang='grc' dir='ltr'>τοίνυν</span> <span class='ocrx_word' id='word_1_222' title='bbox 1552 2674 1669 2725; x_wconf 69' lang='grc' dir='ltr'>ἐστὶ</span> <span class='ocrx_word' id='word_1_223' title='bbox 1698 2671 1963 2741; x_wconf 81' lang='grc' dir='ltr'>σημαινό-</span> 
     </span>
    </p>
   </div>
   <div class='ocr_carea' id='block_1_29' title="bbox 393 2764 1964 2843">
    <p class='ocr_par' dir='ltr' id='par_1_29' title="bbox 393 2764 1964 2843">
     <span class='ocr_line' id='line_1_29' title="bbox 393 2764 1964 2843; baseline -0.008 -17"><span class='ocrx_word' id='word_1_224' title='bbox 393 2793 571 2843; x_wconf 82' lang='grc' dir='ltr'>μενον,</span> <span class='ocrx_word' id='word_1_225' title='bbox 602 2775 630 2826; x_wconf 85' lang='lat'><strong>6</strong></span> <span class='ocrx_word' id='word_1_226' title='bbox 655 2772 780 2833; x_wconf 84' lang='grc' dir='ltr'>νοῦς</span> <span class='ocrx_word' id='word_1_227' title='bbox 812 2774 839 2824; x_wconf 90' lang='lat'><strong>6</strong></span> <span class='ocrx_word' id='word_1_228' title='bbox 866 2771 1094 2837; x_wconf 82' lang='grc' dir='ltr'>δυνάμει</span> <span class='ocrx_word' id='word_1_229' title='bbox 1123 2768 1277 2828; x_wconf 77' lang='grc' dir='ltr'>εἰδὼς</span> <span class='ocrx_word' id='word_1_230' title='bbox 1299 2765 1367 2818; x_wconf 68' lang='grc' dir='ltr'>τὰ</span> <span class='ocrx_word' id='word_1_231' title='bbox 1391 2766 1716 2835; x_wconf 70' lang='grc' dir='ltr'>πράγματα.</span> <span class='ocrx_word' id='word_1_232' title='bbox 1753 2764 1964 2832; x_wconf 80' lang='grc' dir='ltr'>Ὥσπερ</span> 
     </span>
    </p>
   </div>
   <div class='ocr_carea' id='block_1_30' title="bbox 390 2853 1965 2926">
    <p class='ocr_par' dir='ltr' id='par_1_30' title="bbox 390 2853 1965 2926">
     <span class='ocr_line' id='line_1_30' title="bbox 390 2853 1965 2926; baseline -0.008 -9"><span class='ocrx_word' id='word_1_233' title='bbox 390 2870 481 2917; x_wconf 74' lang='grc' dir='ltr'>ἐπὶ</span> <span class='ocrx_word' id='word_1_234' title='bbox 507 2866 615 2915; x_wconf 87' lang='grc' dir='ltr'><strong>τῶν</strong></span> <span class='ocrx_word' id='word_1_235' title='bbox 647 2862 855 2915; x_wconf 79' lang='grc' dir='ltr'>παίδων</span> <span class='ocrx_word' id='word_1_236' title='bbox 896 2862 1031 2915; x_wconf 77' lang='grc' dir='ltr'>ἐστί.</span> <span class='ocrx_word' id='word_1_237' title='bbox 1060 2859 1325 2926; x_wconf 80' lang='grc' dir='ltr'>Δεύτερον</span> <span class='ocrx_word' id='word_1_238' title='bbox 1359 2858 1757 2926; x_wconf 82' lang='grc' dir='ltr'>σημαινόμενον</span> <span class='ocrx_word' id='word_1_239' title='bbox 1791 2856 1818 2907; x_wconf 91' lang='lat'><strong>6</strong></span> <span class='ocrx_word' id='word_1_240' title='bbox 1840 2853 1965 2916; x_wconf 82' lang='grc' dir='ltr'>νοῦς</span> 
     </span>
    </p>
   </div>
   <div class='ocr_carea' id='block_1_31' title="bbox 389 2944 1964 3019">
    <p class='ocr_par' dir='ltr' id='par_1_31' title="bbox 389 2944 1964 3019">
     <span class='ocr_line' id='line_1_31' title="bbox 389 2944 1964 3019; baseline -0.008 -11"><span class='ocrx_word' id='word_1_241' title='bbox 389 2956 416 3007; x_wconf 78' lang='grc' dir='ltr'><strong>ό</strong></span> <span class='ocrx_word' id='word_1_242' title='bbox 446 2955 701 3019; x_wconf 79' lang='grc' dir='ltr'>καθ”ἐξιν</span> <span class='ocrx_word' id='word_1_243' title='bbox 749 2951 902 3013; x_wconf 83' lang='grc' dir='ltr'>εἰδὼς</span> <span class='ocrx_word' id='word_1_244' title='bbox 930 2954 998 3002; x_wconf 76' lang='grc' dir='ltr'><strong>τὰ</strong></span> <span class='ocrx_word' id='word_1_245' title='bbox 1031 2952 1357 3019; x_wconf 77' lang='grc' dir='ltr'>πράγματα,</span> <span class='ocrx_word' id='word_1_246' title='bbox 1406 2947 1594 3016; x_wconf 83' lang='grc' dir='ltr'>ὥσπερ</span> <span class='ocrx_word' id='word_1_247' title='bbox 1642 2949 1669 2999; x_wconf 92' lang='lat'><strong>6</strong></span> <span class='ocrx_word' id='word_1_248' title='bbox 1716 2946 1809 2998; x_wconf 70' lang='grc' dir='ltr'>ἐπὶ</span> <span class='ocrx_word' id='word_1_249' title='bbox 1854 2944 1964 2997; x_wconf 90' lang='grc' dir='ltr'><strong>τῶν</strong></span> 
     </span>
    </p>
   </div>
   <div class='ocr_carea' id='block_1_32' title="bbox 390 3035 1969 3110">
    <p class='ocr_par' dir='ltr' id='par_1_32' title="bbox 390 3035 1969 3110">
     <span class='ocr_line' id='line_1_32' title="bbox 390 3035 1969 3110; baseline -0.01 -10"><span class='ocrx_word' id='word_1_250' title='bbox 390 3047 609 3100; x_wconf 78' lang='grc' dir='ltr'>τελείων</span> <span class='ocrx_word' id='word_1_251' title='bbox 629 3062 643 3075; x_wconf 89' lang='grc'><strong>·</strong></span> <span class='ocrx_word' id='word_1_252' title='bbox 684 3044 791 3098; x_wconf 86' lang='grc' dir='ltr'><strong>τῶν</strong></span> <span class='ocrx_word' id='word_1_253' title='bbox 827 3042 1209 3110; x_wconf 79' lang='grc' dir='ltr'>ἐπισταμένων</span> <span class='ocrx_word' id='word_1_254' title='bbox 1252 3039 1350 3107; x_wconf 77' lang='grc' dir='ltr'>μὲν</span> <span class='ocrx_word' id='word_1_255' title='bbox 1383 3037 1451 3090; x_wconf 82' lang='grc' dir='ltr'>τὰ</span> <span class='ocrx_word' id='word_1_256' title='bbox 1482 3036 1809 3106; x_wconf 77' lang='grc' dir='ltr'>πράγματα,</span> <span class='ocrx_word' id='word_1_257' title='bbox 1839 3035 1969 3103; x_wconf 78' lang='grc' dir='ltr'>ἡρε-</span> 
     </span>
    </p>
   </div>
   <div class='ocr_carea' id='block_1_33' title="bbox 2042 573 3614 648">
    <p class='ocr_par' dir='ltr' id='par_1_33' title="bbox 2042 573 3614 648">
     <span class='ocr_line' id='line_1_33' title="bbox 2042 573 3614 648; baseline -0.008 -11"><span class='ocrx_word' id='word_1_258' title='bbox 2042 587 2146 637; x_wconf 82' lang='grc' dir='ltr'>Ιιιιιι</span> <span class='ocrx_word' id='word_1_259' title='bbox 2178 583 2474 648; x_wconf 86' lang='lat' dir='ltr'><strong>orbemqnc</strong></span> <span class='ocrx_word' id='word_1_260' title='bbox 2513 580 2871 642; x_wconf 84' lang='lat' dir='ltr'><strong>convolvitur,</strong></span> <span class='ocrx_word' id='word_1_261' title='bbox 2906 578 3032 647; x_wconf 88' lang='lat' dir='ltr'><strong>quia</strong></span> <span class='ocrx_word' id='word_1_262' title='bbox 3067 586 3298 630; x_wconf 90' lang='lat' dir='ltr'><strong>mentem</strong></span> <span class='ocrx_word' id='word_1_263' title='bbox 3347 573 3614 635; x_wconf 82' lang='lat' dir='ltr'><strong>imitatur,</strong></span> 
     </span>
    </p>
   </div>
   <div class='ocr_carea' id='block_1_34' title="bbox 2043 666 3613 741">
    <p class='ocr_par' dir='ltr' id='par_1_34' title="bbox 2043 666 3613 741">
     <span class='ocr_line' id='line_1_34' title="bbox 2043 666 3613 741; baseline -0.008 -10"><span class='ocrx_word' id='word_1_264' title='bbox 2043 677 2236 731; x_wconf 84' lang='lat' dir='ltr'><strong>utentis</strong></span> <span class='ocrx_word' id='word_1_265' title='bbox 2282 676 2425 729; x_wconf 89' lang='lat' dir='ltr'><strong>enim</strong></span> <span class='ocrx_word' id='word_1_266' title='bbox 2483 672 2757 741; x_wconf 88' lang='lat' dir='ltr'><strong>proprium</strong></span> <span class='ocrx_word' id='word_1_267' title='bbox 2782 680 2866 726; x_wconf 85' lang='lat' dir='ltr'><strong>est</strong></span> <span class='ocrx_word' id='word_1_268' title='bbox 2910 671 2976 724; x_wconf 87' lang='lat' dir='ltr'><strong>ad</strong></span> <span class='ocrx_word' id='word_1_269' title='bbox 3015 683 3074 723; x_wconf 91' lang='lat' dir='ltr'><strong>se</strong></span> <span class='ocrx_word' id='word_1_270' title='bbox 3133 668 3405 737; x_wconf 82' lang='lat' dir='ltr'><strong>respicere</strong></span> <span class='ocrx_word' id='word_1_271' title='bbox 3451 673 3509 722; x_wconf 92' lang='lat' dir='ltr'><strong>et</strong></span> <span class='ocrx_word' id='word_1_272' title='bbox 3560 666 3613 719; x_wconf 87' lang='lat' dir='ltr'><strong>itt</strong></span> 
     </span>
    </p>
   </div>
   <div class='ocr_carea' id='block_1_35' title="bbox 2042 745 3616 837">
    <p class='ocr_par' dir='ltr' id='par_1_35' title="bbox 2042 745 3616 837">
     <span class='ocr_line' id='line_1_35' title="bbox 2042 745 3616 837; baseline -0.007 -15"><span class='ocrx_word' id='word_1_273' title='bbox 2042 784 2099 822; x_wconf 91' lang='lat' dir='ltr'><strong>se</strong></span> <span class='ocrx_word' id='word_1_274' title='bbox 2125 780 2346 837; x_wconf 76' lang='lat' dir='ltr'><strong>vergere</strong></span> <span class='ocrx_word' id='word_1_275' title='bbox 2377 782 2389 818; x_wconf 92' lang='lat'><strong>:</strong></span> <span class='ocrx_word' id='word_1_276' title='bbox 2443 764 2556 833; x_wconf 81' lang='lat' dir='ltr'><strong>ipsa</strong></span> <span class='ocrx_word' id='word_1_277' title='bbox 2601 764 2743 817; x_wconf 88' lang='lat' dir='ltr'><strong>enim</strong></span> <span class='ocrx_word' id='word_1_278' title='bbox 2785 745 2867 818; x_wconf 80' lang='lat' dir='ltr'><strong>est</strong></span> <span class='ocrx_word' id='word_1_279' title='bbox 2896 776 3015 831; x_wconf 65' lang='lat' dir='ltr'><strong>qua:</strong></span> <span class='ocrx_word' id='word_1_280' title='bbox 3047 760 3212 823; x_wconf 78' lang='lat' dir='ltr'><strong>videt,</strong></span> <span class='ocrx_word' id='word_1_281' title='bbox 3246 760 3359 826; x_wconf 86' lang='lat' dir='ltr'><strong>ipsa</strong></span> <span class='ocrx_word' id='word_1_282' title='bbox 3389 766 3616 828; x_wconf 76' lang='lat' dir='ltr'><strong>estquae</strong></span> 
     </span>
    </p>
   </div>
   <div class='ocr_carea' id='block_1_36' title="bbox 2045 850 3615 922">
    <p class='ocr_par' dir='ltr' id='par_1_36' title="bbox 2045 850 3615 922">
     <span class='ocr_line' id='line_1_36' title="bbox 2045 850 3615 922; baseline -0.006 -9"><span class='ocrx_word' id='word_1_283' title='bbox 2045 863 2273 915; x_wconf 77' lang='lat' dir='ltr'><strong>videtur.</strong></span> <span class='ocrx_word' id='word_1_284' title='bbox 2312 858 2510 913; x_wconf 85' lang='lat' dir='ltr'><strong>Videns</strong></span> <span class='ocrx_word' id='word_1_285' title='bbox 2538 856 2682 911; x_wconf 92' lang='lat' dir='ltr'><strong>enim</strong></span> <span class='ocrx_word' id='word_1_286' title='bbox 2707 852 2909 910; x_wconf 81' lang='lat' dir='ltr'><strong>formas</strong></span> <span class='ocrx_word' id='word_1_287' title='bbox 2941 856 3177 922; x_wconf 81' lang='lat' dir='ltr'><strong>seipsatn</strong></span> <span class='ocrx_word' id='word_1_288' title='bbox 3211 850 3375 913; x_wconf 85' lang='lat' dir='ltr'><strong>videt,</strong></span> <span class='ocrx_word' id='word_1_289' title='bbox 3417 860 3475 906; x_wconf 87' lang='lat' dir='ltr'><strong>et</strong></span> <span class='ocrx_word' id='word_1_290' title='bbox 3520 864 3615 904; x_wconf 84' lang='lat' dir='ltr'><strong>se-</strong></span> 
     </span>
    </p>
   </div>
   <div class='ocr_carea' id='block_1_37' title="bbox 2046 940 3707 1021">
    <p class='ocr_par' dir='ltr' id='par_1_37' title="bbox 2046 940 3707 1021">
     <span class='ocr_line' id='line_1_37' title="bbox 2046 940 3707 1021; baseline -0.009 -14"><span class='ocrx_word' id='word_1_291' title='bbox 2046 952 2217 1021; x_wconf 87' lang='lat' dir='ltr'><strong>ipsam</strong></span> <span class='ocrx_word' id='word_1_292' title='bbox 2245 953 2486 1015; x_wconf 91' lang='lat' dir='ltr'><strong>intuens,</strong></span> <span class='ocrx_word' id='word_1_293' title='bbox 2520 948 2725 1003; x_wconf 79' lang='lat' dir='ltr'><strong>formas</strong></span> <span class='ocrx_word' id='word_1_294' title='bbox 2750 946 2943 1001; x_wconf 88' lang='lat' dir='ltr'><strong>intuita</strong></span> <span class='ocrx_word' id='word_1_295' title='bbox 2982 955 3084 1001; x_wconf 89' lang='lat' dir='ltr'><strong>est.</strong></span> <span class='ocrx_word' id='word_1_296' title='bbox 3136 944 3457 1000; x_wconf 86' lang='lat' dir='ltr'><strong>Formarum</strong></span> <span class='ocrx_word' id='word_1_297' title='bbox 3474 940 3619 996; x_wconf 91' lang='lat' dir='ltr'><strong>enim</strong></span> <span class='ocrx_word' id='word_1_298' title='bbox 3699 948 3707 958; x_wconf 85' lang='lat'><strong>’</strong></span> 
     </span>
    </p>
   </div>
   <div class='ocr_carea' id='block_1_38' title="bbox 2046 1034 3619 1112">
    <p class='ocr_par' dir='ltr' id='par_1_38' title="bbox 2046 1034 3619 1112">
     <span class='ocr_line' id='line_1_38' title="bbox 2046 1034 3619 1112; baseline -0.008 -14"><span class='ocrx_word' id='word_1_299' title='bbox 2046 1044 2495 1112; x_wconf 89' lang='lat' dir='ltr'><strong>complementum</strong></span> <span class='ocrx_word' id='word_1_300' title='bbox 2523 1049 2628 1095; x_wconf 90' lang='lat' dir='ltr'><strong>est.</strong></span> <span class='ocrx_word' id='word_1_301' title='bbox 2651 1039 2820 1095; x_wconf 86' lang='lat' dir='ltr'><strong>Habet</strong></span> <span class='ocrx_word' id='word_1_302' title='bbox 2845 1039 3008 1109; x_wconf 77' lang='lat' dir='ltr'><strong>igitur</strong></span> <span class='ocrx_word' id='word_1_303' title='bbox 3031 1037 3229 1092; x_wconf 66' lang='lat' dir='ltr'><strong>coelum</strong></span> <span class='ocrx_word' id='word_1_304' title='bbox 3256 1034 3619 1103; x_wconf 85' lang='lat' dir='ltr'><strong>orbicularem</strong></span> 
     </span>
    </p>
   </div>
   <div class='ocr_carea' id='block_1_39' title="bbox 2048 1127 3622 1203">
    <p class='ocr_par' dir='ltr' id='par_1_39' title="bbox 2048 1127 3622 1203">
     <span class='ocr_line' id='line_1_39' title="bbox 2048 1127 3622 1203; baseline -0.008 -15"><span class='ocrx_word' id='word_1_305' title='bbox 2048 1134 2274 1203; x_wconf 79' lang='lat' dir='ltr'><strong>figuram</strong></span> <span class='ocrx_word' id='word_1_306' title='bbox 2328 1143 2549 1200; x_wconf 85' lang='lat' dir='ltr'><strong>propter</strong></span> <span class='ocrx_word' id='word_1_307' title='bbox 2608 1139 2811 1185; x_wconf 89' lang='lat' dir='ltr'><strong>motum</strong></span> <span class='ocrx_word' id='word_1_308' title='bbox 2868 1129 2919 1182; x_wconf 93' lang='lat' dir='ltr'><strong>in</strong></span> <span class='ocrx_word' id='word_1_309' title='bbox 2954 1127 3238 1189; x_wconf 90' lang='lat' dir='ltr'><strong>circulum,</strong></span> <span class='ocrx_word' id='word_1_310' title='bbox 3294 1127 3438 1181; x_wconf 85' lang='lat' dir='ltr'><strong>hunc</strong></span> <span class='ocrx_word' id='word_1_311' title='bbox 3492 1139 3622 1179; x_wconf 82' lang='lat' dir='ltr'><strong>vero</strong></span> 
     </span>
    </p>
   </div>
   <div class='ocr_carea' id='block_1_40' title="bbox 2048 1219 3623 1296">
    <p class='ocr_par' dir='ltr' id='par_1_40' title="bbox 2048 1219 3623 1296">
     <span class='ocr_line' id='line_1_40' title="bbox 2048 1219 3623 1296; baseline -0.008 -18"><span class='ocrx_word' id='word_1_312' title='bbox 2048 1233 2271 1296; x_wconf 77' lang='lat' dir='ltr'><strong>propter</strong></span> <span class='ocrx_word' id='word_1_313' title='bbox 2324 1223 2468 1276; x_wconf 90' lang='lat' dir='ltr'><strong>illam</strong></span> <span class='ocrx_word' id='word_1_314' title='bbox 2518 1221 2715 1276; x_wconf 83' lang='lat' dir='ltr'><strong>tuentis</strong></span> <span class='ocrx_word' id='word_1_315' title='bbox 2778 1222 3157 1275; x_wconf 75' lang='lat' dir='ltr'><strong>imitationem.</strong></span> <span class='ocrx_word' id='word_1_316' title='bbox 3231 1219 3347 1272; x_wconf 80' lang='lat' dir='ltr'><strong>Alia</strong></span> <span class='ocrx_word' id='word_1_317' title='bbox 3405 1232 3623 1287; x_wconf 81' lang='lat' dir='ltr'><strong>quoque</strong></span> 
     </span>
    </p>
   </div>
   <div class='ocr_carea' id='block_1_41' title="bbox 2052 1312 3626 1382">
    <p class='ocr_par' dir='ltr' id='par_1_41' title="bbox 2052 1312 3626 1382">
     <span class='ocr_line' id='line_1_41' title="bbox 2052 1312 3626 1382; baseline -0.006 -11"><span class='ocrx_word' id='word_1_318' title='bbox 2052 1318 2285 1382; x_wconf 78' lang='lat' dir='ltr'><strong>ratione,</strong></span> <span class='ocrx_word' id='word_1_319' title='bbox 2348 1313 2546 1369; x_wconf 67' lang='lat' dir='ltr'><strong>caelum</strong></span> <span class='ocrx_word' id='word_1_320' title='bbox 2609 1321 2845 1367; x_wconf 72' lang='lat' dir='ltr'><strong>mentem</strong></span> <span class='ocrx_word' id='word_1_321' title='bbox 2899 1314 3169 1377; x_wconf 84' lang='lat' dir='ltr'><strong>imitatur,</strong></span> <span class='ocrx_word' id='word_1_322' title='bbox 3224 1326 3344 1380; x_wconf 65' lang='lat' dir='ltr'><strong>quae</strong></span> <span class='ocrx_word' id='word_1_323' title='bbox 3399 1312 3626 1365; x_wconf 82' lang='lat' dir='ltr'><strong>indivise</strong></span> 
     </span>
    </p>
   </div>
   <div class='ocr_carea' id='block_1_42' title="bbox 2051 1401 3627 1480">
    <p class='ocr_par' dir='ltr' id='par_1_42' title="bbox 2051 1401 3627 1480">
     <span class='ocr_line' id='line_1_42' title="bbox 2051 1401 3627 1480; baseline -0.008 -15"><span class='ocrx_word' id='word_1_324' title='bbox 2051 1412 2249 1480; x_wconf 83' lang='lat' dir='ltr'><strong>ubique</strong></span> <span class='ocrx_word' id='word_1_325' title='bbox 2279 1418 2364 1463; x_wconf 91' lang='lat' dir='ltr'><strong>est</strong></span> <span class='ocrx_word' id='word_1_326' title='bbox 2390 1425 2404 1461; x_wconf 88' lang='lat'><strong>:</strong></span> <span class='ocrx_word' id='word_1_327' title='bbox 2437 1421 2563 1461; x_wconf 89' lang='lat' dir='ltr'><strong>nam</strong></span> <span class='ocrx_word' id='word_1_328' title='bbox 2594 1405 2817 1459; x_wconf 74' lang='lat' dir='ltr'><strong>sceleste</strong></span> <span class='ocrx_word' id='word_1_329' title='bbox 2845 1420 3042 1474; x_wconf 82' lang='lat' dir='ltr'><strong>corpus</strong></span> <span class='ocrx_word' id='word_1_330' title='bbox 3076 1406 3275 1474; x_wconf 87' lang='lat' dir='ltr'><strong>ubique</strong></span> <span class='ocrx_word' id='word_1_331' title='bbox 3301 1414 3404 1459; x_wconf 89' lang='lat' dir='ltr'><strong>est.</strong></span> <span class='ocrx_word' id='word_1_332' title='bbox 3442 1401 3627 1469; x_wconf 85' lang='lat' dir='ltr'><strong>Itaque</strong></span> 
     </span>
    </p>
   </div>
   <div class='ocr_carea' id='block_1_43' title="bbox 2051 1495 3626 1570">
    <p class='ocr_par' dir='ltr' id='par_1_43' title="bbox 2051 1495 3626 1570">
     <span class='ocr_line' id='line_1_43' title="bbox 2051 1495 3626 1570; baseline -0.008 -12"><span class='ocrx_word' id='word_1_333' title='bbox 2051 1514 2323 1570; x_wconf 83' lang='lat' dir='ltr'><strong>quatenus</strong></span> <span class='ocrx_word' id='word_1_334' title='bbox 2348 1501 2547 1567; x_wconf 90' lang='lat' dir='ltr'><strong>ubique</strong></span> <span class='ocrx_word' id='word_1_335' title='bbox 2578 1506 2681 1558; x_wconf 89' lang='lat' dir='ltr'><strong>est,</strong></span> <span class='ocrx_word' id='word_1_336' title='bbox 2716 1498 2765 1549; x_wconf 91' lang='lat' dir='ltr'><strong>id</strong></span> <span class='ocrx_word' id='word_1_337' title='bbox 2813 1497 2955 1564; x_wconf 88' lang='lat' dir='ltr'><strong>quod</strong></span> <span class='ocrx_word' id='word_1_338' title='bbox 2993 1496 3187 1565; x_wconf 84' lang='lat' dir='ltr'><strong>ubique</strong></span> <span class='ocrx_word' id='word_1_339' title='bbox 3219 1506 3323 1558; x_wconf 90' lang='lat' dir='ltr'><strong>est,</strong></span> <span class='ocrx_word' id='word_1_340' title='bbox 3363 1495 3626 1548; x_wconf 84' lang='lat' dir='ltr'><strong>imitatur.</strong></span> 
     </span>
    </p>
   </div>
   <div class='ocr_carea' id='block_1_44' title="bbox 2057 1584 3630 1655">
    <p class='ocr_par' dir='ltr' id='par_1_44' title="bbox 2057 1584 3630 1655">
     <span class='ocr_line' id='line_1_44' title="bbox 2057 1584 3630 1655; baseline -0.007 -11"><span class='ocrx_word' id='word_1_341' title='bbox 2057 1591 2399 1645; x_wconf 84' lang='lat' dir='ltr'><strong>Deteriorotn</strong></span> <span class='ocrx_word' id='word_1_342' title='bbox 2444 1588 2589 1642; x_wconf 82' lang='lat' dir='ltr'><strong>enim</strong></span> <span class='ocrx_word' id='word_1_343' title='bbox 2628 1584 2896 1655; x_wconf 82' lang='lat' dir='ltr'><strong>perfectio</strong></span> <span class='ocrx_word' id='word_1_344' title='bbox 2936 1594 3044 1646; x_wconf 89' lang='lat' dir='ltr'><strong>est,</strong></span> <span class='ocrx_word' id='word_1_345' title='bbox 3075 1585 3138 1637; x_wconf 89' lang='lat' dir='ltr'><strong>ad</strong></span> <span class='ocrx_word' id='word_1_346' title='bbox 3173 1584 3452 1651; x_wconf 76' lang='lat' dir='ltr'><strong>superiora</strong></span> <span class='ocrx_word' id='word_1_347' title='bbox 3496 1596 3630 1635; x_wconf 91' lang='lat' dir='ltr'><strong>con-</strong></span> 
     </span>
    </p>
   </div>
   <div class='ocr_carea' id='block_1_45' title="bbox 2055 1672 3627 1745">
    <p class='ocr_par' dir='ltr' id='par_1_45' title="bbox 2055 1672 3627 1745">
     <span class='ocr_line' id='line_1_45' title="bbox 2055 1672 3627 1745; baseline -0.007 -10"><span class='ocrx_word' id='word_1_348' title='bbox 2055 1680 2256 1745; x_wconf 77' lang='lat' dir='ltr'><strong>versio,</strong></span> <span class='ocrx_word' id='word_1_349' title='bbox 2305 1688 2358 1734; x_wconf 90' lang='lat' dir='ltr'><strong>et</strong></span> <span class='ocrx_word' id='word_1_350' title='bbox 2405 1694 2527 1733; x_wconf 89' lang='lat' dir='ltr'><strong>cum</strong></span> <span class='ocrx_word' id='word_1_351' title='bbox 2586 1678 2651 1731; x_wconf 94' lang='lat' dir='ltr'><strong>iis</strong></span> <span class='ocrx_word' id='word_1_352' title='bbox 2711 1676 3034 1730; x_wconf 81' lang='lat' dir='ltr'><strong>similitudo.</strong></span> <span class='ocrx_word' id='word_1_353' title='bbox 3081 1674 3162 1728; x_wconf 87' lang='lat' dir='ltr'><strong>Ad</strong></span> <span class='ocrx_word' id='word_1_354' title='bbox 3215 1674 3356 1729; x_wconf 85' lang='lat' dir='ltr'><strong>hunc</strong></span> <span class='ocrx_word' id='word_1_355' title='bbox 3410 1672 3627 1727; x_wconf 83' lang='lat' dir='ltr'><strong>modum</strong></span> 
     </span>
    </p>
   </div>
   <div class='ocr_carea' id='block_1_46' title="bbox 2058 1766 3627 1843">
    <p class='ocr_par' dir='ltr' id='par_1_46' title="bbox 2058 1766 3627 1843">
     <span class='ocr_line' id='line_1_46' title="bbox 2058 1766 3627 1843; baseline -0.007 -15"><span class='ocrx_word' id='word_1_356' title='bbox 2058 1774 2314 1843; x_wconf 84' lang='lat' dir='ltr'><strong>physicus</strong></span> <span class='ocrx_word' id='word_1_357' title='bbox 2367 1786 2395 1824; x_wconf 89' lang='lat' dir='ltr'><strong>a</strong></span> <span class='ocrx_word' id='word_1_358' title='bbox 2460 1785 2641 1824; x_wconf 87' lang='lat' dir='ltr'><strong>rerum</strong></span> <span class='ocrx_word' id='word_1_359' title='bbox 2692 1768 3024 1821; x_wconf 86' lang='lat' dir='ltr'><strong>naturalium</strong></span> <span class='ocrx_word' id='word_1_360' title='bbox 3081 1766 3282 1825; x_wconf 87' lang='lat' dir='ltr'><strong>forma,</strong></span> <span class='ocrx_word' id='word_1_361' title='bbox 3345 1766 3627 1819; x_wconf 82' lang='lat' dir='ltr'><strong>materiam</strong></span> 
     </span>
    </p>
   </div>
   <div class='ocr_carea' id='block_1_47' title="bbox 2056 1857 3633 1938">
    <p class='ocr_par' dir='ltr' id='par_1_47' title="bbox 2056 1857 3633 1938">
     <span class='ocr_line' id='line_1_47' title="bbox 2056 1857 3633 1938; baseline -0.006 -19"><span class='ocrx_word' id='word_1_362' title='bbox 2056 1875 2109 1920; x_wconf 92' lang='lat' dir='ltr'><strong>et</strong></span> <span class='ocrx_word' id='word_1_363' title='bbox 2142 1878 2362 1918; x_wconf 81' lang='lat' dir='ltr'><strong>causam</strong></span> <span class='ocrx_word' id='word_1_364' title='bbox 2412 1861 2687 1925; x_wconf 86' lang='lat' dir='ltr'><strong>ostendet,</strong></span> <span class='ocrx_word' id='word_1_365' title='bbox 2739 1860 2927 1925; x_wconf 88' lang='lat' dir='ltr'><strong>sicque</strong></span> <span class='ocrx_word' id='word_1_366' title='bbox 2976 1857 3369 1938; x_wconf 78' lang='lat' dir='ltr'><strong>deﬁnitionem,</strong></span> <span class='ocrx_word' id='word_1_367' title='bbox 3400 1871 3633 1926; x_wconf 88' lang='lat' dir='ltr'><strong>eamque</strong></span> 
     </span>
    </p>
   </div>
   <div class='ocr_carea' id='block_1_48' title="bbox 2056 1942 3707 2016">
    <p class='ocr_par' dir='ltr' id='par_1_48' title="bbox 2056 1942 3707 2016">
     <span class='ocr_line' id='line_1_48' title="bbox 2056 1942 3707 2016; baseline -0.005 -6"><span class='ocrx_word' id='word_1_368' title='bbox 2056 1972 2120 2010; x_wconf 76' lang='lat' dir='ltr'><strong>ex</strong></span> <span class='ocrx_word' id='word_1_369' title='bbox 2148 1954 2400 2016; x_wconf 85' lang='lat' dir='ltr'><strong>materia,</strong></span> <span class='ocrx_word' id='word_1_370' title='bbox 2428 1954 2598 2006; x_wconf 86' lang='lat' dir='ltr'><strong>forma</strong></span> <span class='ocrx_word' id='word_1_371' title='bbox 2634 1960 2689 2004; x_wconf 90' lang='lat' dir='ltr'><strong>et</strong></span> <span class='ocrx_word' id='word_1_372' title='bbox 2718 1964 2883 2005; x_wconf 86' lang='lat' dir='ltr'><strong>causa</strong></span> <span class='ocrx_word' id='word_1_373' title='bbox 2913 1949 3184 2003; x_wconf 80' lang='lat' dir='ltr'><strong>videlicet.</strong></span> <span class='ocrx_word' id='word_1_374' title='bbox 3212 1946 3419 2002; x_wconf 79' lang='lat' dir='ltr'><strong>Artifex</strong></span> <span class='ocrx_word' id='word_1_375' title='bbox 3450 1959 3629 2003; x_wconf 88' lang='lat' dir='ltr'><strong>autem</strong></span> <span class='ocrx_word' id='word_1_376' title='bbox 3702 1942 3707 1948; x_wconf 82' lang='grc'><strong>’</strong></span> 
     </span>
    </p>
   </div>
   <div class='ocr_carea' id='block_1_49' title="bbox 2057 2042 3636 2117">
    <p class='ocr_par' dir='ltr' id='par_1_49' title="bbox 2057 2042 3636 2117">
     <span class='ocr_line' id='line_1_49' title="bbox 2057 2042 3636 2117; baseline -0.003 -16"><span class='ocrx_word' id='word_1_377' title='bbox 2057 2047 2401 2117; x_wconf 86' lang='lat' dir='ltr'><strong>particularis</strong></span> <span class='ocrx_word' id='word_1_378' title='bbox 2427 2047 2479 2101; x_wconf 94' lang='lat' dir='ltr'><strong>in</strong></span> <span class='ocrx_word' id='word_1_379' title='bbox 2510 2046 2702 2100; x_wconf 89' lang='lat' dir='ltr'><strong>iisdem</strong></span> <span class='ocrx_word' id='word_1_380' title='bbox 2736 2044 2902 2099; x_wconf 89' lang='lat' dir='ltr'><strong>rebus</strong></span> <span class='ocrx_word' id='word_1_381' title='bbox 2926 2053 3197 2108; x_wconf 81' lang='lat' dir='ltr'><strong>versatur,</strong></span> <span class='ocrx_word' id='word_1_382' title='bbox 3232 2044 3326 2097; x_wconf 85' lang='lat' dir='ltr'><strong>sed</strong></span> <span class='ocrx_word' id='word_1_383' title='bbox 3351 2057 3385 2097; x_wconf 89' lang='lat' dir='ltr'><strong>a</strong></span> <span class='ocrx_word' id='word_1_384' title='bbox 3411 2042 3636 2113; x_wconf 77' lang='lat' dir='ltr'><strong>physico</strong></span> 
     </span>
    </p>
   </div>
   <div class='ocr_carea' id='block_1_50' title="bbox 2057 2134 3668 2208">
    <p class='ocr_par' dir='ltr' id='par_1_50' title="bbox 2057 2134 3668 2208">
     <span class='ocr_line' id='line_1_50' title="bbox 2057 2134 3668 2208; baseline -0.004 -14"><span class='ocrx_word' id='word_1_385' title='bbox 2057 2140 2466 2208; x_wconf 74' lang='lat' dir='ltr'><strong>diﬂ‘ert,quiain</strong></span> <span class='ocrx_word' id='word_1_386' title='bbox 2487 2137 2806 2205; x_wconf 85' lang='lat' dir='ltr'><strong>particulari</strong></span> <span class='ocrx_word' id='word_1_387' title='bbox 2839 2136 3090 2204; x_wconf 84' lang='lat' dir='ltr'><strong>quapiam</strong></span> <span class='ocrx_word' id='word_1_388' title='bbox 3122 2150 3213 2200; x_wconf 89' lang='lat' dir='ltr'><strong>re;</strong></span> <span class='ocrx_word' id='word_1_389' title='bbox 3234 2144 3294 2188; x_wconf 92' lang='lat' dir='ltr'><strong>ut</strong></span> <span class='ocrx_word' id='word_1_390' title='bbox 3316 2134 3556 2189; x_wconf 85' lang='lat' dir='ltr'><strong>medicus</strong></span> <span class='ocrx_word' id='word_1_391' title='bbox 3580 2137 3636 2188; x_wconf 85' lang='lat' dir='ltr'><strong>in</strong></span> <span class='ocrx_word' id='word_1_392' title='bbox 3665 2150 3668 2153; x_wconf 70' lang='lat'><strong>&#39;</strong></span> 
     </span>
    </p>
   </div>
   <div class='ocr_carea' id='block_1_51' title="bbox 2062 2226 3635 2299">
    <p class='ocr_par' dir='ltr' id='par_1_51' title="bbox 2062 2226 3635 2299">
     <span class='ocr_line' id='line_1_51' title="bbox 2062 2226 3635 2299; baseline -0.006 -13"><span class='ocrx_word' id='word_1_393' title='bbox 2062 2232 2312 2287; x_wconf 86' lang='lat' dir='ltr'><strong>humanis</strong></span> <span class='ocrx_word' id='word_1_394' title='bbox 2338 2230 2657 2299; x_wconf 87' lang='lat' dir='ltr'><strong>corporibus</strong></span> <span class='ocrx_word' id='word_1_395' title='bbox 2694 2227 2976 2289; x_wconf 89' lang='lat' dir='ltr'><strong>curandis,</strong></span> <span class='ocrx_word' id='word_1_396' title='bbox 3019 2229 3165 2282; x_wconf 87' lang='lat' dir='ltr'><strong>circa</strong></span> <span class='ocrx_word' id='word_1_397' title='bbox 3191 2227 3396 2293; x_wconf 86' lang='lat' dir='ltr'><strong>lapides</strong></span> <span class='ocrx_word' id='word_1_398' title='bbox 3416 2236 3469 2280; x_wconf 89' lang='lat' dir='ltr'><strong>et</strong></span> <span class='ocrx_word' id='word_1_399' title='bbox 3494 2226 3635 2295; x_wconf 76' lang='lat' dir='ltr'><strong>ligna</strong></span> 
     </span>
    </p>
   </div>
   <div class='ocr_carea' id='block_1_52' title="bbox 2061 2317 3638 2388">
    <p class='ocr_par' dir='ltr' id='par_1_52' title="bbox 2061 2317 3638 2388">
     <span class='ocr_line' id='line_1_52' title="bbox 2061 2317 3638 2388; baseline -0.007 -8"><span class='ocrx_word' id='word_1_400' title='bbox 2061 2323 2441 2380; x_wconf 70' lang='lat' dir='ltr'><strong>casmentarius</strong></span> <span class='ocrx_word' id='word_1_401' title='bbox 2463 2331 2518 2377; x_wconf 90' lang='lat' dir='ltr'><strong>et</strong></span> <span class='ocrx_word' id='word_1_402' title='bbox 2546 2318 2892 2375; x_wconf 86' lang='lat' dir='ltr'><strong>materiarius</strong></span> <span class='ocrx_word' id='word_1_403' title='bbox 2917 2338 2930 2372; x_wconf 93' lang='lat'>:</span> <span class='ocrx_word' id='word_1_404' title='bbox 2958 2333 3079 2388; x_wconf 66' lang='lat' dir='ltr'><strong>qua)</strong></span> <span class='ocrx_word' id='word_1_405' title='bbox 3108 2327 3284 2371; x_wconf 92' lang='lat' dir='ltr'><strong>tamen</strong></span> <span class='ocrx_word' id='word_1_406' title='bbox 3311 2318 3474 2371; x_wconf 87' lang='lat' dir='ltr'><strong>etiam</strong></span> <span class='ocrx_word' id='word_1_407' title='bbox 3505 2317 3638 2371; x_wconf 84' lang='lat' dir='ltr'><strong>deti-</strong></span> 
     </span>
    </p>
   </div>
   <div class='ocr_carea' id='block_1_53' title="bbox 2060 2408 3636 2479">
    <p class='ocr_par' dir='ltr' id='par_1_53' title="bbox 2060 2408 3636 2479">
     <span class='ocr_line' id='line_1_53' title="bbox 2060 2408 3636 2479; baseline -0.002 -13"><span class='ocrx_word' id='word_1_408' title='bbox 2060 2415 2343 2475; x_wconf 87' lang='lat' dir='ltr'><strong>nitionem,</strong></span> <span class='ocrx_word' id='word_1_409' title='bbox 2383 2420 2656 2479; x_wconf 77' lang='lat' dir='ltr'><strong>assumpta</strong></span> <span class='ocrx_word' id='word_1_410' title='bbox 2682 2408 2874 2475; x_wconf 90' lang='lat' dir='ltr'><strong>forma,</strong></span> <span class='ocrx_word' id='word_1_411' title='bbox 2905 2409 3125 2464; x_wconf 86' lang='lat' dir='ltr'><strong>materia</strong></span> <span class='ocrx_word' id='word_1_412' title='bbox 3153 2417 3209 2463; x_wconf 84' lang='lat' dir='ltr'><strong>et</strong></span> <span class='ocrx_word' id='word_1_413' title='bbox 3241 2423 3428 2475; x_wconf 87' lang='lat' dir='ltr'><strong>causa,</strong></span> <span class='ocrx_word' id='word_1_414' title='bbox 3463 2408 3636 2463; x_wconf 87' lang='lat' dir='ltr'><strong>dabit.</strong></span> 
     </span>
    </p>
   </div>
   <div class='ocr_carea' id='block_1_54' title="bbox 2136 2501 3639 2569">
    <p class='ocr_par' dir='ltr' id='par_1_54' title="bbox 2136 2501 3639 2569">
     <span class='ocr_line' id='line_1_54' title="bbox 2136 2501 3639 2569; baseline -0.005 -10"><span class='ocrx_word' id='word_1_415' title='bbox 2136 2506 2271 2559; x_wconf 72' lang='lat' dir='ltr'><strong>Vera</strong></span> <span class='ocrx_word' id='word_1_416' title='bbox 2324 2514 2409 2557; x_wconf 88' lang='lat' dir='ltr'><strong>est</strong></span> <span class='ocrx_word' id='word_1_417' title='bbox 2486 2502 2811 2565; x_wconf 79' lang='lat' dir='ltr'><strong>Aristotelis,</strong></span> <span class='ocrx_word' id='word_1_418' title='bbox 2850 2502 2916 2557; x_wconf 88' lang='lat' dir='ltr'><strong>de</strong></span> <span class='ocrx_word' id='word_1_419' title='bbox 2971 2504 3144 2556; x_wconf 86' lang='lat' dir='ltr'><strong>tribus</strong></span> <span class='ocrx_word' id='word_1_420' title='bbox 3197 2503 3396 2556; x_wconf 89' lang='lat' dir='ltr'><strong>mentis</strong></span> <span class='ocrx_word' id='word_1_421' title='bbox 3438 2501 3639 2569; x_wconf 81' lang='lat' dir='ltr'><strong>signiti-</strong></span> 
     </span>
    </p>
   </div>
   <div class='ocr_carea' id='block_1_55' title="bbox 2063 2592 3685 2655">
    <p class='ocr_par' dir='ltr' id='par_1_55' title="bbox 2063 2592 3685 2655">
     <span class='ocr_line' id='line_1_55' title="bbox 2063 2592 3685 2655; baseline -0.001 -7"><span class='ocrx_word' id='word_1_422' title='bbox 2063 2595 2199 2648; x_wconf 89' lang='lat' dir='ltr'><strong>catis</strong></span> <span class='ocrx_word' id='word_1_423' title='bbox 2256 2594 2548 2655; x_wconf 87' lang='lat' dir='ltr'><strong>sententia,</strong></span> <span class='ocrx_word' id='word_1_424' title='bbox 2593 2592 2682 2647; x_wconf 89' lang='lat' dir='ltr'><strong>cui</strong></span> <span class='ocrx_word' id='word_1_425' title='bbox 2734 2593 2897 2647; x_wconf 89' lang='lat' dir='ltr'><strong>etiam</strong></span> <span class='ocrx_word' id='word_1_426' title='bbox 2943 2592 3234 2647; x_wconf 81' lang='lat' dir='ltr'><strong>subscribit</strong></span> <span class='ocrx_word' id='word_1_427' title='bbox 3296 2593 3638 2647; x_wconf 82' lang='lat' dir='ltr'><strong>Ammonius.</strong></span> <span class='ocrx_word' id='word_1_428' title='bbox 3680 2623 3685 2627; x_wconf 84' lang='lat'><strong>-</strong></span> 
     </span>
    </p>
   </div>
   <div class='ocr_carea' id='block_1_56' title="bbox 2065 2682 3638 2751">
    <p class='ocr_par' dir='ltr' id='par_1_56' title="bbox 2065 2682 3638 2751">
     <span class='ocr_line' id='line_1_56' title="bbox 2065 2682 3638 2751; baseline -0.001 -13"><span class='ocrx_word' id='word_1_429' title='bbox 2065 2683 2189 2741; x_wconf 71' lang='lat' dir='ltr'><strong>Hinc</strong></span> <span class='ocrx_word' id='word_1_430' title='bbox 2238 2695 2418 2740; x_wconf 88' lang='lat' dir='ltr'><strong>autem</strong></span> <span class='ocrx_word' id='word_1_431' title='bbox 2473 2695 2578 2738; x_wconf 88' lang='lat' dir='ltr'><strong>est.</strong></span> <span class='ocrx_word' id='word_1_432' title='bbox 2630 2683 2845 2737; x_wconf 89' lang='lat' dir='ltr'><strong>Primus</strong></span> <span class='ocrx_word' id='word_1_433' title='bbox 2895 2682 3229 2751; x_wconf 76' lang='lat' dir='ltr'><strong>significatus</strong></span> <span class='ocrx_word' id='word_1_434' title='bbox 3278 2684 3473 2736; x_wconf 80' lang='lat' dir='ltr'><strong>mentis</strong></span> <span class='ocrx_word' id='word_1_435' title='bbox 3534 2690 3638 2743; x_wconf 89' lang='lat' dir='ltr'><strong>est.</strong></span> 
     </span>
    </p>
   </div>
   <div class='ocr_carea' id='block_1_57' title="bbox 2065 2774 3639 2844">
    <p class='ocr_par' dir='ltr' id='par_1_57' title="bbox 2065 2774 3639 2844">
     <span class='ocr_line' id='line_1_57' title="bbox 2065 2774 3639 2844; baseline -0.001 -17"><span class='ocrx_word' id='word_1_436' title='bbox 2065 2786 2124 2828; x_wconf 84' lang='grc' dir='ltr'>ιιι</span> <span class='ocrx_word' id='word_1_437' title='bbox 2172 2782 2439 2844; x_wconf 86' lang='lat' dir='ltr'><strong>potestate</strong></span> <span class='ocrx_word' id='word_1_438' title='bbox 2474 2788 2561 2828; x_wconf 88' lang='lat' dir='ltr'><strong>res</strong></span> <span class='ocrx_word' id='word_1_439' title='bbox 2597 2782 2908 2842; x_wconf 78' lang='lat' dir='ltr'><strong>cognoscat,</strong></span> <span class='ocrx_word' id='word_1_440' title='bbox 2970 2774 3144 2839; x_wconf 83' lang='lat' dir='ltr'><strong>qualis</strong></span> <span class='ocrx_word' id='word_1_441' title='bbox 3186 2774 3238 2827; x_wconf 91' lang='lat' dir='ltr'><strong>in</strong></span> <span class='ocrx_word' id='word_1_442' title='bbox 3292 2774 3471 2841; x_wconf 89' lang='lat' dir='ltr'><strong>pueris</strong></span> <span class='ocrx_word' id='word_1_443' title='bbox 3534 2782 3639 2827; x_wconf 77' lang='lat' dir='ltr'><strong>est.</strong></span> 
     </span>
    </p>
   </div>
   <div class='ocr_carea' id='block_1_58' title="bbox 2067 2860 3645 2932">
    <p class='ocr_par' dir='ltr' id='par_1_58' title="bbox 2067 2860 3645 2932">
     <span class='ocr_line' id='line_1_58' title="bbox 2067 2860 3645 2932; baseline -0.001 -16"><span class='ocrx_word' id='word_1_444' title='bbox 2067 2861 2347 2917; x_wconf 88' lang='lat' dir='ltr'><strong>Secundus</strong></span> <span class='ocrx_word' id='word_1_445' title='bbox 2378 2860 2734 2932; x_wconf 66' lang='lat' dir='ltr'><strong>significatus,</strong></span> <span class='ocrx_word' id='word_1_446' title='bbox 2796 2874 2947 2914; x_wconf 87' lang='lat' dir='ltr'><strong>mens</strong></span> <span class='ocrx_word' id='word_1_447' title='bbox 2990 2871 3094 2925; x_wconf 90' lang='lat' dir='ltr'><strong>est,</strong></span> <span class='ocrx_word' id='word_1_448' title='bbox 3142 2876 3263 2929; x_wconf 67' lang='lat' dir='ltr'><strong>qua:</strong></span> <span class='ocrx_word' id='word_1_449' title='bbox 3312 2862 3495 2915; x_wconf 88' lang='lat' dir='ltr'><strong>habitu</strong></span> <span class='ocrx_word' id='word_1_450' title='bbox 3557 2875 3645 2915; x_wconf 85' lang='lat' dir='ltr'><strong>res</strong></span> 
     </span>
    </p>
   </div>
   <div class='ocr_carea' id='block_1_59' title="bbox 2066 2949 3648 3020">
    <p class='ocr_par' dir='ltr' id='par_1_59' title="bbox 2066 2949 3648 3020">
     <span class='ocr_line' id='line_1_59' title="bbox 2066 2949 3648 3020; baseline -0.001 -15"><span class='ocrx_word' id='word_1_451' title='bbox 2066 2952 2236 3016; x_wconf 88' lang='lat' dir='ltr'><strong>novit,</strong></span> <span class='ocrx_word' id='word_1_452' title='bbox 2277 2961 2336 3006; x_wconf 93' lang='lat' dir='ltr'><strong>ut</strong></span> <span class='ocrx_word' id='word_1_453' title='bbox 2368 2951 2421 3005; x_wconf 90' lang='lat' dir='ltr'><strong>in</strong></span> <span class='ocrx_word' id='word_1_454' title='bbox 2475 2949 2693 3011; x_wconf 89' lang='lat' dir='ltr'><strong>adultis,</strong></span> <span class='ocrx_word' id='word_1_455' title='bbox 2722 2949 2814 3017; x_wconf 91' lang='lat' dir='ltr'><strong>qui</strong></span> <span class='ocrx_word' id='word_1_456' title='bbox 2843 2963 2929 3003; x_wconf 89' lang='lat' dir='ltr'><strong>res</strong></span> <span class='ocrx_word' id='word_1_457' title='bbox 2961 2949 3179 3019; x_wconf 83' lang='lat' dir='ltr'><strong>quidem</strong></span> <span class='ocrx_word' id='word_1_458' title='bbox 3212 2950 3413 3013; x_wconf 90' lang='lat' dir='ltr'><strong>sciunt,</strong></span> <span class='ocrx_word' id='word_1_459' title='bbox 3449 2960 3504 3003; x_wconf 89' lang='lat' dir='ltr'><strong>at</strong></span> <span class='ocrx_word' id='word_1_460' title='bbox 3526 2951 3648 3020; x_wconf 87' lang='lat' dir='ltr'><strong>qui—</strong></span> 
     </span>
    </p>
   </div>
   <div class='ocr_carea' id='block_1_60' title="bbox 2069 3039 3647 3112">
    <p class='ocr_par' dir='ltr' id='par_1_60' title="bbox 2069 3039 3647 3112">
     <span class='ocr_line' id='line_1_60' title="bbox 2069 3039 3647 3112; baseline -0.001 -15"><span class='ocrx_word' id='word_1_461' title='bbox 2069 3052 2278 3107; x_wconf 86' lang='lat' dir='ltr'><strong>escunt,</strong></span> <span class='ocrx_word' id='word_1_462' title='bbox 2314 3056 2485 3110; x_wconf 88' lang='lat' dir='ltr'><strong>neque</strong></span> <span class='ocrx_word' id='word_1_463' title='bbox 2504 3039 2800 3096; x_wconf 87' lang='lat' dir='ltr'><strong>secundum</strong></span> <span class='ocrx_word' id='word_1_464' title='bbox 2825 3055 2919 3095; x_wconf 83' lang='lat' dir='ltr'><strong>eas</strong></span> <span class='ocrx_word' id='word_1_465' title='bbox 2963 3050 3150 3108; x_wconf 81' lang='lat' dir='ltr'><strong>agunt.</strong></span> <span class='ocrx_word' id='word_1_466' title='bbox 3214 3040 3428 3095; x_wconf 87' lang='lat' dir='ltr'><strong>Tertius</strong></span> <span class='ocrx_word' id='word_1_467' title='bbox 3477 3042 3647 3112; x_wconf 76' lang='lat' dir='ltr'><strong>signi-</strong></span> 
     </span>
    </p>
   </div>
   <div class='ocr_carea' id='block_1_61' title="bbox 394 3127 2143 3225">
    <p class='ocr_par' dir='ltr' id='par_1_61' title="bbox 394 3127 2139 3225">
     <span class='ocr_line' id='line_1_61' title="bbox 394 3127 2139 3225; baseline -0.009 -32"><span class='ocrx_word' id='word_1_468' title='bbox 394 3141 638 3210; x_wconf 78' lang='grc' dir='ltr'>μούντων</span> <span class='ocrx_word' id='word_1_469' title='bbox 661 3140 717 3191; x_wconf 80' lang='grc' dir='ltr'>δὲ</span> <span class='ocrx_word' id='word_1_470' title='bbox 747 3139 839 3189; x_wconf 70' lang='grc' dir='ltr'><strong>καὶ</strong></span> <span class='ocrx_word' id='word_1_471' title='bbox 864 3137 939 3206; x_wconf 80' lang='grc' dir='ltr'>μὴ</span> <span class='ocrx_word' id='word_1_472' title='bbox 964 3134 1335 3204; x_wconf 81' lang='grc' dir='ltr'>ἐνεργούντων</span> <span class='ocrx_word' id='word_1_473' title='bbox 1364 3131 1509 3183; x_wconf 66' lang='grc' dir='ltr'>κατὰ</span> <span class='ocrx_word' id='word_1_474' title='bbox 1539 3128 1735 3183; x_wconf 88' lang='grc' dir='ltr'>ταῦτα.</span> <span class='ocrx_word' id='word_1_475' title='bbox 1773 3127 1969 3198; x_wconf 85' lang='grc' dir='ltr'>Τρίτον</span> <span class='ocrx_word' id='word_1_476' title='bbox 1995 3171 2036 3225; x_wconf 75' lang='lat' dir='ltr'><strong>C</strong></span> <span class='ocrx_word' id='word_1_477' title='bbox 2073 3133 2139 3187; x_wconf 81' lang='lat' dir='ltr'><strong>nc</strong></span> 
     </span>
    </p>
   </div>
   <div class='ocr_carea' id='block_1_62' title="bbox 1893 3127 3642 3225">
    <p class='ocr_par' dir='ltr' id='par_1_62' title="bbox 1893 3131 3642 3225">
     <span class='ocr_line' id='line_1_62' title="bbox 1893 3131 3642 3225; baseline 0.001 -40"><span class='ocrx_word' id='word_1_478' title='bbox 1893 3144 1969 3180; x_wconf 75' lang='grc' dir='ltr'><strong>εον</strong></span> <span class='ocrx_word' id='word_1_479' title='bbox 1995 3171 2036 3225; x_wconf 74' lang='lat' dir='ltr'><strong>C</strong></span> <span class='ocrx_word' id='word_1_480' title='bbox 2073 3133 2283 3198; x_wconf 85' lang='lat' dir='ltr'><strong>ticatus,</strong></span> <span class='ocrx_word' id='word_1_481' title='bbox 2314 3147 2468 3187; x_wconf 88' lang='lat' dir='ltr'><strong>mens</strong></span> <span class='ocrx_word' id='word_1_482' title='bbox 2520 3140 2628 3196; x_wconf 86' lang='lat' dir='ltr'><strong>est,</strong></span> <span class='ocrx_word' id='word_1_483' title='bbox 2670 3146 2776 3185; x_wconf 91' lang='lat' dir='ltr'><strong>non</strong></span> <span class='ocrx_word' id='word_1_484' title='bbox 2837 3146 2959 3201; x_wconf 73' lang='lat' dir='ltr'><strong>qua:</strong></span> <span class='ocrx_word' id='word_1_485' title='bbox 3005 3133 3349 3187; x_wconf 70' lang='lat' dir='ltr'><strong>extrinsecus</strong></span> <span class='ocrx_word' id='word_1_486' title='bbox 3402 3131 3642 3197; x_wconf 86' lang='lat' dir='ltr'><strong>advenit,</strong></span> 
     </span>
    </p>
   </div>
   <div class='ocr_carea' id='block_1_63' title="bbox 394 3219 1962 3301">
    <p class='ocr_par' dir='ltr' id='par_1_63' title="bbox 394 3219 1962 3301">
     <span class='ocr_line' id='line_1_63' title="bbox 394 3219 1962 3301; baseline -0.008 -17"><span class='ocrx_word' id='word_1_487' title='bbox 394 3230 792 3301; x_wconf 75' lang='grc' dir='ltr'>σημαινόμενόν</span> <span class='ocrx_word' id='word_1_488' title='bbox 840 3229 1026 3281; x_wconf 74' lang='grc' dir='ltr'>ἐστιν·</span> <span class='ocrx_word' id='word_1_489' title='bbox 1080 3226 1108 3277; x_wconf 88' lang='lat'><strong>6</strong></span> <span class='ocrx_word' id='word_1_490' title='bbox 1139 3224 1263 3288; x_wconf 87' lang='grc' dir='ltr'>νοῦς</span> <span class='ocrx_word' id='word_1_491' title='bbox 1297 3224 1395 3295; x_wconf 80' lang='grc' dir='ltr'>οὐχ</span> <span class='ocrx_word' id='word_1_492' title='bbox 1422 3225 1449 3276; x_wconf 91' lang='lat'><strong>6</strong></span> <span class='ocrx_word' id='word_1_493' title='bbox 1496 3221 1732 3291; x_wconf 81' lang='grc' dir='ltr'>θύραθεν</span> <span class='ocrx_word' id='word_1_494' title='bbox 1759 3219 1962 3283; x_wconf 72' lang='grc' dir='ltr'>εἰσιὼν,</span> 
     </span>
    </p>
   </div>
   <div class='ocr_carea' id='block_1_64' title="bbox 396 3312 1967 3384">
    <p class='ocr_par' dir='ltr' id='par_1_64' title="bbox 396 3312 1967 3384">
     <span class='ocr_line' id='line_1_64' title="bbox 396 3312 1967 3384; baseline -0.007 -10"><span class='ocrx_word' id='word_1_495' title='bbox 396 3323 471 3384; x_wconf 77' lang='grc' dir='ltr'>ὡς</span> <span class='ocrx_word' id='word_1_496' title='bbox 504 3324 701 3373; x_wconf 73' lang='grc' dir='ltr'>ἐκεῖνοι</span> <span class='ocrx_word' id='word_1_497' title='bbox 730 3319 965 3372; x_wconf 72' lang='grc' dir='ltr'>οἴονται·</span> <span class='ocrx_word' id='word_1_498' title='bbox 1018 3316 1133 3369; x_wconf 85' lang='grc' dir='ltr'>ἀλλ’</span> <span class='ocrx_word' id='word_1_499' title='bbox 1160 3317 1188 3367; x_wconf 92' lang='lat'><strong>6</strong></span> <span class='ocrx_word' id='word_1_500' title='bbox 1226 3315 1351 3367; x_wconf 84' lang='grc' dir='ltr'>καθ’</span> <span class='ocrx_word' id='word_1_501' title='bbox 1381 3314 1493 3378; x_wconf 78' lang='grc' dir='ltr'>ἕξιν</span> <span class='ocrx_word' id='word_1_502' title='bbox 1536 3315 1654 3380; x_wconf 79' lang='grc' dir='ltr'><strong>ἅμα</strong></span> <span class='ocrx_word' id='word_1_503' title='bbox 1688 3313 1779 3366; x_wconf 80' lang='grc' dir='ltr'><strong>καὶ</strong></span> <span class='ocrx_word' id='word_1_504' title='bbox 1814 3312 1967 3380; x_wconf 80' lang='grc' dir='ltr'>ἐνέρ-</span> 
     </span>
    </p>
   </div>
   <div class='ocr_carea' id='block_1_65' title="bbox 394 3402 1968 3478">
    <p class='ocr_par' dir='ltr' id='par_1_65' title="bbox 394 3402 1968 3478">
     <span class='ocr_line' id='line_1_65' title="bbox 394 3402 1968 3478; baseline -0.004 -16"><span class='ocrx_word' id='word_1_505' title='bbox 394 3428 572 3476; x_wconf 84' lang='grc' dir='ltr'>γειαν,</span> <span class='ocrx_word' id='word_1_506' title='bbox 602 3410 790 3478; x_wconf 77' lang='grc' dir='ltr'>ὣσπερ</span> <span class='ocrx_word' id='word_1_507' title='bbox 826 3409 852 3459; x_wconf 89' lang='lat'><strong>6</strong></span> <span class='ocrx_word' id='word_1_508' title='bbox 900 3406 1006 3457; x_wconf 75' lang='grc' dir='ltr'><strong>ἰῶν</strong></span> <span class='ocrx_word' id='word_1_509' title='bbox 1039 3404 1264 3457; x_wconf 83' lang='grc' dir='ltr'>τελείων</span> <span class='ocrx_word' id='word_1_510' title='bbox 1311 3403 1435 3465; x_wconf 89' lang='grc' dir='ltr'>νοῦς</span> <span class='ocrx_word' id='word_1_511' title='bbox 1481 3402 1590 3457; x_wconf 91' lang='grc' dir='ltr'><strong>τῶν</strong></span> <span class='ocrx_word' id='word_1_512' title='bbox 1626 3402 1846 3455; x_wconf 78' lang='grc' dir='ltr'>εἰδότων</span> <span class='ocrx_word' id='word_1_513' title='bbox 1900 3403 1968 3455; x_wconf 72' lang='grc' dir='ltr'>τὰ</span> 
     </span>
    </p>
   </div>
   <div class='ocr_carea' id='block_1_66' title="bbox 395 3496 1968 3569">
    <p class='ocr_par' dir='ltr' id='par_1_66' title="bbox 395 3496 1968 3569">
     <span class='ocr_line' id='line_1_66' title="bbox 395 3496 1968 3569; baseline -0.003 -16"><span class='ocrx_word' id='word_1_514' title='bbox 395 3502 717 3569; x_wconf 70' lang='grc' dir='ltr'>πράγματα.</span> <span class='ocrx_word' id='word_1_515' title='bbox 780 3499 873 3551; x_wconf 71' lang='grc' dir='ltr'><strong>καὶ</strong></span> <span class='ocrx_word' id='word_1_516' title='bbox 918 3498 1418 3567; x_wconf 77' lang='grc' dir='ltr'>προχειριζομένων</span> <span class='ocrx_word' id='word_1_517' title='bbox 1473 3496 1570 3567; x_wconf 75' lang='grc' dir='ltr'><strong>τὴν</strong></span> <span class='ocrx_word' id='word_1_518' title='bbox 1603 3496 1830 3565; x_wconf 74' lang='grc' dir='ltr'>εἴδησιν,</span> <span class='ocrx_word' id='word_1_519' title='bbox 1873 3498 1968 3549; x_wconf 81' lang='grc' dir='ltr'>καὶ</span> 
     </span>
    </p>
   </div>
   <div class='ocr_carea' id='block_1_67' title="bbox 395 3588 1965 3658">
    <p class='ocr_par' dir='ltr' id='par_1_67' title="bbox 395 3588 1965 3658">
     <span class='ocr_line' id='line_1_67' title="bbox 395 3588 1965 3658; baseline -0.001 -17"><span class='ocrx_word' id='word_1_520' title='bbox 395 3588 757 3658; x_wconf 71' lang='grc' dir='ltr'>ἐνεργούντων</span> <span class='ocrx_word' id='word_1_521' title='bbox 785 3588 906 3641; x_wconf 80' lang='grc' dir='ltr'>κατ’</span> <span class='ocrx_word' id='word_1_522' title='bbox 946 3589 1138 3656; x_wconf 86' lang='grc' dir='ltr'>αὐτήν.</span> <span class='ocrx_word' id='word_1_523' title='bbox 1184 3588 1291 3639; x_wconf 64' lang='grc' dir='ltr'><strong>Καὶ</strong></span> <span class='ocrx_word' id='word_1_524' title='bbox 1324 3588 1392 3639; x_wconf 74' lang='grc' dir='ltr'>τὰ</span> <span class='ocrx_word' id='word_1_525' title='bbox 1447 3588 1546 3655; x_wconf 81' lang='grc' dir='ltr'><strong>μὲν</strong></span> <span class='ocrx_word' id='word_1_526' title='bbox 1584 3590 1965 3657; x_wconf 70' lang='grc' dir='ltr'>σημαινόμενα</span> 
     </span>
    </p>
   </div>
   <div class='ocr_carea' id='block_1_68' title="bbox 396 3677 1968 3749">
    <p class='ocr_par' dir='ltr' id='par_1_68' title="bbox 396 3677 1968 3749">
     <span class='ocr_line' id='line_1_68' title="bbox 396 3677 1968 3749; baseline -0.001 -15"><span class='ocrx_word' id='word_1_527' title='bbox 396 3683 488 3734; x_wconf 79' lang='grc' dir='ltr'><strong>τοῦ</strong></span> <span class='ocrx_word' id='word_1_528' title='bbox 518 3682 630 3746; x_wconf 86' lang='grc' dir='ltr'>νοῦ,</span> <span class='ocrx_word' id='word_1_529' title='bbox 662 3680 802 3732; x_wconf 84' lang='grc' dir='ltr'>κατὰ</span> <span class='ocrx_word' id='word_1_530' title='bbox 842 3680 1219 3749; x_wconf 78' lang='grc' dir='ltr'>Ἀριστοτέλην</span> <span class='ocrx_word' id='word_1_531' title='bbox 1246 3677 1442 3744; x_wconf 87' lang='grc' dir='ltr'>ταῦτα,</span> <span class='ocrx_word' id='word_1_532' title='bbox 1469 3680 1551 3731; x_wconf 81' lang='grc' dir='ltr'><strong>ὅτι</strong></span> <span class='ocrx_word' id='word_1_533' title='bbox 1578 3679 1859 3741; x_wconf 84' lang='grc' dir='ltr'>Πλάτωνος</span> <span class='ocrx_word' id='word_1_534' title='bbox 1883 3682 1968 3732; x_wconf 80' lang='grc' dir='ltr'>λέ-</span> 
     </span>
    </p>
   </div>
   <div class='ocr_carea' id='block_1_69' title="bbox 395 3769 1973 3842">
    <p class='ocr_par' dir='ltr' id='par_1_69' title="bbox 395 3769 1973 3842">
     <span class='ocr_line' id='line_1_69' title="bbox 395 3769 1973 3842; baseline -0.002 -17"><span class='ocrx_word' id='word_1_535' title='bbox 395 3790 583 3841; x_wconf 83' lang='grc' dir='ltr'>γοντος</span> <span class='ocrx_word' id='word_1_536' title='bbox 617 3772 711 3842; x_wconf 79' lang='grc' dir='ltr'><strong>τὴν</strong></span> <span class='ocrx_word' id='word_1_537' title='bbox 746 3770 920 3840; x_wconf 82' lang='grc' dir='ltr'>ψυχὴν</span> <span class='ocrx_word' id='word_1_538' title='bbox 963 3772 1129 3823; x_wconf 86' lang='grc' dir='ltr'>τόπον</span> <span class='ocrx_word' id='word_1_539' title='bbox 1160 3769 1338 3833; x_wconf 76' lang='grc' dir='ltr'>εἰδῶν,</span> <span class='ocrx_word' id='word_1_540' title='bbox 1375 3771 1403 3821; x_wconf 90' lang='lat'><strong>6</strong></span> <span class='ocrx_word' id='word_1_541' title='bbox 1442 3769 1819 3840; x_wconf 80' lang='grc' dir='ltr'>Ἀριστοτέλης</span> <span class='ocrx_word' id='word_1_542' title='bbox 1852 3772 1973 3841; x_wconf 81' lang='grc' dir='ltr'>τρό-</span> 
     </span>
    </p>
   </div>
   <div class='ocr_carea' id='block_1_70' title="bbox 400 3860 1969 3931">
    <p class='ocr_par' dir='ltr' id='par_1_70' title="bbox 400 3860 1969 3931">
     <span class='ocr_line' id='line_1_70' title="bbox 400 3860 1969 3931; baseline -0.001 -17"><span class='ocrx_word' id='word_1_543' title='bbox 400 3881 498 3915; x_wconf 77' lang='grc' dir='ltr'><strong>πον</strong></span> <span class='ocrx_word' id='word_1_544' title='bbox 534 3863 630 3930; x_wconf 83' lang='grc' dir='ltr'><strong>μέν</strong></span> <span class='ocrx_word' id='word_1_545' title='bbox 685 3878 809 3913; x_wconf 85' lang='grc' dir='ltr'>τινα</span> <span class='ocrx_word' id='word_1_546' title='bbox 856 3861 991 3931; x_wconf 75' lang='grc' dir='ltr'>πρὸς</span> <span class='ocrx_word' id='word_1_547' title='bbox 1046 3860 1222 3929; x_wconf 82' lang='grc' dir='ltr'>δόγμα</span> <span class='ocrx_word' id='word_1_548' title='bbox 1270 3860 1618 3930; x_wconf 81' lang='grc' dir='ltr'>ἀποδέχεται,</span> <span class='ocrx_word' id='word_1_549' title='bbox 1677 3862 1875 3930; x_wconf 70' lang='grc' dir='ltr'>τρόπον</span> <span class='ocrx_word' id='word_1_550' title='bbox 1914 3861 1969 3913; x_wconf 75' lang='grc' dir='ltr'>δὲ</span> 
     </span>
    </p>
   </div>
   <div class='ocr_carea' id='block_1_71' title="bbox 397 3946 1967 4019">
    <p class='ocr_par' dir='ltr' id='par_1_71' title="bbox 397 3946 1967 4019">
     <span class='ocr_line' id='line_1_71' title="bbox 397 3946 1967 4019; baseline -0.004 -14"><span class='ocrx_word' id='word_1_551' title='bbox 397 3953 689 4005; x_wconf 73' lang='grc' dir='ltr'>διαϐάλλει.</span> <span class='ocrx_word' id='word_1_552' title='bbox 741 3952 1086 4019; x_wconf 81' lang='grc' dir='ltr'>’Δποδέχεται</span> <span class='ocrx_word' id='word_1_553' title='bbox 1120 3952 1217 4018; x_wconf 84' lang='grc' dir='ltr'>μὲν</span> <span class='ocrx_word' id='word_1_554' title='bbox 1248 3951 1435 4019; x_wconf 75' lang='grc' dir='ltr'>ἐπειδὴ</span> <span class='ocrx_word' id='word_1_555' title='bbox 1468 3946 1621 4003; x_wconf 80' lang='grc' dir='ltr'>εἶπεν</span> <span class='ocrx_word' id='word_1_556' title='bbox 1653 3953 1735 4003; x_wconf 86' lang='grc' dir='ltr'>ὃτι</span> <span class='ocrx_word' id='word_1_557' title='bbox 1760 3950 1967 4019; x_wconf 65' lang='grc' dir='ltr'>δέχεται</span> 
     </span>
    </p>
   </div>
   <div class='ocr_carea' id='block_1_72' title="bbox 401 4041 1973 4112">
    <p class='ocr_par' dir='ltr' id='par_1_72' title="bbox 401 4041 1973 4112">
     <span class='ocr_line' id='line_1_72' title="bbox 401 4041 1973 4112; baseline 0.001 -16"><span class='ocrx_word' id='word_1_558' title='bbox 401 4047 433 4112; x_wconf 66' lang='grc' dir='ltr'>τ’,</span> <span class='ocrx_word' id='word_1_559' title='bbox 464 4044 606 4112; x_wconf 61' lang='grc' dir='ltr'><strong>ψυχὴ</strong></span> <span class='ocrx_word' id='word_1_560' title='bbox 637 4042 702 4095; x_wconf 75' lang='grc' dir='ltr'>τὰ</span> <span class='ocrx_word' id='word_1_561' title='bbox 736 4043 849 4112; x_wconf 80' lang='grc' dir='ltr'>εἴδη</span> <span class='ocrx_word' id='word_1_562' title='bbox 883 4042 991 4093; x_wconf 90' lang='grc' dir='ltr'><strong>τῶν</strong></span> <span class='ocrx_word' id='word_1_563' title='bbox 1014 4042 1241 4112; x_wconf 82' lang='grc' dir='ltr'>νοητῶν,</span> <span class='ocrx_word' id='word_1_564' title='bbox 1265 4042 1360 4094; x_wconf 79' lang='grc' dir='ltr'><strong>καὶ</strong></span> <span class='ocrx_word' id='word_1_565' title='bbox 1398 4041 1571 4104; x_wconf 80' lang='grc' dir='ltr'>οὕτως</span> <span class='ocrx_word' id='word_1_566' title='bbox 1596 4046 1812 4111; x_wconf 75' lang='grc' dir='ltr'>ἐνεργεῖ</span> <span class='ocrx_word' id='word_1_567' title='bbox 1833 4063 1845 4075; x_wconf 65' lang='grc'><strong><em>⁸</em></strong></span> <span class='ocrx_word' id='word_1_568' title='bbox 1880 4047 1973 4097; x_wconf 68' lang='grc' dir='ltr'><strong>καὶ</strong></span> 
     </span>
    </p>
   </div>
   <div class='ocr_carea' id='block_1_73' title="bbox 400 4133 1968 4204">
    <p class='ocr_par' dir='ltr' id='par_1_73' title="bbox 400 4133 1968 4204">
     <span class='ocr_line' id='line_1_73' title="bbox 400 4133 1968 4204; baseline 0.002 -16"><span class='ocrx_word' id='word_1_569' title='bbox 400 4137 486 4188; x_wconf 76' lang='grc' dir='ltr'>διὰ</span> <span class='ocrx_word' id='word_1_570' title='bbox 518 4136 673 4187; x_wconf 82' lang='grc' dir='ltr'>τοῦτο</span> <span class='ocrx_word' id='word_1_571' title='bbox 706 4136 884 4186; x_wconf 75' lang='grc' dir='ltr'>εἰπεῖν</span> <span class='ocrx_word' id='word_1_572' title='bbox 913 4133 1085 4204; x_wconf 77' lang='grc' dir='ltr'>αὐτὴν</span> <span class='ocrx_word' id='word_1_573' title='bbox 1114 4136 1206 4186; x_wconf 78' lang='grc' dir='ltr'><strong>τὸν</strong></span> <span class='ocrx_word' id='word_1_574' title='bbox 1257 4134 1523 4188; x_wconf 83' lang='grc' dir='ltr'>Πλάτωνα</span> <span class='ocrx_word' id='word_1_575' title='bbox 1578 4136 1741 4189; x_wconf 84' lang='grc' dir='ltr'>τόπον</span> <span class='ocrx_word' id='word_1_576' title='bbox 1794 4138 1968 4191; x_wconf 80' lang='grc' dir='ltr'>εἰδῶν.</span> 
     </span>
    </p>
   </div>
   <div class='ocr_carea' id='block_1_74' title="bbox 403 4224 1973 4295">
    <p class='ocr_par' dir='ltr' id='par_1_74' title="bbox 403 4224 1973 4295">
     <span class='ocr_line' id='line_1_74' title="bbox 403 4224 1973 4295; baseline -0.002 -15"><span class='ocrx_word' id='word_1_577' title='bbox 403 4228 689 4295; x_wconf 75' lang='grc' dir='ltr'>Μέμφεται</span> <span class='ocrx_word' id='word_1_578' title='bbox 724 4225 778 4278; x_wconf 81' lang='grc' dir='ltr'><strong>δὲ</strong></span> <span class='ocrx_word' id='word_1_579' title='bbox 814 4226 893 4287; x_wconf 80' lang='grc' dir='ltr'>εἰς</span> <span class='ocrx_word' id='word_1_580' title='bbox 920 4224 1013 4278; x_wconf 86' lang='grc' dir='ltr'><strong>δύο</strong></span> <span class='ocrx_word' id='word_1_581' title='bbox 1066 4226 1208 4278; x_wconf 86' lang='grc' dir='ltr'>τινά.</span> <span class='ocrx_word' id='word_1_582' title='bbox 1248 4226 1470 4295; x_wconf 89' lang='grc' dir='ltr'>Πρῶτον</span> <span class='ocrx_word' id='word_1_583' title='bbox 1518 4227 1617 4295; x_wconf 86' lang='grc' dir='ltr'><strong>μὲν</strong></span> <span class='ocrx_word' id='word_1_584' title='bbox 1656 4228 1736 4280; x_wconf 84' lang='grc' dir='ltr'>ὅτι</span> <span class='ocrx_word' id='word_1_585' title='bbox 1793 4232 1973 4281; x_wconf 66' lang='grc' dir='ltr'>πᾶσαν</span> 
     </span>
    </p>
   </div>
   <div class='ocr_carea' id='block_1_75' title="bbox 401 4317 1967 4389">
    <p class='ocr_par' dir='ltr' id='par_1_75' title="bbox 401 4317 1967 4389">
     <span class='ocr_line' id='line_1_75' title="bbox 401 4317 1967 4389; baseline 0.001 -18"><span class='ocrx_word' id='word_1_586' title='bbox 401 4319 577 4388; x_wconf 56' lang='grc' dir='ltr'>ςνυχὴν</span> <span class='ocrx_word' id='word_1_587' title='bbox 614 4322 640 4371; x_wconf 78' lang='grc' dir='ltr'>ὁ</span> <span class='ocrx_word' id='word_1_588' title='bbox 677 4318 899 4371; x_wconf 74' lang='grc' dir='ltr'>Πλάτων</span> <span class='ocrx_word' id='word_1_589' title='bbox 943 4317 1090 4384; x_wconf 82' lang='grc' dir='ltr'>λέγει</span> <span class='ocrx_word' id='word_1_590' title='bbox 1126 4318 1290 4368; x_wconf 86' lang='grc' dir='ltr'>τόπον</span> <span class='ocrx_word' id='word_1_591' title='bbox 1338 4317 1534 4382; x_wconf 79' lang='grc' dir='ltr'>εἰδῶν,</span> <span class='ocrx_word' id='word_1_592' title='bbox 1579 4320 1672 4371; x_wconf 70' lang='grc' dir='ltr'><strong>καὶ</strong></span> <span class='ocrx_word' id='word_1_593' title='bbox 1713 4323 1769 4372; x_wconf 75' lang='grc' dir='ltr'><strong>ού</strong></span> <span class='ocrx_word' id='word_1_594' title='bbox 1810 4322 1967 4389; x_wconf 70' lang='grc' dir='ltr'>μόνοι</span> 
     </span>
    </p>
   </div>
   <div class='ocr_carea' id='block_1_76' title="bbox 402 4406 1969 4479">
    <p class='ocr_par' dir='ltr' id='par_1_76' title="bbox 402 4406 1969 4479">
     <span class='ocr_line' id='line_1_76' title="bbox 402 4406 1969 4479; baseline 0 -18"><span class='ocrx_word' id='word_1_595' title='bbox 402 4413 499 4479; x_wconf 72' lang='grc' dir='ltr'><strong>τὴν</strong></span> <span class='ocrx_word' id='word_1_596' title='bbox 528 4410 751 4477; x_wconf 84' lang='grc' dir='ltr'>λογικήν</span> <span class='ocrx_word' id='word_1_597' title='bbox 775 4426 787 4439; x_wconf 87' lang='grc'><strong>·</strong></span> <span class='ocrx_word' id='word_1_598' title='bbox 821 4407 997 4461; x_wconf 87' lang='grc' dir='ltr'>καίτοι</span> <span class='ocrx_word' id='word_1_599' title='bbox 1052 4424 1109 4458; x_wconf 87' lang='grc' dir='ltr'><strong>τε</strong></span> <span class='ocrx_word' id='word_1_600' title='bbox 1171 4406 1269 4476; x_wconf 79' lang='grc' dir='ltr'>τὴν</span> <span class='ocrx_word' id='word_1_601' title='bbox 1310 4406 1538 4479; x_wconf 80' lang='grc' dir='ltr'>λογικὴν</span> <span class='ocrx_word' id='word_1_602' title='bbox 1569 4410 1774 4472; x_wconf 64' lang='grc' dir='ltr'>ἐκεῖνος</span> <span class='ocrx_word' id='word_1_603' title='bbox 1816 4413 1969 4477; x_wconf 76' lang='grc' dir='ltr'>μόνος</span> 
     </span>
    </p>
   </div>
   <div class='ocr_carea' id='block_1_77' title="bbox 402 4499 2151 4570">
    <p class='ocr_par' dir='ltr' id='par_1_77' title="bbox 402 4499 2142 4570">
     <span class='ocr_line' id='line_1_77' title="bbox 402 4499 2142 4570; baseline -0.001 -16"><span class='ocrx_word' id='word_1_604' title='bbox 402 4502 554 4569; x_wconf 79' lang='grc' dir='ltr'>ἔλεγε</span> <span class='ocrx_word' id='word_1_605' title='bbox 602 4502 765 4553; x_wconf 82' lang='grc' dir='ltr'>τόπον</span> <span class='ocrx_word' id='word_1_606' title='bbox 802 4499 957 4552; x_wconf 83' lang='grc' dir='ltr'>είδῶν</span> <span class='ocrx_word' id='word_1_607' title='bbox 998 4500 1086 4552; x_wconf 70' lang='grc' dir='ltr'>καὶ</span> <span class='ocrx_word' id='word_1_608' title='bbox 1132 4500 1331 4569; x_wconf 75' lang='grc' dir='ltr'>ψυχὴν,</span> <span class='ocrx_word' id='word_1_609' title='bbox 1368 4500 1467 4563; x_wconf 75' lang='grc' dir='ltr'>τὰς</span> <span class='ocrx_word' id='word_1_610' title='bbox 1508 4500 1563 4552; x_wconf 80' lang='grc' dir='ltr'>δὲ</span> <span class='ocrx_word' id='word_1_611' title='bbox 1593 4501 1756 4563; x_wconf 83' lang='grc' dir='ltr'>ἄλλας</span> <span class='ocrx_word' id='word_1_612' title='bbox 1798 4503 1972 4570; x_wconf 63' lang='grc' dir='ltr'>ὲμψυ-</span> <span class='ocrx_word' id='word_1_613' title='bbox 2004 4511 2049 4568; x_wconf 76' lang='grc' dir='ltr'><strong>ι)</strong></span> <span class='ocrx_word' id='word_1_614' title='bbox 2079 4517 2142 4555; x_wconf 91' lang='lat' dir='ltr'><strong>co</strong></span> 
     </span>
    </p>
   </div>
   <div class='ocr_carea' id='block_1_78' title="bbox 766 4499 2515 4570">
    <p class='ocr_par' dir='ltr' id='par_1_78' title="bbox 802 4499 2515 4570">
     <span class='ocr_line' id='line_1_78' title="bbox 802 4499 2515 4570; baseline -0.001 -18"><span class='ocrx_word' id='word_1_615' title='bbox 802 4499 957 4552; x_wconf 83' lang='grc' dir='ltr'>είδῶν</span> <span class='ocrx_word' id='word_1_616' title='bbox 998 4500 1086 4552; x_wconf 70' lang='grc' dir='ltr'>καὶ</span> <span class='ocrx_word' id='word_1_617' title='bbox 1132 4500 1331 4569; x_wconf 75' lang='grc' dir='ltr'>ψυχὴν,</span> <span class='ocrx_word' id='word_1_618' title='bbox 1368 4500 1467 4563; x_wconf 75' lang='grc' dir='ltr'>τὰς</span> <span class='ocrx_word' id='word_1_619' title='bbox 1508 4500 1563 4552; x_wconf 80' lang='grc' dir='ltr'>δὲ</span> <span class='ocrx_word' id='word_1_620' title='bbox 1593 4501 1756 4563; x_wconf 83' lang='grc' dir='ltr'>ἄλλας</span> <span class='ocrx_word' id='word_1_621' title='bbox 1798 4503 1972 4570; x_wconf 63' lang='grc' dir='ltr'>ὲμψυ-</span> <span class='ocrx_word' id='word_1_622' title='bbox 2004 4511 2049 4568; x_wconf 76' lang='grc' dir='ltr'><strong>ι)</strong></span> <span class='ocrx_word' id='word_1_623' title='bbox 2079 4500 2515 4569; x_wconf 67' lang='lat' dir='ltr'><strong>comprehensas.</strong></span> 
     </span>
    </p>
   </div>
   <div class='ocr_carea' id='block_1_79' title="bbox 402 4590 1977 4663">
    <p class='ocr_par' dir='ltr' id='par_1_79' title="bbox 402 4590 1977 4663">
     <span class='ocr_line' id='line_1_79' title="bbox 402 4590 1977 4663; baseline -0.006 -18"><span class='ocrx_word' id='word_1_624' title='bbox 402 4594 545 4662; x_wconf 78' lang='grc' dir='ltr'>χίας.</span> <span class='ocrx_word' id='word_1_625' title='bbox 575 4594 835 4661; x_wconf 76' lang='grc' dir='ltr'>Δεύτερον</span> <span class='ocrx_word' id='word_1_626' title='bbox 871 4592 948 4657; x_wconf 81' lang='grc' dir='ltr'><strong>δὲ,</strong></span> <span class='ocrx_word' id='word_1_627' title='bbox 979 4592 1060 4644; x_wconf 84' lang='grc' dir='ltr'><strong>ὅτι</strong></span> <span class='ocrx_word' id='word_1_628' title='bbox 1093 4592 1345 4660; x_wconf 68' lang='grc' dir='ltr'>ἐνεργείᾳ</span> <span class='ocrx_word' id='word_1_629' title='bbox 1372 4590 1522 4658; x_wconf 87' lang='grc' dir='ltr'>λέγει</span> <span class='ocrx_word' id='word_1_630' title='bbox 1555 4594 1612 4644; x_wconf 83' lang='grc' dir='ltr'>ὲν</span> <span class='ocrx_word' id='word_1_631' title='bbox 1639 4596 1703 4662; x_wconf 83' lang='grc' dir='ltr'>τῇ</span> <span class='ocrx_word' id='word_1_632' title='bbox 1736 4595 1879 4663; x_wconf 57' lang='grc' dir='ltr'>ψυχῇ</span> <span class='ocrx_word' id='word_1_633' title='bbox 1909 4595 1977 4647; x_wconf 62' lang='grc' dir='ltr'>τὰ</span> 
     </span>
    </p>
   </div>
   <div class='ocr_carea' id='block_1_80' title="bbox 405 4681 1975 4755">
    <p class='ocr_par' dir='ltr' id='par_1_80' title="bbox 405 4681 1975 4755">
     <span class='ocr_line' id='line_1_80' title="bbox 405 4681 1975 4755; baseline 0.001 -20"><span class='ocrx_word' id='word_1_634' title='bbox 405 4685 540 4750; x_wconf 66' lang='grc' dir='ltr'>εἴδη,</span> <span class='ocrx_word' id='word_1_635' title='bbox 568 4683 660 4736; x_wconf 70' lang='grc' dir='ltr'><strong>καὶ</strong></span> <span class='ocrx_word' id='word_1_636' title='bbox 693 4685 751 4734; x_wconf 79' lang='grc' dir='ltr'><strong>οὐ</strong></span> <span class='ocrx_word' id='word_1_637' title='bbox 790 4682 1037 4749; x_wconf 81' lang='grc' dir='ltr'>δυνάμει.</span> <span class='ocrx_word' id='word_1_638' title='bbox 1082 4682 1138 4732; x_wconf 85' lang='grc' dir='ltr'><strong>Ὀ</strong></span> <span class='ocrx_word' id='word_1_639' title='bbox 1170 4681 1277 4749; x_wconf 71' lang='grc' dir='ltr'><strong>γὰρ</strong></span> <span class='ocrx_word' id='word_1_640' title='bbox 1330 4682 1707 4753; x_wconf 86' lang='grc' dir='ltr'>Ἀριστοτέλης</span> <span class='ocrx_word' id='word_1_641' title='bbox 1742 4685 1975 4755; x_wconf 64' lang='grc' dir='ltr'>ἀγράφῳ</span> 
     </span>
    </p>
   </div>
   <div class='ocr_carea' id='block_1_81' title="bbox 404 4771 1975 4846">
    <p class='ocr_par' dir='ltr' id='par_1_81' title="bbox 404 4771 1975 4846">
     <span class='ocr_line' id='line_1_81' title="bbox 404 4771 1975 4846; baseline 0.002 -21"><span class='ocrx_word' id='word_1_642' title='bbox 404 4774 736 4841; x_wconf 83' lang='grc' dir='ltr'>γραμματίῳ</span> <span class='ocrx_word' id='word_1_643' title='bbox 765 4773 935 4841; x_wconf 76' lang='grc' dir='ltr'>αὐτὴν</span> <span class='ocrx_word' id='word_1_644' title='bbox 968 4771 1198 4838; x_wconf 72' lang='grc' dir='ltr'>είκάξει,</span> <span class='ocrx_word' id='word_1_645' title='bbox 1224 4773 1318 4825; x_wconf 70' lang='grc' dir='ltr'><strong>καὶ</strong></span> <span class='ocrx_word' id='word_1_646' title='bbox 1350 4774 1553 4844; x_wconf 83' lang='grc' dir='ltr'>κυρίως</span> <span class='ocrx_word' id='word_1_647' title='bbox 1601 4774 1747 4841; x_wconf 87' lang='grc' dir='ltr'>λέγει</span> <span class='ocrx_word' id='word_1_648' title='bbox 1796 4777 1975 4846; x_wconf 64' lang='grc' dir='ltr'>μάθη-</span> 
     </span>
    </p>
   </div>
   <div class='ocr_carea' id='block_1_82' title="bbox 406 4864 1974 4937">
    <p class='ocr_par' dir='ltr' id='par_1_82' title="bbox 406 4864 1974 4937">
     <span class='ocr_line' id='line_1_82' title="bbox 406 4864 1974 4937; baseline 0.003 -20"><span class='ocrx_word' id='word_1_649' title='bbox 406 4883 509 4919; x_wconf 90' lang='grc' dir='ltr'>σιν.</span> <span class='ocrx_word' id='word_1_650' title='bbox 550 4866 607 4917; x_wconf 83' lang='grc'><strong>’0</strong></span> <span class='ocrx_word' id='word_1_651' title='bbox 642 4868 738 4934; x_wconf 80' lang='grc' dir='ltr'><strong>μέν</strong></span> <span class='ocrx_word' id='word_1_652' title='bbox 769 4882 849 4917; x_wconf 90' lang='grc' dir='ltr'><strong>τοι</strong></span> <span class='ocrx_word' id='word_1_653' title='bbox 902 4865 1126 4918; x_wconf 85' lang='grc' dir='ltr'>Πλάτων</span> <span class='ocrx_word' id='word_1_654' title='bbox 1176 4864 1437 4935; x_wconf 75' lang='grc' dir='ltr'>ἐγγράφῳ</span> <span class='ocrx_word' id='word_1_655' title='bbox 1476 4867 1827 4937; x_wconf 78' lang='grc' dir='ltr'>γραμματίῳ,</span> <span class='ocrx_word' id='word_1_656' title='bbox 1882 4870 1974 4922; x_wconf 73' lang='grc' dir='ltr'><strong>καὶ</strong></span> 
     </span>
    </p>
   </div>
   <div class='ocr_carea' id='block_1_83' title="bbox 404 4955 1973 5032">
    <p class='ocr_par' dir='ltr' id='par_1_83' title="bbox 404 4955 1973 5032">
     <span class='ocr_line' id='line_1_83' title="bbox 404 4955 1973 5032; baseline 0.004 -24"><span class='ocrx_word' id='word_1_657' title='bbox 404 4955 502 5026; x_wconf 77' lang='grc' dir='ltr'>τὴν</span> <span class='ocrx_word' id='word_1_658' title='bbox 534 4957 770 5026; x_wconf 74' lang='grc' dir='ltr'>μάθησιν</span> <span class='ocrx_word' id='word_1_659' title='bbox 807 4956 1113 5025; x_wconf 79' lang='grc' dir='ltr'>ἀνάμνησιν</span> <span class='ocrx_word' id='word_1_660' title='bbox 1147 4958 1315 5025; x_wconf 77' lang='grc' dir='ltr'>λέγει.</span> <span class='ocrx_word' id='word_1_661' title='bbox 1349 4958 1471 5011; x_wconf 80' lang='grc' dir='ltr'>Ὀτι</span> <span class='ocrx_word' id='word_1_662' title='bbox 1521 4960 1707 5028; x_wconf 79' lang='grc' dir='ltr'>διττῆς</span> <span class='ocrx_word' id='word_1_663' title='bbox 1723 4960 1887 5032; x_wconf 80' lang='grc' dir='ltr'>οῠσης</span> <span class='ocrx_word' id='word_1_664' title='bbox 1917 4962 1973 5015; x_wconf 76' lang='grc' dir='ltr'>ὲν</span> 
     </span>
    </p>
   </div>
   <div class='ocr_carea' id='block_1_84' title="bbox 404 5046 1971 5126">
    <p class='ocr_par' dir='ltr' id='par_1_84' title="bbox 404 5046 1971 5126">
     <span class='ocr_line' id='line_1_84' title="bbox 404 5046 1971 5126; baseline 0.006 -27"><span class='ocrx_word' id='word_1_665' title='bbox 404 5051 535 5117; x_wconf 77' lang='grc' dir='ltr'>ἡμῖν</span> <span class='ocrx_word' id='word_1_666' title='bbox 572 5050 669 5118; x_wconf 85' lang='grc' dir='ltr'>τῆς</span> <span class='ocrx_word' id='word_1_667' title='bbox 699 5048 952 5117; x_wconf 82' lang='grc' dir='ltr'>γνώσεως</span> <span class='ocrx_word' id='word_1_668' title='bbox 986 5052 1083 5119; x_wconf 79' lang='grc' dir='ltr'>τῆς</span> <span class='ocrx_word' id='word_1_669' title='bbox 1116 5050 1215 5119; x_wconf 75' lang='grc' dir='ltr'>μὲν</span> <span class='ocrx_word' id='word_1_670' title='bbox 1246 5052 1468 5120; x_wconf 76' lang='grc' dir='ltr'>ἀλόγου,</span> <span class='ocrx_word' id='word_1_671' title='bbox 1497 5046 1610 5105; x_wconf 78' lang='grc' dir='ltr'>οἷον</span> <span class='ocrx_word' id='word_1_672' title='bbox 1643 5055 1971 5126; x_wconf 76' lang='grc' dir='ltr'>αἰσθήσεως,</span> 
     </span>
    </p>
   </div>
   <div class='ocr_carea' id='block_1_85' title="bbox 403 5136 1974 5214">
    <p class='ocr_par' dir='ltr' id='par_1_85' title="bbox 403 5136 1974 5214">
     <span class='ocr_line' id='line_1_85' title="bbox 403 5136 1974 5214; baseline 0.006 -23"><span class='ocrx_word' id='word_1_673' title='bbox 403 5142 498 5210; x_wconf 76' lang='grc' dir='ltr'><strong>τῆς</strong></span> <span class='ocrx_word' id='word_1_674' title='bbox 526 5141 581 5193; x_wconf 81' lang='grc' dir='ltr'><strong>δὲ</strong></span> <span class='ocrx_word' id='word_1_675' title='bbox 606 5141 829 5210; x_wconf 81' lang='grc' dir='ltr'>λογικῆς</span> <span class='ocrx_word' id='word_1_676' title='bbox 860 5136 970 5195; x_wconf 73' lang='grc' dir='ltr'>οἷον</span> <span class='ocrx_word' id='word_1_677' title='bbox 999 5141 1091 5195; x_wconf 88' lang='grc' dir='ltr'><strong>τοῦ</strong></span> <span class='ocrx_word' id='word_1_678' title='bbox 1127 5141 1243 5206; x_wconf 90' lang='grc' dir='ltr'>νοῦ,</span> <span class='ocrx_word' id='word_1_679' title='bbox 1269 5144 1423 5197; x_wconf 81' lang='grc' dir='ltr'>διττά</span> <span class='ocrx_word' id='word_1_680' title='bbox 1451 5146 1568 5197; x_wconf 80' lang='grc' dir='ltr'>ἐστι</span> <span class='ocrx_word' id='word_1_681' title='bbox 1599 5146 1694 5199; x_wconf 69' lang='grc' dir='ltr'><strong>καὶ</strong></span> <span class='ocrx_word' id='word_1_682' title='bbox 1721 5147 1789 5199; x_wconf 74' lang='grc' dir='ltr'>τὰ</span> <span class='ocrx_word' id='word_1_683' title='bbox 1809 5164 1974 5214; x_wconf 89' lang='grc' dir='ltr'>γινω-</span> 
     </span>
    </p>
   </div>
   <div class='ocr_carea' id='block_1_86' title="bbox 404 5222 1995 5305">
    <p class='ocr_par' dir='ltr' id='par_1_86' title="bbox 404 5222 1995 5305">
     <span class='ocr_line' id='line_1_86' title="bbox 404 5222 1995 5305; baseline 0.006 -23"><span class='ocrx_word' id='word_1_684' title='bbox 404 5231 676 5299; x_wconf 81' lang='grc' dir='ltr'>σκόμενα·</span> <span class='ocrx_word' id='word_1_685' title='bbox 714 5231 781 5282; x_wconf 68' lang='grc' dir='ltr'>τὰ</span> <span class='ocrx_word' id='word_1_686' title='bbox 817 5231 915 5300; x_wconf 81' lang='grc' dir='ltr'><strong>μὲν</strong></span> <span class='ocrx_word' id='word_1_687' title='bbox 932 5231 1110 5297; x_wconf 52' lang='lat' dir='ltr'><strong>sima,</strong></span> <span class='ocrx_word' id='word_1_688' title='bbox 1139 5233 1231 5284; x_wconf 77' lang='grc' dir='ltr'><strong>και</strong></span> <span class='ocrx_word' id='word_1_689' title='bbox 1254 5234 1318 5286; x_wconf 81' lang='grc' dir='ltr'>τὰ</span> <span class='ocrx_word' id='word_1_690' title='bbox 1338 5234 1607 5305; x_wconf 82' lang='grc' dir='ltr'>αἰσθητά’</span> <span class='ocrx_word' id='word_1_691' title='bbox 1643 5237 1709 5287; x_wconf 83' lang='grc' dir='ltr'><strong>τὰ</strong></span> <span class='ocrx_word' id='word_1_692' title='bbox 1736 5236 1791 5288; x_wconf 81' lang='grc' dir='ltr'>δὲ</span> <span class='ocrx_word' id='word_1_693' title='bbox 1813 5222 1995 5292; x_wconf 53' lang='lat' dir='ltr'><strong>asia;</strong></span> 
     </span>
    </p>
   </div>
   <div class='ocr_carea' id='block_1_87' title="bbox 404 5318 1971 5400">
    <p class='ocr_par' dir='ltr' id='par_1_87' title="bbox 404 5318 1971 5400">
     <span class='ocr_line' id='line_1_87' title="bbox 404 5318 1971 5400; baseline 0.004 -26"><span class='ocrx_word' id='word_1_694' title='bbox 404 5324 565 5391; x_wconf 77' lang='grc' dir='ltr'>Ζητεῖ</span> <span class='ocrx_word' id='word_1_695' title='bbox 582 5318 673 5375; x_wconf 80' lang='grc' dir='ltr'><strong>οῦν</strong></span> <span class='ocrx_word' id='word_1_696' title='bbox 700 5322 787 5375; x_wconf 76' lang='grc' dir='ltr'><strong>διὰ</strong></span> <span class='ocrx_word' id='word_1_697' title='bbox 814 5323 1060 5375; x_wconf 87' lang='grc' dir='ltr'>τούτωνό</span> <span class='ocrx_word' id='word_1_698' title='bbox 1081 5323 1476 5395; x_wconf 81' lang='grc' dir='ltr'>Ἀριστοτέλης,</span> <span class='ocrx_word' id='word_1_699' title='bbox 1509 5326 1738 5395; x_wconf 88' lang='grc' dir='ltr'>πότερον</span> <span class='ocrx_word' id='word_1_700' title='bbox 1770 5329 1971 5400; x_wconf 79' lang='grc' dir='ltr'>ἑκάστη</span> 
     </span>
    </p>
   </div>
   <div class='ocr_carea' id='block_1_88' title="bbox 404 5412 1974 5486">
    <p class='ocr_par' dir='ltr' id='par_1_88' title="bbox 404 5412 1974 5486">
     <span class='ocr_line' id='line_1_88' title="bbox 404 5412 1974 5486; baseline 0.006 -22"><span class='ocrx_word' id='word_1_701' title='bbox 404 5415 602 5481; x_wconf 81' lang='grc' dir='ltr'>γνῶσις</span> <span class='ocrx_word' id='word_1_702' title='bbox 648 5415 705 5466; x_wconf 69' lang='grc' dir='ltr'><strong>το</strong></span> <span class='ocrx_word' id='word_1_703' title='bbox 734 5417 936 5468; x_wconf 86' lang='grc' dir='ltr'>οἰκεῖον</span> <span class='ocrx_word' id='word_1_704' title='bbox 967 5417 1248 5483; x_wconf 78' lang='grc' dir='ltr'>γινώσκει,</span> <span class='ocrx_word' id='word_1_705' title='bbox 1304 5412 1415 5471; x_wconf 77' lang='grc' dir='ltr'>οἷον</span> <span class='ocrx_word' id='word_1_706' title='bbox 1463 5418 1496 5486; x_wconf 84' lang='grc' dir='ltr'>ἡ</span> <span class='ocrx_word' id='word_1_707' title='bbox 1536 5418 1633 5485; x_wconf 84' lang='grc' dir='ltr'><strong>μὲν</strong></span> <span class='ocrx_word' id='word_1_708' title='bbox 1682 5421 1872 5486; x_wconf 78' lang='grc' dir='ltr'>ἄλογος</span> <span class='ocrx_word' id='word_1_709' title='bbox 1908 5423 1974 5475; x_wconf 77' lang='grc' dir='ltr'>τὰ</span> 
     </span>
    </p>
   </div>
   <div class='ocr_carea' id='block_1_89' title="bbox 404 5507 1973 5581">
    <p class='ocr_par' dir='ltr' id='par_1_89' title="bbox 404 5507 1973 5581">
     <span class='ocr_line' id='line_1_89' title="bbox 404 5507 1973 5581; baseline 0.006 -23"><span class='ocrx_word' id='word_1_710' title='bbox 404 5507 583 5569; x_wconf 80' lang='grc' dir='ltr'>ἔνυλα,</span> <span class='ocrx_word' id='word_1_711' title='bbox 604 5508 707 5575; x_wconf 84' lang='grc' dir='ltr'>ήδε</span> <span class='ocrx_word' id='word_1_712' title='bbox 738 5507 928 5577; x_wconf 82' lang='grc' dir='ltr'>λογικὴ</span> <span class='ocrx_word' id='word_1_713' title='bbox 959 5509 1026 5562; x_wconf 75' lang='grc' dir='ltr'>τὰ</span> <span class='ocrx_word' id='word_1_714' title='bbox 1050 5509 1186 5563; x_wconf 78' lang='grc' dir='ltr'>ἅῦλα</span> <span class='ocrx_word' id='word_1_715' title='bbox 1213 5510 1373 5577; x_wconf 84' lang='grc' dir='ltr'>μόνον</span> <span class='ocrx_word' id='word_1_716' title='bbox 1493 5512 1523 5580; x_wconf 77' lang='grc' dir='ltr'>ἡ</span> <span class='ocrx_word' id='word_1_717' title='bbox 1562 5512 1660 5579; x_wconf 82' lang='grc' dir='ltr'><strong>μὲν</strong></span> <span class='ocrx_word' id='word_1_718' title='bbox 1696 5512 1885 5580; x_wconf 78' lang='grc' dir='ltr'>ἄλογος</span> <span class='ocrx_word' id='word_1_719' title='bbox 1908 5514 1973 5567; x_wconf 76' lang='grc' dir='ltr'>τὰ</span> 
     </span>
    </p>
   </div>
   <div class='ocr_carea' id='block_1_90' title="bbox 406 5596 1968 5672">
    <p class='ocr_par' dir='ltr' id='par_1_90' title="bbox 406 5596 1968 5672">
     <span class='ocr_line' id='line_1_90' title="bbox 406 5596 1968 5672; baseline 0.005 -21"><span class='ocrx_word' id='word_1_720' title='bbox 406 5600 564 5652; x_wconf 84' lang='grc' dir='ltr'>ἕνυλα</span> <span class='ocrx_word' id='word_1_721' title='bbox 591 5596 695 5653; x_wconf 84' lang='grc' dir='ltr'>οἶδε</span> <span class='ocrx_word' id='word_1_722' title='bbox 728 5602 885 5668; x_wconf 84' lang='grc' dir='ltr'>μόνον</span> <span class='ocrx_word' id='word_1_723' title='bbox 908 5619 920 5631; x_wconf 72' lang='grc' dir='ltr'><strong><em>ο</em></strong></span> <span class='ocrx_word' id='word_1_724' title='bbox 954 5604 987 5672; x_wconf 84' lang='grc' dir='ltr'><strong>ή</strong></span> <span class='ocrx_word' id='word_1_725' title='bbox 1016 5602 1071 5654; x_wconf 79' lang='grc' dir='ltr'><strong>δὲ</strong></span> <span class='ocrx_word' id='word_1_726' title='bbox 1111 5601 1302 5671; x_wconf 78' lang='grc' dir='ltr'>λογικὴ</span> <span class='ocrx_word' id='word_1_727' title='bbox 1333 5602 1407 5666; x_wconf 83' lang='grc' dir='ltr'><strong>ὡς</strong></span> <span class='ocrx_word' id='word_1_728' title='bbox 1440 5602 1704 5672; x_wconf 85' lang='grc' dir='ltr'>κρείττων</span> <span class='ocrx_word' id='word_1_729' title='bbox 1726 5601 1880 5670; x_wconf 75' lang='grc' dir='ltr'>οὖσα,</span> <span class='ocrx_word' id='word_1_730' title='bbox 1911 5608 1968 5659; x_wconf 85' lang='grc' dir='ltr'><strong>ού</strong></span> 
     </span>
    </p>
   </div>
   <div class='ocr_carea' id='block_1_91' title="bbox 408 5688 1964 5762">
    <p class='ocr_par' dir='ltr' id='par_1_91' title="bbox 408 5688 1964 5762">
     <span class='ocr_line' id='line_1_91' title="bbox 408 5688 1964 5762; baseline 0.003 -16"><span class='ocrx_word' id='word_1_731' title='bbox 408 5694 564 5762; x_wconf 78' lang='grc' dir='ltr'>μόνον</span> <span class='ocrx_word' id='word_1_732' title='bbox 594 5695 659 5746; x_wconf 76' lang='grc' dir='ltr'><strong>τὰ</strong></span> <span class='ocrx_word' id='word_1_733' title='bbox 685 5694 822 5747; x_wconf 80' lang='grc' dir='ltr'>ἆῧλα</span> <span class='ocrx_word' id='word_1_734' title='bbox 850 5688 1012 5759; x_wconf 74' lang='grc' dir='ltr'>οἶδεν,</span> <span class='ocrx_word' id='word_1_735' title='bbox 1048 5694 1181 5748; x_wconf 78' lang='grc' dir='ltr'>ἀλλὰ</span> <span class='ocrx_word' id='word_1_736' title='bbox 1224 5694 1319 5747; x_wconf 77' lang='grc' dir='ltr'>καὶ</span> <span class='ocrx_word' id='word_1_737' title='bbox 1348 5696 1416 5749; x_wconf 78' lang='grc' dir='ltr'>τὰ</span> <span class='ocrx_word' id='word_1_738' title='bbox 1441 5694 1622 5748; x_wconf 76' lang='grc' dir='ltr'>ἔνυλα.</span> <span class='ocrx_word' id='word_1_739' title='bbox 1661 5697 1770 5750; x_wconf 76' lang='grc' dir='ltr'>Καὶ</span> <span class='ocrx_word' id='word_1_740' title='bbox 1792 5698 1964 5751; x_wconf 75' lang='grc' dir='ltr'>τοιαύ-</span> 
     </span>
    </p>
   </div>
   <div class='ocr_carea' id='block_1_92' title="bbox 404 5789 1969 5863">
    <p class='ocr_par' dir='ltr' id='par_1_92' title="bbox 404 5789 1969 5863">
     <span class='ocr_line' id='line_1_92' title="bbox 404 5789 1969 5863; baseline 0.001 -21"><span class='ocrx_word' id='word_1_741' title='bbox 404 5808 500 5859; x_wconf 74' lang='grc' dir='ltr'><strong>της</strong></span> <span class='ocrx_word' id='word_1_742' title='bbox 526 5789 689 5861; x_wconf 79' lang='grc' dir='ltr'>οῠσης</span> <span class='ocrx_word' id='word_1_743' title='bbox 714 5794 812 5863; x_wconf 77' lang='grc' dir='ltr'>τῆς</span> <span class='ocrx_word' id='word_1_744' title='bbox 837 5792 1091 5861; x_wconf 78' lang='grc' dir='ltr'>ἀπορίας,</span> <span class='ocrx_word' id='word_1_745' title='bbox 1130 5790 1401 5858; x_wconf 80' lang='grc' dir='ltr'>ἑπικρίνει</span> <span class='ocrx_word' id='word_1_746' title='bbox 1432 5789 1626 5859; x_wconf 84' lang='grc' dir='ltr'>λέγων,</span> <span class='ocrx_word' id='word_1_747' title='bbox 1653 5790 1734 5843; x_wconf 81' lang='grc' dir='ltr'>ὅτι</span> <span class='ocrx_word' id='word_1_748' title='bbox 1760 5793 1791 5861; x_wconf 78' lang='grc' dir='ltr'><strong>η</strong></span> <span class='ocrx_word' id='word_1_749' title='bbox 1827 5792 1969 5860; x_wconf 85' lang='grc' dir='ltr'>λόγι-</span> 
     </span>
    </p>
   </div>
   <div class='ocr_carea' id='block_1_93' title="bbox 2071 3222 3647 3291">
    <p class='ocr_par' dir='ltr' id='par_1_93' title="bbox 2071 3222 3647 3291">
     <span class='ocr_line' id='line_1_93' title="bbox 2071 3222 3647 3291; baseline -0.001 -14"><span class='ocrx_word' id='word_1_750' title='bbox 2071 3232 2129 3277; x_wconf 85' lang='grc' dir='ltr'><strong>υι</strong></span> <span class='ocrx_word' id='word_1_751' title='bbox 2176 3224 2262 3276; x_wconf 90' lang='lat' dir='ltr'><strong>isti</strong></span> <span class='ocrx_word' id='word_1_752' title='bbox 2298 3224 2654 3288; x_wconf 84' lang='lat' dir='ltr'><strong>arbitrantur,</strong></span> <span class='ocrx_word' id='word_1_753' title='bbox 2717 3222 2813 3277; x_wconf 90' lang='lat' dir='ltr'><strong>sed</strong></span> <span class='ocrx_word' id='word_1_754' title='bbox 2845 3237 2965 3291; x_wconf 62' lang='lat' dir='ltr'><strong>qua:</strong></span> <span class='ocrx_word' id='word_1_755' title='bbox 3012 3223 3199 3277; x_wconf 87' lang='lat' dir='ltr'><strong>habitu</strong></span> <span class='ocrx_word' id='word_1_756' title='bbox 3254 3224 3412 3278; x_wconf 89' lang='lat' dir='ltr'><strong>simul</strong></span> <span class='ocrx_word' id='word_1_757' title='bbox 3464 3233 3546 3278; x_wconf 87' lang='lat' dir='ltr'><strong>est</strong></span> <span class='ocrx_word' id='word_1_758' title='bbox 3590 3239 3647 3278; x_wconf 82' lang='lat' dir='ltr'><strong>et</strong></span> 
     </span>
    </p>
   </div>
   <div class='ocr_carea' id='block_1_94' title="bbox 2069 3312 3648 3383">
    <p class='ocr_par' dir='ltr' id='par_1_94' title="bbox 2069 3312 3648 3383">
     <span class='ocr_line' id='line_1_94' title="bbox 2069 3312 3648 3383; baseline 0.001 -16"><span class='ocrx_word' id='word_1_759' title='bbox 2069 3315 2303 3379; x_wconf 84' lang='lat' dir='ltr'><strong>actione,</strong></span> <span class='ocrx_word' id='word_1_760' title='bbox 2350 3314 2526 3383; x_wconf 86' lang='lat' dir='ltr'><strong>qualis</strong></span> <span class='ocrx_word' id='word_1_761' title='bbox 2574 3322 2657 3367; x_wconf 87' lang='lat' dir='ltr'><strong>est</strong></span> <span class='ocrx_word' id='word_1_762' title='bbox 2688 3312 3188 3383; x_wconf 85' lang='lat' dir='ltr'><strong>perfectorum,qui</strong></span> <span class='ocrx_word' id='word_1_763' title='bbox 3246 3329 3335 3368; x_wconf 89' lang='lat' dir='ltr'><strong>res</strong></span> <span class='ocrx_word' id='word_1_764' title='bbox 3367 3315 3546 3368; x_wconf 89' lang='lat' dir='ltr'><strong>sciunt</strong></span> <span class='ocrx_word' id='word_1_765' title='bbox 3592 3325 3648 3368; x_wconf 90' lang='lat' dir='ltr'><strong>et</strong></span> 
     </span>
    </p>
   </div>
   <div class='ocr_carea' id='block_1_95' title="bbox 2069 3404 3647 3477">
    <p class='ocr_par' dir='ltr' id='par_1_95' title="bbox 2069 3404 3647 3477">
     <span class='ocr_line' id='line_1_95' title="bbox 2069 3404 3647 3477; baseline 0.002 -19"><span class='ocrx_word' id='word_1_766' title='bbox 2069 3407 2423 3473; x_wconf 80' lang='lat' dir='ltr'><strong>cognitionem</strong></span> <span class='ocrx_word' id='word_1_767' title='bbox 2454 3416 2798 3473; x_wconf 83' lang='lat' dir='ltr'><strong>expromunt,</strong></span> <span class='ocrx_word' id='word_1_768' title='bbox 2841 3416 2894 3459; x_wconf 89' lang='lat' dir='ltr'><strong>et</strong></span> <span class='ocrx_word' id='word_1_769' title='bbox 2955 3404 3109 3472; x_wconf 80' lang='lat' dir='ltr'><strong>juxta</strong></span> <span class='ocrx_word' id='word_1_770' title='bbox 3146 3422 3265 3461; x_wconf 89' lang='lat' dir='ltr'><strong>eam</strong></span> <span class='ocrx_word' id='word_1_771' title='bbox 3312 3417 3502 3477; x_wconf 77' lang='lat' dir='ltr'><strong>agunt.</strong></span> <span class='ocrx_word' id='word_1_772' title='bbox 3554 3406 3647 3461; x_wconf 72' lang='lat' dir='ltr'><strong>lite</strong></span> 
     </span>
    </p>
   </div>
   <div class='ocr_carea' id='block_1_96' title="bbox 2070 3496 3643 3563">
    <p class='ocr_par' dir='ltr' id='par_1_96' title="bbox 2070 3496 3643 3563">
     <span class='ocr_line' id='line_1_96' title="bbox 2070 3496 3643 3563; baseline -0.001 -13"><span class='ocrx_word' id='word_1_773' title='bbox 2070 3506 2194 3550; x_wconf 89' lang='lat' dir='ltr'><strong>sunt</strong></span> <span class='ocrx_word' id='word_1_774' title='bbox 2237 3496 2432 3550; x_wconf 91' lang='lat' dir='ltr'><strong>tuentis</strong></span> <span class='ocrx_word' id='word_1_775' title='bbox 2490 3496 2631 3563; x_wconf 86' lang='lat' dir='ltr'><strong>apud</strong></span> <span class='ocrx_word' id='word_1_776' title='bbox 2659 3496 3005 3550; x_wconf 80' lang='lat' dir='ltr'><strong>Aristotelem</strong></span> <span class='ocrx_word' id='word_1_777' title='bbox 3043 3498 3491 3563; x_wconf 80' lang='lat' dir='ltr'><strong>significationes,</strong></span> <span class='ocrx_word' id='word_1_778' title='bbox 3520 3511 3643 3552; x_wconf 91' lang='lat' dir='ltr'><strong>cum</strong></span> 
     </span>
    </p>
   </div>
   <div class='ocr_carea' id='block_1_97' title="bbox 2071 3587 3645 3656">
    <p class='ocr_par' dir='ltr' id='par_1_97' title="bbox 2071 3587 3645 3656">
     <span class='ocr_line' id='line_1_97' title="bbox 2071 3587 3645 3656; baseline 0.001 -17"><span class='ocrx_word' id='word_1_779' title='bbox 2071 3588 2305 3640; x_wconf 84' lang='lat' dir='ltr'><strong>animam</strong></span> <span class='ocrx_word' id='word_1_780' title='bbox 2345 3588 2636 3641; x_wconf 84' lang='lat' dir='ltr'><strong>formarunt</strong></span> <span class='ocrx_word' id='word_1_781' title='bbox 2671 3587 2851 3642; x_wconf 88' lang='lat' dir='ltr'><strong>locum</strong></span> <span class='ocrx_word' id='word_1_782' title='bbox 2905 3590 3149 3642; x_wconf 88' lang='lat' dir='ltr'><strong>nominet</strong></span> <span class='ocrx_word' id='word_1_783' title='bbox 3183 3588 3359 3652; x_wconf 89' lang='lat' dir='ltr'><strong>Plato,</strong></span> <span class='ocrx_word' id='word_1_784' title='bbox 3421 3590 3469 3641; x_wconf 89' lang='lat' dir='ltr'><strong>id</strong></span> <span class='ocrx_word' id='word_1_785' title='bbox 3521 3589 3645 3656; x_wconf 86' lang='lat' dir='ltr'><strong>qui-</strong></span> 
     </span>
    </p>
   </div>
   <div class='ocr_carea' id='block_1_98' title="bbox 2074 3676 3649 3748">
    <p class='ocr_par' dir='ltr' id='par_1_98' title="bbox 2074 3676 3649 3748">
     <span class='ocr_line' id='line_1_98' title="bbox 2074 3676 3649 3748; baseline 0.003 -20"><span class='ocrx_word' id='word_1_786' title='bbox 2074 3682 2195 3730; x_wconf 89' lang='lat' dir='ltr'><strong>dem</strong></span> <span class='ocrx_word' id='word_1_787' title='bbox 2259 3676 2579 3731; x_wconf 85' lang='lat' dir='ltr'><strong>Aristoteles</strong></span> <span class='ocrx_word' id='word_1_788' title='bbox 2635 3676 2817 3745; x_wconf 90' lang='lat' dir='ltr'><strong>aliquo</strong></span> <span class='ocrx_word' id='word_1_789' title='bbox 2865 3677 3025 3731; x_wconf 92' lang='lat' dir='ltr'><strong>modo</strong></span> <span class='ocrx_word' id='word_1_790' title='bbox 3076 3680 3284 3747; x_wconf 85' lang='lat' dir='ltr'><strong>probat,</strong></span> <span class='ocrx_word' id='word_1_791' title='bbox 3341 3680 3522 3748; x_wconf 83' lang='lat' dir='ltr'><strong>aliquo</strong></span> <span class='ocrx_word' id='word_1_792' title='bbox 3562 3695 3649 3733; x_wconf 88' lang='lat' dir='ltr'><strong>re-</strong></span> 
     </span>
    </p>
   </div>
   <div class='ocr_carea' id='block_1_99' title="bbox 2074 3768 3650 3839">
    <p class='ocr_par' dir='ltr' id='par_1_99' title="bbox 2074 3768 3650 3839">
     <span class='ocr_line' id='line_1_99' title="bbox 2074 3768 3650 3839; baseline 0.001 -17"><span class='ocrx_word' id='word_1_793' title='bbox 2074 3780 2262 3837; x_wconf 76' lang='lat' dir='ltr'><strong>prosat</strong></span> <span class='ocrx_word' id='word_1_794' title='bbox 2294 3781 2347 3822; x_wconf 91' lang='lat' dir='ltr'><strong>et</strong></span> <span class='ocrx_word' id='word_1_795' title='bbox 2377 3768 2594 3823; x_wconf 87' lang='lat' dir='ltr'><strong>refellit.</strong></span> <span class='ocrx_word' id='word_1_796' title='bbox 2642 3770 2847 3823; x_wconf 85' lang='lat' dir='ltr'><strong>Probat</strong></span> <span class='ocrx_word' id='word_1_797' title='bbox 2882 3771 3122 3838; x_wconf 87' lang='lat' dir='ltr'><strong>quidem,</strong></span> <span class='ocrx_word' id='word_1_798' title='bbox 3179 3772 3300 3839; x_wconf 81' lang='lat' dir='ltr'><strong>quia</strong></span> <span class='ocrx_word' id='word_1_799' title='bbox 3354 3773 3487 3824; x_wconf 77' lang='lat' dir='ltr'><strong>dixit</strong></span> <span class='ocrx_word' id='word_1_800' title='bbox 3534 3774 3650 3825; x_wconf 87' lang='lat' dir='ltr'><strong>ani-</strong></span> 
     </span>
    </p>
   </div>
   <div class='ocr_carea' id='block_1_100' title="bbox 2078 3859 3646 3930">
    <p class='ocr_par' dir='ltr' id='par_1_100' title="bbox 2078 3859 3646 3930">
     <span class='ocr_line' id='line_1_100' title="bbox 2078 3859 3646 3930; baseline 0.002 -18"><span class='ocrx_word' id='word_1_801' title='bbox 2078 3877 2225 3914; x_wconf 80' lang='lat' dir='ltr'><strong>mant</strong></span> <span class='ocrx_word' id='word_1_802' title='bbox 2274 3875 2452 3914; x_wconf 91' lang='lat' dir='ltr'><strong>rerum</strong></span> <span class='ocrx_word' id='word_1_803' title='bbox 2501 3859 2922 3924; x_wconf 89' lang='lat' dir='ltr'><strong>intellectilium,</strong></span> <span class='ocrx_word' id='word_1_804' title='bbox 2973 3861 3184 3930; x_wconf 85' lang='lat' dir='ltr'><strong>species</strong></span> <span class='ocrx_word' id='word_1_805' title='bbox 3227 3863 3488 3930; x_wconf 88' lang='lat' dir='ltr'><strong>recipere,</strong></span> <span class='ocrx_word' id='word_1_806' title='bbox 3537 3862 3646 3916; x_wconf 88' lang='lat' dir='ltr'><strong>sic-</strong></span> 
     </span>
    </p>
   </div>
   <div class='ocr_carea' id='block_1_101' title="bbox 2076 3953 3648 4023">
    <p class='ocr_par' dir='ltr' id='par_1_101' title="bbox 2076 3953 3648 4023">
     <span class='ocr_line' id='line_1_101' title="bbox 2076 3953 3648 4023; baseline 0.004 -22"><span class='ocrx_word' id='word_1_807' title='bbox 2076 3968 2182 4020; x_wconf 86' lang='lat' dir='ltr'><strong>que</strong></span> <span class='ocrx_word' id='word_1_808' title='bbox 2217 3954 2455 4020; x_wconf 88' lang='lat' dir='ltr'><strong>operari,</strong></span> <span class='ocrx_word' id='word_1_809' title='bbox 2480 3954 2643 4023; x_wconf 89' lang='lat' dir='ltr'><strong>idque</strong></span> <span class='ocrx_word' id='word_1_810' title='bbox 2692 3967 2813 4009; x_wconf 87' lang='lat' dir='ltr'><strong>esse</strong></span> <span class='ocrx_word' id='word_1_811' title='bbox 2859 3954 3212 4022; x_wconf 87' lang='lat' dir='ltr'><strong>quamobrem</strong></span> <span class='ocrx_word' id='word_1_812' title='bbox 3272 3954 3442 4023; x_wconf 88' lang='lat' dir='ltr'><strong>ipsam</strong></span> <span class='ocrx_word' id='word_1_813' title='bbox 3494 3953 3648 4007; x_wconf 82' lang='lat' dir='ltr'><strong>Plato</strong></span> 
     </span>
    </p>
   </div>
   <div class='ocr_carea' id='block_1_102' title="bbox 2076 4045 3650 4114">
    <p class='ocr_par' dir='ltr' id='par_1_102' title="bbox 2076 4045 3650 4114">
     <span class='ocr_line' id='line_1_102' title="bbox 2076 4045 3650 4114; baseline 0.002 -17"><span class='ocrx_word' id='word_1_814' title='bbox 2076 4045 2369 4097; x_wconf 87' lang='lat' dir='ltr'><strong>formarum</strong></span> <span class='ocrx_word' id='word_1_815' title='bbox 2410 4045 2856 4113; x_wconf 87' lang='lat' dir='ltr'><strong>conceptaculum</strong></span> <span class='ocrx_word' id='word_1_816' title='bbox 2892 4054 3067 4099; x_wconf 85' lang='lat' dir='ltr'><strong>vocat.</strong></span> <span class='ocrx_word' id='word_1_817' title='bbox 3125 4045 3331 4114; x_wconf 91' lang='lat' dir='ltr'><strong>Duplici</strong></span> <span class='ocrx_word' id='word_1_818' title='bbox 3384 4061 3509 4100; x_wconf 85' lang='lat' dir='ltr'><strong>vero</strong></span> <span class='ocrx_word' id='word_1_819' title='bbox 3554 4060 3650 4100; x_wconf 86' lang='lat' dir='ltr'><strong>no-</strong></span> 
     </span>
    </p>
   </div>
   <div class='ocr_carea' id='block_1_103' title="bbox 2078 4134 3644 4204">
    <p class='ocr_par' dir='ltr' id='par_1_103' title="bbox 2078 4134 3644 4204">
     <span class='ocr_line' id='line_1_103' title="bbox 2078 4134 3644 4204; baseline 0.001 -18"><span class='ocrx_word' id='word_1_820' title='bbox 2078 4136 2220 4189; x_wconf 89' lang='lat' dir='ltr'><strong>mine</strong></span> <span class='ocrx_word' id='word_1_821' title='bbox 2250 4135 2595 4202; x_wconf 87' lang='lat' dir='ltr'><strong>rcprehendit</strong></span> <span class='ocrx_word' id='word_1_822' title='bbox 2638 4151 2653 4190; x_wconf 87' lang='lat'><strong>:</strong></span> <span class='ocrx_word' id='word_1_823' title='bbox 2689 4134 2921 4204; x_wconf 89' lang='lat' dir='ltr'><strong>primum</strong></span> <span class='ocrx_word' id='word_1_824' title='bbox 2987 4135 3115 4204; x_wconf 89' lang='lat' dir='ltr'><strong>quia</strong></span> <span class='ocrx_word' id='word_1_825' title='bbox 3156 4148 3371 4191; x_wconf 89' lang='lat' dir='ltr'><strong>omnem</strong></span> <span class='ocrx_word' id='word_1_826' title='bbox 3411 4136 3644 4189; x_wconf 86' lang='lat' dir='ltr'><strong>animam</strong></span> 
     </span>
    </p>
   </div>
   <div class='ocr_carea' id='block_1_104' title="bbox 2076 4226 3651 4298">
    <p class='ocr_par' dir='ltr' id='par_1_104' title="bbox 2076 4226 3651 4298">
     <span class='ocr_line' id='line_1_104' title="bbox 2076 4226 3651 4298; baseline 0.002 -20"><span class='ocrx_word' id='word_1_827' title='bbox 2076 4226 2224 4278; x_wconf 82' lang='lat' dir='ltr'><strong>Plato</strong></span> <span class='ocrx_word' id='word_1_828' title='bbox 2280 4228 2569 4280; x_wconf 85' lang='lat' dir='ltr'><strong>formarum</strong></span> <span class='ocrx_word' id='word_1_829' title='bbox 2621 4226 2797 4281; x_wconf 89' lang='lat' dir='ltr'><strong>locum</strong></span> <span class='ocrx_word' id='word_1_830' title='bbox 2835 4228 3092 4297; x_wconf 87' lang='lat' dir='ltr'><strong>appellat,</strong></span> <span class='ocrx_word' id='word_1_831' title='bbox 3126 4243 3305 4298; x_wconf 90' lang='lat' dir='ltr'><strong>neque</strong></span> <span class='ocrx_word' id='word_1_832' title='bbox 3333 4228 3501 4281; x_wconf 88' lang='lat' dir='ltr'><strong>solam</strong></span> <span class='ocrx_word' id='word_1_833' title='bbox 3557 4243 3651 4281; x_wconf 84' lang='lat' dir='ltr'><strong>ra—</strong></span> 
     </span>
    </p>
   </div>
   <div class='ocr_carea' id='block_1_105' title="bbox 2080 4318 3655 4388">
    <p class='ocr_par' dir='ltr' id='par_1_105' title="bbox 2080 4318 3655 4388">
     <span class='ocr_line' id='line_1_105' title="bbox 2080 4318 3655 4388; baseline 0.001 -18"><span class='ocrx_word' id='word_1_834' title='bbox 2080 4321 2222 4371; x_wconf 87' lang='lat' dir='ltr'><strong>tione</strong></span> <span class='ocrx_word' id='word_1_835' title='bbox 2274 4320 2575 4385; x_wconf 68' lang='lat' dir='ltr'><strong>prmditam,</strong></span> <span class='ocrx_word' id='word_1_836' title='bbox 2636 4334 2796 4388; x_wconf 79' lang='lat' dir='ltr'><strong>quam</strong></span> <span class='ocrx_word' id='word_1_837' title='bbox 2851 4320 2999 4374; x_wconf 88' lang='lat' dir='ltr'><strong>solus</strong></span> <span class='ocrx_word' id='word_1_838' title='bbox 3056 4318 3144 4373; x_wconf 88' lang='lat' dir='ltr'><strong>ille</strong></span> <span class='ocrx_word' id='word_1_839' title='bbox 3188 4329 3242 4374; x_wconf 90' lang='lat' dir='ltr'><strong>et</strong></span> <span class='ocrx_word' id='word_1_840' title='bbox 3300 4320 3532 4373; x_wconf 84' lang='lat' dir='ltr'><strong>animam</strong></span> <span class='ocrx_word' id='word_1_841' title='bbox 3594 4320 3655 4372; x_wconf 83' lang='lat' dir='ltr'><strong>et</strong></span> 
     </span>
    </p>
   </div>
   <div class='ocr_carea' id='block_1_106' title="bbox 2079 4409 3654 4479">
    <p class='ocr_par' dir='ltr' id='par_1_106' title="bbox 2079 4409 3654 4479">
     <span class='ocr_line' id='line_1_106' title="bbox 2079 4409 3654 4479; baseline 0 -17"><span class='ocrx_word' id='word_1_842' title='bbox 2079 4413 2373 4464; x_wconf 75' lang='lat' dir='ltr'><strong>formarum</strong></span> <span class='ocrx_word' id='word_1_843' title='bbox 2434 4409 2830 4479; x_wconf 88' lang='lat' dir='ltr'><strong>receptaculum</strong></span> <span class='ocrx_word' id='word_1_844' title='bbox 2865 4420 3040 4476; x_wconf 83' lang='lat' dir='ltr'><strong>vocat;</strong></span> <span class='ocrx_word' id='word_1_845' title='bbox 3080 4419 3308 4465; x_wconf 60' lang='lat' dir='ltr'><strong>caeteras</strong></span> <span class='ocrx_word' id='word_1_846' title='bbox 3363 4409 3417 4463; x_wconf 91' lang='lat' dir='ltr'><strong>in</strong></span> <span class='ocrx_word' id='word_1_847' title='bbox 3470 4409 3654 4462; x_wconf 56' lang='lat' dir='ltr'><strong>anima»</strong></span> 
     </span>
    </p>
   </div>
   <div class='ocr_carea' id='block_1_107' title="bbox 2601 4499 3651 4571">
    <p class='ocr_par' dir='ltr' id='par_1_107' title="bbox 2601 4499 3651 4571">
     <span class='ocr_line' id='line_1_107' title="bbox 2601 4499 3651 4571; baseline -0.001 -19"><span class='ocrx_word' id='word_1_848' title='bbox 2601 4499 2847 4553; x_wconf 90' lang='lat' dir='ltr'><strong>Secundo</strong></span> <span class='ocrx_word' id='word_1_849' title='bbox 2925 4502 3273 4571; x_wconf 83' lang='lat' dir='ltr'><strong>reprehendit</strong></span> <span class='ocrx_word' id='word_1_850' title='bbox 3346 4500 3651 4565; x_wconf 85' lang='lat' dir='ltr'><strong>Platonem,</strong></span> 
     </span>
    </p>
   </div>
   <div class='ocr_carea' id='block_1_108' title="bbox 2080 4592 3650 4661">
    <p class='ocr_par' dir='ltr' id='par_1_108' title="bbox 2080 4592 3650 4661">
     <span class='ocr_line' id='line_1_108' title="bbox 2080 4592 3650 4661; baseline -0.001 -14"><span class='ocrx_word' id='word_1_851' title='bbox 2080 4596 2204 4661; x_wconf 87' lang='lat' dir='ltr'><strong>quia</strong></span> <span class='ocrx_word' id='word_1_852' title='bbox 2261 4594 2309 4645; x_wconf 89' lang='lat' dir='ltr'><strong>in</strong></span> <span class='ocrx_word' id='word_1_853' title='bbox 2370 4593 2546 4644; x_wconf 89' lang='lat' dir='ltr'><strong>anima</strong></span> <span class='ocrx_word' id='word_1_854' title='bbox 2585 4592 2809 4659; x_wconf 85' lang='lat' dir='ltr'><strong>fortnas,</strong></span> <span class='ocrx_word' id='word_1_855' title='bbox 2845 4602 2987 4657; x_wconf 89' lang='lat' dir='ltr'><strong>actu,</strong></span> <span class='ocrx_word' id='word_1_856' title='bbox 3048 4608 3153 4647; x_wconf 91' lang='lat' dir='ltr'><strong>non</strong></span> <span class='ocrx_word' id='word_1_857' title='bbox 3212 4602 3474 4661; x_wconf 90' lang='lat' dir='ltr'><strong>potestate</strong></span> <span class='ocrx_word' id='word_1_858' title='bbox 3528 4606 3650 4646; x_wconf 86' lang='lat' dir='ltr'><strong>esse</strong></span> 
     </span>
    </p>
   </div>
   <div class='ocr_carea' id='block_1_109' title="bbox 2079 4684 3649 4755">
    <p class='ocr_par' dir='ltr' id='par_1_109' title="bbox 2079 4684 3649 4755">
     <span class='ocr_line' id='line_1_109' title="bbox 2079 4684 3649 4755; baseline 0.001 -16"><span class='ocrx_word' id='word_1_859' title='bbox 2079 4687 2225 4739; x_wconf 80' lang='lat' dir='ltr'><strong>dicit.</strong></span> <span class='ocrx_word' id='word_1_860' title='bbox 2262 4684 2413 4737; x_wconf 74' lang='lat' dir='ltr'><strong>litant</strong></span> <span class='ocrx_word' id='word_1_861' title='bbox 2460 4684 2603 4736; x_wconf 90' lang='lat' dir='ltr'><strong>enim</strong></span> <span class='ocrx_word' id='word_1_862' title='bbox 2660 4684 2986 4739; x_wconf 82' lang='lat' dir='ltr'><strong>Aristoteles</strong></span> <span class='ocrx_word' id='word_1_863' title='bbox 3025 4687 3185 4740; x_wconf 63' lang='lat' dir='ltr'><strong>nudae</strong></span> <span class='ocrx_word' id='word_1_864' title='bbox 3241 4700 3308 4740; x_wconf 85' lang='lat' dir='ltr'><strong>ac</strong></span> <span class='ocrx_word' id='word_1_865' title='bbox 3369 4701 3515 4755; x_wconf 70' lang='lat' dir='ltr'><strong>pura:</strong></span> <span class='ocrx_word' id='word_1_866' title='bbox 3570 4695 3649 4740; x_wconf 89' lang='lat' dir='ltr'><strong>ta-</strong></span> 
     </span>
    </p>
   </div>
   <div class='ocr_carea' id='block_1_110' title="bbox 2077 4778 3647 4848">
    <p class='ocr_par' dir='ltr' id='par_1_110' title="bbox 2077 4778 3647 4848">
     <span class='ocr_line' id='line_1_110' title="bbox 2077 4778 3647 4848; baseline 0.001 -17"><span class='ocrx_word' id='word_1_867' title='bbox 2077 4778 2212 4831; x_wconf 73' lang='lat' dir='ltr'><strong>bula:</strong></span> <span class='ocrx_word' id='word_1_868' title='bbox 2257 4778 2485 4831; x_wconf 83' lang='lat' dir='ltr'><strong>similem</strong></span> <span class='ocrx_word' id='word_1_869' title='bbox 2530 4778 2681 4844; x_wconf 83' lang='lat' dir='ltr'><strong>facit,</strong></span> <span class='ocrx_word' id='word_1_870' title='bbox 2712 4786 2767 4832; x_wconf 89' lang='lat' dir='ltr'><strong>et</strong></span> <span class='ocrx_word' id='word_1_871' title='bbox 2802 4779 3004 4848; x_wconf 87' lang='lat' dir='ltr'><strong>aliquid</strong></span> <span class='ocrx_word' id='word_1_872' title='bbox 3033 4780 3316 4835; x_wconf 88' lang='lat' dir='ltr'><strong>addiscere</strong></span> <span class='ocrx_word' id='word_1_873' title='bbox 3349 4780 3519 4848; x_wconf 83' lang='lat' dir='ltr'><strong>ipsam</strong></span> <span class='ocrx_word' id='word_1_874' title='bbox 3562 4778 3647 4833; x_wconf 86' lang='lat' dir='ltr'><strong>af-</strong></span> 
     </span>
    </p>
   </div>
   <div class='ocr_carea' id='block_1_111' title="bbox 2077 4866 3647 4939">
    <p class='ocr_par' dir='ltr' id='par_1_111' title="bbox 2077 4866 3647 4939">
     <span class='ocr_line' id='line_1_111' title="bbox 2077 4866 3647 4939; baseline 0.001 -17"><span class='ocrx_word' id='word_1_875' title='bbox 2077 4868 2255 4922; x_wconf 84' lang='lat' dir='ltr'><strong>firmat</strong></span> <span class='ocrx_word' id='word_1_876' title='bbox 2284 4907 2295 4918; x_wconf 89' lang='lat'><strong>.</strong></span> <span class='ocrx_word' id='word_1_877' title='bbox 2348 4878 2403 4922; x_wconf 88' lang='lat' dir='ltr'><strong>at</strong></span> <span class='ocrx_word' id='word_1_878' title='bbox 2454 4866 2603 4922; x_wconf 85' lang='lat' dir='ltr'><strong>Plato</strong></span> <span class='ocrx_word' id='word_1_879' title='bbox 2634 4870 2943 4939; x_wconf 69' lang='lat' dir='ltr'><strong>perscriptas</strong></span> <span class='ocrx_word' id='word_1_880' title='bbox 2988 4870 3191 4924; x_wconf 71' lang='lat' dir='ltr'><strong>cltartze</strong></span> <span class='ocrx_word' id='word_1_881' title='bbox 3220 4870 3457 4924; x_wconf 87' lang='lat' dir='ltr'><strong>animam</strong></span> <span class='ocrx_word' id='word_1_882' title='bbox 3491 4884 3647 4925; x_wconf 86' lang='lat' dir='ltr'><strong>com-</strong></span> 
     </span>
    </p>
   </div>
   <div class='ocr_carea' id='block_1_112' title="bbox 2077 4959 3649 5031">
    <p class='ocr_par' dir='ltr' id='par_1_112' title="bbox 2077 4959 3649 5031">
     <span class='ocr_line' id='line_1_112' title="bbox 2077 4959 3649 5031; baseline 0.002 -19"><span class='ocrx_word' id='word_1_883' title='bbox 2077 4969 2249 5028; x_wconf 87' lang='lat' dir='ltr'><strong>parat,</strong></span> <span class='ocrx_word' id='word_1_884' title='bbox 2314 4970 2370 5013; x_wconf 90' lang='lat' dir='ltr'><strong>et</strong></span> <span class='ocrx_word' id='word_1_885' title='bbox 2418 4960 2629 5015; x_wconf 86' lang='lat' dir='ltr'><strong>discere</strong></span> <span class='ocrx_word' id='word_1_886' title='bbox 2702 4971 2859 5016; x_wconf 83' lang='lat' dir='ltr'><strong>vocat</strong></span> <span class='ocrx_word' id='word_1_887' title='bbox 2914 4961 3211 5016; x_wconf 90' lang='lat' dir='ltr'><strong>reminisci.</strong></span> <span class='ocrx_word' id='word_1_888' title='bbox 3264 4959 3399 5015; x_wconf 88' lang='lat' dir='ltr'><strong>Cum</strong></span> <span class='ocrx_word' id='word_1_889' title='bbox 3450 4961 3649 5031; x_wconf 76' lang='lat' dir='ltr'><strong>duplex</strong></span> 
     </span>
    </p>
   </div>
   <div class='ocr_carea' id='block_1_113' title="bbox 2077 5050 3648 5123">
    <p class='ocr_par' dir='ltr' id='par_1_113' title="bbox 2077 5050 3648 5123">
     <span class='ocr_line' id='line_1_113' title="bbox 2077 5050 3648 5123; baseline 0.003 -19"><span class='ocrx_word' id='word_1_890' title='bbox 2077 5050 2149 5105; x_wconf 88' lang='lat' dir='ltr'><strong>sit</strong></span> <span class='ocrx_word' id='word_1_891' title='bbox 2181 5051 2232 5105; x_wconf 93' lang='lat' dir='ltr'><strong>in</strong></span> <span class='ocrx_word' id='word_1_892' title='bbox 2266 5051 2420 5105; x_wconf 91' lang='lat' dir='ltr'><strong>nobis</strong></span> <span class='ocrx_word' id='word_1_893' title='bbox 2438 5052 2696 5121; x_wconf 78' lang='lat' dir='ltr'><strong>cognitio,</strong></span> <span class='ocrx_word' id='word_1_894' title='bbox 2762 5068 2883 5106; x_wconf 92' lang='lat' dir='ltr'><strong>cum</strong></span> <span class='ocrx_word' id='word_1_895' title='bbox 2919 5055 3152 5117; x_wconf 90' lang='lat' dir='ltr'><strong>ratione,</strong></span> <span class='ocrx_word' id='word_1_896' title='bbox 3178 5053 3357 5123; x_wconf 84' lang='lat' dir='ltr'><strong>qualis</strong></span> <span class='ocrx_word' id='word_1_897' title='bbox 3385 5063 3470 5110; x_wconf 88' lang='lat' dir='ltr'><strong>est</strong></span> <span class='ocrx_word' id='word_1_898' title='bbox 3495 5070 3648 5109; x_wconf 88' lang='lat' dir='ltr'><strong>men-</strong></span> 
     </span>
    </p>
   </div>
   <div class='ocr_carea' id='block_1_114' title="bbox 2080 5142 3645 5216">
    <p class='ocr_par' dir='ltr' id='par_1_114' title="bbox 2080 5142 3645 5216">
     <span class='ocr_line' id='line_1_114' title="bbox 2080 5142 3645 5216; baseline 0.002 -18"><span class='ocrx_word' id='word_1_899' title='bbox 2080 5142 2169 5209; x_wconf 90' lang='lat' dir='ltr'><strong>tis,</strong></span> <span class='ocrx_word' id='word_1_900' title='bbox 2218 5154 2273 5197; x_wconf 92' lang='lat' dir='ltr'><strong>et</strong></span> <span class='ocrx_word' id='word_1_901' title='bbox 2301 5146 2419 5198; x_wconf 87' lang='lat' dir='ltr'><strong>sine</strong></span> <span class='ocrx_word' id='word_1_902' title='bbox 2444 5146 2672 5207; x_wconf 87' lang='lat' dir='ltr'><strong>ratione,</strong></span> <span class='ocrx_word' id='word_1_903' title='bbox 2722 5144 3134 5211; x_wconf 77' lang='lat' dir='ltr'><strong>cujusmodiest</strong></span> <span class='ocrx_word' id='word_1_904' title='bbox 3169 5161 3382 5210; x_wconf 69' lang='lat' dir='ltr'><strong>sensus,</strong></span> <span class='ocrx_word' id='word_1_905' title='bbox 3448 5147 3645 5216; x_wconf 81' lang='lat' dir='ltr'><strong>duplex</strong></span> 
     </span>
    </p>
   </div>
   <div class='ocr_carea' id='block_1_115' title="bbox 2076 5247 3644 5311">
    <p class='ocr_par' dir='ltr' id='par_1_115' title="bbox 2076 5247 3644 5311">
     <span class='ocr_line' id='line_1_115' title="bbox 2076 5247 3644 5311; baseline 0.003 -17"><span class='ocrx_word' id='word_1_906' title='bbox 2076 5256 2288 5311; x_wconf 83' lang='lat' dir='ltr'><strong>quoque</strong></span> <span class='ocrx_word' id='word_1_907' title='bbox 2337 5247 2419 5294; x_wconf 88' lang='lat' dir='ltr'><strong>est</strong></span> <span class='ocrx_word' id='word_1_908' title='bbox 2492 5254 2660 5308; x_wconf 74' lang='lat' dir='ltr'><strong>genus</strong></span> <span class='ocrx_word' id='word_1_909' title='bbox 2726 5254 2913 5295; x_wconf 88' lang='lat' dir='ltr'><strong>eorum</strong></span> <span class='ocrx_word' id='word_1_910' title='bbox 2984 5256 3103 5310; x_wconf 59' lang='lat' dir='ltr'><strong>quas</strong></span> <span class='ocrx_word' id='word_1_911' title='bbox 3164 5250 3565 5309; x_wconf 75' lang='lat' dir='ltr'><strong>cognoscuntur</strong></span> <span class='ocrx_word' id='word_1_912' title='bbox 3625 5260 3644 5298; x_wconf 91' lang='lat'><strong>:</strong></span> 
     </span>
    </p>
   </div>
   <div class='ocr_carea' id='block_1_116' title="bbox 2077 5332 3642 5402">
    <p class='ocr_par' dir='ltr' id='par_1_116' title="bbox 2077 5332 3642 5402">
     <span class='ocr_line' id='line_1_116' title="bbox 2077 5332 3642 5402; baseline 0.002 -18"><span class='ocrx_word' id='word_1_913' title='bbox 2077 5332 2180 5385; x_wconf 87' lang='lat' dir='ltr'><strong>alia</strong></span> <span class='ocrx_word' id='word_1_914' title='bbox 2214 5332 2494 5385; x_wconf 89' lang='lat' dir='ltr'><strong>materiata</strong></span> <span class='ocrx_word' id='word_1_915' title='bbox 2529 5341 2583 5385; x_wconf 92' lang='lat' dir='ltr'><strong>et</strong></span> <span class='ocrx_word' id='word_1_916' title='bbox 2631 5346 2751 5400; x_wconf 69' lang='lat' dir='ltr'><strong>quae</strong></span> <span class='ocrx_word' id='word_1_917' title='bbox 2816 5332 3064 5386; x_wconf 81' lang='lat' dir='ltr'><strong>sensibus</strong></span> <span class='ocrx_word' id='word_1_918' title='bbox 3108 5332 3476 5402; x_wconf 84' lang='lat' dir='ltr'><strong>objiciuntur;</strong></span> <span class='ocrx_word' id='word_1_919' title='bbox 3536 5332 3642 5388; x_wconf 85' lang='lat' dir='ltr'><strong>alia</strong></span> 
     </span>
    </p>
   </div>
   <div class='ocr_carea' id='block_1_117' title="bbox 2080 5423 3651 5495">
    <p class='ocr_par' dir='ltr' id='par_1_117' title="bbox 2080 5423 3651 5495">
     <span class='ocr_line' id='line_1_117' title="bbox 2080 5423 3651 5495; baseline 0.002 -17"><span class='ocrx_word' id='word_1_920' title='bbox 2080 5423 2459 5478; x_wconf 86' lang='lat' dir='ltr'><strong>immateriata.</strong></span> <span class='ocrx_word' id='word_1_921' title='bbox 2514 5423 2720 5489; x_wconf 75' lang='lat' dir='ltr'><strong>Quaerit</strong></span> <span class='ocrx_word' id='word_1_922' title='bbox 2757 5424 2959 5478; x_wconf 84' lang='lat' dir='ltr'><strong>idcirco</strong></span> <span class='ocrx_word' id='word_1_923' title='bbox 3022 5423 3355 5491; x_wconf 79' lang='lat' dir='ltr'><strong>Aristoteles,</strong></span> <span class='ocrx_word' id='word_1_924' title='bbox 3417 5440 3485 5479; x_wconf 90' lang='lat' dir='ltr'><strong>an</strong></span> <span class='ocrx_word' id='word_1_925' title='bbox 3525 5440 3651 5495; x_wconf 60' lang='lat' dir='ltr'><strong>pro.</strong></span> 
     </span>
    </p>
   </div>
   <div class='ocr_carea' id='block_1_118' title="bbox 2078 5515 3646 5585">
    <p class='ocr_par' dir='ltr' id='par_1_118' title="bbox 2078 5515 3646 5585">
     <span class='ocr_line' id='line_1_118' title="bbox 2078 5515 3646 5585; baseline 0 -16"><span class='ocrx_word' id='word_1_926' title='bbox 2078 5517 2247 5582; x_wconf 89' lang='lat' dir='ltr'><strong>prium</strong></span> <span class='ocrx_word' id='word_1_927' title='bbox 2300 5515 2569 5582; x_wconf 87' lang='lat' dir='ltr'><strong>objeetum</strong></span> <span class='ocrx_word' id='word_1_928' title='bbox 2620 5516 2869 5584; x_wconf 63' lang='lat' dir='ltr'><strong>quaelibet</strong></span> <span class='ocrx_word' id='word_1_929' title='bbox 2922 5515 3155 5571; x_wconf 85' lang='lat' dir='ltr'><strong>facultas</strong></span> <span class='ocrx_word' id='word_1_930' title='bbox 3218 5525 3529 5585; x_wconf 79' lang='lat' dir='ltr'><strong>cognoscat,</strong></span> <span class='ocrx_word' id='word_1_931' title='bbox 3585 5517 3646 5569; x_wconf 88' lang='lat' dir='ltr'><strong>&#39;ut</strong></span> 
     </span>
    </p>
   </div>
   <div class='ocr_carea' id='block_1_119' title="bbox 2078 5606 3647 5676">
    <p class='ocr_par' dir='ltr' id='par_1_119' title="bbox 2078 5606 3647 5676">
     <span class='ocr_line' id='line_1_119' title="bbox 2078 5606 3647 5676; baseline 0 -15"><span class='ocrx_word' id='word_1_932' title='bbox 2078 5608 2301 5661; x_wconf 86' lang='lat' dir='ltr'><strong>rationis</strong></span> <span class='ocrx_word' id='word_1_933' title='bbox 2353 5622 2569 5676; x_wconf 82' lang='lat' dir='ltr'><strong>expers,</strong></span> <span class='ocrx_word' id='word_1_934' title='bbox 2629 5609 2932 5671; x_wconf 86' lang='lat' dir='ltr'><strong>materiata,</strong></span> <span class='ocrx_word' id='word_1_935' title='bbox 2993 5606 3330 5663; x_wconf 85' lang='lat' dir='ltr'><strong>rationabilis</strong></span> <span class='ocrx_word' id='word_1_936' title='bbox 3394 5607 3647 5661; x_wconf 79' lang='lat' dir='ltr'><strong>immate-</strong></span> 
     </span>
    </p>
   </div>
   <div class='ocr_carea' id='block_1_120' title="bbox 2079 5695 3649 5752">
    <p class='ocr_par' dir='ltr' id='par_1_120' title="bbox 2079 5695 3649 5752">
     <span class='ocr_line' id='line_1_120' title="bbox 2079 5695 3649 5752; baseline -0.001 -2"><span class='ocrx_word' id='word_1_937' title='bbox 2079 5700 2211 5751; x_wconf 90' lang='lat' dir='ltr'><strong>riata</strong></span> <span class='ocrx_word' id='word_1_938' title='bbox 2240 5706 2473 5752; x_wconf 89' lang='lat' dir='ltr'><strong>tantum.</strong></span> <span class='ocrx_word' id='word_1_939' title='bbox 2523 5698 2604 5751; x_wconf 81' lang='lat' dir='ltr'><strong>An</strong></span> <span class='ocrx_word' id='word_1_940' title='bbox 2651 5710 2780 5751; x_wconf 77' lang='lat' dir='ltr'><strong>vero</strong></span> <span class='ocrx_word' id='word_1_941' title='bbox 2831 5695 3218 5751; x_wconf 88' lang='lat' dir='ltr'><strong>irrationabilis</strong></span> <span class='ocrx_word' id='word_1_942' title='bbox 3249 5695 3360 5749; x_wconf 87' lang='lat' dir='ltr'><strong>sola</strong></span> <span class='ocrx_word' id='word_1_943' title='bbox 3395 5695 3649 5749; x_wconf 75' lang='lat' dir='ltr'><strong>immate—</strong></span> 
     </span>
    </p>
   </div>
   <div class='ocr_carea' id='block_1_121' title="bbox 2080 5787 3642 5857">
    <p class='ocr_par' dir='ltr' id='par_1_121' title="bbox 2080 5787 3642 5857">
     <span class='ocr_line' id='line_1_121' title="bbox 2080 5787 3642 5857; baseline -0.003 -12"><span class='ocrx_word' id='word_1_944' title='bbox 2080 5792 2212 5845; x_wconf 88' lang='lat' dir='ltr'><strong>riata</strong></span> <span class='ocrx_word' id='word_1_945' title='bbox 2236 5790 2376 5846; x_wconf 88' lang='lat' dir='ltr'><strong>norit</strong></span> <span class='ocrx_word' id='word_1_946' title='bbox 2421 5806 2434 5841; x_wconf 91' lang='lat'><strong>:</strong></span> <span class='ocrx_word' id='word_1_947' title='bbox 2494 5800 2549 5844; x_wconf 87' lang='lat' dir='ltr'><strong>at</strong></span> <span class='ocrx_word' id='word_1_948' title='bbox 2602 5788 2822 5844; x_wconf 88' lang='lat' dir='ltr'><strong>rationis</strong></span> <span class='ocrx_word' id='word_1_949' title='bbox 2874 5802 3112 5857; x_wconf 86' lang='lat' dir='ltr'><strong>compos,</strong></span> <span class='ocrx_word' id='word_1_950' title='bbox 3173 5794 3231 5842; x_wconf 92' lang='lat' dir='ltr'><strong>ut</strong></span> <span class='ocrx_word' id='word_1_951' title='bbox 3278 5787 3642 5857; x_wconf 67' lang='lat' dir='ltr'><strong>praestantior,</strong></span> 
     </span>
    </p>
   </div>
  </div>
