4430 6448
847 412 984 476 1063

2114 406 2533 464 MitlllAEHS
2578 404 2834 463 I’SELLI

3953 411 4089 472 1061

848 546 953 584 non
1016 530 1189 583 solum
1250 527 1531 580 materiata
1599 526 1758 591 norit,
1803 528 1895 578 sed
1941 528 2101 579 etiam
2162 526 2402 577 innnate—
2434 524 2577 591 Ακὴ

2339 540 2402 576 ,e-
2434 536 2481 590 Α
2511 524 2577 591 κὴ
2614 526 2671 573 οῦ
2709 524 2868 589 μόνον
2924 519 2986 572 τὰ
3016 521 3154 572 ἅῦλα
3189 517 3345 585 οἶδεν,
3384 522 3516 573 ἀλλὰ
3560 525 3651 575 καὶ
3696 527 3763 578 τά
3803 526 3978 581 ἔνυλα.
4031 530 4088 579 Ὁ

847 624 1006 676 riata.
1070 623 1243 688 Atque
1283 618 1334 671 in
1371 634 1431 672 re
1476 634 1579 674 non
1639 632 1826 685 parum
1870 618 2136 684 implicata
2167 617 2242 670 sic
2298 628 2407 669 sta-

847 717 971 779 tuit,
1028 711 1401 767 rationabilem
1451 726 1554 765 non
1610 710 1780 764 solum
1842 726 2018 771 nosse,
2074 724 2188 776 qua:
2237 723 2264 760 a
2300 725 2411 761 ma-

848 805 978 859 teria
1032 813 1243 857 secreta
1294 813 1438 865 sunt,
1484 802 1577 856 sed
1611 802 1776 855 etiam
1812 806 2113 855 matcriata.
2137 799 2235 865 Qui
2266 802 2408 854 enim

842 896 1223 965 praestantiora
1275 895 1442 958 novit,
1511 894 1781 948 deteriora
1849 893 2015 945 multo
2086 894 2275 962 ttiagis.
2342 894 2411 944 At

846 986 1207 1040 innuateriata
1268 986 1567 1054 cognoscit.
1614 984 1776 1039 Plane
1837 985 1999 1053 igitur
2046 994 2097 1038 et
2130 986 2213 1037 liis
2256 985 2411 1052 igno-

846 1076 1039 1129 biliora
1101 1075 1483 1137 considerabit,
1540 1077 1640 1129 hoc
1693 1082 1776 1128 est
1835 1074 2141 1127 materiala.
2181 1072 2235 1127 Si
2265 1075 2409 1127 enim

844 1182 1022 1231 mens,
1074 1182 1194 1235 qua:
1243 1181 1364 1220 cum
1422 1167 1633 1220 ratione
1663 1165 1900 1234 cognitio
1942 1176 2043 1230 est,
2075 1165 2193 1218 sola
2222 1165 2414 1217 imma-

847 1257 1035 1310 teriata
1098 1256 1268 1321 novit,
1312 1270 1485 1324 neque
1538 1266 1714 1307 tamen
1767 1255 2074 1319 materiata,
2121 1269 2269 1307 mens
2312 1254 2414 1308 erit

844 1347 1239 1416 quodammodo
1270 1362 1373 1399 non
1427 1361 1598 1400 mens.
1643 1344 1774 1410 Quae
1808 1347 1955 1400 enim
1980 1346 2267 1399 materiata
2303 1360 2409 1397 non

844 1437 1129 1505 intelliget,
1159 1438 1261 1490 erit
1295 1438 1349 1490 in
1389 1438 1519 1505 ipsis
1575 1452 1679 1489 non
1729 1452 1898 1489 mens.
1953 1434 2055 1487 Sed
2118 1434 2410 1487 absurdum

844 1537 947 1587 est,
990 1536 1224 1579 mentem
1273 1526 1454 1593 aliquo
1509 1537 1666 1595 pacto
1701 1534 1967 1578 amentem
1990 1538 2109 1576 esse
2144 1522 2412 1590 :uonigi-

848 1628 936 1669 tur
990 1616 1099 1668 sula
1150 1615 1511 1667 immateriata
1566 1617 1732 1673 novit,
1783 1613 1879 1665 sed
1945 1615 2106 1664 etiam
2174 1615 2413 1667 materia:

851 1711 1124 1762 immersa.
1174 1707 1299 1762 lla-c
1349 1706 1686 1761 Aristoteles.
1744 1705 1926 1774 Itaque
1976 1722 2059 1759 res
2106 1708 2415 1761 materiatas

852 1810 1085 1852 tuentem
1153 1813 1312 1851 nosse
1335 1798 1459 1852 hinc
1504 1797 1813 1865 perSpicet-e
1865 1797 1984 1849 licet
2017 1796 2153 1849 :nisi
2188 1797 2409 1850 enimex

2515 620 2623 683 γάρ
2646 613 2798 675 εἰδὼς
2824 614 2891 666 τὰ
2929 613 3232 681 κρείττονα,
3264 614 3443 683 πολλῴ
3475 615 3635 667 πλέον
3666 618 3847 671 καὶτὰ
3872 620 4088 688 χείρονα

2543 704 2618 760 ἷόε
2650 706 2715 757 τὰ
2750 706 2913 761 ἄῦλα.
2951 707 3225 774 Σκοπὴσει
3274 708 3490 770 πάντως
3520 708 3599 776 (5)
3641 710 3735 761 καὶ
3772 711 3841 761 τά
3874 710 4090 781 χείρονα

2514 799 2619 850 τὼν
2648 797 2855 849 αὔλιον·
2891 799 2927 850 ἆ
2954 800 3064 849 ἐστι
3097 797 3166 848 τά
3203 797 3386 852 ἕννλα.
3446 800 3508 853 El
3536 800 3642 868 γὰρ
3668 801 3695 851 6
3728 800 3851 862 νοῦς
3876 804 3904 854 ὃ
3940 805 4088 855 ἐστιν

2514 890 2548 956 ἡ
2576 888 2766 956 λογικὴ
2822 887 3041 952 γνῶσις,
3078 886 3236 955 μόνον
3269 882 3376 940 οἶδε
3422 891 3492 940 τὰ
3538 889 3694 952 ἇῦλα,
3724 888 3798 959 μὴ
3827 892 4089 955 γινώσκει

2512 981 2570 1033 δὲ
2594 980 2686 1032 καὶ
2706 980 2773 1030 τά
2800 978 2984 1044 ἐνολα,
3018 980 3167 1031 ἔσται
3189 980 3216 1030 6
3246 976 3367 1039 νοῦς
3405 980 3546 1032 κατὰ
3574 997 3626 1031 τι
3658 982 3815 1044 ἄνους
3836 996 3850 1009 ·
3888 981 3956 1031 τά
3983 983 4089 1051 γαρ

2514 1072 2671 1126 Evolat
2722 1069 2796 1140 μὴ
2834 1070 2992 1131 νοῶν,
3048 1072 3207 1132 ἄνους
3244 1070 3394 1122 ἔσται
3442 1071 3559 1122 κατ’
3592 1072 3762 1124 αὑτά·
3815 1071 3949 1125 ἀλλὰ
3990 1076 4089 1140 μὲν

2513 1165 2712 1218 ἄτοπον
2759 1163 2848 1215 τὸν
2882 1160 3006 1214 νοῦν
3047 1163 3192 1214 κατά
3220 1180 3272 1214 τι
3308 1162 3465 1215 ἄνουν
3517 1159 3676 1217 εἶναι.
3721 1165 3835 1217 Οὐκ
3886 1166 3992 1235 ἄρα
4021 1164 4090 1217 τὰ

2514 1256 2652 1309 est:
2690 1257 2847 1325 μόνον
2869 1249 3029 1319 οἶδεν,
3065 1254 3200 1307 ἀλλὰ
3231 1258 3323 1307 καὶ
3353 1256 3418 1308 τὰ
3446 1254 3625 1309 ἔνυλα.
3666 1255 3777 1307 Καὶ
3799 1256 3970 1309 ταῦτα
3991 1255 4089 1326 μὲν

2513 1350 2541 1398 ὁ
2578 1342 2974 1416 Ἀριστοτέλης.
3014 1347 3135 1398 Ὅτι
3192 1344 3250 1397 δὲ
3302 1346 3397 1397 καὶ
3435 1347 3502 1399 τὰ
3529 1345 3689 1399 Evam
3726 1341 3867 1399 οἶδεν
3902 1349 3930 1398 6
3966 1347 4087 1408 νοῦς

2514 1437 2762 1490 ἐντεῦθεν
2794 1440 2911 1490 ἔστι
2956 1438 3209 1490 συνιδεῖν.
3245 1438 3307 1489 Εἰ
3333 1437 3442 1507 γὰρ
3477 1439 3550 1507 μὴ
3585 1439 3855 1507 ἠπίστατο
3896 1438 3962 1490 τὰ
4006 1439 4090 1488 ἕν-

2517 1527 2636 1592 υλα,
2673 1529 2788 1591 πῶς
2823 1530 3243 1600 ἐπιδιωροοῦται
3285 1529 3385 1599 τὴν
3416 1527 3691 1596 αἴσθησιν,
3752 1529 3965 1598 ὁρῶσαν
3993 1528 4091 1596 τὴν

2516 1620 2706 1691 κώπην
2730 1622 2787 1671 ὲν
2804 1620 2954 1672 ὕδατι
2986 1620 3383 1689 κεκλεισμένην,
3412 1620 3505 1672 καὶ
3527 1620 3616 1671 τὸν
3636 1621 3789 1689 ἥλιον
3816 1620 4053 1672 ποδιαῖον
4076 1635 4092 1680 ;

2516 1713 2690 1775 ἄλλως
2723 1729 2781 1764 τε
2810 1712 2866 1764 δὲ
2906 1710 3101 1779 ἔχομεν
3135 1712 3356 1775 κανόνα,
3393 1713 3474 1764 ὅτι
3504 1712 3565 1761 τὸ
3594 1712 3957 1776 ἐπιστάμενον
3982 1711 4097 1759 δια-

2520 1804 2690 1872 φορὰν
2726 1802 3090 1871 πραγμάτων,
3110 1802 3291 1871 πολλῷ
3318 1804 3518 1871 μᾶλλον
3550 1804 3689 1855 αὐτὰ
3718 1803 3841 1853 τάδε
3859 1817 3872 1829 ·
3901 1801 3975 1869 (6)
3996 1798 4095 1866 τὴν

853 1890 1077 1942 materia
1127 1901 1380 1943 concreta
1429 1881 1617 1948 sciret,
1680 1890 1951 1953 quomodo
2000 1902 2214 1939 sensum
2245 1888 2416 1940 corri-
2448 1885 2490 1939 Β
2523 1897 2602 1948 δια

2347 1888 2416 1939 Γί-
2448 1885 2490 1939 B
2523 1896 2786 1964 διαφοράν
2825 1894 2933 1945 τῶν
2966 1893 3144 1945 ἀΰλων
3173 1893 3308 1962 πρὸς
3350 1895 3415 1944 τὰ
3450 1894 3631 1955 Evolat,
3689 1890 3829 1944 οἶδεν
3858 1893 3965 1960 ἄρα
4003 1893 4096 1941 καὶ

849 1993 1021 2051 geret,
1076 1984 1163 2051 qui
1221 1997 1425 2035 remum
1468 1981 1697 2034 videtin
1740 1993 1878 2048 aqua
1932 1980 2180 2042 fractum,
2225 1988 2279 2033 et
2329 1994 2418 2032 so-

850 2076 954 2129 lem
990 2077 1162 2144 pedali
1220 2074 1589 2142 magnitudine
1624 2072 1647 2123 ?
1704 2070 2022 2139 Quanquam
2055 2082 2107 2125 et
2140 2073 2242 2125 alia
2269 2072 2421 2126 nobis

851 2168 1086 2233 suppetit
1153 2166 1357 2234 regula,
1413 2163 1538 2233 quia
1606 2163 1749 2232 quod
1827 2178 2004 2215 rermn
2066 2160 2419 2215 differentiam

853 2262 1020 2321 novit,
1081 2273 1166 2311 res
1207 2258 1352 2327 ipsas
1420 2257 1586 2309 multo
1646 2256 1839 2323 magis.
1892 2256 1959 2307 At
2013 2254 2299 2307 discrimen
2328 2267 2422 2306 en-

855 2370 993 2413 rum,
1060 2368 1179 2420 qua:
1239 2352 1357 2403 sine
1410 2348 1633 2402 materia
1703 2357 1847 2407 sunt,
1920 2362 2040 2399 cunt
2099 2344 2419 2406 tnaleriatis,

854 2448 1042 2508 novit;
1094 2460 1220 2512 ergo
1281 2453 1336 2496 et
1403 2440 1709 2493 materiata.
1764 2438 1868 2492 Sed
1921 2436 2151 2491 fortasse
2203 2436 2421 2500 dixeris,

851 2539 1030 2589 minus
1060 2546 1181 2604 apte
1210 2535 1336 2597 dici,
1375 2542 1607 2585 mentem
1672 2545 1757 2584 res
1813 2530 2079 2582 extrarius
2131 2528 2307 2591 scire;
2371 2530 2423 2580 id

853 2631 995 2680 enim
1045 2643 1236 2681 sensus
1292 2636 1395 2687 est,
1439 2640 1527 2677 res
1588 2623 1897 2675 matcriatas
1956 2633 2009 2674 et
2078 2620 2427 2687 particulares

854 2734 1180 2787 cognoscere
1216 2736 1229 2769 :
1266 2717 1545 2785 generales
1578 2713 1721 2767 cnint
1773 2721 2001 2776 tantum,
2059 2722 2113 2764 et
2158 2723 2275 2779 qua:
2309 2709 2427 2763 uni-

854 2824 1026 2863 versa:
1067 2819 1213 2874 sunt,
1260 2824 1412 2861 mens
1451 2807 1638 2859 novit:
1683 2819 1874 2859 sensus
1906 2816 2082 2858 autem
2134 2814 2217 2858 est
2270 2818 2427 2857 nosse

854 2904 1173 2972 singularia,
1204 2916 1433 2971 quaeque
1469 2908 1593 2954 sunt
1625 2901 1926 2951 materiata.
1966 2896 2069 2950 Sed
2116 2895 2427 2963 responderi

855 2998 919 3047 ad
955 2998 1053 3049 hoc
1112 3002 1306 3062 potest,
1359 3002 1593 3045 mentem
1644 2992 1885 3059 subjecto
1937 3006 2092 3041 unam
2138 3003 2277 3052 esse,
2343 3004 2428 3042 ra-

856 3066 1007 3141 tione
1063 3102 1188 3139 vero
1221 3086 1512 3137 diversam.
1562 3080 1713 3136 Meus
1766 3080 1908 3135 enim
1940 3081 2020 3133 vel
2054 3096 2147 3148 per
2199 3095 2256 3134 se
2312 3091 2429 3133 tan-

865 3192 974 3232 tum
1000 3166 1132 3246 -agit
1178 3191 1190 3225 :

860 3271 1008 3324 novit
1047 3286 1059 3323 :
1116 3272 1196 3319 vcl
1228 3283 1345 3320 cum
1379 3279 1539 3317 sensu
1580 3273 1893 3331 operantur,
1928 3276 1992 3314 eo
2043 3274 2136 3313 usa
2166 3271 2420 3326 tanquam

857 3359 1237 3416 instrumento,
1282 3352 1465 3417 sicque
1527 3351 1806 3403 materiata
1835 3359 1888 3403 et
1940 3348 2278 3416 particularia
2331 3363 2425 3401 co-

859 3451 1089 3519 gnoscit.
1150 3445 1612 3511 Quemadmodum
1688 3444 1831 3495 enim
1886 3452 2033 3493 recta
2085 3442 2196 3508 ipsa
2267 3441 2426 3505 linea,

858 3540 1101 3608 subjecto
1138 3539 1324 3589 eadem
1361 3548 1466 3595 est,
1513 3542 1567 3586 at
1600 3535 1809 3586 ratione
1846 3534 2054 3585 diversa
2087 3551 2099 3597 ;
2137 3548 2257 3600 qum
2283 3535 2426 3587 enim

864 3647 1005 3686 nunc
1062 3640 1206 3683 recta
1274 3638 1378 3690 cst,
1414 3628 1687 3680 incurvari
1731 3638 1784 3679 et
1818 3625 2015 3679 inllccti
2067 3635 2285 3694 potest:
2350 3628 2429 3680 sic

859 3725 1022 3778 etiam
1081 3736 1235 3775 mens
1270 3723 1455 3774 eadem
1501 3729 1579 3771 est
1613 3718 1874 3786 subjecto.
1912 3718 2077 3771 Recta
2120 3719 2246 3771 item
2284 3734 2432 3771 mcu-

866 3823 971 3866 tem
1004 3819 1396 3879 repraesentat;
1458 3823 1578 3875 quae
1616 3822 1709 3874 per
1736 3823 1793 3859 se
1836 3808 1945 3871 agit
1972 3806 2107 3874 ipsa,
2138 3816 2191 3858 et
2240 3807 2431 3859 imma-

868 3905 1061 3958 teriata
1098 3901 1247 3956 novit
1277 3918 1289 3951 :
1322 3900 1594 3952 interdum
1617 3897 1909 3951 inﬂectitur
1943 3907 2085 3949 recta
2117 3913 2131 3961 ;
2180 3906 2232 3949 et
2284 3912 2436 3951 mens

863 3997 929 4048 ad
958 3990 1516 4053 scnsominilectitur,
1562 4004 1732 4055 coque
1782 4004 1881 4051 pro
1928 3989 2284 4041 insuumento
2329 3988 2435 4039 uti-

866 4098 975 4151 tur,
1020 4102 1139 4139 cunt
1180 4084 1462 4137 maleriata
1502 4081 1665 4133 n0\'it.
1726 4079 1822 4131 Hic
1874 4082 2077 4146 primus
2110 4090 2187 4132 est
2242 4079 2433 4143 nodus,

871 4180 1096 4247 ejusque
1181 4174 1402 4229 solutio.

1488 4171 1730 4226 Secunda
1796 4168 2078 4223 difﬁcultas
2136 4186 2257 4223 cum
2338 4172 2438 4224 hac

868 4271 1171 4338 suntptione
1225 4267 1545 4337 proponitur
1580 4282 1591 4314 :
1630 4266 1771 4332 quod
1819 4282 1846 4315 a
1894 4273 2175 4331 potestate,
2215 4263 2436 4326 ﬁtactu,

876 4362 1098 4413 omnino
1149 4368 1389 4411 mutatur
1425 4370 1440 4408 :
1473 4368 1528 4408 at
1564 4355 1811 4418 mutatio,
1848 4353 2059 4407 affectio
2090 4356 2304 4410 est.llis
2363 4359 2437 4409 sic

874 4451 1236 4524 prazsnmptis,
1317 4449 1578 4517 reliquam
1636 4446 2002 4499 diilicoltatem
2078 4447 2313 4514 sultjicit.
2383 4446 2441 4501 Si

2523 1987 2591 2039 τὰ
2620 1987 2802 2039 ἔννλα.
2846 1984 2988 2036 Ἀλλ’
3020 1986 3162 2052 ἐρεῖς
3206 1986 3335 2047 ἴσως
3366 1984 3446 2036 ὅτι
3487 1985 3687 2037 ἄτοπόν
3728 1986 3843 2035 ἐστι
3873 1983 3935 2034 τὸ
3972 1982 4097 2033 νοῦν

2520 2078 2590 2130 τά
2645 2078 2749 2143 ἔξω
2780 2076 3015 2128 εἰδέναι·
3050 2077 3223 2128 ταῦτα
3276 2077 3383 2146 γάρ
3413 2075 3717 2145 αἰσθήσεώς
3768 2078 3883 2126 ἐστι
3932 2076 3990 2125 τι
4030 2074 4097 2124 τὰ

2523 2170 2683 2221 ἕνυλα
2718 2168 2811 2220 καὶ
2840 2167 2909 2219 τὰ
2938 2167 3078 2220 κατὰ
3113 2168 3279 2236 μέρος
3309 2168 3625 2233 γινώσκειν·
3659 2170 3685 2219 6
3713 2168 3808 2236 μὲν
3839 2165 3942 2233 γὰρ
3974 2164 4096 2225 νοῦς

2524 2268 2583 2316 τδ
2614 2264 2838 2317 καθόλου
2881 2260 2989 2315 οἶδε
3023 2264 3182 2331 μόνον
3206 2279 3219 2292 ’
3256 2263 3353 2329 τῆς
3377 2263 3431 2314 δὲ
3457 2262 3763 2332 αἰσθήσεώς
3796 2264 3913 2313 ἐστι
3940 2260 3998 2311 το
4024 2262 4102 2308 εἰ-

2524 2358 2670 2411 δέναι
2709 2358 2931 2428 μερικὰ,
2975 2356 3155 2410 ἆτινά
3184 2357 3331 2407 ἐστιν
3382 2355 3565 2406 Evolat.
3614 2353 3768 2405 ’Ἐστι
3819 2353 3875 2404 δὲ
3927 2353 4099 2402 εἰπεῖν

2527 2450 2659 2514 πρὸς
2694 2450 2869 2513 τοῦτο,
2903 2449 2984 2500 ὅτι
3012 2449 3037 2501 6
3071 2447 3193 2509 νοῦς
3220 2447 3298 2517 τῷ
3342 2448 3441 2515 μὲν
3479 2444 3824 2513 ὑποκειμένῳ
3856 2439 3932 2503 εἷς
3963 2446 4096 2497 ἐστι,

2524 2540 2601 2607 τῷ
2627 2540 2681 2591 δὲ
2712 2540 2855 2608 λόγῳ
2885 2540 3163 2610 διάφορος,
3196 2538 3253 2591 Ὀ
3284 2539 3391 2608 γὰρ
3422 2539 3544 2601 νοῦς
3575 2538 3606 2607 ἦ
3637 2537 3758 2589 καθ’
3785 2538 3974 2587 ἑαυτὸν
4008 2533 4101 2601 μο-

2528 2649 2615 2684 νον
2658 2633 2888 2699 ἐνεργεῖ,
2949 2632 3044 2683 καὶ
3096 2631 3218 2682 τότε
3276 2631 3336 2681 τὸ
3387 2630 3616 2681 καθόλου
3663 2630 3822 2697 μόνον
3856 2623 4032 2679 οἶδεν·
4066 2628 4099 2693 ἢ

2531 2721 2670 2786 μετὰ
2710 2722 3016 2789 αἰσθήσεως
3044 2722 3283 2789 ἐνεργεῖ,
3306 2719 3523 2789 ὀργάνῳ
3554 2719 3690 2788 αὐτῇ
3727 2721 4065 2787 κεχρημένος
4088 2734 4099 2744 '

2528 2812 2622 2862 καὶ
2651 2812 2773 2862 τότε
2813 2810 2881 2861 τά
2910 2810 3071 2861 ἔναλα
3102 2810 3197 2860 καὶ
3234 2808 3436 2877 μερικὶι
3472 2804 3632 2860 οἶδεν.
3690 2809 3895 2875 Ὥσπερ
3934 2807 4038 2874 γάρ
4070 2808 4103 2873 ἡ

2528 2904 2666 2971 αὑτὴ
2691 2904 2891 2967 εὐθεῖα,
2923 2903 3000 2973 τῷ
3037 2904 3133 2970 μὲν
3167 2904 3515 2972 ὑποκειμένῳ
3548 2904 3579 2970 ἡ
3606 2902 3745 2971 αὐτή
3774 2904 3908 2964 ἐστι,
3946 2902 4020 2968 τῷ
4046 2900 4103 2951 δὲ

2528 2997 2669 3063 λόγῳ
2721 2996 2992 3065 διάφορος.
3054 2996 3114 3046 'il
3169 2996 3275 3063 γάρ
3330 2993 3425 3047 νῦν
3456 2994 3642 3045 εὐθεῖα
3698 2993 3832 3044 οῦσα
3880 2993 4102 3043 δύναται

2530 3086 2830 3155 κλασθῆναι
2856 3086 2950 3139 καὶ
2980 3086 3299 3156 ἐπικαμπὴς
3317 3085 3570 3153 γενέσοαι
3592 3102 3604 3114 ο
3637 3084 3779 3136 οὕτω
3811 3083 3901 3134 καὶ
3925 3085 3950 3135 6
3980 3081 4106 3142 νοῦς

1252 3184 1306 3227 ct
1364 3184 1511 3235 tunc,
1563 3186 1682 3240 quae
1736 3171 1985 3223 universa
2048 3178 2171 3221 sunt
2225 3173 2500 3230 tantumc
2534 3178 2561 3228 ὁ
2593 3178 2755 3239 αὐτὸς
2790 3177 3001 3245 ἐστιτῷ

2355 3182 2428 3220 1m
2458 3173 2500 3230 C
2534 3178 2561 3228 6
2593 3178 2755 3239 αὐτός
2790 3179 2907 3228 ἐστι
2934 3177 3009 3245 τῷ
3044 3177 3421 3243 ὑποκειμένῳ·
3471 3176 3656 3227 ἄλλοτε
3700 3176 3881 3226 εὐθεῖα
3910 3173 4104 3225 ἀναλο-

2535 3272 2639 3335 γεῖ,
2676 3271 2704 3321 6
2736 3270 2828 3321 καὶ
2863 3270 2984 3320 καθ’
3034 3269 3226 3319 ἑαυτὸν
3261 3271 3474 3336 ἐνεργεῖ
3518 3268 3610 3318 καὶ
3661 3267 3727 3318 τά
3760 3267 3896 3319 ἄῦ).α
3943 3261 4105 3326 οἶδεν,

2536 3360 2721 3413 ἄλλοτε
2756 3360 2812 3413 δὲ
2863 3360 3207 3428 κεκλασμένη
3263 3358 3481 3421 εὐθεῖα,
3530 3358 3991 3425 ἐπικαμπομενος
4028 3357 4108 3423 (7)

2540 3454 2671 3522 πρὸς
2720 3454 2816 3521 τὴν
2872 3451 3145 3517 αἴσθησιν,
3184 3452 3278 3501 καὶ
3316 3450 3530 3517 ὀργάνῳ
3566 3450 3700 3517 αὐτῇ
3744 3449 4105 3517 κεχρημένος,

2539 3547 2625 3596 ὅτε
2657 3546 2749 3596 καὶ
2780 3546 2846 3594 τά
2872 3544 3029 3594 Evolat
3058 3539 3187 3595 οἶδε.
3210 3540 3379 3593 Τοῦτο
3412 3543 3509 3609 μὲν
3539 3537 3631 3593 οῦν
3662 3542 3779 3593 ἐστι
3807 3544 3865 3593 το
3894 3542 4112 3611 πρῶτον

2539 3637 2741 3703 ἄπορον
2783 3637 2877 3686 καὶ
2904 3638 2936 3695 ἠ
2962 3635 3112 3695 λύσις
3143 3633 3333 3686 αὑτοῦ.
3386 3633 3646 3702 Δεύτερον
3676 3633 3903 3702 ἄπορον,
3930 3635 3987 3683 ὃν
4018 3638 4115 3685 καὶ

2540 3729 2733 3796 λῆμμα
2788 3726 3269 3795 προλαμϐάνεται,
3320 3725 3581 3789 τοιοῦτον,
3637 3726 3716 3775 ὅτι
3769 3725 3827 3774 τὸ
3872 3724 3980 3775 ἀπὸ
4018 3723 4115 3775 τοῦ

2542 3819 2765 3886 δυνάμει
2796 3820 2872 3879 εἰς
2908 3818 2965 3869 το
2993 3817 3239 3886 ἐνεργείᾳ
3269 3816 3582 3884 γενόμενον,
3624 3817 3836 3876 πάντως
3872 3816 4114 3865 ἀλλοιοῦ-

2541 3927 2654 3973 ται,
2692 3909 2806 3978 ἠδὲ
2834 3908 3118 3969 ἀλλοίωσις
3149 3907 3318 3967 πάθος
3360 3907 3496 3961 ἐστί.
3531 3906 3733 3959 Τοῦτο-α
3773 3906 4116 3975 προληφθέν-

2541 4016 2632 4060 τος
2660 3998 2871 4065 πρόεισι
2898 3997 3080 4049 λοιπὸν
3106 3997 3166 4049 τὸ
3195 3997 3421 4061 ἄπορον.
3455 3996 3517 4047 Εἰ
3549 3994 3808 4062 γινώσκει
3840 3999 3868 4047 6
3902 3996 4025 4057 νοῦς
4049 4000 4118 4049 τὰ

2545 4090 2723 4151 Evolat,
2754 4089 2910 4157 δῆλον
2943 4090 3022 4140 ὅτι
3059 4091 3254 4156 πάσχει
3286 4090 3374 4140 ὑπ’
3403 4088 3604 4151 αὐτῶν,
3634 4088 3741 4141 ἀπὸ
3763 4089 3862 4157 τῆς
3889 4090 4116 4158 δυνάμει

2546 4180 2797 4248 γνώσεως
2830 4181 2906 4241 εἰς
2930 4180 3026 4249 τὴν
3065 4179 3311 4249 ἐνεργείᾳ
3344 4179 3545 4245 γνῶσιν
3581 4178 3681 4248 (8).
3709 4180 3781 4230 T6
3806 4180 3860 4231 δὲ
3891 4181 3998 4231 ἀπὸ
4023 4181 4115 4231 τοῦ

2546 4272 2771 4340 δυνάμει
2804 4270 3070 4338 ἀγόμενον
3103 4271 3185 4329 εἰς
3213 4271 3275 4321 τὸ
3309 4271 3560 4340 ἐνεργείᾳ
3606 4269 3930 4323 ἀλλοιοῦται.
3958 4272 4030 4323 T6
4059 4272 4116 4323 δὲ

2548 4363 2954 4430 ἀλλοιούμενον,
2982 4361 3204 4429 πάσχει.
3252 4360 3311 4413 '0
3350 4363 3473 4422 νοῦς
3506 4362 3614 4430 ἄρα
3648 4362 3844 4430 πάσχει
3872 4362 3979 4415 άπὸ
4013 4362 4121 4416 τῶν

2552 4457 2784 4507 ἐνύὶων·
2823 4455 2914 4506 καὶ
2948 4453 3134 4521 ἐπειδὴ
3159 4453 3313 4505 οὐδὲν
3343 4456 3406 4505 ὲκ
3441 4455 3536 4507 τοῦ
3565 4457 3865 4524 άνομοΰλου
3900 4458 4122 4527 πάσχει,

878 4515 1031 4597 utens
1061 4515 1344 4595 materiata
1373 4515 1670 4608 cognoscit,
1731 4536 1931 4605 aliquid
1979 4534 2046 4589 ab
2074 4537 2140 4590 iis
2171 4538 2369 4605 patitur
2416 4552 2443 4589 a
2474 4515 2526 4575 D
2550 4549 2627 4617 δὴ]

2416 4552 2443 4589 3
2474 4515 2526 4575 Β
2550 4549 2706 4617 δῆλον
2739 4548 2847 4614 ἄρα
2876 4547 2957 4597 ὅτι
2989 4515 3220 4613 ὁμοῦ-λος
3248 4545 3394 4596 ἔστιν
3426 4545 3453 4594 6
3483 4544 3606 4606 νοῦς
3628 4515 3738 4608 τοῖς
3771 4548 3996 4609 ἑνύλοις.

874 4635 1208 4703 οσιειιὶιὶυιιο,
1238 4646 1357 4699 qua:
1403 4637 1669 4697 potestate
1718 4628 1914 4689 fuerat,
1962 4628 2024 4681 ad
2080 4629 2445 4696 cognitionem
2548 4640 2623 4691 εστ

2375 4644 2445 4683 ant
2548 4640 2661 4691 ἔστι
2696 4639 2790 4690 καὶ
2816 4637 2973 4697 αὐτὸς
3007 4635 3189 4697 ἐνολος
3222 4634 3318 4687 κα)⁸
3340 4635 3635 4703 ἄφθαρτος.
3666 4636 3815 4704 Αὕτη
3835 4638 3868 4705 ή
3897 4639 4124 4707 άπορῖα,

877 4737 998 4778 actu
1052 4725 1311 4777 deducta.
1375 4721 1528 4788 Quod
1569 4735 1698 4774 vero
1741 4739 1770 4773 a
1825 4730 2089 4789 potestate
2140 4723 2204 4775 ad
2268 4734 2445 4777 actum
2550 4730 2613 4798 ἢν

2375 4739 2445 4774 IIII
2550 4730 2613 4798 ἣν
2645 4725 3023 4795 ἐπιλυσομενοί
3055 4742 3257 4793 φαμεν,
3287 4725 3367 4776 ὅτι
3399 4726 3579 4787 κακῶς
3612 4727 3886 4796 εἴληπται,
3912 4729 3991 4782 ὅτι
4022 4730 4124 4781 ποῦ

877 4815 1187 4878 deducitur,
1250 4814 1301 4866 id
1362 4821 1621 4866 mutatur.
1682 4811 1834 4877 Quod
1900 4826 2033 4866 vero
2087 4822 2340 4876 mutatur,
2400 4816 2450 4867 id
2551 4838 2620 4872 πο

2400 4816 2450 4867 id
2551 4820 2739 4872 ποιοῦν
2781 4821 2872 4869 καὶ
2910 4818 3108 4885 πάσχει
3134 4834 3145 4845 ·
3179 4812 3328 4877 οὗτος
3357 4818 3384 4867 6
3407 4818 3562 4883 λόγος
3582 4817 3784 4884 ψευδὴς
3815 4820 3953 4870 ἑστι.
3992 4821 4124 4871 Τότε

880 4906 1102 4974 patitur.
1151 4904 1289 4973 Ergo
1320 4918 1475 4958 mens
1531 4920 1558 4957 a
1603 4905 1900 4957 niateriatis
1956 4906 2175 4973 patitur,
2215 4916 2270 4960 et
2325 4909 2446 4974 quia
2552 4910 2619 4976 γὰ

2381 4909 2446 4960 tia
2552 4910 2657 4978 γὰρ
2692 4908 2750 4960 τὸ
2802 4906 2988 4958 ποιοῦν
3042 4907 3396 4974 ἀντιπάσχει,
3450 4907 3540 4958 ὅτε
3592 4909 3823 4975 ὁμοῦ).ον
3857 4911 4010 4962 ἔσται
4051 4912 4130 4977 τᾷ

884 4996 1019 5048 nihil
1046 4995 1153 5065 pati
1184 5005 1358 5064 potest
1387 4998 1453 5049 ab
1480 4995 1724 5064 eo,quod
1757 4995 2032 5050 dissimilis
2068 5007 2150 5050 est
2173 4998 2409 5051 materne
2436 5017 2450 5062 ;
2556 5000 2632 5051 mi

2382 5016 2409 5051 ε
2436 5017 2450 5062 ;
2556 5000 2837 5065 πάσχοντι.
2894 4996 3110 5063 Ἐπειδὴ
3136 4992 3229 5048 οῦν
3250 4998 3277 5047 6
3308 4994 3429 5059 νοῦς
3458 4996 3555 5048 οῦκ
3594 4997 3738 5049 ἐστιν
3762 4997 3993 5066 ὀμοῦλος
4013 5002 4131 5061 τοῖς

884 5088 1099 5155 planum
1145 5096 1229 5141 est
1268 5086 1450 5154 igitur,
1531 5098 1764 5141 mentem
1793 5088 2035 5155 ejusdem
2068 5103 2184 5143 esse
2216 5092 2457 5145 materiae
2559 5091 2633 5141 ενι

2380 5092 2457 5144 'itn
2559 5088 2792 5149 ἑώλοις,
2822 5087 2921 5139 οὐκ
2950 5086 3161 5154 ἀνάγκη
3199 5088 3429 5155 πάσχειν
3459 5088 3618 5140 αὑτὸν
3648 5088 3752 5139 ὑπὸ
3786 5088 3891 5139 τῶν
3926 5091 4128 5143 ὲνύὶων

887 5194 1011 5232 cum
1064 5178 1382 5240 materiatis,
1445 5188 1497 5231 et
1545 5178 1787 5231 eamdem
1836 5191 1955 5231 esse
2014 5178 2350 5231 materiatam
2407 5188 2462 5231 ct
2560 5181 2636 5232 ὅτε

2407 5188 2462 5231 ct
2560 5181 2647 5232 ὅτε
2694 5182 2953 5247 γινώσκει
3003 5179 3163 5232 αὑτά.
3221 5181 3369 5232 [1οιεί
3422 5180 3529 5248 γάρ
3563 5181 3655 5233 καὶ
3703 5182 3730 5233 6
3775 5180 4125 5252 δημιουργὸς,

893 5271 1278 5339 incorruptam.
1312 5269 1385 5323 Ea
1417 5278 1501 5323 est
1535 5266 1850 5332 dillicultas,
1900 5282 2059 5335 quam
2089 5268 2457 5331 dissolventes,
2564 5270 2864 5339 εὐεργετῶν
2914 5271 3091 5339 ἡμᾶς’
3148 5270 3243 5322 καὶ
3299 5272 3449 5339 ὅμως
3504 5272 3602 5323 οὐκ
3655 5272 3975 5339 άντιπάσχει
4041 5274 4059 5324 ί

889 5364 1123 5417 dicimus
1182 5364 1321 5418 male
1389 5370 1722 5431 assumptum
1798 5376 1936 5427 esse,
2012 5362 2316 5431 ubicunque
2375 5370 2458 5415 est

892 5470 1078 5524 agens,
1108 5454 1178 5507 ibi
1245 5464 1299 5507 et
1328 5453 1466 5523 quod
1513 5453 1759 5523 patitur:
1801 5452 1850 5505 id
1894 5452 2037 5506 enim
2095 5451 2286 5506 falsum
2356 5463 2454 5506 est.

2564 5270 2864 5341 εὐεργετῶν
2914 5271 3091 5339 ἡμᾶς’
3148 5270 3243 5322 καὶ
3299 5272 3449 5339 ὅμως
3504 5272 3602 5323 οὐκ
3655 5272 3975 5340 άντιπάσχει
4041 5274 4129 5338 ὦς’

2566 5364 2720 5434 ἡμῶν
2739 5381 2752 5394 ·
2787 5362 2926 5415 ὥστε
2951 5365 3132 5416 ἐκεῖνα
3166 5363 3302 5430 μόνα
3334 5364 3439 5416 τὼν
3464 5366 3758 5416 ποιούντων
3785 5365 4129 5433 ἀντιπάσχει,

2567 5456 2667 5507 ὅσα
2693 5454 2900 5523 ομόῦλά
2930 5456 3046 5505 ἐστι
3074 5456 3187 5515 τοῖς
3223 5454 3545 5523 πάσχουσιν.
3581 5455 3701 5506 Ὅτι
3750 5456 3876 5508 ἴδιον
3907 5456 4019 5507 ἐστι
4058 5455 4131 5521 τῷ

968 5612 1044 5679 (5t
1077 5610 1292 5680 Hiatutn
1323 5612 1402 5664 sic
1421 5612 1628 5680 replere
1660 5609 1870 5675 videor,
1902 5610 2016 5662 ἀλλ’
2048 5606 2156 5663 οἶδε
2188 5613 2252 5663 τὰ
2292 5613 2448 5665 ἄῦλα.

900 5682 1171 5749 Σκοπήσει
1195 5679 1287 5732 οὖν
1320 5679 1557 5743 πάν-τώς.

973 5754 1049 5819 (ti)
1081 5750 1238 5805 Deest
1268 5751 1382 5805 ἀλλ’
1408 5752 1453 5804 οἱ
1477 5752 1531 5805 δὲ
1554 5754 1674 5822 τήν,
1710 5762 1841 5820 etc.,
1890 5761 1983 5806 aut
2029 5751 2310 5820 quidpiam
2354 5752 2455 5805 hu-

902 5820 1158 5874 iusmodi.
1565 5827 1571 5832 ”

898 5834 1158 5891 ιυεωυαι.

2635 5614 2710 5681 (7)
2771 5611 2931 5665 Forte
2988 5612 3296 5681 legendum,
3355 5616 3447 5665 καί
3496 5616 3523 5665 6
3588 5614 3730 5677 νοῦς,
3794 5615 4129 5683 ἐπικαμπτὸ-

2569 5701 2749 5753 μενον.

2639 5754 2716 5823 (8)
2755 5750 2994 5810 Sttbesse
3030 5762 3185 5823 puto,
3216 5753 3493 5822 ἀγομένην
