4430 6448
414 398 555 462 1055
1858 381 1971 441 DE
1993 377 2163 437 ANIll‘

1937 381 1971 439 ί
1993 377 2258 438 ΑΝΙΜᾹ.
3552 377 3686 444 1066

405 517 508 576 νοῖ.
532 511 623 566 καὶ
676 508 737 562 τὸ
770 509 837 578 τῇ
859 502 1019 577 οὐσίᾳ
1062 504 1328 573 ἐνεργεῖν.
1370 502 1479 555 Kat
1506 499 1614 568 γὰρ
1635 501 1662 551 ὁ
1682 496 2004 567 ἐπιστήμων
2035 504 2081 553 Α
2108 491 2149 545 Τ

1938 512 2004 547 ων
2035 491 2260 553 ΑΤυηο
2316 494 2460 548 enim
2515 507 2682 564 agens
2742 502 2928 547 contra
2983 492 3204 562 patitur,
3264 506 3392 548 cum
3444 495 3687 564 ejusdem

405 605 531 662 οὐτε
554 602 833 670 ἐπιστήμη
866 596 1025 666 μόνον
1070 593 1242 657 ἐστὶν,
1272 591 1397 646 οὐτε
1424 591 1597 661 ψυχή,
1638 590 1774 644 ἀλλά
1798 589 1990 659 κρᾶμα
2097 600 2154 640 es

1939 604 1990 640 ια
2097 594 2180 640 est
2224 586 2464 639 materiae
2510 602 2630 639 eum
2709 585 2970 656 patiente.
3039 585 3268 652 Quando
3325 586 3489 656 igitur
3537 604 3688 645 mens

409 697 469 763 ἐξ
495 692 864 766 ἀμφοτέρων·
907 687 1194 756 σύγκειται
1235 684 1347 756 γὰρ
1384 684 1450 736 ἐκ
1501 681 1684 752 ψυχῆς
1714 681 1811 734 καὶ
1864 682 1991 733 ἐπι-ι
2098 694 2158 734 nu

1943 698 1991 732 t-
2098 693 2205 734 non
2242 688 2323 734 est
2383 676 2626 747 ejusdem
2689 676 2930 732 materiae
2970 691 3090 731 cum
3152 677 3475 743 materiatis,
3556 679 3688 734 nihil

412 791 649 860 στήμης,
678 784 773 838 καὶ
792 781 1069 848 ἀναλογεῖ,
1107 780 1141 848 ή
1182 776 1279 847 μὲν
1295 775 1440 847 ψυχὴ
1466 774 1587 844 ὕλῃ,
1616 776 1649 844 ή
1682 774 1739 828 δέ
1773 773 1994 840 emaci]-
2099 788 2161 826 ηε

1940 773 1994 840 ή-
2099 785 2325 826 necesse
2357 779 2462 834 εει,
2492 776 2552 823 ut
2587 769 2821 838 patiatur
2870 784 2900 823 a
2947 769 3268 834 materiatis,
3323 786 3446 843 cum
3480 785 3544 827 ea
3597 786 3689 827 co—

413 901 487 953 μη
537 878 692 932 εῖδει.
729 876 840 931 Καὶ
883 872 1074 942 ἐπειδὴ
1140 871 1343 932 παντὸς
1400 868 1727 938 πράγματος
1789 865 1994 937 μᾶλλον
2097 881 2162 934 gn

1939 882 1994 917 ον
2097 863 2311 934 gnoscit
2346 881 2359 919 :
2388 862 2499 933 agit
2532 861 2679 917 enim
2715 861 2892 929 opifex
2940 862 3085 917 Deus
3130 876 3253 917 cum
3286 865 3442 920 nobis
3462 864 3688 920 benefa-

408 973 560 1028 ἐστὶν
589 971 748 1026 οὐσία
782 971 842 1023 τὸ
881 964 1023 1028 εἶδος
1062 965 1163 1034 τῆς
1214 964 1376 1031 ὐληςο
1419 965 1469 1017 εί
1514 961 1716 1032 μᾶλλον
1747 959 1907 1014 οὐσία
1939 959 1998 1011 τὸ
2096 957 2157 1008 ci!

1939 959 1998 1011 τὸ
2096 957 2193 1017 cit,
2253 955 2386 1008 nihil
2444 963 2623 1009 tamen
2679 968 2708 1008 a
2743 953 2904 1008 nobis
2930 955 3167 1011 vicissim
3222 956 3447 1026 patitur.
3503 956 3688 1023 Quare

410 1063 549 1129 εἶδος
579 1065 680 1134 τῆς
712 1061 846 1131 ὕλης
869 1075 883 1091 ·
923 1060 1059 1130 φασὶ
1101 1058 1160 1111 δέ
1202 1056 1469 1124 Ἕλληνες
1501 1053 1678 1125 ἀρχὴν
1720 1051 1829 1105 τῶν
1859 1051 1995 1103 ὅλων

410 1160 566 1223 Θεὸν,
606 1156 701 1210 καὶ
727 1153 862 1223 ὓλην
884 1168 899 1183 ⁸
932 1151 1023 1206 τὸν
1050 1150 1185 1205 Θεὸν
1213 1151 1290 1212 ὡς
1312 1144 1451 1211 εἶδος
1488 1145 1741 1215 λέγοντες
1761 1159 1775 1174 ο
1808 1142 1997 1197 οὐσίαν

414 1250 524 1318 ἄρα
550 1246 684 1317 φασὶ
706 1246 797 1299 τὸν
830 1244 966 1298 Θεὸν
1004 1243 1106 1312 τῆς
1134 1242 1268 1312 ὕλης
1301 1239 1525 1310 μᾶλλον,
1564 1239 1660 1291 καὶ
1699 1235 1841 1291 αὐτὰ
1878 1234 1995 1303 εἴδη

413 1341 549 1394 Θεόν
570 1357 585 1372 ο
618 1340 778 1409 εἴπερ
806 1336 1030 1406 οὐδεμία
1045 1335 1144 1404 ὐλη
1172 1336 1231 1387 ἐν
1259 1336 1372 1397 τοῖς
1401 1328 1553 1387 οὖσιν
1574 1329 1830 1394 ἀνείδεος,
1859 1329 1999 1397 ὅπερ

412 1436 489 1498 ὡς
525 1433 647 1487 λίαν
698 1431 898 1493 ἀσεϐὲς
938 1426 1339 1498 παραιτητέον·
1404 1425 1565 1477 οὐσία
1595 1422 1704 1494 ἄρα
1752 1422 1871 1474 ἐστὶ
1903 1420 1998 1474 τοῦ

414 1527 782 1597 ἐπιστήμονος
811 1527 844 1593 ή
877 1523 1159 1590 ἐπιστήμη
1183 1536 1197 1551 ’
1236 1519 1332 1572 καὶ
1367 1518 1418 1571 εί
1446 1518 1473 1569 6
1504 1516 1825 1584 ἐπιστήμων
1856 1512 1999 1567 κατὰ

2103 1048 2195 1099 illa
2239 1055 2448 1100 tantum
2500 1046 2712 1117 agentia
2788 1045 3015 1101 invicem
3071 1049 3374 1116 patiuntur,
3400 1064 3521 1119 qua:
3564 1059 3692 1107 sunt

2100 1138 2343 1206 ejusdem
2415 1139 2656 1191 materiae
2720 1152 2845 1191 cum
2899 1138 3250 1206 patientibus.
3308 1138 3474 1194 Menti
3525 1141 3690 1194 etiam

2102 1232 2381 1302 proprium
2430 1240 2515 1285 est
2572 1238 2631 1284 ut
2694 1231 2997 1287 substantia
3040 1240 3218 1299 agat:
3284 1232 3462 1287 sciens
3519 1233 3690 1296 enim,

2105 1338 2278 1393 neque
2328 1323 2553 1378 scientia
2602 1333 2810 1377 tantum
2837 1335 2942 1391 est,
2976 1338 3158 1395 neque
3184 1323 3391 1389 anima,
3425 1324 3519 1379 sed
3550 1335 3690 1380 tem-

2105 1426 2480 1484 peramentum
2514 1430 2580 1470 ex
2614 1426 2842 1485 utroque
2878 1433 2894 1481 ;
2924 1431 2990 1470 ex
3046 1416 3227 1470 anima
3272 1416 3415 1471 enim
3443 1418 3693 1471 etscien-

2108 1509 2177 1569 ria
2232 1508 2486 1563 coalescit
2520 1525 2535 1573 ;
2563 1518 2616 1563 et
2649 1510 2940 1577 respondet
2969 1509 3209 1563 materize
3242 1508 3457 1577 quidem
3485 1510 3687 1575 anima,

411 1619 509 1686 τὴν
539 1618 852 1685 ἐπιστήμην
898 1615 1134 1683 ἐνεργεῖ,
1190 1610 1333 1680 αὐτη
1384 1610 1660 1663 δέδεικται
1706 1606 1868 1659 οὐσία
1905 1604 1998 1659 τοῦ
2105 1597 2157 1661 [υ

1939 1604 1998 1659 οῦ
2105 1597 2294 1661 formae
2318 1622 2447 1661 vero
2491 1606 2824 1660 scientia.Et
2858 1605 3117 1676 quoniam
3157 1606 3212 1658 in
3245 1606 3392 1660 omni
3430 1620 3488 1659 re
3514 1605 3688 1661 forma

411 1707 778 1775 ἐπιστήμονος
809 1699 963 1756 οὖσα.
1001 1702 1158 1754 Κατὰ
1192 1699 1353 1753 τοῦτο
1393 1698 1501 1768 ἄρα
1545 1698 1763 1765 λέγεται
1798 1697 1864 1765 τῇ
1905 1695 1997 1748 οὐ·
2105 1714 2159 1754 m

1939 1695 1997 1747 ὐ-
2105 1700 2280 1768 magis
2320 1707 2406 1752 est
2432 1698 2759 1762 substantia,
2817 1713 2978 1767 quam
3021 1696 3299 1761 materia;
3359 1696 3404 1750 si
3468 1695 3687 1764 quidem

414 1796 505 1867 σίᾳ
535 1798 806 1864 ἐνεργεῖν,
839 1796 927 1846 διὰ
950 1794 1008 1846 τὸ
1035 1794 1133 1861 τὴν
1164 1791 1480 1862 ἐπιστήμην
1517 1790 1705 1841 οὐσίαν
1733 1783 1873 1842 εἶναι
1902 1787 1997 1840 τοῦ
2032 1834 2080 1893 B
2109 1788 2161 1844 fu

1943 1787 1997 1840 οῦ
2032 1834 2080 1893 Β
2109 1788 2280 1844 forma
2342 1789 2513 1857 magis
2561 1797 2645 1843 est
2694 1787 3017 1851 substantia,
3081 1804 3244 1858 quam
3292 1788 3519 1843 materia
3585 1796 3692 1844 :et

411 1886 799 1954 ἐπιστήμονος.
831 1884 970 1936 Οὐτε
1002 1885 1111 1953 γὰρ
1145 1884 1286 1936 κατὰ
1334 1882 1395 1935 τὸ
1437 1882 1640 1952 ὑψηλὸν
1685 1882 1865 1934 ἐκεῖνο
1908 1880 2002 1933 καὶ
2033 1879 2080 1893 ⁴“’
2111 1899 2160 1937 re

1945 1880 2002 1932 αὶ
2033 1879 2080 1893 ⁴“’
2111 1898 2294 1937 rerum
2336 1882 2573 1935 omnium
2625 1882 2950 1951 principium
2989 1879 3154 1934 Deum
3186 1880 3357 1936 (ἔτιεοί
3395 1879 3691 1949 praedicant

410 1976 723 2045 ἐπηρμένον
750 1976 1040 2045 θεώρημα,
1078 1976 1156 2028 ὅτι
1186 1974 1259 2038 ὡς
1298 1974 1392 2027 ἐπὶ
1424 1973 1586 2037 Θεοῦ,
1613 1976 1647 2042 ή
1685 1973 1823 2041 αὐτὴ
1851 1972 2003 2025 ἐστὶν
2109 1985 2159 2031 et

1936 1972 2003 2023 τὶν
2109 1985 2162 2031 et
2188 1974 2491 2035 materiam,
2538 1974 2701 2028 Deum
2741 1984 2995 2042 tanquam
3024 1974 3253 2027 formam
3302 1985 3685 2043 agnoscentes:

410 2068 571 2121 οὐσία
611 2071 678 2137 τῇ
712 2068 999 2137 ἐνεργείᾳκ
1052 2069 1146 2120 ἐπὶ
1176 2067 1285 2136 γὰρ
1338 2066 1449 2119 τῶν
1502 2065 1713 2135 ψυχῶν,
1756 2065 1851 2118 καὶ
1893 2064 2003 2116 τῶν
2110 2068 2159 2120 θη

1943 2064 2003 2116 ὒν
2110 2068 2273 2122 Deum
2324 2081 2453 2135 ergo
2517 2067 2689 2134 magis
2758 2080 2880 2121 esse
2959 2065 3319 2120 substantiam
3392 2081 3554 2136 quam
3619 2067 3692 2119 sit

411 2162 596 2216 ἀῦὶων
633 2160 852 2226 οὐσιῶν,
877 2161 1048 2231 χωρὶς
1079 2160 1184 2229 τῆς
1216 2156 1441 2229 πρώτης
1475 2158 1680 2221 αἰτίας,
1710 2158 1805 2211 καὶ
1835 2156 1995 2209 οὐσία
2107 2178 2156 2214 m

1940 2156 1995 2208 ία
2107 2161 2356 2221 materia,
2417 2159 2606 2210 dicunt
2649 2168 2703 2209 et
2733 2158 2881 2225 ipsas
2942 2157 3277 2212 substantias
3325 2158 3493 2213 Deum
3541 2172 3689 2223 esse,

411 2255 531 2306 ἐστὶ
567 2256 661 2306 καὶ
695 2252 928 2323 δύναμις
956 2253 1051 2306 καὶ
1088 2250 1364 2322 ἐνέργεια.
1407 2252 1487 2322 Τῇ
1518 2246 1613 2304 οὖν
1648 2249 1808 2321 obuia
1846 2250 2000 2317 λέγε·
2074 2244 2150 2306 εἰ

1935 2266 2000 2302 ἐ-
2074 2244 2150 2306 ἐἰ
2191 2250 2413 2319 quidem
2451 2250 2597 2302 nulla
2633 2250 2856 2303 materia
2920 2250 2972 2302 in
3012 2250 3174 2305 rebus
3215 2258 3298 2304 est
3338 2250 3455 2305 sine
3490 2248 3684 2306 forma.

410 2366 499 2402 ται
531 2350 795 2416 ἐνεργεῖν,
827 2345 918 2400 διὰ
945 2347 1006 2399 τὸ
1036 2345 1135 2416 τήν
1156 2344 1470 2416 ἐπιστήμην
1500 2345 1665 2398 οἱονεὶ
1696 2343 1887 2397 οὐσίαν
1913 2342 2000 2395 λέ-
2104 2342 2159 2408 Οι

1939 2342 2000 2395 ,έ-
2104 2342 2258 2408 Quod
2293 2342 2484 2411 dogma
2532 2349 2591 2395 ut
2636 2340 2862 2409 impium
2917 2342 3277 2410 respuendum
3298 2349 3405 2396 est.
3436 2339 3688 2399 Esseutia

410 2436 605 2506 γεσθαι
646 2438 745 2506 τῆς
777 2437 974 2507 ψυχῆς.
1021 2438 1114 2490 Ἐκ
1142 2436 1238 2491 τοῦ
1273 2438 1582 2508 κρείττονος
1620 2435 1716 2491 οῦν
1740 2434 1997 2504 ὠνόμασε
2103 2438 2153 2503 ig

1939 2450 1997 2487 σε
2103 2435 2267 2503 igitur
2287 2434 2515 2489 scientis
2558 2442 2641 2488 est
2675 2433 2926 2488 scientia.
2986 2432 3050 2486 Et
3089 2434 3137 2487 si
3173 2433 3353 2488 sciens
3391 2432 3686 2488 secundum

408 2531 502 2581 τὸν
524 2529 671 2583 νοῦν.
710 2529 930 2601 Ἐπειδὴ
967 2530 1075 2601 γὰρ
1116 2532 1180 2600 τῇ
1232 2530 1491 2600 ἐνεργείᾳ
1536 2528 1754 2598 ἐνεργεῖ
1780 2528 1809 2580 6
1848 2526 1993 2592 νοῦς,
2100 2544 2157 2583 sc

1947 2544 1993 2592 ;,
2100 2530 2381 2583 scientiam
2411 2536 2687 2597 operatur,
2719 2537 2997 2581 ostensum
3021 2537 3105 2581 est
3133 2542 3253 2581 cam
3300 2527 3529 2583 scientis
3563 2542 3689 2583 esse

412 2624 508 2672 καὶ
534 2621 611 2673 ὢν
642 2621 897 2690 ἐνέργεια
944 2624 1162 2691 ἐνεργεῖ
1187 2638 1201 2652 ο
1237 2624 1487 2690 κρεῖττον
1547 2620 1604 2675 δέ
1655 2622 1713 2672 ἐν
1751 2621 1921 2673 πᾶσιν
1958 2622 1992 2689 ἡ
2099 2636 2159 2675 es

1958 2622 1992 2689 ἡ
2099 2623 2418 2691 essentiam.
2481 2618 2693 2673 Idcirco
2725 2619 2892 2688 igitur
2935 2619 3175 2673 essentia
3201 2620 3419 2690 operari
3466 2620 3687 2685 dicitur,

410 2713 664 2783 ἐνέργεια
692 2713 789 2767 καὶ
820 2715 854 2785 ή
884 2713 1041 2767 οὐσία
1061 2732 1075 2746 ο
1109 2715 1200 2767 διὰ
1220 2713 1379 2768 τοῦτο
1412 2713 1584 2766 θέλων
1609 2713 1785 2767 εἰπεῖν
1809 2712 1892 2766 ὅτι
1926 2716 1993 2783 τῇ
2099 2730 2159 2783 qu

1942 2716 1993 2783 τῇ
2099 2715 2222 2783 quia
2254 2713 2478 2769 scientis
2537 2712 2775 2767 essentia
2821 2721 2908 2766 est
2952 2711 3229 2778 scientia;
3263 2726 3370 2768 non
3413 2713 3691 2770 enimsu-

410 2805 662 2876 ἐνεργείᾳ
702 2809 937 2877 ἐνεργεῖ,
979 2804 1102 2860 εἷπε
1144 2811 1211 2879 τῇ
1259 2808 1441 2878 οὐσίᾳ,
1494 2808 1571 2870 ὼς
1611 2809 1721 2861 ἀπὸ
1747 2806 1996 2877 κρείττο-
2102 2821 2159 2861 Cll

1939 2825 1996 2859 ο-
2102 2805 2339 2861 cundum
2380 2819 2633 2874 magnam
2679 2812 2734 2860 et
2767 2804 3034 2860 excelsam
3062 2804 3208 2859 illam
3239 2806 3686 2875 propositionem,

411 2912 520 2959 νος,
565 2896 756 2968 ὥσπερ
791 2898 898 2951 ἀπὸ
946 2900 1141 2966 γένους
1181 2899 1517 2969 τιμιωτέρου
1558 2898 1621 2950 τὸ
1654 2900 1764 2952 πᾶν
1801 2896 1992 2968 δηλού-
2100 2911 2160 2953 ta

1939 2896 1992 2951 ὐ-
2100 2911 2353 2967 tanquam
2394 2899 2449 2953 in
2481 2897 2613 2962 Deo,
2650 2899 2817 2968 ipsam
2846 2897 3210 2953 substantiam
3261 2910 3385 2954 actu
3427 2912 3551 2954 esse
3586 2918 3600 2954 :
3633 2901 3688 2953 in

416 3005 577 3057 μενος
598 3006 613 3019 ο
644 2988 721 3052 ὡς
756 2990 993 3059 Τεῦκρε,
1059 2991 1208 3061 φίλη
1241 2993 1498 3062 κεφαλή.
1533 2993 1642 3046 Καὶ
1689 2991 1849 3047 τοῦτο
1898 2989 1992 3046 οὖν
2095 3010 2162 3048 an

1938 2989 1992 3046 5v
2095 2995 2291 3049 animis
2356 2995 2499 3049 enim
2561 3003 2615 3049 et
2679 2993 2907 3048 secretis
2952 3009 2979 3046 a
3053 2994 3282 3048 materia
3336 2995 3687 3065 substantiis,

415 3079 696 3150 ἁρμόττει,
728 3085 805 3152 τῷ
829 3082 1082 3154 ἐνεργείᾳ
1110 3084 1187 3153 νῷ
1214 3084 1307 3138 τοῦ
1349 3083 1662 3155 ἀνθρώπου.
1706 3085 1991 3155 Ἐνέργεια
2096 3097 2164 3151 pr:

2096 3091 2293 3151 praeter
2336 3084 2562 3151 primam
2619 3095 2866 3145 causam,
2911 3091 2966 3135 et
2994 3083 3230 3137 essentia
3262 3092 3366 3148 est,
3417 3092 3474 3138 et
3531 3096 3687 3153 pote-
3757 3128 3761 3133 .

415 3172 523 3243 γὰρ
545 3171 640 3240 ὢν,
665 3176 804 3225 νοεῖο
846 3176 875 3226 6
920 3175 978 3228 δέ
1005 3173 1261 3245 θύραθεν,
1299 3176 1527 3231 αὐτόθεν
1558 3177 1821 3247 ἐνέργειά.
1856 3181 1996 3243 ἐστι,
2026 3171 2072 3232 C
2107 3185 2164 3228 st:

1936 3196 1996 3243 ιι,
2026 3171 2072 3232 C
2107 3185 2241 3240 stas,
2285 3183 2340 3228 et
2375 3175 2538 3229 actio.
2591 3173 2838 3229 Essentia
2893 3187 3025 3244 ergo
3082 3188 3244 3246 agere
3299 3175 3517 3240 dicitur,
3560 3177 3685 3244 quia

416 3266 513 3317 καὶ
537 3264 598 3317 τὸ
622 3264 802 3336 τρίτον
853 3266 912 3319 δέ
938 3268 1173 3336 ἁρμόζει
1201 3268 1376 3339 αὐτῷ,
1402 3270 1485 3322 ὅτι
1513 3270 1541 3321 6
1576 3269 1701 3333 νοῦς
1732 3271 1822 3323 ἀεὶ
1863 3273 1997 3335 νοεῖ,

414 3358 514 3426 οὐχ
539 3358 613 3421 ὡς
632 3359 661 3411 6
692 3358 963 3422 Πλωτῖνος
997 3362 1192 3427 οἴεται,
1220 3363 1303 3415 ὅτι
1351 3364 1439 3416 del.
1467 3363 1761 3426 διαπαντὸς
1783 3367 1810 3418 ὁ
1839 3366 1999 3430 αὐτὸς

415 3453 545 3503 νοεῖ.
585 3449 662 3505 Οὐ
693 3452 801 3521 γὰρ
845 3452 936 3503 τὸν
964 3452 1059 3506 ἕνα
1085 3453 1193 3505 τῶν
1225 3454 1479 3523 ἀριθμῶν
1531 3456 1658 3508 νοῦν
1706 3456 2001 3527 λεγόμενον

415 3542 505 3593 ἀεὶ
538 3546 681 3596 νοεί’
724 3543 839 3596 ἀλλ’
889 3545 971 3597 ὅτι
1020 3547 1048 3598 6
1085 3546 1143 3597 ἐν
1176 3546 1282 3617 ὅλῳ
1313 3546 1389 3616 τῷ
1415 3547 1606 3618 κόσμῳ
1650 3548 1999 3620 ἀνθρωπικὸς

417 3632 540 3695 νοῦς
573 3634 659 3686 ἀεὶ
688 3637 818 3689 νοεῖ.
854 3636 975 3688 Κᾶν
1001 3638 1109 3706 γὰρ
1135 3636 1247 3705 ἐγὼ
1296 3639 1370 3709 μὴ
1404 3641 1531 3704 νοῶ,
1578 3641 1694 3694 ἀλλ’
1721 3637 1814 3695 οὖν
1838 3643 1999 3705 ἄλλος

416 3728 527 3777 νοεῖ
557 3728 650 3778 καὶ
689 3730 754 3796 τῇ
780 3728 1000 3798 διαδοχῇ
1032 3728 1245 3797 γίνεται
1277 3730 1337 3783 τὸ
1358 3731 1480 3785 ἀεί·
1514 3732 1602 3787 ἵνα
1639 3733 1715 3803 μὴ
1746 3735 1995 3806 ἐπιλείψῃ

416 3817 451 3885 ή
482 3816 744 3887 ἔλλαμψις
771 3820 909 3888 πρὸς
939 3822 1087 3889 ἡμᾶς
1116 3823 1148 3890 ἡ
1183 3822 1278 3873 τοῦ
1303 3822 1516 3894 Θεοῦ,ἣ
1547 3824 1633 3878 ἀεὶ
1662 3828 1805 3878 νοεῖν
1844 3826 1999 3895 λέγε-

416 3923 543 3969 ται,
585 3908 774 3978 ἐπειδὴ
834 3912 922 3963 ἀεὶ
973 3911 1198 3967 δύναται
1240 3916 1404 3967 νοεῖν.
1471 3916 1531 3969 '0
1563 3917 1673 3987 γὰρ
1727 3917 1869 3987 ἔχων
1905 3920 1997 3973 τὸν

416 4000 561 4064 νοῦν,
600 4004 655 4053 ἐν
704 4003 996 4072 οίᾳὸήποτε
1025 4004 1145 4077 ὥρᾳ
1184 4002 1475 4075 βούλεταιξ
1494 4012 1606 4062 νοεῖ
1631 4051 1644 4073 ,
1684 4010 1874 4081 ὥσπερ
1918 4013 1995 4081 τῷ

415 4091 741 4164 ἀνθρωπίνῳ
777 4094 851 4163 νῷ
876 4095 1035 4149 τοῦτο
1065 4098 1322 4167 ὑπάρχει.
1367 4099 1425 4151 ’0
1459 4103 1567 4169 γὰρ
1593 4100 1828 4170 θύραθεν
1865 4103 1993 4167 νοῦς

415 4184 442 4233 6
478 4177 556 4244 εἷς
591 4186 730 4236 κατὰ
760 4185 1014 4257 ἀριθμὸν,
1042 4191 1221 4243 πάντα
1245 4193 1375 4245 νοεῖ.
1410 4192 1574 4247 Ἀλλὰ
1608 4194 1782 4248 ταῦτα
1817 4196 1994 4265 μὲνέν

414 4274 643 4337 τούτοις.
691 4277 810 4328 Ὅτι
834 4279 893 4329 ἐν
930 4279 1007 4348 τῷ
1037 4280 1117 4332 ἐνὶ
1152 4282 1251 4349 μὲν
1290 4283 1585 4353 ἀνθρώπῳ,
1631 4286 1790 4352 φύσει
1810 4287 1869 4340 τὸ
1898 4287 1992 4341 δυ·

416 4366 579 4436 νάμει
601 4369 721 4421 ἐστὶ
753 4371 1017 4440 πρότερον
1047 4372 1141 4424 τοῦ
1165 4374 1420 4444 ἐνεργείᾳ
1445 4392 1457 4405 ·
1484 4377 1583 4428 οὐκ
1604 4379 1663 4430 ἐν
1696 4378 1773 4448 τῷ
1801 4380 1908 4448 ὅλῳ
1935 4380 1992 4432 δὲ

416 4460 636 4530 κόσμῳο
664 4464 721 4513 ἐν
768 4465 876 4532 γὰρ
902 4462 979 4533 τῷ
1009 4464 1116 4534 ὅλῳ
1160 4466 1368 4537 κόσμῳ,
1405 4469 1540 4535 φασί
1573 4486 1739 4535 τινες,
1767 4472 1828 4522 οὐ
1860 4472 1985 4523 65'3-

412 4568 571 4621 τερον
594 4553 687 4605 τοῦ
713 4554 873 4608 ἄλλου
909 4558 1030 4610 οὐδέ
1076 4559 1342 4629 πρότερον
1373 4560 1497 4614 οὐτε
1532 4563 1592 4616 τὸ
1635 4563 1863 4635 δυνάμει
1890 4566 1984 4619 τοῦ

414 4644 699 4715 ἐνεργείᾳ·
730 4646 854 4700 οὐτε
884 4650 946 4702 τὸ
975 4652 1245 4721 ἐνεργείᾳ,
1276 4652 1371 4705 τοῦ
1402 4654 1651 4719 δυνάμει.
1673 4658 1735 4710 Ei
1760 4657 1869 4727 γὰρ
1902 4659 1990 4711 at

411 4736 524 4798 διος
557 4740 586 4789 6
616 4739 817 4809 κόσμος
848 4742 991 4795 κατὰ
1020 4744 1108 4796 τὸν
1160 4744 1564 4817 Ἀριστοτέλην,
1602 4748 1760 4801 οὐδὲν
1804 4750 1992 4822 ἕτερον

416 4828 646 4897 θατέρου
695 4832 980 4901 πρότερον,
1020 4834 1136 4885 ἀλλ’
1186 4837 1466 4907 όμόχρονά
1500 4841 1668 4909 ἐστιν.
1705 4841 1838 4895 Ὅτε
1894 4845 1992 4912 μέν

411 4937 496 4972 τοι
529 4921 773 5007 χωρισθῇ
803 4925 830 4975 6
859 4924 983 4987 νοῦς
1015 4928 1109 4977 καὶ
1135 4926 1360 4998 γένηται
1386 4932 1507 4983 κατ’
1532 4932 1838 5002 ἐνέργειαν,
1873 4936 1993 4989 τότε

414 5012 624 5077 γίνεται
650 5012 787 5084 ὅπερ
821 5015 961 5078 ἐστὶ,
997 5018 1241 5071 τουτέστι
1278 5020 1482 5090 κυρίως
1520 5022 1663 5087 νοῦς.
1697 5026 1806 5077 Καὶ
1834 5026 1997 5080 τοῦτο

418 5103 602 5171 μόνον,
652 5106 911 5159 ἀδύνατον
942 5110 1017 5179 (8)
1049 5112 1145 5163 καὶ
1172 5110 1365 5167 ἀΐδιον.
1414 5114 1480 5167 Ἦ
1522 5115 1581 5167 δὲ
1609 5116 1803 5185 ἄλογος
1850 5118 1997 5189 ψυχὴ

416 5196 510 5248 καὶ
537 5198 569 5265 ἡ
592 5198 792 5269 φυτικὴ
815 5198 1084 5264 ἀθάνατος
1117 5204 1236 5271 μὲν,
1260 5205 1362 5257 οὐκ
1385 5204 1557 5270 ἀΐδιος
1583 5207 1662 5262 δέ.
1706 5209 2008 5273 Ἀθάνατος.

415 5288 462 5340 δ’
492 5289 559 5343 ἂν
582 5290 802 5356 λέγεται
848 5282 953 5346 κᾶν
993 5294 1206 5367 φθαρτή
1240 5298 1332 5348 καὶ
1357 5298 1456 5351 οὐκ
1485 5300 1655 5361 ἀΐδιος
1691 5302 1993 5371 δοξάζεται,

417 5383 605 5454 ἐπειδὴ
638 5384 699 5437 οὐ
730 5386 864 5439 καθὸ
892 5385 1037 5457 ψυχὴ
1056 5387 1359 5458 φθείρεται,
1384 5391 1521 5445 ἀλλὰ
1544 5393 1681 5446 καθὸ
1702 5397 1759 5448 ἐν
1782 5396 1995 5465 σώματι

415 5474 555 5529 ἔστι.
585 5477 676 5528 Διὸ
704 5478 799 5531 καὶ
829 5479 1057 5533 Πλάτων
1090 5480 1263 5549 λέγει,
1284 5484 1463 5535 πᾶσαν
1493 5484 1673 5556 ψυχὴν
1705 5485 1994 5551 ἀθάνατον,

412 5566 573 5620 τοῦτο
595 5568 768 5636 λέγων
796 5573 890 5623 καὶ
932 5574 1027 5625 ἐπὶ
1060 5576 1295 5644 φυτικῆς
1350 5576 1445 5628 καὶ
1472 5577 1567 5629 ἐπὶ
1596 5579 1814 5645 ἀλόγου.
1855 5578 1919 5632 Ἦ
1938 5579 1995 5633 δὲ

418 5660 519 5732 ὐλη
550 5661 609 5713 τὸ
642 5663 932 5729 ἀνάπαλιν,
968 5665 1139 5729 ἀΐδιος
1172 5667 1290 5738 μὲν,
1333 5668 1431 5721 οὐκ
1470 5670 1736 5735 ἀθάνατος
1770 5672 1826 5726 δέ
1848 5688 1862 5704 ’
1914 5672 1995 5728 διὸ

491 5843 600 5914 (8’)
620 5843 764 5915 Lego
780 5843 1066 5899 ἀθάνατον.

746 5943 1021 6003 Pnaoc.
1066 5943 1185 6003 Gn.
1231 5943 1480 6008 CXXII.

2108 3269 2360 3333 scientia,
2409 3270 2561 3336 quasi
2605 3270 2840 3323 essentia
2891 3268 3091 3322 dicitur
3118 3268 3335 3323 animae.
3392 3267 3439 3320 A
3478 3269 3688 3338 potiore

2109 3360 2271 3429 igitur
2329 3370 2483 3428 parte
2537 3369 2774 3413 mentem
2820 3359 3157 3428 appellavit:
3195 3360 3323 3430 quia
3356 3361 3501 3414 enim
3563 3372 3685 3417 actu

2108 3455 2222 3507 sive
2283 3452 2524 3508 cllicacia
2588 3462 2846 3522 operatur
2894 3466 3066 3517 ruens,
3115 3461 3171 3507 et
3222 3468 3345 3508 cum
3394 3453 3467 3508 sit
3510 3461 3685 3516 actus.

2105 3555 2392 3614 operatur,
2449 3554 2672 3613 prestat
2696 3554 2878 3599 autem
2929 3545 2984 3598 in
3024 3543 3275 3599 omnibus
3299 3546 3440 3600 actio
3465 3555 3522 3600 et
3552 3547 3687 3601 sub-

2105 3641 2346 3703 stantia;
2403 3652 2522 3692 eam
2555 3639 2624 3691 ob
2674 3652 2811 3701 rem,
2860 3652 2984 3691 cum
3013 3637 3320 3707 signiﬁcare
3344 3638 3522 3701 vellet,
3558 3649 3694 3691 actu.

2107 3739 2339 3780 mentem
2375 3740 2556 3794 agere,
2593 3726 2729 3780 dixit
2756 3726 3015 3791 essentia,
3047 3742 3075 3780 a
3104 3729 3298 3796 potiori
3352 3738 3607 3799 tanquam
3654 3748 3684 3784 a

2103 3834 2303 3889 genere
2352 3820 2731 3887 praestantiore
2764 3828 2933 3874 totum
2968 3819 3281 3889 designans,
3347 3832 3425 3886 ut,
3488 3822 3684 3878 Teucer

2102 3914 2319 3966 charum
2359 3920 2537 3981 caput.
2574 3910 2686 3968 lloc
2718 3913 2879 3981 igitur
2908 3914 3163 3969 convenit
3206 3916 3374 3970 menti
3408 3915 3681 3982 humanae,

2101 4021 2220 4075 quae
2257 4015 2410 4059 actus
2438 4014 2542 4061 est.
2600 4005 2734 4060 Cum
2794 4006 2937 4060 enim
2982 4014 3139 4061 actns
3170 4007 3261 4071 sit,
3291 4007 3584 4078 intelligit;
3628 4023 3686 4063 at

2098 4112 2219 4165 qua:
2251 4097 2404 4161 foris,
2445 4096 2570 4151 inde
2614 4106 2767 4151 actus
2794 4111 2895 4163 csn,
2952 4107 3007 4150 et
3035 4098 3252 4152 tertiqu
3286 4099 3384 4166 ipsi
3406 4101 3683 4167 convenit,

2096 4190 2222 4258 quia
2253 4204 2406 4243 tuens
2441 4204 2654 4257 semper
2692 4189 2966 4259 intelligit,
3006 4205 3112 4244 non
3144 4201 3201 4244 ut
3234 4190 3477 4247 Plotinus
3532 4193 3681 4247 arbi-

2102 4287 2295 4343 tratur,
2351 4279 2475 4347 quia
2534 4293 2771 4347 semper,
2810 4281 2860 4332 in
2892 4279 3165 4343 omnibus,
3208 4281 3539 4337 omnimodis
3570 4283 3686 4353 ipsa

2102 4372 2372 4442 intelligit.
2418 4370 2535 4425 Non
2582 4373 2725 4425 enim
2771 4387 2936 4425 unum
2986 4388 3358 4439 numerorum,
3387 4374 3479 4442 qui
3529 4356 3691 4428 mens.

2103 4466 2326 4529 dicitur,
2355 4481 2571 4535 semper
2631 4466 2866 4534 cegitat:
2908 4465 3003 4519 sed
3036 4465 3160 4533 quia
3200 4466 3456 4531 humana,
3488 4454 3680 4536 quasi"

2100 4560 2358 4614 universo
2408 4558 2608 4611 mundo
2646 4566 2726 4609 est
2763 4570 2935 4621 mens,
2986 4570 3199 4622 semper
3247 4556 3513 4627 intelligit.
3561 4559 3681 4620 Etsi

2091 4652 2235 4707 enim
2272 4665 2372 4720 ego
2416 4666 2525 4704 non
2575 4649 2775 4718 cogito,
2808 4648 2947 4703 alius
3005 4656 3185 4701 tamen
3214 4649 3440 4717 cogitat,
3470 4659 3525 4704 et
3548 4664 3681 4704 suc-

2092 4744 2337 4799 cessione
2356 4760 2420 4798 ac
2451 4744 2659 4797 vicibus
2689 4742 2748 4795 lit
2777 4742 3033 4813 cogitatio
3063 4742 3431 4797 intellectione
3477 4743 3680 4811 sempi-

2096 4848 2271 4899 terna,
2305 4853 2373 4891 ne
2406 4835 2498 4889 Dei
2538 4835 2679 4906 apud
2702 4850 2803 4889 nos
2837 4834 3093 4904 splendor
3124 4835 3363 4899 deﬁciat,
3387 4835 3478 4903 qui
3530 4850 3679 4888 sem-

2097 4945 2192 4999 per
2222 4929 2523 4999 intelligere
2555 4927 2772 4990 dicitur,
2806 4927 2933 4996 quia
2958 4941 3177 4995 semper
3224 4928 3528 4997 intelligere
3586 4942 3681 4996 po—

2098 5033 2199 5079 test
2226 5040 2241 5077 :
2273 5024 2368 5094 qui
2399 5023 2541 5077 enim
2585 5030 2767 5075 mente
2832 5037 2925 5076 seu
2955 5020 3230 5075 intellectu
3256 5020 3515 5089 praeditus
3566 5029 3675 5086 est,

2095 5113 2336 5180 qualibet
2396 5114 2528 5167 hora
2562 5111 2837 5181 intelligit.
2882 5110 2994 5165 Hoc
3028 5112 3209 5179 itaque
3246 5111 3678 5165 humanzementi

2098 5208 2242 5261 inest
2284 5224 2296 5261 :
2327 5220 2480 5261 mens
2543 5204 2689 5259 enim
2734 5220 2856 5275 quae
2880 5203 3033 5269 foris,
3065 5218 3292 5259 numero
3323 5219 3427 5256 una
3459 5212 3513 5258 et
3564 5204 3678 5258 sin—

2074 5284 2301 5367 gularis
2347 5297 2528 5351 omnia
2576 5296 2851 5364 intelligit.
2875 5296 2979 5349 Sed
3024 5296 3087 5346 de
3137 5294 3223 5348 his
3279 5294 3562 5348 hactenus.
3616 5293 3677 5347 In

2102 5407 2207 5443 uno
2252 5388 2491 5449 homine,
2543 5396 2810 5456 potestate
2846 5393 3058 5447 natura,
3109 5384 3259 5452 prius
3309 5395 3395 5439 est
3443 5394 3589 5448 actu,
3621 5394 3679 5436 at

2099 5499 2205 5538 non
2246 5482 2296 5535 in
2332 5490 2443 5535 toto
2478 5480 2677 5534 mundo
2706 5496 2724 5532 τ
2763 5492 2883 5532 nam
2911 5477 3092 5532 intoto
3126 5478 3344 5538 mundo,
3369 5485 3427 5528 ιιι
3453 5475 3672 5545 quidam

2096 5578 2263 5637 aiunt,
2301 5590 2410 5629 non
2462 5583 2544 5629 est
2588 5572 2857 5643 posterius
2910 5570 3016 5626 alio
3066 5585 3243 5640 neque
3276 5568 3460 5638 prius;
3497 5583 3675 5637 neque

2095 5670 2237 5740 quod
2287 5681 2369 5725 est
2433 5677 2720 5739 pOtestatc,
2778 5681 2843 5723 eo
2893 5667 3037 5737 quod
3092 5675 3251 5732 actu;
3298 5680 3471 5735 neque
3527 5664 3669 5730 quod

3280 5945 3357 6011 34
