4430 6448
746 371 887 434 1Ο67

2022 366 2444 428 MICIIAELIS
2484 367 2755 429 PSELLI

3889 378 4029 445 1063

744 502 893 550 actu,
953 503 1017 542 eo
1059 486 1200 556 quod
1246 493 1328 538 est
1379 492 1673 554 potestate.
1722 481 1779 535 Si
1838 480 2007 545 enim,
2061 490 2119 533 ut
2164 480 2337 534 sensit
2366 488 2411 544 Α
2442 482 2470 534 6

2270 480 2337 534 sit
2366 488 2411 544 Α
2442 482 2470 534 6
2504 480 2627 544 νοῦς
2651 482 2821 546 ἀΐδιος
2847 482 3087 553 λέγεται,
3142 484 3217 549 ὡς
3252 487 3347 541 καὶ
3382 488 3552 554 ἀΐδιος
3609 493 3702 547 καὶ
3734 495 4019 563 ἀθάνατος.

746 584 1093 644 Aristoteles,
1152 578 1381 630 mundus
1431 587 1518 630 est
1580 588 1836 636 aeternus,
1880 575 2059 628 nullus
2107 583 2190 627 est
2229 575 2335 625 alio

755 676 928 746 prius,
960 675 1051 728 sed
1075 674 1317 741 ejusdem
1383 669 1643 739 temporis
1677 678 1807 721 sunt
1832 669 2030 722 Omnia.
2067 666 2201 721 Cum
2231 665 2328 734 igi-

752 784 840 825 tur
867 778 1115 837 separata
1149 780 1302 820 utens
1334 776 1387 819 et
1432 762 1729 818 secundum
1752 772 1930 815 actum
1957 760 2120 813 fuerit
2158 774 2173 821 ;
2211 769 2337 811 tunc

749 870 807 918 tit
845 866 893 916 id
927 862 1069 926 quod
1098 871 1179 915 est
1213 875 1227 921 ;
1263 861 1364 912 hoc
1429 866 1511 910 est
1558 856 1774 925 prepria
1822 868 1970 906 mens
1996 870 2010 906 :
2040 853 2201 921 idque
2246 868 2337 904 so-

746 952 853 1007 lum
912 964 966 1007 et
997 950 1301 1005 immortale
1331 957 1383 1001 et
1432 960 1695 1001 aeternum
1720 952 1851 998 ‘est.
1880 944 1949 997 At
1976 946 2157 997 anima
2205 944 2335 997 hrn-

751 1064 925 1101 torum
972 1057 1026 1099 et
1081 1044 1384 1113 plantarum
1440 1053 1697 1110 perpetua
1755 1038 1998 1106 quidem,
2059 1037 2153 1091 sed
2228 1051 2331 1087 non

747 1153 970 1195 aeterna.
1033 1136 1358 1191 Immortalis
1398 1149 1526 1187 vero
1563 1149 1655 1185 seu
1684 1143 1941 1200 perpetua
1977 1131 2196 1193 dicitur,
2230 1127 2333 1181 etsi

749 1230 1122 1302 corruptibilis
1188 1238 1241 1283 et
1290 1243 1393 1281 non
1464 1234 1667 1280 aeterna
1718 1238 1994 1287 Censetur,
2046 1224 2171 1291 quia
2228 1238 2331 1273 non

748 1334 1013 1395 quatenus
1056 1321 1233 1374 anima
1259 1328 1343 1372 est
1367 1317 1763 1384 corrumpitur,
1825 1316 1915 1369 sed
1966 1324 2336 1383 quatenusest

751 1422 801 1472 in
846 1429 1116 1484 corpore:
1161 1427 1329 1480 quare.
1384 1421 1437 1463 et
1494 1410 1645 1464 Plato
1681 1422 1897 1462 onmem
1958 1408 2192 1461 animam
2230 1409 2332 1459 im-

751 1512 1032 1565 mortalem
1077 1506 1211 1561 dicit
1254 1522 1269 1558 ι
1310 1504 1452 1573 quod
1510 1503 1574 1555 de
1621 1512 1903 1570 vegetante
1963 1510 2015 1554 et
2064 1501 2334 1553 sentiente

752 1607 900 1659 diczt.
956 1602 996 1655 Ε
1039 1601 1280 1663 diverso,
1316 1595 1542 1650 materia
1579 1607 1782 1649 :eterna
1826 1604 1929 1655 est,
1963 1603 2017 1646 at
2073 1608 2176 1645 non
2237 1594 2334 1644 int-

751 1698 1014 1752 muttalis.
1053 1693 1233 1759 Quare
1268 1704 1419 1743 Inetts
1452 1700 1657 1743 aeterna
1701 1689 1917 1749 dicitur,
1958 1696 2082 1737 utet
2113 1685 2335 1737 immor-

753 1793 891 1843 ιιιιιε.
935 1790 1024 1841 Ait
1058 1796 1320 1856 praeterea
1370 1799 1397 1834 ιι
1434 1793 1685 1835 sensnet
1725 1777 2087 1847 intelligentia
2121 1776 2332 1830 discre-

751 1898 878 1951 pare
910 1865 1275 1949 phantasiam,
1301 1877 1428 1945 quia
1465 1877 1577 1927 licec
1620 1872 1909 1941 interiecta
1935 1883 2038 1934 εει,
2076 1871 2179 1923 illa:
2207 1885 2336 1924 vero

753 1974 1003 2042 ntriuque
1028 1986 1088 2026 se
1119 1970 1314 2024 habent
1352 1984 1365 2020 :
1404 1982 1431 2019 a
1476 1982 1636 2020 sensu
1667 1966 1810 2019 enim
1854 1965 2153 2032 phantasia:
2183 1964 2337 2033 prin-

752 2069 949 2135 cipium
994 2073 1130 2118 est:
1184 2060 1308 2113 huic
1376 2060 1518 2112 enim
1578 2056 2006 2110 seusnsinitium
2040 2056 2153 2116 dat,
2210 2042 2336 2107 huic

753 2174 879 2212 vero
908 2153 1293 2224 intelligentia.
1322 2150 1454 2203 Nam
1493 2150 1610 2205 sine
1641 2150 1946 2219 phantasia,
1992 2164 2095 2200 non
2160 2156 2336 2215 potest

752 2251 1056 2304 intellectus
1092 2262 1253 2316 agere
1288 2260 1304 2310 ;
1340 2245 1551 2312 hocque
1580 2253 1659 2295 est
1682 2241 1998 2310 phantasia.
2027 2256 2146 2293 euut
2170 2253 2333 2293 senisu

752 2356 804 2396 ιιι
840 2342 1115 2396 intellectu
1149 2342 1465 2395 discrimen.
1491 2337 1773 2405 Opinionis
1805 2345 2064 2403 praeterea
2085 2334 2333 2401 etphan-

754 2438 907 2491 tztsire
943 2435 1298 2489 uilici-entiam
1336 2432 1608 2500 proponit,
1656 2429 1783 2495 quia
1836 2427 2133 2479 informare
2181 2425 2338 2480 nobis

753 2546 877 2582 eum
912 2529 1037 2582 libet
1064 2537 1118 2579 et
1152 2524 1438 2594 quodlibet
1486 2535 1799 2591 possumus.
1844 2517 2029 2572 Trium
2057 2517 2200 2571 enim
2254 2516 2339 2571 vel

754 2621 939 2689 Viginti
1019 2619 1300 2671 ctthituum
1365 2615 1640 2668 hominem
1715 2612 1959 2677 cogitare
2023 2622 2077 2662 et
2136 2610 2339 2677 ﬁngere

754 2727 1075 2780 possumus;
1117 2722 1225 2763 tum
1250 2717 1304 2761 et
1333 2705 1711 2775 tragelaphnm
1743 2714 1795 2757 et
1818 2704 2337 2772 hippocentaurum:

753 2815 809 2857 nt
835 2804 1044 2869 opinari
1107 2816 1226 2869 (pne
1274 2799 1424 2862 libet,
1482 2797 1639 2865 plane
1671 2812 1776 2850 non
1832 2810 2145 2863 poSsumus.
2206 2794 2339 2847 Nam

2444 576 2565 629 Ἔτι
2603 576 2737 645 φησὶ
2773 576 3055 649 διαφέρειν
3098 582 3407 648 φαντασίαν
3438 586 3753 656 αἰσθήσεως
3786 592 3879 642 καὶ
3906 594 4027 648 δια-

2439 671 2612 734 νοίας,
2689 670 2826 723 καθὸ
2868 672 2901 740 ή
2956 673 3055 741 μὲν
3097 676 3236 742 μέση
3297 676 3503 729 τούτων
3536 680 3673 740 ἐστὶ.
3710 686 3777 737 τὰ
3803 684 3860 737 δὲ
3894 692 4029 757 παρ’

2439 766 2678 834 ἑκάτερα
2700 780 2713 793 ’
2755 762 2982 833 ἄρχεται
3016 765 3117 835 μὲν
3168 768 3277 836 γὰρ
3310 768 3341 837 ή
3376 774 3641 837 φαντασία
3677 777 3786 829 ἀπὸ
3811 779 3909 848 τῆς
3944 784 4030 834 αι-

2442 858 2722 927 σθήαεως’
2761 858 2937 927 ἀρχὰς
2978 859 3148 929 γὰρὴ
3194 862 3448 931 αἴσθησις
3495 866 3677 920 δίδωσι
3720 874 3784 940 τῇ
3815 890 4024 940 φανταο

2440 950 2558 1021 σίᾳ.
2598 950 2777 1021 ἐκείνη
2818 950 2875 1003 δὲ
2906 954 2971 1021 τῇ
3001 951 3211 1022 διανοίᾳ
3243 955 3417 1024 ἀρχὰς
3449 955 3688 1016 δίδωσιν.
3720 963 3889 1016 Ἀνευ
3917 967 4027 1037 γὰρ
4072 966 4081 973 “

2440 1044 2742 1110 φαντασίας
2767 1044 2829 1095 οὐ
2860 1043 3083 1096 δύναται
3115 1045 3146 1115 ή
3179 1044 3386 1100 διάνοια
3408 1051 3723 1119 ἐνεργῆσαι.
3753 1056 3861 1108 Καὶ
3891 1059 4030 1111 ταύο

2435 1153 2503 1207 τη
2531 1137 2779 1205 διαφέρει
2812 1138 3088 1204 φαντασία
3131 1139 3440 1207 αἰσθήσεως
3465 1146 3557 1195 καὶ
3588 1144 3847 1207 διανοίας.
3885 1150 4027 1217 Πρὸς

2436 1230 2809 1296 τούτοιςὶ.ἐγει
2847 1230 3006 1298 δόξης
3032 1231 3437 1299 καιφαντασὶας
3460 1236 3727 1307 διαφοράς
3750 1256 3762 1268 ’
3788 1242 3869 1293 ὅτι
3893 1261 4032 1311 φαν-

2437 1321 2704 1389 τασθῆναι
2732 1322 2829 1389 μὲν
2846 1321 2934 1372 ὅτε
2952 1322 3045 1371 καὶ
3072 1322 3299 1391 Θέλομεν
3316 1326 3614 1393 δυνάμεθα.
3653 1332 3761 1383 Καὶ
3784 1333 4026 1405 γὰρτρί-

2437 1430 2617 1481 πηχυν
2654 1415 2746 1465 καὶ
2783 1415 3160 1483 εἱκοσάπηχυν
3198 1418 3485 1488 ἄνθρωπον
3510 1424 3899 1492 φανταζόμεθα
3935 1429 4029 1480 καὶ

2442 1505 2721 1573 δυνάμεθα
2744 1506 3163 1559 ἁναπλὰσαοθαι
3189 1510 3283 1561 καὶ
3304 1513 3647 1581 τραγέλαφον
3668 1521 3761 1566 καὶ
3778 1518 4031 1572 ἱπποκέν-

2436 1613 2639 1666 ταυρον
2660 1596 2911 1660 ’δοξάσαι
2936 1598 2992 1650 δὲ
3013 1598 3045 1651 ἃ
3065 1599 3314 1668 θέλομεν,
3332 1603 3391 1652 οὐ
3413 1604 3628 1667 παντως
3644 1606 3943 1676 δύναμεθα,
3960 1612 4037 1663 Τὸ

2437 1686 2545 1754 γὰρ
2573 1688 2655 1749 δὶς
2686 1688 2781 1739 δύο
2815 1690 2993 1741 εἰπεῖν
3024 1690 3123 1758 μὲν
3154 1691 3284 1743 δέκα
3311 1693 3607 1761 δυνάμεθα,
3628 1696 3852 1761 δοξάσαι
3883 1699 3939 1750 δὲ
3970 1703 4031 1751 οὐ

2442 1776 2741 1847 δυνάμεθα,
2767 1779 2908 1831 ὥστε
2936 1783 2966 1849 ή
3003 1782 3100 1849 μὲν
3134 1785 3403 1850 φαντασία
3436 1785 3519 1853 ἐφ’
3565 1789 3716 1855 ἡμῖν.
3758 1792 3789 1857 ἡ
3818 1792 3872 1843 δὲ
3907 1792 4035 1855 δόξα

2444 1871 2543 1923 οὐκ
2578 1870 2663 1938 ἐφ’
2692 1872 2845 1940 ἡμῖν.
2898 1873 2961 1924 Ei.
2990 1873 3045 1925 δὲ
3076 1875 3158 1925 δεῖ
3213 1876 3421 1948 τάληθῆ
3484 1880 3679 1943 εἰπεῖν,
3738 1882 3858 1935 οὐδὲ
3896 1901 4034 1951 φαν-

2443 1965 2607 2016 τασία
2646 1964 2730 2031 ἐφ’
2776 1966 2907 2033 ἡμῖν
2936 1968 3120 2018 ἐστιν’
3157 1968 3187 2036 ἡ
3225 1969 3335 2037 γὰρ
3363 1972 3419 2021 ἐν
3454 1970 3531 2039 τῷ
3566 1972 3851 2025 καθεύδειν
3883 1991 4034 2041 γινο-

2440 2056 2598 2125 μένη,
2627 2060 2726 2109 οὐκ
2755 2058 2838 2125 ἐφ’
2862 2060 3015 2128 ἡμῖν.
3050 2061 3124 2112 Οὐ
3156 2062 3265 2129 γὰρ
3298 2061 3334 2114 ἃ
3360 2060 3590 2132 Θέλομεν
3614 2067 3672 2117 ὲν
3695 2069 3807 2129 τοῖς
3846 2067 4037 2131 ὕπνοις

2434 2148 2857 2217 φανταζόμεθαο
2912 2150 3008 2203 καὶ
3058 2152 3111 2202 τί
3144 2151 3287 2218 λέγω
3323 2154 3379 2204 ὲν
3414 2152 3491 2223 τῷ
3547 2156 3868 2225 καθεύδεινς
3921 2160 4040 2212 ἀλλ’

2433 2240 2558 2294 οὕτε
2594 2243 2744 2294 πᾶσα
2773 2244 2831 2295 ὲν
2861 2242 2937 2311 τῷ
2970 2244 3358 2313 ἐγρηγορέναι.
3398 2248 3527 2300 ’Ὅτε
3555 2251 3663 2318 γὰρ
3689 2253 3757 2303 τὰ
3798 2253 3926 2305 ὅντα
3965 2254 4041 2315 ὡς

2435 2335 2565 2388 ὂντα
2597 2336 3013 2405 φανταζόμεθα,
3058 2338 3119 2390 οὺ
3152 2339 3450 2408 δυνάμεθα,
3492 2345 3541 2394 εἰ
3587 2345 3662 2414 μὴ
3697 2344 3770 2407 ὼς
3830 2346 4038 2415 ἔχουσι,

2439 2425 2814 2491 φαντάζεσθαι
2870 2428 3033 2481 αὐτά.
3096 2423 3226 2481 Οἷον
3278 2432 3339 2481 τὸ
3384 2432 3685 2501 Σωκράτην
3731 2437 3781 2487 ει
3823 2439 4043 2506 προθῶ-

2441 2534 2536 2586 μαι
2573 2516 2648 2584 (9)
2688 2520 3082 2584 φαντάζεσθαι,
3114 2522 3172 2573 οὐ
3206 2521 3485 2592 δυνάμεθα
3518 2526 3684 2578 αὐτὸν
3722 2530 4041 2597 φαντασθῆ-

2439 2629 2527 2663 ναι
2576 2612 2794 2663 ἀστεῖον
2838 2616 2932 2664 καὶ
2974 2612 3169 2666 λευκὸν
3212 2616 3303 2668 καὶ
3332 2618 3611 2685 κομῶντα,
3647 2620 3783 2672 ἀλλὰ
3817 2623 4040 2684 πάντως

2440 2703 2718 2771 φαλακρὸν
2754 2705 2844 2756 καὶ
2871 2705 3076 2772 μέλανα
3107 2709 3202 2758 καὶ
3227 2708 3614 2779 προγάστοραξ,
3646 2709 3787 2763 ὥστε
3816 2714 3848 2782 ἠ
3884 2715 4045 2783 ἀκριο

2454 2795 2557 2862 6i);
2595 2796 2833 2866 διαφορὰ
2866 2796 3008 2865 αὕτη
3039 2797 3212 2851 ἐστίν.

756 2902 838 2953 his
863 2898 989 2961 duo,
1019 2896 1206 2950 decem
1244 2894 1429 2948 dicere
1452 2906 1740 2961 possumus
1770 2906 1783 2943 :
1814 2889 2133 2943 existimare
2174 2899 2349 2940 autem
2387 2904 2492 2942 non
2535 2905 2851 2958 possumus,
2889 2903 2948 2945 ut
2984 2894 3036 2946 in
3099 2905 3289 2948 nostra
3348 2905 3622 2963 potestate
3678 2900 3749 2952 sit
3812 2900 4047 2968 phanta-

755 2993 857 3057 sia,
888 3005 991 3044 non
1012 2990 1140 3043 item
1171 2986 1374 3056 opinio.
1411 2984 1517 3039 Sed
1544 2983 1587 3037 si
1616 2998 1803 3037 verum
1832 2996 2101 3044 amamus,
2133 2996 2307 3050 neque
2352 2984 2523 3035 nostri
2571 2994 2655 3036 est
2697 2985 2909 3038 arbitrii
2951 2985 3237 3054 phantasia
3272 3003 3285 3040 :
3313 3005 3433 3041 nam
3464 3005 3584 3059 quae
3614 2992 3767 3046 nobis
3791 2995 4045 3049 eveniunt

757 3085 1171 3144 eormientibus,
1198 3095 1302 3135 non
1348 3088 1428 3132 est
1457 3088 1654 3131 nostra!
1712 3076 1925 3146 Spontis
1978 3091 1993 3140 ;
2075 3089 2181 3129 non
2234 3073 2379 3127 enim
2414 3092 2533 3143 qua:
2568 3078 2824 3132 volumus
2875 3093 2940 3133 ea
2995 3080 3047 3132 in
3082 3083 3290 3135 somnis
3331 3083 3698 3152 imaginamur
3727 3104 3742 3141 :
3771 3091 3898 3156 quid
3946 3105 4041 3141 au-

760 3198 864 3236 tem
891 3182 945 3234 in
972 3176 1210 3233 somnis?
1234 3176 1329 3229 sed
1346 3188 1521 3241 neque
1540 3172 1889 3240 vigilantibus
1918 3172 2096 3234 nobis,
2118 3172 2298 3223 omnis
2322 3182 2401 3224 εει
2425 3172 2477 3223 in
2513 3184 2695 3224 nostra
2723 3184 2989 3237 potestate
3012 3176 3297 3243 phantasia
3317 3195 3328 3231 :
3348 3194 3468 3232 cum
3490 3181 3634 3234 enim
3661 3196 3744 3246 ea,
3764 3198 3885 3253 qua:
3898 3196 4046 3253 sunt,

759 3288 817 3331 nt
878 3290 1000 3345 qua:
1049 3282 1174 3327 sunt
1231 3270 1557 3336 cogitamus,
1609 3283 1714 3320 non
1766 3281 2077 3335 possumus,
2149 3265 2252 3321 nisi
2329 3278 2383 3319 nt
2444 3281 2568 3320 sunt
2611 3286 2672 3323 ea
2721 3270 2983 3339 cogitare.
3023 3270 3092 3326 Ut
3151 3273 3195 3326 si
3237 3274 3393 3329 nobis
3460 3273 3743 3331 Socratem
3784 3279 4046 3336 informe-

760 3385 902 3433 ntus,
976 3366 1237 3435 lepidum,
1271 3364 1453 3417 album
1475 3370 1529 3415 et
1554 3360 1888 3414 comatulum
1924 3360 2081 3415 nobis
2111 3375 2290 3429 Ipsum
2324 3361 2623 3418 informare
2652 3379 2756 3419 non
2792 3378 3108 3433 possumus,
3140 3368 3233 3420 sed
3271 3368 3509 3432 calvum,
3543 3372 3760 3438 nigrum
3800 3382 3854 3425 et
3882 3377 4050 3428 obeso

758 3472 969 3522 ventre,
992 3458 1134 3527 quod
1162 3464 1479 3510 accuratum
1512 3453 1805 3507 discrimen
1832 3462 1935 3505 est.

832 3551 968 3607 Cum
1004 3550 1055 3603 id
1082 3563 1264 3613 omne,
1324 3547 1525 3616 inquit,
1593 3545 1734 3615 quod
1780 3554 2051 3609 movetur,
2117 3544 2168 3598 in
2232 3546 2418 3608 lococ

761 3663 904 3714 csse,
944 3643 1177 3698 afﬁrmat
1214 3640 1558 3704 Aristoteles,
1591 3641 1792 3695 emtum
1841 3640 2201 3694 inerrantium
2226 3640 2354 3692 stel-

766 3744 940 3795 larum
971 3737 1177 3792 moveri
1232 3734 1435 3789 fatetur
1473 3752 1487 3801 ;
1526 3742 1579 3787 at
1604 3734 1659 3786 in
1690 3734 1810 3786 loco
1861 3747 1982 3786 esse
2037 3740 2219 3800 negat,
2276 3729 2355 3781 vel

764 3834 892 3904 quia
918 3832 1019 3885 etsi
1054 3844 1161 3883 non
1224 3837 1422 3892 totum,
1488 3836 1546 3879 ut
1600 3836 1791 3889 totum,
1846 3823 1940 3879 sed
1992 3823 2116 3893 quia
2176 3834 2355 3891 partes

766 3930 935 3999 ipsius
964 3928 1017 3982 in
1050 3927 1192 3988 loco,
1221 3940 1329 3979 non
1376 3924 1503 3992 quia
1555 3932 1694 3976 nata:
1754 3922 1861 3976 sint
1909 3936 2012 3974 non
2068 3920 2354 3983 contineri,

766 4023 861 4079 sed
890 4023 1017 4090 quia
1047 4034 1209 4088 supra
1241 4020 1386 4087 ipsas
1415 4016 1623 4070 nullum
1658 4022 1743 4067 est
1773 4028 1989 4079 corpus,
2013 4021 2070 4063 ut
2100 4021 2153 4063 et
2188 4019 2355 4063 totout

766 4132 891 4171 eum
919 4117 1037 4183 ipso
1072 4114 1125 4166 in
1158 4127 1218 4166 sc
1278 4108 1659 4163 concludatur.
1712 4106 1768 4158 In
1817 4106 1996 4157 anima
2044 4117 2172 4156 vero
2224 4100 2355 4153 nihil

769 4218 849 4262 est
882 4206 1171 4278 ejusmodi,
1202 4202 1297 4258 sed
1328 4199 1448 4268 ejus
1516 4210 1709 4254 natura
1756 4206 1863 4263 est,
1931 4210 2039 4250 non
2088 4194 2354 4248 contineri

771 4302 909 4355 loco.

841 4392 1033 4446 Anima
1062 4405 1156 4458 per
1200 4405 1257 4445 se
1305 4391 1529 4444 immota
1590 4394 1716 4440 est:
1775 4398 1841 4437 ex
1886 4378 2149 4435 accidenti
2230 4390 2359 4429 vero

773 4484 876 4538 diei
910 4484 1084 4552 possit
1108 4484 1346 4551 seipsam
1372 4495 1612 4543 movere,
1645 4479 1807 4547 idque
1836 4475 1952 4529 solo
1979 4484 2124 4527 motu
2167 4472 2232 4523 ad
2282 4469 2359 4521 lo-

774 4593 894 4630 cum
934 4592 948 4627 :
990 4576 1207 4644 quando
1239 4574 1383 4628 enim
1414 4574 1528 4641 ipsa
1569 4585 1770 4640 corpus
1798 4578 1999 4632 movet,
2041 4576 2097 4620 et
2156 4565 2207 4617 in
2241 4563 2359 4630 ipso

774 4677 900 4723 sunt
934 4686 947 4721 :
978 4683 1096 4737 qua:
1119 4674 1430 4727 moventur,
1465 4672 1612 4719 moto
1640 4676 1893 4731 corpore,
1928 4674 2049 4713 cum
2083 4672 2148 4711 eo
2180 4669 2362 4708 move-

776 4762 950 4815 bitur.
990 4760 1178 4828 Itaque
1222 4756 1523 4813 secundum
1574 4754 1829 4808 accidens
1882 4750 2111 4818 seipsatn
2158 4757 2357 4811 movet,

776 4852 900 4919 quia
938 4866 1160 4919 corpus,
1193 4852 1379 4919 inquo
1406 4856 1528 4913 est;
1562 4856 1618 4900 at
1674 4859 1770 4914 per
1829 4856 1889 4897 se
1937 4850 1992 4897 et
2060 4840 2359 4895 secundum

2527 3546 2779 3609 ’Ὀτιπως
2811 3546 2968 3616 φησι,
2990 3544 3167 3614 λέγων
3192 3545 3602 3619 Ἀριστοτέλης,
3636 3550 3745 3601 πᾶν
3773 3550 3832 3603 τὸ
3864 3556 4018 3604 κινού

2462 3656 2623 3706 μενον
2657 3641 2714 3690 ὲν
2744 3639 2894 3707 τόπῳ
2927 3638 3027 3705 μὲν
3060 3635 3231 3703 εἶναι,
3267 3640 3434 3701 αὐτὸς
3466 3641 3565 3708 τὴν
3606 3642 3845 3711 ἀπλανῆ,
3872 3663 4052 3697 κινου-

2462 3733 2631 3801 μένην
2670 3734 2768 3801 μὲν
2810 3732 3084 3800 ὁμολογεῖ,
3119 3734 3175 3782 ἐν
3210 3732 3360 3800 τόπῳ
3383 3732 3438 3783 δὲ
3473 3732 3547 3801 μὴ
3572 3729 3743 3785 εἶναι’
3774 3735 3804 3804 ἢ
3837 3735 3917 3787 ὅτι
3950 3737 4055 3788 κᾶν

2463 3826 2537 3895 μὴ
2578 3826 2672 3896 ὅλη
2708 3824 2783 3887 ὡς
2828 3825 2945 3894 ὅλη,
2988 3823 3107 3876 ἀλλ’
3146 3824 3229 3875 ὅτι
3260 3823 3328 3876 τὰ
3364 3824 3504 3893 μέρη
3565 3825 3739 3895 αὐτῆς
3773 3829 3829 3878 ὲν
3861 3830 4048 3898 τόπῳ·

2458 3920 2557 3986 οὐχ
2581 3920 2661 3969 ὅτι
2685 3920 2895 3984 πέφυκε
2925 3917 2997 3985 μὴ
3022 3915 3378 3995 περιέχεσθαι
3398 3931 3413 3944 ⁸
3446 3916 3561 3967 ἀλλ’
3578 3919 3659 3968 ὃτι
3690 3919 3764 3989 μὴ
3793 3920 3981 3973 ἐπέκει
3999 3940 4053 3974 ια

2460 4008 2631 4075 αὐτῆς
2664 4006 2826 4076 σῶμα
2856 4009 3038 4059 ἐστιν’
3081 4007 3166 4058 ἵνα
3199 4008 3291 4058 καὶ
3322 4006 3381 4059 τὸ
3413 4008 3520 4058 πᾶν
3552 4007 3686 4076 αὑτῇ
3722 4011 4055 4077 περικοιλαίο

2461 4119 2619 4170 νηται
2642 4103 2698 4153 ὲν
2730 4100 2895 4170 αὐτῷ.
2944 4099 3069 4150 Ἐπὶ
3103 4099 3157 4151 δὲ
3186 4098 3365 4168 ψυχῆς
3418 4099 3573 4151 οὐδὲν
3604 4101 3848 4151 τοιοῦτον
3881 4105 4052 4164 ἐστιν,

2462 4194 2578 4245 ἀλλ’
2612 4196 2645 4264 ἡ
2698 4194 2857 4262 φύςις
2906 4192 3075 4262 αὐτῆς
3128 4194 3247 4245 ἐστι
3284 4194 3343 4244 τὸ
3392 4193 3465 4263 μὴ
3506 4195 3659 4265 τόπῳ
3708 4194 4057 4264 περιγραφε-

2466 4287 2618 4341 σθαι.

2537 4383 2660 4435 Ὃτι
2713 4380 2921 4450 ἡψυχὴ
2976 4381 3101 4433 καθ’
3138 4381 3339 4449 ἑαυτὴν
3388 4380 3648 4449 ἀκίνητός
3708 4383 3823 4433 ἐστι
3852 4398 3865 4411 ·
3910 4383 4054 4434 κατᾶ

2464 4476 2813 4546 συμϐεϐηκὸς
2860 4476 2916 4527 δὲ
2959 4476 3158 4543 ἑαυτὴν
3189 4475 3361 4525 κινεῖν
3414 4473 3613 4539 λέγοιτ’
3641 4474 3706 4526 ἄν
3728 4491 3741 4505 ο
3809 4474 3902 4526 καὶ
3933 4475 4054 4527 τότε

2468 4572 2635 4639 μόνην
2669 4568 2765 4638 τὴν
2827 4570 2969 4621 κατὰ
3007 4568 3175 4619 τόπον
3224 4567 3461 4634 κίνησιν.
3508 4564 3728 4635 Ἐπειδὴ
3768 4566 3876 4635 γὰρ
3915 4568 4060 4619 κινεῖ

2467 4664 2565 4731 μὲν
2586 4662 2725 4731 αὕτη
2757 4663 2817 4714 τὸ
2848 4662 3008 4729 σῶμα
3035 4677 3047 4690 ·
3084 4662 3199 4711 ἔστι
3231 4659 3287 4709 δὲ
3332 4660 3391 4709 ὲν
3420 4658 3571 4725 αὐτῷ
3611 4657 3935 4726 κινούμενα·
3969 4676 4057 4709 κι-

2464 4757 2725 4825 νουμένου
2779 4754 2835 4806 δὲ
2896 4752 2991 4805 τοῦ
3046 4751 3298 4819 σώματος
3354 4748 3825 4818 συγκινηθήσεται
3866 4749 4051 4813 αὐτῷ·

2466 4847 2609 4901 ὥστε
2635 4847 2776 4900 κατὰ
2802 4846 3145 4914 συμϐεϐηκὸς
3170 4844 3371 4914 ἑαυτὴν
3394 4846 3534 4896 κινεῖ
3554 4860 3568 4873 ·
3595 4844 3670 4912 τῷ
3706 4843 3764 4895 τὸ
3791 4843 3973 4912 σῶμα,
3998 4846 4055 4894 ἐν

778 4945 1159 5007 substantiam,
1197 4956 1375 5010 neque
1400 4949 1666 5002 movetur,
1724 4951 1899 5005 neque
1956 4936 2010 4988 in
2071 4933 2189 4987 loco
2224 4940 2309 4985 est
2343 4949 2356 4984 :
2393 4926 2439 4984 υ
2464 4934 2508 5009 ᾧ

2307 4973 2309 4982 π
2343 4949 2356 4984 ⁵
2393 4926 2439 4984 ί)
2533 4943 2649 4993 ἐστι
2671 4956 2684 4969 ·
2714 4940 2838 4993 καθ’
2874 4938 3071 5010 ἑαυτὴν
3099 4939 3177 4998 δὲ,
3209 4938 3298 4989 καὶ
3332 4937 3451 4989 κατ’
3484 4937 3674 4987 οὐσίαν
3728 4935 3852 4987 οὔτε
3890 4939 4056 4986 κινεῖ-

781 5049 931 5093 motu
966 5038 1129 5105 igitur
1186 5035 1250 5089 ad
1314 5034 1491 5087 locum
1553 5047 1619 5085 ex
1676 5028 1943 5083 accidenti
2025 5040 2240 5079 movere
2305 5038 2365 5078 se

779 5133 958 5184 anima
995 5129 1098 5181 dici
1127 5108 1327 5195 potest,
1356 5124 1461 5177 alio
1494 5132 1753 5192 praterea
1797 5120 1965 5174 nullo.
2003 5117 2189 5185 Neque
2219 5116 2361 5169 enim

781 5234 989 5276 Inui.th
1023 5233 1252 5288 corpore
1280 5218 1622 5284 immutatur,
1680 5215 1772 5269 sed
1826 5230 1925 5269 nec
1983 5223 2233 5282 augetur,
2266 5225 2364 5264 nec

785 5315 1066 5367 minuitur.

853 5404 1140 5458 Brutorum
1177 5412 1231 5457 et
1265 5401 1570 5472 plantarum
1614 5402 1849 5455 animam
1905 5414 2123 5467 quoque
2190 5410 2360 5464 stepe-

786 5512 1015 5553 nuntero
1052 5506 1209 5550 vocat
1242 5496 1585 5559 Aristoteles,
1647 5505 1702 5546 et
1731 5508 1854 5546 cum
1912 5491 2159 5544 rationali
2216 5504 2364 5544 com-

782 5589 1089 5657 prehendit.
1116 5588 1269 5656 Saepe
1301 5603 1429 5641 vero
1452 5586 1620 5641 solam
1677 5586 1817 5639 hanc
1870 5584 2108 5637 animam
2181 5592 2358 5643 vocat,

786 5681 1054 5735 interdum
1096 5680 1259 5734 etiam
1312 5687 1549 5735 mentem
1597 5680 1833 5734 animam
1878 5676 2135 5748 appellat,
2172 5689 2363 5731 rursus

858 5860 932 5933 (9)
968 5861 1088 5932 Leg.
1116 5861 1442 5934 προθώμεθα
1455 5903 1465 5915 .

2462 5049 2576 5093 ται.
2615 5031 2739 5085 οὔτε
2775 5035 2831 5084 ἐν
2862 5031 3011 5100 τόπῳ
3044 5031 3183 5083 ἐστί.
3214 5030 3326 5099 Τὴν
3363 5024 3455 5080 οὖν
3480 5028 3622 5080 κατὰ
3648 5028 3813 5080 τόπον
3839 5026 4056 5097 κίνησιν

2462 5126 2660 5192 λέγοιτ’
2699 5125 2764 5176 ἂν
2799 5124 2959 5193 μόνον
2991 5125 3161 5175 κινεῖν
3214 5120 3414 5192 ἑαυτὴν
3443 5120 3642 5190 ἡψυχὴ
3677 5119 3819 5172 κατὰ
3854 5120 4058 5190 συμϐε-

2465 5217 2655 5287 ϐηκὸς,
2688 5216 2855 5287 ἄλλην
2884 5215 2940 5268 δὲ
2972 5214 3250 5283 οὐδεμίαν.
3283 5212 3420 5267 Οὔτε
3462 5214 3571 5281 γὰρ
3600 5213 3913 5265 ἀλλοιοῦται
3960 5212 4053 5264 τοῦ

2467 5308 2721 5377 σώματος
2753 5307 3161 5374 ἀλλοιουμένου,
3196 5304 3321 5359 οὔτε
3355 5304 3581 5369 αὔξεται
3614 5304 3646 5373 ἢ
3689 5302 3959 5374 μειοῦται.

2515 5401 2663 5480 ⁴Ὀτι
2714 5400 2974 5461 πολλάκις
3006 5405 3033 5451 6
3084 5397 3466 5468 Ἀριστοτέλης
3511 5397 3692 5467 ψυχὴν
3727 5397 3905 5457 καλεῖ,
3944 5397 4050 5467 ἅμα

2470 5504 2563 5555 καί
2598 5500 2698 5568 τὴν
2737 5497 2932 5565 ἄλογον
2985 5496 3080 5548 καὶ
3106 5494 3206 5565 τὴν
3256 5492 3515 5564 φυτικὴν,
3567 5491 3957 5559 συλλαμϐάνων
3993 5494 4055 5559 τῇ

2474 5589 2688 5657 λογικῇ.
2734 5585 2997 5647 Πολλάκις
3025 5584 3081 5636 δὲ
3116 5584 3279 5651 μόνον
3313 5584 3411 5651 τὴν
3442 5582 3699 5649 λογικήν·
3740 5579 3851 5632 ἐσθ’
3885 5580 3975 5632 ὅτε
4003 5578 4059 5631 6k

2476 5679 2570 5733 καὶ
2619 5676 2782 5729 αὑτὸν
2813 5676 2902 5729 τὸν
2929 5675 3052 5727 νοῦν
3088 5674 3267 5745 ψυχὴν
3312 5671 3595 5743 ὀνομάζει,
3644 5669 3973 5743 ἐπονομάζει
4004 5671 4060 5725 δδ
