4430 6448
444 389 585 457 1069
664 381 666 383 ’

1876 384 1977 445 DE
2013 383 2284 445 ANIMA.

3560 387 3698 454 1070

440 504 604 557 πάλιν
634 499 943 565 ἰδιαζόντως
966 500 1065 571 τὴν
1096 499 1273 572 ψυχὴν
1316 498 1414 572 τὴν
1444 499 1641 570 ἄλογον
1668 500 1762 553 καὶ
1792 499 1889 570 τὴν
1914 517 2016 570 φυ-
2049 506 2093 560 Α
2122 515 2185 570 pr

1956 517 2016 551 υ-
2049 506 2093 560 Α
2122 500 2340 570 proprie
2373 498 2610 554 animam
2655 498 3025 556 irrationalem
3084 507 3139 557 et
3164 509 3500 573 vegetantem
3524 510 3699 564 nomi-

437 596 619 668 τικήν.
653 595 973 666 Πολυσήμου
1004 595 1184 647 τοίνυν
1215 594 1315 664 τῆς
1351 592 1530 664 ψυχῆς
1573 594 1727 665 παρὰ
1765 593 2013 663 Ἀριστο-

437 686 625 751 τέλους
658 687 1101 758 λαμόανομένης,
1136 686 1218 740 δεῖ
1265 685 1482 757 ἑκάστῳ
1514 686 1906 757 σημαινομένῳ
1948 684 2019 739 τὰ

440 782 617 834 οίκεῖα
648 780 932 850 ἀφορίζειν
964 780 1057 833 καὶ
1085 779 1413 848 ἀπονέμεινο
1450 779 1546 831 καὶ
1586 776 1661 849 μὴ
1685 781 1906 848 συγ-κεῖν
1932 777 2022 831 διὰ

441 873 545 940 τῆς
598 871 920 941 ὁμωνυμίας
951 872 1049 941 τῆς
1100 871 1285 941 φωνῆς
1316 870 1547 924 καὶτῶν
1588 870 1930 941 πραγμάτων
1962 869 2024 922 τὸ

441 963 772 1034 διῃρημένον
803 964 898 1017 καὶ
931 964 1260 1033 ἀσύγχυτον.
1292 963 1505 1032 Ὥσπερ
1539 962 1647 1031 γὰρ
1678 962 1738 1016 τὸ
1771 962 2024 1030 ὑφαίνειν

444 1054 603 1125 τυχὸν
653 1054 746 1107 τοῦ
788 1052 928 1117 ζὼου
965 1056 1081 1107 ἐστὶ
1125 1054 1266 1107 κατὰ
1320 1052 1380 1107 τὸ
1422 1053 1608 1123 σῶμα·
1643 1051 1789 1106 οὕτω
1832 1053 1927 1106 καὶ
1963 1052 2024 1105 τὸ

445 1148 773 1201 διανοεῖσθαι
799 1147 892 1202 τοῦ
918 1148 1058 1211 ζώου
1082 1148 1198 1200 ἐστὶ
1230 1146 1371 1200 κατὰ
1405 1146 1607 1218 ψυχήν.
1643 1145 1735 1200 Διὸ
1756 1145 1850 1199 τοῦ
1881 1143 2024 1209 ζῶου

448 1240 833 1312 φθειρομένου,
861 1241 1016 1294 οὐδὲν
1042 1240 1248 1295 τούτων
1274 1240 1383 1306 ἕξει
1414 1242 1446 1311 ὴ
1480 1239 1646 1312 ψυχὴ,
1666 1238 1811 1310 άπερ
1838 1241 1900 1293 ἐκ
1925 1238 2028 1309 τῆς

451 1331 776 1400 συμπλοκῆς
790 1332 887 1402 τῆς
916 1332 1051 1402 πρὸς
1081 1332 1140 1385 τὸ
1172 1331 1331 1403 σῶμα
1357 1332 1494 1402 αὐτῇ
1525 1331 1812 1399 ἐπεγένετο
1839 1349 1852 1363 ·
1886 1330 2028 1384 ὥστε

449 1423 566 1476 οὐδὲ
597 1424 953 1495 μνημονεύει.
980 1426 1090 1479 Καὶ
1112 1426 1219 1495 γὰρ
1250 1424 1487 1479 ἐνταῦθα
1514 1425 1615 1493 μὲν
1644 1423 2031 1495 παραρῤἐουσά

450 1518 598 1569 ἐστιν
629 1519 661 1587 ἡ
688 1516 889 1585 γνῶσις
923 1518 1112 1587 αὐτῆς,
1164 1517 1258 1570 καὶ
1298 1517 1467 1569 δεῖται
1502 1518 1725 1587 μνήμης
1752 1519 1833 1578 εἰς
1871 1533 2034 1569 κατο-

449 1607 550 1677 χὴν
584 1610 692 1661 τῶν
738 1608 1120 1679 ἐγνωσμένων.
1148 1608 1304 1662 Μετὰ
1338 1608 1394 1660 δὲ
1426 1607 1486 1660 τὸ
1517 1607 1699 1677 σῶμα,
1733 1606 1827 1659 ἅτε
1865 1606 2034 1660 ἑστῶ-

452 1714 552 1749 σαν
604 1698 803 1766 ἔχουσα
848 1698 947 1766 τὴν
994 1698 1219 1764 γνῶσιν,
1262 1698 1369 1750 καὶ
1403 1698 1588 1758 αὐτοῖς
1620 1694 2034 1765 προσϐάλλουσα

451 1790 561 1851 τοῖς
602 1789 915 1858 πράγμασι,
943 1792 1161 1859 μνήμης
1194 1788 1255 1842 οὐ
1286 1788 1486 1840 δεῖται·
1525 1788 1717 1858 μνήμη
1746 1789 1852 1857 γάρ
1884 1790 2033 1841 ἐστιν

452 1884 485 1951 ἡ
513 1883 619 1934 τῶν
646 1884 814 1936 πάλαι
837 1884 1217 1953 ἐγνωσμένων.

528 1980 652 2033 *οτι
690 1980 853 2050 φησιν
898 1979 1302 2050 Ἀριστοτέλης,
1343 1979 1474 2032 ὅταν
1522 1980 1597 2051 μὴ
1641 1980 1784 2050 ἄρχῃ
1818 1982 1844 2031 ὁ
1887 1977 2032 2043 νθῧῖν

454 2074 589 2125 ἀλλὰ
622 2077 771 2144 παρὰ
802 2075 963 2143 φύσιν
1002 2073 1115 2144 ἔχει
1136 2077 1163 2127 ὁ
1208 2073 1515 2143 ἄνθρωπος,
1539 2073 1662 2125 τότε
1706 2073 1805 2141 τῆς
1826 2073 2034 2139 τάξεως

453 2169 935 2237 ἀντιστραφείσης,
968 2169 1192 2222 ἕπονται
1227 2172 1345 2231 ταῖς
1376 2168 1607 2238 κράσεσι
1641 2168 1735 2221 τοῦ
1783 2168 2035 2237 σώματος

454 2262 509 2311 αἱ
550 2262 647 2330 τῆς
686 2261 861 2331 ψυχῆς
889 2262 1168 2331 δυνάμεις.
1213 2262 1382 2315 Ὅταν
1421 2262 1475 2315 δὲ
1508 2262 1536 2313 ὁ
1567 2262 1688 2325 νοῦς
1716 2261 1880 2331 ἄρχῃ,
1914 2261 2034 2312 τότε

453 2352 599 2405 κατὰ
636 2354 797 2421 φύσιν
828 2354 1042 2424 ἔχοντος
1071 2353 1165 2409 τοῦ
1191 2354 1504 2426 ἀνθρώπου,
1541 2354 1725 2406 οὐκέτι
1750 2355 1869 2414 ταῖς
1898 2352 2035 2420 κρά-

457 2460 574 2495 σεσι
624 2444 719 2497 τοῦ
774 2446 1023 2515 σώματος
1063 2446 1446 2499 ἀκολουθοῦσιν
1485 2445 1540 2499 αἱ
1574 2446 1670 2514 τῆς
1726 2444 1907 2515 ψυχῆς
1942 2443 2034 2495 δυ-

458 2535 672 2602 νάμεις,
706 2536 821 2588 ἀλλ’
849 2538 1036 2589 ἕπεται
1066 2540 1130 2607 τῇ
1166 2536 1312 2607 ψυχῇ
1347 2536 1407 2587 τὸ
1439 2536 1615 2605 σῶμα.

533 2630 653 2681 Ὅτι
678 2628 775 2699 τὴν
800 2629 972 2682 Θαλοῦ
996 2629 1152 2697 δόξαν
1181 2631 1305 2697 περὶ
1328 2624 1505 2699 ψυχῆς
1532 2628 2036 2698 ἀνατρέπων,ὃστις

459 2721 613 2788 ἔλεγε
646 2722 811 2773 παντὶ
846 2720 1060 2792 σώματι
1088 2721 1351 2791 μεμίχθαι
1377 2722 1474 2793 τὴν
1515 2720 1712 2790 ψυχὴν,
1746 2722 1820 2785 ὡς
1849 2721 2038 2787 παρεῖ-

461 2831 550 2867 ναι
586 2816 744 2883 σῶμα
773 2814 1035 2885 ἔμψυχον.
1083 2815 1304 2885 Πρῶτον
1332 2812 1454 2884 μὲν,
1485 2813 1538 2865 τί
1567 2813 1630 2882 δή
1663 2829 1817 2876 ποτε,
1850 2812 2035 2882 φησιν,

462 2907 521 2958 ἐν
558 2907 722 2959 παντὶ
751 2906 963 2977 σώματι
992 2905 1158 2976 οὔσης
1186 2905 1388 2977 ψυχῆς,
1423 2906 1494 2958 τὰ
1530 2904 1632 2974 μὲν
1668 2904 1785 2956 ἐστὶ
1813 2902 1946 2968 ζῶα,
1971 2901 2039 2955 τὰ

465 2997 521 3050 ει
550 2996 608 3050 οὗ
633 3014 646 3061 ;
675 2994 793 3050 εἶτα
814 3038 827 3062 ,
861 2998 1003 3051 διατί
1027 2998 1134 3050 τῶν
1162 2997 1353 3051 ἁπλῶν
1390 2996 1544 3050 οὐδέν
1592 2999 1707 3050 ἐστι
1742 2997 1912 3062 illiw;
1947 2996 2038 3047 καί

463 3106 547 3143 τοι
594 3089 699 3142 ἔδει
734 3090 935 3160 μᾶλλον
970 3089 1165 3143 ταῦτα.
1212 3090 1301 3144 Ἐν
1334 3091 1443 3160 γὰρ
1482 3092 1617 3161 πυρὶ
1657 3086 1813 3152 οὖσα,
1856 3091 1947 3142 καὶ
1981 3090 2037 3140 ἐν

464 3180 609 3251 ἀέρι,
634 3181 727 3234 ἅτε
755 3179 1159 3250 καθαρωτέροις
1182 3181 1277 3234 καὶ
1300 3182 1818 3252 λεπτομερεστέροις
1848 3183 2037 3249 σῶμα.

469 3291 552 3327 σιν
575 3269 730 3339 οὖσα,
764 3273 972 3346 βέλτιον
995 3272 1061 3326 ἂν
1096 3273 1179 3343 εἴη
1198 3274 1256 3325 ἐν
1280 3272 1490 3335 τούτοις
1518 3274 1550 3342 ὴ
1581 3272 1748 3341 ψυχὴ,
1782 3273 1888 3323 τῶν
1923 3289 2046 3324 συν-

470 3369 661 3432 ὺέτων,
692 3367 814 3420 ὅθεν
833 3349 928 3419 καὶ
956 3367 1153 3437 μᾶλλον
1184 3364 1565 3434 διαφαίνεσθαι
1593 3366 1792 3431 ἑαυτῆς
1820 3364 2049 3432 ὤφειλον

468 3460 526 3514 αι
548 3458 843 3531 ἐνέργειαι.
863 3460 969 3511 Καὶ
992 3459 1126 3513 ἄλλα
1158 3458 1213 3511 δὲ
1233 3456 1402 3511 πλείω
1430 3457 1726 3511 συνεπάνει
1755 3459 1820 3526 τῇ
1847 3456 2051 3527 ὑπολή-

468 3552 561 3622 ψει
590 3552 764 3624 ταύτῃ
796 3552 1038 3622 ἑπόμενα
1070 3552 1269 3606 ἄτοπα.

544 3730 667 3783 Ὀτι
704 3730 830 3784 ἐπεὶ
874 3729 1095 3793 πλείους
1143 3730 1241 3787 καὶ
1280 3729 1529 3799 διάφοροι
1569 3729 1665 3798 τῆς
1689 3729 1865 3799 ψυχῆς
1899 3729 2053 3799 ἐνέρ-

472 3839 642 3892 γειαι,
676 3821 832 3890 ζητεῖ
862 3824 890 3875 ό
916 3822 1325 3893 Ἀριστοτέλης,
1356 3824 1586 3890 πότερον
1618 3823 1745 3890 μιᾶς
1765 3820 1930 3890 οῠσης
1961 3822 2055 3873 καὶ

474 3918 774 3989 ἀμερίστου
803 3918 901 3986 τῆς
941 3916 1143 3987 ψυχῆς,
1164 3916 1285 3968 κατ’
1313 3915 1504 3969 οὐσίαν
1535 3917 1598 3967 ἐκ
1632 3915 1834 3984 ταύτης
1862 3917 1918 3968 at
1943 3915 2057 3969 διά-

477 4028 633 4078 φοροι
672 4009 933 4079 δυνάμεις
976 4008 1071 4061 καὶ
1100 4008 1373 4079 ἐνέργειαι
1420 4007 1813 4078 προέρχονται·
1856 4008 1930 4069 ὡς
1957 4008 2055 4077 τὴν

476 4103 647 4173 αὐτὴν
698 4097 837 4153 εἶναι
873 4102 993 4153 κατ’
1029 4100 1238 4165 οὐσίαν,
1265 4102 1358 4153 καὶ
1397 4100 1527 4170 μίαν
1574 4100 1653 4168 τῷ
1686 4099 1926 4170 ἀριθμῷ,
1965 4102 2057 4152 καὶ

479 4193 799 4263 θρεπτικὴν,
846 4194 942 4245 καὶ
981 4189 1304 4261 αὐξητικὴν,
1346 4192 1441 4244 καὶ
1471 4191 1817 4261 γεννητικὴν,
1850 4193 1941 4243 καὶ
1968 4192 2057 4242 λου

478 4286 663 4354 γικὴν,
707 4285 799 4336 καὶ
830 4284 1088 4354 θυμικὴν,
1125 4284 1218 4337 καὶ
1270 4282 1702 4352 ὲπιθυμητικήν.
1745 4284 1853 4336 Καὶ
1887 4282 2056 4336 καθά-

482 4380 635 4447 περή
660 4377 751 4429 τοῦ
782 4378 953 4447 πυρὸς
980 4376 1138 4428 οὐσία
1173 4375 1270 4445 μία
1300 4376 1392 4428 καὶ
1423 4377 1456 4445 ἡ
1496 4376 1633 4446 αὐτή
1666 4378 1816 4427 ἐστιν
1844 4392 1856 4404 ·
1892 4375 1953 4439 ἐξ
1993 4370 2059 4446 ἧς

482 4472 516 4540 ἡ
583 4470 851 4539 καυστική
915 4485 975 4521 τε
1031 4470 1125 4520 καὶ
1189 4467 1525 4538 ξηραντικὴ,
1592 4468 1685 4519 καὶ
1759 4470 2059 4536 φωτιστικὴ

2122 597 2237 643 nat.
2274 587 2407 643 Cum
2465 602 2594 657 ergo
2649 589 2931 657 multiplici
2984 590 3037 645 in
3098 591 3407 663 signiﬁcatu
3459 599 3695 658 animum

2122 680 2356 750 accipiat
2376 680 2721 747 Aristoteles,
2768 682 2995 738 cuilibet
3043 683 3352 754 signiﬁcato
3383 690 3528 760 quod
3563 707 3693 763 pro-

2123 775 2300 844 prium
2325 783 2431 841 est,
2485 774 2847 830 deﬁniendum
2876 785 2931 831 et
2963 778 3370 836 attribuendum
3439 793 3522 840 est
3554 804 3569 841 :
3600 802 3701 842 ne-

2126 882 2230 936 que
2261 881 2481 933 vocum,
2509 868 2787 921 nominum
2815 874 2870 923 et
2903 886 3082 925 rerum
3144 873 3498 933 similitudine
3548 895 3703 936 com--

2129 962 2487 1026 miscendum,
2518 964 2655 1031 quod
2679 964 2974 1019 discretum
3004 980 3058 1022 et
3116 985 3231 1025 non.
3260 973 3548 1031 confusum
3596 990 3699 1035 est.

2131 1055 2595 1122 Quemadmodum:
2657 1058 2800 1113 enim
2881 1070 3084 1128 texere,
3139 1075 3287 1133 puta,
3323 1070 3571 1128 animalis
3622 1088 3708 1130 est

2131 1149 2429 1203 secundum
2492 1164 2690 1217 corpus
2723 1170 2737 1205 :
2768 1151 2850 1207 sic
2928 1153 3250 1225 intelligere,
3304 1162 3560 1221 animalis
3603 1177 3708 1233 est,

2132 1256 2230 1311 per
2262 1242 2524 1297 animam.
2563 1241 2742 1308 Quare
2778 1246 2999 1300 animali
3025 1261 3309 1317 corrupto,
3338 1254 3492 1310 nihil
3521 1272 3708 1314 eorum

2133 1333 2572 1400 habebitanima,
2610 1351 2728 1404 quae
2756 1352 2823 1392 ex
2883 1339 3271 1408 conjunctione
3311 1346 3556 1414 corporis
3614 1349 3714 1404 ha-

2136 1426 2316 1481 bebat.
2355 1427 2461 1482 Sed
2507 1444 2688 1499 neque
2730 1431 2994 1485 meminit.
3029 1432 3165 1490 Hinc
3200 1437 3345 1491 enim
3379 1437 3551 1495 aﬂluit
3599 1442 3714 1511 ejus

2138 1518 2394 1586 cognitio,
2432 1528 2486 1573 et
2523 1521 2778 1574 memoria
2838 1520 3064 1590 indiget,
3121 1525 3187 1578 ad
3244 1527 3527 1585 retinenda
3591 1547 3714 1602 quas

2139 1610 2428 1676 cognovit:
2466 1609 2713 1663 atsoluta
2770 1626 3027 1681 corpore,
3088 1622 3148 1668 ut
3200 1619 3450 1675 stabilem
3504 1623 3713 1681 habens

2141 1701 2504 1768 cognitionem
2535 1713 2590 1756 et
2633 1718 2721 1758 res
2744 1704 2890 1773 ipsas
2921 1706 3218 1778 attingens.
3252 1712 3385 1766 nihil
3415 1725 3549 1785 eget
3595 1733 3711 1774 me-

2144 1794 2337 1856 moria,
2365 1809 2489 1847 nam
2532 1803 2689 1850 antea
2720 1798 3058 1865 cognitorum
3097 1806 3359 1860 memoria
3391 1817 3496 1862 est.

2212 1976 2347 2030 Cum
2408 1991 2565 2032 mens
2629 1993 2740 2034 non
2781 1979 3034 2048 imperat,
3096 1984 3174 2038 ait
3222 1985 3565 2057 Aristoteles,
3620 1993 3717 2049 sed

2143 2080 2338 2139 praeter
2370 2079 2623 2124 naturam
2658 2086 2715 2125 se
2752 2072 2911 2127 habet
2942 2075 3121 2140 homo,
3178 2087 3306 2133 tunc
3348 2081 3538 2136 ordine
3595 2100 3721 2155 per-

2143 2178 2304 2219 verso
2361 2171 2784 2232 temperaturam
2838 2167 3085 2236 corporis
3152 2171 3349 2225 animm
3423 2184 3724 2245 potestates

2144 2264 2503 2311 assectantur.
2534 2255 2667 2311 Cum
2706 2272 2833 2312 vero
2865 2273 3015 2313 meus
3045 2261 3299 2329 imperat,
3342 2276 3469 2321 tunc
3504 2268 3724 2326 homine

2143 2348 2441 2403 secundum
2479 2358 2730 2403 naturam
2756 2349 2970 2415 aﬂ‘ecto,
2999 2368 3101 2405 non
3117 2354 3227 2424 jam
3257 2360 3568 2427 temperiem
3598 2378 3727 2417 σοι·⁴
3790 2358 3792 2379 ³

2146 2442 2295 2510 poris
2326 2450 2633 2511 sequuntur
2652 2442 2846 2497 anima
2871 2444 3177 2513 facultates,
3205 2447 3300 2503 sed
3322 2451 3561 2509 animam
3591 2456 3723 2512 cor-

2147 2548 2249 2602 pus
2293 2533 2467 2601 ipsum
2495 2534 2769 2603 sequitur.
3490 2555 3495 2560 ·

2218 2624 2463 2681 Thaletis
2502 2625 2695 2681 Milesii
2754 2627 3071 2696 opinionem
3133 2631 3200 2686 de
3244 2632 3426 2687 anima
3467 2636 3729 2692 convellit

2147 2716 2237 2786 qui
2271 2718 2414 2770 onmi
2445 2718 2658 2785 corpori
2686 2732 2808 2772 esse
2849 2718 3141 2774 immistam
3174 2722 3410 2777 animam
3443 2740 3727 2783 commenv

2150 2820 2235 2863 tus
2266 2818 2372 2871 est,
2404 2819 2459 2861 ut
2487 2809 2557 2861 sit
2585 2824 2785 2878 corpus
2822 2812 3031 2866 vivens.
3064 2812 3305 2869 Primum
3369 2818 3538 2883 enim,
3602 2836 3722 2885 cur,

2149 2900 2342 2970 inquit,
2373 2915 2494 2954 cum
2524 2900 2576 2953 in
2601 2903 2748 2955 omni
2780 2916 3008 2971 corpore
3032 2905 3103 2959 sit
3129 2909 3333 2973 anima,
3371 2908 3487 2965 haec
3516 2912 3731 2969 anima-

2149 2994 2219 3048 lia
2249 3003 2395 3056 sunt.
2427 2993 2515 3047 illa
2568 3010 2673 3049 non
2723 2994 2886 3049 sunt?
2939 2996 3161 3069 Deinde,
3204 3015 3301 3053 cur
3359 3003 3563 3058 nullum
3611 2989 3726 3061 ele-

2151 3097 2452 3141 mentornm
2479 3088 2674 3141 animal
2705 3088 2834 3142 est?
2878 3091 3091 3144 tametsi
3116 3106 3177 3145 ea
3219 3095 3392 3163 inagis
3435 3100 3728 3165 oportebat

2154 3178 2407 3232 animalia
2432 3193 2573 3233 esse.
2605 3178 2660 3232 Si
2697 3181 2843 3233 enim
2871 3181 2923 3233 in
2958 3181 3079 3251 igne
3111 3190 3165 3236 et
3226 3184 3278 3238 in
3330 3200 3456 3240 aere
3512 3186 3730 3259 luisset,

2154 3272 2346 3325 melius
2370 3271 2422 3324 in
2447 3272 2550 3333 his.
2593 3280 2778 3339 utpote
2808 3273 3082 3341 prioribus
3109 3285 3165 3330 et
3190 3275 3570 3336 subtilioribus
3599 3298 3727 3338 cor-

2151 3365 2375 3434 poribus
2403 3364 2618 3429 ruisset,
2643 3375 2801 3433 quam
2833 3367 2885 3420 in
2939 3369 3264 3437 compositis
3295 3388 3310 3435 ;
3373 3373 3515 3429 unde
3559 3376 3734 3445 ipsius

2156 3459 2400 3509 actiones
2425 3455 2623 3510 clarius
2687 3456 3006 3512 eluxissent.
3062 3457 3133 3514 lis
3182 3461 3377 3517 deinde
3441 3464 3545 3519 alia
3594 3481 3719 3521 con-

2156 3540 2323 3595 nectit
2362 3541 2595 3596 absurda
2649 3558 2813 3611 quam
2878 3543 3134 3614 plurima,
3188 3562 3310 3618 qua:
3362 3564 3429 3606 ex
3484 3549 3730 3611 Thaletis

2154 3634 2410 3702 Opinione
2444 3644 2765 3703 sequuntur.

2228 3723 2362 3777 Cum
2397 3724 2580 3779 multa;
2609 3729 2716 3778 sint
2741 3734 2798 3781 et
2848 3727 3161 3786 differentes
3210 3734 3405 3790 animai
3472 3738 3736 3807 actiones,

2159 3814 2355 3882 qumrit
2387 3814 2732 3881 Aristoteles,
2768 3829 2955 3873 utrum
2989 3836 3111 3875 cum
3155 3839 3261 3879 una
3292 3825 3363 3880 sit
3396 3836 3452 3883 et
3506 3829 3737 3887 indivisa

2159 3910 2336 3961 atﬁma
2368 3908 2661 3962 secundum
2687 3912 3075 3977 substantiam,
3135 3930 3201 3969 ex
3256 3917 3373 3989 ipsa
3423 3919 3740 3980 diﬂ'ereutes

2161 4000 2263 4054 illa:
2296 4012 2588 4069 potestates
2613 4011 2668 4057 et
2701 4004 2945 4059 actiones
2998 4006 3439 4078 proficiscantur,
3465 4025 3525 4069 ut
3546 4015 3738 4072 eadem

2162 4094 2233 4147 sit
2265 4095 2565 4149 substantia
2592 4104 2647 4149 et
2678 4112 2911 4152 numero
2942 4113 3067 4161 una,
3101 4100 3283 4168 altrix,
3313 4108 3546 4173 auctrix,
3576 4122 3743 4177 gens».

2162 4186 2354 4249 ratrix,
2390 4186 2692 4248 rationalis,
2728 4188 2966 4242 irascens
2998 4199 3053 4244 et
3080 4195 3519 4264 concupiscens:
3551 4215 3741 4268 quein-

2164 4279 2450 4331 admodum
2485 4280 2623 4347 ignis
2663 4284 2972 4336 substantia
3002 4298 3106 4337 una
3159 4295 3214 4338 et
3259 4289 3449 4342 eadem
3510 4300 3614 4355 est,
3674 4307 3743 4347 ex

2166 4384 2269 4437 qua
2293 4370 2504 4433 urendi,
2533 4372 2843 4425 exsiccandi
2882 4383 2936 4427 et
2966 4374 3305 4431 illuminandi
3360 4380 3439 4433 vis
3487 4389 3542 4435 et
3596 4384 3740 4439 actio

2167 4472 2454 4529 promanat
2481 4480 2495 4515 :
2535 4462 2619 4517 vel
2651 4463 2752 4515 alia
2786 4475 2869 4518 est
2900 4466 3098 4521 anima
3128 4479 3391 4536 potestas,
3422 4472 3507 4525 vel
3558 4474 3739 4528 anima

484 4562 700 4632 πρόεισι
726 4559 953 4629 δύναμίς
980 4575 1039 4611 τε
1063 4559 1156 4611 καὶ
1180 4558 1450 4627 ἐνέργεια,
1486 4558 1519 4627 ἡ
1544 4574 1628 4619 τις
1658 4557 1793 4627 ἄλλη
1826 4558 2053 4627 δύναμις
2091 4574 2136 4632 ι)
2168 4553 2233 4603 (ιιι

1993 4576 2053 4620 Lg;
2091 4574 2136 4632 ι)
2168 4553 2333 4605 dividi
2362 4563 2562 4617 potest,
2590 4564 2645 4608 et
2678 4558 2979 4610 secundum
3025 4557 3183 4614 aliam
3247 4570 3303 4615 et
3356 4562 3517 4616 aliam
3573 4565 3742 4633 ipsius

483 4654 711 4723 ψυχικὴ,
749 4654 782 4722 ἢ
816 4652 1047 4721 μεριστὴ
1084 4654 1233 4703 ἐστιν
1264 4651 1296 4720 ἠ
1323 4650 1492 4720 ψυχὴ,
1520 4648 1613 4701 καὶ
1640 4651 1779 4702 κατὰ
1814 4648 1943 4702 ἄλλο
1969 4652 2061 4703 καὶ

485 4746 613 4799 ἄλλο
671 4744 857 4814 μόριον
895 4744 1063 4811 αὐτῆς
1107 4742 1312 4811 ἑκάστη
1363 4742 1470 4794 τῶν
1512 4742 1806 4811 ἐνεργειῶν
1857 4741 2061 4795 τούτων

484 4837 716 4905 γίνεται.
750 4835 887 4903 Φησὶ
910 4835 964 4886 δὲ
992 4837 1017 4887 ό
1059 4834 1440 4905 ’Δριστοτέλης
1471 4834 1571 4886 οὐκ
1593 4835 1961 4904 ἀρεσκόμενος
1987 4834 2064 4904 τῷ

486 4931 736 5000 δόγματι,
790 4928 905 4981 ἀλλ’
948 4928 1193 4995 ἐγκαλῶν
1240 4927 1317 4995 τῷ
1350 4927 1564 4996 Τιμαίῳ
1595 4927 1743 4991 παρά
1772 4928 1838 4978 τὰ
1898 4927 2067 4996 μόρια

488 5021 582 5073 τοῦ
614 5022 861 5089 σώματος
887 5019 1184 5088 διαιροῦν-ει
1216 5018 1307 5069 καὶ
1333 5018 1431 5087 τὴν
1455 5017 1652 5086 ψυχήν.
1687 5017 1796 5069 Καὶ
1826 5016 1933 5083 γὰρ
1957 5016 2064 5068 οὐδ’

490 5113 655 5174 αὑτὸς
708 5111 956 5181 βούλεται
998 5112 1127 5180 μίαν
1168 5110 1357 5161 οὐσίαν
1390 5104 1530 5161 εἶναι
1582 5110 1680 5177 τῆς
1712 5107 1911 5176 ψυχῆς,
1950 5106 2067 5158 ἀλλ’

490 5206 553 5258 ἐκ
576 5207 848 5275 διαφόρων
877 5205 973 5273 μὲν
998 5203 1195 5256 οὐσιῶν
1235 5202 1555 5271 συγκεῖσθαι
1582 5201 1786 5272 ταύτην
1809 5218 1820 5230 ·
1847 5200 2068 5271 ἡνωμέ-

492 5317 598 5353 νων
639 5300 695 5353 δὲ
727 5299 983 5369 ἀλλήλαις
1030 5299 1122 5350 καὶ
1151 5297 1393 5367 συνεχῶν
1422 5295 1619 5361 οὕτως,
1652 5295 1726 5357 ὼς
1758 5294 1887 5363 μίαν
1921 5294 2068 5363 γίνε-

497 5393 620 5447 σθαι
669 5393 849 5446 αὐτῶν
883 5390 1252 5461 συμπάθειαν.
1300 5386 1580 5449 Διαβαίνει
1629 5386 1738 5455 γάρ
1770 5402 1823 5437 τι
1873 5385 1969 5437 καὶ
2008 5384 2070 5435 ἐκ

496 5487 591 5541 τοῦ
630 5487 788 5554 λόγου
824 5487 901 5548 εἰς
928 5484 999 5538 τὰ
1025 5483 1194 5553 πάθη,
1245 5482 1340 5534 καὶ
1373 5480 1433 5543 ἐξ
1458 5479 1680 5532 ἐκείνων
1727 5478 1807 5540 εἰς
1856 5476 1948 5530 τὸν
1980 5475 2067 5527 λό-

497 5597 616 5649 γον.
643 5579 777 5632 Τότε
813 5578 920 5647 γὰρ
951 5574 1323 5645 ὑποτετάχθαι
1355 5572 1421 5627 τὰ
1455 5571 1626 5640 πάθη,
1676 5570 1772 5623 καὶ
1797 5569 1965 5621 εἴκειν
1994 5566 2073 5639 τῷ

498 5673 662 5742 λόγῳ,
695 5670 898 5723 ἄνωθεν
945 5673 1008 5722 ἐκ
1052 5668 1149 5737 τῆς
1195 5667 1290 5720 τοῦ
1347 5666 1506 5734 λόγου
1541 5664 1857 5732 συλλήψεως
1890 5662 2075 5723 αὐτοῖς

500 5769 715 5834 ἐφήκει.
753 5764 887 5816 Τότε
941 5763 1075 5833 πρὸς
1110 5763 1207 5824 τὰς
1238 5760 1444 5823 οἰκείας
1478 5758 1761 5828 ἐνεργείας
1789 5754 2077 5825 ἐμποδίζε-

504 5856 631 5910 σθαι
658 5857 751 5911 τὸν
783 5857 961 5924 λόγον,
998 5858 1061 5908 ὲκ
1090 5855 1188 5925 τῆς
1226 5854 1361 5924 πρὸς
1390 5852 1457 5905 τὰ
1506 5850 1656 5920 πάθη
1709 5850 1948 5919 σχέσεως
1974 5848 2075 5901 αὑ-

2170 4655 2375 4711 partem
2408 4646 2659 4714 quaelibet
2721 4649 2911 4702 harum
2977 4651 3349 4717 operationum
3391 4654 3467 4708 ﬁt.
3499 4655 3551 4710 Id
3583 4672 3745 4724 porro

2170 4736 2656 4800 dicitAristoteIes,
2706 4754 3045 4809 nequaquam
3099 4742 3177 4798 illi
3238 4746 3499 4799 doctrina:
3551 4765 3745 4805 assen-

2171 4830 2331 4892 tiens,
2385 4828 2478 4882 sed
2517 4828 2779 4883 Timaeum
2837 4835 3266 4901 reprehendens,
3305 4838 3395 4903 qui
3457 4841 3522 4892 ad
3565 4852 3747 4907 partes

2170 4920 2413 4987 corporis
2438 4919 2673 4972 animam
2698 4937 2916 4999 quoque
2947 4923 3225 4979 dividebat
3258 4943 3417 4981 :nam
3440 4934 3747 5001 nequeipse

2172 5022 2330 5060 unam
2354 5022 2473 5061 esse
2500 5009 2617 5061 vult
2646 5010 2840 5064 anima:
2869 5010 3252 5079 substantiam,
3283 5015 3379 5067 sed
3420 5031 3485 5069 ex
3518 5018 3750 5073 divensis

2170 5117 2288 5155 eam
2322 5102 2646 5155 substantiis
2676 5113 2988 5156 concretam
3018 5119 3205 5158 verum
3243 5107 3384 5161 inter
3414 5123 3473 5163 se
3506 5110 3747 5173 malitis,

2170 5193 2318 5247 etita
2350 5191 2768 5259 cohaerentibus,
2823 5202 2883 5245 ut
2930 5209 3033 5246 una
3088 5195 3161 5249 sit
3217 5211 3403 5251 earum
3438 5196 3748 5255 aﬂ’ectio.A

2176 5285 2386 5339 ratione
2417 5285 2613 5353 quippe
2648 5285 2699 5337 in
2743 5284 2866 5339 illas
2896 5285 3233 5355 affectiones,
3267 5299 3324 5344 et
3352 5292 3421 5346 ab
3443 5292 3548 5347 illis
3583 5293 3637 5348 in
3659 5308 3748 5349 rs-

2176 5376 2375 5431 tionetn
2414 5377 2613 5446 aliquid
2652 5379 2885 5431 transit:
2952 5378 3223 5433 interdum
3258 5383 3404 5436 enim
3460 5386 3749 5451 perturba-

2174 5470 2432 5533 tionibus,
2479 5479 2539 5522 ut
2565 5469 2921 5539 subjiciuntur
2946 5482 3001 5525 et
3035 5473 3232 5528 rationi
3267 5485 3519 5545 pareant,
3542 5491 3609 5531 ex
3666 5494 3755 5531 ra-

2177 5561 2339 5614 tionis
2426 5560 2910 5629 comprehensione
2985 5561 3242 5616 accidit:
3324 5563 3620 5635 aliquando
3698 5567 3752 5619 in

2177 5652 2292 5708 suis
2342 5652 2600 5721 Operibus
2662 5654 2928 5707 rationem
2986 5653 3233 5722 impediri
3257 5669 3324 5708 ex
3351 5655 3534 5710 hahitu
3602 5656 3753 5724 ipsa-

2178 5759 2296 5800 rum
2328 5755 2381 5798 et
2404 5759 2543 5799 nexu
2577 5760 2699 5800 cum
2758 5744 3279 5814 perturbationibus,
3336 5745 3623 5816 contingit.
3660 5746 3754 5803 Sic

2179 5839 2343 5911 igitur
2375 5838 2555 5893 anima
2592 5852 2694 5890 una
2724 5846 2804 5891 est
2827 5838 3152 5904 substantia,
3188 5849 3325 5896 utet
3368 5848 3540 5895 totum
3578 5841 3756 5898 homi-
