4430 6448
763 391 906 455 1075

2026 399 2449 465 MICHAELIS
2485 406 2750 467 PSELLI

3889 409 4025 474 1076

755 530 878 569 eum
916 528 1078 583 supra
1109 521 1304 568 terram
1341 514 1610 583 videmus,
1657 516 1777 572 luce
1851 527 2052 574 terram
2114 535 2331 590 quoque
2364 532 2401 586 Α
2435 523 2504 577 οἶδε

2274 538 2331 577 ne
2364 532 2401 586 Α
2435 523 2527 577 οῦν
2561 524 2634 594 μὴ
2669 526 2764 578 καὶ
2794 524 2897 576 ὑπὸ
2921 524 3017 595 τὴν
3048 525 3153 595 γῆν
3176 526 3325 589 ὄντος
3348 527 3440 581 τοῦ
3467 527 3619 597 ἡλίου
3638 527 3856 599 ὁρῶμεν
3884 531 4023 600 ὑπὲρ

757 613 1073 670 penetrante
1105 602 1378 673 ?Deinde,
1404 607 1448 662 si
1501 608 1587 662 lux
1633 622 1849 679 corpus,
1901 625 2081 666 aerem
2139 627 2337 680 corpus

757 706 1023 764 pcnetret,
1066 696 1215 752 illum
1268 709 1519 769 oporteat
1569 700 1875 756 densiorem
1909 712 1959 757 et
2014 704 2337 760 crassiorem

2444 614 2541 685 τὴν
2572 615 2697 685 γῆν,
2751 616 2843 669 τοῦ
2886 617 3061 683 φωτὸς
3109 617 3206 671 καὶ
3244 618 3331 671 διὰ
3380 620 3483 687 τῆς
3535 622 3638 690 γῆς
3679 620 4022 691 χωροῦντος,

2442 705 2673 758 Ἔπειτα
2709 707 2757 758 εἰ
2793 704 2952 776 σῶμα
2987 705 3047 760 ὃν
3077 708 3136 760 τὸ
3162 708 3301 777 φῶς,
3328 711 3500 779 χωρεῖ
3527 710 3617 763 διὰ
3646 709 3901 780 σώματος
3930 711 4023 765 τοῦ

759 791 896 856 ﬁeri,
926 799 1113 845 contra
1142 806 1306 861 quam
1336 794 1685 863 experimur:
1713 796 1928 849 tenuior
1956 797 2098 850 enim
2134 798 2192 850 (it
2246 813 2341 853 aer
2437 798 2508 866 ae,

2279 813 2341 853 er
2437 798 2618 867 ἀέρος,
2661 797 2769 851 ἔδει
2821 799 2915 851 καὶ
2949 798 3010 852 τὸ
3043 799 3164 852 ὅλον
3193 802 3527 870 πυκνότερον
3564 802 3658 853 καὶ
3712 802 4024 873 παχύτερον

757 882 1078 949 illustratus,
1112 888 1565 953 quemadmodum
1597 890 1640 941 si
1679 903 1875 959 aquam
1908 900 2077 951 terra
2135 892 2334 959 capiat,

752 984 807 1030 et
859 976 1032 1045 major
1095 978 1280 1033 ﬁatcx
1332 979 1576 1050 utrisque
1627 981 1801 1047 locus,
1836 984 2058 1037 omnino
2113 1000 2337 1039 necesse

752 1080 834 1124 est
890 1087 1089 1141 corpus
1135 1087 1202 1126 ex
1256 1073 1502 1143 utrisque
1538 1075 1759 1129 densius
1793 1076 1955 1130 ﬁeri:
2020 1077 2099 1131 sic
2150 1091 2335 1131 aerem

753 1181 874 1219 cum
935 1168 1024 1221 lux
1057 1171 1354 1223 accesserit
1395 1170 1721 1223 crassiorem
1784 1169 1899 1224 ﬁeri
1945 1185 2169 1225 necesse
2204 1182 2287 1226 est
2320 1188 2333 1225 :

755 1274 899 1314 nunc
916 1274 1044 1314 vero
1070 1259 1237 1316 multo
1276 1276 1439 1317 secus
1473 1262 1684 1316 tenuior
1710 1262 1857 1317 enim
1891 1271 1946 1319 et
1974 1263 2226 1319 subtilior
2255 1263 2331 1319 ﬁt.

814 1616 927 1686 (lO)
954 1615 1116 1671 Forte
1150 1616 1245 1669 καὶ
1267 1616 1315 1669 εἰ
1347 1615 1441 1685 γῆ.

759 1815 3935 1853 mm

2435 883 2703 955 γίνεσθαι.
2737 886 2851 940 Νῦν
2880 887 2937 941 δὲ
2975 889 3324 942 τούναντίον*
3358 888 3868 960 λεπτομερέστερος
3910 892 4021 961 γάρ

2434 980 2462 1032 ὁ
2494 981 2601 1049 ἀὴρ
2635 979 3005 1049 φωτιζόμενος
3054 981 3287 1050 γίνεται,
3339 983 3531 1053 ὥσπερ
3578 983 3669 1035 καὶ
3704 984 3762 1035 ἐν
3795 986 3865 1055 γῇ
3907 985 4021 1053 (10)

2434 1072 2674 1143 χωρήσει
2728 1072 2870 1144 ὕδωρ
2896 1088 2909 1102 ο
2945 1074 3041 1125 καὶ
3070 1073 3275 1143 μείζων
3301 1075 3329 1127 ὁ
3366 1074 3425 1138 ἐξ
3459 1075 3664 1145 ἀμφοῖν
3692 1076 3905 1143 γίνεται
3935 1077 4022 1129 τό-

2433 1179 2554 1225 πος.
2602 1163 2841 1232 Ἀνάγκη
2890 1165 3041 1217 πᾶσα
3072 1164 3133 1217 τὸ
3178 1164 3235 1231 ἐξ
3269 1166 3474 1233 ἀμφοῖν
3520 1166 3685 1236 σῶμα
3715 1166 4023 1238 παχύτερον

2432 1254 2697 1323 γίνεσθαι.
2730 1254 2887 1308 Οὕτω
2913 1256 2969 1310 δὲ
2999 1258 3092 1311 καὶ
3136 1258 3227 1311 τὸν
3265 1260 3403 1329 ἀέρα
3443 1260 3659 1331 ἀνάγκη
3709 1261 4021 1331 παχύτερον

2432 1348 2706 1414 γενέσθαι,
2732 1349 3029 1418 γενομένου
3074 1351 3169 1404 τοῦ
3218 1353 3426 1421 φωτός⁶
3476 1352 3570 1407 νῦν
3596 1352 3654 1407 δὲ
3704 1352 4019 1408 τούναντίον

2431 1440 2930 1511 λεπτομερέστερος
2957 1442 3171 1511 γίνεται

2153 1985 2626 2074 ΨΕΛΛΟΥ

1103 2200 1215 2255 ΟΤΙ
1249 2202 1342 2255 TA
1379 2198 1755 2256 KINHMATA
1784 2194 1919 2252 ΤΗΣ
1959 2195 2207 2249 ΨΥΧΗΣ
2236 2193 2516 2251 ΕΟῙΚΑΣΙ
2558 2193 2715 2248 ΤΑΙΣ
2750 2193 2886 2248 ΤΩΝ
2917 2191 3271 2249 ΟΥΡᾹΝΙΩΝ
3304 2191 3660 2249 ΚῘΝΗΣΕΣΙ.

1225 2721 1435 2795 QUOD
1465 2720 1732 2784 ANIMA'S
1762 2721 2024 2782 MOTUS
2066 2719 2556 2781 CfELESTIBUS
2597 2718 2937 2779 MOTIBUS
2979 2719 3295 2780 SIMILES
3338 2718 3539 2781 SINT.

744 3040 865 3093 τῶν
904 3037 1281 3110 πρωτοτόκων
1306 3040 1538 3111 οὐρανοῦ
1572 3045 1887 3111 κινημάτων

743 3131 857 3184 Καὶ
881 3132 989 3185 τῶν
1024 3132 1081 3184 ἐν
1110 3132 1259 3200 αὐτῷ
1294 3133 1591 3203 προσφυῶν
1626 3129 1964 3202 παθημάτων

744 3224 927 3295 Εὗρῃς
954 3224 1084 3294 παρ’
1109 3226 1241 3295 ἡμῖν
1272 3227 1491 3288 εἰκόνας
1521 3223 1938 3295 κεκρυμμένας.

755 3314 812 3368 'U
846 3314 970 3377 νοῦς
997 3313 1106 3385 γὰρ
1131 3314 1309 3384 ἡμῶν,
1331 3311 1421 3367 οἷα
1459 3314 1713 3385 λαμπρὸς
1744 3314 2057 3384 φωσφόρος,

744 3408 848 3462 Τὸν
881 3407 1031 3477 ἥλιόν
1063 3424 1182 3470 πως
1214 3407 1471 3471 εἰκονίζει
1505 3409 1796 3476 πανσόφως
1819 3423 1835 3439 ⁸

744 3503 858 3572 Τῆς
886 3502 930 3556 δ’
963 3502 1033 3555 αὖ
1066 3502 1297 3573 σελήνης
1325 3501 1476 3554 ἐστὶν
1509 3502 1542 3573 ἡ
1579 3499 1726 3571 ψυχὴ
1756 3500 1944 3561 τύπος.

751 3595 812 3650 Ὀ
849 3595 948 3664 μὲν
990 3595 1122 3663 γὰρ,
1155 3595 1231 3658 ὼς
1268 3594 1575 3659 κάλλιστος,
1614 3594 1689 3655 ὡς
1738 3593 1964 3665 φωστὴρ
2015 3594 2213 3665 μέγας,

771 3688 908 3749 Ηλος
946 3688 1177 3757 διαυγής
1201 3687 1351 3739 ἔστιν
1380 3685 1795 3756 ἀπραπηόόλος
1819 3701 1834 3717 ⁸

740 3780 900 3851 Ψυχὴ
929 3780 1008 3845 δὲ,
1038 3780 1429 3849 προσπεσοῦσα
1467 3780 1722 3848 σώματος
1746 3778 1930 3847 φύσει,

754 3874 845 3938 Ἐξ
873 3872 1131 3943 ἡμισείας
1160 3872 1349 3942 ὥσπερ
1384 3870 1614 3940 αὐγάξει
1651 3871 1832 3940 μόνον.

743 3967 815 4018 Τὸ
855 3968 953 4036 μὲν
981 3967 1114 4037 γάρ,
1148 3967 1227 4029 εἰς
1258 3968 1383 4018 νοῦν
1413 3965 1712 4035 προσφυῶς
1754 3964 2081 4032 ἀνηγμένον,

741 4057 923 4119 Φωτὸς
953 4056 1237 4125 μετέσχεν,
1271 4055 1462 4126 ὥσπερ
1488 4059 1553 4109 ὲκ
1584 4056 1805 4125 πρώτου
1841 4055 2011 4125 φάους
2036 4071 2048 4085 ·

742 4149 815 4201 Τὸ
841 4150 883 4202 δ’
914 4144 979 4202 αὖ
1010 4166 1093 4216 γε,
1129 4148 1266 4219 πρὸς
1307 4148 1559 4219 αἴσθησιν
1587 4149 1834 4217 ἐμπεσὸν
1863 4149 2035 4214 κάτω,

743 4242 856 4295 Καὶ
885 4243 1062 4311 φωτὸς
1094 4242 1368 4313 ὴμοῐρησε
1399 4244 1493 4295 καὶ
1528 4242 1753 4302 σκότους
1781 4241 1964 4311 γέμει.

756 4338 813 4389 ’0
844 4337 940 4402 μὲν
968 4336 1079 4406 γὰρ
1108 4336 1378 4406 ἀκούτησε
1427 4334 1535 4387 τῶν
1564 4335 1675 4389 ἀνω
1702 4334 1897 4401 λόγων,

745 4428 909 4498 Βρύει
940 4428 1155 4497 διαυγεῖ
1189 4427 1503 4497 γνωπικῶς
1525 4426 1831 4497 λαμπηδόνι
1857 4441 1871 4454 ο

817 4629 1224 4686 Primitivorum
1253 4630 1375 4686 cmli
1424 4641 1698 4691 motuum,
1751 4640 1800 4685 et
1829 4645 2014 4684 earum
2050 4644 2169 4697 qua:
2221 4626 2323 4696 ipsi

748 4730 950 4780 innatae
1008 4735 1137 4779 sunt
1176 4724 1515 4793 passionum,
1548 4722 1790 4778 invenias
1817 4725 1958 4791 apud
1999 4736 2096 4776 nos
2121 4736 2324 4775 recon-

748 4818 888 4871 ditas
926 4817 1211 4882 imagines.
1260 4814 1414 4870 Mens
1470 4814 1613 4868 enim
1659 4823 1868 4877 nostra,
1905 4821 1961 4865 ut
2003 4812 2324 4882 splendidus

748 4904 959 4969 lucifer,
990 4906 1155 4959 solem
1191 4906 1429 4974 quodam
1474 4904 1635 4958 modo
1665 4903 2068 4972 sapientissimo
2118 4916 2323 4972 repra-

748 5008 945 5052 scntat.
987 4996 1150 5050 Lunae
1202 5006 1381 5051 autem
1437 5006 1606 5051 estet
1651 4996 1831 5049 anima
1889 4994 2321 5065 repraesentatio.

746 5091 841 5145 llle
864 5090 1101 5159 quidem,
1132 5100 1192 5143 ιιι
1224 5090 1648 5159 pulcherrimum
1674 5097 1729 5143 et
1754 5104 2006 5157 maguum
2034 5087 2323 5149 luminare,

749 5185 914 5237 totius
948 5184 1262 5249 splendidus
1294 5195 1348 5236 et
1390 5185 1600 5253 fulgura
1632 5182 1863 5251 jaciens.
1918 5180 2114 5235 Anima
2145 5189 2322 5234 autem

747 5288 868 5341 quae
894 5274 945 5326 in
978 5274 1219 5341 corporis
1257 5284 1502 5326 naturam
1538 5273 1746 5335 incidit,
1781 5282 2042 5340 tanquam
2095 5269 2321 5325 dimidia

746 5376 901 5434 parte
938 5375 1149 5419 tantum
1176 5366 1449 5435 splendet.
1500 5364 1655 5433 Quod
1682 5365 1826 5421 enim
1860 5365 1911 5417 in
1941 5373 2172 5418 mentem
2201 5372 2323 5428 apte

747 5461 1036 5513 adductum
1086 5469 1194 5521 est.
1235 5459 1452 5513 luminis
1495 5466 1577 5513 est
1635 5461 1907 5527 particeps
1966 5467 2220 5526 tanquam
2254 5472 2321 5509 ex

744 5550 916 5615 prima
946 5548 1102 5615 luce;
1152 5550 1294 5619 quod
1336 5562 1515 5603 autem
1554 5549 1620 5604 ad
1649 5564 1843 5605 sensus
1893 5548 2031 5602 infra
2097 5547 2317 5610 decidit,

746 5639 967 5695 luminis
999 5656 1190 5699 exsors
1219 5650 1321 5708 est,
1354 5652 1408 5698 et
1437 5642 1677 5697 tenebris
1713 5642 1954 5711 plenum.
1979 5640 2161 5693 Altera
2192 5640 2320 5707 qui-

750 5732 869 5789 dem
898 5735 1068 5789 audiit
1112 5749 1345 5805 superna
1375 5736 1539 5791 verba
1571 5746 1625 5793 et
1656 5735 1857 5793 referta
1916 5744 1997 5790 est
2042 5732 2316 5804 splendida

2347 3036 2396 3097 Β
2436 3054 2503 3109 Ἦ
2535 3054 2614 3117 δὲ,
2643 3052 2782 3123 πρὸς
2817 3052 2954 3122 αὐτῇ
2983 3052 3049 3121 τῇ
3084 3050 3211 3119 σκιᾷ
3236 3048 3549 3119 καθημένη,

2439 3140 2680 3193 Ἐκεῖθεν
2713 3138 3047 3209 ἠμαύρωσεν
3077 3138 3250 3206 αὐτῆς
3276 3138 3375 3208 τὴν
3410 3137 3575 3205 φύσιν

2425 3234 2536 3287 Καί
2568 3251 2686 3294 πως
2724 3232 3021 3300 σκοτώδης,
3060 3229 3260 3300 ἀχλύος
3298 3228 3684 3299 πεπλησμένη,

2434 3325 2499 3378 '1'
2502 3324 2859 3394 ποδραμοῦσα
2894 3325 2985 3376 τὸν
3014 3322 3205 3393 νοητὸν
3235 3322 3546 3391 φωσφόρον,

2427 3419 2692 3489 Συνέσχεν
2721 3417 2885 3471 αὑτοῦ
2917 3417 3014 3479 τάς
3045 3417 3287 3483 διαυγεῖς
3312 3416 3625 3484 λαμπάδας.

2425 3511 2604 3564 Κάκεῖ
2632 3510 2728 3579 μέν
2752 3511 2866 3561 ἐστι
2891 3509 2984 3577 γῆ,
3016 3507 3235 3579 σελήνη,
3275 3507 3586 3576 φωσφόρος,

2424 3601 2588 3674 Ψυχὴ
2612 3602 2670 3656 δὲ
2699 3602 2796 3657 καὶ
2825 3601 2963 3672 σὰρξ
2994 3594 3095 3654 ὧδε
3125 3601 3220 3653 καὶ
3250 3599 3375 3662 νοῦς
3405 3597 3754 3669 προσφόρως.

2430 3696 2527 3749 Ἐν
2551 3692 2647 3748 οῦν
2677 3695 2813 3765 πρὸς
2840 3695 2897 3747 ’ἐν
2926 3711 3043 3755 πως
3085 3693 3320 3757 ἀντίθες,
3361 3692 3502 3760 πλὴν
3534 3690 3791 3758 εὐλόγως,

2427 3789 2573 3859 Πρὸς
2610 3789 2760 3858 ἥλιον
2787 3788 2929 3844 νοῦν.
2962 3787 3122 3855 σῶμα
3158 3786 3295 3854 πρὸς
3324 3785 3430 3853 γῆν
3465 3784 3725 3847 εὐθέτως,

2428 3881 2541 3947 Τὴν
2571 3879 2810 3948 ψυχικὴν
2843 3878 2897 3930 δὲ
2932 3878 3067 3946 πρὸς
3110 3877 3341 3946 σελήνην
3376 3876 3566 3928 οὐσίαν
3597 3893 3609 3906 ·

2439 3970 2501 4025 '0
2536 3972 2634 4041 μὲν
2668 3970 2777 4041 γάρ
2810 3971 3131 4038 αὐτόχρημα
3165 3968 3341 4036 φωτὸς
3371 3969 3563 4022 οὐσία·

2428 4066 2501 4120 Τὸ
2533 4065 2691 4134 σῶμα
2725 4065 3110 4133 λαμπρότητος
3145 4064 3342 4132 ὲστερη
3356 4062 3545 4129 μένον·

2424 4155 2586 4223 Ψυχὴ
2620 4152 2697 4217 δὲ,
2730 4153 3074 4221 τυγχάνουσα
3110 4151 3250 4221 μέση
3289 4150 3397 4203 τῶν
3428 4151 3542 4217 δύο,

2426 4247 2499 4299 Τὸ
2539 4246 2637 4315 μὲν
2675 4244 2897 4312 τέτευχε
2931 4244 3133 4312 φωτὸς,
3167 4244 3241 4306 ὡς
3271 4241 3364 4295 νοῦ
3393 4243 3645 4312 πλησίον,

2428 4337 2503 4392 Τὸ
2528 4337 2571 4390 δ’
2605 4337 2665 4390 οῦ
2698 4336 2972 4406 τέτευχεν,
3009 4337 3178 4405 ἐγγὺς
3212 4336 3347 4391 οῦσα
3389 4337 3685 4407 σωμάτων.

2425 4629 2721 4683 secundum
2772 4629 3053 4685 scientiam
3080 4629 3376 4693 claritate;
3442 4630 3611 4684 altera
3656 4645 3805 4695 vero,
3852 4632 4003 4699 juxta

2425 4721 2594 4790 ipsam
2629 4720 2868 4774 umbram
2899 4721 3113 4783 sedens,
3146 4721 3271 4775 inde
3301 4722 3613 4775 obscuravit
3645 4739 3798 4777 suam
3845 4736 4005 4779 natu-

2424 4827 2564 4865 ram.
2589 4810 2653 4866 Et
2679 4813 2914 4881 quodam
2945 4812 3106 4866 modo
3137 4813 3450 4875 tenebroso,
3485 4812 3718 4880 caligine
3775 4815 4000 4882 repleta,

2422 4902 2811 4972 intelligibilem
2829 4903 3002 4957 lucem
3028 4913 3223 4971 praeter
3240 4918 3486 4966 currens,
3508 4903 3815 4971 splendidos
3855 4905 4001 4960 illum

2428 4996 2609 5051 radios
2657 4998 2972 5051 coarctavit.
3027 4997 3093 5051 Et
3123 5006 3208 5052 est
3242 4998 3458 5067 quidem
3497 4999 3606 5053 illic
3646 5010 3813 5062 terra,
3852 5002 3999 5065 luna,

2425 5086 2700 5155 splendor,
2731 5088 2922 5141 anima:
2951 5089 3022 5143 ibi
3053 5104 3204 5152 vero,
3234 5097 3287 5143 et
3318 5105 3446 5144 caro
3470 5102 3520 5144 et
3546 5107 3699 5145 mens
3729 5092 3999 5149 similiter.

2425 5176 2603 5232 Unum
2636 5178 2796 5245 igitur
2822 5177 2976 5232 alteri
3011 5182 3245 5247 quodam
3272 5181 3434 5234 modo
3465 5182 3707 5248 opponit,
3739 5193 3998 5235 caeterum

2423 5267 2794 5335 probabiliter,
2826 5267 2937 5323 Soli
2967 5280 3226 5335 mentem,
3259 5285 3458 5339 corpus
3485 5281 3663 5336 terrae,
3709 5274 3999 5326 animalem

2426 5361 2783 5414 substantiam
2819 5360 2976 5416 lunae.
3014 5362 3167 5417 Mens
3203 5364 3419 5431 quidem
3444 5364 3664 5418 omnino
3699 5364 3837 5418 lucis
3868 5367 4001 5418 sub-

2427 5452 2648 5514 stantia,
2688 5467 2886 5520 corpus
2920 5454 3207 5520 splendore
3232 5464 3420 5520 caret;
3456 5456 3638 5507 anima
3675 5471 3825 5517 vero,
3858 5457 4003 5510 inter

2425 5558 2486 5596 ea
2544 5544 2742 5610 media,
2808 5543 2986 5597 lumen
3061 5546 3257 5599 sortita
3315 5556 3375 5599 ιιι
3435 5547 3600 5599 menti
3668 5547 3999 5615 propinqua,

2427 5633 2648 5689 aliunde
2712 5650 2817 5689 non
2885 5636 3072 5691 sortita
3124 5648 3226 5702 est,
3269 5652 3391 5691 cum
3441 5639 3761 5708 corporibus
3821 5639 3999 5693 vicina

2421 5739 2513 5781 ειι.
