4430 6448
418 416 556 484 1077
1464 423 1543 483 IN
1581 424 2166 487 PSYCHOGONIAM

1923 424 2166 487 ONIAM
2220 427 2514 488 PLATON
2529 427 2614 485 lS.
3534 425 3672 491 1078

420 572 3644 604 m

1345 591 1611 604 ———-

1108 814 1458 948 ΤΟΥ
1537 811 2242 951 ΨΕΛΛΟΥ
2316 812 2986 947 ΜΙΧΑΗΛ

2003 1125 2113 1177 ΕΙΣ

659 1369 978 1481 ΤΗΝ
1056 1369 2092 1485 1FYXOI’ONIAN
2188 1370 2394 1486 ΤΟ

1720 1373 2092 1485 ΝΙΑΝ
2188 1370 2491 1486 ΤΟΥ
2573 1361 3459 1486 ΠΛΑΤΩΝΟΣ.

1017 1732 2154 1888 ΜΙΟΗΑΕΙᾸΞ
2339 1731 2766 1887 PSE

1362 1732 2154 1888 lI-IAELIS
2339 1731 3111 1887 PSELLI

1748 2073 2369 2136 COMMENTARIUS

826 2327 965 2439 IN
1033 2326 2166 2443 PSYCHOGONIAM
2289 2326 3274 2442 PLATONICAM.

1341 2623 1435 2688 (Ex
1463 2626 1685 2678 editione
1708 2625 1867 2680 Caroli
1891 2626 2146 2679 Guilielmi
2173 2628 2374 2688 Linder,
2399 2624 2751 2690 Upsaliensis.)

1703 2895 2260 2958 ARGUMENTUM
2323 2897 2569 2958 LIBRI.

484 2998 542 3054 In
575 3002 746 3070 prima
773 3013 927 3075 parte
959 3021 1080 3060 cum
1137 3008 1203 3060 de
1236 3007 1444 3062 duobus
1474 3008 1579 3064 illis
1608 3025 1796 3063 rerum
1832 3012 2122 3080 generibus
2159 3013 2488 3078 disputatur,
2527 3023 2757 3079 quorum
2798 3007 3030 3063 alterum
3081 3024 3101 3060 ι
3136 3014 3221 3062 est
3266 3004 3690 3074 sempiternum,

413 3106 695 3159 constans,
729 3099 907 3151 omnis
954 3112 1152 3166 expers
1183 3099 1604 3164 vicissitudinis,
1640 3117 1738 3155 nec
1770 3118 2011 3171 unquam
2041 3113 2244 3167 ortum,
2276 3102 2529 3164 alterum,
2563 3101 2705 3170 quod
2752 3099 2917 3154 habet
2963 3113 3024 3152 ea
3083 3113 3201 3164 qua:
3231 3095 3473 3163 subjecta
3516 3103 3693 3146 mnta-

415 3184 580 3239 tionis
611 3187 973 3242 vicissitudini
1007 3200 1169 3259 atque
1207 3201 1462 3259 generata
1497 3202 1622 3247 Sunt
1649 3193 1751 3264 (a),
1788 3215 1805 3246 ι
1846 3210 1908 3246 ex
1944 3195 2140 3262 quibus
2172 3195 2464 3263 generibus
2503 3193 2847 3260 componitur
2882 3191 3076 3244 anima:
3096 3190 3402 3252 harmonia,
3425 3196 3536 3242 tum
3565 3185 3692 3240 inde

415 3281 483 3334 ab
518 3283 648 3348 ipsis
685 3283 798 3336 suis
834 3282 1004 3337 initiis
1027 3299 1089 3338 ea
1124 3286 1392 3354 repetitur
1417 3302 1765 3341 numerorum
1794 3289 2238 3358 proportionibus
2273 3287 2544 3342 declarata
2576 3301 2639 3341 ac
2663 3285 2935 3352 descripta
2966 3283 3274 3348 harmonia,
3301 3284 3547 3350 adquam
3579 3287 3688 3334 tota

413 3377 651 3442 exigitur
688 3377 883 3428 animm
920 3377 1211 3431 mundanae
1242 3379 1528 3432 fabricatio
1557 3379 1651 3449 (ὁ).
1684 3381 1911 3434 Accedit
1941 3382 2154 3434 inversa
2189 3380 2432 3449 quaedam
2463 3389 2626 3448 atque
2659 3376 2939 3430 immutata
2983 3376 3175 3429 harum
3204 3390 3383 3427 rerum
3420 3374 3692 3442 interpre-

417 3467 549 3519 tatio
607 3466 698 3536 (c).
740 3467 796 3521 ln
840 3470 1078 3522 secunda
1133 3469 1472 3525 harmoniam
1512 3472 1654 3526 illam
1692 3475 1825 3527 solis
1881 3489 2232 3528 numerorum
2271 3471 2714 3542 proportionibus
2760 3469 3126 3537 persequitur.
3171 3467 3228 3521 In
3268 3467 3424 3520 tertia
3457 3466 3688 3519 duorum

422 3558 636 3610 illorum
670 3560 906 3621 orbium,
933 3561 1122 3614 circuli
1155 3564 1551 3631 mquinoctialis
1579 3565 1697 3618 dico
1724 3575 1777 3618 et
1809 3566 2041 3626 zodiaci.
2076 3566 2392 3634 descriptio,
2427 3565 2489 3617 ad
2523 3563 2792 3629 eamdem,
2841 3577 3001 3630 quam
3037 3563 3090 3614 in
3134 3561 3310 3630 prima
3347 3570 3502 3628 parte
3559 3557 3693 3612 alle-

417 3655 677 3719 goricam,
702 3661 756 3706 ut
781 3654 955 3719 aiunt,
981 3656 1308 3710 sententiam
1339 3667 1614 3711 revocata.
1643 3657 1700 3711 lu
1733 3646 1926 3727 quarta
1951 3659 2180 3726 denique
2215 3665 2367 3726 parte
2393 3656 2664 3712 semitonii
2697 3657 2941 3713 sumendi
2967 3656 3054 3710 lex
3085 3665 3138 3709 et
3160 3653 3342 3724 regula
3365 3654 3700 3708 constituta.

421 3747 518 3801 llis
552 3749 601 3801 in
640 3752 801 3806 rebus
841 3754 1163 3807 enarrandis
1199 3753 1404 3810 Psellns
1459 3766 1738 3810 auctorem
1791 3767 2010 3810 secutus
2047 3766 2130 3810 est
2177 3755 2431 3809 Proclum
2489 3754 2848 3819 Diadocbum,
2897 3752 3276 3823 pbil050pbum
3335 3750 3484 3804 illum
3544 3751 3693 3802 inter

415 3837 858 3909 Neaplatonicos.
885 3847 975 3912 qui
1013 3857 1297 3910 vocantur,
1334 3849 1836 3918 eminentem.Ejus
1858 3851 2143 3903 sententiis
2165 3849 2260 3919 pro
2294 3850 2407 3903 suis
2439 3863 2819 3916 saepenumero
2855 3848 2925 3901 ita
2955 3861 3085 3900 usus
3112 3853 3220 3908 est,
3245 3854 3304 3896 ut.
3339 3841 3527 3896 multis
3556 3840 3691 3895 locis

417 3934 528 4002 ipsa
564 3935 722 3988 verba
756 3935 931 3992 Procli
962 3941 1371 3996 transcriberet.
1409 3940 1572 3996 Vides
1611 3944 1775 4013 igitur
1809 3945 1857 3996 in
1891 3942 2070 3997 Psello
2109 3959 2337 4012 prorsus
2369 3945 2612 3997 eamdem
2641 3941 2935 3996 Platonicae
2966 3938 3193 3993 rationis
3223 3932 3688 4005 perturbationem

421 4038 478 4079 et
511 4027 916 4092 confusionem,
949 4049 1108 4100 quam
1137 4036 1280 4102 apud
1315 4035 1734 4103 Neoplatonicos
1769 4036 1909 4101 illos,
1941 4039 2029 4105 qui
2054 4053 2174 4092 Cum
2200 4036 2438 4090 Platonis
2467 4037 2768 4089 doctrinam
2804 4036 2867 4088 ad
2899 4047 3115 4088 suarum
3151 4032 3491 4083 voluntatum
3528 4027 3691 4082 simi—

417 4119 703 4176 litudinem
764 4139 1105 4195 revocarent,
1141 4141 1248 4181 tum
1280 4131 1346 4184 ad
1393 4147 1479 4194 ea,
1510 4147 1628 4200 quae
1667 4130 1908 4184 Platonis
1945 4143 2126 4196 erant,
2158 4131 2475 4198 explicanda
2513 4130 2844 4185 adhibebant
2896 4127 3061 4183 verba
3110 4124 3420 4179 Aristotelis
3451 4167 3464 4190 ,
3520 4122 3592 4176 ita
3631 4129 3693 4177 ut.

419 4216 615 4269 mirum
653 4219 704 4271 in
737 4219 957 4274 modum
982 4225 1166 4277 omnia
1200 4223 1344 4278 inter
1373 4241 1429 4281 se
1459 4235 1763 4295 permutata
1798 4228 1906 4280 sint
1931 4236 1981 4281 et
2012 4242 2294 4296 perversa.

597 4359 756 4440 [)5er
790 4362 1056 4440 PSYCFIOS-
1083 4366 1136 4440 _l.
1163 4365 1191 4440 ᾗ
1218 4367 1270 4440 ξ.
2186 4369 2255 4440 (c)
2287 4366 2445 4423 Psell.
2479 4364 2745 4435 Psychog.
2781 4365 2816 4429 Ι,
2849 4362 2877 4436 §
2905 4363 2973 4419 12
3005 4379 3126 4433 sqq.

488 4429 563 4498 (θ)
593 4429 754 4488 Psen.
787 4429 1052 4506 stcttog.
1082 4429 1129 4501 t,’
1158 4429 1189 4509 ς’
1215 4438 1248 4492 5
1283 4453 1403 4509 sqq-

1571 4868 2524 4960 COMMENTARIUS

826 5162 969 5273 IN
1082 5124 2214 5272 PSYCHOGONIAM
2304 5148 3279 5265 PLATONICAM.

1230 5657 1266 5713 ν,
2112 5681 2179 5700 ,..
2902 5647 2972 5705 ι..

1186 5661 1266 5713 A'.
2112 5681 2179 5700 1-

494 5751 564 5809 a'.
599 5753 672 5807 Τδ
702 5753 800 5825 μὲν
841 5751 1140 5823 λεγόμενόν
1177 5753 1348 5818 ἔστιν,
1385 5752 1468 5808 ὅτι
1502 5753 1562 5806 οὐ
1617 5753 1789 5824 μάτην
1826 5754 1857 5824 ἡ
1893 5749 2000 5804 τῶν
2189 5750 2237 5802 Ι.

2112 5681 2179 5700 ,..
2903 5661 2944 5705 1.
2970 5697 2972 5699 .

1941 5749 2000 5803 ὒν
2189 5750 2237 5802 Ι.
2271 5748 2474 5802 Dictum
2499 5746 2714 5815 quidem
2733 5752 2835 5809 est,
2866 5758 2970 5798 non
3000 5753 3202 5798 temere
3233 5757 3263 5795 a
3291 5741 3446 5797 nobis
3474 5758 3690 5799 concm-

421 5849 622 5923 lpeﬁi;
648 5850 826 5924 λόγων
856 5847 1077 5923 εὕρεσις
1110 5850 1242 5923 ἡμῖν
1288 5848 1680 5922 μεμηχάνηται
1724 5847 1820 5902 τοῦ
1867 5846 2002 5918 πρός
2117 5859 2170 5898 nt

1939 5846 2002 5910 κός
2117 5854 2300 5898 natam
2338 5856 2456 5898 esse
2491 5850 2769 5914 perpetuae
2792 5838 2858 5895 de
2887 5835 3150 5895 relatione
3179 5834 3246 5891 ad
3277 5835 3480 5906 aliquid
3507 5836 3688 5908 dispit-
