4430 6448
767 404 906 473 1083

2027 408 2442 470 MICHAELIS
2482 412 2715 473 PSEiLl

3890 412 4028 477 1084

764 532 940 573 crores
972 524 1202 586 possunt
1235 528 1358 570 esse
1386 515 1580 571 animat
1606 522 1812 586 partes,
1833 517 1976 587 quod
2002 518 2218 587 quidem
2246 531 2343 586 ap-
2376 524 2419 577 Α
2450 519 2513 570 ἰιῖ

2282 532 2343 586 p-
2376 524 2419 577 Α
2450 519 2556 570 τῶν
2600 526 2783 590 μερῶν
2812 520 3006 592 αὐτῆς,
3034 521 3111 585 ώς
3147 522 3301 575 ἔσται
3331 520 3492 592 δῆλον
3523 521 3581 575 ὲν
3624 522 3889 594 διαιρέσει
3920 527 4029 580 τῶν

763 611 993 677 parebit,
1029 625 1148 664 cum
1171 608 1416 664 confecta
1439 609 1542 664 erit
1571 609 2009 666 barmonicarum
2034 610 2346 681 proportio-

764 720 895 758 num
948 703 1241 772 descriptio
1276 720 1290 757 :
1346 703 1449 757 alia
1485 702 1718 772 denique
1747 702 1920 758 f'orma
1958 702 2075 771 ejus
2103 712 2187 759 est
2219 720 2234 770 ;
2292 712 2349 758 et

764 793 881 847 haec
923 792 1102 847 omnia
1135 794 1278 847 inter
1317 806 1376 846 se
1428 792 1534 847 alia
1578 792 1699 847 aliis
1753 792 1962 847 insunt.
2016 792 2151 847 Nam
2221 807 2348 847 cum

775 885 1078 939 substantia
1113 884 1514 940 multitudinem
1564 886 2075 954 aptecompositam
2107 883 2343 949 cohibet,

767 974 967 1043 quippe
991 990 1111 1045 qua:
1140 990 1236 1029 nec
1259 990 1454 1044 expers
1482 974 1839 1030 multitudinis
1864 975 1956 1039 sit,
1989 990 2086 1029 nec
2106 974 2347 1028 multitu—

763 1065 948 1119 dinem
970 1068 1162 1129 solam,
1182 1068 1278 1121 sed
1302 1082 1483 1122 secum
1507 1067 1676 1136 ipsam
1703 1069 2026 1122 concordem
2051 1068 2344 1130 contineat,

766 1167 879 1211 tum
916 1160 1196 1213 harmonia
1233 1169 1286 1212 et
1325 1159 1439 1226 ipsa
1484 1160 1793 1216 essentialis
1827 1168 1931 1223 est,
1963 1174 2131 1227 capax
2158 1174 2346 1214 essen-

768 1251 855 1303 tire
881 1259 936 1303 et
964 1250 1194 1305 formam
1223 1251 1462 1307 efﬁciens
1496 1270 1510 1306 :
1545 1268 1608 1308 ex
1642 1268 1747 1322 qua
1782 1254 1893 1322 ipsa
1924 1254 2345 1319 demonstratur,

769 1345 1225 1411 quemadmodum
1258 1357 1353 1401 aut
1408 1349 1705 1404 harmoniae
1766 1350 2158 1418 temperatione
2214 1366 2349 1404 con-

769 1435 1009 1490 tineatur
1042 1437 1217 1490 anima
1252 1448 1346 1492 aut
1378 1455 1482 1493 non
1534 1445 1901 1495 contineatur.
1930 1440 2169 1494 Primum
2203 1443 2347 1496 enim

767 1528 947 1582 anima
998 1530 1049 1583 in
1096 1532 1388 1585 essentiam
1446 1541 1500 1587 et
1549 1538 1845 1604 potentiam
1903 1542 1958 1587 et
2005 1532 2347 1588 efﬁcientiam

769 1622 1019 1685 discedit,
1075 1624 1289 1690 deinde,
1321 1634 1378 1681 ut
1428 1626 1630 1681 dictum
1676 1637 1782 1691 est,
1843 1628 1895 1680 in
1957 1626 2346 1691 substantiam,

771 1711 1111 1767 harmoniam
1134 1724 1189 1769 et
1213 1713 1438 1769 formam
1466 1716 1724 1782 essentia,
1756 1726 1865 1770 tum
1896 1730 2026 1771 vero
2048 1717 2347 1773 substantia

767 1801 820 1855 in
854 1805 1169 1866 essentiam.
1215 1806 1380 1871 idem,
1434 1806 1685 1862 alterum.
1724 1808 1897 1877 Atque
1950 1808 2063 1863 haec
2101 1808 2347 1878 qumdtint

769 1896 922 1963 quasi
961 1897 1153 1951 divisio
1175 1898 1366 1952 animae
1398 1914 1501 1953 non
1534 1910 1617 1955 est
1653 1900 1952 1956 divisioilla
1981 1900 2221 1969 quidem,
2254 1902 2347 1955 sed
2386 1885 2424 1938 Β

764 1986 1087 2055 explicatio,
1121 1998 1181 2043 ut
1234 2004 1355 2060 quae
1391 1991 1460 2046 ab
1494 1992 1688 2045 anima:
1716 1994 2109 2061 compositione
2140 1993 2204 2046 ad
2229 1993 2348 2061 ejus

767 2078 960 2146 ipsius,
993 2082 1133 2150 quod
1164 2092 1266 2147 est,
1303 2097 1500 2153 genera
1530 2082 1793 2153 simplicia
1828 2085 2102 2152 procedat.
2141 2084 2348 2152 Quibus

765 2184 828 2223 ex
865 2174 1153 2239 generibus
1178 2175 1318 2244 ejus,
1352 2177 1496 2246 quod
1538 2187 1644 2242 est,
1691 2177 1927 2246 primum
1960 2177 2177 2247 quidem
2216 2192 2348 2231 con-

767 2266 916 2319 sistit
960 2265 1014 2319 in
1064 2267 1491 2337 intelligibilibus
1524 2277 1686 2337 atque
1714 2270 2081 2323 immobilibus
2134 2268 2347 2335 formis,

769 2356 1004 2412 alterum
1029 2357 1080 2412 in
1106 2359 1324 2425 animis,
1360 2359 1412 2414 in
1444 2359 1762 2431 corporibus
1786 2370 1967 2416 autem
1992 2371 2345 2431 postremum.

765 2449 946 2516 Quare
993 2449 1150 2506 Plato
1206 2453 1259 2506 in
1321 2454 1526 2507 Timaeo
1592 2468 1689 2508 suo
1746 2453 1982 2524 primum
2021 2454 2258 2523 quidem,
2293 2463 2352 2508 ut

766 2540 935 2607 ipsius
983 2550 1065 2598 est
1097 2545 1395 2609 sententia,
1439 2544 1562 2600 coeli
1612 2545 1876 2609 animam,
1908 2560 2068 2614 qnam
2105 2545 2349 2601 eamdem

768 2635 1005 2689 animam
1054 2652 1233 2691 rerum
1275 2640 1647 2694 universitatis
1684 2640 1937 2711 appellat,
1987 2640 2117 2693 oriri
2174 2641 2249 2693 ait
2296 2639 2350 2694 in

770 2727 945 2796 prima
977 2742 1236 2797 generum
1279 2731 1533 2786 miStione
1564 2733 1722 2800 primi
1750 2732 1984 2788 crateris
2021 2750 2035 2786 :
2085 2741 2351 2788 craterem

770 2820 955 2875 dicens
982 2821 1195 2875 vitalem
1232 2821 1375 2877 illam
1403 2833 1458 2879 et
1489 2825 1902 2881 substantialem
1928 2840 2111 2880 rerum
2144 2825 2353 2895 opificis

770 2912 966 2967 anima:
984 2913 1069 2969 vel
1090 2915 1343 2971 animalis
1370 2916 1493 2972 vita:
1519 2918 1848 2986 potentiam;
1879 2928 1990 2971 tum
2014 2933 2141 2972 vero
2166 2927 2360 2975 human

773 3018 900 3057 nam
949 3020 1168 3075 quoque
1214 3008 1452 3061 animam
1498 3009 1746 3080 generari
1794 3010 2048 3075 aflirmat,
2104 3012 2356 3067 videlicet

771 3095 965 3161 altera,
1007 3107 1062 3152 ut
1097 3099 1194 3165 ait,
1225 3101 1480 3155 mistione
1515 3102 1901 3173 (procreatam)
1930 3119 1997 3158 ex
2042 3105 2228 3159 iisdem
2258 3120 2353 3174 ge-

770 3190 1012 3253 neribus,
1056 3193 1200 3260 quod
1246 3204 1350 3261 est,
1403 3194 1771 3251 inferioribus.
1828 3196 1944 3251 Hoc
1989 3199 2149 3252 modo
2208 3200 2351 3251 enim

771 3279 946 3333 dicit:
982 3298 1001 3332 ι
1036 3281 1341 3351 iterumque
1377 3285 1428 3339 in
1478 3288 1730 3342 eumdem
1785 3297 2074 3352 craterem,
2133 3290 2184 3343 in
2240 3304 2349 3359 quo

771 3372 1145 3429 universitatis
1200 3377 1436 3431 animam
1485 3387 1840 3448 temperatam
1912 3382 2347 3451 permiscuerat,

769 3467 1069 3535 superioris
1098 3472 1510 3538 temperationis
1552 3472 1810 3542 reliquias
1846 3475 2121 3531 miscendo
2153 3474 2352 3528 infudit

2445 613 2763 684 ἁρμονικῶν
2804 615 2979 682 λόγων
3028 615 3221 685 αὐτῆς.
3255 615 3365 669 Καὶ
3407 614 3537 670 ἄλλο
3576 615 3638 668 τὸ
3667 611 3810 677 εἶδος
3835 618 4029 688 αὐτῆςο

2447 707 2542 758 καὶ
2570 708 2749 761 πάντα
2777 708 2951 762 ταῦτα
2976 709 3034 760 ὲν
3056 707 3311 779 ἀλλήλοις
3333 710 3504 762 ἐστίν.
3532 709 3606 761 Ἥ
3632 725 3689 761 τε
3717 709 3828 778 γὰρ
3854 709 4032 779 ὕπαρ-

2448 796 2531 863 ξις
2561 796 2673 865 ἔχει
2704 798 2825 866 μεθ’
2854 800 3050 869 ἑαυτῆς
3084 798 3145 853 τὸ
3173 800 3533 870 ἡρμοσμένον
3569 798 3798 863 πλῆθος,
3831 800 3891 852 οὐ
3924 800 4032 870 γάρ

2449 892 2597 943 ἐστιν
2644 890 3012 962 ἁπλήθυντος,
3066 894 3189 946 οὐδέ
3237 910 3299 961 γε
3335 893 3541 960 πλῆθος
3592 892 3755 961 μόνον
3808 892 4030 961 ἔχουσα,

2449 981 2754 1057 ἀναρμονον
2780 982 2858 1046 δὲ,
2893 983 2986 1035 καὶ
3023 983 3056 1051 ἡ
3090 983 3328 1055 ἁρμονία
3373 984 3429 1036 δὲ
3480 981 3756 1051 οὑσιώδης
3794 984 3911 1034 ἐστὶ
3941 983 4034 1034 καὶ

2450 1072 2613 1141 αὕτη,
2677 1074 2972 1145 συνεκτικὴ
3012 1074 3111 1129 καὶ
3171 1075 3437 1138 είδοποιὸς
3506 1075 3607 1143 τῆς
3676 1074 3885 1135 οὐσίας,
3940 1075 4035 1141 ἀφ’

2448 1159 2516 1235 ἧς
2544 1166 2637 1216 καὶ
2668 1165 2965 1231 δείκνυται,
3013 1166 3133 1230 πῶς
3183 1168 3281 1236 μέν
3309 1170 3459 1220 ἐστιν
3512 1167 3752 1237 ἁρμονία
3784 1169 3816 1233 ἡ
3860 1166 4031 1235 ψυχὴ,

2452 1260 2567 1319 πῶς
2603 1258 2658 1311 δὲ
2686 1259 2768 1313 οὔ.
2809 1260 2882 1331 (6)
2921 1264 3226 1329 Διαιρεῖται
3275 1262 3384 1332 γὰρ
3427 1263 3457 1330 ἠ
3492 1260 3641 1331 ψυχὴ
3683 1260 3901 1330 πρῶτον
3939 1260 4036 1327 μὲν

2452 1354 2530 1413 εἰς
2569 1353 2760 1404 οὐσίαν
2802 1354 2904 1405 ’καὶ
2940 1353 3171 1424 δύναμιν
3204 1355 3297 1407 καὶ
3332 1354 3647 1425 ὲνέργειαν’
3681 1354 3714 1423 ἡ
3746 1352 3802 1406 δὲ
3840 1353 4033 1415 οὐσία,

2453 1444 2526 1507 ὠς
2557 1445 2798 1514 εἴρηται,
2836 1447 2913 1507 είς
2948 1445 3208 1517 ὓπαρξιν,
3258 1448 3529 1515 ἁρμονίαν
3558 1446 3654 1498 καὶ
3689 1443 3829 1507 εἶδος
3854 1460 3867 1473 ·
3913 1445 3945 1514 ή
3981 1444 4037 1495 δὲ

2456 1535 2686 1606 ὓπαρξις
2741 1539 2822 1600 είς
2867 1537 3077 1598 οὐσίαν,
3115 1538 3347 1599 ταύτὸν,
3385 1538 3637 1608 θάτερον.
3694 1535 3844 1606 Αὕτη
3895 1536 3951 1587 δὲ
4002 1537 4034 1605 ἡ

2451 1634 2683 1686 δοκοῦσα
2729 1633 2998 1703 διαίρεσις
3044 1631 3145 1700 τῆς
3176 1630 3356 1701 ψυχῆς
3409 1631 3511 1683 οὐκ
3565 1630 3682 1682 ἔστι
3728 1629 4034 1697 διαίρεσις,

2454 1725 2590 1780 ἁλλὰ
2634 1726 2915 1789 ἀνάλυσις,
2951 1726 3025 1787 ὡς
3056 1724 3165 1777 ἀπὸ
3206 1723 3463 1776 συνθέτου
3504 1723 3603 1793 τῆς
3649 1722 3828 1792 ψυχῆς
3860 1723 3938 1782 είς
3968 1720 4037 1773 τὰ

2457 1818 2606 1871 ἁπλᾶ
2649 1817 2781 1886 γένη
2832 1814 2926 1870 τοῦ
2974 1818 3127 1879 ὄντος
3175 1816 3564 1887 προχωροῦσα.
3615 1814 3803 1868 Ταῦτα
3849 1812 3943 1867 οὖν
3972 1813 4041 1885 τὰ

2458 1911 2589 1980 γένη
2618 1910 2712 1963 τοῦ
2744 1911 2899 1972 ὄντος
2934 1912 3202 1979 πρότερον
3241 1909 3339 1978 μέν
3375 1910 3525 1960 ἐστιν
3559 1910 3618 1959 ὲν
3664 1908 3778 1969 τοῖς
3832 1906 4042 1973 νοητοῖς

2458 2002 2552 2053 καὶ
2582 2004 2860 2071 ἁκινητοῖς
2896 2001 3114 2065 εἴδεσιν,
3155 2000 3409 2069 δεύτερον
3436 1999 3493 2051 δὲ
3526 2000 3583 2052 ὲν
3611 1998 3842 2069 ψυχαῖς,
3875 1998 4042 2066 ἔσχα-

2457 2111 2547 2146 τον
2577 2093 2634 2146 δὲ
2666 2095 2724 2144 ἐν
2756 2092 3026 2159 σώμασιν.
3074 2093 3295 2145 Γένεσιν
3327 2090 3421 2144 οὖν
3462 2091 3643 2160 ψυχῆς
3673 2092 3702 2141 ὁ
3735 2089 3959 2141 Πλάτων
3986 2091 4043 2139 ἐν

2456 2186 2534 2257 τῷ
2560 2185 2778 2255 Τιμαίῳ
2812 2186 3004 2255 πρῶτα
3043 2184 3140 2252 μὲν
3170 2185 3267 2254 τῆς
3295 2183 3389 2236 τοῦ
3427 2182 3661 2251 οὐρανοῦ
3690 2182 3837 2248 λέγει
3864 2180 4045 2250 ψυχῆς

2458 2278 2601 2332 κατὰ
2652 2277 2712 2330 τὸ
2762 2277 2960 2331 ἑαυτοῦ
2994 2276 3193 2346 δόγμα,
3247 2277 3314 2347 ἢν
3358 2276 3455 2329 καὶ
3506 2274 3600 2327 τοῦ
3643 2274 3845 2335 παντὸς
3893 2273 4044 2340 λέγει

2457 2368 2656 2439 ψυχὴν,
2703 2369 2760 2420 ὲν
2812 2366 2891 2437 τῷ
2938 2365 3142 2436 πρώτῳ
3201 2366 3438 2435 μίγματι
3487 2365 3595 2418 τῶν
3633 2363 3807 2431 γενῶν
3853 2364 3911 2415 έν
3967 2362 4045 2430 τῷ

2460 2461 2720 2532 κρατῆριο
2749 2460 3002 2531 κρατῆρα
3030 2459 3211 2527 λέγων
3239 2458 3338 2528 τὴν
3375 2458 3645 2526 ζωογόνον
3678 2456 3772 2509 καὶ
3808 2456 4049 2510 ὑποστα-

2458 2555 2619 2623 τικὴν
2656 2552 2757 2622 τῆς
2800 2552 2983 2621 ψυχῆς
3014 2551 3046 2621 ἢ
3075 2551 3313 2622 ψυχικῆς
3363 2550 3509 2619 ζωῆς
3553 2548 3649 2601 τοῦ
3696 2547 4046 2619 Δημιουργοῦ

2459 2647 2711 2714 δύναμιν⁹
2744 2644 2998 2715 δεύτερον
3051 2644 3107 2697 δὲ
3168 2645 3262 2696 καὶ
3312 2647 3412 2714 τὴν
3467 2644 3819 2712 ἀνθρωπείαν
3867 2639 4048 2710 ψυχὴν

2460 2737 2715 2804 γενέσθαι
2747 2735 2917 2803 λέγει,
2944 2736 3000 2786 ἐν
3026 2734 3106 2803 τῷ
3132 2734 3311 2802 λέγειν
3340 2736 3397 2787 ἐν
3425 2735 3502 2805 τῷ
3532 2735 3773 2804 δευτέρῳ
3803 2733 4049 2802 κράματι

2461 2828 2525 2879 ἐκ
2554 2825 2662 2878 τῶν
2691 2825 2872 2877 αὐτῶν
2906 2824 3006 2893 μὲν
3047 2824 3223 2892 γενῶν
3263 2825 3358 2877 τοῦ
3391 2824 3567 2887 ὄντος,
3612 2824 3922 2893 ὑφειμένων
3967 2822 4045 2875 δέ.

2461 2916 2624 2984 Λέγει
2657 2914 2767 2986 γὰρ
2799 2913 2997 2979 οὕτως*
3032 2916 3128 2969 καὶ
3160 2916 3324 2969 πάλιν
3359 2916 3451 2967 ἐπὶ
3479 2916 3570 2967 τὸν
3610 2915 3874 2985 πρότερον
3900 2932 4039 2984 κρα-

2461 3009 2628 3080 τῆρα,
2663 3010 2719 3061 ὲν
2742 3000 2787 3076 ᾧ
2826 3009 2926 3078 τὴν
2954 3006 3049 3060 τοῦ
3082 3008 3284 3070 παντὸς
3316 3006 3494 3077 ψυχὴν
3526 3007 3721 3076 ἔμισγε
3756 3008 4046 3076 κεραννὺς,

2462 3104 2532 3156 τὰ
2553 3103 2661 3156 τῶν
2698 3100 2937 3172 πρόσθεν
2966 3101 3239 3154 ὑπόλοιπα
3274 3105 3562 3172 κατεχεῖτο
3604 3100 3815 3170 μίσγων
3846 3100 4049 3169 τρόπον

2467 3196 2566 3265 μέν
2610 3212 2733 3248 τινα
2776 3195 2869 3247 τὸν
2923 3194 3087 3249 αὐτὸν
3124 3194 3382 3264 ἀκήρατα
3434 3194 3490 3245 δὲ
3540 3195 3727 3247 οὐκέτι
3755 3194 3975 3264 (λέγων)
4009 3193 4048 3263 ’ξ-

2459 3287 2758 3358 (’ἁκήρατα
2814 3286 2871 3340 δὲ
2904 3286 3087 3339 οὐκέτι
3123 3287 3318 3353 λέγων,
3359 3286 3479 3340 ἀντὶ
3515 3286 3609 3339 τοῦ
3643 3287 3902 3357 ἄπροσπα
3956 3286 4050 3339 καὶ

2459 3380 2655 3450 ἀκλινῆ
2689 3380 2784 3433 καὶ
2833 3380 3177 3449 ἁμείλικτω)
3215 3379 3355 3432 ἀλλὰ
3403 3379 3541 3449 πρὸς
3586 3378 3688 3451 τὴν
3734 3394 4050 3447 γενεσιουρ-

2458 3473 2616 3542 γικὸν
2647 3469 2988 3525 ἀπονεύοντα
3020 3472 3206 3541 φύσιν.

769 3566 936 3636 (Deus
957 3567 1227 3639 summus)
1261 3568 1452 3623 eodem
1484 3569 1601 3627 fere
1645 3572 1805 3627 modo
1834 3581 2187 3643 temperatas,
2223 3572 2453 3627 necdum
2519 3581 2697 3626 tamen
2752 3573 2995 3627 sinceras
3026 3589 3044 3622 ι
3109 3571 3127 3642 (
3157 3588 3175 3622 ι
3210 3570 3435 3624 necdum
3498 3578 3676 3624 tamen
3743 3569 3987 3624 sinceras
4025 3584 4045 3617 ι

772 3682 865 3721 eas
898 3666 1199 3737 appellans,
1225 3682 1330 3722 non
1375 3668 1638 3725 informes
1673 3669 1990 3743 [difﬁciles],
2028 3671 2355 3737 immobiles,
2402 3669 2824 3743 implacabiles),
2889 3670 2984 3725 sed
3032 3668 3097 3724 ad
3150 3669 3468 3740 genitricem
3541 3679 3824 3739 vergentes
3895 3676 4052 3720 natu-

774 3774 915 3814 ram.

845 3856 900 3911 5.
931 3854 1082 3911 Talis
1122 3858 1236 3913 fere
1279 3859 1531 3916 universe
1556 3870 1611 3916 et
1642 3863 2021 3932 probabiliter,
2070 3873 2130 3918 ut
2173 3865 2362 3933 paucis

776 3964 892 4004 rem
928 3952 1238 4021 expediam,
1287 3953 1531 4011 Platonis
1585 3955 1844 4010 definitur
1884 3958 1953 4013 de
1994 3958 2192 4012 animae
2230 3973 2360 4027 pro-

771 4042 1054 4097 creatione
1104 4043 1376 4098 doctrina.
1425 4043 1525 4110 Qui
1571 4062 1693 4101 cum
1752 4047 1911 4101 talem
1971 4050 2168 4103 anima:
2232 4064 2360 4118 per-

780 4134 1093 4187 mistionem
1117 4146 1470 4205 temperatam
1490 4152 1610 4193 esse
1633 4139 1763 4193 dicit
1788 4154 1817 4192 a
1840 4149 2019 4195 mente
2040 4141 2127 4195 illa
2154 4141 2358 4209 divina,

773 4238 895 4292 qua:
932 4226 1177 4281 Alterius
1222 4236 1498 4293 naturam,
1528 4244 1559 4283 a
1591 4230 1870 4297 mistione,
1903 4241 1962 4286 ut
1997 4233 2094 4299 ait,
2126 4233 2360 4288 alienam

778 4315 1069 4385 (siquidem
1101 4327 1291 4371 natura
1326 4319 1446 4388 ejus
1475 4320 1542 4373 ad
1573 4320 1991 4377 discernendum
2029 4332 2085 4378 et
2116 4323 2364 4379 dividen-

775 4407 903 4461 dum
938 4409 1195 4477 proclivis
1224 4418 1307 4465 est
1338 4412 1406 4466 ab
1435 4427 1606 4480 eaque
1646 4428 1934 4481 processus
1958 4415 2039 4488 [et
2072 4419 2230 4487 quasi
2265 4435 2362 4488 per

777 4503 979 4571 gradus
1028 4505 1296 4572 quosdam
1347 4508 1723 4582 ascensiones]
1766 4526 1830 4566 ac
1881 4512 2361 4581 multiplicationes

778 4594 1242 4667 proficiscuntur),
1270 4600 1523 4669 adjuncta
1549 4606 1810 4668 essentia,
1844 4619 1964 4659 cum
1989 4606 2188 4661 Eodem
2211 4623 2361 4663 com-

781 4687 1047 4742 miscebat
1089 4696 1144 4743 et
1192 4705 1256 4744 ex
1307 4692 1481 4745 tribus
1528 4691 1733 4748 fecerat
1774 4711 1961 4762 unum,
2010 4705 2123 4751 tum
2165 4714 2359 4755 rursus

780 4775 960 4849 [quasi
990 4779 1045 4833 in
1080 4779 1327 4853 scenam]
1366 4782 1573 4838 inducit
1610 4785 1712 4840 hoc
1745 4795 1937 4841 totum.
1971 4787 2167 4844 Totum
2204 4792 2357 4861 illud,

785 4870 929 4937 quod
968 4871 1275 4925 mistionem
1303 4873 1552 4942 vocabat,
1595 4875 1648 4929 in
1698 4892 1783 4940 ea,
1835 4894 1956 4947 quin
1993 4881 2195 4946 decuit,
2230 4897 2363 4952 quo-

781 4977 900 5016 rum
952 4963 1204 5032 quodque
1251 4974 1305 5020 et
1354 4980 1418 5020 ex
1476 4967 1669 5023 eodem
1718 4981 1771 5024 et
1817 4973 1986 5027 altero
2032 4982 2085 5026 et
2124 4976 2361 5030 essentia

784 5065 1143 5126 temperatum
1196 5067 1337 5123 erat,
1387 5064 1629 5116 membra
1686 5064 1891 5119 divisit.
1930 5084 1949 5117 (
2000 5058 2127 5121 Fuit
2180 5077 2361 5123 autem

788 5148 915 5203 talis
957 5148 1042 5202 illa
1085 5151 1327 5219 partitio.
1365 5150 1538 5207 Unam
1573 5155 1843 5224 principio
1886 5166 2092 5225 partem
2126 5159 2363 5213 detraxit

785 5254 849 5294 ex
891 5248 1047 5295 toto:
1091 5244 1384 5298 secundam
1435 5254 1611 5300 autem
1658 5247 1847 5316 prima:
1888 5248 2057 5315 partis
2095 5248 2359 5318 duplam:

788 5328 983 5383 deinde
1028 5330 1266 5397 tertiam,
1321 5347 1443 5402 quae
1494 5342 1637 5387 esset
1686 5334 1941 5388 secundae
1987 5335 2364 5405 sesquialtera,

786 5423 977 5490 prima:
1032 5423 1189 5493 tripla
1219 5442 1232 5477 :
1267 5425 1463 5480 deinde
1497 5433 1772 5495 quartam,
1809 5442 1935 5496 quae
1976 5428 2235 5482 secundae
2268 5428 2368 5482 du-

2529 3867 2590 3916 ε’.
2625 3858 2870 3913 Καθόλου
2904 3858 3000 3927 μὲν
3019 3850 3111 3909 οὖν
3142 3855 3237 3908 καὶ
3260 3853 3583 3923 ὲμφατικῶς
3606 3856 3681 3916 ὡς
3712 3855 3768 3907 ἐν
3791 3855 4052 3926 βραχέσιν

2458 3956 2659 4017 εἰπεῖν,
2712 3953 2745 4022 ή
2800 3950 3025 4019 τοιαύτη
3084 3947 3179 4001 τοῦ
3216 3946 3503 4010 Πλάτωνός
3556 3949 3674 4008 ἐστι
3731 3946 4047 4016 ψυχογονία.

2460 4046 2714 4101 Τοιοῦτον
2760 4040 2853 4097 οὖν
2908 4044 2969 4096 τὸ
3022 4043 3214 4112 κρᾶμα
3270 4041 3369 4110 τῆς
3403 4040 3584 4110 ψυχῆς
3632 4040 3803 4092 εἰπὼν
3855 4058 4054 4107 συγκεο

2464 4139 2733 4211 ρασθῆναι
2773 4136 2925 4208 παρὰ
2967 4136 3064 4188 τοῦ
3111 4134 3451 4203 δημιουργοῦ
3487 4133 3602 4195 νοῦ,
3632 4136 3924 4202 μιγνύντος
3950 4133 4052 4202 τὴν

2462 4230 2558 4287 τοῦ
2614 4230 2847 4300 θατέρου
2903 4227 3088 4296 φύσιν,
3138 4225 3472 4295 δύσμικτον,
3521 4224 3597 4287 ὦς
3648 4242 3835 4295 φησιν,
3886 4224 4052 4277 οὖσαν

2464 4320 2823 4393 (οδιακριτικὴ
2858 4319 2967 4390 γὰρ
3022 4318 3116 4371 καὶ
3162 4316 3473 4387 διαιρετικὴ
3523 4316 3619 4369 καὶ
3674 4317 3915 4385 προόδων
3956 4317 4053 4368 καὶ

2464 4411 3007 4480 πολλαπλασιασμῶν
3055 4412 3205 4463 ἐστιν
3257 4409 3406 4462 αἰτία
3451 4410 3483 4477 ἠ
3534 4408 3696 4476 φύσις
3727 4408 3938 4477 αὐτοῦ’)
3973 4409 4050 4478 τῷ

2462 4503 2648 4574 ταὺτῷ
2684 4503 2822 4573 μετὰ
2852 4503 2952 4571 τῆς
2992 4501 3183 4564 οὐσίας
3216 4501 3312 4553 καὶ
3348 4501 3411 4552 ὲκ
3452 4499 3622 4567 τριῶν
3654 4499 3712 4550 ἒν
3742 4499 4051 4570 ποιησαμέ-

2464 4616 2579 4662 νου,
2608 4597 2808 4665 ὲπὰγει
2846 4594 3010 4648 πάλιν
3043 4595 3161 4648 ὅλον
3186 4592 3364 4646 τοῦτο’
3386 4592 3509 4645 ὅλον
3542 4592 3601 4645 τὸ
3634 4593 3816 4663 μίγμα
3847 4593 4050 4659 λέγων·

2469 4692 2666 4763 μοίρας
2700 4691 2832 4753 ὅσας
2879 4689 3127 4760 προσῆκε
3158 4686 3453 4756 διένειμεν,
3494 4687 3733 4757 ἑκάστην
3782 4686 3837 4740 δὲ
3881 4687 3943 4739 ἐκ
3993 4704 4053 4743 τε

2459 4783 2660 4837 ταὺτοῦ
2715 4783 2809 4835 καὶ
2862 4781 3092 4851 θατέρου
3148 4780 3244 4832 καὶ
3295 4779 3394 4847 τῆς
3438 4777 3628 4840 οὐσίας
3677 4779 4048 4847 μεμιγμένην.

2466 4878 2708 4947 ’Ἥρχετο
2752 4875 2808 4927 δὲ
2848 4874 3077 4944 διαιρεῖν
3125 4866 3249 4926 ὧδε·
3314 4872 3445 4941 μίαν
3501 4870 3690 4938 ἀφεῖλε
3735 4871 3796 4923 τὸ
3832 4872 4051 4941 πρῶτον

2463 4970 2572 5023 ἀπὸ
2603 4969 2806 5030 παντὸς
2843 4970 3056 5037 μοῖραν,
3087 4964 3227 5035 μετὰ
3254 4963 3311 5016 δὲ
3334 4963 3507 5016 ταῦτα
3533 4965 3735 5034 ἀφῄρει
3761 4964 4053 5017 διπλασίαν

2462 5060 2689 5131 ταύτης,
2717 5060 2816 5128 τὴν
2848 5059 2901 5111 δὲ
2921 5056 2989 5113 αὖ
3013 5057 3205 5127 τρίτην
3231 5056 3489 5126 ἡμιολίαν
3515 5055 3612 5119 μὲν
3643 5056 3741 5123 τῆς
3765 5054 4049 5124 δευτέρας,

2467 5152 2799 5222 τριπλασίαν
2820 5152 2874 5204 δὲ
2900 5150 3001 5220 τῆς
3024 5150 3271 5222 πρώτης,
3291 5147 3558 5218 τετάρτην
3582 5148 3639 5201 δὲ
3667 5148 3768 5217 τῆς
3790 5148 4051 5219 δευτέρας

2467 5243 2726 5314 τριπλῆν,
2757 5244 3018 5314 πέμπτην
3072 5241 3129 5294 δὲ
3160 5239 3396 5310 τριπλῆν
3425 5241 3523 5308 τῆς
3580 5240 3797 5309 τρίτης,
3856 5240 3954 5311 τὴν
3995 5242 4054 5294 δὲ

2467 5336 2635 5407 ἕκτην
2666 5338 2763 5406 τῆς
2797 5335 3020 5407 πρώτης
3053 5331 3449 5396 ὀκταπλασίαν,
3485 5330 3725 5403 ἑϐδόμην
3766 5332 3823 5386 δὲ
3872 5332 4050 5385 ἐπτα-

2470 5428 2993 5483 καιεικοσιπλασίαν
3016 5427 3119 5494 τῆς
3152 5425 3405 5496 πρώτης.

789 5518 875 5587 pla
901 5527 1085 5576 esset:
1110 5517 1378 5587 quintam,
1402 5534 1520 5588 quat
1553 5521 1724 5575 tertiae
1756 5520 1917 5589 tripla
1952 5538 1966 5575 :
2001 5530 2114 5575 tum
2156 5530 2366 5575 sextam
2400 5521 2672 5586 octuplam
2701 5520 2907 5592 primm,
2948 5527 3223 5588 postremo
3254 5517 3562 5586 septimam,
3594 5531 3713 5586 qua:
3757 5528 3964 5589 septem
3997 5527 4056 5573 et

793 5613 982 5682 viginti
1032 5612 1274 5683 partibus
1303 5615 1879 5683 antecederetprimaa.
1922 5633 1940 5666 ι

804 5875 815 5884 ο
878 5804 955 5877 (6)
996 5807 1310 5884 Διαιρεῖται
1372 5806 1550 5884 γᾴρ..)
1596 5805 2014 5884 προχωροῦσςι.
2076 5805 2371 5884 pitjsiones

803 5877 943 5933 istas
975 5878 1057 5937 vel
1086 5880 1265 5950 potius
1291 5879 1664 5950 explicationes
1707 5881 1900 5936 animae
1928 5880 1970 5935 si
2000 5879 2120 5949 quis
2154 5877 2363 5933 Platoni

2487 5814 2741 5871 tauquam
2771 5804 2944 5858 invito
2975 5803 3205 5859 tributas
3228 5816 3348 5857 esse
3372 5811 3579 5864 censet,
3609 5802 3658 5857 id
3691 5818 3790 5856 suo
3820 5803 4053 5871 quodam

2473 5876 2595 5947 jure
2620 5876 2801 5933 facere
2824 5877 3056 5935 videtur.
3084 5874 3335 5931 Profecto
3367 5876 3422 5930 in
3459 5876 3523 5930 iis
3561 5891 3663 5929 ιωιι
3692 5873 4058 5929 Platonis-tntis
