4430 6448
412 442 550 507 1085

1418 450 1492 508 IN
1528 449 1966 510 PSYCIIOGON
1980 452 2115 512 IAM
2162 453 2556 514 PLATONIS.

3534 451 3678 515 1086

482 559 555 624 ς’.
584 556 731 628 Αὕτη
766 557 898 625 γοῦν
929 559 962 630 ή
987 559 1067 622 είς
1096 559 1166 611 τὰ
1202 560 1372 630 μείζω
1393 561 1657 629 διαίρεσις
1678 561 1992 631 τῆςψυχῆς.
2024 570 2070 625 Α
2171 563 2225 619 6.

1930 580 1992 630 λς.
2024 570 2070 625 Α
2171 563 2225 619 6.
2253 566 2430 634 Atque
2462 567 2573 620 haec
2604 565 2821 635 quidem
2852 565 3048 621 anima:
3079 575 3162 621 est
3191 565 3244 620 in
3286 564 3519 635 amplius
3550 581 3679 636 par-

405 654 673 723 Διῄρηται
707 653 816 722 γὰρ
849 649 993 705 οὕτω
1023 650 1150 706 κατ’
1175 653 1412 722 ἀριθμὸν
1447 652 1682 722 οὑσιώδη
1720 655 1800 715 είς
1829 655 1992 724 ὄρους

408 748 571 800 ἑπτά·
614 744 686 800 α’.
733 744 797 813 β’.
830 753 900 813 γ’.
953 745 1017 801 δ’.
1057 745 1122 799 θ’.
1167 752 1237 815 η’.
1264 746 1370 811 κζ’,
1419 745 1614 814 λόγους
1648 747 1702 799 δὲ
1732 746 1994 810 ὡσαύτως

404 838 516 893 τῶν
557 838 928 907 ἐπικειμένων
972 839 1115 907 ὅρων
1141 854 1154 868 ·
1189 838 1285 890 ἕνα
1335 839 1434 907 μὲν
1470 838 1559 890 τὸν
1604 838 1702 905 τῆς
1737 838 1998 908 δευτέρας

406 932 544 1001 πρὸς
575 930 673 1002 τὴν
710 930 958 999 πρώτην,
987 930 1082 982 δύο
1105 929 1161 981 δὲ
1193 930 1294 997 τῆς
1325 931 1516 997 τρίτης
1552 929 1689 998 πρὸς
1728 927 1827 997 τὴν
1870 928 1993 980 δευ-

406 1027 574 1095 τέραν
610 1025 706 1076 καὶ
745 1024 841 1091 τὴν
876 1021 1123 1093 πρώτην,
1179 1022 1277 1075 ἕνα
1320 1023 1376 1075 δὲ
1428 1026 1525 1090 τῆς
1561 1022 1831 1091 τετάρτης
1861 1022 1998 1090 πρὸς

405 1118 505 1189 τὴν
528 1116 808 1186 δευτέραν,
838 1116 933 1168 καὶ
956 1115 1052 1168 ἕνα
1084 1116 1185 1184 τῆς
1214 1115 1476 1184 πέμπτης
1495 1115 1632 1184 πρὸς
1655 1117 1753 1182 τὴν
1782 1115 1995 1183 τρίτην,

406 1214 503 1265 καὶ
537 1209 629 1262 δύο
656 1212 753 1277 τῆς
785 1209 950 1278 ἕκτης
994 1209 1090 1261 καὶ
1122 1209 1222 1279 τῆς
1253 1209 1491 1277 ἑϐδόμης
1524 1208 1659 1276 πρὸς
1695 1209 1794 1276 τὴν
1843 1204 1996 1276 πρώ-

406 1321 528 1358 ττπν·
567 1306 643 1368 ὡς
686 1300 828 1358 εἶναι
876 1306 976 1376 τὴν
1015 1304 1195 1375 ψυχὴν
1230 1304 1531 1372 ὲπταδικὴν
1563 1304 1639 1374 (7)
1671 1303 1813 1357 κατά
1842 1320 1901 1354 τε
1932 1303 2000 1354 τὰ

2101 660 2245 713 titio.
2274 659 2386 713 Hoc
2427 659 2587 714 modo
2626 659 2770 713 enim
2807 675 2904 729 per
2949 673 3232 713 numerum
3262 659 3677 713 substantialetn

2106 752 2159 804 in
2209 753 2306 805 hos
2355 763 2560 819 septem
2604 752 2866 806 terminos
2908 752 3075 806 divisa
3127 762 3209 805 εει
3244 769 3256 806 :
3295 752 3335 814 I,
3363 751 3426 813 ll,
3463 750 3550 810 Ill.
3584 749 3675 816 IV,

2108 843 2197 908 IX,
2231 842 2368 905 VIII,
2407 842 2621 904 XXVII,
2653 843 3010 911 similiterque
3043 844 3095 896 in
3122 858 3334 905 eorum,
3360 845 3449 911 qui
3482 860 3678 910 propo-

2097 937 2184 990 siti
2217 944 2367 1000 sunt,
2421 936 2776 989 tet-minorum
2824 938 3062 989 rationes
3109 936 3297 1003 (has):
3338 952 3520 996 ultam,
3558 951 3676 1000 ηιιτρ

2098 1029 2348 1080 secundae
2397 1026 2566 1093 partis
2621 1028 2761 1078 ratio
2817 1034 2900 1077 est
2951 1025 3013 1076 ad
3068 1027 3503 1089 pritnatn,dnas,
3555 1042 3676 1092 qua?

2098 1117 2271 1170 tertiae
2321 1116 2536 1186 (μιῐιίες)
2590 1126 2712 1170 sunt
2761 1117 2825 1169 ad
2871 1117 3169 1169 secundam
3210 1127 3261 1169 et
3296 1117 3360 1168 .ttl
3417 1119 3496 1181 pri
3563 1137 3607 1165 :i-
3658 1159 3670 1175 ,

2103 1225 2285 1271 unam,
2320 1225 2442 1278 qua:
2472 1220 2679 1278 quartae
2717 1211 2779 1262 ad
2815 1209 3130 1273 secundam,
3177 1225 3336 1262 unam
3373 1210 3572 1276 quium
3608 1231 3669 1256 εισι

2106 1306 2339 1369 tertiam,
2370 1304 2637 1374 duasque,
2672 1319 2789 1373 qua:
2817 1313 2981 1359 sexta:
3014 1313 3068 1358 et
3101 1304 3343 1373 septimae
3389 1301 3672 1373 (partium)

1479 1494 1526 1547 α’
1668 1492 1710 1562 β’
1837 1501 1885 1560 γ’
2007 1492 2049 1546 δ’
2199 1493 2242 1545 Θ¹
2351 1501 2403 1566 η’
2514 1491 2598 1562 κς

1672 1777 1713 1823 γ’
2036 1764 2068 1814 ε’

2152 1957 2190 2008 ς,

404 2200 543 2271 μέρη
579 2201 673 2252 καὶ
701 2199 826 2263 τοὺς
870 2199 976 2252 τῶν
1025 2200 1208 2270 μερῶν
1245 2200 1382 2272 πρὸς
1410 2201 1614 2272 ἄλληλα
1643 2201 1858 2270 λόγους,
1888 2199 1982 2254 καὶ
2012 2208 2055 2263 Β
2088 2199 2153 2254 ad

1920 2199 1982 2254 ,αὶ
2012 2208 2055 2263 Β
2088 2199 2154 2254 ad
2188 2201 2422 2270 primam
2458 2198 2742 2270 (rationes)
2775 2208 2922 2254 sunt.
2957 2195 3150 2251 Anima
3183 2195 3371 2264 igitur,
3402 2196 3447 2249 si
3483 2202 3669 2262 partes

401 2291 745 2361 συμϐαίνειν,
798 2291 1004 2359 ταύτην
1045 2293 1337 2364 ὲπταμερῆ
1392 2296 1488 2348 καὶ
1538 2294 1840 2361 ἑπτάλογον
1889 2294 1980 2345 καὶ

398 2383 742 2435 ἑπτάκυκλον
779 2377 942 2435 εἶναι.
1004 2383 1244 2447 Κύκλοις
1277 2387 1385 2455 γὰρ
1435 2387 1678 2439 ἐοίκασιν
1736 2387 1782 2437 οξ
1828 2386 1982 2449 τρεῖς

399 2475 778 2542 ἔπετρεπτικοὶ
815 2474 891 2536 ὡς
939 2476 1208 2544 τριαδικοὶ
1244 2479 1270 2530 6
1304 2476 1374 2544 γ’,
1421 2479 1447 2529 6
1483 2475 1548 2541 ϐ’,
1604 2480 1631 2531 6
1669 2476 1770 2541 κζ’,
1812 2478 1905 2530 καὶ
1933 2477 1983 2529 οἱ

396 2571 490 2624 δύο
522 2571 699 2633 ίσάκις
735 2572 838 2624 ἴσοι
869 2573 896 2623 6
929 2571 969 2623 δ’
1002 2571 1096 2623 καὶ
1141 2574 1167 2624 6
1205 2572 1270 2636 θ’,
1308 2573 1404 2624 καὶ
1435 2574 1483 2625 οί
1530 2573 1623 2626 δύο
1662 2573 1840 2633 ἰσάκις
1878 2575 1982 2624 ἴσοι

398 2663 580 2725 ίσάκις
611 2665 638 2715 6
669 2660 719 2730 η’
754 2663 850 2714 καὶ
880 2663 960 2726 κζ’
988 2679 1002 2694 ο
1035 2662 1206 2728 οὕτως
1241 2659 1335 2718 οὖν
1382 2666 1474 2717 καὶ
1526 2665 1873 2726 ὲτττάκυκλος
1899 2681 1911 2694 ⁸
1946 2665 1978 2733 ἡ

395 2753 506 2824 γὰρ
531 2755 699 2824 μονάς
732 2755 884 2805 ἐστιν
912 2754 938 2804 6
966 2753 1301 2822 δημιουργὸς
1325 2755 1471 2821 νοῦς,
1500 2757 1532 2825 ἡ
1572 2757 1628 2808 δὲ
1659 2756 1806 2826 ψυχὴ
1844 2755 1979 2824 πρό-

393 2863 554 2916 τερον
583 2846 690 2898 ἀπὸ
720 2845 812 2898 τοῦ
843 2846 935 2900 νοῦ
987 2847 1279 2918 προϊοῦσα,
1337 2848 1632 2917 ἑϐδομάδος
1667 2849 1778 2918 ἔχει
1825 2849 1981 2916 λόγον

396 2939 534 3009 πρὸς
561 2939 727 2992 αὐτόν
751 2955 766 2971 ’
815 2939 1061 3010 πατρική
1092 2939 1199 3009 γὰρ
1239 2941 1332 2993 καὶ
1361 2941 1595 3010 ἀμήτωρ
1641 2943 1672 3011 ἡ
1723 2941 1977 3010 ἑϐδομὰς.

406 3030 571 3086 Ἀλλά
599 3032 706 3102 γάρ
738 3032 980 3098 λεκτέον,
1016 3034 1063 3084 εί
1099 3035 1194 3086 καὶ
1233 3032 1809 3103 παρεκϐατικώτερον,
1853 3035 1975 3086 τίνα

394 3125 492 3194 τὴν
520 3125 816 3195 ὲκφάνειαν
838 3127 863 3178 6
889 3125 1159 3195 μερισμὸς
1181 3127 1279 3194 τῆς
1303 3127 1480 3194 ψυχῆς
1513 3128 1590 3188 εἰς
1624 3126 1714 3178 τὸν
1741 3127 1972 3196 οὐσιώδη

391 3219 628 3289 ἀριθμὸν
682 3219 925 3288 γεγονὼς
960 3219 1136 3289 φέρει,
1191 3222 1284 3272 καὶ
1331 3221 1481 3282 ὅπως
1525 3221 1581 3272 αἱ
1617 3219 1756 3272 ἑπτὰ
1788 3221 1973 3289 μοῖραι

392 3315 585 3368 τούτου
617 3317 714 3384 τὴν
742 3315 1044 3368 ὑπόστασιν
1068 3315 1280 3383 ἔλαχον.

2079 2298 2197 2367 ejus
2250 2298 2592 2367 partiumque
2638 2297 2782 2350 inter
2823 2311 2884 2351 se
2922 2293 3327 2364 proportionem
3381 2305 3662 2359 compara-

2080 2390 2392 2456 tionemque
2439 2397 2778 2458 spectamus,
2825 2385 3134 2456 septenaria
3163 2392 3265 2448 est,
3312 2382 3666 2452 sequiturque

2082 2491 2140 2536 ut
2177 2481 2511 2550 septifariam
2555 2490 2612 2536 et
2655 2480 2828 2534 divisa
2876 2488 2932 2534 et
2973 2478 3245 2546 descripta
3276 2475 3581 2530 rationibus
3611 2483 3666 2528 et

2080 2574 2380 2629 orbiculata
2422 2575 2512 2629 sit.
2546 2575 2784 2629 Orbibus
2824 2572 2969 2627 enim
3009 2573 3148 2641 (sive
3180 2570 3425 2637 circulis)
3455 2567 3664 2622 similes

2081 2675 2208 2720 sunt
2236 2677 2347 2720 tres
2376 2666 2449 2720 illi
2480 2666 2645 2720 veluti
2673 2665 2946 2734 principes
2973 2663 3061 2732 (ad
3095 2673 3243 2716 retro
3274 2659 3661 2714 reﬂecteudum

2083 2758 2232 2827 lar-ti)
2269 2759 2482 2812 numeri
2532 2757 2773 2826 triplices
2818 2755 2908 2818 III,
2944 2753 3038 2820 IX,
3076 2751 3295 2816 XXVII,
3336 2753 3555 2820 duoque
3586 2748 3662 2803 illi

2079 2850 2364 2919 aequaliter
2405 2851 2644 2917 aequales
2685 2847 2752 2902 IV
2795 2857 2849 2902 et
2899 2846 2992 2909 IX,
3029 2861 3092 2900 ac
3123 2847 3231 2899 duo
3266 2846 3341 2899 illi
3379 2842 3666 2913 aequaliter

2079 2943 2315 3011 aequales
2356 2943 2640 3011 aequaliter
2693 2938 2809 2994 VIII
2854 2950 2909 2994 et
2951 2938 3166 2992 XXVII.
3222 2938 3402 3002 Quare
3453 2945 3660 3004 septem

2082 3050 2298 3104 quoque
2344 3035 2562 3088 circulis
2596 3034 2852 3089 conclusa
2895 3041 2999 3088 est.
3033 3031 3226 3085 Uuitas
3264 3031 3408 3082 enim
3450 3037 3534 3081 est
3571 3027 3662 3080 illa

2087 3143 2265 3180 rerum
2303 3127 2544 3181 ellectrix
2583 3128 2739 3180 ratio.
2773 3128 2965 3181 Anima
2993 3135 3194 3188 autem,
3226 3132 3352 3176 ante
3383 3135 3413 3174 a
3453 3121 3664 3173 ratione

2086 3219 2353 3290 profecta,
2396 3221 2757 3289 septenariam
2816 3219 3081 3273 rationem
3132 3231 3255 3270 cum
3307 3215 3397 3268 illa
3447 3212 3658 3266 habet:

2085 3313 2423 3381 septenarius
2450 3313 2592 3366 enim
2628 3326 2887 3366 numerus
2919 3321 2973 3365 et
3000 3307 3324 3380 procreandi
3353 3315 3543 3376 potens
3574 3310 3662 3358 est

396 3427 572 3480 neque
627 3423 802 3464 matre
841 3411 1034 3465 utitur.
1077 3410 1274 3464 Verum
1319 3412 1463 3464 enim
1514 3427 1666 3478 vero,
1719 3409 1969 3480 quamvis
2009 3409 2250 3464 breviter
2294 3419 2350 3464 et
2407 3410 2563 3478 quasi
2639 3408 3018 3478 praetereundo
3091 3422 3204 3461 rem
3273 3402 3659 3470 transigentes,

393 3509 762 3562 enarrandum
815 3509 1175 3574 suscepimus,
1218 3523 1379 3574 quam
1450 3511 1688 3577 speciem
1754 3509 1819 3560 ad
1882 3509 2147 3561 rationem
2204 3507 2576 3562 substantialis
2625 3507 2837 3562 numeri
2892 3507 3088 3559 factam
3179 3501 3398 3573 partitio
3466 3496 3662 3552 anima:

395 3615 504 3669 prae
541 3616 599 3656 se
635 3600 794 3661 ferat,
837 3608 893 3653 et
926 3599 1197 3667 quomodo
1229 3613 1431 3667 septem
1466 3601 1582 3669 ejus
1615 3612 1798 3668 partes
1833 3599 2118 3653 veritatem
2140 3601 2494 3656 obtinuerint.

465 3699 531 3760 ζ’.
577 3697 642 3749 Ἦ
691 3696 788 3766 μὲν
839 3696 901 3765 δὴ
944 3697 1135 3766 πρώτη
1176 3698 1340 3766 μοῖρα
1386 3696 1444 3748 τὸ
1475 3696 1807 3766 νοερώτατόν
1859 3699 1974 3749 ὲστι
2005 3702 2046 3760 C

394 3787 488 3841 καὶ
523 3789 824 3856 ἀκρότατον
854 3788 951 3855 τῆς
1002 3786 1202 3856 ψυχῆς,
1239 3787 1390 3856 αὑτῷ
1425 3787 1504 3856 τῷ
1550 3789 1862 3858 ὑπερουσίῳ
1895 3790 1974 3841 ἑνὶ

393 3880 744 3935 συνάπτουσα
793 3879 888 3931 καὶ
922 3881 985 3948 τῇ
1046 3880 1280 3949 ὑπάρξει
1333 3879 1432 3946 τῆς
1467 3882 1596 3948 ὅλης
1629 3882 1816 3942 οὐσίας
1843 3899 1853 3910 ο
1894 3881 1975 3933 διὸ

393 3973 487 4026 καὶ
521 3972 618 4038 μία
659 3971 1131 4041 προσαγορεύεται
1160 3971 1234 4033 ὠς
1273 3972 1531 4041 ὲνοειδής·
1569 3972 1664 4024 καὶ
1691 3975 1719 4024 6
1742 3972 1974 4040 ἀριθμὸς

392 4065 563 4132 αὐτῆς
593 4063 734 4116 κατὰ
769 4063 828 4115 τὸ
861 4063 1061 4130 πλῆθος
1101 4061 1289 4115 ἐνώτει
1323 4065 1648 4132 κατέχεται,
1688 4067 1782 4116 καὶ
1822 4065 1972 4115 ἔστιν

392 4156 656 4222 ἀνάλογον
684 4157 746 4222 τῇ
783 4155 932 4224 αἰτία
961 4157 1049 4205 καὶ
1071 4153 1148 4221 τῷ
1182 4155 1394 4226 κέντρῳ
1427 4157 1523 4223 τῆς
1552 4155 1751 4223 ψυχῆς·
1789 4162 1800 4171 ⁸
1831 4157 1972 4207 κατὰ

390 4247 596 4315 ταύτην
635 4246 742 4314 γὰρ
773 4245 870 4298 καὶ
903 4246 1293 4313 ἁνεκφοίτητός
1329 4249 1445 4298 ἐστι
1485 4246 1594 4297 τῶν
1623 4247 1781 4300 ὅλων.
1821 4247 1884 4299 'II
1917 4249 1972 4299 δὲ

389 4325 616 4408 δευτέρα
642 4338 1107 4400 πολλαπλασιάζει
1136 4339 1234 4408 τὴν
1276 4339 1382 4409 πρδ
1413 4340 1583 4407 αὐτῆς
1624 4344 1973 4410 γεννητικαῖς

392 4431 662 4501 προόδοις,
698 4429 763 4492 ἃς
813 4432 844 4498 ἠ
903 4431 1034 4493 δυάς
1090 4432 1460 4496 ἐνδείκνυται,
1499 4433 1593 4484 καὶ
1644 4433 1824 4494 πάσας
1874 4437 1972 4493 τὰς

389 4524 646 4594 προόδους
673 4523 920 4590 ἐκφαίνει
953 4526 1053 4593 τῆς
1081 4526 1290 4588 οὐσίας’
1340 4526 1420 4577 διὸ
1457 4527 1549 4578 καὶ
1589 4526 1846 4578 διπλασία
1879 4527 1970 4579 λέ·

388 4632 544 4683 γεται
570 4616 672 4684 τῆς
723 4615 972 4686 πρώτης,
1019 4616 1095 4678 ὡς
1141 4619 1172 4686 ἡ
1217 4621 1532 4687 μιμουμένη
1583 4619 1683 4687 τὴν
1718 4620 1970 4688 ἀόριστον

385 4708 554 4762 δυάδα
582 4707 677 4759 καὶ
707 4707 802 4776 τὴν
826 4708 1086 4779 ἀπειρίαν
1115 4708 1211 4778 τὴν
1238 4711 1456 4780 νοητήν.
1500 4712 1562 4762 'II
1592 4711 1646 4762 δὲ
1678 4711 1836 4780 τρίτη
1864 4714 1971 4762 πᾶ-

389 4819 486 4854 σαν
533 4801 705 4871 αὐτὴν
744 4802 1068 4871 ἐπιστρέφει
1125 4803 1290 4858 πάλιν
1347 4806 1426 4864 είς
1475 4805 1573 4874 τὴν
1632 4805 1829 4873 ἀρχὴν,
1872 4804 1969 4856 καὶ

384 4892 501 4944 ἐστι
539 4892 597 4944 τὸ
622 4891 806 4961 τρίτον
842 4893 1013 4962 αὐτῆς
1048 4894 1108 4947 τὸ
1141 4895 1586 4964 συνελισσόμενον
1628 4899 1706 4957 εἰς
1739 4896 1836 4958 τὰς
1866 4899 1968 4965 ἀρο-

385 4986 504 5055 χάςο
547 4984 574 5036 δ
600 4985 662 5055 δὴ
701 4987 977 5054 μετρεῖται
1034 4985 1135 5054 μὲν
1193 4987 1298 5039 ὑπὸ
1328 4987 1427 5054 τῆς
1462 4987 1686 5058 πρώτης
1746 4989 1962 5057 μοίραςν

382 5077 456 5132 ὡς
503 5077 750 5136 ὲνώσεως
784 5076 878 5128 ἀπ’
909 5077 1080 5146 αὐτῆς
1133 5078 1515 5146 πληρούμενον
1541 5095 1553 5107 ο
1595 5077 1966 5147 μερικώτερον

380 5170 436 5223 δὲ
494 5171 824 5220 συνάπτεται
878 5169 1018 5237 πρὸς
1065 5170 1164 5237 τὴν
1214 5169 1496 5239 δευτέραν·
1540 5171 1633 5220 καὶ
1683 5170 1771 5221 διὰ
1809 5167 1966 5220 τοῦτο

381 5261 598 5327 λέγεται
629 5259 928 5328 τριπλασία
961 5261 1060 5325 μὲν
1102 5260 1342 5330 ἐκείνης,
1373 5261 1599 5329 ἡμιολία
1639 5260 1695 5312 δὲ
1735 5260 1961 5328 ταύτης,

381 5352 439 5416 ἐξ
471 5353 727 5420 ἡμισείας
762 5351 861 5419 μὲν
889 5352 992 5403 ὑπὸ
1026 5352 1126 5420 τῆς
1165 5353 1423 5422 δευτέρας
1471 5354 1854 5421 συνεχόμενον.
1888 5355 1962 5415 ὡς

381 5444 448 5498 ἃν
473 5443 606 5512 μηδὲ
633 5443 730 5514 τὴν
784 5445 904 5515 ἴσην
939 5445 1172 5514 δύναμιν
1215 5444 1471 5514 ἐχούσης,
1518 5446 1717 5506 τελέως
1754 5445 1810 5498 δὲ
1857 5446 1961 5498 ὑπὸ

380 5536 480 5606 τῆς
511 5536 760 5606 πρώτης.
807 5537 870 5589 Ἦ
895 5537 938 5589 δ’
972 5536 1039 5589 αὖ
1069 5537 1307 5609 τετάρτη
1337 5539 1501 5608 μοῖρα
1527 5540 1621 5590 καὶ
1652 5537 1958 5608 ἠπέμπτη,

374 5767 639 5830 cernitur,
659 5767 750 5821 sed
769 5766 1258 5833 Neoplatouismus.
1289 5768 1471 5837 Neque
1494 5771 1636 5822 enim
1667 5770 1718 5823 iu
1746 5769 1828 5822 his
1858 5786 1934 5823 re-

379 5839 478 5908 bus
505 5838 840 5906 explicandis
885 5837 1092 5900 Psellus
1126 5840 1254 5907 quid
1307 5840 1420 5908 ipse
1470 5842 1684 5904 sentiat,
1731 5841 1932 5903 profert

377 5907 466 5962 ille
494 5910 730 5976 quidem,
763 5910 855 5964 sed
883 5919 1024 5964 totus
1059 5924 1086 5963 a
1113 5909 1300 5965 Proclo
1328 5907 1417 5965 illo
1441 5918 1566 5966 stat.
1589 5910 1818 5967 Lmnss.

2153 3699 2207 3752 7.
2233 3699 2409 3752 Prima
2431 3699 2613 3766 igitur,
2636 3699 2686 3752 in
2706 3714 2810 3768 qua
2837 3695 3031 3750 animae
3060 3691 3215 3761 quasi
3236 3705 3446 3746 summa
3481 3688 3661 3743 consi-

2079 3795 2194 3857 stit,
2235 3793 2468 3844 maxima
2502 3792 2834 3859 intelligendi
2866 3791 2915 3842 vi
2953 3789 3202 3859 praedita,
3235 3802 3356 3839 cum
3385 3785 3659 3838 eminente

2079 3886 2170 3938 illo
2231 3901 2390 3952 supra
2453 3895 2701 3938 naturam
2748 3883 2869 3937 Uno
2923 3883 3336 3949 substantiaque
3387 3879 3660 3932 universae

2077 3980 2324 4031 essentire
2364 3978 2651 4044 conjuncta
2681 3989 2786 4040 est,
2820 3989 2990 4046 quare
3020 3989 3123 4027 una
3159 3973 3346 4034 etiam,
3385 3979 3569 4038 utpote
3602 3970 3656 4023 in

2078 4071 2309 4136 sitnplit'i
2361 4071 2541 4136 Specie
2584 4070 2780 4137 posita,
2835 4067 3157 4136 appellatur.
3211 4065 3481 4118 Numerus
3513 4062 3656 4133 ejus,

2077 4160 2120 4212 si
2166 4162 2230 4211 ad
2284 4161 2677 4215 nntltitudiuem
2717 4171 3047 4230 spectamus,
3086 4161 3286 4214 unione
3319 4157 3656 4219 continetur,

2076 4263 2339 4320 aptusque
2364 4265 2417 4306 et
2445 4257 2884 4308 accommodatus
2939 4262 3022 4308 est
3047 4254 3111 4306 ad
3139 4268 3360 4306 causam
3391 4262 3445 4305 et
3477 4249 3658 4305 umbi-

2076 4344 2239 4396 licum
2278 4344 2492 4407 animm,
2531 4347 2580 4397 in
2613 4360 2716 4412 qua
2750 4345 2942 4398 ﬁrmus
2973 4353 3057 4398 est
3083 4357 3257 4412 neque
3289 4342 3395 4396 ulla
3433 4340 3654 4407 propiu-

2075 4435 2281 4500 qititate
2324 4450 2447 4486 cum
2499 4435 2587 4499 iis,
2633 4451 2752 4503 qua:
2806 4438 3060 4489 universa
3108 4443 3252 4500 sunt,
3309 4434 3655 4498 conjunctus.

2078 4523 2325 4576 Secunda
2362 4537 2540 4578 autem
2581 4540 2706 4593 pars
2741 4542 2885 4589 eam,
2916 4542 3038 4595 quae
3077 4525 3323 4593 proxime
3361 4522 3654 4586 antecedit,

2075 4616 2406 4683 genitalibus
2454 4616 2774 4684 multiplicat
2827 4618 3226 4687 progressibus,
3271 4631 3407 4686 quos
3435 4614 3656 4668 exhibet

2074 4707 2328 4770 dualitas,
2381 4718 2434 4760 et
2487 4723 2678 4762 omnes
2726 4709 2930 4777 profert
2978 4710 3231 4763 essentia).
3280 4721 3650 4777 progressus:

2073 4814 2234 4865 quam
2272 4800 2439 4864 ipsam
2470 4802 2536 4852 oh
2565 4816 2676 4853 rem
2705 4802 2892 4869 prima:
2923 4802 3092 4869 partis
3124 4801 3290 4869 dupla
3324 4799 3652 4868 appellatur,

2073 4897 2260 4955 utpote
2313 4891 2577 4943 inliuitatn
2623 4890 2942 4944 dttalitatetn
2971 4901 3024 4943 et
3058 4890 3417 4943 intinitionem
3449 4887 3657 4941 intelli-

2071 4980 2283 5048 gibilem
2324 4982 2554 5036 imitata.
2612 4983 2760 5036 Illam
2809 4999 2939 5038 vero
2993 4991 3159 5037 totam
3207 4983 3272 5036 ad
3320 4982 3649 5051 principium

2076 5079 2221 5120 retro
2268 5069 2497 5125 reﬂectit
2540 5073 2696 5126 tertia
2733 5088 2880 5141 pars,
2916 5073 3070 5142 cujus
3100 5075 3165 5126 ad
3198 5072 3465 5141 principia
3512 5086 3648 5124 con-

2062 5166 2277 5218 volulus
2308 5174 2387 5217 est
2418 5166 2607 5228 triens,
2639 5168 2728 5233 qui
2757 5167 2987 5230 scilicet,
3028 5174 3215 5233 utpote
3243 5166 3633 5219 adunatiouem

2063 5268 2256 5313 nactus
2291 5274 2317 5309 a
2352 5259 2523 5324 prima
2558 5268 2728 5325 parte,
2763 5258 2828 5310 ad
2866 5257 2985 5326 ejus
3013 5273 3326 5312 mensuram
3362 5256 3642 5323 exigitur:

2063 5352 2264 5420 reliqua
2307 5362 2485 5405 autem
2532 5351 2710 5416 portio
2747 5352 2812 5403 ad
2855 5350 3149 5404 secundam
3189 5349 3420 5402 accedit.
3455 5347 3643 5415 Tripla

2063 5445 2227 5514 igitur
2277 5444 2443 5506 illius,
2499 5443 2663 5511 hujus
2704 5444 3062 5511 sesquialtera
3115 5442 3442 5510 appellatur,
3491 5456 3519 5493 a
3553 5456 3641 5493 se-

2063 5535 2237 5588 cunda
2272 5533 2438 5599 enim,
2473 5550 2591 5603 qua:
2623 5534 2737 5604 pari
2768 5543 3033 5602 potestate
3061 5548 3165 5587 non
3191 5533 3282 5599 sit,
3314 5547 3380 5588 ex
3416 5530 3638 5585 dimidio

2116 5768 2192 5836 (7)
2223 5767 2613 5833 'Extaatxtjr.
2649 5765 2774 5821 Haec
2815 5782 2917 5821 vox
2955 5766 3008 5820 in
3041 5764 3185 5819 nullo
3208 5762 3633 5836 Grmcmilingnaa

2041 5833 2242 5908 Iex‘ico,
2273 5841 2412 5908 quod
2454 5841 2647 5903 sciam,
2685 5840 2978 5907 reperitur,
3006 5839 3099 5908 sed
3134 5837 3185 5889 in
3240 5833 3473 5908 Forcell.
3517 5833 3627 5890 lex.

2045 5921 2141 5968 tot.
2176 5903 2303 5966 Lat.
2327 5911 2428 5968 sub
2460 5925 2591 5968 voce
2618 5903 2944 5979 septenarius
2985 5906 3198 5978 legitur.
3236 5903 3463 5960 thuen.
