4430 6448
403 425 540 487 1039
1444 432 1519 488 LV
1564 428 2152 492 PSYCHOGONIAM

1921 428 2154 492 JNIAM
2189 433 2478 494 PLATON
2496 436 2585 494 [ὁ.
3530 444 3670 510 1090

399 541 493 591 καὶ
544 538 656 606 γάρ
691 554 752 591 το
789 540 1112 609 διάγραμμα
1172 540 1254 592 δεῖ
1304 542 1519 595 πάντων
1578 542 1783 595 τούτων
1842 537 1981 595 εἶναι
2011 546 2057 606 Α
2090 554 2141 593 lo

1926 545 2265 607 αιΛιοιιῑε,
2331 562 2660 616 Cognoscere
2727 549 2978 614 intersit,
3035 551 3101 604 de
3162 554 3374 608 numeri
3437 558 3672 628 augendi

399 629 799 700 περιληπτικὸν
857 631 952 683 καὶ
1007 632 1549 684 καταπεπυκνῶσθαι
1604 635 1818 696 τούτοις
1869 635 1986 697 τοῖς
2093 651 2147 688 ra

1919 635 1986 697 ιῖς
2093 638 2393 690 rationibus
2462 638 2656 707 iisque,
2725 656 2845 707 qua:
2908 643 3050 697 inter
3119 643 3239 699 illas
3301 647 3668 714 intercedunt,

400 721 599 788 λόγοις.
640 723 755 777 Ἵνα
781 719 877 778 οὖν
913 725 971 777 ἐν
1000 724 1152 789 τάξει
1184 725 1491 794 προΐωμεν.
1554 725 1808 796 λάϐωμεν
1839 726 1989 796 πρῶ·
2088 740 2149 778 ιη

1922 726 1989 777 ὦ·
2088 726 2498 792 medietatibus,
2534 729 2600 783 de
2627 732 2998 800 sesquitertiis
3031 744 3085 788 et
3116 738 3517 805 sesquialteris,
3551 756 3671 809 quae

397 832 489 867 τον
525 816 583 867 ἐν
632 820 745 880 τοῖς
776 818 885 871 άπὸ
923 818 1152 887 μονάδος
1185 819 1441 889 ἀριθμοῖς
1493 821 1623 881 τοὺς
1654 818 1986 890 λεγομένους
2085 819 2138 873 in

1923 837 1986 884 υς
2085 819 2138 873 in
2179 822 2563 877 medietatibus
2591 836 2910 893 cernuntur,
2934 829 3000 883 de
3022 832 3443 899 sesquioctavis.
3469 836 3669 904 quibus

400 906 651 973 πρώτους
686 909 791 961 ὑπὸ
811 909 905 962 τοῦ
938 910 1224 974 Πλάτωνος
1260 910 1477 978 λόγους.
2080 927 2145 967 ex

2080 913 2372 983 erplcntur
2428 915 2735 983 intervalla,
2799 918 2865 972 de
2917 920 3181 977 limmate.
3238 922 3487 994 Namque
3547 926 3663 979 dia-

398 1016 645 1069 gramma
681 1010 736 1055 et
763 1004 879 1056 hac
904 1001 1091 1056 omnia
1122 1003 1409 1073 complecti
1441 1002 1599 1058 debet
1622 1013 1678 1058 et
1710 1000 1974 1073 compleri
2033 1004 2406 1075 (condensari)
2476 1007 2560 1059 his
2621 1009 2946 1067 rationibus.
3008 1012 3189 1077 Quare
3281 1016 3538 1082 primum,
3612 1025 3669 1069 ut

399 1095 590 1149 ordine
613 1095 866 1164 procedat
896 1097 1090 1159 oratio,
1125 1097 1177 1149 in
1214 1096 1279 1151 iis
1310 1096 1577 1163 numeris,
1602 1097 1691 1166 qui
1733 1098 1800 1150 ab
1835 1096 2044 1151 unitate
2076 1109 2200 1151 sunt
2262 1100 2517 1167 proximi,
2569 1114 2685 1163 eas,
2730 1117 2850 1172 qua:
2904 1119 2932 1155 a
2989 1101 3216 1161 Platone
3271 1121 3668 1173 memorantur,

399 1187 601 1258 primas
637 1186 874 1242 rationes
909 1203 1210 1244 sumamus.

471 1280 537 1334 θ’.
578 1282 886 1336 Ἐκκείσθω
923 1283 1017 1337 οὖν
1044 1284 1107 1355 δὴ
1142 1285 1333 1354 μονὰς,
1368 1285 1462 1338 καὶ
1487 1285 1691 1356 ταύτης
1724 1285 1985 1340 διπλασία

399 1374 550 1437 δυάςο
585 1369 705 1427 εἶτα
733 1376 915 1444 τριὰς,
938 1377 1163 1446 ἡμιολία
1199 1378 1299 1446 μὲν
1330 1378 1426 1446 τῆς
1440 1378 1652 1443 δυάδος,
1683 1378 1986 1449 τριπλασία

398 1465 455 1518 δὲ
503 1466 599 1535 τῆς
633 1467 885 1536 μονάδος·
922 1462 1043 1521 εἶτα
1073 1468 1297 1538 τετρὰς,
1342 1468 1601 1522 διπλασία
1638 1470 1738 1537 τῆς
1768 1470 1980 1532 δυάδος

402 1553 523 1610 εἶτα
575 1558 763 1622 ἐννεὰς
811 1559 1116 1627 τριπλασία
1172 1560 1270 1629 τῆς
1321 1562 1580 1631 τριάδος·
1634 1558 1755 1615 εἶτα
1789 1562 1984 1630 ὀγδοὰς

401 1646 743 1700 ὀκταπλασία.
780 1648 881 1717 τῆς
915 1648 1162 1718 μονάδοςο
1196 1651 1290 1702 ἐπὶ
1320 1653 1456 1704 πᾶσι
1490 1652 1547 1704 δὲ
1586 1652 1789 1723 ὲδδόμη
1821 1655 1986 1722 μοῖρα

406 1740 1031 1793 ἑπτακαιεικοσιπλασία
1065 1740 1165 1809 τῆς
1192 1742 1442 1811 μονάδος.
1480 1743 1617 1796 Ἀλλ’
1647 1745 1695 1796 εί
1733 1744 1831 1815 μὲν
1855 1744 1983 1814 άχρι

2155 1283 2210 1339 9.
2244 1281 2472 1339 Ponitor
2505 1283 2672 1354 igitur
2698 1285 2899 1352 unitas,
2930 1288 3158 1358 ejusque
3186 1289 3383 1360 duplus
3410 1308 3669 1350 numerus

2085 1375 2373 1429 biuarius:
2428 1375 2625 1429 deinde
2678 1378 2949 1433 teruarius
3000 1395 3283 1443 numerus,
3339 1385 3669 1452 sesquialter

2086 1466 2305 1530 binarii,
2339 1466 2564 1520 unitatis
2591 1466 2788 1536 triplus
2823 1485 2836 1521 :
2882 1477 2992 1522 tum
3026 1475 3436 1539 quaternarius,
3472 1475 3667 1530 binarii

2076 1558 2280 1625 duplus
2318 1575 2333 1612 :
2367 1569 2476 1611 tum
2507 1562 2864 1623 novenarius,
2896 1562 3125 1615 ternarii
3163 1563 3350 1631 triplus
3384 1581 3399 1618 :
3434 1574 3544 1619 tum
3573 1580 3667 1620 oc-

2086 1652 2355 1715 tonarius,
2396 1652 2645 1719 octuplus
2694 1652 2964 1707 unitatis:
3000 1664 3278 1722 postremo
3312 1667 3493 1711 autem
3542 1672 3666 1728 sep-

2084 1744 2213 1795 tima
2249 1757 2397 1810 pars,
2432 1759 2551 1808 qua:
2586 1754 2795 1810 septem
2840 1754 2895 1797 et
2939 1745 3129 1815 viginti
3174 1748 3422 1814 partibus
3468 1749 3665 1803 unitati

400 1830 603 1881 τούτων
637 1829 766 1899 ἔστη
801 1829 869 1883 τά
895 1830 989 1883 τοῦ
1028 1832 1333 1894 Πλάτωνος,
1376 1833 1485 1885 ἔδει
1532 1834 1701 1903 μηδὲν
1747 1852 1974 1904 περιερ-
2012 1856 2051 1909 Β
2083 1848 2148 1885 an

1917 1854 1974 1904 ρ-
2012 1856 2051 1909 Β
2083 1833 2378 1887 antecedit.
2430 1830 2567 1886 Tum
2622 1848 2751 1887 vero
2781 1834 2825 1887 si
2865 1835 2982 1889 haec
3014 1837 3281 1892 hactenus
3323 1839 3477 1894 Plato
3520 1850 3666 1897 esset

400 1921 667 1987 γάζεσθαι
720 1922 904 1975 πλέον.
972 1924 1194 1994 Ἐπειδὴ
1242 1925 1299 1977 δὲ
1353 1926 1516 1989 αὐτὸς
1562 1929 1693 1997 ἡμῖν
1734 1946 1980 1998 παρακε-

400 2012 619 2065 λεύεται
646 2014 716 2064 τὰ
745 2013 1006 2066 διπλάσια
1033 2015 1129 2067 καὶ
1158 2015 1455 2084 τριπλάσια
1486 2016 1831 2085 διαστήματα
1860 2021 1979 2078 ταῖς

398 2120 457 2156 τε
488 2102 878 2175 ἀριθμητικαίς
913 2107 1008 2157 καὶ
1053 2104 1380 2173 ἁρμονικαῖς
1432 2107 1695 2176 μεσότησι
1745 2108 1975 2168 συνδεῖν,

403 2197 627 2266 μονάδος
661 2197 717 2249 δὲ
756 2197 856 2249 οὐκ
887 2195 1003 2249 ἔστι
1030 2199 1123 2250 καὶ
1153 2198 1344 2261 δυάδος
1394 2200 1599 2267 μεταξὺ
1646 2199 1847 2262 ταύτας
1880 2202 1977 2261 τὰς

403 2291 707 2362 μεσότητας
742 2294 947 2363 εὑρεῖν,
996 2293 1227 2362 ληπτέον
1278 2290 1403 2347 τινὰ
1454 2294 1667 2363 πρῶτον
1716 2293 1973 2363 ἀριθμὸν,

400 2384 457 2447 ὃς
496 2384 781 2452 ἐλάχιστος
814 2383 889 2435 ὢν
936 2383 1047 2447 ἔξει
1100 2385 1272 2453 ἥμισυ
1314 2386 1408 2437 καὶ
1444 2386 1647 2454 τρίτονο
1697 2384 1977 2438 διπλάσιον

400 2479 510 2547 γὰρ
539 2478 647 2539 πᾶς
678 2476 909 2543 ἀριθμὸς
936 2477 1083 2544 ἔχειν
1106 2476 1353 2529 δύναται.
1388 2474 1641 2545 Εἰλήφθω
1670 2474 1798 2543 γοῦν
1839 2478 1863 2526 ὁ
1902 2473 1973 2537 ς’,

399 2571 495 2623 καὶ
528 2570 720 2623 τούτου
758 2568 1043 2630 διπλάσιος
1097 2571 1125 2622 6
1167 2566 1257 2638 ιβ’,
1285 2567 1377 2621 τὸν
1407 2568 1570 2620 αὑτὸν
1620 2566 1759 2634 ἔχων
1794 2566 1973 2635 λόγον,

397 2662 456 2714 ὃν
486 2663 624 2732 πρὸς
666 2662 833 2716 δυάδα
876 2666 1065 2731 μονάς.
1104 2661 1325 2715 Τούτων
1374 2661 1439 2732 δὴ
1485 2664 1595 2713 τῶν
1629 2661 1975 2725 έξαπλασίων

401 2755 628 2822 μονάδος
659 2756 752 2809 καὶ
778 2756 967 2819 δυάδνς
1003 2755 1160 2824 μέσοι
1196 2750 1613 2824 παρεντιθέντες
1650 2753 1677 2805 ὃ
1710 2770 1769 2807 τε
1806 2748 1855 2823 η’
1880 2750 1976 2805 καὶ

400 2846 443 2900 θ’
474 2850 571 2911 τὰς
606 2850 903 2919 εἰρημένας
961 2849 1268 2919 μεσότητας
1322 2847 1717 2901 ἀποδώσουσιν.
1782 2846 1841 2899 'O
1875 2846 1976 2915 μὲν

399 2939 508 3009 γάρ
537 2939 589 3009 η’
615 2940 795 3011 ταύτῷ
849 2940 1005 3011 μέρει
1058 2940 1168 2992 τῶν
1223 2938 1411 3009 ἄκρων
1460 2938 1721 3010 ὑπερέχει
1774 2954 1833 2990 τε
1882 2937 1977 2990 καὶ

398 3031 749 3103 ὑπερέχεται,
777 3034 914 3102 ὅπερ
943 3031 1076 3087 ίδιόν
1107 3034 1256 3085 ἐστιν
1296 3032 1602 3099 ἁρμονικῆς
1639 3029 1933 3097 ἀναλογίας
1957 3044 1971 3058 ⁸

394 3124 423 3175 6
451 3124 505 3177 δὲ
538 3126 581 3178 θ’
613 3127 715 3196 ἴσῳ
746 3126 847 3197 μὲν
878 3123 993 3197 [τὸν
1028 3122 1104 3196 ς’]
1136 3123 1259 3177 κατ’
1279 3122 1517 3193 ἀριθμὸν
1544 3122 1829 3191 ὑπερέχει,
1874 3121 1973 3189 ῐσῳ

2086 1932 2426 1990 persecutus,
2458 1922 2770 1977 elaborandi
2809 1923 3084 1994 diligentia
3123 1942 3227 1980 non
3259 1928 3493 1996 amplius
3524 1944 3666 1999 opus

2081 2025 2246 2067 esset.
2285 2015 2515 2080 Quando
2546 2024 2729 2069 autem
2768 2017 2882 2083 ipse
2919 2018 3073 2071 nobis
3106 2021 3371 2089 pratcipit,
3413 2030 3473 2075 ut
3503 2023 3665 2092 dupla

2081 2114 2136 2157 et
2170 2105 2329 2173 tripla
2366 2106 2653 2160 intervalla
2693 2108 3058 2164 arithmeticis
3111 2120 3277 2179 atque
3332 2113 3665 2170 harmonicis

2082 2201 2467 2255 medietatibus
2508 2202 2847 2272 colligemus,
2913 2205 3039 2273 quia
3102 2194 3245 2260 inter
3296 2209 3563 2264 unitatem
3609 2223 3668 2266 et

2082 2291 2403 2346 dualitatem
2444 2293 2765 2349 medietates
2802 2296 2966 2349 nullae
3005 2296 3241 2365 interjici
3277 2311 3528 2367 possunt,
3554 2305 3663 2371 pri-

2082 2396 2200 2435 mus
2229 2381 2431 2451 aliquis
2469 2397 2730 2437 numerus
2772 2390 3068 2439 sumendus
3096 2396 3209 2451 est,
3239 2390 3331 2457 qui
3363 2405 3523 2459 quam
3558 2393 3663 2445 mi-

2080 2472 2260 2527 nimus
2313 2474 2591 2527 dimidiam
2652 2484 2861 2544 partem
2918 2485 3083 2545 atque
3141 2480 3355 2532 tertiam
3415 2480 3659 2535 habeat:

2078 2565 2295 2635 duplam
2330 2566 2474 2621 enim
2504 2567 2684 2635 quivis
2708 2584 2966 2624 numerus
2998 2571 3177 2624 habet.
3210 2568 3471 2626 Sumatur
3497 2573 3666 2642 igitur

2076 2658 2110 2713 6
2148 2659 2445 2730 (senarius)
2478 2675 2741 2714 numerus
2771 2661 2997 2731 ejusque
3027 2662 3223 2731 duplns
3257 2664 3320 2719 12
3356 2663 3659 2734 (duodena-

2080 2751 2237 2817 rius),
2257 2751 2503 2806 eamdem
2524 2753 2786 2807 rationem
2814 2755 3038 2819 habens,
3062 2770 3224 2823 quam
3250 2770 3373 2811 cum
3400 2756 3663 2812 dualitate

2079 2845 2284 2898 unitas.
2324 2842 2380 2897 lu
2420 2844 2597 2899 medio
2632 2844 2844 2899 illorum
2896 2862 3247 2901 numerorum
3286 2848 3551 2904 unitatem
3606 2867 3661 2904 et

2079 2934 2353 2989 binarium
2381 2936 2558 2988 sexies
2585 2936 2981 2990 continentium
3008 2937 3311 3006 interpositi
3344 2942 3660 2996 octonarius

2077 3040 2132 3083 et
2165 3031 2491 3085 novenarius
2517 3046 2631 3096 eas,
2665 3047 2788 3099 quae
2821 3032 2982 3086 dictae
3012 3040 3159 3096 sunt,
3191 3035 3513 3089 medietates
3538 3037 3667 3089 red-

2079 3121 2231 3175 dunt.
2256 3121 2583 3178 Octonarius
2604 3123 2748 3177 enim
2773 3124 2962 3178 eadem
2988 3133 3139 3194 parte
3157 3134 3378 3194 praestat
3395 3126 3658 3182 extremis

1697 3254 1749 3315 ς’
1894 3255 1936 3304 η’
2091 3251 2129 3300 θ’
2274 3248 2341 3321 ιβ’

394 3586 452 3641 δὲ
482 3584 833 3655 ὑπερέχεται,
871 3579 1010 3651 ὅπερ
1046 3578 1178 3633 ῐδιόν
1209 3580 1356 3632 ἔστιν
1393 3577 1768 3648 ἀριθμητικῆς
1807 3580 1971 3647 μεσό-
2000 3590 2043 3646 c
2078 3596 2138 3633 ea

1914 3580 1971 3631 ό-
2000 3590 2043 3646 c
2078 3582 2377 3650 eademque
2409 3588 2719 3648 superatur,
2744 3574 2886 3647 quod
2914 3576 3132 3645 quidem
3169 3576 3502 3631 harmoniczr
3533 3590 3659 3645 pro-

394 3697 575 3751 τητος,
616 3676 832 3741 Ἐξάκις
859 3674 967 3744 ἄρα
987 3674 1089 3743 τὴν
1119 3672 1321 3744 μονάδα
1339 3672 1435 3725 καὶ
1454 3671 1623 3725 δυάδα
1647 3672 1975 3741 ποιήσαντες
2076 3686 2141 3739 po

1903 3689 1975 3734 τες
2076 3672 2336 3739 portionis
2378 3670 2655 3739 proprium
2702 3677 2832 3733 est;
2882 3668 3210 3723 novenarius
3249 3678 3425 3721 autem
3464 3671 3652 3724 eodem

394 3772 631 3841 εὕρομεν
661 3768 928 3838 ἀριθμοὺς
965 3766 1061 3828 τὰς
1101 3764 1402 3836 εἰρημένας
1426 3764 1848 3833 ὲπιδεχομένους
1883 3781 1974 3833 με·
2074 3777 2142 3814 nu

1908 3781 1974 3815 ιε·
2074 3777 2300 3815 numero
2333 3762 2658 3830 (senarium)
2692 3768 2915 3827 prastat
2944 3774 3052 3829 quo
3084 3760 3135 3828 (a
3172 3759 3530 3829 duodenario)
3566 3775 3657 3814 su-

396 3866 650 3934 σότητας.
693 3860 927 3929 Ὁμοίως
975 3858 1032 3911 δὲ
1062 3859 1157 3911 καὶ
1207 3858 1334 3919 τοὺς
1361 3855 1585 3918 λοιποὺς
1639 3855 1749 3909 τῶν
1786 3856 1846 3908 ὲν
1893 3854 1972 3924 τῷ
2072 3870 2145 3925 pel

1906 3854 1972 3924 τῷ
2072 3866 2314 3925 peratur,
2364 3856 2509 3925 quod
2553 3855 2771 3923 quidem
2807 3853 3168 3907 arithmetica
3218 3852 3655 3907 est‘medietatis

394 3954 777 4028 προειρημένῳ
812 3952 979 4023 στίχῳ
1008 3949 1118 4003 τῶν
1140 3949 1439 4004 διπλασίων
1473 3949 1590 4019 ἅμα
1619 3948 1715 4001 καὶ
1745 3948 1971 4019 τριπλα-
2062 3953 2143 4017 .ptl

1902 3966 1971 4000 .a—
2062 3948 2371 4017 .pnbpriutn.
2420 3947 2476 4001 Si
2509 3946 2691 4004 sexies
2746 3946 2910 4015 igitur
2957 3944 3222 3999 unitatem
3274 3952 3331 3998 et
3375 3944 3651 3998 binarium

398 4047 527 4099 σίων
558 4043 1058 4108 ὲξαπλασιάσαντες
1097 4042 1403 4111 εὑρήσομεν
1454 4040 1634 4109 ὄρους,
1668 4037 1762 4102 οὒς
1807 4039 1968 4107 δυνη-
2077 4056 2139 4094 su

1906 4057 1968 4107 η·
2077 4041 2497 4108 sumpserimus,
2553 4054 2811 4093 numeros
2873 4037 3247 4093 invenerimus
3314 4037 3654 4101 ntedietates,

395 4133 601 4203 σόμεθα
630 4130 1014 4185 καταπυκνοῦν
1031 4130 1155 4201 άριθ
1166 4132 1426 4201 μητικαῖς
1441 4145 1500 4181 τε
1521 4129 1617 4183 καὶ
1639 4129 1967 4199 ἀρμονικαῖς
2078 4149 2144 4203 qu

1908 4132 1967 4191 λῖς
2078 4148 2214 4203 quas
2262 4133 2519 4197 diximus,
2552 4130 2889 4200 complexos.
2921 4128 3303 4198 Similiterque
3334 4128 3379 4182 si
3418 4127 3657 4195 reliquos

395 4226 677 4295 μεσότησι.
2077 4225 2132 4279 in
2169 4226 2315 4280 serie
2346 4225 2456 4290 illa,
2493 4239 2655 4293 quam
2697 4237 2863 4291 supra
2894 4222 3302 4285 enarravimus,
3331 4219 3523 4289 duplos
3554 4219 3657 4272 tri-

394 4316 618 4383 plusque
654 4330 908 4370 numeros
948 4312 1129 4368 sexies
1160 4312 1580 4382 sumpserimus,
1620 4313 1966 4369 inveniemus
1999 4317 2283 4381 terminos,
2312 4332 2448 4385 quos
2478 4314 2842 4369 arithmeticis
2894 4323 2950 4368 et
3002 4311 3335 4367 harmonicis
3395 4310 3659 4366 medietao

394 4412 538 4467 tibus
573 4411 906 4464 condensare
938 4409 1203 4482 (explere)
1236 4410 1557 4476 poterimus.

468 4502 521 4558 t'.
568 4502 950 4569 Γεγονέτωσαν
1001 4500 1110 4552 ἀπὸ
1157 4498 1356 4562 παντὸς
1407 4501 1500 4553 τοῦ
1556 4504 1964 4574 προειρημένου

394 4596 577 4667 στίχου
607 4593 948 4660 ἑξαπλάσιοι.
994 4591 1219 4654 Ἀλλους
1251 4591 1521 4660 ἀριθμοὺς
1554 4594 1611 4644 ὲν
1650 4594 1802 4658 τάξει
1842 4595 1964 4648 ego-

2139 4502 2225 4557 10.
2249 4501 2422 4556 Sunto
2456 4515 2521 4554 ex
2554 4508 2665 4555 tota
2694 4502 2815 4564 hac,
2852 4514 3015 4568 quam
3043 4513 3209 4568 supra
3230 4497 3491 4562 diximus,
3512 4498 3658 4553 serie

2068 4595 2246 4649 sexies
2294 4594 2496 4663 sumpti
2543 4592 2829 4665 (numeri).
2884 4591 3129 4659 Reliquis
3180 4590 3424 4645 numeris
3464 4590 3657 4644 ordine

403 4707 504 4752 τες,
540 4689 700 4759 μόνον
753 4686 844 4739 τὸν
895 4685 969 4738 νδ¹
1004 4686 1112 4755 πρὸ
1140 4684 1233 4737 τοῦ
1286 4682 1375 4754 μη⁹
1407 4684 1580 4737 θεῖναι
1612 4686 1921 4755 ὀφείλοντες
1949 4702 1965 4718 ·
2070 4686 2151 4739 dis

1898 4706 1921 4749 ;
1949 4702 1965 4718 ο
2070 4684 2348 4753 dispositis
2393 4698 2701 4753 quanquam
2747 4684 2920 4736 solum
2974 4696 3262 4735 numerum
3297 4680 3366 4734 54
3412 4688 3541 4734 ante
3571 4680 3641 4734 48

402 4782 579 4837 τοῦτον
618 4781 724 4851 γάρ
758 4779 1026 4849 πρότερον
1076 4776 1197 4829 εἰπὲ
1245 4777 1567 4846 τριπλάσιον
1612 4777 1707 4830 τοῦ
1738 4778 1965 4848 τρίτου·
2071 4792 2151 4845 pot

1904 4798 1928 4832 υ
1952 4795 1965 4809 ·
2071 4789 2270 4845 ponere
2306 4777 2656 4839 debebamus,
2690 4774 2926 4843 priorem
2957 4774 3107 4827 illum
3144 4775 3289 4826 enim
3319 4772 3469 4826 dicas
3506 4772 3653 4825 tertii

396 4873 515 4943 μετ’
552 4875 757 4925 ἐκεῖνον
795 4870 852 4922 δὲ
887 4869 1049 4921 αὑτὸν
1082 4870 1245 4939 ἡμεῖς
1278 4867 1601 4939 ἔθεμεν,-τῷ
1638 4870 1831 4941 πλήθει
1862 4870 1971 4923 τῶν
2005 4908 2046 4962 D
2076 4869 2140 4921 tri

1904 4870 1971 4922 ὦν
2005 4908 2046 4962 D
2076 4866 2312 4936 triplum,
2344 4876 2521 4920 tamen
2557 4874 2677 4934 pest
2700 4864 2843 4918 hunc
2866 4865 3017 4918 illutn
3045 4864 3347 4933 posuimus,
3379 4863 3653 4916 unitatum

398 4964 643 5035 μονάδων
680 4963 972 5031 ἑπόμενοι,
1011 4962 1103 5013 καὶ
1148 4959 1211 5012 οὐ
1270 4962 1334 5031 τῇ
1393 4962 1809 5033 ἀπαριθμήσει,
1843 4964 1910 5033 ἢν
1942 4966 1971 5017 6
2006 4955 2039 4962 ⁷
2079 4978 2147 5014 ntt

1905 4982 1910 5008 ν
1942 4966 1971 5017 6
2006 4955 2039 4962 ⁷
2079 4960 2475 5014 multitudinem
2509 4958 2777 5028 (ordinem
2811 4959 3123 5025 seriemque
3154 4955 3534 5025 numerorum)
3563 4968 3654 5009 se-

398 5055 623 5109 Ιιλάτων
656 5053 971 5121 πεποίηται,
1005 5052 1116 5113 τοῖς
1138 5049 1319 5119 λόγοις
1347 5052 1526 5106 αὐτῶν
1557 5053 1848 5123 ἑπόμενος,
1876 5056 1971 5108 καὶ
2078 5067 2141 5107 cu

1901 5056 1971 5108 παὶ
2078 5053 2210 5118 cuti,
2240 5060 2404 5119 atque
2428 5064 2459 5104 a
2484 5051 2811 5105 numerandi
2836 5064 2987 5106 more
3014 5051 3357 5105 discedentes
3387 5047 3650 5114 Platonis,

396 5147 628 5210 ἐναλλὰξ
685 5144 859 5207 τιθεὶς
913 5144 1039 5205 τοὺς
1092 5142 1406 5207 διπλασίους
1460 5145 1554 5206 καὶ
1593 5146 1971 5216 τριπλασίους.
2072 5162 2141 5216 qu

1903 5165 1971 5210 ις.
2072 5146 2191 5216 qui,
2219 5145 2481 5198 rationem
2517 5158 2872 5198 numerorum
2904 5153 3147 5205 secutus,
3181 5143 3423 5197 alternos
3457 5141 3652 5210 duplos

398 5240 619 5304 Μεταξὺ
659 5238 759 5309 μὲν
788 5232 880 5289 οὖν
902 5235 996 5288 τοῦ
1029 5232 1083 5299 ς’
1112 5236 1205 5287 καὶ
1235 5234 1329 5288 τοῦ
1363 5233 1428 5306 ιβ’
1460 5238 1831 5306 ἐμπεσοῦνται
1861 5241 1890 5292 6
1924 5237 1976 5310 η’
2002 5280 2007 5286 -
2071 5246 2126 5295 et

1924 5237 2007 5310 η’.
2071 5246 2126 5295 et
2176 5238 2366 5308 triplos
2410 5237 2740 5293 collocabat.
2802 5236 2950 5292 Inter
2980 5236 3013 5291 6
3066 5235 3232 5305 igitur
3274 5243 3331 5288 et
3366 5234 3432 5287 12
3482 5232 3648 5287 medii

397 5333 497 5387 καὶ
526 5331 593 5395 θ’,
635 5328 839 5401 μεταξὺ
870 5326 928 5381 δὲ
967 5326 1059 5379 τοῦ
1104 5323 1170 5395 ιβ’
1198 5326 1293 5377 καί
1338 5325 1415 5377 κδ’
1461 5326 1744 5381 διπλασίου
1798 5330 1973 5400 ἀρμοο
2072 5332 2146 5387 int

1969 5359 1973 5370 ι
2072 5332 2412 5390 intercedent
2441 5332 2476 5388 8
2508 5340 2566 5386 et
2596 5330 2630 5387 9
2670 5329 2925 5385 numeri:
2973 5329 3114 5383 inter
3152 5327 3223 5382 12
3261 5338 3318 5382 et
3348 5326 3419 5381 24
3452 5323 3648 5393 duplos
3714 5348 3718 5352 ·

398 5425 525 5494 νιχῇ
564 5428 662 5493 μὲν
695 5424 928 5493 μεσότης
952 5421 978 5471 6
1010 5423 1108 5483 ις’,
1144 5417 1482 5489 ἀριθμητικὴ
1506 5419 1561 5473 δὲ
1582 5424 1608 5473 6
1640 5428 1727 5491 ιη’·
1765 5422 1973 5491 μεταξὺ
2077 5424 2144 5479 ha

1903 5422 1973 5488 ιξὺ
2077 5424 2395 5480 harmonica
2450 5424 2708 5479 medietas
2740 5421 2820 5485 716
2866 5430 2923 5477 et
2964 5421 3033 5476 18
3074 5420 3423 5475 arithmetica
3457 5435 3472 5473 :
3512 5417 3652 5472 inter

396 5522 454 5576 δὲ
488 5521 582 5573 τοῦ
620 5517 905 5573 διπλασίου
938 5513 1031 5566 τοῦ
1066 5511 1143 5567 κδ’
1174 5517 1267 5566 καὶ
1298 5511 1389 5567 τοῦ
1432 5520 1526 5586 μη⁹
1560 5515 1835 5588 ἁρμονικὴ
1870 5518 1970 5588 μὲν
2077 5521 2145 5575 du

1900 5518 1970 5570 ,ὲν
2077 5520 2271 5590 duplos
2308 5534 2562 5576 numeros
2604 5517 2675 5572 Ἡ
2702 5528 2756 5575 οι
2791 5516 2865 5574 48
2895 5515 2968 5571 52
3018 5515 3337 5572 harmonica
3380 5515 3649 5571 medietas

1698 5662 1762 5727 ιβ’
1890 5659 1958 5724 ις’
2086 5673 2146 5723 ιη’
2292 5670 2362 5726 κδ’
