4450 6448
433 403 562 466 “01

1463 407 1543 464 IN
1586 409 1914 468 PSYtIlIOG
1929 408 2105 466 ONM
2118 412 2166 468 Μ
2217 413 2608 474 PLATONIS.

3552 427 3686 491 1102

428 517 523 568 καὶ
550 515 859 581 πλαγιάσει,
895 515 1055 584 διπλῆ
1082 535 1162 579 τις
1187 516 1259 580 ὡς
1290 517 1353 570 ἂν
1380 519 1694 586 ἐγγίγνεται
1720 521 1797 590 τῷ
1827 523 1990 590 μήκει
2024 533 2064 585 Α
2096 540 2151 579 se

519 606 533 619 .
777 601 797 619 τ
970 609 979 619 .
1063 609 1086 619 ..
1171 609 1183 619 .
1217 610 1227 619 .
1444 612 1453 619 .
1510 613 1521 619 -
1680 612 1699 619 -
1739 611 1761 619 -
1915 610 1941 619 -

1928 539 1990 572 εει
2024 533 2064 585 Α
2096 540 2151 579 se
2186 525 2386 581 inllexit
2417 539 2468 583 et
2501 531 2816 600 obliquavit,
2842 535 3036 604 dupicx
3060 541 3462 606 quodammodo
3495 547 3685 619 (facta)

429 606 714 676 πρότερον,
748 601 865 658 εἶτα
897 609 989 659 καὶ
1020 609 1096 678 τῷ
1128 609 1341 672 πλάτει,
1371 612 1465 663 καὶ
1505 611 1858 665 ὲπιπεδοῦται
1885 610 1996 665 οἷον

425 697 487 749 τὸ
519 695 782 764 γινῶσκον
833 698 973 750 κατὰ
1013 698 1073 749 τὸ
1121 699 1214 751 τοῦ
1257 701 1665 771 γινωσκομένου
1715 704 1994 764 ἐπίπεδον,

427 791 455 841 ὃ
481 790 632 860 δηλοῖ
657 790 891 843 ἐνταῦθα
924 793 952 860 ἡ
984 792 1220 861 τετάρτη
1253 795 1415 862 μοῖρα
1446 796 1582 864 πρὸς
1612 797 1710 866 τὴν
1738 797 1997 867 δευτέραν

429 881 523 934 καὶ
560 882 728 951 μόνην
768 882 1143 953 ἀντικειμέλη.

499 1056 574 1120 ις’
621 1058 684 1109 Ἦ
710 1057 934 1126 πέμπτη
973 1062 1156 1129 μοῖρα,
1186 1062 1481 1132 τριπλασία
1498 1065 1595 1133 τῆς
1618 1064 1808 1134 τρίτης
1839 1059 1994 1127 οὖσα,

426 1151 520 1200 καὶ
555 1150 692 1217 μήτε
728 1151 865 1219 πρὸς
901 1152 1000 1219 τὴν
1031 1151 1290 1222 δευτέραν
1319 1156 1456 1223 μήτε
1489 1157 1621 1226 πρὸς
1647 1156 1746 1224 τὴν
1775 1155 1999 1225 πρώτην

424 1241 797 1310 ἀντικειμένη,
851 1242 1000 1311 δηλοῖ
1044 1244 1101 1295 τὸ
1128 1245 1236 1297 τῶν
1287 1247 1539 1314 γνώσεων
1573 1248 1730 1301 πολύ.
1773 1251 1999 1321 Πυθμήν

422 1331 531 1400 γὰρ
560 1331 667 1383 τῶν
697 1331 907 1384 πολλῶν
941 1336 1009 1388 τὰ
1047 1337 1194 1404 τρία.
1233 1339 1500 1402 Πολλάκις
1541 1340 1598 1392 δὲ
1635 1342 1803 1394 πολλὰ
1831 1344 1899 1395 τά
1929 1343 1993 1396 0"

422 1421 544 1474 ὅθεν
567 1425 658 1474 καὶ
693 1424 901 1492 μούσας
932 1424 976 1477 0'
1009 1429 1058 1478 οἱ
1089 1430 1312 1497 ποιηταί
1339 1446 1523 1498 φασιν,
1551 1431 1715 1484 οἱονεὶ
1740 1434 1995 1495 πολλάκις

424 1513 645 1576 πολλάς.
679 1516 757 1568 Τὰ
789 1515 844 1567 δὲ
881 1517 1047 1568 πολλὰ
1079 1517 1200 1570 οὔτε
1235 1521 1369 1590 πρὸς
1404 1523 1463 1574 τὸ
1507 1523 1563 1572 ἓν
1593 1523 1704 1593 ἔχει
1738 1525 1835 1593 τὴν
1865 1528 1993 1578 ἀντ-

421 1603 690 1670 εξέτασιν,
723 1605 799 1668 ὡς
844 1607 966 1659 οὐδὲ
1006 1610 1065 1660 τὸ
1131 1610 1385 1663 ἐπίπεδον
1426 1614 1456 1681 ἢ
1500 1614 1559 1665 τὸ
1608 1617 1824 1684 στερεὸν
1860 1617 1996 1685 πρὸς

421 1696 520 1764 τὴν
553 1701 810 1767 στιγμὴν,
866 1699 990 1752 οὔτε
1055 1701 1153 1770 μὲν
1198 1704 1332 1770 πρὸς
1390 1705 1456 1758 τὰ
1496 1705 1607 1770 δύο,
1651 1705 1838 1778 ὥσπερ
1873 1709 1993 1759 οὐδὲ

420 1788 565 1841 οἰκία
596 1793 727 1859 πρὸς
763 1792 1033 1860 Θεμὲλιον,
1091 1795 1184 1846 καὶ
1240 1796 1423 1848 πλοῖον
1485 1799 1620 1865 πρὸς
1652 1802 1863 1869 τρόπιν,
1901 1802 1995 1852 καὶ

421 1881 566 1934 ᾶπαν
606 1884 739 1952 πρὸς
789 1885 964 1955 ἀρχήν
991 1902 1002 1913 ·
1038 1887 1267 1956 οὐδεμία
1297 1887 1350 1939 δὲ
1403 1890 1546 1959 ἀρχὴ
1588 1893 1855 1960 συγγενὴς
1885 1896 1996 1956 τοῖς
2033 1897 2070 1949 Β

416 1972 650 2038 τέλεσιν,
693 1977 832 2046 ἀρχὴ
872 1977 928 2028 δὲ
965 1978 1200 2046 πλήθους
1233 1982 1263 2048 ἡ
1301 1980 1451 2043 δυὰς,
1485 1985 1544 2034 οὐ
1599 1984 1821 2051 πλῆθος
1860 1985 1992 2036 ἀλλὰ

420 2064 485 2114 τὰ
511 2064 680 2116 πολλὰ
715 2070 847 2134 πρὸς
888 2067 1078 2120 πολλὰ.
1122 2069 1284 2121 ὊἿεν
1316 2073 1341 2121 ὁ
1371 2069 1414 2121 0'
1447 2071 1583 2140 πρὸς
1618 2072 1707 2123 τὸν
1739 2081 1785 2139 γ’
1812 2075 1993 2138 ἐξετά-

419 2154 589 2219 ζεται,
631 2158 690 2209 τὸ
723 2159 924 2224 πλῆθος
958 2161 1092 2229 πρδς
1143 2161 1203 2212 τὸ
1234 2162 1456 2231 πλῆθος,
1513 2164 1609 2214 καὶ
1656 2164 1990 2233 ὑπεμφαίνει

418 2245 506 2295 τὸν
535 2247 852 2316 τριπλάσιον
882 2251 1022 2302 κατὰ
1055 2252 1189 2303 πολὺ
1224 2252 1649 2320 πληθυνόμενος.

2110 620 2338 686 primum
2370 622 2694 677 multitudini
2729 636 2838 681 tum
2871 645 2995 685 vero
3033 633 3298 690 latitudini
3331 643 3485 707 quasi
3521 642 3678 698 inna-

2112 712 2298 767 scitur.
2343 713 2406 767 Et
2437 730 2562 769 vero
2595 715 2668 780 id,
2698 722 2836 786 quod
2862 726 3158 793 cognoscit,
3191 733 3343 795 quasi
3372 734 3592 800 planum
3627 755 3686 794 se

2114 803 2238 857 facit
2273 812 2679 864 accommodate
2708 814 2770 868 ad
2800 815 2936 884 eius,
2967 821 3106 888 quod
3140 827 3508 894 cOgnoscitur,
3566 835 3650 901 pla
3670 865 3684 874 -

2115 911 2237 948 num
2263 937 2275 960 ,
2316 901 2456 967 quod
2487 903 2570 955 hic
2601 908 2834 960 ostendit
2871 921 3058 977 quarta
3090 931 3215 980 pars
3244 956 3258 980 ,
3304 934 3424 986 quae
3468 925 3682 990 quidem

2114 998 2298 1040 contra
2329 993 2621 1047 secundam
2662 1009 2715 1049 et
2748 1013 2910 1053 unam
2944 1002 3084 1056 illam
3118 1010 3285 1073 posita
3313 1021 3418 1066 cst.

2187 1076 2272 1132 16.
2302 1079 2500 1146 Quinta
2535 1099 2658 1152 pars
2685 1128 2699 1150 ,
2739 1091 2911 1146 tertia:
2942 1094 3092 1163 tripla
3121 1141 3132 1161 ,
3171 1116 3342 1169 neque
3372 1116 3560 1162 contra
3600 1126 3686 1164 se-

2113 1170 2342 1224 cundam
2377 1187 2548 1242 neque
2577 1190 2762 1232 contra
2797 1184 3024 1250 primam
3071 1193 3240 1257 tosita
3268 1236 3280 1257 ,
3312 1200 3679 1266 cognitionum

2115 1259 2510 1319 multitudinem
2538 1272 2791 1326 ostendit.
2839 1276 3270 1338 Fundamentum
3295 1290 3436 1342 enim
3468 1308 3682 1359 eorum,

2113 1365 2232 1418 qua:
2258 1355 2420 1408 multa
2449 1362 2798 1417 nominantur
2827 1406 2842 1430 ,
2889 1369 2989 1422 tria
3045 1384 3190 1426 sunt.
3251 1376 3458 1435 I’luries
3499 1396 3678 1440 autem

2112 1445 2176 1509 (si
2206 1452 2510 1518 suntuntur)
2548 1455 2736 1520 multa,
2774 1473 2961 1513 novent
3002 1462 3371 1537 (eﬂiciunlur).
3423 1472 3552 1531 Inde
3588 1497 3684 1531 no-

2115 1548 2228 1586 vem
2259 1535 2436 1592 Musas
2463 1542 2624 1595 veluti
2649 1547 2852 1612 pluries
2877 1552 3070 1604 multas
3092 1572 3262 1624 poeta}
3281 1564 3460 1619 dicere
3484 1569 3678 1625 solent.

2113 1623 2271 1679 Multa
2311 1639 2484 1685 tamen
2517 1634 2717 1689 nullam
2741 1647 3200 1710 comparationem
3229 1669 3403 1723 neque
3426 1661 3493 1713 ad
3516 1679 3679 1715 tmmn

2113 1718 2331 1782 habent,
2364 1723 2518 1778 sicuti
2555 1742 2655 1780 non
2679 1733 2895 1798 planum
2924 1747 3015 1790 aut
3039 1741 3269 1798 solidum
3307 1749 3370 1800 ad
3396 1766 3678 1817 punctum,

2110 1825 2282 1878 teque
2316 1830 2442 1867 vero
2477 1819 2541 1869 ad
2569 1821 2833 1877 hinarium
2868 1843 3177 1896 numerum,
3223 1845 3677 1904 quemadmodum

2107 1917 2279 1968 neque
2302 1911 2478 1960 autatl
2528 1909 2940 1972 fundamentum
2990 1924 3214 1990 d0nms,
3263 1943 3354 1985 aut
3410 1939 3562 1990 navis
3611 1942 3677 1992 ad

2101 1993 2366 2060 carinam,
2401 2007 2492 2052 aut
2521 2003 2828 2060 universum
2862 2010 2926 2064 ad
2953 2013 3312 2084 principium:
3344 2038 3516 2092 neque
3534 2031 3676 2083 enim

2103 2082 2265 2136 ullum
2288 2089 2607 2159 principium
2632 2100 2893 2155 extremis
2914 2082 3205 2173 cognatum
3232 2122 3332 2179 est,
3364 2130 3673 2188 quanquam

2103 2172 2460 2232 multitudinis
2481 2183 2824 2254 principium,
2847 2206 2950 2246 non
2979 2197 3284 2266 multitudo,
3304 2204 3537 2260 dualitas
3559 2220 3638 2260 est
3663 2227 3674 2273 ;

2681 2337 2688 2343 η
3067 2337 3120 2342 _-
3157 2337 3671 2366 -.....,,.......υ..ι..-,.

416 2337 536 2401 Qua
569 2354 634 2392 ex
669 2355 724 2393 re
757 2342 1111 2396 numerule
1141 2359 1262 2398 cum
1292 2345 1377 2408 Ill,
1424 2359 1482 2398 ut
1538 2347 1829 2401 multitudo
1897 2365 2019 2404 cum
2059 2356 2422 2427 multitutine,
2473 2380 2817 2437 comparatur
2835 2387 2888 2431 et
2941 2378 2994 2431 in
3037 2383 3434 2442 multitudinem
3484 2407 3677 2450 auctus

420 2433 636 2500 triplttm
667 2434 997 2506 (numerum)
1029 2438 1264 2493 exhibet.

493 2524 576 2583 ιζ’.
618 2522 682 2575 Ἠ
713 2523 846 2592 ἕκτη
868 2528 1053 2595 μοῖρα,
1082 2528 1420 2581 ὀκταπλασία
1453 2531 1548 2598 τῆς
1575 2533 1800 2602 πρώτης
1834 2534 1988 2597 οὖσα,

417 2614 511 2668 καὶ
544 2616 680 2684 πρὸς
708 2616 961 2685 οὐδεμίαν
1000 2621 1195 2689 ἑτέραν
1229 2623 1326 2690 τὴν
1370 2628 1555 2690 σχέσιν
1594 2625 1810 2693 ἔχουσα,
1845 2626 1996 2696 δη)οϊ

415 2705 515 2775 τὴν
558 2707 649 2758 ἐπὶ
687 2708 785 2776 τὴν
814 2710 1004 2777 τρίτην
1030 2711 1316 2764 διάστασιν
1345 2715 1456 2781 (l5)
1507 2715 1615 2766 τῶν
1644 2720 1993 2786 ’πραγμάτων

415 2796 638 2863 γνῶσιν,
656 2797 898 2866 δηλονότι
918 2801 1015 2869 τὴν
1033 2803 1112 2864 είς
1140 2802 1304 2872 βάθος
1324 2806 1356 2876 ἢ
1379 2807 1549 2874 πάχος
1574 2808 1604 2877 ἢ
1630 2807 1783 2875 ὕψος.
1817 2810 1915 2860 Διὰ
1935 2810 1994 2860 τὸ

412 2887 471 2939 δὲ
504 2888 732 2958 ἄσχετος
757 2890 888 2942 οὖσα
917 2893 1052 2962 πρὸς
1083 2895 1180 2955 τὰς
1211 2895 1396 2961 ἄλλας,
1431 2901 1494 2967 τῇ
1525 2898 1717 2969 πρώτη
1751 2901 1990 2964 ἑνοῦται,

411 2974 448 3047 ἦ
487 2979 568 3031 ὅτι
597 2979 757 3043 κύὸος
779 2980 853 3032 ὢν
885 2982 958 3044 ὡς
989 2986 1016 3034 ὁ
1053 2986 1170 3052 μετ’
1208 2987 1392 3051 αὑτὸν,
1424 2991 1518 3041 καὶ
1547 2991 1655 3042 άπὸ
1679 2991 1776 3059 τῆς
1800 2992 1990 3054 δυάδος

415 3073 508 3123 καὶ
545 3074 800 3142 τετράδος
828 3077 1107 3145 γινομένη,
1139 3076 1262 3130 οὔτε
1298 3080 1434 3148 πρὸς
1462 3082 1631 3152 αὐτὴν
1669 3084 1760 3134 τὴν
1792 3101 1987 3152 τετρα-

415 3162 699 3227 πλασίονα,
721 3164 843 3216 οὔτε
872 3167 1006 3234 πρὸς
1027 3167 1125 3237 τὴν
1144 3169 1336 3238 ἑτέραν
1357 3172 1448 3223 τὸν
1469 3173 1790 3227 διπλασίονα
1810 3179 1986 3246 τηρεῖ,

413 3254 547 3307 ἀλλὰ
575 3255 667 3307 τὸν
696 3258 830 3324 πρὸς
853 3259 952 3328 τὴν
982 3262 1210 3330 πρώτην
1237 3263 1664 3332 ὀκταπλασίονα,
1699 3269 1798 3336 τὴν
1832 3284 1988 3336 περι-

411 3347 642 3415 έχουσαν
677 3350 956 3413 κάκείνας.
1005 3353 1356 3425 Ἐπιστρέιρει
1409 3357 1465 3408 δὲ
1515 3360 1542 3409 ὁ
1589 3358 1746 3427 λόγος
1783 3362 1874 3413 καὶ
1918 3361 1988 3413 τὰ

412 3439 614 3508 ἔσχατα
655 3443 732 3502 εἰς
765 3442 832 3494 τὰ
874 3444 1088 3512 πρῶτα,
1123 3447 1210 3499 ἴνα
1254 3450 1328 3517 μὴ
1374 3449 1841 3521 ἀπεσχοινισμένα
1885 3447 1985 3506 ὦσι

409 3531 606 3593 τελέως
637 3532 732 3584 τοῦ
760 3534 999 3603 πρώτου,
1028 3537 1143 3589 ἀλλ’
1177 3538 1313 3607 ὁμοῦ
1342 3540 1432 3592 τοῦ
1459 3542 1700 3608 γνωστοῦ
1727 3547 1758 3613 ἡ
1784 3548 1986 3612 γνῶσις

409 3623 894 3694 ἀντιλαμϐάνηταιη
927 3629 972 3678 εί
991 3629 1085 3680 καὶ
1110 3630 1352 3693 ποικίλος
1379 3633 1548 3683 ἐστίν’
1570 3633 1597 3684 ὁ
1623 3633 1730 3703 γὰρ
1756 3636 1986 3704 ἀριθμὸς

411 3713 626 3782 πρῶτος
683 3718 901 3787 στερεὸς
935 3719 1028 3770 καὶ
1081 3720 1299 3790 πρῶτος
1356 3724 1533 3785 ἰσάκις
1595 3727 1709 3788 ἴσος
1759 3729 1938 3789 ίσάκις
1971 3745 1982 3757 ·

409 3809 502 3858 καὶ
524 3807 609 3859 διὰ
641 3809 797 3862 τοῦτο
826 3811 898 3873 ὡς
924 3812 1137 3880 πρῶτος
1165 3813 1243 3883 τῷ
1266 3815 1348 3865 ἐνὶ
1374 3816 1726 3883 συνάπτεται,
1744 3818 1984 3887 δηλονότι
2011 3791 2054 3846 C

407 3899 473 3966 τῇ
505 3898 699 3970 πρώτῃ
730 3901 919 3969 μοίρᾳ,
946 3902 1154 3954 ἐκεῖθεν
1191 3903 1329 3972 ἔχων
1360 3906 1459 3976 τὴν
1489 3907 1769 3963 σύστασιν.

483 4073 573 4144 ιη’.
608 4076 666 4126 Ἦ
703 4076 758 4128 δὲ
782 4079 984 4148 ἑϐδόμη
1021 4085 1206 4151 μοῖρα,
1241 4085 1862 4142 ὲπτακαιεικοσιπὶασία
1888 4093 1985 4161 τῆς

408 4167 634 4236 πρώτης
660 4168 794 4222 οὖσα
815 4172 909 4223 καὶ
933 4173 1189 4244 δεύτερος
1213 4176 1377 4240 κύϐος
1404 4175 1538 4231 οὖσα
1578 4182 1796 4252 στερεὸς
1818 4182 1986 4236 ταύτὰ

405 4258 484 4328 τῷ
527 4259 632 4329 πρὸ
665 4261 854 4315 τούτου
906 4265 1165 4329 πέπονθε,
1210 4270 1303 4321 καὶ
1350 4271 1412 4324 τὺ
1469 4271 1672 4342 πλῆθος
1727 4273 1824 4341 μὲν
1876 4273 1984 4325 τῶν

405 4348 660 4415 γνώσεων
711 4353 959 4423 καὶτὴν
1016 4359 1094 4418 εἰς
1148 4362 1298 4427 τρεῖς
1359 4360 1666 4424 διαστάσεις
1730 4364 1984 4434 meum

405 4441 757 4513 παρίστησιν.
805 4445 1157 4516 ’Υπερὸαίνει
1179 4451 1236 4502 δὲ
1261 4451 1353 4502 καὶ
1382 4445 1540 4513 οὗτος
1570 4453 1660 4506 τὸν
1689 4461 1735 4521 γ’
1770 4457 1863 4508 καὶ
1893 4457 1982 4507 τὸν

401 4530 467 4596 θ’,
505 4531 600 4585 τοῦ
637 4533 736 4602 μὲν
763 4536 1160 4602 ἐννεαπλάσιος
1192 4539 1290 4604 ὢν,
1322 4542 1414 4594 τοῦ
1448 4544 1500 4594 δὲ
1527 4546 1870 4613 τριπλάσιος,
1909 4544 1982 4602 ὧν

402 4625 464 4677 τὸ
498 4625 596 4694 μὲν
630 4627 949 4696 τριπλάσιον
984 4632 1134 4692 ἐντὸς
1170 4628 1238 4702 ἦν
1287 4636 1343 4686 ὲν
1403 4637 1635 4706 ἑτέροις,
1680 4638 1739 4690 τὸ
1780 4640 1836 4692 δὲ
1892 4643 1980 4692 ὲν-

403 4717 729 4772 νεαπλάσιον
755 4721 850 4773 καὶ
885 4722 1015 4773 αὐτὸ
1053 4723 1160 4775 ἀπὸ
1186 4725 1280 4776 τοῦ
1314 4725 1357 4779 θ’
1391 4728 1526 4796 πρὸς
1550 4729 1610 4780 τὸ
1637 4738 1684 4783 α’
1723 4731 1979 4795 σώζεται.

401 4809 500 4861 Διὰ
528 4809 684 4862 τοῦτο
716 4810 776 4863 τὸ
808 4811 996 4882 πόρρω
1034 4815 1127 4865 καὶ
1177 4815 1400 4884 στερεὸν
1432 4818 1727 4890 ἐπταδικὸν
1766 4821 1792 4871 ὁ
1823 4819 1980 4888 λόγος

401 4902 564 4955 τιθεῶ
609 4904 686 4973 τῷ
727 4905 806 4956 ἐνὶ
861 4907 1223 4973 συνάπτεται,
1281 4911 1373 4963 καί
1428 4911 1670 4981 ὑπερϐάς
1716 4917 1784 4965 τὰ
1817 4915 1976 4981 μέσα,

402 4995 662 5062 ἀναφέρει
689 4996 786 5059 τὰς
816 4996 1155 5066 περατώσεις
1190 5003 1291 5069 τῆς
1321 5000 1500 5070 ψυχῆς
1534 5004 1625 5053 ἐπὶ
1686 5003 1782 5073 τὴν
1818 5005 1980 5073 ἀκρό-

403 5100 561 5152 τητα.

477 5376 812 5463 (ιφροςιιτ.
852 5380 1084 5463 érithm.
1148 5380 1240 5463 lib.
1273 5397 1336 5463 ιι,
1388 5397 1436 5462 e.
1583 5383 1664 5463 .(p.
1698 5383 1836 5437 1029
1886 5384 1972 5436 ed.

405 5436 582 5501 Ba‘sil:
605 5449 787 5515 1546).
823 5469 839 5499 ι
857 5451 1003 5504 SlCUl
1018 5489 1032 5512 ,
1053 5453 1250 5517 inquit,
1273 5436 1971 5532 lu'ngitudini"nunteroruin

403 5517 544 5569 aliud
589 5520 950 5584 intervallum,
995 5523 1043 5573 id
1080 5532 1193 5602 est,
1230 5524 1598 5603 superﬁciem,
1636 5533 1693 5603 ut
1726 5523 1972 5603 _lal.ittnlo

404 5590 806 5653 ostenderetur,
829 5591 1146 5655 adiecimus,
1176 5593 1251 5643 ita
1284 5607 1419 5643 nunc
1462 5591 1754 5654 latitudini,
1782 5592 1827 5645 si
1857 5596 1973 5660 quis

2173 2543 2257 2595 17.
2292 2545 2451 2599 Sexta
2489 2565 2636 2618 pars,
2671 2556 2856 2619 prima:
2903 2565 3140 2632 octupla,
3192 2584 3313 2624 cum
3365 2576 3512 2631 nulla
3570 2583 3675 2636 alia

2103 2636 2361 2688 rationein
2385 2637 2612 2708 hahens,
2649 2661 2831 2702 rerum
2849 2653 3212 2721 cognitionem
3247 2662 3446 2720 indicat
3478 2673 3544 2722 ad
3565 2680 3677 2741 ter-

2104 2723 2228 2774 tiam
2265 2724 2653 2784 dimensiunem
2686 2735 3098 2814 (progressam),
3133 2749 3198 2800 ad
3249 2723 3672 2819 profunditatem

2104 2814 2350 2869 videlicet
2381 2822 2461 2872 vel
2513 2826 2936 2884 crassitudinem
2995 2836 3077 2889 vel
3121 2814 3484 2900 altitudinem.
3531 2851 3679 2916 ρηο-

2102 2904 2242 2957 niam
2274 2917 2475 2973 autent,
2512 2923 2694 2982 utpote
2729 2919 2795 2972 ad
2828 2921 2960 2977 alias
2991 2928 3256 2984 rationem
3293 2949 3397 2990 non
3446 2939 3673 3008 habens,

2095 3012 2214 3048 cum
2251 3000 2423 3066 prima
2455 3006 2820 3077 conjungitur,
2846 3015 2970 3083 quia
2995 3020 3200 3077 scilicet
3223 3028 3392 3082 cubus
3423 3042 3525 3098 est,
3560 3038 3672 3091 sic-

2093 3097 2148 3140 ut
2178 3092 2420 3156 proxime
2449 3110 2704 3164 sequens,
2745 3112 2798 3156 et
2857 3120 2922 3159 ex
2957 3125 3181 3168 numero
3217 3117 3426 3175 binario
3448 3133 3500 3176 et
3534 3141 3673 3194 qua-

2092 3183 2329 3237 ternat'io
2363 3185 2418 3237 lit
2443 3224 2456 3247 .
2505 3205 2682 3258 neque
2715 3196 2783 3248 ad
2822 3196 2973 3253 illum
3026 3207 3378 3273 quadruplam
3405 3183 3669 3273 rationem

2091 3286 2264 3340 neque
2295 3277 2360 3330 ad
2402 3279 2545 3335 hunc
2572 3281 2790 3351 duplam
2825 3293 3094 3359 sequitur,
3128 3302 3220 3352 sed
3265 3317 3384 3356 eam
3418 3309 3670 3380 (tuetur),

2089 3379 2225 3431 qum,
2267 3368 2452 3433 prima:
2507 3377 2717 3442 oetupla
2755 3418 2768 3441 ,
2838 3380 2934 3436 has
2984 3401 3197 3457 quoque
3269 3399 3668 3464 complectitur.

2100 3454 2255 3509 ltatio
2279 3471 2460 3515 autem
2491 3467 2554 3517 ad
2589 3470 2761 3532 prima
2799 3472 3021 3531 reﬂectit
3052 3490 3316 3547 extrema.
3352 3504 3418 3542 ne
3448 3506 3671 3559 prorsus

2095 3547 2161 3600 ab
2189 3565 2295 3603 uno
2324 3553 2566 3619 Srjuncta
2597 3559 2722 3624 sint,
2752 3566 2867 3627 sed,
2901 3570 3110 3625 etiamsi
3164 3577 3314 3631 varia
3346 3580 3452 3645 sit,
3503 3599 3668 3640 unum

2096 3642 2246 3706 quasi
2274 3643 2323 3694 in
2368 3644 2541 3700 locum
2581 3652 2866 3708 scientiam
2918 3665 3347 3728 comprehendit.
3402 3672 3669 3732 Numerus

2093 3733 2236 3785 enim
2272 3735 2433 3803 (ejus)
2464 3739 2670 3796 solidus
2700 3746 2906 3813 primus
2929 3752 3054 3822 (est)
3075 3761 3670 3834 etzequaliterazqualis

2088 3825 2407 3892 mqualiter,
2453 3837 2843 3903 quamobrem,
2893 3853 2949 3895 ut
3000 3859 3123 3898 cmn
3174 3867 3281 3906 uno
3333 3863 3670 3918 cannectitur

2087 3915 2325 3981 primus,
2354 3918 2471 3986 (sic
2517 3922 2640 3990 ille)
2679 3941 2800 3981 cum
2835 3932 3006 3998 prima
3044 3939 3254 3994 scilicet
3303 3956 3455 4012 parte
3478 3988 3492 4013 ,
3525 3954 3668 4006 unde

2089 4004 2535 4064 eotfszitutionem
2564 4031 2720 4070 suam
2761 4019 2944 4076 habet.

2160 4096 2246 4152 18.
2285 4098 2519 4170 Septima
2554 4120 2700 4174 pars,
2728 4126 2847 4179 qua:
2872 4127 3077 4184 septem
3116 4131 3166 4174 et
3197 4124 3388 4194 viginti
3420 4134 3666 4199 partibus

2085 4188 2315 4256 primam
2351 4206 2589 4263 praestat,
2625 4216 2848 4272 quaeque
2890 4207 3025 4263 alter
3062 4188 3496 4277 cubus‘solidus
3549 4237 3663 4289 est,

2087 4282 2275 4335 eodem
2309 4287 2483 4348 modo,
2521 4303 2627 4357 quo
2661 4295 2924 4363 proxima,
2957 4310 3038 4354 est
3079 4303 3290 4370 allecta.
3321 4321 3372 4363 et
3417 4315 3663 4370 multitu-

2086 4373 2265 4428 dinem
2299 4380 2661 4447 cognitiomun
2715 4399 2764 4441 et
2809 4391 2859 4441 in
2906 4401 3015 4446 tres
3073 4396 3436 4457 dimensiones
3483 4421 3666 4463 acces-

2087 4465 2293 4519 sionem
2326 4469 2377 4521 itt
2419 4475 2658 4527 medium
2693 4479 2919 4544 profert.
2957 4484 3179 4540 Excedit
3210 4506 3422 4560 quoque
3452 4510 3662 4565 (nume-

2089 4560 2198 4627 rus)
2231 4562 2316 4613 ille
2350 4562 2685 4638 (numerum)
2722 4570 2784 4623 Ill
2818 4584 2870 4626 et
2903 4574 2967 4626 ΙΧ
2997 4617 3010 4641 ,
3053 4581 3141 4631 nui
3179 4597 3368 4637 novem
3416 4560 3661 4654 partibus

2087 4661 2366 4720 prestans,
2399 4657 2552 4712 alteri
2581 4663 2769 4727 tribus,
2802 4680 3095 4735 eorumque
3131 4672 3196 4736 is,
3222 4676 3308 4741 qui
3338 4678 3527 4746 triplus
3553 4695 3658 4746 est,

2083 4743 2286 4811 jamdiu
2321 4747 2532 4802 ineStin
2562 4753 2803 4822 reliquis,
2851 4762 2941 4826 qui
2996 4776 3124 4814 vero
3172 4780 3362 4818 novem
3416 4774 3662 4837 partibus

2086 4839 2255 4906 major
2296 4849 2426 4904 est,
2470 4854 2522 4895 et
2579 4845 2692 4911 ipse
2737 4863 2764 4899 a
2815 4866 3038 4906 numero
3094 4852 3158 4906 IX
3190 4859 3252 4909 ad
3286 4857 3658 4926 [pet-ducitur.

2087 4925 2264 4991 Quare
2297 4933 2436 4986 ratio
2471 4937 2741 5000 proposita
2778 4939 2847 5004 id,
2879 4943 3021 5009 quod
3049 4961 3210 5012 porro
3241 4961 3322 5000 est
3354 4946 3658 5023 (excurrit),

2085 5031 2139 5071 et
2173 5023 2400 5076 solidum
2434 5029 2763 5096 septemplcx
2792 5047 2913 5085 cum
2947 5051 3051 5087 uno
3077 5038 3354 5106 cenjungit
3383 5079 3398 5104 ,
3444 5059 3614 5112 caque
3642 5087 3657 5108 ,

2014 5130 2058 5186 υ
2089 5126 2206 5177 Quae
2241 5114 2577 5168 mediastmt
2605 5157 2620 5181 ,
2662 5129 2998 5189 transgressa
3047 5130 3416 5183 extremitates
3467 5148 3659 5189 altlliliB

2091 5209 2155 5254 ad
2193 5219 2458 5257 sumntum
2495 5208 2764 5277 fastigium
2805 5215 2960 5269 tollit.

2091 5389 2252 5439 addat
2314 5404 2449 5465 eam.
2507 5408 2623 5458 qua:
2671 5395 2807 5447 alias
2866 5399 3116 5462 altitudo,
3167 5406 3298 5456 (ilius
3337 5410 3652 5465 crassitudo!

2089 5458 2221 5508 alias
2254 5459 2590 5527 profunditas
2626 5466 2946 5532 appellatur,
2969 5458 3195 5525 solidum
3225 5481 3435 5531 numeri
3459 5496 3655 5547 cmpus

2196 5527 2316 5547 ηιμ,
2453 5530 2465 5547 .

2089 5527 2341 5595 υκριριιιι.
2391 5551 2405 5580 ι
2451 5527 2676 5586 Ιαικῐιεκζ
