4450 6448
402 371 535 436 1117

1211 384 1621 446 ΕΧΡΟΞΙΤΙΟ
1650 386 2180 454 ORACULORUM
2215 394 2853 460 CHALDAICORUM.

3535 396 3677 464 1118

480 490 824 561 Ἐπταπόρου
861 492 1044 563 σύρων
1076 494 1216 548 κατὰ
1234 494 1520 568 βαθμίδος,
1551 499 1618 571 ἢν
1646 498 1773 566 ὕπο,
1801 501 1984 574 δεινῆς
2016 512 2061 568 Α
2094 505 2304 569 Αὐτοὺς
2336 506 2393 561 δὲ
2428 508 2507 578 (8)
2537 508 2684 579 χθὼν
2714 508 3071 581 κατοδύρεται
3105 510 3163 574 ὲς
3200 509 3369 566 τέκνα
3398 511 3616 582 μέχρις.

482 585 753 653 Ἀνάγκης
789 586 979 656 θρόνος
1011 587 1148 642 icti.

395 677 495 729 Σόν
528 677 637 748 γὰρ
666 675 742 746 (5)
777 679 998 746 ἀγγεῖον
1025 679 1190 750 θῆρες
1227 681 1416 752 χθονὸς
1445 686 1783 756 οἰκήσουσιν.

395 771 485 839 Μὴ
517 771 582 824 σύ
616 770 689 841 (6)
734 771 782 840 γ’
812 772 1014 839 αὓξανε
1046 776 1147 846 τὴν
1180 778 1528 849 εἱμαρμένην
1554 796 1567 811 ·

472 867 546 918 Οὐ
579 867 689 935 γὰρ
719 867 828 919 ἀπὸ
859 870 1139 938 πατρικῆς
1169 870 1343 940 ἀρχῆς
1385 872 1578 936 ἀτελές
1612 890 1663 926 τι
1696 868 1974 945 τροχάζεί.

406 958 546 1010 Ἀλλ’
579 959 681 1012 οὐκ
701 960 1007 1029 εἰσδέχεται
1034 963 1225 1034 κείνης
1253 958 1314 1017 τὸ
1340 963 1522 1018 θέλειν
1537 966 1804 1037 πατρικὸς
1826 969 1974 1034 νοῦς,

463 1053 673 1123 Μέχρις
709 1054 776 1109 ἂν
814 1055 1004 1128 ἐξέλθῃ
1029 1056 1223 1127 λήθης,
1263 1059 1357 1111 καὶ
1396 1059 1547 1132 ῥῆμα
1576 1060 1812 1131 λαλήσῃ,

462 1146 701 1217 Μνήμην
721 1147 796 1217 (7)
815 1140 1081 1220 ἐνθεμένη
1116 1152 1389 1220 πατρικοῦ
1415 1150 1757 1223 συνθήματος
1781 1152 1973 1221 ἁγνοῦ.

393 1239 513 1308 Χρὴ
559 1256 613 1291 σς
653 1240 905 1294 σπεύδειν
936 1240 1073 1311 πρὸς
1103 1241 1166 1296 τδ
1216 1240 1386 1311 φάος,
1430 1241 1528 1297 καὶ
1576 1244 1713 1313 πρὸς
1761 1245 1976 1316 πατρὸς

1226 1330 1227 1333 “
1658 1335 1891 1410 [αὑγὰς,

499 1425 671 1478 Ενθεν
705 1425 965 1497 ἐπέμφθη
990 1444 1075 1481 σοι
1102 1427 1251 1499 ψυχὴ
1285 1429 1454 1485 πολὺν
1477 1429 1755 1503 ἑσσαμένη
1791 1433 1937 1487 νοῦν.

397 1567 514 1631 subj
553 1577 657 1625 cet.
709 1569 931 1622 trahens
999 1578 1049 1623 te
1105 1570 1171 1624 de
1229 1572 1414 1626 limine
1477 1573 1709 1630 habente
1764 1581 1971 1643 septem
2008 1577 2055 1636 B

398 1669 631 1719 meatus,
663 1659 849 1712 suhter
870 1660 1015 1728 quod
1051 1661 1308 1715 horrendi
1344 1661 1436 1716 fati
1470 1665 1629 1719 sedes
1653 1674 1757 1718 est.

467 1749 637 1804 Tuum
664 1754 807 1805 enim
834 1767 929 1806 vas
957 1753 1142 1807 bestiae
1172 1762 1331 1809 teme
1359 1756 1619 1811 incolo-ot.

468 1843 545 1896 Tu
575 1858 736 1910 porro
759 1844 863 1895 noli
892 1843 1001 1899 fato
1029 1845 1159 1899 dare
1186 1845 1606 1903 incrementum:
1636 1866 1807 1920 neque
1830 1854 1974 1906 cuitu

395 1955 421 1988 a
453 1937 772 2002 pr:rfectura
826 1942 1024 1992 summi
1079 1938 1172 1993 Dei
1232 1941 1609 2008 imperfectum
1664 1946 1793 2012 quid
1847 1961 1971 2011 pro-

392 2030 555 2085 cedit.

468 2127 529 2175 At
565 2140 691 2177 vero
724 2125 938 2177 animus
962 2133 1226 2192 paternus
1253 2127 1581 2180 voluntatem
1606 2129 1749 2181 illius
1782 2131 1974 2183 anime

393 2232 498 2267 non
527 2217 783 2281 admittit,
805 2217 972 2271 donec
987 2218 1563 2283 exieritahobliviuue,
1579 2231 1628 2273 et
1653 2223 1871 2274 verbum
1894 2224 1975 2276 di-

393 2324 478 2361 xct
495 2309 553 2373 it,
578 2309 833 2362 memoria
867 2319 1054 2364 tenens
1078 2322 1325 2365 sanctum
1346 2322 1629 2378 paternum
1650 2314 1969 2383 symbolum.

465 2403 869 2470 Properandnm
918 2404 1010 2456 tibi
1054 2414 1136 2456 est
1190 2407 1258 2458 ad
1315 2406 1492 2458 lumen
1534 2414 1585 2457 et
1634 2406 1969 2473 splendor-mu

397 2495 763 2559 Patris,uude
808 2496 967 2549 tuissa
1026 2506 1108 2550 est
1162 2498 1365 2558 anima,
1414 2496 1633 2550 multam
1693 2500 1971 2569 complexa

394 2599 652 2642 mentem.

2076 595 2272 665 Ψυχῆς
2293 596 2603 670 ὲξωστῆρες
2635 602 2899 656 ὰνάπνοοι
2933 601 3152 657 εὖλυτοί
3180 605 3347 660 εἰσιν.

2078 689 2251 759 Λαιῆς
2280 692 2338 743 ὲν
2370 692 2598 760 λαγόσιν
2630 696 2836 764 κοίτης,
2875 697 3083 766 αρετῆς
3114 698 3243 751 πέλε
3278 699 3429 771 πηγὴ
3456 740 3469 759 .

2082 784 2271 839 Ἐνδυν
2304 787 2398 855 ὃλη
2434 788 2729 857 μίμνουσα,
2766 792 2829 843 τὸ
2858 791 3133 861 παρθένον
3169 792 3247 859 (9)
3280 794 3342 846 οὐ
3381 797 3664 862 προϊεῖσα.

2078 874 2238 946 Ψυχὴ
2275 879 2386 948 (10)
2416 881 2447 949 ὴ
2489 880 2746 950 μερόπων
2777 881 2900 935 θεὸν
2928 883 3084 951 ἄγξει
3117 902 3235 947 πως
3274 885 3331 947 ὲς
3365 887 3590 958 ἑαυτὴν,

2079 969 2244 1023 Οὐδὲν
2273 971 2468 1041 θνητὸν
2501 974 2722 1043 ἔχουσα,
2751 974 2845 1047 δλη
2876 974 3063 1029 θεόθεν
3098 978 3466 1047 μεμέθυσται·

2162 1064 2456 1134 ’Λρμονὶαν
2484 1070 2639 1134 αὐχεῖ
2658 1071 2784 1137 γὰρ,
2823 1062 2976 1141 ὑφ”ᾖ
3014 1070 3143 1123 πέλε
3184 1071 3346 1139 σῶμα
3393 1071 3669 1142 βρότειον.

2080 1154 2232 1209 Ὀττι
2265 1157 2410 1227 ψυχὴ
2447 1159 2492 1227 (Ι
2514 1161 2559 1223 Ι)
2591 1160 2701 1230 πῦρ
2732 1161 2964 1231 δυνάμει
2996 1163 3202 1231 πατρὸς
3229 1163 3363 1216 οὖσα
3399 1164 3665 1231 φαεινὸν,

2163 1248 2453 1311 manus;
2482 1267 2538 1302 τε
2572 1250 2684 1319 (12)
2743 1253 2920 1321 μένει,
2948 1253 3043 1306 καὶ
3074 1254 3222 1322 ζωῆς
3252 1252 3501 1315 δεσπότις
3526 1256 3669 1319 ἐστὶ,

2152 1341 2260 1394 Καὶ
2297 1342 2440 1411 ἴσχει
2477 1341 2589 1409 (l5)
2616 1342 2824 1412 κόσμου
2860 1344 3030 1399 πολλὰ
3050 1343 3401 1415 πληρώματα
3426 1345 3665 1401 κόλπων.

2086 1435 2330 1503 Ζήτησμν
2368 1436 2717 1504 παράδεισον.

2156 1575 2306 1642 ipsos
2340 1587 2483 1631 terra
2506 1575 2660 1630 deﬂet
2693 1592 2869 1646 usque
2900 1578 2965 1631 ad
3001 1577 3160 1631 lilios.

2155 1670 2480 1740 Expulsnres
2504 1672 2721 1734 anitum,
2751 1671 3021 1740 respirare
3051 1669 3336 1735 facientes,
3368 1680 3489 1722 sunt
3515 1670 3664 1725 solu-

2078 1762 2215 1817 biles

2150 1903 2399 1956 Siuistris
2426 1903 2477 1955 in
2508 1902 2668 1955 ilibus
2695 1900 2910 1965 cuhilis,
2947 1899 3029 1952 vis
3079 1899 3298 1952 virtutis
3339 1900 3484 1952 intus
3549 1905 3659 1960 est,

2080 1993 2225 2046 intus
2260 2004 2365 2045 tota
2400 2009 2647 2055 manens,
2684 1991 3050 2062 virginitatem
3084 2005 3189 2044 non
3217 1990 3533 2059 projiciens.

2146 2088 2337 2138 Anima
2368 2088 2645 2138 hominum
2687 2085 2851 2138 Detltu
2899 2084 3253 2137 vehementer
3306 2084 3371 2134 ad
3429 2082 3664 2148 seipsatu

2076 2180 2392 2246 conjunget.
2447 2178 2583 2231 nihil
2644 2176 2874 2230 mortale
2934 2175 3159 2234 habens.
3220 2184 3330 2229 tota
3405 2174 3669 2229 divinitus

2078 2271 2341 2324 inebriata
2368 2282 2483 2325 est:
2550 2269 2889 2324 harmoniam
2937 2267 3083 2322 enim
3122 2266 3314 2336 jactat,
3351 2268 3402 2321 in
3441 2282 3550 2336 qua
3579 2277 3669 2323 est

2081 2366 2376 2417 humanum
2414 2379 2633 2433 corpus.

2149 2499 2413 2566 Quendam
2446 2501 2622 2553 anima
2650 2500 2790 2564 ignis
2816 2508 2901 2553 est
2926 2498 3146 2552 lucidus
3169 2504 3441 2567 potestate
3465 2493 3665 2559 Patris,

2083 2606 2261 2646 manet
2300 2594 2647 2657 immortalis,
2675 2605 2730 2648 ct
2759 2594 2880 2648 vita:
2904 2601 2989 2647 est
3011 2591 3232 2647 domina
3259 2606 3275 2644 :
3312 2597 3365 2643 et
3400 2589 3659 2657 quoniam

1587 2681 1872 2738 JGANNIS
1908 2685 2228 2741 OPSOl‘Ul-Il
2274 2685 2498 2740 NllT/E.

395 2779 682 2845 δνθρωπός
711 2781 859 2832 ἐστιν
909 2780 937 2833 δ
972 2780 1371 2833 διδάςκιιιπ).τ>ιν
1411 2780 1695 2832 ιἰπνώοντα
1738 2781 1791 2834 δὲ
1838 2783 1970 2845 Θεὸς

391 2847 457 2922 ἧς
486 2852 847 2921 ὲνεκάρπισεν
871 2852 1064 2919 ἀὶκῆς.
1091 2850 1221 2922 ὥστ’
1248 2853 1309 2901 αὖ
1324 2852 1407 2902 τὸν
1429 2848 1567 2903 εἶναι
1596 2853 1655 2903 τὸ
1682 2854 1973 2918 μανθάνειν

393 2920 454 2973 τε
486 2922 577 2973 καὶ
621 2920 913 2987 τυγχάνειν
945 2940 959 2952 ·
1012 2924 1074 2974 τὸ
1130 2920 1238 2987 γὰο
1294 2922 1632 2987 ὲγκαρπέσιι
1668 2922 1762 2973 ναὶ
1805 2923 1969 2976 πλέον

394 2994 511 3045 ἐστὶ
536 2990 631 3044 τοῦ
658 2990 882 3055 διδάξαι.
939 2991 994 3045 ΙιΙ
1030 3001 1134 3053 est,
1169 3010 1188 3042 ι
1212 2990 1268 3044 Si
1317 2994 1436 3049 ltttis
1486 3007 1611 3043 vero
1643 2994 1817 3049 ntauni
1858 3010 1970 3045 ιιιοο

396 3064 561 3115 tuenti
620 3077 739 3113 csse
797 3063 1091 3115 athitretur
1154 3063 1491 3114 evectionem
1537 3062 1600 3115 ad
1659 3065 1962 3124 θυμω-ἴηνα,

395 3132 764 3197 itnagiuatinni
824 3142 1002 3185 autem
1068 3132 1223 3184 fidem
1281 3148 1382 3183 uou
1448 3134 1663 3189 haheat,
1707 3135 1964 3185 dubitans

2160 2787 2268 2843 (tm
2313 2784 2508 2845 Ψυχή.
2555 2784 2689 2837 Tres
2754 2787 2854 2838 hos
2929 2799 3116 2839 versus
3182 2785 3370 2851 paucis
3428 2783 3663 2853 explicat

2084 2857 2354 2908 Μπςίιίιις
2416 2856 2504 2906 lib.
2563 2873 2681 2910 λιιι.
2742 2870 2865 2922 cap.
2919 2855 2973 2919 4,
3023 2857 3094 2908 ita
3170 2856 3462 2909 scribens:
3502 2852 3522 2907 ι
3558 2852 3659 2920 Qui

2084 2928 2428 2987 Phantasia"!
2480 2927 2590 2978 vult
2625 2926 2807 2988 silere,
2845 2941 2907 2978 ac
2940 2927 3101 2977 etiam
3135 2925 3375 2991 supremi
3412 2924 3663 2979 Numinis

2078 2998 2349 3048 desiderio
2382 2998 2639 3055 ﬂagrans.
2669 2995 2948 3049 consuetis
2981 2996 3206 3049 rationis
3242 2996 3505 3050 naturalis
3546 2995 3665 3049 tlil-

2077 3068 2326 3118 οιιτςίειιις
2387 3083 2493 3118 non
2559 3067 2805 3126 confidit,
2867 3068 2979 3119 sola
3042 3066 3171 3118 vivit
3226 3075 3429 3129 mente,
3480 3066 3664 3119 evadit

2075 3139 2314 3197 angelus.
2353 3147 2407 3189 et
2443 3147 2553 3190 toto
2582 3136 2727 3204 capit
2758 3147 2977 3203 pectore
3009 3136 3198 3190 Deum.
3236 3136 3363 3189 Haec
3390 3135 3661 3204 significat

395 3220 519 3285 ωιτη
553 3218 647 3269 per
693 3202 871 3284 ipsius
907 3204 1243 3285 .conrortjum
1292 3203 1509 3285 lie-itam
1548 3202 1691 3254 illam
1730 3204 1961 3285 couiuu-
1994 3228 2036 3285 ρ
2073 3207 2364 3259 Zoroaster
2400 3225 2412 3260 :
2458 3202 2661 3259 Anima
2701 3207 2982 3259 hominum
3040 3205 3205 3257 Deum
3252 3202 3660 3273 quodammodo

392 3276 628 3326 ctionem
657 3275 871 3338 asscqtti
907 3272 1085 3334 liceat,
1129 3273 1171 3324 is
1203 3273 1380 3325 audiat
1415 3288 1569 3326 sacra
1602 3274 1817 3325 oracula
1844 3290 1963 3342 qum

394 3347 458 3395 de:
485 3342 712 3395 diversis
737 3344 838 3395 viis
870 3342 1171 3409 proferunt.
1207 3341 1463 3407 Equidem
1498 3355 1609 3406 pOSt
1642 3350 1805 3395 tdt'tttt
1832 3362 1964 3393 ctt-t-

395 3414 748 3467 lucrationem
783 3413 1206 3466 domesticorum
1266 3412 1631 3465 subsidioruiu
1684 3414 1747 3463 τιεί
1787 3413 1963 3466 subli-

391 3487 621 3538 miorem
684 3482 1112 3544 meditationi-tn,
1179 3497 1274 3550 per
1309 3497 1469 3550 quam
1529 3483 1753 3536 facultas
1808 3484 1968 3533 datm-

391 3568 575 3607 semen
605 3554 833 3605 interius
861 3553 1245 3620 amplificandi,
1283 3553 1375 3606 llis
1410 3553 1627 3618 quidem
1663 3554 1965 3620 (inquiunt)

371 3623 616 3678 'litminis
667 3624 1030 3686 cognitionem
1101 3623 1346 3675 doctrina
1413 3624 1735 3689 acquisitam
1787 3625 1959 3686 dt-dit,

392 3695 528 3749 alios
563 3708 690 3746 vero
745 3693 908 3747 e'iam
942 3693 1269 3745 dormientes
1298 3693 1564 3745 seminum
1601 3694 1815 3746 virtutis
1856 3710 1967 3746 su-e

392 3765 686 3834 participes
719 3762 867 3834 fecit.
922 3762 1084 3815 Vides
1139 3774 1305 3834 ntuex
1341 3762 1571 3834 adverso
1605 3764 1967 3816 distinxerunt

392 3831 801 3900 disciplinarum
829 3832 1164 3886 felicitatem.
1194 3831 1293 3886 Hie
1325 3832 1541 3895 quidem
1571 3834 1712 3887 inter
1742 3834 1969 3901 vigilan-

393 3907 520 3958 dum
554 3903 775 3971 (aiunt),
826 3906 914 3958 ille
949 3919 1079 3957 vero
1116 3903 1257 3957 inter
1289 3902 1667 3957 dormiendum
1702 3906 1966 3959 eruditur.

394 3975 559 4043 Atqui
592 3974 905 4042 vigilantem
937 3975 1097 4029 homo
1124 3982 1206 4027 est
1249 3974 1340 4043 qui
1389 3973 1566 4028 docet.
1606 3991 1619 4027 :
1671 3975 1966 4029 dormienti

394 4061 522 4099 vero
561 4045 699 4098 Deus
737 4058 848 4097 sure
906 4045 1126 4099 virtutis
1174 4045 1382 4097 semina
1449 4043 1705 4105 infundit,
1777 4045 1848 4096 ita
1912 4053 1970 4097 ut

394 4117 535 4169 idem
562 4115 632 4171 sit
660 4115 872 4168 discere
928 4123 982 4169 et
1044 4115 1320 4181 consequi.
1356 4110 1491 4167 Nam
1549 4116 1753 4167 semina
1785 4115 1971 4168 indere

392 4196 448 4240 et
496 4186 650 4256 quasi
696 4185 1018 4256 implantare
1053 4185 1283 4256 plusest
1322 4199 1485 4252 quam
1506 4187 1723 4256 docere.
1766 4184 1969 4256 rliude

398 4251 750 4311 manifestum
777 4251 861 4310 est
891 4254 942 4309 id
975 4251 1117 4323 quad
1146 4251 1487 4320 Nicephorius
1518 4253 1584 4306 ad
1619 4254 1759 4307 hunc
1793 4255 1967 4307 lucum

395 4334 641 4388 adnotat,
660 4325 947 4395 Synesium
975 4324 1198 4379 oracula
1226 4326 1391 4377 multa
1424 4324 1639 4379 silentio
1666 4326 1968 4389 transiisse,

394 4411 493 4451 nec
520 4398 727 4461 integra
752 4395 1031 4451 recitasse.

465 4468 543 4536 (5)
576 4466 696 4519 Σὸν
734 4466 867 4534 γὰρ,
901 4476 1009 4519 etc.
1042 4463 1313 4519 Marsilius
1342 4463 1567 4536 chintts
1604 4462 1694 4516 lib.
1755 4479 1862 4536 rvit
1891 4464 1969 4517 De

2070 3278 2341 3332 contrahit
2369 3278 2418 3330 in
2445 3278 2703 3342 scipsam.
2728 3279 2947 3341 quando
2975 3275 3108 3329 nihil
3136 3277 3378 3330 retinens
3406 3276 3658 3340 mortale,

2072 3360 2179 3399 tota
2240 3348 2437 3399 divinis
2497 3347 2787 3401 haustibus
2845 3347 3175 3399 inebriatur.
3230 3343 3388 3403 Tunc
3441 3357 3659 3417 quoque

2067 3419 2304 3470 exsultat
2338 3418 2389 3470 iu
2429 3417 2674 3481 corporis
2707 3417 3073 3470 harmoniam.
3121 3435 3140 3468 ι

2142 3489 2252 3549 (tl)
2280 3490 2445 3541 Ὂττι
2486 3485 2681 3555 ⁴ψυχή.
2707 3484 2854 3541 Idem
2885 3485 3026 3540 libro
3052 3494 3107 3539 et
3130 3486 3308 3553 capite
3338 3487 3498 3541 dictis
3529 3501 3656 3541 ver-

2070 3574 2160 3608 Sus
2191 3560 2394 3619 aliquot
2428 3574 2458 3610 e
2494 3558 2852 3624 sequentibus
2881 3557 2987 3609 huc
3016 3556 3310 3624 translatos
3340 3558 3558 3612 ordinat
3602 3576 3613 3608 :

2070 3630 2234 3680 ’Πττι
2271 3629 2442 3695 ψυχὴ
2467 3622 2586 3685 πῦρ
2624 3628 2877 3696 δυνάμει
2924 3626 3154 3693 Πατρός
3192 3622 3351 3681 οὖσα
3390 3627 3659 3695 φαεινὸν,

2080 3700 2369 3767 Ἠγείσθω
2398 3698 2605 3768 ψυχῆς
2634 3699 2830 3765 ,ϐάθος
2864 3697 3185 3768 ἄμϐροτον,
3227 3696 3459 3767 ὄμματα
3482 3697 3659 3839 665p-

3366 3830 3367 3833 η
3582 3784 3659 3833 ην

3582 3784 3661 3833 ην

2073 3841 2254 3895 Πάντ’
2286 3840 2634 3895 ἐκπέτασον
2661 3840 2807 3894 ἀνω.

2070 3912 2237 3979 Μηδὲ
2255 3912 2320 3965 τὸ
2340 3910 2450 3976 τῆς
2475 3911 2628 3977 ὕλης
2651 3912 2970 3965 σκύϐαλον
2987 3908 3231 3979 κρημνῷ
3253 3908 3657 3977 tantadem-nc.

2072 3982 2125 4036 Id
2144 3993 2247 4047 est,
2266 3983 2356 4035 illo
2376 3983 2669 4047 interprete
2693 3999 2706 4035 :
2733 3980 3031 4047 «Quoniam
3052 3982 3230 4033 anima
3250 3995 3345 4049 per
3359 3980 3654 4046 potentiam

2070 4052 2251 4108 Patris
2280 4054 2337 4107 tit
2392 4052 2531 4120 ignis
2562 4051 2896 4119 splendidus,
2931 4050 3244 4105 demittetur
3273 4052 3324 4105 in
3354 4059 3405 4104 te
3431 4050 3658 4104 immor-

2074 4124 2196 4177 talis
2236 4122 2577 4186 profunditas
2606 4122 2823 4185 auitnze,
2876 4129 2930 4174 et
2964 4120 3152 4176 oculos
3180 4135 3369 4175 omnes
3395 4134 3497 4173 una
3531 4120 3658 4174 tolle

2074 4194 2126 4247 in
2168 4194 2356 4247 altum.
2397 4191 2555 4246 Tunc
2588 4206 2766 4260 neque
2797 4195 2963 4245 etiam
3002 4191 3286 4246 materiale
3318 4191 3493 4260 ipsum
3536 4204 3659 4244 cor-

2072 4280 2169 4332 pus
2197 4263 2492 4334 prtecipitio
2527 4259 2891 4334 det-elingues.
2920 4280 2938 4313 ι
2978 4260 3160 4331 Ignem
3197 4261 3435 4334 appellat
3480 4259 3657 4334 lucem

2074 4330 2267 4397 ipsam.
2300 4348 2402 4397 qua
2438 4334 2701 4385 exulierat
2735 4332 2878 4386 Deus
2908 4330 3019 4400 per
3036 4345 3113 4392 se,
3134 4341 3189 4385 et
3218 4330 3398 4385 anima
3426 4330 3655 4400 perivitn

2072 4404 2250 4457 Patris
2275 4417 2537 4456 conversa
2585 4403 2637 4454 in
2688 4399 3194 4456 Patrem'abundat.
3253 4402 3317 4455 Et
3356 4400 3483 4467 quia
3518 4399 3661 4454 Deus

2075 4485 2156 4529 est
2189 4476 2298 4542 ipsa
2342 4472 2525 4525 unitas
2561 4487 2725 4539 super
2749 4481 2985 4525 mentem
3016 4482 3069 4525 et
3107 4482 3355 4524 centrum
3387 4472 3657 4542 essentia-

395 4532 700 4630 θῑιέξῐίεξῖξῐη
729 4532 1970 4630 ,ῖεῗῖῗέἓὶίθηὲῗἱῗιιὲῗῐξ.υξῖλῖξῖΐ2“ἓῖἱῑ..¹ἔὲ.θί
2005 4575 2047 4630 ι)
2424 4532 2745 4630 θεεετηιίέηιν
2784 4543 3156 4630 “etiam”
3193 4542 3380 4623 υιείιυτ
3432 4540 3506 4594 il"
3562 4554 3659 4630 ρετ

396 4608 675 4671 sequentia
729 4605 982 4676 plurima,
1035 4605 1364 4676 ascribit’et
1412 4605 1486 4658 ita
1537 4605 1966 4673 interpretatur:

401 4697 418 4728 ι
447 4676 620 4730 Tuum
653 4674 748 4730 vas
780 4676 968 4730 bestia
1004 4685 1162 4731 terrae
1198 4674 1467 4730 habitant.
1496 4693 1515 4725 ›

467 4747 542 4816 (6)
594 4748 690 4813 Μὴ
746 4746 851 4807 σὺ.
894 4756 1001 4816 etc.
1046 4746 1191 4801 Idem
1226 4744 1502 4816 Marsilins
1538 4742 1634 4816 lib.
1686 4759 1807 4816 χιιι.
1861 4759 1969 4799 nott

393 4812 552 4885 longe
578 4818 644 4872 ab
674 4812 850 4874 initio.
896 4813 1005 4871 «Ne
1030 4825 1084 4871 tu
1131 4830 1331 4887 augeas
1358 4814 1555 4881 fatum,
1593 4812 1791 4887 inquit,
1817 4819 1971 4883 quasi

394 4891 447 4942 in
479 4900 569 4941 tuo
601 4887 826 4942 arbitrio
854 4887 925 4942 sit
959 4889 1152 4941 cedere
1175 4886 1285 4941 fato
1316 4894 1480 4955 atque
1506 4899 1612 4939 non
1647 4886 1891 4940 cedere.»

461 4959 543 5081 (7)
598 4958 879 5027 Μνήμην,
915 4968 1025 5012 etc.
1060 4955 1224 5012 Hune
1262 4971 1484 5011 versum
1543 4963 1597 5010 et
1652 4967 1969 5025 sequentem

480 5037 563 5081 ert
597 5027 815 5081 Ficinus
861 5028 954 5081 lib.
989 5044 1018 5081 χ
1072 5028 1138 5081 de
1184 5025 1597 5081 immortalitate
1640 5026 1969 5081 animorum.

394 5025 563 5084 refert
597 5025 815 5083 Ficiiius
861 5028 954 5083 lib.
989 5044 1018 5081 κ
1072 5028 1138 5082 de
1184 5025 1597 5082 immortalitate
1640 5026 1972 5088 animorum,

393 5116 516 5166 cap.
553 5113 668 5163 \Ill,
709 5113 832 5154 cum
858 5101 958 5153 hac
988 5097 1437 5169 interpretatione
1470 5111 1485 5148 :
1527 5096 1971 5169 «Ascendendum

394 5172 492 5223 tibi
537 5178 621 5225 est
669 5169 735 5224 ad
787 5170 965 5223 lumen
1028 5166 1204 5237 ipsum
1257 5177 1315 5223 et
1359 5166 1538 5221 Patris
1587 5168 1792 5230 radios,
1832 5170 1974 5237 unde

396 5239 570 5293 infusa
626 5251 709 5295 est
757 5239 852 5294 tibi
896 5236 1076 5294 anima
1125 5238 1294 5293 multo
1343 5239 1542 5292 mentis
1595 5237 1799 5291 lumine
1858 5236 1973 5290 cir-

392 5311 660 5369 cumfusa.
693 5330 711 5361 ι

468 5382 545 5452 (8)
601 5381 830 5452 Αὐτοὺς
868 5380 955 5443 δέ,
993 5389 1104 5452 etc.
1134 5377 1307 5452 illatus
1326 5378 1505 5452 codex
1558 5378 1720 5449 regite
1776 5376 1971 5431 biblio-

399 5449 567 5505 thectr
597 5451 758 5506 habet
798 5451 834 5505 ἃ
863 5452 899 5504 ἃ
928 5451 1053 5514 τοὺς
1087 5450 1146 5504 δέ
1171 5465 1185 5480 ’
1214 5449 1469 5504 similiter
1501 5459 1730 5503 accentu
1764 5456 1968 5502 tantum

397 5531 622 5577 tnutato.
674 5523 981 5590 eruditione
1032 5520 1346 5590 praestantis
1388 5520 1488 5572 viri
1543 5517 1970 5590 Sanctandreaui

396 5593 675 5657 exemplar
698 5588 731 5644 ἆ
761 5588 794 5644 ἆ
819 5592 945 5654 τοὺς
964 5587 1207 5659 δὲ’χθὼν,
1236 5600 1365 5655 ctc.,
1400 5598 1687 5657 utrumque
1726 5587 1972 5657 σχετλια-

398 5662 599 5723 στικῶς
629 5664 695 5715 ah
730 5664 821 5724 alt,
853 5662 934 5715 vel
965 5663 1063 5713 heu
1094 5664 1213 5716 heu.

468 5731 545 5798 (9)
581 5731 906 5800 Παρθένον.
941 5728 1159 5800 Regina:
1206 5730 1484 5799 exemplar
1533 5728 1699 5785 refert
1739 5727 1801 5780 τὸ
1833 5746 1968 5798 παρ-

396 5802 575 5855 θένιον
603 5801 892 5872 προϊοῦσα,
926 5814 1116 5872 contra
1149 5802 1308 5855 metri
1342 5802 1607 5867 regulam,
1655 5814 1967 5872 quanquam

396 5873 449 5927 id
480 5887 587 5928 non
618 5869 812 5946 ubique
844 5869 894 5930 in
925 5874 1025 5930 hec
1068 5870 1365 5945 fragmento
1395 5874 1739 5928 observatum
1769 5869 1860 5926 sit.

2079 4623 2312 4667 mentem
2351 4612 2586 4680 proprie,
2625 4613 2720 4667 sed
2746 4627 2841 4681 per
2873 4612 3135 4681 unitatem
3169 4611 3387 4671 anima.
3416 4624 3535 4680 qua:
3574 4619 3657 4664 est

2080 4685 2275 4738 mentis
2326 4691 2511 4750 caput,
2565 4680 2919 4745 centrumque
2952 4680 3118 4735 totius
3153 4682 3388 4745 animae,
3449 4681 3660 4735 idcirco

2078 4756 2212 4807 dicit
2258 4752 2549 4805 Zor0astct‘
2581 4769 2594 4803 :
2626 4751 2798 4804 Ducat
2863 4763 2915 4804 te
2954 4751 3150 4805 anime
3182 4750 3524 4819 profunditas
3560 4750 3661 4804 im-

2077 4823 2362 4885 mortalis,
2425 4822 2476 4873 id
2562 4831 2646 4876 est
2712 4821 2889 4875 unitas
2936 4822 3090 4888 ipsa,
3149 4835 3313 4891 quam
3380 4821 3658 4891 impressit

2076 4893 2350 4960 quondam
2408 4891 2549 4946 Deus
2606 4892 2811 4945 animae.
2862 4900 3125 4959 tanquam
3172 4890 3415 4960 unitatis
3461 4890 3661 4946 divinae

2078 4959 2473 5021 characterem,
2511 4978 2540 5015 a
2581 4977 2685 5029 qua
2739 4973 2793 5015 et
2843 4961 2908 5014 ad
2944 4976 3109 5030 quam
3138 4974 3329 5015 omnes
3358 4959 3480 5015 alite
3511 4961 3657 5014 vires

2077 5035 2288 5095 animm,
2320 5034 2471 5099 quasi
2500 5046 2530 5085 a
2566 5041 2758 5086 ceutro
2786 5040 2841 5086 et
2872 5032 2936 5085 ad
2969 5038 3218 5085 centrum
3243 5045 3435 5085 omnes
3468 5031 3660 5086 circuli

2079 5105 2232 5158 liueat
2263 5103 2520 5173 pendent.
2537 5122 2554 5152 ι

2150 5169 2275 5244 (12)
2305 5173 2631 5244 Ἀθὰνατός
2668 5188 2752 5225 τε.
2790 5170 3064 5244 Marsilius
3100 5169 3197 5225 lib.
3231 5169 3403 5244 v,_7De
3445 5170 3662 5226 animo-

2077 5239 2195 5300 rum
2232 5243 2660 5307 immortalitate,
2679 5256 2799 5311 cap.
2821 5256 2909 5295 xiv
2934 5258 2950 5311 ι
2985 5259 3003 5291 ε
3030 5239 3356 5311 Immortalis
3374 5249 3575 5305 manet,
3596 5257 3661 5297 ac

2078 5318 2203 5369 vitae
2232 5314 2452 5383 domina
2482 5324 2560 5367 est
2589 5331 2602 5378 ;
2634 5329 2689 5383 q.
2709 5310 2762 5365 d.
2789 5313 2910 5365 ideo
2932 5310 3260 5383 immortalia
3289 5321 3499 5377 manet,
3524 5313 3659 5383 quia

2080 5386 2240 5440 habet
2279 5381 2449 5437 vitam
2493 5380 2871 5450 pedisequam,
2915 5381 3078 5437 sicuti
3113 5381 3193 5434 sol
3227 5380 3424 5450 lucem,
3459 5381 3657 5450 crinita

2078 5470 2315 5509 comam.
2335 5471 2352 5506 ι
2386 5453 2519 5507 \‘ide
2545 5449 2742 5506 locum.
2771 5451 3098 5507 Docetenim
3118 5450 3230 5505 illic
3257 5449 3395 5517 fuse,
3416 5449 3656 5505 animam

2078 5527 2248 5585 abire,
2281 5525 2605 5580 adveniente
2640 5533 2836 5585 morte,
2867 5538 2971 5578 non
3006 5522 3177 5592 perdi.

2148 5595 2262 5663 (l5)
2300 5596 2410 5650 Kal
2449 5595 2630 5660 ἴσχει,
2668 5603 2775 5647 etc.
2820 5594 2965 5647 Idem
3009 5590 3102 5645 lib.
3154 5606 3229 5655 tv,
3261 5606 3382 5663 cap.
3413 5590 3604 5663 ultimo
3639 5608 3652 5643 :

2083 5660 2362 5721 «Profecto
2388 5665 2620 5717 animam
2655 5664 2827 5732 ipsam
2856 5676 2976 5716 esse
3009 5662 3410 5732 quodammodo
3445 5660 3654 5732 omnia,

2076 5744 2141 5790 de
2176 5752 2277 5803 qua
2308 5735 2594 5788 Zot'oaster
2623 5729 2731 5786 ait:
2770 5729 3166 5786 Mundaudrum
3208 5733 3425 5787 sinuum
3457 5729 3654 5785 multas

2076 5808 2437 5877 p'cuitudincs
2476 5804 2908 5869 comprehcndit.
2950 5821 2967 5852 ι
