4450 6448
807 402 949 468 11Ξ3

2013 394 2436 458 MICIIAELIS
2478 394 2741 456 PSELLI

3936 398 4077 464 ιιει

1450 709 3437 835 ἼΠΥΥΣΟΦΩΤΑΤΟΥ¹ΕΕΑΔΟΥ

2282 954 2616 1009 ΕΞΠΓΗΣΙΣ

1694 1139 1865 1223 ΕΙΣ
1956 1140 2099 1222 ΤΑ
2192 1134 2761 1222 ΧΑΛΔΑΙΚΑ
2840 1138 3178 1226 ΛΟΓΙΑ

2394 1352 2454 1364 .-

1468 1501 2746 1620 ΞΑΡΙΕΝἹἼΞΒΙΜΙ
2874 1506 3449 1621 PSELLI

2234 1744 2648 1807 EXPOSITIO
2742 1770 2745 1773 '

1693 1918 1821 2003 IN
1882 1915 2429 2008 ORACULA
2501 1922 3210 2011 CHALDAICA.

818 2279 915 2333 Est
946 2282 1104 2333 etiam
1138 2280 1423 2335 simulacro
1457 2284 1602 2337 locus
1640 2301 1766 2338 suus
1798 2288 1852 2361 in
1906 2290 2116 2357 regione
2164 2292 2393 2361 undique
2426 2300 2471 2355 Α

1799 2355 1871 2429 [et
1903 2355 2112 2413 omnino
2135 2355 2333 2416 lucide.

887 2442 1031 2498 Idola
1070 2444 1185 2498 sive
1214 2442 1503 2499 simulam
1530 2446 1785 2503 dicuntur
1808 2466 1834 2503 a
1866 2444 2229 2522 philosophis,
2280 2472 2400 2525 quae

823 2536 1109 2604 coagenita
1171 2534 1388 2604 quidem
1426 2548 1547 2590 sunt
1605 2541 2105 2607 praestantioribus,
2160 2554 2398 2599 attamen

815 2628 922 2681 illis
971 2626 1227 2682 inferiora
1284 2638 1339 2682 et
1393 2628 1687 2685 deteriora.
1748 2633 1989 2702 Exempli
2041 2637 2237 2705 gratia,
2293 2636 2401 2691 Deo

822 2734 976 2773 utens
1000 2716 1286 2793 congenita
1319 2732 1425 2786 est,
1450 2723 1621 2776 menti
1644 2724 1822 2777 anima
1856 2727 2083 2782 rationis
2111 2730 2399 2798 particeps,

822 2811 1016 2865 anima:
1066 2814 1275 2867 ratione
1319 2815 1558 2882 praedita:
1586 2815 1943 2881 irrationalis,
1970 2818 2271 2873 irrationali
2300 2837 2397 2874 na-

825 2915 967 2967 Iura,
1024 2917 1231 2959 natum
1285 2921 1501 2974 corpus,
1532 2920 1580 2960 et
1610 2911 1825 2975 corpori
1890 2913 2137 2967 materia.
2196 2914 2400 2969 ldolnm

820 2992 1009 3059 itaque
1038 3004 1091 3047 et
1125 2994 1303 3064 imago
1331 2995 1421 3048 Dei
1457 3011 1613 3051 mens
1635 3008 1740 3061 est,
1788 3001 1985 3054 mentis
2005 3003 2184 3055 anima
2229 3004 2403 3059 ratio-

822 3086 983 3148 nalis,
1040 3086 1237 3140 anima:
1298 3088 1579 3142 rationalis
1632 3090 1990 3157 irrationalis,
2072 3092 2405 3151 irratiOualis

823 3189 1037 3244 natura,
1066 3189 1274 3233 naturae
1301 3196 1522 3249 corpus,
1545 3184 1788 3251 corporis
1821 3186 2065 3238 materia.
2102 3185 2198 3240 llic
2222 3198 2401 3241 autem

821 3270 1190 3324 irrationalem
1229 3273 1468 3326 animam
1501 3285 1660 3327 Vocat
1708 3276 2066 3331 Chaldaicum
2118 3280 2404 3335 oraculum

827 3360 1020 3414 anima:
1074 3362 1353 3415 rationalis
1388 3362 1766 3430 simulacrum,
1810 3381 1876 3419 eo
1922 3368 2064 3435 quod
2133 3370 2259 3423 huic
2318 3371 2405 3423 illa

824 3462 1056 3504 connata
1074 3464 1177 3518 est,
1194 3454 1285 3506 sed
1303 3455 1611 3509 conditione
1627 3454 1865 3510 inferiori
1886 3474 1899 3508 :
1916 3458 2097 3529 aitque
2114 3461 2405 3515 simulacro

821 3556 1027 3613 partem
1057 3546 1373 3599 attributam
1398 3561 1517 3601 esse
1549 3549 1600 3600 in
1646 3549 1865 3617 regione
1890 3552 2243 3621 undiqnaque
2284 3556 2397 3607 col-

2575 2292 2742 2346 Ἕστι
2774 2289 2872 2345 καὶ
2901 2288 3130 2355 εἰδώλῳ
3153 2289 3325 2358 μερὶς
3351 2290 3441 2356 εἰς
3464 2287 3653 2342 τόπον
3676 2284 4080 2357 ἀμφιφάοντα.

2570 2450 2782 2504 Είδωλα
2808 2450 2884 2520 (1)
2919 2448 3139 2517 λέγεται
3168 2446 3323 2519 παρᾶ
3345 2448 3458 2509 τοῖς
3488 2444 3825 2514 φιλοσόφοις,
3854 2442 3921 2495 τὰ
3952 2460 4087 2511 συμ-

2505 2544 2609 2613 φυῆ
2637 2544 2735 2612 μὲν
2760 2541 3092 2613 κρείττοσιν,
3115 2542 3375 2594 ἐλάττονα
3397 2540 3454 2593 δὲ
3473 2539 3700 2592 ἐκείνων
3722 2536 4085 2607 τυγχάνοντα)

2502 2632 2614 2689 οἷον
2650 2636 2905 2705 συμφυὴς
2951 2638 2979 2689 ὁ
3030 2634 3154 2695 νοῦς
3202 2634 3281 2705 τῷ
3311 2634 3452 2703 Θεῷ,
3490 2633 3582 2686 καὶ
3611 2631 3689 2701 τῷ
3721 2631 3795 2700 νῷ
3825 2631 3858 2700 ή
3892 2630 4086 2697 λογικὴ

2501 2730 2670 2799 ψυχὴ,
2720 2734 2816 2782 καὶ
2846 2731 2913 2799 τῇ
2948 2728 3141 2799 λογικῇ
3173 2728 3319 2798 ψυχῇ
3355 2729 3388 2797 ἡ
3423 2728 3639 2794 ἄλογος,
3687 2726 3782 2777 καὶ
3807 2727 3873 2794 τῇ
3905 2723 4089 2792 ἀλόγῳ

2503 2825 2536 2893 ή
2572 2822 2760 2891 φύσις,
2797 2824 2891 2875 καὶ
2937 2824 3004 2893 τῇ
3057 2821 3217 2891 φύσει
3247 2823 3307 2873 τδ
3338 2821 3521 2891 σῶμα,
3550 2818 3753 2888 καὶτῷ
3790 2817 4001 2887 σώματι
4052 2818 4086 2887 ἡ

2507 2915 2629 2986 ὕλη.
2668 2914 2901 2968 Εἴδωλον
2937 2914 3035 2983 μὲν
3061 2913 3155 2966 τοῦ
3195 2914 3295 2984 μὲν
3335 2912 3495 2978 Θεοῦ,
3527 2914 3555 2965 ὁ
3580 2911 3723 2974 νοῦς·
3750 2911 3846 2965 τοῦ
3875 2911 3933 2964 δὲ
3967 2910 4085 2974 νοῦ,

2504 3012 2537 3077 ἡ
2569 3007 2763 3077 λογικὴ
2787 3005 2956 3075 ψυχή’
2994 3008 3090 3076 τῆς
3115 3005 3172 3058 δὲ
3202 3005 3429 3074 λογικῆς
3458 3004 3661 3074 ψυχῆς,
3719 3002 3914 3070 ἄλογος
3941 3019 3953 3031 ·
3988 3002 4088 3069 τῆς

2505 3101 2561 3153 δὲ
2591 3100 2812 3169 ἀλόγου,
2847 3103 2879 3170 ή
2910 3100 3093 3169 φύσις,
3129 3100 3227 3168 τῆς
3251 3099 3307 3152 δὲ
3338 3099 3578 3168 φύσεως,
3607 3097 3668 3149 τὸ
3697 3096 3881 3165 σῶμα.
3909 3094 4003 3147 τοῦ
4030 3094 4089 3147 δὶ

2510 3188 2783 3254 σώματος,
2818 3188 2851 3256 ή
2900 3186 3023 3257 ὕλη.
3062 3184 3331 3239 Ἐνταῦθα
3364 3183 3422 3237 δὲ
3452 3182 3513 3236 τὸ
3566 3181 3872 3235 Χαλδαῖκὸν
3909 3181 4091 3246 λόγιον

2468 3311 2484 3321 -
2509 3278 2726 3331 εἴδωλόν
2759 3295 2894 3349 φησι
2950 3277 3050 3347 τὴν
3093 3276 3287 3342 ἄλογον
3316 3273 3495 3344 ψυχὴν
3528 3273 3627 3343 τῆς
3666 3271 3910 3340 λογικῆς.
3942 3270 4091 3337 Συμ-

2511 3370 2651 3439 qui];
2699 3370 2809 3439 γὰρ
2859 3370 2998 3436 αὐτὴ
3034 3368 3108 3438 (2)
3162 3368 3221 3418 ἐν
3268 3366 3348 3437 τῷ
3401 3365 3697 3435 ἀνθρώπῳ,
3747 3364 3841 3415 καὶ
3894 3362 4091 3430 χείρων

2512 3462 2749 3529 ἐκείνης.
2786 3460 2895 3513 Καί
2941 3475 3106 3528 φησιν
3135 3459 3219 3510 ὅτι
3252 3459 3346 3510 καὶ
3392 3456 3595 3525 εἰδώλῳ
3635 3454 3791 3525 μερίς
3822 3457 3972 3507 ἐστιν
4010 3455 4092 3515 εἰς

2510 3554 2676 3606 τόπον
2705 3554 3083 3621 ἁμφιφὰοντα,
3116 3551 3421 3615 τουτέστιν,
3456 3552 3490 3619 ή
3536 3548 3731 3617 ἄλογος
3781 3546 3928 3617 ψυχὴ
3968 3548 4093 3617 ήτις

820 3634 1079 3689 lustrata.
1126 3635 1244 3702 Quo
1268 3636 1540 3705 signiﬁcat
1567 3638 1804 3693 animam
1836 3641 2069 3696 rationis
2095 3654 2401 3712 expertem,
2440 3645 2477 3702 Β
2510 3648 2572 3698 ὲσ

2332 3663 2401 3711 ιιι,
2440 3645 2477 3702 B
2510 3647 2660 3698 ἐστὶν
2710 3644 2929 3697 εἴδωλον
2982 3644 3082 3714 τῆς
3136 3644 3365 3712 λογικῆς
3413 3642 3616 3713 ψυχῆς,
3650 3640 3988 3710 καθαρθεῖσα
4023 3639 4089 3691 δι’

821 3726 1250 3796 quaeimaginem
1279 3730 1474 3782 anima:
1494 3731 1701 3784 ratione
1725 3733 1965 3800 praedita:
2009 3736 2196 3801 refert,
2232 3739 2404 3789 virtu-

825 3829 934 3873 tum
958 3819 1162 3872 auxilio
1190 3820 1315 3872 dum
1341 3822 1391 3873 iu
1414 3822 1514 3874 hac
1534 3822 1642 3874 vita
1671 3824 2235 3891 tuoraturlustratam,
2276 3843 2339 3881 cu
2353 3844 2405 3878 r-

826 3908 999 3963 riculo
1048 3911 1172 3963 vita:
1220 3910 1470 3963 humana:
1508 3912 1659 3964 linito
1680 3912 1744 3966 ad
1763 3913 2035 3981 regionem
2064 3931 2185 3983 qua:
2242 3931 2405 3985 supra

823 4000 1006 4053 lunam
1035 4011 1118 4054 est
1147 4002 1345 4065 redire,
1379 4003 1538 4071 eique
1572 4016 1719 4057 sorte
1738 4005 2002 4074 assignari
2033 4010 2207 4060 locum
2252 4010 2410 4062 undi-

826 4103 934 4158 que
964 4088 1313 4155 luminosum,
1346 4092 1398 4145 id
1420 4101 1502 4146 est
1527 4094 1880 4149 circumcirca
1909 4106 1962 4149 et
1983 4098 2127 4150 omni
2160 4113 2222 4151 ex
2256 4109 2408 4168 parte

825 4178 1115 4246 splendore
1157 4180 1470 4250 fulgentem.
1500 4181 1635 4236 Nam
1672 4185 1764 4254 qui
1800 4185 1987 4241 subter
2020 4187 2201 4243 lunam
2256 4190 2407 4245 locus

824 4280 929 4333 est,
969 4271 1210 4340 undique
1243 4273 1624 4329 tenebricosos
1654 4285 1756 4340 est,
1780 4286 1837 4331 et
1862 4278 2218 4335 circumcirca
2271 4282 2406 4335 cali-

821 4365 948 4432 gine
982 4377 1187 4433 septus.
1222 4363 1457 4420 Lnnaris
1478 4383 1608 4421 vero
1635 4368 1944 4424 alternatim
1982 4372 2193 4427 lucidus
2214 4382 2267 4427 et
2311 4375 2409 4427 ob-

824 4469 1019 4508 scurus
1046 4466 1149 4518 est,
1182 4456 1283 4509 hoc
1310 4467 1396 4511 est
1432 4472 1537 4510 una
1562 4472 1628 4514 ex
1655 4470 1809 4528 parte
1834 4460 2040 4515 lmnine
2072 4462 2276 4528 clarus,
2340 4480 2405 4516 ex

824 4544 997 4600 altera
1053 4547 1293 4602 tenebris
1349 4547 1600 4620 oppletus
1660 4563 1675 4603 :
1735 4550 2190 4619 quemadmodum
2244 4554 2407 4606 etiam

827 4636 943 4706 ipsa
962 4636 1090 4690 luna
1124 4640 1298 4693 media
1332 4656 1396 4694 ex
1430 4650 1583 4712 parte
1610 4642 1911 4695 illuminata
1930 4652 2030 4707 est,
2052 4654 2105 4696 et
2140 4658 2205 4696 ex
2234 4645 2407 4697 media

826 4734 1207 4788 obtenebrata.
1234 4733 1411 4792 Locus
1440 4750 1563 4788 vero
1607 4735 1695 4788 ille
1716 4751 1878 4803 supra
1910 4735 2117 4800 lunam,
2154 4738 2408 4805 utrinque

827 4824 1039 4879 lucidus
1064 4835 1167 4891 est,
1219 4828 1334 4881 sive
1357 4827 1503 4881 omni
1542 4843 1603 4880 ex
1635 4838 1786 4896 parte
1841 4828 2208 4883 collustratus.
2270 4828 2309 4881 D
2336 4831 2410 4883 cit

832 4917 1018 4987 itaque
1054 4918 1358 4983 oraculum,
1397 4937 1501 4973 non
1552 4921 1726 4973 solum
1779 4924 1973 4973 animae
2010 4921 2219 4975 ratione
2272 4938 2409 4991 pra:-

2506 3736 2707 3804 ἀρετῆς
2760 3737 2819 3787 ὲν
2851 3732 2929 3803 τῷ
2984 3733 3106 3803 βίῳ,
3159 3734 3367 3786 ἄνεισιν
3400 3736 3477 3795 εἰς
3527 3732 3619 3784 τὸν
3672 3732 3813 3800 ὑπὲρ
3860 3731 4093 3799 σελήνην

2506 3829 2671 3879 τόπον
2706 3828 2845 3897 μετὰ
2874 3826 2972 3895 τὴν
3019 3826 3266 3878 διάλυσιν
3308 3824 3407 3893 τῆς
3455 3823 3549 3876 τοῦ
3584 3822 3875 3892 ἀνθρώπου
3923 3820 4089 3888 ζωῆς·

2506 3919 2603 3972 καὶ
2652 3917 3047 3989 ὲπικληροῦται
3082 3921 3162 3980 εἰς
3193 3918 3285 3969 τὸν
3313 3916 3577 3986 ἀμφιφαῆ
3599 3955 3614 3977 ,
3652 3913 3933 3968 τουτέστιν
3982 3915 4093 3981 ἅμα

2509 4010 2820 4081 φοτέρωθεν
2870 4010 3194 4079 λάμποντα,
3246 4010 3340 4062 καὶ
3384 4007 3690 4077 ὁλολαμπῆ.
3732 4008 3790 4058 Ὀ
3838 4006 3936 4076 μὲν
3983 4006 4092 4074 γὰρ

2509 4105 2614 4157 ὑπὸ
2649 4104 2883 4174 σελήνην
2932 4102 3098 4165 τόπος
3130 4103 3481 4172 ἁμφικνεφής
3511 4102 3650 4165 ἐστι,
3684 4102 3959 4153 τουτέστιν
3987 4101 4093 4166 ἁμ-

2510 4193 2819 4263 φοτέρωθεν
2857 4194 3153 4255 σκοτεινάς.
3196 4193 3257 4245 '0
3285 4192 3342 4246 δὲ
3374 4190 3715 4261 σεληνιακὺς,
3754 4190 4091 4261 ἑτεροφαὴς,

2510 4284 2542 4354 ἤ
2573 4285 2960 4355 ὲτεροκνεφήςσ
2996 4284 3265 4347 τουτέστι,
3291 4282 3370 4351 τῷ
3393 4282 3582 4352 ἡμίσει
3602 4281 3678 4352 (3)
3702 4280 4088 4351 περιλάμπων,

2508 4375 2586 4445 τῷ
2612 4376 2666 4427 δὲ
2703 4376 2894 4446 ἡμίσει
2927 4375 3155 4437 σκότους
3213 4375 3432 4443 μεστός.
3492 4375 3603 4426 Καὶ
3632 4373 3741 4442 γὰρ
3771 4372 3865 4425 καὶ
3888 4372 4024 4440 αὐτὴ
4058 4372 4090 4440 ἠ

2511 4469 2710 4537 σελήνη
2750 4468 2975 4537 τοιαύτη
3013 4468 3151 4530 ἐστὶ,
3185 4466 3263 4535 τῷ
3319 4467 3419 4535 μὲν
3464 4466 3657 4534 ἡμίσει
3703 4471 3859 4535 μέρει
3906 4481 4090 4531 πεφω-

2508 4559 2771 4626 τισμένη,
2830 4557 2925 4610 καὶ
2978 4558 3057 4625 τῷ
3105 4556 3293 4626 ἡμίσει
3345 4556 3677 4623 ἀφώτιστος.
3738 4555 3796 4606 '0
3840 4554 3897 4607 δὲ
3951 4554 4091 4623 ὑπὲρ

2513 4645 2746 4715 σελήνην
2794 4645 2957 4709 τόπος
2997 4647 3288 4714 ἁμφιφαής
3333 4643 3506 4709 ἐστιν,
3537 4644 3657 4713 ἢτοι
3695 4642 3868 4693 διόλου
3906 4657 4092 4707 asaro-

2510 4738 2788 4807 τισμένος.
2816 4736 2979 4803 Λέγει
3006 4732 3099 4788 οὖν
3130 4736 3189 4787 τὸ
3216 4734 3420 4802 λόγιον,
3444 4736 3526 4787 ὅτι
3555 4735 3615 4785 οὐ
3646 4734 3804 4803 μόνον
3838 4734 3871 4802 ή
3900 4732 4093 4799 λογικὴ

2512 4830 2657 4898 ψυχὴ
2693 4827 3106 4897 ἁποκληροῦται
3140 4828 3222 4889 εἰς
3243 4826 3335 4878 τὸν
3362 4827 3503 4897 ὑπὲρ
3535 4825 3766 4895 σελήνην
3796 4825 3961 4876 τόπον
4001 4822 4092 4875 τόν

2514 4920 2795 4990 ἀμφιφαῆ,
2820 4920 2955 4970 ἀλλὰ
2986 4918 3141 4988 μερίς
3168 4920 3284 4969 ἐστι
3314 4919 3405 4970 καὶ
3427 4916 3504 4985 τῷ
3532 4915 3737 4985 εἰδώλῳ
3757 4915 3950 4983 αὐτῆς.
3974 4915 4093 4983 ἦτοι

829 5010 953 5065 dita:
1012 5011 1422 5080 superlunarem
1456 5012 1602 5066 illam
1640 5014 1912 5082 regionem
1950 5013 2187 5084 undique
2247 5014 2404 5067 lumi-
2431 5003 2476 5063 C
2510 5016 2573 5082 τῇ

2339 5016 2404 5067 ti-
2431 5003 2476 5063 C
2510 5016 2573 5082 τῇ
2607 5012 2789 5081 ἀλόγῳ
2828 5010 2999 5079 ψυχὴ,
3050 5008 3513 5079 ἀποκληρωθῆναι
3567 5009 3647 5069 εἰς
3694 5008 3784 5058 τὸν
3834 5004 4092 5074 ἀμφιτραῆ

830 5117 1017 5157 nosam
1049 5118 1171 5158 esse
1202 5105 1557 5172 destinatam,
1592 5106 1685 5160 sed
1722 5107 1888 5160 etiam
1920 5107 2065 5161 illius
2108 5108 2398 5175 imaginem
2504 5108 2587 5154 τὸῖ

2333 5123 2398 5160 nn
2504 5108 2689 5166 τόπον,
2729 5103 2856 5153 ὅταν
2895 5099 3120 5168 διαυγὴς
3153 5099 3249 5151 καὶ
3286 5098 3504 5170 καθαρὰ
3539 5096 3729 5167 ἐξέλθῃ
3772 5096 3869 5150 τοῦ
3906 5096 4090 5164 σώμα-

830 5195 1070 5252 animam
1106 5197 1318 5252 brutam
1353 5198 1453 5253 hac
1476 5210 1624 5254 sorte
1646 5201 1906 5267 dotatam,
1935 5209 1993 5253 ut
2029 5202 2081 5253 in
2136 5201 2406 5270 regionem
2506 5215 2587 5262 τος

2336 5213 2406 5253 em
2506 5215 2619 5262 τος.
2674 5198 2738 5250 '0
2778 5198 2877 5266 μὲν
2909 5195 3019 5265 γὰρ
3058 5194 3374 5262 Ἐλληνικὸς
3416 5192 3573 5259 λόγος
3623 5189 3891 5243 ἀθάνατον
3922 5186 4093 5248 τιθεὶς

826 5286 973 5339 omni
999 5301 1063 5340 ex
1092 5298 1244 5356 parte
1277 5287 1508 5343 lucidam
1533 5292 1895 5355 adsciscatur,
1930 5292 2088 5346 modo
2124 5292 2405 5359 splendida
2506 5293 2583 5342 κα¹

2339 5292 2405 5345 da
2506 5293 2600 5342 καὶ
2631 5291 2727 5358 τὴν
2767 5290 2962 5357 ἄλογον
2992 5287 3086 5340 τοῦ
3118 5284 3408 5357 ἀνθρώπου
3432 5283 3633 5353 ψυχήν,
3662 5282 3823 5352 μέχρι
3852 5282 3962 5334 τῶν
3992 5280 4095 5334 ὑπὸ

827 5384 882 5430 et
910 5391 1043 5447 pura
1070 5393 1100 5431 e
1135 5394 1360 5447 corpore
1387 5380 1602 5434 exierit.
1654 5380 1966 5434 Graecorum
2000 5381 2279 5450 siquidem
2308 5383 2406 5435 do-
2506 5382 2584 5434 σε]

2336 5383 2406 5434 lo-
2506 5382 2741 5453 σελήνην
2788 5379 3074 5450 στοιχείων
3115 5377 3287 5447 αὐτὴν
3318 5377 3534 5443 ἀνάγει·
3585 5376 3646 5427 τὸ
3685 5375 3741 5428 δὲ
3790 5374 4093 5429 Χαλδαῖκὸν

2012 5516 2299 5574 JOANNIS
2328 5516 2655 5573 OPSOHEI
2698 5516 2928 5575 ΝΟΤΛΕ.

904 5638 1258 5708 (1)Εἵδωλα.
1300 5637 1451 5693 lianc
1477 5638 1639 5692 Pselli
1682 5638 2075 5708 expositionem
2123 5639 2408 5693 transtulit

831 5710 1100 5779 Gregoras
1129 5708 1463 5778 Nicephorus
1499 5710 1550 5761 iu
1584 5723 1682 5762 sua
1703 5710 1937 5773 scholia,
1973 5725 2091 5778 qua:
2126 5724 2409 5763 commen-

834 5791 978 5853 tatus
1012 5788 1276 5853 estsuper
1295 5780 1504 5853 librum
1539 5779 1756 5853 Synesii
1808 5779 1873 5835 de
1909 5780 2220 5847 insomniis,
2281 5795 2406 5850 pag.

831 5849 929 5909 ιιι
961 5856 1014 5903 et
1044 5849 1144 5903 Hii
1179 5850 1435 5905 editionis
1470 5849 1750 5904 l’arisiuzc.

2593 5637 2669 5706 (Ξ)
2693 5636 2878 5703 Αὺτή.
2914 5634 3223 5705 Legendum
3254 5643 3337 5687 est
3368 5634 3507 5702 αὐτῇ
3543 5649 3639 5704 pro
3681 5635 3840 5698 αὐτή,
3904 5649 4097 5703 nempe

2524 5712 2728 5762 auiulte
2761 5719 2971 5761 ratione
2991 5709 3249 5776 praedita).

2597 5776 2771 5847 (3)715
2811 5773 3039 5845 ἡμίσει.
3067 5778 3226 5831 Deest
3261 5777 3382 5847 μέν,
3426 5786 3483 5831 ut
3519 5791 3581 5828 ex
3655 5773 3985 5841 Sit-ephoro.
4043 5786 4097 5829 et

2525 5851 2770 5920 opposita
2795 5848 2851 5905 δὲ
2890 5849 3157 5918 particula
3192 5857 3446 5920 apparet:
3476 5847 3563 5917 Τῷ
3591 5848 3691 5916 μὲν
3719 5848 3924 5916 ἡμίσει.
