4450 6448
440 466 577 534 1129

1217 466 1630 528 EXPOSITIO
1669 457 2211 526 ORACULORUM
2241 456 2874 521 CHALDAICORUM.

3553 458 3694 525 1130

428 585 583 653 ἔργῳ
614 580 909 651 ἀνάγκης.
939 579 1211 643 τουτέστι,
1242 580 1303 634 τδ
1342 582 1439 649 τῆς
1489 578 1721 649 σελήνης
1748 578 2007 649 εὑτρογον
2038 580 2085 639 Α
2112 586 2185 626 ser

1962 592 2007 629 ›ν
2038 580 2085 639 Α
2112 585 2314 639 semper
2340 571 2670 624 necessitatis
2709 587 2866 637 opere
2899 571 3091 636 currit,
3127 569 3229 626 boc
3273 577 3381 638 est,
3430 584 3499 627 ne
3526 576 3719 640 anxie,

430 676 642 743 κίνημα
673 672 749 743 μὴ
781 670 1253 741 πολυπραγμόνει·
1291 670 1475 739 τρέχει
1515 669 1626 739 γὰρ
1656 668 1794 738 αὕτη
1830 667 1891 719 οὑ
1921 654 2010 719 διὰ

434 767 516 833 σὲ,
535 766 650 820 ἀλλ’
667 762 774 817 ὑπὸ
802 755 1115 834 ιξρείττονος
1140 762 1387 833 ἀνάγκης
1414 762 1680 832 ἀγομένη.
1712 758 2013 827 Ἀστέριον

432 858 820 929 προπόρευμα
845 855 1027 911 σέθεν
1048 855 1226 925 χάριν
1241 855 1353 907 οὐκ
1377 854 1692 924 ἐλοχεύθη,
1709 854 2008 919 τουτέστιν,

433 956 483 1006 οἱ
511 950 918 1023 προηγούμενοι
946 948 1057 1002 τῶν
1086 948 1347 1002 ἀπλανῶν
1378 947 1646 1015 ἀστέρων,
1676 946 1708 1016 ἢ
1741 946 1849 999 τῶν
1875 945 2014 1000 πλα-

433 1046 729 1115 νωμένων,
793 1044 855 1096 οὑ
914 1042 1075 1113 χάριν
1135 1040 1231 1095 σοῦ
1281 1042 1381 1112 τὴν
1440 1040 1745 1095 ὑπόστασιν
1796 1040 2006 1094 ἔλαϐον.

438 1139 671 1206 Αῑθριος
692 1136 950 1205 ὀρνίθων
968 1134 1208 1203 ταρσὸς,
1230 1134 1486 1198 πλατὺς,
1502 1133 1572 1186 οὐ
1594 1133 1725 1185 ποτ’
1745 1132 2004 1199 ἀληθής·

431 1229 736 1292 τουτέστιν,
772 1228 806 1295 ἡ
835 1226 925 1279 διὰ
959 1226 1073 1279 τῶν
1103 1226 1418 1295 πετομένων
1448 1225 1674 1295 ὀρνίθων
1699 1227 1754 1279 ὲν
1782 1225 1859 1295 τῷ
1886 1225 2012 1295 ἀέρι

433 1320 620 1389 τέχνη,
660 1318 726 1388 ἣν
755 1318 821 1387 δὴ
852 1320 946 1371 καὶ
975 1319 1319 1387 οἱωνιστικήν
1338 1318 1721 1386 ὀνομάζουσιν,
1744 1318 1842 1370 οὑκ
1865 1315 2011 1372 ἔστιν

435 1406 665 1481 ἀληθὴς,
697 1409 1175 1479 περιεργαζομένη
1209 1412 1437 1478 πτήσεις
1467 1409 1670 1472 αὑτῶν,
1712 1410 1809 1462 καὶ
1842 1409 2009 1479 κλαγ-

433 1503 559 1570 γάς,
596 1503 691 1555 καὶ
718 1503 1010 1572 καθέδρας.
1049 1502 1265 1571 Ταρσὸν
1296 1501 1352 1554 δὲ
1385 1503 1615 1565 πλατὺν,
1648 1501 1747 1572 τὴν
1769 1501 1877 1554 τῶν
1914 1519 2005 1555 πο-

433 1595 539 1647 δῶν
562 1594 743 1646 αὐτῶν
772 1593 923 1659 λέγει
959 1592 1117 1661 βάσιν
1154 1593 1413 1644 πλατεῖαν
1440 1591 1627 1655 οὖσαν,
1654 1591 1742 1645 διὰ
1775 1593 1872 1662 τὴν
1901 1593 2010 1646 τῶν

430 1683 709 1736 δακτύλων
745 1681 965 1734 ἔκτασιν
996 1682 1384 1751 διειργομένων
1418 1680 1496 1749 τῷ
1534 1682 1736 1751 μεταξὺ
1756 1682 2007 1751 δέρματι.

430 1774 542 1828 Kal
580 1773 805 1827 θυσιῶν
830 1772 1203 1842 σπλάγχνων
1230 1790 1292 1826 τε
1324 1773 1513 1840 τομαὶ,
1552 1774 1675 1826 τάδ’
1707 1775 2013 1842 ἀθύρματα

431 1865 649 1930 πάντα,
687 1871 988 1930 τουτέστιν,
1030 1868 1063 1932 ἡ
1108 1864 1303 1933 θυτικὴ
1346 1866 1658 1936 καλουμένη
1701 1867 2007 1935 ἐπιστήμη,

2117 662 2382 717 scruteris
2419 662 2557 715 lunae
2587 663 2873 717 volubilem
2899 672 3126 728 motuin,
3162 679 3267 719 non
3304 664 3451 719 enim
3475 673 3697 734 propter

2122 762 2175 806 te
2219 753 2394 806 currit
2427 751 2539 816 illa,
2586 754 2678 805 sed
2725 753 2961 823 agitatur
3008 770 3036 807 a
3078 756 3405 809 necessitate
3458 755 3691 825 potiore.

2119 842 2410 897 Stellarum
2445 859 2755 913 progressus
2797 853 2887 899 tua
2914 862 3078 900 causa
3128 848 3302 917 factus
3342 862 3446 899 non
3479 855 3591 910 est;
3638 847 3692 901 id

2119 946 2223 1000 est,
2257 935 2531 989 stellarum
2564 939 2728 990 duces
2748 937 3089 1005 acprazlecti,
3127 949 3234 992 tam
3273 941 3500 994 lixarum
3530 956 3690 1008 quam

2120 1026 2505 1095 erraticarum,
2536 1029 2827 1082 essentiam
2860 1028 2975 1083 sive
3004 1026 3362 1085 substantiam
3396 1048 3550 1087 suam
3584 1051 3690 1087 non

2121 1119 2174 1171 in
2226 1118 2299 1172 tui
2342 1118 2572 1189 gratiam
2609 1121 2751 1174 nacti
2779 1132 2927 1176 sunt.
2960 1121 3218 1177 Ait/aeria:
3270 1126 3450 1179 avium
3493 1127 3692 1195 planta:

2122 1211 2247 1263 lata:
2267 1227 2367 1263 non
2399 1219 2521 1263 sunt
2560 1226 2790 1271 veraces,
2820 1214 2870 1265 id
2902 1222 3009 1277 est,
3046 1229 3158 1280 ars,
3186 1230 3249 1267 ex
3270 1218 3449 1270 avium
3480 1218 3533 1271 in
3566 1233 3693 1273 aere

2124 1302 2423 1354 Volanlium
2491 1302 2864 1371 inspectione,
2931 1322 3091 1375 quam
3153 1308 3316 1361 etiam
3382 1312 3691 1378 auguralem

2120 1392 2403 1445 scientiam
2432 1393 2737 1456 nominant,
2776 1394 2991 1446 curiose
3032 1395 3239 1449 illarum
3269 1398 3527 1463 volatum,
3567 1416 3694 1468 gar-

2121 1485 2311 1547 ritum,
2360 1493 2413 1536 ει
2448 1484 2603 1538 sedes
2654 1485 2972 1549 observans,
3018 1500 3140 1540 vera
3192 1506 3296 1543 non
3341 1499 3446 1545 est.
3502 1489 3691 1545 Latam

2123 1586 2304 1627 autem
2351 1576 2586 1642 plantam
2623 1588 2804 1637 vocat,
2850 1577 3128 1630 dilatatum
3179 1583 3371 1649 pedmn
3418 1599 3689 1652 gressum,

2121 1666 2191 1719 ob
2241 1666 2531 1733 digitorum
2587 1668 2964 1721 enensionem
3007 1681 3129 1723 cute
3174 1671 3316 1725 inter
3355 1673 3473 1726 illos
3514 1675 3691 1727 media

2121 1772 2285 1824 quam
2325 1756 2642 1825 longissime
2665 1758 2906 1815 diducta.
2941 1760 3004 1813 Et
3038 1763 3374 1828 victimarum
3404 1766 3691 1819 viscerum-

2119 1868 2217 1915 que
2243 1852 2512 1915 sertiones,
2558 1854 2668 1905 ἠως
2710 1854 2887 1904 onmia
2930 1853 3157 1907 ludibria
3196 1868 3361 1919 sunt;
3397 1857 3446 1910 id
3476 1868 3691 1925 est,ars

431 1959 597 2026 ἤγουν
632 1960 664 2025 ἡ
697 1959 782 2011 διὰ
831 1958 940 2010 τῶν
988 1957 1188 2010 θυσιῶν
1243 1959 1349 2011 τῶν
1415 1960 1719 2029 μελλόντων
1770 1958 2008 2028 ζητοῦσα
2040 1951 2084 2008 Β
2115 1960 2188 1996 ειη

1931 1977 2008 2010 ,σα
2040 1951 2084 2008 Β
2115 1944 2477 2007 Sacriﬁcandi,
2509 1956 2614 1998 tam
2641 1962 2701 1999 ea
2739 1962 2856 2013 qua:
2891 1946 3067 2000 futura
3104 1965 3196 2016 per
3233 1951 3501 2014 victimas,
3528 1967 3688 2019 quam

430 2053 528 2121 τὴν
560 2051 889 2117 πρόγνωσιν,
922 2052 1015 2103 καὶ
1056 2050 1197 2120 assa:
1232 2053 1407 2121 τομῆς
1434 2052 1541 2104 τῶν
1577 2052 1872 2121 σπλάγχων
1898 2054 2006 2104 τῶν

433 2141 793 2210 σφαζομένων
840 2141 1077 2208 ἱερείων,
1110 2142 1339 2209 παίγνια
1383 2144 1522 2194 είσιν
1556 2142 1834 2212 ἄντικρυς.
1880 2143 2007 2211 Ἐμ-

429 2233 685 2301 πορικῆς
738 2231 973 2298 ἀπάτης
1005 2234 1405 2301 στηρίγματαο
1453 2234 1730 2286 τουτέστιν
1763 2235 2009 2303 ἀφορμαὶ

429 2327 653 2392 κέρδους
671 2324 983 2378 ἀπατειλαί.
1018 2325 1109 2391 Μὴ
1140 2327 1320 2377 τοίνυν
1350 2325 1528 2397 (φησὶ)
1564 2326 2007 2395 πολυπραγμόνει

429 2418 495 2468 σὺ
512 2416 947 2487 μαθητευόμενο;
965 2416 992 2466 ὑ
1004 2418 1056 2468 π’
1073 2418 1228 2486 ἐμοῦ,
1253 2416 1500 2486 μέλλων
1514 2419 1829 2483 εὐσεϐείης
1849 2419 2009 2487 ίερόν

424 2506 799 2574 παράδεισον
814 2506 1101 2576 ἀνοίγειν.
1122 2506 1288 2576 Ἱερὸς
1310 2507 1365 2559 δὲ
1387 2508 1709 2575 παράδεισος
1728 2509 2008 2571 εὑσεὸείας

432 2600 573 2651 κατὰ
625 2597 956 2659 Χαλδαίους,
1012 2598 1109 2667 οὑχ
1165 2597 1223 2651 ὃν
1277 2600 1310 2668 ἡ
1352 2598 1445 2651 τοῦ
1496 2602 1771 2662 Μωυσέως
1826 2601 2007 2668 βίὸλος

429 2689 612 2755 φησὶν,
639 2687 753 2739 ἀλλ’
783 2690 810 2740 ὁ
836 2686 1047 2756 λειμὼν
1071 2688 1179 2740 τῶν
1212 2689 1563 2758 ὑψηλοτάτων
1592 2692 1854 2762 θεωριῶν,
1879 2692 2008 2745 ἔνθα

429 2780 500 2832 τὰ
552 2782 775 2833 ποικίλα
807 2781 920 2833 τῶν
972 2784 1184 2851 ἀρετῶν
1232 2784 1442 2850 δένδρα,
1502 2788 1595 2837 καὶ
1648 2788 1706 2839 τὸ
1760 2786 1914 2851 ξύλον
1948 2790 2007 2840 ca

430 2874 732 2938 γνωστικὸν
761 2873 927 2926 καλοῦ
967 2875 1061 2925 καὶ
1101 2876 1365 2944 πονηροῦ,
1396 2876 1675 2929 τουτέστιν
1722 2880 1751 2945 ἡ
1798 2879 2006 2947 διακρι-

429 2964 555 3030 τικὴ
594 2964 874 3034 φρόνησις,
928 2968 962 3035 ἡ
1019 2966 1303 3035 διαιροῦσα
1357 2968 1417 3019 τὸ
1470 2973 1715 3038 κρεῖττον
1768 2972 1876 3023 ἀπὸ
1910 2973 2002 3024 τοῦ

430 3054 695 3123 χείρονος
724 3058 816 3108 καὶ
847 3061 903 3107 τὸ
929 3057 1086 3121 Ξύλον
1147 3058 1247 3127 τῆς
1314 3059 1483 3127 ζισιῆς,
1524 3064 1771 3114 τουτέστι
1801 3066 1858 3115 τὸ
1901 3082 2006 3131 φυ-

430 3141 520 3192 τὸν
578 3144 675 3210 τῆς
708 3143 854 3206 θείας
914 3145 1235 3213 ἐλλάμψεως
1286 3148 1385 3215 τῆς
1424 3153 1883 3222 καρποφορούσης
1942 3158 2006 3223 τῇ

428 3232 571 3302 ψυχῇ
626 3233 768 3303 ζωῖχν
823 3237 1123 3307 ἱερωτέραν
1183 3239 1277 3289 καὶ
1335 3240 1639 3306 κρείττονα.
1693 3244 1780 3294 Ἐν
1832 3246 2005 3314 τούτῳ

428 3326 561 3390 γυῦν
584 3326 662 3395 τῷ
696 3328 1005 3397 παραδείσῳ
1032 3332 1127 3381 καὶ
1153 3328 1321 3397 ἀρετὴ
1347 3332 1440 3382 καὶ
1468 3334 1627 3401 σοφία
1656 3336 1750 3387 καὶ
1774 3336 2003 3405 εὐνομία

429 3414 709 3482 φέρονται.
750 3418 906 3468 Ἐστι
943 3418 1000 3471 δὲ
1028 3420 1220 3490 ἀρετὴ,
1260 3419 1357 3490 μία
1392 3423 1488 3488 μὲν
1514 3424 1545 3491 ἡ
1573 3426 1785 3495 γενικὴ,
1810 3429 2005 3480 πολλαὶ

425 3504 483 3555 δὲ
512 3506 565 3554 αἱ
597 3505 719 3556 κατ’
748 3508 865 3576 εἴδη
892 3509 1298 3577 διαιρούμεναι.
1351 3514 1522 3581 Σοφία
1552 3514 1611 3566 δέ
1648 3519 1795 3568 ἐστιν
1824 3520 1854 3588 ἡ
1885 3519 2002 3571 τού-

426 3611 533 3646 των
581 3596 837 3649 ἀπάντων
883 3602 1225 3670 περιεκτικὴ,
1286 3606 1353 3671 ἣν
1408 3607 1483 3670 ὡς
1536 3608 1671 3676 μόνα
1708 3609 1943 3679 ἄρρητον
1977 3616 2004 3664 ὁ

427 3684 565 3750 θεῖος
598 3690 958 3756 προϐάλλεται
980 3692 1123 3753 νοῦς.
1156 3695 1274 3746 Τῶν
1305 3697 1369 3766 δὴ
1397 3699 1652 3752 τοιούτων
1677 3702 2001 3755 Χαλδαϊκῶν

425 3781 822 3847 παραινέσεων,
881 3784 952 3834 τὰ
1008 3783 1106 3851 μὲν
1155 3786 1326 3839 πλείω
1371 3790 1464 3841 καὶ
1510 3795 1628 3854 ταῖς
1683 3794 1803 3845 καθ’
1853 3798 1999 3865 ἡμᾶς

422 3868 740 3938 είσηγὴσεσι
764 3872 1043 3941 κατάδηλα
1068 3875 1184 3938 πῶς
1212 3879 1338 3930 είσι’
1357 3882 1478 3932 τινὰ
1507 3882 1561 3934 δὲ
1596 3885 1687 3935 καὶ
1713 3887 1996 3954 ἠθέτηται.

424 3958 528 4010 Τοῦ
558 3961 665 4028 γὰρ
696 3962 817 4015 καθ’
854 3965 999 4034 ἡμᾶς
1037 3966 1307 4037 δόγματος
1357 3970 1660 4044 διαρρήδην
1697 3979 1999 4043 φάσκοντος

421 4050 507 4102 διὰ
534 4052 626 4103 τὸν
682 4054 971 4123 ἄνθρωπον
999 4061 1098 4127 τὴν
1127 4062 1330 4132 όρατὴν
1365 4067 1691 4135 γεγενῆσθαι
1722 4070 1920 4133 κτίσιν,
1971 4074 1998 4123 ό

421 4141 688 4205 Χαλδαῖος
715 4144 805 4197 τὸν
834 4145 991 4213 λόγον
1024 4150 1083 4201 οὑ
1119 4153 1511 4223 παραδέχεται,
1557 4158 1670 4209 ἀλλ’
1700 4160 1883 4223 ἁῐδίως
1914 4162 1995 4213 τί·

423 4232 576 4286 θεται
608 4238 871 4289 κινεῖσθαί
901 4257 956 4291 τι
984 4243 1107 4293 κατ’
1132 4244 1386 4313 οὐρανὸν,
1416 4246 1580 4319 ἔργῳ
1602 4250 1866 4322 ἀνάγκης,
1901 4254 1997 4324 οὐχ

422 4323 611 4376 ἕνεκεν
645 4328 825 4396 ἡμῶν.

418 4451 577 4531 Anlffeo
604 4451 753 4524 [καὶ]
788 4456 1262 4531 ψιιχῆςῄὀχετὸν,
1287 4460 1427 4515 ὅθεν
1456 4463 1492 4531 ἢ
1524 4466 1638 4517 τίνι
1669 4466 1832 4531 τάξει

422 4523 653 4590 Σώμαὲι
678 4523 978 4592 θητεύσεις
1000 4523 1099 4581 ἐπὶ
1134 4523 1306 4595 τάξιν
1337 4523 1887 4607 ἰθὺςὶὶναστὴσεις,

529 4695 566 4709 ..
666 4658 818 4727 ἰερῷ
846 4662 1007 4731 λόγῳ
1034 4663 1209 4734 ἔργον
1240 4667 1494 4735 ἐνώσας.

484 4772 764 4837 Τουτέστι,
793 4774 947 4843 ζήτει
972 4779 1071 4846 τὴν
1101 4781 1389 4850 ἀρχὴντῆς
1422 4782 1619 4860 ψυχῆς,
1656 4786 1818 4838 πόθεν
1846 4807 1988 4860 παρ-

416 4863 561 4932 ήχθη
626 4864 724 4915 καὶ
767 4866 1048 4919 ἐδούλευσε
1083 4871 1330 4937 σώματι,
1369 4874 1464 4925 καὶ
1495 4857 1613 4937 πῶς
1647 4875 1713 4929 ἂν
1742 4894 1824 4940 τις
1853 4857 1986 4932 ταὺ-

413 4970 513 5023 την
550 4958 1002 5027 ἀνακτησάμενος
1039 4964 1129 5014 καὶ
1159 4965 1377 5034 ἐγείρας
1408 4965 1495 5020 διὰ
1521 4968 1630 5021 τῶν
1665 4969 1987 5027 τελεστικῶν

414 5044 611 5115 ἔργων,
663 5050 957 5121 παναγάγῃ
986 5052 1110 5104 ὅθεν
1131 5054 1379 5122 delicate“
1405 5058 1539 5126 ἱερῷ
1552 5059 1712 5128 λόγῳ
1733 5060 1983 5127 ενώσας·

412 5136 571 5189 τοῦτο
609 5137 664 5190 δὲ
693 5139 938 5193 τοιοῦτόν
972 5144 1144 5197 ἐστιν.
1182 5146 1348 5223 Ἰερός
1382 5149 1535 5202 ἐστιν.
1558 5154 1689 5222 ἡμῖν
1732 5154 1764 5205 ό
1788 5153 1984 5224 λόγος,

412 5231 446 5297 ἡ
482 5232 644 5301 νοερὰ
691 5232 825 5303 ζωὴ,
862 5235 1063 5304 μᾶλλον
1105 5238 1162 5291 δὲ
1197 5241 1228 5310 ἡ
1271 5241 1581 5314 ὑψηλοτέρα
1614 5246 1847 5317 δύναμις
1883 5250 1985 5320 τῆς

409 5320 609 5390 ψυχῆῃ
643 5324 709 5392 ἢν
743 5328 903 5389 ἄνθος
930 5329 1021 5382 νοῦ
1055 5332 1113 5383 ὲν
1152 5331 1359 5405 ἑτέροις
1390 5333 1646 5405 ὀνομάζει
1680 5342 1741 5393 τὸ
1781 5341 1981 5411 λόγιον.

421 5414 564 5467 Ἀλλ’
597 5412 748 5482 οὗτος
779 5423 805 5473 ό
835 5421 977 5492 ίερὸς
1017 5424 1174 5493 λόγος
1203 5426 1457 5481 ἀδυνατεῖ
1494 5430 1583 5499 ἀφ’
1614 5433 1808 5487 ἑαυτοῦ
1846 5438 1984 5508 πρὸς

411 5506 510 5576 τὴν
555 5508 890 5581 ὑψηλοτέραν
929 5515 1242 5586 ἀναγωγὴν,
1279 5521 1373 5573 καὶ
1420 5522 1557 5592 πρὸς
1594 5525 1693 5594 τὴν
1717 5524 1809 5578 τοῦ
1834 5506 1981 5581 θείου

412 5597 728 5668 περίληψιν.
752 5603 861 5656 Καὶ
886 5607 914 5657 ὁ
942 5605 1052 5674 ,μὲν
1080 5610 1179 5678 τῆς
1214 5610 1496 5675 εὐσεῦείας
1528 5613 1683 5682 λόγος
1710 5633 1983 5685 χειραγω-

412 5690 503 5756 γεῖ
527 5690 717 5743 τοῦτον
748 5694 885 5761 πρδς
906 5694 1063 5763 Θεὸν,
1108 5699 1194 5751 διὰ
1226 5701 1335 5752 τῶν
1372 5702 1584 5758 ἐκεῖθεν
1625 5705 1944 5776 ὲλλάμψεων
1964 5725 1980 5741 ·

410 5777 517 5832 ὁόὲ
548 5782 816 5847 Χαλδαῖος
860 5785 947 5839 διὰ
985 5789 1084 5858 τῆς
1118 5789 1441 5863 τελεστικῆς
1499 5796 1834 5870 ἐπιστήμης.
1879 5802 1982 5856 Τε-

406 5875 630 5948 λεστικὴ
669 5879 724 5931 δὲ
756 5881 1035 5952 ἐπιστήμη
1070 5884 1238 5950 ἐστὶν,
1296 5888 1328 5957 ἡ
1384 5882 1498 5941 οἷον
1552 5892 1831 5948 τελειοῦσα
1882 5898 1980 5969 τὴν

744 5975 992 6035 Parnm.
1058 5980 1174 6041 Gn.
1209 5980 1455 6044 CXXII.

2113 2051 2233 2104 qua:
2257 2052 2349 2102 pt'l‘
2381 2038 2643 2089 viscerum
2675 2050 3029 2092 inuetatarnm
3076 2042 3374 2094 hostiarum
3406 2044 3692 2098 dissectio-

2116 2148 2237 2183 nem
2278 2132 2519 2199 inquirit,
2553 2133 2839 2188 manifesta
2864 2136 3067 2189 ludicra
3101 2149 3246 2192 sunt.
3277 2136 3688 2208 Negotiatorum

2113 2226 2307 2277 erroris
2338 2224 2533 2293 fulcra,
2572 2226 2622 2278 id
2649 2236 2750 2293 cst,
2782 2228 2914 2281 lucri
2943 2228 3295 2285 fraudulentae
3328 2233 3686 2300 captationes.

2113 2314 2189 2368 Ne
2217 2316 2378 2385 igitur
2409 2317 2525 2387 (ait)
2559 2330 2613 2372 lu
2649 2335 2781 2373 metu
2816 2319 3112 2389 disciplina:
3146 2324 3356 2377 traditae
3384 2325 3687 2379 istiusmodi

2112 2408 2326 2462 curiose
2360 2409 2654 2479 indagcris,
2686 2412 2731 2466 si
2762 2411 2980 2479 quidem
3027 2423 3243 2467 sacrum
3287 2415 3504 2483 pietatis
3554 2416 3687 2470 hor-

2115 2510 2224 2550 tum
2258 2500 2350 2553 tibi
2386 2511 2573 2568 patere
2602 2502 2755 2556 velis.
2804 2502 2898 2557 Est
2928 2513 3105 2558 autem
3135 2522 3287 2560 sacer
3316 2508 3532 2577 pietatis
3561 2509 3687 2563 lior—

2115 2598 2201 2644 tus
2233 2590 2346 2654 sive
2388 2591 2674 2658 paradisus
2708 2596 3003 2646 secundum
3033 2594 3334 2661 Clialdzeos,
3382 2615 3486 2652 non
3524 2615 3684 2668 quem

2120 2679 2164 2731 Μ
2193 2681 2319 2749 nysis
2370 2680 2505 2733 liber
2553 2682 2834 2751 praedicat,
2878 2686 2971 2736 sed
3018 2685 3410 2739 altissimarum
3455 2698 3695 2743 contem-

2118 2772 2412 2836 lilnliOttttm
2445 2788 2683 2840 pratum,
2726 2777 2775 2828 in
2803 2791 2910 2845 quo
2938 2787 3063 2830 sunt
3094 2781 3256 2831 Varia:
3300 2782 3559 2835 virtutum
3599 2800 3691 2836 ar-

2116 2863 2276 2913 lrores
2316 2872 2369 2915 et
2404 2864 2604 2934 lignum
2657 2867 2985 2933 cognitionis
3038 2869 3159 2921 boni
3207 2880 3259 2923 et
3306 2872 3454 2935 mali,
3507 2875 3557 2928 id
3606 2888 3691 2929 est

2114 2956 2395 3023 prudentia
2452 2957 2821 3024 dijudicatrix,
2874 2960 3009 3013 bona
3051 2979 3077 3011 a
3128 2966 3309 3030 pravis
3349 2980 3684 3035 segregans;

2116 3046 2317 3111 lignum
2354 3047 2582 3113 denique
2615 3049 2758 3108 vitae,
2788 3049 2947 3102 idest
2980 3050 3158 3118 planta
3188 3052 3565 3107 illustrationis
3597 3056 3686 3109 di-

2119 3138 2275 3200 vinte,
2315 3153 2433 3206 qua:
2478 3141 2672 3192 anima:
2732 3140 2965 3194 fructum
3010 3146 3299 3198 sant'lioris
3342 3156 3397 3198 et
3447 3150 3686 3204 melioris

2118 3229 2241 3282 vitae
2278 3232 2548 3298 producit.
2587 3232 2639 3285 In
2703 3234 2802 3288 hoc
2841 3236 3000 3305 igitur
3041 3240 3292 3305 paradiso
3335 3252 3459 3293 sunt
3493 3243 3686 3308 virtus,

2111 3323 2376 3389 Sapientia
2400 3324 2723 3391 eta‘quitas.
2763 3326 2854 3380 Est
2888 3337 3066 3380 autem
3110 3332 3279 3384 virtus
3319 3349 3424 3384 una
3465 3336 3683 3402 quidem

2113 3427 2331 3481 genere,
2366 3414 2457 3467 scd
2492 3415 2673 3481 plures
2720 3417 2898 3484 specie
2936 3420 3181 3476 diversae.
3226 3420 3505 3487 Sapientia
3550 3440 3679 3479 vero

2114 3506 2306 3559 omnes
2352 3508 2583 3559 virtutes
2622 3509 2671 3559 in
2702 3523 2759 3562 se
2786 3510 3182 3577 complectitur,
3222 3529 3384 3581 quam
3420 3527 3471 3568 ut
3509 3516 3680 3571 solam

2109 3597 2432 3650 ineil'abilem
2490 3614 2641 3651 mens
2664 3600 2844 3653 divina
2876 3602 3102 3669 profert.
3130 3609 3304 3674 Atque
3331 3611 3678 3663 exhortatio-

2110 3703 2235 3739 num
2277 3689 2499 3742 istarum
2533 3691 2950 3746 Cbaldaicarum
3002 3712 3129 3762 pars
3167 3714 3357 3763 Inagua
3411 3704 3679 3769 quodam-

2110 3781 2269 3833 modo
2299 3796 2329 3833 e
2360 3795 2666 3835 nostrormn
2696 3786 2960 3839 institutis
2992 3802 3178 3857 aperta
3222 3803 3327 3855 est,
3377 3808 3503 3861 pars
3550 3811 3682 3851 vero

2109 3870 2240 3925 falsa
2269 3880 2324 3925 et
2346 3889 2411 3927 ex
2433 3874 2770 3929 ethnicorum
2800 3879 3043 3933 doctrina
3067 3884 3365 3954 desumpta.
3397 3885 3530 3941 Nam
3556 3905 3681 3943 cum

2108 3978 2289 4018 nostra
2319 3968 2563 4019 doctrina
2595 3969 2877 4023 manifeste
2904 3984 3114 4026 asserat
3135 3987 3438 4030 creaturam
3460 3995 3681 4035 omnem

2106 4058 2235 4109 visui
2279 4058 2571 4127 subjectum
2620 4061 2898 4113 liOminum
2954 4080 3114 4118 causa
3164 4067 3436 4122 conditam
3490 4072 3681 4139 fuisse,

2103 4149 2390 4206 Chaldqu
2438 4154 2576 4205 istud
2622 4154 2847 4207 verbum
2895 4158 3118 4213 omnino
3152 4176 3260 4215 non
3296 4164 3553 4232 admittit,
3586 4169 3685 4224 sed

2104 4254 2363 4313 perpetuo
2393 4261 2555 4299 cursu
2591 4247 2831 4303 coelestia
2864 4248 2995 4304 ferri
3032 4254 3193 4307 tradit
3226 4256 3275 4309 vi
3308 4258 3676 4329 necessitatis,

2103 4352 2205 4388 non
2237 4338 2458 4405 propter
2491 4354 2607 4394 nos.

2101 4470 2353 4548 §rrutare
2380 4475 2573 4528 animm
2608 4477 2797 4541 rivum,
2828 4479 2963 4533 unde
2997 4493 3087 4532 aut
3111 4499 3213 4548 quo
3240 4485 3426 4544 ordine

2103 4541 2326 4613 Corpori
2382 4548 2712 4601 mercenaria
2761 4565 2920 4617 opera
2956 4541 3197 4625 privatim
3248 4555 3317 4606 ad
3364 4541 3672 4625 dignitatem

3109 4620 3322 4693 [iterum
3350 4620 3599 4694 exlollas,

2102 4679 2287 4736 Sacra:
2313 4684 2508 4737 rationi
2547 4701 2699 4752 apere
2730 4687 3001 4757 adjuncto.

2170 4792 2283 4847 lloc
2313 4804 2417 4860 est,
2445 4812 2639 4879 quaere,
2666 4800 2857 4855 anima:
2906 4804 3195 4873 originem,
3233 4809 3378 4865 unde
3406 4813 3672 4881 producta

2093 4887 2308 4955 corpori
2335 4888 2663 4955 inservierit,
2692 4903 2744 4945 et
2768 4909 2876 4963 quo
2905 4907 3063 4963 pacto
3094 4899 3177 4957 illa
3203 4917 3479 4959 sacrarum
3503 4922 3672 4962 caere-

2092 4977 2392 5030 moniarum
2435 4995 2598 5050 opere
2633 4982 2950 5052 refocillata,
3009 4990 3237 5047 lustrata
3263 5006 3429 5065 atque
3457 5008 3661 5066 erecta,

2090 5083 2155 5122 eo
2178 5071 2318 5122 unde
2341 5084 2561 5127 venerat
2596 5062 2777 5129 reduci
2807 5093 2988 5147 queat,
3026 5099 3180 5139 sacra
3202 5089 3407 5142 ratione
3437 5091 3665 5159 conjun-

2090 5172 2195 5216 cta.
2231 5162 2287 5216 ld
2320 5166 2461 5233 quod
2496 5165 2569 5219 ita
2626 5168 3032 5241 intelligendum
3088 5179 3253 5230 venit.
3312 5180 3479 5235 Sacra
3524 5187 3662 5239 ratio

2092 5253 2143 5306 in
2177 5256 2336 5310 nobis
2368 5267 2451 5311 est
2499 5258 2606 5311 vita
2661 5261 2936 5316 intellectu
2968 5268 3191 5334 praedita
3226 5281 3318 5323 aut.
3348 5274 3528 5340 potius
3565 5291 3659 5329 sn-

2090 5361 2272 5414 prema
2309 5348 2501 5402 animm
2542 5350 2791 5420 facultas,
2824 5370 2984 5424 quam
3019 5363 3220 5417 mentis
3248 5361 3431 5419 ﬂorem
3463 5367 3659 5423 alicubi

2089 5440 2369 5493 oraculum
2402 5443 2650 5511 appellat.
2684 5443 2882 5501 Verum
2914 5464 3069 5505 sacra
3124 5454 3224 5507 ista
3279 5460 3419 5512 ratio
3476 5466 3663 5529 nequit

2087 5545 2184 5585 suo
2218 5532 2390 5601 ipsius
2425 5535 2586 5589 ductu
2623 5545 2675 5591 et
2708 5542 2952 5609 auspicio
2992 5545 3058 5597 ad
3095 5549 3376 5616 superiora
3416 5553 3657 5622 aspirare

2086 5635 2141 5680 et
2189 5640 2275 5679 res
2316 5626 2533 5685 divinas
2553 5634 3037 5700 comprehendere.
3077 5640 3253 5710 Atque
3286 5642 3504 5711 pietatis
3534 5650 3657 5716 qui-

2087 5715 2204 5769 dem
2232 5716 2537 5771 institutum
2560 5719 2626 5773 ad
2660 5721 2826 5777 Deum
2854 5725 2997 5779 illam
3039 5744 3199 5783 manu
3228 5731 3360 5787 dicit
3382 5748 3485 5804 ope
3526 5715 3656 5792 illu-

2088 5808 2450 5862 minationum
2498 5811 2612 5865 sive
2646 5813 3045 5872 inStitutionum
3100 5822 3317 5880 cmlitus
3377 5825 3658 5883 immissa-

2087 5916 2250 5966 rum;
2305 5902 2594 5960 Chaldaeus
2651 5922 2782 5961 vero
2834 5910 3036 5965 rituum
3090 5929 3155 5968 ac
3210 5921 3655 5979 caeremoniarum

3259 6008 3339 6069 36
