4450 6448
740 397 874 463 ΗὲἹ
2006 395 2425 455 ΜΙΩΗᾹΕΙᾸΞ
2474 396 2497 455 ῐ

2255 395 2425 455 ELlS
2474 395 2738 455 I’SELLI
3881 393 4012 457 1148

737 514 1003 584 cujusque
1030 511 1221 568 ordine
1253 518 1308 565 et
1342 508 1604 577 dignitate
1636 508 1883 565 absoluta
1934 508 2191 575 producit
2219 507 2323 560 Pa-
2353 513 2398 571 Α
2428 509 2493 561 τὰ

2255 517 2323 560 ’a-
2353 513 2398 571 Α
2428 509 2605 578 τάρκη
2640 508 2779 562 κατά
2816 509 2913 580 τὴν
2961 509 3169 563 ἑαυτῶν
3199 508 3373 576 τᾶξιν.
3416 509 3483 565 Ἦ
3522 510 3579 565 δὲ
3629 510 3740 565 τῶν
3783 510 4012 581 γενομέ-

740 617 862 664 ter:
898 606 991 660 sed
1025 606 1331 675 genitorum
1373 602 1719 656 imbecillitas
1767 610 1823 656 et
1852 601 2104 656 remissio
2159 599 2322 653 rebus
2428 618 2497 653 νω

2260 613 2322 653 us
2428 618 2535 653 νων
2571 599 2833 664 πολλάκις
2861 602 3114 657 ἀσθένεια
3147 605 3243 658 καὶ
3290 604 3483 675 ὕφεσις
3509 605 3889 673 παρυφίστησι
3915 604 4014 674 τὴν

740 699 1014 753 interdum
1078 696 1317 765 suggerit
1387 692 1657 748 defectum
1712 704 1767 748 et
1831 690 2322 760 imperfectiouem.
2428 694 2497 745 Evt

2260 706 2322 747 τι.
2428 694 2639 747 ἔνδειαν
2674 694 2859 757 αὐτοῖς
2893 694 2986 748 καὶ
3021 696 3083 747 τὸ
3123 696 3336 760 ἀτελές.
3378 696 3518 749 Ἀλλ’
3548 699 3577 749 ὁ
3624 696 3820 767 Πατὴρ
3853 695 4017 748 πάλιν

743 791 943 846 Verum
1009 788 1168 843 Pater
1210 787 1388 842 denuo
1433 793 1655 841 revocat
1708 783 1976 839 defectum
2030 783 2095 835 ad
2150 782 2329 849 perfe-
2432 788 2497 840 ἀν

2258 782 2329 833 rt:-
2432 787 2786 840 ἀνακαλεῖται
2836 788 2935 857 τὴν
2967 788 3175 841 ἔνδειαν
3225 788 3361 860 πρὸς
3401 788 3461 841 τὸ
3493 788 3720 849 τέλειον,
3750 788 3844 841 καὶ
3892 788 4015 841 ἐπι-

747 885 1003 943 r-tionem,
1044 881 1180 935 etad
1206 882 1289 935 sui
1322 878 1698 934 suﬂicientiam
1733 876 2017 931 convertit.
2048 874 2327 943 Ejusmodi
2435 895 2496 931 στ

2259 875 2327 930 itii
2435 879 2655 947 στρέφει
2684 880 2820 949 πρὸς
2850 879 2947 951 τὴν
2974 880 3329 949 αὐτάρκειαν.
3360 879 3614 933 Τοιοῦτόν
3636 883 3752 933 ἐστι
3782 878 3840 933 τὸ
3869 877 4016 949 παρὰ

745 980 830 1023 e~t
893 972 1035 1041 quod
1116 970 1391 1040 apostolus
1454 967 1685 1023 Jacobus
1768 966 1980 1021 Domini
2037 964 2205 1019 frater
2278 965 2330 1018 in
2434 988 2502 1024 τοε

2278 965 2330 1018 in
2434 970 2528 1024 τοῦ
2562 971 2865 1023 ἀποστόλου
2921 971 3178 1024 Ἰακώϐου
3227 972 3321 1024 τοῦ
3377 970 3609 1039 ἀδελφοῦ
3676 971 3771 1023 τοῦ
3816 972 4017 1039 Κυρίου

746 1062 1005 1129 Epistolze
1028 1077 1141 1116 suae
1189 1062 1347 1115 initio
1377 1060 1480 1113 alta
1516 1074 1649 1114 voce
1676 1059 2046 1129 pronuntiavit
2090 1075 2105 1115 :
2160 1057 2333 1112 Omne
2436 1066 2501 1118 ὲκ

2257 1072 2333 1111 tne
2436 1064 2899 1134 ἑκπεφωνημένον
2933 1066 2989 1118 ὲν
3027 1066 3339 1134 προοιμίοις
3375 1064 3473 1134 τῆς
3512 1064 3806 1134 ἐπιστολῆς
3829 1061 4014 1115 αὐτοῦ·

747 1155 949 1209 donum
972 1156 1272 1224 perfectum
1308 1168 1543 1221 superne
1608 1153 1889 1208 descendit
1923 1168 1949 1204 a
1983 1151 2143 1205 Patre
2178 1149 2337 1202 lumi-
2439 1158 2504 1211 ηε

2261 1149 2337 1202 Ili-
2439 1158 2556 1211 Πᾶν
2586 1157 2815 1228 δώρημα
2847 1158 3053 1211 τέλειον
3089 1157 3297 1212 ἄνωθέν
3325 1158 3442 1209 ἐστι
3466 1156 3798 1209 καταϐαῖνον
3838 1156 3902 1207 ὲκ
3929 1152 4018 1206 τοῦ

752 1262 907 1303 num.
939 1246 1083 1299 Nihil
1126 1245 1271 1299 enim
1331 1245 1707 1313 imperfectum
1758 1260 1786 1297 a
1839 1243 2081 1313 perfecto
2132 1244 2333 1312 prodit,
2441 1251 2509 1303 na

2264 1248 2333 1307 ιῖῑν
2441 1249 2655 1317 Πατρὸς
2704 1249 2813 1300 τῶν
2870 1251 3087 1315 φώτων.
3139 1248 3307 1302 Οὐδὲν
3357 1249 3468 1319 γὰρ
3508 1248 3694 1311 ἀτελὲς
3731 1246 3881 1317 παρὶ
3929 1246 4021 1299 τοῦ

753 1340 1057 1409 praesertim
1089 1354 1212 1391 cum
1244 1338 1309 1392 ad
1351 1339 1401 1391 id
1421 1339 1563 1407 quod
1590 1338 1658 1389 ab
1705 1337 1821 1405 ipso
1845 1336 2017 1404 primo
2042 1336 2339 1389 aliunditttr
2442 1342 2510 1392 τε

2275 1350 2339 1387 llr
2442 1341 2652 1393 τελείου
2691 1340 2932 1409 πρόεισι,
2970 1343 3063 1393 καὶ
3094 1340 3329 1409 μάλιστα
3362 1340 3493 1393 ὅταν
3526 1340 3782 1410 τύχωμεν
3809 1338 3869 1391 τὸ
3897 1339 4024 1407 παρ’

753 1433 1038 1488 confestim
1076 1433 1446 1501 recipiendum
1480 1431 1742 1485 fuerimus
1786 1431 2017 1500 prompti
2053 1440 2215 1498 atque
2244 1444 2341 1497 pa-
2444 1433 2510 1486 αὑ

2268 1444 2341 1480 ta-
2444 1433 2609 1486 αὑτοῦ
2662 1434 2893 1503 πρώτως
2940 1434 3199 1504 χεόμενον
3236 1431 3435 1487 αὐτίκα
3479 1433 3694 1502 ἕτοιμοι
3745 1433 3826 1495 εἰς
3872 1432 4025 1498 δέξα-

761 1526 890 1579 rati.
2448 1528 2592 1582 σθαι.

759 1638 863 1694 Sed
892 1656 992 1694 non
1020 1641 1253 1693 admittit
1297 1639 1446 1692 illaut
1496 1648 1719 1707 paterna
1755 1654 1919 1702 mens,
1942 1637 2343 1711 quousqueexi-
2457 1643 2516 1696 Ἀ

2271 1637 2343 1689 τί·
2457 1643 2623 1696 Ἀλλ’
2674 1644 2786 1696 οὐκ
2850 1642 3187 1711 εισδέχεται
3252 1642 3462 1707 κείνης
3512 1641 3815 1711 πατρικῦςᾷ
3860 1638 4028 1703 νοῦς,

2094 1706 2270 1777 [υειίι.
3022 1706 3056 1711 ”
3337 1706 3569 1783 [μέχρις
3602 1710 3683 1764 ἄν
3717 1708 3957 1774 ἐξέλθῃ.

832 1798 981 1852 Mens
1022 1808 1251 1867 paterna
1292 1814 1399 1851 non
1445 1798 1682 1852 admittit
1714 1799 1948 1867 impetus
2006 1798 2345 1851 voluntatum
2380 1871 2415 1875 _
2521 1805 2589 1857 oc

2276 1813 2345 1849 Im
2380 1871 2415 1875 _
2521 1805 2596 1857 Οὐ
2629 1804 3001 1875 παραδέχεται
3032 1806 3059 1858 ὁ
3110 1805 3388 1875 Πατρικὸς
3424 1802 3549 1865 νοῦς
3580 1802 3680 1863 τάς
3714 1802 3821 1853 τῶν
3869 1799 4032 1867 θελη-

775 1892 995 1952 υηὶηιαξ.
1038 1892 1354 1960 priusquam
1390 1890 1683 1946 excluserit
1746 1891 2074 1946 oblivionem
2128 1891 2344 1944 divitia-
2380 1871 2423 1930 Β
2458 1898 2532 1969 μά

2275 1894 2344 1943 ia-
2380 1871 2423 1930 Β
2458 1898 2643 1969 μάτων
2673 1871 2773 1967 ei};
2802 1871 2982 1966 ψυχῆς
2997 1898 3195 1967 ὁρμὰς,
3224 1871 3420 1966 μέχρις
3448 1896 3513 1949 ἂν
3531 1893 3669 1963 αὐτὴ
3704 1891 4032 1957 ἐπιλάθηται

763 1998 882 2036 rum
947 1998 975 2035 a
1019 1981 1177 2037 Patre
1230 1983 1740 2037 uiuniticeutissimo
1789 1994 2155 2052 acceptarum,
2201 1992 2254 2037 et
2297 1982 2349 2034 in
2458 1992 2520 2061 μὲ

2297 1982 2349 2034 in
2458 1992 2556 2061 μὲν
2590 1991 2691 2059 τῆς
2722 1990 2893 2060 λήῠης
2923 1983 2997 2043 ὧν
3021 1989 3370 2057 πεπλούτηκε
3412 1988 3567 2055 παρὰ
3592 1985 3685 2039 τοῦ
3714 1983 4033 2051 παναγάθου

765 2074 1082 2127 memoriam
1124 2075 1394 2129 revocarit
1450 2089 1639 2131 sacras
1674 2090 1811 2143 quas
1866 2075 1933 2128 ab
1988 2075 2108 2143 ipso
2166 2072 2355 2127 habuit
2455 2085 2522 2137 ῃε

2278 2072 2355 2126 "il
2455 2083 2690 2153 Πατρδς,
2733 2082 2865 2153 ἔλθη
2901 2081 2958 2135 δὲ
3003 2084 3081 2144 εἰς
3122 2082 3429 2151 ἀνάμνησιν
3462 2072 3537 2133 ὧν
3578 2077 3736 2147 ἔσχεν
3776 2074 3834 2141 ἐξ
3872 2075 4034 2128 αὐτοῦ

770 2177 1029 2229 tesseras,
1072 2182 1373 2236 vocemque
1423 2169 1677 2221 candoris
1729 2167 1963 2220 indicem
2016 2181 2137 2219 cum
2196 2164 2353 2219 ﬁrma
2460 2176 2527 2243 ιεε

2277 2180 2353 2218 ma
2460 2174 2622 2243 ἱερῶν
2674 2172 3060 2243 συνθημάτων,
3093 2172 3188 2225 καὶ
3229 2172 3414 2241 φωνὴν
3457 2170 3658 2238 ἀφήσει
3692 2167 4034 2235 εὐγνώμονα,

772 2260 1140 2329 symbolorum
1183 2259 1353 2328 patris
1384 2260 1651 2329 genitoris
1680 2260 1764 2313 sui
1827 2261 2086 2313 memoria
2129 2257 2357 2326 coniuu-
2462 2285 2529 2337 μν

2281 2273 2357 2311 ιη’
2462 2269 2683 2337 μνήμην
2723 2265 2921 2334 ἑαυτῆς
2950 2262 3216 2333 ἐνθεμένη
3254 2262 3362 2315 τῶν
3403 2259 3501 2313 τοῦ
3546 2259 3911 2328 γεννήσαντος
3940 2258 4038 2307 αὺ-

770 2360 913 2404 etam
958 2351 1224 2404 emiserit.
1284 2351 1377 2406 Est
1420 2354 1563 2407 enim
1608 2354 1795 2407 anima
1836 2367 1901 2407 ex
1948 2353 2121 2407 sacris
2178 2351 2359 2406 verbis
2459 2357 2525 2425 τὴ

2283 2351 2359 2406 bis
2459 2357 2557 2425 τὴν
2590 2356 2796 2424 πατρὸς
2852 2352 3161 2423 συμϐόλων.
3212 2350 3452 2419 Συνέστη
3505 2349 3613 2418 γὰρ
3930 2344 4040 2397 ἀπὸ

772 2452 827 2494 et
860 2442 1059 2497 divinis
1088 2443 1351 2513 symbolis
1380 2443 1679 2512 composita
1716 2460 1730 2497 :
1761 2459 1990 2514 quorum
2020 2443 2106 2496 illa
2142 2443 2357 2511 quidem
2462 2450 2529 2501 τᾶ

2283 2458 2357 2495 9m
2462 2450 2569 2502 τῶν
2613 2447 2775 2516 ἱερῶν
2814 2445 2988 2513 λόγων
3031 2444 3125 2495 καὶ
3156 2442 3266 2494 τῶν
3300 2441 3461 2495 οεῖων
3512 2438 3798 2508 συμϐόλων
3822 2454 3836 2467 ·
3886 2429 3961 2488 ὧν
3990 2435 4040 2487 oi

776 2533 1148 2601 proﬂuxerunt
1175 2551 1202 2587 a
1246 2536 1419 2590 sacris
1444 2536 1653 2601 formis,
1703 2537 1819 2591 haec
1876 2546 2054 2591 autem
2096 2552 2124 2589 a
2163 2535 2361 2589 divinis
2468 2542 2531 2609 μέ

2284 2535 2361 2589 uis
2468 2542 2564 2609 μέν
2591 2542 2728 2593 εἰσιν
2778 2538 2886 2592 ἀπὸ
2911 2538 3018 2591 τῶν
3049 2536 3211 2607 ιερῶν
3236 2534 3415 2599 εἱδῶν,
3439 2535 3487 2586 οἱ
3511 2532 3567 2585 δὲ
3600 2532 3712 2586 ἀπ’»
3742 2530 3850 2584 τῶν
3881 2528 4041 2581 Θείων

764 2627 1097 2683 unitatihus.
1163 2628 1229 2683 Et
1258 2644 1445 2683 sumus
1479 2646 1611 2685 sane
1666 2631 1936 2697 imagines
1959 2645 2237 2684 sacrarum
2270 2644 2354 2682 es-
2466 2634 2521 2686 ὲν

2280 2644 2354 2682 es-
2466 2634 2687 2687 ὲνάῗων.
2732 2632 2843 2685 Καὶ
2894 2630 3061 2700 ἐσμὲν
3096 2628 3307 2691 εἰκόνες
3337 2628 3436 2697 μὲν
3469 2625 3579 2679 τῶν
3622 2624 3784 2694 ιερῶν
3819 2620 4037 2679 οὐσιῶν.

776 2720 1106 2785 seutiarum,
1136 2721 1425 2776 simulacra
1455 2738 1583 2777 vero
1635 2722 2033 2791 incognitarum
2087 2720 2363 2792 symbolo-
2466 2727 2533 2791 ἀγ

2286 2720 2363 2773 Ιο-
2466 2725 2763 2793 ἀγάλματα
2794 2724 2849 2776 δὲ
2877 2722 2987 2774 τῶν
3017 2720 3317 2789 ἀγνώστων
3347 2718 3727 2787 συνθημάτων.
3754 2716 3845 2767 Δεῖ
3863 2714 3919 2767 δὲ
3948 2713 4043 2764 καὶ

780 2828 920 2867 rum.
986 2810 1083 2867 Est
1156 2822 1337 2867 autem
1389 2823 1443 2867 et
1508 2814 1609 2869 hoc
1681 2816 1822 2869 scitu
1874 2816 2120 2883 dignum,
2176 2828 2366 2875 quam—
2467 2818 2537 2868 τοῖ

2289 2829 2366 2864 ηι-
2467 2815 2628 2868 τοῦτο
2668 2814 2889 2876 εἰδέναι,
2937 2813 3010 2876 ὡς
3060 2814 3209 2866 πᾶσα
3264 2811 3413 2881 ψυχὴ
3459 2810 3641 2879 πάσης
3692 2808 3871 2876 ψυχῆς
3920 2806 4043 2858 κατ’

780 2904 912 2959 libet
971 2906 1211 2959 animam
1272 2920 1300 2959 a
1352 2906 1593 2975 qualibet
1642 2907 1823 2961 anima
1877 2905 2057 2974 specie
2106 2902 2363 2957 dill‘erre:

782 3005 966 3065 totque
1022 3012 1142 3051 esse
1191 2998 1493 3051 animarum
1525 3000 1755 3068 species,
1811 3009 1944 3070 quot
1995 3002 2367 3059 suutanitnaz.

860 3108 1087 3174 Quando
1112 3112 1441 3177 conspexeris
1468 3113 1676 3182 genium
1706 3122 2001 3168 terrestrem
2031 3132 2294 3177 acceaerc.

858 3242 1117 3309 Sacriﬁca
1142 3243 1365 3312 lapidem
1393 3246 1673 3299 muizurim
1700 3246 2057 3305 inclamando.

864 3355 1149 3411 Daemones
1178 3359 1324 3411 circa
1384 3348 1587 3414 terram
1636 3362 1943 3418 volutantes
2000 3373 2192 3418 natura
2248 3374 2375 3419 sunt

795 3450 1105 3508 mendaces.
1148 3459 1333 3518 utpote
1364 3453 1550 3520 procul
1610 3469 1639 3507 a
1687 3454 1870 3508 divina
1925 3456 2235 3525 cognitione
2288 3472 2375 3511 re-

796 3542 952 3603 moti,
988 3552 1039 3597 et
1072 3545 1297 3596 materia
1357 3546 1694 3599 teuebricosa
1751 3546 1983 3615 impleti.
2042 3546 2193 3613 Quod
2232 3548 2274 3602 si
2312 3565 2376 3602 ex

795 3633 882 3688 bis
910 3649 1099 3689 verum
1149 3634 1384 3703 aliquem
1418 3651 1727 3691 sermonem
1764 3639 1953 3692 audire
1988 3639 2199 3706 cupias,
2230 3653 2377 3692 aram

798 3736 1100 3796 appara,et
1147 3727 1395 3782 sacritica
1427 3727 1657 3795 lapidem
1696 3730 2005 3784 muizurim.
2042 3729 2379 3785 llabcteuim

800 3819 889 3875 hic
923 3819 1062 3888 lapis
1105 3819 1213 3875 vim
1246 3820 1546 3876 advocandi
1611 3824 1868 3890 majorem
1928 3824 2255 3889 daemonem,
2288 3825 2379 3893 qui

800 3913 1011 3967 occulta
1049 3914 1258 3969 ratione
1296 3914 1567 3969 materiali
1624 3916 1785 3986 genio
1842 3917 2149 3987 applicatus
2204 3932 2383 3972 rerum

802 4006 1185 4075 inquisitarum
1228 4007 1512 4062 veritatem
1545 4008 1876 4075 insusurrat,
1904 4026 2066 4078 quam
2110 4010 2198 4064 ille
2224 4024 2387 4079 porro

806 4097 1018 4152 homini
1049 4096 1410 4167 interroganti
1445 4097 1676 4168 profert.
1720 4098 1933 4154 Iudicat
1959 4110 2138 4155 autem
2186 4114 2385 4153 nomen

806 4189 980 4255 ipsum
1015 4191 1197 4259 quoin
1226 4191 1613 4255 provocatione
1664 4192 1927 4246 utendum
1982 4201 2066 4246 est
2117 4206 2220 4245 una
2266 4204 2387 4243 cum

809 4279 1002 4347 lapidis
1059 4278 1479 4335 sacriﬁcatione.
1512 4282 1688 4351 Atque
1729 4282 1968 4336 Chaldzei
2000 4290 2250 4335 statuunt
2282 4279 2392 4333 dae-

809 4386 1000 4426 monas
1053 4373 1314 4441 quosdam
1368 4374 1561 4439 bonos,
1632 4375 1893 4445 quosdam
1962 4374 2133 4429 malos
2190 4387 2311 4427 esse
2375 4390 2388 4425 :

814 4475 998 4519 nostra
1072 4475 1254 4519 autem
1328 4467 1548 4534 pietatis
1619 4468 1866 4521 doctrina
1951 4481 2141 4521 omnes
2221 4463 2393 4518 malos

2401 3230 2443 3287 C
2480 3262 2595 3315 Θύε
2622 3260 2797 3313 λίθον
2831 3254 3142 3326 μνίζόυριν
3164 3251 3460 3307 ἑπαυδῶν.

2471 2906 2610 2971 εἶδος
2640 2908 2914 2978 διέστηκε,
2943 2906 3037 2960 καὶ
3059 2904 3133 2970 ὡς
3151 2907 3276 2959 ὅσαι
3306 2904 3498 2974 ψυχαὶ,
3531 2900 3774 2955 τοσαῦτα
3806 2900 3900 2952 καὶ
3930 2898 4043 2964 εῐδη

2470 3002 2579 3054 τῶν
2602 3000 2791 3070 ψυχῶν
2822 3001 2911 3051 ὲστ
2922 3017 2990 3054 ιν.

2488 3116 2697 3171 ’Πνίκα
2726 3114 2836 3185 (20)
2854 3113 2904 3166 δ’
2922 3113 3248 3181 ἐρχόμενον
3268 3111 3521 3180 δαίμονα
3538 3102 4050 3246 πώσπιοῖἓῖἶρή-

2549 3372 2783 3433 Ψευδεῐς
2840 3369 2941 3439 μὲν
2974 3369 3073 3436 τὴν
3123 3366 3286 3436 φύσιν
3334 3365 3384 3417 οἱ
3432 3362 3717 3433 πρόσγειοι
3770 3356 4049 3425 δαίμονες,

2481 3466 2576 3520 ἆτε
2618 3464 2809 3533 πόρρω
2831 3461 2930 3529 τῆς
2960 3460 3112 3522 θείας
3140 3456 3396 3526 γνώσεως
3429 3455 3603 3516 ὄντες,
3631 3451 3727 3504 καὶ
3755 3449 3854 3515 τῆς
3885 3450 4055 3515 ἀφεγ-

2482 3558 2610 3626 γοῦς
2639 3556 2772 3623 ὕλης
2802 3552 3309 3620 ἀναπεπλησμένοι.
3345 3547 3405 3601 Ei
3434 3546 3489 3599 δὲ
3521 3544 3699 3615 βούλει
3729 3542 3861 3610 παρ’
3891 3537 4057 3591 αὑτοῦ

2484 3644 2659 3713 ἀληθῆ
2683 3660 2806 3696 τινα
2840 3639 3098 3705 δέξασθαι
3138 3638 3319 3705 λόγον,
3358 3632 3746 3705 παρασκεύαζε
3780 3630 4057 3698 θυτήριον,

2487 3738 2581 3789 καὶ
2608 3735 2703 3787 θύε
2735 3734 2881 3787 λίθον
2919 3730 3220 3800 μνίξουριν.
3260 3730 3319 3781 ’0
3346 3727 3403 3780 δὲ
3449 3725 3595 3786 λίθος
3632 3717 3789 3783 οὗτος
3830 3720 4062 3787 δύναμιν

2487 3830 2598 3897 ἔχει
2644 3827 3017 3896 προκλητικὴν
3056 3824 3246 3891 ἑτέρου
3296 3821 3539 3890 μείζονος
3592 3816 3869 3885 δαίμονος,
3902 3814 3959 3875 ὃς
3996 3814 4062 3881 δὴ

2487 3918 2709 3990 ἀφανῶς
2743 3917 2822 3989 τῷ
2873 3915 3045 3985 ὑλικῷ
3088 3914 3304 3983 δαίμονι
3354 3907 3619 3980 προσιὼν,
3674 3903 4065 3976 προσφωνήσει

2486 4010 2587 4080 τὴν
2617 4008 2725 4061 τῶν
2754 4006 3129 4078 ὲρωτωμὲνων
3157 4002 3436 4074 ἀλήθειαν,
3476 4000 3543 4069 ἢν
3579 3999 3786 4057 ἐκεῖνος
3827 3996 4065 4060 ἀποκρι-

2491 4098 2765 4168 νεῖταιτῷ
2798 4096 3094 4169 ἐρωτῶντι.
3142 4096 3307 4162 Λέγει
3349 4093 3405 4145 δὲ
3437 4093 3528 4145 καὶ
3554 4090 3726 4157 ὄνομα
3770 4085 4067 4155 προκλητι-

2492 4191 2589 4244 κὸν
2633 4191 2773 4260 μετά
2801 4188 2902 4257 τῆς
2947 4187 3042 4239 τοῦ
3097 4186 3246 4238 λίθου
3279 4184 3491 4245 Θυσίας.
3540 4182 3599 4235 Ὀ
3654 4181 3753 4249 μὲν
3801 4176 4068 4236 Χαλδαῖὸς

2493 4301 2645 4346 τινας
2690 4281 2789 4351 μὲν
2828 4280 2935 4332 τῶν
2979 4280 3253 4349 δαιμόνων
3293 4275 3555 4343 ἀγαθοὺς,
3586 4274 3740 4335 τινας
3782 4272 3837 4325 δὲ
3864 4271 4071 4331 κακοὺς

2495 4378 2736 4431 τίθεται’
2766 4377 2793 4427 ὁ
2819 4375 2877 4427 δὲ
2921 4373 3192 4442 ἡμέτερος
3232 4369 3463 4439 εὐσεϐὴς
3508 4368 3667 4434 λόγος
3709 4367 3939 4427 πάντας,
3972 4380 4072 4415 κα-

2495 4472 2627 4533 κοὺς
2658 4468 2920 4540 ὁρίζεται,
2957 4468 3022 4518 ὲκ
3062 4463 3465 4533 πῳαιρετικῶν
3513 4460 3938 4528 ἀποπτωμάτων
3974 4456 4073 4523 τὴν

813 4554 1160 4625 pronuntiat,
1232 4565 1291 4609 ut
1354 4557 1445 4624 qui
1504 4558 1876 4626 prmmeditata
1933 4556 2239 4611 defectione
2299 4555 2570 4625 booDxa

2005 4556 2239 4611 feclione
2299 4555 2395 4609 1)οο
2423 4566 2476 4625 D
2504 4560 2702 4615 κακίαν
2732 4556 3241 4625 ἀνταλλαξαμένους
3272 4554 3371 4623 τῆς
3399 4550 3762 4621 ἀγαθότητοςο

815 4646 1043 4701 nitatem
1113 4661 1238 4703 cum
1323 4647 1455 4702 vitio
1518 4660 1574 4703 et
1656 4649 1994 4719 malignitate
2086 4656 2396 4704 commuta-

818 4747 969 4792 runt.

970 4830 1124 4885 Disce
1152 4832 1473 4903 intelligibile
1504 4844 1651 4889 extra
1675 4844 1895 4889 mentem
1913 4850 2047 4888 esse.

890 4920 1043 4977 Licet
1078 4924 1225 4977 enim
1248 4926 1431 4978 omnia
1464 4937 1645 4981 mente
1678 4926 2073 4997 comprehensa
2100 4925 2397 4991 sint,Dcus

827 5026 1007 5071 tamen
1046 5016 1278 5085 primum
1306 5017 1644 5089 intelligibile
1687 5030 1840 5074 extra
1877 5029 2112 5073 mentem
2165 5018 2401 5073 exsistit.

825 5108 1045 5163 Atillud
1082 5120 1234 5165 extra
1270 5126 1374 5165 nou
1413 5112 1653 5167 metiaris
1720 5111 2131 5167 intervallorum
2198 5112 2408 5166 distan-

832 5200 951 5263 tia,
1012 5214 1189 5269 neque
1272 5202 1511 5270 accipias
1611 5203 1909 5257 secundum
1989 5201 2406 5255 intellectualem

832 5290 1228 5357 diversitatem,
1278 5292 1372 5346 sed
1430 5294 1727 5347 secundum
1787 5293 1961 5348 solum
2017 5293 2408 5361 intelligibilem

831 5397 1142 5448 excessum,
1175 5394 1229 5440 et
1257 5384 1627 5441 subsistentia:
1678 5386 2097 5457 proprietatem,
2122 5400 2408 5440 excessom

2606 4824 2771 4879 Μάθε
2805 4822 2869 4875 τὸ
2900 4820 3141 4885 νοητὸν,
3170 4815 3300 4871 ἐπεὶ
3335 4814 3452 4879 ἔξω
3484 4813 3632 4867 νόου
3659 4808 3938 4877 ὑπάρχει.

2572 4918 2636 4972 Ei
2666 4916 2775 4985 γὰρ
2826 4916 2923 4967 καὶ
2970 4912 3153 4965 πάντα
3198 4908 3276 4977 τῷ
3323 4906 3400 4977 νῷ
3453 4904 3858 4974 περιείληπται,
3907 4897 4025 4952 ἀλλ’
4053 4899 4084 4949 ὁ

2502 5011 2659 5075 Θεὸς,
2687 5007 2749 5060 τδ
2778 5006 2999 5077 πρῶτον
3030 5002 3241 5073 νοητὸν,
3275 4998 3380 5063 ἔξω
3400 4997 3494 5051 τοῦ
3521 4994 3614 5049 νοῦ
3655 4996 3915 5063 ὑπάρχει,
3942 4991 4002 5041 τδ
4034 4989 4082 5040 δ’

2504 5102 2631 5170 ἔξω,
2664 5099 2738 5172 μὴ
2760 5094 3207 5167 διαστηματικῶς
3230 5093 3451 5164 νοήσῃς,
3481 5088 3615 5159 μηδὲ
3643 5086 3762 5139 καθ’
3793 5084 4085 5151 ἑτερότητα

2506 5193 2721 5262 νοερᾶν,
2767 5190 2904 5243 ἀλλὰ
2954 5190 3096 5241 κατὰ
3132 5185 3301 5254 μόνην
3350 5182 3449 5252 τὴν
3499 5180 3698 5248 νοητὴν
3750 5172 4083 5262 ὑπερὸολην,

2510 5284 2603 5339 καὶ
2637 5282 2736 5351 τὴν
2789 5279 3027 5346 ἰδιότητα
3067 5275 3163 5344 τῆς
3212 5272 3522 5340 ὑπάρξεως,
3581 5265 3672 5317 νοῦ
3732 5262 3933 5321 παντὸς
3984 5260 4053 5309 ἐπ

2510 5377 2695 5431 ἐκεινα
2729 5371 2913 5437 οὖσαν,
2946 5368 3010 5422 δι’
3039 5361 3100 5421 οὗ
3122 5366 3183 5419 τὸ
3214 5361 3539 5431 ὑπερούσιον
3565 5356 3863 5411 δεὶκνυται.
3891 5352 3955 5405 Ἥ
3982 5351 4090 5418 γὰρ

2018 5522 2305 5579 JOANNIS
2337 5514 2653 5578 OPSOWEI
2702 5510 2937 5569 NOTAE.

912 5639 1023 5708 (20)
1064 5638 1281 5693 Ἠνίκα
1325 5648 1432 5693 etc.
1467 5638 1583 5694 lloc
1609 5648 1937 5709 praeceptum
1971 5638 2405 5709 magicum_cum

838 5706 1193 5777 explicatione
1210 5725 1304 5763 sua
1324 5713 1523 5763 cilatur
1542 5706 1813 5764 iniisdem
1838 5708 2123 5775 Nicephori
2150 5710 2213 5759 ad
2234 5706 2408 5775 Syne-

842 5780 980 5833 sium
1035 5780 1257 5833 scholiis
1309 5794 1431 5847 pag.
1490 5779 1579 5843 96,
1613 5781 1699 5833 ubi
1740 5781 1894 5832 metri
1924 5782 2130 5832 ratione
2190 5786 2403 5830 servata

844 5848 1117 5913 scribitur,
1144 5851 1303 5920 ἡνίκα
1321 5850 1547 5921 δαίμονι
1570 5850 1615 5903 δῖ
1642 5851 1964 5920 ὲρχῆμενον,
1996 5860 2100 5904 ctc.
2134 5857 2185 5902 ct
2218 5847 2401 5900 statim

2522 5630 2841 5701 μνήζουριν,
2879 5625 2945 5678 de
2975 5636 3082 5687 quo
3105 5618 3281 5697 lapide
3328 5615 3453 5694 vide
3510 5612 3741 5677 August.
3770 5600 4092 5659 ‘Steuchum

2522 5703 2589 5735 ι.ιι
2646 5715 2737 5735 ν...
2810 5697 2879 5735 ηρ
2913 5691 3127 5735 ηρνρηηὶ
3162 5684 3489 5735 υΙιιιοιουΙηα
3516 5697 3637 5735 can.
3668 5679 3761 5735 28.
3787 5679 3854 5729 de
3889 5674 4096 5726 dzcmo-

2518 5687 2761 5756 Ῐιιιίνιιῖ.
2806 5697 2879 5748 De
2912 5691 3127 5762 perenni
3159 5687 3489 5755 philosophia
3516 5697 3637 5746 cap.
3668 5687 3761 5741 ‘28,
3787 5687 3854 5729 de
3881 5687 4096 5755 eremo-

2522 5786 2649 5825 num
2684 5780 2861 5820 autem
2891 5763 3156 5817 divisione
3182 5757 3479 5812 secundum
3508 5750 3812 5811 Chaldaeos,
3832 5743 4099 5813 Nicepho-

2521 5856 2638 5896 rum
2665 5841 2717 5893 iu
2748 5838 2919 5891 schol.
2948 5848 3069 5903 pag.
3102 5830 3225 5885 H7.
