4450 6448
419 410 556 477 1153

1241 424 1322 484 IN
1369 424 1758 485 MEllCURlI
1803 424 2304 487 TlllSMEGlSTl
2350 428 2845 490 PIMANDRUM.

3536 430 3677 497 1154

409 530 511 600 τὴν
539 530 874 599 μεσαιτάτην
898 532 991 584 τοῦ
1019 533 1259 603 αἰθερίου
1295 537 1501 603 κόσμου
1528 537 1619 587 καὶ
1652 536 1745 587 τοῦ
1781 538 1991 588 ὑλαίου·
2026 546 2068 599 Α
2101 555 2161 607 sy

1922 554 1991 588 λυ·
2026 546 2068 599 Α
2101 539 2544 607 symbolorumve
2577 542 2993 611 proprietatem.
3069 539 3269 597 Volunt
3338 543 3576 599 animam
3627 549 3679 601 iu

412 623 510 679 νῦν
534 623 591 677 δὲ
622 624 721 693 τὴν
755 624 949 691 ἄλογον
983 626 1180 697 ψυχὴν,
1216 628 1312 680 καὶ
1346 629 1592 682 τιθέασιν
1634 630 1690 681 ἐν
1731 628 1867 698 αὐτῇ
1900 630 1999 699 τὴν

412 715 660 787 λογικὴν,
690 716 789 769 οὐκ
822 717 1118 782 οὑσιωδώς,
1152 718 1287 773 ἀλλά
1316 720 1605 789 σχετικῶς,
1625 723 1751 775 ὅταν
1783 740 1999 790 συμπα-

412 808 521 871 θῶς
544 807 644 880 ἔχῃ
671 811 806 876 πρὸς
838 811 1010 876 αὐτὴν
1041 811 1134 863 καὶ
1168 811 1418 885 προϐάλῃ
1447 813 1537 864 τὸν
1567 814 1790 885 μερικδν
1821 815 1996 881 λόγον.

423 901 587 963 ’ἰδέας
614 901 670 954 δὲ
694 902 996 971 νομίζουσι,
1019 902 1111 954 νῦν
1140 906 1237 971 μὲν
1269 904 1367 963 τὰς
1394 905 1486 957 τοῦ
1518 906 1730 976 Πατρὸς
1764 909 1995 969 ἐννοίας,

413 993 509 1047 νῦν
545 993 602 1046 δὲ
637 994 760 1056 τοὺς
817 994 1046 1046 καθόλου
1078 997 1290 1061 λόγους,
1329 999 1424 1049 καὶ
1468 1000 1726 1066 φυσικοὺς
1775 1002 1864 1050 καὶ
1895 998 1996 1066 ψυ-

407 1089 597 1156 χικοὺς
627 1089 720 1139 καὶ
752 1089 1003 1156 νοητούςο
1042 1090 1136 1138 νῦν
1163 1088 1218 1139 δὲ
1245 1090 1341 1150 τὰς
1374 1089 1715 1157 ἐξῃρημένας
1766 1090 1870 1141 τῶν
1909 1090 1995 1141 ὅν-

409 1198 518 1231 των
558 1180 841 1248 ὑπάρξεις.
876 1179 1014 1240 Τοὺς
1059 1181 1112 1232 6‘s
1150 1180 1279 1246 περὶ
1313 1181 1557 1249 μαγειῶν
1612 1181 1803 1248 λόγους
1868 1198 1993 1233 συν-

412 1272 632 1323 ιστώσιν
688 1272 797 1323 ἀπό
842 1289 899 1323 τε
946 1270 1051 1324 τῶν
1086 1274 1404 1340 ἀκροτάτων
1437 1274 1742 1340 δυνάμεων,
1798 1274 1905 1325 ἀπό
1934 1291 1992 1325 τε

407 1368 516 1415 τῶν
549 1364 842 1434 περιγείων
872 1365 1033 1417 ὑλῶν.
1068 1365 1340 1432 Συμπαθῆ
1373 1366 1428 1417 δὲ
1454 1367 1522 1417 τὰ
1553 1367 1664 1419 ἄνω
1697 1365 1807 1428 τοῖς
1842 1367 1991 1419 κάτω

409 1458 544 1524 φασὶ
585 1460 680 1509 καὶ
719 1459 958 1526 μάλιστα
996 1458 1062 1509 τὰ
1096 1458 1199 1509 ὑπὸ
1250 1457 1503 1526 σελήνην.
1554 1458 1991 1511 Ἀποκαθιστὼσι

408 1552 464 1603 δὲ
517 1552 614 1613 τὰς
657 1551 834 1619 ψυχὰς
873 1551 1012 1620 μετά
1061 1551 1150 1602 τὸν
1206 1550 1499 1620 λεγόμενον
1563 1551 1794 1604 θάνατον
1852 1553 1990 1604 κατά

405 1642 474 1692 τὰ
526 1641 703 1709 μέτρα
746 1641 854 1692 τῶν
879 1642 1097 1693 οἰκείων
1151 1642 1492 1709 καθάρσεων,
1558 1644 1614 1693 ὲν
1674 1642 1816 1702 ὅλοις
1878 1644 1989 1703 τοῖς

405 1730 502 1783 τοῦ
541 1733 748 1799 κόσμου
788 1732 1001 1801 μέρεσι.
1038 1731 1203 1793 Τίνας
1234 1732 1290 1784 δὲ
1338 1734 1429 1783 καὶ
1465 1731 1604 1801 ὑπὲρ
1642 1734 1733 1783 τὴν
1783 1734 1989 1799 κόσμον

406 1822 819 1885 ἀναϐιϐάζουσι,
850 1822 945 1875 καὶ
996 1824 1166 1891 μέσας
1206 1824 1372 1883 αὐτὲις
1406 1824 1733 1893 διορίζονται
1778 1824 1882 1875 τῶν
1928 1841 1982 1874 τε

404 1918 721 1987 ἀμερίστων
760 1918 854 1969 καὶ
905 1919 1177 1986 μεριστῶν
1220 1918 1456 1986 φύσεων.
1507 1918 1721 1971 Τούτων
1770 1919 1827 1970 δὲ
1882 1919 1984 1970 τῶν

404 2011 689 2079 δογμάτων
736 2009 804 2062 τὰ
859 2010 1031 2064 πλείω
1065 2011 1159 2063 καὶ
1203 2012 1581 2080 Ἀριστοτέλης
1638 2014 1727 2062 καί
1762 2011 1985 2063 Πλάτων

406 2102 677 2167 ἐδέξαντο,
707 2103 756 2153 οἱ
782 2102 837 2153 δὲ
869 2105 993 2173 περὶ
1025 2104 1295 2154 Πλωτίνον
1344 2104 1435 2155 καὶ
1478 2101 1808 2169 Ἰάμϐλιχον,
1842 2102 1983 2169 Πορ-

405 2195 600 2265 φύριόν
669 2212 728 2247 τε
798 2197 892 2248 καὶ
946 2195 1187 2266 Πρόκλον
1253 2198 1388 2247 πᾶσι
1457 2193 1979 2262 κατηκολούθησαν,

404 2288 500 2339 καὶ
550 2288 624 2349 ὡς
668 2287 817 2348 θείας
850 2287 1034 2354 φωνὰς
1082 2283 1481 2352 ἀσυλλογίστως
1514 2284 1684 2337 ταῦτα
1712 2283 1978 2347 ἐδέξαντο.

2104 631 2367 685 mundum
2397 632 2604 686 demitti
2627 634 2696 687 ob
2724 632 2919 686 multas
2946 646 3159 698 causas,
3184 644 3277 688 aut
3298 645 3523 704 propter
3548 653 3679 705 peu-

2104 737 2293 775 narutn
2329 722 2644 787 deﬂuviutn,
2703 735 2795 778 aut
2838 736 3058 794 propter
3106 736 3382 795 paternam
3426 730 3674 782 volunta-

2104 823 2231 865 tem.
2258 814 2611 866 Arbitrantur
2644 816 2902 869 mundutn
2931 826 3195 869 aeternum
3227 831 3373 878 esse,
3394 828 3520 872 utet
3550 818 3682 873 stel-

2103 904 2274 957 larum
2332 906 2742 960 conversiones.
2791 908 3074 963 Plutonem
3136 910 3250 963 sive
3301 910 3568 964 infernum
3621 913 3675 966 in

2103 997 2280 1049 varias
2329 1011 2512 1063 partes
2536 999 2806 1062 dividunt,
2836 1016 3070 1070 eumque
3104 1006 3261 1056 modo
3282 1002 3436 1055 deum
3488 1004 3678 1071 appel-

2101 1088 2631 1151 laut,ordinisillins
2697 1093 2790 1159 qui
2842 1093 2984 1145 circa
3031 1103 3230 1145 terram
3280 1105 3479 1147 sortem
3523 1109 3678 1147 suam

2099 1181 2360 1245 obtinuit,
2416 1182 2646 1248 ducem;
2695 1185 2855 1235 modo
2937 1186 3211 1250 regionem
3282 1187 3677 1240 sublunarem:

2100 1273 2257 1323 modo
2289 1272 2495 1325 medias
2520 1272 2659 1326 inter
2694 1274 2977 1328 aetherium
3029 1286 3081 1329 et
3136 1277 3465 1331 tuatcrialem
3512 1293 3678 1332 mun-

2097 1367 2221 1413 dum
2279 1372 2460 1430 partes
2493 1363 2776 1417 obeuntem
2808 1382 2822 1431 ;
2864 1366 3022 1418 modo
3047 1365 3286 1419 animam
3322 1357 3545 1422 rationis
3578 1385 3675 1423 ex-

2097 1462 2299 1519 pellent
2338 1470 2351 1504 :
2392 1455 2444 1507 in
2473 1468 2531 1507 ea
2568 1456 2883 1510 rationalem
2921 1458 3160 1511 animam
3194 1460 3676 1526 constituunt,nun

2092 1543 2484 1608 essentialiter,
2517 1547 2609 1599 sed
2646 1549 3267 1616 prOporlionequadam,
3292 1553 3513 1618 quando
3540 1568 3677 1604 rou-

2094 1637 2376 1687 chienter
2435 1637 2500 1688 ad
2533 1636 2678 1689 illam
2706 1635 2896 1691 all'ecta
2930 1648 3030 1699 est,
3075 1642 3391 1707 particulari
3464 1644 3676 1696 ratione

2093 1725 2350 1793 proiecta.
2391 1726 2555 1781 ldeas
2585 1728 2854 1782 deﬁniunt
2898 1731 3054 1785 modo
3087 1746 3207 1785 esse
3238 1730 3415 1785 Patris
3472 1733 3675 1786 intelli-

2089 1822 2302 1889 gentias
2340 1835 2353 1871 :
2388 1822 2546 1874 modo
2578 1822 2910 1875 universales
2938 1832 3198 1886 rationes,
3231 1824 3532 1890 naturales,
3562 1824 3679 1877 ani-

2096 1913 2260 1967 tnalt‘s
2285 1925 2336 1966 et
2367 1914 2713 1967 intellectilcs
2771 1930 2785 1967 :
2839 1912 3000 1968 modo
3047 1916 3384 1968 substantias
3425 1930 3454 1967 a
3510 1916 3675 1969 rebus

2095 2009 2225 2077 ipsis
2254 2008 2585 2062 abstractas.
2650 2009 2918 2062 Astrnnnt
2977 2024 3194 2063 omnem
3222 2009 3443 2080 magicae
3476 2010 3674 2064 scien-

2094 2100 2179 2152 tiae
2210 2101 2471 2153 rationem
2515 2099 2700 2169 perlici
2747 2114 2774 2151 a
2806 2100 3034 2154 summis
3062 2101 3327 2167 potentiis
3360 2111 3416 2155 et
3439 2101 3675 2156 terrenis

2094 2192 2357 2255 materiis,
2388 2190 2812 2246 familiaritatem
2853 2193 2983 2247 item
3040 2194 3670 2248 etconvenientiamsu-

2094 2287 2309 2353 periura
2351 2300 2471 2338 cum
2518 2284 2865 2339 inferioribus
2913 2287 3129 2351 habere,
3193 2287 3490 2355 praesertim
3549 2300 3672 2355 quae

406 2385 508 2435 sub
555 2384 680 2435 luna
719 2392 866 2435 sunt.
922 2378 1207 2434 Collocaut
1281 2382 1493 2434 animas
1555 2390 1675 2447 post
1735 2390 1988 2445 mortem,
2017 2378 2171 2446 juxta
2235 2379 2511 2433 modulum
2571 2388 2624 2432 et
2672 2394 2979 2434 mensuram
3036 2380 3415 2437 lustrationum
3483 2382 3671 2452 singu-

404 2477 470 2530 lis
504 2477 829 2531 familiarum
853 2488 909 2530 et
936 2478 1402 2540 convenientium,
1433 2477 1482 2529 in
1519 2475 1770 2530 omnibus
1791 2477 1974 2528 mundi
2012 2477 2257 2545 partibus
2290 2492 2302 2527 :
2346 2475 2610 2544 quasdam
2667 2476 2831 2529 etiam
2865 2478 3005 2531 ultra
3058 2480 3316 2532 mundum
3385 2477 3666 2533 evehunt:

408 2589 606 2642 easque
645 2574 961 2627 discrimine
984 2573 1125 2626 facto
1156 2574 1207 2626 in
1250 2583 1472 2626 naturas
1508 2572 1763 2626 dividuas‘
1811 2581 1866 2625 et
1928 2572 2237 2626 individuus
2286 2581 2563 2641 separant.
2623 2570 2798 2639 Atque
2852 2570 3004 2625 Plato
3074 2573 3290 2642 quidem
3342 2583 3397 2627 et
3457 2573 3674 2627 Aristo—
3732 2618 3734 2621 τ

403 2670 536 2724 teles
565 2670 747 2738 plures
777 2686 842 2723 ex
869 2671 1205 2723 enumeratis
1265 2669 1550 2737 opiniones
1607 2676 1929 2734 receperunt
1964 2685 1977 2720 :
2014 2666 2260 2721 Plotinus
2295 2664 2820 2732 vero,.lamblicltus,
2857 2665 3210 2739 Porphyrius,
3263 2667 3511 2731 Proclus,
3574 2684 3675 2723 eo.-

404 2779 631 2832 rumque
678 2763 922 2831 discipuli
991 2778 1196 2841 omnes
1263 2763 1316 2817 in
1366 2763 1679 2817 universum
1749 2765 2131 2832 approbarunt,
2182 2773 2235 2816 et
2288 2779 2395 2815 non
2461 2777 2619 2817 secus
2685 2780 2747 2818 ac
2810 2766 3019 2817 divinas
3086 2780 3241 2820 voces
3295 2766 3498 2833 absque
3558 2763 3669 2820 ullo

401 2858 716 2913 discrimine
753 2868 807 2912 et
834 2858 1087 2913 exatnine
1117 2859 1479 2913 admiserunt.

898 3062 3651 3085 *Μὴ-*ΨΜ

1108 3410 1218 3466 ΕΙΣ
1258 3410 1397 3465 ΤΟΝ
1447 3412 1686 3466 ΕΡΜΟΥ
1726 3413 1861 3467 ΤΟΥ
1917 3411 2427 3466 ΤΡΙΣΜΕΓΙΣΤΟΥ
2464 3406 2939 3465 ΠΟΙΜΑΝΔΡΗΝ.

1828 3758 2232 3845 PSELLI

1232 3960 1314 4022 IN
1356 3959 1745 4023 MERCURH
1786 3954 2289 4017 TRISMEGISTI
2333 3952 2819 4014 PIMANDRUM.

476 4279 694 4333 Ἔοικεν
729 4279 756 4325 ὁ
784 4276 917 4345 γόης
952 4267 1107 4336 οὗτος
1147 4275 1212 4345 τῇ
1255 4272 1377 4344 θείᾳ
1417 4262 1609 4343 Γραφῇ
1645 4273 1705 4325 οὐ
1766 4273 1973 4343 παρέρ-
2003 4278 2043 4335 C
2151 4268 2233 4322 Vit

1892 4273 2043 4343 Ep-c
2151 4268 2375 4322 Videtur
2418 4268 2725 4322 incantatur
2796 4261 2884 4316 ille
2948 4275 3054 4315 non
3120 4260 3298 4315 obiter
3356 4259 3407 4313 in
3469 4260 3649 4315 divina

402 4391 511 4442 γως
549 4370 906 4442 ὡμιληκέναι·
936 4367 1058 4421 ὅθεν
1082 4370 1145 4419 ὲκ
1182 4367 1384 4435 ταύτης
1408 4364 1724 4435 ὁρμώμενος
1758 4368 1819 4433 τῇ
1846 4381 1969 4417 κνισ-

406 4464 628 4536 μοποιίᾳ
668 4463 956 4532 ἐπιχειρεῖ,
1005 4458 1142 4530 μηδὲ
1170 4458 1339 4520 αὑτὰς
1368 4459 1541 4509 ὀκνῶν
1592 4458 1691 4519 τὰς
1751 4458 1972 4510 Μωσαῖ-

402 4562 500 4621 κὰς
530 4558 702 4622 λέξεις
732 4554 891 4623 ψιλὰς
930 4553 1098 4604 ἐνίοτε
1124 4551 1459 4619 ἀναγράφειν
1489 4564 1501 4578 ·
1534 4549 1605 4610 ὡς
1633 4551 1723 4601 καὶ
1754 4554 1812 4601 τὸ
1847 4566 1973 4616 προ-

401 4651 653 4719 κείμενον
677 4647 833 4701 τοῦτο
860 4645 1023 4715 ῥητὸν
1051 4644 1173 4695 ὂλον
1206 4658 1221 4672 ⁸
1257 4643 1318 4693 τὸ
1350 4642 1480 4709 γὰρ,
1519 4659 1536 4691 ι
1580 4636 1743 4692 Εἶπεν
1768 4643 1795 4693 ὁ
1815 4640 1969 4702 Θεὸς,

400 4740 695 4808 αὑξάνετθε
713 4740 804 4792 καὶ
829 4734 1187 4807 πληθύνεσθε,
1222 4753 1239 4785 ι
1268 4732 1453 4801 σαφῶς
1474 4734 1538 4784 έκ
1556 4731 1650 4801 τῆς
1672 4732 1971 4799 Μωσαῖκῆς

401 4832 758 4901 κοσμοποιίας
800 4828 967 4880 ἐστίν.
1010 4827 1084 4878 Οὐ
1122 4825 1227 4894 μὴν
1272 4825 1516 4893 ἐνέμεινε
1565 4822 1839 4883 παντελῶς
1904 4825 1969 4892 τῇ

399 4926 663 4991 ἁπλότητι
698 4923 792 4975 καὶ
833 4918 1120 4988 σαφηνείᾳ,
1163 4918 1259 4967 καὶ
1288 4914 1366 4981 τῷ
1397 4910 1547 4965 εὐθεῖ
1578 4914 1669 4965 καὶ
1692 4912 1973 4980 εἰλικρινεῖ

400 5019 492 5070 καὶ
527 5017 662 5077 ὅλως
696 5012 925 5065 θεοειδεῖ
963 5011 1063 5079 τῆς
1098 5006 1348 5077 Γραφῆς,
1380 5005 1498 5058 ἀλλ’
1528 5008 1608 5066 εἰς
1658 5005 1719 5055 τὸ
1779 5003 1967 5067 εἰωθὸς

402 5109 649 5179 ὑπερρὑ
682 5105 856 5166 πάθος
884 5106 997 5165 τοῖς
1032 5101 1140 5153 τῶν
1184 5100 1453 5167 Ἑλλήνων
1507 5099 1710 5163 σοςοίς,
1759 5098 1834 5157 εἰς
1880 5097 1971 5147 άλ-

399 5201 661 5270 ληγορὶας
692 5200 784 5249 καὶ
812 5196 1019 5255 πλάνας
1053 5192 1149 5245 καὶ
1174 5189 1459 5260 τερατείας
1497 5190 1560 5239 ἐκ
1609 5188 1706 5255 τῆς
1756 5185 1968 5247 εὐθείας

396 5292 517 5346 ὁδοῦ
560 5292 654 5343 καὶ
691 5286 964 5349 ἀπλανοῦς
995 5283 1315 5354 ὲκτραπεὶς,
1353 5280 1519 5350 ἢὺπὸ
1574 5278 1667 5329 τοῦ
1729 5278 1970 5345 Ποιμάν-

399 5386 527 5455 δρου
574 5379 943 5442 συνελασθείς.
995 5378 1110 5431 Οὐκ
1162 5374 1356 5444 ἄδηλον
1408 5371 1463 5423 δὲ
1517 5372 1665 5429 ὅστις
1695 5364 1762 5440 ἦν
1793 5371 1819 5421 ὁ
1864 5369 1969 5421 τῶν

411 5477 680 5547 Ἐλλήνων
713 5471 1080 5543 Ποιμάνδρης,
1118 5471 1146 5521 ὁ
1174 5467 1271 5521 καὶ
1300 5466 1432 5535 παρ’
1461 5466 1594 5533 ἡμῖν
1650 5462 1968 5531 κοσμοκράο

396 5589 511 5641 τωρ
542 5567 940 5639 ὀνομαζόμενος
979 5564 1012 5634 ἢ
1047 5561 1155 5615 τῶν
1184 5559 1395 5612 ἐκείνου
1423 5573 1528 5616 τις.
1555 5555 1805 5623 Κλέπτης
1835 5555 1964 5621 γὰρ,

2079 4362 2357 4429 Scriptura
2386 4368 2629 4412 versatus
2656 4370 2816 4420 esse;
2853 4353 2995 4408 unde
3040 4368 3107 4406 ex
3161 4353 3247 4407 illa
3281 4354 3551 4421 profectus
3586 4355 3653 4408 de

2076 4453 2260 4507 mundi
2280 4453 2556 4506 creatiOue
2582 4457 2796 4514 tractat,
2826 4462 2930 4502 non
2963 4446 3220 4500 dubitans
3245 4455 3434 4499 tenues
3455 4440 3652 4515 Moysis

2076 4561 2233 4600 voces
2265 4558 2651 4612 nonnunquam
2695 4539 3100 4605 transcribere;
3141 4548 3198 4592 ut
3229 4549 3285 4592 et
3309 4538 3421 4592 bac
3454 4552 3650 4607 propo-

2074 4635 2175 4688 sita
2215 4637 2395 4688 verba.
2451 4633 2584 4685 Illud
2632 4630 2815 4685 enim:
2853 4648 2871 4681 ι
2915 4628 3061 4683 Dixit
3090 4628 3265 4693 Deus,
3329 4626 3572 4682 Crescite
3595 4635 3653 4680 et

2076 4725 2505 4795 multiplicamini
2564 4743 2581 4776 ι
2642 4722 2921 4776 evidenter
2967 4736 3033 4776 ex
3084 4720 3315 4774 Mosaica
3358 4718 3651 4773 creationis

2074 4819 2295 4873 historia
2326 4819 2519 4869 oritur.
2557 4814 2670 4867 Non
2703 4813 2917 4883 quidem
2950 4822 3131 4866 servat
3186 4811 3408 4865 omnino
3440 4810 3651 4879 simpli-

2074 4913 2290 4964 citatem
2325 4922 2376 4963 et
2405 4910 2852 4978 persiiicuitatem
2882 4916 2936 4958 et
2967 4902 3310 4973 rapiditatem
3343 4913 3397 4958 et
3421 4904 3651 4957 sinceri-

2076 5013 2237 5057 tatem
2305 5013 2359 5055 et
2399 5002 2737 5054 divinitatem
2791 4998 3128 5068 Scriptura,
3186 4998 3279 5051 sed
3333 4996 3386 5049 in
3428 4994 3645 5049 solitum

2073 5095 2379 5149 Cra-corum
2414 5094 2720 5162 sapientum
2757 5105 2961 5145 morem
3003 5090 3133 5150 abit,
3177 5089 3230 5141 in
3276 5087 3563 5157 allegorias
3593 5096 3648 5141 et

2073 5202 2285 5241 errores
2315 5196 2368 5241 et
2394 5196 2639 5254 portenta
2684 5200 2748 5238 ex
2776 5194 2919 5237 recta
2954 5192 3009 5236 et
3044 5196 3233 5235 secura
3262 5180 3348 5235 via
3395 5179 3647 5249 delapsus

2074 5282 2153 5334 vel
2191 5297 2218 5332 a
2253 5277 2574 5332 Poimandre
2606 5287 2849 5330 coactus.
2882 5273 2998 5328 Non
3060 5276 3327 5327 incertum
3357 5282 3531 5325 autem
3561 5280 3646 5327 est

2073 5372 2196 5441 quis
2242 5380 2389 5425 esset
2439 5370 2525 5423 ille
2574 5367 2886 5422 Graecorum
2936 5366 3308 5427 Poemandres,
3371 5364 3512 5417 idem
3552 5377 3642 5431 qui

2073 5466 2211 5533 apud
2244 5478 2344 5517 nos
2387 5460 2569 5517 tnundi
2610 5460 2869 5515 Dominus
2927 5457 3239 5513 nominatur
3282 5464 3377 5509 aut
3408 5471 3546 5509 unus
3577 5469 3643 5507 ex

2074 5556 2185 5620 ejus
2215 5555 2493 5607 ministris.
2548 5549 2657 5603 Fur
2693 5551 2874 5610 enim,
2925 5548 3131 5615 inquit,
3189 5555 3272 5601 est
3317 5545 3562 5599 diabolus
3589 5552 3645 5597 et

398 5630 589 5735 φησὶν,
610 5630 649 5714 ὁ.
670 5630 916 5723 διάϐολος
944 5630 1038 5711 καὶ
1064 5653 1431 5725 ὲκφερομυθεί
1472 5649 1541 5701 τὰ
1572 5647 1830 5719 ἡμέτερα,
1868 5646 1966 5715 οὐχ
1996 5630 2039 5689 C
2074 5661 2155 5700 nos

1885 5646 1966 5715 ιύχ
1996 5630 2039 5689 (ἶ
2074 5657 2288 5700 nostros
2344 5657 2622 5699 sermones
2669 5640 2912 5708 divulgat
2970 5654 3076 5694 non
3126 5649 3183 5693 ut
3229 5637 3350 5704 ejus
3391 5635 3642 5702 discipuli

401 5759 489 5810 ἵνα
517 5757 565 5809 οἱ
589 5753 798 5807 ἐκείνου
841 5748 1230 5821 μεταμάθωσιν
1251 5746 1350 5815 τὴν
1376 5743 1656 5807 ἀσέϐειαν,
1704 5740 1818 5792 ἀλλ’
1879 5740 1965 5792 ἵνα

397 5850 507 5910 τοῖς
539 5846 635 5916 τῆς
670 5842 926 5913 ἀληθείας
956 5842 1159 5909 ῥήμασι
1192 5838 1286 5890 καὶ
1325 5839 1588 5906 νοήμασιν
1628 5833 1725 5901 τὴν
1757 5831 1965 5884 ἑαυτῶν

2075 5738 2402 5805 impietatem
2434 5734 2748 5797 dediscant,
2779 5732 2875 5787 sed
2921 5741 2979 5787 ut
3026 5731 3267 5787 veritatis
3319 5727 3543 5782 vocibus
3587 5738 3643 5780 et

2072 5830 2356 5887 sententiis
2414 5843 2567 5885 suam
2624 5829 2953 5897 impietatem
2984 5832 3275 5886 ornantes,
3307 5816 3643 5891 persuasibi-
