4450 6448
373 405 501 467 1157

1314 404 1408 463 DE
1450 402 1660 461 LOCIS
1697 402 1788 460 ΕΤ
1828 401 2262 459 NOMINIBUS
2307 401 2622 460 ATTICIS.

3493 397 3633 462 1158

367 521 464 572 καὶ
496 517 574 585 τῷ
611 534 625 564 ι
663 515 899 584 Σφηττοῖ
926 515 1149 585 γέγονα,
1183 519 1272 569 καὶ
1302 518 1502 585 Θρίηζε
1530 518 1620 569 καὶ
1641 516 1898 584 Φαληροῖ,
1932 534 1947 564 ι
1986 525 2025 575 Α
2061 524 2110 565 el

1874 518 1898 577 Γ,
1932 534 1947 564 ›
1986 525 2025 575 Α
2061 524 2110 565 et
2133 513 2310 566 Tlit‘im
2341 524 2389 565 ct
2421 512 2652 574 Phaleri,
2688 532 2703 563 ι
2727 521 2776 568 et
2813 526 3028 566 rursum
3062 529 3078 563 σ
3105 510 3312 580 Sphrtn
3342 510 3552 564 abibam
3579 523 3631 566 et

365 613 458 663 καὶ
506 605 664 669 αὖθις
713 626 730 658 ‹
787 608 1092 679 Σφηττόθεν
1145 609 1346 680 ἀπῄειν
1407 609 1500 662 καὶ
1541 607 1872 676 Φαληρόθεν,
1922 625 1938 656 ι

366 705 554 773 ὥσπερ
608 701 913 771 ἐνθουσιᾷς,
981 701 1072 754 καὶ
1107 702 1229 755 λίαν
1283 701 1428 772 ἔχεις
1477 700 1759 771 ἐρωτικῶς
1801 700 1947 752 δυοῖν

369 797 599 864 θατέρου
632 798 836 865 τυχεῖν,
866 796 897 864 ἢ
923 795 1159 866 Σφηττοῖ
1186 795 1440 864 γενέσθαι
1465 794 1560 846 καὶ
1591 777 1947 863 Κηφίσιάσιν,

365 888 398 957 ἢ
436 889 561 956 περὶ
591 888 699 939 τῶν
734 887 953 957 χωρίων
989 887 1386 958 ἐναργέστερὸν
1421 904 1474 939 τι
1521 885 1732 955 μαθεῖν.

441 979 538 1029 Διά
567 979 739 1030 ταῦτά
764 994 844 1029 σοι
867 976 978 1044 ἐγὼ
1009 979 1071 1030 ὲκ
1101 977 1313 1031 πολλῶν
1343 977 1562 1047 βιϐλίων
1594 975 1948 1046 συνηγηοχῶς

369 1071 566 1140 γράφω
597 1069 776 1122 ταυτί.

445 1163 661 1232 Πλευρά
708 1180 789 1227 τις
821 1164 1039 1232 διῆκται
1082 1163 1184 1231 τῆς
1226 1163 1479 1234 Ἀττικῆς
1524 1165 1621 1216 σὺν
1665 1164 1728 1233 τῇ
1767 1163 1949 1230 Μεγα-

376 1254 479 1322 ρίδι
520 1255 628 1307 ἀπὸ
673 1255 892 1307 Σουνίου
940 1256 1135 1324 μέχρις
1193 1255 1428 1324 Ἰσθμοῦ.
1491 1255 1754 1308 Ἐνταῦθα
1807 1256 1950 1308 κατὰ

371 1346 545 1415 μέσην
578 1363 679 1398 που
709 1347 806 1414 τὴν
835 1347 1090 1417 τοιαύτην
1118 1348 1384 1421 γραμμὴν
1416 1348 1526 1410 τοῖς
1559 1341 1633 1410 εἰς
1665 1349 1763 1417 τὴν
1797 1347 1948 1400 πόλιν

375 1436 777 1487 καταπλέουσιν
828 1436 854 1484 ὁ
890 1438 1180 1506 Πειραιεὺς
1235 1438 1473 1507 ἀπαντᾷ,
1523 1437 1584 1489 τὸ
1624 1437 1948 1507 περιϐόητον

369 1525 476 1577 τῶν
516 1525 817 1594 Ἀθηναίων
853 1529 1113 1580 ἐπίνειον.
1152 1529 1306 1581 Μετὰ
1333 1529 1388 1582 δὲ
1423 1531 1510 1581 τὸν
1553 1531 1808 1598 Πειραιᾶ,
1845 1530 1951 1581 Φα-

367 1613 557 1682 ληρεῖς
590 1617 760 1685 δῆμος
801 1620 858 1668 ἐν
903 1619 967 1685 τῇ
1001 1619 1198 1686 ἐφεξῆς
1239 1619 1482 1690 παραλία
1536 1619 1685 1670 ἐστί’
1731 1618 1851 1686 μεθ’
1891 1618 1950 1670 ὃν

381 1709 786 1778 Ἀναγυράσιοι.
846 1706 957 1762 Εἶτ’
1010 1711 1387 1779 Ἀναφλύστιοι
1428 1711 1590 1778 μέχρι
1634 1710 1732 1778 τῆς
1775 1709 1949 1778 ἄκρας

365 1797 458 1848 τοῦ
487 1798 705 1852 Σουνίου
742 1802 1040 1870 διήκοντες.
1079 1798 1212 1855 Εἶτα
1240 1801 1300 1853 τὸ
1330 1800 1568 1860 Σούνιον,
1596 1801 1766 1870 δῆμος
1797 1801 1946 1864 ἀξιο-

2055 605 2305 669 Phalrro,
2351 606 2504 673 quasi
2567 604 2748 656 divino
2785 601 2966 658 furore
3015 604 3329 672 corripcris,
3381 611 3438 655 et
3484 601 3638 654 valde

2051 709 2277 764 exoptas
2324 711 2387 751 ex
2443 696 2527 749 his
2571 697 2783 750 duobus
2835 711 2999 748 unum
3053 696 3288 765 assequi,
3324 696 3406 748 vel
3444 694 3634 762 Spheti

2054 789 2258 842 versari
2288 800 2343 843 et
2367 787 2657 856 Cephisiae,
2702 787 2784 842 vel
2820 789 2885 842 de
2913 788 2997 841 his
3032 786 3162 841 locis
3197 788 3400 857 aliquid
3445 787 3501 840 iu
3535 801 3632 840 ex-

2054 889 2210 933 tenso
2246 882 2476 934 discere.

2124 971 2246 1025 Ideo
2268 971 2366 1024 tibi
2403 985 2464 1024 ea
2492 970 2672 1023 scribo
2702 985 2820 1039 quae
2857 986 2918 1024 ex
2953 969 3135 1023 multis
3161 968 3314 1022 libris
3344 970 3560 1040 collegi.

2125 1148 2235 1202 Ora
2284 1149 2529 1219 quaedam
2579 1149 2809 1203 Atticam
2855 1165 2976 1204 cum
3030 1150 3300 1220 Megaride
3373 1149 3569 1217 trajirit
3607 1166 3634 1201 a

2055 1242 2221 1297 Sunio
2255 1258 2426 1311 usque
2462 1243 2527 1296 ad
2551 1242 2835 1296 Isthmum.
2877 1241 3027 1295 Tunc
3081 1245 3131 1294 in
3191 1245 3368 1297 medio
3414 1245 3638 1297 circiter

2054 1337 2153 1389 hoc
2188 1335 2422 1389 circuitu
2455 1336 2517 1389 iis
2545 1337 2638 1404 qui
2670 1337 2734 1389 ad
2767 1335 2953 1388 urbem
2993 1336 3247 1403 navigant
3275 1338 3513 1390 occurrit
3543 1335 3634 1388 Pi-

2055 1444 2245 1491 ra-eus,
2276 1429 2490 1481 celeber
2522 1428 2934 1482 Atheniensium
2978 1439 3185 1498 portus.
3214 1427 3340 1483 Post
3372 1427 3634 1482 Piraeeum

2053 1527 2252 1580 autem,
2279 1517 2587 1572 Phalerzeus
2623 1517 2850 1572 Vicusin
2874 1521 3047 1572 vicina
3082 1535 3173 1572 ora
3208 1522 3342 1573 situs
3371 1530 3485 1574 est:
3517 1529 3636 1590 post

2053 1624 2211 1678 quem
2261 1611 2606 1681 Anagyrasii.
2683 1613 2884 1666 Deinde
2951 1614 3296 1683 Anaphlystii
3348 1629 3518 1682 usque
3566 1616 3634 1666 ad

2052 1704 2447 1756 extremitatem
2493 1705 2645 1758 Sunii
2681 1707 3074 1772 pervenientes.
3121 1707 3320 1759 Deinde
3370 1705 3632 1771 Sunium,

2053 1794 2510 1849 celebratiSsimus
2543 1795 2714 1849 vicus.
2753 1796 2953 1849 Deinde
3002 1796 3285 1850 Marathon
3320 1838 3334 1861 ,
3389 1797 3475 1850 ubi
3509 1797 3632 1850 leil-

369 1889 705 1955 λογώτατοςο
753 1892 870 1960 μεθ’
908 1893 935 1943 ὃ
979 1891 1278 1962 Μαραθὼν,
1330 1894 1464 1945 ὅπου
1517 1891 1815 1962 Μιλτιάδης
1845 1894 1941 1953 τας
1980 1865 2020 1921 Β
2052 1893 2117 1936 ιιιι

1884 1894 1941 1953 ἀς
1980 1865 2020 1921 Β
2052 1885 2224 1946 tadcs,
2280 1886 2419 1953 regis
2466 1887 2751 1940 Persarum
2799 1889 3075 1942 exercitus
3130 1907 3156 1941 a
3208 1890 3396 1943 Datide
3445 1889 3637 1942 ductos

371 1980 510 2047 μετὰ
543 1981 766 2043 Δάτιδος
789 1982 883 2034 τοῦ
919 1983 1127 2051 Πέρσου
1155 1983 1413 2054 δυνάμεις
1446 1983 1614 2054 ἄρδην
1643 1983 1941 2052 διέφθειρε.

367 2073 518 2123 Μετὰ
545 2072 600 2123 δὲ
623 2073 957 2142 Μαραθῶνα,
990 2075 1322 2145 Τρικόρυθος
1344 2093 1357 2106 ·
1403 2073 1522 2129 εἶτα
1561 2074 1850 2145 Ῥαμνοῦς,
1884 2075 1946 2125 τὸ

367 2157 659 2227 Νεμέσεως
699 2161 865 2230 ἱερόν.

435 2252 558 2303 Τῶν
586 2253 643 2306 δὲ
674 2253 818 2325 ὀρῶν
850 2257 915 2308 τὰ
958 2255 1200 2327 ὀνόματα
1243 2258 1483 2327 μάλιστα
1515 2259 1632 2310 ἐστι
1670 2257 1842 2310 ταῦτα
1869 2275 1881 2290 ο
1916 2259 1944 2308 ό

380 2341 668 2414 Ὑμηττὸς,
698 2349 725 2398 6
753 2348 1051 2420 Βριλησσὸς
1110 2353 1136 2403 6
1160 2349 1534 2420 Λυκαϐηττὺς,
1571 2352 1603 2421 ἡ
1639 2350 1940 2422 Πάρνηθος.

364 2435 392 2486 6
425 2436 756 2504 Κορυδαλός.

439 2530 683 2600 Ποταμοῖ
735 2535 791 2585 δὲ
823 2536 872 2587 οἱ
929 2534 1381 2606 διωνομασμένοι,
1428 2538 1456 2588 6
1510 2536 1815 2605 Κηφισσδς,
1851 2538 1947 2588 καὶ

365 2618 393 2669 ὁ
439 2622 682 2687 Ἰλισσὸς,
720 2624 858 2694 ρἐν
897 2627 976 2687 είς
1005 2627 1102 2694 τὴν
1135 2627 1410 2696 παραλίαν
1439 2629 1504 2679 ἐκ
1529 2627 1639 2679 τῶν
1675 2627 1817 2696 ὑπὲρ
1849 2627 1944 2696 τῆς

372 2710 584 2780 Ἀγρας
621 2716 716 2765 καὶ
755 2715 848 2767 τοῦ
883 2717 1116 2769 Λυκείου
1155 2718 1365 2788 μερῶν,
1403 2719 1624 2788 καὶτῆς
1661 2720 1841 2790 πηγῆς
1877 2721 1942 2789 ἣν

369 2798 612 2871 [ιμνηκεν
646 2807 704 2856 ἐν
737 2807 950 2876 Φαίδρῳ
981 2809 1230 2862 Πλάτων.

441 2894 736 2960 Κάμψαντι
766 2895 821 2948 δὲ
873 2897 936 2950 τὸ
989 2900 1208 2951 Σούνιον
1245 2902 1382 2971 ἀκτή
1417 2902 1534 2954 ἐστι
1564 2901 1701 2970 πρὸς
1743 2901 1943 2972 ἄρκτον

367 2983 795 3053 ἀμφιθαλαττος,
835 2989 994 3056 στενὴ
1028 2990 1086 3041 τὸ
1116 2990 1351 3059 πρῶτον,
1385 2987 1504 3043 εἶτα
1536 2993 1615 3054 είς
1646 2992 1744 3062 τὴν
1779 2993 1940 3061 μεσό-

366 3091 519 3138 γαιον
549 3076 902 3132 πλατύνεται.
933 3081 1006 3132 T6
1035 3081 1091 3132 δέ
1121 3081 1306 3134 λοιπὸν
1331 3083 1393 3135 τὸ
1425 3083 1562 3154 πρὸς
1592 3085 1793 3154 ἄρκτον
1825 3087 1941 3136 ἐστὶ

367 3167 600 3237 πλευρὸν
650 3170 756 3221 ἀπὸ
808 3174 909 3240 τῆς
967 3171 1223 3241 Ὠροπίας
1273 3174 1366 3226 ἐπὶ
1413 3173 1568 3228 δύσιν
1613 3179 1939 3246 παρατεῖνον

371 3258 534 3326 μέχρι
572 3261 671 3328 τῆς
702 3263 1031 3332 Μεγαρίδος.

449 3349 834 3420 ’Υπὲρκεινται
872 3356 925 3407 δὲ
949 3358 1046 3426 τῆς
1095 3360 1350 3430 Ἀττικῆς
1385 3359 1816 3429 αἱΣκειρωνίδες
1851 3361 1946 3410 πέ-

365 3453 512 3506 τραι.
552 3440 708 3492 Μετὰ
745 3442 801 3494 δὲ
844 3444 1046 3508 ταύτας
1079 3447 1224 3518 ἄκρα
1263 3449 1548 3518 πρόκειται
1578 3447 1771 3518 Μινῴα
1811 3447 1945 3500 ὠνο-

370 3529 645 3600 μασμένη,
675 3534 902 3586 ποιοῦσα
932 3535 1022 3588 τὸν
1043 3540 1099 3590 ἐν
1138 3540 1201 3606 τῇ
1231 3539 1433 3607 Νισαίᾳ.
1460 3540 1682 3608 λιμένα.

450 3619 513 3672 Ἡ
551 3621 607 3673 δὲ
642 3622 845 3676 Νισαία
891 3627 1126 3679 ἐπίνειον
1163 3631 1277 3682 ἐστι
1310 3629 1419 3682 τῶν
1449 3632 1745 3699 Μεγάρων,
1796 3633 1940 3685 ὀκτὼ

367 3712 461 3761 καὶ
489 3711 622 3766 δέκα
651 3716 885 3780 σταδίοις
905 3718 1081 3789 διέχον
1114 3720 1210 3788 τῆς
1245 3722 1470 3783 πόλεως.
1511 3721 1571 3774 Ἥ
1607 3722 1661 3774 δὲ
1689 3724 1940 3791 Μεγαρὶς

371 3802 528 3870 μερὶς
579 3806 674 3856 καὶ
729 3805 868 3876 αὕτη
915 3811 976 3862 οὐ
1015 3809 1247 3881 βραχεῖα
1307 3812 1407 3880 τῆς
1458 3812 1696 3875 πόλεως’
1744 3815 1778 3883 ἦ
1833 3818 1940 3884 γάρ

381 3892 599 3965 Ἀττικὴ
635 3897 696 3949 τὸ
728 3899 953 3953 παλαιὸν
991 3902 1161 3955 Ἰωνία
1206 3904 1298 3956 καὶ
1338 3904 1442 3966 Ἰὰς
1476 3903 1740 3957 ἐκαλεῖτο.

437 3983 511 4036 Τὸ
540 3986 596 4037 δὲ
641 3987 899 4056 Θριάσιον
949 3991 1132 4046 πεδίον
1163 3992 1334 4062 ἀγχοῦ
1383 3997 1561 4047 κεῖται
1611 3997 1712 4066 τῆς
1759 3995 1939 4049 Ἐλευο

369 4089 532 4135 σινος.

438 4165 726 4233 Πρόκειται
774 4168 829 4221 δὲ
878 4171 985 4224 ἀπὸ
1036 4173 1138 4241 τῆς
1198 4177 1434 4239 Νισαίας
1487 4178 1702 4230 πλέοντι
1746 4181 1803 4241 ἐς
1842 4181 1939 4250 τὴν

378 4257 630 4328 Ἀττικὴν
660 4261 691 4328 ἡ
725 4261 963 4330 Σαλαμίς
987 4279 999 4291 ·
1030 4268 1087 4316 ἐν
1114 4266 1170 4316 δὲ
1197 4270 1261 4336 τῇ
1296 4269 1533 4339 παραλίᾳ
1572 4273 1635 4341 τῇ
1667 4273 1804 4324 κατὰ
1838 4273 1938 4324 Σα-

366 4347 566 4416 λαμῖνα
601 4351 817 4405 κεῖσθαι
855 4356 1146 4422 συμϐαίνει
1181 4358 1250 4409 τὰ
1284 4361 1408 4428 ὅρια
1449 4362 1546 4430 τῆς
1595 4379 1652 4413 τε
1696 4365 1940 4434 Μεγαρι-

365 4441 466 4507 κῆς
509 4442 727 4514 καὶτῆς
782 4445 1052 4511 Ἀτθίδος·
1093 4449 1193 4519 ὅρη
1243 4452 1297 4503 δέ
1346 4455 1452 4505 είσι
1495 4455 1610 4519 δύο,
1639 4455 1674 4508 ἃ
1712 4457 1937 4510 καλοῦσι

367 4535 610 4601 Κέρατα.

437 4621 571 4678 Εἶτα
600 4629 748 4691 πόλις
805 4631 1066 4700 Ἐλευσὶν,
1105 4632 1218 4709 ἐνῇ
1253 4639 1312 4691 τὸ
1343 4638 1440 4706 τῆς
1467 4640 1754 4709 Δήμητρος
1791 4641 1938 4711 ἱερὸν

364 4716 463 4784 τῆς
521 4719 850 4784 Ἐλευσινίας
899 4731 994 4776 καὶ
1045 4731 1073 4780 6
1126 4731 1386 4798 μυστικὸς
1438 4733 1626 4801 σηκός.
1687 4727 1818 4784 Εἶτα
1875 4735 1936 4786 τὸ

365 4805 620 4872 Θριάσιον
667 4811 868 4864 πεδίον.
901 4811 1031 4865 Εἶτα
1076 4818 1107 4883 ὴ
1164 4818 1465 4882 Ψυτταλία,
1515 4819 1698 4888 νησίον
1729 4819 1935 4890 ἔρημον

369 4898 663 4967 πετρῶδες,
700 4904 793 4954 καὶ
827 4903 860 4971 ὴ
892 4905 1190 4975 Μουνυχία,
1222 4909 1384 4972 τόπος
1421 4911 1598 4972 κοῖλος
1626 4909 1720 4963 καὶ
1751 4912 1936 4963 ὑπόνο-

370 5005 466 5054 μος
516 4993 718 5060 στομίῳ
775 4995 956 5066 μικρῷ
997 4996 1091 5068 τὴν
1142 4999 1342 5052 εἴσοδον
1389 5001 1547 5069 ἔχων.
1595 5003 1704 5054 Καὶ
1739 5002 1798 5054 τὸ
1838 5004 1935 5071 μὲν

369 5083 595 5134 παλαιὸν
629 5086 958 5155 ἐτετείχιστο
1009 5094 1102 5144 καὶ
1152 5091 1469 5162 συνῴκιστο,
1521 5095 1618 5146 καὶ
1647 5094 1723 5164 τῷ
1764 5096 1933 5163 τείχει

367 5173 540 5243 τούτῳ
585 5178 826 5245 συνῆπτο
867 5180 961 5231 καὶ
988 5183 1053 5233 τὰ
1086 5185 1273 5252 μακρὰ
1304 5185 1454 5254 τείχη
1497 5185 1610 5237 τῶν
1651 5186 1888 5256 Ἀθηνῶν
1917 5203 1930 5215 ο

366 5265 411 5313 οἱ
444 5265 498 5316 δὲ
538 5265 722 5340 πολλοὶ
775 5270 997 5337 πόλεμοι
1042 5274 1101 5323 τὸ
1146 5277 1322 5343 τεῖχος
1372 5276 1710 5344 κατήρειψαν
1747 5280 1840 5328 καὶ
1876 5278 1934 5329 τὸ

366 5359 463 5426 τῆς
495 5361 801 5430 Μουνυχίας
851 5364 1049 5433 ἔρυμα,
1091 5367 1181 5417 τόν
1213 5384 1269 5418 τε
1319 5369 1548 5438 Πειραιᾶ
1587 5370 1933 5423 συνέστειλαν

367 5453 444 5511 εἰς
477 5453 646 5522 βραχὺ
680 5456 771 5506 καὶ
818 5454 885 5507 τὰ
917 5459 1102 5527 μακρὰ
1147 5460 1299 5528 τείχη
1348 5463 1720 5523 κατέσπασαν,
1751 5464 1931 5514 Λακε-

366 5544 655 5612 δαιμονίων
704 5547 799 5612 μὲν
845 5549 1182 5602 καθελόντων
1231 5552 1516 5622 πρότερον,
1560 5551 1840 5622 Ῥωμαίων
1875 5555 1931 5606 δὲ

368 5637 614 5705 ὕστερον,
650 5641 810 5708 ἡνίκα
863 5643 1035 5706 Σὺλας
1077 5645 1510 5716 ἐκπολιορκήσας
1557 5643 1665 5699 εἷλε
1715 5650 1806 5700 καὶ
1841 5650 1930 5700 τὸν

360 5727 595 5794 Πειραιᾶ
620 5733 712 5784 καὶ
743 5735 802 5784 τὸ
835 5736 1022 5788 Ἀστυ.

428 5821 568 5874 Διτδ
603 5824 657 5876 6‘s
700 5825 758 5877 τὸ
789 5827 958 5878 "Astu
1005 5830 1176 5900 πέτρα
1211 5832 1356 5883 ἐστὶν
1392 5833 1450 5883 ἐν
1505 5833 1672 5902 π;δὲ‹;›
1715 5850 1923 5904 περιοι-

2052 1973 2293 2028 funditus
2311 1977 2527 2031 delevit.
2550 1979 2676 2032 Post
2701 1979 3074 2034 Marathonem
3103 1996 3230 2035 vero
3251 1981 3431 2036 Trico:
3447 1983 3630 2053 ythus.

2049 2065 2242 2120 deinde
2275 2065 2574 2132 Rhamnus,
2615 2068 2828 2123 Nettlesi
2868 2081 3245 2126 consecratus.

2119 2245 2380 2302 Montium
2421 2262 2546 2303 vero
2593 2249 2811 2302 nomina
2861 2250 2974 2304 ltmc
3005 2261 3129 2303 suut
3173 2251 3443 2319 prmcipue
3469 2291 3483 2311 ,
3521 2249 3629 2321 "y-

2047 2349 2271 2402 mettus,
2325 2339 2630 2404 Brilessus,
2681 2339 3024 2411 Lycabettus,
3075 2344 3403 2406 Parnethus,
3455 2342 3627 2414 Cory-

2050 2429 2230 2484 daltts.

2121 2521 2292 2576 Fluvii
2323 2533 2501 2578 autem
2529 2525 2606 2579 sic
2640 2526 3008 2590 nominantur,
3029 2525 3294 2594 Cephisus
3325 2535 3379 2580 et
3413 2525 3622 2590 llissus,

2052 2615 2102 2669 in
2157 2617 2482 2670 maritimam
2535 2617 2810 2686 regionem
2852 2615 3021 2672 ﬂuens
3073 2632 3140 2672 ex
3199 2620 3445 2686 partibus
3507 2635 3630 2689 quae

2047 2703 2188 2760 ultra
2224 2709 2422 2777 Agram
2457 2718 2510 2762 et
2543 2707 2770 2778 Lyceum
2800 2720 2946 2772 sunt,
2980 2721 3033 2765 et
3071 2727 3138 2765 ex
3191 2712 3338 2768 foute
3379 2727 3543 2783 quem
3576 2715 3630 2767 in

2050 2799 2275 2854 Phaedro
2298 2803 2593 2856 celebravit
2622 2801 2796 2857 Plato.

2121 2889 2383 2946 Flectenti
2416 2905 2542 2946 vero
2568 2892 2634 2946 ab
2661 2893 2833 2947 Sunio
2862 2907 2958 2947 ora
2997 2902 3080 2946 est
3110 2894 3176 2947 ad
3198 2896 3624 2965 septentrionem

2049 2982 2319 3052 utrimque
2357 2997 2506 3038 mare
2538 2985 2785 3048 habens,
2830 2999 3057 3054 angusta
3108 2988 3342 3056 primum
3367 3026 3382 3048 ,
3440 2990 3632 3042 deinde

2047 3074 2099 3128 in
2136 3077 2342 3129 medias
2375 3085 2548 3129 terras
2590 3087 2865 3144 proteusa.
2900 3076 3108 3130 Caetera
3146 3093 3272 3132 vero
3312 3082 3377 3131 ad
3406 3093 3623 3148 septun-

2047 3168 2274 3220 trionem
2305 3182 2399 3220 ora
2450 3167 2517 3220 ab
2566 3167 2764 3236 Oropia
2791 3170 2857 3221 ad
2904 3169 3240 3224 occidentem
3289 3171 3634 3240 protenditur

1998 3256 2012 3274 ’
2046 3272 2221 3326 usque
2255 3259 2321 3312 ad
2364 3258 2657 3328 Megarida.

2118 3352 2309 3405 Attica:
2332 3354 2735 3421 superemincnt
2787 3353 3101 3409 Scironides
3157 3363 3342 3421 petrat.
3378 3354 3505 3409 Post
3535 3369 3626 3407 eas

2051 3459 2180 3497 vero
2207 3447 2520 3513 praeeminet
2543 3458 2849 3515 promuntur
2865 3447 2972 3500 ium
2995 3446 3189 3499 Minoia
3209 3447 3446 3512 nomine,
3485 3447 3628 3516 qucd

2045 3535 2231 3590 Nisam
2263 3550 2474 3604 portum
2498 3539 2680 3593 eﬂicit.

2115 3625 2286 3679 Niszca
2326 3642 2486 3695 porro
2515 3638 2702 3698 portus
2738 3629 3133 3700 Megarensmm
3168 3641 3252 3686 est
3305 3634 3396 3699 qui
3442 3632 3626 3686 decem

2042 3729 2096 3773 et
2123 3732 2245 3773 octo
2277 3721 2455 3774 stadia
2487 3723 2554 3776 ab
2595 3724 2728 3777 urbe
2755 3725 2941 3778 distat.
2968 3724 3198 3795 Megaris
3227 3732 3409 3778 autem
3431 3734 3484 3777 et
3511 3725 3625 3794 ipsa

2044 3827 2167 3879 pars
2203 3813 2511 3880 reipublicae
2541 3830 2648 3866 non
2688 3815 2908 3868 minima
2938 3825 3020 3870 est
3047 3833 3060 3870 :
3086 3818 3263 3870 Attica
3311 3816 3455 3870 enim
3483 3819 3626 3871 auti-

2042 3903 2224 3970 quitus
2245 3901 2400 3956 Jonia
2434 3914 2489 3958 et
2519 3902 2610 3958 Jas
2635 3905 3030 3973 appellabatur.

2114 3991 2392 4047 Thriasius
2428 4007 2589 4062 porro
2617 4009 2843 4064 campus
2875 4010 3041 4066 pr0pe
3061 3997 3281 4054 Eleusin
3306 3999 3476 4068 jacet.

2113 4171 2154 4223 Δ
2184 4171 2354 4225 Niszea
2392 4185 2568 4228 autem
2626 4176 2680 4228 in
2724 4177 2956 4230 Atticam
2986 4179 3260 4249 naviganti
3308 4183 3623 4251 praeeminet

2041 4259 2337 4318 Salamina.
2378 4262 2431 4316 lu
2458 4279 2551 4317 ora
2585 4275 2766 4319 autem
2798 4266 3124 4323 Salamiuica
3171 4273 3262 4324 siti
3300 4285 3427 4328 sunt
3485 4277 3621 4330 lines

2043 4351 2326 4421 Megaridis
2356 4363 2409 4408 et
2433 4354 2646 4410 Atticae.
2677 4356 2789 4411 Duo
2839 4374 3001 4428 porro
3050 4371 3264 4416 montes
3293 4375 3420 4418 sunt
3483 4381 3620 4434 quos

2043 4455 2234 4499 vocant
2288 4446 2523 4504 Cornua.

2115 4626 2315 4680 Deinde
2345 4628 2472 4681 urbs
2503 4627 2711 4682 Eleusis
2763 4628 2815 4681 in
2852 4643 2960 4699 qua
3011 4628 3229 4684 Cereris
3272 4632 3525 4700 templum
3565 4645 3619 4688 et

2043 4720 2270 4788 mystica
2321 4718 2460 4776 olea.
2522 4719 2722 4775 Deinde
2771 4721 3055 4778 Thriasius
3112 4740 3361 4792 campus.
3419 4727 3620 4780 Deinde

2040 4811 2320 4880 Psyttab'a.
2377 4811 2550 4865 insula
2605 4827 2768 4881 parva
2797 4815 3018 4867 deserta
3042 4826 3094 4870 et
3125 4826 3336 4885 petrosa
3369 4856 3386 4881 ,
3418 4827 3472 4870 et
3499 4816 3618 4871 Mu-

2043 4904 2258 4973 nychia,
2286 4905 2436 4958 locus
2460 4919 2626 4958 cavus
2651 4916 2704 4958 et
2734 4905 2997 4961 sulJ‘ossus
3037 4909 3178 4962 ostio
3217 4925 3385 4978 parvo
3407 4910 3617 4978 ingres-

2041 5009 2159 5049 sum
2197 4995 2461 5063 pra-beris.
2501 4993 2567 5048 Et
2597 4997 2929 5066 antiquitus,
2975 5000 3193 5067 quidem
3247 5001 3450 5054 munita
3497 5009 3616 5054 erat

2038 5099 2091 5141 et
2134 5089 2338 5141 incolas
2376 5088 2630 5155 habebat,
2672 5093 2856 5143 ethoc
2899 5106 3054 5143 muro
3096 5093 3422 5144 nniehautur
3470 5091 3614 5161 longi

2038 5182 2369 5234 Athenarum
2420 5183 2574 5235 muri.
2640 5183 2924 5234 luumnera
2973 5192 3150 5234 autem
3205 5182 3344 5235 bella
3399 5201 3607 5237 tnurutn

2036 5283 2348 5327 everterunt
2383 5285 2430 5326 et
2464 5272 2757 5341 blttitychize
2791 5274 3208 5338 munimentum,
3245 5273 3614 5343 Pirweumque

2038 5367 2089 5418 in
2133 5381 2353 5432 parvum
2390 5365 2620 5432 Spatium
2647 5376 3055 5430 contraxerunt,
3085 5365 3382 5434 longosque
3424 5381 3610 5421 muros

2037 5458 2333 5518 dirueruut,
2384 5455 2777 5509 Lacedaemonii
2854 5457 3003 5525 prius
3055 5473 3146 5510 eos
3189 5459 3523 5519 dejecerunt,
3557 5468 3609 5512 et

2036 5550 2224 5604 deinde
2278 5547 2504 5600 Romani
2543 5588 2556 5609 ,
2618 5549 2832 5614 quando
2867 5547 3010 5617 Sylla
3065 5549 3350 5603 obsidione
3391 5562 3608 5618 captum

2035 5643 2294 5696 Pinc-eum
2327 5649 2381 5692 ct
2409 5641 2654 5694 Athenas
2682 5643 2988 5707 Ot'cupavil.

2108 5827 2223 5894 lpsa
2261 5839 2383 5878 vero
2413 5825 2538 5879 urbs
2563 5834 2645 5880 est
2676 5839 2831 5894 rupes
2857 5825 2908 5878 in
2939 5839 3126 5894 campo
3156 5839 3470 5893 assurgens,
3501 5840 3599 5879 un-
