4450 6448
822 380 959 448 1259

2083 363 2502 430 MICHAELIS
2554 358 2819 422 PSELIJ

3940 346 4076 411 1160

816 499 982 569 dique
1016 494 1271 553 domibus
1314 491 1671 550 circumdata.
1700 486 1757 543 In
1798 486 1912 556 ipsa
1942 494 2123 540 autem
2162 499 2296 552 rupe
2318 490 2406 536 est
2432 508 2474 561 Α
2510 498 2573 533 κο

2331 490 2406 536 est
2432 508 2474 561 Α
2510 478 2754 549 κουμένη
2800 472 2985 543 κύκλῳ
3009 488 3024 502 ο
3058 471 3152 525 επὶ
3198 472 3255 525 δὲ
3283 471 3349 544 τῇ
3382 468 3563 541 πέτρᾳ
3608 466 3669 521 τὸ
3716 463 3815 534 τῆς
3857 459 4088 569 Ἀθηνᾶς

818 592 1075 647 Minervae
1109 588 1388 656 templum,
1439 584 1589 640 urbis
1640 581 1898 638 Pmsidis
1928 580 2214 648 antiquum
2266 587 2402 630 tem-

818 686 992 755 plum,
1022 685 1073 736 in
1107 696 1215 751 quo
1245 675 1704 747 inexstiuguibilis
1726 674 1955 742 lampas,
1985 681 2039 728 et
2068 670 2402 730 Parthenon,

820 786 877 831 et
900 762 1135 830 eburnea
1182 770 1441 833 Minerva,
1488 768 1773 839 egregium
1824 763 2024 817 Phidiae
2051 775 2211 831 opus.
2254 759 2320 815 Et
2351 766 2409 812 tit

824 865 1109 934 Hegesiam
1136 864 1188 917 in
1216 861 1334 929 ejus
1358 862 1424 915 de
1456 861 1589 914 urbe
1618 858 1768 911 libris
1793 856 1996 917 imiter,
2022 854 2189 907 timeo
2211 868 2280 905 ne
2318 866 2410 904 re-

824 958 1057 1010 duudem
1089 965 1144 1007 et
1180 954 1512 1023 propositum
1541 963 1717 1002 meum
1743 950 1844 1000 hoc
1873 947 2135 1013 scriptum
2160 943 2407 998 excedat.

826 1047 979 1102 Unde
1014 1047 1209 1115 partim
1257 1057 1311 1098 et
1338 1042 1567 1109 sparsim
1620 1040 1797 1092 dicam
1850 1054 1863 1090 :
1911 1036 2045 1089 Illud
2083 1035 2404 1094 Leocorion,

2507 546 2677 640 ίερδν,
2717 546 2749 623 δέ
2799 584 2859 620 τε
2908 566 3137 636 ἀρχαῖος
3186 563 3315 626 ναὸς
3351 564 3380 616 6
3423 561 3523 630 τῆς
3583 559 3844 619 Πολιάδος
3894 557 3954 608 ὲν
3989 546 4033 622 ᾧ
4060 555 4091 607 6

2504 661 2773 723 ἄσϐεστος
2803 659 3019 729 λύχνος,
3063 657 3159 709 καὶ
3192 656 3221 707 6
3250 651 3566 723 Παρθενὼν,
3602 651 3698 703 καλ⁵
3735 652 3770 721 ἡ
3805 648 4090 719 ιλεφάντιο

2508 769 2598 815 νος
2640 751 2862 819 Ἀθηνᾶ,
2915 749 2975 802 τὸ
3012 747 3249 815 ἐξαίσιον
3279 745 3377 799 τοῦ
3414 743 3623 798 Φειδίου
3658 740 3844 811 ἔργον.
3871 741 3981 794 Καὶ
4005 740 4091 793 ῖνα

2508 844 2572 914 δὴ
2619 843 2711 895 τὸν
2755 841 3022 911 Ἡγησίαν
3064 841 3122 892 ἐν
3168 839 3281 900 τοῖς
3335 837 3465 907 περὶ
3507 836 3609 906 τῆς
3655 834 3867 895 πόλεως
3912 833 4093 902 λόγοις

2514 935 2864 1006 μιμήσωμαι,
2911 932 3053 985 ὀκνῶ
3085 928 3422 992 πλεονάζειν,
3463 927 3539 997 μὴ
3577 926 3765 997 συμϐῇ
3811 923 3911 994 τῆς
3945 940 4096 993 προ-

2513 1026 2715 1089 θέσεως
2744 1027 3000 1077 ἐκπεσεῖν
3028 1026 3127 1094 τὴν
3154 1027 3389 1093 γραφήν.
3419 1021 3585 1074 Ὅθεν
3623 1021 3768 1073 κατὰ
3803 1019 3971 1087 μέρος
4001 1020 4096 1068 και

827 1144 933 1198 huc
972 1140 1281 1202 Theseum;
1332 1137 1403 1189 ibi
1431 1133 1750 1198 Marathon;
1788 1131 1898 1182 illic
1959 1129 2258 1188 Rhamnus,
2303 1124 2411 1177 illic
2510 1119 2584 1170 διε

2344 1124 2411 1177 lic
2510 1118 2929 1187 διεσπασμένως
2978 1115 3123 1186 ὲρῶο
3178 1119 3356 1167 ἐκεῖνο
3404 1112 3745 1181 Λεωκόριον·
3779 1109 3939 1162 τοῦτο
3981 1108 4094 1176 Θη-

828 1234 1043 1289 Decelia
1071 1274 1085 1295 ,
1127 1229 1338 1283 celebre
1373 1226 1886 1290 Peloponnesiorum
1920 1219 2409 1288 pr0pugnaculum.

832 1328 965 1380 llinc
992 1323 1228 1392 Lyceum
1255 1338 1270 1386 ;
1310 1319 1435 1372 hinc
1462 1317 1793 1385 Olympicum
1817 1312 2072 1363 stadium.
2100 1308 2173 1363 lbi
2199 1308 2407 1360 Acade-

832 1420 936 1471 ntia
963 1427 1016 1468 et
1045 1413 1483 1483 philosophorum
1509 1407 1675 1470 horti,
1698 1416 1752 1457 et
1772 1402 2002 1466 Odeum,
2031 1413 2083 1454 et
2111 1398 2265 1452 Varia
2290 1414 2417 1467 por-

831 1508 1007 1570 ticus;
1031 1514 1086 1558 et
1111 1504 1347 1576 illustres
1371 1499 1494 1563 vici,
1525 1497 1803 1565 Cephisia,
1847 1494 2110 1557 Phalere,
2136 1490 2413 1559 Sphettus,

831 1597 1096 1664 (lcet-cpia
1124 1634 1140 1660 ,
1184 1594 1476 1663 Cytlterus,
1519 1589 1768 1657 Aphidna
1794 1627 1807 1650 ,
1852 1586 2085 1637 Eleusis.
2118 1582 2241 1634 llam
2292 1589 2418 1635 sunt

834 1689 1037 1741 veteris
1072 1683 1377 1738 Academia:
1409 1679 1655 1747 vestigia,
1681 1680 1791 1730 hanc
1814 1690 1993 1738 novae;
2021 1674 2203 1725 omnia
2236 1671 2418 1725 Musas

2516 1212 2698 1262 σεῖον·
2761 1210 2921 1263 τοῦτο
2974 1204 3282 1279 Μαραθῶν’
3344 1207 3524 1259 ὲκείνο
3585 1200 3888 1273 Ῥαμνοῦς·
3939 1199 4100 1278 τοῦτο

2514 1302 2793 1365 Δεκέλεια,
2824 1302 2885 1354 τὸ
2936 1270 3232 1372 περιξρανὲς
3271 1298 3380 1351 τῶν
3425 1270 3872 1365 Πελοποννησίων
3920 1270 4099 1363 ὁρμη-

2516 1400 2705 1467 τήριον
2734 1411 2748 1425 υ
2780 1396 2939 1446 τοῦτο
2985 1394 3221 1447 Λύκειον
3247 1407 3261 1423 '
3293 1393 3468 1444 έκεῖνο
3498 1391 3561 1443 τὸ
3609 1389 3941 1459 Ὀλυμπικὸν
3975 1387 4097 1440 στά-

2518 1490 2629 1543 διον
2651 1506 2663 1519 ·
2704 1488 2938 1541 ἐνταῦθα
2974 1490 3006 1557 ἡ
3043 1487 3355 1557 Ἀκαδημία
3385 1486 3481 1538 καὶ
3526 1486 3574 1537 οί
3607 1484 3778 1551 κῆποι
3814 1482 3923 1536 τῶν
3954 1483 4097 1551 φιλο-

2526 1584 2726 1650 σόφων,
2760 1584 2855 1634 καὶ
2901 1581 2962 1632 τὸ
3000 1580 3221 1651 ’ῼδείον,
3252 1579 3349 1630 καὶ
3384 1580 3415 1647 ὴ
3450 1576 3679 1645 Ποικίλη
3724 1574 3893 1627 στοά’
3930 1574 4028 1626 καὶ
4054 1573 4103 1625 οί

2522 1677 2841 1742 περιφανεῖς
2863 1672 3047 1741 δῆμοι,
3077 1674 3109 1739 ὴ
3135 1668 3400 1738 Κηφισία,
3428 1667 3496 1719 τὰ
3516 1669 3759 1737 Φὰληρσ,
3790 1668 3823 1734 ἡ
3852 1661 4103 1733 Σφηττὼ,

834 1781 1076 1850 spirant,
1126 1777 1306 1830 omnia
1340 1773 1576 1828 Gratias.
1620 1768 1750 1836 Qua:
1791 1768 2011 1823 cnitnin
2038 1765 2257 1819 civitate
2289 1772 2419 1817 sunt
2522 1766 2556 1833 ἡ

2344 1772 2419 1816 uit
2522 1766 2556 1833 ἡ
2607 1764 2913 1834 Κεκροπία,
2955 1765 2987 1832 ἡ
3037 1761 3315 1831 Κύθηρος,
3366 1762 3400 1831 ὴ
3438 1759 3690 1827 Ἀφιδνα,
3742 1760 3777 1828 ἡ
3826 1757 4101 1818 Ἐλευσὶς·

836 1887 1158 1925 arcanorum
1185 1872 1378 1931 ruinae,
1403 1866 1724 1918 illustriores
1752 1871 1877 1914 sunt
1920 1859 2052 1928 ipsis
2083 1858 2412 1911 civitatibus.
2452 1858 2492 1911 Β
2522 1858 2593 1909 lsi

2350 1872 2412 1910 ts.
2452 1858 2492 1911 Β
2522 1858 2752 1925 λείψανα
2785 1854 2963 1910 ταῦτα
2992 1856 3091 1923 τῆς
3122 1856 3362 1917 παλαιᾶς
3408 1851 3769 1919 ’Δκαδημίας,
3794 1851 3977 1901 ἐκεῖνα
4007 1849 4107 1917 τῆς

836 1965 1109 2031 νεωτέρας
1138 1977 1150 1990 ο
1210 1959 1393 2011 πάντα
1437 1954 1653 2026 μουσῶν
1705 1953 1850 2017 πνεῖ,
1907 1952 2086 2003 πάντα
2139 1948 2415 2019 χαρίτων·
2456 1952 2524 2000 τὰ
2550 1953 2659 2018 γὰρ
2687 1953 2744 2000 ὲν
2772 1952 2836 2017 τῇ
2869 1947 3024 1998 πόλει
3061 1947 3281 2017 ἐρείπια
3310 1945 3422 1997 τῶν
3461 1945 3794 2015 ἀπορρήτων
3861 1942 3944 1993 ἔτι
4007 1958 4109 1995 πι-

840 2067 1210 2124 ριφανιστερα
1246 2049 1483 2100 πόλεων.

916 2143 983 2198 Ut
1018 2160 1194 2197 autent
1245 2141 1416 2211 magis
1448 2154 1513 2194 ac
1566 2137 1739 2207 magis
1806 2135 2030 2191 civitate
2086 2130 2313 2197 fruaris,
2354 2132 2425 2185 ab

840 2254 934 2292 ora
956 2254 1077 2307 qua:
1103 2234 1368 2289 Eubtnum
1399 2242 1606 2303 spectat
1642 2230 1838 2283 Attica:
1870 2225 2163 2281 cobazrenti
2195 2264 2211 2289 ,
2241 2223 2424 2279 statim

840 2328 1084 2383 occurrit
1117 2326 1331 2393 Oropus
1352 2336 1408 2377 et
1450 2336 1604 2375 sacer
1654 2333 1844 2389 portus
1879 2332 2037 2385 quem
2083 2314 2425 2384 Delphiuiuut

843 2434 1060 2483 vocant,
1098 2420 1235 2487 apud
1264 2431 1424 2484 quem
1459 2412 1682 2482 antiqua
1708 2423 1791 2465 est
1825 2411 2059 2463 Eretria.
2098 2406 2300 2461 Deinde
2325 2407 2426 2459 De-

843 2514 970 2565 lium
1002 2551 1016 2575 ,
1048 2509 1280 2578 Apollitti
1310 2517 1715 2560 consecratum.
1756 2499 1941 2572 Neque
1991 2500 2181 2570 procul
2234 2499 2426 2567 ingens

845 2612 1034 2672 portus
1058 2619 1215 2669 quem
1251 2596 1585 2652 Prol'uudum
1619 2594 1841 2649 Portum
1890 2592 2194 2646 nominant.
2221 2589 2426 2643 Deinde

844 2694 1021 2759 Aulis,
1057 2703 1304 2761 petrosus
1334 2690 1508 2743 locus.
1539 2687 1604 2738 Et
1631 2699 1799 2755 prope
1840 2683 2099 2750 Euripus.

921 2874 991 2930 Et
1019 2874 1234 2945 quidem
1281 2885 1344 2925 ea
1379 2879 1464 2924 est
1493 2881 1683 2923 versus
1712 2865 1969 2919 Euboeam
1999 2876 2097 2917 ora
2132 2861 2427 2916 maritima.

852 2970 913 3024 1n
943 2968 1136 3022 tuedits
1165 2975 1340 3017 autem
1378 2963 1541 3016 terris
1565 2962 1632 3014 ab
1675 2958 1959 3013 occidente
2003 2966 2087 3010 est
2134 2955 2389 3025 Citlteron
2413 2993 2430 3020 ,

856 3063 925 3116 ad
946 3067 1372 3129 septentrionem
1395 3052 1758 3107 Phoceusium
1785 3049 1933 3102 urbs.
1957 3048 2033 3099 Ex
2064 3044 2436 3100 Phocensibus

855 3171 1035 3212 autem
1066 3154 1339 3207 montibus
1386 3148 1539 3203 ntulti
1599 3144 1934 3200 descendunt
1990 3138 2159 3203 ﬂuvii,
2204 3153 2435 3206 quorum

859 3248 1131 3302 maximus
1164 3254 1248 3298 est
1279 3241 1637 3310 Cbephissus.
1667 3235 1938 3290 Schmnus
1962 3244 2140 3286 autem
2177 3232 2307 3285 urbs
2353 3239 2437 3283 est

860 3339 1267 3395 Thebanorum.
1295 3334 1426 3387 Eam
1449 3343 1631 3386 autem
1665 3327 1981 3400 praeterﬂuit
2020 3324 2215 3378 ﬂuvius
2250 3321 2441 3376 Schae-

2605 2133 2725 2183 Ἵνα
2753 2129 2809 2181 δὲ
2841 2129 2933 2180 ἐπὶ
2966 2128 3126 2181 πλέον
3176 2126 3577 2199 κατατρυφῴης
3609 2127 3705 2196 τῆς
3736 2126 3968 2191 πόλεως,
3999 2125 4108 2179 ἀπὸ

2526 2224 2627 2291 τῆς
2659 2224 2795 2293 πρὸς
2841 2220 3075 2275 Εὔὸοιαν
3125 2221 3398 2291 παραλίας
3426 2221 3526 2289 τῆς
3576 2218 3835 2288 συνεχοῦς
3878 2222 3944 2288 τῇ
3990 2219 4109 2271 Ἀτ-

2526 2320 2675 2387 τικῇ,
2709 2317 2871 2379 εὐθὺς
2909 2318 2937 2368 6
2984 2313 3209 2386 Ὦροπδς
3243 2315 3551 2382 πρόκειται,
3585 2313 3680 2365 καὶ
3715 2315 3742 2365 6
3774 2312 3916 2382 ἱερὸς
3945 2310 4111 2380 λιμὴν

2527 2410 2585 2462 ὃν
2616 2409 2846 2463 καλοῦσι
2896 2408 3197 2478 Δελφίνιον,
3236 2407 3357 2459 καθ’
3387 2405 3446 2457 ὃν
3494 2407 3527 2474 ἡ
3581 2404 3787 2458 παλαιὰ
3838 2405 4109 2474 Ἑρέτρια.

2530 2497 2665 2556 Εἶτα
2722 2501 2784 2553 τὸ
2837 2500 3053 2568 Δήλιον,
3108 2499 3171 2550 τὸ
3230 2498 3375 2567 ἱερὸν
3418 2497 3513 2549 τοῦ
3582 2495 3941 2557 Ἀπόλλωνος.
3998 2494 4113 2547 Καὶ

2532 2593 2686 2665 παρὰ
2714 2593 2902 2645 τοῦτον
2933 2592 3101 2659 λιμὴν
3151 2590 3346 2660 μέγας,
3395 2589 3455 2642 ὂν
3510 2588 3738 2641 καλοῦσι
3788 2587 3967 2640 Βαθὺν
4014 2588 4111 2639 Λι-

2535 2687 2692 2754 μένα.
2728 2681 2841 2736 Εἶθ’
2873 2686 2905 2752 ἡ
2948 2682 3133 2746 Αὐλὶς,
3167 2680 3443 2751 πετρῶδες
3472 2680 3694 2749 χωρίον.
3728 2680 3838 2731 Καὶ
3886 2677 4112 2747 πλησίον

2534 2777 2562 2828 6
2591 2776 2849 2848 Εύριπος.

2611 2870 2723 2921 Καὶ
2752 2871 2786 2938 η
2826 2868 2923 2937 μὲν
2955 2866 3198 2936 παραλία
3227 2864 3451 2934 τοιαύτη
3493 2881 3575 2926 τις
3604 2864 3637 2933 ἡ
3682 2863 3819 2931 πρὸς
3860 2859 4107 2915 Εὔϐοιαν.

2538 2962 2622 3013 Τὰ
2656 2960 2699 3013 δ’
2728 2964 2786 3013 ὲν
2818 2964 2882 3031 τῇ
2948 2960 3238 3029 μεσογαίᾳ,
3281 2958 3388 3011 ἀπὸ
3430 2958 3529 3026 τῆς
3589 2956 3829 3025 ἑσπέρας
3861 2956 3890 3007 ὀ
3923 2954 4117 3007 Κιθαι-

2544 3055 2673 3126 ρὼν,
2708 3054 2842 3125 πρὸς
2884 3055 2939 3106 δὲ
2975 3056 3176 3122 ἄρκτον
3216 3055 3247 3123 ή
3288 3053 3520 3105 Φωκέων
3571 3051 3746 3113 πόλις.
3794 3049 3891 3100 Ἐκ
3913 3048 3970 3100 δὲ
4007 3047 4119 3100 τῶν

2540 3150 2805 3202 Φωκικῶν
2844 3147 2989 3217 ὀρῶν
3020 3147 3205 3198 πολλοὶ
3248 3146 3486 3215 ποιιεαμοῖ¹
3528 3144 3955 3213 καταφέρονται,
3986 3136 4059 3194 ὧν
4093 3144 4120 3193 6

2544 3240 2826 3309 Κηφισσὸς
2863 3241 3143 3307 μέγιστος.
3182 3238 3245 3290 Ἢ
3302 3238 3359 3289 δὲ
3394 3239 3609 3305 Σχοῖνος
3658 3235 3812 3304 χώρα
3864 3236 3980 3285 ἐστὶ
4020 3232 4121 3302 τῆς

2548 3331 2831 3401 Θηῦαἳκῆς
2863 3345 2875 3357 ⁸
2921 3333 3004 3399 ῥεῖ
3037 3329 3093 3381 δὲ
3130 3329 3226 3381 καὶ
3273 3327 3515 3395 ποταμὸς
3553 3326 3620 3378 δι’
3653 3325 3823 3391 αὐτῆς
3872 3322 4125 3392 Σχοινοῦς

860 3444 966 3483 nus
1006 3428 1245 3483 nomine.
1311 3423 1571 3479 Citheron
1621 3427 1801 3472 autem
1848 3430 2003 3470 mons
2051 3411 2297 3466 excelsus
2340 3420 2442 3462 cst.
2472 3426 2515 3484 (ς
2550 3422 2617 3473 ὸν.

2366 3420 2442 3462 ’διο
2472 3426 2515 3484 C
2550 3422 2977 3490 ὀνομαζόμενος.
3042 3418 3102 3471 '0
3151 3418 3208 3469 δὲ
3259 3416 3540 3487 Κιθαιρὼν
3595 3417 3720 3485 ὅρος
3778 3413 4003 3483 ὑψηλόν.
4064 3413 4123 3463 '0

862 3521 1110 3575 Ismenus
1139 3518 1337 3572 ﬂuvius
1370 3526 1422 3569 et
1453 3517 1669 3581 Asopus
1691 3510 1971 3581 planitiem
1998 3520 2119 3576 qua:
2142 3515 2269 3557 ante
2301 3500 2442 3555 Thc-

2553 3515 2735 3584 μέντοι
2791 3512 3034 3583 Ἰσμηνὸς
3092 3511 3337 3579 ποταμὸς
3390 3515 3484 3562 καὶ
3516 3512 3543 3562 6
3600 3507 3843 3569 ’Δσωπδς
3901 3506 3993 3558 διὰ
4030 3504 4126 3557 τοῦ

860 3615 961 3668 bas
999 3613 1145 3681 jacet
1180 3605 1581 3679 praeterﬂuunt.
1647 3602 1806 3656 Dirce
1853 3608 2035 3653 autem
2082 3597 2205 3651 lous
2238 3602 2343 3649 est.
2382 3592 2446 3644 Et
2551 3626 2616 3659 πε

2382 3592 2446 3644 Et
2551 3609 2735 3659 πεδίου
2786 3608 2967 3676 ῥέουσι
3013 3604 3109 3657 τοῦ
3161 3604 3267 3674 πρὸ
3316 3603 3427 3655 τῶν
3470 3599 3702 3672 Θηϐῶνο
3733 3601 3767 3670 ἡ
3819 3598 3878 3651 δὲ
3932 3600 4124 3667 Δίρκην

861 3706 1123 3760 Citheron
1152 3717 1262 3757 non
1295 3698 1480 3771 procul
1517 3711 1548 3749 a
1588 3694 1790 3749 Thebis
1819 3691 2034 3746 linitur.

944 3875 1146 3930 Deinde
1181 3874 1311 3928 urbs
1340 3871 1590 3940 Thespia:
1617 3882 1787 3939 prope
1825 3866 2139 3923 Heliconem
2200 3871 2252 3919 et
2302 3861 2447 3918 Cris-

864 3986 1030 4029 szeum
1064 3970 1239 4023 sinum
1262 3967 1427 4035 jacet.
1452 3964 1626 4031 PrOpe
1655 3961 1918 4029 Thespias
1940 3970 2118 4012 autem
2140 3964 2225 4010 est
2249 3957 2444 4019 Ascra,

865 4062 1081 4119 llesiodi
1101 4059 1300 4130 patria,
1317 4057 1375 4111 in
1399 4054 1675 4111 Heliconis
1692 4052 1905 4105 dextra.
1923 4049 2145 4105 Helicon
2167 4056 2345 4101 autem
2364 4056 2448 4100 est

869 4159 923 4212 iu
954 4154 1214 4209 Phocide.
1258 4148 1453 4204 Portus
1481 4156 1660 4200 autem
1712 4139 2069 4214 Thespiorum
2098 4150 2182 4196 est
2213 4141 2439 4195 Creusa.

872 4248 1011 4303 P01“.
1050 4243 1317 4311 Thespias
1350 4254 1479 4294 vero
1510 4249 1597 4293 est
1627 4236 1965 4306 Mycalissus,
1998 4244 2053 4289 et
2084 4246 2251 4301 prope
2284 4228 2448 4282 Eleu-

879 4343 1069 4403 therac,
1101 4338 1230 4391 urbs
1260 4332 1601 4390 contermina
1636 4328 2064 4384 Atheniensibus
2088 4335 2144 4380 et
2171 4323 2419 4378 Bceotiis.

948 4630 1075 4686 Haec
1104 4632 1169 4684 de
1198 4628 1424 4683 Athenis
1466 4625 1738 4681 sulliciuut
1761 4620 2170 4678 Atheniensium
2225 4616 2449 4672 fautori.

876 4723 984 4779 Nos
1012 4722 1156 4776 enim
1185 4722 1305 4789 plus
1340 4717 1624 4774 effecimus
1662 4730 1825 4784 quam
1853 4728 2069 4767 eramus
2093 4712 2292 4780 rogati,
2326 4725 2447 4763 cuin

2550 3702 2728 3769 κρήνη
2760 3699 2898 3751 ἐστί.
2932 3698 3044 3750 Καὶ
3068 3696 3096 3746 6
3124 3694 3409 3765 Κιθαιρὼν
3438 3694 3498 3746 οὐ
3531 3694 3723 3762 πόρῤω
3754 3707 3857 3742 που
3890 3689 3997 3742 τῶν
4021 3689 4131 3757 Θη-

2550 3791 2663 3844 σὼν
2702 3789 2949 3860 τελευτᾷ.

2624 3884 2758 3938 Μεθ’
2785 3883 2821 3936 ἃ
2863 3884 2955 3936 καὶ
2976 3884 3011 3951 ἡ
3042 3882 3196 3944 πόλις
3227 3880 3282 3934 ai
3326 3878 3563 3932 θεσπιαὶ
3592 3879 3731 3947 πρὸς
3765 3876 3843 3947 τῷ
3881 3875 4134 3929 Ἑλικῶνι

2553 3974 2876 4044 ἐπικειμένη
2921 3974 3001 4044 τῷ
3045 3972 3334 4043 Κρισσαίῳ
3376 3971 3586 4042 κόλπῳ.
3633 3969 3723 4022 Ἐν
3764 3969 3823 4022 δὲ
3859 3972 3982 4031 ταῖς
4031 3967 4133 4019 Θε-

2556 4069 2744 4129 σπιαῖς
2771 4068 2887 4118 ὲστι
2919 4067 3012 4118 καὶ
3068 4066 3101 4135 ἠ
3134 4063 3372 4133 Ἄσκρη,
3415 4064 3450 4131 ἡ
3482 4061 3578 4114 τοῦ
3614 4061 3861 4113 Ἠσιόδου
3911 4059 4132 4128 πατρὶς,

2552 4161 2612 4211 ὲν
2630 4157 2783 4228 δεξιᾷ
2817 4155 2914 4209 τοῦ
2952 4154 3265 4218 Ἑλικῶνος.
3318 4155 3377 4207 ⁸0
3402 4154 3459 4205 δὲ
3508 4150 3737 4205 Ἑλικὼν
3770 4152 3995 4219 συνεχής
4022 4151 4138 4200 ἐστι

2554 4254 2621 4319 τῇ
2651 4250 2872 4302 Φωκίδι.
2918 4248 3187 4301 Ἐπίνειον
3230 4247 3287 4299 δὲ
3338 4246 3448 4300 τῶν
3495 4245 3748 4299 Θεσπιῶν
3795 4246 3829 4312 ἡ
3862 4245 4135 4313 Κρέουσα.

2554 4343 2711 4398 Μετὰ
2739 4342 2922 4403 δὲτὰς
2974 4341 3215 4402 Θεσπιὰς
3250 4342 3283 4408 ἡ
3328 4338 3721 4406 Μυκαλησσὸς,
3768 4335 3864 4389 καὶ
3905 4333 4136 4403 πλησίον

2556 4439 2612 4490 αἱ
2655 4434 2989 4505 Ἐλεύθεραι,
3011 4432 3167 4495 πὸλις
3190 4431 3489 4501 ἁμφίὸολος
3527 4431 3830 4499 Ἀθηναίοις
3856 4432 3951 4481 καὶ
3972 4428 4138 4479 Bonu-

2555 4544 2692 4589 τοις.

2640 4618 2828 4687 Ἀρκεῖ
2873 4616 3049 4669 ταῦτα
3085 4617 3216 4685 περὶ⁵
3271 4614 3516 4684 Ἀθηνῶν
3566 4612 3645 4682 τῷ
3685 4608 4141 4679 τῶνῙΔθηναίων

2560 4711 2790 4781 ἐραστῇ.
2837 4709 3026 4779 Ἡμεῖς
3062 4710 3171 4777 γὰρ
3216 4707 3384 4759 πλέον
3412 4723 3465 4757 τι
3499 4703 3596 4758 τοῦ
3635 4704 4012 4771 ἐπιτάγματος
4042 4718 4141 4753 πε-

879 4823 1202 4869 tueuttouent
1233 4812 1582 4866 habuerimus
1609 4810 1676 4864 de
1700 4808 2018 4878 regionibus
2048 4818 2102 4860 et
2126 4806 2193 4859 de
2218 4805 2451 4860 civitati-
2492 4809 2533 4864 ι)
2569 4818 2636 4853 πο

2387 4805 2451 4857 ιὶ-
2492 4809 2533 4864 D
2569 4802 2909 4870 ποιήκαμεν,
2943 4800 3041 4851 καὶ
3072 4799 3182 4851 τῶν
3212 4796 3501 4866 προσεχῶν
3537 4795 3740 4864 ταύτης
3780 4792 4144 4862 ἑπιμνηοθένο

878 4905 980 4962 bus
1014 4908 1136 4961 huic
1177 4905 1300 4959 urbi
1334 4904 1544 4958 vicinis.

2561 4910 2655 4956 τες
2685 4895 2900 4963 χωρίων
2936 4891 3034 4945 καὶ
3059 4891 3284 4942 πόλεων.
