4450 6448
796 383 932 448 1163

2036 367 2454 430 MICHAELIS
2496 367 2763 427 PSELLI

3904 376 4043 442 1164

795 492 1133 560 philosopha,
1166 497 1352 539 nalura
1379 478 1747 536 immutabilis.
1782 477 1921 532 ldem
1949 489 2078 530 sane
2107 472 2373 543 Byzantii,
2407 479 2448 533 Α
2480 471 2540 522 τδ

2293 472 2373 533 tii,
2407 479 2448 533 Α
2480 471 2540 522 τδ
2570 471 2678 522 τῶν
2708 468 2945 560 καρδιῶν
2978 470 3274 542 θέλγητρον
3302 488 3313 502 ·
3350 471 3410 527 τδ
3475 474 3585 529 τῶν
3632 476 3819 546 ψυχῶν
3877 481 4050 551 Θήρα-

794 587 849 639 in
870 582 1177 644 Thessalia,
1207 579 1359 644 longe
1381 577 1448 628 ab
1478 571 1738 635 Athenis;
1765 570 1906 624 idem
1928 568 1979 620 in
2006 575 2112 620 tota
2141 563 2369 626 Gra'eia,

748 692 755 695 '
794 692 956 745 super
987 668 1355 734 montihus,iu
1387 664 1614 719 vallibus
1639 680 1653 726 ;
1675 661 1814 715 idem
1849 659 2072 724 in;terra
2097 654 2370 708 luxuriosa

716 828 719 831 γ
795 782 848 824 et
889 771 939 822 in
972 767 1085 822 solo
1112 763 1286 825 arido,
1320 758 1692 821 immutabilis,
1741 752 1940 822 ubique
1966 761 2197 805 sonorus
2226 788 2241 811 ,
2276 746 2371 800 de-

798 857 1083 919 Iectaliills,
1137 852 1359 905 auribus
1384 846 1609 911 suavis;
1654 843 1793 897 idem
1823 839 2058 901 subtilis,
2095 835 2318 890 floridus
2354 850 2369 899 ;

795 947 1101 1019 pellucidus
1116 945 1342 1010 ideoque
1362 938 1578 1002 clarus;
1609 936 1787 1005 gravis
1812 933 1950 986 idem
1974 945 2036 983 ac
2057 929 2370 990 vehemens,

796 1017 943 1095 acer.
984 1037 1131 1092 Adde
1164 1032 1306 1101 quod
1332 1030 1515 1085 omnia
1557 1026 1861 1096 promiscue
1899 1028 2076 1075 movet
2102 1017 2175 1088 (id
2212 1017 2373 1070 dicta-

800 1146 924 1186 meu
957 1124 1178 1193 meum).
1207 1122 1272 1177 Et
1309 1135 1439 1175 sane
1480 1118 1570 1172 ubi
1599 1114 2030 1185 pltil050pltatur,
2062 1109 2241 1179 gravis
2278 1121 2374 1176 ap-

796 1233 946 1293 paret
974 1239 995 1285 ;
1030 1232 1155 1272 vere
1183 1226 1366 1270 orator
1402 1210 1488 1264 ubi
1524 1204 1809 1275 magniﬁce
1838 1203 1951 1255 vult
1980 1201 2146 1269 loqui.
2174 1198 2370 1253 Sacer-

794 1291 942 1371 dotio
974 1306 1258 1378 fungitur?
1289 1317 1451 1358 nemo
1475 1300 1647 1367 magis
1687 1294 1944 1351 sacerdos
1976 1292 2093 1346 ille.
2138 1291 2210 1344 De
2254 1298 2371 1343 arte

796 1400 1063 1457 disserit?
1097 1397 1293 1459 Verba,
1344 1406 1506 1448 voces
1538 1390 1695 1460 plane
1748 1384 2136 1441 convenientes
2174 1382 2226 1435 in
2261 1393 2374 1434 me-

732 1484 737 1491 ’
797 1496 944 1547 dium
998 1488 1226 1564 profert.
1261 1483 1431 1538 Nemo
1470 1484 1585 1550 ipso
1629 1475 2060 1547 magnificentior
2108 1472 2371 1529 laudator.

794 1585 1132 1651 explanator,
1166 1577 1491 1645 explorator,
1528 1575 1919 1639 perscrutator,
1946 1571 2371 1633 argumentator.

795 1673 877 1727 'l‘u
907 1670 1122 1739 quidem
1156 1676 1353 1721 caetera
1373 1664 1568 1718 habilis
1595 1675 1677 1723 es,
1710 1669 1763 1713 et
1790 1654 2031 1727 epistola:
2058 1664 2161 1708 tuae
2187 1653 2369 1707 dulce-

797 1766 921 1818 dine
956 1764 1069 1831 ipsa
1124 1757 1398 1811 dulciores
1437 1765 1610 1807 artem
1665 1752 1835 1819 ipsam
1859 1748 2113 1817 produnt.
2144 1745 2274 1799 Nam
2307 1744 2371 1796 ad

2477 579 2603 632 τρον
2640 576 2654 591 °
2688 561 2720 630 ὴ
2755 557 2949 613 Μοῦσα
2978 561 3088 615 τῶν
3116 562 3335 615 ἐννοιῶν
3360 579 3374 592 °
3414 563 3447 633 ή
3474 564 3634 634 χάρις
3662 568 3768 618 τῶν
3792 568 3990 630 λέξεων
4028 588 4045 604 ο

2488 654 2549 707 τὸ
2585 650 2813 720 γλεῦκος
2843 652 2939 721 τῆς
2984 653 3180 723 ἡδονῆς
3207 672 3222 687 ο
3263 657 3295 724 ἡ
3331 654 3618 724 φιλόσοφος
3652 659 3932 730 Καλλιόπη
3967 677 3980 690 ·
4014 664 4047 730 ἡ

2475 743 2859 815 ἀμετάϐλητος
2883 745 3067 813 φύσις.
3107 746 3165 800 '0
3194 748 3357 810 αὐτὸς
3382 748 3488 820 γὰρ
3542 751 3599 801 ἐν
3647 750 3946 820 Βυζαντίῳ,
3990 754 4050 806 ὲν

2474 808 2769 907 Θεσσαλίᾳ,
2804 808 2993 908 πόρρω
3013 808 3123 889 τῶν
3171 808 3605 911 Ἀθηνῶν,“πρὸς
3649 808 3785 913 αὐτῇ
3821 808 4045 914 τῇἾΕλ-

2473 930 2610 993 λάδι,
2642 930 2698 981 ἐν
2732 931 3016 999 γηλόφοις,
3049 931 3105 983 ἐν
3139 932 3420 1001 γηπέεοις,
3483 934 3538 985 ἐν
3574 936 3892 1004 τρυφώσαις
3942 940 4047 1007 χώ-

2478 1038 2619 1089 ραις,
2652 1022 2708 1073 ὲν
2742 996 3005 1093 αῦχμηρᾷ
3035 1025 3127 1092 γῇ,
3153 996 3218 1074 οῦ
3257 996 3652 1091 μεταϐάλ>.ωπιό
3695 996 3763 1078 ὀὐ
3830 996 4049 1095 μετατι-

2476 1112 2701 1181 θέμενος
2731 1127 2743 1140 ⁸
2781 1112 3096 1182 ἁπανταχοῦ
3122 1112 3380 1182 εῠκροτος
3417 1128 3431 1143 ·
3463 1116 3727 1185 εῦμουσος
3762 1134 3774 1147 ·
3808 1117 4002 1188 εὔηχος
4028 1135 4040 1147 ·

2472 1177 2750 1273 γλάφυρός
2782 1219 2796 1234 ·
2862 1177 3099 1272 ἀνθηρός
3130 1219 3146 1234 ·
3212 1177 3349 1273 μετὰ
3382 1203 3478 1256 τοῦ
3526 1177 3785 1278 λαμπροῦ
3821 1177 3999 1279 sagi];-
4033 1226 4047 1238 ·

2476 1293 2613 1362 μετᾶ
2649 1293 2743 1347 τοῦ
2775 1292 2979 1362 σαφοῦς
3012 1294 3233 1363 σεμνὸς,
3261 1294 3355 1348 καὶ
3397 1296 3537 1365 μετὰ
3585 1300 3778 1350 τούτου
3825 1302 4045 1370 γοργὸς,

2472 1384 2563 1435 καὶ
2612 1384 2731 1452 μετ’
2777 1384 2988 1438 ἐκείνου
3048 1386 3285 1455 ἀκμαῖος
3314 1402 3328 1417 θ
3381 1387 3561 1441 πάντα
3594 1390 3760 1441 κινῶν
3802 1392 4045 1458 ἀμέσως,

2475 1474 2724 1542 ἐκμέσως
2756 1473 3025 1542 (τοιοῦτον
3069 1474 3190 1544 γὰρ,
3218 1475 3278 1526 τὸ
3309 1477 3441 1545 ὲμδν
3474 1477 3883 1548 σεμνολόγημα)
3916 1496 3928 1508 ·
3980 1483 4046 1532 ἄν

2475 1566 2795 1637 σοφιστεύῃ,
2818 1566 3018 1634 σεμνός
3054 1582 3067 1595 ·
3096 1567 3163 1619 ἂν
3190 1566 3454 1638 σεμνύνῃ,
3493 1571 3782 1639 ῥητορικός
3814 1585 3827 1597 ο
3862 1570 3928 1622 ἂν
3977 1575 4049 1621 ts-

2475 1659 2700 1732 ρατεύῃ,
2758 1661 2929 1721 δεινος
2969 1660 3246 1730 ἱερατικός
3279 1673 3294 1688 ⁸
3345 1659 3753 1731 ἃντεχνολογῇ,
3817 1662 4046 1732 εὑρετὴς

2474 1750 2707 1819 ἀκριϐὴς
2734 1750 2845 1801 τῶν
2893 1750 3031 1820 πρὸς
3066 1751 3345 1819 εὐφημίαν
3385 1752 3650 1818 ἀφορμῶν
3683 1766 3698 1783 θ
3750 1754 4049 1822 μεγαλήγο-

794 1829 1161 1925 eloquentiam
1212 1856 1405 1902 natura
1454 1858 1711 1913 perquam
1763 1840 1995 1895 fautrice
2036 1836 2224 1901 uteris,
2256 1851 2371 1903 qua:
2404 1829 2443 1881 Β
2475 1859 2551 1911 ρος

2294 1851 2371 1888 tta:
2404 1829 2443 1881 Β
2475 1859 2565 1911 ρος
2596 1840 2922 1909 ἐπαινέτης·
2958 1840 3245 1908 ὑψηλογῶν
3270 1841 3336 1892 τὰ
3362 1841 3513 1910 σαφῆ
3541 1857 3555 1872 ’
3611 1843 3928 1911 σαφηνίζων
3979 1846 4046 1896 τὰ

797 1964 896 2020 per
931 1962 993 2000 os
1024 1953 1171 1997 tuum
1199 1954 1357 2008 quam
1386 1934 1817 2005 splendidissime
1850 1944 2103 1984 resonare
2133 1927 2266 1983 velle
2294 1928 2369 1979 vi.

800 2043 979 2095 detur.
1013 2034 1267 2105 Antiquis
1293 2031 1532 2125 quidem,
1567 2024 1898 2094 temporibus
1930 2023 2166 2091 undique
2200 2031 2375 2075 terra-

800 2149 918 2189 rum
966 2134 1019 2186 in
1076 2125 1414 2181 Thessaliam
1472 2114 1813 2175 conﬂuerunt
1855 2116 1925 2170 ob
1970 2114 2102 2167 alias
2131 2126 2366 2176 causas;

800 2226 1027 2289 rosmac
1050 2231 1229 2275 autem
1261 2216 1549 2286 plerosque
1582 2211 1655 2265 ibi
1706 2219 2068 2263 conventuros
2112 2205 2285 2259 sentio
2317 2210 2373 2255 ιιι

803 2332 854 2371 te
907 2316 1216 2384 loquentem
1258 2306 1499 2361 audiant.
1544 2300 1845 2356 Ambitioso
1900 2312 2032 2352 sane
2098 2296 2193 2349 tibi
2254 2308 2374 2347 esse

805 2412 950 2472 licet,
988 2407 1111 2476 quia
1138 2402 1281 2472 quod
1308 2415 1371 2453 ex
1396 2412 1493 2453 ore
1526 2394 1638 2450 ﬂuit
1670 2402 1783 2458 tuo,
1808 2406 1914 2445 non
1948 2401 2173 2458 corpora
2200 2386 2371 2440 solum

804 2498 997 2567 tangit,
1031 2496 1125 2549 sed
1158 2493 1212 2545 in
1250 2488 1487 2543 animam
1540 2485 1708 2538 intrat
1737 2490 1786 2534 et
1836 2478 2166 2546 voluptatem
2204 2482 2371 2536 creat,

800 2564 1025 2649 exaitat,
1062 2579 1315 2644 intendit,
1371 2576 1599 2636 relaxat,
1638 2568 1942 2640 perfundit,
1995 2566 2138 2619 acria
2193 2564 2373 2625 solvit,

802 2677 998 2732 retinet
1034 2684 1087 2729 et
1111 2672 1228 2725 vice
1259 2681 1436 2723 versa.
1472 2662 1628 2731 Quod
1651 2662 1697 2715 si
1729 2657 2066 2714 Thessaliam
2100 2665 2246 2709 tuam
2281 2653 2372 2706 tibi

804 2765 1048 2838 loquenti
1074 2777 1233 2816 aures
1256 2758 1585 2829 praebentem
1616 2752 1807 2815 habes,
1828 2759 1879 2805 te
1912 2757 1964 2803 et
1987 2748 2131 2802 illam
2163 2747 2375 2799 beatam

805 2864 929 2914 dico
963 2876 977 2925 ;
1015 2868 1086 2919 te,
1111 2855 1252 2923 quod
1288 2849 1491 2905 dociles
1544 2845 1819 2900 auditores
1851 2839 2123 2895 inveneris
2164 2854 2178 2901 ;
2233 2836 2376 2889 illam

803 2950 945 3021 quod
975 2948 1095 3002 talis
1127 2944 1258 3013 ipsis
1284 2939 1538 2994 sacerdos
1569 2952 1629 2989 ac
1652 2942 1836 2989 orator
1864 2930 2136 2997 obtigerit.
2166 2927 2222 2981 Si
2248 2940 2376 2979 vero

808 3041 935 3095 muli
956 3036 1178 3092 semidei
1212 3031 1486 3085 auditores
1516 3024 1843 3087 exstiterint,
1868 3022 2008 3076 beati
2041 3021 2115 3073 sic
2142 3032 2373 3088 quoque.

806 3132 921 3185 Tua
938 3128 1151 3197 quidem
1177 3122 1440 3177 felicitate
1464 3117 1596 3173 nihil
1616 3113 1905 3185 perfectius
1929 3130 1940 3165 :
1964 3112 2054 3165 tibi
2073 3110 2264 3179 stylus,
2282 3108 2373 3161 tibi

806 3221 1109 3284 satisdatio,
1141 3214 1379 3271 dellnitio
1408 3209 1675 3265 contraria
1706 3221 1768 3261 ac
1790 3203 2151 3269 ratiocinatio,
2180 3202 2373 3271 praevia

809 3314 1078 3369 institutio
1132 3324 1195 3362 ac
1248 3303 1587 3364 constitutio,
1620 3301 1862 3354 idearum
1914 3297 2147 3364 denique
2195 3293 2376 3346 tuistio

808 3409 900 3459 tilti
938 3414 1136 3472 prmsto
1160 3409 1307 3453 sunt.
1341 3393 1475 3447 Nam
1505 3391 1709 3446 Graecia
1738 3389 1816 3458 (ut
1844 3388 2091 3455 equidem
2125 3384 2375 3454 arbitror)

806 3509 859 3550 et
878 3510 995 3565 qua:
1020 3492 1264 3561 regiones
1284 3485 1503 3540 Graecia:
1528 3481 1791 3550 adjacent,
1813 3487 1902 3530 aut
1925 3477 2083 3528 etiam
2108 3473 2373 3542 obiacent,

809 3564 975 3657 (~ieut
1000 3580 1292 3649 lonia)jant
1321 3576 1446 3630 olim
1475 3575 1525 3625 in
1555 3573 1746 3624 litteris
1771 3568 1978 3622 erudita
2009 3566 2201 3619 fuerat.
2228 3564 2379 3616 Nune

810 3690 990 3733 autem
1015 3673 1193 3727 omnia
1221 3672 1285 3722 ad
1324 3670 1669 3721 monumenta
1690 3662 1930 3727 antiqua,
1960 3658 2176 3719 rudera,
2200 3656 2377 3708 ruinas

812 3772 1029 3823 redacta
1052 3770 1195 3819 sunt.
1222 3759 1338 3815 Jant
1368 3758 1473 3811 scis
1503 3752 1629 3821 quid
1664 3751 1754 3804 tibi
1785 3748 2111 3811 faciendum,
2142 3760 2206 3798 ne
2239 3746 2379 3798 scire

811 3874 960 3914 tuum
1010 3861 1213 3926 pereat.
1267 3850 1514 3917 Loquere
1566 3858 1744 3897 coram
1802 3840 1955 3893 nobis
2009 3835 2374 3898 audientibus,

812 3955 1060 4020 laqueum
1095 3962 1198 4000 non
1238 3940 1573 3999 distendens,
1612 3944 1798 4005 guttur
1825 3931 1971 3999 justo
2018 3928 2241 3983 nimium
2271 3942 2378 3979 nou

812 4018 1097 4105 tendendo,
1130 4045 1317 4106 pectus
1348 4046 1449 4083 non
1480 4026 1860 4094 comprimens,
1891 4022 1982 4076 sed
2030 4018 2381 4090 grammatico

812 4135 1129 4201 oltloqucns,
1191 4124 1450 4192 nobisque
1502 4132 1661 4171 voces
1724 4113 1916 4168 litteris
1971 4118 2380 4179 reprwsentatas

813 4231 953 4282 sicut
985 4238 1077 4293 per
1103 4218 1344 4274 canalem
1368 4211 1658 4266 advehens.
1695 4206 1782 4259 Sic
1801 4219 1893 4258 cor
1923 4218 2019 4272 per
2048 4214 2209 4254 venas
2237 4200 2383 4252 calo-

818 4335 927 4373 rem
978 4315 1072 4369 tuti
1114 4305 1326 4377 corpori
1373 4300 1736 4359 communicat
1774 4313 1787 4361 ;
1824 4296 1904 4350 sic
1962 4294 2129 4361 hepar
2166 4306 2259 4360 per
2294 4290 2381 4344 ilia

816 4409 1131 4479 Sanguinem
1166 4400 1420 4455 membris
1448 4396 1613 4449 tuittit
1650 4410 1664 4457 ;
1699 4394 1779 4446 sic
1813 4391 2094 4445 cerebrum
2136 4401 2231 4455 per
2261 4388 2385 4440 dor-

2472 1934 2652 2002 ὑψηλὰ
2679 1932 2947 2001 μεθόδοις,
2982 1933 3127 2001 φημὶ
3152 1936 3346 2000 τομαῖς
3378 1934 3490 1986 τισὶ
3523 1932 3616 1986 καὶ
3673 1933 3933 2002 λειότησι,
3975 1937 4046 1989 Συ

2471 2025 2526 2076 δὲ
2561 2023 2728 2077 τᾶλλα
2757 2022 2855 2092 μὲν
2882 2022 3048 2085 καλός
3075 2039 3088 2052 ·
3125 2022 3244 2076 ἀλλ’
3301 2024 3638 2075 ἐπιστέλλων
3674 2055 3743 2065 -
3776 2026 4047 2094 ὑπέρευγέ

2470 2115 2567 2179 τῆς
2610 2113 2969 2182 γλυκύτητος.
3044 2112 3103 2166 '0
3143 2113 3253 2183 γάρ
3318 2129 3399 2164 τοι
3457 2113 3866 2183 ὲπιστολιμαῖος
3913 2116 4049 2184 πρὸς

2470 2204 2617 2271 ἡμᾶς
2650 2204 2805 2271 λόγος
2840 2205 3124 2275 μονονουχὶ
3159 2204 3344 2274 φωνὴν
3378 2205 3624 2273 ἀφίησιν,
3654 2206 3736 2257 ὅτι
3763 2208 3916 2275 φωνὴ
3948 2207 4043 2275 τῆς

2472 2295 2666 2365 τέχνης
2697 2295 2783 2345 σύ.
2805 2294 3197 2365 Πλεονέκτημα
3224 2297 3333 2364 γάρ
3368 2313 3448 2348 σοι
3480 2296 3690 2365 ὑπῆρξε
3730 2298 3872 2366 μέγα
3910 2300 4047 2364 προς

2473 2389 2597 2448 τους
2628 2387 2817 2453 λόγους
2854 2387 2887 2455 ἡ
2924 2386 3108 2454 φύσις,
3147 2388 3285 2455 πρὸς
3311 2385 3472 2438 τοῦτο
3507 2387 3636 2449 ἴσως
3680 2387 4047 2456 γεγενημένη,

2477 2480 2563 2533 ἵνα
2596 2497 2677 2533 σοι
2705 2480 2765 2531 τὸ
2791 2479 2887 2549 τῆς
2928 2480 3121 2549 τέχνης
3148 2478 3365 2547 ἀξίωμα
3390 2478 3773 2549 λαμπρότερον
3811 2482 3900 2531 καὶ
3931 2482 4045 2530 δια-

2475 2574 2809 2639 φανέστερον
2840 2571 3087 2639 γένηται.
3121 2570 3296 2622 Πάλαι
3352 2569 3452 2637 μὲν
3514 2565 3608 2621 οὖν
3642 2569 3763 2620 καθ’
3813 2569 4050 2636 ἱστορίαν

2474 2663 2571 2731 τῆς
2608 2662 2702 2715 τοῦ
2746 2662 2940 2731 καιροῦ
2992 2661 3055 2730 (τ’)
3105 2662 3371 2723 ἐκδόσεως
3404 2660 3468 2729 (?)
3515 2659 3892 2728 ἁπανταχόθεν
3948 2662 4047 2726 τῆς

2476 2754 2804 2823 οἰκουμένης
2838 2753 2975 2823 πρὸς
2998 2753 3095 2821 τὴν
3123 2752 3427 2805 Θετταλίαν
3454 2752 3502 2803 oi
3530 2751 3749 2812 πλείους
3780 2750 4006 2817 ἐφοίτων
4034 2765 4043 2775 -

2478 2844 2571 2896 νῦν
2595 2846 2650 2897 δὲ
2684 2846 2935 2906 πλείονας
2955 2841 3107 2911 οἶμαι
3139 2843 3330 2897 αὐτόθι
3367 2844 3673 2911 βαδιεῖσθαι
3715 2844 3855 2895 κατα
3895 2840 4047 2901 κλέος

2476 2935 2585 2989 τῶν
2619 2934 2711 2987 τοῦ
2755 2935 2846 2987 σοῦ
2873 2934 3035 3003 λόγου
3067 2932 3365 3000 σταγόνων,
3406 2932 3515 2985 Καί
3573 2947 3630 2983 σε
3685 2927 3839 2999 οἶμαι
3888 2931 4045 2996 ζηλο-

2477 3026 2669 3078 τυπεῖν
2710 3024 2804 3077 καὶ
2846 3026 2937 3077 τὸν
2994 3025 3270 3092 μάρτυρα,
3307 3024 3388 3075 ὅτι
3453 3021 3525 3091 μὴ
3590 3024 3859 3089 σωμάτων
3891 3020 4047 3088 μόνον

2482 3115 2783 3183 ἐφάπτεται
2820 3114 2996 3183 ῥεῦμα
3024 3114 3082 3164 τὸ
3116 3114 3228 3176 σὺν,
3263 3113 3398 3165 ἀλλὰ
3420 3114 3512 3164 καὶ
3548 3115 3624 3172 είς
3672 3111 3848 3181 ψυχὴν
3870 3111 4044 3163 εἰσδύ-

2480 3222 2581 3269 νει,
2602 3206 2693 3257 καὶ
2715 3204 2783 3257 τὰ
2808 3204 2977 3257 πολλὰ
3011 3202 3181 3256 ταῦτα
3203 3204 3428 3256 δύναται
3460 3202 3674 3272 ἡδύνειν
3707 3220 3718 3231 ·
3751 3204 3998 3270 ἐπαίρειν
4030 3219 4045 3232 ·

2479 3297 2804 3349 ἐπιτείνεινο
2839 3295 3039 3364 χαλᾷνσ
3090 3294 3325 3364 διαχέειν
3357 3311 3370 3324 ο
3428 3293 3747 3363 δριμύττειν
3774 3308 3787 3322 ·

2479 3391 2696 3457 ἐπέχειν
2718 3405 2730 3418 ο
2764 3388 2952 3451 τᾶλλα,
2986 3388 3086 3439 ὅσα
3140 3388 3238 3455 τῆς
3269 3385 3552 3439 ἁντιθέτου
3609 3383 3828 3453 μερίδος
3881 3382 4049 3441 ἐστίν,

2481 3481 2540 3531 Εἰ
2578 3479 2675 3549 μὲν
2698 3473 2791 3530 οὖν
2826 3481 2858 3548 ἡ
2895 3479 2961 3545 σὴ
2996 3477 3266 3530 Θεσσαλία
3294 3476 3526 3545 ἐπήκοός
3565 3476 3679 3525 ἐστι
3721 3474 3828 3525 τῶν
3880 3474 3936 3524 ἐν
3972 3472 4049 3540 τῷ

2481 3573 2558 3641 σῷ
2581 3572 2724 3641 λόγῳ
2750 3570 2993 3639 ῥυθμῶν,
3043 3569 3212 3637 ἄμφω
3254 3566 3545 3637 μακαρίζω
3603 3564 3701 3629 τῆς
3766 3563 4044 3632 εὐτυχίας·

2482 3662 2539 3713 σῖε
2575 3662 2694 3729 μὲν,
2724 3661 2805 3711 ὅτι
2833 3658 2998 3727 ἔχεις,
3025 3658 3108 3725 ἐφ’
3155 3652 3236 3719 οἷς
3295 3657 3361 3706 ἂν
3413 3656 3509 3724 τὴν
3560 3654 3787 3722 δύναμιν
3843 3651 4052 3721 ἐνδείξῃ

2479 3751 2588 3802 τῶν
2622 3750 2794 3817 λόγων
2832 3767 2845 3779 ·
2878 3748 3120 3810 ἐκείνους
3140 3747 3217 3811 δὲ,
3258 3747 3339 3798 ὅτι
3395 3744 3641 3797 τοιούτου
3688 3744 4051 3811 τετυχήκασιν

2483 3843 2675 3909 ἱερέως
2731 3840 2823 3891 καὶ
2878 3840 3127 3907 ῥήτορος.
3190 3838 3252 3888 Εἰ
3301 3836 3356 3888 δὲ
3399 3836 3612 3904 ἡμίονοι
3662 3832 3792 3901 παρ’
3841 3832 4053 3899 ἡμιθέῳ

2482 3934 2795 4001 ἑστήκασιν,
2857 3930 3103 3999 εὐτυχεῖς
3155 3929 3251 3997 μὲν
3312 3922 3458 3980 οὗτοι
3510 3926 3603 3978 καὶ
3648 3924 3838 3986 οὕτως.
3895 3923 3962 3974 Σὺ
3997 3922 4052 3973 δὲ

2481 4024 2781 4095 ήτύχησας,
2808 4024 2865 4073 ὲν
2893 4016 2973 4082 οἷς
2996 4019 3310 4089 ηὑτύχησας
3338 4035 3353 4049 ·
3385 4018 3479 4069 καὶ
3514 4017 3693 4085 μάτην
3725 4015 3805 4065 σοι
3830 4014 3889 4064 vi,
3916 4016 4055 4080 χρῶ-

2484 4136 2559 4187 μα
2593 4114 3014 4186 διαμεμέληται,
3048 4112 3141 4164 καὶ
3175 4113 3234 4163 τὸ
3292 4109 3516 4163 πιθανὸν
3566 4112 3663 4178 τῆς
3719 4106 4051 4172 ἀπολογίας,

2482 4208 2576 4261 καὶ
2612 4209 2638 4260 ὁ
2665 4203 3014 4275 ἀνθορισμος,
3051 4200 3192 4253 καὶὸ
3215 4197 3591 4266 συλλογισμὸς,
3633 4199 3726 4248 καὶ
3778 4197 3808 4263 η
3850 4210 4056 4263 προκα-

2482 4300 2766 4359 τὰστασις,
2795 4297 2889 4348 καὶ
2918 4296 2948 4363 ὴ
2981 4292 3339 4354 κατάστασις,
3374 4291 3464 4341 καὶ
3496 4291 3527 4356 ἡ
3571 4287 3712 4357 μίξις
3742 4287 3846 4338 τῶν
3880 4284 4051 4336 ἰδεῶν.

2496 4392 2564 4444 Ἦ
2603 4391 2709 4457 γὰρ
2746 4387 2935 4449 Ἑλλὰς
2984 4386 3145 4455 (ὥστε
3193 4378 3392 4452 οἶμαι),
3437 4381 3532 4433 καὶ
3584 4382 3684 4432 ὅσα
3745 4379 4056 4447 προσοικεῖ-θ

3863 3292 4010 3342 λύειν
4033 3308 4047 3321 ⁸

818 4519 937 4558 sum
997 4510 1214 4553 sensum
1265 4501 1607 4546 communem
1670 4485 1866 4551 ubique
1916 4481 2269 4543 disseminat;
2303 4477 2381 4529 sic
2415 4491 2459 4546 ι)
2489 4482 2575 4535 ελα

2303 4477 2381 4529 sic
2415 4491 2459 4546 ι)
2489 4482 2647 4550 ἔλαχε
2678 4482 2744 4549 τῇ
2791 4477 3003 4530 Ἐλλάδι
3032 4475 3175 4538 (τινὰ
3202 4475 3256 4526 δὲ
3299 4473 3393 4524 καὶ
3420 4472 3711 4530 ἀντοικεϊν,
3744 4469 3818 4531 ὡς
3854 4471 3885 4535 ἡ
3923 4469 4055 4534 ξύμ·

818 4594 909 4665 qui
946 4585 1254 4659 Megal0poli
1282 4596 1473 4652 aquam
1498 4560 1621 4633 alibi
1648 4578 1842 4629 ducere
1872 4573 2158 4635 debebant,
2186 4568 2382 4623 fossam

820 4685 1099 4757 grandem,
1159 4678 1576 4731 subterraneum
1620 4678 1778 4734 atque
1826 4665 2029 4718 aerium
2080 4663 2231 4731 quasi
2285 4658 2386 4712 ﬂu-

819 4779 964 4830 vium
985 4772 1247 4825 fecerunt.
1281 4764 1448 4835 igitur
1485 4773 1538 4815 tu
1570 4773 1788 4829 quoque
1823 4771 1918 4827 per
1946 4755 2150 4808 litteras
2180 4746 2386 4806 sermo-

822 4882 946 4921 num
975 4862 1168 4917 ﬂuenta
1200 4858 1355 4913 nobis
1384 4853 1618 4925 porrige,
1650 4848 1899 4919 propina,
1924 4845 2108 4913 iri-iga.
2133 4844 2385 4895 Summo-

821 4975 947 5029 pere
998 4957 1180 5023 utique
1208 4951 1399 5017 linguae
1436 4959 1535 4999 tua:
1561 4945 1882 4998 suavitatem
1905 4951 2049 4999 amo,
2069 4946 2387 5001 morumque

822 5066 1034 5106 tuorum
1066 5060 1256 5101 norma
1294 5043 1347 5095 in
1371 5048 1547 5095 mente
1581 5050 1698 5089 mea
1732 5030 1965 5101 reposita
1997 5036 2098 5083 est.
2134 5024 2389 5079 Dictionis

824 5156 926 5197 tua:
956 5138 1199 5207 exempla
1229 5136 1279 5187 in
1304 5133 1523 5185 auribus
1553 5129 1681 5180 mihi
1719 5131 1991 5187 resonant,
2014 5129 2068 5173 et
2097 5116 2389 5173 harmonia:

824 5231 1224 5304 perfectissime
1293 5225 1343 5277 in
1406 5228 1585 5274 mente
1648 5230 1767 5269 mea
1833 5212 2099 5267 residunt.
2163 5204 2391 5273 Quando

827 5324 1039 5378 tandem
1103 5330 1152 5371 te
1219 5329 1370 5385 apem
1422 5308 1741 5381 aspiciam?
1798 5306 2010 5376 quando
2086 5301 2389 5356 alvearibus

826 5416 943 5470 iStis
979 5410 1199 5472 relictis,
1251 5404 1461 5460 sublimi
1520 5402 1697 5456 volatu
1747 5398 1912 5453 hosce
1958 5404 2183 5449 nostros.
2209 5393 2390 5445 hortos

826 5506 1024 5560 invises
1076 5512 1127 5555 et
1165 5500 1360 5554 florum
1413 5495 1655 5550 delibans
1694 5506 1872 5546 rorem
1927 5487 2031 5542 mel
2072 5488 2122 5539 in
2159 5472 2386 5539 alvearia

826 5595 1128 5666 asportabis
1157 5592 1179 5644 ’ί
1227 5594 1297 5645 De
1333 5598 1527 5644 caetero
1562 5603 1664 5643 non
1698 5594 1780 5640 est
1814 5583 1958 5652 quod
1998 5578 2275 5649 epistolam
2323 5575 2388 5627 ad

828 5698 1087 5743 nostuam
1119 5698 1386 5738 accusem.
1418 5679 1499 5735 Tu
1531 5680 1596 5734 de
1625 5678 1818 5747 quibus
1846 5677 1987 5730 inter
2017 5684 2110 5725 nos
2144 5666 2404 5724 convenit

828 5782 931 5837 noli
966 5778 1233 5843 oblivisci,
1267 5776 1460 5845 quippe
1486 5773 1794 5841 jnrameuto
1831 5783 1939 5821 rem
1970 5762 2250 5817 rolmrasti.
2281 5758 2389 5811 Hoc

2490 4584 2640 4620 πασα
2656 4564 2877 4633 Ἰωνία),
2900 4563 3066 4616 πάλαι
3095 4561 3191 4630 μὲν
3219 4561 3312 4611 ἐπὶ
3335 4562 3445 4619 τοῖς
3461 4558 3637 4625 λόγοις
3653 4557 4052 4623 δεδημοσίευτο.

2490 4660 2605 4714 Νῦν
2631 4659 2685 4712 δὲ
2723 4657 2885 4728 μέχρι
2918 4656 3014 4723 τῆς
3059 4652 3298 4721 ἱστορίας
3330 4650 3612 4717 ἑστήκασι,
3661 4647 3883 4700 κολωνοί
3914 4663 4059 4707 τινες

2490 4747 2643 4808 ὄντες
2675 4745 2973 4813 μνημάτων
3000 4737 3453 4809 ἀρχαιοπρεπῶν,
3488 4735 3885 4803 ἐκλελειμμένα
3920 4736 4059 4803 ἐρεί-

2492 4853 2609 4888 πια.
2638 4831 2809 4887 Οἶσθα
2842 4831 2992 4900 γοῦν,
3026 4832 3053 4883 ό
3106 4832 3387 4899 ποιήσεις,
3422 4829 3508 4879 ἵνα
3562 4827 3634 4895 μή
3692 4843 3783 4877 σου
3825 4827 3856 4893 ἡ
3900 4828 4060 4889 σοςεά

2492 4928 2784 4995 ἀπόληται.
2821 4925 2959 4992 Λέγε
2992 4924 3121 4992 παρ’
3149 4924 3279 4990 ἡμῖν
3309 4922 3419 4980 τοῖς
3462 4918 3741 4977 ἀκούουσι,
3786 4917 3859 4984 μὴ
3890 4933 4058 4967 κατα-

2490 5021 2683 5074 τείνων
2708 5017 2797 5069 τὸν
2829 5017 3040 5086 βρόχον,
3082 5014 3155 5083 μὴ
3188 5012 3521 5081 ὑπερτείνων
3554 5010 3640 5060 τον
3675 5011 3951 5077 φάρυγγα,
3986 5010 4058 5074 μη

2494 5110 2809 5181 συμπιέζων
2844 5110 2935 5161 τὸν
2965 5106 3211 5176 θώρακαο
3251 5103 3363 5157 ἀλλ’
3396 5101 3752 5170 {artat-{spsde
3783 5099 3855 5164 τῷ
3882 5115 4061 5165 γραμ-

2497 5205 2678 5273 ματεῖ,
2733 5202 2827 5255 καὶ
2862 5197 3157 5269 κρουνηδὸν
3188 5198 3318 5265 ἡμῖν
3355 5194 3559 5261 ἐγχέων
3611 5193 3735 5252 τοὺς
3782 5190 3970 5254 λόγους
4006 5190 4060 5238 ἐν

2478 5295 2834 5367 γράμμασιν.
2865 5292 3020 5345 Οὕτω
3045 5307 3126 5342 τοι
3156 5291 3248 5340 καὶ
3284 5289 3315 5351 ὴ
3352 5284 3546 5354 καρδία
3577 5284 3663 5335 δια
3694 5297 3832 5341 τινος
3857 5281 4061 5343 ἀγγοδς

2495 5392 2552 5441 τδ
2581 5386 2785 5456 Θερμδν
2827 5384 3064 5444 ἅπαντος
3104 5380 3465 5446 κατασπείρει
3512 5375 3605 5426 τοῦ
3656 5374 3930 5442 σώματος’
3970 5374 4062 5420 κα)¹

2494 5484 2551 5533 τι)
2597 5476 2761 5550 ἧπαρ
2798 5477 2885 5529 διὰ
2938 5474 3036 5543 τῆς
3076 5472 3261 5540 κοίλης
3315 5467 3625 5537 ἐποχετεύει
3672 5466 3729 5516 το
3764 5457 3900 5531 αἷμα
3954 5464 4059 5521 τοῖς

2498 5573 2710 5641 μέρεσι’
2738 5568 2832 5621 καὶ
2858 5569 2886 5619 ό
2913 5564 3215 5632 ἐγκέφαλος
3234 5561 3321 5613 δια
3344 5559 3437 5612 τοῦ
3467 5558 3721 5610 νωτιαίου
3753 5557 3846 5623 τὴν
3872 5554 4062 5620 αἴσθῃ-

2496 5681 2579 5715 σιν
2611 5657 2862 5727 πανταχῆ
2904 5656 3109 5708 δίδωσι·
3149 5652 3242 5705 καὶ
3281 5651 3328 5702 οἱ
3379 5649 3439 5700 τὺ
3477 5648 3620 5716 ὕδωρ
3651 5646 3812 5699 παλαι
3858 5646 3921 5712 τῇ
3957 5643 4063 5694 Με-

2495 5751 2784 5831 γαλοπόλει
2811 5745 3245 5817 ἐφελκυσάμενοι
3268 5741 3365 5809 τὴν
3396 5738 3634 5808 μεγάλην
3662 5734 3892 5788 ἐνταῦθα
3924 5733 4084 5800 ἀμέρ,
