4450 6448
443 400 580 467 1165
1856 407 2254 470 EPISTOLE.
3556 405 3689 472 H66

434 535 533 586 ραν
568 519 910 588 ἑποιήσαντο,
946 520 1033 575 τδν
1069 523 1380 592 ὑποχθόνιον
1435 525 1527 577 καλ⁸
1571 521 1772 594 ἀέριον,
1816 522 1891 587 ὥς
1918 541 2000 586 τις
2033 528 2076 585 Α
2104 518 2191 590 jur

1918 541 2000 586 τις
2033 528 2076 585 Α
2104 518 2474 590 juramentum
2508 522 2593 578 ubi
2635 532 2685 577 tu
2720 521 2967 588 solveris,
2999 524 3244 592 equidem
3279 538 3363 582 me
3394 523 3670 594 disculpO:

432 606 644 676 εἴρηκε,
677 611 938 679 ποταμόν.
1001 612 1109 666 Καὶ
1153 614 1217 666 σὺ
1252 611 1541 683 τοιγαροῦν
1590 611 1659 666 δι’
1704 614 2000 668 ἐπιστολῶν
2039 623 2044 629 ·
2109 621 2184 668 sci

1912 615 2044 667 tibv'
2109 621 2245 668 scito
2304 623 2506 672 autem.
2563 630 2647 669 me
2701 615 2752 671 in
2811 625 3096 688 utramque
3150 629 3360 687 partem
3416 631 3669 674 securum

427 696 564 762 ἡμῖν
609 700 835 769 χορήγτι
882 702 943 754 τὸ
985 701 1134 770 νᾶμα
1167 700 1260 754 τοῦ
1309 702 1489 770 λόγον,
1532 701 1867 768 καὶ.πότιζε
1906 710 2004 756 και,
2107 719 2239 762 esse.

429 786 755 858 κατάρδευε.
798 790 885 853 '0;
915 790 1036 844 λίαν
1068 790 1176 861 γάρ
1212 808 1305 844 σου
1355 791 1455 861 τῆς
1486 791 1731 861 γλώττης
1779 792 1996 863 δρῶμεν
2036 796 2128 847 καὶ
2165 798 2261 864 τῆς
2296 798 2354 850 ιν
2379 797 2514 865 αὑτῇ
2553 795 2772 866 χάριτος
2795 839 2810 863 ,
2848 799 2942 852 καί
2995 815 3096 868 μου
3153 798 3181 851 δ
3204 800 3313 854 τῶν
3352 800 3519 871 ίὴθῶν
3575 815 3669 853 σου

427 876 596 940 τύπος
639 880 938 950 imam:
980 885 1046 951 τῇ
1093 882 1262 951 ψυχῇο
1303 883 1729 951 ινεσφράγισται
1773 882 1833 935 δέ
1889 901 1990 952 μου
2030 886 2142 946 τοῖς
2206 885 2309 939 ὠσὶ
2384 889 2446 940 τὰ
2495 887 2615 956 ίχνη
2658 887 2753 956 τῆς
2794 888 3012 953 λέξεως,
3051 890 3147 943 καὶ
3193 892 3356 961 ὴτῆς
3403 893 3671 961 ἁρμονίας

428 970 544 1038 ἠχὼ
567 971 645 1023 ἔτι
673 989 775 1042 μου
808 977 873 1044 τῇ
904 975 1048 1044 ψυχῇ
1096 973 1385 1044 έμδομσεί.
1439 973 1600 1029 Ἀλὶά
1649 976 1779 1028 πότε
1815 977 1908 1029 ίδω
1948 977 2046 1045 τὴν
2088 977 2388 1049 nil-oon;
2445 980 2569 1034 πότε
2618 981 2673 1034 δὲ
2735 982 2841 1034 τῶν
2910 986 3097 1041 αὑτόθι
3166 987 3410 1054 σίμϐλων
3460 990 3674 1042 ἀπανα-

430 1062 624 1131 στήσῃ,
683 1063 778 1115 καὶ
824 1065 1060 1134 διαέριος
1104 1065 1345 1133 γεγονὼς
1428 1067 1564 1136 πρὸς
1640 1069 1764 1130 τοὺς
1816 1068 2051 1122 ἐνταῦθα
2095 1071 2300 1136 κήπους
2333 1075 2634 1141 φοιτήσεις,
2667 1078 2760 1128 καὶ
2800 1079 3125 1149 περιελεύσῃ
3158 1081 3224 1133 τά
3258 1080 3418 1149 ἀνθη,
3464 1081 3556 1147 ἀφ’
3596 1074 3672 1132 ὧν

426 1154 524 1221 τὴν
579 1155 770 1227 δρόσον
822 1159 1221 1230 ἀναλεξάμενος
1275 1162 1337 1214 τὸ
1394 1164 1519 1232 μέλι
1575 1166 1688 1227 τοῖς
1746 1162 1995 1232 σίμϐλοις
2027 1166 2355 1236 ἐνέσταξαςς
2392 1170 2463 1224 Τὸ
2489 1172 2545 1224 δὲ
2575 1172 2760 1226 λοιπὸν
2788 1173 2888 1242 τῆς
2916 1175 3054 1243 πρὸς
3112 1178 3258 1246 ἡμᾶς
3320 1195 3413 1230 σου
3451 1179 3672 1231 ἐπιστο-

428 1247 523 1316 λῆς
558 1250 668 1316 ἐγὼ
697 1252 797 1320 μὲν
821 1252 932 1305 οὔτ’
961 1254 1404 1324 ὲπαγκαλέσαιμι
1436 1272 1538 1322 σοι,
1566 1254 1690 1310 οὒτε
1713 1257 2205 1328 προσονειδίσαιμι.
2279 1263 2352 1314 Σὺ
2399 1264 2456 1316 δὲ
2500 1265 2609 1318 τῶν
2679 1266 2984 1336 ὁμολογιῶν
3039 1270 3308 1340 μέμνησο,
3385 1275 3480 1326 καὶ
3532 1274 3669 1343 πρός

426 1355 490 1404 γε
520 1339 753 1405 τούτοις,
800 1344 881 1396 ὅτι
921 1344 1043 1398 κατ’
1075 1344 1241 1396 αὑτοῦ
1271 1347 1364 1398 τοῦ
1396 1347 1707 1416 κρείττονος
1741 1347 1997 1416 έμφύτως
2058 1348 2372 1417 ὀμώμοκας·
2421 1355 2484 1406 ἂν
2531 1359 2580 1406 εἰ
2624 1375 2675 1408 τι
2728 1358 2816 1427 εἴη
2865 1359 2961 1412 τοῦ
3009 1361 3174 1432 ὅρκου
3213 1339 3400 1427 λύσις,
3443 1366 3541 1417 οὑκ
3576 1339 3673 1420 -ἇν

429 1433 686 1501 φθάνοιμι
713 1433 919 1504 ταύτην
949 1434 1145 1498 διδούς.
1175 1436 1236 1488 Εί
1271 1435 1317 1488 δ’
1347 1436 1440 1489 οῦν
1493 1437 1569 1509 μὴ
1603 1437 1867 1508 γενοίμην
1895 1439 2061 1501 αὑτός
2118 1457 2200 1492 σοι
2238 1448 2556 1511 παρενθήκη
2642 1451 2965 1519 κακότητος,
3044 1453 3109 1504 σὺ
3186 1453 3244 1507 δὲ
3293 1455 3466 1520 διδοὺς
3533 1457 3673 1527 λαμς

428 1533 614 1588 δάνειν
657 1528 793 1582 οἷον.
832 1528 1086 1583 Τοιοῦτον
1130 1532 1239 1601 γάρ
1288 1533 1565 1605 πεποίηκα
1602 1536 1665 1589 τὸ
1714 1536 1870 1606 ἐμὸν,
1923 1536 2008 1590 ἵνα
2035 1542 2125 1589 καὶ
2165 1541 2394 1606 διδοὺςῆ
2431 1544 2726 1604 λαμϐανων
2755 1545 2901 1598 διδῶ.

999 1638 1078 1691 B'.
1114 1637 1198 1702 Τῷ
1227 1638 1410 1702 αὐτῷ.

497 1729 714 1781 Πολλῶν
743 1728 914 1781 ὄντων
960 1729 1055 1781 καὶ
1101 1731 1392 1798 μεγάλων,
1434 1732 1499 1783 δι’
1537 1731 1572 1785 ἆ
1607 1749 1664 1785 σε
1701 1731 2001 1802 Θαυμάζειν

2720 1655 2788 1710 ll.
2835 1655 3041 1711 Eidem.

2175 1740 2331 1794 Multa
2360 1758 2490 1794 sane
2517 1753 2566 1794 et
2596 1745 2849 1810 prreclara
2881 1755 3006 1800 sunt
3037 1758 3258 1818 propter
3278 1763 3397 1819 quae
3430 1746 3484 1807 te
3505 1754 3675 1808 admi-

426 1821 770 1891 προῄρημαι,
830 1819 1256 1890 θαυμασιώτατε
1311 1822 1570 1883 δέσποτα,
1630 1825 1752 1876 ἀντὶ
1791 1825 2002 1877 πολλῶν
2102 1843 2183 1881 ror

1913 1825 2002 1875 ιῶν
2102 1843 2211 1886 r0r,
2267 1831 2482 1882 domine
2535 1833 2936 1898 illustrissime;
2974 1840 3065 1891 sed
3113 1839 3163 1891 in
3218 1840 3404 1909 primis
3434 1845 3501 1898 ob
3553 1863 3670 1902 mo-

427 1915 724 1981 χρημάτων
762 1903 988 1981 ἑλοίμην
1043 1911 1110 1966 ἀν
1167 1928 1262 1965 σου
1302 1912 1400 1983 τὴν
1455 1915 1582 1986 περὶ
1634 1916 1760 1978 τοὺς
1814 1915 2000 1982 φίλους

2102 1935 2219 1972 rum
2255 1923 2658 1989 simplicitatem
2682 1939 2843 1993 quam
2877 1940 3002 1995 erga
3035 1929 3240 1984 amicos
3269 1935 3530 2001 ostendis,
3557 1937 3672 1990 sive

427 2003 722 2072 ἁπλότητα,
752 2003 818 2073 ῆν
854 2005 947 2056 καὶ
977 2003 1170 2072 παρὼν
1201 2002 1392 2067 σώζεις
1421 2006 1514 2058 καὶ
1554 2005 1852 2075 ἀποδημῶν
1877 2019 1998 2058 συν-
2031 2025 2074 2080 Β
2102 2013 2184 2066 ειη

1910 2019 1998 2058 υν-
2031 2025 2074 2080 Β
2102 2013 2317 2072 absens.
2360 2015 2472 2068 sive
2510 2029 2748 2083 praesens
2781 2014 2971 2070 fueris.
3007 2017 3240 2075 Fabulas
3278 2021 3496 2090 quidem
3529 2029 3667 2091 apud

424 2097 631 2164 τηρείς.
693 2094 752 2146 '0
786 2094 885 2163 μὲν
927 2093 1096 2162 μῦθος
1147 2096 1390 2166 ποιητῶν
1428 2095 1670 2166 προῆλθε
1694 2135 1709 2160 ,
1763 2096 1913 2166 παρά
1943 2095 1999 2148 δὲ

426 2184 524 2251 τῆς
561 2184 658 2254 σῆς
687 2183 868 2254 ψυχῆς
916 2185 950 2254 ἡ
1007 2185 1384 2254 καλοκάγαθία
1432 2188 1530 2256 τῆς
1592 2185 1838 2255 γνώμης.
1903 2186 2000 2238 Διά

425 2274 600 2328 ταῦτα
635 2275 733 2329 καλ⁵
782 2276 980 2339 παντὸς
1011 2277 1327 2330 οὑτινοσοῦν
1362 2277 1787 2348 προτεθειμένον
1835 2277 2001 2346 ζητή-

429 2358 596 2436 ματος
626 2369 684 2420 ὲν
716 2370 828 2430 τοῖς
860 2368 1152 2437 ἡμετέροις
1199 2367 1503 2436 συλλόγοις,
1539 2369 1701 2431 εὐθὺς
1730 2369 1839 2437 ἐγὼ
1866 2369 2001 2440 πρὸς

428 2460 488 2512 σὲ
525 2459 783 2530 ἀναφέρω
814 2459 902 2512 τὸν
926 2459 1072 2523 νοῦν,
1117 2460 1209 2513 καὶ
1257 2459 1475 2530 πρῶτον
1524 2463 1622 2530 μὲν
1660 2460 1892 2530 εὔχομαι
1924 2461 2000 2530 τῷ

426 2554 567 2624 Θεῷ,
593 2555 723 2625 ὅσην
750 2555 965 2609 εὔνοιαν
1009 2556 1147 2625 ἔχων
1191 2554 1301 2622 ἐγὼ
1335 2553 1470 2624 πρὸς
1507 2555 1565 2607 σὲ
1614 2555 1863 2616 διατελῶ,
1898 2554 1998 2624 τὴν

427 2647 599 2718 αὑτὴν
636 2648 941 2718 ἀντιλαχεῖν
971 2647 1122 2717 παρά
1166 2647 1282 2699 σοῦ.
1325 2646 1696 2717 Ἀπολήψαιμι
1725 2647 1802 2710 δὲ,
1832 2649 1878 2700 εί
1908 2648 1998 2698 τὸν

428 2738 674 2808 παρόντα
709 2741 941 2808 μοναχὸν
968 2741 1067 2808 τῆς
1100 2739 1199 2809 σῆς
1232 2740 1572 2808 ἀντιλήψεως
1627 2738 1901 2803 ἀξιώσεις·
1935 2739 2000 2810 ἣν

429 2831 656 2903 πρώτην
709 2833 819 2900 ἐγὼ
867 2835 964 2886 καὶ
1003 2834 1300 2904 καλλίστην
1352 2835 1600 2902 ἥγημαι,
1641 2835 1734 2885 καὶ
1781 2835 1838 2883 ὲν
1887 2835 2000 2895 τοῖς

429 2927 666 2994 μάλιστα
695 2926 992 2996 τετίμηκα.
1026 2927 1118 2998 Μὴ
1150 2924 1242 2981 οὖν
1270 2927 1547 2989 ἀντίθετος
1574 2925 1734 2994 γενοῦ
1768 2925 1998 2996 σεαυτῷ,

425 3015 540 3067 ἀλλ’
581 3017 764 3086 ὅμοιος
798 3019 1138 3087 ἁπανταχοῦ,
1180 3020 1239 3070 ἐν
1277 3021 1390 3082 τοῖς
1445 3019 1743 3086 σχήμασιν,
1781 3020 1837 3069 ὲν
1892 3019 2000 3079 τοῖς

427 3106 636 3176 ἤθεσιν,
662 3108 1046 3177 ὁμοιόαρκτος,
1088 3109 1276 3172 τέλους
1314 3109 1522 3176 ἀγαθοῦ
1556 3108 1839 3178 προοίμιον
1871 3091 1998 3160 κάλ·

425 3198 605 3253 λιστον
639 3200 936 3268 παριστῶν·
972 3199 1046 3269 μὴ
1078 3201 1134 3267 ἐξ
1160 3201 1481 3270 ὑπολήψεως
1499 3199 1559 3252 τὸ
1584 3199 1746 3253 καλὸν
1774 3198 2000 3268 ἐργαζό-

2105 2116 2295 2176 poetas
2327 2121 2628 2175 reperem;
2664 2122 2693 2161 e
2730 2117 2820 2160 tuo
2855 2119 3034 2162 autem
3067 2111 3248 2166 animo
3286 2114 3547 2169 virtutum
3577 2118 3675 2173 llo-

2103 2211 2190 2251 res
2255 2198 2579 2264 germinant.
2638 2200 2709 2252 De
2763 2200 3178 2270 quibuscunque
3224 2205 3369 2258 enim
3409 2213 3672 2264 sermoci-

2102 2291 2281 2342 nando
2312 2291 2790 2356 disputaverimus.
2851 2293 2944 2346 libi
3005 2309 3220 2363 semper
3271 2298 3673 2365 pulcherrimas

2103 2388 2289 2446 partes
2331 2379 2529 2441 tribuo,
2569 2380 2847 2450 Deumque
2899 2397 3174 2451 nunquam
3208 2401 3314 2440 non
3353 2389 3584 2455 imploro
3615 2403 3673 2444 ut

2101 2479 2266 2526 temet
2293 2471 2421 2524 mihi
2454 2487 2684 2526 amicum
2715 2475 2802 2528 det
2825 2473 3011 2536 eadem
3046 2491 3164 2545 qua:
3198 2491 3294 2547 ego
3323 2481 3670 2538 sentientem.

2101 2560 2157 2614 ιιι
2184 2569 2364 2615 autem
2402 2561 2589 2624 facies,
2630 2563 2674 2613 si
2714 2566 3040 2618 monachum
3104 2568 3307 2624 huncce
3357 2587 3514 2640 quem
3577 2576 3670 2628 tibi

2102 2653 2444 2717 commendo,
2480 2654 2741 2708 benevole
2763 2657 3063 2724 exceperis.
3099 2657 3178 2711 Ita
3202 2662 3342 2713 enim
3370 2665 3516 2717 cordi
3554 2683 3673 2721 meo

2102 2757 2426 2813 magnOpere
2452 2744 2773 2799 satisfacies.
2809 2745 2914 2800 Res
2961 2747 3175 2811 facilis;
3209 2754 3279 2804 lui
3313 2755 3505 2810 similis
3532 2769 3670 2818 esto.

2109 2835 2164 2887 in
2208 2835 2411 2896 habitu,
2445 2836 2495 2886 in
2529 2836 2767 2889 n-oribus
2793 2853 2806 2900 ;
2837 2839 3022 2891 eodem
3045 2850 3198 2894 utere
3228 2843 3671 2917 principio,quod

2101 2925 2226 2980 boni
2269 2927 2387 2979 linis
2418 2934 2626 2981 certum
2660 2935 2743 2981 est
2779 2931 3092 2997 augurium.
3129 2931 3412 3002 Nunquam
3469 2949 3673 2994 temere.

2102 3029 2164 3067 ac
2195 3029 2292 3083 pro
2325 3014 2477 3068 libitu
2512 3015 2709 3069 bonum
2766 3015 2940 3073 faxis:
2998 3019 3211 3074 tit-tutis
3243 3033 3346 3076 tusc
3378 3026 3462 3079 lux
3495 3032 3673 3083 omni-

2104 3107 2204 3159 bus
2246 3105 2442 3158 luceat.
2479 3105 2712 3160 Mentem
2745 3109 3074 3176 prudentem
3105 3113 3266 3167 rebus
3320 3116 3518 3172 futuris
3573 3125 3672 3174 Oll-

2106 3195 2298 3261 tende;
2342 3198 2427 3249 ubi
2482 3210 2671 3252 severe
2707 3207 2945 3254 tractare
2997 3202 3134 3258 alios
3194 3207 3395 3273 possis,
3455 3209 3674 3266 lenitate

429 3309 610 3358 μενος,
645 3294 760 3345 ἀλλ’
793 3296 854 3345 ὲκ
887 3293 1209 3359 ⁸ιιιεριουσίας
1235 3293 1331 3362 τὴν
1365 3292 1491 3363 περὶ
1533 3291 1759 3344 σεαυτοῦ
1797 3292 1997 3361 ἀρετὴν
2032 3358 2070 3369 _
2105 3295 2186 3341 ute

1913 3292 1997 3360 ιὴν
2032 3358 2070 3369 _
2105 3295 2279 3341 utere.
2340 3287 2421 3341 Nil
2484 3299 2628 3343 certe
2670 3293 2923 3360 episcopo
2959 3294 3060 3349 hac
3122 3312 3177 3351 re
3215 3302 3384 3369 magis
3421 3319 3670 3359 necessa-

427 3379 594 3437 πᾶσιν
633 3358 981 3449 ἐπιδεικνύς·
1019 3385 1262 3454 εὑρέσεις
1289 3358 1368 3437 Et
1410 3358 1687 3452 ιρθάσαντα
1717 3358 1845 3436 τῶν*
1867 3358 1999 3454 μελ-
2028 3358 2071 3416 c
2106 3381 2184 3434 riu

1909 3358 1999 3437 ελ-
2028 3358 2071 3416 c
2106 3381 2268 3435 rium.
2321 3379 2588 3434 Simulare
2644 3391 2818 3436 autem
2858 3358 2915 3436 et
2965 3358 3333 3444 dissimularev
3365 3358 3666 3450 nefas.ﬂEn

425 3475 625 3528 λόντων
653 3477 969 3544 τιθέμενος,
1018 3477 1112 3529 καὶ
1170 3477 1306 3546 πρὸς
1345 3476 1490 3538 ίδέας
1536 3475 2002 3545 μεταποιούμενος
2101 3485 2182 3525 n01

1915 3493 2002 3539 νος
2101 3485 2347 3525 normam
2393 3487 2555 3540 quam
2590 3488 2862 3541 nunquam
2899 3489 3003 3530 non
3036 3480 3304 3548 sequeris,
3349 3485 3566 3540 modum
3618 3489 3668 3541 in

427 3552 761 3637 κρείττονας·
797 3569 870 3636 μὴ
910 3570 1096 3630 δεινῶς
1131 3569 1229 3637 τὴν
1260 3568 1488 3621 σεαυτοῦ
1529 3567 1828 3637 μεθοδεύων
1861 3585 1998 3639 χρη·
2099 3577 2184 3617 om

1909 3585 1998 3639 οη-
2099 3563 2374 3625 omnibus,
2403 3562 2454 3616 in
2483 3565 2663 3618 verbis
2691 3567 2818 3617 etin
2856 3567 2981 3619 ludo
3021 3567 3141 3637 ipso
3173 3572 3500 3631 adhibendo.
3548 3578 3666 3633 Ca:-

428 3661 680 3730 στὸτητα,
732 3659 847 3713 ἀλλ’
898 3661 1185 3722 ἐπιεικῶς,
1232 3661 1468 3729 ἀφελῶς.
1511 3661 1681 3730 Εἴπερ
1713 3661 1823 3730 γὰρ
1870 3662 1998 3714 ἀλλο
2105 3664 2185 3708 ἵει·

1909 3662 1998 3714 λλο
2105 3664 2218 3708 tera
2248 3654 2504 3708 oblivioni
2555 3665 2608 3705 et
2639 3659 2972 3724 contemptui
3005 3661 3176 3714 trade.
3216 3663 3495 3726 Quomodo
3524 3671 3666 3724 enim

427 3768 479 3803 τι
509 3753 585 3822 τῷ
625 3754 873 3824 ἀρχιερεῖ
903 3754 1007 3804 τῶν
1054 3753 1503 3821 ἀναγκαιοτάτων
1535 3754 1674 3816 ἐστὶ,
1705 3753 1900 3816 ταῦτα,
1949 3754 1996 3804 εί
2097 3761 2184 3816 qm

1949 3754 1996 3804 εί
2097 3745 2242 3816 quod
2301 3744 2419 3797 sine
2471 3744 2734 3799 dedecore
2772 3747 3015 3817 proloqui
3074 3767 3178 3805 non
3231 3756 3398 3821 ausis,
3444 3773 3504 3814 re
3556 3761 3669 3831 ipsa

427 3840 628 3895 δύναιο.
697 3843 942 3913 Τρόπους
995 3844 1052 3896 δὲ
1117 3846 1210 3897 καὶ
1275 3843 1774 3915 ἐπιτετηδευμένας
1851 3845 1994 3908 ίδέας
2093 3854 2184 3908 Per

1126 3846 1210 3897 καὶ
1275 3843 1774 3915 ἐπιτετηδευμένας
1851 3845 1994 3908 ίδέας
2093 3837 2279 3908 perfici
2310 3851 2430 3891 cum
2459 3835 2883 3906 decorepossit?

428 3936 720 4006 περίεργόν
746 3937 863 3988 ἐστι
887 3939 1231 4007 προσποιεῖν.
1259 3937 1480 4000 Τούτοις
1499 3936 1738 4008 κέχρησο
1763 3937 2002 4007 μὴκατὰ
2043 3933 2315 4005 περίοδον,
2366 3930 2504 3985 ἀλλὰ
2539 3931 2683 3983 κατά
2731 3936 3033 4002 συνέχειανο
3072 3940 3164 3990 καὶ
3235 3941 3295 3992 τὸ
3348 3944 3550 4015 μέτρον
3609 3946 3669 3998 έν

431 4028 602 4081 ἅπασι
641 4026 895 4098 φύλαττε,
948 4030 1005 4081 ὲν
1055 4028 1284 4094 λέξεσιν,
1333 4029 1390 4081 έν
1434 4027 1650 4098 ὁμιλίας
1678 4027 1996 4100 σκώμμασι.
2038 4027 2110 4079 Τὺ
2143 4025 2200 4087 δὲ
2243 4023 2382 4090 ὑπὲρ
2412 4019 2572 4074 τοῦτῧ
2623 4029 2758 4087 ἀφες
2788 4025 2899 4085 τοῖς
2955 4029 3102 4080 κάτω
3135 4029 3338 4099 βυθοίς.
3413 4035 3486 4088 Τὸ
3563 4039 3672 4112 γὰρ

431 4122 505 4192 μὴ
539 4121 729 4190 μέχρις
775 4120 1037 4190 ὀνόματος
1081 4121 1355 4189 εὐπρεπὲς
1387 4121 1502 4183 πῶς
1530 4119 1594 4173 ἃν
1632 4122 1716 4191 εῐη
1753 4123 2124 4193 πραττόμενον
2155 4113 2408 4177 εὑσεϐέςς

989 4214 1062 4266 Γ’.
1111 4213 1198 4282 Τῷ
1232 4216 1411 4279 αὐτῷ.

502 4305 692 4365 Ὀντος
727 4303 1047 4370 ἀναγκαίου,
1083 4304 1312 4372 φιλτάτη
1373 4304 1542 4375 ψυχὴ,
1598 4305 1792 4359 ειδέναι
1828 4321 1908 4370 σε,
1943 4303 1991 4356 τί

431 4395 527 4465 μὲν
553 4395 735 4465 ὅρκος,
766 4395 817 4446 τί
851 4394 908 4446 δὲ
945 4393 1165 4461 ἀληθές·
1194 4397 1287 4448 καλ⁵
1322 4396 1372 4449 τί
1413 4396 1513 4466 μὲν
1539 4397 1722 4466 φιλίας
1753 4397 1955 4467 θεσμὸς
1976 4434 1992 4459 ,

426 4486 561 4538 τίδὲ
593 4486 864 4557 ίερατικὸς
904 4486 1126 4555 θεσμὸς,
1160 4488 1268 4540 τῶν
1321 4486 1497 4540 ἀλλων
1540 4489 1636 4540 καὶ
1678 4487 1992 4557 μᾶλλλον,ἢ
2031 4535 2072 4590 D

426 4578 510 4630 ὅτι
563 4577 623 4629 τὸ
677 4577 1013 4646 ἐπιφώνημα
1051 4576 1208 4644 λόγος
1264 4578 1410 4630 ἐστὶν
1454 4579 1546 4631 ἐπὶ
1584 4577 1662 4644 τῷ
1709 4579 1995 4648 πράγματι

428 4667 628 4734 ἔξωθεν
673 4670 803 4738 παρ’
831 4669 989 4740 ἡμῶν
1016 4669 1335 4739 λεγόμενος,
1389 4670 1545 4740 καὶὴ
1581 4669 1826 4740 περίοδος
1868 4672 1998 4724 πολι

428 4762 542 4826 λοῖς
573 4763 871 4817 ὑποπίπτει
919 4763 1012 4815 καὶ
1043 4763 1310 4825 ποικίλοις
1338 4765 1450 4826 τοῖς
1493 4765 1759 4836 σχήμασι,
1791 4763 1885 4818 καὶ
1914 4765 1996 4817 ὅτι

427 4853 535 4906 τῶν
569 4853 1010 4925 ἐπιχειρημάτων
1036 4856 1100 4907 τὰ
1133 4855 1231 4923 μέν
1261 4857 1409 4908 ἐστιν
1449 4856 1825 4918 ἀπδεικτικά,
1865 4856 1998 4909 πολ-

429 4944 526 5016 λῆς
583 4946 878 5017 ἑρμηνείας
934 4945 1186 5015 δεόμενα,
1247 4946 1366 5017 ἦτοι
1428 4946 1762 5014 ἐναγωνίου·
1824 4947 1892 5001 τὰ
1941 4945 1998 4999 δὲ

428 5038 803 5106 πανηγυρικά·
839 5039 934 5091 καὶ
971 5038 1158 5104 τᾶλλα,
1195 5039 1370 5092 ὁπόσα
1416 5038 1512 5107 τῆς
1561 5038 1662 5108 σῆς
1704 5039 1998 5109 ῥητορικῆς

432 5131 764 5200 σοφίσματος
798 5131 890 5184 καὶ
925 5132 1298 5201 τεχνάσματος
1327 5161 1394 5173 -
1423 5130 1704 5200 θαυμάζω,
1751 5131 1899 5194 ὅπως
1939 5148 1997 5184 σε

434 5223 492 5274 τὸ
525 5221 841 5291 τηλικοῦτον
873 5223 966 5276 καὶ
989 5222 1423 5291 ἀναγκαιότατον
1457 5224 1689 5293 πρᾶγμα
1727 5221 1994 5277 διέλαθεν.

443 5312 582 5366 Ἀλλ’
618 5313 875 5366 ὑπόθεσιν
935 5315 1032 5384 μὲν
1083 5314 1536 5379 κατασκευάζων,
1573 5316 1878 5384 οἰκονομεῖν
1907 5314 1999 5368 τὸν

433 5403 589 5474 λόγον
642 5405 972 5470 ὲπίστασαι,
1031 5407 1455 5476 περιλαμϐάνων
1508 5406 1769 5468 πολλάκις
1825 5406 1883 5458 ὲν
1930 5409 1997 5477 τῇ

432 5497 681 5568 διηγήσει
712 5497 770 5551 τὸ
817 5497 1189 5568 παρεληλυθὸς
1224 5499 1312 5552 τοῦ
1362 5497 1553 5567 καιροῦ
1577 5540 1589 5561 ,
1625 5501 1717 5554 καὶ⁵
1747 5498 1998 5568 ἀποπληο

435 5589 544 5658 ρῶν
596 5588 958 5653 ενδιασκεύως
1018 5589 1079 5643 τὸ
1135 5591 1244 5645 ἀνω
1301 5590 1499 5660 μέρος,
1548 5589 1622 5652 ώς
1677 5589 1736 5644 οὑ
1792 5589 2000 5661 μέλλων

435 5680 745 5751 ἐνοχλήσειν
774 5683 884 5743 τοῖς
921 5681 1104 5741 αὑτοῐς
1133 5681 1221 5734 διά
1250 5681 1347 5752 τὴν
1385 5681 1491 5734 τῶν
1524 5679 1826 5751 μελλόντων
1883 5679 2002 5732 δια-

432 5772 696 5827 τύπωσιν·
748 5770 953 5827 ἁπλοῦν
1001 5773 1055 5826 δέ
1101 5791 1152 5826 τι
1212 5775 1445 5844 πρᾶγμα
1493 5771 1885 5840 διατιθέμενος,
1929 5773 2002 5842 μὴ

431 5865 683 5929 δεόμενον
739 5865 949 5920 πολλῶν
1000 5867 1380 5937 περιστάσεων
1415 5866 1549 5936 μηδὲ
1599 5863 2003 5931 ποικιλωτέρας

2720 4207 2806 4263 Ill.
2851 4208 3054 4265 Eidem.

2175 4297 2251 4354 Te
2279 4299 2420 4353 scire
2441 4296 2645 4352 clarum
2668 4309 2768 4363 est,
2789 4302 2871 4353 vir
2892 4303 3238 4367 cbarissime,
3264 4308 3396 4377 quid
3419 4310 3490 4366 sit
3511 4313 3667 4382 jura-

2103 4400 2361 4453 mentum,
2385 4389 2513 4461 quid
2532 4393 2760 4456 veritas;
2779 4397 2921 4462 quod
2940 4395 3188 4452 amicitia:
3211 4398 3504 4468 vinculum,
3527 4409 3669 4476 quod

2105 4484 2188 4537 lex
2223 4491 2592 4538 sacrosancta.
2630 4482 2857 4551 Insuper
2886 4483 3058 4540 latere
3091 4493 3144 4541 te
3177 4502 3281 4543 non
3322 4501 3499 4559 potest
3523 4501 3666 4564 quod

2102 4575 2464 4646 epiphonema
2496 4580 2582 4627 est
2605 4573 2878 4628 sententia
2907 4575 2972 4628 de
3003 4589 3061 4628 re
3084 4577 3327 4646 qualibet
3359 4584 3590 4651 prolata,
3618 4598 3672 4642 et

2100 4666 2241 4736 quod
2273 4664 2527 4736 periodus
2561 4663 2855 4718 multorum
2885 4665 3226 4723 schematum
3261 4670 3466 4730 formas
3491 4687 3674 4746 potest

2101 4757 2325 4813 induere
2349 4771 2363 4820 ;
2395 4756 2538 4825 quod
2562 4766 2881 4826 argumenta
2914 4766 3132 4814 suntex
3157 4771 3314 4830 parte
3342 4766 3671 4832 apodictica.

2100 4863 2166 4902 ac
2233 4846 2739 4916 interpretationem
2802 4848 3174 4905 multimodam
3221 4853 3555 4923 admittunt;
3605 4875 3671 4915 ex

2101 4947 2258 5010 parte
2292 4940 2644 5010 panegyrlca.
2677 4936 2802 4994 Haec
2837 4941 3018 4996 omnia
3044 4952 3194 5000 certe
3228 4945 3515 5006 rhetorica:
3560 4963 3674 5008 stu-

2101 5029 2279 5084 dendo
2307 5029 2576 5084 cdidicisti
2607 5046 2620 5082 :
2649 5028 2779 5098 quid
2820 5030 2982 5098 igitur
3015 5047 3123 5086 non
3159 5035 3354 5090 mirum
3405 5041 3500 5103 sit.
3555 5057 3669 5098 rem

2102 5121 2346 5175 omnium
2369 5121 2600 5175 maxime
2631 5124 2995 5177 necessariam
3017 5133 3068 5178 te
3091 5125 3278 5196 fugere
3295 5129 3322 5181 τ
3350 5129 3669 5201 Exemplum

2105 5213 2326 5268 alteram
2382 5219 2394 5266 :
2439 5211 2643 5268 Orandi
2708 5224 2881 5269 artem
2929 5219 3213 5285 p0ssides;
3272 5236 3392 5289 quae
3445 5227 3676 5283 antehac

2103 5307 2244 5361 facta
2298 5313 2446 5370 sunt,
2504 5307 2821 5362 narratione
2871 5307 3008 5363 scite
3054 5312 3429 5382 complecteris
3485 5317 3558 5371 ita
3614 5331 3673 5372 ut

2102 5414 2223 5453 cum
2278 5397 2443 5454 rebus
2481 5395 2681 5454 futuris
2731 5398 2782 5453 in
2831 5400 3139 5458 auditorum
3177 5405 3359 5462 animo
3411 5409 3669 5466 confundi

2105 5498 2395 5561 nequeant.
2454 5490 2606 5558 Quod
2639 5489 2684 5545 si
2739 5495 3014 5561 negotium
3057 5496 3284 5567 simplex
3327 5505 3670 5559 tractandum

2105 5581 2272 5649 venit,
2309 5592 2362 5638 et
2396 5584 2539 5654 quod
2574 5586 2892 5655 ambagibus
2925 5587 3139 5656 rejectis
3174 5604 3344 5656 parvo
3371 5594 3674 5652 rhetorices

2105 5682 2372 5748 apparatu
2421 5685 2735 5732 contentum
2800 5688 2904 5741 est,
2962 5681 3055 5748 qui
3127 5683 3324 5739 modus
3407 5686 3674 5742 adhiben-

2108 5770 2206 5825 dus
2234 5765 2328 5831 sit,
2379 5765 2632 5839 ignorare
2683 5769 2904 5833 videris,
2959 5771 3229 5838 siquidem
3297 5773 3409 5829 sola
3468 5777 3677 5834 tbeoria

2109 5874 2241 5916 usus
2271 5857 2464 5930 praxin
2509 5858 2757 5930 negligis.
2805 5859 3051 5930 Namque
3109 5863 3404 5937 episc0pali
3465 5875 3678 5928 muneri
