4450 6448
796 360 816 423 l
833 361 927 424 167

2022 371 2442 434 MICHAELIS
2469 374 2729 437 PSELLI

3897 387 4030 453 1168

788 478 1179 545 soliliismatum
1220 493 1375 531 nsum
1424 481 1637 548 penitus
1674 496 1925 538 recusare
1954 484 2036 540 Lis
2090 501 2194 540 non
2251 498 2358 550 εει,
2388 492 2431 546 Α
2464 504 2545 541 κα·

2269 498 2358 550 BSI,
2388 492 2431 546 Α
2464 490 2828 560 κατασκευῆς,
2861 493 2959 545 οὐκ
2986 487 3082 546 οἷδ’
3113 494 3259 557 ὅπως
3290 496 3387 564 τὴν
3416 497 3645 566 ἀρίστην
3678 499 4026 569 ύπερδαίνεις

787 570 1037 637 quamvis
1066 585 1171 638 quo
1203 570 1527 640 profundius
1557 575 1680 642 quis
1714 576 2050 644 sophismata
2086 588 2348 644 sectatur,

785 674 852 714 eo
884 660 1095 729 longius
1130 662 1197 714 ab
1226 663 1518 731 episcopali
1570 665 1836 734 dignitate
1870 670 2125 725 recedere
2163 671 2349 726 videa-

785 763 893 806 tur.
927 753 997 805 At
1029 763 1082 807 tu
1103 755 1321 823 quidem
1365 770 1469 809 non
1501 757 1546 810 is
1583 758 1783 813 videris
1807 761 1896 828 qui
1925 761 2189 831 majorum
2222 777 2352 816 cou-

782 845 1162 901 suetudinibus
1196 846 1486 915 valedicas,
1522 863 1697 918 neque
1752 859 1804 905 te
1850 866 1969 905 eum
2002 852 2352 909 Cretensibus

780 937 1122 992 cretizissare
1146 937 1395 1003 dixerim,
1435 950 1491 993 ut
1520 949 1602 994 est
1643 941 1697 994 in
1731 939 2041 997 Proverbio.
2097 942 2139 997 Ε
2188 943 2349 999 Creta

779 1042 880 1095 ego
914 1043 1020 1081 non
1053 1044 1195 1089 sum,
1230 1044 1325 1083 nec
1358 1029 1566 1083 huncce
1600 1031 1861 1086 honorem
1887 1032 2089 1086 ambio.
2131 1033 2351 1090 Rheto-

781 1122 891 1174 rice
936 1135 1057 1174 cum
1093 1121 1413 1189 philosopho
1443 1123 1677 1191 loqueris
1709 1125 1841 1178 artis
1874 1130 1976 1177 tum
2007 1124 2149 1178 haud
2181 1126 2349 1195 impe-

780 1214 909 1277 rito,
960 1213 1052 1267 sed
1086 1216 1176 1283 qui
1213 1215 1586 1283 pliilosOplmri
1646 1211 1830 1282 potius
1879 1230 2041 1284 quam
2109 1216 2348 1285 argutari

780 1304 930 1358 \‘ciil.
990 1304 1054 1360 Ut
1104 1311 1264 1374 poiro
1303 1306 1546 1371 epistola-
1610 1314 1713 1359 tute
1761 1306 2093 1375 aliquantum
2128 1323 2349 1377 respon-

779 1396 956 1455 deum.
997 1399 1081 1452 ubi
1145 1407 1193 1450 te
1232 1410 1392 1448 omne
1427 1412 1551 1464 erga
1610 1412 1714 1450 nos
1758 1397 1996 1449 debitum
2050 1398 2350 1453 exsolvisse

780 1499 1028 1541 autumas
1061 1489 1198 1539 scito
1249 1488 1390 1555 quod
1443 1488 1684 1540 debitum
1742 1502 1845 1541 non
1903 1487 2065 1541 solvit
2117 1487 2206 1556 qui
2255 1502 2349 1542 c0-

780 1580 939 1632 tuiter
972 1580 1284 1647 respondi-t,
1317 1588 1592 1647 pactorum
1627 1594 1754 1632 vero
1798 1595 1901 1630 non
1933 1579 2202 1633 meminit.
2233 1578 2347 1634 lloc

778 1672 935 1726 ﬁdem
979 1670 1229 1723 fraudue
1274 1680 1356 1724 est
1384 1672 1787 1738 amicitiamque
1827 1670 2033 1723 fallere.
2097 1668 2151 1723 Si
2187 1671 2349 1738 igitur

776 1765 911 1815 artis
944 1761 1225 1814 rhetorica:
1263 1762 1493 1813 antisti-3'
1548 1762 1809 1829 mysteria
1864 1761 2061 1813 adultis
2104 1763 2345 1815 revelare

777 1857 1084 1923 prcesumis,
1126 1856 1503 1922 promissoth
1533 1855 1671 1905 haud
1714 1855 1955 1917 steteris,
2012 1854 2345 1922 adeptusque

776 1949 1057 2013 fefelleris,
1116 1965 1293 2004 neuuc
1330 1959 1379 2002 te
1419 1948 1682 2001 mrndurii
1729 1947 2003 2013 arguerit?
2063 1946 2162 2002 Ubi
2198 1949 2342 2001 enim

773 2057 875 2110 pro
907 2051 1025 2095 arte
1072 2056 1231 2109 quam
1283 2058 1386 2093 non
1450 2040 1676 2093 docuisti
1737 2041 2039 2091 ιιιυτιιοιτείιι
2100 2039 2345 2107 recipere

775 2151 943 2189 ausus
1000 2149 1082 2196 es,
1142 2133 1214 2185 tui
1268 2131 1470 2201 aliquid
1530 2132 1650 2185 al.is
1708 2130 2227 2183 communicaturum
2287 2144 2345 2183 es

774 2226 1071 2296 professus.
1132 2224 1301 2291 Quale
1357 2225 1656 2278 amicorum
1702 2222 2087 2275 commercium
2144 2220 2345 2290 putas?

774 2321 912 2374 Num
947 2319 1147 2387 scripta
1199 2317 1317 2373 sine
1380 2332 1564 2377 sensu,
1611 2318 1726 2368 sine
1780 2316 2005 2369 writate
2054 2330 2147 2370 eos
2200 2316 2344 2368 inter

771 2413 1232 2468 rorumuuicatum
1274 2409 1378 2461 iri?
1411 2426 1535 2461 num
1580 2423 1711 2459 mna
1752 2408 1967 2459 nomina
2015 2408 2343 2460 instrumen-

774 2519 948 2561 torum
986 2516 1253 2557 czecorum
1319 2500 1489 2553 instar
1533 2499 1728 2566 jactari
1780 2498 1960 2552 reris?
2009 2498 2099 2552 Sic
2155 2485 2341 2553 ixioua

774 2598 914 2667 apud
950 2595 1239 2650 Homerum
1283 2593 1423 2646 Juno
1451 2591 1682 2659 decepit.
1729 2590 1898 2658 llujus
1926 2598 2069 2644 enim
2104 2591 2341 2659 pulchri-

772 2691 958 2746 tudine
1019 2696 1176 2756 capto
1238 2687 1341 2739 Dea
1407 2684 1547 2737 nuhe
1609 2684 1963 2746 circumlata,
2024 2684 2107 2737 sui
2170 2684 2342 2752 ipsius

769 2783 1122 2837 simulacrum
1178 2776 1391 2831 obtulit.
1448 2775 1556 2844 Ego
1595 2791 1746 2839 vero,
1797 2776 1959 2828 crede
2023 2776 2176 2839 mihi,
2230 2790 2337 2829 non

767 2890 911 2939 sum,
971 2886 1143 2942 neque
1201 2885 1295 2924 ero
1344 2869 1540 2933 Ixion;
1610 2869 1853 2920 umbram
1914 2882 2014 2935 ego
2062 2883 2338 2937 nunquam

768 2984 865 3035 pro
912 2979 969 3017 rc
1010 2960 1236 3015 habebo.
1272 2957 1399 3012 Ideo
1435 2959 1598 3010 etiam
1635 2968 1803 3009 artem
1870 2968 2015 3010 tuam
2056 2958 2166 3019 odi,
2212 2960 2340 3027 quia

768 3058 956 3127 puellae
987 3053 1232 3108 amabilis
1262 3054 1436 3119 imago
1462 3062 1561 3103 est.
1593 3046 1707 3101 Non
1736 3063 1863 3103 vero
1890 3051 1940 3101 in
1968 3051 2190 3103 scientia
2218 3067 2339 3103 unt-

2454 580 2767 650 οἰκονομίαν
2816 582 3007 653 ὥσπερ
3071 586 3133 637 τὸ
3182 587 3430 641 λεκτικὸν
3483 590 3646 658 μόνον
3707 592 3873 661 μέρος
3932 596 4028 663 τῆς

2453 672 2647 740 τέχνης
2682 671 3214 744 διακρισωσάμενος,
3237 677 3329 730 τὸν
3354 679 3410 731 δὲ
3442 684 3832 749 πραγματικὸν
3858 685 4026 737 τύπον

2453 761 2759 830 ⁴ἡγνοηκιιῖις.
2810 763 2951 831 Ἐγὼ
2981 764 3039 819 δέ
3071 783 3154 818 σοι
3189 766 3247 819 τὸ
3282 769 3374 821 καὶ
3406 774 3536 840 περὶ
3562 773 3686 833 τοὺς
3721 773 3913 841 λόγους
3940 792 4024 828 σοι

2454 851 2708 918 φίξεσθαι
2731 852 2855 923 ἄχρι
2880 854 2977 923 τῆς
3008 856 3408 928 ἀρχιερατικῆς
3443 861 3639 931 δίδωμι
3663 864 4025 935 τελειότητος

2455 944 2595 1011 μετὰ
2624 943 2679 996 δὲ
2703 943 2876 998 ταῦτα
2898 945 3017 999 οὐδὲ
3040 949 3290 1018 τεχνίτην
3316 966 3373 1003 σε
3395 950 3492 1005 τοῦ
3515 953 3673 1022 λόγου
3704 955 4022 1026 προσίεμαι,

2450 1034 2560 1086 οὐδ’
2591 1036 2639 1086 εί
2674 1036 2845 1090 πολλά
2870 1037 3100 1107 κάμνοις
3121 1042 3417 1110 ἐπιχειρῶν
3438 1046 3832 1113 τεχνικώτατα.
3860 1048 4027 1104 Ὅσον

2451 1125 2558 1193 γὰρ
2610 1130 2690 1189 είς
2741 1128 2841 1200 τὴν
2875 1133 3195 1203 σοφιστικὴν
3244 1134 3593 1204 ἐμϐαθύνεις,
3643 1139 3897 1193 τοσοῦτον
3928 1142 4026 1211 τῆς

2454 1220 2603 1288 ἱερᾶς
2643 1222 2901 1294 ἀποικίζῃ
2938 1226 3279 1296 φιλοσοφίας.
3324 1229 3485 1283 Ἀλλά
3525 1231 3587 1284 σύ
3619 1250 3712 1301 μοι
3735 1233 3911 1298 δοκεῖς
3948 1237 4025 1307 μὴ

2452 1314 2754 1382 ἀναχωρεῖν
2786 1314 2993 1369 ἐθέλειν
3020 1319 3127 1370 τῶν
3162 1321 3404 1390 ἀρχαίων
3455 1323 3622 1393 ὴθῶνο
3678 1327 3773 1379 καὶ
3816 1328 3917 1380 οὐκ
3961 1330 4026 1382 ἂν

2450 1406 2683 1474 εἴποιμι,
2708 1408 2790 1459 ὃτι
2817 1408 2950 1477 πρὸς
2986 1410 3176 1480 Κρῆτα
3210 1412 3493 1481 κρητίξεις
3522 1416 3705 1482 (τοῦτο
3730 1417 3794 1487 δὴ
3824 1420 3887 1471 τὸ
3926 1421 4024 1488 τῆς

2452 1499 2791 1567 παροιμίας).
2831 1500 2985 1570 Κρὴς
3018 1504 3125 1571 γὰρ
3153 1502 3265 1555 οὔτ’
3295 1506 3434 1574 είμὶ,
3493 1504 3611 1559 οὔτ’
3644 1510 3857 1564 ἐκεῖθεν
3883 1507 4023 1566 εἶναι

2452 1585 2809 1658 βεϐούλημαι.
2852 1591 2996 1660 Πρὸς
3024 1591 3080 1644 δὲ
3134 1594 3427 1663 φιλόσοφον
3456 1598 3795 1669 ρητορεύεις,
3849 1603 4024 1655 είδότα

2453 1680 2551 1747 μὲν
2580 1680 2676 1733 καὶ
2703 1680 2800 1750 τὴν
2838 1682 2935 1752 σὴν
2985 1684 3203 1754 τέχνην,
3265 1685 3578 1756 φιλοσοφεῖν
3616 1690 3673 1743 δὲ
3724 1692 3926 1759 μᾶλλον
3988 1696 4020 1763 ἢ

2453 1767 2794 1831 σοφιστεύειν
2827 1769 3100 1827 ἐθέλοντα.
3134 1773 3243 1825 Καὶ
3301 1774 3385 1827 ἴνα
3436 1793 3516 1829 σοι
3567 1777 3741 1848 βραχύ
3792 1798 3843 1833 τι
3887 1784 4022 1852 πρὸς

2449 1856 2545 1923 τὴν
2578 1858 2870 1930 ἐπιστολὴν
2905 1861 3266 1932 διαλέξωμαι,
3300 1860 3414 1938 ὲνῇ
3450 1867 3510 1919 τὸ
3548 1871 3655 1921 πᾶν
3698 1873 4021 1945 ἀποπεπλη-

2453 1946 2657 2014 ρῶσθαί
2700 1966 2779 2003 σοι
2806 1950 2898 2002 τοῦ
2931 1953 3065 2023 πρὸς
3096 1955 3243 2022 ἡμᾶς
3275 1956 3470 2024 χρέους
3496 1958 3703 2031 ᾠήθης,
3745 1965 3845 2016 οὐκ
3883 1965 4020 2029 ἐστι,

2448 2036 2749 2108 λογιωτάτη
2782 2042 2950 2113 ψυχὴ,
2976 2044 3167 2113 χρέους
3202 2047 3550 2116 ὲκπλήρωσις
3602 2052 3663 2102 τὸ
3693 2051 3871 2121 λόγοις
3923 2056 4021 2125 μὲν

2448 2128 2797 2182 κατατιθέναι
2827 2132 2920 2183 1'1;
2946 2134 3194 2204 χάριτας,
3226 2136 3409 2205 ἔργοις
3440 2139 3496 2190 δὲ
3536 2140 3705 2209 μηδὲν
3743 2142 3853 2196 τῶν
3891 2146 4019 2199 διω-

2452 2218 2841 2289 μολογημένων
2873 2223 3093 2278 διδόναι.
3163 2228 3371 2299 Ἀπάτη
3429 2229 3536 2301 γὰρ
3585 2232 3764 2286 τοῦτο·
3826 2238 3919 2288 καὶ
3957 2240 4018 2291 ού

2449 2309 2633 2377 φιλίας
2689 2312 2953 2377 σύνδεσις,
3015 2315 3131 2368 ἀλλ’
3163 2319 3465 2389 ἀναίρεσις.
3518 2322 3708 2376 Ὁπότε
3762 2326 3893 2394 γοῦν
3954 2331 4018 2382 σὺ

2448 2402 2541 2454 τού
2591 2405 2884 2474 ρητορικοῦ
2926 2409 3277 2478 προύκάθησο
3332 2413 3557 2482 θρόνου,
3617 2418 3666 2468 εί
3707 2420 4019 2488 έπηγγείλω

2450 2494 2546 2562 μὲν
2587 2494 2653 2547 τὰ
2695 2496 2794 2565 τῆς
2836 2497 3027 2566 τέχνης
3065 2499 3469 2555 ἀνακαλύπτειν
3526 2508 3639 2569 τοῖς
3696 2510 4020 2578 κυουμένοις

2445 2586 2680 2655 ἄρρητα,
2713 2584 2833 2641 εἶτα
2871 2590 2926 2642 δὲ
2950 2592 3108 2643 τοῦτο
3146 2592 3244 2661 μὲν
3267 2595 3367 2645 ούκ
3392 2596 3619 2661 ἐποίεις,
3654 2600 4016 2670 ἐργαστήριον

2442 2678 2500 2733 δέ
2529 2697 2579 2732 τι
2613 2682 2910 2751 βαναυσίας
2965 2685 3176 2748 τούτοις
3213 2688 3507 2755 ἀνεώγνυς,
3549 2690 3648 2743 οὐκ
3705 2692 3771 2744 ἂν
3829 2693 3889 2746 σέ
3934 2712 4019 2757 τις

2441 2773 2795 2842 ψευδολογίας
2834 2775 3144 2846 ὲγράψατος
3184 2781 3243 2832 Εἰ
3279 2781 3333 2833 δὲ
3364 2782 3559 2852 τέχνην
3595 2785 3695 2853 μὲν
3738 2786 3885 2855 ἡμᾶς
3917 2788 4015 2839 οὐκ

2442 2869 2755 2938 έπηγγείλω
2784 2869 3082 2934 διδάσκειν,
3123 2872 3235 2925 ἀλλ’
3277 2873 3369 2927 οὖν
3400 2878 3533 2943 παρ’
3571 2875 3726 2945 ἡμῶν
3774 2878 4015 2948 εἰλήφεις

2445 2962 2655 3031 μισθὸν,
2687 2963 2718 3032 ἢ
2750 2962 2858 3033 (ἵνα
2894 2966 2967 3034 μὴ
3006 2966 3279 3036 φορτικῶς
3312 2967 3475 3036 λέγω)
3509 2969 3601 3020 τοῦ
3640 2968 3734 3022 σοῦ
3761 2988 3810 3023 τι
3843 2972 4019 3043 προῄ-

2445 3069 2580 3123 ρησο
2621 3055 2884 3124 παρέχειν
2942 3057 3087 3125 ἐμοί.
3132 3057 3321 3109 Ὀποία
3373 3058 3427 3110 δὲ
3477 3060 3610 3125 πρὸς
3659 3060 3924 3130 ἀλλήλους
3962 3066 4009 3115 οἱ

768 3151 967 3211 Ιηηιὶὶὶ,
1000 3148 1092 3200 sed
1127 3148 1177 3200 iu
1231 3162 1285 3199 γι
1300 3146 1476 3197 ritatis
1503 3144 1619 3196 luce
1650 3143 1989 3209 requiescere
2014 3142 2153 3195 volo.
2214 3142 2337 3195 l‘la-
2369 3166 2413 3229 ο
2446 3145 2525 3215 ιρι)

2260 3142 2337 3195 la-
2369 3166 2413 3229 ο
2446 3145 2725 3215 φιλοῦντες
2758 3146 2981 3200 είώοασι
3014 3148 3392 3216 διαμείϐεσθαι
3429 3191 3442 3213 ,
3478 3145 3567 3219 ἆρ’
3602 3150 3704 3203 οἴει
3739 3152 3835 3214 τάς
3870 3170 4009 3223 γρα-

768 3244 911 3296 tonis
950 3253 1159 3308 quoque
1192 3238 1431 3304 sophista
1458 3250 1557 3287 no.r
1586 3235 1711 3285 mihi
1735 3232 1927 3298 placet,
1961 3233 2051 3302 qui
2079 3234 2143 3286 ad
2168 3232 2339 3301 ipsius

769 3335 1119 3401 Demiurgutn
1188 3328 1444 3382 libentius
1512 3340 1756 3378 recurro.
1795 3326 1866 3377 lla
1897 3327 2028 3378 mihi
2066 3341 2195 3380 Sane
2220 3341 2341 3395 per-

767 3445 985 3483 suasum
1034 3435 1118 3478 est
1160 3442 1172 3477 :
1218 3423 1260 3476 si
1302 3420 1427 3473 mihi
1472 3418 1610 3472 male
1663 3418 1844 3471 laruati
1886 3417 2240 3489 Dobrysontis
2273 3420 2338 3488 (?)

765 3524 883 3577 loco
906 3519 1140 3587 Elysium
1163 3528 1411 3581 campum
1442 3518 1723 3577 pratumve
1749 3509 2039 3579 aspliodelo
2066 3510 2338 3565 causitun

764 3613 1008 3672 oﬂ‘erres,
1046 3618 1272 3680 putasne
1320 3620 1403 3658 me
1437 3603 1709 3657 nominum
1758 3603 2047 3672 splendore
2095 3615 2334 3672 captum,

762 3707 1028 3760 delectum
1049 3716 1169 3756 esse
1199 3695 1506 3752 facturum?
1538 3695 1621 3747 An
1654 3693 1855 3761 aliquid
1882 3693 2056 3762 magni
2092 3703 2143 3748 te
2174 3694 2337 3748 oll'er-

763 3816 820 3856 re
852 3798 1026 3853 credis
1056 3796 1076 3848 ?
1104 3792 1212 3862 Ego
1264 3804 1437 3856 neque
1468 3802 1628 3841 omne
1662 3797 1809 3839 tuum
1846 3787 2255 3853 monasterium,
2291 3788 2334 3843 si

761 3906 883 3945 cum
947 3886 1125 3955 impiis
1178 3891 1366 3944 staret,
1417 3889 1773 3946 acccptarem.
1829 3878 1965 3943 Quid
2005 3888 2182 3933 autem
2238 3880 2332 3935 tibi

760 4001 883 4041 cum
933 3980 1271 4052 possessione
1302 3973 1625 4031 commune?
1656 3971 1843 4027 Nonne
1888 3973 2032 4029 fraus
2061 3976 2241 4028 omnia
2278 3987 2334 4030 et.

760 4076 1050 4132 ludibrium
1084 4074 1107 4125 ?
1141 4070 1422 4137 Quomodo
1446 4081 1574 4121 vero
1605 4067 1857 4135 episcopo
1909 4067 2127 4134 dignum
2177 4066 2329 4121 frau-

759 4175 880 4224 dem
917 4167 1057 4220 hanc
1092 4161 1592 4218 manifestissimam
1621 4172 1882 4212 excusare
1912 4159 1934 4210 ‘3
1963 4156 2102 4223 Quid
2136 4158 2159 4210 ?
2204 4168 2330 4214 tune

757 4263 894 4315 adeo
926 4256 1165 4312 liberalis
1200 4294 1215 4319 ,
1248 4266 1347 4323 ego
1379 4266 1507 4305 vero
1540 4250 1788 4304 sordidus
1814 4259 1864 4303 et
1908 4264 2108 4303 avarus
2136 4250 2159 4302 Ἰ
2187 4251 2329 4305 Cedo

756 4354 855 4407 tibi
885 4366 1005 4420 qua:
1036 4361 1274 4403 oceanus
1296 4344 1603 4398 Atlanticus
1632 4342 1827 4395 habet?
1856 4357 1975 4410 qua:
2012 4345 2149 4398 citra
2186 4342 2327 4413 Hyr-

754 4445 967 4503 eauiam
998 4453 1049 4496 et
1098 4452 1246 4494 mare
1273 4436 1529 4506 Caspium
1570 4436 1675 4490 sita
1713 4445 1838 4489 sunt
1869 4452 1885 4501 ;
1918 4436 2053 4490 adde
2089 4438 2325 4491 insulam

2448 3238 2553 3306 φας
2602 3238 3020 3308 ἐκπεφευγέναι,
3082 3240 3281 3293 εἴδωλα
3335 3242 3680 3311 πραγμάτων
3732 3243 4007 3315 διδούς;ἢ

2449 3328 2583 3398 μηδὲ
2614 3330 2792 3396 τοῦτο,
2822 3330 2935 3382 ἀλλ’
2973 3330 3211 3398 ὀνόματα
3248 3334 3589 3402 πραγμάτων
3616 3334 3817 3404 ἔρημα,
3853 3338 4011 3390 ὁποῖα

2443 3424 2491 3473 οἱ
2541 3423 2625 3473 σοὶ
2685 3422 2966 3492 σκινδαψοί
3022 3425 3116 3475 καὶ
3163 3425 3223 3475 τὸ
3271 3424 3707 3495 πολυθρύλλητον
3766 3426 4008 3497 βλίτυρι;

2443 3513 2599 3567 Οὖτω
2648 3514 2778 3582 γοῦν
2817 3516 2910 3566 καὶ
2955 3514 3046 3566 τὸν
3098 3515 3284 3580 Ἰξίονα
3337 3518 3369 3586 η
3418 3516 3512 3568 τοῦ
3567 3516 3806 3586 Ὀμήρο)
3862 3517 4007 3587 Ἥρα

2440 3609 2744 3677 ἠπάτηκεν.
2792 3606 2944 3659 Ἐπεὶ
2973 3606 3082 3678 γάρ
3114 3608 3220 3678 ἦρα
3244 3608 3488 3677 ταύτηςὸ
3521 3610 3690 3679 ἥρως,
3724 3611 4008 3665 καταπλα-

2439 3703 2554 3769 γεὶς
2586 3701 2646 3753 τὸ
2676 3698 2889 3770 ἐκείνης
2921 3699 3135 3763 κάλλος,
3173 3703 3204 3769 ἡ
3237 3700 3293 3751 δὲ
3318 3701 3601 3770 νεφύδριόν
3646 3719 3699 3754 τι
3732 3720 4006 3770 περισπαα

2441 3790 2673 3861 σαμένη,
2723 3790 2817 3842 καὶ
2875 3787 3049 3858 τούτῳ
3106 3788 3305 3858 ἑαυτὴν
3369 3789 3658 3853 εἰκάσασα,
3722 3791 3895 3843 ἐδίδου
3928 3792 4004 3861 τῷ

2451 3883 2624 3949 Ἰξίονι
2666 3881 2897 3952 πάροδον
2950 3880 3121 3949 πυρὸς
3176 3880 3235 3932 τὸ
3285 3879 3520 3934 εἴδωλον.
3563 3882 3703 3933 Ἀλλ’
3743 3883 3850 3949 ἐγώ
3896 3901 3999 3946 σοι,

2435 3975 2753 4045 λογιώτατε,
2800 3974 2976 4039 Ἰξίονι
3005 3972 3125 4025 οὗτε
3158 3973 3293 4042 εἰμὶ,
3320 3971 3440 4024 οὔτε
3492 3973 3709 4042 ἔσομαι,
3743 3975 3863 4027 οὐδὲ
3900 3975 4002 4044 τῆς

2434 4070 2542 4123 τῶν
2576 4069 2921 4137 πραγμάτων
2968 4066 3155 4128 οὐσίας
3204 4066 3270 4119 τά
3325 4066 3517 4117 εί-Ξωλα
3572 4070 3999 4139 προτιμήσαιμι.

2433 4162 2529 4215 Διά
2560 4162 2730 4215 ταῦτα
2760 4159 2888 4226 γοῦν
2919 4160 3011 4210 καί
3052 4158 3150 4226 τὴν
3207 4158 3305 4227 σὴν
3351 4160 3547 4228 τέχνην
3579 4160 3741 4228 μισῶ,
3774 4162 3853 4213 ὅτι
3902 4179 3998 4213 πο-

2432 4252 2615 4321 θεινῆς
2663 4254 2780 4305 ἐστι
2817 4250 3006 4321 χορίου
3056 4249 3296 4303 εἴδωλον.
3346 4250 3456 4302 Καὶ
3504 4251 3624 4303 οὐδὲ
3662 4255 3717 4304 ὲν
3764 4256 3828 4322 τῇ
3873 4257 3997 4323 σκιᾷ

2431 4346 2523 4398 τοῦ
2552 4346 2878 4416 γράμματος
2897 4343 3274 4412 ἀναπαύομαι,
3297 4343 3410 4396 ἀλλ’
3435 4346 3493 4395 ὲν
3524 4345 3600 4413 τῷ
3623 4347 3715 4415 τῆς
3739 4348 3999 4415 ἀληθείας

2430 4439 2588 4508 φωτί·
2639 4438 2758 4491 οὐδὲ
2807 4437 2898 4489 τὸν
2932 4434 3027 4488 τοῦ
3084 4436 3369 4497 Πλάτωνος
3422 4438 3686 4506 σοφιστὴν
3740 4440 3882 4492 κατά
3937 4440 3996 4492 τὸ

754 4537 981 4592 Thulem
1007 4544 1059 4586 et
1088 4532 1357 4600 regionem
1387 4538 1539 4584 extra
1568 4527 1875 4594 [’hasidem,
1912 4536 1970 4583 et
1994 4543 2325 4599 quaecunque
2354 4515 2406 4575 D
2434 4548 2511 4601 πρ

2237 4545 2325 4599 [ne
2354 4515 2873 4601 Βπροόεόλημένον
2926 4526 3026 4594 τῆς
3081 4526 3279 4591 λέξεως
3329 4524 3574 4595 δέχομαι,
3616 4528 3729 4579 ἀλλ’
3779 4530 3857 4586 εἰς
3906 4530 3994 4582 τὸν

752 4631 907 4699 plaga
962 4620 1355 4683 meridionalis,
1416 4622 1559 4673 terra
1599 4618 1738 4671 intra
1773 4616 1910 4671 duos
1957 4617 2127 4687 polos,
2176 4620 2326 4688 regio
2422 4626 2509 4676 ὲκε

2239 4620 2326 4688 gio
2422 4624 2633 4676 ἐκείνου
2684 4618 3016 4690 δημιουργὸν
3052 4617 3313 4685 ἀναφέρει)
3365 4617 3627 4686 τοῦνομα.
3688 4619 3747 4671 Εἰ
3792 4620 3847 4672 δέ
3904 4638 3994 4689 μοι

753 4716 1068 4787 antipodum
1124 4722 1287 4766 tenet.
1332 4710 1665 4764 Charissime
1697 4708 1889 4774 frater,
1950 4710 1995 4764 si
2042 4712 2326 4779 promissis
2421 4718 2510 4770 ἀνι

2237 4712 2326 4766 isis
2421 4717 2542 4770 ἀντὶ
2568 4714 2663 4766 τοῦ
2697 4713 2979 4781 δυσφήμου
3008 4709 3370 4779 Δοὸρόσοντος
3396 4708 3460 4779 (ll)
3495 4709 3556 4762 τὸ
3598 4709 3843 4761 Ἀλύσιον
3892 4712 3994 4763 ἐδι-

749 4820 895 4863 stare
926 4806 977 4859 in
1003 4805 1184 4858 animo
1209 4802 1300 4855 tibi
1329 4811 1431 4863 est,
1455 4815 1511 4854 re
1538 4814 1684 4862 vera,
1719 4813 1892 4868 neque
1914 4801 2165 4856 inanibus
2201 4818 2323 4857 νει·-
2421 4811 2506 4863 δου

2234 4818 2323 4857 er-
2421 4811 2543 4871 δους
2571 4807 2752 4859 πεδίον
2786 4805 2879 4858 καὶ
2914 4804 3005 4856 τὸν
3034 4801 3329 4870 ἀσφοδελὸν
3362 4803 3570 4853 ἐκεῖνον
3600 4801 3864 4871 λειμῶνα,
3901 4798 3991 4872 ἄρ’

748 4903 834 4957 bis
861 4913 959 4954 nos
977 4897 1162 4951 adeas.
1188 4893 1434 4948 Posthzec
1455 4890 1762 4947 Grmcorum
1784 4892 1995 4949 fabulas
2022 4904 2077 4949 et
2095 4895 2322 4965 agmen-
2421 4903 2488 4957 ειν

2233 4912 2322 4951 en-
2421 4903 2488 4957 ἆν
2522 4899 2787 4968 ἐδεξάμην
2816 4896 3124 4959 καὶταῦτα,
3158 4894 3429 4963 λαμπρῶν
3454 4896 3624 4946 ὄντων
3650 4894 3758 4946 τῶν
3792 4894 3990 4964 ὀνομά-

749 5007 800 5049 ta
838 4990 1014 5048 inania
1058 4989 1152 5041 tibi
1176 4987 1399 5056 largior.
2417 5010 2506 5047 τω,

2417 5009 2561 5057 τωνς
2599 4992 2671 5044 "ll
2713 4990 2777 5042 σὺ
2810 4988 2993 5058 ᾠήθης
3025 4986 3091 5040 ἀν
3128 4986 3390 5055 παρέχειν
3417 4984 3469 5036 τί
3502 5000 3592 5051 μοι
3632 4983 3741 5036 τῶν
3784 4984 3984 5057 animi;

753 5084 948 5139 Ὀπότε
976 5081 1032 5134 δὲ
1064 5080 1157 5132 καί
1186 5080 1245 5130 τὸ
1268 5080 1358 5131 σὸν
1381 5082 1743 5149 μοναστήριον
1779 5080 1919 5149 μετά
1942 5082 2050 5134 τῶν
2078 5084 2311 5140 ἀνοσίων
2350 5085 2684 5154 τεταγμένον
2718 5080 2830 5135 οὒτ’
2859 5081 2976 5133 ἔστι
3017 5081 3110 5133 καὶ
3174 5077 3659 5147 δυσωνυμωτάτων
3680 5115 3696 5139 ,
3762 5076 3987 5147 ἑλοίμην

744 5182 811 5233 ἂν
843 5177 942 5245 τὴν
980 5175 1189 5245 δωρεὰν
1233 5175 1329 5226 καὶ
1369 5171 1468 5241 τὴν
1514 5170 1858 5242 ἀνυπαρξίαν
1902 5173 1999 5225 τοῦ
2049 5176 2421 5247 πράγματοςς
2478 5176 2678 5239 Ἡδέως
2719 5174 2764 5227 δ’
2825 5173 2889 5228 ἀν
2961 5187 3058 5223 σιιυ
3100 5168 3395 5239 πυθοίμην,
3427 5168 3479 5220 τί
3518 5167 3580 5238 δή
3617 5184 3696 5220 σοι
3729 5168 3825 5221 καὶ
3886 5166 3987 5238 τῆς

742 5271 990 5339 κτήσεως
1020 5266 1407 5339 προσεγένετο,
1452 5263 1587 5334 ἐμοῦ
1638 5265 1715 5334 μὴ
1771 5265 2201 5336 προσειληφότος
2245 5270 2307 5323 τὸ
2340 5272 2593 5342 πρᾶγμα.
2646 5268 2722 5320 Οὐ
2754 5265 2813 5318 τδ
2853 5265 2962 5318 πᾶν
2993 5262 3179 5333 ἀπάτη
3211 5262 3303 5314 καὶ
3355 5261 3529 5328 γέλως
3572 5264 3663 5315 καὶ
3729 5260 3807 5331 τῷ
3872 5262 3985 5314 δντι

743 5361 934 5433 βαθεῖα
958 5362 1210 5432 φενάκης
1256 5361 1329 5414 Τὸ
1370 5358 1428 5412 δε
1455 5359 1548 5412 καὶ
1610 5358 1998 5428 ἀπολογεῖσθαι
2038 5363 2169 5432 περὶ
2238 5362 2384 5417 οὕτω
2418 5361 2625 5430 σαφοῦς
2661 5360 2953 5431 χλευασίας
2986 5358 3080 5411 καὶ
3107 5356 3411 5427 εἰρωνείας,
3446 5355 3669 5425 πηλίκον
3705 5371 3787 5408 τοι
3817 5356 3894 5415 είς
3924 5353 3984 5405 τὸ

743 5457 942 5527 μέτρον
992 5456 1092 5525 τῆς
1145 5454 1555 5524 ἀρχιερωσύνης
1595 5452 1770 5519 δοκεῖς
1811 5447 1939 5524 Ἆρ’
1985 5452 2081 5508 οὖν
2144 5456 2209 5509 σὺ
2277 5455 2376 5526 μὲν
2408 5454 2552 5508 οὕτω
2582 5452 3018 5522 φιλοτιμότατος,
3045 5449 3155 5518 ἐγὼ
3175 5449 3230 5502 δὲ
3266 5448 3627 5518 σμικρολόγος
3656 5448 3751 5500 καὶ
3778 5444 3978 5514 φειδω-

737 5552 868 5617 λός;
909 5548 1333 5619 Ἀντιδωροῦμαι
1373 5547 1436 5617 δή
1486 5564 1589 5609 σοι,
1643 5548 1818 5600 ὁπόσα
1852 5547 1953 5617 μὲν
1989 5549 2018 5602 ό
2062 5547 2351 5618 Ἐσπέριος
2384 5547 2625 5609 ὠκεανὸς
2677 5545 2813 5615 ἔχει,
2852 5545 3028 5597 ὁπόσα
3080 5542 3137 5595 δὲ
3193 5544 3345 5606 έντδς
3388 5541 3685 5613 ’Υρκανίας
3730 5542 3823 5593 καὶ
3879 5538 3981 5607 τῆς

740 5640 989 5703 Κασπίας
1025 5640 1292 5709 θαλάττης
1326 5640 1463 5702 ἐστὶ,
1499 5638 1594 5690 καὶ
1620 5640 1718 5708 τὴν
1742 5637 1953 5708 Θούλην
1984 5639 2084 5710 τὴν
2125 5643 2309 5709 νῆσον,
2345 5639 2437 5694 καὶ
2467 5638 2533 5692 τά
2586 5638 2747 5700 ὲκτδς
2834 5635 3087 5696 Φάσιδος,
3145 5635 3240 5689 καὶ
3311 5634 3483 5687 ὁπόσα
3538 5639 3569 5705 η
3628 5633 3978 5704 μεσημϐρινὴ

737 5735 1056 5804 περιείληφε
1091 5733 1183 5801 γῆ,
1219 5732 1267 5796 ὃ,
1310 5747 1362 5784 τι
1398 5747 1455 5783 τε
1493 5730 1642 5794 ἐντὸς
1668 5731 1947 5803 ἑκατέρων
1979 5732 2088 5785 τῶν
2119 5733 2403 5802 ὀμφαλῶν,
2433 5733 2528 5785 καὶ
2558 5733 2625 5783 τὰ
2658 5730 2764 5783 τῶν
2832 5730 3099 5783 ἀντοίκων
3156 5729 3251 5781 καὶ
3304 5727 3594 5792 ἀντιδὸξων
3661 5728 3973 5795 ξύμπαντα.

732 5830 955 5885 ειθίλτατε
1010 5826 1228 5898 ἀδελφέ,
1278 5826 1542 5898 σῦντομόν
1593 5843 1674 5880 σοι
1718 5827 1876 5895 λόγον
1922 5825 2062 5899 ὲριῖν
2114 5829 2162 5880 εί
2208 5828 2305 5899 μὲν
2345 5826 2522 5898 βούλει
2552 5828 2620 5882 τὶ
2658 5829 2756 5895 τῆς
2804 5825 2939 5897 πρὸς
2974 5824 3118 5895 ἡμᾶς
3178 5823 3511 5891 ἐπαγγελίας
3593 5821 3863 5892 πληροῦν,
3916 5824 3975 5875 ἑν
