4450 6448
444 387 579 450 ῖ169

1851 393 2264 458 EPISTOLfE.

3545 388 3683 455 1170

435 519 753 571 'h'DleJu’tv
796 504 949 569 ἡμῖν,
1003 501 1141 557 ἀλλὰ
1196 504 1270 575 μὴ
1310 506 1366 558 ὲν
1406 504 1635 574 ὀνόμασι
1683 502 1851 573 κῦρον
1911 503 2008 573 τὴν
2044 504 2274 577 δωρεάν.
2320 506 2383 560 Εἰ
2426 508 2471 561 δ’
2529 505 2646 573 οὖν,
2702 505 3021 578 παραχωρῶ
3078 522 3158 557 σοι
3198 505 3357 559 τοῦτο
3400 507 3539 577 μετὰ
3573 505 3681 558 τῶν

444 596 779 659 Ἑλληνικῶν
820 596 1004 665 μύθων
1028 598 1121 652 καὶ
1152 599 1520 667 ἀνυπάρκτων
1548 598 1907 667 πλασμάτων.

664 682 735 736 A'.
773 688 925 752 Πρὸς
954 685 1060 737 τὸν
1081 686 1356 752 Καίσαρα
1388 687 1495 739 τὸν
1520 688 1795 741 Δούκανθ.

511 774 737 826 Πίστευέ
796 792 904 841 μοι,
952 775 1223 846 ὑπέρτιμε
1267 779 1525 845 δέσποτα,
1577 781 1672 833 καὶ
1724 780 1866 851 ὑπὲρ
1901 787 2010 833 πᾶν

437 867 607 931 δνομα
650 868 747 919 καὶ
800 867 1039 937 ἀξίωμα,
1077 869 1262 938 μάγοι,
1312 871 1401 924 ἵνα
1428 870 1601 934 οὕτως
1633 874 1792 932 εἴπω,
1830 874 1923 925 καὶ
1961 875 2010 926 oi

438 976 632 1025 τροποι
671 961 1003 1028 τυγχάνουσι
1035 962 1129 1015 καὶ
1160 962 1207 1013 οἱ
1252 962 1404 1028 λόγοι
1452 980 1566 1024 σου,
1614 966 1708 1017 καὶ
1747 966 2011 1035 ἀρρήτοις

438 1052 703 1109 δυνάμεσι
735 1053 831 1120 τὴν
859 1052 997 1122 ἐμὴν
1025 1054 1203 1121 ψυχὴν
1247 1055 1671 1121 καταθέλγουσι.
1711 1058 1823 1110 Καὶ
1852 1057 2013 1111 τοῦτο

440 1146 513 1203 ζῶ
582 1146 607 1197 ὂ
668 1146 849 1215 βλέπω
900 1148 977 1198 σέ·
1040 1150 1132 1200 καὶ
1176 1148 1337 1202 τοῦτο
1385 1152 1660 1212 ἀναπνέω,
1704 1152 1732 1204 ὃ
1781 1156 1879 1221 τῆς
1914 1152 2013 1221 σῆς

439 1235 620 1287 (xx-satu
656 1241 859 1305 φωνῆς’
894 1241 987 1290 καὶ
1013 1238 1173 1291 τοῦτο
1199 1242 1391 1310 χαίρω,
1412 1241 1438 1293 ὃ
1472 1244 1583 1305 τοῖς
1610 1244 1717 1305 σοῖς
1743 1243 2013 1312 ἐντυγχά-

441 1343 511 1377 νω
543 1333 854 1392 ventumst.
884 1332 1018 1398 Περῖ
1049 1326 1110 1385 οὗ
1136 1333 1199 1401 δὴ
1228 1334 1543 1403 ἠρώτησας,
1582 1336 1863 1403 συντόμως
1885 1335 2015 1387 ἀπο-

440 1417 694 1487 κρίνομαὲ
736 1437 835 1472 σοι*
869 1444 885 1468 ι
920 1423 1112 1485 Οὐδεὶς
1163 1425 1314 1492 ἡμᾶς
1340 1423 1705 1491 ἐμισθώσατο.
1746 1443 1763 1474 ι
1793 1425 2014 1479 ,δέδοικα

440 1508 494 1560 δὲ
526 1509 609 1559 ἵνα
650 1512 720 1572 μὴ
754 1513 844 1561 καὶ
869 1510 1028 1563 τοῦτο
1056 1512 1295 1565 ἀκούσω
1325 1531 1343 1563 ι
1366 1512 1602 1583 Ἑταῖρε.
1624 1513 1739 1575 πῶς
1767 1514 2015 1581 εἷσῆλθες

444 1618 461 1649 ι
495 1591 615 1660 ὧδε,
676 1604 749 1670 μὴ
793 1602 931 1671 ἔχων
973 1602 1177 1671 ἔνδυμα
1224 1602 1438 1673 γάμου;
1482 1623 1499 1654 ι
1559 1605 1633 1656 Οὐ
1666 1604 1775 1674 γὰρ
1814 1600 1931 1658 οῖδα
1966 1606 2015 1657 εί

441 1691 763 1761 ἀποδέχεται
796 1694 891 1763 τὴν
954 1694 1254 1762 παρουσίαν
1310 1713 1411 1765 μου
1451 1697 1478 1748 ό
1529 1696 1806 1760 θειότατος
1857 1697 2017 1767 ἡμῶν

442 1781 713 1850 βασιλεύςι
751 1790 809 1835 τὸ
844 1787 948 1849 γὰρ
980 1787 1270 1854 πρόσωπον
1309 1789 1474 1841 αὐτοῦ
1508 1790 1587 1851 είς
1619 1790 1767 1858 ἡμᾶς
1811 1788 1907 1857 οὐχ
1941 1789 2016 1851 ὡς

442 1873 568 1940 χθὲς
604 1876 697 1927 καὶ
727 1893 914 1945 τρίτην
958 1880 1190 1945 ἡμέραν.
1245 1880 1389 1949 Πλὴν
1435 1881 1689 1933 οὐδέποτε
1737 1881 2016 1944 παντελῶς

442 1965 843 2036 ἀποστήσομαι,
888 1968 988 2020 κᾶν
1022 1968 1253 2040 ἐξελάσῃ
1290 1970 1504 2038 βιαίως,
1555 1972 1657 2025 κᾶν
1694 1972 1831 2041 μετά
1881 1971 2017 2041 πλη-

442 2055 574 2122 γῶν,
611 2057 713 2111 κᾶν
744 2061 860 2128 μεθ’
894 2059 1124 2130 ὕϐρεων·
1165 2062 1241 2131 μὴ
1280 2061 1421 2116 οὕτω
1481 2063 1711 2133 μανείην
1767 2064 1917 2117 ποτέ.
1953 2064 2014 2115 Ei

443 2150 551 2216 γᾶρ
591 2151 683 2201 καὶ
728 2150 861 2221 πρὸ,
910 2152 1010 2217 ἐμὲ
1071 2154 1431 2225 άπόστροφος,
1471 2155 1608 2207 ἀλλά
1641 2156 1876 2223 χρηστὸς
1923 2155 2016 2208 καὶ

444 2240 841 2312 φιλάνθρωπος.
877 2243 1074 2312 Αὔριον
1105 2245 1199 2298 οὖν
1245 2249 1340 2299 καὶ
1386 2247 1701 2314 ἐλεύσομαι,
1749 2248 1844 2300 καὶ
1886 2250 2018 2302 ἀκο-

446 2334 647 2401 ρὲστως
684 2338 1081 2390 καταπολαύσω
1106 2356 1200 2392 σου
1223 2340 1321 2408 τῆς
1353 2340 1493 2411 ἐμῆς
1525 2339 1706 2409 ψυχῆς
1730 2342 1824 2394 καὶ
1849 2342 2016 2411 πνοῆς

444 2424 534 2475 καί
572 2423 737 2494 ζωῆς.

1028 2524 1101 2575 ΕΖ
1144 2522 1224 2587 Τῷ
1261 2522 1438 2588 αὐτῷ.

515 2609 627 2661 Οὐκ
660 2609 774 2662 ἔστι
803 2628 886 2674 τις
913 2613 1099 2682 ὅμοιός
1130 2632 1233 2681 σοι,
1267 2616 1505 2669 δέσποτα
1533 2618 1895 2688 χρηστότατε,
1928 2619 2016 2672 ἵνα

448 2701 724 2753 καὶτοῦτο
759 2701 1103 2773 Θαρῤούντως
1153 2707 1385 2778 εἴποιμι,
1426 2709 1548 2761 οὕτε
1582 2711 1679 2781 τὴν
1728 2712 2013 2783 καλλονὴν,

447 2789 569 2842 οὔτε
601 2791 698 2861 τὴν
745 2795 1027 2864 φρόνησιν.
1063 2796 1222 2863 Λέγω
1257 2797 1311 2849 δὲ
1345 2798 1525 2861 τοῦτο,
1568 2799 1894 2853 ἀποϐλέπων
1937 2803 2016 2865 είς

450 2884 539 2936 τὸν
572 2888 772 2939 σκοπὸν
822 2887 932 2940 τῶν
981 2888 1118 2958 πρὸς
1151 2890 1251 2959 ἐμέ
1297 2907 1389 2942 σου
1440 2893 1806 2962 γραμμάτων.
1850 2894 2017 2964 Ὀμοῦ

450 2992 508 3028 τε
536 2977 642 3046 γάρ
674 2979 769 3030 καὶ
798 2981 931 3048 ἡμῖν
963 2982 1041 3042 εἰς
1073 2982 1426 3051 παραμυθίαν
1457 2984 1673 3038 ἵστασαι
1697 2987 1792 3038 καὶ
1814 2986 1891 3055 τῷ
1920 3004 2019 3055 με·

452 3067 600 3136 γάλῳ
636 3068 846 3136 βασιλεῖ
880 3073 971 3124 καὶ
996 3073 1209 3142 ἀδελφῷ
1243 3092 1333 3127 σου
1366 3074 1463 3145 τὴν
1489 3078 1770 3143 προσῆκον
1784 3094 1876 3130 σαν
1911 3077 2018 3130 σώ-

450 3158 565 3222 (at;
602 3160 889 3231 ὑπόληψιν,
945 3166 1041 3217 καὶ
1074 3165 1327 3232 συνάγεις
1370 3167 1468 3235 τὴν
1504 3167 1642 3237 ἐμὴν
1685 3168 1912 3237 γνώμην
1942 3170 2021 3232 εἰς

450 3251 548 3317 τὴν
577 3251 751 3321 ἄκραν
783 3255 994 3306 ἐκείνου
1028 3255 1213 3308 πίστιν
1236 3273 1295 3309 τε
1324 3259 1417 3311 καὶ
1446 3259 1688 3312 διάθεσιν
1710 3276 1725 3291 ⁶
1765 3263 1901 3332 ὅπερ
1933 3264 2023 3317 καὶ

2038 687 2093 745 Α

2500 690 2588 745 IV.
2634 692 2715 745 Ad
2769 690 3030 747 Cmarem
3067 689 3288 745 Ducam.

2183 783 2356 838 Crede
2378 782 2529 847 mihi,
2568 782 2930 839 illustrissime
2958 783 3197 848 domine,
3229 797 3389 837 omne
3417 797 3608 835 nomen
3634 793 3687 836 et

2112 876 2426 941 dignitatem
2454 890 2738 946 superans,
2777 877 2971 946 magici
2999 885 3057 931 ttt
3088 876 3158 930 ita
3197 876 3397 938 dicam,
3431 891 3610 929 mores
3636 888 3689 930 et

2114 981 2393 1021 sermones
2424 966 2502 1019 tui
2532 966 2896 1029 inveniuntur,
2929 975 2982 1020 et
3018 965 3281 1021 indicibili
3313 965 3509 1019 virtute
3537 981 3688 1019 meno

2116 1069 2219 1111 tem
2256 1074 2428 1114 meam
2477 1059 2774 1113 incantant.
2828 1057 2980 1112 Tunc
3037 1061 3177 1123 vivo,
3217 1074 3339 1112 cum
3392 1069 3444 1113 te
3500 1060 3686 1118 video;

2118 1161 2243 1206 tunc
2266 1152 2494 1221 respiro,
2519 1167 2641 1205 cum
2674 1163 2818 1205 tuam
2856 1166 3041 1204 vocem
3066 1152 3259 1217 audio;
3293 1162 3422 1206 tunc
3452 1151 3685 1220 gaudeo,

2116 1259 2236 1299 cum
2286 1254 2405 1299 tuas
2440 1243 2646 1297 litteras
2694 1244 2932 1313 perlego.
2977 1244 3049 1297 De
3078 1257 3187 1311 quo
3222 1251 3399 1297 autem
3451 1244 3687 1295 interro-

2116 1336 2276 1404 gasti,
2308 1336 2545 1390 breviter
2584 1335 2676 1390 tibi
2710 1335 3010 1406 respondeo
3041 1352 3051 1387 :
3097 1354 3116 1387 ‹
3152 1334 3322 1390 Nemo
3353 1348 3451 1389 nos
3483 1334 3688 1388 condu-

2118 1427 2215 1481 xit.
2292 1446 2310 1478 ›
2380 1427 2560 1481 Timui
2616 1442 2744 1482 vero
2809 1441 2876 1481 ne
2947 1426 3077 1481 illud
3138 1440 3354 1495 quoque
3401 1426 3612 1479 audiam
3674 1442 3689 1478 :

2123 1539 2142 1572 ι
2184 1521 2391 1588 Amice,
2448 1521 2720 1591 quomodo
2766 1520 2874 1574 huc
2924 1518 3157 1583 intrasti,
3208 1534 3312 1573 non
3361 1516 3567 1571 habens
3601 1532 3693 1571 ve-

2119 1624 2255 1668 stem
2321 1614 2660 1680 nuptialem?
2705 1631 2723 1663 ι
2790 1611 2986 1667 Nescio
3038 1612 3182 1665 enim
3229 1624 3294 1664 an
3348 1610 3692 1679 prasentiant

2117 1719 2293 1758 meam
2357 1703 2593 1772 accipiat
2649 1701 3019 1757 divinissimus
3086 1708 3272 1756 noster
3341 1700 3691 1768 imperator:

2118 1794 2297 1848 vultus
2350 1794 2494 1847 enim
2544 1793 2665 1862 ejus
2719 1795 2785 1845 ad
2822 1807 2922 1846 nos
2968 1807 3071 1846 non
3117 1800 3177 1845 ut
3209 1791 3325 1845 heri
3375 1798 3430 1844 et
3496 1789 3695 1843 nudius

2122 1886 2329 1939 tertius.
2384 1886 2636 1939 Attamen
2714 1899 2988 1953 nunquam
3038 1884 3260 1937 omnino
3317 1883 3517 1945 abibo,
3568 1896 3698 1934 cum

2051 2016 2092 2073 Β
2121 1979 2383 2032 violenter
2415 1977 2685 2043 abegeris,
2714 1986 2767 2031 et
2795 1991 2918 2031 cum
2943 1976 3139 2045 plagis.
3169 1984 3223 2027 et
3253 1989 3374 2029 cum
3413 1982 3698 2029 contume‘

2122 2073 2208 2127 liis
2240 2092 2252 2126 :
2288 2088 2355 2126 ne
2383 2072 2599 2140 quando
2644 2072 2716 2125 ita
2756 2071 3045 2125 insaniam.
3076 2069 3132 2124 Si
3169 2068 3312 2122 enim
3355 2083 3381 2120 a
3413 2083 3500 2122 me
3540 2081 3695 2121 aver-

2119 2180 2232 2230 sus,
2259 2165 2352 2219 sed
2391 2164 2563 2218 bonus
2588 2173 2644 2218 et
2674 2164 2939 2233 benignus
2975 2177 3054 2217 es.
3092 2161 3226 2216 Cras
3258 2161 3423 2230 igitur
3454 2158 3695 2223 veniam,

2118 2266 2171 2309 et
2213 2253 2593 2310 insatiabiliter
2626 2253 2876 2325 perfruar
2902 2263 2974 2320 te,
3007 2254 3202 2310 mentis
3244 2263 3298 2309 et
3327 2252 3523 2307 anima:
3564 2263 3697 2305 mea:

2120 2348 2250 2402 vita.

2759 2528 2819 2582 ν.
2850 2524 3057 2581 Eidem.

2191 2624 2305 2679 Non
2320 2630 2404 2678 est
2424 2622 2616 2678 similis
2644 2619 2762 2684 tibi,
2781 2620 2984 2689 optime
3000 2617 3235 2684 domine,
3255 2624 3317 2671 ut
3334 2616 3436 2671 hoc
3469 2615 3699 2669 ﬁdenter

2122 2717 2321 2779 dicam,
2342 2727 2513 2781 neque
2533 2710 2930 2782 pulchritudine
2948 2722 3121 2777 neque
3142 2704 3445 2776 prudentia.
3472 2703 3545 2757 lta
3570 2716 3701 2755 vero

2126 2807 2336 2873 loquor,
2361 2803 2713 2858 considerans
2738 2800 3008 2869 obiectum
3051 2808 3262 2852 tuarum
3285 2796 3350 2850 ad
3384 2795 3667 2850 melittera
3691 2820 3699 2827 -

2122 2916 2260 2955 rum.
2303 2896 2474 2953 Simul
2497 2897 2639 2953 enim
2670 2905 2725 2952 et
2755 2894 2913 2949 nobis
2947 2890 3368 2947 consolationem
3388 2886 3616 2957 praebes,
3649 2898 3704 2937 et

2123 3007 2319 3063 magno
2356 2988 2667 3061 imperatori
2692 2988 2846 3042 fratri
2882 2994 2975 3041 tuo
3009 2982 3419 3039 convenientem
3446 2993 3702 3034 reveren-

2125 3087 2252 3139 tiam
2281 3097 2488 3145 servas.
2506 3090 2561 3137 et
2596 3079 2848 3135 fiduciam
2882 3091 3059 3132 meam
3095 3074 3310 3129 inducis
3350 3072 3405 3127 in
3434 3084 3699 3124 summam

2124 3176 2243 3241 ejus
2284 3176 2441 3229 ﬁdem
2473 3181 2526 3228 et
2551 3170 2971 3241 dispositionem
2996 3185 3010 3232 ;
3040 3165 3190 3236 quod
3225 3165 3342 3234 ipse
3374 3163 3543 3217 menti
3571 3176 3703 3216 mea:

2127 3266 2492 3322 attestaberis.
2531 3264 2598 3318 Et
2626 3264 2767 3317 circa
2800 3259 2927 3315 illud
2979 3258 3230 3314 ﬁduciam
3268 3256 3430 3320 habe,
3481 3264 3704 3323 paratus

451 3347 514 3411 τῇ
550 3347 652 3414 ἐμῇ
701 3347 845 3419 ψυχῇ
887 3353 1259 3421 μαρτυρήσεις
1305 3353 1488 3414 αὑτός.
1522 3356 1629 3406 Καὶ
1665 3355 1857 3426 θάρρει
1897 3360 2022 3427 περὶ
2050 3352 2091 3407 C
2124 3361 2207 3411 eni

1945 3360 2022 3427 ερὶ
2050 3352 2091 3407 C
2124 3361 2264 3411 enim
2291 3372 2407 3411 sum
2440 3356 2503 3407 ad
2523 3369 2694 3409 meam
2736 3352 2913 3423 ipsius
2953 3350 3111 3403 vitam
3140 3346 3349 3419 proillo
3381 3345 3702 3401 sacriﬁcan-

450 3438 641 3492 τούτου
668 3457 680 3469 ·
720 3442 936 3510 ἕτοιμος
964 3444 1071 3512 γὰρ
1105 3446 1194 3496 καὶ
1240 3443 1335 3515 τὴν
1365 3448 1504 3515 ἐμὴν
1545 3446 1692 3501 Θύειν
1732 3450 1872 3519 ὑπὲρ
1900 3450 2022 3502 τού-

449 3548 542 3585 του
570 3533 769 3602 ψυχήν.
809 3534 971 3598 Ἀλλ’,
1005 3536 1142 3605 ὅπερ
1190 3533 1362 3598 εἷπον,
1398 3536 1631 3591 δέσποτά
1679 3557 1804 3607 μου,
1842 3542 2023 3595 αἰδοῦ-

455 3642 551 3692 μαι
576 3641 587 3653 ·
622 3625 827 3695 ὄμνυμι
861 3626 958 3697 τὴν
1004 3628 1156 3698 ἱεράν
1188 3646 1280 3680 σου
1312 3628 1511 3699 ψυχήν.
1550 3632 1636 3699 Μή
1672 3650 1800 3684 ποτε
1834 3650 2023 3702 φορτι-

452 3716 546 3769 κόν
579 3733 645 3785 με
682 3716 975 3785 λογίζεται,
1010 3719 1042 3788 ἢ
1085 3720 1184 3772 οὐκ
1218 3721 1510 3791 ἀρέσκεται
1541 3724 1653 3784 τοῖς
1700 3723 1879 3789 λόγοις
1920 3742 2020 3792 μου

453 3810 546 3862 καὶ
574 3814 637 3880 τῇ
676 3812 969 3883 παρουσίᾳ,
1005 3817 1097 3866 καὶ
1136 3813 1223 3867 διὰ
1255 3814 1428 3868 ταῦτα
1466 3813 1589 3867 οὔτε
1639 3816 1811 3883 ἡδέως
1854 3834 2020 3887 προσ-

451 3901 647 3969 ομιλεῖ,
678 3901 800 3955 οὔτε
857 3921 957 3971 μου
985 3904 1237 3973 ἀνέχεται
1285 3905 1555 3973 λέγοντος.
1594 3907 1804 3972 Ἐνάγει
1853 3908 1909 3960 δέ
1956 3926 2025 3975 με

453 3992 530 4050 εἰς
558 3991 648 4042 τὸν
680 3993 919 4044 τοιοῦτον
961 3994 1165 4046 σκοπὸν
1203 3995 1228 4061 ξι
1271 3995 1513 4064 προτέρα
1552 3995 1742 4048 τούτου
1788 3998 1924 4065 πρός
1957 4016 2024 4066 με

451 4082 691 4146 διάθεσις
742 4085 1088 4155 ἁπλουστάτη
1144 4087 1239 4139 καὶ
1278 4087 1768 4157 φιλανθρωποτάτη
1821 4092 2024 4159 τυγχά-

452 4192 638 4239 νουσα,
680 4177 772 4229 καὶ
804 4178 1002 4246 μηκέτι
1028 4177 1124 4229 νῦν
1171 4177 1232 4230 τὸ
1264 4177 1494 4246 σύνηθες
1525 4178 1721 4247 ἰδίωμα
1753 4179 2022 4244 σώζουσα.

454 4268 528 4319 Οὐ
557 4268 734 4320 τοίνυν
767 4270 942 4337 μισῶν
981 4271 1040 4321 οὔ
1082 4270 1479 4339 προσέρχομαι,
1504 4270 1619 4322 ἀλλ’
1647 4270 1963 4337 αἰδούμενος
1991 4272 2023 4339 ἢ

455 4359 809 4427 φοὸούμενος.
849 4360 1056 4423 Ἀλλως
1088 4378 1147 4413 τε
1185 4362 1279 4415 καὶ
1321 4361 1613 4432 αὐτοτελής
1663 4365 1801 4423 ἐστι,
1832 4365 1927 4416 καὶ
1963 4365 2023 4416 οὐ

453 4450 622 4502 δεῖταί
656 4468 801 4514 τινος
844 4449 967 4505 οὔτε
1020 4453 1185 4521 σοοροῦ
1219 4453 1345 4506 οὔτε
1379 4455 1730 4525 ὲμπειρικοῦ.
1781 4457 1925 4523 Ἐγὼ
1967 4458 2026 4510 δὲ

453 4542 735 4613 οὐδέτερον
770 4544 867 4613 μέν
900 4547 1035 4609 εἰμι,
1063 4546 1253 4608 πιστὸς
1268 4546 1323 4598 δὲ
1342 4545 1409 4597 τὰ
1439 4546 1576 4615 πρὸς
1608 4546 1736 4606 τοὺς
1757 4546 2026 4611 δεσπότας

456 4639 549 4688 καὶ
574 4636 796 4706 ἀληθὴς.
832 4638 924 4689 καὶ
947 4639 1006 4689 οὐ
1034 4638 1332 4705 δυνάμενος
1373 4637 1447 4705 μὴ
1471 4638 1769 4705 μεγαλῦναι
1788 4639 2014 4707 πράξεις

455 4727 715 4781 αὖθέντου
738 4746 750 4758 ⁸
784 4729 877 4780 καὶ
906 4730 933 4780 ό
970 4728 1182 4798 μακρδς
1218 4730 1411 4799 χρόνος
1452 4728 1622 4781 ταῦτα
1669 4746 1757 4797 μοι
1788 4729 2027 4798 ἐμαρτύ-

461 4837 626 4889 ρησε·
657 4819 818 4873 πλέον
871 4820 928 4872 δέ
969 4838 1019 4872 τι
1070 4820 1147 4889 τῷ
1200 4820 1410 4889 βασιλεῖ
1452 4821 1625 4889 τούτῳ
1665 4821 2030 4889 προστέθεικα

456 4911 550 4963 καὶ
588 4909 882 4979 προσθήσω
910 4892 1036 4979 ἄχρι
1068 4911 1289 4973 παντός,
1329 4911 1393 4964 Εἰ
1422 4911 1466 4961 δ’
1495 4904 1650 4974 οὗτος
1682 4912 1741 4963 οὐ
1772 4911 1870 4980 τὴν
1906 4912 2029 4980 ῐσην

457 5003 762 5055 ἀντιδεδωσί
807 5020 896 5071 μοι
946 5002 1209 5066 διάθεσιν,
1247 5006 1367 5065 ταῖς
1395 5003 1691 5072 ἁμαρτίαις
1745 5020 1843 5071 μου
1872 5004 2031 5056 τοῦτο

457 5096 769 5164 λογίζομαι.
831 5098 902 5147 Σὺ
938 5095 993 5147 δέ
1045 5113 1133 5163 μοι
1182 5094 1323 5149 οὕτω
1382 5095 1578 5159 σώζοις
1634 5095 1733 5165 τὴν
1762 5098 1897 5167 πρὸς
1939 5097 2030 5150 τὸν

2125 3450 2269 3503 dam.
2293 3446 2397 3501 Sed
2418 3446 2558 3514 quod
2577 3443 2686 3497 dixi
2714 3442 2875 3509 hujus
2894 3454 2977 3494 me
2999 3438 3181 3507 pudet,
3205 3452 3301 3507 per
3317 3451 3528 3492 sacram
3556 3445 3702 3489 tuam

2125 3541 2288 3593 vitam
2310 3537 2455 3605 juro.
2482 3534 2561 3589 Ne
2610 3534 2750 3589 forte
2776 3548 2864 3587 me
2895 3532 3184 3587 molestum
3208 3537 3445 3598 reputet,
3471 3542 3539 3582 ne
3561 3540 3705 3597 aegre

2124 3632 2263 3686 ferat
2282 3629 2438 3684 verba
2458 3643 2574 3681 mea
2595 3637 2648 3681 et
2665 3625 3030 3695 prmsentiam,
3053 3632 3108 3678 et
3136 3622 3257 3677 ideo
3277 3634 3450 3691 neque
3466 3619 3706 3690 jucunde

2126 3739 2333 3778 mecum
2362 3721 2722 3789 colloquatur,
2752 3732 2929 3788 neque
2973 3731 3059 3771 me
3091 3714 3361 3771 dicentem
3411 3713 3702 3768 sustineat.

2126 3819 2204 3872 Ad
2256 3817 2361 3871 tale
2403 3814 2689 3871 consilium
2741 3826 2825 3866 me
2884 3810 3101 3865 adducit
3144 3810 3294 3877 prior
3339 3807 3458 3877 ejus
3515 3806 3568 3861 in
3620 3820 3706 3860 me

2124 3910 2409 3979 dispositio
2455 3905 2786 3963 sinceritatis
2820 3913 2876 3959 et
2905 3903 3297 3959 benevolentia:
3349 3901 3531 3971 plena,
3592 3914 3702 3954 non

2120 4004 2230 4071 jam
2258 4004 2468 4056 solitam
2500 4016 2642 4055 nunc
2672 3997 2905 4053 indolem
2937 4012 3180 4052 servans.
3234 3994 3352 4051 Non
3388 3995 3554 4065 igitur
3580 4009 3708 4047 cum

2126 4096 2252 4150 odio
2309 4095 2465 4156 adeo,
2532 4092 2627 4147 sed
2659 4107 2781 4147 cum
2842 4091 3050 4159 pudore
3100 4098 3155 4143 et
3207 4088 3423 4143 timore.
3474 4086 3707 4141 Aliunde

2127 4189 2288 4241 etiam
2320 4185 2424 4239 sibi
2468 4185 2568 4253 ipsi
2615 4182 2835 4250 sufﬁcit,
2876 4190 2931 4237 et
2962 4197 3068 4236 non
3112 4181 3316 4249 indiget
3351 4177 3577 4246 alicujus
3613 4191 3706 4232 ne-

2126 4289 2231 4344 que
2262 4273 2523 4341 sapientia
2566 4286 2743 4340 neque
2788 4270 3149 4341 experientia.
3188 4270 3300 4337 Ego
3345 4280 3526 4324 autem
3570 4268 3709 4322 nihil

2126 4365 2342 4434 quidem
2389 4380 2531 4426 sum.
2580 4364 2673 4418 sed
2720 4363 2773 4417 in
2839 4362 2924 4416 Itis
2968 4376 3090 4431 qua:
3130 4361 3197 4415 ad
3253 4361 3504 4416 dominos
3557 4374 3707 4413 meos

2129 4465 2375 4527 Spectant
2397 4456 2566 4510 ﬁdelis
2587 4464 2640 4509 et
2670 4468 2853 4517 verus,
2883 4462 2937 4508 et
2982 4468 3088 4508 non
3129 4467 3345 4521 possum
3398 4467 3500 4507 non
3529 4451 3705 4506 extol-

2130 4551 2243 4604 lere
2296 4550 2538 4603 actiones
2599 4546 2896 4617 principis,
2946 4546 3276 4613 longumque
3332 4552 3541 4613 tempus
3590 4544 3707 4599 hac

2135 4642 2260 4694 mihi
2293 4648 2580 4694 attestatur
2614 4657 2627 4693 :
2667 4637 2837 4705 magis
2888 4648 3068 4691 autem
3104 4636 3231 4691 huic
3265 4636 3579 4704 imperatori
3605 4637 3705 4690 ad-

2136 4731 2259 4785 haesi
2301 4738 2355 4784 et
2387 4727 2673 4783 adhaerebo
2702 4742 2937 4797 semper.
2998 4726 3054 4781 Si
3081 4741 3212 4781 vero
3261 4727 3331 4782 ita
3370 4741 3477 4781 non
3515 4739 3702 4794 parem

2131 4819 2260 4873 mihi
2295 4818 2708 4887 dispositionem
2745 4817 2988 4873 vicissim
3025 4818 3251 4887 praebet,
3291 4818 3343 4871 id
3370 4816 3541 4886 culpis
3567 4817 3704 4872 meis

2132 4911 2386 4963 attribuo.
2426 4908 2505 4964 Tu
2547 4923 2674 4962 vero
2706 4910 2837 4963 mihi
2880 4909 2954 4962 ita
2983 4923 3167 4964 serves
3199 4910 3271 4964 tui
3304 4909 3492 4963 fratris
3541 4908 3706 4964 bene-

2128 5003 2441 5065 volentiam,
2474 5012 2529 5056 et
2557 5002 2609 5055 in
2635 5017 2720 5055 me
2753 5002 3139 5071 benignitatem
3170 5008 3225 5056 et
3252 5001 3582 5056 voluntatem
3613 5000 3703 5054 in-

2132 5094 2549 5165 eomparabilem
2586 5094 2846 5156 moribus,
2872 5095 3217 5149 sermonibus
3244 5104 3299 5147 et
3326 5094 3557 5149 actibus.

459 5190 686 5256 ἀδελφὺν
731 5188 966 5253 εὔνοιαν,
1021 5192 1113 5243 καὶ
1156 5189 1297 5244 οὕτω
1340 5192 1434 5243 καὶ
1484 5190 1581 5262 τὴν
1612 5192 1748 5261 πρὸς
1779 5192 1878 5260 ἐμὲ
1928 5192 2215 5259 εὐμένειαν
2277 5192 2369 5245 καὶ
2415 5190 2656 5244 διάθεσιν
2727 5190 3105 5261 ἀπαράμιλλον
3175 5192 3270 5244 καὶ⁵
3316 5191 3541 5262 τρόποις
3609 5198 3706 5250 καὶ

457 5285 636 5350 λόγοις
664 5281 754 5335 καὶ
783 5281 1119 5351 πράγμασιν.

1049 5372 1138 5441 G".
1180 5375 1263 5440 Τῷ
1291 5376 1469 5440 αὐτῷ.

544 5465 845 5535 Ὀλόφωτόν
880 5484 973 5519 σου
999 5466 1097 5536 τὴν
1134 5467 1362 5539 σελήνην
1386 5470 1681 5533 ἀπέλαϐον,
1721 5472 2029 5542 ὑψηλότατε

2752 5371 2837 5427 Vl.
2863 5370 3068 5425 Eidem.

2201 5466 2394 5522 T0tam
2427 5464 2658 5517 lucidam
2702 5468 2848 5514 luam
2900 5461 3081 5513 lunam
3144 5458 3351 5528 accepi,
3406 5458 3708 5515 celsissime

465 5561 683 5628 Καῖσαρ
719 5559 811 5610 καὶ
860 5558 1113 5612 δέσποτα.
1150 5560 1503 5634 Ὀλολαμπὴς
1542 5562 1651 5633 γάρ
1689 5564 1862 5634 αὐτὴν
1894 5564 2038 5634 ὲφώ-
2129 5560 2222 5614 (Σάις

1944 5564 2038 5634 ρώ-
2129 5560 2309 5614 Carsar
2360 5566 2414 5611 et
2460 5556 2711 5609 domine:
2766 5552 2987 5607 omnino
3039 5553 3184 5606 enim
3247 5552 3532 5622 splendens
3581 5567 3701 5607 eam

464 5668 612 5704 τισεν
662 5651 853 5720 ἥλιος*
890 5650 1011 5702 ὅθεν
1061 5652 1156 5704 καὶ
1211 5655 1675 5721 περιαστραφθε“ις
1719 5656 2036 5726 ἐμακάρισά
2132 5651 2213 5707 sol

1946 5656 2036 5709 ισά
2132 5651 2213 5707 sol
2246 5649 2585 5713 illuminavit,
2621 5646 2763 5700 unde
2792 5645 2907 5699 luce
2939 5643 3301 5699 circumfusus
3335 5645 3513 5698 lumen
3552 5655 3701 5699 tuum

468 5761 559 5794 σου
591 5742 649 5794 τὸ
680 5741 812 5811 φῶς.
849 5742 911 5793 ΕΞ
950 5741 1025 5807 δὲ,
1060 5742 1139 5794 ἔτι
1179 5744 1457 5813 περίγειος
1502 5744 1598 5811 ὢν,
1635 5743 1775 5799 οὕτω
1814 5765 1904 5815 μοι
1938 5747 2035 5809 τὰς

467 5836 690 5898 ἀκτῖνας
744 5834 1019 5905 προχέεις,
1077 5834 1369 5907 ὑπέργειος
1421 5837 1681 5907 γεγονὼς,
1733 5840 1889 5893 ποίαν
1936 5842 2036 5894 οὐκ

2134 5739 2383 5795 laudibus
2414 5737 2605 5791 extuli.
2637 5737 2691 5792 Si
2718 5751 2869 5801 vero,
2905 5736 3081 5790 adhuc
3105 5735 3403 5801 terrestris,
3435 5736 3509 5789 ita
3537 5735 3589 5789 in
3619 5751 3705 5792 me

2136 5834 2319 5891 radios
2367 5830 2621 5888 effundis.
2681 5846 2842 5899 supra
2907 5841 3104 5885 terram
3147 5827 3353 5898 positus
3414 5830 3557 5897 quali
3621 5843 3704 5882 me
