4450 6448
756 393 892 460 1171

1976 394 2402 457 MICIIAELIS
2444 394 2706 456 PSELIJ

3897 389 4034 451 1172

759 502 1052 575 splendore
1108 520 1214 562 non
1259 506 1594 563 illnstrabis?
1628 507 1841 579 qualem
1910 524 2014 564 non
2069 509 2332 578 fulgorem
2368 512 2409 564 Α
2442 510 2516 561 απ

2275 526 2332 558 an
2368 508 2802 577 Λαποστίλψεις
2860 525 2949 575 μοι
3009 508 3244 576 αἴγλην;
3310 506 3471 559 ποίαν
3526 505 3626 558 οὐκ
3687 502 4032 569 ἀπαυγάσεις

759 597 1064 652 immittes?
1098 598 1300 653 Deinde
1333 600 1636 666 interrogas
1660 601 1930 669 quomodo
1962 617 2047 655 me
2072 600 2341 654 habeam?

760 690 865 744 hoc
896 691 1014 759 ipso
1061 689 1237 743 solum
1286 691 1424 745 bene
1455 692 1597 762 quod
1630 708 1718 747 me
1768 694 2095 762 interrogas,
2152 694 2203 747 in
2237 708 2339 746 em-

762 780 896 835 teris
922 795 1046 834 vero
1078 782 1301 849 optime.
1331 780 1501 837 Nemo
1530 784 1675 838 enim
1709 799 1809 838 nos
1834 785 2128 853 interrogat
2166 799 2340 852 neque

762 869 829 923 de
857 870 1013 925 nobis
1044 882 1218 927 curat.
1256 873 1345 938 Et,
1375 888 1470 941 per
1494 883 1644 928 tuum
1687 892 1903 932 sacrum
1935 887 1991 930 et
2017 876 2341 946 augustissi-

761 974 909 1013 mum
944 972 1127 1031 caput,
1161 964 1305 1017 nullo
1336 964 1440 1019 alio
1479 980 1613 1036 egeo
1648 968 1750 1021 nisi
1783 976 1841 1019 ut
1874 968 2197 1037 interroger.
2236 965 2339 1021 Sed

760 1050 911 1106 istud
945 1069 1161 1123 quoque
1206 1071 1235 1109 a
1277 1070 1364 1111 me
1395 1058 1693 1113 invidiosus
1729 1058 1938 1113 daemon
1992 1060 2232 1127 eripuit;
2291 1070 2344 1112 et

763 1146 868 1200 nisi
910 1160 1041 1201 aure
1074 1156 1129 1202 tu
1170 1148 1294 1203 vitae
1325 1164 1457 1205 mea:
1487 1150 1684 1206 libram
1715 1162 1981 1223 aequaret,
2035 1155 2185 1210 brevi
2242 1158 2342 1210 ha-

764 1236 991 1293 bitasset
1029 1240 1080 1293 in
1118 1239 1333 1297 inferno
1361 1243 1540 1297 anima
1567 1259 1719 1311 mea;
1751 1245 1883 1301 adeo
1900 1245 2081 1301 animo
2104 1244 2345 1317 dejectus

762 1344 907 1396 sum,
943 1333 1077 1387 adeo
1105 1337 1297 1390 anxius
1336 1351 1477 1391 sum.
1510 1335 1614 1393 Sed
1646 1339 1823 1409 lingua
1871 1348 1983 1403 tua,
2040 1351 2132 1395 tua
2167 1357 2342 1405 musa,

766 1430 859 1475 tua
893 1420 1073 1490 Siren,
1119 1436 1207 1478 tua
1231 1426 1655 1494 incantamenta,
1692 1431 1767 1485 tui
1794 1430 1959 1497 sibili,
1998 1440 2089 1486 tua
2119 1448 2346 1502 persua—

765 1513 852 1569 sio
882 1524 935 1570 et
968 1516 1272 1585 eloquentia
1306 1520 1540 1575 suadent
1597 1537 1684 1576 me
1730 1524 1931 1591 saepius
1965 1524 2109 1579 bono
2164 1526 2345 1580 animo

767 1619 889 1661 esse
918 1617 973 1662 et
1003 1609 1174 1665 laetari
1207 1628 1221 1665 :
1250 1620 1300 1666 et
1326 1614 1534 1680 gaudeo
1564 1614 1675 1669 tuis
1705 1615 1911 1680 verbis,
1938 1617 2053 1671 tuis
2082 1618 2346 1671 exhorta-

770 1697 1032 1764 tionibus,
1066 1702 1173 1757 tuis
1204 1702 1254 1756 in
1286 1717 1370 1759 me
1402 1705 1871 1775 dispositionibus.
1904 1707 2009 1761 Sed
2046 1722 2131 1761 me
2162 1706 2348 1760 dolere

769 1788 908 1842 nihil
945 1789 1320 1860 impossibile;
1366 1804 1419 1849 tu
1455 1810 1587 1850 vero
1625 1811 1692 1851 ne
1744 1812 1979 1865 unquam
2020 1797 2225 1861 doleas,
2279 1811 2348 1852 ne

770 1881 989 1935 invidiae
1022 1884 1130 1937 telo
1157 1885 1391 1951 Irrdaris,
1436 1902 1502 1941 ne
1550 1888 1803 1943 inimicus
1834 1899 2023 1943 contra
2058 1899 2111 1944 te
2142 1904 2347 1957 prava-

770 1973 901 2027 leat.
940 1972 996 2027 Si
1030 1975 1151 2044 quis
1173 1987 1355 2031 autem
1385 1989 1577 2033 ventus
1610 1990 1755 2033 tuam
1781 1990 2017 2034 mentem
2052 1980 2348 2047 disturbat,

769 2082 840 2123 ne
871 2069 1133 2135 mireris;
1172 2086 1295 2126 nam
1326 2075 1621 2130 contrariis
1645 2075 2047 2130 mutationibus
2092 2076 2202 2129 vita
2236 2076 2352 2147 agi-

775 2165 943 2223 tatur,
980 2170 1034 2212 et
1078 2170 1291 2229 Oportet
1316 2165 1549 2231 primum
1593 2176 1742 2217 mare
1768 2165 2013 2229 misceri,
2049 2165 2352 2235 deindeque

774 2250 825 2302 in
856 2251 1148 2322 zephyrum
1185 2260 1562 2324 tempestatem
1598 2256 1801 2312 sedari.

846 2514 971 2571 Haec
1002 2517 1235 2574 Psellus.

1379 2610 1494 2667 VH.
1538 2608 1749 2669 Eidem.

846 2697 953 2753 Sed
984 2711 1108 2768 post
1138 2699 1341 2761 lances.
1368 2699 1765 2772 gloriosissime
1792 2703 2088 2776 imperator
2131 2717 2183 2762 et
2243 2724 2353 2763 ma-

776 2792 923 2847 xime
947 2793 1132 2848 (ἐπείη-
1162 2796 1559 2867 dominansque
1608 2814 1743 2855 mea
1793 2802 1992 2856 animae
2037 2812 2218 2870 caput,
2270 2814 2355 2858 est

778 2884 943 2938 etiam
983 2888 1182 2939 trutina
1217 2896 1272 2943 et
1296 2887 1413 2958 ejus
1445 2891 1649 2959 regula.
1681 2890 1823 2959 Quid
1872 2894 2059 2962 igitur,
2108 2905 2165 2949 ut
2199 2898 2355 2952 nobis

777 2974 971 3029 libram
1008 2978 1251 3047 impleas,
1285 2984 1548 3049 pecudum
1580 2983 1869 3040 exhauries
1923 3001 2187 3042 mammas
2216 2989 2240 3042 ?
2284 3004 2357 3043 ne

784 3073 864 3130 tu,
896 3082 968 3124 ne
998 3068 1052 3123 in
1077 3086 1177 3125 nos
1228 3081 1379 3126 tuum
1440 3074 1582 3129 ovile
1625 3076 1907 3145 exsicces;
1962 3093 2051 3142 ne,
2083 3089 2142 3134 ut
2172 3081 2357 3138 lances

2445 601 2865 670 μαρμαρυγήνς
2921 596 3051 652 Εἶτα
3103 600 3169 669 δὴ
3216 599 3427 668 ἐρωτᾷς
3474 597 3591 659 πῶς
3626 596 3848 666 ἔχοιμις
3899 595 4034 648 αὐτὸ

2441 693 2602 744 τούτο
2633 692 2797 762 μόνον
2828 692 3006 754 καλῶς
3053 693 3134 744 ὅτι
3170 708 3237 759 με
3271 690 3504 759 ἐρωτᾷς,
3540 688 3605 740 τά
3649 688 3693 739 δ’
3721 686 3859 739 ἄλλα
3888 686 4029 736 πάνυ

2442 787 2645 848 καλῶς.
2709 785 2899 848 Οὐδε“ις
2953 785 3061 852 γὰρ
3115 784 3277 851 ἡμῶν
3319 782 3443 835 οὔτε
3494 780 3848 839 πυνθάνεται,
3905 777 4029 829 οὔτε

2444 880 2687 947 κήδεται.
2725 880 2857 941 Καὶ,
2894 878 2957 947 νὴ
3007 877 3105 946 τὴν
3139 877 3291 941 ἱεράν
3344 893 3437 926 σου
3480 874 3573 925 καὶ
3622 871 4031 940 ύπερσέὀαστον

2445 970 2709 1040 κεφαλὴν,
2744 970 2867 1023 οὐδὲ
2904 969 3092 1037 ἐτέρου
3120 968 3265 1029 τινὸς
3299 967 3490 1035 δέομαι
3514 966 3546 1032 ἢ
3580 964 3672 1016 τοῦ
3699 963 4027 1031 ἐρωτᾶσθαι.

2458 1062 2621 1116 Ἀλλὰ
2667 1063 2763 1115 καὶ
2807 1062 2967 1113 τοῦτό
3004 1078 3067 1131 με
3105 1061 3132 1113 6
3173 1060 3445 1129 βάσκανος
3478 1058 3688 1125 δαίμων
3732 1055 3988 1122 ἀφείλετο
4012 1070 4025 1082 ·

2447 1158 2563 1220 καὶ,
2597 1156 2645 1207 εἰ
2695 1155 2770 1225 μὴ
2801 1157 2835 1225 ἡ
2874 1154 2940 1225 σὴ
2982 1155 3155 1224 χρυσῆ
3202 1151 3470 1219 πλάστιγξ
3510 1151 3601 1202 τὸν
3634 1148 3726 1201 τοῦ
3767 1148 3884 1217 βίον
3928 1163 4029 1215 μου

2449 1246 2613 1314 ζυγὸν
2642 1247 2817 1311 ἷσαζε,
2869 1246 3202 1317 παραδραχῦ
3238 1245 3539 1315 παρῴκησε
3583 1244 3660 1313 τῷ
3692 1243 3795 1314 ᾅδῃ
3826 1244 3855 1310 ἡ
3883 1241 4028 1310 ψυχή

2452 1353 2586 1405 μου·
2640 1336 2815 1399 οὕτως
2865 1336 3085 1405 ἀθυμῶ,
3134 1334 3306 1398 οὕτως
3364 1335 3640 1404 ἀδημονῶ.
3683 1333 3822 1385 Ἀλλ’
3880 1333 3912 1401 ἡ
3963 1334 4029 1402 σὴ

2450 1428 2692 1496 γλῶσσα,
2726 1430 2757 1495 ἡ
2790 1429 2855 1489 σὴ
2888 1426 3089 1497 μοῦσα,
3119 1429 3151 1497 ἠ
3187 1430 3253 1494 σὴ
3288 1426 3499 1497 σειρὴν,
3533 1426 3600 1477 τὰ
3636 1424 3704 1476 σα
3733 1424 4028 1493 θέλγητρα.

2451 1520 2507 1572 αἱ
2544 1518 2634 1571 σαὶ
2668 1520 2879 1585 ἵυγγες,
2912 1521 2944 1589 ἡ
2978 1519 3043 1588 σὴ
3094 1518 3393 1584 πιθανότης
3439 1517 3533 1570 καὶ
3567 1516 3872 1583 εύγλωττία
3913 1514 4034 1565 πεί-

2452 1608 2535 1662 θει
2575 1624 2643 1678 με
2668 1609 2932 1670 πολλάκις
2966 1609 3059 1661 καὶ
3114 1608 3377 1677 εὐθυμεῖν
3416 1610 3509 1659 καὶ
3555 1605 3887 1674 γάννυσθαι·
3940 1604 4032 1656 καὶ

2453 1702 2629 1770 χαίρω
2659 1701 2752 1752 ἐττί
2778 1702 2892 1761 τοῖς
2924 1703 3035 1761 σοῖς
3071 1700 3273 1767 λόγοις,
3309 1700 3404 1751 ἐπὶ
3434 1701 3553 1760 ταῖς
3581 1701 3699 1761 σαῖς
3728 1697 4030 1767 παρακλή-

2456 1810 2633 1856 σεσιν,
2676 1795 2771 1846 ἐπὶ
2817 1796 2937 1855 ταῖς
2994 1796 3117 1855 σαῖς
3168 1793 3306 1863 πρὸς
3350 1793 3449 1860 ἐμὲ
3499 1790 3830 1844 διαθέσεσιν.
3891 1787 4032 1840 Ἀλλ’

2454 1887 2552 1955 ἐμὲ
2595 1888 2694 1956 μὲν
2742 1886 3033 1938 λυπεῖσθαι
3076 1886 3228 1938 οῦδὲν
3262 1887 3524 1947 ἀπεικός·
3561 1886 3624 1937 σὺ
3662 1883 3717 1936 δὲ
3754 1883 3827 1951 μὴ
3857 1882 4035 1949 λυπη-

2453 1980 2551 2049 θῇς
2584 1996 2736 2042 ποτε,
2769 1978 2901 2047 μηδὲ
2946 1977 3098 2045 βελος
3128 1979 3324 2045 ἅψαιτο
3352 1977 3670 2046 βασκανίας,
3721 1974 3855 2044 μηδὲ
3881 1990 4036 2025 κατι-

2455 2070 2653 2140 σχύσαι
2714 2088 2805 2123 σου
2838 2072 2867 2124 ό
2922 2070 3136 2141 ἐχθρός.
3198 2072 3257 2122 Et
3293 2070 3349 2123 δέ
3398 2069 3480 2132 τίς
3533 2085 3625 2121 σου
3687 2064 4035 2133 διακυμαίνει

2454 2164 2655 2232 ἄνεμος
2708 2163 2805 2233 τὴν
2843 2162 3043 2231 ψυχὴν,
3095 2163 3170 2233 μὴ
3205 2162 3492 2231 θαυμάσῃς
3516 2177 3532 2193 ο
3565 2161 3682 2221 ταῖς
3734 2158 3839 2227 γάρ
3876 2158 4030 2209 ἐναν-

2454 2255 2599 2316 τίαις
2638 2252 2963 2322 μεταϐολαῖς
2993 2254 3021 2304 6
3058 2252 3170 2321 βίος
3204 2251 3559 2322 ταράττεται,
3590 2248 3685 2301 καὶ
3716 2248 3797 2300 δεῖ
3839 2247 4034 2313 πρότε-

2458 2364 2548 2417 ρον
2582 2347 2905 2417 τιναχθῆναι
2956 2346 3054 2415 τὴν
3113 2345 3416 2409 θάλασσαν,
3471 2338 3573 2395 εἴθ’
3606 2340 3780 2402 οὔτως
3841 2340 4032 2409 στῆναι

2457 2443 2534 2503 εἰς
2558 2439 2735 2510 αὔραν
2762 2441 2861 2509 τὴν
2891 2438 3204 2507 καταιγέδα.

2540 2534 2598 2586 Ὀ
2629 2534 2837 2595 Ψελλὸς
2865 2533 3055 2585 ταῦτα.

3052 2621 3123 2677 Ζ’.
3165 2622 3248 2687 Τῷ
3272 2620 3452 2687 αὐτῷ.

2538 2719 2701 2772 Ἀλλὰ
2730 2718 2870 2788 μετὰ
2910 2718 3008 2779 τὰς
3041 2719 3405 2782 πλάστιγγατ.
3442 2712 3829 2781 φιλοτιμότατε
3876 2707 4035 2777 βασι-

2456 2810 2571 2874 λεύ,
2605 2812 2700 2863 καὶ
2749 2810 2971 2879 μέγιστε
3007 2810 3245 2878 Καῖσαρ,
3291 2809 3388 2861 καὶ
3416 2804 3713 2872 δεσποτικὴ
3758 2802 3859 2870 τῆς
3898 2799 4036 2868 ἐμῆς

2455 2901 2635 2971 ψυχῆς
2670 2901 2903 2971 κεφαλὴ,
2936 2902 3050 2953 ἐστι
3076 2904 3169 2952 καὶ
3196 2902 3228 2969 ἡ
3258 2900 3501 2968 τρυτάνη
3530 2897 3623 2950 καὶ
3651 2899 3679 2947 ὀ
3710 2895 3911 2962 ταύτης
3939 2911 4038 2944 κα-

2458 2991 2585 3046 νών.
2625 2993 2689 3044 Τί
2730 2987 2842 3055 οὖν,
2890 2992 2977 3043 ἵνα
3017 2991 3312 3061 πληρώσῃς
3355 2991 3488 3057 ἡμῖν
3527 2988 3618 3039 τὸν
3656 2984 3840 3050 ζυγὸν,
3874 2985 4038 3034 ἐκκε-

2458 3084 2661 3149 νώσαις
2705 3086 2816 3137 τῶν
2860 3084 3195 3153 θρεμμάτων
3229 3083 3350 3143 τοὺς
3402 3078 3675 3149 μαστούςς
3714 3077 3787 3145 μὴ
3840 3074 3902 3127 σύ
3936 3087 4035 3141 γε’

780 3177 986 3232 ωίιιιεε,
1031 3163 1105 3217 illi
1139 3164 1436 3235 inaequales
1462 3168 1667 3236 gratias
1714 3170 1980 3239 praebeas,
2016 3173 2168 3242 plura
2202 3175 2356 3229 nobis
2387 3200 2429 3258 ρ
2465 3198 2537 3249 μη

2279 3175 2356 3229 bis
2387 3200 2429 3258 ρ
2465 3180 2597 3249 μηδὲ
2626 3179 2711 3245 ἐφ’
2738 3180 2869 3247 ἡμῖν
2892 3173 3174 3243 ἀποψύξῃς
3202 3173 3262 3225 τὸ
3295 3172 3539 3241 ποῖμνιον
3565 3189 3575 3199 ’
3613 3169 3764 3238 μηδὲ,
3804 3167 3889 3218 ἶνα
3916 3164 4036 3218 ἰσά-

785 3252 1118 3310 distribuens
1143 3264 1198 3311 et
1226 3272 1324 3313 nos
1349 3274 1513 3328 super
1538 3275 1729 3316 omnes
1751 3270 2021 3330 statuens,
2061 3273 2113 3320 tu
2146 3266 2235 3334 qui
2267 3282 2359 3321 su—

783 3358 942 3413 peras
965 3360 1244 3402 sermones
1274 3355 1331 3401 et
1360 3350 1532 3420 elogia
1556 3366 1882 3425 omnemque
1911 3354 2239 3411 rhetoricam
2267 3372 2359 3411 ar-

785 3445 894 3489 tem
924 3445 978 3490 et
1000 3435 1336 3495 facultatem.
1379 3439 1491 3511 Ego
1526 3457 1659 3498 vero
1713 3460 1855 3499 nunc
1887 3446 2116 3513 cognovi
2143 3449 2359 3516 sapiens

782 3540 927 3589 esse,
968 3528 1093 3596 quia
1131 3538 1277 3585 tuam
1317 3534 1451 3588 meis
1506 3534 1849 3591 sermonibus
1899 3537 2135 3592 animam
2192 3553 2359 3593 aucu-

784 3633 883 3683 por
908 3634 924 3685 ;
958 3620 1101 3675 unde
1124 3636 1389 3692 arrogans
1413 3626 1633 3681 omnino
1659 3625 1834 3682 factus
1862 3644 2003 3694 smn,
2035 3640 2087 3685 et
2119 3630 2355 3685 frontem

784 3710 956 3776 erexi,
989 3721 1044 3765 et
1078 3716 1305 3769 summis
1336 3715 1518 3785 digitis
1548 3720 1768 3774 ambulo
1794 3736 1808 3785 ;
1848 3729 1905 3775 et
1936 3721 1982 3775 si
2010 3722 2132 3791 quis
2158 3738 2241 3777 me
2270 3738 2358 3778 ro-

786 3800 1035 3868 gaverit:
1069 3820 1087 3854 ι
1120 3800 1259 3868 Quid
1288 3820 1523 3874 unquam
1558 3808 1718 3863 talia?
1738 3820 1789 3865 et
1818 3826 2064 3878 quaenam
2087 3821 2361 3866 transum-

788 3894 923 3949 tatio
952 3894 1055 3951 ista
1105 3906 1162 3950 et
1197 3912 1338 3952 nova
1392 3902 1702 3970 arrogantia
1732 3901 1755 3954 ?
1792 3904 1974 3957 statim
2036 3906 2359 3973 respondeo,

788 3987 916 4057 quia
953 4002 1037 4043 me
1069 4004 1294 4059 magnus
1320 3990 1503 4047 Cresar
1535 3993 1793 4056 laudarit,
1831 3996 1958 4065 quia
2002 3997 2136 4051 meis
2186 3998 2363 4052 verbis

789 4080 906 4148 ipse
938 4082 1173 4152 capitur,
1211 4084 1360 4153 quia,
1390 4086 1603 4141 caneris
1632 4088 1886 4143 omnibus
1913 4090 2184 4157 superior,
2242 4105 2359 4145 mea

791 4182 1061 4237 pmestate
1090 4175 1346 4231 vincitur.
1398 4175 1503 4233 Sed
1546 4192 1614 4233 ne
1643 4180 1861 4249 quando
1917 4182 2017 4236 ista
2051 4180 2231 4236 fucata
2286 4182 2365 4235 vi-

791 4264 1025 4321 deantur
1054 4276 1109 4323 et
1161 4271 1391 4325 mendax
1452 4272 1656 4341 opinio,
1717 4288 1817 4344 ego
1867 4290 2008 4337 sum,
2052 4275 2193 4343 quod
2244 4291 2363 4330 sum

796 4371 1007 4421 revera.
1063 4360 1317 4431 ignorans
1372 4362 1557 4431 homo,
1607 4374 1662 4420 et
1718 4364 1809 4419 vix
1865 4366 2101 4435 seipsum
2162 4382 2365 4436 cogno-

759 4466 765 4474 '
797 4462 980 4503 ερθιιεο

869 4540 925 4595 Si
962 4557 1091 4597 vero
1118 4552 1172 4598 tu
1209 4560 1293 4600 me
1325 4547 1563 4612 miraris,
1597 4548 1771 4602 dicam
1806 4548 1898 4603 tibi
1934 4564 2240 4603 sermonem
2274 4564 2340 4603 ve
2400 4539 2445 4594 Ι)

799 4633 1064 4697 naticum,
1102 4650 1259 4704 quem
1300 4639 1482 4694 nescio
1523 4654 1593 4693 an
1638 4648 1690 4694 et
1736 4642 1849 4709 ipse
1894 4641 2363 4696 animadverteris.

870 4723 1155 4791 Noctuam,
1200 4725 1473 4783 volucrem
1504 4727 1963 4800 deformissimam
2019 4739 2073 4784 et
2118 4731 2368 4799 turpissi—

798 4829 944 4868 mum
978 4825 1220 4883 aspectu,
1257 4820 1486 4873 miratur
1517 4822 1721 4891 aquila,
1762 4832 1817 4876 et
1857 4822 2131 4885 circumit,
2162 4830 2218 4876 et
2249 4832 2368 4876 stu-

798 4920 933 4973 pens
967 4907 1229 4971 intuetur,
1250 4909 1399 4965 velut
1424 4921 1667 4967 naturam
1692 4912 1981 4981 quamdam
2007 4913 2364 4969 admiratione

801 4998 1042 5068 dignam.
1083 4997 1188 5054 Sed
1221 5002 1294 5056 ita
1320 5004 1535 5074 quidem
1572 5007 1771 5077 aquila,
1808 5018 2002 5062 noctua
2031 5015 2206 5061 autem
2236 5007 2368 5061 nihil

802 5091 983 5146 minus
1014 5090 1272 5150 deformis
1309 5105 1413 5151 est.
1446 5096 1633 5153 Nonne
1680 5098 1849 5170 igitur
1883 5114 1940 5156 es
1974 5112 2026 5153 ιιι
2066 5102 2243 5170 aquila
2282 5117 2370 5156 ro-

803 5184 933 5239 bore
962 5194 1015 5241 et
1044 5194 1330 5254 potestate,
1360 5203 1460 5259 ego
1484 5198 1664 5244 autem
1687 5192 1886 5245 animal
1912 5190 2143 5247 informe
2174 5201 2227 5247 et
2252 5203 2369 5247 arte

803 5291 997 5345 expers
1016 5278 1036 5332 ι

874 5368 1075 5423 Deinde
1099 5380 1310 5426 veteres
1340 5373 1612 5443 sapientes
1644 5374 1897 5429 admirari
1928 5378 2365 5446 praztermittens,

805 5476 893 5515 me
930 5470 987 5517 et
1026 5476 1138 5513 Ima
1178 5465 1380 5534 scripta
1420 5466 1575 5520 colis.
1624 5466 1762 5532 Quid
1813 5468 1939 5521 boni
1988 5477 2165 5522 autem
2203 5469 2254 5521 in
2292 5471 2371 5523 eis

807 5552 984 5609 inest?
1019 5553 1145 5623 quid
1172 5556 1421 5624 pulchri?
1466 5556 1594 5623 quid
1628 5557 1877 5613 venusti?
1922 5559 2017 5611 sed
2057 5557 2239 5612 dicam
2274 5559 2368 5613 tibi

806 5648 968 5703 alium
1000 5662 1304 5703 sermonem
1335 5652 1400 5703 ad
1425 5664 1523 5706 nos
1552 5648 1726 5719 magis
1756 5650 2191 5706 convenientem.

878 5741 1009 5810 Apis
1032 5741 1264 5810 primum
1295 5754 1325 5795 e
1360 5739 1591 5796 floribus
1614 5742 1718 5796 mel
1754 5742 2012 5809 colligens
2044 5757 2220 5797 rosam
2254 5744 2371 5810 qui-

811 5830 929 5887 dem
982 5832 1389 5902 praetervolitat,
1434 5834 1594 5888 mittit
1646 5846 1821 5887 autem
1880 5836 2127 5899 ocellum,
2178 5834 2368 5899 lilium,

2468 3289 2566 3341 σῃς
2616 3270 2714 3332 τὰς
2768 3268 3127 3333 πλάστιγγας,
3177 3266 3395 3324 civ-Isso;
3451 3260 3602 3331 αὐτῷ
3658 3260 3893 3329 ποιήσῃς
3936 3257 4036 3317 τὶς

2464 3363 2714 3432 χάριτας,
2753 3360 2819 3410 τά
2851 3359 3019 3409 πλείω
3043 3356 3221 3423 νέμων
3244 3355 3375 3423 ἡμῖν
3402 3352 3496 3404 καὶ
3524 3352 3662 3419 ’ὅπερ
3693 3351 3817 3409 τοὺς
3847 3346 4039 3405 ἄλλους

2464 3452 2657 3513 τιθεὶς,
2692 3451 2719 3502 ὁ
2759 3450 2977 3501 πάντων
3009 3447 3266 3499 ἐπέκεινα
3291 3446 3387 3495 καὶ
3417 3443 3591 3508 λόγων
3620 3441 3713 3491 καὶ
3749 3438 4039 3505 ἐγκωμίων

2467 3548 2563 3599 καὶ
2596 3548 2791 3615 τέχνης
2830 3542 3122 3616 ῥητορικῆς
3155 3542 3249 3592 καὶ
3296 3537 3597 3607 δυνάμεως.
3648 3534 3790 3599 Ἐγὼ
3841 3533 3897 3584 δὲ
3945 3530 4040 3582 νῖν

2467 3639 2637 3705 ἔγνων
2668 3632 2810 3691 εἶναι
2852 3635 3034 3701 σοφὸς,
3066 3634 3144 3684 ἔτι
3178 3649 3271 3683 σου
3320 3633 3433 3691 τοῖς
3476 3630 3631 3697 ἐμοῖς
3674 3626 3853 3691 λόγοις
3888 3622 4041 3692 θηρῶ

2464 3732 2566 3799 τὴν
2589 3729 2793 3798 ψυχήν·
2826 3727 2950 3780 ὅθεν
2973 3724 3167 3795 ἀθρόον
3196 3721 3428 3793 σοὸαρδς
3453 3721 3674 3787 γέγονα,
3701 3719 3795 3768 καὶ
3826 3716 4041 3768 ἐσπακα

2465 3821 2563 3893 τὴν
2596 3819 2788 3891 ὀφρῦν,
2830 3820 2923 3872 καὶ
2963 3820 3047 3869 ἐπ’
3101 3817 3268 3885 ἄκρον
3320 3813 3520 3881 βαδίζω
3570 3809 3884 3863 δακτύλων·
3938 3805 4041 3858 κάν

2471 3916 2539 3986 μέ
2568 3931 2647 3976 τις
2696 3912 2919 3983 ἔρηται·
2955 3929 2970 3958 ι
3003 3909 3067 3961 Τί
3110 3923 3241 3961 ποτε
3284 3905 3494 3967 ταῦτα;
3528 3902 3621 3954 καὶ
3666 3901 3749 3962 τίς
3794 3902 3822 3951 6
3875 3914 4041 3965 μετα-

2470 4003 2849 4075 σχηματισμὸς
2876 4002 2969 4055 καὶ
3005 4002 3035 4068 ἡ
3064 3999 3225 4069 καινὴ
3252 3998 3480 4065 ἔπαρσις
3501 4013 3548 4061 ;ι
3587 3993 3746 4054 εὐθὺς
3769 3991 4037 4059 ἐπιφέροι,

2469 4100 2552 4149 ὅτι
2586 4112 2652 4163 με
2680 4096 2707 4145 ὁ
2743 4094 2918 4160 μέγας
2959 4092 3173 4157 Καῖσαρ
3219 4087 3501 4156 ἐπῄνεσεν,
3537 4084 3619 4135 ὅτι
3654 4098 3755 4152 μου
3800 4081 3912 4141 τοῖς
3953 4077 4041 4129 λό-

2472 4190 2583 4251 λοις
2614 4180 2768 4247 οὗτος
2819 4183 3080 4245 ἑάλωκεν,
3112 4182 3212 4243 ὅτι,
3248 4179 3355 4231 τῶν
3393 4178 3568 4232 ἄλλων
3598 4175 3895 4243 ὑπέρτερος
3939 4170 4038 4230 ὢν,

2471 4278 2571 4348 τῆς
2604 4277 2741 4346 ἐμῆς
2790 4275 3016 4343 ἡττᾶται
3061 4271 3363 4338 δυνάμεως.
3400 4266 3561 4321 Ἀλλά
3598 4265 3671 4334 μή
3729 4278 3857 4313 ποτε
3904 4276 4043 4326 κομ-

2471 4367 2602 4438 ψεία
2648 4364 2821 4417 ταῦτα
2855 4362 2948 4414 καὶ
3005 4360 3200 4431 ψευδὴς
3250 4360 3450 4427 οἴησις,
3500 4354 3607 4422 ἐγὼ
3637 4353 3694 4406 δέ
3740 4353 3856 4450 ειμι
3906 4350 4043 4450 ὂπερ

2473 4459 2613 4528 εἰμὶ,
2657 4456 2876 4527 ἀμαθὴς
2905 4453 3191 4523 ἄνθριιιπος
3224 4450 3319 4502 καὶ
3366 4448 3515 4517 μόλις
3543 4444 3735 4499 ἑαυτὸν
3763 4444 4038 4507 ἐπιγνούς.

2479 4564 2494 4578 ⁹
2545 4551 2606 4604 Εἰ
2649 4549 2704 4602 δὲ
2732 4546 3034 4617 θαυμάζεις
3069 4562 3134 4613 με
3168 4544 3255 4604 σὺ,
3286 4540 3398 4611 ἐρῶ
3433 4555 3516 4591 σοι
3550 4536 3709 4604 λόγον
3740 4530 4041 4601 θηρατικδν

2471 4643 2528 4696 ὃν
2555 4643 2655 4695 οὐκ
2676 4638 2797 4693 οῖδα
2830 4641 2879 4691 εἰ
2918 4639 3011 4690 καὶ
3036 4635 3196 4697 αὐτὸς
3232 4631 3588 4700 κατενόησας.

2545 4734 2657 4804 Τὴν
2696 4730 2913 4799 γλαῦκα
2937 4729 2997 4781 τὸ
3027 4728 3235 4796 δρνεον,
3267 4724 3327 4777 τὸ
3350 4718 3747 4791 ἁμορφώτατον
3782 4716 3920 4780 ζῶον
3948 4714 4043 4765 καὶ

2470 4824 2892 4885 ἀκαλλέστατον,
2950 4818 3218 4888 θαυμάζει
3255 4818 3282 4869 ό
3334 4814 3489 4876 ἀετὸς
3543 4811 3639 4863 καὶ
3688 4810 4041 4878 περιίπταται

2470 4915 2698 4986 ταύτην,
2731 4916 2824 4968 καλ¹
2856 4914 3127 4982 περιέπει,
3158 4910 3251 4962 καὶ
3285 4906 3541 4975 τέθηπεν,
3576 4903 3765 4971 ὥσπερ
3797 4899 3913 4953 τινα
3943 4896 4044 4963 φύ-

2474 5024 2555 5066 σιν
2586 5008 2743 5074 ἀξίαν
2775 5005 3075 5075 θαύματος.
3121 5001 3260 5055 Ἀλλ’
3291 5001 3319 5051 6
3353 4998 3452 5067 μὲν
3496 4996 3648 5057 ἀετὸς
3676 4993 3876 5054 οὕτως’
3912 4992 3943 5058 ἡ
3984 4990 4043 5042 δὲ

2472 5101 2622 5155 οὐδὲν
2671 5094 2831 5170 ἦττον
2872 5088 3200 5166 γλαύξὲστι
3240 5090 3505 5159 δυσειδής.
3551 5088 3643 5156 Μή
3674 5101 3801 5137 ποτε
3837 5080 3929 5137 οὖν
3978 5082 4040 5132 εὖ

2476 5193 2575 5263 μὲν
2607 5191 2765 5253 ἀετὸς
2792 5190 2889 5256 τὴν
2941 5187 3092 5256 ἰσχὺν
3126 5184 3217 5237 καὶ
3248 5181 3346 5252 τὴν
3383 5180 3633 5248 δύναμιν,
3667 5174 3774 5244 ἐγὼ
3817 5174 3874 5227 δὲ
3904 5172 4042 5236 ζῶον

2472 5283 2702 5345 ἀκαλλές
2738 5298 2798 5334 τε
2832 5280 2925 5333 καὶ
2954 5279 3204 5346 ἄτεχνον;

2547 5374 2677 5432 Εἶτα
2712 5377 2776 5447 δὴ
2810 5374 2967 5443 ἀφεὶς
3007 5373 3132 5435 τοὺς
3179 5367 3442 5429 παλαιοὺς
3490 5362 3792 5433 θαυμάζειν
3823 5359 4041 5426 σοᾳοῦς,

2476 5469 2576 5538 ἐμὲ
2612 5468 2706 5522 καὶ
2734 5468 2803 5521 τὰ
2838 5466 2946 5534 ἐμὰ
2978 5463 3260 5532 περιέπεις
3292 5457 3723 5527 συγγράμματα.
3747 5453 3810 5505 Τί
3848 5451 3903 5504 δὲ
3938 5467 4041 5504 κα-

2474 5558 2564 5608 λὸν
2595 5557 2653 5609 ὲν
2678 5554 2916 5617 τούτοις;
2948 5552 3000 5604 τί
3038 5552 3093 5605 δὲ
3127 5551 3355 5619 ὡραῖον;
3391 5548 3441 5599 τί
3480 5546 3535 5598 δὲ
3580 5544 3853 5613 ἁνθηρόνς
3902 5538 4041 5595 Ἀλλ’

2474 5648 2584 5721 ἐρῶ
2617 5667 2699 5703 σοι
2732 5651 2823 5702 καὶ
2856 5649 3012 5715 λόγον
3042 5647 3228 5715 ἕτερον
3272 5642 3403 5713 πρὸς
3434 5643 3580 5712 ἡμᾶς
3618 5640 3970 5693 οἰκειότατον.

2557 5743 2620 5796 Ἡ
2654 5742 2885 5811 μέλισσα
2915 5739 3011 5801 τὰς
3059 5737 3231 5808 ἀρχάς
3266 5733 3632 5802 ἀνθολογοῦσα
3666 5732 3761 5786 τοῦ
3807 5732 4041 5802 μέλιτος.

2479 5836 2817 5898 παοίπταται
2860 5834 2959 5905 μὲν
2984 5833 3042 5887 τὸ
3079 5834 3249 5905 (565w,
3281 5831 3512 5903 παρίησι
3546 5827 3602 5882 δὲ
3650 5828 3704 5881 τὸ
3738 5829 3820 5883 ἔνι
3864 5828 3953 5880 καὶ
3985 5824 4042 5879 τὸ
