4450 6448
416 382 552 446 ll73

1825 387 2226 451 EPISTOLIE.

3519 396 3654 458 ιιηι

409 497 596 566 κρίνον
627 496 721 548 καὶ
756 495 846 549 τὸν
891 497 1144 551 ὑάκινθον
1187 500 1279 552 καὶ
1309 500 1399 554 τὸν
1428 503 1744 569 νάρκισσον.
1782 503 1878 554 καὶ
1912 500 1984 568 τῷ
2017 507 2059 559 Α
2091 501 2166 571 hy:

1912 500 1984 568 τῷ
2017 507 2059 559 Α
2091 501 2432 571 hyacinthum
2464 514 2514 557 et
2551 506 2874 570 narcissum,
2907 517 2958 560 et
2992 507 3170 578 thymo
3207 508 3420 562 insidet.
3467 507 3649 562 Planta

409 593 568 663 θύμῳ
626 593 1009 663 προσίσταται.
1059 595 1228 648 Φυτδν
1263 596 1291 646 ό
1332 596 1502 666 θύμος
1547 598 1875 664 δριμύτατον
1926 612 1983 649 τε

413 687 509 737 καὶ
545 687 944 755 ἀνοσμότατον·
983 686 1097 738 ἀλλ’
1127 687 1160 748 ἡ
1197 687 1426 754 μέλισσα
1471 688 1720 742 ἐντεῦθεν
1754 688 1848 751 τὰς
1883 706 1991 750 πη*

410 775 513 842 γὰς
560 774 798 844 ἔχειτοῦ
847 776 1083 845 μέλιτος.
1123 777 1284 837 Ἴσως
1328 776 1459 838 γοῦν
1504 779 1599 831 καὶ
1651 781 1714 832 σὺ
1745 777 1851 830 τῶν
1885 778 1987 837 μὲν

413 867 564 936 παρᾶ
596 869 720 928 τοῖς.
752 867 933 929 ἄλλοις
986 868 1156 935 ῥόδων
1195 870 1578 934 καταφρονεῖς.
1622 869 1731 922 ἀπὸ
1777 868 1835 920 δὲ
1881 869 1986 920 Ιτῶν

415 958 566 1026 ἐμῶν
599 959 852 1024 ἀνὸσμων
879 959 1055 1026 λόγων
1090 965 1185 1012 καὶ
1211 960 1392 1024 ἀηδῶν
1431 961 1530 1029 τὴν
1557 960 1655 1028 σὴν
1689 960 1988 1021 καταμελιο

414 1048 525 1109 τοῖς
551 1047 806 1112 γλῶσσαν
846 1049 940 1100 καὶ
990 1050 1051 1100 τὸ
1086 1050 1410 1117 μελισταγὲς
1446 1049 1775 1111 ἁποστάζεις
1818 1051 1988 1118 νᾶμα-

505 1137 642 1190 Ἀλλ’
677 1140 778 1207 ὅρα
825 1140 895 1192 τά
945 1142 1388 1209 παραδείγματα.
1447 1141 1584 1195 Οῠτε
1615 1145 1644 1196 ὀ
1695 1143 1852 1200 ἀετὸς
1892 1141 1988 1204 τὴν

418 1228 632 1296 γλαῦκα
690 1235 1118 1300 περιφρονεῐται,
1165 1232 1291 1286 οὕτε
1331 1213 1420 1287 τὸν
1457 1235 1626 1303 θύμον
1671 1237 1702 1301 ἠ
1760 1235 1988 1302 μέλισσα

421 1323 659 1391 γεωργεῖ
683 1340 695 1353 ·
729 1323 866 1378 ἀλλά
910 1324 1034 1376 κατ’
1066 1326 1312 1389 ἐξουσίαν
1349 1327 1377 1378 ό
1413 1333 1511 1391 μὲν
1544 1329 1664 1397 ὁρᾷ,
1709 1329 1740 1393 ή
1781 1326 1835 1378 δὲ
1874 1325 1998 1393 δρέ-

419 1427 604 1463 πεται.
648 1412 821 1465 Ἐπου
857 1414 954 1466 καὶ
1004 1416 1067 1465 σὺ
1100 1416 1330 1484 τούτοις,
1383 1418 1473 1469 καὶ
1522 1418 1628 1470 τῶν
1667 1417 1816 1486 ἐμῶν
1860 1419 1995 1469 ἀπο-

418 1500 548 1552 λαυε
579 1501 753 1566 λόγων
778 1504 939 1557 ὁπότε
971 1522 1052 1556 σοι
1081 1506 1362 1574 βουλητὸν.

489 1586 618 1662 Ἆρ’
652 1590 746 1646 οὖν
784 1597 878 1648 καὶ¹
927 1597 1134 1666 ταύτην
1185 1599 1553 1666 ὲγκωμιάσεις
1593 1617 1693 1666 μου
1727 1599 1824 1669 τὴν
1873 1601 1996 1652 ἐπι-

423 1682 635 1751 στολὴν,
670 1678 703 1755 ᾖ
733 1684 857 1737 οὕτε
905 1688 937 1756 ἡ
970 1688 1112 1751 λέξις
1163 1689 1417 1759 λαμπρὰ,
1463 1690 1586 1742 ante
1638 1691 1666 1741 ὀ
1704 1690 1827 1753 νοῦς
1861 1691 1997 1760 ὑψη-

423 1776 532 1837 λὸς.
568 1775 694 1829 οὔτε
723 1781 750 1846 ἡ
788 1781 1029 1848 συνθήκη
1061 1782 1399 1850 εὐάρμοστος
1427 1801 1444 1851 ;

2090 603 2172 644 est
2203 594 2423 662 thymus
2460 597 2639 648 acerbi
2673 605 2722 649 et
2763 595 2875 650 fere
2905 597 3102 649 nullius
3136 597 3356 662 odoris;
3405 597 3497 650 sed
3541 598 3655 663 apis

2091 678 2214 733 inde
2241 683 2412 736 mellis
2458 689 2631 737 fontes
2672 687 2866 739 haurit.
2908 686 3114 740 Pariter
3137 687 3298 755 igitur
3324 697 3376 741 et
3399 690 3464 740 ἰιι
3501 701 3656 739 rosas

2090 790 2206 840 qua)
2235 777 2371 840 apud
2417 777 2552 832 alios
2601 791 2726 830 sunt
2759 779 3013 846 despicis,
3058 788 3114 831 et
3164 795 3229 832 ex
3288 781 3421 832 meis
3473 779 3656 830 odoris

2091 869 2398 933 eapertibu‘.‘
2452 875 2798 923 sermonibus
2840 880 2892 923 et
2937 871 3188 924 cantibus
3223 879 3368 923 tuam
3419 871 3658 934 linguam

2090 960 2373 1012 mellilicas
2408 974 2460 1011 et
2493 962 2755 1015 meil.tum
2784 963 2959 1015 rivum
2991 962 3199 1016 educis.

2166 1143 2270 1198 Sed
2325 1144 2449 1197 vide
2492 1145 2785 1212 exempla:
2844 1160 3021 1213 neque
3070 1146 3250 1213 aquila
3304 1145 3356 1199 in
3410 1153 3661 1197 noctuam

2098 1238 2408 1296 meditatur.
2436 1251 2614 1306 neque
2646 1239 2890 1306 thymum
2920 1238 3038 1307 apis
3068 1237 3195 1291 colit
3220 1251 3236 1300 ;
3272 1237 3363 1290 sed
3398 1244 3661 1304 quantum

2100 1335 2151 1382 in
2179 1342 2237 1382 se
2267 1339 2349 1382 est
2384 1329 2472 1382 illa
2498 1329 2718 1398 quidem
2749 1329 3008 1393 intuetur,
3038 1332 3150 1382 haec
3181 1341 3312 1382 vero
3347 1327 3518 1381 metit.
3558 1325 3667 1379 llas

2100 1427 2151 1471 tu
2186 1434 2399 1486 quoque
2430 1406 2643 1473 imitare
2672 1426 2727 1473 et
2753 1418 2892 1472 meis
2920 1417 3102 1474 fruere
3139 1418 3489 1474 sermonibus
3515 1403 3668 1486 °quo-

2102 1509 2200 1564 lies
2231 1508 2322 1565 tibi
2361 1511 2576 1565 libuerit

2169 1602 2307 1657 Num
2343 1605 2506 1671 igitur
2530 1609 2670 1658 hanc
2699 1619 2869 1658 meam
2902 1603 3185 1673 epistolam
3215 1601 3560 1672 pmdicabis,
3585 1601 3672 1657 cui

2102 1693 2243 1744 nulla
2305 1693 2448 1745 inest.
2489 1708 2589 1746 vox
2641 1693 2864 1757 eximia,
2911 1692 3056 1747 nulla
3091 1689 3361 1747 sententia
3399 1689 3672 1752 sublimis,

2104 1779 2244 1835 nulla
2283 1787 2417 1837 bene
2449 1793 2630 1845 aptata
2664 1784 2966 1838 connexio’

496 1869 687 1922 Βούλει
735 1870 829 1923 οὖν
883 1872 1055 1940 βραχύ
1105 1873 1158 1926 τί
1215 1892 1296 1926 σοι
1341 1877 1712 1945 προσπαίξαι·
1745 1875 1857 1928 ἀλλ’
1908 1878 1994 1947 εἴη
2026 1855 2072 1911 Β
2170 1873 2253 1927 Vit

1920 1878 1994 1947 εἴη
2026 1855 2072 1911 Β
2170 1873 2264 1927 Vi.-
2294 1875 2458 1943 igitur
2493 1876 2655 1928 breve
2685 1875 2953 1942 quoddam
2983 1875 3077 1929 tibi
3111 1875 3374 1940 arridere,
3398 1875 3489 1930 sed
3515 1874 3677 1943 longe

424 1959 613 2029 πόρρω
663 1960 724 2013 τὸ
775 1963 957 2031 σχῆμα
1000 1964 1096 2017 καὶ
1145 1967 1172 2016 ὁ
1213 1967 1496 2034 μοναδικδς
1548 1968 1680 2036 βίος.
1723 1966 1891 2034 Κάγώ
1946 1984 1999 2021 τι

424 2049 667 2102 τοιοῦτον
691 2051 748 2103 ἒν
767 2052 979 2122 νεότητι
1011 2055 1277 2118 πέπονθα,
1304 2059 1396 2110 καὶ
1417 2059 1756 2128 διαστρόφων
1787 2059 2001 2110 ἑάλωκα

425 2139 721 2210 ὀφθαλμῶν
750 2145 843 2197 καὶ
875 2148 1064 2214 χροιᾶς
1099 2149 1160 2200 οὐ
1192 2149 1332 2202 πάνυ
1371 2149 1589 2215 λευκῆς,
1629 2152 1720 2203 καὶ⁵
1743 2151 1882 2218 ὑπὲρ
1905 2152 2003 2211 τὰς

427 2231 697 2296 εὐώπιδας
731 2237 820 2288 καὶ
841 2237 1162 2308 ροδοπήχεις
1181 2240 1280 2310 τὴν
1303 2239 1475 2302 οὕτως
1494 2241 1726 2308 ἔχουσαν
1749 2237 1999 2308 ἔστερξα.

427 2319 575 2394 Ἀρι
614 2326 915 2396 ἐγνώρισάς
953 2348 1043 2395 μοι
1086 2332 1144 2383 τὸ
1186 2332 1398 2402 πάθος;
1438 2330 1576 2394 εἶδες
1616 2335 1673 2385 ὲν
1714 2333 2006 2404 κατόπτρῳ

431 2415 494 2468 τὸ
533 2418 623 2468 σὸν
675 2422 994 2488 πρόσωπον;
1038 2423 1130 2475 Ἐκ
1166 2423 1269 2492 γῆς
1303 2424 1412 2494 γὰρ
1458 2424 1551 2476 καὶ
1602 2424 1768 2488 αὐτὸς
1799 2427 2005 2479 πεπλα-

433 2507 768 2577 στούργησαι
799 2510 989 2580 ὥσπερ
1018 2514 1151 2579 ἐγώ.

504 2599 617 2670 Τῆς
651 2601 906 2671 δουΜκῆς
941 2604 1114 2656 ταῦτα
1160 2605 1254 2658 καὶ
1282 2605 1537 2673 γλώσσης
1565 2621 1646 2657 σοι
1676 2608 1770 2659 καὶ
1801 2607 2008 2677 χειρός.

1020 2695 1099 2749 H'.
1143 2697 1226 2762 Τῷ
1258 2699 1438 2763 αὐτῷ.

508 2783 619 2868 Καὶ
650 2785 727 2855 μὴ
766 2788 926 2850 καλός
956 2790 1071 2859 εἰμι
1105 2791 1197 2842 καὶ
1225 2783 1406 2860 σοφὸς,
1435 2792 1735 2864 ἅσύγκριτε
1767 2795 2008 2863 Καῖσαρ,

438 2877 533 2927 καὶ
562 2878 660 2946 τὴν
691 2879 852 2944 φύσιν
887 2881 980 2934 καὶ
1025 2881 1123 2952 τὴν
1151 2882 1360 2955 ψυχήν;
1392 2879 1528 2937 Εἶτα
1556 2885 1619 2954 δὴ
1658 2886 1752 2938 καὶ
1783 2887 2013 2955 ἐμαυτὸν

440 2969 638 3036 ἀγνοῶ,
667 2971 791 3024 οὕτε
831 2973 1124 3044 κατόπτρῳ
1154 2974 1457 3044 χρώμενος,
1493 2976 1616 3029 οὔτε
1653 2976 1718 3048 δὴ
1748 2975 2016 3047 ὲνθυμούυ

444 3075 604 3128 μενος
655 3062 858 3123 ὁπόσας
903 3061 1118 3130 βίὸλους
1165 3063 1355 3133 ἔτυχον
1405 3065 1674 3130 ἀνελίξας.
1741 3067 1883 3119 Ἀλλ’
1926 3068 2016 3121 ὅτε

447 3148 544 3215 μὲν
575 3151 686 3212 τοῖς
715 3150 825 3202 τῶν
849 3152 1026 3221 σοφῶν
1055 3153 1489 3222 συγγράμμασιν
1519 3155 1712 3224 ὀμιλῶ,
1741 3155 1841 3226 τὴν
1872 3157 2016 3227 ἐμὴν

446 3238 639 3306 σοφίαν
688 3241 826 3307 πρὸς
861 3242 958 3310 τὴν
999 3242 1226 3295 ἐκείνων
1277 3243 1606 3314 συγκρίνων,
1662 3245 2016 3316 αἰσχύνομαι,

442 3329 652 3399 δμνυμι
704 3331 804 3402 τὴν
842 3333 996 3401 ἱεράν
1027 3351 1120 3386 σου
1169 3333 1369 3406 ψυχὴν,
1418 3336 1512 3390 καὶ
1550 3336 1626 3398 ὡς
1675 3338 2022 3393 παντάπασιν

445 3423 663 3494 ἀμαθὴς
696 3423 1145 3496 ἐγκαλύπτομαι·
1179 3427 1309 3482 ὅταν
1335 3428 1392 3482 δὲ
1423 3433 1542 3491 ταῖς
1576 3432 1698 3492 σαῖς
1735 3432 1863 3502 περὶ
1886 3433 2021 3503 ἐμοῦ

448 3513 776 3583 μαρτυρίαις
808 3516 1038 3586 ἐντύχω,
1086 3516 1287 3586 μικροῦ
1333 3518 1426 3570 καὶ
1459 3518 1660 3580 ἰσόθεος
1698 3517 1838 3574 εἶναι
1885 3541 2024 3589 φαν-

444 3603 700 3672 τάζομαι.
740 3606 850 3658 Καὶ
901 3609 966 3659 σὺ
1018 3607 1120 3675 μὲν
1167 3606 1268 3670 τὰς
1322 3610 1460 3677 ὲμάς
1514 3611 1804 3674 ἐπιστολὰς
1843 3612 2024 3682 βιόλία

445 3696 653 3757 ποιεῖς’
685 3694 794 3763 ἐγὼ
829 3695 884 3746 δὲ
937 3696 1004 3748 τά
1038 3696 1106 3750 σὰ
1153 3700 1460 3768 γράμματα
1515 3704 1628 3764 τοῖς
1657 3703 1811 3771 ὲμοϊς
1862 3704 2025 3774 ὲγχσ·

450 3785 628 3851 ράττω
668 3787 934 3856 στέρνοις,
982 3789 1078 3840 καὶ
1127 3788 1487 3856 ἀναγινώσκω
1538 3792 1901 3863 πυκνότερον·
1932 3797 2026 3848 καὶ

448 3876 690 3944 ἐμαυτὸν
735 3879 949 3948 ἄγαμαι
1001 3881 1096 3934 καὶ
1154 3882 1459 3951 πέπεισμαι
1493 3877 1634 3938 εῖναι
1693 3886 1872 3954 σοφὸς,
1931 3889 2028 3940 καὶ

448 3969 658 4021 ἐπαινῶ
697 3987 757 4022 σε
793 3974 886 4040 τῆς
917 3973 1283 4041 μαρτυρίαςσ

521 4063 792 4133 Πρότερον
831 4064 885 4116 δε
936 4065 1033 4133 οὐχ
1077 4065 1249 4128 οὕτως
1289 4061 1454 4138 εἶχον.
1499 4068 1637 4122 Ἀλλ’
1687 4072 1744 4124 αἱ
1799 4071 1899 4140 μὲν
1934 4073 2027 4125 πίση

449 4155 629 4226 θηκοι,
666 4156 886 4210 ἐπειδὰν
917 4158 1120 4212 τέκωσι
1160 4159 1254 4212 καὶ
1281 4159 1351 4213 τὰ
1391 4162 1586 4229 νεογνά
1615 4163 1820 4226 ἴδωσιν,
1858 4166 2025 4233 ἀγάλ-

453 4265 598 4319 ματα
628 4250 765 4303 αὑτά
807 4251 1042 4320 ἥγηνται
1079 4253 1175 4304 καὶ
1221 4251 1316 4305 τοῦ
1351 4253 1579 4316 κάλλους
1630 4255 2023 4326 θαυμάζουσιν,

449 4341 806 4410 ἀπατώμεναι
839 4341 916 4410 τῷ
955 4343 1256 4412 φιλοτέκνῳ
1286 4344 1385 4412 τῆς
1439 4345 1683 4412 φύσεως·
1719 4347 1831 4413 ἐγὼ
1873 4349 1929 4401 δὲ
1958 4352 2027 4403 τὰ

452 4429 562 4498 ιμά
603 4431 940 4500 γεννήματα,
986 4432 1112 4490 τοὺς
1145 4432 1338 4500 λόγους
1389 4435 1553 4503 φημὶ,
1599 4436 1853 4490 οὐδέποτε
1888 4441 2029 4509 ἠγά-

2102 1968 2240 2021 absit
2278 1968 2345 2019 ab
2379 1968 2564 2020 habitu
2599 1977 2652 2022 et
2685 1967 2794 2020 vita
2842 1969 3256 2022 monachorum.
3301 1967 3416 2036 Ego
3455 1979 3676 2037 quoque

2101 2058 2204 2109 tate
2234 2057 2501 2124 quoddam
2548 2055 2600 2110 in
2654 2058 2940 2122 iuventute
2987 2067 3244 2126 expertus
3269 2073 3390 2114 sum
3422 2066 3478 2112 et
3511 2056 3680 2112 torvis

2105 2145 2271 2201 oculis
2320 2157 2513 2211 captus
2560 2163 2680 2202 sum
2720 2157 2774 2202 et
2813 2151 2994 2205 colore
3029 2165 3134 2204 non
3171 2150 3400 2205 multum
3425 2147 3679 2216 candido,

2104 2244 2158 2292 et
2198 2253 2359 2306 supra
2406 2239 2546 2293 bene
2593 2239 2844 2295 oculatus
2889 2249 2943 2294 et
2987 2255 3144 2296 roseo
3187 2240 3370 2296 colore
3412 2239 3681 2295 micantes

2106 2330 2396 2397 quamdam
2432 2332 2504 2384 ita
2530 2346 2590 2387 se
2621 2331 2911 2387 habentem
2934 2332 3135 2387 amavi.
3166 2331 3304 2386 Num
3337 2332 3469 2388 mihi
3501 2331 3683 2388 simile

2105 2423 2358 2488 quiddam
2392 2423 2658 2490 experiris
2680 2423 2704 2475 τ
2725 2421 2922 2477 Vidisti
2949 2422 3001 2477 in
3030 2424 3250 2494 speculo
3275 2422 3467 2478 faciem
3496 2433 3639 2476 tuam
3659 2421 3686 2475 ?

2109 2512 2150 2565 E
2184 2526 2324 2567 terra
2358 2515 2504 2566 enim
2534 2522 2590 2568 et
2623 2514 2738 2583 ipse
2765 2504 3038 2570 lci-matus
3064 2529 3123 2570 ea
3144 2516 3285 2570 sicut
3311 2528 3434 2584 ego.

2181 2603 2304 2660 Haec
2335 2619 2506 2660 sena:
2538 2616 2642 2660 tum
2674 2606 2872 2674 lingua
2900 2617 2958 2660 et
2984 2620 3178 2660 manus

2719 2697 2854 2753 VIII.
2889 2697 3097 2752 Eidem.

2183 2789 2371 2844 Nonne
2417 2788 2593 2844 bonus
2635 2805 2755 2844 sum
2807 2799 2860 2844 ct
2904 2791 3148 2861 sapiens,
3195 2789 3383 2845 Caesar
3410 2799 3598 2846 natura
3632 2801 3689 2847 et-

2118 2889 2295 2934 mente
2357 2880 2840 2951 incomparabilis?
2894 2881 3094 2937 Deinde
3151 2883 3438 2951 meipsum
3474 2883 3688 2953 ignoro,

2116 2986 2291 3040 neque
2339 2983 2496 3026 utens
2544 2973 2800 3043 speculo,
2857 2986 3035 3042 neque
3085 2973 3401 3042 recogitans
3457 2985 3692 3042 quantos

2118 3060 2281 3114 libros
2340 3061 2684 3115 revolverim.
2742 3061 2856 3117 Sed
2898 3062 3112 3130 quando
3171 3078 3294 3119 cum
3361 3063 3687 3133 sapientium

2121 3151 2342 3220 scriptis
2391 3167 2705 3214 conversor,
2757 3167 2932 3207 meam
2978 3153 3302 3222 sapientiam
3341 3170 3463 3209 cum
3502 3169 3691 3211 eorum

2120 3243 2384 3310 sapientia
2438 3256 2783 3317 comparans,
2822 3244 3106 3302 erubesco.
3160 3244 3284 3312 juro
3336 3259 3432 3312 per
3477 3259 3690 3300 sacram

2123 3342 2267 3386 tuam
2324 3333 2582 3397 animam,
2632 3335 2687 3388 et
2716 3333 2862 3387 velut
2915 3336 3137 3388 omnino
3191 3334 3413 3405 ignarus
3468 3350 3554 3390 me
3599 3336 3697 3388 ab-

2122 3425 2324 3478 scondo
2363 3441 2374 3475 :
2434 3438 2556 3478 cum
2610 3434 2792 3478 autem
2849 3425 2956 3477 tuis
3007 3425 3073 3479 de
3117 3439 3204 3479 me
3244 3427 3574 3480 testimoniis
3603 3442 3697 3481 oc-

2123 3528 2302 3578 curro,
2351 3512 2463 3568 fere
2507 3513 2724 3569 divinus
2772 3528 2895 3570 esse
2935 3514 3067 3569 mihi
3115 3514 3327 3570 videor.
3368 3515 3446 3570 Tu
3478 3518 3697 3585 quidem

2124 3620 2273 3660 meas
2307 3605 2563 3674 epistolas
2598 3604 2766 3659 libros
2792 3603 2967 3668 lacis;
3012 3618 3114 3674 ego
3158 3614 3337 3660 autem
3386 3613 3506 3661 tuas
3556 3605 3702 3660 litie-

2123 3710 2213 3750 ras
2253 3695 2457 3763 pectori
2508 3710 2628 3750 meo
2679 3695 2948 3765 insculpo,
2982 3705 3037 3749 et
3082 3694 3200 3764 lego
3245 3693 3603 3766 frequentius,
3648 3708 3702 3750 et

2125 3785 2388 3853 meipsum
2426 3785 2666 3839 admiror
2710 3793 2764 3839 et
2804 3798 3119 3853 persuasum
3154 3784 3330 3839 habeo
3362 3799 3448 3840 me
3479 3786 3697 3855 sapien-

2128 3886 2233 3930 tem
2268 3891 2411 3940 esse,
2448 3884 2502 3929 et
2533 3877 2599 3930 de
2637 3884 2729 3929 tuo
2754 3883 2808 3929 te
2842 3875 3154 3931 testimonio
3183 3876 3459 3932 collaudo.

2200 4057 2357 4111 Prius
2402 4057 2474 4112 ita
2522 4071 2630 4112 non
2669 4071 2754 4112 me
2801 4057 3086 4112 habebam.
3122 4055 3226 4113 Sed
3271 4058 3444 4113 simiae
3486 4063 3702 4129 quando

2125 4151 2697 4218 pariuntetrecenter
2746 4160 2903 4203 natos
2932 4157 3182 4214 cernunt,
3237 4150 3521 4218 cupidines
3580 4153 3701 4208 illos

2127 4240 2440 4296 existimant
2490 4250 2538 4294 et
2601 4240 3062 4309 pulchritudinem
3111 4243 3402 4308 mirantur,
3462 4243 3700 4313 deceptae

2132 4334 2358 4389 naturali
2407 4333 2574 4404 prolis
2631 4347 2847 4399 amore;
2893 4347 2992 4402 ego
3041 4342 3222 4388 autem
3274 4348 3423 4390 meos
3475 4336 3701 4402 liberos,

2129 4440 2405 4480 sermones
2438 4425 2580 4489 dico,
2615 4439 2885 4490 nunquam
2913 4425 3210 4482 admiratus
3251 4443 3393 4493 sum,
3427 4445 3704 4499 nunquam

453 4520 607 4592 σθην,
639 4522 756 4574 οὑδὲ
791 4521 1038 4592 ἐφίλησα.
1075 4522 1189 4577 Νῦν
1233 4524 1289 4577 δὲ
1322 4523 1410 4578 διὰ
1448 4526 1547 4593 τὴν
1579 4526 1679 4596 σὴν
1716 4532 2024 4601 μαρτυρίαν
2057 4542 2100 4597 ι)
2131 4532 2210 4571 am

1944 4532 2024 4585 [αν
2057 4542 2100 4597 D
2131 4517 2328 4571 amavi.
2363 4515 2516 4571 Nunc
2542 4531 2670 4570 vero
2701 4524 2921 4586 propter
2949 4524 3100 4571 tuum
3121 4518 3489 4576 testimonium
3521 4521 3701 4584 foveo.

452 4612 546 4665 καὶ
572 4611 783 4681 τέθηπα
822 4612 918 4665 καὶ
949 4612 1089 4681 φιλῶ
1122 4615 1214 4666 καὶ
1246 4616 1732 4687 συναγκαλίζομαι.

525 4702 642 4755 Ἵνα
674 4702 731 4754 δέ
790 4719 872 4754 σοι
917 4704 1013 4756 καὶ
1060 4704 1168 4756 ἀπὸ
1213 4705 1321 4758 τῶν
1377 4705 1621 4776 θεάτρων
1665 4709 2025 4779 φθέγξωμαιο

455 4796 591 4864 φασὶ
623 4795 717 4846 καὶ
751 4794 876 4856 τοὺς
920 4797 1163 4866 ἡνιόχους
1216 4795 1434 4864 ἀγνοεῖν
1460 4798 1530 4851 τὰ
1566 4800 1735 4854 πολλά
1773 4795 1848 4855 ὦν
1893 4820 2022 4856 κατ-

454 4884 707 4956 ορθοῦσιν
755 4884 786 4955 ἢ
838 4886 1244 4956 ἁμαρτάνουσιν
1268 4903 1279 4914 '
1319 4890 1366 4940 oi
1395 4889 1452 4942 δὲ
1485 4877 1737 4959 ἀκριϐεῖς
1765 4893 1862 4962 τῆς
1888 4895 2032 4962 ἠνιο-

456 4976 667 5044 χήσεως
697 4975 891 5043 θεωροὶ
943 4976 1121 5028 ἴσασιν
1151 4976 1397 5048 ἀκριϐῶς
1436 4979 1483 5030 εἰ
1518 4978 1836 5052 δημοχαρὴς
1876 4986 1904 5035 ὁ
1939 4985 2030 5036 in-

460 5081 580 5127 πος,
616 5067 664 5117 εί
709 5065 1083 5133 ἑτερόγναθος,
1117 5068 1164 5118 εί
1199 5067 1274 5136 μὴ
1304 5067 1394 5120 τὸν
1441 5068 1614 5133 δεξιὸν
1645 5071 1673 5122 ό
1716 5073 1928 5142 ἡνίοχος
1955 5075 2032 5146 τῷ

460 5157 745 5227 καμπτῆρι
782 5161 1130 5233 προσήγαγεν
1159 5160 1192 5229 ἢ
1217 5161 1294 5231 τῷ
1321 5160 1475 5233 ζυγῷ
1506 5164 1629 5227 τοὺς
1675 5164 1875 5228 ἵππους
1909 5184 2032 5221 συν-ι

460 5251 722 5320 ἡρμοσεν.
760 5251 919 5313 Ἴσως
939 5232 1031 5302 οὖν
1055 5252 1209 5317 κάγὼ
1232 5252 1301 5304 τὰ
1332 5232 1500 5307 πολλά
1521 5254 1630 5308 τῶν
1652 5256 1676 5308 ὲ
1687 5257 1801 5325 μῶν
1831 5258 2030 5324 ἀγνοῶ’

463 5343 526 5395 σὺ
577 5342 634 5394 δὲ
695 5342 810 5395 ἀνω
857 5341 1163 5411 καθήμενος
1223 5343 1537 5416 ἀνακρίνεις
1582 5347 1679 5399 καὶ
1733 5348 2032 5412 διευθύνεις

462 5437 696 5500 ἅπαντα,
726 5436 823 5504 τὴν
857 5435 1085 5500 ἔννοιαν,
1126 5436 1220 5506 τὴν
1251 5436 1417 5500 λέξιν,
1467 5438 1528 5491 τὸ
1562 5440 1766 5509 σχῆμα,
1805 5442 1904 5511 τὴν
1937 5444 2035 5512 μὲ-

464 5526 636 5589 θοδον,
668 5526 768 5595 τὴν
802 5528 1094 5595 ἁρμονίαν,
1148 5529 1239 5581 τὸν
1286 5530 1515 5600 ῥυθμὸν,
1558 5531 1655 5597 τὴν
1700 5533 2032 5590 ἀνάπαυσιν.

536 5623 672 5674 Φασὶ
705 5621 761 5673 δὲ
816 5622 909 5674 καὶ
966 5621 1064 5688 τὴν
1103 5621 1304 5675 Πυθίαν
1352 5623 1698 5693 χρησμῳδεῖν
1755 5626 1852 5696 μὲν
1906 5628 2036 5692 τοὺς

462 5716 575 5768 ἄνω
608 5714 909 5785 χρησμοὺς,
950 5715 1023 5784 μὴ
1055 5712 1375 5768 ἐπίστασθαι
1413 5715 1468 5765 δὲ
1500 5714 1610 5769 τῶν
1639 5718 1905 5787 χρησμῶν
1937 5719 2036 5790 τὴν

462 5806 735 5862 διάνοιανε
774 5805 887 5860 ἀλλ’
916 5806 965 5859 ol
1000 5805 1281 5876 Ἕλληνες,
1318 5806 1659 5878 ἐκδεχόμενοι
1691 5811 1756 5864 τὰ
1800 5811 2032 5880 μαντεύ-

2133 4624 2256 4662 amo
2286 4617 2339 4662 et
2371 4607 2692 4678 amplector.

2201 4698 2272 4754 Ut
2328 4708 2508 4754 autem
2574 4701 2668 4755 tibi
2724 4701 2926 4771 aliquid
2979 4718 3009 4758 e
3063 4703 3394 4774 spectaculis
3443 4703 3701 4770 alteram;

2131 4791 2320 4846 dicunt
2345 4789 2562 4860 aurigas
2586 4791 2837 4858 ignorare
2869 4793 3036 4847 multa
3063 4807 3126 4848 ex
3162 4793 3249 4848 his
3292 4808 3413 4862 qua
3440 4792 3576 4848 bene
3609 4805 3705 4849 aut

2135 4883 2272 4937 male
2302 4881 2548 4937 iaciunt:
2589 4883 2746 4950 periti
2786 4893 2967 4936 autem
3001 4884 3134 4939 artis
3167 4884 3330 4953 hujus
3363 4894 3707 4954 spectatores

2133 4975 2309 5029 sciunt
2348 4975 2548 5043 optime
2607 4985 2787 5027 utrum
2832 4974 3022 5029 docilis
3061 4989 3235 5045 equos
3278 4989 3346 5028 an
3388 4983 3703 5035 contumax.

2135 5075 2314 5119 utrum
2346 5065 2534 5132 auriga
2563 5079 2666 5117 non
2698 5065 2950 5118 dextrum
2987 5065 3052 5117 ad
3087 5075 3282 5120 metam
3327 5067 3608 5128 direxerit,
3638 5081 3704 5118 au

2128 5156 2257 5225 jugo
2308 5170 2478 5223 equos
2535 5155 2888 5225 coaptaserit.
2940 5155 3157 5212 Pariter
3200 5159 3363 5227 igitur
3406 5167 3462 5212 et
3495 5173 3597 5227 ego
3639 5173 3703 5212 ex

2137 5250 2270 5304 meis
2301 5249 2530 5318 plurima
2561 5247 2777 5316 ignoro;
2805 5256 2857 5300 tu
2883 5261 3010 5300 vero
3037 5262 3198 5317 supra
3222 5251 3419 5305 sedens
3439 5250 3707 5320 dijudicas

2135 5355 2190 5401 ct
2221 5345 2473 5414 exploras
2501 5353 2714 5403 cuncta.
2742 5343 3089 5407 sententiam,
3116 5342 3431 5406 dictionem,
3455 5343 3706 5414 figuram.

2136 5438 2476 5501 methodum,
2506 5436 2866 5500 harmoniam,
2894 5434 3209 5507 rhythmum
3239 5445 3288 5491 et
3325 5435 3705 5491 desinentiam.

2212 5620 2407 5675 Dicunt
2453 5619 2619 5673 etiam
2668 5614 2917 5687 Pythiam
2953 5617 3234 5670 vaticinari
3271 5616 3491 5687 quidem
3526 5619 3706 5671 divina

2139 5712 2380 5775 oracula,
2418 5709 2631 5766 nescire
2659 5717 2836 5764 autem
2860 5706 3200 5763 oraculorum
3222 5709 3707 5779 signiﬁcationem;

2143 5807 2234 5863 sed
2268 5804 2493 5877 gentiles
2529 5801 2782 5858 vaticinia
2816 5800 3172 5867 excipientes,
3211 5801 3708 5868 interpretabantur
