4450 6448
774 390 917 456 11⁸15
1657 441 1661 447 ,
1987 375 2411 440 MICIHELIS
2474 377 2531 437 P1

2259 375 2411 436 ELIS
2474 377 2744 438 PSELIJ
3887 374 4016 440 1176

764 509 821 556 et
857 496 1238 554 conciliabant.
1272 495 1420 551 Talis
1441 502 1497 550 et
1521 502 1575 549 tu
1606 492 1867 549 inveniris
1893 504 2044 545 meus
2072 490 2342 556 interpres
2372 486 2414 541 A
2448 503 2521 554 μα

2271 501 2342 540 'es
2372 486 2414 541 Λ
2448 503 2616 554 ματα,
2643 486 2939 555 ἐξηγοῦντο
2985 487 3081 541 καὶ
3130 485 3510 551 συνεϐίϐαζον.
3544 486 3801 548 Τοιοῦτος
3830 484 3886 540 δὲ
3932 490 4028 541 καὶ

766 600 823 647 et
874 589 1090 647 divinus
1134 591 1311 661 reipsa
1358 586 1775 644 Themistocles.
1808 584 1921 656 Ego
1952 583 2169 656 quidem
2224 596 2339 637 mea
2449 579 2513 633 σὺ

2272 596 2339 637 ea
2449 579 2513 633 σὺ
2544 580 2829 649 τυγχάνεις
2860 580 2888 633 δ
2912 579 3044 650 ἀμδς
3072 580 3348 653 ἑρμηνεὺς
3375 581 3473 635 καὶ
3500 579 3643 644 θεῖος
3684 579 3763 650 τῷ
3788 578 3903 633 δντι
3929 579 4029 632 Θε-

769 684 992 737 oracula
1043 683 1252 751 ignoro,
1300 690 1358 735 tu
1405 693 1535 735 vero
1580 691 1644 732 ea
1698 676 1974 745 intelligis.
2028 672 2243 729 extollis
2288 682 2344 727 et
2449 689 2526 743 μιι

2288 682 2344 727 et
2449 672 2770 743 μιστοκλῆς.
2805 672 2978 741 Κάγὼ
3003 672 3113 743 μὶν
3136 674 3261 737 τοὺς
3295 675 3463 741 ἐμοὺς
3495 674 3780 744 χρησμοὺς
3826 673 4023 741 ἀγνοῶ,

771 788 959 830 eorum
1006 774 1227 829 miraris
1267 772 1725 843 pulchritudinem
1750 780 1805 825 et
1834 767 2231 832 subtilitatem;
2271 765 2341 819 ita
2448 764 2513 815 σὺ

2271 765 2341 819 ita
2448 764 2513 815 σὺ
2538 763 2593 817 δὲ
2624 762 2935 835 ὲξακριϐεῖς
2966 764 3212 828 τούτους,
3238 766 3335 819 καὶ
3363 765 3742 836 ὑψηλολογεῖς,
3777 764 3873 817 καὶ
3896 764 4027 817 θαυ-

770 874 830 920 ιιι
857 866 1075 921 timeam
1110 880 1179 922 ne
1207 875 1409 921 sortem
1441 861 1680 919 Narcissi
1709 863 1985 933 experiar.
2451 859 2527 925 μά

2451 858 2643 925 μάξεις
2673 859 2767 913 καὶ
2815 858 2914 912 τοῦ
2960 858 3195 921 κάλλους
3224 858 3320 911 καὶ
3362 858 3462 927 τῆς
3511 858 3819 927 δεινότητος
3841 874 3853 887 ο
3886 855 4024 910 ὥστε

2447 950 2662 1003 δέδοικα
2698 951 2773 1020 μὴ
2809 951 2967 1005 πάθω
2989 952 3050 1005 τὸ
3078 950 3171 1004 τοῦ
3200 951 3541 1022 Ναρκίσσου.

840 1044 1129 1100 Narcissus
1154 1045 1473 1100 adolescens
1500 1053 1617 1098 erat
1646 1041 1791 1097 molli
1825 1042 2007 1097 nitens
2038 1041 2344 1111 pulchritu-
2530 1042 2588 1095 '0

2268 1056 2344 1092 ιιι·
2530 1042 2588 1095 '0
2645 1042 3300 1113 Νάρκισσοςμειράκιον
3350 1039 3419 1114 ἦν
3474 1043 3663 1097 κάλλει
3720 1041 4025 1111 διαλάμπον

660 1179 666 1184 .
770 1138 914 1204 dine,
946 1138 1041 1193 sed
1077 1137 1315 1192 maxime
1358 1134 1585 1207 simplex
1617 1143 1673 1189 et
1707 1134 1912 1203 absque
1938 1134 2086 1188 omni
2127 1132 2341 1188 subtili-

2266 1132 2341 1186 ili-
2449 1132 2624 1204 ἀϐρῷ,
2656 1135 3064 1189 ἀπλοῖκώτατον
3091 1135 3149 1189 δὲ
3178 1136 3272 1189 καὶ
3304 1135 3607 1203 δεινότητος
3642 1134 3821 1203 πάσης
3847 1133 4023 1197 ἐκτός.

776 1238 903 1284 tate.
960 1227 1202 1294 Quadam
1255 1228 1342 1282 die
1400 1228 1468 1281 ad
1521 1241 1785 1295 aquarum
1838 1224 2042 1281 fontem
2098 1224 2342 1285 veniens.
2448 1227 2533 1280 Ka

2267 1237 2342 1285 us.
2448 1227 2558 1280 Καί
2592 1243 2722 1279 ποτε
2763 1226 2898 1297 πρὸς
2926 1226 3110 1299 πηγὴν
3150 1228 3360 1282 ὑδάτων
3392 1226 3566 1290 ἐλθὸν,
3608 1225 3668 1279 τὸ
3694 1224 3889 1279 ἑαυτοῦ
3936 1228 4024 1277 ὲν-

771 1334 933 1375 suum
966 1320 1136 1390 ipsius
1167 1319 1373 1375 vultum
1411 1319 1672 1375 intuetur.
1724 1318 1984 1373 Nesciens
2008 1326 2192 1371 autem
2224 1331 2346 1371 esse
2448 1334 2528 1370 οτι⁴

2266 1331 2346 1371 sse
2448 1316 2766 1386 οπτρίζεται
2817 1318 3130 1387 πρόσωπον.
3176 1317 3475 1387 Ἥγνοηκδς
3521 1317 3577 1371 δὲ
3606 1317 3690 1371 ὅτι
3741 1316 3834 1369 τοῦ
3891 1315 4023 1369 ἰδίου

771 1411 976 1480 prOprii
1026 1411 1281 1480 corporis
1311 1410 1561 1480 figuram,
1596 1423 1783 1464 amore
1813 1408 2025 1475 capitur
2056 1408 2174 1477 ejus
2203 1407 2343 1478 quod
2451 1409 2528 1464 σὼ

2269 1407 2343 1462 ιοά
2451 1409 2703 1480 σώματός
2733 1411 2883 1463 ἐστιν
2911 1412 2944 1482 ή
2990 1410 3140 1475 σκιὰ,
3176 1410 3357 1478 ἔρωτα
3394 1410 3667 1479 λαμϐάνει
3699 1408 3789 1461 τοῦ
3816 1409 4026 1477 ὁρωμέο

768 1500 965 1565 cernit,
998 1510 1053 1555 et
1086 1501 1361 1555 existimat
1408 1498 1809 1555 adolescentem
1847 1513 1969 1554 esse
2022 1514 2205 1554 verum
2246 1498 2347 1553 sub
2449 1520 2525 1555 νοι

2266 1498 2347 1553 ιυι»
2449 1520 2563 1569 νου,
2597 1503 2691 1555 καὶ
2716 1502 2872 1573 ᾠήθη
2918 1504 3001 1556 ὅτι
3045 1501 3332 1572 μειράκιόν
3361 1501 3511 1554 ἐστιν
3538 1500 3739 1567 ἀληθὲς
3783 1500 4023 1569 κρυπτό-

770 1605 910 1660 aqua
937 1592 1211 1648 latentem.
1242 1590 1360 1647 Non
1390 1590 1554 1661 igitur
1587 1590 1716 1647 hinc
1757 1591 1911 1653 abiit,
1946 1591 2040 1645 sed
2089 1588 2345 1644 intuenda
2454 1610 2527 1663 με

2267 1588 2345 1643 udo
2454 1610 2617 1663 μενον
2644 1594 2748 1647 ὑπὸ
2793 1596 2891 1664 τῆς
2929 1593 3134 1663 πηγῆς.
3167 1593 3243 1648 οὐ
3290 1594 3471 1646 τοίνυν
3501 1592 3712 1648 ικεῖθεν
3739 1591 4024 1660 ἀφίστατο,

774 1692 1023 1735 mortuus
1075 1690 1191 1748 est;
1246 1690 1504 1752 terraque
1558 1682 1701 1736 hunc
1768 1682 2024 1735 miserata
2086 1681 2270 1734 liorem
2317 1692 2347 1733 e
2450 1682 2531 1736 ἀλ]

2341 1698 2347 1731 ι
2450 1682 2565 1736 ἀλλ’
2591 1684 2735 1754 ὀρῶν
2782 1682 3083 1753 ἐτεθνήκει.
3118 1682 3231 1736 Καὶ
3263 1684 3296 1752 ἡ
3331 1682 3401 1751 γῆ
3445 1681 3633 1735 τοῦτον
3684 1679 4026 1749 οἰκτείρασα,
4091 1737 4098 1745 ι

773 1776 992 1845 proprio
1045 1776 1166 1829 sinu
1212 1776 1398 1831 eduxit
1448 1776 1691 1843 ejusdem
1747 1775 2003 1829 nominis.
2056 1774 2134 1829 Ne
2183 1775 2348 1841 igitur
2381 1772 2530 1876 Β-άνι

2266 1782 2348 1827 ltlr
2381 1812 2427 1876 B-
2448 1772 2609 1835 ἄνθος
2644 1773 2707 1826 ὲκ
2762 1773 2873 1825 τῶν
2912 1773 3133 1825 οἰκείων
3173 1771 3416 1840 λαγόνων
3467 1771 3680 1840 ἀφῆκεν
3711 1769 4023 1838 ὁμώνυμον.

769 1868 886 1935 ipse
929 1882 1161 1923 cernens
1212 1883 1386 1923 meam
1445 1868 1765 1939 sapientiam
1814 1868 1867 1921 in
1914 1868 2133 1937 scriptis
2180 1877 2239 1920 ut
2290 1868 2342 1921 in
2382 1860 2526 1918 "Mi

2290 1868 2342 1921 in
2382 1860 2422 1876 “’
2448 1864 2541 1934 Μὴ
2571 1864 2750 1918 τοίνυν
2782 1866 2872 1916 καὶ
2910 1863 3075 1923 αὐτὸς
3106 1863 3319 1933 βλέπων
3341 1863 3438 1933 τὴν
3467 1863 3607 1933 ἐμὴν
3642 1860 3833 1929 σοφίαν
3866 1861 3940 1924 ὡς
3970 1860 4026 1913 ὲν

768 1958 1007 2025 speculo,
1052 1974 1237 2015 amore
1284 1961 1389 2014 mei
1428 1960 1593 2016 nimio
1632 1960 1820 2028 capiar
1846 1968 1901 2013 et
1928 1974 2043 2013 mea
2070 1960 2121 2011 in
2153 1959 2343 2013 umbra
2450 1975 2519 2010 κα

2265 1976 2343 2013 ira
2450 1958 2744 2027 κατόπτρῳ
2768 1960 2881 2020 τοῖς
2910 1957 3258 2027 γράμμασιν,
3296 1958 3474 2027 ἔρωτα
3522 1956 3751 2026 σφοδρὸν
3783 1952 4022 2023 ἐμαυτοῦ

767 2047 1060 2117 exspirem.
2448 2049 2524 2103 λάε

2448 2049 2669 2117 λάϐοιμι
2697 2050 2791 2102 καὶ
2821 2052 2889 2119 τῇ
2916 2050 3023 2119 ἐμῇ
3052 2048 3379 2117 ἐναποψύξω
3409 2049 3555 2119 σκιᾷ.
3760 2035 3763 2038 ’

840 2140 949 2195 Sed
976 2140 1210 2197 confide.
1263 2142 1414 2196 Ixion
1442 2141 1705 2197 Junonem
1730 2142 1971 2206 amabat,
1991 2150 2043 2195 et
2073 2140 2173 2195 sibi
2204 2140 2347 2195 illius
2533 2142 2597 2193 Ἀἶ

2264 2141 2347 2195 ius
2533 2141 2694 2195 Ἀλλά
2736 2141 2951 2211 θάρρει.
3022 2142 3081 2195 ὐ
3136 2140 3307 2205 Ἰξίων
3353 2142 3461 2210 ἦρα
3509 2140 3608 2208 τῆς
3652 2138 3853 2209 Ἥρας,
3908 2139 4021 2197 καὶ.

769 2234 821 2287 in
856 2245 1036 2289 mente
1064 2233 1297 2304 elIigiem
1345 2237 1580 2305 fingens,
1613 2235 1850 2289 osculari
1884 2234 1985 2289 sibi
2018 2233 2298 2289 videbatur
2328 2251 2341 2287 :
2451 2228 2523 2287 πλ

2275 2251 2341 2289 r:
2451 2228 2704 2287 πλάττων
2763 2235 2821 2286 ὲν
2875 2238 2941 2304 τῇ
2969 2233 3117 2304 ψυχῇ
3158 2234 3221 2286 τὸ
3268 2234 3486 2302 ἐκείνης
3548 2232 3788 2309 εζδωλον,
3849 2232 4024 2284 ἐδόκει

768 2324 1006 2392 quadam
1045 2340 1177 2381 vero
1207 2325 1295 2381 die
1330 2326 1503 2393 ipsam
1544 2340 1797 2387 cernens.
1832 2325 2071 2394 seipsum
2115 2325 2344 2379 insimu-
2448 2324 2525 2377 τοῐ

2266 2342 2344 2378 ιιι·
2448 2324 2609 2378 τοῦτο
2648 2324 2994 2389 ἀσπάζεσθαι
3016 2340 3031 2353 ³
3068 2322 3191 2376 ἰδὼν
3222 2323 3280 2376 δέ
3314 2338 3445 2375 ποτε
3475 2320 3701 2390 ταύτην,
3746 2321 4023 2388 ἐμέμφετο

770 2414 901 2471 lavit
932 2423 1185 2484 tanquam
1215 2416 1675 2473 deformissimam
1714 2416 1945 2487 efﬁgiem
1980 2416 2342 2487 eﬂingeutem.
2449 2417 2527 2469 ὲαι

2269 2432 2342 2472 m.
2449 2415 2639 2469 ἑαυτὸν
2698 2415 2773 2479 ὡς
2831 2413 3229 2485 ἀμορφὼτατον
3285 2414 3721 2472 ἀναπλάττοντος
3780 2411 4021 2464 εἴδωλον.

769 2508 837 2561 Ει
860 2520 960 2577 ego
988 2508 1173 2578 igitur,
1203 2511 1420 2579 quando
1466 2519 1614 2564 tuam
1660 2510 1886 2580 inspicio
1931 2510 2347 2580 magnanimita-
2451 2509 2526 2561 Kd

2268 2520 2347 2564 ιιι-
2451 2507 2622 2575 Κάγὼ
2646 2507 2849 2574 τοίνυν,
2880 2508 3007 2559 ὅταν
3039 2507 3117 2568 εἰς
3148 2505 3208 2558 τδ
3232 2506 3323 2557 σὺν
3367 2502 3702 2574 μεγαλοφυὲς
3730 2501 4025 2554 ἀποϐλέπω

767 2612 876 2654 tem
919 2609 975 2654 et
1013 2600 1309 2670 ingenium,
1362 2615 1537 2655 meam
1585 2600 1811 2673 figuram
1861 2602 2142 2665 deserens,
2198 2611 2342 2656 tuam
2449 2602 2524 2654 κα

2267 2615 2342 2656 am
2449 2601 2543 2654 καὶ
2588 2599 2912 2671 περιδέξιον,
2945 2599 3045 2668 τὴν
3071 2598 3211 2669 ἐμὴν
3246 2598 3676 2667 καταλιμπάνων
3718 2594 3899 2656 σκιάν,
3927 2591 4024 2661 τὴν

769 2692 1230 2759 pulchritudinem
1266 2692 1508 2748 admiror
1536 2710 1550 2759 ;
1596 2694 1751 2762 quasi
1784 2693 1913 2749 olim
1944 2702 2095 2749 tuum
2123 2708 2342 2750 caseum
2451 2691 2526 2760 σὴε

2267 2710 2342 2748 tm
2451 2691 2548 2760 σὴν
2576 2690 2790 2760 ἄγαμαι
2819 2689 3130 2759 ὡραιότητα
3154 2705 3167 2719 ·
3196 2688 3387 2759 ὥσπερ
3413 2688 3476 2758 δὴ
3512 2687 3680 2740 πάλαι
3726 2685 4024 2755 θαυμάζων

768 2786 1019 2851 miratus,
1055 2800 1196 2839 nunc
1228 2794 1354 2841 ante
1382 2784 1639 2855 butyrum
1671 2798 1885 2854 stupeo.
2451 2798 2525 2834 σοι

2451 2798 2545 2834 σου
2582 2782 2710 2843 τοὺς
2744 2781 2966 2850 τυροὺς,
2997 2782 3091 2833 νῦν
3124 2778 3518 2849 ὑπερηγάσθην
3548 2777 3609 2830 τὸ
3646 2777 3927 2845 βούτυρον.

834 2879 971 2934 Cum
1022 2878 1239 2949 regibus
1283 2887 1465 2934 autem
1518 2880 1663 2934 nulla
1706 2879 1837 2934 mihi
1871 2878 2069 2948 cupido
2115 2880 2343 2934 multum
2522 2876 2591 2926 Το

2267 2896 2343 2934 am
2522 2876 2647 2936 Τοῖς
2691 2872 2747 2926 δέ
2790 2890 2854 2940 γε
2904 2873 3227 2943 ἀνακτόροις
3261 2872 3321 2925 οὕ
3369 2888 3460 2941 μοι
3500 2870 3705 2938 σπουδὴ
3741 2869 4024 2939 παραϐάλ-

767 2974 1147 3043 colloquendi;
1186 2981 1408 3044 propter
1443 2982 1495 3030 te
1522 2988 1654 3031 vero
1699 2974 1762 3029 ad
1805 2983 2057 3044 quartam
2090 2976 2343 3046 paginam
2450 2967 2524 3018 λει

2269 2990 2343 3029 ιη]
2450 2967 2564 3019 λειν
2622 2966 2875 3028 πυκνῶς
2912 2966 2999 3018 διά
3032 2966 3087 3016 σὲ
3129 2964 3184 3018 δὲ
3231 2968 3374 3019 κατά
3423 2966 3522 3035 τὴν
3566 2964 3796 3032 τετράδα
3841 2962 4026 3029 άφίξοο

766 3067 1053 3137 attingam.
2453 3076 2572 3127 μαι.

836 3157 961 3215 Haec
986 3173 1155 3215 serva:
1187 3169 1290 3216 tuas
1319 3176 1529 3216 manus.
2373 3172 2414 3227 (ς
2521 3148 2593 3211 Ti

2373 3172 2414 3227 ο
2521 3148 2635 3219 Τῆς
2664 3148 2915 3217 δουλικῆς
2948 3150 3041 3202 καὶ
3074 3151 3249 3203 ταῦτα
3276 3151 3477 3221 χειρός.

1388 3253 1481 3309 IX.
1511 3252 1719 3308 Eidem.
3027 3240 3105 3295 9'.
3141 3248 3145 3295 Ἰ

1676 3271 1719 3307 η,
3027 3240 3105 3295 Θ’.
3141 3240 3224 3305 Τῷ
3256 3240 3433 3305 αὐτῷ.

836 3346 1037 3411 Quales
1072 3355 1197 3412 tuae,
1241 3361 1274 3400 ο
1315 3345 1521 3411 Caesar,
1568 3347 1970 3417 cogitationes!
2018 3349 2194 3418 qualia
2239 3356 2341 3401 tua:
2523 3330 2591 3387 οἷ

2269 3363 2341 3401 ιη,
2523 3330 2626 3387 0ἴά
2657 3350 2771 3399 σου,
2807 3334 3044 3405 Καῖσαρ,
3070 3334 3137 3386 τά
3167 3334 3563 3403 ὲνθυμήματαί
3596 3328 3683 3388 οἷα
3716 3335 3771 3388 δὲ
3802 3336 3867 3387 τά
3902 3334 4026 3403 βου-

770 3440 973 3493 mentis
1025 3438 1286 3493 consilia!
1319 3440 1452 3494 duas
1475 3439 1609 3494 meis
1633 3438 1872 3496 fontibus
1902 3441 2162 3511 aperuisti
2191 3442 2344 3495 ﬂstu-
2450 3424 2527 3476 λει

2267 3450 2344 3495 ω,
2450 3424 2696 3493 λεύματα
2724 3427 2825 3493 τῆς
2849 3425 3063 3494 ψυχῆςί
3095 3425 3199 3478 Δύο
3238 3443 3326 3496 μοι
3358 3427 3479 3486 ταῖς
3514 3428 3718 3493 πηγαῖς
3753 3426 4024 3491 ἐξέτεινας

768 3530 868 3594 las,
912 3538 969 3584 ut
1022 3531 1157 3584 mihi
1208 3545 1403 3599 aquam
1449 3538 1621 3585 totam
1668 3529 1997 3596 eﬂunderes,
2052 3540 2109 3585 ut
2158 3546 2337 3586 meum
2448 3517 2525 3584 ἀγη

2267 3548 2337 3585 ,ιιι
2448 3517 2694 3584 ἀγωγάς,
2724 3517 2809 3569 ἵνα
2854 3534 2955 3586 μου
2986 3518 3106 3570 ὅλον
3138 3518 3456 3589 ὲκφορήσῃς
3485 3518 3544 3569 τδ
3592 3516 3756 3589 ὕδωρ,
3790 3520 3877 3572 ἵνα
3923 3537 4024 3588 μου

772 3629 947 3675 totum
997 3621 1316 3675 exhaurires
1362 3619 1641 3675 ﬂuentum.
1691 3619 1898 3677 Deinde
1948 3637 2077 3676 num
2124 3622 2341 3693 ignoras
2455 3610 2529 3661 πᾶ

2269 3637 2341 3676 ιας
2455 3610 2636 3661 πᾶσαν
2687 3608 3070 3679 ὲκδαπανήσῃς
3122 3610 3221 3678 τὴν
3277 3608 3489 3678 βρύσιν.
3542 3608 3673 3664 Εἶτα
3716 3611 3779 3679 δὴ
3813 3612 4026 3677 ἀγνοεῖς

770 3727 854 3768 me
887 3712 1271 3767 inexhaustum
1309 3712 1511 3767 habere
1538 3711 1767 3777 fontem,
1807 3723 1863 3767 et
1894 3722 2156 3781 quantum
2186 3714 2338 3782 sugi-
2448 3700 2527 3751 ὅτι

2268 3714 2338 3782 ιε,
2448 3700 2531 3751 ὅτι
2562 3698 2837 3753 άκένωτον
2877 3699 2983 3770 ἔχω
3008 3700 3068 3752 τὸ
3096 3700 3295 3770 ῥεῦμα,
3335 3701 3449 3765 καὶ,
3482 3702 3605 3755 ὅσον
3633 3702 3698 3755 ἂν
3735 3702 4025 3773 ἐκθηλάῖοι

769 3818 877 3867 tur,
908 3814 1115 3861 tantum
1148 3806 1263 3861 vias
1296 3806 1495 3877 aperiri
1533 3816 1585 3860 et
1614 3822 1781 3862 venas
1818 3807 2031 3863 dilatari
2074 3809 2139 3862 ad
2167 3810 2340 3864 abun.
2450 3807 2526 3851 τις

2276 3828 2340 3864 η,
2450 3807 2556 3855 τις,
2586 3789 2841 3842 τοσοῦτον
2866 3790 2996 3853 τοὺς
3020 3790 3223 3859 πόρους
3248 3792 3547 3863 ἀναστομοῖ
3585 3794 3678 3846 καὶ
3702 3794 3799 3855 τὰς
3824 3794 4024 3861 φλέϐας

769 3899 1071 3953 dantiorem
1098 3914 1128 3953 e
1153 3898 1368 3969 gurgite
1401 3898 1819 3968 proﬂuentiam?
1850 3898 1977 3954 Seio
2007 3909 2057 3954 te
2086 3901 2340 3957 subtilem
2452 3882 2526 3951 εὖτ

2269 3917 2340 3957 3m
2452 3882 2670 3953 εὐρύνει
2708 3882 2845 3953 πρὸς
2892 3882 2992 3951 τὴν
3034 3884 3097 3935 ὲκ
3150 3883 3347 3951 βάθους
3396 3884 3711 3956 ἀπορῤοήν;
3764 3880 3892 3939 Οἶδα
3946 3888 4026 3938 ὅτι

767 4005 888 4043 esse
910 3998 963 4043 et
994 3991 1060 4043 ad
1086 4004 1303 4044 omnem
1338 3990 1586 4044 virtutem
1616 4000 1790 4059 aptus,
1821 3992 2071 4059 velleque
2101 3992 2342 4047 occulta~
2451 3974 2524 4026 δε¹

2267 4002 2342 4047 la,
2451 3974 2623 4035 δεινὸς
2674 3971 2723 4025 εἴ
2764 3975 2858 4026 καὶ
2919 3974 3055 4042 πρὸς
3088 3976 3267 4027 πᾶσαν
3316 3976 3519 4046 ἀρετὴν
3568 3976 3889 4044 περιδέξιος,
3933 3978 4024 4029 καὶ

771 4095 880 4137 tam
930 4084 983 4137 in
1038 4099 1124 4140 me
1173 4085 1521 4154 margaritam
1562 4098 1799 4149 sumere,
1841 4096 1899 4140 ut
1953 4086 2098 4139 illam
2149 4086 2200 4139 in
2249 4093 2343 4140 tuo
2456 4068 2528 4137 βω

2263 4101 2343 4140 ηιο
2456 4067 2635 4137 βούλει
2667 4065 2759 4119 τὸν
2809 4065 3260 4135 ἐγκεκρυμμένον
3294 4084 3382 4136 μοι
3429 4069 3779 4137 μαργαρίτην
3816 4067 4020 4126 λαϐεῖν.

768 4178 1079 4233 diademate
1112 4178 1410 4245 insculpas.
1447 4175 1526 4230 Tu
1555 4192 1685 4233 vero
1730 4178 1859 4232 mihi
1887 4192 1990 4231 non
2026 4193 2209 4240 unam,
2248 4178 2341 4233 sed
2452 4159 2520 4211 ἶν’

2266 4178 2341 4233 ied
2452 4159 2520 4211 i’v'
2549 4157 2859 4229 ἐγκολάψῃς
2889 4156 3082 4211 τοῦτον
3111 4160 3201 4210 ἐπὶ
3233 4158 3326 4211 τοῦ
3361 4160 3454 4212 σοῦ
3481 4160 3830 4228 διαδήματος.
3867 4161 3938 4214 Συ
3968 4161 4023 4213 δὲ

770 4272 967 4325 multas
1016 4272 1129 4341 jam
1178 4270 1533 4338 subripuisti;
1591 4271 2069 4340 majorem-autem
2124 4272 2339 4334 harum,
2458 4268 2526 4319 μο

2268 4288 2339 4334 m'
2458 4268 2546 4319 μοι
2585 4249 2705 4302 οὐδὲ
2736 4249 2854 4314 ἕνα,
2906 4249 3042 4303 ἀλλὰ
3090 4250 3319 4311 πολλοὺς
3357 4252 3459 4322 ἥδη
3504 4253 3774 4321 κέκλοφας
3799 4270 3813 4285 ο
3842 4254 3934 4307 τὸν
3968 4253 4025 4306 δέ

768 4372 823 4416 et
869 4340 1053 4418 colore
1098 4362 1571 4422 caudidissimam,
1629 4363 1908 4433 figuraque
1954 4365 2345 4431 praastantiSs-i-
2455 4360 2518 4411 γε

2266 4365 2345 4416 δε,
2455 4360 2518 4411 γε
2576 4344 2797 4412 μείζονα
2842 4340 3070 4404 τούτων,
3106 4343 3202 4395 καὶ
3252 4343 3579 4396 λευκότατον
3621 4344 3720 4410 μὲν
3773 4343 3851 4413 τῷ
3880 4342 4023 4414 χρώ-

769 4470 910 4509 mam
977 4470 1085 4509 non
1143 4453 1607 4524 comprehendere
1668 4430 1898 4525 poteris.
1954 4430 2135 4510 Habeo
2195 4456 2339 4510 enim
2458 4449 2526 4525 PF

2270 4456 2339 4508 im
2458 4449 2609 4502 ματι,
2636 4430 3099 4503 περιφερέστατον
3123 4432 3178 4483 δὲ
3210 4431 3287 4499 τῷ
3313 4432 3579 4500 σχήματι,
3608 4432 3669 4484 οὐ
3699 4432 3902 4505 δυνήσῃ
3930 4450 4024 4485 πε-

768 4562 890 4601 eam
931 4548 982 4602 in
1016 4547 1214 4602 mentis
1263 4522 1407 4612 sinu,
1460 4563 1567 4617 quo
1612 4522 1716 4602 non
1768 4555 2050 4616 penetrant
2100 4546 2338 4601 furantis
2377 4540 2417 4596 D
2451 4524 2525 4594 ρι)

2269 4548 2338 4601 ηε
2377 4540 2417 4596 D
2451 4523 2713 4594 ριλαϐεῖν.
2773 4524 2924 4592 Ἐχω
2964 4522 3071 4593 γάρ
3119 4523 3309 4575 τοῦτον
3355 4525 3412 4575 ὲν
3442 4526 3552 4586 τοῖς
3596 4523 3845 4593 ψυχικοῖς
3901 4524 4023 4577 κόλο

767 4651 981 4693 manus.
1015 4636 1152 4703 Quid
1193 4652 1277 4691 me
1320 4638 1627 4708 ubicunque
1680 4638 2107 4704 eireumseribis,
2150 4647 2206 4692 et
2236 4640 2342 4692 cir-
2447 4635 2524 4669 πθ¹

2269 4640 2342 4691 ir,
2447 4635 2591 4681 ποις,
2644 4610 2706 4671 οὗ
2740 4615 2814 4687 μὴ
2868 4616 3161 4685 φθάνουσιν
3202 4617 3257 4669 αἰ
3305 4619 3488 4687 χεῖρες
3528 4616 3624 4670 τοῦ
3677 4617 4019 4681 κλέπτοντος.

768 4728 1041 4783 cumfodis
1068 4729 1452 4783 circulariter?
1492 4728 1819 4783 inviolabilis
1842 4744 1960 4783 sum
1992 4729 2043 4782 in
2081 4730 2341 4783 doctrinm:
2448 4709 2513 4761 Τί

2266 4746 2341 4782 ,με
2448 4709 2513 4761 Τί
2544 4725 2611 4777 με
2651 4709 3005 4778 περικυκλοΐς
3048 4708 3332 4772 πάντοθεν,
3364 4710 3456 4762 καὶ
3513 4709 3889 4778 περιορύττεις
3929 4710 4023 4761 κυ-

770 4822 1049 4875 thesanro.
1076 4821 1351 4887 Quantum
1382 4836 1412 4874 e
1443 4833 1603 4889 puteo
1633 4819 1844 4884 hauris,
1888 4829 2036 4873 tanto
2066 4818 2341 4888 copiosius
2446 4801 2527 4853 κλι

2267 4819 2341 4873 ius
2446 4801 2655 4866 κλυδσεῖ
2681 4801 2877 4864 ἀσυλόῖ
2900 4802 3019 4871 ειμι
3040 4801 3133 4853 τὸν
3156 4803 3252 4871 τῆς
3272 4802 3523 4867 γνώσεως
3548 4802 3839 4870 θησαυρόν.
3860 4802 4024 4854 Ὅσον

767 4915 1030 4968 ﬂuentum
1062 4912 1251 4977 ellicis,
1280 4912 1486 4968 Eximia
1521 4922 1701 4966 autem
1734 4923 1825 4966 tua
1862 4911 1987 4965 furti
2022 4912 2234 4979 peritia.
2444 4893 2524 4944 ἀπ

2444 4893 2732 4962 άπαρύττῃ
2792 4890 2889 4945 τοῦ
2931 4891 3187 4961 φρέατος,
3232 4892 3489 4945 τοσοῦτον
3531 4892 3933 4962 πλουσιώτερον
3962 4892 4022 4945 τὸ

2448 4985 2600 5053 νᾶμα
2653 4986 2847 5046 ποιεῖς.
2891 4985 3210 5054 ’Υπερφυὴς
3262 4985 3318 5037 δέ
3357 5002 3448 5037 σου
3481 4987 3577 5039 καὶ
3622 4986 3781 5055 ήτῆς
3813 4984 4023 5053 κλοπῆς

2445 5078 2629 5147 τέχνη.

844 5180 937 5235 Sol
964 5181 1197 5261 naturali
1243 5180 1444 5235 virtute
1475 5190 1527 5235 et
1557 5180 1820 5235 facultate
1856 5179 2223 5235 calidissimus
2260 5190 2344 5234 est
2527 5170 2586 5220 Ὀ

2266 5190 2344 5234 εει
2527 5170 2586 5220 Ὀ
2612 5167 2763 5237 ἥλιος
2790 5171 2993 5239 φυσικῇ
3025 5168 3255 5238 δυνάμει
3297 5170 3387 5222 καὶ
3434 5168 3719 5238 περιουσία
3752 5168 4023 5238 θερμότα-

771 5282 1048 5329 extractor
1080 5260 1328 5328 httmoris
1359 5272 1762 5327 immensitatis.
1808 5269 2013 5325 Idcirco
2052 5270 2105 5325 in
2138 5284 2263 5326 vere
2290 5279 2344 5326 et
2446 5278 2528 5323 τος

2290 5279 2344 5326 ει
2446 5278 2535 5323 τος
2570 5260 2817 5323 ἑλκτικός
2864 5262 2981 5313 ἐστι
3014 5262 3111 5330 τῆς
3153 5262 3210 5312 ὲν
3238 5261 3314 5331 τῷ
3370 5260 3524 5330 βάθει
3579 5260 3897 5329 ὑγρότητος.
3926 5261 4022 5311 Διέι

772 5375 961 5420 testate
1000 5365 1158 5420 nobis
1203 5364 1556 5433 propinquior
1598 5364 1775 5418 factus
1807 5362 2032 5417 attrahit
2084 5362 2341 5416 arborum
2446 5352 2529 5406 ταί

2264 5379 2341 5416 πη
2446 5352 2617 5406 ταῦτα
2647 5351 2805 5422 ἔαρος
2831 5354 2925 5404 καὶ
2957 5353 3149 5422 θέρους
3182 5352 3500 5421 πλησιάζων
3526 5353 3655 5420 ἡμῖν
3682 5352 3898 5405 ἀνέλκει
3925 5354 4021 5420 τὴν

774 5458 1079 5519 humorem,
1133 5464 1187 5509 et
1232 5454 1542 5509 fructiferas
1591 5455 1709 5508 illas
1752 5454 1953 5518 eﬂicit;
2013 5469 2119 5509 non
2160 5466 2341 5508 autem
2446 5444 2506 5496 δν

2264 5470 2341 5508 ειη
2446 5444 2506 5496 δν
2561 5446 2673 5505 τοῖς
2725 5444 2963 5513 δένδροις
3017 5445 3219 5513 ἰκμάδα
3274 5445 3368 5497 καὶ
3420 5444 3673 5515 ἔγκαρπα
3720 5444 3787 5496 τά
3831 5444 4021 5512 δένδρα

775 5549 985 5617 delegat
1036 5550 1174 5601 lunae
1212 5548 1457 5601 eamdem
1509 5546 1839 5601 facultatem.
1896 5546 1975 5601 Τιι
2034 5561 2161 5601 vero
2210 5548 2342 5602 mihi
2450 5558 2532 5592 πυι

2269 5548 2342 5601 ihi
2450 5542 2593 5592 ποιεῖ
2616 5556 2631 5571 ⁸
2655 5540 2717 5593 οὐ
2749 5539 2856 5607 μὴν
2886 5540 3170 5592 ἐπιτάσσει
3201 5541 3295 5594 καὶ
3319 5543 3384 5610 τῇ
3418 5540 3619 5612 σελήνῃ
3648 5540 3744 5609 τὴν
3766 5539 4021 5606 τοιαύτην

777 5655 929 5692 meus
983 5638 1062 5691 sol
1114 5648 1259 5692 tuam
1308 5638 1490 5692 lunam
1550 5639 1945 5708 circumcgisti,
1991 5647 2045 5694 et
2082 5639 2237 5706 jubes
2288 5650 2348 5692 ιιι
2448 5630 2533 5683 ὲνέ

2288 5650 2348 5692 ιιι
2448 5630 2749 5699 ἐνέργειαν.
2783 5631 2853 5681 Συ
2885 5632 2940 5684 δέ
2979 5650 3067 5701 μοι
3110 5634 3138 5685 ὁ
3167 5632 3295 5702 ἐμὸς
3330 5634 3482 5703 ἥλιος
3527 5636 3618 5708 καὶ
3648 5632 3746 5702 τὴν
3795 5631 3891 5700 σὴν
3928 5648 4016 5682 πε·

778 5730 980 5796 aliquid
1025 5731 1188 5782 etiam
1221 5730 1335 5797 ipsa
1368 5745 1397 5784 e
1427 5744 1547 5783 meo
1582 5730 1727 5783 fonte
1762 5704 1995 5783 hauriat.
2032 5704 2169 5796 Quid
2212 5730 2343 5783 mihi
2452 5724 2530 5791 ριέ

2272 5730 2343 5783 ihi
2452 5724 2742 5791 ριέστησας
2777 5725 3031 5793 σελήνην,
3070 5726 3163 5777 καὶ
3202 5724 3518 5793 ἐπιτρέπεις
3564 5725 3649 5777 ἵνα
3686 5742 3736 5777 τι
3760 5724 3854 5775 καὶ
3887 5721 4020 5787 αὑτὴ

777 5837 968 5875 Caseus
1011 5831 1061 5874 ct
1101 5822 1391 5879 butyrum?
1433 5821 1697 5875 illecehrre
1747 5833 1870 5874 sunt
1918 5822 2014 5874 ista
2058 5832 2109 5876 et
2161 5822 2347 5875 viscus
2452 5815 2534 5867 ἀπὶ

2261 5837 2347 5875 :us
2452 5815 2555 5867 ἀπὸ
2588 5818 2682 5887 τῆς
2716 5816 2849 5887 ἐμῆς
2906 5820 3080 5888 πηγῆς
3116 5817 3447 5887 imprimat.
3485 5818 3547 5869 Τί
3598 5832 3683 5886 μοι
3727 5816 3817 5868 τὸν
3862 5812 4018 5882 τυρὸν
