4450 6448
433 401 571 470 1177

1845 418 2261 484 EPISTOL/E.

3552 422 3691 493 1178

430 521 521 572 καὶ
564 518 625 572 τὸ
672 517 965 590 βούτυρον;
1016 520 1360 596 δελεάσματα
1408 528 1581 583 ταῦτα
1629 526 1726 582 καὶ
1759 528 1863 597 lect
1912 530 2008 584 xui.
2035 538 2083 597 Α
2111 540 2165 587 et

1932 530 2008 584 ται
2035 538 2083 597 Α
2111 540 2165 587 et
2198 531 2361 598 retia,
2393 539 2454 587 ut
2485 544 2574 587 me
2605 539 2775 588 totum
2804 533 2992 604 capias
3031 540 3087 590 et
3121 534 3228 591 tuis
3256 534 3481 606 laqueis
3511 539 3689 595 invol-

427 612 603 679 πάγαι
658 611 820 677 είσὶν,
866 613 953 667 ῐνα
1001 632 1069 684 με
1118 617 1239 671 ὅλον
1282 618 1531 689 θηράσῃς
1581 621 1678 673 καὶ
1715 624 1830 686 τοῖς
1886 622 2005 687 σοῖς

426 704 799 777 περισφίγξῃς
830 704 1089 773 δικτύοις,
1131 709 1385 780 ἢῶσπερ
1437 710 1590 782 ίχθῦν
1638 712 2005 782 ὑπεξαγαγὼν

424 794 524 863 τῆς
550 793 850 865 θαλάσσης,
880 796 913 867 ἢ
945 797 1134 869 ὥσπερ
1178 800 1378 870 πτηνὸν
1416 802 1481 856 ὲκ
1520 803 1614 855 τοῦ
1644 802 1808 873 ἀέρος
1837 820 2006 859 κατε-

425 884 657 952 νεγκών.
705 886 828 939 Ἐπὶ
860 888 986 951 τοὺς
1038 889 1273 959 ἄρκτους
1310 894 1405 945 καὶ
1450 894 1577 957 τοὺς
1608 894 1905 963 παρδάλεις
1937 897 2002 965 τῇ

425 974 694 1047 θηρατικῇ
752 980 916 1051 τέχνῃ
976 997 1068 1033 σου
1129 982 1246 1053 χρῶ
1273 1000 1284 1013 ·
1327 983 1429 1054 ἐμὲ
1461 984 1516 1037 δὲ
1564 985 1665 1038 οὑκ
1709 987 1775 1040 ἂν
1819 986 2006 1051 λάϐοις

425 1067 578 1130 ποτὲ,
612 1069 733 1122 οὐδὲ
774 1070 1185 1142 διασπαράξεις,
1221 1073 1345 1127 οὔτε
1388 1076 1563 1139 κυσὶν,
1603 1074 1727 1130 οὔτε
1756 1077 1999 1148 δόρασιν.

427 1158 543 1212 Ἰνα
571 1160 627 1213 δέ
664 1178 743 1214 σοι
776 1162 1008 1231 τάληθὲς
1059 1164 1169 1237 ἐρῶ
1194 1183 1206 1195 ·
1238 1167 1358 1229 ὅλος
1395 1167 1505 1236 ὲγώ
1550 1185 1633 1222 σοι
1666 1168 2001 1239 τεθήραμαι,

425 1254 517 1304 καί
554 1270 622 1322 με
657 1253 801 1324 ἔχεις
842 1257 900 1308 tv
940 1258 1055 1318 ταῖς
1094 1258 1305 1327 χερσὶν,
1347 1257 1591 1329 ἔμψυχον
1633 1259 1728 1312 καὶ
1777 1260 1875 1329 ἡδὺ
1905 1260 2003 1331 θή·

427 1362 599 1413 ραμα,
630 1348 726 1400 καὶ
777 1347 1014 1411 λεαίνεις
1047 1349 1106 1402 tv
1151 1352 1263 1413 τοῖς
1302 1349 1507 1412 ὀδοῦσι.
1542 1351 1744 1421 μᾶλλον
1791 1350 1847 1404 δὲ
1882 1350 2006 1405 ὅλον

423 1437 480 1487 tv
508 1440 575 1507 τῇ
617 1440 764 1511 ψυχῇ
813 1456 908 1491 σου
960 1441 1308 1509 συνείληφας.
1362 1444 1428 1497 Τί
1459 1443 1569 1515 γὰρ
1616 1444 1891 1516 άθήρατόν
1921 1460 2005 1497 σοι

421 1529 529 1582 τῶν
577 1531 728 1600 ὲμῶν
774 1532 1054 1600 πέφυκενς
1092 1535 1123 1600 ἡ
1158 1534 1340 1603 text);
1385 1535 1459 1604 μὴ
1498 1535 1656 1589 τοῦτο
1693 1535 1837 1590 εἴποι
1883 1550 2001 1599 τις·

422 1620 559 1674 ἀλλὰ
607 1622 931 1693 διαρῤαγείη
976 1624 1408 1696 ψευδόμενοςοή
1455 1626 1715 1695 γλῶσσα;
1768 1628 1877 1681 ίδού
1920 1645 2004 1681 σοι

421 1714 629 1783 ταύτην
662 1715 891 1769 ἑκτείνω
940 1717 997 1768 tv
1031 1715 1233 1784 λόγοις,
1267 1719 1325 1769 tv
1370 1716 1705 1781 ἐπιστολαῖς.
1758 1720 1817 1771 tv
1869 1735 2003 1786 συγ-

422 1806 750 1875 γράμμασιν
773 1823 787 1836 ·
815 1808 861 1858 εί
892 1806 949 1859 δὲ
982 1807 1183 1877 βούλει,
1214 1808 1308 1861 καὶ
1338 1808 1502 1875 τέμνε
1546 1808 1637 1860 καὶ
1678 1809 1955 1878 σπάραττε
1983 1822 1998 1839 ο

2108 635 2224 688 vas,
2252 620 2336 675 vel
2367 630 2426 676 ut
2452 622 2655 690 piscem
2682 637 2713 678 e
2742 623 2878 678 mari
2909 623 3169 690 educeas,
3203 624 3289 681 vel
3315 634 3374 680 ut
3398 627 3679 685 volucrem

2106 726 2172 768 ex
2198 726 2325 769 aere
2353 712 2665 770 demittens.
2688 716 2747 770 lu
2774 731 2930 772 ursos
2948 725 3002 772 et
3020 718 3313 785 pantheras
3335 729 3421 772 tua
3445 719 3688 775 venatlra

2107 813 2224 860 arte
2253 813 2407 860 utere
2436 821 2451 871 ;
2482 820 2570 861 me
2592 818 2772 861 autem
2802 824 3081 880 nunquam
3114 809 3298 878 capies
3324 818 3379 862 et
3407 826 3685 880 nunquam

2106 893 2429 951 dilacerabls
2460 912 2635 967 neque
2658 899 2885 955 canibus
2915 914 3089 969 neque
3119 900 3263 955 telis.
3290 898 3360 955 Ut
3384 910 3565 953 autem
3589 901 3687 955 tibi

2105 1002 2232 1042 vera
2280 987 2497 1056 dicam;
2547 998 2693 1044 totus
2732 1003 2836 1060 ego
2862 1005 2890 1043 a
2924 1000 2980 1046 te
3016 1001 3207 1059 captus
3236 1006 3382 1053 sum,
3416 1001 3471 1044 et
3496 1006 3584 1044 me
3634 991 3688 1045 in

2106 1077 2362 1133 manibus
2391 1079 2586 1143 habes,
2616 1080 2891 1134 viventem
2933 1090 2987 1136 et
3010 1080 3305 1150 jucundam
3343 1081 3602 1148 praedatur,
3632 1086 3689 1133 et

2108 1168 2362 1223 dentibus
2419 1169 2671 1235 dilauias,
2726 1170 2835 1226 imo
2881 1185 3013 1226 vero
3055 1179 3224 1224 totum
3276 1170 3329 1224 in
3379 1179 3559 1224 mente
3595 1181 3690 1224 tua

2109 1259 2549 1327 comprehendis.
2594 1259 2731 1326 Quid
2766 1262 2913 1316 enim
2965 1276 3212 1316 meorum
3253 1262 3347 1314 tibi
3392 1278 3509 1316 uon.
3529 1260 3689 1314 facile

2106 1358 2264 1417 captu
2298 1359 2478 1420 potest
2507 1352 2668 1406 esset
2713 1367 2780 1407 an
2816 1352 3016 1409 meus?
3049 1368 3117 1407 ne
3151 1353 3272 1422 quis
3300 1351 3351 1404 id
3386 1350 3549 1413 dicat.
3589 1350 3686 1407 sed

2107 1440 2289 1507 potius
2346 1442 2723 1513 disrumpatur
2766 1445 3114 1510 mentiendo;
3166 1459 3235 1497 an
3284 1442 3515 1509 lingua!
3560 1456 3691 1497 ecce

2110 1532 2202 1587 tibi
2252 1532 2396 1588 illam
2438 1536 2658 1604 praebeo
2689 1535 2740 1589 in
2776 1536 2979 1599 verbis,
3011 1534 3292 1605 epistolis,
3326 1534 3549 1599 scriptis
3582 1550 3597 1588 :
3635 1533 3682 1587 si

2106 1640 2236 1681 vero
2270 1628 2423 1690 velis,
2463 1629 2603 1682 banc
2637 1643 2759 1681 seca
2796 1638 2852 1683 et
2889 1627 3124 1682 dilacera
3154 1644 3168 1680 :
3215 1643 3282 1681 an
3312 1626 3550 1681 manus?
3591 1623 3685 1679 sed

2106 1718 2200 1771 tibi
2244 1718 2636 1772 ministrabuut
2663 1727 2716 1773 et
2744 1719 2862 1772 ista:
2898 1718 3131 1787 plurima
3170 1728 3226 1772 et
3259 1717 3687 1785 maximaenco-

2106 1810 2215 1863 mia
2241 1825 2256 1873 ;
2292 1824 2358 1862 an
2388 1810 2552 1878 pedes
2576 1810 2599 1862 ἲ
2646 1810 2738 1863 sed
2783 1809 3043 1878 insequar
3071 1818 3122 1863 te
3150 1822 3477 1879 quocunque
3499 1807 3687 1861 volue-

422 1899 477 1950 a!
537 1899 763 1966 χεῖρες;
816 1898 951 1949 ἀλλὰ
1006 1898 1391 1968 διακονήσουσί
1444 1916 1526 1951 σοι
1579 1898 1672 1950 καὶ
1726 1892 1889 1951 αὗται
1938 1898 2001 1951 τά
2037 1904 2075 1957 Β
2108 1901 2179 1954 ris

1938 1898 2001 1951 τά
2037 1904 2075 1957 Β
2108 1901 2204 1964 ris,
2239 1900 2291 1952 iu
2324 1901 2578 1963 collibus,
2614 1900 2667 1954 in
2698 1902 2895 1970 planis,
2940 1902 2993 1955 in
3038 1901 3355 1955 summitate
3397 1899 3685 1963 montium,

424 1987 598 2040 πολλὰ
628 1988 722 2041 καὶ
766 1988 977 2058 μεγάλα
1019 1989 1271 2059 ἐγκώμια
1297 2006 1310 2020 ·
1343 1989 1389 2041 οἱ
1434 1988 1624 2053 «doce;
1654 1988 1770 2039 ἀλλ’
1801 1987 2005 2056 ἕψομαί

424 2098 509 2133 σοι
534 2081 645 2150 ὅπη
676 2098 758 2134 σοι
805 2082 1086 2151 βουλητδιν,
1133 2083 1189 2134 tv
1221 2080 1495 2148 γελόεροις,
1534 2081 1590 2132 tv
1627 2080 1905 2150 γηπέδοις,
1948 2085 2007 2133 tv

424 2173 617 2241 ὕψεσιν
660 2173 831 2245 ὁρῶν,
880 2176 936 2224 tv
970 2173 1158 2243 βάθεσι
1195 2175 1320 2243 γῆς.
1371 2171 1556 2235 Οὕτως
1589 2171 1735 2241 ἔχεις
1791 2189 1859 2242 με
1888 2173 2007 2225 ὅλον

422 2264 621 2316 λαϐὼν,
670 2264 812 2317 Ἀλλ’
843 2266 943 2335 ὄρει
988 2266 1062 2334 μὴ
1118 2264 1493 2340 πλεονεξίαν-ό
1543 2262 1885 2325 δικαιότατος
1916 2264 2010 2331 ὲγ-

426 2356 657 2428 mem.
701 2359 951 2427 Σήμερον
985 2357 1095 2424 γὰρ
1127 2357 1158 2425 ἡ
1207 2355 1557 2425 Καισάρισσά
1601 2372 1667 2425 με
1702 2355 2008 2425 τεθήρακεν

423 2445 614 2516 ὥσπερ
641 2446 851 2501 δελέατι
905 2447 1056 2516 τυρῷ
1103 2448 1196 2499 καὶ
1244 2446 1545 2516 άρτιπαγεῖ
1592 2446 1846 2514 γάλακτι.
1894 2448 2008 2498 Καὶ

423 2539 532 2609 γάρ
583 2538 840 2609 Θηρῶμαι
898 2538 1110 2600 τούτοις
1149 2536 1228 2599 ὡς
1264 2536 1482 2603 άληθῶς
1531 2540 1624 2591 καὶ
1678 2536 1856 2606 λίχνος
1887 2537 2008 2606 ειμι

421 2630 483 2683 τὸ
514 2630 728 2699 βρῶμα,
764 2631 881 2690 καὶ.
910 2630 1073 2699 ἡνίκα
1102 2629 1197 2681 ἴδω
1224 2628 1283 2680 τὸ
1310 2627 1623 2698 γνώρισμα,
1658 2629 1819 2691 εὐθὺς
1850 2646 2007 2697 περι-

423 2722 595 2792 χαίνω
633 2721 729 2775 καὶ
759 2721 819 2775 τὸ
872 2721 1171 2789 ἄγκιστρον
1202 2720 1519 2791 περιπείρει
1554 2736 1622 2789 με
1654 2720 1751 2773 καὶ
1794 2720 2006 2789 ἀναρτᾷ

428 2830 495 2881 με
526 2815 592 2867 ὲκ
620 2813 716 2866 τοῦ
749 2812 969 2880 λαιμοῦ.
1018 2813 1109 2883 Μὴ
1141 2814 1323 2866 τοίνυν
1368 2830 1470 2883 μου
1516 2812 1893 2884 διασπαράξῃς
1917 2815 2009 2865 τὸν

424 2906 606 2971 λόγον.
644 2906 677 2975 ἢ
720 2905 919 2974 μᾶλλον
972 2907 1045 2973 μὴ
1098 2904 1429 2974 σφετερίσῃς
1477 2904 1605 2973 δλην
1642 2903 1742 2973 τὴν
1783 2903 1961 2973 ἄγραν
1991 2918 2005 2934 ⁸

424 2996 563 3051 ἀλλὰ
594 2997 835 3052 διέλεσθέ
871 3016 960 3067 μοι
988 2998 1088 3067 τὴν
1120 2997 1298 3067 θήραν
1326 2998 1647 3067 ἀμφότεροι.
1680 2997 1791 3049 Καὶ
1820 2998 1883 3049 σὺ
1912 2998 2011 3066 μὲν

425 3090 520 3142 καὶ
550 3090 646 3157 τῆς
673 3091 885 3151 ἐννοίας
913 3089 1195 3159 άπογεύσῃ
1232 3090 1326 3141 καὶ
1356 3088 1457 3157 τῆς
1495 3088 1694 3151 λέξεως
1719 3102 1733 3117 °
1764 3092 1830 3158 τῇ
1858 3088 1914 3141 δέ
1946 3108 2009 3157 γε

425 3180 532 3249 ἐμῇ
561 3178 838 3231 δεσπότιδι
874 3177 1157 3245 μεταδίδου
1197 3178 1307 3230 τῶν
1337 3177 1436 3247 τῆς
1473 3175 1772 3244 ἐπιστολῆς
1803 3179 2010 3247 νοημά-

2107 1994 2160 2047 in
2193 2003 2355 2047 terra:
2399 1994 2724 2063 gurgitibus.
2781 1994 2854 2047 Ita
2903 2002 3075 2047 totum
3122 2008 3208 2048 me
3252 2000 3467 2059 captum
3497 1990 3685 2045 babes.

2109 2083 2215 2138 Sed
2288 2098 2419 2138 cave
2490 2098 2557 2138 ne
2617 2084 2860 2139 avaritia:
2920 2082 3259 2153 justissimus
3331 2081 3686 2136 insimuleris.

2107 2174 2280 2231 Hodie
2332 2177 2477 2233 enim
2542 2176 2840 2232 Caesarissa
2892 2192 2981 2231 me
3028 2184 3221 2230 venata
3275 2184 3360 2231 est
3424 2184 3687 2243 tanquam

2110 2268 2363 2324 illecebra
2426 2284 2588 2323 caseo
2646 2275 2701 2323 et
2762 2282 2956 2323 recens
3005 2281 3193 2336 presso
3254 2266 3414 2323 lacte.
3471 2264 3686 2320 Etenim

2110 2372 2295 2429 captus
2319 2376 2437 2413 sum
2483 2360 2603 2415 istis
2644 2373 2855 2423 revera,
2882 2368 2937 2413 et
2962 2358 3156 2413 avidus
3182 2373 3301 2412 sum
3330 2356 3606 2422 ciborum,
3633 2363 3692 2410 ct

2111 2463 2167 2505 ut
2207 2453 2362 2504 video
2394 2466 2506 2505 rem
2535 2451 2817 2512 eximiam,
2848 2450 3032 2502 statim
3080 2463 3175 2503 ore
3222 2447 3376 2502 iubio
3404 2456 3458 2501 et
3492 2447 3688 2501 hamus

2112 2556 2195 2593 me
2232 2541 2422 2609 pungit
2466 2548 2520 2592 et
2570 2548 2785 2608 gutture
2824 2552 3144 2607 suspensum
3187 2548 3355 2593 tenet.
3395 2536 3474 2592 Ne
3520 2537 3690 2605 igitur

2112 2646 2289 2685 meum
2328 2645 2631 2684 sermonem
2674 2629 2959 2694 dilaceres,
2993 2629 3076 2682 vel
3120 2630 3303 2698 potius
3341 2644 3409 2684 ne
3448 2630 3686 2697 pradam

2113 2730 2279 2775 totam
2316 2731 2459 2775 tuam
2486 2720 2658 2775 iacias
2684 2738 2701 2788 ;
2731 2720 2826 2775 sed
2867 2720 3000 2773 mihi
3036 2720 3198 2774 ambo
3228 2720 3571 2777 venationem
3600 2719 3688 2773 di-

2112 2812 2303 2865 vidite.
2336 2811 2415 2865 Tu
2456 2812 2672 2881 quidem
2702 2812 3035 2881 cogitatione
3072 2819 3128 2867 et
3162 2812 3401 2867 dictione
3447 2810 3687 2875 frueris;

2114 2918 2248 2957 mea:
2280 2915 2461 2957 autem
2497 2903 2731 2956 domina:
2766 2902 2946 2957 tribue
2988 2902 3235 2971 epistola
3270 2902 3591 2965 sententias,
3626 2908 3689 2953 ut

2113 2994 2244 3048 mihi
2296 3003 2352 3048 et
2393 2994 2506 3063 ipsa
2538 2993 2811 3062 particeps
2860 2992 2957 3046 ﬂat
3002 3008 3317 3048 sermonum
3361 2991 3685 3057 suavitatis;

2112 3098 2165 3141 et
2197 3086 2488 3156 voluptatis
2520 3086 2693 3154 gratia
2725 3085 2923 3154 saepius
2954 3099 3040 3140 me
3066 3085 3254 3140 venari
3283 3084 3433 3139 velit.
3463 3082 3688 3139 Gaudeo

2112 3180 2255 3232 cnim
2288 3194 2411 3234 cum
2444 3194 2542 3233 vos
2564 3193 2649 3232 me
2684 3189 2996 3244 venantur;
3036 3192 3133 3232 vos
3154 3179 3298 3233 enim
3327 3178 3493 3233 verba
3520 3190 3688 3230 vacua

421 3284 550 3333 των,
584 3270 671 3323 ἴνα
701 3287 790 3339 μοι
828 3271 921 3322 καὶ
947 3269 1089 3337 αὕτη
1124 3270 1372 3342 μετάσχῃ
1401 3269 1502 3338 τῆς
1534 3268 1644 3321 τῶν
1679 3268 1853 3337 λόγων
1882 3270 2009 3337 γλυ·
2038 3249 2081 3309 C
2116 3282 2166 3323 ut

1924 3270 2009 3322 λυ·
2038 3249 2081 3309 C
2116 3282 2166 3323 ct
2201 3271 2435 3324 volantia
2471 3271 2524 3325 in
2567 3269 2827 3323 manibus
2854 3268 3090 3334 habetis,
3127 3282 3231 3339 ego
3254 3282 3383 3323 vero
3432 3267 3681 3337 butyrum

423 3362 655 3432 κύτητος
678 3379 692 3393 ο
729 3364 823 3415 καὶ
855 3362 953 3430 τῆς
1002 3360 1193 3431 ἡδονῆς
1222 3361 1385 3413 ἓνεκα
1428 3360 1688 3422 πολλάκις
1731 3377 1797 3429 με
1825 3360 1999 3430 θηρᾷν

2108 3368 2162 3412 Cl.
2201 3376 2411 3414 caseos.

424 3430 687 3521 βούλοιτο,
718 3455 908 3524 Χαίρω
956 3430 1064 3524 γάρ
1094 3453 1412 3524 Θηρώμενος
1460 3456 1593 3525 παρ’
1619 3453 1773 3523 ὑμῶν
1800 3469 1815 3486 ·
1845 3454 2002 3524 ὑμεῖς
2042 3454 2149 3524 γάρ
2199 3454 2391 3523 λόγους
2436 3455 2628 3517 κενοὺς
2670 3456 2763 3509 καὶ
2837 3454 3167 3527 πτερόεντας
3208 3430 3269 3507 εὖ
3330 3454 3451 3517 ταῖς
3498 3452 3689 3524 χερσὶν

424 3548 595 3618 Exire,
639 3546 750 3614 ἐγὼ
783 3546 837 3599 δὲ
871 3545 1111 3616 βούτυρα
1137 3546 1233 3598 καὶ
1255 3546 1454 3615 τυρούς

1018 3639 1077 3691 ι’.
1122 3636 1205 3702 Τῷ
1236 3636 1419 3702 αὐτῷ.

496 3735 805 3804 Ἔγραψας,
849 3737 899 3787 εί
944 3733 1040 3787 καὶ
1071 3733 1145 3803 μὴ
1172 3736 1237 3803 τῇ
1268 3736 1434 3802 χειρὶ,
1467 3734 1602 3786 ἀλλὰ
1640 3737 1703 3803 τῇ
1737 3734 1902 3801 ψυχῇ.
1946 3733 2004 3784 '0

423 3828 530 3897 γὰρ
575 3806 864 3897 χαρακτὴρ
910 3824 1194 3895 γνώριμος
1240 3826 1333 3877 καὶ
1381 3824 1627 3895 ἀκριϐῶς
1680 3825 2006 3892 εἰκασμένος

422 3923 502 3981 είς
528 3920 589 3973 τὸ
618 3919 997 3991 πρωτότυπον.

498 4006 627 4064 Εἶτα
662 4011 721 4064 tv
747 4008 825 4079 τῷ
859 4009 932 4079 μὴ
967 4008 1344 4079 ὲμπιπλᾶσθαί
1382 4026 1441 4062 σε
1476 4009 1585 4061 τῶν
1627 4008 1776 4078 ὲμῶν
1804 4008 2003 4074 λέγων.

427 4104 564 4170 μηδὲ
602 4100 959 4171 κορὲννυσθαι
997 4100 1099 4165 τῆς
1135 4100 1362 4157 τούτων.
1393 4100 1469 4163 ὡς
1507 4101 1763 4169 γράφεις,
1805 4100 2008 4165 γλυκύ-

424 4208 611 4260 τητος,
657 4190 811 4244 αύτοὶ
849 4189 1149 4256 καθιοῦμεν
1193 4189 1616 4256 άνϐολογοῦντες
1658 4189 1767 4253 ἀεὶ,
1821 4188 2008 4257 ὥσπερ

423 4285 478 4335 αἱ
514 4283 787 4350 μέλισσαι,
835 4281 929 4334 καὶ
960 4280 1058 4350 τὴν
1088 4280 1180 4332 τοῦ
1222 4281 1437 4349 μέλιτος
1485 4281 1747 4349 ἐργασίαν
1782 4280 2008 4350 ἐξεργα-

424 4375 640 4441 ζόμενοι
661 4390 673 4404 ³
708 4372 824 4426 ἀλλ’
850 4374 898 4424 εί
931 4372 1025 4424 καὶ
1055 4374 1086 4435 ἠ
1137 4372 1383 4425 θάλασσα
1413 4375 1513 4424 οὐκ
1545 4371 1690 4424 ἐστιν
1730 4373 2007 4440 ἐμπιπλα-

425 4467 585 4536 μένη.
616 4465 758 4518 κατὰ
805 4463 896 4517 τὸν
920 4464 1185 4534 είρηκότα
1233 4464 1415 4531 σοφὸν,
1450 4464 1668 4518 πάντων
1697 4464 1805 4517 τῶν
1843 4482 2003 4517 ποταο

2750 3634 2817 3689 Χ.
2858 3633 3067 3689 Eidem.

2192 3728 2495 3797 Scripsile
2530 3726 2574 3780 si
2611 3741 2717 3779 non
2758 3734 2849 3779 tua
2880 3741 3065 3786 manu.
3117 3733 3265 3779 certe
3336 3734 3425 3779 tua
3484 3728 3686 3788 mente,

2104 3824 2385 3887 ετριιιιιΙΑΓ
2423 3820 2567 3872 enim
2611 3820 2765 3873 nosci
2825 3816 2987 3872 facile
3040 3826 3124 3871 est
3160 3826 3217 3871 et
3250 3814 3575 3886 apprimese
3604 3825 3689 3867 re-

2107 3910 2207 3964 fert
2239 3911 2302 3961 ad
2333 3918 2617 3979 prototypu
2630 3925 2701 3961 ιιι.

2181 4001 2383 4056 Deinde
2411 4018 2474 4053 eo
2515 3999 2656 4069 quod
2688 4012 2795 4053 non
2847 3997 3055 4052 nostris
3095 3995 3443 4053 sermonibus
3465 3994 3692 4064 implea-

2109 4068 2210 4154 ris,
2242 4106 2415 4158 neque
2446 4091 2661 4144 saliet-is
2688 4090 2924 4153 illorum,
2996 4096 3057 4146 ut
3126 4087 3341 4153 scribis,
3388 4086 3687 4150 suavitate,

2114 4198 2212 4237 uos
2253 4183 2525 4253 pergimus
2553 4181 2713 4236 ﬂores
2736 4195 2948 4248 semper
2979 4180 3316 4248 colligentes,
3358 4179 3508 4233 velut
3532 4194 3688 4249 apes,

2115 4284 2169 4329 et
2204 4276 2381 4329 mellis
2427 4274 2767 4328 fabricatioui
2797 4284 3073 4327 vacantes.
3108 4271 3215 4326 Sed
3246 4270 3351 4326 etsi
3407 4284 3557 4324 mare
3580 4284 3689 4324 non

2114 4365 2391 4432 impletum
2428 4366 2519 4428 sit,
2546 4365 2698 4432 juxta
2724 4364 2987 4430 sapientis
3013 4363 3237 4423 dictum.
3269 4361 3525 4417 omnibus
3580 4359 3688 4415 ﬂu-

2114 4457 2351 4512 minibus
2384 4458 2436 4511 in
2466 4458 2595 4511 illud
2631 4458 2894 4510 undarum
2943 4455 3144 4510 ﬂuenta
3208 4452 3609 4517 deferentibus,
3659 4469 3691 4509 θ

426 4554 543 4618 μῶν
570 4556 649 4617 εἰς
695 4554 867 4624 αὐτὴν
915 4555 1418 4625 ἄπερῤευγομένων
1462 4556 1529 4608 τά
1582 4554 1854 4625 ῥεύματα,
1889 4556 2004 4617 ἀλλ’
2038 4570 2079 4624 ί)
2116 4565 2183 4601 πιι

1935 4556 2004 4617 ti.’
2038 4570 2079 4624 ο
2116 4550 2392 4603 montibus
2410 4557 2590 4602 autem
2608 4562 2819 4616 semper
2834 4545 3182 4599 effunduntur
3210 4545 3692 4608 lontes,etbumo-

422 4646 530 4698 ἀπὸ
566 4646 675 4697 τῶν
703 4645 849 4714 ὁρῶν
878 4646 966 4698 ἀεὶ
994 4648 1280 4715 προχεῖται
1318 4646 1385 4697 τὰ
1418 4648 1633 4714 νάματα
1667 4647 1780 4699 ’καὶ
1817 4647 1876 4698 τὸ
1902 4650 2001 4716 τῆς

424 4738 594 4805 ὑγρᾶς
623 4736 918 4806 ἀκόρεστον
946 4736 1042 4806 οὐχ
1083 4739 1206 4807 ἱστᾷ
1235 4737 1343 4789 τῶν
1373 4740 1637 4806 ποταμῶν
1679 4739 1777 4807 τὴν
1806 4738 1998 4808 φοράν.

493 4829 555 4880 Οί
605 4827 705 4897 μὲν
765 4827 859 4880 οὖν
905 4830 1183 4897 Ἀθηναῖοι
1242 4828 1411 4882 πάλαι
1462 4831 1565 4900 ὑπὸ
1621 4828 1716 4882 τοῦ
1774 4830 2001 4898 Δαρείου

423 4919 563 4974 κατὰ
602 4919 701 4989 τὴν
748 4920 980 4989 ἦπειρον
1018 4922 1441 4990 πολεμούμενοι,
1500 4926 1592 4975 καὶ
1644 4921 1999 4975 ἀνθίστασθαι

425 5012 561 5081 πρὸς
594 5012 691 5073 τάς
727 5012 969 5080 χιλιάδας
997 5014 1205 5066 ἐκείνου
1246 5015 1341 5067 καὶ
1374 5017 1637 5084 μυριάδας
1668 5015 1741 5081 μὴ
1782 5015 2001 5082 ἐξισχύ-

422 5119 595 5164 οντες,
631 5103 939 5156 ἀπένευσαν
973 5106 1053 5166 είς
1082 5104 1179 5174 τὴν
1210 5105 1507 5168 θάλασσαν,
1546 5109 1640 5159 καὶ
1673 5108 1831 5159 ναυσὶ
1862 5123 2001 5175 χρη-

427 5193 647 5261 σάμενοι
692 5192 790 5264 τὴν
821 5196 1099 5263 σωτηρίαν
1151 5197 1461 5250 διαπόντιον
1488 5196 1763 5265 σεῦραντο·
1803 5196 1913 5261 ἐγὼ
1946 5197 2001 5250 δὲ

425 5281 527 5335 ποῦ
564 5283 754 5350 (guno;
786 5287 876 5336 ποῖ
905 5286 1233 5354 τράπωμαι;
1267 5288 1531 5341 πάντοθεν
1563 5292 1733 5354 πάγαι
1798 5293 1999 5339 πάντο-

426 5375 517 5426 Οεν
563 5377 833 5444 θήρατρα.
883 5378 1148 5431 Ἐκκλίνω
1197 5381 1334 5450 πρὸς
1381 5381 1524 5449 γῆνο
1574 5382 1689 5434 ἀλλ’
1719 5382 1878 5440 εὐθύς
1933 5396 1998 5448 με

424 5465 657 5536 θηρᾶται
692 5468 759 5521 τὰ
789 5467 1053 5537 βούτυρα,
1095 5471 1390 5537 ἀποτέμνει
1429 5490 1519 5541 μοι
1548 5472 1643 5542 τὴν
1689 5474 1796 5525 ὁδὶ.
1837 5474 1900 5523 τλι
1936 5474 2000 5523 τὰ

426 5558 655 5623 ποίμνια
698 5562 790 5611 καὶ
839 5560 1113 5629 βουκόλια.
1158 5563 1448 5633 Ἔκδράμω
1499 5566 1635 5634 πρός
1682 5565 1995 5616 enascan-

427 5646 563 5699 ἀλλά
602 5647 766 5717 βαϐαὶ
810 5650 908 5717 τῆς
938 5650 1046 5701 τῶν
1081 5652 1278 5718 ἰχθύων
1310 5655 1518 5723 φορᾶςί
1557 5653 1717 5716 αὑτός
1753 5672 1839 5723 μοι
1881 5664 1971 5705 τοι)

426 5754 530 5788 των
564 5739 591 5788 ό
633 5738 925 5807 κράτιστος
956 5739 1173 5809 ἀπαντᾷ
1200 5742 1463 5812 τύραννος
1498 5744 1591 5795 καὶ
1628 5744 1745 5795 δυσὶ
1782 5745 1999 5803 γυκλοις

432 5830 826 5901 περιλαμϐάνει
859 5848 923 5901 με
958 5830 1145 5905 ὥσπερ
1176 5837 1284 5889 τισὶ
1316 5836 1505 5907 κέρασι
1540 5837 1633 5889 τοῦ
1668 5837 1797 5890 ἰδίου
1835 5856 1995 5903 δεξια-

2110 4642 2183 4695 ris
2202 4642 2448 4693 insaliata
2467 4640 2695 4693 aviditas
2716 4654 2820 4693 nou
2847 4638 3048 4692 detinet
3071 4637 3354 4691 ﬂuminum
3408 4637 3693 4691 tributum.

2186 4731 2545 4784 Athenienses
2631 4729 2798 4798 igitur
2892 4727 3023 4781 olim
3096 4727 3197 4781 sub
3245 4724 3407 4780 Dario
3479 4725 3532 4779 in
3562 4738 3698 4779 con-

2113 4823 2325 4877 tinente
2361 4821 2645 4886 bellantes,
2669 4828 2721 4873 et
2754 4818 3011 4873 resistere
3055 4826 3136 4871 tot
3162 4816 3405 4871 millibus
3461 4824 3519 4870 et
3572 4828 3692 4884 my-

2105 4914 2347 4970 riadibus
2390 4913 2669 4980 copiarum
2748 4911 2863 4981 ejus
2928 4924 3037 4963 non
3100 4908 3365 4970 valentes,
3416 4907 3481 4962 ad
3542 4921 3698 4962 mare

2104 5006 2533 5065 declinaverunt,
2572 5012 2625 5056 et
2654 5002 2883 5055 navibus
2914 5006 3131 5055 utentes
3176 4999 3407 5054 salutem
3440 5000 3495 5052 in
3531 4999 3691 5053 uudia

2106 5097 2427 5149 invenerunt
2455 5110 2468 5146 :
2505 5106 2604 5161 ego
2633 5106 2764 5145 vero
2792 5105 2900 5159 quo
2928 5089 3130 5159 fugiam
3157 5088 3180 5141 ?
3218 5104 3327 5158 quo
3354 5102 3440 5142 me
3466 5088 3695 5143 vertart

2105 5188 2302 5254 ubique
2324 5186 2524 5255 laquei,
2554 5184 2756 5252 ubique
2790 5184 3021 5238 insidiae.
3041 5181 3122 5237 Ad
3155 5190 3355 5236 terram
3384 5178 3642 5250 confugio
3672 5196 3687 5245 ;

2105 5280 2197 5334 sed
2219 5278 2401 5332 statim
2432 5291 2519 5331 me
2544 5286 2774 5330 venatur
2830 5275 3105 5343 butyrum,
3166 5274 3334 5327 viam'
3369 5272 3502 5326 mihi
3554 5285 3697 5340 pra-

2105 5372 2326 5425 cluduut
2372 5379 2476 5423 tute
2504 5383 2694 5439 greges
2723 5376 2779 5421 et
2819 5366 3073 5437 pecudes.
3132 5365 3214 5419 Ad
3244 5379 3398 5419 mare
3430 5366 3691 5420 recurro;

2106 5462 2223 5520 sed,
2254 5475 2287 5514 ο
2313 5462 2537 5529 piscium
2572 5460 2831 5528 impetum
2864 5458 2878 5511 l
2911 5458 3024 5525 ipse
3071 5456 3203 5510 mibi
3272 5455 3689 5525 potentissimus

2107 5571 2195 5609 rex
2226 5554 2438 5607 illorum
2470 5552 2711 5606 occurrit
2776 5559 2833 5604 et
2902 5549 3119 5603 duobus
3170 5549 3393 5603 orbibus
3440 5550 3526 5601 me
3580 5546 3693 5600 cir-

2104 5647 2320 5700 cumdat
2350 5653 2605 5712 tanquam
2628 5642 2709 5697 sui
2736 5642 3008 5696 exercitus
3043 5640 3317 5695 cornibus.
3347 5637 3467 5693 Scis
3530 5636 3694 5706 igitur

2105 5742 2231 5809 quid
2264 5722 2505 5793 faciam?
2556 5737 2635 5791 Ad
2668 5750 2787 5789 aera
2876 5732 3067 5787 volabo
3116 5741 3168 5785 et
3215 5730 3414 5783 artbera
3479 5725 3691 5781 habebo

2110 5836 2486 5889 “uitiatorem
2521 5848 2534 5897 ;
2575 5845 2681 5885 non
2716 5826 2859 5883 cuitu
2891 5839 3172 5896 passerum
3206 5831 3394 5878 contra
3424 5835 3509 5876 me
3544 5833 3691 5875 nunc
