4450 6448
737 420 878 485 1179

1978 412 2027 470 Μ
2044 402 2400 470 [CHAELIS
2442 401 2711 464 PSELLI

3866 388 3998 453 il80

735 535 906 585 aciem
956 528 1254 588 ordinabis,
1315 539 1436 579 nam
1492 524 1627 577 istos
1684 520 1893 574 detinet
1956 516 2307 589 quadraginta
2340 520 2492 570 Ατει

2241 522 2307 568 tta
2340 512 2706 579 Ατεύματος.
2763 507 2933 565 Οἶσθα
2985 506 3079 563 οὖν
3123 512 3156 568 δ
3218 510 3469 575 umqum;
3526 505 3807 575 πτήσομαι
3864 501 3998 572 πρὸῖ

734 626 941 678 diemm
974 619 1341 675 intervallum.

805 891 929 945 llaec
965 906 1134 945 serva:
1160 900 1263 941 tum
1296 890 1509 949 mentis,
1538 888 1581 939 si
1618 900 1722 938 non
1748 900 1956 938 manus.

1373 981 1464 1034 XI.
1503 980 1709 1032 Eidem.

818 1074 929 1139 Ego
964 1074 1178 1140 quidem
1213 1074 1527 1135 timur-ratu,
1574 1072 1811 1125 maxime
1840 1070 2042 1133 Caesar,
2072 1084 2313 1124 mearum

734 1167 1082 1232 epistularum
1124 1164 1327 1218 larmas
1357 1164 1666 1227 ostendere,
1722 1164 2110 1217 ernbescebam
2168 1160 2314 1214 enim

738 1259 804 1311 de
834 1259 937 1317 bis,
972 1267 1223 1326 tanquam
1281 1272 1386 1311 non
1442 1257 1770 1310 habentibus
1840 1255 2147 1309 naturalem
2218 1266 2318 1305 nec

735 1349 1065 1403 adscititiam
1127 1349 1607 1418 pulchritudinem.
1665 1346 1798 1402 Cum
1849 1357 2028 1400 autem
2087 1355 2141 1398 tu
2200 1344 2320 1399 illas

734 1452 923 1494 contra
953 1456 1102 1509 spem
1132 1439 1422 1499 adamasti,
1457 1447 1510 1493 et
1568 1438 1697 1490 mihi
1755 1437 1973 1491 suasisti
2034 1445 2092 1489 ut
2151 1448 2319 1488 novas

743 1533 961 1586 ederem
995 1533 1159 1595 fetus,
1191 1546 1319 1585 eccc
1345 1531 1440 1583 tibi
1469 1529 1642 1597 palam
1679 1530 1937 1598 pudorem
1974 1542 2189 1581 omnem
2224 1530 2321 1580 de-

734 1641 897 1693 pone,
929 1632 982 1679 et
1008 1624 1470 1691 pulchritudinem
1509 1633 1746 1685 ostento,
1772 1630 1827 1674 et
1871 1621 2013 1674 velut
2071 1618 2316 1673 medicus

736 1733 891 1786 pavo,
928 1717 1015 1771 ille
1044 1718 1262 1786 elegans
1294 1724 1347 1770 et
1373 1714 1653 1769 familiaris
1692 1713 1948 1772 volucris.
1987 1712 2077 1766 tibi
2128 1727 2313 1765 earum

737 1811 964 1863 formam
998 1810 1246 1877 expando
1282 1809 1653 1874 spectandam.
1683 1816 1757 1869 et,
1786 1816 1841 1859 ut
1882 1807 2053 1865 vides,
2089 1806 2153 1858 ad
2199 1815 2316 1857 tuas

740 1900 885 1953 fores
919 1900 1075 1953 adsto
1114 1913 1218 1951 non
1250 1908 1471 1951 vocatus
1508 1911 1683 1965 neque
1710 1896 2013 1951 mercedem
2042 1909 2174 1949 mea:
2204 1893 2321 1962 pul-

735 1991 1059 2047 chritudinis
1090 1993 1389 2060 excipiens.

812 2082 1089 2145 Salomon,
1122 2082 1286 2151 igitur
1318 2084 1414 2137 hos
1447 2092 1583 2151 quos
1645 2096 1750 2135 non
1812 2081 2063 2136 invitavit
2117 2081 2323 2137 amicos

735 2190 833 2245 per
856 2175 1395 2243 circumspectionem
1442 2174 1665 2228 simulat
1703 2174 1756 2229 in
1809 2175 2157 2229 familiarium
2190 2189 2322 2228 eou-

737 2270 1053 2323 suetudines
1086 2276 1141 2322 et
1169 2268 1432 2337 colloquia
1469 2251 1835 2332 introducere,
1900 2285 1968 2325 ne
2016 2271 2321 2324 satietatem

736 2375 926 2416 eorum
960 2360 1400 2414 conversationis
1460 2361 1669 2429 experti
1730 2362 1991 2416 oderint:
2052 2376 2155 2428 ego
2196 2376 2325 2416 vero

737 2455 1068 2510 contrarium
1102 2453 1282 2508 facere
1311 2456 1458 2517 novi,
1498 2455 1753 2509 dilectam
1788 2456 1883 2508 tibi
1938 2458 2110 2524 magis
2145 2468 2321 2507 meam

737 2550 1199 2619 pulchritudinem
1246 2550 1542 2605 ostendens
1603 2565 1699 2618 pcr
1741 2550 2203 2620 perseverantiam
2269 2560 2325 2605 et

760 2643 912 2709 uagis
935 2641 1197 2709 cupitam.

810 2732 941 2785 Nam
968 2734 1056 2788 ille
1087 2732 1331 2797 Pr0teus,
1370 2735 1453 2788 vir
1481 2733 1562 2789 vel
1591 2735 1821 2801 daemon,
1855 2751 2015 2806 quem
2057 2736 2327 2793 Homerus

738 2826 936 2881 format
988 2839 1041 2881 et
1081 2827 1458 2889 transformat,
1525 2829 1804 2896 multiplex
1862 2841 2064 2885 eratet
2123 2829 2327 2887 formas

739 2920 1110 2982 nermutabat,
1150 2932 1200 2975 et
1227 2935 1369 2974 nunc
1402 2921 1485 2974 leo
1516 2922 1689 2977 oculis
1740 2923 2156 2987 ostendebatur,
2183 2938 2328 2979 nunc

736 3027 984 3081 serpens,
1010 3028 1157 3067 nunc
1181 3028 1295 3078 sus,
1350 3014 1508 3081 ignis,
1566 3014 1748 3079 arbor,
1810 3014 1944 3085 lapis
1973 3024 2029 3070 et
2078 3014 2323 3069 ferrum:

738 3119 840 3170 ego
870 3119 998 3158 vero
1027 3104 1121 3158 tibi
1156 3105 1208 3157 in
1238 3105 1480 3160 ferarum
1521 3116 1748 3161 naturas
1803 3122 1908 3162 non
1969 3107 2328 3164 transforma-

2422 603 2561 670 ἀέρα
2610 605 2826 655 καὶτὸν
2881 602 3073 672 καιρὸν
3110 601 3216 665 ἔξω
3264 599 3591 669 σύμμαχονο
3629 597 3691 651 οὐ
3747 596 3857 664 γὰρ
3905 597 4000 646 καὶ

2426 693 2719 762 στρουθοὺς
2769 694 2891 745 καθ’
2941 693 3099 762 ἡμῶν
3154 690 3582 761 ἐκστρατεύσεις
3623 688 3759 740 νῦν*
3809 686 4000 755 ἐπέχει

2422 784 2531 852 γὰρ
2569 785 2600 852 ἡ
2632 783 3216 852 τεσσαρακονθήμερος
3246 780 3473 842 τούτους
3505 779 3772 850 περίοδος.

2494 875 2606 945 Τῆς
2641 874 2897 944 δουλικῆς
2928 874 3103 928 ταῦτα
3133 873 3340 944 ψυχῆς,
3377 874 3425 925 εί
3456 872 3550 926 καὶ
3586 871 3661 941 μὴ
3694 869 3897 940 χειρός.

3060 961 3148 1027 Τῷ
3187 960 3371 1026 αὐτῷ.

2429 1038 2435 1043 ’
2506 1052 2649 1122 Ἐγὼ
2685 1055 2782 1125 μὲν
2809 1055 3047 1118 ἐδεδίειν,
3076 1056 3301 1123 μέγιστε
3321 1055 3561 1121 Καῖσαρ.
3593 1052 3694 1113 τὰς
3723 1047 4007 1118 τῶνήμῶν

2422 1146 2722 1199 ἐπιστολῶν
2763 1145 3183 1215 παραδεικνύειν
3239 1143 3486 1213 μορφάς·
3523 1140 3844 1211 ἡσχυνὸμην
3894 1136 4003 1203 γὰρ

2423 1238 2565 1309 ὑπὲρ
2591 1238 2817 1299 τούτων,
2869 1238 2945 1299 ὠς
2979 1237 3054 1305 μὴ
3100 1235 3343 1306 ἐχουσῶν
3385 1234 3523 1304 μήτε
3554 1229 3785 1300 φυσικὸν
3807 1227 4006 1289 καλλος

2426 1332 2563 1399 μήτε
2618 1330 2934 1397 ἐπίκτητον.
2996 1327 3149 1381 Ἐπεὶ
3201 1327 3258 1380 δέ
3308 1327 3372 1380 σὺ
3426 1326 3635 1379 τούτων
3662 1321 4007 1381 ἀνελπίστως

2421 1421 2692 1491 ἠράσθης,
2724 1422 2819 1474 καί
2850 1439 2916 1490 με
2956 1421 3230 1483 πέπεικας
3260 1417 3403 1472 καλὰ
3430 1416 3638 1470 τίκτειν
3667 1413 4007 1484 γεννήματα,

2424 1512 2533 1566 tam
2576 1530 2658 1566 σοι
2694 1511 2974 1582 προδήλως
3003 1510 3545 1579 ἀπηναισχύντημαι,
3592 1506 3689 1559 καὶ
3714 1503 3813 1575 τὴν
3859 1502 4009 1571 ὥραν

2423 1604 2832 1675 παραδεικνύω,
2868 1605 2961 1657 καὶ
2993 1602 3183 1671 ὥσπερ
3211 1602 3240 1654 ὁ
3283 1599 3514 1670 μηδικὸς
3552 1596 3720 1662 ταὼς,
3757 1593 3921 1648 τοῦτο
3941 1592 4007 1661 δὴ

2421 1702 2482 1755 τδ
2524 1700 2815 1769 φιλόκαλον
2848 1699 2986 1763 ζῶον
3014 1700 3109 1750 καὶ
3164 1696 3417 1765 σύνηθες,
3452 1691 3723 1763 θεατρίζω
3757 1707 3838 1742 σοι
3883 1686 4011 1740 τούς

2422 1810 2531 1845 των
2556 1792 2656 1862 τὴν
2677 1791 3007 1861 ὡραιότητα,
3043 1788 3157 1848 καὶ,
3191 1789 3267 1849 ὡς
3312 1789 3464 1858 ὁρᾷς,
3491 1787 3584 1838 ἐπὶ
3611 1786 3731 1844 ταῖς
3758 1783 3878 1843 σαῖς
3914 1777 4010 1831 θύ-

2429 1900 2550 1953 ραις
2580 1880 2911 1950 προῦπαντῶ
2946 1881 3084 1950 μήτε
3121 1877 3482 1948 καλούμενος,
3521 1875 3657 1945 μήτε
3687 1871 3881 1943 μισθὸν
3911 1870 4013 1940 τῆς

2425 1974 2573 2046 ὧρας
2596 1972 2802 2027 λαϐών.

2508 2065 2565 2118 '0
2597 2065 2694 2135 μὲν
2744 2058 2838 2117 οὖν
2876 2061 3131 2132 Σολομῶν
3178 2061 3293 2125 τοῖς
3324 2058 3676 2129 αύτοκλήτοις
3707 2055 3817 2109 τῶν
3843 2053 4012 2123 φίλων

2424 2156 2494 2209 δι’
2524 2157 2814 2218 εὐλαϐείας
2831 2158 3072 2207 ποιεῖται
3105 2154 3203 2216 τὰς
3231 2155 3310 2215 είς
3335 2152 3464 2214 τοὺς
3495 2148 3745 2219 συνήθεις
3774 2146 4015 2210 εἰσόδους

2426 2250 2523 2302 καὶ
2544 2250 2904 2318 ἀπαντήσεις,
2960 2247 3047 2299 ἵνα
3096 2244 3193 2316 μὴ,
3226 2245 3390 2314 κόρον
3425 2242 3608 2296 αὐτῶν
3638 2240 3741 2309 τῆς
3787 2237 4009 2309 ὁμιλίας

2425 2343 2707 2408 λαὸόντες,
2768 2342 3105 2413 μισήσωσιν·
3166 2340 3276 2407 ἐγὼ
3329 2338 3386 2391 δὲ
3421 2335 3737 2390 τούναντίον
3762 2333 4014 2402 ποιήσειν

2425 2437 2717 2503 διέγνωκα,
2751 2433 3165 2505 ἐρασμιώτερον
3188 2448 3269 2483 σοι
3308 2430 3370 2483 τὸ
3409 2428 3544 2499 ἐμὸν
3575 2427 3771 2490 κάλλος
3808 2423 4015 2478 ἐπιδει-

2428 2530 2615 2584 κνύειν
2636 2530 2725 2585 διὰ
2750 2529 2851 2598 τῆς
2883 2527 3167 2598 συνεχείας
3190 2526 3286 2579 καὶ
3324 2522 3727 2592 ποθεινότερον.

2446 2691 2483 2701 ”
2510 2709 2571 2761 Ὅ
2601 2707 2699 2777 μὲν
2735 2705 2845 2776 γὰρ
2873 2704 3132 2775 Πρωτεὺς
3164 2703 3392 2765 ἐκεῖνος,
3436 2699 3578 2768 ἀνὴρ
3623 2698 3656 2766 ἢ
3699 2696 3930 2765 δαίμων,
3958 2695 4018 2747 δν

2431 2799 2681 2868 Ὅμηρος
2714 2796 2944 2849 πλάττει
2984 2795 3082 2848 καὶ
3129 2791 3519 2861 μεταπλάττει,
3575 2785 3919 2848 παντοδαπὸς
3950 2781 4019 2856 ἦν

2430 2890 2523 2945 καὶ
2562 2888 2897 2959 μετήλλαττε
2921 2888 3020 2951 τὰς
3055 2885 3290 2957 μορφὰς,
3317 2882 3424 2937 ’καὶ
3460 2880 3557 2935 νῦν
3598 2880 3699 2951 μὲν
3725 2878 3863 2932 λέων
3907 2877 4019 2939 τοῖς

2429 2982 2633 3056 ὁρῶσιν
2668 2982 2965 3046 ἐδείκνυτο,
2999 2980 3096 3033 νῦν
3128 2979 3185 3033 δέ
3214 2978 3360 3046 δφις,
3384 2975 3481 3029 νῦν
3508 2974 3566 3028 δέ
3608 2971 3727 3037 σῦς,
3759 2970 3854 3023 καὶ
3884 2968 4016 3039 πῦρ,

2432 3078 2529 3131 καὶ
2551 3074 2790 3147 δένδρον,
2832 3076 2930 3128 καὶ
2962 3073 3130 3137 λίθος,
3168 3072 3265 3125 καὶ
3296 3070 3547 3139 σίδηροςο
3585 3065 3697 3134 ἐγὼ
3731 3064 3788 3117 δέ
3824 3080 3909 3117 σοι
3939 3063 4021 3125 είς

738 3195 858 3260 bor,
897 3210 1074 3265 neque
1105 3205 1325 3264 stupore
1358 3198 1649 3266 percellam
1710 3198 2148 3265 phantasmatum
2181 3199 2325 3256 inso.
2353 3178 2399 3238 (ἶ
2434 3166 2495 3266 ξιξ

2262 3155 2325 3255 Β,
2353 3178 2399 3238 c
2434 3166 2534 3239 μέν
2557 3165 2847 3238 θηριώδεις
2878 3164 3072 3234 φύσεις
3100 3165 3162 3216 ού
3201 3155 3769 3266 μεταϐήσομαι,“ούδέ
3804 3155 4019 3266 ἐκπλήῑ

744 3287 837 3340 illa
868 3287 1171 3354 varietate;
1201 3290 1293 3343 sed
1330 3289 1647 3345 citharistas
1689 3291 1964 3348 imitabor.

813 3468 952 3536 Quid
982 3480 1163 3525 autem
1186 3472 1274 3529 isti
1311 3472 1515 3526 faciunt
1541 3474 1563 3527 ‘l
1591 3473 1808 3541 quando
1838 3474 2078 3530 sentiunt
2101 3474 2329 3531 audien-

744 3571 825 3616 tes
860 3561 1089 3616 melodia
1144 3564 1388 3627 satiatos,
1460 3564 1692 3619 chordas
1744 3566 2050 3632 immntant,
2107 3567 2331 3623 calamis

741 3654 861 3708 illas
879 3652 1183 3720 flectentes,
1208 3655 1504 3719 variantes,
1528 3662 1581 3709 et
1613 3655 1855 3711 diversas
1887 3656 2199 3713 harmoniae
2229 3658 2328 3713 eli-

742 3745 976 3811 cientes,
1013 3754 1071 3799 ut
1103 3761 1201 3815 per
1261 3745 1423 3800 talem
1466 3745 1825 3800 variationem
1868 3754 1924 3801 et
1981 3745 2330 3802 inﬂexionem

741 3840 964 3893 musicae
1003 3840 1295 3909 voluptatis
1345 3840 1535 3894 avidos
1590 3840 1863 3895 auditores
1934 3840 2189 3896 habeant.
2252 3842 2328 3897 Ita

741 3932 908 4001 igitur
943 3942 996 3985 et
1037 3931 1267 4001 egotibi
1326 3947 1475 3987 meos
1539 3946 1823 3988 sermones
1883 3933 2127 3989 variabo.
2180 3932 2332 3990 Nunc

741 4023 960 4093 quidem
999 4023 1199 4078 hilares
1226 4021 1349 4078 illos
1377 4022 1468 4077 tibi
1491 4022 1763 4092 prabebo,
1802 4038 1943 4078 nunc
1968 4038 2100 4077 vero
2164 4023 2327 4078 vehe-

740 4129 953 4172 mentes
983 4136 996 4184 ;
1030 4132 1172 4172 nunc
1197 4118 1455 4172 remissos
1491 4124 1545 4171 et
1584 4116 1793 4181 molles,
1838 4132 1984 4171 nunc
2033 4131 2331 4188 generosos

743 4216 796 4260 et
825 4207 1016 4271 fortes,
1047 4208 1128 4261 vel
1159 4207 1321 4261 aliam
1358 4207 1591 4277 denique
1626 4206 1862 4278 speciem
1900 4206 2181 4262 habentes.

814 4471 1082 4525 Homerus
1108 4471 1305 4540 quippe
1349 4470 1604 4538 iteplitem
1660 4470 1913 4538 laudans,
1969 4470 2024 4525 id
2078 4471 2331 4526 laudibus

2434 3261 2510 3326 ξω
2529 3262 2596 3331 τῇ
2623 3258 2735 3313 τῶν
2760 3258 3170 3328 φαντασμάτων
3215 3254 3533 3324 καινότητι·
3566 3249 3703 3304 ἀλλὰ
3734 3248 3863 3310 τοὺς
3891 3247 4025 3318 περὶ

2432 3353 2535 3424 τὴν
2558 3352 2793 3423 κιθάραν
2823 3351 3162 3421 μιμήσομαι.

2504 3445 2573 3498 Τί
2632 3444 2691 3498 δέ
2754 3437 2903 3498 οὗτοι
2962 3441 3198 3513 δρῶσινς
3260 3437 3483 3493 ἐπειδὰν
3548 3433 3849 3489 αἴσθωνται
3896 3431 4023 3494 τοὺς

2433 3536 2734 3599 ἀκούοντας
2766 3534 3198 3605 κορεννυμένους
3224 3531 3320 3586 τοῦ
3361 3531 3579 3601 μέλους,
3621 3525 4025 3599 μεταϐάλλουσι

2433 3630 2534 3693 τὰς
2589 3628 2809 3700 χορδὰς,
2869 3628 3197 3700 στρέφοντες
3250 3626 3421 3687 αὐτας
3451 3626 3564 3687 τοῖς
3597 3622 3891 3691 καλάμοις,
3928 3618 4025 3671 καὶ

2437 3722 2910 3794 μεταστρέφοντες
2941 3722 3037 3776 καὶ
3098 3720 3351 3782 ποικίλας
3388 3718 3659 3789 ἁρμονίας
3707 3710 4026 3784 μεταχειρί-

2434 3816 2643 3881 ζοντες,
2702 3817 2789 3870 ἴνα
2843 3814 2932 3868 διὰ
2984 3814 3085 3884 τῆς
3142 3812 3402 3883 τοιαύτης
3447 3809 3793 3881 μεταλλαγῆς
3837 3824 3896 3860 τε
3933 3808 4029 3860 καὶ

2438 3909 2795 3980 μεταϐάσεως
2826 3907 3166 3978 ἀκορέστους
3195 3906 3296 3975 τῆς
3353 3902 3626 3973 μουσικῆς
3674 3899 3873 3972 ἡδονῆς
3900 3899 4030 3962 τοῦς

2434 4001 2713 4073 ἀκροατὰς
2744 4000 2966 4071 ἔχωσιν.
2998 3997 3157 4053 Οὕτω
3186 3998 3318 4066 γοῦν
3350 3994 3505 4064 κάγὼ
3538 4012 3623 4047 σοι
3674 3993 4031 4063 μεταποιήσει)

2432 4092 2560 4153 τοὺς
2612 4093 2781 4160 ἐμοὺς
2822 4090 3039 4158 λόγους.
3095 4088 3206 4141 Καὶ
3238 4085 3334 4139 νῦν
3388 4085 3487 4155 μὲν
3540 4084 3766 4153 ίλαρους
3805 4081 4032 4145 τούτους

2434 4180 2660 4251 παρέξω
2692 4196 2798 4243 σοι,
2838 4177 2935 4231 νῦν
2960 4177 3018 4230 δέ
3059 4176 3370 4239 συντόνους,
3422 4175 3518 4226 καὶ
3560 4170 3656 4223 νῦν
3694 4171 3791 4240 μιν
3830 4169 4030 4223 ἀναδε·

2435 4270 2742 4340 ϐλημένους
2766 4270 2858 4322 καὶ
2884 4268 3186 4339 μαλακοὺς,
3218 4266 3317 4320 νῦν
3342 4266 3398 4319 δέ
3433 4265 3720 4332 γενναίους
3745 4265 3841 4317 καὶ
3876 4263 4029 4332 ισχυ-

2439 4364 2587 4433 ροὺς,
2626 4362 2722 4416 νῦν
2751 4362 2807 4416 δὲ
2842 4362 3011 4432 ἄλλην
3048 4361 3264 4431 μορφὴν
3292 4358 3540 4428 ἔχοντας.

2517 4453 2577 4507 ὐ
2607 4454 2739 4522 γοῦν
2798 4453 3049 4523 Ὄμηρος
3100 4451 3329 4516 ὁπλίτην
3407 4447 3650 4503 ἐπαινῶν
3707 4448 3899 4515 ἄνδρα,
3942 4447 4038 4500 καὶ

741 4562 947 4632 adjicit,
987 4562 1126 4618 scire
1157 4578 1279 4617 eum
1315 4563 1605 4618 immutare
1632 4562 1879 4632 clypeum
1905 4578 2047 4618 nunc
2082 4564 2149 4618 ad
2175 4564 2321 4618 det-
2370 4536 2414 4593 θ
2446 4564 2498 4601 τε

2289 4594 2321 4605 -
2370 4536 2414 4593 θ
2446 4547 2607 4602 τοῦτο
2642 4550 2756 4611 τοῖς
2787 4548 3033 4609 ἐπαίνοις
3079 4543 3478 4617 προστίθησιν,
3532 4543 3615 4596 ὅτι
3649 4536 3759 4593 οἶδε
3815 4556 4037 4609 μετακι-

744 4664 907 4720 tram,
940 4671 1081 4708 nunc
1098 4656 1162 4708 ad
1195 4656 1491 4709 sinistram.
1528 4656 1639 4725 Ego
1664 4666 1841 4709 antem
1875 4670 2050 4710 meum
2081 4665 2328 4711 armatu-

744 4765 877 4809 ram
918 4764 1195 4803 sermones
1228 4749 1433 4803 scilicet
1459 4763 1630 4813 meos,
1668 4764 1777 4803 non
1812 4749 1863 4803 in
1899 4749 2064 4803 latera
2093 4757 2326 4814 tantum,

741 4843 836 4897 sed
888 4843 939 4896 in
970 4841 1159 4897 faciem
1195 4850 1247 4896 et
1281 4842 1333 4895 iu
1385 4851 1533 4912 terga
1578 4842 1896 4897 immutabo.
1962 4840 2077 4896 Non
2134 4843 2329 4898 unicus

741 4946 825 4993 est
862 4938 1147 4990 verborum
1181 4935 1353 5001 color,
1376 4951 1548 5006 neque
1581 4935 1746 5006 figura
1774 4936 1932 4989 unica
1961 4952 1975 4997 ;
2002 4935 2094 4990 sed
2120 4944 2331 4989 utrum-

742 5044 849 5100 que
873 5029 1148 5099 multiplex
1179 5038 1232 5083 et
1263 5030 1474 5083 varium
1511 5045 1524 5094 ;
1560 5037 1613 5083 ct
1668 5029 1759 5097 qui
1818 5043 2002 5083 eorum
2065 5038 2331 5097 tempera-

743 5133 927 5179 menta
957 5134 1008 5178 et
1038 5122 1326 5190 juncturas
1359 5124 1535 5178 noscit
1589 5122 1944 5177 multiformia
1997 5122 2332 5177 amatoribus

745 5217 1026 5272 exhibebit
1055 5217 1387 5283 spectacula.
1427 5216 1545 5270 Vidi
1575 5232 1673 5286 ego
1700 5216 1826 5268 olim
1862 5216 2092 5285 puellam
2133 5216 2184 5270 in
2219 5217 2332 5270 tha-

742 5310 887 5361 latno
920 5307 1094 5361 forma
1151 5308 1367 5375 propria
1424 5306 1705 5374 decoram,
1757 5319 1812 5364 et
1888 5308 2139 5377 adjuncta
2210 5308 2331 5378 pul-

744 5398 1053 5453 chritudine
1109 5405 1403 5464 ornatam;
1476 5399 1647 5468 prima
1736 5400 1881 5456 enim
1943 5401 2028 5453 die
2092 5414 2330 5469 purpura

746 5491 887 5545 hanc
947 5492 1175 5547 ornabat
1259 5501 1313 5547 et
1380 5508 1544 5546 aurea
1621 5493 1777 5559 vitta,
1833 5502 1886 5547 et
1942 5493 2121 5547 tunica
2182 5490 2335 5547 vario

746 5583 939 5638 ﬂorum
996 5585 1179 5639 colore
1247 5587 1426 5641 nitens
1481 5595 1535 5640 et
1589 5583 1759 5639 fascia
1834 5584 2121 5653 pectoralis
2191 5581 2331 5638 elec.

748 5680 887 5737 trina
914 5680 1036 5745 ;sed
1069 5680 1139 5734 illi
1174 5681 1420 5735 assidens
1476 5678 1624 5734 brevi
1696 5687 2143 5731 ornamentorum
2230 5675 2338 5729 ful-

750 5776 989 5846 gentium
1079 5775 1197 5829 visu
1278 5773 1508 5829 satiatus
1585 5788 1726 5825 sunt.
1820 5768 2065 5823 Secunda
2155 5780 2335 5824 autem

754 5867 840 5923 die
926 5878 1173 5922 ornatum
1249 5867 1563 5929 immutans,
1597 5874 1643 5919 et
1681 5872 1865 5918 aurata
1906 5864 2087 5918 tunica
2151 5862 2335 5918 induta

2454 4643 2566 4693 νεῖν
2599 4640 2699 4711 τὴν
2743 4639 2950 4694 ἀσπίδα
2990 4637 3086 4690 νῦν
3138 4637 3237 4705 μὲν
3288 4637 3369 4698 εις
3407 4634 3577 4698 δεξιὰ,
3613 4632 3709 4685 νῦν
3749 4633 3806 4686 δὲ
3844 4635 3921 4695 είς
3946 4633 4038 4685 εὖ·

2454 4731 2667 4803 ώνυμα.
2714 4731 2855 4800 Ἐγὼ
2892 4732 2948 4784 δὲ
2978 4730 3038 4784 τὸ
3077 4730 3208 4801 ἐμὸν
3241 4728 3406 4781 ὅπλον
3434 4728 3560 4789 τοὺς
3591 4725 3785 4794 λόγους
3813 4726 3913 4779 οὐκ
3944 4725 4038 4777 ἐπὶ

2452 4827 2521 4881 τὰ
2550 4804 2756 4894 πλάγια
2790 4826 2971 4894 μόνον,
3004 4824 3140 4877 ἀλλὰ
3170 4822 3266 4875 καὶ
3296 4820 3611 4890 ἔμπροσθεν
3654 4820 4038 4889 μεταχειριοῦο

2458 4938 2558 4991 μαι
2585 4920 2678 4973 καὶ
2708 4918 2954 4974 ὄπισθεν.
2988 4917 3099 4986 Οὐχ
3126 4916 3182 4969 ἐν
3210 4916 3325 4968 ἐστι
3369 4914 3430 4967 τὸ
3459 4914 3569 4966 τῶν
3618 4913 3793 4980 λόγων
3819 4914 4039 4981 χρῶμα.

2456 5014 2633 5085 ούδέή
2670 5012 2854 5083 μορφὴ
2886 5011 2981 5082 μία
3005 5027 3019 5041 '
3051 5010 3166 5064 ἀλλ’
3210 5011 3378 5079 ἄμφω
3418 5006 3741 5061 παντοδαπὰ
3795 5007 3887 5058 καὶ
3920 5021 4041 5057 ποι-

2456 5109 2582 5161 κίλα
2604 5124 2617 5139 ⁸
2652 5109 2743 5162 καὶ
2773 5109 2801 5159 ὁ
2824 5107 2922 5170 τὰς
2957 5106 3179 5175 κράσεις
3212 5104 3305 5156 καὶ
3340 5103 3618 5163 συνθέσεις
3654 5103 3860 5153 τούτων
3889 5099 4040 5162 είδὼς

2456 5198 2785 5268 πολύμορφα
2818 5195 2979 5261 δείξει
3008 5197 3120 5256 τοῖς
3144 5195 3405 5265 ἐρασταῖς
3434 5192 3501 5245 τα
3534 5191 3809 5259 θεάματα.

2529 5289 2685 5345 Εἶδον
2718 5291 2829 5360 ἐγὼ
2867 5306 2997 5343 ποτε
3048 5288 3269 5357 νύμφην
3304 5286 3398 5339 ἐπὶ
3450 5284 3720 5346 παστάδος
3762 5284 3855 5336 καὶ
3894 5282 4042 5351 ὠρας

2452 5383 2512 5437 εὖ
2547 5383 2779 5453 ἔχουσαν
2816 5382 2909 5435 καὶ
2960 5381 3038 5450 τῷ
3065 5380 3371 5449 ἐπιποιήτῳ
3405 5377 3590 5434 κάλλει
3619 5377 4045 5446 κεκοσμημένην

2453 5478 2725 5548 λαμπρῶς
2746 5494 2759 5509 ο
2795 5478 2888 5531 καὶ
2912 5476 3014 5549 τήν
3042 5493 3105 5544 γε
3130 5474 3354 5545 πρώτην
3386 5472 3597 5543 ἡμέραν
3621 5472 3881 5543 πορφύρα
3907 5469 4043 5523 ταύ-

2452 5588 2553 5643 την
2583 5572 2809 5640 ἐκόσμει
2845 5572 2938 5624 καὶ
2976 5572 3152 5642 χρυσῆ
3191 5568 3374 5622 ταινία
3400 5608 3413 5629 ,
3458 5568 3552 5620 καὶ
3586 5565 3800 5635 ἐπωμὶς
3830 5562 4013 5634 ἐξηνθι

2454 5668 2625 5738 σμὲνη
2658 5666 2849 5737 κόσμῳ
2876 5662 3201 5733 παντοδαπῷ
3234 5660 3380 5731 καὶή
3406 5660 3764 5729 στηθοδεσμὶς
3794 5658 4047 5727 ἠλεκτρί-

2456 5778 2556 5832 νη’
2612 5761 2728 5815 ἀλλ’
2780 5759 3131 5829 ἐνδιατρίίας
3192 5755 3364 5827 βραχύ
3426 5771 3479 5807 τι
3528 5755 3639 5815 τοῖς
3696 5752 4047 5821 φαινομένοις

2456 5854 2759 5925 ὼραῖσμοῖς
2792 5850 3093 5922 ἐκορέσθην
3146 5848 3287 5902 ἰδών.
3347 5840 3504 5900 Ἀλλὰ
3555 5848 3653 5913 τήν
3701 5863 3759 5913 γε
3788 5845 4049 5913 δευτέραν
