4450 6448
455 412 589 478 1181

1880 430 2305 497 EPISTOL/E.

3585 456 3732 525 “82

450 536 663 606 ῃμέραν
692 538 1076 597 μεταϐαλοῦσα
1102 540 1193 593 τὸν
1222 541 1427 612 κόσμον
1450 543 1542 597 καὶ
1574 547 1860 616 χρυσοϋφῆ
1878 547 2040 619 ἐσθῆο
2069 551 2113 606 Α
2142 565 2204 604 ru

1979 548 2333 619 ﬁ-Arursus
2427 554 2749 626 alliciebat;
2812 563 2972 619 tertia
3034 580 3251 639 quoque
3322 571 3594 643 similiter,
3671 590 3728 634 et

446 644 511 677 τα
539 628 914 690 ἐπενδυθεῖσα.
945 631 1107 684 πάλιν
1135 633 1306 704 ἐθήρα
1333 651 1347 665 ·
1381 637 1474 689 καὶ
1496 637 1595 707 τὴν
1611 638 1805 707 τρίτην
1828 636 2026 702 οὕτως,

442 718 538 771 καὶ
564 720 662 785 τὴν
692 724 962 791 τετάρτην
979 739 996 755 ο
1034 726 1127 777 καὶ
1151 719 1218 795 ἦν
1252 726 1550 798 ἀκόρεστον
1576 728 1636 782 τὸ
1660 729 1847 784 καλόν.
1876 732 2028 784 Εἰσὶν

440 809 534 862 οὖν
566 814 755 877 κάμοὶ,
798 815 1035 885 Καῖσαρ,
1070 816 1287 873 ἐλλόϐια
1315 819 1510 888 λογικὰ
1553 824 1649 876 καὶ
1698 824 2026 894 περιδέραια

440 909 719 967 γνωστικά
766 911 861 961 καὶ
886 912 1301 981 περιτραχήλιοι
1333 914 1528 985 κόσμοι
1562 915 1654 968 καὶ
1695 918 2024 988 ἐπιστήθιοι.

439 995 559 1046 Κάν
594 999 858 1068 κορεσθῇς
886 1000 978 1054 τοῦ
1006 1003 1233 1070 χρυσοῦ.
1275 1008 1703 1076 παραγυμνὼσω
1733 1010 1785 1062 τί
1815 1028 1898 1065 σοι
1927 1012 2022 1066 τοῦ

438 1092 829 1160 ηλεκτρώδουςν.
859 1095 920 1147 Ei
941 1096 997 1147 δὲ
1020 1098 1115 1151 καὶ
1143 1099 1334 1153 τούτου
1360 1102 1628 1175 πλησθῇς,
1656 1104 1763 1177 ἔχω
1789 1109 2024 1177 σαπφεί-

439 1203 587 1254 ρου;.,
642 1192 735 1239 καὶ
765 1188 1073 1253 ὑακίνθους,
1117 1194 1210 1247 καὶ
1254 1195 1435 1261 λίθους
1472 1199 1698 1269 ἐτέρους
1747 1202 2020 1256 παντοδα·

438 1280 593 1337 ποὺς.
627 1288 721 1331 καὶ
753 1282 853 1351 τὴν
910 1283 1120 1352 χροιὰν,
1181 1288 1277 1341 καὶ
1335 1290 1433 1359 τὴν
1466 1290 1718 1359 δύναμιν.
1766 1296 1895 1359 Καὶ,
1945 1296 2023 1359 ὠς

436 1368 631 1437 ἔοικεν,
684 1376 808 1426 οὐτε
838 1375 899 1428 σὺ
932 1375 1222 1453 πλησθήσῃ
1266 1382 1396 1434 ποτὲ
1443 1382 1537 1437 τοῦ
1568 1385 1721 1457 ἐρᾷν,
1755 1386 1877 1441 οὔτε
1908 1389 2022 1458 ἐγὼ

435 1463 666 1527 κάλλους
697 1469 964 1537 ἀπορήσω
993 1471 1088 1524 καὶ
1120 1472 1453 1539 ἐπιδείξεως.

953 1563 1053 1617 ΙΒ’.
1096 1564 1179 1629 Τῷ
1215 1568 1487 1635 Καίσαρι.

505 1647 879 1715 Εὑτυγέστατε
911 1655 1161 1727 Καῖσαρ·
1208 1659 1368 1713 τοῦτο
1398 1662 1506 1732 γὰρ
1546 1664 1609 1734 δή
1646 1682 1727 1719 σοι
1769 1671 1867 1738 τῆς
1896 1673 2021 1725 ἐπι-

432 1741 625 1811 στολῆς
656 1744 798 1797 ἔστω
828 1747 1137 1816 προοίμιον.
1176 1750 1585 1823 Ιίᾷὐτυχέστατον
1608 1758 1661 1811 δέ
1692 1776 1749 1813 σε
1779 1765 1924 1833 φημὶ
1954 1767 2015 1818 οὐ

428 1833 562 1886 διότι
589 1835 747 1903 μόνον
770 1840 867 1904 τῆς
895 1840 986 1891 τοῦ
1021 1842 1300 1912 Καίσαρος
1328 1845 1485 1910 ἀξίας
1511 1851 1815 1922 τετὲχηκας
1838 1856 2018 1924 (τοῦτο

2141 654 2332 740 quarta
2358 664 2372 714 ;
2395 657 2452 703 et
2474 652 2894 718 pulchritudinis
2916 659 3143 713 satietas
3162 677 3266 715 non
3296 673 3433 718 erat.
3460 663 3597 723 Sunt
3620 669 3725 740 igi-

2140 745 2233 791 tur
2260 738 2426 794 etiam
2462 741 2617 808 mihi,
2645 743 2845 812 Caesar,
2879 749 3108 803 armilla:
3133 752 3464 821 spirituales,
3496 738 3721 828 torques

2138 831 2547 901 intellectuales,
2575 844 2629 891 et
2657 838 2778 891 colli
2836 849 2889 893 et
2919 845 3158 910 pectoris
3194 855 3442 901 ornatus.
3474 847 3529 902 Si
3584 863 3721 905 auro

2134 926 2365 981 satiatus
2434 943 2531 993 es,
2591 928 2863 1003 exhibebo
2927 933 3020 986 tibi
3082 934 3289 1001 aliquid
3358 952 3425 992 ex
3488 941 3715 996 electro.

2135 1019 2191 1074 Si
2227 1036 2355 1074 vero
2402 1035 2467 1075 eo
2495 1037 2711 1089 quoque
2756 1022 2991 1078 lassatus
3030 1026 3221 1087 fueris.
3280 1028 3456 1085 habeo
3494 1032 3720 1101 sapphi-

2134 1126 2245 1175 ros,
2272 1112 2597 1183 hyacinthos
2620 1126 2675 1169 et
2698 1115 2910 1185 lapides
2936 1118 3072 1173 alios
3104 1123 3287 1176 varios
3307 1123 3490 1179 colore
3523 1135 3578 1178 et
3606 1126 3717 1177 vir-

2133 1211 2267 1257 tute.
2315 1204 2402 1265 Et,
2433 1214 2492 1258 ut
2536 1206 2769 1272 videtur,
2809 1222 2986 1277 neque
3022 1218 3074 1263 te
3107 1213 3326 1267 satietas
3356 1230 3593 1284 unquam
3632 1218 3715 1270 vi-

2132 1296 2292 1351 dendi
2329 1298 2636 1366 occupabit,
2667 1314 2845 1369 neque
2875 1316 2962 1356 me
2989 1301 3412 1373 pulchritudinis
3466 1318 3523 1364 et
3551 1308 3711 1364 exhi-

2130 1387 2353 1443 bitionis
2384 1388 2707 1461 indigentia.

2746 1571 2864 1631 XII.
2897 1574 3124 1631 Cmari.

2199 1663 2544 1719 Felicissime
2566 1665 2793 1730 Caesar;
2827 1666 2877 1720 id
2945 1668 3093 1722 enim
3130 1667 3225 1723 tibi
3260 1668 3504 1737 epistola:
3535 1683 3712 1738 prom-

2128 1756 2293 1811 mium
2320 1758 2411 1812 sit.
2447 1756 2846 1812 Felicissimum
2877 1768 3059 1812 autem
3100 1768 3152 1815 te
3196 1761 3317 1816 dico
3372 1776 3477 1815 non
3530 1762 3706 1824 solum

2125 1851 2249 1920 quia
2272 1850 2505 1904 Caesaris
2530 1849 2849 1918 dignitatem
2911 1853 3139 1921 adeptus
3165 1855 3242 1909 sis
3288 1856 3416 1924 (hoc
3471 1870 3704 1923 namque

431 1925 540 1995 γὰρ
571 1928 664 1979 καὶ
694 1929 907 1993 πολλοῖς
936 1932 1116 1995 ἄλλοις
1139 1936 1479 2007 συμϐέϐηκε,
1501 1944 1593 1996 καὶ
1626 1915 1765 2013 δί’-γε
1798 1915 2019 2013 πλείους
2055 1915 2097 1969 Β
2124 1915 2175 1995 (ξι

1950 1970 2019 2013 ,υς
2055 1915 2097 1969 Β
2124 1915 2175 1995 et
2201 1942 2387 1995 multis
2414 1942 2534 1995 aliis
2559 1915 2785 2014 contigit
2836 1944 2927 2014 qni
2960 1915 3140 2010 plures
3175 1961 3205 1999 a
3237 1915 3501 2001 felicitate
3553 1915 3707 2002 defe-

432 2017 532 2086 τῆς
557 2018 806 2087 εὐτυχίας
837 2021 1327 2093 διημαρτήκασιν),
1363 2028 1576 2084 ἀλλ’ὅτι
1599 2036 1749 2104 παρὰ
1783 2035 1878 2088 τοῦ
1899 2038 2023 2091 καλ-

430 2109 616 2163 λίστου
646 2111 909 2181 βασιλέως
939 2117 1035 2169 καὶ
1062 2117 1295 2187 ἀδελφοῦ
1329 2122 1408 2183 είς
1450 2123 1549 2193 τὴν
1587 2128 1854 2199 μεγίστην
1883 2131 2019 2183 ταύ-

429 2218 529 2272 την
557 2203 861 2273 ἀνηνέχθης
890 2208 1200 2279 περιωπὴν,
1234 2210 1292 2272 ὃς
1320 2212 1403 2281 δὴ,
1440 2217 1673 2287 προνοίᾳ
1710 2236 1767 2271 τε
1800 2223 1864 2291 τῇ
1903 2221 2017 2276 ἄνω

429 2296 752 2366 κινούμενος
779 2302 871 2352 καὶ
906 2302 1045 2369 μετᾶ
1061 2303 1325 2372 λογισμοῦ
1350 2309 1585 2377 κρίσεως
1611 2311 1788 2365 πάντα
1823 2314 2017 2378 ποιῶν,

430 2394 689 2447 κοινωνόν
735 2413 794 2448 σε
836 2396 931 2450 τοῦ
960 2398 1200 2468 κράτους
1240 2403 1441 2471 μικροῦ
1488 2405 1597 2457 δεῖν
1624 2407 1681 2472 ἐξ
1720 2409 2019 2479 ἀδελφικῆς

431 2486 646 2547 εὐνοίας
682 2489 975 2557 πεποίηκε.
1028 2493 1385 2559 Προσκείσῡω
1416 2498 1522 2567 γάρ
1557 2500 1619 2567 τῇ
1665 2501 1894 2573 προνοίᾳ
1923 2502 2019 2555 καλ⁸

429 2576 492 2644 τῇ
521 2574 615 2628 τοῦ
646 2576 909 2644 λογισμοῦ
943 2580 1123 2648 κρίσει
1153 2583 1243 2635 καὶ
1273 2584 1333 2636 τὸ
1356 2586 1464 2639 ἀπὸ
1494 2587 1594 2655 τῆς
1629 2591 1868 2659 σχέσεως
1896 2595 2016 2661 φίλ-

427 2682 578 2734 τρον.
604 2667 772 2721 Πάλιν
814 2664 907 2723 οὖν
952 2671 1051 2736 τὴν
1088 2674 1314 2745 πρώτην
1345 2695 1424 2731 σοι
1469 2682 1655 2751 φωνὴν
1685 2685 2015 2754 ἐπιφθέγξο-

434 2774 566 2825 μαιο
630 2758 992 2829 εὐτυχέστατε
1051 2765 1302 2835 Καῖσαρ·
1353 2760 1651 2841 προσθήσω
1706 2774 1762 2827 δὲ
1802 2778 1895 2829 καὶ
1932 2778 2015 2831 λο-

432 2849 665 2917 γιὼτατε
714 2856 807 2906 καὶ
855 2854 1175 2923 σοφώτατε’
1224 2860 1390 2928 ἄμφω
1442 2863 1547 2932 γὰρ
1587 2865 1697 2935 ὁρῶ
1727 2868 1879 2939 παρὰ
1933 2874 2016 2925 σοὶ

436 2945 573 3012 μετὰ
610 2947 709 3011 τῆς
737 2947 995 3018 εὐτυχίας
1021 2948 1121 3019 τὴν
1157 2952 1350 3018 σοφίαν
1378 2955 1470 3007 καὶ
1498 2957 1599 3025 τὴν
1623 2959 1936 3028 λογιότητα.

503 3036 614 3088 Καὶ
659 3038 732 3107 μή
786 3056 851 3106 με
896 3040 1174 3112 ὑπολάϐῃς
1220 3045 1426 3099 κόλακα
1475 3049 1791 3117 τηλικοῦτον
1846 3050 2009 3121 εἶναι,

432 3127 633 3195 μᾶλλον
653 3127 709 3180 δέ
743 3130 931 3200 ἀμαθῆ
958 3133 1272 3202 ἐπαινέτην,
1295 3136 1375 3190 ὅτι
1398 3138 1558 3207 ἀφεὶς
1586 3142 1678 3195 ἐπὶ
1709 3146 1823 3208 τοῖς
1852 3165 2011 3213 στρα-

2082 2052 2101 2059 ·λ
2124 2033 2365 2101 cerunt),
2393 2035 2487 2087 sed
2519 2035 2643 2102 quia
2675 2037 2746 2089 ab
2798 2038 3006 2105 optimo
3038 2036 3371 2106 lmperatore
3421 2050 3476 2095 et
3536 2041 3706 2096 fratre

2123 2128 2189 2180 ad
2218 2125 2320 2180 hoc
2355 2128 2650 2180 maximum
2681 2126 2955 2196 fastigium
2988 2128 3233 2184 elevatus
3262 2129 3366 2196 sis,
3418 2132 3509 2200 qui
3570 2146 3706 2187 sane

2120 2221 2471 2291 praevideutia
2493 2222 2706 2276 caelesti
2736 2223 3002 2278 adductus
3031 2233 3235 2279 etcum
3260 2225 3704 2297 rationisjudicio

2121 2313 2302 2367 omnia
2350 2328 2518 2380 agens
2583 2315 2903 2381 participem
2941 2325 3016 2370 -te
3070 2317 3309 2387 imperii,
3366 2328 3459 2371 aut
3506 2332 3700 2386 parum

2121 2404 2293 2467 abest,
2328 2403 2571 2457 fraterna
2623 2404 3005 2459 benevolentia
3041 2404 3242 2462 effecit.
3287 2407 3528 2460 Addatur
3553 2409 3700 2462 enim

2118 2496 2482 2567 prtevidentia:
2508 2509 2564 2552 et
2590 2497 2813 2551 rationis
2853 2498 3057 2565 judicio
3086 2499 3341 2554 amicitiae
3373 2500 3535 2553 etiam
3562 2500 3702 2554 inci-

2118 2600 2443 2646 tamentum.
2476 2590 2671 2645 lterum
2703 2606 2834 2661 ergo
2861 2594 3094 2658 priorem
3141 2592 3233 2647 tibi
3266 2608 3454 2647 vocoem
3503 2608 3704 2662 expro-

2120 2700 2288 2750 mam,
2318 2684 2629 2740 felicissime
2649 2684 2831 2739 Ca:sar
2864 2702 2879 2751 ;
2908 2684 3157 2753 adjiciam
3194 2697 3399 2752 autem,
3440 2683 3701 2755 eloquen-

2118 2777 2330 2831 tissime
2359 2786 2413 2830 et
2461 2776 2903 2843 sapientissime:
2943 2785 3238 2844 utrumque
3290 2777 3433 2831 enim
3463 2776 3604 2845 apud
3647 2782 3702 2832 te

2116 2868 2276 2924 video
2330 2883 2452 2923 cum
2502 2866 2788 2933 felicitate,
2838 2869 3159 2938 sapientiam
3207 2878 3262 2923 et
3304 2868 3691 2938 eloquentiam.

2190 3053 2256 3108 Et
2288 3068 2353 3107 ne
2378 3067 2464 3106 me
2491 3050 2791 3120 suspiceris
2825 3049 3166 3105 adulatorem
3205 3050 3368 3105 talem
3423 3063 3564 3115 esse,
3599 3063 3696 3118 po-

2116 3147 2222 3202 tius
2245 3161 2378 3200 vero
2408 3146 2715 3212 imperitum
2776 3145 3135 3206 laudatorem,
3195 3143 3320 3213 quia
3374 3142 3594 3196 mittens
3640 3149 3695 3198 te

428 3221 742 3289 τηγήμασιν
763 3223 1134 3292 ἐγκωμιάζειν
1176 3244 1254 3288 σε,
1282 3231 1375 3282 καὶ
1405 3225 1485 3293 οἷς
1510 3234 1677 3287 πάλαι
1717 3238 2013 3308 κατώρθω-
2039 3251 2081 3310 c
2119 3241 2184 3293 de

1940 3258 2013 3293 ω-
2039 3251 2081 3310 c
2119 3241 2184 3293 de
2209 3238 2420 3293 bellicis
2457 3236 2938 3306 stratagematibus
3001 3236 3316 3305 praedicare,
3374 3245 3429 3290 et
3489 3237 3558 3290 de
3608 3234 3693 3290 his

428 3329 530 3375 κας
551 3314 643 3365 καὶ
673 3313 767 3365 νῦν
797 3316 1103 3383 κατορθοῖς,
1133 3318 1229 3388 τὴν
1267 3321 1375 3374 ἀπὸ
1405 3323 1499 3376 τοῦ
1528 3325 1689 3393 λόγου
1724 3345 1804 3381 σοι
1836 3331 2006 3400 εὐφη-

433 3406 564 3474 μίαν
599 3408 884 3475 προσάγω,
906 3411 1042 3478 μήτε
1068 3412 1491 3482 φιλοσοφήσαντί
1527 3436 1655 3472 ποτε
1686 3422 1820 3490 μήτε
1854 3426 2011 3495 ῥητο-

433 3498 702 3568 ρεύσαντι.
743 3501 853 3569 Οὐχ
892 3500 1065 3557 οὕτως
1117 3506 1352 3573 ἐμαυτὸν
1387 3510 1615 3564 άπατῶ’
1652 3513 1768 3567 ἀλλ’
1796 3513 1918 3569 οὐτε
1950 3518 2007 3570 σέ

427 3590 643 3659 ἁπατᾷν
672 3589 956 3660 βούλομαι.
1000 3593 1059 3646 Ὀ
1091 3596 1197 3666 γάρ
1230 3615 1311 3650 σοι
1347 3601 1474 3669 περὶ
1503 3602 1630 3666 τοὺς
1655 3602 1846 3671 λόγους
1870 3606 2010 3675 ἔρως

429 3682 522 3735 καὶ
551 3685 585 3754 ή
621 3683 884 3754 ἐπιθυμία
934 3687 1032 3755 τῆς
1073 3690 1331 3755 γνώσεως
1382 3696 1478 3747 καὶ
1506 3696 1565 3747 τὸ
1592 3697 1797 3750 ἐθέλειν
1826 3699 2007 3768 λόγοις

428 3780 613 3845 σοφοῖς
646 3779 876 3847 ὁμιλεῖν,
916 3780 975 3832 τό
1004 3798 1062 3833 τε
1097 3781 1387 3850 θέλγεσθαι
1425 3787 1610 3841 κάλλει
1638 3795 2008 3862 συγγραμμά-

426 3889 536 3925 των
574 3874 667 3927 καὶ
700 3874 1001 3927 ἐπιστολῶν
1040 3878 1246 3948 χάρισι,
1297 3881 1503 3952 ταύτην
1551 3900 1634 3937 σοι
1685 3884 1782 3955 τὴν
1814 3889 2006 3957 σοφίαν

426 3968 863 4037 προσμαρτυρεῖ.

496 4057 623 4119 Τοῖς
678 4056 777 4125 μὲν
819 4056 911 4109 οὖν
950 4058 1205 4125 παλαιοῖς
1254 4063 1483 4128 ἐκείνοις
1518 4067 1793 4137 Καίσαρσι
1823 4071 1882 4124 τὸ
1908 4073 2007 4143 τῆς

424 4148 679 4219 εὐτυχίας
714 4149 887 4218 ὄνομα
944 4152 1139 4222 μέχρις
1195 4155 1379 4208 αὐτῶν
1430 4153 1520 4225 ἦν,
1565 4160 1661 4212 καὶ
1693 4162 1866 4225 οὐδεὶς
1895 4164 2006 4217 τῶν

426 4240 605 4309 σοφῶν
633 4241 701 4294 δι’
733 4243 975 4307 ἐκείνους
1005 4245 1305 4316 εὐτύχησε·
1341 4252 1406 4320 τῇ
1449 4251 1504 4304 δέ
1545 4256 1609 4321 σῇ
1660 4256 2005 4327 μεγαλοπρε-

424 4334 555 4406 πεία
584 4335 774 4405 ὥσπερ
812 4336 966 4406 ἡλίου
1000 4338 1117 4406 φῶς
1149 4340 1182 4409 ἡ
1218 4341 1410 4411 κλῆσις
1440 4344 1661 4410 ἐγένετο
1683 4361 1696 4379 '
1744 4351 1838 4401 καὶ
1866 4350 1922 4411 ὃς
1956 4350 2003 4402 δ’

425 4427 492 4481 ἄν
516 4445 599 4481 σοι
632 4429 911 4503 πλησιάσῃ
941 4432 1102 4493 εὐθὺς
1146 4436 1383 4505 εὐτυχεῖ.
1418 4438 1530 4490 Καὶ
1558 4439 1750 4493 τούτου
1799 4443 2006 4510 μαρτύ-

428 4537 541 4586 ριον
572 4520 734 4584 αὐτὸς
766 4522 980 4590 πρῶτος
1012 4526 1145 4593 ἐγώ.
1173 4528 1347 4582 Πάλαι
1396 4529 1496 4599 μὲν
1519 4532 1628 4602 γάρ
1657 4533 1750 4585 ἐπὶ
1773 4536 1886 4597 τοῖς
1914 4535 2000 4589 λό-

2115 3350 2235 3404 quae
2282 3333 2409 3386 nlim
2471 3332 2606 3385 bene
2656 3330 2816 3398 egisti
2873 3338 2928 3384 et
2984 3346 3128 3385 nunc
3196 3330 3354 3398 agis,
3399 3344 3429 3383 a
3498 3328 3699 3384 litteris

2116 3424 2435 3493 applausnm
2471 3422 2567 3475 tibi
2598 3421 2788 3482 affero,
2822 3421 2911 3489 qui
2938 3435 3117 3490 neque
3142 3420 3690 3488 philosophiamque

2112 3517 2438 3585 eloquentiae
2468 3516 2680 3569 deditus
2711 3512 2881 3569 fuisti.
2914 3511 3032 3567 Non
3065 3514 3136 3566 ita
3191 3520 3393 3567 memet
3454 3510 3687 3581 decipio,

2112 3611 2206 3665 sed
2272 3623 2444 3678 neque
2491 3618 2544 3662 te
2606 3608 2859 3677 decipere
2914 3608 3055 3661 volo.
3104 3605 3238 3660 Nam
3268 3620 3423 3659 amor
3445 3605 3536 3660 ille
3559 3613 3688 3659 tuus

2113 3705 2415 3758 litterarum
2473 3710 2527 3756 et
2558 3702 2819 3755 doctrina:
2850 3701 3110 3762 studium,
3138 3709 3193 3754 et
3223 3700 3361 3753 velle
3416 3698 3690 3767 sapientes

2112 3798 2254 3851 inter
2300 3810 2578 3850 sermones
2616 3792 2951 3859 conversari,
2987 3802 3041 3847 et
3078 3792 3333 3847 delectari
3364 3793 3688 3858 scriptorum

2113 3886 2511 3952 pulchritudine
2576 3895 2628 3939 et
2691 3885 3044 3953 epistolarum
3118 3884 3318 3954 gratia,
3390 3882 3489 3938 tibi
3547 3882 3691 3937 hanc

2110 3982 2291 4034 inesse
2354 3978 2675 4045 sapientiam
2711 3987 3069 4033 atteslantur.

2186 4070 2466 4124 Veteribus
2487 4070 2704 4139 quidem
2737 4071 2900 4139 igitur
2934 4072 3061 4125 istis
3096 4070 3406 4125 Caesaribus
3447 4069 3687 4125 felicita-

2112 4162 2180 4216 tis
2201 4176 2398 4215 nOmen
2432 4177 2600 4228 penes
2649 4177 2742 4216 eos
2796 4161 2919 4229 fuit,
2982 4161 3077 4216 sed
3122 4161 3304 4216 nullus
3359 4161 3685 4230 sapientium

2108 4268 2207 4321 per
2236 4267 2331 4306 eos
2355 4252 2613 4306 felicitate
2644 4268 2776 4307 usus
2807 4262 2891 4307 est
2917 4270 2931 4306 :
2964 4263 3067 4307 tua!
3112 4262 3294 4309 autem
3328 4254 3682 4320 magnificen-

2109 4346 2196 4399 tia:
2232 4357 2288 4398 ut
2332 4344 2513 4398 lumen
2543 4345 2639 4399 soli
2670 4346 2783 4398 btet:
2835 4345 3125 4413 appellatio
3150 4347 3403 4399 convenit
3437 4363 3453 4413 ;
3502 4355 3558 4401 et
3589 4345 3684 4413 qui

2108 4436 2173 4488 ad
2210 4445 2261 4489 te
2317 4436 2611 4490 accesserit
2654 4437 2840 4491 statim
2887 4437 3146 4493 felicitate
3219 4438 3439 4495 fruitur.
3509 4437 3687 4506 Hujus

2108 4542 2321 4611 quoque
2352 4527 2506 4582 testis
2538 4528 2654 4597 ipse
2688 4530 2897 4598 primus
2933 4544 3035 4599 ego
3080 4545 3225 4586 sum.
3260 4531 3399 4585 Olim
3449 4545 3685 4600 namque

422 4629 539 4679 γοις
562 4614 956 4685 ἐθαυμαζόμην
976 4632 991 4647 ⁸
1025 4616 1119 4670 νῦν
1145 4618 1202 4672 δέ
1225 4622 1316 4673 ἐπὶ
1348 4625 1413 4692 τῇ
1440 4627 1504 4692 σῇ
1536 4624 1690 4697 φιλίᾳ
1717 4627 2003 4698 εὐδόκιμος
2036 4609 2080 4666 D
2110 4635 2179 4689 PN

1927 4647 2003 4691 ιος
2036 4609 2080 4666 D
2110 4609 2326 4689 propter
2366 4634 2646 4675 sermones
2707 4621 3126 4676 admirationem
3194 4637 3492 4685 moveram,
3539 4638 3684 4679 nunc

421 4706 481 4756 ἐν
508 4706 643 4758 πᾶσι
665 4707 968 4777 γεγένημαι
990 4725 1001 4738 ·
1037 4710 1225 4764 καινὸν
1270 4713 1376 4784 γάρ
1414 4731 1472 4767 σε
1507 4716 1619 4770 τῶν
1645 4719 1792 4787 ἐμῶν
1827 4720 2002 4787 λόγων

421 4797 713 4861 ἐπαινέτην
753 4798 1057 4869 εὐτύχηκαο
1106 4804 1201 4855 καὶ
1236 4804 1474 4874 μάλιστα
1503 4807 1608 4871 ὅτι,
1638 4810 1765 4873 τοὺς
1807 4811 2001 4875 ἄλλους

423 4888 621 4954 σοφοὺς
675 4890 831 4957 ἀφεὶς
878 4892 1088 4957 (πολλοὶ
1122 4895 1177 4948 δέ
1224 4897 1356 4960 ἴσως
1401 4899 1540 4951 είσὶν
1582 4900 1717 4969 ἐμοῦ
1749 4902 2000 4967 καλλίους

418 4981 514 5032 καὶ
543 4978 913 5051 ὑψηλότεροι),
941 4983 1004 5036 σὺ
1033 4984 1089 5037 δέ
1127 4984 1432 5054 βούλειτῶν
1461 4989 1612 5059 ἐμῶν
1639 4992 1817 5061 μόνων
1839 4995 1999 5062 χαρί-

418 5088 527 5123 των
568 5078 946 5146 κατατρυφᾷν,
1003 5079 1119 5143 καὶ,
1161 5079 1261 5143 τὰς
1289 5079 1644 5145 ὠκεανίτιδας
1688 5086 1794 5138 τῶν
1829 5087 1997 5141 πάλαι

419 5166 597 5232 σοφῶν
629 5169 946 5222 καταλιπὼν
975 5173 1180 5241 πηγάς,
1199 5174 1260 5226 τὸ
1292 5174 1425 5243 ἐμὶν
1458 5174 1828 5249 λεπτόῤῥυτον
1854 5178 1997 5252 ὕδωρ

416 5255 557 5324 dein
580 5256 673 5307 καὶ
702 5257 895 5326 χανδὸν
925 5261 1139 5333 ἐμφορῇ
1173 5281 1276 5331 μου
1300 5264 1395 5318 τοῦ
1418 5266 1683 5335 νάματος.

490 5346 628 5397 Ἀλλ’
659 5348 769 5416 ἐγὼ
804 5350 904 5417 μὲν
941 5352 1034 5405 ἐπὶ
1086 5372 1166 5407 σοι
1205 5356 1417 5427 εὐτυχῶ
1464 5360 1560 5412 καὶ
1590 5361 1731 5430 μέγα
1772 5365 1956 5433 φρονῶ
1979 5380 1991 5394 ⁸

419 5437 498 5487 σοὶ
528 5438 570 5488 δ’
600 5439 707 5505 ἄρα
738 5444 821 5504 τίς
865 5443 1074 5510 δαίμων
1108 5448 1401 5516 ἐϐάσκηνε,
1444 5454 1538 5504 καὶ
1592 5456 1840 5522 νοήματά
1871 5475 1993 5511 τινα

414 5526 797 5595 δυσελπιστίας
837 5537 1009 5601 μεστὰ
1040 5541 1105 5608 τῇ
1155 5538 1301 5610 ψυχῆ
1344 5559 1439 5595 σου
1477 5545 1839 5619 παρέφθειρε,
1894 5551 1990 5603 καὶ

416 5619 721 5689 ὑπείληφας
759 5624 841 5676 ὅτι
879 5643 960 5678 σοι
990 5629 1018 5680 ὁ
1057 5629 1303 5699 ἀδελφὸς,
1354 5634 1420 5685 ἶν’
1450 5634 1622 5699 οὕτως
1653 5638 1861 5708 είποιμι
1894 5641 1991 5694 καὶ

415 5710 621 5781 πατὴρ,
656 5714 935 5782 ἠλάττωσε
989 5737 1072 5773 σοι
1119 5723 1217 5793 τὴν
1259 5725 1484 5796 πρώτην
1518 5728 1827 5798 εὐμένειαν,
1861 5734 1987 5797 καὶ,

419 5800 584 5869 μέχρι
616 5803 725 5857 τῶν
775 5810 1122 5881 παρασήμων
1165 5815 1263 5885 τῆς
1311 5815 1567 5888 εὐτυχίας
1618 5822 1986 5891 προαγαγὼν,

415 5892 512 5963 τῆς
545 5895 677 5964 προς
706 5897 762 5953 σὲ
793 5900 1006 5968 εὐνοίας
1054 5906 1364 5975 ἐπαύσατος
1403 5911 1518 5965 Τίνι
1555 5912 1686 5981 γοῦν
1723 5914 1815 5967 ἐπὶ
1867 5918 1985 5981 ταῖς

2105 4727 2232 4768 vero
2269 4724 2487 4783 propter
2512 4724 2657 4769 tuam
2695 4715 2987 4770 amicitiam
3046 4716 3289 4772 famosus
3320 4718 3461 4787 apud
3491 4731 3683 4773 omnes

2104 4805 2277 4862 factus
2302 4822 2421 4862 sum
2458 4827 2472 4871 ;
2506 4824 2701 4862 novum
2721 4809 2864 4863 enim
2914 4824 3159 4864 meorum
3217 4824 3529 4865 sermonum
3567 4810 3683 4862 lau-

2102 4900 2345 4956 datorem
2383 4901 2614 4956 feliciter
2640 4901 2867 4969 adeptus
2894 4916 3013 4956 sum
3041 4919 3056 4967 ;
3097 4910 3149 4957 et
3176 4901 3478 4971 praesertim
3510 4899 3678 4968 quod,

2103 4992 2237 5047 alios
2280 4994 2554 5063 sapientes
2589 4993 3015 5060 praetermittens
3068 4992 3244 5062 (multi
3305 5000 3485 5044 autem
3541 4988 3680 5043 forte

2102 5096 2228 5141 sunt
2252 5100 2339 5139 me
2360 5086 2616 5140 meliores
2637 5095 2690 5139 et
2708 5081 3101 5155 sublimiores),
3117 5093 3172 5139 tu
3200 5083 3284 5137 vis
3309 5083 3445 5137 meis
3465 5088 3675 5134 tantum

2103 5178 2383 5247 leporibus
2413 5177 2697 5239 delectari,
2734 5186 2789 5231 et
2826 5175 3126 5231 Oceanicos
3155 5185 3402 5229 veterum
3457 5171 3681 5241 sapien-

2101 5272 2233 5325 tium
2286 5269 2466 5325 fontes
2482 5270 2815 5340 relinquens.
2856 5267 3229 5323 tenuissimam
3266 5279 3441 5320 meam
3476 5278 3675 5333 aquam

2098 5362 2288 5418 hauris
2304 5372 2356 5415 et
2384 5377 2478 5416 ore
2501 5362 2669 5417 hianti
2691 5375 2809 5413 meo
2832 5374 2895 5412 ex
2916 5358 3094 5412 rivulo
3128 5356 3436 5411 inebriaris.

2168 5456 2274 5511 Sed
2291 5471 2388 5527 ego
2409 5456 2622 5524 quidem
2655 5454 2719 5507 de
2738 5461 2789 5507 te
2813 5452 2942 5506 mihi
2972 5450 3213 5521 gratulor
3232 5459 3284 5504 et
3312 5449 3532 5518 glorior.
3552 5447 3674 5504 Tibi

2096 5550 2240 5604 enim
2265 5550 2388 5618 quis
2416 5549 2622 5601 daemon
2660 5544 2872 5611 invidit,
2890 5552 2945 5599 et
2968 5541 3387 5614 cogitationibus
3409 5541 3671 5609 despera-

2097 5642 2242 5696 tione
2268 5641 2444 5707 plenis
2467 5647 2699 5693 mentem
2738 5647 2883 5691 tuam
2930 5636 3193 5705 corrupit,
3225 5648 3283 5689 ut
3315 5633 3668 5691 arbitrareris

2096 5744 2241 5788 tuum
2260 5733 2560 5796 fratrem,et
2575 5741 2633 5786 ut
2648 5734 2718 5787 ita
2736 5731 2908 5785 dicant
2924 5738 3157 5797 patrem,
3172 5727 3511 5788 imminuisse
3526 5732 3673 5801 prio-

2096 5842 2209 5881 rem
2228 5827 2277 5877 in
2305 5834 2355 5879 te
2382 5826 2789 5895 benignitatem,
2810 5831 2865 5878 et
2887 5823 2953 5876 ad
2979 5823 3253 5878 felicitatis
3274 5823 3552 5895 fastigium
3576 5825 3671 5880 ad-

2094 5918 2837 5985 dnccntem,bencvolentiam
2861 5917 2914 5973 in
2942 5926 2991 5974 tc
3007 5918 3351 5990 deposuisse?
3369 5918 3486 5985 Quo
3505 5921 3670 5992 igitur
