4450 6448
425 381 558 442 1185
1792 372 2282 435 FRAGMENTA.
3525 379 3660 444 1186

415 508 561 556 νητοι
595 491 841 553 με’νασαι
867 488 987 546 τοὺς
1023 485 1394 556 κεκτημένους
1430 483 1685 545 πολλάκις
1713 500 1985 536 καταπον-
2014 494 2059 548 Α
2092 488 2172 540 tio:

1908 502 1985 536 av-
2014 494 2059 548 Α
2092 488 2233 540 tione
2283 485 2556 540 destitutae
2607 487 2806 556 sapius
2855 502 3200 555 possessores
3250 503 3376 543 suos
3425 488 3480 544 in
3517 508 3665 546 mare

416 582 642 642 τίζονσι.
678 582 768 630 Δεῖ
798 579 904 648 γάρ
937 581 1067 647 ἡμῖν
1109 582 1221 637 τοίς
1258 579 1316 629 ὲν
1357 577 1431 644 τῷ
1465 575 1563 644 βίῳ
1598 575 1851 643 εὐροοῦσι
1889 577 1982 627 καὶ
2099 593 2173 632 ωε

1910 577 1982 627 ιαὶ
2099 589 2373 646 mergunt.
2415 579 2558 648 Opus
2578 587 2662 632 est
2699 579 2840 631 enim
2867 579 3022 632 uobis
3054 581 3108 632 in
3161 582 3266 633 vita
3318 581 3552 635 feliciter
3575 584 3667 636 de-

416 675 735 738 φερομένοις
785 671 1100 732 ἀπταίστως
1155 668 1248 721 καὶ
1283 666 1502 736 χαλινοῦ
1550 665 1696 726 τινος
1731 666 1986 734 κατέχον-
2098 688 2173 742 κει

1912 683 1986 717 W-
2098 675 2347 742 gentibus
2389 683 2443 726 et
2470 675 2588 728 sine
2630 672 2937 727 oﬂ‘ensione
2995 674 3338 728 currentibus
3385 674 3539 729 freno
3570 676 3669 728 ali-

418 779 506 823 τος
530 762 624 820 τὰς
654 761 880 828 ἀλόγους
905 761 1078 830 ὁρμάς
1114 760 1208 812 καὶ
1239 759 1334 830 τὴν
1369 759 1643 828 λεωφόρον
1687 758 1824 811 ξέναι
1856 776 1988 810 παι·
2098 777 2175 831 qu.

1910 776 1988 810 ιι-
2098 777 2204 831 quo
2260 772 2439 816 motus
2476 778 2670 832 pravos
2699 763 2978 819 detinente
3019 774 3071 818 et
3123 764 3174 816 in
3238 767 3324 818 via
3391 767 3667 819 communi

417 854 682 915 δεύοντας.
2098 871 2174 910 θη]

2098 857 2378 910 ambulare
2401 858 2646 911 docente.

505 947 590 997 Ἐν
628 947 834 1008 τούτοις
859 941 951 998 οὗν
1001 962 1089 1014 μοι
1132 943 1438 1012 φιλοσοφῶν
1475 943 1690 1011 φαίνου,
1715 942 1808 995 καὶ
1839 942 1991 1007 ἅπαξ
2160 946 2214 1001 ln

1911 942 1991 1007 ταξ
2160 946 2214 1001 ln
2273 947 2358 1002 his
2395 947 2560 1017 igitur
2588 947 2720 1001 mihi
2774 948 3147 1017 philosophari
3183 947 3439 1012 videaris,
3491 955 3545 1002 et
3581 961 3668 1001 se-

423 1037 618 1089 aautbv
653 1037 910 1105 στηρίξας
945 1039 1032 1091 ἔπ’
1085 1039 1360 1107 ἀσφαλοῦς
1414 1035 1698 1106 κρηπῖδος,
1750 1036 1848 1103 τῆς
1895 1035 1989 1090 τοῦ
2097 1054 2180 1092 me

1916 1035 1989 1090 τοῦ
2097 1037 2202 1092 mel
2238 1053 2300 1092 ac
2339 1048 2390 1091 te
2441 1039 2496 1091 in
2533 1046 2643 1091 tuta
2681 1039 2794 1092 basi
2863 1039 3263 1104 obllrmaveris,
3327 1038 3673 1108 imperatoris

425 1124 683 1193 βασιλέως
719 1131 809 1179 καὶ
861 1127 1090 1196 ἀδελφοῦ
1126 1130 1256 1198 πρὸς
1303 1131 1360 1180 σὲ
1390 1129 1701 1189 διαθέσεως,
1740 1125 1991 1196 άκύμαν-
2096 1142 2148 1183 et

1913 1145 1991 1180 ιν·
2096 1142 2148 1183 et
2198 1129 2384 1183 lratris
2413 1130 2468 1183 in
2529 1141 2581 1185 te
2616 1131 2915 1194 voluntate,
2946 1145 3011 1184 ne
3041 1132 3551 1200 supervenientibus
3575 1143 3670 1184 oo-

423 1234 513 1278 τος
551 1223 638 1269 ἓ.σο
665 1223 770 1281 τοῖς
808 1224 1141 1288 ἐμπίπτουσι
1165 1222 1467 1291 λογισμοῖς.
2097 1221 2173 1289 Sil

1340 1226 1467 1285 ιοϊς.
2097 1221 2454 1289 gitationibus
2487 1235 2724 1289 unquam
2769 1222 3097 1276 molesteris.

438 1417 3622 1455 Μ

1491 1603 2138 1694 MICHAELIS
2211 1605 2621 1694 PSELLI

1832 1816 1946 1859 FBA
1955 1814 2257 1859 GMENTUM

882 1947 969 1999 EX
997 1945 1349 2001 ORATIONE
1405 1945 1690 2001 NONDUM
1728 1944 1933 1998 EDITA
1975 1945 2064 1998 AD
2115 1940 2659 1999 CONSTANTINUM
2704 1939 3210 1997 MONOSIACHUM.

1020 2109 1199 2180 (Apud
1229 2108 1465 2165 Leonem
1497 2109 1753 2164 Allatium
1790 2107 1864 2164 De
1894 2107 2100 2177 templis
2146 2105 2450 2161 Graecorum
2474 2103 2882 2167 recentioribus,
2922 2117 2976 2172 p.
3019 2103 3074 2156 ‘5.

513 2423 527 2438 .
568 2422 581 2436 .
611 2422 625 2436 .
660 2424 674 2438 .
703 2425 716 2439 .
739 2384 882 2437 Ἀλλ’
914 2387 973 2438 οὐ
1006 2387 1185 2456 πάντη
1218 2386 1499 2456 τερφθήσῃ
1526 2389 1638 2448 τοῖς
1676 2384 2000 2454 ὀφθαλμοῖς,
2033 2389 2076 2445 Β
2179 2381 2270 2436 Set

1916 2384 2000 2448 ιῖς,
2033 2389 2076 2445 Β
2179 2381 2285 2436 Sed
2322 2395 2430 2434 non
2475 2379 2622 2435 omni
2646 2393 2711 2433 ex
2735 2387 2889 2446 parte
2912 2374 3296 2438 delectaberis,
3329 2387 3431 2428 nec
3459 2372 3513 2427 in
3555 2387 3673 2426 orn-

439 2471 549 2523 οὑδ*
574 2474 640 2542 ὲφ
673 2473 684 2492 ’
713 2473 855 2537 ὅλοις
895 2477 1338 2546 προσμειδιάσας
1368 2493 1380 2506 ·
1414 2478 1527 2538 τοῖς
1559 2475 1860 2546 ὁρωμένοις
1894 2474 2009 2540 ὲξε-
2108 2474 2196 2528 nib

1925 2474 2009 2540 ξε-
2108 2474 2266 2528 nibus
2299 2471 2603 2527 visibilibus
2661 2468 2958 2540 gaudebis;
3018 2465 3275 2521 excitabit
3307 2463 3450 2517 enim
3481 2471 3531 2515 te
3565 2476 3675 2515 me-

440 2567 595 2630 τερεῖ
620 2564 728 2636 γάρ
762 2583 818 2618 σε
849 2568 1022 2638 μέσης
1044 2569 1233 2631 νυκτὸς
1264 2571 1290 2622 ὁ
1313 2568 1502 2622 κώδων
1522 2570 1548 2621 ὁ
1575 2567 1736 2637 ἱερὸς,
1773 2567 1868 2620 καὶ
1896 2567 2009 2629 τοῖς
2107 2564 2194 2618 dia

1921 2567 2009 2629 τοῖς
2107 2564 2194 2618 dia
2226 2573 2382 2619 nocte
2415 2579 2628 2619 sacrum
2663 2560 3082 2618 tintinnabulum
3115 2568 3168 2614 et
3198 2556 3369 2612 sacris
3397 2555 3678 2608 incumbes

442 2654 606 2718 θείοις
660 2658 1046 2727 ἐνστηλωθήσιι
1080 2661 1352 2728 ἐδάφεσιν.
2107 2671 2199 2725 P1“

693 2659 1046 2727 νστηλωθήσιι
1080 2661 1352 2728 ἐδάφεσιν.
2107 2651 2450 2725 pavimentis.

1696 3067 2120 3128 MICHAELIS
2159 3064 2423 3125 PSELLI

846 3237 916 3289 Ex
943 3237 1090 3287 variis
1111 3233 1363 3300 opusculis
1390 3236 1587 3286 ineditis
1617 3234 1893 3298 fragmenta
1917 3234 1978 3283 ab
2003 3232 2170 3282 Leone
2211 3229 2395 3282 Aliatio
2423 3226 2766 3279 Dissertationi
2797 3226 2858 3275 de
2883 3223 3060 3274 Psellis
3092 3225 3292 3273 inserta.

2018 3413 2088 3425 -ι-

523 3523 790 3615 Epitapltii
818 3545 1003 3600 matris
1045 3545 1362 3614 fragmenta.
1403 3541 1539 3597 Vide
1570 3554 1736 3609 supra
1770 3540 1874 3595 col.
1908 3538 2035 3593 490.
2063 3567 2130 3577 -
2188 3535 2569 3604 Fragmentum
2605 3531 2770 3586 libelli
2798 3531 2860 3583 de
2920 3525 3324 3582 admirabilibus
3353 3523 3683 3579 lectionibus.

446 3640 569 3697 \lid.
599 3642 700 3698 col.
736 3641 862 3697 49!.
896 3667 970 3686 —
999 3636 1318 3696 Prommium
1347 3638 1468 3693 libri
1493 3636 1822 3693 medicinalis
1847 3636 1913 3689 ad
1945 3633 2347 3690 Constantinum
2379 3628 2900 3699 Porphyrogenitum.
2937 3622 3071 3678 Vide
3097 3622 3205 3676 col.
3237 3618 3360 3674 525.
