4450 6448
1686 611 3037 827 APPENDIX

748 988 1047 1166 AD
1136 980 1863 1166 OPEBA
1944 982 2505 1162 MICH.

2219 973 3125 1162 CHAELIS
3212 973 3976 1154 PSELLI

1913 1445 2790 1560 ANONYMI

1167 1692 1346 1802 DE
1429 1683 2648 1822 ANTIQUITATIBUS
2710 1675 3561 1797 CPOLITANIS

1754 1912 1973 1972 LIBRI
2013 1910 2183 1974 SIVE
2223 1909 2517 1970 PARTES
2577 1905 2965 1979 QUATUOR.

1661 2069 1802 2132 (Ans.
1861 2070 2098 2129 Βλιςυσλι,
2151 2062 2421 2127 Imperium
2485 2059 2771 2124 Orientale,
2819 2066 2940 2113 tom.
2999 2062 3063 2125 ι.)

815 2414 1068 2473 Auctoris
1120 2412 1310 2466 harum
1348 2406 1625 2476 Originum
1660 2401 1764 2456 CP.
1792 2412 1984 2455 nomen
2010 2396 2321 2467 ignoratur;
2366 2391 2457 2445 sed
2489 2390 2587 2446 sub
2614 2388 2804 2444 Alexio
2866 2388 3147 2444 Comneno
3199 2402 3319 2443 eum
3357 2387 3554 2442 vixisse
3600 2400 3667 2441 ex
3704 2384 3893 2441 iambis
3926 2384 3980 2439 in

755 2523 937 2575 fronte
980 2512 1170 2583 positis
1216 2507 1512 2574 Alexioque
1543 2497 1855 2569 imperatori
1892 2494 2214 2562 nuncupatis
2245 2488 2526 2558 arguitur;
2558 2502 2622 2541 ex
2650 2486 2846 2557 quibus
2873 2485 3036 2540 etiam
3075 2484 3395 2552 scriptorem
3430 2492 3674 2540 nostrum
3709 2483 3983 2537 exstitisse

744 2578 1081 2684 professione
1133 2603 1453 2658 monachum
1490 2597 1643 2652 facile
1676 2595 1974 2654 crederem,
2007 2590 2127 2643 dum
2182 2585 2253 2641 ibi
2281 2584 2527 2639 Alexium
2575 2583 2820 2654 pluribus
2850 2581 3034 2635 laudat
3092 2596 3121 2636 a
3160 2580 3523 2637 muniﬁcentia
3555 2588 3610 2635 et
3660 2578 3985 2634 liberalitate

748 2670 802 2759 in
846 2699 1139 2756 monachos
1172 2696 1272 2765 (α).
1306 2690 1587 2747 Trecentis
1633 2688 1795 2757 igitur
1821 2691 1872 2736 ct
1907 2680 2294 2750 quinquaginta
2324 2677 2543 2731 circiter
2594 2674 2752 2728 anuis
2777 2673 3040 2729 Codiuum
3070 2684 3228 2728 aetate
3269 2675 3461 2743 praeit;
3496 2672 3583 2742 qui
3622 2672 3805 2739 procul
3828 2670 3984 2725 dubio

748 2798 1001 2869 pleraque
1030 2807 1095 2846 ex
1130 2762 1316 2843 nostro
1339 2786 1604 2851 scriptore
1658 2779 1871 2841 hausit;
1916 2776 1967 2827 in
2000 2771 2180 2825 multis
2213 2785 2341 2825 vero
2374 2768 2439 2823 ab
2472 2782 2536 2822 eo
2563 2767 2827 2836 discrepat
2862 2784 2875 2833 ;
2913 2779 3083 2833 neque
3107 2765 3159 2819 in
3191 2765 3541 2821 describenda
3572 2764 3703 2817 urbe
3737 2762 3981 2817 eumdem

746 2856 992 2947 ordinem
1022 2890 1221 2939 servat.
1255 2877 1499 2935 Codinus
1525 2873 1721 2942 quippe
1748 2869 1891 2924 nullo
1920 2865 2109 2922 ordine
2137 2873 2351 2918 servato
2396 2861 2543 2916 urbis
2559 2859 2664 2914 CP.
2696 2859 2917 2913 aedificia
2973 2869 3235 2922 recenset,
3292 2858 3453 2913 situm
3490 2873 3593 2911 non
3626 2856 3906 2925 assignat;
3953 2868 3986 2909 c

747 2980 1022 3039 contrario
1055 2990 1181 3029 vero
1213 2975 1527 3040 Auouymus
1552 2976 1736 3019 noswr
1779 2962 1963 3014 urbem
2003 2968 2113 3012 tres
2142 2956 2193 3010 in
2223 2965 2402 3024 partes
2455 2953 2793 3006 distributatn
2852 2951 3043 3004 ordine
3103 2951 3357 3005 describit
3396 2967 3409 3015 ;
3444 2959 3497 3003 et
3542 2950 3717 3018 primo
3768 2946 3980 3017 quidem

748 3078 889 3131 libro
925 3074 1152 3143 primam
1192 3065 1341 3119 urbis
1370 3071 1574 3131 partem
1613 3072 1729 3126 qua:
1781 3053 2071 3121 incipiebat
2114 3065 2141 3103 a
2181 3049 2379 3118 palatio
2414 3046 2661 3108 Chalces,
2714 3055 2768 3099 et
2816 3059 2844 3098 a
2876 3044 3051 3097 'Mdlio
3121 3059 3289 3113 usque
3338 3044 3404 3097 ad
3462 3055 3668 3112 portam
3714 3041 3981 3111 Auream;

752 3172 886 3223 libro
916 3137 1150 3221 secundo
1179 3162 1400 3213 alteram
1452 3163 1657 3222 partem
1697 3164 1817 3218 qnze
1865 3144 2155 3213 incipiebat
2188 3159 2215 3195 a
2251 3140 2678 3212 szcanisterio,
2734 3137 3068 3207 llodegetria:
3114 3138 3362 3201 ecclesia,
3408 3148 3461 3192 et
3492 3138 3766 3206 Manganis
3818 3150 3986 3205 usque

752 3263 818 3317 ad
852 3261 1214 3317 Biachernas;
1254 3253 1388 3304 libro
1414 3247 1572 3301 tertio
1607 3252 1813 3314 partem
1847 3241 2081 3303 tertiam,
2129 3252 2247 3306 qum
2283 3234 2572 3304 incipiebat
2621 3234 2687 3287 ab
2717 3233 2884 3286 altera
2921 3242 3073 3300 parte
3108 3232 3166 3286 S.
3200 3232 3395 3300 Sergii,
3439 3241 3491 3287 et
3520 3231 3733 3301 palatiis
3759 3230 3987 3299 Sophia-

749 3359 1026 3423 nisusque
1053 3352 1116 3401 ad
1152 3358 1333 3399 muros
1386 3336 1745 3395 occidentales
1784 3333 2097 3403 Magnarum
2156 3328 2462 3382 Portarutn.
2501 3324 2630 3377 ltem
2663 3323 2850 3378 eodem
2892 3324 2994 3378 hoc
3031 3324 3167 3378 libro
3213 3325 3325 3392 agit
3357 3324 3420 3379 de
3450 3326 3666 3393 palatiis
3720 3334 3774 3378 et
3803 3339 3987 3379 mona-

748 3415 1286 3501 steriis-suburbaltis
1315 3455 1329 3490 :
1364 3436 1430 3489 de
1466 3429 1807 3487 monasteriis
1838 3424 2122 3484 Peraticis.
2157 3429 2210 3476 et
2243 3420 2308 3473 de
2337 3419 2676 3473 monasteriis
2715 3427 2864 3470 trans
2885 3415 3106 3472 fretum.
3158 3416 3318 3473 Libro
3367 3419 3595 3487 denique
3642 3428 3799 3486 qnart
3881 3418 3985 3484 agit

747 3542 1066 3604 Anonymus
1116 3541 1303 3585 noster
1333 3529 1399 3581 de
1425 3534 1692 3578 structura
1725 3519 1858 3574 adis
1891 3516 2338 3584 Sophiante,qua:
2366 3510 2418 3564 in
2454 3510 2636 3564 multis
2680 3509 2892 3564 diversa
2960 3508 3028 3561 ab
3063 3509 3223 3564 editis
3258 3519 3501 3576 apparet.
3561 3508 3748 3564 Varias
3807 3519 3983 3562 autem

751 3598 1005 3687 laniones
1043 3625 1342 3694 plerasque,
1377 3634 1495 3684 qua:
1532 3617 1581 3667 in
1614 3607 2026 3666 Commentariis
2067 3604 2267 3658 nostris
2319 3602 2601 3663 habentur,
2648 3600 3056 3668 suppeditarunt
3083 3600 3254 3655 codex
3301 3598 3495 3669 Regius
3562 3616 3709 3655 num.
3768 3601 3984 3655 5038.5.

751 3710 935 3794 (quem
986 3692 1403 3787 {appellamus
1445 3709 1509 3764 ad
1543 3706 1898 3761 tlill'erentiam
1946 3699 2161 3756 Codicis
2204 3697 2354 3767 Regii
2387 3710 2533 3748 num.
2560 3692 2778 3751 3038.4.
2813 3708 2878 3748 ex
2910 3709 3015 3761 quo
3070 3706 3298 3762 quatuor
3351 3698 3550 3764 primos
3598 3697 3985 3766 Antiquitatutn

752 3789 919 3875 libros
949 3812 1359 3882 exscripsimus,
1386 3816 1438 3862 et
1463 3821 1620 3875 quem
1660 3804 1707 3856 Ι.
1738 3798 2012 3867 vocamus)
2048 3805 2102 3850 et
2141 3794 2317 3850 Codex
2348 3791 2691 3847 Colbcrtinus
2720 3806 2865 3845 num.
2913 3790 3075 3845 5607.
3106 3789 3287 3860 Stylus
3325 3805 3501 3846 autem
3528 3794 3789 3865 Anonymi
3821 3796 3986 3849 nostri

749 3920 832 3968 εει
891 3911 1073 3964 varius
1100 3915 1152 3961 et
1187 3902 1482 3972 inaequalis,
1538 3909 1720 3967 utpote
1742 3895 1833 3965 qui
1857 3907 1992 3962 opus
2022 3906 2201 3953 suum,
2264 3899 2322 3941 ut
2375 3886 2632 3948 arbitror,
2666 3900 2732 3940 ex
2789 3885 3017 3939 diversis
3050 3886 3403 3955 scriptoribus
3439 3887 3718 3956 Originum
3754 3904 3845 3943 seu
3879 3890 3987 3944 An-

759 4004 1075 4072 tiquitatnm
1102 3993 1842 4064 Constantinopolitanarum,
1866 3999 1919 4045 et
1948 4004 2010 4041 ex
2047 3987 2165 4041 aliis
2196 3984 2587 4040 Chronicorum
2610 3981 2963 4051 scriptoribus
2981 3984 3070 4052 qui
3103 3992 3227 4037 ante
3245 3985 3414 4051 ipsum
3431 3983 3746 4047 ﬂoruerunt,
3772 4000 3990 4041 consar-

752 4102 953 4156 ciuavit
994 4114 1094 4168 pro
1122 4109 1270 4150 more
1297 4103 1573 4147 auctorum
1602 4090 1744 4143 illius
1765 4088 1885 4144 aevi.
1907 4082 2336 4153 Hauseritigitur
2354 4095 2417 4136 ex
2436 4076 2695 4147 opusculo
2714 4074 2963 4147 llesychii
3009 4076 3223 4144 Milesii,
3283 4078 3425 4146 quod
3489 4078 3799 4131 inscribitur
3852 4080 3985 4152 Περὶ

752 4192 862 4247 τῶν
895 4190 1161 4257 πατρίων,
1215 4185 1329 4241 sive
1360 4182 1436 4237 De
1478 4180 1767 4248 originibus
1804 4174 1918 4231 CP.
1949 4183 2003 4230 et
2031 4188 2098 4229 ex
2132 4172 2302 4226 altero
2332 4171 2570 4238 ejusdem
2609 4171 2747 4226 tituli
2780 4181 2832 4226 et
2866 4170 3163 4243 argumenti
3199 4168 3475 4241 opusculo,
3505 4180 3720 4225 auctore
3750 4171 3989 4226 Christo.

751 4288 907 4351 doro,
948 4280 1162 4338 Panisci
1188 4273 1610 4343 lilio,Copteusi,
1661 4284 1817 4339 quem
1849 4268 2071 4322 laudant
2123 4265 2318 4320 Suidas
2346 4273 2401 4319 et
2440 4262 2675 4319 Eudocia
2707 4264 2946 4334 Augusta
2975 4264 3026 4318 in
3054 4262 3245 4327 Ioniis,
3300 4278 3463 4331 Opere
3521 4280 3621 4320 ms.
3658 4279 3685 4318 a
3741 4266 3894 4321 nobis
3934 4265 3985 4319 in

759 4372 1182 4433 Commentariis
1221 4382 1362 4438 saepe
1395 4368 1582 4421 citato.
1624 4362 1894 4418 Fortassis
1936 4369 1989 4415 et
2030 4374 2096 4414 ex
2130 4359 2250 4414 aliis
2281 4357 2520 4425 ejusdem
2557 4358 2857 4428 argumenti
2891 4358 3269 4429 scriptoribus,
3297 4360 3388 4427 qui
3421 4360 3657 4414 citantur
3684 4375 3713 4413 a
3749 4359 3989 4432 Porphy-

752 4469 1001 4535 rogenito
1040 4464 1131 4517 lib.
1168 4475 1205 4515 ιι
1246 4459 1321 4512 De
1355 4460 1513 4512 them.
1546 4472 1664 4525 cap.
1706 4455 1815 4511 ηε
1861 4464 2121 4526 praeterea
2175 4457 2245 4508 ex
2272 4459 2493 4507 auctore
2525 4450 2784 4507 Chronici
2840 4452 3214 4517 Alexandrini,
3252 4451 3597 4519 Theophane,
3632 4453 3875 4510 Cedreno
3926 4470 3990 4510 ac

753 4561 976 4630 reliquis
1010 4556 1250 4613 historia:
1286 4553 1591 4624 Byzantina:
1645 4549 2022 4619 scriptoribus.
2055 4546 2322 4603 Caeterum
2353 4560 2512 4602 voces
2546 4545 2862 4617 peculiares,
2910 4560 2974 4601 ac
3001 4546 3228 4617 phrases
3254 4547 3449 4617 quibus
3480 4549 3646 4603 utitur
3672 4547 3990 4619 Anonymus

753 4669 960 4721 noster,
1004 4657 1055 4710 in
1092 4652 1507 4711 Commentariis
1533 4650 1861 4704 adnotantur
1900 4646 2014 4703 suis
2040 4644 2175 4700 locis
2194 4654 2248 4700 et
2280 4644 2618 4716 explicantur
2646 4644 2741 4715 (b).

816 4840 885 4901 (a)
914 4836 1143 4901 ACas‘imiri
1178 4835 1360 4901 Ondini
1388 4838 1697 4901 argumenta,
1742 4829 1924 4892 quibus
1946 4826 2425 4901 istas_A_ntiqullatep
2450 4824 2679 4901 blicbaeli
2712 4824 2881 4901 Psello
2904 4824 3152 4901 vindicare
3177 4821 3335 4901 soluit
3360 4823 3410 4901 iu_
3432 4822 3560 4901 libro
3589 4824 3990 4901 pe'acriptoribua

750 4886 1238 4953 ecEIEsiasticis.tom.
1264 4896 1326 4955 ll,
1362 4886 1621 4945 admodum
1645 4886 1832 4943 incerta
1865 4904 1977 4940 esse
1999 4903 2054 4938 ac
2078 4886 2265 4939 lubrica
2306 4887 2478 4951 probat
2501 4889 2609 4949 ipse
2635 4888 2907 4937 Bandurius
2928 4887 2976 4936 in
3020 4886 3318 4937 Praiatione
3352 4888 3411 4935 ad
3446 4892 3563 4936 tom.
3592 4886 3988 4938 lNumismatmu

751 4963 1116 5024 imperatorum,
1156 4960 1312 5018 Paris,
1346 4959 1464 5024 iiiis
1484 4958 1567 5007 fol.

811 5021 881 5087 (ὁ)
912 5025 1066 5073 Adeal
1089 5023 1291 5094 lector,
1312 5023 1353 5071 si
1381 5022 1540 5094 lubet,
1569 5023 1727 5085 ipsum
1755 5024 1986 5094 Bandurii
2012 5038 2165 5094 opus;
2204 5025 2281 5094 bis
2312 5026 2445 5072 enim
2472 5021 2857 5084 commentariis,
2882 5036 3024 5087 quam
3053 5038 3140 5087 par
3162 5031 3240 5078 est
3278 5024 3633 5088 diti‘usioribus,
3672 5041 3779 5080 nam
3813 5042 3906 5094 per
3930 5032 3998 5081 in-

749 5085 944 5147 tegrum
970 5085 1195 5137 maximae
1219 5087 1386 5134 formae
1410 5085 1642 5135 volumen
1666 5088 2031 5149 exspatiantur,
2058 5085 2217 5135 loctim
2250 5088 2367 5137 dare
2396 5099 2492 5135 non
2530 5098 2803 5148 possumus.
