4450 6448
421 367 556 430 H89

1347 368 1443 428 DE
1476 320 2137 441 ANTIQUiTATlBUS
2177 368 2651 434 CPOLITANIS.

3542 369 3682 438 1190

2135 528 2180 545 Ἀ

2184 525 3669 556 M

1518 628 2563 850 ANONYMI

815 958 996 1097 DE
1087 959 2322 1100 ANTIQUITATIBUS
2406 934 3322 1091 CPOLITANIS"

1746 1182 1981 1244 LIBER
2038 1186 2341 1248 PRIMUS

691 1312 815 1388 Qui
857 1313 1080 1394 incipit
1106 1332 1141 1377 ε
1175 1317 1408 1399 palatio
1452 1319 1714 1385 Chalces
1754 1330 1813 1387 et
1837 1342 1871 1387 ο
1896 1325 2211 1401 Milliario,
2254 1344 2325 1391 ac
2352 1328 2661 1409 pertingit
2695 1331 2773 1393 ad
2805 1335 3049 1410 portam
3093 1330 3396 1391 Auream.

507 1640 818 1695 CIPIUNT
853 1640 1006 1696 CUM
1049 1641 1237 1730 DEQH
1261 1642 1483 1699 URBIS
1542 1645 2264 1715 ΑΝΤΙΩΠΙΤΑ-ΑΑΡΧΕ

1919 1650 1989 1703 Α·
2016 1654 2065 1715 Α
2088 1656 2315 1711 APXEI
2347 1660 2489 1712 ΣΥΝ
2535 1660 2673 1730 eoo
2703 1661 2884 1729 ΑΙἿῼ
2921 1663 2993 1713 TA
3033 1659 3303 1713 HATPIA
3358 1657 3500 1710 ms
3543 1658 3676 1709 ηο-

1100 1711 1258 1768 TES.

487 1803 604 1868 Qun
629 1816 789 1872 pacto
822 1806 1072 1859 occultos
1103 1806 1330 1873 laqueos
1356 1810 1599 1875 evasisti,

418 1897 479 1948 Et
512 1914 673 1959 quam
702 1898 980 1963 sapienter
1019 1915 1114 1954 eos
1148 1902 1199 1954 in
1221 1901 1394 1956 lucem
1427 1905 1703 1958 eduxisti!

416 1988 530 2041 bisi
558 1990 703 2042 enim
736 1990 854 2050 hos.
891 1991 998 2046 Deo
1025 1994 1343 2061 adiuvante,
1371 1998 1744 2063 explorasses.

412 2076 529 2133 Non
560 2080 799 2135 hostium
832 2086 1189 2153 supercilium
1241 2086 1557 2154 dejecisscs,
1591 2104 1623 2143 ο
1673 2088 2005 2158 imperator-

415 2172 494 2225 Ad
514 2187 771 2241 suprema
799 2176 1131 2239 conscende,
1170 2179 1464 2234 virtutibus
1494 2190 1829 2246 coronatus;

415 2260 539 2316 Illas
570 2262 717 2315 enim
744 2264 856 2331 jam
890 2266 1019 2318 olim
1051 2277 1228 2322 tecum
1268 2281 1576 2341 pugnantes
1608 2275 1850 2339 obtines,

414 2352 538 2407 Haec
567 2357 857 2422 praevalida
886 2373 1034 2412 arma
1063 2361 1115 2413 in
1147 2364 1345 2427 praeliis
1367 2374 1566 2432 gestas.

412 2443 792 2508 Prudentiam,
829 2450 1233 2516 fortitudinem,
1261 2459 1706 2525 temperantiam.

411 2536 712 2600 Justitiam,
740 2540 1001 2608 ipsasque
1038 2559 1143 2597 una
1178 2546 1527 2615 conjunctas.

416 2629 507 2684 Dei
561 2633 818 2688 mandata
848 2652 1098 2705 servans,
1131 2657 1164 2695 ο
1198 2643 1519 2713 imperator,

418 2754 1011 2823 MansuetusJiumilis,
1037 2775 1099 2813 ac
1133 2760 1307 2817 facilis
1338 2778 1561 2817 accessu
1590 2779 1673 2831 es,

413 2844 795 2916 Omnibusque
824 2857 876 2903 te
910 2853 1195 2905 monachis
1226 2853 1488 2920 cxpandis

416 2937 633 3007 Eosque
669 2942 943 3007 supremis
974 2943 1295 2997 muneribus
1321 2945 1483 2997 ditas.

412 3030 592 3094 Quare
620 3040 673 3084 te
706 3032 964 3087 Christus
992 3036 1163 3101 magis
1191 3036 1470 3103 magisque
1503 3044 1836 3097 remunerat,

409 3119 546 3173 Dum
573 3129 625 3174 te
653 3123 907 3189 protegit,
939 3132 1230 3192 servatque
1260 3125 1313 3177 in
1332 3128 1526 3195 pugnis
1553 3142 1676 3179 cum
1706 3127 1980 3193 hostibus,

408 3211 499 3279 Ac
520 3227 616 3265 eos
642 3212 834 3265 dexter
859 3213 954 3267 tibi
989 3216 1205 3282 penitus
1241 3218 1290 3268 in
1320 3218 1499 3288 fugam
1526 3218 1708 3272 vertit.

409 3301 677 3355 Caeterum
708 3303 761 3355 in
796 3306 1109 3356 memoriam
1134 3315 1473 3375 perpetuam,
1501 3324 1531 3358 ο
1559 3308 1876 3376 imperator,

408 3390 650 3445 Tuorum
684 3401 1013 3462 tropmorum
1040 3397 1190 3450 nullo
1217 3406 1463 3465 tempore
1491 3398 1801 3463 delendam,

407 3482 631 3546 Domus,
660 3487 885 3554 templa,
905 3496 1141 3551 statuas,
1177 3489 1615 3560 mmniorumque
1633 3493 1771 3547 situs

406 3568 679 3639 Byzantii,
719 3575 773 3626 in
802 3591 968 3628 unutn
1002 3586 1261 3631 accurate
1289 3579 1538 3643 collecta,

404 3660 523 3717 Tibi
559 3664 749 3721 Alexio
775 3665 1055 3723 Comneno
1088 3670 1403 3739 imperatori
1436 3670 1624 3725 offero.

2770 1731 2987 1786 ΛΕὬΣ.

2170 1835 2233 1887 ’Ὠ
2258 1833 2370 1894 πῶς
2407 1827 2673 1901 μετῆλθες
2692 1825 2789 1887 τὰς
2825 1821 3216 1893 κεκρυμμένας
3245 1818 3451 1887 πάγας,

2093 1930 2202 1982 Καὶ
2233 1927 2349 1986 πῶς
2378 1923 2556 1989 σοφῶς
2579 1921 2785 1991 ἠγαγες
2814 1916 3087 1979 αὑτὰςηείς
3122 1914 3255 1983 φάος
3281 1914 3293 1966 !

2092 2026 2157 2078 Εἰ
2192 2022 2266 2090 μὴ
2302 2018 2412 2087 γὰρ
2444 2015 2611 2076 αὐτὸς
2642 2013 2707 2065 ὲκ
2736 2009 2877 2063 Θεοῦ
2904 2009 3271 2065 ὲπεσκέπτου,

2093 2117 2207 2169 Οὐκ
2236 2113 2303 2166 ἂν
2338 2107 2591 2170 καθεῖλες
2621 2102 2907 2175 δυσμενῶν
2934 2099 3130 2170 ὀφρῦν,
3164 2097 3345 2169 μέδον.

2093 2206 2276 2274 Χώρει
2307 2201 2430 2256 κατ’
2467 2200 2654 2269 ἄκρων
2689 2197 2915 2266 ἀρεταῖς
2947 2191 3320 2262 ἐστεμμένος·

2097 2300 2282 2366 Ἔχεις
2306 2295 2414 2364 γὰρ
2444 2293 2612 2354 αὑτὰς
2645 2287 3043 2360 συμμαχούσας
3082 2302 3165 2336 σοι
3198 2282 3391 2343 πάλαι,

2095 2389 2301 2442 Ὃπλον
2330 2383 2590 2455 κραταιὸν
2617 2377 2758 2443 εἶδες
2800 2382 2859 2432 ὲν
2895 2377 3094 2447 μάχαις
3126 2370 3392 2445 [φέρειν,]

2092 2484 2382 2554 Φρόνησιν,
2413 2475 2667 2547 ἀνδρείαν
2687 2490 2768 2534 τε.
2808 2473 2903 2524 καὶ
2939 2469 3320 2538 σωφροσύνην,

2092 2571 2479 2639 Δικαιοσύνην,
2513 2565 2954 2635 συνεζευγμένας
2984 2562 3213 2626 ταύτας,

2092 2666 2229 2722 Θεοῦ
2261 2665 2545 2734 φυλάττων
2578 2660 2821 2722 ἐντολὰς,
2852 2657 3222 2727 αὐτοκράτορ,

2094 2759 2306 2830 Πραῢς,
2335 2753 2616 2817 ταπεινὸς,
2647 2752 2744 2804 καὶ
2778 2749 3014 2819 γαληνὸς
3043 2747 3358 2815 τυγχάνεις,

2093 2854 2164 2905 Συ
2175 2852 2383 2921 μπᾶσιν
2412 2847 2605 2907 ἁπλοῖς
2640 2844 2841 2898 σαυτὸν
2868 2843 2981 2903 τοῖς
3015 2838 3398 2907 μονοτρόποις,

2095 2944 2207 2997 Καὶ
2239 2939 2622 2998 πλουτοποιεῖς
2652 2935 2883 3003 δωρεαῖς
2912 2931 3262 3000 ὑπερτάτοις.

2012 3008 2062 3069 Β
2093 3032 2259 3084 Ὅθεν
2295 3048 2352 3082 σε
2390 3028 2626 3096 Χριστὸς
2658 3021 3051 3092 άνταμεῐῦεται
3082 3020 3247 3073 πλέον

2093 3123 2342 3181 Σκέπων,
2379 3119 2666 3188 φυλάττων
2703 3121 2759 3170 ὲν
2791 3115 2991 3176 πάλαις
3021 3110 3308 3174 ἐναντίων,

2095 3216 2155 3269 T‘
2186 3213 2382 3274 αὐτοὺς
2412 3211 2702 3279 τροπώσας
2725 3207 2893 3271 δεξιὸς
2929 3205 3262 3276 ὁλοτρόπως.

2095 3308 2337 3377 Μνήμην
2370 3304 2561 3357 λοιπὸν
2587 3303 2866 3354 ἄπαυστον
2898 3301 2953 3352 ὲν
2980 3298 3099 3368 βίῳ,
3128 3296 3287 3360 ἄναξ.

2094 3402 2214 3453 Τῶν
2244 3397 2355 3451 σῶν
2379 3395 2679 3465 τροπαίων,
2709 3394 2782 3463 μὴ
2817 3392 3188 3462 μαρανθεῖσαν
3214 3388 3414 3458 χρόνῳ.

2092 3494 2311 3553 Οῐκους,
2338 3489 2522 3551 ναοὺς,
2558 3486 2759 3553 στήλας
2788 3502 2871 3548 τε,
2901 3485 2996 3537 καὶ
3026 3483 3221 3553 τειχῶν
3253 3483 3453 3545 θέσεις,

2104 3582 2190 3643 Ἐς
2224 3581 2282 3632 ἓν
2309 3578 2555 3647 συνάψας
2583 3576 2829 3646 ἀκριϐῶς
2866 3574 3190 3639 Βυζαντίου,

2104 3672 2327 3741 Ἀλεξίῳ
2361 3670 2579 3741 μέδοντι
2613 3667 2889 3739 Κομνηνῷ
2916 3667 3087 3738 φέρω.

934 3780 1005 3834 De
1039 3780 1291 3851 Byzantii
1326 3786 1619 3849 conditore,
1666 3786 1829 3856 deque
1856 3787 2085 3855 ejusdem
2128 3786 2273 3838 urbis
2328 3800 2599 3836 murorum
2634 3785 2739 3837 sint
2773 3793 2929 3854 atque
2957 3783 3153 3852 forma.

473 3889 765 3946 Sciendum
806 3902 910 3958 est,
941 3894 1261 3966 Byzantium
1313 3900 1571 3968 Byzantis
1610 3903 1754 3971 regis
1787 3905 1975 3957 urbem

402 3983 592 4048 fuisse,
621 3986 782 4053 cujus
814 3988 1009 4054 palatia
1051 3991 1103 4042 in
1134 3990 1385 4059 Acropoli
1415 4005 1593 4048 erant.
1622 3993 1727 4049 Ubi
1749 4006 1803 4051 et
1825 3995 1977 4051 Jovis

403 4080 666 4147 templum
720 4082 848 4134 olim
880 4084 1132 4138 exstabat
1166 4126 1179 4148 ,
1233 4103 1298 4141 ex
1333 4104 1441 4157 quo
1495 4101 1794 4161 supersunt
1828 4109 1976 4148 mar-

401 4172 571 4225 morei
633 4170 867 4228 fornices
939 4177 1251 4244 ingentibus
1305 4178 1427 4234 fulti
1495 4182 1825 4248 columnis;
1884 4185 1973 4239 ubi

398 4263 563 4316 etiam
599 4265 749 4320 Jovis
775 4281 838 4319 ac
868 4267 1091 4321 Saturni
1128 4272 1281 4338 signa
1338 4272 1688 4340 reperiuntur
1722 4292 1735 4329 :
1772 4277 1971 4345 priscis

399 4354 597 4421 quippe
652 4370 768 4408 mos
814 4365 932 4409 erat
989 4356 1043 4411 in
1073 4358 1287 4413 urbium
1326 4362 1547 4419 arcibus
1599 4380 1729 4420 suas
1777 4366 1972 4421 domos

399 4444 479 4495 Vel
522 4446 717 4512 palatia
757 4457 1065 4507 exstruere.
1095 4451 1209 4506 Sub
1240 4451 1479 4525 Byzante
1508 4456 1696 4527 igitur,
1743 4459 1819 4513 uti
1870 4459 1972 4515 bo-

400 4537 613 4605 dieqne,
669 4540 971 4608 incipiebat
1028 4559 1221 4599 murus
1251 4560 1280 4598 a
1343 4549 1481 4602 turri
1517 4546 1877 4621 Acropoleos,
1918 4558 1972 4607 et

400 4628 659 4698 pergebat
703 4632 769 4685 ad
802 4634 998 4687 turrim
1035 4651 1211 4705 usque
1245 4638 1472 4708 Eugenii
1511 4656 1525 4693 :
1556 4641 1684 4697 inde
1704 4643 1974 4697 ascende-

400 4721 490 4774 bat
519 4724 584 4776 ad
626 4723 986 4796 Strategium,
1034 4738 1088 4782 et
1116 4733 1565 4800 progrediebatur
1595 4736 1662 4790 ad
1689 4737 1971 4794 Achilleas

400 4813 685 4870 Thermas.
727 4818 983 4875 Porticus
1022 4838 1149 4875 vero
1192 4822 1397 4879 Urbicii
1435 4826 1598 4899 dicta.
1624 4842 1744 4897 qua:
1770 4829 1971 4883 ibidem

398 4916 596 4969 cxsmt,
639 4921 793 4978 porta
850 4916 1128 4969 terrestris
1160 4917 1583 4986 Byzantinornm
1634 4933 1771 4975 erat.
1832 4920 1971 4977 Hinc

400 4996 454 5050 in
522 5000 907 5069 Chalcopratia
978 5007 1233 5061 tendebat
1299 5027 1512 5078 murus,
1572 5022 1627 5067 et
1684 5031 1856 5085 usque
1906 5016 1971 5070 ad

399 5088 733 5151 Milliarium.
770 5095 861 5148 ubi
911 5097 1081 5151 altera
1112 5106 1231 5152 erat
1285 5113 1439 5170 porta
1497 5107 1803 5162 terrestris.
1841 5106 1972 5163 Inde

398 5181 724 5247 procedebat
764 5186 827 5235 ad
858 5189 1072 5244 tortiles
1106 5192 1393 5248 columnas
1431 5193 1972 5264 Tz-ycalariorum,et

397 5269 763 5329 descendebat
790 5276 856 5329 ad
910 5277 1110 5349 Topos,
1177 5274 1459 5341 etrursus
1500 5287 1823 5345 deﬂectebat
1878 5308 1973 5360 per

399 5360 665 5433 Mangana
692 5379 741 5419 et
770 5368 1037 5425 Thermas
1064 5374 1419 5443 Arcadianas,
1449 5388 1613 5450 atque
1649 5382 1722 5435 ita
1752 5384 1968 5437 demum

402 5458 780 5511 revertebatur
816 5462 865 5513 in
921 5465 1255 5533 Acropolim.
1313 5470 1482 5527 Totus
1536 5484 1717 5528 autem
1779 5491 1969 5532 murus

401 5549 587 5616 \‘iginti
629 5562 835 5620 septem
870 5559 1113 5611 turribus
1145 5560 1446 5620 instructus
1477 5578 1611 5624 erat.
1654 5566 1778 5625 Haec
1804 5570 1969 5640 igitur

399 5652 514 5693 erat
547 5644 694 5697 uritis
724 5644 894 5699 forma
929 5650 1028 5702 Sub
1061 5648 1313 5718 Byzante.

2162 3901 2283 3972 Χρὴ
2345 3900 2638 3967 γινώσκειν
2683 3901 2764 3952 ὅτι
2811 3899 2872 3951 τὸ
2916 3897 3212 3962 Βυζάντιον
3252 3895 3403 3958 πόλις
3453 3889 3523 3965 ἦν
3566 3893 3664 3949 τοῦ

2086 3992 2355 4056 Βύζαντος
2418 3991 2709 4062 βασιλέως,
2742 3982 2913 4060 οὗπερ
2948 3991 3015 4043 τὰ
3048 3990 3289 4043 παλάτια
3327 3984 3469 4059 ἦσαν
3504 3988 3560 4039 ὲν
3592 3989 3661 4057 τῇ

2097 4086 2439 4155 Ἀκροπόλει.
2478 4087 2538 4138 Ὀ
2584 4085 2641 4137 δὲ
2686 4086 2746 4136 ἐν
2796 4084 2935 4154 αὑτῇ
2981 4084 3107 4147 ναὸς
3142 4084 3355 4154 ὑπῆρχε
3398 4083 3664 4153 πρότερον

2085 4178 2181 4232 τοῦ
2211 4178 2354 4242 Διὸς,
2416 4177 2476 4242 ἐξ
2525 4172 2584 4232 οὗ
2616 4177 2728 4246 ἔχει
2757 4178 2855 4240 τὰς
2890 4177 3275 4247 μαρμαρίνους
3335 4175 3531 4244 auten;
3565 4175 3664 4237 τὰς

2087 4270 2325 4341 ὕπερθεν
2351 4271 2461 4322 τῶν
2508 4271 2760 4339 μεγάλων
2813 4276 3032 4333 κιόνων,
3097 4267 3150 4322 οἷ
3193 4268 3505 4339 ὑπάρχουσι
3562 4264 3658 4319 τοῦ

2085 4360 2204 4423 Διὸς
2235 4361 2330 4413 καὶ
2379 4359 2472 4412 τοῦ
2524 4361 2733 4430 Κρόνου
2786 4362 2842 4411 αἱ
2888 4358 3118 4427 στῆλαι·
3151 4359 3219 4412 δι’
3250 4351 3326 4412 ὧν
3358 4358 3503 4428 ἔχειν
3538 4357 3660 4420 ἔθος

2085 4454 2199 4515 τοῖς
2232 4451 2486 4514 παλαιοῖς
2515 4453 2597 4512 εἰς
2632 4452 2730 4512 τὰς
2759 4450 3087 4519 ἀκροπόλεις
3139 4449 3347 4512 κτίζειν
3389 4450 3489 4512 τὰς
3524 4450 3657 4501 ἑαυο

2082 4545 2190 4597 τῶν
2218 4544 2416 4605 οἰκίας,
2450 4544 2568 4612 ἦτοι
2618 4543 2685 4595 τὰ
2714 4542 2978 4596 παλάτια.
3018 4541 3258 4613 Ἦρχετο
3288 4543 3344 4595 δὲ
3371 4543 3432 4594 τὸ
3455 4543 3657 4611 τεῖχος,

2081 4636 2227 4689 καθὰ
2262 4636 2356 4689 καὶ
2390 4633 2507 4700 νῦν,
2562 4635 2657 4687 ἐπὶ
2711 4636 2804 4688 τοῦ
2856 4635 3130 4699 Βύζαντος
3158 4634 3286 4688 ἀπὸ-
3310 4633 3406 4687 τοῦ
3442 4633 3656 4703 πύργου

2081 4730 2179 4798 τῆς
2220 4728 2615 4798 Ἀκροπόλεως,
2675 4729 2769 4781 καὶ
2821 4728 3075 4798 διήρχετο
3112 4728 3192 4789 είς
3227 4727 3319 4779 τὸν
3352 4724 3448 4780 τοῦ
3484 4726 3656 4793 Εὐγε-

2083 4819 2195 4871 νίου
2225 4819 2453 4887 πύργον,
2510 4820 2604 4872 καὶ
2658 4818 2909 4873 ἀνέϐαινε
2944 4819 3107 4888 μέχρι
3132 4816 3227 4870 τοῦ
3285 4817 3655 4887 Στρατηγίου,

2081 4912 2174 4962 καὶ
2224 4910 2423 4979 ἦρχε-το
2469 4910 2550 4972 είς
2599 4910 2659 4963 τὸ
2709 4910 2803 4962 τοῦ
2848 4909 3139 4979 ἐ⁸.χι).λέως
3190 4908 3440 4978 λουτρόν.
3476 4909 3541 4960 Ἡ
3598 4907 3656 4960 δὲ

2078 5004 2255 5055 ἐκεῖσε
2290 5002 2438 5071 ἁψὶς,
2471 5005 2503 5072 ἡ
2546 5002 2812 5072 λεγομένη
2846 5003 2940 5056 τοῦ
2975 5002 3309 5072 Οὑρῦικίου,
3359 5001 3534 5069 πόρτα
3588 4996 3656 5069 ἦν

2079 5098 2312 5165 χερσαῖα
2341 5095 2446 5147 τῶν
2477 5093 2806 5158 Βυζαντίων,
2839 5094 2935 5146 καὶ
2969 5094 3258 5146 ἀνέϐαινεν
3305 5092 3385 5155 είς
3418 5092 3485 5144 τὰ
3512 5091 3657 5145 Χαλ-

2077 5190 2379 5257 κοπρατεῖα
2412 5187 2472 5238 τὸ
2500 5189 2677 5255 τεῖχος
2705 5186 2810 5248 ἕως
2842 5186 2936 5238 τοῦ
2972 5186 3267 5255 λεγομένου
3298 5185 3519 5240 Μιλίου.
3545 5179 3654 5237 Ἦν

2077 5280 2133 5333 δὲ
2186 5282 2411 5332 κάκεῖσε
2461 5279 2637 5348 πόρτα
2669 5278 2778 5331 τῶν
2807 5279 3119 5343 Βυζαντίων
3146 5281 3381 5349 χερσαῖα
3408 5296 3420 5309 ·
3454 5278 3548 5335 καὶ
3575 5278 3653 5329 δι-

2078 5375 2276 5442 ἤρχετο
2306 5375 2382 5429 εἰς
2424 5373 2538 5433 τοὺς
2578 5371 2840 5434 πλεκτοὺς
2880 5373 3065 5433 κίονας
3088 5370 3198 5423 τῶν
3226 5367 3651 5439 Τζυκαλαρίων,

2078 5464 2171 5516 καὶ
2206 5463 2526 5515 κατέϐαινε.⁸
2562 5464 2641 5525 εἰς
2671 5464 2901 5526 Τόπους,
2954 5463 3046 5516 καὶ
3093 5463 3429 5532 ἀπέκαμπτε
3490 5460 3653 5513 πάλιν

2075 5557 2165 5608 διὰ
2198 5556 2302 5608 τῶν
2334 5556 2645 5623 Μαγγάνωι
2699 5557 2794 5610 καὶ
2829 5554 3222 5625 Ἀρκαδιανῶν,
3284 5554 3379 5607 καὶ
3415 5552 3654 5621 ἔφθασεν

2076 5649 2155 5709 εἰς
2186 5647 2282 5716 τὴν
2331 5647 2677 5714 Ἀκρόπολιν.
2720 5643 2843 5715 Εἶχε
2873 5647 2929 5699 δὲ
2961 5649 3203 5717 πύργους
3233 5646 3295 5699 τὸ
3318 5645 3441 5699 ὅλον
3474 5646 3651 5715 τεῖχος

2076 5740 2413 5793 εἰκοσιεπτά.
2447 5738 2557 5790 Καὶ
2588 5738 2812 5807 τοιαύτη
2839 5739 2937 5806 μὲν
2966 5734 3093 5810 ἦνὴ
3128 5738 3218 5792 ἐπὶ
3249 5737 3343 5792 τοῦ
3376 5736 3649 5803 Βύζαντος

2082 5846 2363 5901 σχημστεζ
2382 5849 2546 5903 εοεαε
2576 5832 2674 5898 τῆς
2714 5831 2940 5907 πόλεως.
3204 5824 3209 5828 ’
