4450 6448
784 404 917 469 1195

1666 406 2054 467 APPENDIX
2088 408 2187 466 AD
2229 406 2686 472 MICHAELEM
2726 413 3109 477 PSEI.I.U.\I.

3899 433 4033 489 1186

775 542 1119 584 reversuros.
1155 546 1172 577 ι
1211 525 1349 580 Tum
1380 525 1698 593 imperator,
1766 542 1784 575 ι
1820 525 2078 595 Vespere,
2151 523 2352 594 inquit,
2382 528 2432 586 Α
2459 527 2526 580 αὐ

2274 525 2352 589 tit,
2382 528 2432 586 Α
2459 527 2676 590 αὐτούς.
2711 529 2773 582 Oi
2803 529 2858 582 δὲ
2881 531 3093 601 ἔφησαν
3115 533 3189 604 μὴ
3215 537 3497 591 κατελθεῖν
3516 540 3679 610 μίχρι
3704 539 3796 594 δὶο
3824 544 4031 612 μηνῶν*

772 622 916 676 dabo
948 622 1107 676 vobis
1136 618 1280 674 aedes
1329 627 1570 673 vestras.
1610 634 1627 668 ι
1676 616 2023 687 Praeceperat
2062 617 2208 671 enim
2246 616 2352 670 Eu-

774 716 955 784 phrati
994 710 1296 768 accubitori
1330 724 1465 774 suo,
1501 710 1596 780 qui
1632 711 2022 780 imperatorem
2076 708 2349 764 Christia-

777 822 904 860 num
969 803 1195 868 fecerat,
1246 810 1307 857 ut
1366 801 1664 871 unicuique
1722 814 1880 855 suam
1947 800 2171 856 domum
2226 802 2349 855 red-

772 898 928 949 deret
967 908 1093 949 cum
1139 892 1370 947 familia.
1424 891 1503 945 Illi
1566 891 1735 961 igitur
1775 902 1835 946 ut
1884 891 2144 947 viderunt
2183 892 2347 956 ostia,

770 989 905 1041 atria
958 995 1011 1041 et
1051 988 1229 1041 scalas
1272 986 1387 1056 pari
1442 986 1550 1040 situ
1602 986 1802 1056 posita,
1840 1000 2151 1041 mensuram
2194 985 2346 1050 item,

770 1081 1004 1135 formam
1035 1095 1102 1133 ac
1125 1079 1496 1145 altitudinem,
1531 1079 1862 1151 penitusque
1912 1081 2172 1136 universa
2239 1078 2347 1134 Ro-

774 1176 949 1230 manis
1008 1174 1231 1237 similia,
1301 1175 1566 1243 putabant
1603 1190 1661 1230 se
1717 1191 1813 1245 per
1854 1174 2194 1244 phantasiam
2228 1190 2349 1229 esse

775 1266 959 1321 Romae
990 1260 1027 1319 ':
1082 1264 1172 1319 ubi
1225 1281 1356 1319 vero
1425 1276 1477 1321 et
1530 1267 1764 1323 familias
1814 1282 1946 1322 suas
1996 1266 2343 1330 invenerunt,

772 1356 1124 1424 Obstupuere.
1159 1353 1265 1409 Sed
1308 1366 1598 1425 postquam
1653 1370 1745 1412 eas
1801 1356 2235 1426 interrogarunt,
2292 1366 2347 1411 et

771 1449 844 1499 uti
905 1463 994 1501 res
1051 1458 1204 1518 gesta
1244 1458 1411 1508 esset,
1473 1459 1731 1502 accurate
1800 1449 2168 1510 edidicerunt,
2231 1458 2344 1501 tum

766 1540 986 1593 demum
1014 1541 1393 1604 crediderunt,
1438 1556 1546 1595 non
1577 1556 1702 1597 esse
1734 1541 2084 1610 phantasiam
2154 1556 2344 1596 verum

768 1635 1115 1703 imperatoris
1165 1633 1533 1702 prudentiam,
1556 1634 1647 1703 qui
1691 1634 1774 1688 vel
1804 1635 2005 1689 invitos
2024 1634 2343 1705 Byzantium

767 1725 1080 1780 inhabitare
1132 1727 1426 1795 coegisset.
1482 1727 1628 1780 Loca
1677 1736 1857 1781 autem
1900 1744 1965 1781 ex
2029 1726 2343 1780 nominibus

763 1819 1006 1886 ipsorum
1043 1816 1395 1873 denominata
1420 1834 1570 1874 sum.

826 1994 1165 2049 Philoxenus
1204 1996 1503 2048 cisternam
1542 1996 1875 2048 consumit.

828 2086 1043 2142 Probus
1106 2088 1476 2141 Prmcursoris
1556 2087 1803 2140 condidit
1855 2086 2138 2155 templum,
2192 2084 2336 2154 quod

757 2182 1155 2235 Constantinus
1215 2180 1537 2235 Caballinus
1606 2181 1659 2232 in
1722 2179 1967 2233 fabrilem
2040 2176 2333 2240 officinam,

755 2274 924 2328 Probi
951 2275 1112 2328 hodie
1137 2273 1366 2336 dictam,
1406 2274 1661 2326 mutavit.

829 2366 1134 2420 Domninus
1155 2375 1341 2418 autem
1370 2363 1423 2416 in
1460 2372 1634 2417 tractu
1667 2361 1935 2415 Mauriani
1956 2362 2179 2414 domum
2203 2361 2333 2414 tedi-

756 2459 961 2515 iiczivit.
992 2459 1044 2509 in
1082 2471 1193 2526 quo
1229 2455 1577 2510 inhabitabat
1602 2454 1949 2523 Agricolaus.

830 2554 1028 2607 Darius
1075 2551 1338 2605 excitavit
1376 2550 1542 2604 aedem
1590 2550 1859 2603 Canatisze
1910 2546 2099 2601 uxoris
2137 2545 2329 2599 Sclrri.

820 2647 1048 2700 Maurus
1080 2648 1249 2700 tndem
1285 2643 1561 2698 exstruxit
1603 2641 1839 2695 Beltonze
1867 2642 2093 2693 dictam.

823 2739 1128 2794 Rhodanus
1160 2735 1407 2791 condidit
1452 2739 1621 2789 aedem
1681 2748 1896 2789 sacram
1935 2732 2177 2799 Deiparae
2239 2746 2333 2783 co-

750 2833 1122 2902 gnominatam
1148 2831 1205 2882 ὲν
1237 2829 1495 2897 οὐρανοῖς
1520 2842 1614 2882 seu
1643 2826 1696 2880 in
1725 2826 1919 2888 caalis;
1969 2837 2090 2888 qua!
2114 2831 2195 2877 est
2224 2823 2331 2875 Ma—

750 2939 944 2977 tncna‘.

823 3013 1121 3067 Sallustius
1182 3013 1407 3066 domum
1463 3009 1774 3073 :cdificavit,
1832 3025 1953 3079 quae
2006 3007 2330 3077 Coridoniyzi

749 3106 1077 3178 appellatur.

819 3198 1097 3254 Modestus
1123 3196 1292 3251 aedem
1308 3193 1607 3249 construxit
1630 3191 1693 3244 ad
1721 3190 1822 3247 SS.
1853 3191 2330 3261 Apostolos,l.am-
2412 3234 2415 3237 .

2456 620 2482 671 6
2518 619 2575 671 δὲ
2623 618 2880 689 βασιλεὺς
2931 623 3034 695 ἔφη
3062 642 3075 655 σ
3142 626 3341 696 Ἀπόψε
3399 630 3507 698 ἔχω
3552 630 3735 685 δοῦναι
3780 634 3909 705 ὑμῖν
3936 638 4033 698 τὰς

2455 707 2633 770 οἰκίας
2673 709 2848 779 ὑμῶν.
2879 710 3197 781 Προστὰξας
3224 715 3316 768 οὖν
3344 717 3607 793 Εὐφράτῃ
3644 721 3722 789 τῷ
3763 741 4031 795 παρακαι-

2459 800 2698 870 μωμένῳ
2731 802 2918 867 αὑτοῦ,
2951 805 3100 868 ὅστις
3129 810 3226 862 καὶ
3251 811 3479 879 ἐποίησε
3508 814 3600 866 τὸν
3636 815 3865 885 βασιλέα
3892 820 4028 887 Χρι-

2458 889 2694 954 στιανὸν,
2754 892 3047 948 ἀποδοῦναι
3101 898 3182 949 ἑνὶ
3224 900 3441 969 ἑκάστῳ
3469 901 3677 957 τούτων
3734 905 3826 957 τὸν
3879 902 4027 960 οἷκον

2454 980 2619 1034 αὑτοῦ
2651 984 2789 1052 μετὰ
2816 985 3032 1055 όψικίου
3065 990 3255 1043 αὐτοῦ.
3291 995 3353 1045 Οί
3390 994 3471 1058 δὲ,
3504 995 3579 1058 ὡς
3603 993 3742 1051 εἶδον
3770 999 3895 1061 τοὺς
3925 1018 4028 1051 πυ-

2454 1073 2653 1138 λῶνας,
2690 1076 2783 1129 καὶ
2823 1078 2922 1141 τὰς
2954 1081 3147 1147 αὐλὰς,
3192 1083 3284 1135 καὶ
3314 1084 3413 1148 τὰς
3441 1087 3665 1151 ’ἀνόδους
3697 1091 3920 1157 ὁμοίως,
3955 1094 4025 1145 τα

2456 1168 2630 1237 μέτρα
2663 1170 2741 1233 δὲ,
2778 1171 2873 1223 καὶ
2901 1173 2968 1223 τὰ
3015 1178 3289 1244 σχήματα,
3335 1180 3429 1229 καὶ
3461 1179 3530 1233 τὰ
3561 1179 3692 1250 ὖψη,
3724 1182 3819 1234 καὶ
3847 1184 4021 1236 πάντα

2452 1260 2639 1324 ἁπλῶς
2662 1257 2750 1315 οἶα
2776 1263 2845 1316 τὰ
2875 1266 2933 1317 ὲν
2964 1268 3029 1335 τῇ
3085 1268 3298 1341 Ῥώμῃ,
3335 1270 3522 1335 ἔδοξαν
3561 1270 3702 1327 εἶναι
3731 1277 3786 1327 ἑν
3821 1292 4025 1343 φαντα-

2453 1355 2544 1425 σίᾳ
2578 1357 2657 1418 εἰς
2680 1356 2778 1426 τὴν
2819 1357 3055 1429 Ῥώμην.
3088 1359 3354 1431 Εὑρόντες
3387 1365 3443 1419 δὲ
3475 1365 3575 1421 καὶ
3613 1368 3712 1429 τὰς
3754 1367 4016 1437 φαμιλίας

2449 1447 2668 1512 αὐτῶν,
2731 1449 3130 1522 ἐξεπλάγησαν.
3195 1458 3599 1529 Ἑρωτήσαντες
3659 1459 3717 1513 δὲ
3800 1461 4022 1521 ταύταέ.

2452 1540 2547 1591 καὶ
2615 1540 2883 1609 μαθόντες
2932 1546 3198 1615 ἀκριϐῶς,
3238 1548 3361 1601 τότε
3417 1551 3770 1615 ἐπίστευσαν,
3804 1551 3878 1614 ὡς
3926 1553 4024 1602 οὐκ

2452 1632 2565 1683 ἔστι
2618 1631 2927 1700 φάντασμα,
2962 1635 3096 1689 ἀλλὰ
3153 1638 3410 1708 φρόνησις
3467 1640 3561 1692 τοῦ
3620 1642 3905 1708 βασιλέως,
3939 1644 4022 1693 ὅτι

2451 1723 2541 1772 καὶ
2575 1723 2807 1786 ἄκοντας
2839 1726 3030 1787 αὐτοὺς
3070 1728 3126 1777 ἐν
3158 1730 3233 1795 τῷ
3266 1730 3546 1801 Βυζαντίῳ
3585 1731 3883 1801 ἐνῴκησεν.
3928 1733 4021 1784 Ἕκ

2447 1815 2502 1867 δὲ
2544 1816 2653 1868 τῶν
2704 1819 2987 1886 ὀνομάτων
3039 1821 3218 1872 αὐτῶν
3277 1824 3563 1893 εἰλήφασιν
3612 1828 3659 1878 οἱ
3717 1826 3872 1878 τόποι
3918 1828 4017 1888 τὰς

2366 1882 2413 1941 Β
2445 1882 2837 1980 προσηγορίας.

2523 2002 2581 2053 Ὀ
2611 2002 2890 2068 Φιλόξενος
2924 2004 3103 2061 ἔκτισε
3133 2011 3472 2081 κινστὲρναν,

2524 2094 2585 2145 Ὀ
2632 2095 2839 2164 Πρόϐος
2899 2098 3160 2170 ἀνήγειρε
3213 2104 3302 2154 τὸν
3357 2104 3485 2156 ναὸν
3536 2101 3631 2156 τοῦ
3673 2103 4019 2173 Προδρόμου,

2441 2186 2608 2256 ὅνπερ
2646 2188 2949 2253 Καϐαλῖνος
2979 2193 3233 2263 ἐποίησεν
3265 2195 3597 2263 ὲργοδόσιον,
3629 2196 3691 2249 τὸ
3722 2194 4016 2264 λεγόμενον

2439 2277 2533 2328 νῦν
2578 2280 2810 2347 Πρόϐου.

2521 2372 2579 2424 '0
2612 2373 2667 2425 δὲ
2704 2377 2962 2443 Δομνῖνος
2995 2377 3207 2431 ἔκτισεν
3248 2371 3397 2433 οἷκον
3428 2382 3507 2445 είς
3573 2383 3639 2438 τὰ
3672 2381 4013 2457 Μαυριανοῦ,

2438 2466 2607 2549 ὅνπερ
2634 2462 2780 2535 εἶχεν
2818 2469 2845 2519 6
2891 2469 3264 2537 ’Λγρικόλαος.

2520 2554 2577 2606 Ὀ
2606 2559 2829 2626 Δαρεῖος
2861 2558 3040 2612 ἔκτισε
3074 2561 3163 2614 τὸν
3217 2562 3365 2618 οἷκον
3415 2566 3514 2636 τῆς
3572 2569 3887 2640 Κανατίσης
3918 2570 4011 2623 τοῦ

2439 2646 2703 2715 Σκληροῦ.

2522 2739 2581 2791 ’0
2602 2739 2820 2808 Μαῦρος
2840 2741 3020 2796 ἔκτισε
3036 2744 3128 2797 τὸν
3148 2744 3317 2812 οῐκον,
3340 2751 3400 2813 ὃς
3412 2752 3659 2804 καλεῖται
3674 2752 3769 2805 τοῦ
3790 2753 4010 2807 Relevi.

2520 2832 2580 2880 Ὀ
2624 2831 2867 2896 Ῥοδανὸς
2900 2836 3079 2889 ἔκτισε
3130 2840 3220 2891 τδν
3259 2838 3431 2907 οἶκον,
3478 2844 3537 2906 δς
3575 2845 3824 2897 καλεῖται
3855 2845 3924 2897 τὰ
3954 2848 4009 2896 ἐν

2436 2920 2687 2988 οὐρανοῖς
2725 2939 2739 2952 ο
2774 2923 2890 2976 ἔστι
2915 2926 2970 2978 δὲ
2995 2928 3092 2995 τῆς
3121 2930 3411 3001 Μαμένης.

2523 3012 2581 3064 'U
2624 3014 2947 3079 Σαλούστιος
3000 3018 3215 3072 ἔκτισεν
3262 3020 3431 3091 οἷκον,
3491 3026 3549 3089 ὃς
3608 3028 3857 3082 καλεῖται
3908 3030 4004 3083 τοῦ

2438 3102 2807 3170 Κονδομύτου.

2521 3193 2578 3245 Ὀ
2636 3195 2909 3260 Μόδεστος
2971 3199 3185 3253 ἔκτισεν
3251 3198 3399 3257 οἶκον
3461 3209 3541 3270 εἰς
3596 3210 3721 3273 τοὺς
3792 3212 4007 3279 Ἀγίους

748 3293 1244 3362 prinuncupatam;
1274 3302 1394 3359 quae
1414 3288 1710 3343 etiamnum
1732 3285 1872 3339 idem
1896 3299 2090 3339 nomen
2108 3287 2322 3366 retinet.
2360 3262 2399 3315 ο
2449 3283 2505 3334 ’Λ

2249 3293 2322 3365 et.
2360 3262 2399 3315 Ο
2449 3283 2826 3349 ’Λποστόλους,
2879 3289 2971 3340 τὸν
3004 3288 3297 3360 λεγόμενον
3343 3294 3435 3346 τοῦ
3480 3262 3768 3368 Λαμπροῦ,

822 3472 1069 3526 Eubulus
1108 3472 1211 3524 tria
1242 3470 1491 3525 condidit
1523 3469 1666 3523 atria
1690 3478 1744 3523 et
1776 3478 2015 3537 quatuor
2057 3466 2323 3536 porticus,

750 3565 965 3619 scilicet
1027 3562 1206 3617 tholos
1245 3562 1608 3631 enchoregos,
1658 3577 1683 3613 a
1747 3561 1947 3629 palatio
2008 3561 2072 3613 ad
2136 3575 2324 3613 muros

748 3674 925 3726 usque
954 3665 1275 3721 terrestres;
1302 3670 1535 3725 quarum
1574 3668 1679 3707 una
1728 3652 2023 3722 incipiebat
2056 3668 2082 3704 a
2116 3650 2323 3722 Τιγελ-

744 3750 996 3812 nisterio,
1051 3749 1356 3821 Manganis,
1412 3747 1692 3816 Acropoli,
1742 3756 1797 3800 et
1839 3754 1991 3799 turre
2074 3743 2321 3814 Eugcnii,

743 3851 798 3895 ut
831 3841 1175 3911 pertingebat
1220 3840 1287 3895 ad
1328 3840 1385 3895 S.
1448 3840 1750 3894 Antonium
1808 3853 1981 3906 usque
2015 3856 2028 3891 :
2068 3836 2236 3891 altera
2292 3850 2321 3889 a

744 3932 989 4001 Daphne,
1034 3932 1425 4002 SOphianoque
1485 3937 1670 3999 portu,
1749 3942 1802 3983 et
1871 3927 2323 3999 progrediebatur

744 4038 918 4093 usque
957 4024 1024 4077 ad
1079 4022 1369 4077 ecclesiam
1419 4020 1512 4077 Dei
1583 4018 1882 4077 Genilricis
1948 4027 2318 4088 nuncupatam

746 4116 1060 4169 ltbabdum.
1110 4114 1354 4185 Reliquae
1380 4129 1511 4169 vero
1562 4114 1685 4168 dua:
1719 4115 1968 4182 porticus
2024 4126 2053 4165 a
2098 4111 2318 4175 Clialcc,

740 4194 893 4258 lli‘lio
947 4216 1003 4261 et
1037 4204 1181 4260 Foro
1238 4206 1305 4260 ad
1345 4205 1590 4260 Taurum
1649 4221 1845 4275 usque,
1908 4214 1963 4260 et
2023 4204 2219 4259 Bovem
2268 4211 2320 4257 et

744 4297 1107 4355 Exocionium
1156 4300 1335 4369 ipsum
1392 4298 1711 4354 tendebant.
1747 4297 1923 4365 Supra
1949 4298 2194 4367 porticus
2219 4310 2319 4349 au-

745 4404 854 4447 tem
906 4391 1224 4444 ambulacra
1274 4399 1454 4451 erant,
1494 4390 1671 4459 lapide
1726 4389 1996 4459 quadrato
2038 4397 2233 4446 strata.
2267 4396 2319 4441 et

743 4492 943 4536 statua:
1003 4496 1168 4535 aucte
1213 4480 1519 4535 innumera:
1584 4481 1652 4536 ad
1712 4488 2098 4537 ornamentum
2142 4478 2313 4534 urbis.

2436 3376 2528 3427 καὶ
2556 3376 2647 3427 νῦν
2686 3379 2950 3431 καλεῖται.

2517 3469 2574 3520 ’0
2601 3469 2866 3533 Εΰῢουλος
2890 3473 3070 3527 ἔκτισε
3100 3478 3247 3545 τρεῖς
3273 3477 3523 3543 πυλῶνας
3550 3496 3564 3509 ⁸
3601 3481 3785 3536 ἔκτισε
3820 3485 3876 3537 δὲ
3912 3487 4006 3538 καὶ

2431 3562 2704 3631 τέσσαρας
2739 3563 3005 3632 ἐμϐόλους
3064 3568 3172 3621 ἀπὸ
3221 3570 3314 3622 τοῦ
3366 3572 3636 3626 Παλατίου
3694 3576 3855 3647 μέχρι
3898 3580 4005 3637 τῶι

2432 3658 2704 3724 χερσαίων
2741 3657 2966 3727 τειχῶν,
2998 3661 3333 3731 ὲγχορήγους
3368 3664 3553 3728 θόλους
3588 3682 3602 3695 ⁶
3632 3661 3706 3720 ὧν
3737 3673 3763 3720 6
3799 3667 3879 3732 εἷς
3909 3674 4006 3738 ἧρ-

2430 3763 2554 3814 χετο
2582 3748 2686 3799 ἀπὸ
2717 3748 2807 3800 τοῦ
2846 3749 3337 3821 Τζυκανιστηρίου,
3382 3756 3474 3808 καὶ
3508 3758 3617 3809 τῶν
3670 3760 4003 3827 Μαγγάνων,

2431 3838 2651 3908 καὶτῆς
2710 3842 3106 3911 Ἀκροπόλεως,
3145 3847 3237 3897 καὶ
3277 3845 3372 3898 τοῦ
3411 3847 3695 3915 Εὐγενίου,
3736 3852 3831 3903 καὶ
3859 3851 4005 3921 διήρ-

2429 3944 2554 3996 χετο
2612 3930 2778 3999 μέχρι
2830 3931 2923 3983 τοῦ
2988 3933 3170 3999 Ἀγίου
3242 3935 3550 3989 Ἀντωνίου.
3615 3936 3673 3989 '0
3726 3939 3769 3989 δ’
3818 3940 4004 4009 ἕτερος

2428 4019 2627 4088 ἦρχετο
2674 4022 2783 4073 ἀπὸ
2838 4024 3076 4092 Δαψνῆς,
3110 4026 3203 4078 καὶ
3250 4026 3358 4077 τῶν
3399 4027 3634 4094 Σοφιῶν,
3700 4030 3862 4100 μέχρι
3905 4032 4003 4099 τῆς

2445 4107 2668 4162 Ῥάὸδου
2699 4126 2711 4138 ·
2735 4113 2782 4163 oi
2817 4111 2861 4163 δ’
2885 4114 3063 4183 ἕτεροι
3101 4114 3196 4167 δύο
3241 4115 3460 4185 ἔμϐολοι
3486 4120 3593 4171 ἀπὸ
3626 4120 3723 4188 τῆς
3756 4121 4000 4191 Χαλκῆς,

2429 4202 2525 4253 καὶ
2558 4200 2651 4253 τοῦ
2678 4203 2897 4262 Μιλίου.
2937 4206 3029 4256 καὶ
3061 4206 3155 4258 τοῦ
3181 4207 3377 4276 Φόρου,
3428 4210 3590 4280 μέχρι
3624 4210 3719 4263 τοῦ
3765 4213 3999 4280 Ταύρου,

2428 4291 2523 4343 καὶ
2552 4290 2645 4343 τοῦ
2670 4292 2821 4355 Βοὸς,
2853 4295 2948 4346 καὶ
2974 4294 3067 4347 τοῦ
3107 4296 3447 4361 Ἐξωκιονίου
3476 4300 3664 4353 αὑτοῦ.
3710 4301 3923 4355 Ἐπάνω
3946 4304 3999 4356 δε

2426 4384 2536 4435 τῶν
2568 4384 2814 4453 ὲμδόλων
2850 4387 3143 4457 περίπατοι
3177 4391 3456 4445 πλακωτοὶ
3483 4393 3698 4457 λίθινοι,
3741 4398 3835 4449 καὶ
3868 4401 4000 4464 στῆ-

2428 4476 2517 4529 λαι
2562 4477 2763 4545 χαλκαὶ
2805 4480 3047 4550 ᾇπειροι,
3087 4483 3165 4543 εἰς
3223 4483 3585 4554 διακόσμησιν
3624 4491 3722 4557 τῆς
3769 4488 3998 4550 πόλεως.

740 4574 1013 4628 Praeterea
1061 4570 1307 4627 ollicinas
1352 4572 1614 4628 ferrarias
1636 4572 1904 4638 condidit,
1936 4579 1991 4625 et
2055 4570 2314 4640 aquzdu-
2346 4605 2398 4665 Β
2431 4571 2495 4623 Ἐ

2241 4572 2314 4623 ιυ-
2346 4605 2398 4665 D
2431 4565 2654 4623 Ἐκτισε
2680 4571 2735 4624 δὲ
2766 4573 2860 4625 καὶ
2889 4575 3017 4637 τοὺς
3045 4574 3335 4643 μυδρῶνας
3368 4580 3463 4628 καὶ
3500 4580 3774 4646 ἀγωγοὺς,
3817 4582 3887 4633 δι’
3924 4578 3998 4635 ῶν

741 4677 864 4718 ctus
898 4681 963 4719 ex
1001 4662 1253 4733 Bulgaria
1298 4663 1353 4717 in
1400 4664 1612 4718 urbem.
1679 4661 1834 4717 Fecit
1892 4661 2055 4717 etiam
2101 4661 2319 4714 cloacas

736 4758 1076 4823 encboregas
1101 4756 1294 4811 subter
1333 4754 1647 4808 universam
1710 4754 1905 4807 urbem
1938 4761 2317 4815 transeuntes,
2359 4761 2369 4774 '

736 4857 1023 4916 aequantes
1058 4846 1433 4915 profunditate
1475 4845 1824 4899 altitudinem
1855 4845 2195 4915 porticuum,
2250 4859 2320 4898 ne

738 4957 805 4994 ex
834 4941 1027 4995 {ustore
1055 4938 1182 4994 inde
1212 4939 1571 5008 proveniente
1605 4939 1781 4992 morbi
1811 4940 2190 5009 gignerentur,
2221 4936 2316 4992 sed

741 5033 923 5086 omnis
956 5030 1147 5086 fmtida
1205 5030 1471 5086 colluvies
1526 5038 1621 5101 per
1652 5046 1746 5086 eas
1771 5032 1825 5083 in
1862 5045 2012 5086 mare
2033 5028 2312 5085 deﬂueret.

742 5121 867 5177 Her
906 5122 1094 5193 igitur,
1126 5131 1184 5190 ut
1214 5122 1421 5177 dictum
1461 5131 1567 5187 est,
1624 5121 1693 5175 ab
1744 5118 1968 5176 Urbicio
2003 5121 2313 5191 pra'posito,

744 5215 1007 5269 Sallustio
1057 5214 1339 5285 praefecto,
1391 5214 1715 5285 ceterisque
1742 5214 1962 5268 condita
2024 5223 2172 5267 sunt.
2213 5214 2316 5267 lm-

741 5317 962 5377 perator
999 5316 1182 5363 autem
1224 5310 1500 5364 sexcentis
1533 5308 1652 5362 auri
1689 5307 2023 5364 centenariis
2080 5308 2146 5362 ad
2189 5322 2313 5377 por-

741 5403 906 5465 ticus,
944 5400 1304 5470 aquaeductus
1343 5408 1399 5455 et
1443 5416 1628 5456 muros
1686 5400 2048 5455 cxstruendos
2088 5400 2313 5464 relictis,

743 5493 863 5562 ipse
896 5491 1163 5548 adversus
1196 5492 1432 5563 Scythas
1495 5494 1796 5548 exercitum
1847 5494 2056 5559 eduxit,
2114 5494 2313 5563 quibus

740 5584 1088 5657 subjugatis,
1187 5576 1350 5640 urbes
1413 5584 1659 5641 condidit
1739 5583 2145 5652 Persthlabam,
2222 5585 2313 5638 Di-

742 5688 933 5742 stram,
1014 5674 1326 5733 Pliscubam
1381 5683 1436 5732 et
1479 5676 1881 5732 Constantiam.
1958 5677 2080 5732 Ilaec
2136 5679 2314 5747 spatio

741 5769 974 5823 duorum
1036 5782 1306 5823 annorum
1366 5777 1421 5823 et
1475 5767 1724 5832 dimidio,
1770 5775 1997 5822 curante
2070 5766 2311 5834 Hermia,

737 5860 1000 5917 :ediﬁcata
1041 5861 1213 5921 tuere.
1262 5860 1530 5918 Praeterea
1585 5861 1858 5919 exstruxit
1902 5861 2093 5930 aedem,
2149 5862 2307 5933 vulgo

2424 4662 2486 4713 τὸ
2511 4661 2654 4731 ὕδωρ
2675 4664 2967 4735 ἐκφέρεται
3002 4665 3110 4717 ἀπὸ
3136 4664 3495 4738 Βουλγαρίας.
3537 4670 3788 4740 Ἐποίησε
3815 4673 3870 4725 δὲ
3904 4676 3997 4725 καὶ

2422 4754 2549 4815 τοὺς
2600 4754 2877 4824 καράϐους
2928 4757 3265 4826 ὲγχορὴγους
3295 4760 3389 4811 ἐπὶ
3436 4762 3616 4814 πᾶσαν
3648 4763 3771 4832 ’τὴν
3818 4765 3993 4827 πόλιν,

2424 4844 2607 4914 βαθεῖς
2635 4845 2715 4917 τῷ
2754 4846 2879 4917 {nl/et
2915 4847 3041 4901 ὅσον
3077 4850 3186 4901 τῶν
3228 4851 3497 4921 ὲμσόλων,
3532 4852 3620 4903 διὰ
3652 4853 3710 4905 τὸ
3752 4854 3826 4923 μὴ
3862 4850 3997 4906 εἶναι

2420 4937 2693 4993 δυσωδίαν
2727 4938 2872 5005 τινὰ,
2908 4941 3003 4991 καὶ
3052 4941 3405 5011 ἔνσκήπτωσι
3446 4943 3593 4995 νόσοι
3627 4943 3841 5005 πο)).αὶ,
3881 4945 3996 4997 ἀλλ’

2418 5032 2501 5093 εἰς
2524 5029 2585 5081 τὸ
2612 5027 2775 5097 βάθος
2801 5030 3114 5100 διέρχεσθαι
3141 5033 3239 5094 τὰς
3261 5032 3519 5096 δυσώδεις
3546 5034 3701 5096 ὔλας,
3740 5035 3835 5087 καὶ
3868 5052 3997 5088 κατ-

2421 5119 2676 5190 έρχεσθαι
2719 5123 2799 5184 εις
2830 5120 2927 5192 τὴν
2972 5121 3270 5177 θάλασσαν.
3317 5123 3500 5177 Ταῦτα
3535 5123 3592 5176 δὲ
3638 5126 3994 5196 ἐκτίσθησαν,

2420 5213 2495 5275 ὼς
2529 5212 2770 5283 εἴρηται,
2826 5216 2979 5282 παρὰ
3030 5216 3324 5285 Οὐρὸικίου
3367 5215 3458 5268 τοῦ
3489 5220 3874 5287 πραιποσίτου,
3901 5223 3995 5272 καὶ

2422 5303 2749 5357 Σαλουστίου
2805 5306 3069 5374 ἰπάρχου,
3114 5306 3349 5359 καὶτῶν
3406 5307 3631 5373 λοιπῶν,
3682 5309 3995 5363 καταλιπὼν

2421 5397 2604 5458 αὑτοῑ;
2646 5400 2982 5469 κεντηνάρια
3028 5400 3256 5470 χρυσίου
3312 5399 3591 5466 ἑξακόσια,
3642 5402 3720 5462 εἰς
3773 5418 3830 5454 τε
3869 5405 3993 5463 τοὺς

2421 5490 2707 5557 ὲμὸόλους,
2752 5496 2877 5553 τοὺς
2930 5492 3206 5559 ἀγωγοὺς,
3240 5495 3330 5544 καὶ
3366 5492 3432 5544 τα
3463 5490 3616 5561 τείχη
3640 5508 3655 5524 ·
3686 5495 3896 5554 ἐκεῖνος
3941 5494 3994 5545 δὲ

2420 5584 2639 5651 ἐκίνησε
2670 5586 2808 5637 κατὰ
2839 5584 3082 5649 Σκυθῶν,
3117 5586 3213 5638 καὶ
3257 5582 3529 5648 ὑποτάξας
3560 5574 3779 5647 αὐτοὺς,
3810 5584 3993 5637 ἔκτισε

2421 5676 2604 5738 πόλεις
2648 5678 2827 5730 ἐκεῖσε
2876 5676 2973 5747 τὴν
3013 5676 3391 5747 Περσθλάσαν,
3443 5678 3537 5730 καὶ
3588 5676 3690 5748 τὴν
3730 5678 3990 5748 Δίστραν,

2421 5771 2513 5820 καὶ
2555 5768 2655 5837 τὴν
2700 5768 3065 5830 Πλισκούϐαν,
3110 5769 3205 5822 καὶ
3232 5768 3331 5839 τὴν
3354 5769 3763 5822 Κωνσταντίαν.
3807 5768 3993 5820 Ταῦτα

2421 5861 2751 5934 ἐκτίσθησαν
2820 5864 2896 5927 εἰς
2961 5862 3187 5933 χρόνους
3259 5862 3352 5917 δύο
3415 5862 3589 5933 ἥμισυ
3646 5862 3754 5917 ἀπὸ
3810 5859 3993 5931 φωνῆς
