4450 6448
786 419 923 485 i199

1610 418 1991 477 Al‘l’ENlilx
2036 418 2133 477 Al)
2177 419 2630 479 MICHAEIEM
2676 423 3049 483 I’SEHJIM.

3920 432 3935 491 1
3948 433 4052 496 9.00

784 537 866 587 his
924 546 935 579 :
975 527 1147 593 State,
1196 529 1395 592 Persae,
1445 543 1546 582 nec
1608 530 1840 584 ulterius
1905 529 2296 599 progredimini
2345 536 2434 591 :A
2468 548 2541 600 πρ

2345 546 2357 580 :
2392 536 2434 591 Α
2468 533 2659 600 πρόσω
2691 536 2921 603 χωρεῖτε
2948 550 2961 563 ·
2994 535 3056 587 οὐ
3092 534 3201 604 γάρ
3233 538 3471 591 συνοίσει
3513 538 3661 608 ὑμῖν.
3708 540 3810 593 Τὸν
3841 538 3933 595 οὖν
3962 546 4054 600 αὗ-

783 642 961 697 neque
994 627 1141 680 enim
1174 623 1445 677 cundncet
1493 622 1669 677 vobis.
1698 622 1900 677 Fertur
1946 624 2131 691 itaque
2176 622 2356 690 ipsum

778 720 1145 774 Justinianum
1202 717 1268 771 de
1304 718 1469 793 rebus
1516 731 1542 767 a
1578 713 1842 770 Belisario
1879 716 2050 784 gestis
2112 713 2357 767 inflatum

780 814 967 867 animo
1005 811 1196 865 fuisse.
1229 807 1329 865 llic
1364 809 1548 877 itaque
1592 807 1894 863 Belisarius
1927 817 2120 861 contra
2163 806 2359 862 Persas

778 914 833 962 et
865 908 1107 977 reliquas
1130 903 1373 959 Orientis
1392 903 1643 956 nationes
1679 902 1744 955 ab
1772 901 2103 968 imperatore
2126 900 2356 969 legatus,

777 1014 902 1054 cum
933 1013 1128 1052 omnes
1173 995 1530 1060 debellasset,
1562 996 1628 1047 ad
1660 993 2083 1064 oppugnandum
2123 990 2359 1045 Gelime-

775 1107 894 1147 rem
933 1092 1140 1146 missus
1172 1087 1358 1142 fuitad
1396 1085 1783 1141 Mauritaniam
1818 1102 1830 1137 :
1870 1086 1994 1139 istic
2024 1085 2357 1139 observante

774 1194 831 1237 et
866 1190 1234 1237 commeatum
1263 1180 1669 1235 intercludente
1702 1176 1982 1239 Pliarano,
2018 1180 2070 1230 in
2104 1192 2355 1246 magnam

777 1275 1039 1328 frumenti
1066 1275 1353 1342 penuriam
1385 1270 1669 1340 conjectus
1719 1279 1804 1324 est
1834 1268 2107 1332 Gelirner;
2151 1274 2278 1337 quia
2305 1270 2357 1323 in

776 1366 1107 1421 Mauritania
1164 1364 1502 1417 frumentum
1566 1376 1679 1416 non
1740 1362 1965 1425 seritur,
2027 1360 2119 1415 sed
2183 1361 2357 1415 coctis

774 1459 945 1528 olyris
974 1463 1295 1511 vescuntur.
1348 1452 1487 1507 Tum
1515 1452 1605 1507 ille
1647 1452 1833 1507 missis
1887 1452 2085 1505 litteris
2117 1452 2358 1521 postulat

775 1554 844 1605 ab
872 1554 1226 1620 imperatore,
1258 1555 1318 1601 ut
1347 1546 1450 1601 sibi
1488 1560 1707 1617 panem,
1742 1544 2030 1615 spongiam
2080 1553 2134 1599 et
2185 1543 2358 1598 citha-

775 1660 889 1696 ram
924 1642 1286 1697 transmittat.
1323 1638 1564 1708 Stupens
1628 1639 1796 1708 igitur
1852 1638 2154 1706 imperator
2193 1651 2221 1689 a
2278 1646 2358 1689 ta-

772 1737 1003 1790 bellarm
1057 1734 1395 1790 sciscitatur,
1451 1744 1547 1783 cur
1606 1730 1712 1784 ista
1776 1734 2001 1797 peteret.
2052 1726 2357 1797 Respondit

773 1832 864 1882 ille
902 1847 917 1880 ι
952 1826 987 1880 π’
1009 1841 1150 1881 mem
1182 1823 1564 1893 scilicet,quia
1593 1822 1774 1876 cibum
1803 1821 2027 1890 expetit;
2049 1822 2354 1893 spongiam,

774 1930 827 1973 ut
866 1938 1068 1989 ςυιμις.
1110 1926 1283 1972 totum
1325 1915 1582 1986 lacrymis
1608 1913 1792 1967 abluat.
1829 1929 1842 1965 :
1883 1912 2180 1977 citharam,
2210 1919 2271 1965 ut
2303 1912 2354 1967 in

772 2012 1186 2068 calamitatibus
1236 2010 1339 2063 sibi
1391 2006 1593 2062 solatio
1629 2005 1721 2058 sit.
1776 2003 1932 2057 Tunc
1993 2003 2358 2057 admiratione

771 2105 1115 2175 stupefactus
1138 2105 1436 2173 imperator
1483 2101 1755 2169 postulata
1816 2098 1967 2153 misit
2016 2117 2028 2152 :
2079 2098 2203 2151 ideo
2237 2112 2357 2149 ere-

775 2213 901 2256 ctus
963 2199 1147 2251 animo
1200 2195 1544 2249 Justiuianus
1601 2198 1915 2261 equestrem
1971 2190 2072 2244 sibi
2116 2196 2351 2243 statuam

768 2294 1040 2345 columnae
1072 2286 1358 2357 imposuit.
1406 2284 1513 2339 Sed
1562 2292 1749 2353 postea
1798 2280 2003 2335 invidia
2060 2289 2244 2333 motus
2300 2279 2353 2331 in

770 2384 1222 2442 strenuissimum
1298 2381 1495 2433 ducem
1569 2375 1919 2435 Belisarium,
1994 2371 2098 2442 ipsi
2163 2372 2354 2426 oculos

768 2478 976 2543 eﬂ‘ndit,
1029 2476 1308 2547 iussitque
1342 2472 1534 2527 sedere
1588 2484 1712 2524 eum
1747 2467 1815 2522 ad
1856 2466 2022 2521 Lauri
2075 2473 2353 2519 monaste’

768 2572 937 2635 rium,
958 2570 1088 2624 dato
1114 2567 1337 2622 vasculo
1367 2574 1635 2629 testaceo,
1656 2567 1716 2615 ut
1740 2560 1832 2631 qui
1869 2558 1992 2613 illac
2029 2558 2349 2621 transirent,

768 2666 994 2724 obnlum
1032 2664 1085 2717 in
1113 2663 1246 2716 illud
1288 2659 1645 2728 conjicerent.

916 2758 989 2812 De
1021 2756 1214 2810 statuis
1245 2768 1362 2820 qua:
1402 2752 1457 2804 in
1482 2748 1679 2805 Chalce
1717 2757 1908 2802 erectae
1938 2747 2205 2801 visuntur.

841 2852 897 2905 In
924 2850 1127 2904 Clialce
1161 2846 1433 2915 proxime,
1484 2843 1646 2912 quasi
1693 2852 1821 2895 ante
1886 2840 2069 2911 palatii
2106 2838 2351 2891 ambula-

768 2956 948 3004 crum,
984 2938 1202 3009 inclytae
1234 2933 1535 2989 Pulclieriaa
1563 2941 1748 2987 erecta
1800 2941 1883 2985 est
1924 2939 2136 2984 statua:
2177 2927 2351 2980 Zeno-

770 3039 855 3090 nis
888 3035 1016 3088 item
1049 3039 1103 3085 et
1162 3029 1432 3083 Ariadnes
1471 3045 1482 3080 :
1516 3026 1720 3080 ibidem
1749 3035 2012 3095 praeterea
2068 3023 2187 3074 aliae
2230 3020 2350 3074 dum

770 3127 1051 3199 pedestres
1101 3131 1321 3179 exstant
1360 3136 1528 3191 super
1562 3120 1879 3173 columnam
1947 3117 2225 3185 exiguam,
2255 3114 2351 3168 Se-

767 3220 935 3276 cundi
990 3217 1299 3289 philosophi
1355 3215 1609 3270 disticliis
1676 3220 1907 3267 ornatae.
1976 3210 2051 3262 Ex
2119 3212 2417 3301 adversoC

766 3328 928 3367 arcus
949 3310 1194 3379 ejusdem
1226 3307 1458 3363 Chalces
1505 3306 1756 3360 visuntur
1795 3305 1974 3372 capita
2030 3303 2141 3357 duo
2209 3302 2345 3355 Gor-

769 3420 996 3479 gonum,
1072 3402 1214 3457 facie
1285 3398 1565 3461 muliebri,
1624 3411 1689 3451 ac
1743 3411 1880 3450 auro
1943 3396 2202 3450 obducta.
2272 3396 2347 3448 Ex

767 3498 973 3566 templo
998 3504 1180 3549 autem
1219 3494 1401 3546 Dianae
1456 3491 1709 3561 Ephesiae
1740 3500 1865 3545 oetn
1916 3498 2111 3544 statuae
2170 3489 2349 3543 allatae

764 3590 1264 3657 fuerunt,quarum
1300 3591 1539 3653 quatuor
1586 3584 1639 3635 in
1677 3582 1907 3650 palatio.
1967 3584 2111 3649 quod
2146 3591 2231 3635 est
2289 3582 2343 3632 in

764 3684 991 3751 regione
1028 3680 1223 3742 Tauri,
1254 3678 1540 3732 collocata:
1572 3674 2099 3736 sunt,Cunstantini
2127 3690 2342 3742 nempe,

765 3774 993 3839 Juliani,
1028 3776 1216 3828 uxoris
1239 3788 1300 3825 ac
1336 3770 1524 3823 fratris
1552 3769 1673 3836 ejus
1693 3766 1835 3821 Galli
1870 3785 1883 3820 :
1918 3767 2141 3836 reliqua:
2164 3778 2343 3820 autem

766 3877 1006 3937 quatuor
1058 3864 1247 3934 positae
1308 3870 1438 3915 sunt
1498 3859 1551 3911 in
1606 3859 1830 3912 sinistra
1893 3868 2043 3926 parte
2093 3858 2343 3912 Clialccs.

766 3958 974 4014 ibidem
1003 3964 1054 4011 et
1095 3970 1230 4008 crux
1260 3968 1287 4006 a
1322 3951 1641 4008 Justiniano
1697 3949 1871 4018 posita
1917 3948 2039 4014 fuit,
2076 3959 2127 4001 et
2162 3958 2344 4001 statua

766 4052 1018 4104 inaurata
1057 4045 1335 4108 Belisarii,
1389 4055 1440 4097 et
1494 4053 1677 4098 statua
1730 4042 1930 4097 Tiberii
1965 4043 2193 4097 Thracis
2217 4042 2345 4096 Gib—

764 4141 910 4205 bosi,
946 4150 1001 4195 et
1059 4135 1262 4192 Justini
1319 4136 1481 4207 primi
1525 4136 1698 4191 forma
1744 4139 2078 4203 macilenta;
2146 4147 2343 4191 statuae

766 4239 897 4290 item
932 4232 1056 4302 ejus
1092 4239 1447 4301 cognatorum
1481 4238 1713 4299 septem,
1773 4230 1892 4283 alia:
1944 4246 2009 4283 ex
2046 4246 2337 4292 marmore,

765 4325 886 4377 alia:
910 4339 973 4376 cx
1000 4336 1107 4375 aere
1157 4322 1335 4373 factae.
1368 4318 1635 4373 Praeterea
1668 4324 1805 4373 duos
1844 4320 1966 4374 illas
2005 4336 2198 4391 equos,
2245 4322 2338 4390 qui

771 4430 935 4483 supra
968 4413 1281 4482 Gorgonum
1325 4411 1509 4479 capita
1567 4412 1622 4464 in
1656 4422 1782 4464 ante
1812 4413 1957 4466 dicto
1990 4426 2120 4466 arcu
2170 4421 2339 4477 stant,

765 4506 1115 4561 Justinianus
1174 4500 1389 4554 Sancta:
1446 4500 1664 4569 Sophia:
1722 4504 1997 4566 conditor,
2051 4518 2114 4556 ex
2160 4501 2342 4556 Dianae

2466 626 2560 679 τὸν
2600 626 2979 681 Ἰουστινιανὺν
3020 629 3242 697 λέγεται
3279 632 3595 703 ἐπαρθῆναι
3628 637 3740 699 τοῖς
3770 635 3866 689 τοῦ
3898 638 4052 695 Βελι-

2469 720 2661 790 σαρίου
2728 722 3126 793 εὐτυχήμασιν.
3162 718 3331 788 Οὗτος
3385 722 3479 779 οὖν
3523 727 3741 792 σταλεὶς
3771 730 3915 784 κατὰ
3944 733 4051 784 τῶν

2468 812 2693 882 Περσῶν
2724 814 2818 866 καὶ
2846 815 2956 867 τῶν
2979 816 3185 870 λοιπῶν
3212 818 3321 871 τῶν
3344 820 3442 889 τῆς
3460 821 3753 892 Ἀνατολῆς
3783 825 3933 890 παρὰ
3955 824 4049 877 τοῦ

2467 904 2760 973 βασιλέως,
2792 908 2888 963 καὶ
2921 909 3132 973 πάντας
3170 915 3771 985 κατατροπωσάμενος,
3806 918 3902 972 καὶ
3953 919 4052 971 Γε-

2463 999 2664 1070 λίμερα
2694 1002 2968 1072 κρατῆσαι
2997 1005 3321 1058 ἀπέστειλεν
3350 1007 3515 1060 αὐτὸν
3544 1010 3624 1071 εἰς
3665 1011 4049 1081 Μαυρουσίαν,

2465 1094 2645 1145 ἐκεῖσε
2674 1095 2969 1165 τηρεῖσθαι
2995 1097 3100 1150 ὑπὸ
3126 1098 3220 1152 τοῦ
3248 1101 3406 1170 Φαρᾶ
3425 1140 3439 1164 ,
3480 1101 3538 1165 ὃς
3570 1104 3650 1166 εἰς
3686 1104 3934 1175 μεγάλην
3964 1105 4051 1157 ἔν-

2462 1186 2613 1240 δειαν
2674 1188 2845 1260 ἄρτου
2894 1191 3138 1260 γεγονὼς
3184 1192 3275 1247 διὰ
3305 1194 3367 1248 τὸ
3402 1195 3476 1266 μὴ
3527 1198 3586 1247 ἐν
3620 1197 3697 1266 τῷ
3745 1199 3898 1269 τόπῳ
3948 1199 4048 1266 τῆς

2463 1280 2827 1351 Μαυρουσίας
2853 1286 3002 1339 σῖτον
3033 1289 3428 1357 γεωργεῖσθαι,
3458 1289 3575 1343 ἀλλ’
3611 1291 3776 1360 ἐφθὸν
3803 1293 3903 1356 τὰς
3922 1293 4050 1345 όλύ-

2464 1391 2567 1444 ρας
2597 1377 2903 1444 σιτεῖσθαι,
2944 1380 3157 1452 ἔγραψε
3188 1382 3265 1452 τῷ
3299 1382 3512 1453 βασιλεῖ
3542 1387 3748 1441 στεῖλαι
3778 1389 3929 1457 αὐτῷ
3950 1390 4047 1457 ἇρ-

2461 1482 2556 1518 τον
2584 1468 2679 1519 καὶ
2714 1469 2958 1538 σπόγγον
2996 1475 3092 1527 καὶ
3130 1474 3385 1544 κιθάραν.
3432 1475 3489 1529 '0
3524 1475 3579 1530 δὲ
3624 1479 3925 1547 ἐκπλαγεὶς
3954 1482 4048 1533 ἐπὶ

2460 1557 2696 1622 τούτοις,
2747 1561 2913 1631 ἤρετο
2948 1564 3040 1616 τὸν
3074 1567 3366 1621 ἐπιστολέα
3406 1570 3549 1633 τινος
3589 1572 3752 1641 χάριν
3786 1572 4045 1641 ταῦτάγε

2464 1651 2734 1721 ἐπιζητεῖ.
2771 1656 2879 1708 Καὶ
2934 1656 3174 1723 ἐξεῖπεν,
3204 1663 3288 1713 ὅτι
3314 1663 3484 1731 ἄρτον
3532 1665 3649 1733 μὲν,
3676 1666 3765 1719 διὰ
3789 1668 3848 1720 τὸ
3883 1670 4045 1722 αὑτὸν

2462 1743 2757 1812 ἐπιθυμεῖν
2788 1764 2845 1800 τε
2881 1750 2973 1800 καὶ
3005 1754 3204 1820 φαγεῖν
3228 1769 3243 1784 ·
3279 1754 3541 1822 σπόγγον,
3573 1757 3659 1809 διὰ
3690 1759 3750 1810 τὸ
3776 1758 3955 1811 λούειν
3987 1765 4045 1812 τὸ

2463 1832 2610 1886 ἆπαν
2637 1836 2804 1889 αὑτοῦ
2830 1839 2989 1909 σῶμα
3021 1843 3125 1895 ὑπὸ
3180 1843 3289 1897 τῶν
3319 1845 3573 1917 δακρύων
3603 1866 3617 1879 ·
3649 1849 3748 1921 τὴν
3792 1850 3849 1904 δὲ
3897 1853 4046 1905 κιθά-

2463 1942 2586 1993 ραν,
2632 1926 2720 1979 διὰ
2761 1929 2821 1981 τὸ
2860 1934 3313 2003 παραμυθεῖσθαι
3349 1938 3533 2009 ἐαυτῷ
3562 1944 3683 2004 ταῖς
3710 1947 4041 2014 συμφοραῖς.

2473 2017 2531 2069 '0
2584 2020 2641 2071 δὲ
2676 2019 2937 2089 βασιλεὺς
2969 2027 3274 2095 ἐκπλαγεὶς
3322 2033 3418 2083 καὶ
3467 2032 3777 2103 θαυμάσας,
3836 2037 4041 2091 ἔστειλε

2459 2109 2636 2181 τούτῳ
2689 2114 2756 2166 τά
2789 2118 3103 2186 αἰτηθέντα.
3163 2123 3262 2174 Διὰ
3297 2124 3471 2177 ταῦτα
3527 2125 3622 2179 οὖν
3659 2128 4043 2191 ’1ουστινιανὸς

2459 2201 2721 2273 ἐπαρθεὶς
2776 2207 2864 2274 ἐφ’
2896 2209 3063 2261 ἵππον
3108 2210 3307 2265 ἑαυτὸν
3338 2214 3569 2286 ἔστησεν
3615 2219 3707 2270 ἐπὶ
3739 2220 3918 2283 κίονος
3944 2238 3955 2251 ·
3984 2222 4041 2281 ὃς

2460 2294 2687 2366 ὕστερον
2719 2299 2999 2369 φθονήσας
3029 2303 3105 2373 τῷ
3141 2304 3363 2373 ῥηθέντι
3417 2312 3920 2380 στρατηγικωτάτῳ
3946 2313 4042 2363 Bs-

2458 2387 2712 2460 λισοίρίῳ,
2740 2390 2978 2462 ἐξώρυξε
3001 2395 3194 2447 τούτου
3216 2400 3342 2461 τοὺς
3366 2400 3705 2469 ὀφθαλμοὺς,
3745 2406 3840 2456 καὶ
3874 2423 4039 2474 προσ-

2458 2478 2614 2543 έταξε
2648 2481 2838 2534 τοῦτον
2870 2485 3207 2555 καθεσθῆναι
3248 2491 3329 2552 εἰς
3377 2491 3445 2544 τὰ
3494 2493 3737 2563 Λαύρου,
3771 2499 3863 2550 καὶ
3920 2500 4040 2549 ἐττε-

2437 2570 2640 2624 ’δοῦναι
2674 2574 2830 2643 αὺτῷ
2882 2579 3078 2640 σκεῦος
3136 2581 3483 2651 ὀστράκινον,
3538 2586 3631 2637 καὶ
3688 2589 4040 2658 ἐπιρῤίπτειν

2455 2664 2604 2734 αὐτῷ
2636 2668 2765 2730 τοὺς
2790 2668 3158 2739 δερχομένους
3190 2673 3399 2729 ὀϐολόν.

2490 2759 2628 2825 Περὶ
2661 2758 2780 2812 τῶν
2810 2762 3060 2826 στηλῶν
3085 2767 3174 2830 εις
3213 2766 3328 2832 τὴν
3355 2769 3605 2835 Xa.)th
3642 2774 3999 2842 ἱσταμένων.

2531 2851 2652 2903 ’Ὁτι
2690 2854 2747 2903 ἐν
2778 2856 2845 2923 τῇ
2884 2856 3075 2926 Χαλκῇ
3111 2857 3364 2923 πλησίον,
3424 2861 3756 2933 Πούλχερῖας
3789 2866 3889 2935 τῆς
3921 2869 4036 2920 ἀοι-

2453 2944 2636 3012 δίμου,
2699 2945 2774 3006 ὡς
2828 2947 2964 3016 πρὸς
2996 2952 3087 3000 τὸν
3122 2950 3424 3017 περίπατον
3477 2954 3571 3006 τοῦ
3616 2956 3886 3011 παλατέου
3945 2962 4039 3012 άν-

2455 3037 2666 3105 ηγέρθη
2714 3038 2888 3107 στήλη
2951 3039 3088 3107 αὕτη
3119 3056 3133 3070 ⁸
3167 3041 3431 3106 ὡσαύτως
3492 3047 3586 3098 καὶ
3631 3048 3883 3119 Ἀριάδνη
3945 3052 4037 3104 καὶ

2454 3130 2661 3197 Ζήνων.
2698 3132 2983 3184 Ἵστανται
3015 3132 3111 3186 καὶ
3142 3134 3329 3204 ἕτεραι
3358 3135 3452 3189 δύο
3498 3140 3693 3208 στῆλαι
3737 3142 3900 3206 πεζαὶ
3943 3146 4037 3197 ἐπὶ

2456 3224 2633 3285 κίονος
2673 3224 2942 3294 βραχέως,
2996 3226 3212 3294 ἐλεγεῖα
3252 3229 3474 3299 ἔχουσαι
3524 3234 3821 3289 Σεκούνδου
3882 3239 4036 3307 φιλο-

2460 3315 2624 3382 σόφου
2655 3332 2667 3345 ο
2702 3319 2962 3386 ἀντικρὺς
2994 3318 3050 3371 δὲ
3074 3320 3174 3389 τῆς
3218 3320 3443 3389 Χαλκῆς
3478 3324 3670 3394 ἁψῖδος
3716 3329 4003 3397 Γοργονοει
4024 3360 4035 3370 -

2455 3407 2563 3468 δεῖς
2592 3408 2828 3473 κεφαλαὶ
2868 3408 2963 3461 δύο
3009 3411 3395 3480 χρυσέμδαφοι
3430 3420 3718 3479 γυνακεῖαι
3743 3436 3754 3448 ·
3787 3421 4035 3490 ηχθησαν

2456 3498 2509 3549 δέ
2538 3499 2644 3550 ἀπο
2685 3499 2910 3567 Ἐφέσου
2946 3502 3010 3553 ἐκ
3045 3501 3139 3554 τοῦ
3174 3503 3306 3557 ναοῦ
3334 3509 3435 3574 τῆς
3487 3507 3810 3579 ’Δρτέμιδος
3842 3516 4034 3584 στῆλαι

2456 3589 2599 3641 ὀκτώ
2626 3609 2636 3617 θ
2670 3594 2763 3642 καὶ
2791 3593 2845 3642 αἱ
2874 3592 2974 3661 μὲν
3005 3594 3275 3664 τέσσαρες
3312 3598 3371 3649 ἐν
3398 3602 3510 3661 τοῖς
3555 3600 3650 3653 τοῦ
3684 3602 3903 3675 Ταύρου
3943 3609 4036 3676 μέ-

2458 3700 2632 3751 ρεσιν,
2668 3685 2725 3735 ὲν
2759 3687 2872 3747 τοῖς
2896 3686 3180 3749 παλατίοις
3216 3694 3721 3760 προεπεπήγεισαν,
3750 3697 4036 3752 Κωνσταν-

2455 3775 2627 3837 τίνου,
2678 3777 2773 3828 καὶ
2814 3778 3132 3842 Ἰουλιανοῢ,
3180 3781 3275 3833 καὶ
3324 3784 3422 3849 τῆς
3454 3788 3732 3851 γυναικὸς,
3789 3794 3883 3843 καὶ
3941 3793 4033 3844 τού

2455 3868 2688 3935 ἀδελφοῦ
2740 3869 2907 3922 αὑτοῦ
2957 3871 3162 3924 Γάλλου
3189 3890 3202 3904 ’
3239 3874 3296 3927 αἱ
3326 3876 3381 3928 δὲ
3408 3877 3676 3949 τέσσαρες
3710 3883 3766 3932 ἐν
3794 3886 3902 3945 τοῖς
3938 3887 4034 3950 τῆς

2455 3958 2679 4027 Χαλκῆς
2733 3959 3041 4028 εὐωνύμοις
3085 3963 3335 4032 μέρεσιν,
3379 3965 3507 4017 ἔνθα
3536 3969 3627 4021 καὶ
3660 3972 3896 4040 σταυρὸς
3931 3973 4035 4027 ύπδ

2468 4050 2850 4104 Ἰουστινιανοῢ
2902 4052 3200 4123 ἐπεπήγει,
3271 4057 3365 4108 καὶ
3420 4058 3592 4128 στήλη
3644 4062 4034 4131 χρυσέμεαςος

2456 4145 2777 4214 Βελισαρίου
2812 4149 2905 4198 καὶ
2928 4148 3183 4217 Τιϐερίου
3220 4150 3313 4201 τού
3366 4151 3760 4219 Κουρτοειδοῦς
3793 4155 4030 4225 Θρακον,

2454 4238 2549 4289 καὶ
2581 4238 2675 4290 τοῦ
2719 4238 3012 4292 Ἰουστίνου
3041 4241 3139 4292 τοῦ
3178 4242 3398 4310 πρώτου
3432 4244 3774 4315 λεπτοειδὴς,
3804 4250 3895 4299 καὶ
3926 4250 4031 4301 τῶν

2455 4330 2737 4396 συγγενῶν
2768 4331 2937 4384 αὐτοῦ
2976 4332 3170 4401 στῆλαι
3209 4334 3371 4392 ἑπτὰ,
3425 4335 3480 4386 αἱ
3526 4337 3623 4404 μὲν
3653 4338 3761 4390 ἀπο
3795 4343 4032 4409 μαρμά-

2457 4436 2584 4487 ρων,
2623 4423 2677 4472 αἱ
2723 4421 2776 4473 δὲ
2828 4422 3048 4491 χαλκαῖ.
3097 4424 3205 4476 Καὶ
3253 4426 3301 4476 οῖ
3346 4425 3439 4478 δύο
3490 4427 3644 4479 ἵπποι
3697 4430 3883 4483 ἐπάνω
3919 4433 4028 4484 τῶν

2452 4514 2815 4582 Γοργονειδῶν
2848 4516 3127 4585 ἱστάμενοι
3160 4520 3217 4569 ἐν
3246 4520 3313 4586 τῇ
3338 4518 3514 4587 ἁψῖδι,
3545 4520 3638 4571 καὶ
3670 4518 3817 4574 οὗτοι
3840 4524 3903 4575 ἐκ
3927 4526 4019 4589 τῖες

767 4597 1055 4668 Ephesium
1094 4596 1297 4664 templo
1332 4593 1459 4648 illuc
1486 4594 1787 4657 transtulit,
1848 4604 1902 4648 et
1927 4609 2090 4662 supra
2134 4595 2344 4655 colmn-
2381 4606 2421 4660 υ
2462 4607 2518 4660 Ἀ

2269 4612 2344 4655 ιιι·
2381 4606 2421 4660 D
2462 4607 2779 4677 Ἀρτέμιδος
2817 4607 2925 4659 ἀπὸ
2964 4608 3195 4677 Ἐφέσου
3232 4610 3483 4679 ἤχθησαν
3512 4612 3615 4664 ὑπὸ
3649 4612 4026 4667 Ἰονστινιανοῦ

767 4706 894 4745 nam
923 4689 1121 4749 erexit,
1156 4702 1225 4741 ne
1258 4686 1385 4755 equi
1432 4686 1842 4755 pulchritudine
1896 4689 2133 4755 impares
2194 4690 2343 4741 vide-

766 4794 991 4839 rentur:
1026 4791 1081 4836 et
1121 4794 1344 4836 crucem
1416 4779 1614 4833 ibidem
1652 4782 1855 4849 posuit,
1881 4782 2168 4836 ntfirmius
2224 4792 2338 4835 sta-

765 4884 871 4930 ret.
901 4874 1110 4928 lbidem
1155 4872 1362 4942 pariter
1391 4871 1624 4940 ingentis
1657 4871 1814 4925 mulis
1865 4889 2002 4926 area
2060 4874 2338 4930 Maximini

767 4977 949 5021 statua
977 4966 1151 5035 posita
1181 4966 1451 5024 cernitur,
1482 4971 1904 5017 necuonstatuaa
1927 4967 2095 5020 totius
2122 4966 2339 5024 familia:

766 5057 1064 5113 Theodosii
1103 5069 1251 5109 nunc
1276 5054 1440 5108 etiam
1470 5062 1791 5123 supersunt.

1226 5146 1303 5200 De
1361 5147 1555 5201 statuis
1609 5144 1878 5200 Mauricii.

839 5244 891 5294 In
917 5242 1123 5296 Chalce
1177 5240 1431 5294 visuntur
1496 5240 1657 5295 etiam
1724 5248 1920 5295 statuae
1968 5240 2213 5298 Mauricii
2276 5261 2338 5299 ac

764 5335 977 5396 uxoris,
1008 5334 1421 5403 liberorumque
1485 5332 1625 5402 ejus,
1682 5334 1752 5387 ab
1808 5334 1999 5388 eodem
2051 5334 2337 5401 Mauricio,

763 5423 1015 5479 manibus
1050 5424 1313 5487 extensis,
1369 5438 1532 5493 supra
1563 5423 1765 5478 Christi
1792 5422 2087 5493 imaginem
2118 5435 2333 5489 erectze;

759 5518 987 5586 reliqum
1038 5529 1172 5569 vero
1202 5523 1397 5571 statua:
1454 5516 1563 5570 illic
1595 5516 1897 5582 collocatze,
1938 5534 2003 5573 ex
2049 5526 2192 5572 terra
2240 5518 2333 5572 At-

760 5609 869 5660 tica
906 5607 1153 5662 deducta:
1186 5616 1317 5660 sunt
1350 5626 1362 5660 :
1394 5608 1535 5662 inter
1562 5622 1699 5676 quas
1746 5624 1851 5662 una
1897 5618 1981 5664 est
2024 5610 2333 5679 pliilosoiihi

759 5699 1070 5766 cujusdam,
1132 5707 1192 5752 ut
1233 5699 1401 5754 tradit
1465 5699 1741 5769 Ligurius.
1828 5702 2124 5772 Postquam
2204 5721 2335 5759 vero

755 5790 1052 5846 Mauricius
1101 5807 1130 5845 a
1176 5789 1356 5847 Phoca
1390 5802 1622 5863 tyranno
1672 5794 1995 5851 interfectus
2030 5794 2150 5859 fuit,
2212 5797 2332 5850 dia-

756 5899 929 5941 conus
964 5885 1186 5955 quidam
1214 5885 1435 5944 nomine
1475 5885 1703 5957 Acatus,
1748 5904 1888 5947 unus
1939 5906 2002 5949 ex
2042 5891 2334 5950 sectatori-

2450 4696 2544 4748 τοῦ
2591 4696 2877 4759 κτίσαντος
2922 4697 3018 4767 τὴν
3061 4697 3251 4766 Ἀγίαν
3283 4700 3519 4768 Σοφίαν·
3578 4704 3672 4753 καὶ
3722 4704 4029 4774 ἐστήλωςεν

2450 4789 2611 4851 αὐτὰ,
2646 4787 2733 4840 διὰ
2784 4788 2845 4840 τὸ
2870 4790 2944 4859 μὴ
2991 4789 3314 4861 ἀντιζηλοῦν
3348 4793 3597 4861 ἀλλήλων
3625 4796 3750 4857 τοὺς
3782 4797 3979 4860 ἵππους
4003 4813 4020 4830 ·

2450 4881 2650 4952 ὁμοίως
2689 4882 2785 4935 καὶ
2813 4883 2905 4936 τὸν
2937 4885 3172 4953 σταυρὸν
3200 4886 3287 4938 διὰ
3338 4888 3397 4940 τὸ
3448 4888 3663 4958 ἑδραῖον
3683 4907 3695 4920 ’
3730 4893 3823 4945 καὶ
3850 4891 4026 4956 Magi-

2455 4974 2612 5042 μίνου
2668 4974 2839 5049 στήλη
2898 4976 3074 5045 χαλκῆ
3135 4978 3193 5030 ἐν
3237 4979 3422 5042 αὐτοῖς
3458 4981 3677 5034 ἵσταται
3710 4982 4027 5055 βαρυτάτη,

2452 5064 2577 5118 ἔνθα
2609 5065 2703 5118 νῦν
2737 5069 2835 5119 καὶ
2865 5070 2925 5119 τὸ
2950 5068 3110 5135 γένος
3141 5069 3289 5123 ἅπαν
3312 5072 3601 5125 Θεοδοσίου
3628 5075 3882 5146 ὑπάρχει.

2693 5159 2833 5226 Περὶ
2863 5159 2979 5212 τῶν
3001 5161 3251 5227 στηλῶν
3285 5164 3391 5217 τοῦ
3419 5168 3776 5234 Μαινρικίου.

2522 5247 2633 5301 Καὶ
2660 5248 2754 5299 τοῦ
2785 5250 3122 5320 Μαυρικὶου,
3158 5253 3256 5305 καὶ
3296 5254 3396 5322 τῆς
3425 5257 3684 5321 γυναικὸς
3712 5258 3901 5323 αὑτοῦ,
3934 5261 4028 5311 καὶ

2447 5339 2555 5390 τῶν
2586 5338 2814 5394 τέκνων.
2852 5340 2939 5392 Ἐν
2973 5342 3081 5412 γὰρ
3107 5346 3173 5413 τῇ
3202 5344 3389 5415 Χαλκῇ
3419 5346 3665 5399 ἵστανται
3696 5350 3746 5399 αῖ
3780 5349 4030 5402 τοιαῦται

2451 5431 2645 5499 στῆλαι
2677 5430 2771 5484 τοῦ
2806 5434 3143 5502 Μαυρικίου,
3194 5436 3403 5489 ἄνωθεν
3448 5438 3547 5507 τῆς
3595 5439 3920 5509 θεανδρικῆς
3949 5442 4029 5492 εἰσ

2448 5525 2603 5586 κόνος
2627 5525 2724 5577 τοῦ
2749 5525 2928 5595 Ἰησοῦ
2963 5527 3055 5578 ὑπ’
3088 5527 3257 5580 αὑτοῦ
3307 5530 3864 5593 κατασκευασθεῖσαι,
3930 5533 4027 5585 καὶ

2446 5617 2812 5687 ἐκτεταμέναι
2843 5620 2963 5681 ταῖς
2996 5621 3207 5689 χερσίν.
3256 5623 3320 5673 Ai
3366 5622 3421 5674 δὲ
3467 5623 3651 5675 λοιπαὶ
3680 5626 3744 5676 ἐκ
3776 5624 3874 5693 τῆς
3913 5626 4024 5679 τῶν

2458 5708 2764 5779 Ἀθηναίων
2816 5710 2988 5780 ἣκασι
3019 5713 3123 5782 γῆς
3152 5730 3164 5742 ·
3200 5714 3495 5783 φιλοσόφου
3542 5715 3600 5767 δέ
3643 5733 3806 5784 φασιν
3854 5716 4020 5780 εἶναι,

2445 5798 2519 5861 ὡς
2545 5799 2694 5867 λέγει
2726 5803 2820 5855 καὶ
2867 5805 2894 5856 ό
2946 5805 3229 5872 Λιγύριος.
3283 5807 3437 5859 Μετὰ
3463 5807 3525 5859 τὸ
3553 5811 3830 5877 σφαγῆναι
3871 5810 4022 5876 παρὰ

2442 5891 2539 5946 τοῦ
2572 5894 2837 5964 τυράννου
2870 5897 3034 5958 Φωκᾶ
3059 5899 3389 5970 Μαυρίκιον,
3418 5895 3499 5963 εἷς
3532 5917 3613 5964 τις
3637 5900 3883 5965 διάκονος
3908 5902 4017 5956 τῶν
