4450 6448
415 414 553 481 1205

1440 416 1785 476 ANthYMl
1824 412 2393 485 ANTIQUITATES
2425 419 2531 479 CP.

3533 426 3669 492 1206

411 531 569 601 ἡμῶν
586 531 644 584 ὲν
667 547 934 592 ποικιλοις
957 547 1228 601 χρυσεοις,
1256 531 1347 583 και
1368 532 1456 583 διὰ
1484 532 1639 584 »ἔθων
1664 530 1988 599 κιῦουρίοις.
2016 528 2069 587 Α
2096 530 2168 585 sis

1907 546 1988 592 ιις.
2016 528 2069 587 A
2096 530 2172 585 sis
2214 532 2414 602 lapillis
2449 540 2662 589 ornata.
2700 533 2851 592 Fecit
2877 537 3003 592 item
3038 538 3110 594 ibi
3162 541 3471 612 sepulcrum
3507 562 3664 604 suum

423 621 710 693 Ἐποίησεν
737 621 832 675 οὖν
868 624 962 675 καὶ
988 624 1046 675 τὸ
1072 622 1268 676 ἑαυτοῦ
1322 625 1511 694 μνῆμα
1558 627 1734 678 ἐκεῖσε
1760 626 1986 692 όλὸγου-

412 731 505 766 σον
533 713 671 783 μετὰ
698 714 1043 785 χυμεύσεως,
1072 718 1132 770 ὲν
1169 710 1213 783 ᾧ
1248 718 1345 770 καὶ
1370 719 1528 781 ἐτέθη

410 804 549 872 Περὶ
606 803 728 858 τῶν
796 804 1045 871 στηλῶν
1106 806 1251 931 ᾗῶᾶρ.
1290 810 1627 875 ἱσταμένων
1697 814 1821 867 ἄνω
1878 814 1985 867 τοῦ

1166 895 1181 928 ι
1232 896 1347 931 ιου.

1166 895 1347 934 (Δίου.

494 965 581 1018 Ἐν
606 966 662 1019 δὲ
690 968 755 1037 τῇ
794 964 1027 1039 καμάρᾳ
1054 968 1150 1021 τοῦ
1186 971 1381 1025 Μιλίου
1437 976 1623 1043 στῆλαι
1692 979 1984 1031 Κωνστιν-

409 1058 556 1109 τίνου
576 1059 670 1111 καὶ
711 1059 930 1130 Ἑλένης
966 1061 1126 1116 εἰσίν.
1165 1064 1335 1119 Ἔνθα
1370 1069 1466 1121 καὶ
1534 1072 1761 1139 σταυρὸς
1791 1074 1982 1137 ὁρᾶται

411 1152 548 1221 πρὸς
577 1154 843 1225 ἀνατολὴν
883 1157 1287 1227 βασταζόμενος
1340 1164 1431 1216 ὑπ’
1466 1164 1646 1217 αὐτῶν
1739 1167 1902 1233 μέσον
1926 1170 1982 1221 δὲ

410 1241 503 1294 τοῦ
536 1246 774 1315 σταυροῦ
805 1249 837 1317 ή
866 1246 1013 1319 Τύχη
1042 1252 1137 1320 τῆς
1167 1252 1398 1320 πόλεως,
1418 1255 1556 1323 ὅπερ
1585 1258 1703 1310 ἐστὶ
1726 1260 1982 1324 κατήνιον

411 1334 762 1404 κλειδόμενον
795 1342 886 1392 καὶ
925 1344 1401 1417 ὲστοιχειωμένον,
1436 1348 1530 1401 τοῦ
1578 1352 1779 1413 παντὸς
1809 1354 1983 1415 εἴδους

409 1427 733 1495 άνελλιπῶς,
764 1432 855 1484 καὶ
880 1433 1037 1503 νίκην
1065 1436 1206 1489 κατὰ
1234 1439 1452 1493 πάντων
1479 1441 1588 1494 τῶν
1630 1444 1799 1496 ἐθνῶν
1820 1447 1982 1513 φέρον

408 1519 503 1571 τοῦ
532 1524 730 1589 μηκέτι
756 1524 981 1594 ἰσχύειν,
1007 1527 1039 1596 ἤ
1073 1531 1442 1599 προσεγγίσαι
1476 1534 1508 1604 ἢ
1535 1537 1887 1604 προσψαῦται
1912 1542 1978 1609 τῇ

408 1610 565 1663 πόλει
587 1611 782 1677 ταῦτα,
814 1615 949 1670 ἀλλὰ
980 1619 1175 1690 πόρρω
1202 1622 1521 1692 ἀπέχεσθαι,
1543 1627 1635 1680 καὶ
1661 1629 1979 1683 ὑπονοστεῖν

404 1701 480 1762 ὡς
517 1703 830 1773 ήττωμένα.
879 1706 968 1759 Ἑν
1014 1709 1161 1778 αῦτῷ
1180 1712 1235 1764 δὲ
1264 1713 1340 1782 τῷ
1368 1715 1546 1787 Μιλίῳ
1570 1718 1760 1785 στῆλαι
1796 1721 1980 1773 ἵσταν-

403 1808 490 1843 ται
508 1794 678 1862 τρεῖς,
716 1796 915 1863 Σοφίας
943 1799 1041 1867 τῆς
1090 1804 1348 1867 γυναικὸς
1396 1806 1683 1862 ’Ῑουστίνοσ
1714 1812 1806 1863 τοῦ
1839 1811 1980 1883 Θρᾳ-

2092 630 2264 677 totum
2323 640 2388 679 ex
2457 639 2593 681 auro
2644 630 2978 697 conﬂatum,
3046 632 3099 686 in
3174 649 3283 704 quo
3344 644 3399 691 et
3454 638 3666 709 positus

2089 722 2194 770 est.

2291 812 2363 866 De
2402 815 2594 867 statuis
2625 829 2743 883 qua:
2772 828 2895 870 sunt
2923 833 3081 885 super
3111 818 3454 875 Milliarium.

2159 966 2215 1018 ln
2254 967 2461 1022 iornice
2484 966 2723 1024 Mintarii
2752 968 3100 1029 Constantini
3127 992 3191 1031 ac
3225 976 3444 1033 Helenae
3468 988 3665 1036 statua

2088 1061 2401 1129 eriguntur.
2447 1061 2654 1117 Ibidem
2682 1066 2846 1120 etiam
2884 1067 2948 1119 ad
2984 1070 3250 1126 orientem
3277 1072 3477 1128 visitur
3500 1089 3660 1136 crux.

2086 1165 2247 1218 quam
2282 1152 2385 1221 ipsi
2413 1162 2650 1223 gestant.
2693 1157 2755 1212 In
2789 1158 2973 1215 medio
3006 1170 3188 1219 autem
3223 1166 3405 1221 crucis
3432 1175 3518 1221 est
3549 1165 3663 1220 ior-

2088 1251 2221 1298 tuna
2262 1246 2434 1312 urbis,
2468 1248 2683 1302 scilicet
2750 1263 2943 1306 catena
2995 1254 3183 1309 clausa
3224 1265 3387 1326 atque
3448 1262 3663 1330 magico

2086 1348 2422 1403 consecrata,
2459 1342 2610 1397 omni
2643 1341 2942 1411 ﬁgurarum
3003 1362 3206 1417 genere
3265 1349 3561 1416 instructa,
3598 1360 3659 1405 ut

2086 1430 2218 1485 urbs
2246 1433 2491 1487 omnium
2528 1436 2769 1502 gentium
2802 1438 2994 1492 victrix
3035 1448 3199 1504 esset,
3230 1449 3284 1497 et
3316 1442 3385 1498 ab
3419 1442 3657 1498 hostium

2085 1522 2495 1579 incursionibus
2544 1526 2737 1590 libera,
2805 1529 2879 1583 ita
2919 1541 2978 1586 ut
3034 1546 3152 1587 eam
3197 1548 3297 1588 nec
3348 1533 3520 1601 adire,
3558 1551 3657 1591 nee

2084 1610 2279 1668 laedere
2309 1626 2557 1683 possent,
2595 1618 2690 1673 sed
2746 1622 2932 1675 statim
2967 1623 3127 1691 quasi
3183 1624 3359 1688 victm,
3404 1635 3657 1681 retroce-

2083 1704 2299 1760 derent.
2334 1705 2390 1760 in
2418 1706 2608 1763 eodem
2646 1708 2904 1767 Milliario
2942 1716 3135 1781 positae
3172 1714 3428 1770 visuntur
3461 1724 3658 1779 statuas

2084 1802 2229 1859 tres,
2296 1795 2515 1864 Sophim
2590 1802 2802 1857 scilicet
2870 1804 3060 1860 uxoris
3119 1806 3322 1860 Justini
3398 1807 3656 1871 Thracis.

404 1882 520 1945 κὸς,
552 1885 648 1937 καὶ
685 1887 945 1956 Ἀραϐίας
968 1893 1066 1961 τῆς
1121 1894 1390 1968 θυγατρὸς
1429 1901 1632 1967 αὐτῶν,
1689 1906 1783 1957 καὶ
1830 1882 1974 1958 Ἐλέη
2014 1892 2053 1947 Β
2084 1886 2161 1940 ΑΓ

1901 1882 1974 1958 δέ,
2014 1886 2295 1947 BArabiae
2356 1890 2475 1946 filiae
2536 1909 2749 1960 eorum,
2822 1913 2885 1951 ac
2941 1898 3259 1954 eorumdem
3317 1899 3500 1969 neptis
3550 1900 3658 1955 He-

402 1990 497 2044 νης
522 1977 749 2046 ἀνεψιᾶς
783 1981 987 2035 αὐτῶν.

677 2069 813 2136 Περὶ
850 2070 958 2139 τῆς
983 2074 1219 2141 στήλης
1246 2079 1351 2133 τοῦ
1383 2083 1733 2139 Θεοδοσίου.

483 2153 571 2207 Ἐν
604 2155 682 2222 τῷ
711 2157 994 2231 λεγομένῳ
1025 2165 1204 2235 Μιλίῳ
1228 2167 1512 2225 Θεοδοσίου
1550 2175 1720 2246 στήλη
1758 2179 1971 2232 ἵσταται

400 2243 484 2308 ἐφ’
519 2245 685 2300 ἵππου
711 2250 933 2318 χαλκοῦ,
964 2257 1058 2308 καὶ
1072 2258 1138 2315 ἐν
1169 2262 1231 2329 τῇ
1250 2262 1395 2332 χειρὶ
1412 2264 1579 2317 αὑτοῦ
1623 2243 1791 2337 μῆλον
1835 2288 1970 2339 κρα-

399 2334 637 2401 τοῦντος,
663 2340 729 2408 ἣν
747 2342 1044 2415 ἀναγείρας
1067 2352 1353 2420 σιτηρέσια
1374 2355 1543 2410 πολλὰ
1565 2334 1761 2414 δέδωκε
1781 2334 1889 2427 τοῖς
1914 2368 1972 2416 ὲν

401 2428 465 2495 τῇ
487 2427 659 2481 πόλει.
693 2434 753 2483 οι
785 2434 838 2487 δὲ
878 2436 1074 2505 κίονες,
1125 2444 1216 2495 καὶ
1256 2445 1305 2496 oi
1345 2448 1639 2517 ποδίοσκοι,
1670 2456 1762 2506 καὶ
1786 2458 1834 2507 οἱ
1864 2456 1970 2508 τῶν

412 2517 792 2585 Ἀρτοπωλῑων
844 2530 1046 2596 ὁμοίως
1079 2535 1170 2586 καὶ
1214 2536 1321 2587 τῶν
1372 2540 1822 2614 Τζυκκαλαρίωγ,
1879 2553 1970 2602 καί

398 2610 495 2677 τῆς
535 2614 756 2686 Χαλκῆς
800 2620 1013 2687 ἔχουσιν
1066 2624 1304 2695 ἱστορίας
1348 2632 1571 2698 πολλὰς,
1615 2610 1679 2699 ἃς
1728 2640 1755 2690 ὁ
1806 2643 1967 2704 αὐτὸς

400 2703 670 2771 καλλύνας
698 2711 1033 2780 ὲχρύσωσεν.

697 2897 834 2961 Περὶ
871 2896 977 2949 τοῦ
1006 2897 1155 2950 ναοῦ
1218 2901 1322 2955 τοῦ
1353 2906 1668 2972 Θεολόγου.

470 2983 697 3048 Φωκὰςὸ
723 2986 982 3055 τύραννος
1022 2989 1234 3043 ἔκτισεν
1270 2995 1331 3044 ἐκ
1359 2994 1575 3062 βάθρων
1602 3000 1691 3051 τὸν
1718 3004 1841 3053 ναὸν
1868 3004 1959 3053 τί,ἶῖ

397 3076 550 3141 ἁγίου
578 3078 742 3130 Φωκᾶ
759 3081 815 3130 ἐν
832 3079 906 3148 τῷ
932 3081 1129 3148 Μιλίῳ,
1154 3084 1320 3153 μήπω
1345 3084 1436 3141 οὖν
1461 3089 1743 3159 όροιρώσας
1765 3097 1929 3148 αὐτόν
1950 3116 1961 3128 ο

394 3168 574 3218 ἐκεῖσε
605 3167 710 3236 γὰρ
742 3164 808 3239 ἦν
860 3173 890 3239 ή
936 3172 1144 3240 ἀλλαγὴ
1191 3178 1301 3227 τῶν
1361 3181 1687 3251 κοντούρων,
1740 3188 1875 3240 καθ’
1904 3190 1961 3242 ὃν

392 3257 560 3309 τόπον
586 3258 957 3329 ήντζοκόπησε
999 3264 1064 3315 τὰ
1108 3264 1394 3337 κόντουρα,
1452 3271 1539 3322 ὅτε
1568 3275 1664 3326 καὶ
1714 3279 1962 3345 μαγκλαο

395 3350 532 3411 ϐίοις
564 3352 766 3422 ὲτυῳθη
802 3357 950 3420 παρὰ
986 3356 1291 3426 Μαυρικίου
1315 3360 1406 3412 τοῦ
1435 3362 1724 3431 βασιλέως,
1757 3371 1961 3443 τολμή-

395 3458 583 3505 σαντος
618 3443 709 3495 τοῦ
738 3445 903 3498 αὑτοῦ
928 3448 1091 3501 Φωκᾶ
1126 3451 1183 3502 ἐν
1235 3450 1313 3520 τῷ
1367 3455 1543 3525 κόντῳ
1598 3457 1762 3514 αὐτοῦ
1788 3480 1961 3533 προσ-

392 3529 552 3597 δῆσαι
606 3533 668 3586 τὸ
703 3536 1009 3601 πιττάκιον,
1042 3541 1179 3610 ὅπερ
1206 3543 1312 3594 ἀπὸ
1349 3546 1763 3618 Λογγοϐαρδίας
1784 3529 1957 3610 ἐλθὼν

393 3621 575 3689 ἔφερε.
645 3624 740 3677 τοῦ
807 3629 1039 3697 στρατοῦ
1074 3633 1284 3687 ἐκεῖθεν
1328 3635 1750 3707 ἀποστείλαντος
1772 3647 1961 3702 τοῦτον

390 3712 475 3763 διὰ
503 3715 598 3784 τὴν
622 3718 786 3785 ρόγαν
814 3720 1014 3775 αὐτῶν.
1044 3723 1152 3775 Καὶ
1181 3724 1496 3793 Ιὲγκαλέσας
1526 3733 1583 3784 ὲν
1612 3737 1798 3808 ἡμέρᾳ
1844 3739 1957 3795 Ἰπ-

391 3804 704 3873 ποδρομίου,
735 3808 815 3862 ὅτι
841 3803 999 3874 οὗτος
1034 3815 1215 3885 εὑρὼν
1258 3818 1447 3873 ἄδειαν
1482 3824 1577 3876 καὶ
1617 3828 1963 3902 ἀναλαϐόμε-

388 3912 477 3957 νος
503 3897 569 3948 τὰ
604 3899 870 3972 κόντουρα
905 3906 1258 3977 ὑπεχώρησεο
1314 3914 1380 3967 τὰ
1424 3915 1478 3967 δὲ
1528 3918 1960 3991 καταλειφθέντα

389 3987 665 4055 ἀντζίσας,
700 3996 970 4062 κατῆλθεν
1003 4000 1105 4063 ἕως
1134 4004 1551 4074 Λογγοόαρδὶαν
1581 4011 1661 4063 ἔτι
1694 3987 1793 4077 τὰς
1819 4018 1958 4090 πλη-

388 4078 485 4144 γὰς
519 4080 657 4150 ἔχων
679 4100 693 4115 ⁸
729 4086 817 4138 διὰ
852 4089 1009 4143 τοῦτο
1040 4095 1145 4162 γὰρ
1176 4100 1518 4170 προετιμήθη
1550 4106 1630 4166 είς
1668 4107 1770 4177 τὴν
1799 4078 1956 4179 βασί-

388 4170 539 4225 λείαν
573 4176 721 4243 παρὰ
750 4179 841 4230 τοῦ
877 4186 1133 4250 στρατοῦ.
1166 4189 1318 4241 Μετὰ
1341 4187 1435 4243 οὖν
1485 4194 1545 4245 τὸ
1567 4196 1811 4252 ἀνελθεῖν
1862 4206 1957 4257 καὶ¹

388 4263 728 4333 βασιλεῦσαι,
786 4274 1014 4345 ἔστησεν
1068 4281 1184 4332 ἐκεῖ
1232 4282 1325 4335 δύο
1381 4286 1580 4352 ἵππους
1628 4295 1957 4366 κοντούρους

382 4357 929 4431 ήντζωκοπημένους,
959 4370 1049 4420 καὶ
1080 4368 1294 4439 βωμοὺς
1326 4375 1559 4442 λιθίνους
1598 4388 1950 4454 τετραδικοῦς

385 4448 649 4517 σύνεγγυς
689 4456 1017 4525 τοῦ¹Ἂγίου
1089 4465 1272 4531 Φωκᾶ,
1324 4467 1382 4520 ὃν
1441 4471 1603 4536 αὐτὸς
1656 4448 1944 4551 ἀνήγειρε,

2079 1976 2232 2033 lena}.

2532 2073 2607 2126 De
2667 2084 2848 2129 statua
2891 2076 3182 2133 Theodosii.

2150 2157 2205 2209 ln
2237 2159 2384 2214 dicto
2419 2161 2671 2219 Milliario
2721 2168 2990 2222 collocata
3046 2179 3131 2224 est
3160 2178 3341 2225 Statua
3380 2172 3653 2240 equestris

2079 2246 2370 2304 Tlteudosii
2406 2268 2466 2306 ex
2492 2269 2617 2309 aere.
2647 2271 2809 2311 manu
2846 2272 3063 2326 pomum
3103 2262 3368 2327 tenentis;
3408 2263 3462 2316 in
3492 2262 3653 2333 cujus

2076 2338 2415 2397 dedicatione
2499 2359 2773 2400 annonam
2849 2349 3210 2419 largissimam
3278 2353 3480 2424 populo
3537 2355 3654 2425 ipse

2075 2432 2376 2490 distribuit.
2443 2436 2724 2493 Columna!
2780 2451 2960 2496 autem
3026 2458 3147 2511 quae
3212 2444 3322 2500 illic
3370 2446 3648 2512 visuntur,

2076 2541 2199 2581 cum
2233 2530 2347 2583 suis
2392 2524 2579 2601 Spi'ris,
2615 2535 2934 2604 pariterque
2970 2538 3074 2591 illa:
3125 2539 3177 2593 in
3215 2539 3515 2611 Aitopoliis
3548 2558 3649 2613 po—

2075 2620 2217 2682 sitae,
2256 2637 2468 2677 necnon
2508 2624 2627 2679 aliae
2660 2624 3104 2696 szcalariorum
3142 2638 3194 2685 et
3228 2646 3347 2701 quae
3371 2633 3422 2687 in
3448 2631 3649 2691 Chalce

2073 2722 2312 2777 exstant,
2346 2715 2545 2771 multas
2591 2719 2872 2773 continent
2930 2720 3191 2777 historias
3238 2740 3376 2791 quas
3412 2726 3529 2795 ipse
3581 2727 3646 2781 ad

2072 2812 2326 2859 ornatum
2363 2808 2658 2863 inauravit.

2565 2899 2642 2955 De
2696 2904 2884 2969 ιεοηρίο
2916 2902 3181 2975 Theologi.

2150 2987 2366 3044 Phocas
2391 3000 2657 3062 tyrannus
2690 2997 2949 3063 templum
2985 2996 3171 3053 Sancti
3219 3000 3411 3056 Phocaa
3443 3018 3472 3056 a
3522 3003 3647 3058 fun-

2071 3079 2341 3135 damenlis
2373 3087 2639 3137 exstruxit
2671 3086 2722 3138 in
2754 3085 3028 3151 Milliario,
3089 3092 3184 3144 sed
3210 3091 3414 3161 absque
3447 3108 3648 3149 conca-

2072 3174 2395 3226 meratione.
2428 3172 2562 3228 Nam
2598 3176 2708 3230 illic
2739 3186 2857 3232 erat
2892 3181 3123 3234 mutatio
3150 3196 3417 3250 equorum
3444 3200 3645 3242 cursus

2068 3263 2291 3330 publici,
2328 3280 2438 3333 quo
2462 3268 2513 3319 in
2543 3268 2664 3322 loco
2682 3284 2880 3326 nervos
2902 3285 3165 3341 equorum
3185 3275 3393 3342 incidit,
3422 3281 3642 3347 quando

2069 3356 2134 3410 ab
2192 3358 2526 3426 imperatore
2583 3360 2846 3418 Mauricio
2928 3366 3123 3421 baculo
3186 3385 3480 3437 percussus
3536 3384 3640 3439 est,

2065 3460 2353 3518 propterea
2390 3454 2536 3521 quod
2586 3455 2899 3521 epistolam,
2947 3474 3111 3527 quam
3152 3478 3217 3515 ex
3253 3461 3639 3533 Longobardia

2065 3544 2133 3598 ab
2168 3545 2411 3599 exercitu
2440 3547 2699 3615 stipendii
2726 3550 2944 3618 petendi
2987 3567 3153 3608 causa
3191 3556 3416 3620 missus,
3454 3558 3643 3613 atl‘cre-

2063 3635 2176 3695 bat,
2213 3637 2415 3691 lanceae
2451 3638 2674 3708 alligare
2739 3655 2909 3697 ausus
2949 3652 3119 3699 esset.
3174 3644 3470 3717 Postquam
3513 3666 3642 3703 vero

2062 3726 2150 3780 die
2189 3726 2554 3796 Hippodromi
2615 3741 2958 3802 conquestus
2989 3745 3155 3804 esset,
3192 3749 3415 3810 accepta
3478 3743 3640 3798 rede-

2063 3821 2194 3875 undi
2231 3822 2511 3888 facultate,
2548 3824 2799 3881 adductis
2828 3828 2989 3898 equis
3020 3829 3295 3885 discessit.
3343 3834 3426 3887 lis
3454 3844 3637 3888 autem

2065 3914 2154 3980 qui
2187 3913 2390 3968 residui
2427 3924 2583 3969 erant
2614 3920 2909 3982 encrvatis,
2965 3921 3018 3974 in
3079 3919 3515 3992 Longobardiam
3549 3943 3641 3981 vc-

2065 4004 2161 4065 Iiit,
2193 4019 2315 4057 cum
2372 4005 2551 4060 adhuc
2598 4008 2881 4077 plagarum
2932 4010 3136 4067 vibices
3185 4024 3490 4080 manerent,
3532 4034 3638 4086 qua

2060 4097 2129 4152 de
2176 4113 2340 4151 causa
2383 4100 2450 4151 ab
2484 4102 2730 4153 exercitu
2773 4102 2838 4154 ad
2904 4102 3192 4173 imperium
3244 4118 3468 4164 evectus
3527 4123 3633 4174 est.

2062 4192 2248 4259 Itaque
2299 4208 2553 4247 reversus
2604 4202 2657 4248 et
2721 4195 2948 4263 imperio
2999 4198 3225 4265 potitus,
3268 4198 3411 4255 duos
3465 4217 3637 4266 equos

2059 4294 2353 4337 enervatus
2389 4286 2459 4337 ibi
2514 4288 2826 4349 Constituit,
2867 4304 3101 4357 arasque
3145 4291 3444 4361 quadratas
3493 4295 3633 4364 lapi-

2059 4374 2189 4428 deas
2222 4390 2388 4443 prope
2421 4377 2681 4445 templum
2712 4377 2770 4431 S.
2807 4376 3004 4433 ΡΙιοοω
3054 4396 3085 4434 a
3116 4397 3174 4436 se
3213 4383 3518 4447 conditum.
3580 4399 3635 4440 et

2063 4467 2239 4519 locum
2276 4466 2545 4534 lliippium
2566 4469 2883 4521 nominavit.
2926 4468 3123 4525 lhEdem
3155 4489 3372 4543 quoque
3398 4487 3635 4543 quatuor

382 4540 633 4597 Διίππιον
655 4546 820 4600 αὐτὸν
851 4550 1123 4618 ὀνομάσας
1144 4573 1156 4586 ’
1194 4559 1370 4611 ἐκεῖσε
1402 4562 1511 4632 γὰρ
1542 4566 1638 4618 καὶ
1675 4540 1951 4641 τέσσαρας
1991 4572 2032 4627 D
2061 4558 2129 4609 im

1874 4540 1951 4630 ,αξ
1991 4572 2032 4627 ι)
2061 4558 2323 4626 imagines
2353 4558 2701 4613 Constantini
2730 4568 2783 4613 et
2826 4560 3042 4615 llelenm
3080 4578 3143 4617 ex
3178 4566 3365 4620 aureis
3398 4569 3631 4626 tessellis

380 4633 591 4697 εἰκόνας
648 4638 709 4689 ἐκ
761 4639 1009 4709 ψηφίδων
1066 4648 1304 4717 χρυσῶν.
1380 4653 1793 4713 Κωνσταντίνου
1859 4669 1953 4720 καὶ

390 4723 610 4797 Ἑλένης
642 4730 946 4801 ἱστόρησεν.
1020 4734 1077 4789 Ὀ
1128 4739 1185 4790 δὲ
1247 4742 1567 4812 Ἡράκλειος
1610 4750 1802 4818 ἐλθὼν,
1860 4760 1953 4811 καὶ

382 4820 681 4889 κρατήσας.
718 4824 931 4878 καὶτὸν
957 4828 1150 4881 Φωχὰν
1193 4838 1538 4905 τιμωρήσας,
1587 4845 1705 4895 καὶ.
1741 4847 1953 4913 καύσας

381 4911 439 4962 ὲν
469 4913 531 4981 τῇ
565 4913 657 4966 τοῦ
681 4915 809 4978 Bob;
839 4918 1034 4990 ἀγορᾷ,
1066 4922 1293 4993 ἐτίμησε
1321 4927 1410 4979 τὸν
1436 4930 1584 4993 ναὸν,
1615 4936 1710 4987 καὶ
1735 4942 1942 4993 σκεπά-

380 5020 475 5065 σας
507 5007 665 5059 αὐτὸν
685 5010 774 5061 καὶ
814 5015 1190 5081 μετονομάσας
1209 5020 1286 5079 είς
1320 5020 1379 5070 τὸ
1406 5019 1500 5072 τοῦ
1529 5022 1949 5087 ἁγίουῖἀποστό-

379 5095 468 5147 λου
491 5098 581 5149 καὶ
621 5100 1008 5169 εὐαγγελιστοῦ
1062 5107 1311 5162 Ἰωάννου
1340 5112 1433 5165 τοῦ
1458 5112 1723 5184 Θεολόγου
1750 5120 1943 5191 ὄνομα.

479 5215 615 5280 Περὶ
649 5216 755 5269 τοῦ
782 5217 954 5286 ἁγίου
974 5222 1275 5291 Θεοδώρου
1305 5225 1409 5279 τοῦ
1434 5230 1804 5296 Σερωραθιιου.

447 5304 550 5359 Τὸν
574 5308 730 5375 ἆγιον
754 5311 1029 5382 Θεόδωρον
1080 5317 1170 5368 τὸν
1227 5318 1574 5388 Σφωρακίου,
1624 5323 1947 5395 Σφωράκιος

379 5399 667 5468 πατρίκιος
691 5402 906 5457 ἔκτισεν
920 5408 975 5456 ὲν
996 5408 1109 5470 τοῖς
1132 5408 1343 5477 χρόνοις
1364 5411 1652 5480 Ἀρκαδίου
1689 5418 1781 5468 καὶ
1813 5418 1945 5470 Θεο-

373 5487 550 5542 δοσίου
575 5490 690 5543 υἱοῦ
705 5493 890 5551 αὑτοῦ.
926 5497 1146 5549 Ἕκτισε
1176 5498 1231 5551 δὲ
1262 5500 1356 5553 ἕνα
1383 5502 1573 5556 πινσὸν
1609 5504 1809 5575 μέρους
1846 5507 1947 5576 τῆς

372 5581 669 5651 ἐκκλησίας
721 5586 831 5639 τῶν
889 5592 1336 5658 κατηχουμένων,
1396 5596 1489 5647 καὶ
1541 5597 1774 5651 ἀπέθετο
1823 5616 1946 5653 κεν-

372 5674 601 5743 τηνάρια
640 5678 867 5744 χρυσίου
896 5680 1023 5749 τρία
1050 5697 1065 5710 ·
1100 5683 1195 5734 καὶ
1231 5684 1514 5753 παρῆλθον
1539 5688 1721 5757 χρόνοι
1781 5690 1895 5760 ρλγ⁹
1925 5704 1943 5722 ⁶

374 5768 432 5818 ὲν
465 5768 570 5833 γὰρ
600 5770 712 5832 τοῖς
748 5771 962 5841 χρόνοις
998 5773 1092 5827 τοῦ
1126 5777 1439 5848 Μαυρικίου
1461 5781 1738 5853 ἐπεκαύθη
1779 5783 1946 5853 μέρος

374 5876 422 5912 τι
447 5863 540 5914 τοῦ
566 5865 695 5916 ναοῦ
728 5868 817 5919 καὶ
838 5867 1233 5941 ἀνῳκοδομήθη
1262 5873 1391 5942 παρ’
1421 5874 1610 5942 αὐτοῦ,
1639 5878 1831 5942 κτίσας
1852 5881 1944 5932 καὶ

2058 4650 2309 4702 confecit.
2340 4651 2608 4703 Caeterum
2650 4650 2934 4706 lleraclius
2990 4654 3080 4708 ubi
3147 4656 3200 4709 in
3258 4658 3449 4713 urbem
3488 4663 3633 4715 venit

2056 4752 2109 4793 ct
2152 4741 2440 4809 imperimn
2482 4743 2751 4813 suscepit,
2776 4753 2828 4798 et
2856 4744 3090 4800 Phocam
3134 4750 3408 4805 ulciscens
3438 4753 3631 4810 infero

2057 4833 2218 4888 Buvis
2242 4832 2477 4887 ﬂammis
2509 4837 2741 4901 exussit,
2778 4839 3037 4907 templum
3072 4840 3203 4895 illud
3263 4845 3502 4910 ornavit,
3550 4856 3628 4901 te-

2057 4933 2253 4993 ctoque
2287 4926 2522 4992 Operuit,
2549 4936 2602 4980 et
2628 4938 2965 4982 commutato
2987 4933 3228 4997 nomine,
3254 4946 3447 4990 sancto
3499 4953 3631 5008 apo-

2057 5020 2201 5071 stolo
2248 5028 2300 5071 et
2356 5019 2706 5088 evangelistae
2737 5018 2933 5075 Joanni
2966 5026 3293 5093 cognomine
3328 5026 3626 5101 Theologo,

2051 5112 2271 5168 dicavit.

2293 5226 2371 5281 De
2403 5240 2588 5282 sancto
2614 5228 2886 5286 Theodoro
2912 5231 3189 5297 Sphorncii
3214 5234 3378 5288 dicta.

2125 5316 2387 5373 Sanctum
2462 5320 2808 5377 Theodorum
2893 5322 3176 5392 Sphoraeii
3268 5327 3624 5395 appellatum,

2055 5411 2397 5479 Sphnracius
2438 5414 2703 5480 patricius
2733 5417 3367 5487 condidit.temp0ribus
3405 5420 3626 5478 Arcadii

2053 5516 2115 5556 ac
2169 5502 2263 5555 ﬁlii
2316 5502 2436 5569 ejus
2492 5502 2803 5561 Theodosii.
2873 5505 3153 5565 Exswuxit
3228 5514 3354 5566 item
3409 5515 3629 5583 pinsunt

2050 5610 2215 5648 unum
2270 5596 2323 5648 in
2381 5597 2468 5649 illa
2522 5612 2674 5665 parte
2719 5600 2963 5655 ecclesia:
3026 5619 3146 5670 quae
3200 5607 3627 5663 catechumeno-

2048 5704 2167 5742 rum
2221 5698 2322 5750 est.
2383 5706 2445 5743 ac
2498 5690 2616 5743 auri
2677 5695 2990 5746 centenario
3051 5695 3155 5747 tria
3198 5696 3307 5766 illic
3348 5693 3624 5767 deposuit—

2048 5780 2264 5850 Elapsis
2296 5792 2477 5836 autem
2510 5783 2670 5837 annis
2709 5796 2925 5837 centum
2960 5785 3183 5854 triginta
3208 5786 3411 5851 tribus,
3439 5791 3625 5858 templi

2047 5888 2175 5942 pars
2224 5872 2474 5942 quaedam
2509 5873 2612 5929 Sub
2640 5871 2904 5931 Mauricio
2942 5874 3317 5947 conﬂagravit,
3349 5888 3402 5934 et
3434 5879 3503 5937 ab
3528 5896 3627 5938 eo-
