4450 6448
400 438 543 505 1909

1437 446 1787 508 ΑΝΟΝΥΜΙ
1830 446 2399 520 ANTIQUITATES
2427 458 2538 518 ΕΡ.

3535 461 3678 529 ιειο

394 555 533 608 εἰσὶν
579 546 723 608 οὗτοι
747 555 794 607 οἱ
825 554 917 607 δύο
943 555 1189 627 σταυροὶ,
1215 556 1311 610 καὶ
1332 555 1392 609 τὸ
1421 555 1597 627 βίκιον
1644 559 1739 610 τοῦ
1776 561 1973 629 μύρου,
2010 569 2051 623 Α
2080 566 2148 621 du

1922 577 1973 622 υ,
2010 569 2051 623 Α
2080 566 2199 621 dum
2225 567 2330 621 illa:
2356 582 2577 635 cruces,
2603 578 2656 626 et
2688 572 2947 629 ureeolus
2983 572 3195 630 vitreus
3239 572 3533 645 unguenti,
3562 590 3674 644 quo

394 640 439 712 ᾧ
488 645 750 716 ἠλείψατο
814 648 841 699 ό
895 646 1129 717 Ἰησοῦς,
1188 650 1283 701 καὶ
1334 649 1509 702 πολλά
1569 651 1980 719 σημειοφορικά

395 736 560 808 ἐτερα
592 738 811 791 τιθέντα
836 738 934 807 μὲν
953 738 1105 809 παρά
1124 739 1217 791 τοῦ
1247 740 1504 806 Μεγάλου
1535 742 1975 801 Κωνσταντίνου,

395 830 801 898 ὰσφαλισθέντα
826 831 882 884 δὲ
915 832 1066 901 παρὰ
1096 832 1189 885 τοῦ
1210 832 1462 886 Μενάλου
1525 833 1832 889 Θεοδοσίου.

749 922 887 990 Περὶ
920 924 1024 977 τοῦ
1054 924 1315 992 ἅρματος
1358 926 1587 979 Ἡλίου.

471 1012 592 1067 Ὅτι
622 1013 681 1065 τὺ
716 1012 872 1083 ἆρμα
917 1015 1101 1068 Ἡλίου
1123 1018 1179 1067 ἐν
1217 1017 1475 1088 τέτρασιν
1508 1018 1695 1081 ἵπποις
1726 1020 1978 1083 πυρίνοις

400 1106 731 1177 ἱπταμένοις
760 1109 911 1178 παρά
941 1108 1033 1161 δύο
1062 1108 1271 1179 στηλῶν
1290 1109 1525 1163 ἔκπαλαι
1547 1112 1792 1181 ὑπῆρχεν
1817 1112 1873 1165 ἐν
1901 1109 1978 1180 τῷ

396 1197 575 1266 ὠρείῳ
607 1198 807 1268 Μιλίῳ.
851 1198 1021 1251 Ἔνθα
1046 1199 1357 1269 εὐφημίσθη
1389 1202 1799 1264 Κωνσταντῖνος
1822 1201 1880 1254 ἐν
1900 1199 1978 1269 τῷ

398 1291 622 1359 νικῆσαι
648 1291 929 1354 ’Ᾱζώτιον.
972 1292 1315 1363 Κατενεχθέν
1367 1293 1424 1346 δέ
1472 1294 1535 1347 τὸ
1598 1292 1750 1363 ἆρμα
1806 1294 1865 1347 ἐν
1899 1292 1977 1363 τῷ

411 1383 795 1455 Ἰπποδρομίῳ,
830 1385 1298 1457 δορυφορούμενον
1321 1386 1588 1457 στηλίδιον
1615 1404 1712 1456 μικ
1724 1387 1815 1455 ρδν
1838 1404 1977 1440 κατ-

399 1480 705 1549 εσκευάσθη
770 1480 919 1551 παρὰ
953 1480 1371 1533 Κωνσταντίνου
1427 1480 1531 1533 ὑπὸ
1578 1481 1762 1533 Ἠλίου
1810 1480 1977 1551 φερό-

400 1587 581 1638 μενον,
609 1569 761 1640 Τύχη
792 1572 893 1639 τῆς
934 1570 1144 1633 πόλεως
1176 1572 1255 1633 είς
1287 1570 1349 1623 τὸ
1408 1572 1594 1641 στάμα
1639 1556 1834 1644 εἰσῄει,
1883 1572 1979 1625 καὶ

398 1662 745 1729 στεφανωθέν
767 1663 915 1733 ἐξῄει
936 1678 948 1690 ’
981 1662 1193 1715 ἐτίθετο
1223 1662 1279 1715 δέ
1308 1664 1366 1715 ἐν
1399 1662 1477 1733 τῷ
1505 1665 1721 1734 Σενάτῳ
1772 1665 1977 1733 ἑορτῶν

396 1753 666 1806 ἐπιουσῶν
685 1755 779 1807 καὶ
797 1755 1059 1823 γενεσίων
1082 1754 1181 1823 τῆς
1200 1754 1413 1817 πόλεως
1427 1754 1771 1823 τελουμένων
1796 1772 1809 1786 ο
1841 1757 1975 1812 διότι

394 1848 449 1901 δέ
478 1850 569 1901 ἐπὶ
601 1848 844 1918 κεφαλῆς
876 1848 1109 1918 σταυρὸν
1132 1844 1300 1918 εἶχεν,
1333 1848 1393 1901 ὃν
1424 1849 1658 1919 ἐχάραξε
1680 1851 1975 1903 Κωνσταν-

393 1944 556 2004 τίνος,
611 1940 899 2004 Ἰουλιανὸς
956 1942 1087 1994 αὐτὸ
1158 1940 1339 2011 βόθρῳ
1399 1942 1735 2011 κατέχωσεν.
1805 1942 1971 1995 Ἔνθα

400 2036 617 2103 Ἄρειος
646 2035 737 2087 τὸν
767 2034 1013 2105 ἔχθιστον
1036 2036 1270 2089 θάνατον
1306 2034 1414 2089 ἀπὸ
1457 2038 1558 2105 τῆς
1593 2037 1851 2105 καμάρας
1875 2036 1970 2089 τοῦ

391 2129 560 2199 Φόρου
589 2127 681 2181 τοῦ
711 2130 945 2184 Σενάτου
970 2129 1278 2196 ἀπέδωκεν,
1316 2128 1422 2182 ποῦ
1471 2129 1566 2182 καὶ
1615 2129 1663 2181 οἱ
1696 2128 1972 2199 παρερχό-

398 2223 551 2289 μένοι
598 2217 733 2293 οὖρα
772 2225 866 2275 καὶ
914 2223 1094 2292 κόπρα
1142 2222 1353 2276 ἐτίθουν
1402 2219 1555 2290 αὺτῷ
1597 2220 1675 2290 τῷ
1733 2220 1970 2291 ἐχθίστῳ

405 2315 459 2367 ’Δ
474 2314 619 2385 ρεῖῳ.

884 2497 1025 2565 Περὶ
1058 2495 1166 2551 τοῦ
1198 2497 1487 2550 Σενάτου.

471 2594 591 2643 Ὀτι
618 2591 679 2643 τὸ
706 2592 961 2651 Σενάτον,
990 2590 1065 2654 ὡς
1088 2592 1138 2644 οἱ
1166 2591 1263 2660 μὲν
1295 2590 1574 2658 λέγουσιν,
1606 2588 1663 2653 ἐξ
1700 2589 1873 2656 ἀρχῆς
1899 2584 1966 2657 ἦν

393 2682 502 2735 τῶν
534 2682 875 2734 κωδικὲλλων
907 2682 1279 2753 φυλακτήριον
1308 2698 1324 2715 ο
1370 2682 1550 2733 ἐκεῖσε
1600 2678 1709 2748 γὰρ
1746 2681 1795 2731 οἱ
1852 2682 1966 2732 Πα-

393 2774 596 2843 τρίκιοι
625 2773 931 2842 ἐλάμϐανον
965 2774 1186 2837 αὐτοὺς,
1220 2774 1277 2825 ἐν
1384 2790 1444 2825 τε
1476 2773 1570 2825 καὶ⁸
1596 2771 1965 2839 ’Καλλίστραοι

394 2882 485 2929 τος
514 2864 732 2935 πρῶτον
759 2864 858 2932 τὴν
885 2864 1041 2930 ἀξίαν
1070 2865 1165 2917 τοῦ
1208 2864 1416 2917 ὑπάτου
1471 2865 1650 2915 ἐκεῖσε
1719 2862 1966 2927 ἐδέξατο.

394 2958 487 3011 τοῦ
510 2958 681 3028 δήμου
714 2958 1036 3028 κράξαντος,
1067 2957 1475 3028 Καλλίστρατος
1501 2956 1735 3025 εὐτυχὴς
1764 2956 1856 3008 καὶ
1889 2955 1968 3018 είς

395 3051 523 3104 ἀλλο
554 3052 822 3120 etpost/45:.
853 3067 867 3082 ο
905 3052 932 3102 ό
966 3051 1020 3102 δέ
1074 3049 1335 3118 φοϐηθεὶς
1390 3052 1709 3118 προσέφυγε
1760 3052 1826 3117 τῇ
1878 3051 1970 3101 ἐκ·

395 3137 612 3207 κλησίᾳ.
644 3140 1049 3199 Κωνσταντϊνος
1089 3138 1146 3189 δέ
1204 3136 1523 3204 ἐξωμόσατο
1582 3136 1656 3205 μὴ
1712 3137 1967 3206 ἀδικῆσαι

2086 659 2347 714 inunctus
2382 660 2683 726 fuitJesus,
2706 677 2761 720 et
2793 667 2963 721 multa
2984 666 3096 721 alia
3128 666 3476 731 admiranda.
3495 682 3620 738 qua:
3642 683 3674 723 ι

2085 750 2125 803 C
2146 754 2469 809 onstantino
2503 756 2709 843 Magno
2729 760 2800 813 ibi
2822 761 3106 827 collocata,
3155 758 3517 822 Theodosiux
3556 760 3677 816 Ma-

2080 857 2221 913 gnus
2248 845 2455 902 firmius
2482 850 2792 905 consistere
2825 851 2973 907 fecit.

2672 942 2747 997 De
2768 959 2927 996 curru
2953 942 3118 997 Solis.

2150 1034 2210 1089 In
2263 1047 2431 1088 aureo
2462 1031 2857 1103 Milliariojam
2918 1031 3048 1087 inde
3080 1034 3149 1088 ab
3182 1034 3429 1104 antiquis
3462 1042 3670 1104 tempe.

2080 1127 2232 1182 ribus
2258 1142 2461 1183 currus
2502 1126 2635 1181 solis
2662 1127 2917 1181 trahente
2940 1125 3209 1195 quadriga
3230 1141 3496 1196 equorum
3524 1127 3669 1196 ignei

2080 1217 2280 1272 coloris
2313 1215 2474 1286 quasi
2500 1214 2799 1268 volantium
2829 1230 2856 1267 a
2888 1213 3106 1268 duabus
3150 1213 3423 1267 columnis
3453 1214 3672 1268 viseba-

2083 1319 2173 1363 tur
2211 1329 2224 1363 :
2254 1309 2344 1364 ubi
2397 1307 2798 1364 Constantinus
2822 1314 3117 1377 postquam
3147 1305 3407 1360 Azotium
3439 1305 3668 1370 vicerat,

2081 1402 2276 1457 faustis
2321 1399 2817 1456 acclamationibus
2846 1407 3110 1468 exceptus
3163 1405 3268 1451 est.
3305 1395 3411 1452 Ubi
3481 1407 3666 1451 autem

2080 1509 2276 1548 currus
2312 1494 2400 1547 ille
2433 1493 2487 1545 in
2520 1492 2957 1561 Hippodromum
3011 1491 3279 1545 deductus
3309 1488 3435 1548 fuit,
3492 1504 3660 1557 parva

2081 1595 2269 1641 statua
2332 1584 2612 1639 fortunam
2657 1582 2812 1639 urbis
2847 1581 3098 1636 referens
3129 1581 3199 1636 ab
3246 1581 3366 1652 ipso
3394 1580 3671 1636 Constan-

2060 1677 2195 1731 .tino
2257 1674 2512 1729 confecta
2573 1684 2676 1732 est.
2705 1688 2825 1743 quae
2875 1687 2904 1726 a
2937 1672 3051 1727 sole
3077 1680 3287 1740 gestata
3319 1671 3386 1726 ad
3426 1670 3668 1725 tribunal

2084 1765 2443 1837 Hippodromi
2479 1764 2813 1828 ducebatur,
2845 1764 3081 1834 indeque
3116 1772 3384 1818 coronata
3427 1761 3615 1815 exibat
3648 1778 3665 1816 :

2078 1844 2382 1927 ponebatur
2442 1864 2623 1911 autem
2668 1857 2720 1909 in
2775 1864 2964 1911 senatu
3011 1870 3137 1910 cum
3172 1853 3468 1908 celebritas
3496 1841 3664 1905 Nata-

2080 1953 2209 2005 lium
2241 1952 2396 2004 urbis
2434 1951 2766 2004 immineret.
2805 1946 2944 2013 Quia
2980 1962 3111 2001 vero
3142 1944 3306 2014 capiti
3353 1945 3475 2013 ejus
3536 1959 3664 1998 cru-

2075 2058 2192 2095 cem
2227 2041 2461 2111 insculpi
2496 2040 2897 2093 Constantinus
2930 2045 3237 2097 curaverat,
3268 2034 3519 2089 Julianus
3543 2049 3662 2087 earn

2079 2137 2130 2189 in
2159 2134 2369 2188 foveam
2405 2133 2604 2202 conjici
2643 2132 2808 2202 jussit
2839 2149 2855 2196 ;
2884 2131 2978 2185 ubi
3012 2130 3179 2182 Arius
3210 2127 3264 2181 in
3290 2142 3505 2181 camera
3534 2124 3662 2180 Feri

2076 2235 2299 2282 senatus
2329 2226 2666 2280 teterrimam
2694 2234 2927 2279 mortem
2951 2223 3087 2278 obiit
3111 2241 3123 2277 :
3156 2233 3321 2290 atque
3342 2235 3407 2275 eo
3441 2220 3542 2273 loci
3566 2219 3661 2288 qui

2076 2320 2432 2391 przeteribant
2463 2320 2680 2374 urinam
2716 2326 2773 2373 et
2810 2327 3053 2371 stercora
3122 2312 3472 2369 odiosissimo
3529 2311 3659 2366 Ario

2073 2411 2424 2481 deponebant

2711 2497 2783 2550 De
2815 2495 3038 2549 Senatu.

2146 2594 2201 2648 lu
2238 2594 2469 2652 Senatu,
2509 2600 2566 2644 ut
2596 2589 2828 2659 quidam
2864 2586 3109 2649 tradunt,
3141 2584 3383 2639 codicilli
3417 2582 3659 2653 antiqui-

2074 2698 2162 2743 tus
2202 2687 2687 2741 .asservabautur:
2732 2684 2805 2738 ibi
2836 2684 2983 2738 enim
3024 2683 3249 2737 Patrieii
3295 2697 3391 2737 eos
3419 2681 3659 2751 accipie-

2076 2780 2223 2841 bant,
2269 2779 2357 2832 ubi
2396 2778 2747 2832 Callistratus
2796 2776 3032 2845 primum
3066 2775 3405 2845 dignitatern
3452 2787 3661 2827 consu-

2076 2872 2246 2923 larem
2308 2870 2576 2938 suscepit,
2635 2870 2973 2922 acclamante
3013 2868 3216 2937 populo
3260 2864 3659 2921 :Callistratus

2075 2960 2295 3014 fortuna
2336 2959 2554 3012 favente
2588 2960 2816 3028 insuper
2839 2959 2905 3011 ad
2941 2958 3088 3011 aliud
3143 2955 3478 3026 provebetur
3510 2971 3524 3007 :
3568 2954 3660 3007 ille

2072 3069 2203 3106 vero
2239 3052 2569 3118 perterritus
2604 3049 2672 3103 ad
2701 3048 2991 3103 ecclesiam
3031 3045 3305 3116 confugit,
3330 3053 3383 3100 et
3406 3044 3659 3113 quamvis

2070 3140 2712 3208 Coustantinusjuraret
2745 3155 2805 3193 se
2840 3139 3051 3192 nullam
3083 3140 3132 3191 ei
3165 3137 3419 3207 iniuriam
3478 3136 3660 3189 illatu-

395 3229 575 3282 αὐτόν.
622 3228 683 3280 '0
726 3228 780 3280 δὲ
831 3228 905 3297 μὴ
952 3228 1322 3298 ἀνασχόμενος
1362 3228 1747 3299 ἐχειροτονήθη
1796 3247 1965 3300 πρεσ-
1993 3244 2035 3300 c
2070 3248 2152 3284 l'lll

1895 3247 1965 3281 :a-
1993 3244 2035 3300 α
2070 3248 2215 3297 rum,
2253 3241 2435 3285 tamen
2459 3232 2551 3285 ille
2577 3232 2760 3284 minus
2811 3230 3007 3290 fidens,
3064 3228 3303 3298 primum
3352 3227 3652 3298 presbyter,

393 3320 643 3394 ϐᾇτερος,
666 3316 783 3373 εἶτα
811 3319 1128 3383 ἐπίσκοπος.

392 3434 529 3501 Περὶ
550 3433 657 3487 τοῦ
683 3432 953 3498 τεθέντος
986 3432 1317 3501 στοιχείου,
1348 3431 1448 3485 καὶ
1475 3431 1581 3486 τοῦ
1614 3433 1829 3501 Φόρου,
1859 3432 1961 3485 καὶ

951 3500 1061 3567 τῆς
1100 3502 1358 3565 στήλης.
1402 3507 1409 3518 “

464 3595 722 3651 Κάτωθεν
745 3593 906 3647 δέτοῦ
932 3593 1110 3655 κίονος
1134 3591 1228 3643 τοῦ
1265 3592 1440 3661 Φόρου
1476 3592 1636 3661 ἐτέθη
1682 3592 1781 3645 καὶ
1811 3593 1953 3647 Παλ-

392 3690 572 3743 λάδιον
598 3690 885 3756 στοιχεῖον.
917 3686 1010 3737 καὶ
1037 3684 1200 3752 ἐτερα
1234 3683 1405 3735 πολλά
1430 3701 1493 3753 ση
1505 3686 1851 3754 μειοφορικά.
1907 3685 1965 3738 Ὀ

394 3779 450 3831 δέ
474 3778 669 3839 κύκλος
699 3775 790 3829 τοῦ
820 3774 991 3842 Φόρου
1025 3770 1118 3824 ἐπὶ
1174 3772 1235 3823 τδ
1303 3772 1417 3825 ἴσον
1470 3774 1569 3841 τῆς
1623 3773 1820 3838 ποδέας
1864 3773 1966 3842 τῆς

394 3872 593 3939 κόρτης
619 3866 712 3919 τοῦ
735 3864 990 3932 Μεγάλου
1010 3863 1452 3927 Κωνσταντίνου,
1484 3864 1551 3933 ἢν
1581 3862 1742 3926 αὐτὸς
1766 3861 1967 3933 Ιπηξεν

393 3961 479 4015 ὅτε
511 3958 744 4029 ἀνῆλθεν
773 3957 883 4011 ἀπὸ
927 3955 1178 4025 Ῥώμης.
1212 3955 1275 4006 Oi.
1324 3940 1391 4006 ’δὲ
1423 3953 1517 4007 δύο
1566 3955 1967 4024 σιγματοειδεῖς

393 4049 611 4120 ἐμϐολοι
644 4048 941 4117 ἐτύγχανον
962 4046 1083 4099 τότε
1118 4044 1338 4098 σταῦλοι
1358 4044 1611 4114 γύρωθεν
1628 4044 1721 4098 τοῦ
1740 4046 1965 4115 κόρτης.

403 4140 465 4197 '0
486 4141 541 4194 δέ
574 4138 939 4210 περίϐλεπτος
1000 4128 1155 4198 οὗτος
1193 4135 1347 4199 κίων,
1410 4136 1507 4189 καὶ
1558 4136 1591 4205 ἡ
1642 4134 1810 4204 στήλη
1870 4135 1965 4188 τοῦ

407 4232 766 4296 Ἀπόλλωνος,
799 4230 919 4282 ἐστι
971 4227 1067 4280 τοῦ
1096 4226 1350 4294 Μεγάλου
1411 4226 1844 4294 Κωνσταντίνου,
1900 4228 1969 4297 ἢν

389 4329 616 4395 ἕττησεν
643 4317 795 4385 οὗτος
820 4322 987 4391 δίκην
1008 4320 1184 4391 ἡλίου,
1213 4319 1384 4382 τιθεὶς
1418 4320 1474 4371 ἐν
1495 4322 1565 4391 τῇ
1606 4320 1817 4391 κεφαλῇ
1870 4321 1968 4373 αὑ-

387 4416 481 4471 τοῦ
511 4417 639 4479 τοὺς
660 4414 820 4486 ἥλους
850 4414 916 4465 ἐκ
938 4411 1047 4465 τῶν
1074 4410 1170 4463 τοῦ
1220 4411 1458 4482 Χριστοῦ
1501 4412 1658 4480 δίκην
1705 4412 1962 4478 ἀκτίνων,

389 4510 466 4573 ὡς
492 4508 645 4578 ἥλιος
664 4507 776 4569 τοῖς
808 4503 1053 4565 πολίταις
1074 4503 1395 4574 ἐκλάμπων.

2068 3324 2265 3379 deinde
2299 3326 2595 3395 episcopus
2621 3331 2839 3378 creatus
2891 3333 2993 3378 est.

2209 3439 2279 3494 De
2319 3439 2570 3494 Palladio
2598 3438 2860 3507 deposito,
2893 3440 2951 3493 de
2986 3436 3128 3492 Foro
3150 3446 3199 3491 et
3226 3436 3290 3492 de
3310 3444 3514 3491 statua.

2138 3595 2338 3649 Subter
2370 3594 2494 3651 Fori
2531 3596 2845 3649 columnam
2880 3595 3207 3657 Palladium.
3240 3602 3295 3650 et
3330 3594 3501 3648 multa
3546 3592 3653 3646 alia

2072 3688 2401 3742 admiranda
2456 3689 2635 3758 posita
2691 3688 2934 3743 fuerunt.
2992 3689 3271 3742 Circuitus
3330 3696 3515 3741 autem
3552 3686 3656 3741 fori

2068 3788 2256 3835 tantus
2288 3789 2395 3846 est,
2427 3791 2669 3851 quantus
2721 3781 2828 3836 fuit
2856 3781 3095 3837 ambitus
3134 3779 3355 3836 tentorii
3380 3778 3657 3834 Constan-

2068 3871 2171 3926 tini
2219 3871 2421 3941 Magni,
2464 3873 2611 3943 quod
2648 3873 2823 3929 Roma
2856 3874 3178 3939 Byzantium
3215 3872 3443 3937 veniens
3495 3871 3656 3923 isthic

2069 3968 2282 4021 fixerat.
2355 3964 2485 4021 Dea:
2532 3974 2712 4021 autem
2761 3965 2869 4020 illa:
2938 3966 3328 4022 semirotumlae
3408 3964 3657 4033 porticus

2076 4066 2206 4112 tunc
2238 4058 2498 4131 temporis
2529 4046 2746 4113 stabula
2787 4066 2966 4122 erant,
2986 4057 3133 4114 circa
3181 4057 3501 4112 tentorium.
3541 4054 3657 4109 Caco

2069 4139 2244 4205 terum
2291 4150 2526 4217 insignis
2581 4151 2672 4204 illa
2729 4151 2983 4204 columna
3046 4158 3102 4204 et
3150 4157 3333 4205 statua
3385 4148 3655 4217 Apollinis

2066 4248 2148 4295 est
2184 4240 2537 4296 Constantini
2574 4241 2775 4312 Magni,
2804 4256 2968 4311 quam
3002 4238 3120 4310 ipse
3136 4238 3316 4317 instar
3350 4240 3486 4294 solis
3502 4253 3655 4292 ere-

2066 4336 2167 4399 xit,
2225 4336 2408 4392 infixis
2466 4337 2634 4403 capiti
2687 4337 2832 4406 ejus,
2892 4337 3171 4391 radiorum
3232 4335 3424 4397 instar,
3484 4332 3669 4387 clavis

2067 4428 2340 4496 passionis
2373 4426 2603 4495 Christi,
2650 4436 2709 4482 ut
2740 4427 2912 4481 veluti
2974 4426 3058 4481 sol
3103 4426 3319 4481 civibus
3366 4425 3483 4479 suis
3533 4423 3654 4476 elu-

2067 4534 2127 4573 ce
2136 4526 2237 4573 ret.

389 4622 526 4691 Περὶ
564 4619 684 4674 τῶν
705 4618 1009 4701 τεθέντων.
1030 4617 1294 4701 ἠνιόιχων
1319 4617 1391 4695 si;
1418 4615 1501 4701 τῷ⁹
1558 4619 1815 4687 territa),
1863 4622 1961 4676 καὶ
1994 4592 2039 4650 ῃ
2077 4631 2146 4686 De

1886 4622 1961 4676 ταὶ
1994 4592 2039 4650 ῃ
2077 4631 2148 4686 De
2163 4632 2354 4685 statuis
2389 4635 2920 4701 aurigarum,qumiu
2948 4633 3146 4688 Seualu
3170 4634 3441 4686 collocata:
3470 4637 3643 4694 erant,

668 4690 802 4758 περὶ
828 4688 948 4741 τῶν
977 4693 1009 4740 ι’
1033 4689 1301 4751 κοφίνων
1320 4685 1441 4741 τῶν
1464 4688 1679 4756 ἄρτων.

469 4805 557 4857 Ἐν
583 4803 731 4873 δὲζτῷ
759 4802 976 4871 Σενάτῳ
994 4800 1337 4870 ἀπετέθησαν
1367 4803 1416 4853 οἱ
1448 4802 1650 4871 ἡνίοχοι
1704 4804 1761 4855 ἐν
1797 4804 1955 4868 ζευξ-

392 4897 575 4959 ίπποις
608 4897 665 4948 ἐν
703 4892 781 4961 τῷ
833 4892 1215 4962 άστρονομικῷ
1239 4892 1634 4963 όργάνῳ,.ἐνθα
1656 4894 1754 4958 τῆς
1778 4895 1967 4965 ’Λρτέ-

394 4985 546 5054 μιδος
577 4985 672 5037 καὶ
708 4983 805 5052 τῆς
825 4982 1147 5053 Ἀφροδίτης
1178 4983 1394 5037 ἵσταται
1428 4985 1619 5052 στήλη,
1646 4987 1702 5038 ἐν
1730 4980 1813 5047 αἷς
1846 5005 1969 5040 σκυ-

387 5076 579 5138 τάλαις
610 5072 1022 5143 ἀπεκεφαλίσθη
1048 5073 1159 5126 ὑπὸ
1191 5072 1492 5143 Ἀρειανῶν
1523 5074 1812 5144 Ἀρκάδιος
1860 5080 1959 5145 ἁρ-

389 5168 685 5240 χιδιάκονος
717 5168 815 5235 τῆς
858 5167 1051 5233 ’Ᾱγίας
1077 5166 1337 5235 Εἰρήνης.
1374 5168 1435 5219 Οἱ
1459 5166 1515 5219 δὲ
1549 5166 1679 5219 δέκα.
1737 5169 1963 5236 κόφινοι

390 5261 500 5313 τῶν
535 5258 1169 5332 περισσευμάτων,δέκα
1217 5257 1308 5326 ἔτη
1345 5260 1401 5309 ἐν
1433 5258 1509 5326 τῷ
1566 5259 1815 5328 παλατίῳ
1868 5260 1962 5312 τοῦ

391 5352 623 5406 Σενάτου
661 5350 979 5405 κατέκειντο
1006 5367 1020 5381 ·
1066 5351 1205 5419 μετά
1228 5349 1473 5403 δὲταῦτα
1505 5350 1609 5403 ὑπὸ
1643 5352 1740 5421 τὴν
1802 5353 1963 5423 βάσιν

392 5442 486 5496 τοῦ
518 5441 695 5505 κίονος
725 5438 1179 5511 κατεχώσθησαν.

2316 4720 2377 4755 ac
2416 4704 2479 4755 de
2508 4706 2678 4756 decem
2710 4705 3058 4767 reliquiarum
3104 4705 3363 4770 cap/riuis.

2146 4812 2202 4865 lu
2245 4814 2453 4868 Senatu
2504 4822 2701 4868 erecta!
2747 4825 2875 4870 sunt
2934 4817 3245 4886 aurigarum
3305 4814 3649 4869 Circensium

2074 4914 2269 4958 statua:
2300 4906 2353 4958 in
2391 4922 2601 4975 organo
2639 4906 3033 4971 astronomico,
3069 4906 3161 4961 ubi
3196 4906 3359 4961 etiam
3384 4904 3566 4961 Diana:
3596 4913 3651 4959 et

2077 4994 2303 5050 Veneris
2335 5006 2558 5061 statuae;
2592 5000 2657 5051 ad
2679 5016 2816 5066 quas
2846 5000 3113 5054 Arcadius
3134 4999 3555 5054 archidiaconus
3585 4997 3645 5052 S.

2065 5086 2234 5140 lrenm
2269 5086 2336 5140 ab
2354 5087 2574 5142 Arianis
2606 5089 2789 5159 flagris
2820 5092 3041 5145 occisus
3072 5103 3174 5144 est.
3240 5091 3431 5142 Decem
3466 5097 3647 5143 autem

2066 5178 2282 5247 cophini
2325 5180 2679 5249 reliquiarum
2708 5184 2893 5236 decem
2924 5185 3084 5236 annis
3105 5183 3155 5235 in
3183 5182 3389 5250 palatio
3413 5182 3648 5237 Senatus

2058 5269 2388 5337 jacuerunt;
2427 5280 2615 5342 pestea
2640 5289 2766 5327 vero
2793 5274 2859 5327 ad
2904 5276 3076 5329 basim
3123 5276 3392 5330 columna:
3423 5273 3649 5330 suffossi

2062 5360 2236 5417 fuere.

1002 5584 1076 5637 De
1110 5584 1303 5637 statuis
1325 5599 1441 5651 quae
1464 5584 1589 5637 olim
1612 5587 1664 5637 in
1695 5602 1886 5655 magna
1921 5589 2141 5642 ecclesia
2170 5588 2370 5643 Sancta
2408 5588 2603 5656 Sophia
2634 5600 2815 5642 ereclw
2855 5601 3023 5643 erant.

469 5701 558 5751 Ἐν
578 5700 632 5751 δέ
653 5701 719 5767 τῇ
749 5699 961 5770 μεγάλῃ
989 5698 1281 5769 ἐκκλησίᾳ,
1309 5703 1374 5770 τῇ
1412 5702 1507 5753 νίν
1559 5702 1950 5777 ὀνομαζομένῃ

389 5793 420 5858 ἡ
460 5790 616 5856 Ἀγία
652 5792 847 5858 Σοφία,
898 5792 1092 5860 στῆλαι
1147 5793 1368 5845 ἵσταντο
1419 5798 1559 5858 υκζ’,
1595 5797 1654 5847 αἱ
1709 5796 1954 5860 πλείονες

388 5883 592 5935 tuitur:
639 5883 956 5953 Ἑλληνικαὶ
1006 5877 1282 5947 ὑπῆρχον·
1336 5887 1536 5951 αἵτινες
1568 5892 1631 5941 ἐκ
1660 5890 1765 5942 τῶν
1824 5890 1951 5943 πολ·

2138 5706 2191 5759 ln
2232 5722 2426 5777 magna
2461 5705 2721 5771 ecclesia,
2756 5720 2876 5775 qua:
2922 5706 3034 5775 jam
3088 5707 3391 5777 appellatur
3436 5708 3642 5767 Sancta

2067 5799 2266 5868 Sophia
2302 5810 2498 5854 erectae
2526 5810 2687 5852 erant
2715 5798 3129 5869 quadringenta:
3177 5798 3396 5869 viginti'
3424 5808 3632 5869 septem

2062 5901 2276 5953 statum,
2360 5907 2589 5957 quorum
2672 5890 2940 5961 pleneque
3023 5889 3228 5946 Graeca:
3292 5900 3489 5959 erant;
3565 5906 3631 5947 ex
