4450 6448
402 372 533 435 121']

1411 375 1614 435 ANON
1628 377 1761 436 ΥΜῘ
1807 377 2095 445 ANTIOU
2112 380 2376 444 lTATES
2420 386 2531 445 Cl’.

3527 385 3666 451 1218

401 509 555 543 κονον
594 491 906 561 ὑπάρχοντα
939 492 1107 543 οἰκεῖν
1133 489 1311 541 ἐκεῖσε
1338 506 1348 517 ·
1402 488 1538 541 ἀλλὰ
1568 492 1660 541 καὶ
1694 492 1725 558 ἡ
1773 489 1976 560 ἀδελφὴ
2007 492 2053 551 Α
2083 490 2158 545 dia

1911 491 1976 560 ,νὴ
2007 492 2053 551 Α
2083 490 2348 548 diaconus
2380 497 2453 551 ibi
2485 498 2778 565 habitaret,
2828 509 2881 553 et
2916 513 3074 554 soror
3105 498 3226 569 ejus
3276 499 3475 557 ibidem
3522 516 3668 561 esset

396 585 490 637 τοῦ
518 586 858 656 πατριάρχου
885 586 1202 639 διακόνισσα
1236 579 1321 651 ἦν.

948 676 1023 730 Τὰ
1048 674 1442 743 Κουράτορος.

468 771 548 822 Τὰ
577 770 927 840 Κουράτορος
952 769 1286 839 ἐκτίσθησαν
1314 771 1372 822 ἐν
1409 770 1523 831 τοῖς
1548 771 1768 839 χρόνοις
1805 769 1974 840 Βηρί-

2086 584 2421 642 diaconissa.

2472 681 2550 735 De
2583 685 2772 752 templo
2795 682 3073 739 Curatoris
3103 684 3269 741 dicto.

2152 770 2442 842 Templum
2469 776 2799 845 cognomine
2834 775 3128 832 Curatoris
3169 778 3452 833 conditum
3489 777 3669 836 fuisse

396 884 492 935 νης
528 867 627 934 τῆς
657 866 942 933 γυναικὸς,
966 864 1206 931 λέγεται,
1240 862 1335 916 τοῦ
1368 864 1742 932 Λεομακέλου.
1787 866 1897 919 Καὶ
1950 866 1978 917 ό
2082 861 2153 916 fel

1950 866 1978 917 ό
2082 861 2256 917 fertur
2318 871 2565 935 tempore
2615 864 2825 921 Verinaa
2878 870 3070 923 uxoris
3125 867 3329 924 Leonis
3384 868 3663 938 κάταιθε

396 959 683 1027 κουράτωρ
712 957 879 1011 αὑτοῦ
910 958 1245 1028 παρίσταται
1283 958 1362 1019 εἰς
1394 956 1652 1027 ὁμοίωμα
1680 958 1774 1011 τοῦ
1796 959 1973 1028 τάφου

393 1052 487 1103 τοῦ
525 1051 758 1119 Κυρίου.

873 1143 1015 1212 Περὶ
1047 1143 1154 1197 τοῦ
1181 1142 1617 1213 Φιλαδελφιόυ.

470 1234 543 1284 Τὸ
594 1234 651 1287 δὲ
676 1233 1016 1302 καλούμενον
1054 1235 1430 1304 Φιλαδέλφιον,
1463 1236 1569 1288 υἱοί
1609 1240 1717 1289 εἱσι
1751 1238 1973 1289 105M:-

394 1325 559 1392 γάλου
580 1327 980 1381 Κωνταντίνου.
1022 1328 1151 1381 Ὅτε
1192 1328 1247 1381 δὲ
1276 1328 1633 1399 ἐτελεύτησεν
1667 1324 1851 1393 οὗτος,
1877 1328 1971 1382 τοῦ

395 1418 738 1471 Κωνταντίου
757 1417 909 1481 ὄντες
924 1418 977 1470 ὲν
996 1421 1109 1481 τοῖς
1130 1422 1230 1488 τῆς
1252 1418 1542 1483 ’Λνατολῆς
1569 1421 1784 1489 μέρεσι,
1814 1420 1970 1474 Κών-

396 1524 622 1572 σταντος
653 1507 767 1561 ἀπὸ
797 1509 1014 1570 Δύσεως
1043 1511 1137 1563 καὶ
1167 1510 1370 1563 Γάλλου
1432 1512 1745 1581 ἐρχομένων
1804 1514 1970 1582 συνή-

391 1600 608 1669 φθησαν
637 1605 840 1665 ἐκεῖσε,
872 1605 965 1656 καὶ
997 1602 1341 1665 ἀσπάζονται
1381 1590 1667 1671 ἀλλήλους.
1721 1604 1835 1673 Οὐχ
1890 1606 1969 1656 ὅτι

392 1693 508 1744 ἐκεῖ
547 1694 925 1763 συνήςρθησαν,
969 1694 1107 1746 ἀλλὰ
1138 1694 1236 1763 τῆς
1279 1695 1526 1763 ὑπαντῆς
1558 1696 1759 1757 αὐτῶν,
1790 1698 1969 1748 ἐκεῖσε

389 1780 893 1851 ἀναστηλωθείσης.
932 1784 1024 1846 Ὠς
1052 1783 1297 1853 δεύτεροί
1339 1800 1526 1851 φασιν,
1585 1787 1667 1837 ὅτι
1710 1786 1771 1838 τὸ
1802 1787 1969 1839 Φιλα-

388 1871 601 1940 δέλφιον
619 1876 676 1925 ἐν
791 1874 907 1927 ἐστι
955 1873 1269 1944 βοῤῥείοθεν
1308 1875 1539 1942 άψίδιον,
1595 1877 1964 1945 προτείχισμα

390 1958 483 2031 ἦν,
544 1967 639 2019 καὶ
665 1968 844 2037 πόρτα
862 1970 1094 2039 χερσαῖα
1128 1967 1239 2021 τῶν
1296 1969 1542 2022 παλαιῶν
1588 1970 1693 2021 ὑπὸ
1743 1972 1971 2039 Κάρπου

394 2060 930 2125 κατασκευασθεῖσα.
969 2060 1119 2113 Ἐκεῖ
1148 2060 1241 2113 οὖν
1262 2054 1449 2114 ἵστατο
1486 2064 1518 2131 ἡ
1545 2061 1717 2131 στήλη
1752 2062 1844 2114 τοῦ
1870 2064 1971 2115 Φό-

392 2167 509 2216 ρου,
542 2152 610 2219 ἣν
643 2155 722 2213 είς
752 2151 1028 2222 καρούχαν
1057 2153 1296 2221 ἦνεγκαν
1329 2152 1550 2205 ἀπὸτοῦ
1590 2154 1967 2222 Φιλαδελφίου.

402 2244 491 2304 Ὠς
520 2243 574 2295 δὲ
596 2245 1060 2314 οΔιακρινόμενος
1095 2244 1266 2313 λέγει,
1304 2245 1411 2299 ἀπὸ
1447 2249 1545 2316 τῆς
1605 2246 1969 2318 Μαγναύρας,

390 2337 424 2405 ἡ
462 2337 518 2387 ἐν
539 2336 617 2405 τῷ
663 2336 820 2407 Φάρῳ
863 2338 1088 2391 τεθεῖσα
1136 2339 1327 2407 στήλη,
1366 2340 1399 2407 ἡ
1435 2337 1634 2403 πολλὰς
1696 2340 1969 2409 ὑμνῳδίας

388 2428 653 2499 δεξαμένη
685 2432 763 2492 εις
794 2429 963 2499 τύχην
997 2432 1102 2499 τῆς
1135 2431 1347 2493 πόλεως
1384 2432 1767 2502 προσεκυνήθη
1816 2434 1968 2501 παρὰ

389 2525 630 2588 πάντων,
662 2522 938 2592 ύψωθεῖσα
961 2526 1019 2576 ἐν
1050 2524 1128 2594 τῷ
1164 2526 1325 2590 κίονι,
1357 2526 1451 2577 τοῦ
1482 2526 1671 2596 ἱερέως
1700 2528 1838 2593 μετὰ
1870 2528 1968 2596 τῆς

391 2614 543 2683 λιτῆς
576 2616 1011 2685 παρεστηκότος,
1043 2618 1138 2671 καὶ
1170 2618 1308 2683 μετὰ
1360 2620 1629 2688 κραυγῆς,
1676 2619 1737 2671 τὸ
1794 2621 1968 2687 Κύριε

384 2707 651 2773 ἐλέησον
699 2708 929 2777 βοῶντος
980 2710 1354 2773 ἐκατοντάκις,
1392 2710 1487 2763 καὶ
1537 2711 1741 2763 ἄνωθεν
1790 2713 1967 2764 ἐκεῖσε

387 2800 482 2852 ἐπὶ
532 2800 632 2869 τὴν
690 2800 932 2870 κεφαλὴν
984 2801 1078 2854 τοῦ
1133 2802 1309 2864 κίονος
1370 2801 1541 2853 πολλὰ
1607 2803 1969 2870 ἐτελέσθησαν

390 2893 684 2963 Θαυμαστὰ
716 2894 813 2947 καὶ
836 2894 1142 2965 παράδοξα,
1168 2894 1263 2947 καὶ
1293 2894 1601 2964 πανήγυρις
1631 2896 1760 2964 περὶ
1777 2894 1967 2948 τούτου

389 2987 581 3054 γέγονε
652 2987 1267 3057 τεσσαρακονθήμερος,
1325 2987 1423 3040 καὶ
1466 2989 1753 3057 σιτηρέσια
1798 2988 1970 3042 πολλὰ

387 3078 617 3130 ἐδίδοντο
652 3079 802 3147 παρὰ
830 3078 923 3130 τοῦ
959 3078 1244 3147 βασιλέως.
1276 3080 1353 3151 Τῇ
1388 3080 1441 3132 δὲ
1476 3079 1739 3151 ἐπαύριον
1772 3082 1966 3148 γέγονε

2080 956 2240 1025 cujus
2292 968 2520 1013 curator
2551 959 2771 1026 praefuit
2820 969 3129 1029 structurae,
3163 970 3223 1015 ut
3268 960 3337 1016 ad
3375 961 3669 1019 instar.»-

2082 1050 2261 1118 pulcri
2289 1049 2493 1105 Christi
2527 1052 2704 1107 fleret.

2633 1144 2710 1201 De
2729 1143 3125 1213 Philadelphia.

2160 1234 2212 1287 Id
2249 1235 2394 1303 quod
2441 1234 2879 1309 Philadelphium
2920 1241 3257 1309 appellatur,
3295 1249 3496 1299 statue
3532 1251 3668 1299 sunt

2077 1326 2315 1381 tiliorum
2347 1329 2697 1385 Constantini
2730 1331 2932 1402 Magni.
2975 1331 3274 1401 Postquam
3305 1334 3454 1390 enim
3487 1334 3607 1405 ipse
3631 1350 3666 1393 ο

2074 1418 2219 1473 vivis
2248 1420 2515 1484 excessit,
2547 1420 2908 1479 Constantius
2941 1439 3067 1479 cum
3102 1425 3157 1479 in
3185 1424 3437 1495 partibus
3462 1426 3664 1483 Orien-

2076 1510 2145 1563 tis
2186 1523 2358 1577 esset,
2412 1511 2689 1568 Constans
2727 1529 2858 1569 vero
2902 1530 3009 1570 una
3051 1530 3175 1569 eum
3218 1512 3376 1571 Gallo
3404 1516 3476 1572 ab
3502 1513 3665 1572 Occi-

2072 1599 2238 1653 dente
2273 1604 2539 1666 venisset,
2591 1602 2698 1656 hoc
2743 1604 2797 1656 in
2845 1604 2965 1658 loco
2997 1604 3281 1674 conjuncti
3317 1620 3377 1661 se
3420 1606 3661 1663 invicem

2072 1692 2478 1748 salutaverunt.
2514 1692 2633 1747 Non
2666 1694 2814 1748 enim
2874 1694 2949 1749 ita
3006 1706 3361 1765 nuncupatur
3394 1698 3545 1769 quod
3584 1697 3661 1751 ibi

2072 1786 2457 1850 convenerint,
2492 1787 2587 1840 sed
2621 1784 2883 1855 quauiam
2914 1788 3079 1857 primi
3100 1802 3296 1842 eorum
3325 1802 3663 1858 congressus

2075 1876 2287 1945 signum
2314 1876 2481 1931 ismic
2517 1889 2765 1933 erectum
2784 1888 2891 1935 est.
2915 1880 3023 1933 Alii
3052 1894 3181 1934 vero
3210 1880 3663 1947 narrant,Pbila-

2074 1969 2379 2037 delphium,
2415 1970 2507 2024 ubi
2546 1971 2806 2039 parvulos
2839 1971 2909 2025 ab
2938 1971 3210 2040 Aquilone
3238 1971 3437 2026 visitur
3470 1987 3656 2037 arcus,

2072 2062 2381 2131 antiquitus
2418 2064 2896 2134 prapugnaculum
2933 2062 3130 2129 fuisse,
3185 2073 3513 2133 portamque
3546 2071 3660 2120 ter-

2077 2160 2305 2203 restrem
2343 2152 2627 2218 antiquam
2655 2166 2684 2204 a
2716 2151 2859 2206 Caro
2888 2162 3245 2207 exstructam.
3280 2151 3395 2206 lloe
3409 2153 3580 2223 igitur
3602 2153 3659 2208 in

2072 2239 2192 2293 loco
2224 2242 2406 2295 stabat
2435 2242 2564 2296 olim
2593 2242 2694 2296 fori
2721 2254 2924 2309 statua,
2960 2259 3083 2314 qua
3112 2259 3279 2299 curru
3320 2244 3449 2299 inde
3476 2243 3660 2300 fuerat

2070 2345 2378 2403 exportata.
2424 2335 2493 2389 Ut
2533 2344 2715 2391 autem
2763 2336 3036 2392 Haasitans
3074 2340 3265 2405 tradit,
3293 2353 3323 2393 α
3359 2338 3657 2410 Magnaura

2071 2428 2250 2482 delata
2280 2429 2385 2482 fuit
2425 2436 2605 2484 statua
2639 2430 2693 2483 in
2727 2428 2872 2482 Foro
2907 2432 3110 2500 posita,
3142 2446 3266 2501 quae
3301 2433 3493 2485 multis
3534 2432 3659 2487 lau-

2072 2520 2236 2575 dibus
2287 2520 2586 2585 cclebrata,
2639 2532 2698 2575 ut
2745 2520 2965 2575 fortuna
3009 2523 3164 2578 urbis
3219 2522 3554 2578 adorabatur
3584 2524 3658 2578 ab

2071 2613 2351 2674 omnibus.
2403 2613 2676 2669 columna:
2726 2614 3006 2683 imposita,
3065 2616 3354 2671 sacerdote
3390 2624 3657 2684 praesente

2071 2707 2628 2776 cum-supplicatione
2669 2716 2725 2761 et
2775 2709 2983 2763 centies
3014 2709 3307 2776 clamante,
3335 2708 3503 2780 κεν-ξε
3530 2708 3659 2764 ειεξ-

2070 2809 2188 2857 son,
2233 2809 2295 2847 ac
2328 2812 2493 2865 supra
2523 2796 2827 2865 capitulum
2860 2799 2983 2864 ejus
3016 2798 3291 2854 columna:
3326 2798 3656 2854 admiranda

2072 2890 2319 2955 quadam
2360 2898 2413 2941 et
2466 2891 2738 2957 stupenda
2794 2891 2938 2943 edita
2988 2890 3237 2956 fuerunt,
3293 2893 3657 2963 soletnneque

2071 2977 2271 3032 festum
2316 2989 2459 3034 tctos
2508 2980 2873 3052 quadraginta
2916 2983 3034 3036 dies
3078 2992 3264 3038 actum
3314 2982 3437 3051 fuit,
3491 2994 3658 3048 atque

2070 3070 2190 3140 ipse
2225 3072 2522 3140 imperator
2545 3072 2826 3141 copiosam
2857 3089 3130 3127 annonam
3162 3074 3462 3137 distribuit.
3481 3075 3659 3132 Cate-

388 3169 449 3221 τὸ
512 3170 783 3234 γενέθλιον
842 3170 940 3238 τῆς
1006 3171 1251 3233 πόλεως,
1328 3172 1422 3224 καὶ
1495 3170 1636 3240 μέγα
1695 3172 2041 3245 Ἱπποδρό-(ἶ
2078 3180 2137 3215 I'U

1899 3172 1971 3226 ,6.
1997 3175 2041 3234 c
2078 3180 2197 3217 rum
2233 3164 2497 3235 postridie
2521 3164 2736 3219 Natalia
2767 3167 2923 3219 urbis
2956 3168 3236 3222 celebrata
3262 3177 3410 3233 sunt,
3443 3168 3656 3238 magni-

391 3260 547 3327 μίονο
606 3260 693 3313 ὅτε
746 3261 837 3313 καὶ
876 3262 909 3329 ἡ
960 3260 1112 3323 πόλις
1179 3261 1573 3330 μετωνομάσθη
1618 3263 1965 3316 Κωνσταντι-

390 3350 479 3401 νού
490 3350 661 3413 πολις.

390 3464 525 3532 Περὶ
554 3465 663 3519 τοῦ
698 3465 871 3527 ὄντες
919 3467 989 3518 ἐν
1018 3465 1179 3531 αὑτῷ
1216 3466 1509 3533 σταυροῦ,
1551 3485 1648 3521 και
1690 3485 1808 3520 των
1851 3468 1962 3520 δύο

457 3535 602 3587 υὶών
651 3536 756 3589 τοῦ
810 3535 1089 3603 Μεγάλου
1150 3539 1632 3601 Κωνσταντίνου,
1686 3536 1804 3591 τῶν
1861 3540 1961 3591 ἐπὶ

458 3608 676 3672 θρόνου
711 3606 1143 3675 καθεζομένων.

463 3727 565 3778 Τὸν
600 3727 656 3780 δὲ
681 3728 761 3789 εἰς
790 3727 849 3779 τὸ
871 3726 1221 3796 Φιλαδέλφιον
1243 3728 1373 3781 ὄντα
1406 3729 1638 3797 σταυρὸν
1668 3730 1963 3798 ἀνέστησεν

387 3822 414 3871 ὁ
466 3820 657 3887 Μέγας
700 3822 1113 3882 Κωνσταντίνος
1163 3820 1255 3871 ἐπὶ
1290 3821 1490 3883 κίονος,
1542 3823 1962 3891 κεχρυσωμένον

384 3911 475 3963 διὰ
504 3911 665 3965 λίθων
722 3913 815 3964 καὶ
858 3911 1049 3974 ὑέλων,
1109 3914 1249 3965 κατὰ
1302 3913 1391 3965 τὸν
1422 3914 1738 3982 σταυροειδῆ
1770 3898 1963 3981 τύπον,

390 4003 449 4055 ὃν
476 3998 617 4056 εἶδεν
649 4004 707 4057 ἐν
737 4004 814 4072 τῷ
846 4004 1082 4074 οὐρανῷ,
1133 4005 1227 4056 καὶ
1262 4003 1357 4056 τοῦ
1404 4008 1582 4067 κίονος
1622 4004 1831 4058 ἐκείνου
1866 4006 1962 4058 τοῦ

389 4096 693 4166 πορφυροῦ.
742 4098 1000 4167 Ἐποίησε
1031 4098 1231 4166 στήλας
1282 4096 1389 4149 τῶν
1447 4098 1577 4148 υἱῶν
1627 4098 1816 4160 αὑτοῦ,
1868 4100 1963 4151 καὶ

384 4187 738 4241 ἁνετύπωσεν
770 4190 861 4242 ἐπὶ⁵
891 4189 1084 4259 θρόνου
1120 4188 1446 4253 καθέζεσθαι
1472 4204 1487 4219 °
1524 4190 1749 4257 ἐποίησε
1781 4191 1837 4242 δὲ
1869 4194 1963 4243 καὶ

384 4282 479 4332 τὸν
513 4280 668 4332 κίονα
721 4282 929 4333 ἐκεῖνον
968 4282 1212 4351 ἱστορίας
1269 4282 1549 4350 περιέχειν
1602 4281 1703 4343 τὰς
1754 4282 1962 4334 τούτων

385 4370 684 4436 ἐνζώδους,
746 4373 840 4425 καὶ
894 4373 1201 4444 γράμματα
1257 4373 1504 4441 Ῥωμαῖα
1558 4372 1666 4424 τῶν
1716 4373 1963 4441 ἐσχάτως

2076 3276 2181 3329 que
2230 3263 2523 3317 Circenses
2555 3266 2688 3328 acti,
2740 3282 2805 3320 ac
2840 3267 2972 3321 urbs
3004 3281 3071 3321 eo
3104 3266 3226 3337 ipso
3255 3267 3346 3323 die
3381 3267 3655 3338 appellata

2078 3351 2181 3405 fuit
2207 3352 2734 3424 Constantinopolis.

2077 3465 2151 3519 De
2179 3484 2327 3521 cruce
2360 3471 2409 3522 in
2439 3469 2805 3537 Philadelphia
2836 3474 3115 3534 collocata,
3142 3492 3207 3527 ac
3225 3476 3429 3528 duabus
3459 3476 3655 3527 statuis

2216 3540 2452 3606 ﬁliorum
2488 3539 2826 3595 Constantini
2856 3544 2927 3597 Μ.
2961 3547 3147 3598 throno
3180 3547 3547 3599 insidentibus.

2143 3718 2375 3771 Crucem
2409 3733 2547 3772 auro
2585 3720 2881 3774 obductam
2916 3721 3147 3790 gemmis
3191 3721 3454 3789 vitrisque
3488 3735 3654 3775 orna-

2074 3821 2209 3876 tam,
2245 3813 2445 3881 quamn
2484 3811 2871 3882 Philadelphio
2924 3814 3177 3867 cernitur
3228 3815 3497 3869 colurnum
3554 3814 3652 3866 im-

2078 3906 2278 3975 posita,
2339 3906 2741 3960 Constantinus
2802 3906 3032 3975 Magnus
3087 3907 3284 3970 erexit,
3321 3912 3413 3960 'ad
3470 3910 3653 3962 crucis

2076 4015 2240 4067 quam
2278 3999 2332 4051 in
2370 3998 2510 4051 cmlo
2542 3997 2757 4051 viderat
2788 4008 2842 4051 cl
2869 3998 3142 4051 columna:
3174 4000 3325 4051 illius
3353 4002 3652 4069 porphyre-

2078 4092 2199 4175 tipae
2246 4090 2502 4143 formam.
2545 4089 2769 4143 Statuas
2826 4090 3031 4156 pariter
3096 4091 3225 4145 liliis
3296 4092 3414 4144 suis
3470 4091 3652 4158 posuit

2075 4185 2275 4236 throno
2308 4182 2611 4235 insidentes
2658 4197 2671 4233 :
2714 4184 2839 4235 item
2897 4184 3212 4235 columnam
3272 4182 3418 4235 illam
3464 4182 3650 4237 hiero-

2073 4276 2346 4346 glyphicis
2416 4275 2565 4328 notis
2607 4273 2989 4344 Romanisque
3052 4275 3250 4333 litteris
3304 4274 3648 4341 inscriptam,

2069 4383 2191 4437 qua:
2207 4382 2389 4421 rerum
2422 4368 2717 4421 novissima
2751 4367 3031 4429 exhibent,
3070 4367 3351 4420 oscitavit.
3375 4365 3648 4420 Canerqu

388 4464 690 4531 μελλόντων
718 4462 989 4531 γίνεσθαι.
1029 4463 1283 4516 Ἱσταντο
1335 4464 1393 4515 δέ
1436 4462 1699 4533 ἀντικρὺς
1728 4464 1842 4517 τῶν
1867 4464 1960 4517 δύο
1994 4508 2036 4533 ἢ
2068 4477 2099 4516 e
2120 4477 2145 4514 r

1891 4464 1960 4517 nio
1994 4508 2036 4533 ἢ
2068 4462 2345 4530 eregione
2368 4460 2604 4515 ﬁliorum
2640 4460 2993 4515 Constantini
3027 4459 3233 4528 Magni,
3267 4458 3363 4527 qui
3400 4458 3458 4511 in
3490 4460 3648 4512 thro-

384 4556 518 4610 υἱῶν
543 4555 731 4620 αὑτοῦ,
760 4556 869 4609 τῶν
900 4558 993 4609 ἐπὶ
1036 4556 1249 4626 θρόνοις
1292 4555 1695 4625 καθεζομένων,
1726 4556 1822 4609 καὶ
1850 4556 1960 4609 τῶν
1994 4550 2032 4561 ”
2066 4556 2141 4609 nis

1887 4556 1960 4609 ὦν
1994 4550 2032 4561 ”
2066 4556 2151 4609 nis
2178 4554 2391 4617 sedent,
2429 4553 2652 4608 stabant
2691 4560 2889 4606 statua:
2919 4567 3109 4607 eorum
3151 4552 3247 4621 qui
3318 4566 3379 4606 se
3411 4550 3644 4606 imieem

380 4649 556 4702 ἄλλων
590 4650 699 4702 τῶν
728 4648 1145 4717 ἀσπαζομένων.

744 4738 880 4806 Περὶ
910 4740 975 4791 τὸ
1006 4740 1337 4810 λεγόμενον
1365 4738 1603 4793 Μόδιον.

455 4832 578 4884 ’Ότι
609 4830 671 4883 τὸ
712 4830 1007 4899 λεγόμενον
1051 4831 1273 4895 Μόδιον,
1312 4830 1608 4902 ὡρολόγιον
1662 4827 1752 4903 ἦν,
1790 4832 1957 4900 ἤγουν

378 4926 439 4976 τὸ
472 4924 674 4992 ἐξαμον
713 4922 809 4975 τοῦ
862 4922 1066 4991 μοδίου.
1122 4922 1368 4977 Ἰσταται
1417 4920 1575 4974 τοῦτο
1619 4914 1807 4976 ἐπάνω
1858 4924 1958 4991 τῆς

381 5018 638 5086 καμάρας
672 5015 774 5085 τῆς
834 5014 945 5067 τῶν
1009 5014 1448 5085 Ἀμαστριανῶν,
1507 5014 1672 5082 μέσον
1709 5015 1817 5067 τῶν
1864 5015 1959 5067 δύο

380 5107 580 5176 χειρῶν
649 5106 1214 5179 κατασκευασθέντων
1278 5107 1385 5158 ὑπὸ
1454 5106 1904 5159 Οὐαλεντινιανοῦ
1941 5122 1955 5137 ·

379 5199 467 5251 διὰ
495 5196 654 5251 τοῦτο
691 5198 787 5249 καὶ
826 5200 927 5267 τὴν
954 5198 1172 5268 Λαμίαν
1202 5193 1344 5251 εἶναι
1370 5198 1537 5264 ἐγγὺς
1565 5197 1756 5252 αὑτοῦ.
1797 5199 1958 5253 ’Υποο

381 5288 532 5340 κάτω
567 5278 624 5341 δὲ
651 5288 708 5343 ἐν
731 5278 808 5357 τῷ
833 5288 1092 5357 εἰλήματι
1118 5288 1228 5341 τῶν
1257 5281 1464 5357 χειρῶν
1491 5289 1725 5356 ἱστορίαι
1767 5290 1907 5341 εἰσίν
1939 5305 1954 5320 ο

379 5384 427 5433 οἱ
462 5381 519 5434 δὲ
564 5382 966 5451 πεπειραμένοι
992 5382 1335 5451 ,εὑρήσουσιν
1372 5380 1564 5443 αὑτάς.
1602 5381 1856 5450 Ὠρισται
1896 5382 1954 5435 δὲ

378 5473 441 5524 τὸ
498 5472 679 5541 μόδιον
724 5471 1026 5541 κούμουλον
1101 5470 1555 5541 πιπράσκεσθαιο
1597 5466 1675 5533 εἷς
1733 5471 1789 5523 δὲ
1844 5472 1954 5524 τῶν

379 5563 638 5632 ἐμπόρων
673 5564 925 5633 πέπρακέ
967 5580 1075 5615 τινι
1135 5563 1285 5615 σίτου
1347 5562 1532 5632 ρίγλον
1579 5564 1670 5615 τὸν
1727 5563 1905 5631 μόδιον
1938 5580 1952 5594 ·

378 5657 539 5723 γνοὺς
588 5654 645 5709 δὲ
687 5654 847 5708 τοῦτο
882 5655 912 5706 ὁ
950 5655 1228 5725 βασιλεὺς,
1265 5655 1430 5724 ἐκοψε
1488 5656 1587 5719 τὰς
1639 5656 1731 5708 δύο
1763 5658 1953 5725 χεῖρας

379 5749 567 5815 αὑτοῦ,
610 5750 706 5803 καὶ
760 5749 1137 5819 άνεστήλωσεν
1173 5746 1426 5818 ὁρᾶσθαι,
1470 5748 1672 5817 ὁμοίως
1725 5750 1815 5799 καὶ
1862 5748 1951 5799 τὸν

382 5842 584 5912 μόδιον,
616 5841 674 5907 ὃς
713 5841 1081 5913 ἐχρημάτισεν
1106 5840 1420 5910 ὡρολόγιον.

2060 4650 2484 4718 amplectuntur.

2688 4738 2766 4792 De
2809 4737 3010 4791 Modio.

2132 4832 2371 4887 Modiam
2401 4832 2545 4902 quod
2584 4840 2802 4893 vocant,
2831 4830 3170 4900 horologium
3207 4838 3347 4893 erat,
3383 4828 3467 4885 vel
3509 4843 3644 4884 exa-

2060 4938 2182 4975 men
2207 4922 2374 4975 modii
2407 4922 2735 4975 collocatum
2799 4935 2965 4989 supra
3026 4921 3504 4973 Amastrianorum
3548 4932 3643 4974 aro

2058 5013 2362 5075 cum,inter
2388 5014 2529 5067 duas
2552 5028 2799 5066 inanus‘a
2832 5012 3215 5066 Valentiniano
3230 5018 3639 5077 constructum;

2058 5121 2229 5175 quare
2257 5106 2384 5159 huic
2425 5107 2733 5175 proximum
2796 5114 2879 5158 cst
2934 5104 3154 5173 signum
3215 5102 3439 5157 Lamiae.
3492 5100 3640 5155 Infra

2058 5208 2237 5251 autem
2287 5198 2341 5249 in
2395 5196 2671 5249 volumine
2732 5209 2994 5248 manuum
3050 5194 3297 5249 historia
3362 5194 3645 5261 inscripta

2058 5299 2207 5354 sunt,
2234 5305 2374 5359 quas
2399 5287 2544 5341 facili
2574 5289 2795 5356 negotio
2824 5288 2982 5355 periti
3015 5287 3335 5355 percipient.
3365 5284 3639 5342 Caeterum

2056 5386 2172 5453 lege
2207 5382 2478 5437 sancitum
2508 5380 2630 5442 fuit,
2671 5389 2731 5433 ut
2764 5380 2981 5434 modius
3030 5381 3311 5433 cumulate
3366 5378 3637 5432 vendere-

2054 5486 2163 5529 tur.
2198 5473 2471 5527 Hercator
2489 5486 2617 5525 vero
2644 5472 2869 5539 quidam
2920 5481 3117 5525 contra
3155 5472 3403 5526 edictum
3445 5470 3519 5526 ad
3544 5484 3637 5525 re-

2052 5566 2237 5636 gulam
2269 5564 2433 5619 alicni
2472 5563 2738 5618 vendidit.
2801 5562 2958 5629 Quod
3020 5563 3113 5617 ubi
3172 5562 3477 5633 imperator
3543 5577 3633 5616 re.

2052 5658 2235 5718 scivit,
2290 5670 2484 5710 manus
2544 5657 2620 5710 illi
2676 5655 2945 5724 amputari
2998 5655 3194 5722 jussit,
3255 5668 3463 5722 easque
3523 5662 3636 5707 una

2052 5748 2267 5816 publice
2305 5746 2439 5817 erigi
2471 5748 2692 5802 curavit
2736 5763 2858 5801 cum
2892 5747 3101 5811 modio,
3141 5748 3232 5817 qui
3268 5757 3385 5800 erat
3414 5747 3634 5806 horolo-

2044 5853 2213 5907 gnum.
