4450 6448
796 380 935 445 ιξξις)
1700 382 2083 443 APPENDIX
2115 382 2214 441 AD
2241 381 2553 441 MICHAEI

2290 381 2689 441 .ICHAELEM
2733 380 3107 442 PSELLUM.
3911 372 4047 437 1920

1174 490 1251 545 De
1276 491 1456 546 eodem
1494 488 1673 543 Modio
1698 490 1922 547 clarius.
2398 500 2442 554 Α
2784 492 2924 559 Περὶ

2398 500 2442 554 Α
2784 492 2924 559 Περὶ
2966 490 3070 544 τοῦ
3107 488 3297 543 αὐτοῦ
3335 487 3737 557 σαφέστερον.

866 580 1099 636 Manaim
1135 582 1430 651 prwlectus
1482 580 1719 634 militum
1755 597 1881 635 cum
1921 579 2155 651 Scythas
2187 579 2372 634 debel-
2546 583 2623 637 M:

2296 580 2372 634 el-
2546 582 2776 652 Μαναῖμ
2801 582 3105 651 στρατηγὸς
3135 581 3272 650 μετὰ
3318 579 3380 633 τὺ
3414 579 3634 645 νικῆσαι
3670 577 3884 636 Σκύθας
3911 579 4053 632 κατὰ

788 673 979 735 lasset,
1026 681 1268 728 statuam
1305 674 1503 728 meruit
1558 673 1624 728 ad
1676 673 2028 741 horologium
2065 681 2371 737 utvocaut,
2476 694 2545 745 κρ

2293 681 2371 737 ιιι,
2476 677 2699 745 κράτος,
2732 675 2901 747 στήλῃ
2944 672 3150 743 ἠξιώθη
3198 671 3586 741 τιμηθῆναι“ὲν
3616 673 3692 739 τῷ
3728 670 4050 741 καλουμένῳ

794 767 885 821 ubi
913 766 1187 821 columnae
1228 776 1397 829 stant,
1434 775 1489 821 et
1546 781 1710 821 arcus
1770 773 1889 820 erat
1948 774 2073 820 ante
2122 764 2370 831 domum,
2489 770 2547 822 Ὦ

2296 781 2370 831 In,
2489 770 2705 840 Ὠρείῳ.
2765 768 2937 820 Ἔνθα
2982 767 3231 818 ἵστανται
3287 765 3465 827 κίονες
3501 765 3597 816 καὶ
3642 758 3876 833 ἁψὶς-ἦν
3918 762 4053 833 πρὸς

790 872 914 926 quae
949 865 1306 926 nuncupatur
1352 856 1565 912 Crateri
1606 876 1618 911 :
1655 856 1855 911 ibidem
1913 864 2095 911 exstat
2155 856 2372 911 Modius
2474 864 2547 918 τὸη

2292 860 2372 911 ius
2474 864 2567 918 τὸν
2614 858 2762 917 οἷκον
2816 861 2907 913 τὸν
2941 859 3234 929 λεγόμενον
3280 857 3568 928 Κρατεροῦ
3598 874 3613 886 ·
3665 855 3795 908 ἔνθα
3836 856 4049 909 ἵσταται

788 964 974 1003 aet-eus
1008 963 1103 1003 seu
1138 949 1489 1019 horologium
1521 964 1585 1004 ae
1612 950 1735 1003 duae.
1791 964 1989 1004 manus
2014 965 2168 1004 aerea:
2203 951 2372 1005 basla:
2472 971 2545 1007 κα

2292 959 2372 1005 alae
2472 954 2569 1007 καὶ
2599 953 2626 1004 ὁ
2654 950 2857 1022 χαλκὸς
2888 951 3107 1015 Μόδιος,
3138 949 3232 1001 καὶ
3260 947 3323 1001 τὺ
3366 948 3592 1018 Ὡρεῖον,
3627 948 3718 999 καὶ
3746 946 3840 999 δύο
3869 947 4049 1015 χεῖρες

790 1038 993 1092 iutixaz.
1026 1040 1212 1107 Neque
1248 1043 1350 1095 hoc
1382 1042 1607 1096 silentio
1660 1042 2104 1112 praetereundum
2133 1052 2235 1105 est,
2263 1042 2373 1099 Mo-
2473 1050 2547 1119 χα

2293 1042 2373 1099 l0-
2473 1047 2675 1119 χαλκαῖ
2704 1046 2796 1097 ἐπὶ
2836 1043 3088 1097 ἁκόντου.
3147 1042 3250 1095 Τὸν
3298 1041 3354 1093 δὲ
3404 1040 3602 1093 Μόδιον
3651 1040 3770 1092 δέον
3821 1039 3937 1091 ἐστὶ
3975 1038 4050 1108 μὴ

790 1129 941 1183 dium
966 1132 1069 1185 sub
1098 1129 1483 1187 Valentiniano
1522 1143 1789 1189 statutum
1813 1134 1984 1189 fuisse
2017 1152 2031 1199 ;
2071 1145 2201 1190 tunc
2224 1136 2368 1189 enim
2475 1159 2547 1194 πα

2287 1136 2368 1189 ιίιη
2475 1139 2860 1211 παραδραμεῖν
2886 1138 3055 1206 ἡμᾶς,
3079 1136 3162 1188 ὅτι
3182 1136 3273 1188 ἐπὶ
3295 1132 3747 1188 Οὐαλεντινιανοῦ
3771 1130 4044 1199 ὲτυπώθη.

790 1222 1028 1290 primum
1106 1223 1273 1276 modii
1345 1239 1481 1280 usus
1550 1225 2177 1294 Constantinopolitanis
2245 1243 2371 1283 esse
2476 1234 2547 1285 Τό

2292 1243 2371 1283 sse
2476 1234 2608 1285 Τότε
2644 1233 2754 1301 γὰρ
2788 1231 2885 1283 καὶ
2928 1228 3173 1298 ἀρχηγὸν
3207 1227 3412 1282 Μοδίου
3456 1226 3565 1278 τῶν
3599 1227 3657 1278 ὲν
3700 1226 4049 1278 Κωνσταντι-

789 1317 975 1384 cmpit.
1015 1316 1190 1383 Atque
1232 1317 1355 1371 ideo
1390 1332 1513 1371 cum
1537 1318 1748 1386 argenti
1779 1319 2015 1386 pretium
2050 1320 2372 1374 constituis-
2472 1342 2546 1378 vet

2301 1321 2372 1374 is-
2472 1323 2726 1378 νουπόλει
2772 1322 3067 1375 οἰκούντων
3098 1319 3467 1388 ἀνηρευνήθη.
3506 1318 3605 1371 Διὰ
3639 1317 3797 1370 τοῦτο
3829 1316 3922 1370 τοῦ
3950 1318 4048 1385 ἀρ-

793 1415 899 1470 set,
942 1414 1264 1477 argenteum
1293 1409 1362 1461 ab
1398 1408 1557 1460 initio
1591 1410 1866 1462 uumistna
1901 1426 2225 1480 percussum
2262 1419 2368 1477 est,
2473 1435 2541 1485 γυ

2297 1419 2368 1477 ει,
2473 1415 2667 1487 γυροῦ-
2692 1415 3076 1477 τυπώσαντες.
3130 1413 3370 1483 ἄργυρος
3405 1412 3462 1464 δὲ
3502 1411 3758 1481 ὲτυπώθη
3794 1412 4049 1479 ἀπαρχὴν

788 1506 850 1552 ιιι
897 1499 1191 1567 perspicue
1228 1499 1473 1552 declarat
1508 1498 1918 1555 Theodoretus.
1953 1502 2224 1555 Caeterum
2254 1518 2372 1555 ma~
2471 1509 2532 1561 τὸ

2293 1518 2372 1555 13-
2471 1509 2532 1561 τὸ
2560 1508 2823 1576 νόμισμα.
2867 1505 3036 1557 Τοῦτο
3061 1505 3115 1556 δὲ
3143 1504 3237 1557 καὶ
3263 1503 3609 1573 Θεοδώρητος
3635 1502 3892 1569 διασαφεῖ
3919 1519 4050 1571 τρα-

787 1604 891 1645 nus
922 1604 1080 1644 aerea:
1155 1591 1360 1645 ideirco
1445 1604 1577 1645 tunc
1642 1608 1810 1662 supra
1883 1593 2125 1649 modium
2181 1596 2371 1663 pesitae
2472 1602 2544 1654 νόε

2291 1607 2371 1648 ttae
2472 1602 2710 1669 νότερον.
2748 1600 2895 1652 Αίδὲ
2923 1598 3126 1668 χαλκαῖ
3172 1599 3355 1666 χεῖρες
3407 1596 3593 1649 ἔκτοτε
3644 1594 3851 1648 ἄνωθεν
3878 1610 4048 1663 προσ-

786 1678 966 1745 luere,
991 1681 1134 1750 quod
1155 1682 1604 1750 eumimperator
1627 1683 1743 1751 lege
1763 1686 2054 1748 sanxisset,
2080 1692 2136 1736 ut
2154 1685 2370 1740 modius
2474 1711 2543 1746 ετι

2293 1687 2370 1740 ius
2474 1692 2835 1762 ετυπὼθησαν
2865 1707 2877 1721 ·
2928 1690 3023 1743 τοῦ
3087 1689 3353 1759 βασιλέως
3399 1688 3461 1740 τὸ
3502 1687 3807 1755 κούμουλον
3855 1685 4050 1739 Μόδιον

788 1773 1055 1828 frumenti
1096 1775 1376 1828 cumulate
1406 1776 1759 1838 venderetur,
1795 1791 1973 1846 neque
2008 1777 2207 1830 edictis
2255 1778 2368 1833 suis
2402 1842 2440 1854 _
2474 1803 2545 1854 νο]

2294 1778 2368 1833 uis
2402 1842 2440 1854 _
2474 1785 2962 1854 νομοθετήσαντος,
3006 1781 3208 1851 καὶμὴ
3244 1782 3492 1850 ἀντερεῖν
3526 1782 3640 1842 τοῖς
3671 1778 3838 1832 αὐτοῦ
3864 1778 4051 1845 νόμοις

787 1865 1059 1920 obsistere
1082 1880 1416 1935 quemquam
1440 1868 1626 1935 vellet,
1648 1842 1899 1937 quidam,
1916 1870 2114 1938 spretis
2134 1869 2367 1938 legibus,
2402 1842 2442 1898 B
2475 1842 2544 1947 πρ

2294 1886 2367 1933 IS,
2402 1842 2442 1898 B
2475 1877 2898 1947 προστάξαντος,
2931 1871 3013 1938 εἷς
3062 1876 3126 1927 ὲκ
3181 1873 3387 1927 τούτων
3427 1872 3669 1944 παριδὼν
3727 1872 3829 1942 τὴν
3882 1872 4051 1940 πρόσ-

786 1971 913 2010 cum
979 1956 1043 2012 ad
1119 1959 1371 2028 regulam
1432 1960 1796 2025 vendidisset,
1861 1977 2060 2015 manus
2110 1963 2366 2032 perdidit.
2472 1988 2540 2024 τα

2291 1964 2366 2017 Iit.
2472 1972 2649 2037 ταξιν,
2698 1971 2792 2023 καὶ
2834 1970 3020 2038 ρίγλον
3043 1967 3325 2038 πωλήσας,
3367 1968 3467 2030 τὰς
3500 1968 3690 2037 χεῖρας
3721 1963 4003 2018 ἀπώλεσεν
4032 1979 4048 1995 ·

788 2046 944 2103 L'nde
981 2064 1178 2106 manus
1224 2051 1328 2105 illa!
1382 2062 1624 2122 utraque
1664 2061 1773 2106 tam
1810 2055 2162 2108 vendentium
2204 2070 2368 2124 quam
2473 2064 2545 2115 ὅθι

2289 2072 2368 2109 Μη
2473 2064 2595 2115 ὅθεν
2654 2061 2750 2117 καὶ
2788 2058 3149 2131 ἐτυπώθησαν
3198 2061 3253 2112 αἱ
3311 2062 3491 2130 χεῖρες
3531 2061 3644 2120 τοῖς
3690 2056 4046 2126 λαμϐάνουσι,

786 2143 1086 2196 ementium
1129 2143 1436 2199 elformalae
1486 2156 1636 2210 sunt,
1677 2157 1735 2200 ιιι
1777 2149 2071 2203 cumulatis
2114 2149 2369 2204 frumenti
2472 2173 2542 2209 κα

2295 2150 2369 2203 ιιιὶ
2472 2156 2566 2209 καὶ
2600 2157 2715 2217 τοῖς
2746 2154 2981 2207 διδοῦσιν
3018 2152 3353 2222 ἀμφότεραι,
3400 2151 3541 2222 μετὰ
3576 2150 3683 2204 τῶν
3720 2150 4049 2219 σιτηρεσέων

785 2233 985 2289 modiis
1025 2244 1327 2291 uterentur.
1386 2236 1589 2292 Ibidem
1653 2254 1817 2308 supra
1870 2256 2059 2293 arcum
2123 2242 2368 2308 ejusdem
2472 2264 2539 2300 κο

2290 2257 2368 2296 em
2472 2246 2753 2317 κούμουλα
2808 2244 3047 2298 δίδοσθαι
3099 2244 3169 2297 τὰ
3204 2244 3386 2313 μόδια.
3432 2242 3601 2296 Ἔνθα
3648 2242 3804 2310 καὶὴ
3858 2240 4047 2292 τούτου

786 2325 1163 2383 Valentiniani
1201 2339 1381 2385 statua
1416 2333 1753 2402 erigebatur,
1788 2348 2016 2388 examen
2068 2335 2123 2387 in
2148 2334 2371 2389 dextera
2476 2358 2537 2393 στ

2295 2350 2371 2389 ενα
2476 2340 2646 2409 στήλη
2693 2340 2883 2391 ἵστατο
2934 2340 3014 2400 είς
3062 2338 3162 2406 τὴν
3197 2337 3381 2405 ἁψῖδα,
3439 2335 3643 2403 ἔξαμον
3698 2334 3757 2385 ὲν
3803 2335 3869 2403 τῇ
3904 2331 4052 2402 δεξιᾷ

791 2430 1009 2474 tenens.
1041 2421 1119 2474 Ad
1155 2432 1368 2490 pactam
1399 2423 1835 2492 veropecuniatu
1864 2424 2176 2491 solvendam
2193 2426 2370 2480 ablata
2474 2450 2548 2503 χει

2293 2437 2370 2480 ala
2474 2433 2619 2503 χειρὶ
2669 2432 2999 2499 κατέχουσα.
3056 2429 3315 2499 Ἡρπάγη
3365 2427 3423 2480 δὲ
3467 2428 3548 2489 είς
3598 2427 3807 2480 πάκτον
3856 2424 3948 2476 διὰ
3992 2423 4050 2476 τὸ

785 2520 894 2576 est,
928 2513 1057 2583 quia
1085 2522 1341 2584 argentea
1374 2524 1519 2569 erat.
2473 2526 2542 2596 ἀρ

1316 2530 1341 2567 a
1374 2524 1519 2569 erat.
2473 2524 2724 2596 ἀργυρὰν
2759 2523 3069 2591 τυγχάνειν.

1360 2603 1434 2658 De
1462 2606 1841 2661 Amastriano.
2863 2616 3002 2683 Περὶ
3040 2631 3117 2667 το]

2863 2616 3002 2683 Περὶ
3040 2614 3148 2667 τοῦ
3208 2612 3660 2681 Ἀμαστριανοῦ.

859 2694 919 2748 lu
955 2696 1061 2751 hoc
1084 2696 1208 2751 loco
1245 2697 1605 2753 Amastriano
1652 2697 1803 2754 dicto
1844 2698 2037 2769 positae
2066 2707 2374 2754 cernuntur
2557 2708 2616 2762 Ἐ

2293 2707 2374 2752 [ιη’
2557 2708 2647 2762 Ἐν
2677 2707 2756 2779 τῷ
2780 2707 2929 2776 τόπῳ
2962 2705 3059 2758 τοῦ
3106 2704 3533 2776 ’Ᾱμςαστριανοῦ,
3564 2706 3718 2775 ἥλιος
3754 2705 4050 2759 ἴσταταιέν

785 2786 919 2841 solis
963 2788 1015 2841 in
1045 2804 1211 2843 curru
1267 2805 1598 2852 marmoreo,
1632 2798 1686 2845 et
1721 2790 1971 2847 Herculis
1998 2792 2373 2847 recumbentis
2476 2802 2542 2855 αὑ

2302 2794 2373 2847 tis
2476 2800 2648 2871 αὐτῷ,
2708 2800 2794 2870 ἐφ’
2850 2799 3096 2871 ἅρματος
3159 2798 3512 2869 μαρμαρίνου
3579 2796 3901 2881 στηλωθεὶς,
3957 2794 4052 2847 καὶ

786 2888 981 2932 statua:
1017 2895 1031 2932 :
1064 2878 1192 2933 item
1233 2881 1541 2936 testudines
1584 2897 1707 2936 ettm
1752 2883 1968 2945 avibus.
1995 2883 2373 2954 draconesque
2487 2894 2543 2947 Ἦ

2293 2899 2373 2954 ille
2487 2893 2763 2965 Ἦρακλὴς
2784 2892 3162 2961 ἀνακείμενος,
3185 2892 3276 2945 καὶ
3298 2891 3531 2962 χελῶναι
3548 2878 3727 2944 ἐκεῖσε
3754 2889 3889 2959 μετὰ
3909 2888 4050 2958 ὀρνί-

784 2971 1126 3039 quindecim,
1158 2981 1213 3026 et
1238 2983 1420 3027 statua
1467 2989 1777 3030 marmorea
1807 2976 2015 3030 domini
2084 2975 2369 3045 cujusdam
2474 2986 2541 3040 θα

2293 2991 2369 3029 ³1η
2474 2986 2604 3051 θων,
2634 2989 2729 3039 καὶ
2754 2986 3046 3056 δράκαιναι
3078 2991 3160 3048 ιε’,
3192 2988 3283 3037 καὶ
3320 2985 3666 3055 μαρμάρινος
3697 2983 3867 3052 στήλη
3903 2984 4050 3035 ἱστα-

786 3076 849 3112 ex
894 3058 1267 3130 Paphlagonia
1311 3060 1565 3126 advecta,
1596 3073 1765 3132 atque
1807 3063 1978 3117 altera
2012 3069 2195 3118 statua
2219 3061 2367 3116 servi
2478 3074 2543 3145 μέ

2291 3061 2367 3115 Γνί
2478 3074 2637 3145 μένη,
2690 3073 2918 3143 ἀχθεῖσα
2967 3074 3078 3126 ἀπὸ
3127 3072 3312 3144 χώρας
3364 3075 3752 3143 Παφλαγονίας
3786 3074 4048 3127 δεσπότου

786 3167 851 3206 ex
883 3151 1233 3206 Amastriana
1274 3154 1496 3223 regione
1516 3155 1761 3217 oriundi,
1800 3154 1960 3208 urina
2010 3160 2066 3208 et
2126 3164 2371 3209 stercore
2396 3206 2442 3235 η
2475 3183 2543 3218 τι,

2291 3168 2371 3208 πθ
2396 3206 2442 3235 η
2475 3165 2643 3229 τινὸς,
2685 3166 2779 3217 καὶ
2815 3165 2982 3235 ὲτέρα
3007 3164 3335 3233 κεχωσμένη
3372 3165 3429 3215 ὲν
3464 3166 3528 3233 τῇ
3567 3163 3781 3233 κόπρῳ,
3818 3160 4048 3222 καὶτοῖς

790 3246 1010 3299 obruta.
1057 3246 1329 3300 Ceterum
1377 3256 1607 3316 utraque
1667 3256 1847 3304 statua
1883 3248 2072 3302 eodem
2137 3248 2193 3301 in
2250 3206 2442 3301 locoC
2474 3256 2547 3310 οῡη

2291 3206 2298 3208 μ
2352 3206 2366 3208 -
2486 3206 2643 3229 ...νυ
2687 3206 2779 3217 η...
2816 3206 2902 3217 -.-
2949 3206 3069 3217 ....-
3115 3206 3189 3216 ν.-
3242 3206 3319 3216 -..
3372 3206 3424 3215 -,
3473 3206 3488 3214 -
3568 3206 3675 3215 η-.-
3766 3206 3781 3227 ,
3820 3206 3913 3214 η..-
3949 3206 4048 3222 ---,

2291 3261 2370 3301 tco
2396 3206 2442 3271 Ο
2474 3256 2682 3327 οὖροις,
2710 3255 2899 3309 δούλου
2914 3206 3023 3309 ιτοῦ
3069 3206 3156 3326 ἐκ]
3176 3206 3362 3337 χῐιραῗς
3401 3206 3784 3337 ’Δμέστριδ-ῼ.
3838 3255 4048 3307 Ἐκείσε

784 3337 1127 3392 daemonibus
1162 3349 1347 3394 erecta
1380 3341 1502 3394 fuit.
1549 3339 1753 3394 Ibidem
1806 3340 2220 3394 columellarum
2277 3355 2370 3393 or-
2474 3348 2530 3401 δὲ

2291 3355 2370 3393 πο
2474 3348 2530 3401 δὲ
2556 3349 2614 3402 ὲν
2645 3349 2795 3418 αὐτῷ
2829 3348 2906 3418 τῷ
2942 3348 3096 3417 τόπῳ
3134 3334 3391 3415 ὲτυπώθη
3433 3334 3546 3409 τοῖς
3592 3346 3843 3417 δαίμοσιν
3869 3347 4048 3416 ἀμφό-

788 3439 1107 3485 nautentum
1191 3431 1367 3486 forma
1474 3432 1855 3486 semirotunda
1942 3442 2186 3486 erectum
2262 3440 2367 3486 est.
2472 3457 2545 3509 es,

2296 3440 2367 3486 st.
2472 3457 2629 3509 τερα.
2690 3441 2799 3492 Καὶ
2855 3439 3211 3510 ἀνεστηλώθη
3276 3439 3484 3492 ἐκεῖθεν
3535 3440 3630 3492 καὶ
3663 3438 4050 3507 καλλωπισμὸς

781 3520 857 3574 lbi
914 3522 1060 3576 enim
1119 3522 1397 3579 damones
1452 3538 1715 3594 apparere
1808 3537 1951 3592 saepe
2016 3520 2369 3576 animadver-
2475 3550 2538 3585 κε.

2293 3537 2369 3575 3|"
2475 3533 2696 3585 κιονίων
2736 3533 3129 3602 σιγματοειδῶς
3170 3532 3597 3603 ἀνεγερθὼτων.
3666 3532 3946 3601 Ἐγένοντο
3995 3531 4050 3584 δὲ

785 3629 908 3668 sum
943 3624 1047 3669 est.
2473 3626 2653 3678 ἐκεῖσε
2691 3625 2963 3695 δαιμόνων
2994 3625 3312 3678 ἐπιστασίαι
3343 3623 3555 3679 πολλαί.

1422 3707 1498 3761 De
1560 3705 1721 3760 Bove.
2998 3716 3137 3784 Περὶ

2998 3716 3137 3784 Περὶ
3188 3715 3295 3769 τοῦ
3345 3718 3518 3781 Βοός.

857 3796 914 3851 ln
988 3813 1087 3854 oco
1116 3808 1433 3869 nuncupato
1466 3798 1606 3854 Bove
1664 3808 1947 3855 exstructa
2000 3812 2117 3857 erat
2174 3802 2368 3858 fornax
2547 3810 2608 3861 El

2291 3819 2368 3858 :ax
2547 3810 2641 3871 Ei;
2675 3809 2731 3860 δὲ
2764 3809 2857 3861 τὸν
2885 3808 3223 3877 καλούμενον
3258 3808 3394 3860 Βοῦν
3419 3809 3650 3877 κάμινος
3674 3803 3741 3878 ἦν
3768 3807 4048 3878 παμμεγέ-

783 3888 1023 3958 iugentis
1058 3890 1244 3953 molis,
1271 3890 1463 3945 bubuli
1498 3889 1696 3959 capitis
1759 3889 1988 3959 figuram
2042 3908 2259 3962 gerens,
2314 3895 2367 3949 in
2474 3900 2540 3971 θη

2314 3895 2367 3949 in
2474 3900 2574 3971 θης
2629 3901 2952 3971 ἐκτισμένη,
2991 3901 3112 3970 βοὸς
3146 3901 3344 3969 ἔχουσα
3377 3901 3653 3972 κεφαλὴν(
3675 3902 3808 3955 ἔνθα
3848 3905 3944 3955 καὶ
3997 3903 4045 3954 οἱ

787 3981 895 4046 qua
930 3988 985 4035 et
1016 3980 1244 4034 malefici
1296 3980 1567 4050 supplicio
1602 3979 2022 4046 aﬂiciebantttr;
2054 3985 2143 4039 ubi
2204 3986 2368 4039 etiam
2472 4007 2544 4045 κα

2291 4000 2368 4039 am
2472 3991 2776 4061 κακοῦργοι
2813 3991 3208 4061 ἐτιμωροῦντο,
3268 3993 3403 4045 ὅπου
3454 3992 3550 4044 καὶ
3588 3992 3885 4054 ,Ἰουλιανὸς
3920 4009 4048 4057 προ-

776 4068 1027 4125 Julianus
1083 4074 1284 4127 multos
1320 4074 1501 4139 specie
1550 4072 1832 4125 variorum
1899 4073 2164 4126 scelerum
2216 4089 2369 4129 com-
2471 4083 2533 4151 φά

2290 4091 2369 4129 m-
2471 4083 2637 4151 φάσει
2669 4083 2980 4136 καταδίκων
3008 4082 3237 4144 πολλοὺς
3280 4086 3339 4135 ἐν
3371 4083 3518 4153 αὑτῷ
3549 4083 3909 4138 κατέκαυσεν.
3940 4078 4047 4135 Ἦν

788 4164 989 4217 bussit.
1026 4162 1479 4231 Repraesenlahat
1507 4171 1688 4217 autem
1724 4164 1815 4217 illa
1836 4162 2026 4218 fornax
2060 4165 2214 4220 bovis
2237 4165 2371 4235 ligu-
2470 4174 2526 4227 δὲ

2289 4182 2371 4235 Ell-
2470 4174 2582 4245 δὲή
2621 4175 2851 4243 κάμινος
2900 4172 3021 4241 βοὸς
3059 4173 3230 4235 τύπος
3279 4172 3810 4243 παμμεγεθεστάτου
3843 4172 4046 4241 θεάμα-

734 4248 925 4318 'Iam,
962 4262 1193 4320 eratque
1256 4256 1497 4309 maxima
1558 4255 1719 4319 visu;
1762 4254 1830 4311 ad
1884 4256 2045 4327 cujus
2091 4260 2370 4329 exemplar
2470 4284 2491 4320 σι

2289 4260 2370 4314 lar
2470 4284 2583 4330 τος,
2626 4259 2688 4320 οὗ
2717 4266 2861 4320 κατὰ.
2906 4266 3138 4336 μίμησιν
3170 4266 3265 4319 καὶ
3291 4267 3349 4319 ἐν
3382 4265 3460 4334 τῷ
3490 4266 3723 4335 Νεωρίῳ
3758 4265 3884 4335 βοῦς
3921 4267 4045 4317 ὲτυ-

781 4343 979 4398 similis
1034 4351 1133 4400 bos
1173 4345 1227 4400 in
1284 4346 1489 4402 Neorio
1521 4355 1847 4402 exstructus
1874 4356 1980 4403 est.
2017 4347 2229 4420 Integra
2270 4365 2370 4405 au-
2470 4358 2538 4412 πό

2289 4367 2370 4405 tu-
2470 4357 2652 4429 πώθη.
2684 4354 2793 4412 Ἦν
2824 4358 2879 4411 δὲ
2922 4361 2955 4428 ἡ
2985 4359 3216 4428 κάμινος
3246 4358 3351 4421 ἕως
3380 4359 3567 4412 Quid.
3623 4357 3758 4411 Ὑπὸ
3787 4357 3845 4412 δὲ
3884 4358 4046 4425 Ἦρα-

779 4443 888 4489 tem
938 4435 1132 4489 l‘ornax
1184 4440 1493 4507 permansit
1523 4455 1700 4507 usque
1750 4440 1817 4494 ad
1845 4438 2105 4495 Phocant.
2138 4442 2223 4496 Ab
2264 4440 2370 4498 He—
2470 4448 2536 4501 κλ

2288 4441 2370 4498 Ιο-
2470 4448 2652 4503 κλείου
2701 4448 2981 4518 ὲχωνεύθη
3033 4448 3181 4518 λόγῳ
3244 4447 3473 4515 φόλιων.
3518 4447 3608 4499 Ἐν
3660 4447 3812 4515 αὐτῷ
3862 4447 3918 4498 δὲ
3967 4445 4045 4514 τῷ

778 4527 950 4581 raclio
976 4542 1143 4597 porro
1184 4530 1236 4581 in
1266 4528 1400 4584 fules
1454 4531 1689 4586 conﬂata
1734 4539 1840 4586 est.
1892 4532 1952 4585 In
2000 4533 2192 4587 eodem
2246 4534 2364 4588 loco
2397 4548 2441 4604 ι)
2469 4542 2535 4596 τό

2287 4548 2364 4588 κιο
2397 4548 2441 4604 D
2469 4542 2620 4613 τόκῳ
2642 4542 2832 4611 ὰψίδες
2853 4542 3040 4611 ὅμοιαι
3063 4540 3140 4610 τῷ
3160 4540 3479 4610 Ξηρολόφῳ,
3504 4539 3730 4610 ἔχουσαι
3751 4540 4044 4607 ἀγάλματα

780 4631 946 4671 arcus
988 4620 1153 4673 erecti
1191 4633 1370 4685 erant,
1401 4622 1614 4677 similes
1652 4624 1781 4689 illis,
1816 4624 1908 4693 qui
1939 4624 1993 4677 in
2046 4622 2365 4695 Xerolopho
2468 4652 2537 4690 πο

2287 4626 2365 4681 ιιιο
2468 4634 2662 4702 πολλὰ,
2692 4635 2787 4688 καὶ
2818 4635 3061 4707 ἱστορίας
3087 4635 3317 4699 λιθίνας.
3348 4637 3414 4689 Ui
3445 4636 3503 4689 δὲ
3525 4635 3864 4706 διερχόμενοι
3885 4637 4044 4705 stipi,-

779 4719 1129 4777 spectantur,
1188 4721 1241 4765 et
1287 4714 1572 4768 continent
1632 4716 1925 4769 simulacra
1979 4725 2034 4769 et
2101 4716 2363 4772 historias
2467 4743 2536 4783 σσ

1225 4714 1572 4768 tcontineut
1632 4716 1925 4769 simulacra
1979 4725 2034 4769 et
2101 4716 2363 4772 historias
2467 4743 2653 4785 σσυσιν
2680 4730 2781 4783 οὐκ
2804 4728 2980 4797 ὀλίγα.

778 4801 1052 4869 lapidibus
1082 4805 1409 4873 insculptas.
1440 4805 1543 4872 Qui
1567 4824 1693 4864 vero
1728 4810 1903 4864 istbac
1922 4810 2361 4880 pertransibunt,

780 4908 892 4947 non
926 4910 1101 4963 pauca
1140 4898 1434 4965 reperient.

1345 4989 1422 5043 De
1438 4989 1585 5043 Petri
1603 5001 1799 5046 tractu.
3034 4998 3102 5048 IIl

1712 5001 1799 5046 tu.
3034 4992 3177 5063 Περὶ
3225 4994 3469 5061 Πέτρου.

849 5077 907 5131 In
943 5077 1089 5133 Petti
1119 5088 1298 5133 tractu
1326 5080 1524 5137 domus
1579 5093 1696 5137 erat
1726 5085 1871 5140 Petri
1923 5085 2136 5156 patricii
2194 5085 2366 5143 Justi-
2538 5085 2606 5137 Td

2281 5088 2366 5143 ili-
2538 5085 2621 5137 Τὰ
2670 5085 2879 5154 Πέτρου
2917 5081 3067 5148 οἶκος
3115 5080 3185 5154 ἦν
3237 5084 3447 5154 Πέτρου
3505 5083 3802 5155 πατρικίου
3838 5084 3895 5137 ἐν
3928 5086 4038 5147 τοῖς

777 5169 928 5221 niani
966 5169 1143 5239 Magni
1174 5179 1442 5239 tempore.
1472 5173 1570 5229 Ille
1602 5191 1731 5231 vero
1763 5178 1927 5231 etiam
1978 5178 2243 5249 templum
2306 5189 2363 5234 et
2466 5193 2534 5247 χρ

2306 5189 2363 5234 et
2466 5177 2683 5247 χρόνοις
2733 5175 3117 5230 Ίουστινιανοῦ
3167 5175 3263 5229 τοῦ
3317 5175 3576 5242 Μεγάλου
3605 5192 3618 5207 ·
3668 5158 3928 5247 ἆνήγειρε
3980 5178 4037 5231 δὲ

780 5261 1164 5328 gerocomium
1197 5263 1461 5320 condidit;
2465 5270 2537 5323 τόε

2465 5270 2558 5323 τόν
2587 5286 2648 5323 τε
2674 5270 2801 5324 ναὸν
2832 5269 2927 5322 καὶ
2956 5269 3017 5322 τὺ
3058 5271 3446 5339 γηροκομεῖον.

1344 5356 1421 5410 De
1478 5355 1767 5412 Exocionio
2821 5361 2962 5429 Περὶ
2989 5359 3101 5414 τῶν

2821 5361 2962 5429 Περὶ
2989 5359 3106 5414 τῶν
3130 5361 3237 5415 τοῦ
3276 5360 3686 5425 Ἑξωκιονίου.

845 5444 1041 5500 Statua
1081 5446 1136 5499 in
1178 5445 1477 5504 ExociOuio
1519 5466 1685 5521 super
1716 5453 2027 5508 columnam
2077 5456 2357 5528 exiguam,
2547 5453 2602 5507 Ἥ

2281 5473 2357 5522 m,
2547 5453 2614 5507 Ἢ
2649 5454 2707 5507 δὲ
2747 5455 3013 5524 ισταμένη
3054 5454 3226 5524 στήλη
3286 5455 3363 5515 εἰς
3417 5454 3479 5506 τὸ
3544 5453 3887 5517 Ἐεωκιόνιον
3947 5456 4036 5507 ἐπὶ

777 5537 1225 5606 Septentrionem
1244 5557 1459 5608 versus,
1492 5554 1676 5599 erecta
1707 5544 1834 5608 fuit,
1854 5561 1974 5615 qua:
2001 5545 2358 5604 Constantini
2468 5547 2534 5618 βρ

2277 5549 2358 5604 ini
2468 5547 2716 5618 βραχέως
2760 5547 2961 5612 κίονος,
3010 5548 3153 5601 κατὰ
3206 5548 3268 5599 τὸ
3313 5547 3532 5618 papam
3574 5548 3761 5617 μέρος,
3822 5548 4034 5617 ὑπῆρχε

777 5630 872 5684 lilii
896 5630 1103 5696 lrenes,
1140 5646 1504 5703 cognomento
1537 5634 1702 5701 Caeci,
1738 5646 1875 5692 erat.
2466 5641 2534 5695 Κι

2466 5641 2885 5695 Κωνσταντίνου
2912 5638 3008 5691 τοῦ
3042 5638 3282 5704 Τυφλοῦ,
3317 5639 3411 5691 τοῦ
3437 5639 3555 5693 υἱοῦ
3604 5640 3857 5709 Εἰρήνης.

1421 5726 1495 5779 De
1518 5727 1720 5783 eodem.
2988 5732 3129 5799 Περὶ
3159 5748 3178 5784 z

2988 5732 3129 5799 Περὶ
3159 5730 3265 5785 τοῦ
3297 5729 3506 5785 αὑτοῦ.

856 5814 1215 5873 ιειιοοὶοιιὶυω
1249 5818 1530 5876 terrestris
1554 5835 1765 5893 ⁸ιιιυιιιε
1811 5835 1952 5893 erat,
2010 5839 2173 5896 quem
2210 5824 2359 5885 Con-
2539 5824 2613 5880 Τὸ

2277 5842 2359 5884 ιιι-
2539 5824 2613 5880 Ti.
2641 5825 2698 5882 δὲ
2748 5824 3091 5891 Ἐξωκιὸνιον
3119 5819 3187 5894 ἦν
3218 5826 3473 5896 χερσαῖον
3502 5826 3702 5895 τεῖχος,
3734 5824 3867 5893 ὅπερ
3888 5822 4034 5875 ἔκτι-
