4450 6448
396 399 532 473 15335
1435 392 1783 463 ANONYMI
1826 391 2388 462 ANTIQUITATES
2427 392 2533 459 CF.
3500 387 3642 463 1933

392 523 483 572 καὶ
512 517 598 570 διὰ
628 514 784 569 τοῦτο
811 512 1013 585 ἐκλήθη
1055 513 1087 583 ή
1121 512 1272 574 πόλις
1302 510 1455 581 παρὰ
1507 508 1811 576 Φιλοδὼρου
1871 508 1957 559 λοο
1993 516 2033 569 Α
2066 507 2141 561 Pb

1885 525 1957 559 to.
1993 516 2033 569 Α
2066 507 2397 564 Pbilodorus
2430 508 2674 579 Logista,
2701 506 2947 563 Iconium
2978 513 3170 560 vocata
3201 514 3307 567 εει,
3339 504 3484 574 quod
3516 505 3642 561 Per?

390 612 579 677 γίστου
616 607 862 667 Ἰκόνιον,
895 606 982 657 διὰ
1012 604 1073 655 τὸ
1100 603 1190 656 τὸν
1216 602 1431 672 Περσέα
1450 601 1621 665 δεῖξαι
1641 601 1740 669 τήν
1781 598 1963 651 εἰκόνα

392 702 568 753 ἐκεῖσε
619 698 717 764 τῆς
768 693 1064 764 Γοργόνης.
1114 688 1224 745 Ἦν
1285 692 1341 743 δὲ
1373 692 1438 759 τῇ
1485 690 1637 742 πόλει
1697 686 1966 757 πρότερον

391 794 562 859 δνομα
592 789 824 841 Δαναεῖα
844 802 857 816 ·
893 785 1083 837 ἔπειτα
1123 782 1369 853 ἐπλήσθη
1396 781 1719 852 θρηνῳδίας,
1754 780 1848 831 καὶ
1874 777 1968 840 οὓ·-

391 901 499 944 τως
536 882 739 951 ἐκλήθη
775 879 1006 948 Θρῆνος.
1052 875 1220 929 Ἔνθα
1268 874 1360 926 καὶ
1406 871 1753 941 ἐτελειώθηό
1808 869 1968 930 αὐτὸς

395 977 638 1045 Περσεὺς
663 974 759 1031 σὺν
788 974 851 1043 τῇ
888 968 1213 1041 Ἀνδρομέδῃ
1234 982 1248 995 ·
1275 966 1458 1032 ἐπάνω
1488 966 1543 1027 δὲ
1569 964 1665 1033 τῆς
1680 963 1851 1031 πύλης
1870 962 1969 1029 τῆς

396 1069 603 1130 πόλεως
639 1064 923 1134 ἐστηλώθη
980 1062 1290 1131 ἀμφότῑρα.
1318 1061 1381 1112 Αἱ
1405 1058 1463 1111 δὲ
1484 1054 1735 1115 τοιαῦται
1768 1054 1968 1120 στῆλαι

396 1166 594 1231 ᾓκασιν
630 1161 721 1213 ἐπὶ
770 1156 1204 1216 Κωνσταντίνου.
1242 1156 1379 1224 μετὰ
1401 1154 1461 1205 τὸ
1492 1150 1849 1221 πληρωθῆναι
1874 1147 1972 1217 τὴν

413 1255 735 1324 Ἀντιοχέων
770 1251 1091 1321 ἐκκλησίαν,
1126 1252 1218 1302 καὶ
1244 1250 1300 1300 ἐν
1332 1250 1407 1316 τῷ
1438 1245 1659 1315 μεγάλῳ
1688 1246 1974 1296 Κωνσταν-

406 1350 552 1399 τίνου
616 1347 829 1417 λουτρῴ
885 1346 1143 1414 ἔστησαν,
1196 1343 1423 1412 πλησίον
1470 1339 1563 1391 τοῦ
1596 1340 1971 1404 Τζυκανιστη-

408 1442 544 1509 ρίου.

934 1527 1070 1596 Περὶ
1099 1525 1208 1592 τῆς
1239 1526 1418 1590 Νέας.

473 1622 652 1691 Τήνδέ
680 1621 825 1674 Νέαν
856 1620 1057 1683 ἔκτισε,
1078 1618 1282 1670 καὶτοῦ
1304 1618 1472 1686 Φόρου
1500 1616 1597 1682 τὴν
1637 1610 1973 1680 ’Υπεραγίαν

403 1716 796 1779 Θεοτόκον,καὶ
825 1712 892 1764 τὰ
934 1711 1172 1780 Τζήρου,
1222 1710 1312 1764 καὶ
1359 1709 1449 1760 τὸν
1483 1702 1968 1774 ’ἋγιονΔιομήδην

404 1806 688 1868 Βασίλειος
718 1808 744 1857 ό
771 1804 1059 1857 Μακεδών.

871 1900 1010 1962 Περὶ
1040 1895 1156 1948 τῶν
1189 1891 1477 1959 Ὀδηγῶν.

475 1990 739 2051 "Orno-3;
783 1987 1040 2055 Ὀδηγοὺς
1080 1986 1267 2046 ἔκτισε
1319 1985 1546 2053 Μιχαὴλ
1598 1983 1625 2034 ὁ
1661 1978 1977 2049 ἁναιρεθε“ις

404 2082 508 2135 ὑπὸ
533 2080 834 2141 Βασιλείου,
864 2082 1130 2148 πρότερον
1151 2072 1300 2129 οἶκον
1326 2076 1670 2145 ὑπάρχοντα.
1713 2072 1822 2123 Καὶ
1876 2087 1975 2120 τυ-

403 2174 550 2241 φλῶν
586 2172 799 2226 πολλῶν
827 2176 888 2241 τῇ
929 2173 1109 2224 ἐκεῖσε
1138 2169 1275 2240 οὔσῃ
1305 2173 1457 2239 πηγῇ
1495 2166 1837 2237 βλεψάντων,
1880 2160 1975 2213 καὶ

405 2266 491 2317 ἐτέ
501 2283 608 2336 ρων
637 2262 849 2317 πολλῶν
870 2262 1168 2333 θαυμάτων
1198 2261 1525 2331 γεγονότων,
1572 2255 1777 2325 ἐκλήθη
1823 2253 1981 2322 Ὀδη-

402 2357 517 2424 γός.

656 2534 791 2600 Περὶ
833 2533 939 2585 τοῦ
991 2532 1338 2594 Ζεινξίπῖτου
1367 2529 1649 2595 λουτροῦ.

493 2625 551 2678 Ὀ
576 2625 631 2676 δὲ
658 2624 964 2687 Ζεύξιππος
991 2623 1050 2674 τὸ
1097 2622 1322 2692 λουτρὶν
1354 2622 1456 2673 ὑπὸ
1519 2621 1760 2689 Σεόήρου
1816 2638 1979 2674 κατε-

410 2714 713 2784 σκευάσθη,
756 2713 851 2770 καὶ
883 2712 1231 2782 ἐστοιχειὼθη
1261 2711 1689 2780 ἆπτεσθαι,μετὰ
1713 2710 1982 2779 κανδήλας

411 2803 648 2871 ὑαλίνης,
678 2803 738 2855 τὺ
768 2804 824 2854 δὲ
876 2802 1019 2872 ὕδωρ
1080 2802 1222 2865 ζέειν
1266 2800 1537 2867 σφοδρῶς,
1593 2800 1689 2852 καὶ
1724 2799 1812 2851 τὸν
1846 2799 1983 2867 ἀέρα

410 2892 501 2945 τοῦ
527 2892 774 2963 λουτροῦ.
804 2892 1107 2958 Ἀλόγιστοι
1140 2890 1196 2943 δέ
1228 2906 1375 2953 τινες
1404 2889 1649 2953 ἐλθόντες
1689 2891 1982 2961 κατέστρε-

408 2981 516 3049 ψαν
542 2979 700 3032 τοῦτο
722 2997 734 3010 ·
771 2974 815 3032 ὣ
844 2980 941 3049 τῆς
963 2978 1197 3048 ζημίαςί

410 3069 551 3137 Περὶ
576 3069 686 3137 τῆς
716 3068 1043 3137 ἱσταμένης
1075 3068 1313 3135 στήλης
1355 3069 1424 3121 ἐν
1447 3068 1527 3134 τῷ
1580 3070 1977 3138 Ἀρμαμέντῳ.

2072 616 2200 658 scus
2228 601 2299 654 ibi
2324 599 2595 672 Gorgonis
2619 602 2776 659 icona
2800 599 3214 655 monstraverit.
3242 599 3487 654 Priscum
3515 614 3645 662 vero

2073 691 2227 746 urbis
2256 706 2457 747 nomen
2497 702 2614 747 erat
2641 692 2898 749 Danaeia.
2934 692 3178 763 Denique
3215 692 3344 763 quia
3385 691 3648 749 lamenta-.-

2054 785 2314 865 tionibus
2368 785 2577 855 repleta
2619 793 2759 848 erat,
2799 786 3053 840 Threnus
3085 783 3473 854 cognominata
3519 783 3646 839 fuit.

2073 876 2131 931 lu
2161 878 2261 933 bac
2296 878 2429 933 urbe
2461 878 2696 934 Perseus
2738 885 2791 932 et
2835 877 3183 933 Andromeda
3223 876 3389 931 vitam
3446 891 3649 947 exege-
3712 954 3725 957 _

2074 980 2225 1036 runt,
2249 973 2395 1026 unde
2429 973 2715 1026 amborum
2744 978 2939 1026 statua:
2988 981 3159 1041 portae
3190 971 3344 1025 urbis
3377 970 3649 1040 impositae

2074 1070 2222 1115 sinit.
2266 1064 2361 1116 Hm
2399 1077 2531 1117 vero
2571 1069 2770 1118 statua:
2820 1071 3061 1130 tempore
3094 1062 3443 1118 Constantini
3486 1061 3652 1116 adve-

2075 1162 2175 1208 ctae
2202 1162 2355 1218 sunt,
2377 1162 2664 1223 postquam
2696 1152 2947 1209 absoluta
2978 1151 3080 1206 fuit
3100 1153 3331 1209 ecclesia
3354 1153 3652 1208 Antioche-

2076 1262 2297 1308 norum,
2356 1260 2419 1301 ac
2482 1247 2537 1299 in
2586 1261 2782 1317 magno
2826 1246 3024 1301 balneo
3070 1245 3417 1322 Constantini
3481 1261 3652 1316 prolie

2078 1338 2552 1410 szeauisterium
2583 1339 2858 1400 collocata:
2890 1349 3041 1394 sunt.

2599 1519 2671 1573 De
2713 1520 2937 1574 ecclesia
2975 1520 3146 1576 Noua.

2156 1611 2457 1667 Ecclesiam
2499 1610 2726 1676 Novam,
2778 1614 2948 1667 aedem
2994 1613 3371 1670 Sanctissimae.
3405 1617 3651 1688 Deipam

2080 1703 2133 1755 iu
2169 1702 2331 1767 Foro,
2358 1702 2650 1757 ecclesiam
2679 1702 2734 1754 S.
2769 1702 3055 1758 Michaelis
3083 1702 3240 1758 Tzeri
3267 1705 3465 1760 dictam
3499 1720 3562 1760 ac
3590 1706 3649 1761 Β.

2080 1792 2398 1847 Diomedem
2437 1793 2685 1847 condidit
2716 1792 2951 1848 Basilius
2986 1793 3228 1851 Macedo.
3502 1860 3505 1863 λ

2213 1884 2286 1937 De
2326 1886 2548 1941 ecclesia
2573 1886 2812 1955 Deiparw
2845 1884 3183 1956 llodegorum
3216 1889 3544 1955 cognomine.

2150 1976 2435 2044 Templum
2461 1975 2516 2030 S.
2555 1976 2794 2047 Deipara:
2823 1977 3170 2048 Hodegorum
3196 1979 3400 2034 dictum
3436 1988 3655 2035 exstrue

2080 2069 2161 2120 xit
2201 2067 2453 2130 Miibael,
2482 2084 2641 2139 quem
2676 2070 2911 2126 Basilius
2966 2071 3264 2126 interfecit.
3305 2073 3477 2125 Antea
3526 2088 3656 2133 vero

2080 2158 2227 2213 aedes
2264 2156 2365 2212 fuit
2410 2160 2776 2228 complurium
2817 2177 3084 2216 escarum
3107 2202 3122 2226 ,
3155 2163 3247 2232 qui
3290 2177 3319 2217 a
3354 2164 3505 2218 fonte
3536 2164 3656 2229 ejus

2083 2246 2187 2300 loci
2219 2248 2396 2302 visum
2427 2257 2768 2318 receperant,
2799 2262 2852 2304 et
2882 2250 3011 2318 quia
3041 2250 3147 2304 alia
3185 2252 3355 2305 multa
3390 2252 3656 2306 miracula

2080 2338 2282 2393 ibidem
2341 2340 2485 2401 edita
2543 2348 2715 2407 sunt,
2788 2342 2910 2397 ideo
2974 2340 3226 2411 Hodegus
3277 2353 3654 2414 nuncupatum

2081 2431 2203 2489 fuit.

2562 2528 2637 2581 De
2668 2528 2855 2582 balneo
2888 2527 3166 2598 Zeuxippi.

2158 2620 2423 2690 Zeuxippi
2480 2622 2732 2675 balneum
2795 2621 3029 2677 Severus
3076 2624 3389 2691 aediﬁcavit,
3439 2638 3494 2681 et
3544 2634 3664 2697 arte

2085 2710 2319 2779 quadam
2348 2711 2418 2764 ita
2452 2710 2738 2775 instruxit,
2775 2719 2832 2764 ut
2856 2712 3045 2767 vitreis
3073 2713 3311 2770 lucernis
3358 2717 3663 2771 succende-

2084 2810 2240 2855 retur
2271 2821 2285 2857 :
2318 2818 2380 2856 ex
2405 2818 2581 2872 eoque
2609 2818 2748 2872 aqua
2786 2803 3189 2861 ferventissime
3213 2806 3490 2872 ebulliret,
3538 2822 3664 2862 aer-

2085 2910 2193 2964 que
2243 2895 2420 2949 balnei
2459 2894 2758 2951 calefieret.
2802 2894 2855 2950 Id
2902 2902 3084 2951 autem
3118 2898 3304 2952 stolidi
3346 2898 3536 2956 nescio
3566 2899 3664 2969 qui

2084 2986 2366 3040 venientes
2399 2994 2718 3040 everterunt
2753 3003 2768 3052 ;
2801 3002 2834 3040 ο
2864 2989 3251 3045 detrimentum
3281 2992 3295 3043 ι

2221 3075 2297 3128 De
2329 3084 2509 3130 statua
2533 3092 2649 3146 qua:
2678 3079 2731 3130 in
2766 3078 3105 3138 cli-maniculo
3131 3082 3393 3137 collocata
3423 3095 3521 3141 est.

493 3162 556 3213 Ἢ
584 3161 640 3213 δὲ
677 3160 939 3229 ισταμένη
974 3160 1144 3228 στήλη
1180 3161 1237 3210 ἐν
1293 3158 1371 3228 τῷ
1406 3160 1778 3230 Ἀρμαμέντῳ
1819 3162 1985 3214 Φωκᾶ.
2012 3186 2056 3245 c
2165 3164 2250 3221 Sta

1901 3162 1985 3214 ικᾶ
2012 3186 2056 3245 c
2165 3164 2357 3221 Statua
2386 3184 2505 3235 quae
2541 3168 2593 3220 in
2626 3170 2978 3224 Armamento
3004 3172 3199 3225 visitur
3243 3172 3437 3231 Pbocae
3472 3186 3555 3231 est
3586 3195 3658 3236 ex

414 3253 508 3305 τοῦ
589 3249 922 3321 στρατιώτου
994 3248 1091 3300 ἐπί¹
1156 3248 1250 3301 τοῦ
1317 3250 1598 3319 βασιλέως,
1655 3251 1746 3302 καὶ
1792 3251 1850 3303 ἐν
1901 3251 1979 3319 τῷ

415 3341 628 3409 ἐϐδόμῳ
672 3340 781 3390 ἔτει
829 3337 928 3407 τῆς
977 3338 1254 3407 βασιλείας
1309 3337 1476 3390 αὑτοῦ
1526 3340 1654 3407 περὶ
1702 3339 1763 3391 τὸ
1831 3341 1981 3403 τέλος

419 3427 737 3491 σπουδάζων
763 3428 1060 3492 ἀναγαγεῖν
1092 3425 1260 3495 αὐτὴν
1293 3427 1349 3475 ἐν
1380 3424 1455 3495 τῷ
1485 3427 1761 3492 κτισθέντι
1819 3428 1980 3492 κίονι,

424 3526 517 3574 καὶ
579 3520 717 3588 μετὰ
783 3519 842 3569 τὸ
895 3519 1195 3583 ἀναγαγεῖν
1243 3517 1413 3585 αὐτὴν
1470 3516 1539 3584 ιη’
1590 3517 1985 3586 περιελθουσῶν

417 3612 659 3682 ἡμερῶν,
717 3609 1029 3678 κατηνέχθη
1088 3608 1183 3672 τῆς
1236 3606 1530 3674 βασιλείας.
1585 3609 1715 3660 Τότε
1750 3609 1805 3660 δέ
1857 3604 1923 3677 ἦν
1959 3610 1985 3660 ὁ

416 3706 702 3773 Συκεώτης
732 3705 759 3755 ὁ
779 3705 941 3763 ὅσιος.

738 3794 877 3860 Περί
901 3792 1017 3846 τῶν
1044 3790 1434 3861 καλουμένων
1468 3793 1689 3844 Τόπων.

488 3887 939 3955 Οίδέλεγόμενοι
996 3886 1183 3947 Τόποι,
1232 3886 1281 3935 oi
1343 3882 1571 3951 πλησίον
1635 3882 1732 3935 τοῦ
1802 3882 1983 3951 Ἀγίου

418 3980 700 4047 Λαζάρου,
731 3978 818 4029 διὰ
841 3976 1003 4029 τοῦτο
1034 3974 1347 4044 ἐκλήθησαν
1412 3973 1586 4035 οὕτως
1614 3989 1627 4002 ·
1660 3974 1821 4025 ὁπότε
1854 3975 1987 4025 ἐπα-

419 4071 581 4138 νέστη
617 4067 936 4127 Βασιλίσκος
969 4066 1329 4135 δρουγγάριος
1371 4066 1465 4117 καὶ
1524 4065 1832 4133 πατρίκιος,
1887 4066 1991 4135 Ζή-

418 4180 544 4214 νωνι
582 4160 660 4229 τῷ
702 4158 931 4227 βασιλεῖ,
965 4158 1205 4227 δευτέρῳ
1263 4158 1373 4210 ἔτει
1448 4156 1540 4209 καὶ
1586 4157 1796 4224 δεκάτῳ
1860 4158 1989 4225 μηνὶ

418 4255 517 4321 τῆς
555 4250 832 4321 βασιλείας
855 4250 1044 4313 αὑτοῦ,
1075 4252 1170 4302 καὶ
1201 4249 1420 4312 ἐδίωξεν
1454 4249 1641 4310 αὐτὸν,
1699 4248 1793 4299 καὶ
1823 4248 1987 4317 ἐκρά-

414 4360 547 4409 τησε
584 4341 904 4400 Βασιλίσκος
940 4338 1040 4405 τῆς
1075 4338 1356 4406 βασιλείας
1398 4337 1492 4406 ἐτη
1514 4336 1629 4389 δύο.
1682 4338 1979 4407 Ὑποστρέ-

415 4432 520 4500 ψας
554 4431 608 4483 δέ
639 4432 665 4483 ό
688 4431 874 4497 Ζήνων
911 4428 1047 4497 μετὰ
1082 4427 1403 4490 δυναστείας
1436 4428 1666 4497 στρατοῦ
1728 4429 1835 4480 ἀπὸ
1885 4427 1983 4496 τῆς

2088 3257 2262 3311 milite
2302 3259 2671 3326 imperatoris,
2695 3275 2860 3329 quam
2914 3260 3031 3328 ipse
3056 3264 3293 3332 septimo
3325 3265 3537 3336 imperii
3569 3273 3658 3325 sui

2088 3364 2233 3403 anno
2295 3351 2562 3404 columna:
2614 3351 2819 3421 imponi
2874 3354 3088 3407 curavit
3150 3371 3164 3418 ;
3215 3355 3660 3415 duodevicesimo

2086 3452 2265 3498 autem
2286 3444 2373 3496 die
2396 3443 2463 3495 ab
2486 3452 2669 3497 erecta
2694 3453 2873 3499 statua
2912 3445 3141 3515 imperio
3167 3448 3403 3515 pellitur.
3434 3451 3662 3508 Vivebat

2087 3542 2220 3600 tunc
2246 3536 2512 3605 temporis
2543 3534 2599 3588 S.
2638 3535 2963 3597 Theodorus
2990 3537 3243 3607 SyceOIa.

2578 3774 2654 3827 De
2689 3775 2845 3843 Topis
2875 3786 2931 3829 ut
2967 3789 3175 3833 vocant.

2160 3865 2293 3934 Τονί
2333 3867 2577 3936 proxime
2609 3866 2667 3921 S.
2702 3865 2997 3931 Lazarum,
3023 3878 3310 3939 propterea
3342 3872 3417 3927 ita
3448 3889 3666 3938 nuncu-

2088 3958 2201 4027 pati
2263 3966 2415 4023 sunt,
2472 3959 2621 4028 quod
2686 3973 2811 4013 eum
2874 3958 3175 4016 Basiliscus
3220 3963 3554 4033 drungarius
3608 3979 3667 4022 et

2090 4050 2355 4121 patricius
2388 4049 2683 4104 defecisset
2711 4049 2779 4105 ab
2816 4051 3146 4120 imperatore
3186 4053 3426 4120 Zenone,
3460 4057 3667 4127 ipsum.

2091 4155 2199 4211 que
2234 4141 2452 4194 decimo
2490 4156 2679 4196 mense
2708 4150 2834 4212 post
2863 4144 3164 4198 secundum
3203 4145 3415 4216 imperil
3460 4163 3663 4203 annum

2090 4235 2228 4288 solio
2257 4234 2624 4298 deturbasset,
2652 4234 2767 4302 ipse
2796 4233 3092 4290 Basiliscus
3129 4237 3410 4307 biennium
3437 4238 3668 4307 imperio

2088 4329 2291 4396 potitus
2325 4334 2427 4379 est.
2460 4323 2557 4379 His
2590 4327 2797 4379 exactis
2830 4324 2975 4380 Zeno
3007 4342 3129 4391 cum
3160 4328 3471 4397 ingentibus
3488 4333 3666 4401 copiis

2091 4433 2121 4472 a
2156 4431 2351 4487 magna
2390 4416 2682 4470 Autiocbia
2711 4416 2956 4484 rediens,
2987 4416 3513 4489 Constantinopolim
3542 4436 3665 4476 cum

419 4521 663 4591 μεγάλης
704 4519 1035 4588 Ἀντιοχείας
1066 4520 1161 4571 καὶ
1192 4518 1363 4571 ἐλθὼν
1393 4520 1534 4587 μετὰ
1574 4519 1813 4588 ταραχῆς
1844 4520 1980 4588 ἑντῇ
2016 4520 2059 4573 Ι)
2091 4526 2176 4563 om

1915 4520 1980 4588 τῇ
2016 4520 2059 4573 ι)
2091 4511 2241 4563 omni
2284 4509 2479 4563 bellico
2517 4518 2782 4577 apparatu
2815 4510 2983 4573 venit.
3015 4510 3151 4564 Cum
3180 4522 3361 4567 autem
3386 4512 3665 4569 Arruntius

416 4611 569 4662 πόλει
591 4628 605 4642 ο
638 4608 874 4678 προδοὺς
910 4607 1202 4677 Ἀρμάτιος
1231 4609 1324 4660 τὸν
1365 4609 1593 4677 στρατὸν
1648 4608 1741 4658 τοῦ
1770 4608 1985 4660 Βασιλί-

419 4718 572 4763 σκου,
610 4698 825 4767 φρονῶν
860 4699 929 4749 τὰ
952 4698 1045 4749 τοῦ
1073 4696 1342 4767 Ζήνωνος,
1403 4697 1570 4765 ἔφυγε
1599 4696 1626 4748 ὁ
1663 4696 1983 4759 Βασιλίσκος

418 4790 515 4840 σὺν
565 4790 629 4857 τῇ
680 4787 903 4854 γυναικὶ
969 4787 1065 4837 atat
1116 4790 1229 4849 τοῖς
1279 4788 1493 4847 τέκνοις
1545 4785 1710 4839 αὐτοῦ
1742 4789 1821 4846 είς
1884 4785 1983 4856 τὴν

426 4877 611 4943 Ἀγίαν
644 4875 887 4945 Εἰρήνην
919 4874 1018 4943 τὴν
1050 4876 1313 4929 παλαιάν.
1368 4877 1425 4928 Ὀ
1457 4876 1515 4928 δὲ
1574 4873 1761 4945 Ζήνων
1816 4874 1984 4946 ὥρισε

414 4969 673 5035 γενέσθαι
714 4970 881 5020 τόπον
925 4967 1236 5037 κριτηρίου,
1290 4968 1384 5019 καὶ
1437 4967 1661 5037 θρόνους
1703 4967 1796 5019 τοῦ
1841 4968 1983 5038 ἱεροῦ

417 5060 749 5125 καταλνᾷγου,
781 5060 878 5111 καὶ
904 5058 1005 5125 τῆς
1043 5058 1373 5127 συγκλήτου,
1440 5060 1532 5111 καὶ
1608 5060 1985 5112 καθεσθέντων

417 5155 594 5204 ἐκεῖσε
636 5151 875 5213 πάντων,
946 5150 1273 5202 κατεδίκασε
1331 5151 1423 5203 τὸν
1474 5150 1820 5214 Βασιλίσκον,
1891 5154 1985 5205 καὶ

417 5242 678 5310 ἐξώρισεν
724 5240 887 5294 αὑτὸν
922 5242 1001 5302 εἰς
1064 5242 1277 5310 Λίμνας
1350 5240 1534 5312 χώραν
1588 5244 1984 5307 Καππαδοκίας

418 5332 621 5386 ἔσωθεν
645 5330 987 5385 καστελλίου.
1013 5330 1125 5397 Τῆς
1155 5331 1213 5383 δέ
1256 5331 1424 5402 θύρας
1482 5333 1846 5403 σφραγείσης,
1879 5335 1986 5387 ἀπὸ

414 5422 599 5491 λιμοῦ,
632 5422 724 5473 καὶ
750 5420 929 5489 δίψης,
956 5422 1046 5472 καὶ
1074 5420 1277 5488 ψύχους
1304 5421 1625 5491 παρέδωκαν
1654 5423 1753 5484 τὰς
1777 5424 1985 5477 ἑαυτῶν

415 5516 611 5581 ψυχας.
647 5513 755 5565 Καὶ
797 5512 987 5564 τούτου
1040 5514 1199 5581 χάριν
1263 5513 1574 5583 ἐκλήθησαν
1636 5514 1825 5576 Τόποι,
1896 5516 1983 5567 διὰ

415 5606 540 5665 τοὺς
581 5602 943 5663 καθεσθέντας
964 5605 1156 5672 κριτὰς
1188 5607 1365 5656 ἐκεῖσε
1411 5607 1505 5657 καὶ
1551 5607 1736 5677 ἱερεῖς.
1772 5606 1983 5675 Ἔφθα-

415 5715 503 5748 νον
530 5697 585 5747 δὲ
614 5696 829 5746 ἐκεῖθεν
879 5695 946 5745 τὰ
991 5695 1268 5764 κτίσματα
1327 5696 1437 5749 τῶν
1480 5697 1785 5766 Τρικλίνων
1831 5701 1980 5769 παρᾶ

414 5787 507 5839 τιιῦ
540 5787 793 5852 Μεγάλου
833 5787 1247 5840 Κωνσταντίνου
1278 5789 1587 5844 κτισθέντα.

660 5888 926 5955 remot.
961 5891 1073 5950 Gn.
1109 5889 1203 5947 ex
1221 5888 1295 5947 XI
1313 5889 1353 5949 Ι.

2090 4602 2297 4657 Zenoni
2357 4601 2606 4663 studens,
2664 4602 2963 4656 exercitum
3000 4600 3251 4656 Basilisci
3302 4604 3662 4681 prodidisset,

2090 4693 2390 4747 Basiliscus
2442 4706 2549 4745 una
2593 4706 2717 4745 cum
2766 4708 2937 4747 uxore
2967 4703 3018 4748 ct
3062 4693 3249 4748 liberis
3285 4695 3339 4748 in
3364 4697 3665 4752 ecclesiam

2090 4787 2372 4853 antiquam
2443 4782 2500 4837 S.
2558 4781 2741 4837 lrenes
2795 4783 2921 4853 fuga
2955 4800 3012 4838 se
3036 4786 3262 4855 recepit.
3306 4785 3455 4843 Zeno
3488 4797 3666 4844 autem

2084 4877 2251 4946 jussit
2286 4876 2399 4929 ﬁeri
2430 4876 2545 4929 loca
2571 4874 2886 4944 iudiciaria,
2907 4884 2960 4930 et
2982 4875 3141 4931 sedes
3165 4878 3310 4932 clero
3334 4886 3388 4933 et
3410 4880 3624 4934 senatui
3650 4899 3664 4947 ;

2088 4983 2151 5022 ac
2176 4968 2265 5022 ubi
2291 4983 2478 5022 omnes
2498 4966 2894 5029 consedissent,
2912 4967 3298 5022 condemnavit
3321 4956 3662 5049 Basiliscum,

2087 5067 2141 5114 et
2172 5062 2225 5113 in
2252 5059 2471 5119 Limuas
2496 5059 2678 5111 locum
2703 5058 3063 5128 Cappadociae
3090 5061 3348 5126 relegavit
3378 5069 3431 5123 et
3457 5064 3665 5117 castel-

2091 5152 2143 5206 lo
2176 5152 2423 5213 inclusit,
2455 5158 2620 5217 atque
2654 5149 2908 5204 obseram
2944 5151 3109 5211 ostio,
3140 5152 3221 5211 sic
3244 5151 3336 5206 ille
3377 5150 3542 5217 fame,
3570 5154 3664 5223 siti

2089 5257 2153 5297 ae
2190 5242 2391 5312 frigore
2418 5254 2522 5294 una
2551 5255 2677 5293 cum
2712 5248 2883 5304 uxore
2913 5254 2976 5304 ac
3012 5238 3199 5297 liberis
3229 5242 3536 5306 exstinctus
3573 5243 3663 5297 in-

2090 5337 2261 5389 teriit.
2292 5332 2374 5388 0b
2400 5332 2548 5386 hunc
2587 5332 2753 5402 igitur
2775 5329 3017 5400 judieum
3051 5346 3113 5385 ac
3140 5332 3486 5405 sacerdotum
3524 5350 3663 5396 con-.-

2088 5427 2498 5487 sessum,locus
2543 5426 2632 5480 ille
2663 5423 2937 5493 Toporum
2975 5438 3171 5479 nomen
3209 5435 3404 5481 nactus
3436 5439 3539 5482 est.
3580 5429 3660 5493 Eo

2090 5539 2263 5591 usque
2317 5534 2447 5574 vero
2497 5518 2877 5590 pertingebant
2925 5517 3161 5571 triclinia
3213 5533 3241 5571 a
3296 5517 3657 5576 Constantino

2090 5614 2285 5683 Magno
2318 5623 2619 5668 exstructa.

3267 5874 3339 5943 39
