4450 6448
413 392 552 458 1233

1470 402 1816 465 ANONYMI
1864 400 2151 473 ANTIQU
2168 400 2441 461 l'l'ATiZS
2480 405 2593 466 ΕΡ.

3558 405 3697 474 123i

407 510 830 582 ἐδημηγόρησεν
853 529 867 543 ·
933 514 992 568 ἐν
1041 508 1123 578 οἷς
1166 514 1365 585 ἐλέφας
1396 514 1587 571 ἵστατο
1628 515 1996 587 παμμεγέθης
2026 514 2072 574 Α
2100 522 2155 565 οι

1942 530 1996 585 τις
2026 514 2072 574 Α
2100 522 2155 565 ct
2192 511 2444 569 Tcrbelis
2490 514 2853 570 concionatus
2889 526 2992 571 est.
3023 518 3156 572 ltcm
3214 518 3408 573 codcm
3468 519 3521 572 in
3579 520 3699 575 loco

409 605 515 657 ὑπὸ
548 607 792 678 Σεϐήρου
850 600 1385 681 κατεσκευασμένος.
1441 612 1607 683 Ὄρος
1660 612 1717 666 δέ
1751 607 1824 683 ἦν
1862 611 1999 683 πρὸς

408 695 505 748 τοῦ
540 698 744 767 μέρους
775 699 887 753 τῶν
908 700 1264 769 ἀναϐαθμῶν,
1304 702 1437 755 ἔνθα
1458 698 1526 773 ἦν
1562 703 1657 756 καὶ
1705 702 1869 775 σχολὴ
1895 720 1998 771 φυ-

409 788 716 843 λαττόντων
746 791 847 863 τὴν
870 792 1049 846 πόλιν.
1078 794 1280 865 Ἔμενε
1313 795 1369 847 δὲ
1409 796 1586 849 ἐκεῖσε
1621 798 2003 867 ἀργυροκόπος

411 882 682 948 ἐναντίοις
746 884 936 954 ζυγοῖς
986 887 1085 958 τὴν
1144 890 1348 960 πρασιν
1390 891 1738 960 ποιούμενος,
1787 890 2002 945 καὶτοῦ

413 976 713 1059 οἰκήματος
753 978 920 1032 αὑτοῦ
955 980 1355 1051 πορθουμένου,
1406 980 1627 1053 ἠπείλει
1658 984 1736 1053 τῷ
1765 984 1859 1037 τὸν
1892 984 2037 1059 ἐλέο.

415 1085 595 1136 φαντα
627 1071 956 1137 φυλάττοντι
993 1073 1248 1139 θάνατον,
1275 1076 1323 1127 εἰ
1357 1076 1430 1145 μὴ
1449 1077 1637 1129 τοῦτον
1658 1077 2006 1148 κρατήσειεν.

425 1158 485 1212 Ὀ
515 1160 572 1213 δὲ
624 1161 934 1233 θηροκόμος
963 1165 1063 1218 οὐκ
1103 1167 1361 1229 ἐνεδίδου.
1404 1168 1463 1221 ὃν
1493 1169 1763 1237 φονεύσας
1795 1171 1822 1223 ὁ
1847 1170 2009 1237 ζυγο-

415 1251 665 1324 πλὰστης
714 1256 910 1309 δέδωκε
957 1258 1124 1328 βορὰν
1184 1261 1262 1329 τῷ
1296 1262 1575 1331 ἐλέφαντι.
1603 1263 1676 1316 Τὸ
1712 1264 1769 1316 δὲ
1818 1265 2008 1334 θηρίον

414 1346 711 1400 ἁτίθασσον
734 1346 815 1412 ὃν,
843 1350 936 1404 καὶ
967 1353 1130 1405 αὐτὸν
1160 1356 1359 1408 ἀνεῖλε·
1397 1356 1491 1409 καὶ
1514 1358 1541 1410 ὁ
1578 1357 1715 1424 Σεϐἦ
1728 1376 1818 1429 ρος
1846 1359 2009 1412 ἀκού-

418 1455 518 1500 σας
544 1439 622 1508 τῷ
651 1439 826 1512 θηρίῳ
851 1442 1043 1499 θυσῖας
1072 1444 1326 1515 ἧνεγκεν.
1365 1447 1453 1498 Ἔν
1491 1447 1637 1517 αὐτῷ
1670 1448 1725 1501 δὲ
1752 1449 1827 1516 τῷ
1856 1451 2010 1519 τόπῳ

420 1533 705 1604 παρευθὺς
735 1536 1059 1606 ἀνετυττώθη
1092 1539 1151 1591 τό
1187 1556 1245 1591 τε
1278 1539 1468 1609 θηρίον
1492 1543 1587 1594 καὶ
1620 1544 1647 1594 ὁ
1678 1541 2007 1612 θηροκόμος.

420 1625 592 1679 Ἔνθα
624 1628 719 1679 καὶ
774 1628 1052 1698 Ἡρακλῆς
1083 1630 1410 1700 ἐλατρεὺθη,
1446 1633 1652 1696 πολλὰς
1689 1633 1885 1696 Θυσίας
1922 1635 2010 1686 δε-

416 1716 671 1786 ξάμενος,
705 1719 762 1781 ὃς
795 1723 849 1772 ἐν
886 1721 965 1792 τῷ
1023 1722 1395 1793 Ἰπποδρομίῳ
1440 1726 1729 1795 μετετέθη.
1798 1726 1920 1779 Ἐπὶ
1954 1725 2011 1777 δὲ

428 1808 722 1864 Ἰουλιανοῦ
782 1813 1054 1867 ὑπατικοῦ
1076 1816 1185 1869 ἀπὸ
1231 1816 1454 1885 Ῥώμης
1489 1814 1654 1886 ἦλθεν
1687 1820 1781 1873 ἐπὶ
1811 1819 1871 1871 τὸ
1903 1819 2009 1871 Βυ-

417 1898 636 1963 ζάντιον
659 1919 672 1932 ·
711 1905 945 1977 εἰσήχθη
974 1906 1031 1958 δὲ
1066 1908 1206 1977 μετά
1243 1910 1454 1980 στηλῶν
1478 1910 1632 1968 δέκα.

488 2171 627 2239 Περὶ
652 2171 723 2226 τὰ
767 2176 1086 2243 Πατρικίας
1114 2176 1224 2244 τῆς
1246 2180 1574 2249 ὐπεραγίας
1598 2182 1921 2239 Θεοτόκου.

490 2262 585 2327 Εἰς
611 2265 702 2318 τὸν
737 2267 865 2320 ναὸν
886 2268 987 2338 τῆς
1022 2269 1284 2324 Θεοτόκου
1330 2274 1396 2327 τὶ
1423 2274 1748 2345 Πατρικίας,
1788 2275 2013 2329 ὄπισθεν

417 2355 518 2422 τῆς
550 2356 711 2425 ἁγίας
732 2359 952 2427 Σοφίας,
984 2363 1032 2414 οί
1068 2361 1310 2431 βασιλεῖς
1338 2366 1575 2437 ἤρχοντο
1600 2369 1692 2422 ἐπὶ
1709 2370 1831 2432 ταῖς
1851 2386 2013 2439 προε⁸

426 2447 651 2502 λεύσεσι
688 2454 826 2520 μετά
859 2453 967 2505 τῶν
994 2455 1316 2523 δεσποινῶν,
1354 2459 1443 2511 ὅτε
1489 2458 1715 2529 ἔμελλον
1754 2462 2010 2516 ἀπελθεῖν

420 2542 500 2603 είς
526 2542 819 2625 τὴνάγίαν
850 2546 1085 2614 Σοφίανο
1120 2544 1269 2612 οἶκος
1300 2551 1409 2621 γὰρ
1440 2547 1508 2622 ἦν
1544 2554 1721 2607 ἐκεῖσε
1764 2556 2010 2621 κτισθεὶς

421 2636 573 2703 παρὰ
596 2627 691 2689 τοῦ
750 2640 1005 2705 Μεγάλου
1038 2643 1477 2699 Κωνσταντένου.
1506 2648 1567 2699 Αἱ
1595 2647 1651 2705 δὲ
1678 2649 1989 2717 πατρίκιαι,

422 2730 474 2779 αἱ
516 2726 754 2794 Ζωσταὶ,
808 2730 951 2803 [καὶ]
984 2734 1034 2785 oi
1081 2736 1365 2806 πατρίκιοι
1406 2738 1584 2791 ἐκεῖσε
1612 2742 2009 2813 προσήρχοντο,

422 2822 516 2872 καὶ
540 2822 810 2891 ἧλλασσον
832 2825 921 2877 τὸν
946 2826 1171 2897 βασιλέα
1202 2829 1298 2882 καὶ
1315 2830 1415 2901 τὴν
1439 2830 1729 2888 δέσποιναν
1752 2836 1891 2890 μετά
1917 2837 2011 2891 καὶ

423 2911 532 2965 τῶν
553 2916 953 2985 πραιποσίτων.

875 3009 1017 3076 Περὶ
1050 3012 1156 3067 τοῦ
1194 3016 1559 3084 Βοσπορίου.

499 3097 621 3150 Ὀτι
654 3098 714 3150 τὸ
762 3101 1086 3172 Βοσπόριον,
1119 3105 1305 3169 καθώς
1336 3127 1504 3177 φησιν
1544 3113 1795 3182 Ἰωάννης
1823 3116 1850 3169 ὁ
1889 3117 2011 3169 Ἀν-

2104 615 2324 659 erectus
2345 614 2519 660 erata
2545 607 2751 663 Severo
2773 608 2995 679 elephas
3017 609 3259 681 ingentis
3285 609 3699 681 magnitudinis.

2108 695 2239 752 Erat
2267 707 2453 754 autem
2490 699 2651 755 collis
2699 711 2829 757 ante
2873 708 3083 771 partem
3136 703 3435 771 graduum,
3493 702 3586 757 ubi
3649 709 3703 755 ct

2108 787 2299 842 schola
2326 789 2624 844 custodum
2660 792 2813 846 urbis
2852 792 3184 845 excubabat.
3212 792 3501 846 llabita‘iat
3528 792 3697 846 etiam

2111 880 2187 933 ibi
2218 883 2571 951 argentarius
2599 883 2691 953 qui
2740 883 2993 939 lancibus
3047 883 3255 954 iniquis
3311 885 3363 939 in
3408 883 3698 939 vendendo

2114 972 2395 1037 utebatur,
2435 973 2598 1041 cujus
2632 974 2847 1028 ollicina
2881 990 3005 1029 cum
3035 975 3103 1029 ab
3131 975 3421 1041 elephanto
3469 975 3701 1029 subver-

2113 1068 2345 1127 teretur,
2375 1072 2609 1119 mortem
2638 1064 2727 1119 ille
2756 1065 3145 1121 interminatus
3177 1073 3262 1121 est
3296 1066 3420 1134 ejus
3453 1064 3699 1131 custodi,

2113 1156 2217 1210 nisi
2246 1157 2477 1211 bcllnam
2504 1158 2811 1213 cohiberet.
2841 1157 3159 1227 Magistrum
3187 1171 3365 1212 autem
3400 1157 3701 1227 elephanti,

2113 1263 2240 1303 cum
2306 1250 2485 1304 minas
2535 1252 2711 1320 ipsius
2762 1248 3155 1311 ﬂoccifaccret,
3206 1248 3481 1303 interiecit
3534 1248 3704 1303 falsus

2116 1343 2209 1397 ille
2255 1342 2547 1412 libripens.
2603 1350 2657 1397 ct
2696 1343 2994 1411 elephanto
3049 1343 3421 1397 devorandum
3475 1342 3700 1412 obiecit.

2115 1436 2302 1491 Bellua
2337 1450 2468 1489 vero
2500 1434 2735 1489 necdum
2780 1436 3027 1490 cicurata
3087 1435 3267 1505 ipsum
3309 1449 3415 1489 una
3452 1434 3702 1490 sustulit.

2114 1529 2271 1596 Quod
2309 1530 2396 1583 ubi
2443 1528 2665 1584 rescivit
2712 1528 2948 1584 Severus
2989 1529 3284 1598 elephanto
3344 1527 3701 1590 sacrilicavit,

2115 1622 2253 1677 etin
2283 1623 2473 1675 eodem
2526 1622 2649 1676 loco
2700 1622 2874 1689 ipsius
2921 1622 3120 1676 bellua:
3169 1621 3400 1690 ejusque
3451 1619 3703 1688 magistri

2117 1726 2332 1771 statuas
2401 1716 2597 1770 erexit.
2652 1715 2857 1769 Ibidem
2912 1729 3135 1783 quoque
3181 1712 3447 1767 Hercules
3514 1710 3703 1763 multis

2116 1808 2405 1861 sacrificiis
2456 1807 2791 1870 colebatur,
2855 1807 2949 1873 qui
3006 1816 3199 1875 postea
3274 1804 3328 1855 in
3390 1804 3701 1872 llippoilro-

2116 1916 2264 1954 mum
2308 1900 2614 1955 translatus
2664 1911 2744 1953 εει
2779 1915 2793 1964 ;
2832 1898 3055 1953 Juliano
3088 1898 3237 1953 enim
3266 1897 3495 1952 consule
3528 1895 3701 1949 Ruina

2118 1990 2435 2060 Byzantium
2465 1991 2727 2046 advectus
2759 1990 2862 2045 fuit
2889 2004 2994 2044 una
3026 2004 3153 2044 cum
3180 1990 3306 2044 aliis
3338 1989 3524 2044 decem
3587 1997 3701 2043 sta-

2116 2082 2247 2137 tuis.

2257 2175 2331 2229 De
2352 2175 2544 2245 templo
2577 2174 2638 2230 S.
2676 2175 2917 2241 Deipara:
2940 2174 3193 2228 Patricia:
3225 2182 3557 2240 nuncupata.

2190 2267 2247 2322 In
2297 2268 2594 2323 ecclesiam
2636 2265 2693 2322 S.
2742 2267 2991 2337 Deiparze
3039 2265 3368 2335 cognomine
3424 2263 3697 2327 Patriciae,

2113 2373 2235 2427 qua:
2263 2366 2347 2413 est
2384 2374 2523 2428 pone
2552 2358 2609 2415 S.
2647 2356 2868 2429 Sophia:
2899 2357 3219 2420 ecclesiam,
3257 2355 3620 2424 imperatores
3646 2362 3701 2407 ct.

2115 2461 2357 2522 augustae
2391 2452 2543 2505 ibant
2568 2450 2982 2521 processionum
3005 2462 3173 2502 causa
3193 2462 3315 2502 cum
3344 2446 3408 2499 ad
3438 2446 3697 2502 Sanctam

2115 2542 2374 2612 Suphiam
2401 2543 2527 2598 ituri
2564 2552 2782 2609 essent;
2815 2541 3019 2597 ctenim
3050 2544 3251 2595 donius
3284 2539 3355 2593 ibi
3376 2547 3697 2608 erat,quam

2114 2632 2521 2688 Canistantinus
2576 2632 2806 2704 Magnus
2859 2639 3232 2687 exstruxerat.
3302 2630 3419 2685 llnc
3472 2630 3702 2685 accede-

2115 2724 2246 2779 bant
2286 2726 2550 2795 patriciae,
2582 2725 2763 2779 Zostze
2798 2740 2863 2779 ac
2891 2724 3107 2793 ratricii
3138 2738 3246 2777 una
3274 2737 3399 2777 cum
3435 2723 3700 2793 prazposi-

2116 2818 2206 2883 tis,
2246 2832 2312 2874 ac
2359 2818 2679 2889 imperatori
2706 2826 2761 2874 et
2786 2826 3037 2887 augusta:
3100 2817 3403 2871 mutatoria
3451 2817 3698 2888 porrige-

2111 2909 2265 2965 bant.

2623 3004 2700 3059 De
2734 3003 2984 3073 Bosport'o
3017 3015 3194 3074 portu.

2181 3098 2485 3169 Bosporius
2551 3106 2747 3167 portus
2804 3098 2877 3152 ita
2952 3108 3327 3168 nunuipatnr,
3395 3108 3455 3153 ut
3521 3100 3699 3169 inquit

425 3188 663 3255 τιοχεὺς,
694 3191 783 3242 ὅτε
804 3189 981 3255 Βύζας
1004 3192 1186 3248 ἔκτισε
1202 3197 1262 3249 τὸ
1280 3199 1593 3266 Βυζάντιον,
1617 3203 1743 3273 βοῦν
1760 3207 2010 3261 ἀπέστει-
2039 3225 2085 3285 c
2115 3187 2181 3243 ³ο

1941 3225 2010 3261 ει-
2039 3225 2085 3285 c
2115 3187 2359 3285 Joannes
2398 3188 2803 3285 Antiochenus,
2842 3187 3010 3285 quod,
3049 3189 3285 3285 quando
3343 3189 3514 3285 [ἔγχος
3544 3208 3698 3285 icon-

424 3276 515 3328 λεν
545 3279 653 3331 ἀπὸ
687 3280 780 3333 τοῦ
816 3283 1182 3354 Προσφορίου,
1222 3290 1317 3341 καὶ¹
1346 3291 1588 3359 ἀπῆλθεν
1634 3297 2015 3365 είςΧρυσόποο

425 3372 528 3435 λιν,
595 3374 689 3427 καὶ
736 3373 911 3436 οὕτως
969 3380 1170 3449 ἐκλήθη
1209 3381 1525 3454 Βοσπόριον.
1569 3385 1716 3440 Ἐκεῖ
1773 3390 1828 3442 δὲ
1867 3392 2013 3445 ἐπω-

426 3463 617 3518 ληῦντο
665 3470 713 3520 οἱ
767 3468 889 3537 βόες
940 3469 1035 3523 καὶ
1065 3474 1142 3534 εἰς
1158 3471 1219 3524 τὸ
1242 3477 1619 3543 σιγματοειόἐς
1650 3481 1827 3550 τεῖχος
1853 3483 2013 3554 μέχρι

433 3558 528 3611 τοῦ
570 3560 980 3633 Κοπρωνύμου.
1038 3565 1281 3631 Ἐκεῖνος
1310 3566 1512 3638 ὥρισεν
1559 3572 1639 3635 είς
1674 3573 1764 3627 τὸν
1798 3574 2013 3643 Ταῦρον

428 3650 752 3709 πωλεῖσθαι.

477 3918 612 3989 Περὶ
645 3924 749 3977 τοῦ
776 3920 971 3993 Ἀγίου
996 3929 1241 3983 Παύλου
1265 3929 1372 3983 τοῦ
1406 3930 1956 4001 Ὀρςςανοτροεεειόυ.

499 4015 603 4069 Τὸν
623 4016 678 4069 δέ
702 4017 893 4086 Ἀγιον
909 4018 1120 4073 Παῦλον
1130 4020 1198 4089 ζτὺ
1213 4020 1701 4092 Ὀρερανοτροφείον
1722 4024 2013 4094 ἀνήγειρεν

442 4106 737 4172 Ἰονστίνος
786 4112 882 4163 καὶ
935 4112 1142 4178 Σοφίαο
1198 4113 1463 4178 ὡσαύτως
1517 4115 1612 4169 καὶ
1690 4116 1784 4169 τὸν
1823 4117 2013 4172 Ὀσιον

429 4201 693 4265 κωτικδν,
720 4202 817 4255 καὶ
868 4204 1159 4258 ἐτύπωσαν
1205 4208 1590 4262 ἀναπαύεσθαι
1626 4210 1755 4272 τοὺς
1802 4209 2010 4275 λωόοὺς

428 4294 629 4359 ἐκεῖσε,
656 4300 751 4349 καὶ
784 4298 1073 4371 σιτηρέσια
1103 4299 1427 4368 λαμϐάνειν.
1460 4300 1771 4371 Παρίστατο
1802 4302 1858 4356 δὲ
1893 4304 2010 4356 Ζω-

426 4385 577 4449 τικὸς
603 4388 631 4439 ὁ
656 4388 1158 4459 πρωτοόεστιάριος
1184 4390 1352 4444 αὑτοῦ
1388 4394 1501 4453 τοῖς
1529 4392 1729 4461 κτίσμα
1741 4409 1845 4448 σιν.

918 4480 1057 4547 Περὶ
1091 4480 1199 4535 τοῦ
1226 4483 1510 4551 Νεωρίου.

501 4566 629 4621 Ὀτι
666 4570 699 4639 ἡ
736 4570 1007 4640 λεγομένη
1071 4572 1234 4643 λίμνη
1267 4573 1363 4626 τοῦ
1409 4575 1657 4644 Νεωρίου
1712 4574 1840 4646 βοῦν
1862 4572 2009 4649 εἶχεν
2043 4584 2086 4639 D

430 4661 723 4728 ίττάμενον
762 4662 1000 4732 χαλκοῦν
1052 4666 1413 4736 παμμεγέθη.
1452 4668 1693 4737 Κράζειν
1724 4669 1783 4723 δὲ
1816 4672 2007 4741 ἔλεγον

427 4755 589 4806 αὐτὸν
607 4755 682 4815 ὡς
716 4754 846 4825 βοῦν
864 4756 993 4825 μίαν
1010 4757 1103 4808 τοῦ
1128 4758 1401 4823 ἐνιαυτοῦ,
1430 4760 1526 4813 καὶ
1549 4762 1798 4827 γίνεσθαι
1824 4766 2005 4833 παρὰ-

429 4847 631 4914 πτωμά
660 4864 713 4898 τι
769 4847 827 4899 ἐν
857 4850 923 4914 τῇ
981 4848 1164 4919 ἡμέρᾳ
1211 4849 1417 4921 ἐκείνῃ.
1475 4851 1849 4923 Ἐστοιχείωσε
1889 4855 1947 4909 δέ
1976 4857 2007 4910 ὁ

429 4939 590 5000 αὐτὸς
618 4938 827 5001 Κόνων,
848 4942 906 4994 ἐν
924 4932 969 5008 ᾧ
987 4941 1077 4995 καὶ
1098 4942 1274 5010 ἄγορα
1291 4942 1399 4994 τῶν
1418 4942 1725 4999 θαλασσίων
1750 4947 2008 5017 ἐμπόρων

430 5032 489 5082 τὸ
532 5032 798 5101 πρότερον
828 5027 896 5101 ἦν
921 5050 935 5062 ·
972 5033 1066 5086 ἐπὶ
1099 5033 1156 5087 δὲ
1189 5034 1479 5088 Ἰουστίνου
1520 5038 1786 5109 μετετέθη
1812 5042 1891 5103 εἰς
1915 5041 2006 5093 τὸν

442 5120 730 5175 Ἰουλιανοῦ
754 5124 970 5191 λιμένα.

655 5217 792 5285 Περὶ
825 5216 897 5269 τὰ
930 5217 1037 5271 τοῦ
1065 5220 1391 5285 Βαστλίδος
1421 5222 1794 5291 καλούμενα.

502 5308 583 5361 Τὰ
608 5308 662 5361 δὲ
698 5309 998 5373 Βασιλίδος,
1054 5305 1203 5374 οἶκος
1235 5306 1305 5383 ἦν
1347 5314 1661 5379 Βασιλίδους
1712 5318 2005 5387 πατρικίου

430 5401 525 5455 καὶ
554 5401 889 5473 κοιαίστορος
911 5402 1003 5456 τοῦ
1046 5405 1300 5469 Μεγάλου
1344 5407 1747 5463 Ἰουστινιανοῦ.

842 5494 981 5561 Περὶ
1012 5492 1132 5547 τῶν
1164 5496 1592 5564 Ἀρκαδιανῶν.

504 5587 629 5640 Ὅτι
682 5588 709 5639 ὁ
757 5588 947 5656 ’Ἄγιος
999 5589 1257 5657 Ἰωάννης
1302 5590 1358 5643 αἱ
1414 5590 1793 5662 ’Λρκαδιαναὶ,
1854 5596 2008 5664 παρά

443 5676 729 5747 ’Λρκαδίου
758 5678 1401 5749 ἐκτίσθη,ἐπιλεξαμένου
1437 5682 1530 5734 καὶ
1553 5684 1617 5736 ἐκ
1637 5683 1743 5736 τῶν
1771 5682 2008 5738 πολιτῶν

431 5769 676 5838 χιλιάδας
730 5769 787 5831 ἓξ
826 5771 905 5831 εἰς
953 5771 1164 5842 ὀψίκιον
1226 5772 1414 5837 αὐτοῦ,
1455 5774 1622 5843 ἤγουν
1654 5776 1731 5835 εἰς
1762 5775 1828 5827 τὰ
1873 5780 2010 5846 πρό-

432 5878 617 5929 κ;νεα,
638 5862 665 5915 ὅ
684 5864 795 5917 ἐστι
815 5863 953 5933 μετὰ
986 5864 1311 5937 ατασῖματα·
1338 5866 1562 5921 ἐκάλεσε
1578 5868 1635 5922 δέ
1665 5868 1858 5934 αὐτοὺς
1888 5870 2007 5940 ’Λρ-

2117 3281 2257 3336 didit
2287 3281 2631 3353 Byzantium,
2680 3280 2873 3335 bovem
2921 3280 3091 3335 solvit
3121 3298 3150 3334 a
3200 3282 3321 3335 loco
3362 3280 3699 3353 Prosphorio

2117 3374 2291 3439 dicto,
2336 3374 2435 3442 qui
2488 3372 2729 3427 tranavit
2788 3370 3179 3444 ChrySOpolim
3246 3390 3441 3443 usque,
3479 3383 3533 3429 ct
3578 3375 3702 3431 ideo

2116 3468 2389 3538 angustia:
2449 3468 2555 3521 illae
2594 3467 2762 3522 maris
2815 3465 3140 3536 Bosporium
3189 3468 3559 3537 appellantur.
3623 3468 3700 3522 lbi

2116 3560 2263 3613 enim
2303 3569 2356 3613 et
2387 3559 2441 3613 in
2466 3559 2559 3612 illa
2590 3559 2733 3612 muri
2786 3569 2938 3626 parte
2980 3574 3101 3629 qua:
3127 3567 3211 3613 cst
3247 3560 3313 3614 ad
3350 3560 3577 3630 ﬁguram
3618 3560 3696 3615 si-

2118 3666 2241 3720 gma
2280 3659 2626 3716 constructa,
2668 3651 2836 3707 boves
2874 3652 3276 3716 vendebantur,
3335 3653 3483 3723 quod
3534 3654 3699 3707 etiam

2120 3742 2289 3797 moris
2320 3741 2422 3796 fuit
2456 3758 2633 3812 usque
2676 3742 2743 3796 ad
2776 3742 3203 3799 Constantinum
3237 3744 3645 3817 Copronymum
3684 3763 3701 3812 ;

2116 3837 2208 3906 qni
2249 3835 2559 3900 constituit,
2590 3846 2652 3891 ut
2685 3837 2738 3891 in
2780 3838 2965 3893 Tauro
2994 3840 3385 3894 venderentur.

2403 3928 2478 3983 De
2508 3931 2952 4000 orphanolrophio
3001 3930 3186 3987 Sancti
3232 3933 3415 3987 Pauli.

2187 4018 2735 4093 OrphanotrOpliium
2770 4023 2829 4077 S.
2886 4022 3039 4077 Pauli
3085 4023 3346 4081 Justinus
3396 4035 3451 4080 ct
3493 4025 3700 4097 Sephia

2114 4113 2411 4168 Condidere
2440 4130 2454 4177 ;
2499 4115 2755 4170 similiter
2783 4125 2836 4172 et
2865 4115 3137 4171 Sanctum
3170 4117 3445 4183 Zoticum,
3495 4128 3552 4174 et
3581 4129 3697 4174 sta-

2117 4214 2342 4261 tuerunt
2394 4206 2467 4261 ibi
2527 4207 2812 4263 mutilatos
2873 4210 3074 4279 quibus
3126 4210 3384 4264 alimenta
3454 4211 3702 4277 praebue-

2115 4307 2261 4354 runt.
2297 4298 2516 4353 Przel'uit
2539 4309 2719 4356 autem
2745 4299 2974 4356 aedilicio
3002 4309 3054 4355 et
3082 4300 3305 4358 Zuticus
3330 4304 3697 4372 protovestia-

2113 4393 2253 4448 rius.

2637 4484 2713 4539 De
2746 4496 2903 4553 portu
2938 4484 3163 4542 Neorio.

2186 4574 2244 4629 In
2283 4584 2443 4645 portu
2483 4588 2803 4649 nuncupato
2832 4579 3033 4635 Neorio
3078 4581 3177 4636 bos
3214 4595 3399 4637 aeneus
3456 4583 3697 4652 ingentis

2113 4668 2275 4722 molis
2304 4670 2511 4735 stabat,
2545 4685 2706 4739 quem
2734 4670 2904 4724 semel
2939 4670 2994 4724 in
3022 4684 3169 4725 anno
3196 4673 3420 4727 solitum
3483 4674 3699 4743 mugire

2115 4759 2404 4828 l'erunt,ct
2455 4762 2649 4816 eodem
2710 4761 2804 4816 die
2850 4763 2978 4817 mali
3033 4765 3166 4833 quid
3224 4766 3345 4820 urbi
3400 4766 3693 4822 accidisse.

2112 4848 2372 4905 Eurndem
2404 4860 2583 4905 autem
2617 4861 2834 4922 portum
2879 4855 3108 4924 magicis
3148 4857 3441 4926 prazstigiis
3485 4873 3682 4912 consc-

2111 4944 2283 4996 cravit
2312 4943 2431 5014 ipse
2459 4946 2689 5011 Conon;
2724 4945 2778 5000 in
2807 4961 2915 5016 quo
2940 4956 2995 5001 et
3028 4948 3431 5004 maritimorum
3473 4966 3694 5004 nterea--

2112 5043 2293 5089 torum
2325 5046 2486 5092 antea
2509 5036 2687 5093 forum
2715 5047 2835 5092 erat
2862 5058 2874 5093 :
2902 5037 3125 5094 Iustino
3148 5056 3282 5096 vero
3306 5041 3610 5112 imperante
3638 5042 3691 5097 in

2110 5125 2314 5183 Juliani
2347 5140 2569 5201 portum
2602 5131 2932 5183 translatum
2965 5138 3073 5186 est.

2462 5221 2540 5274 De
2572 5220 2835 5275 Basilidis
2873 5232 3052 5277 tractu
3102 5240 3165 5279 ac
3196 5225 3328 5281 uade.

2187 5309 2423 5366 Tractus
2478 5310 2736 5369 Basilidis
2770 5314 2974 5381 dictus,
3027 5316 3225 5372 domus
3262 5325 3381 5372 erat
3432 5317 3685 5376 Basilidis

2113 5401 2328 5471 patricii
2351 5410 2406 5457 et
2433 5404 2734 5474 quaestoris
2754 5403 3051 5460 Justiniani
3078 5406 3126 5461 Μ
3142 5410 3296 5479 agni.

2680 5494 2758 5548 De
2778 5495 3117 5551 Arcadianis.

2186 5586 2490 5641 Ecclesiam
2517 5586 2575 5643 S.
2607 5586 2839 5643 Joannis
2880 5590 3203 5645 Arcadiana:
3232 5601 3481 5645 vocatam
3526 5593 3693 5648 aedili-

2113 5681 2255 5735 cavit
2278 5681 2568 5747 Arcadius,
2598 5681 2691 5750 qui
2714 5696 2808 5735 sex
2838 5682 3007 5736 millia
3027 5683 3228 5738 civium
3254 5685 3319 5738 ad
3341 5686 3690 5755 obsequium,

2114 5774 2165 5829 id
2201 5786 2305 5837 est,
2331 5774 2395 5827 ad
2424 5775 2833 5843 proccssioncm
2864 5785 2985 5843 post
3015 5777 3278 5832 stationes
3306 5777 3420 5832 ﬁeri
3448 5780 3689 5844 solitam,

2115 5867 2215 5923 sibi
2294 5865 2538 5936 adlegit,
2630 5883 2834 5937 tesque
2906 5852 3247 5925 Arca'lianus
3332 5873 3689 5941 nuncupavit.
