4450 6448
418 388 555 453 Ῑῖῑῖἵ

1463 387 1815 447 ANUVYMT
1853 387 2415 461 ANTIQUITATES
2457 390 2561 451 ΕΡ.

3555 386 3691 453 1258

410 506 610 569 αὐτοὺς
648 504 830 556 ἐκεῖσε
864 498 1187 571 ἐφούλκισεν
1226 499 1445 563 αὐτούς.
1486 506 1585 552 Δια
1612 517 1770 553 τουτο
1801 501 2004 570 έκλήθη
2036 512 2078 565 Α
2113 517 2167 554 ra

1938 501 2004 570 θη
2036 512 2078 565 Α
2113 511 2258 561 rant,
2311 502 2714 559 Constantinus
2755 500 2985 573 Magnus
3046 503 3346 561 destructis
3413 507 3690 562 veteribus

408 598 469 652 τὸ
489 598 659 666 ὄνομα
688 592 782 647 τοῦ
813 594 981 648 τόπου
1008 591 1438 663 Φουλκόληστον.

2114 594 2267 646 urbis
2295 594 2561 658 aediliciis,
2600 596 2867 665 novisque
2897 594 3180 660 excitatis,
3215 598 3306 651 ubi
3353 612 3466 651 rem
3519 600 3690 652 resci-

408 689 508 752 vit,
535 689 774 741 latrones
817 686 965 754 ipsos
1021 682 1454 755 comprehensos
1501 682 1634 737 inibi
1673 685 1839 739 tui-cis
1904 684 2091 737 atizxit.
2126 683 2243 751 Qua
2301 688 2367 741 de
2400 701 2459 740 re
2525 687 2678 742 locus
2719 689 2810 743 ille
2868 699 3217 759 nuncupatus
3278 690 3381 745 fuit
3455 691 3692 775 Pbulco-

409 790 629 837 ιθειιιω.

410 877 550 945 Περὶ
603 875 678 929 τὰ
735 876 1036 944 λεγόμενα
1106 874 1409 942 Κοντάρια
1478 875 1564 935 εἰς
1634 873 1747 930 τὴν
1816 879 2007 940 ’Λγυιιι

1082 948 1344 1015 θέκλην.

483 1060 611 1113 Ὅτι
642 1059 713 1113 τὰ
756 1058 1034 1130 λεγόμενα
1078 1060 1383 1129 Κοντάρια,
1437 1061 1463 1112 6
1517 1058 1669 1125 ἅγιος
1708 1059 1979 1127 Γεωργιος

408 1155 499 1206 ὅτε
526 1148 693 1222 ἦλθεν
716 1156 742 1206 ὁ
773 1152 1031 1223 βασιλεὺς
1067 1153 1293 1225 Θρᾴκης
1324 1153 1458 1223 πρὸς
1496 1152 1764 1217 Βᾷζαντα,
1797 1154 2001 1220 ἕκούαν

408 1248 458 1299 0i
489 1246 763 1309 Βύζαντες
786 1248 849 1297 ὲκ
870 1245 979 1298 τῶν
1001 1247 1182 1298 ἐκεῖσε
1196 1245 1377 1300 τόπων
1402 1248 1683 1315 κοντάρια,
1708 1246 1801 1297 καὶ
1827 1244 1999 1304 οὕτως

407 1338 616 1407 ἐκλήθη
670 1340 697 1390 6
737 1339 901 1400 τόπος
936 1338 1239 1411 Κοντάρια.
1282 1339 1425 1393 Ὀδὲ
1463 1339 1655 1405 Μέγας
1705 1340 1996 1391 Koma-cav-

407 1431 550 1490 τίνος
598 1429 894 1499 ἀνήγειρεν
929 1431 1111 1484 ἐκεῖσε
1160 1431 1290 1483 ναὸν
1336 1430 1435 1499 τῆς
1483 1429 1772 1484 Θεοτόκου.
1837 1431 1894 1483 'U
1939 1432 1993 1483 δὲ

420 1520 709 1584 Ἰουστίνος
753 1522 781 1573 6
841 1522 1478 1591 Πρωτοκουροπαλάτης,
1522 1524 1550 1575 6
1600 1525 1739 1592 ἁνηρ
1794 1526 1995 1590 Σοφίας

406 1613 506 1682 τῆς
547 1613 748 1679 Λοὸἧς,
784 1613 864 1675 εἰς
902 1612 1101 1677 κάλλος
1155 1614 1251 1666 καὶ
1316 1614 1548 1683 μέγεθος
1594 1615 1863 1667 autem:
1906 1620 1996 1666 τὸν

406 1701 647 1755 τοιοῦτον
692 1703 840 1769 ναὸν,
893 1704 987 1757 καὶ
1043 1705 1371 1772 ἐπωνόμασε
1420 1704 1611 1756 τοῦτον
1661 1706 1761 1774 τῆς
1807 1705 1995 1771 Ἀγίας

405 1793 639 1864 Θέκλης.

406 1887 545 1955 Περὶ
576 1886 689 1955 τῆς
721 1885 920 1955 μονῆς
950 1887 1058 1960 τοῦ
1099 1887 1273 1956 ἁγίου
1303 1888 1569 1960 -Σεργίου
1614 1892 1711 1942 καὶ
1751 1890 1989 1960 Βάκχου

969 1957 1042 2010 τὰ
1082 1958 1421 2027 Ὀρμίσδου.

480 2068 604 2121 Ὀτι
635 2069 704 2122 τὰ
735 2068 1049 2139 καλούμενα
1096 2070 1413 2141 Ὀρμίσδου,
1450 2072 1616 2141 λιμὴν
1662 2070 1728 2145 ἧν
1773 2082 1991 2142 μικρὸς.

406 2154 534 2229 ένῷ
582 2164 612 2215 6
664 2163 842 2232 μέγας
907 2164 1287 2226 Ἰουστινιανὸς
1334 2165 1676 2236 ἐχρημάτισε
1738 2169 1990 2232 κοιτῶνα,

406 2258 500 2309 καὶ
528 2256 784 2326 ὠνόμασε
846 2257 1075 2326 Σέργιον
1133 2259 1228 2311 καὶ
1272 2258 1508 2328 Βάκχον.
1574 2261 1845 2321 Ὡσαύτως
1900 2264 1985 2312 καὶ

406 2349 592 2420 ἕτερον
617 2350 742 2402 ναὸν
768 2349 876 2401 τῶν
908 2349 1081 2417 ἁγίων
1119 2351 1483 2414 Ἀποστόλων,
1517 2352 1603 2403 ὅτε
1633 2356 1725 2403 τὸν
1761 2357 1989 2422 χρισμὶν

405 2440 598 2494 ελαὸεν
629 2442 887 2494 ὑποκάτω
921 2441 1027 2494 τῶν
1061 2442 1358 2511 βαθμίδων,
1388 2443 1478 2494 ὅτε
1518 2444 1613 2494 καὶ
1650 2443 1749 2509 τὴν
1776 2448 1990 2511 σφαγὴν

405 2534 484 2594 είς
531 2532 779 2585 Ἱππικὸν
816 2533 1023 2586 ἐποίει.
1069 2533 1304 2601 Ἐκλήθη
1350 2534 1407 2585 δὲ
1464 2532 1753 2585 Ἰουλιανοῦ
1800 2535 1987 2605 λιμὴν,

402 2622 487 2675 ὅτι
519 2624 547 2675 6
583 2626 777 2686 κτίσας
801 2625 984 2685 οὕτως
1015 2624 1280 2677 ἐκαλεῖτο.

864 2717 1005 2783 Περὶ
1056 2716 1164 2770 τοῦ
1201 2719 1377 2770 Bome.
1391 2736 1524 2772 νου.

473 2804 548 2859 Τὸ
581 2805 839 2859 Βούκινον
867 2807 929 2858 τὸ
971 2806 1229 2870 παλαιὸν,
1285 2808 1588 2877 σάλπιγγες
1633 2806 1773 2882 ἦσαν
1802 2815 1985 2867 ἐπάνω

400 2896 498 2950 τοῦ
521 2899 738 2967 τείχους
769 2904 786 2926 ⁵
816 2896 877 2949 16
914 2897 969 2949 δὲ
1013 2899 1193 2967 τεῖχος
1243 2899 1503 2953 ὑποκάτω
1545 2899 1613 2973 ἦν
1646 2906 1985 2974 συριγγῶδες

404 2986 629 3055 κοῦφον.
668 2987 780 3041 Καὶ
827 2987 915 3040 ὅτε
959 2983 1028 3057 ἦν
1077 2990 1229 3051 νότος
1276 2988 1309 3058 ἦ
1353 2988 1579 3060 βορρᾶς,
1623 2996 1870 3066 σφοδρῶς
1921 2999 1983 3050 ὲκ

402 3079 510 3133 τῶν
549 3079 811 3147 κυμάτων
843 3079 941 3149 τῆς
973 3077 1251 3147 Θαλάσσης
1286 3079 1729 3152 ἀποκρουούσης,
1771 3087 1983 3139 ἐκεῖθεν

401 3171 669 3239 ἁνήρχετο
713 3169 891 3239 βίαιον
941 3169 1160 3239 πνεῦμα
1201 3170 1294 3222 καὶ
1344 3167 1444 3240 ἦχε
1483 3173 1772 3241 μελῳδίαν,
1824 3178 1983 3249 δίκην

402 3261 671 3330 σειρῆνος,
704 3261 800 3313 καὶ
824 3261 1116 3328 ἀντέλεγεν
1145 3264 1171 3313 6
1201 3262 1287 3314 ἓτε
1300 3280 1389 3332 ρος
1417 3265 1624 3334 πύργος
1648 3270 1675 3320 6
1697 3269 1975 3341 ἄντικρυς.

2214 872 2290 925 De
2324 872 2441 925 loco
2470 874 2561 943 qui
2602 872 2908 943 appellatur
2961 872 3222 928 Coutaria
3249 874 3318 927 ad
3343 883 3585 928 sanctam

2762 942 3030 998 Tlteclam.

2174 1056 2353 1114 Locus
2395 1058 2654 1113 Contaria
2702 1060 2906 1126 dictus,
2959 1058 3078 1114 sive
3123 1059 3366 1117 Sanctus
3391 1059 3686 1130 Georgius.

2102 1148 2225 1200 inde
2248 1165 2443 1204 nomen
2475 1150 2710 1219 accepit,
2741 1150 2912 1219 quod,
2949 1166 3075 1205 cum
3110 1150 3360 1207 Thraciae
3387 1168 3484 1206 rex
3517 1167 3686 1222 expc.

2105 1238 2368 1292 ditionem
2417 1248 2609 1293 contra
2643 1239 2963 1311 .Byzantem
3018 1244 3383 1311 suscepisset,
3436 1243 3687 1314 Byzantii

2104 1332 2229 1385 inde
2267 1332 2453 1388 hastas
2504 1334 2837 1388 exciderint.
2886 1333 3289 1391 Constantinus
3351 1346 3530 1391 autem
3574 1352 3691 1390 ma.

2101 1440 2241 1492 gnus
2264 1425 2529 1495 templum
2566 1424 2638 1479 ibi
2672 1423 2887 1496 Virgini
2937 1426 3184 1497 Deipara:
3207 1428 3506 1491 exstruxit,
3538 1429 3685 1497 quod

2104 1526 2293 1584 postea
2330 1516 2587 1574 Justinus
2619 1518 3166 1591 Protocuropalates,
3204 1520 3407 1591 conjux
3468 1520 3687 1590 Sepliia:

2101 1605 2279 1663 Lobes
2310 1610 2593 1679 ampliavit
2644 1613 3062 1684 exornavitque,
3119 1629 3185 1668 ac
3217 1612 3434 1669 Sanctae
3465 1612 3687 1668 Theclzn

2100 1698 2471 1767 appellatione
2501 1700 2751 1756 donavit.

2208 1880 2289 1934 De
2311 1884 2635 1938 monasterio
2664 1882 2932 1958 S.__Sergii
2958 1894 3007 1958 et
3043 1885 3236 1939 Bacchi
3264 1889 3579 1958 cognomine

2725 1953 3053 2008 Hormisdaz.

2174 2067 2349 2123 Locus
2385 2069 2566 2125 dictus
2602 2070 2929 2137 llormisdze,
2966 2087 3174 2142 parvus
3214 2082 3334 2128 erat
3374 2084 3588 2146 portus,
3624 2077 3679 2130 in

2096 2172 2207 2227 quo
2249 2157 2603 2216 Justinianus
2653 2177 2887 2232 magnus
2937 2167 3341 2221 monasterium
3402 2168 3680 2222 exstruxit

2100 2254 2318 2306 nomine
2369 2252 2545 2321 Sergii
2595 2262 2648 2308 et
2701 2252 2933 2322 Bacchi;
2989 2264 3043 2310 et
3114 2259 3380 2328 templum
3469 2260 3681 2330 pariter

2097 2339 2192 2392 SS.
2230 2342 2621 2409 apostolorum,
2652 2358 2718 2397 eo
2769 2345 2915 2415 quod
2963 2346 3163 2401 ibidem
3220 2350 3414 2405 subter
3464 2352 3671 2422 gradus

2097 2432 2359 2486 irmnctus
2393 2432 2517 2501 fuit,
2546 2450 2672 2488 eum
2698 2447 2936 2505 stragem
2963 2438 3017 2490 in
3067 2438 3444 2509 l‘lippodromo
3473 2443 3681 2497 edidis-

2094 2534 2195 2575 set.
2226 2523 2494 2579 Praeterea
2546 2528 2852 2596 appellatus
2908 2529 3009 2584 fuit
3034 2529 3240 2588 Juliani
3276 2544 3503 2604 portus,
3533 2553 3675 2607 quo-

2096 2615 2237 2667 niam
2273 2618 2352 2671 sic
2378 2618 2500 2687 ejus
2525 2620 2783 2674 conditor
2814 2634 3191 2693 uuncupatur.

2512 2711 2588 2765 De
2621 2712 2735 2767 loco
2762 2715 2907 2770 dicto
2934 2714 3247 2773 Buccinum.

2166 2804 2220 2853 In
2259 2804 2377 2855 loco
2420 2814 2738 2874 nuncupato
2790 2806 3115 2875 Buccinum,
3148 2812 3276 2866 olim
3336 2830 3502 2882 supra
3552 2832 3673 2871 mu-

2093 2907 2211 2944 t‘utn
2246 2894 2491 2949 buccina:
2520 2898 2907 2963 exstabant,et
2940 2904 3081 2955 muri
3114 2903 3223 2958 ima
3253 2920 3382 2974 pars
3414 2908 3667 2963 adiustar

2090 2984 2284 3038 ﬁstula:
2312 3001 2550 3041 concava
2584 2999 2722 3042 erat.
2762 2990 2899 3044 Cum
2935 3006 3065 3047 vero
3116 3004 3317 3051 auster
3350 2999 3437 3053 vel
3474 3002 3670 3055 boreas

2088 3074 2467 3132 vehementius
2518 3077 2695 3143 ﬂaret,
2752 3096 2817 3135 ex
2878 3083 3137 3140 ﬂuetibus
3181 3088 3352 3142 maris
3395 3105 3461 3145 eo
3489 3094 3669 3147 allisis

2089 3164 2316 3228 spiritus
2374 3166 2665 3221 vehemens
2733 3171 3087 3233 ascendebat,
3151 3191 3214 3229 ae
3244 3178 3445 3235 sirenis
3493 3183 3669 3238 instar

2088 3254 2283 3307 edebat
2344 3269 2706 3322 concentum,
2763 3265 3175 3336 resonabatque
3222 3273 3431 3339 pariter
3493 3278 3664 3335 altera

403 3321 559 3403 ’Ὁτε-
596 3321 666 3403 δέ.
704 3352 864 3421 ἤθελε
920 3321 1143 3421 κινησαι
1216 3321 1553 3423 Ῥωμαϊκὸς.
1592 3321 1981 3424 61610516;
2009 3321 2051 3377 c
2088 3355 2160 3398 ¹¹¹¹

1908 3321 1981 3418 (gi
2009 3321 2051 3377 (ἶ
2088 3346 2255 3400 turris
2288 3350 2561 3414 opposita.
2589 3351 2726 3404 Cum
2763 3369 2891 3409 vero
2922 3356 3108 3427 aliquo
3152 3363 3470 3430 profectura
3517 3384 3665 3426 esset

398 3440 739 3510 ἡθροίζοντο,
778 3443 875 3495 καὶ
899 3444 1043 3495 κατᾶ
1075 3443 1167 3496 τὸν
1196 3439 1328 3514 ἦχον
1355 3446 1463 3498 τῶν
1497 3445 1723 3516 πύργων
1757 3452 1979 3507 ἐσάλπι-

398 3530 491 3593 ζον
517 3532 574 3585 al
605 3531 753 3602 νῆες,
795 3534 893 3587 καὶ
920 3534 1157 3588 ἐκίνουν.

677 3710 817 3777 Περὶ
870 3709 982 3777 τῆς
1033 3713 1260 3780 Σοφίας
1294 3715 1402 3767 τὸν
1446 3716 1687 3785 λιμένα.

464 3799 567 3851 Τὸν
615 3798 813 3869 λιμένα
864 3801 966 3871 τῆς
1013 3803 1213 3871 Σοφίας
1280 3805 1569 3870 Ἰουστῖνος
1618 3809 1833 3864 ἔκτισεν
1894 3824 1971 3875 εις

394 3888 687 3958 πρόσωπον
728 3893 827 3962 τῆς
867 3896 1126 3960 γυναικὸς
1160 3896 1329 3949 αὐτοῦ
1364 3898 1584 3967 Σοφίας.
1619 3900 1733 3970 Πρὸ
1775 3903 1831 3953 δὲ
1877 3904 1970 3955 τοῦ

391 3980 680 4048 κτισθῆναι
736 3982 829 4035 τὸν
891 3983 1089 4053 λιμένα
1134 3986 1349 4056 ὑπῆρχε
1399 3991 1528 4043 στοὰ
1578 3996 1969 4065 καμαροειδης,

390 4071 457 4140 ἦν
498 4070 712 4126 ἔκτισεν
763 4076 792 4128 6
834 4076 1023 4144 Μέγας
1056 4078 1489 4145 Κωνσταντῖνος,
1520 4084 1616 4135 καὶ¹
1671 4085 1969 4157 ἁνήρχοντο

388 4164 436 4215 οἱ
466 4166 768 4235 φιλόσοφοι,
799 4169 936 4222 οἵτε
967 4170 1197 4239 Θηϐαῖοι
1220 4174 1315 4225 καὶ
1358 4173 1658 4245 Ἀθηναῖοι,
1686 4180 1778 4231 καὶ
1802 4180 1967 4232 διελέ-

386 4272 545 4323 γοντο
583 4260 719 4326 μετὰ
764 4261 873 4311 τῶν
904 4260 1141 4314 πολιτῶν
1183 4264 1488 4333 φιλοσόφων
1525 4284 1539 4296 ·
1577 4271 1671 4320 καὶ
1705 4270 1959 4338 διὴρκεσε

383 4346 542 4399 τοῦτο
587 4348 749 4418 μέχρι
790 4349 885 4402 τοῦ
958 4353 1272 4419 Ἰουστίνου,
1330 4358 1425 4407 καὶ
1487 4357 1718 4410 πάντοτε
1768 4368 1960 4415 ὲνικων

381 4434 432 4485 0!
465 4433 693 4490 δυτικοί.
748 4436 872 4490 Ἐπὶ
900 4438 956 4492 δὲ
990 4439 1275 4495 Ἰουστίνου
1305 4443 1659 4514 ἡττηθέντες,
1701 4448 1957 4503 οὐδέποτε

381 4524 614 4593 ἀνῆλθον
670 4526 834 4598 μέχρι
886 4530 988 4599 τῆς
1039 4533 1302 4602 σήμερον.
1356 4536 1588 4591 Ἔκτοτε
1640 4538 1957 4595 διελθόντων
1991 4563 2035 4617 ι)

379 4613 610 4683 χρόνων,
637 4617 853 4685 ἐγένετο
876 4620 1077 4687 Σοφίαν
1111 4623 1212 4694 τὴν
1242 4626 1563 4694 Αὑγούσταν
1589 4630 1842 4685 ἵστασθαι
1874 4638 1952 4697 είς

373 4707 470 4758 τὸν
495 4707 720 4775 ἡλιακὸν
746 4710 841 4763 τοῦ
869 4713 1159 4781 παλατίου,
1191 4717 1284 4770 καὶ
1310 4718 1498 4788 ὁρῶσα
1528 4721 1596 4775 τὰ
1627 4724 1786 4777 πλοῖα
1825 4730 1921 4777 κλυ

372 4798 710 4871 δωνιζόμενα
738 4804 797 4856 ἐν
821 4808 888 4877 τῇ
923 4806 1167 4879 θαλάσσῃ
1204 4812 1297 4862 καὶ
1344 4813 1807 4884 σπλαγχνισθεῖσα
1846 4820 1942 4889 ἦρι

373 4888 503 4954 ξατο
545 4892 858 4963 ὀδύρεσθαι,
907 4899 1005 4951 καὶ
1044 4900 1423 4969 προσελθοῦσα
1461 4906 1542 4968 είς
1586 4907 1678 4961 τὸν
1718 4888 1945 4977 βασιλέα

2084 3436 2326 3491 Romana
2354 3441 2572 3506 classis,
2611 3442 2741 3499 illuc
2774 3450 3237 3520 congregabatur,
3262 3464 3317 3510 et
3344 3457 3504 3526 juxta
3538 3469 3661 3517 tur-

2084 3529 2221 3581 rium
2283 3547 2479 3586 sonum
2526 3535 2581 3588 in
2646 3538 2878 3595 navibus
2911 3556 3135 3613 quoque
3167 3547 3300 3601 tuba
3330 3554 3659 3625 canebatur,

2081 3631 2243 3688 atque
2275 3624 2347 3676 ita
2380 3626 2789 3685 discedebatur.

2560 3723 2637 3777 De
2666 3737 2821 3793 portu
2868 3729 3159 3800 Sophiano.

2150 3808 2373 3865 Portum
2410 3813 2751 3883 Sophianum
2785 3822 3037 3880 condidit
3088 3827 3351 3889 Justinus
3397 3839 3656 3910 conjugis

2076 3917 2190 3955 sure
2222 3904 2439 3972 Sephia:
2472 3910 2710 3963 nomine.
2749 3911 3059 3984 Antequam
3118 3938 3249 3979 vero
3296 3904 3519 3996 portum
3552 3904 3654 3990 ex-

2076 3998 2388 4060 Struxisset,
2446 4011 2561 4054 erat
2611 4004 2683 4057 ibi
2724 4004 2937 4065 fornice
2979 4012 3250 4072 instructa
3321 4026 3571 4092 porticus
3620 4047 3649 4083 a

2073 4087 2436 4146 Constantino
2468 4092 2664 4165 Magno
2692 4101 2988 4171 aediﬁcata,
3027 4109 3082 4162 in
3127 4126 3292 4180 quam
3321 4087 3648 4193 philosophi

2069 4275 2454 4331 «inserendum
2500 4296 2625 4334 cum
2684 4286 3032 4355 philosophis
3079 4294 3646 4375 Constantinopolita-

2070 4374 2189 4419 nis;
2224 4373 2366 4436 quod
2407 4389 2580 4441 usque
2614 4378 2681 4430 ad
2726 4378 2930 4436 Justini
2984 4394 3230 4457 tempora
3285 4373 3489 4453 factum
3534 4416 3641 4469 εει,

2067 4476 2282 4527 semper
2353 4468 2638 4522 vit-loriam
2705 4477 3117 4541 reportantibus
3174 4468 3637 4562 occidentalibus,

2067 4551 2156 4616 qui
2188 4553 2355 4604 semel
2386 4554 2489 4607 sub
2532 4554 2751 4614 Justino
2802 4564 2952 4631 victi,
2979 4583 3264 4637 nunquam
3322 4591 3508 4647 postea
3570 4551 3638 4643 ad

2062 4640 2385 4697 hodiemum
2455 4663 2628 4717 usque
2681 4650 2825 4708 diem
2895 4663 3101 4717 reversi
3151 4640 3634 4734 sonu-Ceterum

2059 4734 2264 4801 aliquot
2307 4736 2611 4805 interjeetis
2658 4744 2819 4798 annis
2868 4748 3091 4818 accidit,
3145 4765 3203 4808 ut
3234 4767 3390 4817 stans
3431 4763 3633 4837 Sophia

2054 4827 2301 4894 Augusta
2332 4830 2382 4881 in
2412 4830 2617 4885 solario
2654 4836 2864 4902 palatii,
2919 4856 3085 4898 naves
3115 4846 3329 4905 videret
3380 4855 3434 4909 in
3491 4827 3629 4915 mari

2053 4914 2312 4972 ﬂuctilms
2351 4920 2569 4983 agitari.
2624 4925 2805 4990 Quare
2855 4933 3340 4996 commiseratione
3383 4959 3625 5014 permota

2054 5011 2338 5065 lamentari
2383 5017 2570 5082 cmpit,
2603 5021 2984 5092 accedensque
3009 5027 3076 5080 ad
3111 5011 3404 5105 conjugem
3447 5041 3623 5111 impe-

2052 5110 2338 5165 ratorem,
2412 5109 2646 5176 rogavit,
2706 5109 2862 5166 daret
2915 5115 3022 5169 sibi
3085 5126 3450 5181 necessariam
3504 5109 3621 5187 auri

2047 5196 2260 5259 copiam
2296 5197 2361 5249 ad
2391 5200 2824 5256 construendum
2857 5217 3100 5274 portum.
3154 5210 3457 5284 Imperator
3501 5223 3624 5292 ejus

2046 5287 2294 5351 petitioni
2325 5292 2536 5352 annuit,
2573 5299 2627 5343 et
2665 5291 2856 5350 Narsa:
2900 5300 3130 5365 patricio
3152 5314 3207 5359 et
3231 5287 3621 5379 pmpositovac

2043 5376 2230 5431 Troilo
2265 5381 2689 5447 prolovestiario
2720 5401 2823 5441 suo
2854 5398 3042 5457 portus
3075 5376 3392 5453 exstruendi
3417 5417 3618 5460 munus

2043 5469 2302 5535 injunxit,
2334 5473 2428 5539 qui
2463 5473 2623 5527 ducta
2656 5474 2861 5546 ingenti
2888 5477 3035 5536 fossa
3062 5493 3278 5551 portum
3298 5492 3613 5550 condidere.

2040 5561 2249 5613 Idcirco
2288 5564 2394 5617 tale
2433 5580 2631 5620 nomen
2674 5571 2907 5639 accepit.
2933 5573 2992 5625 In
3030 5577 3210 5632 medio
3239 5589 3424 5637 autem
3453 5596 3609 5654 portu

2036 5665 2274 5718 quatuor
2309 5664 2520 5711 statuas
2554 5659 2773 5713 totidem
2808 5663 3079 5722 columnis
3104 5669 3392 5739 impositas
3415 5678 3611 5743 erexit,

2038 5745 2291 5800 videlicet
2317 5748 2533 5817 Sophia:
2566 5758 2824 5814 statuam,
2856 5755 3071 5812 Arabiae
3104 5761 3228 5816 tilia:
3265 5779 3398 5828 suae,
3431 5782 3607 5833 suam,

351 5809 530 5864 ἐκεῖσε
583 5819 1040 5887 παρισταμένουο
1089 5824 1149 5889 ἐξ
1203 5817 1278 5877 ὧν
1331 5828 1383 5876 αἱ
1428 5827 1520 5880 δύο
1573 5809 1928 5904 ἀφῃρέθησαν
2032 5848 2085 5893 et

2395 5809 2408 5817 _
2813 5809 2822 5814 ,
3106 5809 3227 5816 -__._
3265 5809 3398 5828 --.η
3431 5809 3604 5833 -.......,

1847 5852 1928 5887 ταν
2032 5848 2085 5893 et
2139 5841 2323 5897 \‘arsac
2359 5848 2597 5913 praetecti
2629 5855 2942 5907 structura.
2995 5853 3196 5910 Earum
3224 5858 3348 5917 dua:
3376 5862 3604 5920 sublata-

712 5916 987 5980 Pyrum...
1017 5922 1132 5982 Gn.
1175 5921 1403 5986 CXXII.
3160 5952 3232 6014 ξιτ)

369 4980 462 5033 τὸν
494 4981 667 5052 ἄνδρα
694 4986 885 5056 αὐτῆς,
911 4989 1005 5041 καὶ
1036 4991 1313 5046 ἱκέτευσεν
1335 4995 1496 5048 αὐτὸν
1519 4998 1665 5061 ὅπως
1688 5004 1945 5076 παράσχῃ

368 5073 507 5143 αὐτῇ
549 5076 776 5143 χρυσίον
817 5080 999 5133 ἱκανὸν
1033 5083 1113 5146 είς
1172 5084 1233 5136 τὸ
1280 5087 1507 5157 ποιῆσαι
1557 5089 1755 5160 λιμένα
1782 5110 1795 5122 ⁸
1849 5073 1942 5145 καί

363 5166 811 5237 ἐπικαμφθέντος
832 5176 897 5243 τῇ
914 5174 1119 5244 ταύτης
1141 5179 1381 5248 αἰτήσει,
1405 5183 1707 5251 προσέταξε
1724 5185 1934 5257 Ναρσῇ.

358 5259 439 5324 τῷ
470 5264 746 5335 πατρικίῳ
780 5266 875 5319 καὶ
907 5269 1281 5340 πραιποσίτῳ,
1316 5273 1407 5325 καὶ
1444 5275 1693 5348 Τρωϊλῳ,
1730 5297 1927 5350 πρωτο-

360 5348 661 5423 6εστιαρίῳ
684 5355 875 5423 αὐτοῦ,
907 5358 1092 5412 κτίσαι
1126 5361 1219 5414 τὸν
1252 5361 1445 5431 λιμένα
1475 5381 1489 5395 ⁸
1512 5367 1564 5419 οἳ
1591 5368 1688 5422 καὶ
1718 5348 1935 5439 βόθυνον

361 5443 537 5512 μέγαν
566 5447 863 5517 ὀρύξαντες
897 5454 1325 5525 ἀνῳκοδόμησαν
1351 5457 1559 5511 τοῦτον.
1596 5460 1687 5515 Διὸ
1722 5464 1813 5516 καὶ
1839 5467 1933 5533 τὴν

355 5542 731 5611 προσηγορίαν
754 5543 965 5615 εἴληφε.
1000 5547 1182 5601 Μέσον
1212 5548 1268 5601 δὲ
1307 5549 1401 5604 τοῦ
1434 5552 1651 5620 λιμένος
1673 5556 1927 5627 ἀνήγειρε

356 5629 556 5698 στήλας
590 5630 651 5697 6',
681 5635 869 5689 ἐπάνω
897 5638 1006 5691 τῶν
1036 5637 1076 5690 δ’
1113 5641 1333 5706 κιόνων,
1392 5643 1595 5714 Σοφίας
1632 5649 1725 5699 καὶ
1770 5651 1926 5719 Ἀρα-

354 5716 478 5782 ϐίας
508 5721 609 5792 τῆς
660 5724 888 5795 ἀνεψιᾶς
920 5729 1107 5793 αὐτοῦ,
1152 5733 1440 5787 Ἰουστίνου
1474 5739 1568 5790 καὶ
1608 5740 1799 5811 Ναρσῆ
1842 5746 1925 5793 to;
