4450 6448
403 382 542 451 1269

734 495 868 562 Περὶ
901 494 1000 547 τοῦ
1058 497 1253 566 Ἀγίου
1306 492 1624 554 Marem“.

467 586 574 639 Τὸν
597 585 653 638 δὲ
688 585 881 653 Ἀγιον
918 588 1198 648 Μανουὴλ,
1227 585 1399 636 Σαῆὲλ
1431 586 1523 636 καὶ
1568 584 1813 655 Ἰσμαὴλ,
1845 582 1984 652 μετὰ

396 679 460 731 τὸ
491 679 767 748 καυθῆναι
799 680 991 739 αὐτοὺ,
1063 696 1146 729 εττ-
1187 677 1478 731 “ῐουλ.ιανοῦ
1518 677 1614 730 τοῦ
1649 678 1982 748 ιΙαραϐἀτου

397 771 490 822 ἐπὶ
519 769 614 823 τοῦ
651 771 912 839 χερσαίου
940 787 1182 838 τείχους,
1223 774 1249 821 ὁ
1273 772 1464 836 Μέγας
1523 768 1806 830 Θεοδόσιος
1839 768 1977 838 ἁνή-

397 878 572 932 γειρε,
603 865 697 914 καὶ
730 863 797 916 τὰ
831 863 1058 932 σώματα
1090 860 1266 913 πυλῶν
1309 864 1424 914 ἐκεῖ
1463 860 1640 912 ἔθετο.

755 956 900 1023 Περὶ
931 955 1048 1008 τῶν
1099 956 1304 1014 Ἀγέων
1330 956 1653 1017 Αοταρνῗων.

475 1046 615 1109 Τοὺς
643 1047 701 1100 δὲ
738 1048 960 1115 Ἀγίους
1006 1046 1312 1112 Νοταρίους
1376 1047 1404 1096 ὁ
1457 1044 1649 1111 Μέγας
1706 1043 1989 1108 Θεοδόσιος

401 1140 802 1213 ἁνήγιιρε,καὶ
834 1141 904 1194 τὰ
937 1138 1168 1209 σώματα
1199 1140 1377 1190 αὐτῶν
1409 1141 1588 1189 ἐκεῖσε
1623 1136 1794 1190 ἔθετο.

1473 382 1815 446 ΛΝΟΝΥΜΙ
1861 382 2425 453 ANTIQUITATES
2463 383 2573 443 CP.

3531 376 3678 440 12⁸10

2578 491 2653 546 De
2691 490 2904 546 Sancto
2922 487 3167 545 Manuele

2164 585 2450 656 Templum
2479 583 2578 640 SS.
2605 585 2842 651 Mztnuel,
2869 584 3033 641 Sabel
3064 595 3116 639 et
3141 582 3359 648 lstnael,
3383 589 3672 652 postquam

2092 677 2192 746 ipsi
2233 695 2260 731 a
2291 679 2508 734 Juliano
2535 682 2794 750 Aposfata
2819 680 2942 748 igne
2966 677 3189 732 cremati
3216 683 3345 731 sunt
3367 673 3672 728 ad'murum

2090 778 2428 834 terrestrem,
2450 771 2697 826 condidit
2715 769 2906 825 eodem
2927 771 3050 824 loco
3063 766 3409 821 Theodosius
3424 763 3676 837 Magnus,

2088 877 2391 931 eorumque
2413 877 2643 932 corpora
2677 861 2752 915 ibi
2786 861 3064 928 deposuit.
3196 871 3198 873 ’

2447 953 2525 1008 De
2556 954 2778 1009 ecclesia
2805 950 2906 1008 SS.
2943 949 3324 1006 Notariorum.

2164 1046 2463 1103 Ecclesiam
2499 1045 2602 1101 SS.
2628 1045 2983 1100 Notariorum
3015 1041 3287 1098 exstruxit
3325 1035 3677 1096 Theodosius

2090 1138 2339 1212 Magnus,
2374 1140 2692 1209 ibidemque
2720 1152 2910 1193 eorum
2938 1133 3476 1206 corpora'deposuit.

1053 1256 1128 1311 De
1174 1256 1392 1311 ecclesia
1436 1255 1678 1325 Deipara:
1707 1257 1761 1309 in
1806 1255 2042 1325 Sigmate
2089 1275 2120 1312 a
2159 1258 2515 1313 Constantino
2560 1257 2757 1330 Magno
2799 1258 3040 1312 condita.

474 1375 588 1430 Kal.
612 1375 712 1444 τὴν
741 1374 1027 1441 Θεοτόκον,
1061 1375 1160 1446 τὴν
1201 1375 1276 1436 είς
1333 1376 1389 1424 τὸ
1455 1375 1659 1442 Σίγμα,
1722 1375 1750 1426 ὁ
1802 1374 1994 1441 Μέγας

410 1470 822 1530 Κωνσταντῖνος
851 1469 1145 1536 ἀνήγειρεν
1191 1485 1202 1496 ·
1239 1463 1354 1517 εἶτα
1385 1465 1442 1518 δὲ
1477 1465 1502 1515 ὁ
1533 1465 1720 1532 Μέγας
1775 1456 1993 1518 Ἰουστι-

404 1563 586 1625 νιανὶς
623 1562 896 1615 ἀνέκτισε.
934 1561 1088 1616 Μετὰ
1151 1561 1206 1614 δὲ
1274 1560 1392 1628 τκη⁹
1457 1560 1550 1626 ἔτη
1613 1559 1836 1628 σεισμοῦ
1896 1577 1991 1626 γε-

407 1654 636 1719 γονότος
679 1652 936 1722 φοϐεροῦ,
990 1654 1082 1705 ἐπὶ
1174 1655 1271 1719 τῆς
1342 1652 1617 1720 βασιλείας
1683 1651 1990 1716 Βασιλείου,

410 1746 549 1814 μετὰ
579 1746 638 1800 τὸ
670 1747 882 1798 ἀνελεῖν
923 1747 1014 1799 τὸν
1042 1746 1282 1815 Μιχαὴλ,
1330 1743 1651 1814 συνεπτώθη
1706 1747 1733 1797 ὁ
1775 1745 1901 1808 ναὸς
1933 1748 1990 1799 ἐν

407 1838 594 1908 ἡμέρα
621 1841 904 1910 Κυριακῇ,
937 1839 1030 1892 τοῦ
1059 1839 1216 1906 ἁγίου
1252 1839 1620 1903 Πολυεύκτου,
1658 1840 1754 1892 καὶ
1789 1840 1991 1902 τοὺςὲν

407 1931 558 1999 αὑτῷ
627 1932 836 1996 πάντας
913 1931 1213 2004 διέφθειρε.
1285 1931 1393 1984 Καὶ
1450 1934 1559 1984 ἀπὸ
1607 1931 1730 1984 τότε
1782 1931 1992 2003 ἐκλήθη

410 2027 616 2096 Σίγμα.

584 2117 726 2186 Περὶ
757 2116 879 2170 τῶν
908 2117 981 2169 τὰ
1015 2115 1378 2170 ιιάνικλείου
1403 2114 1810 2184 καλουμένων.

479 2211 561 2264 Τὰ
585 2209 939 2270 Κανικλείου,
982 2203 1133 2270 οἶκος
1194 2202 1261 2276 ἦν
1294 2206 1619 2259 Θεοκτίστου
1687 2207 1992 2279 μαγίστρου

411 2307 505 2359 καὶ
540 2305 634 2357 ἐπὶ
661 2303 757 2356 τοῦ
787 2301 1136 2364 Κανικλείου,
1169 2300 1264 2353 τοῦ
1299 2303 1598 2368 σφαγέντοξ
1628 2301 1779 2370 παρά
1813 2301 1994 2371 Βάρδα

411 2397 716 2467 Καίσαρος,
750 2394 896 2448 θείου
923 2394 1016 2496 to?
1051 2394 1298 2464 Μιχαὴλ.

2176 1376 2478 1431 Ecclesiam
2511 1375 2751 1444 Deipara:
2784 1373 2838 1428 in
2871 1373 3115 1442 Sigmate
3141 1367 3546 1426 Constantinus
3571 1363 3688 1418 Ma.-

2099 1484 2241 1540 gnus
2270 1469 2515 1524 condidit
2543 1485 2559 1534 ;
2592 1468 2790 1522 deinde
2821 1465 3177 1522 Justininnus
3202 1463 3428 1532 Magnus
3452 1459 3686 1515 1·οωὶίὶ-

2098 1564 2263 1618 cavit.
2292 1563 2421 1618 Post
2445 1577 2621 1617 annos
2650 1577 2778 1615 vero
2805 1567 3087 1616 trecentos
3114 1557 3304 1627 viginti
3325 1567 3474 1618 octo.
3508 1555 3684 1622 impe-

2095 1664 2250 1710 rante
2272 1656 2479 1711 Basilio
2499 1697 2513 1722 ,
2537 1655 2722 1711 occiso
2744 1652 2856 1720 jam
2906 1651 3172 1707 Michaele
3199 1690 3212 1714 ,
3242 1648 3472 1703 terribili
3526 1657 3686 1703 terra:

2097 1756 2244 1802 motu
2279 1749 2678 1818 hoc‘templum
2717 1746 3020 1814 collapsum
3077 1753 3159 1799 est
3193 1785 3207 1808 ,
3239 1742 3330 1797 die
3378 1740 3684 1802 Dominica,

2098 1824 2220 1912 quae
2260 1851 2379 1898 erat
2410 1844 2470 1897 S.
2501 1843 2797 1913 Polyeueto
2829 1855 2982 1896 sacra
3011 1856 3025 1904 ;
3082 1853 3147 1893 ac
3196 1850 3391 1892 omnes
3415 1843 3686 1904 quotquot

2101 1938 2153 1989 in
2181 1951 2246 1991 eo
2271 1945 2449 2003 erant,
2498 1936 2753 2006 oppressi
2781 1934 2959 1990 luere.
2980 1931 3046 1986 Et
3072 1930 3330 2000 deinceps
3354 1927 3684 2000 appellatum

2098 2027 2201 2084 fuit
2233 2018 2441 2099 Sigma'.

2595 2122 2668 2176 De
2719 2130 2894 2174 tractu
2936 2117 3196 2174 Caniclei.

2171 2215 2404 2271 Tractus
2431 2213 2696 2277 Caniclei,
2734 2215 2934 2269 domus
2983 2218 3102 2267 erat
3149 2204 3449 2264 Tthrtisti
3512 2215 3685 2270 magi-

2103 2310 2206 2363 stri
2269 2319 2324 2364 et
2356 2307 2598 2375 praefecti
2629 2307 2893 2371 Caniclei,
2922 2304 3015 2375 qui
3049 2301 3376 2358 interiectus
3397 2296 3500 2352 fuit
3526 2295 3682 2366 jussu

2101 2399 2293 2456 Barda:
2328 2402 2584 2464 Caesaris,
2612 2399 2893 2454 Michaelis
2917 2395 3198 2452 avunculi.

1291 2508 1367 2564 De
1405 2511 1723 2564 monasterio
1753 2507 2124 2581 Eupltrosyttae
2151 2518 2526 2584 cognominata
2545 2516 2795 2570 Libadia.

487 2629 609 2679 Ὅτι
637 2629 669 2692 ή
693 2625 830 2696 μονὴ
859 2627 890 2693 ή
922 2625 1194 2695 λεγομένη
1218 2625 1321 2694 τῆς
1353 2625 1712 2695 Εὑφροσύνης
1760 2626 1829 2678 τὰ
1885 2626 1982 2677 Λι-

413 2720 573 2774 ϐάδιπι
608 2719 832 2786 ἐκτίσθη
869 2718 1021 2787 παρὰ
1056 2719 1293 2789 Εἰρήνης
1332 2719 1431 2788 τῆς
1474 2714 1785 2784 Ἀθηναίας,
1825 2718 1998 2789 μικρὰ

413 2817 508 2865 καὶ
535 2812 788 2880 πενιχρά.
839 2811 898 2864 Ὀ
927 2812 983 2864 δὲ
1016 2812 1240 2882 Μιχαὴλ
1265 2812 1294 2864 ὁ
1323 2812 1438 2874 υἱὸς
1469 2811 1731 2880 Θεοφίλου
1791 2813 1870 2874 εἰς
1901 2811 1992 2881 ἔχε

2169 2632 2560 2688 Monasterium
2587 2634 2962 2704 Euphrosyna:
2982 2629 3312 2702 cognozrine
3337 2625 3588 2692 Libadin,
3620 2624 3688 2675 ab

2097 2721 2250 2778 lrene
2277 2725 2454 2779 Attica
2483 2726 2738 2796 esiguutu
2773 2725 2932 2779 valde
2954 2735 3006 2780 et
3026 2721 3437 2794 pauperrimum
3465 2725 3688 2772 exstru-

2096 2827 2242 2870 ctum
2282 2817 2403 2870 luit.
2436 2818 2633 2872 Postea
2666 2832 2797 2872 vero
2845 2817 2932 2871 ubi
2978 2815 3229 2879 Michael,
3279 2810 3569 2881 TheOphiIi
3625 2809 3689 2862 li-

417 2903 554 2975 θραν
594 2903 766 2956 ἐλθὼν
821 2903 962 2974 μετὰ
1007 2904 1106 2972 τῆς
1175 2902 1382 2973 μητρὸς
1440 2903 1626 2965 αὑτοῦ,
1684 2905 1998 2972 κατήγαγεν
2092 2909 2170 2961 lin

1929 2921 1998 2956 ἐν
2092 2909 2244 2970 lius,
2278 2922 2405 2963 cum
2457 2916 2633 2963 matre
2675 2923 2773 2962 sua
2842 2907 3179 2962 simultatem
3239 2904 3440 2959 habere
3478 2900 3686 2971 etrapit,

415 2999 587 3069 αὑτήν
607 3016 666 3051 τε
695 2999 790 3050 καὶ
815 2997 912 3068 τὴν
944 2996 1184 3066 ἀδελφὴν
1233 2996 1402 3049 αὐτοῦ
1434 2999 1498 3049 ὲκ
1548 2996 1642 3048 τοῦ
1707 2997 1994 3059 παλατίου,

416 3087 511 3139 καὶ
537 3086 835 3154 εἰσήγαγεν
863 3086 1064 3149 ἐκεῖσε,
1093 3084 1188 3136 καὶ
1211 3085 1472 3152 ἀπέκειρε
1506 3085 1731 3144 ταύτας,
1764 3085 1998 3152 τελουτὴ-

2098 3009 2325 3055 malrem
2359 3013 2410 3057 et
2450 3017 2695 3056 sororem
2731 3017 2884 3057 suam
2922 3016 2952 3055 e
2986 3000 3187 3069 palatio
3220 2997 3428 3068 eiectas
3453 3035 3468 3060 ,
3498 2995 3553 3049 in
3587 2995 3690 3047 hoc

2107 3098 2505 3150 monasterium
2543 3095 2798 3149 detonsas
2833 3094 3058 3148 inclusit
3082 3111 3097 3156 ς
3122 3091 3459 3147 monasterio
3480 3102 3693 3159 posses-

419 3195 519 3241 σας
559 3176 658 3244 τὴν
682 3175 852 3246 μονὴν
879 3176 988 3230 ἀπό
1019 3194 1076 3228 τε
1113 3178 1411 3246 κτημάτων
1447 3177 1542 3227 καὶ
1602 3176 1822 3228 λοιπῶν.
1867 3176 2001 3228 ’Λπδ
2028 3184 2070 3242 c
2106 3187 2176 3241 εί(

1936 3176 2001 3228 πδ
2028 3184 2070 3242 C
2106 3187 2356 3241 sionibus
2393 3201 2456 3239 ac
2488 3185 2714 3256 reliquis
2741 3187 3000 3243 omnibus
3053 3185 3251 3240 ditato.
3300 3181 3570 3238 Caeterum
3622 3180 3693 3234 ab

417 3271 473 3323 δὲ
511 3273 608 3340 τῆς
641 3270 878 3340 ἀδελφῆς
905 3269 1074 3323 αὐτοῦ
1103 3268 1459 3339 Εὐφροσύνης
1523 3267 1732 3338 ἐκλήθη
1770 3269 1940 3332 οὕτως
1963 3271 1996 3339 ἡ

425 3364 562 3432 μονή
573 3404 587 3419 .

858 3455 1001 3524 Περὶ
1021 3455 1128 3510 τοῦ
1159 3455 1498 3513 Ξυλινίτου.

492 3548 598 3600 Τοῦ
633 3546 910 3601 Ξυλινίτου
938 3548 1038 3619 τὴν
1078 3549 1245 3620 μονήν
1297 3549 1480 3604 ἔκτισε
1527 3551 1768 3620 Νικήτας
1833 3550 1999 3618 μάγι-

424 3655 584 3709 στρος
610 3641 666 3692 ὲν
690 3643 801 3703 τοῖς
827 3640 1046 3710 χρόνοις
1103 3641 1334 3705 Λέοντος
1373 3642 1468 3696 τοῦ
1510 3641 1868 3713 Συρογενοῦς,
1905 3641 1997 3694 τοῦ

424 3731 631 3800 πατρὸς
695 3731 1010 3784 Καθαλίνου
1063 3733 1505 3786 Κωνσταντίνου.
1561 3734 1621 3785 '0
1666 3732 1826 3794 αὐτὸς
1872 3732 1927 3784 δὲ
1975 3735 2003 3784 ὁ

424 3819 708 3893 Ξυλινίτης
737 3824 1150 3895 ἁπεκειραλίσθη
1181 3827 1260 3889 εἰς
1292 3823 1382 3878 τὸν
1405 3825 1678 3895 Σφενδόνα
1708 3825 1858 3895 παρὰ
1903 3823 2000 3878 τοῦ

424 3916 590 3971 αὐτοῦ
626 3917 854 3980 Λέοντος
879 3917 947 3970 δι’
976 3919 1294 3989 ἐπιϐουλῆς.

903 4009 1042 4074 Περὶ
1073 4008 1147 4062 τὰ
1184 4008 1469 4073 Ἰδιασίας.

511 4095 577 4149 Ἦ
610 4097 667 4151 δὲ
701 4097 839 4168 μονὴ
871 4098 940 4151 τὰ
973 4098 1210 4161 ’ῐκασίας
1239 4099 1462 4169 ἐκτίσθη
1493 4101 1622 4167 παρ’
1646 4101 1816 4171 αὐτῆς
1837 4118 2003 4170 μονα-

425 4187 532 4258 χῆς
572 4190 888 4256 γεγονυίας,
937 4191 1027 4244 ὅτε
1073 4175 1174 4257 τῆς
1222 4189 1501 4259 βασιλείας
1553 4191 1792 4260 ἀπέτυχε
1855 4193 2007 4262 παρὰ

428 4283 692 4354 Θεοφίλου
719 4285 1011 4355 βασιλέως,
1043 4285 1352 4355 σεδασμίας
1386 4287 1480 4338 καὶ
1527 4286 1741 4356 ὡραίας
1797 4305 2008 4358 τυγχα-

430 4377 652 4446 νούσης.
689 4377 851 4439 ’Ἠτις
884 4377 979 4430 καὶ
1003 4376 1260 4440 κανόνας,
1297 4379 1393 4431 καὶ
1433 4377 1674 4447 στιχηρὰ
1729 4379 2007 4449 ποιήσασα

429 4469 488 4521 ὲν
524 4470 637 4527 τοῖς
659 4469 878 4538 χρόνοις
911 4467 1135 4539 Μιχαὴλ
1165 4474 1262 4522 καὶ
1294 4469 1586 4538 Θεοφίλου,
1636 4468 1733 4522 τοῦ
1799 4469 2008 4542 πατρὸς

430 4559 623 4625 αὐτοῦ,
655 4561 753 4630 ἔζη
779 4563 839 4613 ἐν
877 4561 1040 4631 αὐτῇ.

499 4651 641 4721 Περὶ
671 4651 782 4720 τῆς
817 4653 1008 4722 Ἀγίας
1035 4655 1331 4723 Δομνίνας
1363 4655 1436 4708 τὰ
1475 4654 1900 4722 Ἀλεξάνδρου.

499 4745 568 4798 Δί
586 4744 642 4797 δὲ
673 4744 768 4797 δύο
803 4746 967 4813 μοναὶ
995 4745 1091 4816 τῆς
1141 4747 1330 4813 Ἀγίας
1361 4749 1652 4816 Δομνίνας,
1687 4749 2013 4819 ήὲπονομα-

434 4837 639 4910 ζομένη
663 4839 734 4891 τὰ
773 4839 1153 4909 Ἀλεξάνδρου,
1181 4839 1278 4893 καὶ
1328 4840 1518 4911 ἡᾶλλη
1550 4840 1711 4912 μονὴ,
1749 4841 1817 4894 τὰ
1849 4840 2012 4909 λεγό-

438 4946 576 4999 μενα
615 4929 684 4983 τὰ
721 4931 1054 5000 Γρηγορίας,
1089 4930 1148 4981 ἐν
1175 4933 1288 4992 τοῖς
1341 4931 1557 5000 χρόνοις
1625 4931 1720 4983 τοῦ
1753 4931 2012 4999 Μεγάλου

436 5019 718 5074 Θεοδοσίου
759 5020 1108 5090 ἐκτίσθησαν.
1153 5020 1438 5074 Ἐλθοῦεσαι
1473 5023 1583 5090 γὰρ
1614 5022 1722 5073 διπὸ
1788 5020 2015 5090 Ῥώμης

438 5111 598 5185 εὖρον
632 5117 817 5169 ἄοικον
849 5115 941 5167 τὸν
974 5115 1165 5178 τόπον,
1207 5116 1302 5168 καὶ
1333 5115 1693 5184 αἰτησάμενοι
1741 5116 1832 5166 τὸν
1866 5115 2017 5182 βασι-

438 5209 558 5274 λέα,
593 5209 829 5263 δέδωκεν
859 5209 1050 5271 αὑταῖς
1077 5208 1171 5262 τὸν
1200 5208 1388 5272 τόπον,
1431 5207 1528 5261 καὶ
1582 5207 1881 5278 ἀνήγειραν
1911 5205 2018 5268 τὰς

441 5298 630 5371 μονάς.

1009 5395 1149 5463 Περὶ
1181 5393 1288 5448 τοῦ
1303 5395 1463 5450 Δίου.

528 5486 589 5539 '0
617 5487 763 5547 ὅσιος
788 5487 910 5549 Δῖος
934 5488 1304 5555 αἰτησάμενος
1338 5489 1429 5542 καὶ
1453 5489 1617 5553 αὐτὸς
1645 5488 1738 5542 τὸν
1770 5487 2016 5558 βασιλέα,

439 5580 675 5634 δέδωκεν
706 5576 855 5647 αὐτῷ
909 5578 1243 5632 τόπονοκαὶ
1294 5581 1555 5651 ἀνήγειρε
1606 5582 1706 5649 τὴν
1761 5580 2020 5649 τοιαύτην

447 5671 636 5742 μονήν.

847 5764 985 5830 Περὶ
1023 5768 1125 5817 τοῦ
1154 5763 1596 5832 Μυροκεράτου.

515 5854 663 5909 THE
688 5855 1023 5926 καλούμενον
1071 5856 1461 5927 Μνροκέρατον
1516 5856 1740 5928 ἰκτίσθη
1785 5857 1843 5912 ἐν
1903 5860 2019 5923 τοῖς

2101 3278 2224 3347 ejus
2272 3292 2463 3334 sorore
2508 3276 2867 3350 Euphrosyna
2918 3275 3314 3332 monasterium
3365 3287 3562 3328 nomen
3596 3286 3692 3325 ac-

2105 3372 2275 3442 cepit.

2527 3467 2602 3522 De
2636 3465 2957 3521 monasterio
3004 3463 3056 3518 Χ
3060 3463 3285 3534 ylinitw.

2178 3559 2573 3617 Monasterium
2623 3560 2882 3632 Xylinita:
2950 3564 3328 3626 nuncupatum
3396 3550 3709 3608 mdilicavitz

2102 3652 2325 3708 Nicetes
2380 3654 2642 3729 magister
2667 3654 2768 3708 sub
2808 3652 2989 3709 Leone
3017 3651 3294 3711 Isaurico.
3335 3644 3722 3702 Constantini:

2102 3746 2370 3802 Caballini
2409 3753 2584 3814 patre.
2613 3744 2734 3815 Ipse
2797 3753 2982 3799 autem
3016 3743 3233 3798 Nicetas
3265 3740 3534 3823 Xylinitcs
3598 3751 3698 3808 per

2107 3838 2336 3894 insidias
2376 3837 2681 3894 decollatus
2736 3837 2840 3893 fuit
2894 3838 2947 3892 in
3004 3836 3335 3907 Sphendone
3382 3833 3452 3888 ab
3501 3830 3695 3888 eodem

2106 3931 2311 3987 Leone.

2557 4023 2631 4077 De
2662 4024 2986 4078 monasterio
3028 4022 3236 4077 Icasiw.

2183 4115 2575 4172 Monasterium
2605 4117 2794 4172 lcasia:
2825 4115 3075 4171 condidit
3103 4115 3274 4169 Icasia
3303 4111 3701 4166 sanctimonia-

2111 4209 2200 4276 lis,
2230 4207 2453 4278 quando
2483 4207 2716 4278 imperio
2744 4207 2970 4278 repulsa
2997 4217 3081 4262 est
3121 4220 3148 4257 a
3191 4201 3497 4273 Tlteopltilo
3519 4201 3696 4267 impo-

2113 4309 2295 4354 ratore
2322 4339 2336 4364 ,
2374 4299 2479 4354 etsi
2511 4299 2712 4353 decora
2740 4304 2818 4352 et
2873 4303 3107 4367 augusta
3154 4293 3336 4364 specie
3366 4297 3506 4346 erat.
3562 4288 3698 4356 Qua:

2110 4409 2234 4448 cum
2262 4395 2317 4448 in
2346 4393 2537 4448 eodem
2575 4391 2916 4447 monasterio
2971 4392 3075 4445 sub
3111 4387 3373 4442 Michaule
3419 4394 3474 4439 et
3515 4382 3697 4438 Theoe

2113 4479 2263 4553 philo
2292 4484 2413 4552 ejus
2447 4483 2557 4537 lilio
2587 4482 2796 4537 viveret
2821 4481 3054 4552 hymnos
3086 4486 3140 4532 et
3189 4475 3496 4532 versiculos
3541 4487 3694 4527 com-

2038 4557 2084 4612 Ῐ)
2115 4577 2322 4648 posuit.

2120 4669 2196 4722 De
2227 4669 2547 4721 monasterio
2599 4666 2658 4721 S.
2711 4665 2988 4720 Domitium
3034 4664 3343 4735 cognomine
3377 4657 3697 4715 Alexandri.

2193 4762 2309 4815 Duo
2341 4765 2454 4816 haec
2493 4761 2851 4822 monasteria.
2889 4774 3122 4828 quorum
3155 4757 3389 4812 alterum
3436 4753 3496 4810 S.
3527 4753 3699 4808 Dom-

2121 4856 2282 4913 ninte.
2336 4852 2661 4921 cognomine
2710 4849 3047 4915 Alexandri;
3104 4849 3338 4902 alterum
3380 4861 3510 4901 vero
3561 4843 3705 4899 Gre-

2123 4948 2286 5015 gorize
2302 4945 2526 5010 dicitur,
2547 4945 2650 4998 sub
2667 4932 2984 4998 Theodosio
3009 4940 3205 5011 Magno
3226 4939 3495 4994 aediﬁcata
3523 4934 3709 4999 (uere.

2130 5037 2340 5090 Etenim
2401 5045 2530 5091 tunc
2583 5035 2843 5104 temporis
2893 5044 3098 5088 sanctae
3129 5031 3232 5086 illae
3287 5028 3502 5085 femina:
3528 5025 3710 5083 Roma

2133 5139 2420 5190 venerunt,
2449 5141 2501 5184 et
2531 5130 2667 5184 facta
2700 5129 2768 5182 ab
2805 5128 3137 5197 imperatore
3164 5125 3266 5179 loci
3299 5123 3461 5194 hujus
3483 5136 3572 5186 ,,a.
3604 5134 3704 5179 ne-

2127 5225 2272 5278 mine
2305 5223 2552 5284 habitati.
2582 5221 2763 5291 copia,
2797 5219 3129 5275 monasteria
3159 5217 3235 5274 ibi
3269 5226 3609 5273 exstruere.

2619 5400 2698 5454 De
2736 5404 3059 5456 monasterio
3091 5399 3202 5454 Dii.

2202 5492 2470 5548 Similiter
2497 5503 2550 5548 et
2586 5493 2642 5547 S.
2678 5494 2809 5549 Dius
2842 5494 3022 5549 locum
3064 5493 3132 5548 ah
3163 5493 3492 5564 imperatore
3525 5492 3703 5563 petiit.

2128 5601 2238 5655 quo
2267 5588 2553 5655 impetrato
2584 5587 2978 5640 monasterium
3012 5584 3117 5640 hoc
3149 5583 3418 5640 condidit.

2382 5765 2454 5818 De
2488 5765 2810 5818 monasterio
2847 5763 3237 5832 Myrorrratum
3276 5759 3438 5814 dicto.

2198 5856 2588 5914 Monasterium
2622 5856 2943 5926 cognomine
2977 5853 3377 5926 Myrocct‘atum
3421 5854 3521 5911 sub
3554 5847 3710 5908 δίκην
