4450 6448
418 370 554 438 12⁸13
1486 381 1835 442 ΑΝΟΝΥΜΙ
1879 382 2171 456 ANTIQU

1941 384 2360 456 NTIQUITAT
2375 385 2466 445 ES
2515 386 2628 446 CP.
3088 392 3093 395 “
3560 384 3698 453 1274

410 494 507 547 τοῦ
533 495 834 565 μάρτυρος,
867 496 959 547 καὶ
980 495 1086 548 τῶν
1118 497 1323 549 λοιπῶν
1349 499 1671 570 προφητῶν,
1695 499 1803 551 τῶν
1821 502 2002 554 ἐκεῖσε
2030 507 2081 566 Α
2110 519 2167 573 pr

1943 517 2002 554 σε
2030 507 2081 566 Α
2110 504 2527 574 prophetarum,
2564 506 2653 573 qui
2690 504 2887 562 ibidem
2913 504 3125 576 jacent,
3158 504 3360 571 intulit,
3394 520 3458 560 ac
3487 523 3611 561 cum
3642 510 3695 563 in

410 588 685 659 κειμένων
717 590 750 658 ὴ
784 589 925 658 αὐτὴ
954 590 1086 659 ἁγία
1122 591 1312 661 Ἑλένη
1340 594 1607 664 ἀνήγαγε,
1631 595 1727 647 καὶ
1756 593 2002 648 τέθεικεν

411 681 616 734 ἐκεῖσε.
644 682 707 734 0i
732 681 788 735 δὲ
816 681 986 751 ἅγιοι,
1038 684 1065 736 ὅ
1115 701 1175 737 τε
1250 684 1449 756 Ἰωσὴφ
1494 688 1523 738 6
1556 687 1790 759 ποιητὴς
1839 690 1935 742 καὶ
1973 689 2001 741 6

410 772 643 842 ἁδελςρὸς
673 773 842 827 αὐτοῦ
867 775 1148 848 Θεόδωρος
1178 778 1207 830 6
1240 777 1534 849 Στουδίτης
1589 780 1770 834 ἐκεῖσε
1801 779 2002 834 ὲκαθέυ

413 862 593 930 ζοντο,
653 865 758 940 καὶ,
794 865 1016 920 ἐποίουν
1054 868 1182 929 τοὺς
1237 868 1470 932 κανόνας
1514 870 1574 922 ὲν
1632 872 1744 935 τοῖς
1784 870 2002 942 χρόνοις

2112 600 2293 653 locum
2341 599 2619 668 deposuit.
2650 596 2921 654 Caeterum
2964 599 3023 654 S.
3049 597 3253 670 Joseph
3293 610 3451 670 poeta
3481 608 3537 655 et
3573 600 3695 669 ejus

2112 686 2280 742 hater
2334 688 2655 745 Theodorus
2701 687 2922 745 Studita
2964 690 3167 746 ibidem
3208 692 3698 747 commorabautur

2108 797 2351 838 canones
2404 792 2820 854 componentes,
2877 792 3123 854 tempore
3182 782 3384 839 Leonis
3440 784 3692 843 Armeni.

2108 876 2212 942 Qui
2243 885 2416 945 poeta:
2452 884 2573 945 post
2617 892 2793 934 annos
2828 878 3158 949 quingentos
3192 893 3222 933 a
3262 878 3485 934 condita
3512 880 3692 936 eccle-

410 953 754 1017 Λέοντοςτοῦ
792 956 1107 1026 Ἀρμενίου,
1143 959 1280 1027 μετὰ
1313 967 1364 1028 φ’
1417 962 1513 1032 ἔτη
1568 959 1665 1015 τοῦ
1716 962 2008 1036 κτισθῆναι
2103 972 2167 1025 si:

731 955 754 1008 ὖ
792 956 1107 1026 Ἀρμενίου,
1143 959 1280 1027 μετὰ
1313 967 1364 1028 φ’
1417 962 1513 1032 ἔτη
1568 959 1665 1015 τοῦ
1716 962 2008 1036 κτισθῆναι
2103 972 2182 1025 sia
2213 973 2488 1027 vivebant.

409 1046 501 1099 τὸν
530 1047 684 1110 ναὸν,
713 1049 804 1101 ὅτε
837 1045 981 1120 ἦσαν
1017 1043 1165 1104 οὗτοι
1208 1054 1257 1105 οἱ
1288 1054 1534 1123 ποιηταί.

668 1142 812 1212 Περὶ
842 1140 952 1212 τῆς
976 1145 1175 1214 μονῆς
1208 1147 1276 1200 τὰ
1307 1148 1743 1217 Μαρτινακίου.

482 1234 595 1305 Τὴν
631 1236 804 1307 μονὴν
825 1237 893 1290 τὰ
916 1239 1298 1308 Μαρτινακίου
1336 1240 1600 1313 ἀνήγειρε
1620 1245 2002 1318 Μαρτινάκιος

409 1328 949 1399 πατρίκιος,ὀθεῖος
983 1332 1084 1401 τῆς
1138 1332 1301 1400 ἁγίας
1355 1333 1693 1404 Θεοφανοῦς,
1753 1340 1813 1392 ἐν
1885 1344 2001 1406 τοῖς

411 1419 625 1489 χρόνοις
654 1420 938 1473 Βασιλείου
968 1424 1063 1476 καὶ
1088 1425 1337 1497 Μιχαὴλ.
1698 1432 1703 1437 ’

2314 1150 2392 1207 De
2427 1153 2747 1207 monasterio
2783 1154 3092 1225 cognomine
3130 1151 3470 1209 Martinacii.

2170 1244 2561 1302 Monasterium
2596 1245 2906 1301 Martinacii
2939 1247 3149 1303 dictum
3178 1248 3468 1305 aediﬁcavit
3494 1248 3686 1305 Marti-

2101 1339 2290 1393 uacius
2326 1339 2615 1409 patricius,
2652 1339 2960 1395 avunculus
3000 1350 3209 1397 sancta:
3234 1339 3684 1413 Theophanonis,

2102 1442 2347 1504 tempore
2376 1433 2565 1488 Basilii
2616 1441 2670 1487 et
2704 1432 3007 1488 Michaelis.

1143 1542 1215 1596 De
1250 1550 1571 1604 monasterio
1597 1548 1697 1605 SS.
1735 1549 1941 1605 Cosmte
1970 1560 2020 1604 et
2047 1549 2299 1603 Damiani
2332 1547 2581 1603 Paulinae
2614 1558 2935 1617 nuncupata.
3032 1538 3044 1545 ”

479 1663 560 1716 Τὰ
586 1662 641 1716 δὲ
672 1666 949 1736 Παυλίνης
981 1668 1183 1740 ἐκλήθη
1218 1672 1324 1725 ἀπὸ
1358 1673 1629 1727 Παυλίνου
1683 1675 1986 1744 μαγίστρου

2168 1671 2399 1725 Tractus
2429 1669 2673 1724 Paulinae
2697 1668 2879 1723 dictus
2906 1684 3104 1723 nomen
3136 1667 3352 1737 accepit
3385 1681 3414 1722 a
3450 1668 3684 1747 Paulino

407 1753 500 1806 ἐπὶ
526 1754 617 1807 τοῦ
644 1756 927 1825 θεοφιλοῦς
979 1759 1262 1815 Θεοδοσίου
1312 1764 1405 1816 τοῦ
1470 1765 1696 1837 μικροῦ.
1745 1766 1989 1830 Γνωστὸς
2024 1749 2067 1805 Β
2099 1779 2164 1816 mi

1927 1766 1989 1830 ’ὃς
2024 1749 2067 1805 Β
2099 1764 2384 1833 magistro,
2409 1772 2652 1831 tempore
2669 1760 3206 1831 piissimiTheodosii
3241 1759 3684 1828 Junioris,‘cujus

407 1844 519 1916 γὰρ
551 1848 719 1901 αὑτοῦ
748 1850 1016 1923 ὑπῆρχεν.
1048 1849 1158 1907 Ἦν
1191 1854 1246 1908 δὲ
1298 1856 1434 1925 προς
1498 1858 1664 1911 αὐτοῦ
1720 1860 1748 1911 6
1807 1861 1991 1922 τόπος,

407 1938 504 1990 καὶ
524 1939 785 2011 ἀνήγειρε
811 1942 903 1995 τὸν
920 1944 1049 1997 ναὸν
1065 1946 1171 1998 τῶν
1206 1948 1379 2019 ἁγίων
1424 1950 1803 2020 Ἀναργύρων.
1827 1949 1994 2003 Οὔπω

407 2030 465 2083 δὲ
514 2031 832 2086 ἐτελείωσεν
860 2036 1045 2092 αὐτόν.
1100 2038 1221 2091 Ἐπὶ
1250 2040 1305 2092 δὲ
1340 2041 1505 2093 αὑτοῦ
1550 2041 1760 2113 ηὑρέθη
1824 2042 1995 2111 μῆλον

406 2124 656 2196 ὀπώρας,
719 2128 878 2199 δίκην
918 2131 1136 2203 ἐπέχων
1197 2134 1384 2203 μοδίου
1458 2136 1519 2188 τὸ
1579 2137 1830 2206 μέγεθος,
1887 2137 1995 2190 ἀπὸ

408 2215 654 2285 Φρυγίας
697 2219 1029 2289 κομίσαντος
1062 2224 1227 2278 τοῦτό
1255 2244 1409 2289 τινος
1442 2244 1454 2258 ο
1492 2229 1588 2280 καὶ
1654 2227 1779 2281 ίδὼν
1814 2230 1944 2282 αὐτὸ
1966 2231 1994 2283 6

410 2306 686 2374 βασιλεὺς,
736 2312 828 2365 ἐπὶ
879 2314 987 2368 τῶν
1045 2318 1271 2388 ἡμερῶν
1308 2320 1471 2373 αὐτοῦ
1522 2321 1742 2389 εὑρεθὲν
1784 2322 1994 2376 τοιοῦτο

404 2400 704 2470 ἐθαύμασε,
737 2408 830 2460 καὶ
871 2408 1037 2463 ἔδωκε
1071 2412 1150 2481 τῷ
1177 2414 1536 2487 κομισαμένῳ
1571 2416 1885 2486 νομίσματα
1910 2416 1982 2487 ρ’,

408 2496 502 2547 καὶ
534 2496 859 2553 ἀπέστειλεν
885 2503 1019 2557 αὐτὸ
1038 2506 1272 2578 Εὑδοκίᾳ
1300 2509 1365 2579 τῇ
1411 2508 1694 2581 Ἀθηναίᾳ,
1729 2512 1793 2579 τῇ
1825 2509 1989 2563 αὐτοῦ

408 2590 650 2653 γυναικί.
694 2591 908 2663 Ἐκείνη
933 2596 990 2649 δὲ
1021 2598 1312 2652 ἀπέστειλε
1358 2600 1494 2667 πρὸς
1517 2602 1803 2658 Παυλῖνον.
1848 2604 1906 2656 Ὀ
1936 2603 1993 2656 δὲ

409 2680 668 2750 βασιλεὺς
692 2684 906 2751 μαθὼν,
932 2692 1026 2742 καὶ
1054 2692 1535 2763 ἀκριϐευσάμενος
1571 2696 1699 2764 περὶ
1745 2694 1845 2763 τῆς
1872 2694 1994 2746 τού-

403 2784 496 2828 του
532 2776 863 2848 ἀποστολῆς,
899 2783 995 2837 καὶ
1022 2786 1183 2852 γνοὺς
1209 2788 1308 2857 τὴν
1339 2787 1622 2857 ἀλήθειαν,
1645 2790 1861 2858 ἐκείνην
1892 2789 1992 2861 μὲν

414 2866 664 2935 ἠμύνατο
702 2875 949 2946 ῥήμασιν
976 2878 1296 2948 αὐστηροῖς,
1334 2880 1427 2933 τὸν
1462 2882 1517 2934 δὲ
1546 2883 1818 2937 Παυλῖνον
1861 2884 1995 2953 ὥρι-

414 2960 896 3035 σενὰνερχόμενον
920 2970 978 3021 ἐν
1012 2969 1091 3037 τῷ
1148 2973 1421 3045 παλατίῳ,
1479 2976 1583 3028 ὑπὸ
1632 2977 1725 3030 δύο
1782 2976 1993 3047 ἀνδρῶν

2098 1866 2218 1913 orat
2255 1855 2562 1910 familiaris.
2597 1854 2777 1924 Ipsius
2809 1861 2990 1907 autem
3030 1860 3152 1907 erat
3193 1852 3351 1907 locus
3388 1852 3496 1917 ille,
3539 1861 3594 1907 et
3627 1852 3681 1906 in

2098 1966 2161 2003 eo
2193 1926 2481 2003 ecclesiam
2513 1944 2612 1999 SS.
2662 1946 3075 2014 Anargyrorum
3106 1942 3318 1999 Cosmac
3344 1953 3395 1998 et
3436 1940 3681 1995 Damiani

2096 2041 2405 2096 aediﬁcavit.
2463 2038 2715 2093 Nondum
2779 2044 2961 2092 autem
3030 2036 3286 2090 absoluta
3348 2042 3681 2100 structura,

2100 2143 2380 2203 repertum
2411 2132 2513 2186 fuit
2541 2146 2607 2187 eo
2634 2139 2882 2201 tempore
2914 2145 3138 2199 pomum
3167 2128 3485 2183 autumnale
3514 2129 3679 2184 modii

2096 2225 2495 2295 magnitudine,
2522 2222 2669 2293 quod
2712 2237 2775 2276 ex
2808 2222 3043 2292 Phrygia
3073 2221 3295 2292 quidam
3335 2220 3401 2274 ad
3430 2220 3682 2289 impera-

2097 2328 2269 2372 torem
2320 2317 2527 2371 attulit.
2561 2316 2681 2381 Quo
2709 2315 2830 2369 viso
2864 2314 3163 2384 imperator
3196 2328 3301 2367 non
3337 2310 3547 2380 absque
3582 2309 3682 2365 ad-

2097 2410 2413 2472 miratione,
2440 2412 2587 2478 quod
2623 2422 2724 2462 suo
2758 2415 3003 2475 tempore
3036 2406 3319 2459 inventum
3349 2410 3682 2468 esset.eum,

2094 2503 2187 2573 qui
2256 2502 2540 2567 attulerat,
2606 2508 2824 2555 centum
2892 2498 3131 2552 nummis
3183 2496 3577 2563 remuneravit,
3617 2510 3683 2549 ac

2096 2594 2274 2664 ipsum
2324 2592 2580 2648 Eudociaa
2625 2592 2951 2647 Atheniensi
2996 2589 3153 2645 uxori
3197 2604 3315 2646 sua:
3348 2589 3547 2655 misit;
3590 2588 3682 2643 illa

2095 2673 2230 2743 vero
2251 2687 2507 2742 Paulino.
2533 2686 2688 2752 Quod
2735 2684 2826 2739 ubi
2876 2685 3176 2754 imperator
3222 2681 3473 2745 rescivit,
3510 2696 3573 2737 ac
3613 2682 3681 2735 de

2092 2782 2323 2835 veritate
2357 2780 2561 2834 certior
2598 2777 2774 2833 lactus
2802 2785 2907 2842 est,
2938 2792 3164 2833 uxorem
3196 2791 3390 2833 severa
3435 2774 3684 2829 intermi-

2097 2875 2316 2930 natione
2366 2872 2691 2943 increpavit,
2729 2871 3019 2926 Paulinum
3057 2884 3187 2925 vero
3231 2868 3493 2940 palatium
3546 2868 3684 2924 sub-

2096 2976 2315 3021 euntem
2366 2980 2395 3019 a
2457 2964 2673 3019 duobus
2721 2964 3054 3019 satellitibus
3098 2962 3418 3017 obtruncari
3464 2961 3682 3031 jussit;

418 3054 892 3130 μελοκοπηθῆναι.
920 3063 1027 3116 Τοῦ
1061 3064 1117 3117 δὲ
1174 3067 1547 3136 ἀνερχομένου
1606 3069 1686 3132 είς
1740 3069 1800 3122 τὸ
1862 3087 1987 3123 σκο-
2017 3093 2061 3150 C
2097 3075 2167 3129 qu

1924 3087 1987 3122 ῃ-
2017 3093 2061 3150 C
2097 3074 2258 3129 quem
2302 3066 2482 3109 tamen
2538 3056 2591 3110 in
2628 3055 2870 3111 tenebris
2922 3055 3183 3127 palatium
3221 3055 3555 3125 ingressum,
3581 3053 3681 3107 ah-

416 3151 611 3210 τεινὸν,
641 3155 741 3207 οὐκ
776 3156 1126 3228 ἠδυνήθησαν
1149 3155 1295 3215 οὗτοι
1319 3162 1520 3232 σφάξαι
1580 3164 1765 3215 αὐτόν.
1826 3162 1987 3217 Ἀλλὰ

407 3243 473 3294 τὰ
503 3236 618 3296 ὦτα
652 3246 814 3300 αὐτοῦ
848 3248 1116 3319 ἐξέκοψαν
1142 3268 1153 3280 ·
1189 3254 1281 3306 καὶ
1323 3255 1483 3317 εὐθὺς
1548 3255 1819 3323 ἐνόησενὸ
1850 3258 1994 3309 Παυ-

408 3333 552 3398 λῖνος
578 3337 676 3407 τὴν
704 3340 1025 3413 ἐπιϐουλήν.
1064 3345 1236 3399 Τοῦτο
1270 3347 1326 3399 δὲ
1358 3348 1544 3417 θαῦμα
1576 3344 1643 3415 ἦν
1682 3350 1790 3401 τῶν
1823 3350 1994 3416 ἁγίων

418 3423 787 3497 Ἀναργύρων,
815 3432 960 3496 ὅπως
996 3434 1259 3507 τελειώσῃ
1284 3436 1375 3489 τὸν
1399 3438 1524 3489 ναὸν
1553 3438 1755 3499 αὐτῶν,
1798 3439 1993 3493 Ἀκού-

410 3533 510 3579 σας
532 3519 585 3571 δὲ
627 3520 800 3575 ταῦτα
832 3525 859 3576 ὁ
889 3524 1169 3593 βασιλεὺς,
1208 3530 1291 3580 ὅτι
1315 3530 1644 3599 ἡστὸχησεν,
1680 3531 1994 3600 αἰσχυνθεὶς

405 3608 618 3673 τοῦτον,
654 3612 879 3681 ἄγνοιαν
906 3618 1305 3687 προυϐάλλετο.
1375 3621 1781 3686 Τελειώσαντος
1810 3623 1865 3675 δὲ
1897 3623 1991 3676 τὸν

407 3700 553 3769 ναὸν,
581 3705 956 3777 ἀπεκεφάλισε
984 3710 1180 3765 τοῦτον
1214 3715 1486 3784 φανερῶς.

2098 3150 2290 3206 scissis
2328 3150 2504 3201 solum
2544 3148 2797 3211 auribus,
2835 3163 2941 3201 non
2979 3155 3277 3217 potuerunt
3316 3145 3625 3201 interﬁcere
3663 3160 3680 3210 ;

2095 3250 2150 3295 ct
2196 3241 2349 3309 illico
2398 3241 2513 3311 ipse
2545 3255 2604 3296 se
2650 3240 2867 3297 insidiis
2917 3240 3360 3296 circumventum
3406 3239 3577 3293 novit.
3626 3238 3681 3292 ld

2094 3350 2259 3404 porro
2307 3335 2507 3389 accidit
2566 3334 2702 3388 mira
2755 3333 2855 3388 SS.
2902 3335 3317 3405 Anargyrorum
3364 3333 3580 3388 Cosmze
3621 3342 3681 3388 et

2096 3426 2339 3480 Damiani
2372 3442 2493 3496 ope.
2537 3434 2596 3479 ut
2627 3441 2816 3480 eorum
2852 3425 3114 3494 templum
3160 3426 3467 3495 perliceret.
3501 3423 3682 3493 Impe-

2092 3532 2241 3573 rator
2276 3529 2456 3572 autem
2505 3518 2822 3588 intelligens
2853 3532 2881 3571 a
2923 3532 3094 3587 scopo
3135 3516 3449 3571 aberratum
3487 3516 3680 3578 fuisse,

2094 3626 2200 3677 prae
2239 3610 2470 3679 pudore,
2518 3610 2655 3662 nihil
2703 3609 2807 3663 sibi
2863 3609 2963 3663 hac
2998 3610 3071 3663 de
3105 3625 3162 3662 re
3196 3608 3474 3678 cognitum
3512 3605 3682 3661 fuisse

2090 3703 2391 3757 simulavit.
2434 3703 2633 3756 Verum
2680 3702 2932 3756 absoluto
2983 3700 3187 3771 templo
3224 3700 3326 3754 SS.
3372 3703 3683 3769 Anargyro-

2099 3812 2241 3860 rum,
2276 3796 2377 3865 ipsi
2406 3803 2571 3864 caput
2599 3794 2777 3864 palam
2812 3795 3085 3866 amputari
3115 3794 3304 3865 jussit.

740 3904 815 3959 De
850 3922 999 3961 muro
1040 3910 1359 3966 occidentali
1391 3929 1706 3981 magnarum
1738 3925 2037 3984 portarum,
2081 3925 2309 3981 tempore
2365 3912 2553 3967 Leonis
2618 3913 2956 3981 imperatoris
3007 3911 3334 3966 instaurata.

478 4019 559 4071 Τὰ
585 4018 737 4089 τείχη
780 4020 878 4088 τῆς
905 4020 1113 4084 πόλεως
1136 4024 1247 4076 τῶν
1280 4026 1534 4095 μεγάλων
1595 4028 1832 4097 πορτῶν,
1890 4028 1989 4098 τῆς

408 4113 611 4174 δύσεως
651 4114 745 4165 ἐπὶ
776 4114 1005 4176 Λέοντος
1025 4115 1121 4168 τοῦ
1161 4118 1402 4185 μεγάλου
1430 4119 1527 4171 καὶ
1554 4119 1820 4183 εὐσεϐοῦς
1868 4122 1991 4173 cive-

408 4207 683 4274 καινέσθη,
708 4207 794 4258 ὅτε
817 4211 911 4259 καὶ
931 4206 1279 4262 ἐλιτάνευσαν
1298 4211 1490 4272 καὶτὸ,
1514 4213 1686 4277 Κύριε
1707 4212 1992 4277 ἐλέησον,

407 4298 821 4366 τεσσαράκοντα
848 4296 1166 4363 ἐξεϐόησαν,
1203 4300 1296 4354 καὶ
1317 4302 1345 4352 ὁ
1368 4301 1541 4369 δῆμος
1568 4302 1676 4353 τῶν
1706 4287 1996 4371 Πρασίνων

411 4390 649 4459 ἔκραξαν
698 4388 872 4453 οὕτως
907 4404 921 4419 ο
989 4390 1202 4458 Ἑλένη
1252 4393 1375 4446 καί
1402 4394 1864 4458 Κωνσταντῖνος
1896 4396 1991 4447 καὶ

2168 4028 2307 4082 Muri
2372 4028 2523 4083 urbis
2573 4027 2949 4082 occidentales
3008 4039 3332 4096 magnarum
3397 4034 3678 4095 portarum

2091 4124 2196 4181 sub
2239 4121 2417 4176 Leone
2448 4120 2645 4187 Magno
2688 4135 2752 4174 ac
2788 4119 2877 4188 pio
2910 4120 3159 4175 renovati
3208 4127 3359 4183 sunt,
3395 4134 3504 4190 quo
3539 4128 3680 4171 tem-

2094 4230 2228 4284 pore
2278 4214 2610 4283 supplicatio
2668 4212 2890 4275 habita,
2944 4227 3009 4267 ac
3060 4210 3456 4282 quadragesies
3515 4209 3680 4279 Kyrie

2091 4307 2307 4367 elcison,
2366 4305 2774 4358 conclamatum
2827 4311 2950 4365 est,
3008 4301 3384 4376 gucclamante
3438 4298 3683 4354 factione

2096 4398 2321 4451 Prasiua
2356 4418 2368 4449 :
2410 4396 2637 4461 Helena,
2667 4395 3053 4451 Constantinus
3080 4404 3127 4448 et
3169 4393 3491 4447 Theodosius
3522 4408 3681 4462 pror-

413 4481 732 4547 Θεοδόσιος
746 4483 833 4547 είς
856 4481 1071 4549 κράτος
1092 4484 1487 4552 ἐνικήθησαν.
1518 4479 1688 4549 Οὗτος
1718 4486 1774 4537 δὲ
1805 4489 1997 4555 ὲνομο-
2018 4500 2055 4559 '_
2097 4508 2170 4545 su;

1924 4500 2055 4559 L0-’_
2097 4508 2188 4545 sus
2226 4491 2348 4544 victi
2399 4502 2541 4544 sunt.
2579 4489 2849 4545 Cmterum
2886 4489 2975 4544 hic
3011 4489 3123 4559 lege
3148 4488 3405 4552 sancivit,
3456 4495 3516 4541 ut
3563 4486 3681 4544 dies

410 4576 605 4644 θέτησε
635 4576 731 4644 τὴν
759 4576 915 4641 ἁγίαν
943 4576 1231 4645 Κυριακὴν
1256 4578 1497 4647 ἀπραξίᾳ
1530 4577 1813 4646 τιμᾶσθαι.

574 4668 715 4734 Περὶ
746 4669 817 4720 τὰ
851 4668 1041 4735 τείχη,
1072 4669 1143 4721 τὰ
1175 4670 1327 4736 πρὸς
1342 4670 1459 4739 τὴν
1489 4669 1837 4724 θάλασσαν.

482 4761 562 4812 Τὰ
591 4761 768 4828 τείχη,
798 4762 863 4811 τὰ
900 4759 1037 4828 πρὸς
1064 4761 1170 4823 τὴν
1210 4761 1489 4815 θάλασσαν
1531 4762 1659 4815 ὄντα
1711 4762 1991 4815 άνεκαινί-

415 4854 620 4922 σθησαν
666 4853 936 4925 πρότερον
983 4851 1089 4903 ὑπὸ
1140 4854 1393 4923 Τιϐερίου
1457 4854 1763 4925 Ἀψιμάρου
1800 4870 1814 4884 ν
1878 4852 1986 4915 ἕως

414 4947 521 5016 γὰρ
570 4946 737 4999 αὑτοῦ
772 4946 1099 5017 ἠμελημένα
1153 4949 1451 5017 ἐτύγχανον
1502 4949 1664 5002 πάνυ.
1729 4941 1861 4999 Εἶτα
1927 4947 1993 4999 ὲκ

411 5038 666 5109 δευτέρου
690 5039 1039 5092 ἀνεκαίνισεν
1054 5040 1193 5093 αὐτὰ
1223 5040 1502 5108 Θεόφιλος.

624 5132 762 5199 Περὶ
794 5133 899 5186 τοῦ
926 5135 1165 5203 Πύργον
1203 5134 1310 5189 τοῦ
1343 5138 1773 5203 Κεντηναρίου.

492 5224 584 5284 Ei;
614 5223 670 5276 δὲ
703 5223 794 5275 τὸν
852 5223 1143 5294 πύργοντὸ
1176 5226 1542 5295 Κεντηνάριον
1564 5225 1743 5290 ἔξοδος
1776 5227 1993 5294 ἐγένετο

414 5313 605 5381 πολλή.
632 5313 870 5380 Σεισμοῦ
900 5314 955 5366 δὲ
978 5317 1278 5383 γενομένου
1318 5316 1414 5367 καὶ
1463 5316 1824 5384 χαλάσαντος,
1863 5317 1993 5386 ἁνή-

416 5422 601 5474 γειρεν
623 5404 788 5456 αὑτὸν
812 5405 1096 5473 Θεόφιλος,
1119 5404 1194 5468 ὡς
1226 5407 1419 5475 ὁρᾶται
1455 5407 1670 5475 μικράς·

868 5583 941 5637 Τὰ
970 5584 1085 5645 ἔξω
1114 5583 1516 5652 μοναστήρια.
1556 5573 1565 5587 ’

497 5679 560 5731 ΊΙ
589 5678 644 5730 δὲ
686 5679 1147 5747 ’Λχειροποιήτης
1178 5678 1418 5745 ἐκτίσθη·
1435 5680 1586 5748 παρὰ
1608 5678 1702 5731 τοῦ
1739 5679 1993 5746 Μεγάλου

418 5771 828 5823 ἱὶωνσταντίνου
864 5771 941 5832 εἰς
975 5772 1031 5822 τὸ
1066 5770 1400 5835 καθέζεσοαι
1446 5771 1746 5841 Ἀϐράμιον
1776 5772 1867 5825 τὸν
1901 5789 1996 5842 μο-

423 5864 583 5931 ναχὸν
614 5868 817 5919 ἐκεῖσε.
845 5864 934 5917 Διὸ
962 5866 1057 5918 καί
1096 5864 1304 5934 ἐκλήθη
1354 5864 1671 5934 Ἀϐραμίου.

2027 4556 2069 4611 D
2104 4583 2387 4639 Doniiuica
2424 4582 2615 4637 feriata
2646 4583 2945 4636 coleretur.

2563 4672 2637 4727 De
2689 4674 2857 4726 muris
2914 4672 3226 4725 maritimis.

2131 4809 2139 4816 .
2169 4765 2354 4820 Muros
2386 4766 2691 4819 maritimos
2714 4775 2867 4820 antea
2888 4766 3101 4833 penitus
3120 4763 3399 4833 neglectos
3426 4761 3683 4818 Tiberius

2096 4842 2419 4928 Apsimarus
2448 4858 2820 4915 reaedilicavit.
2847 4858 3051 4914 Deinde
3081 4858 3303 4913 eosdem
3337 4854 3679 4926 Theophilus

2097 4953 2343 5009 secundo
2371 4953 2726 5008 restauravit.

2436 5126 2514 5180 De
2544 5136 2687 5180 turre
2722 5124 3103 5181 Centenarium
3128 5131 3340 5177 uocata.

2170 5218 2361 5275 Turris
2390 5219 2716 5288 cognomine
2749 5217 3142 5273 Centenarium
3191 5215 3402 5285 magnis
3444 5216 3682 5283 sumpti-

2099 5314 2201 5368 bus
2231 5322 2508 5369 cxsu-ucta
2539 5314 2640 5366 luit
2666 5332 2676 5365 :
2701 5312 2790 5366 illa
2828 5321 3010 5367 autem
3066 5319 3380 5366 terraemotu
3415 5308 3679 5377 collapsa,

2100 5419 2322 5474 parvam
2358 5405 2522 5465 hanc,
2568 5412 2628 5456 ut
2671 5403 2855 5458 videre
2903 5402 3053 5461 licet.
3106 5399 3466 5455 rea’diticavit
3499 5398 3681 5455 Theo-

2100 5497 2305 5567 philus.

2455 5586 2526 5641 De
2560 5587 2897 5641 monasteriis
2929 5594 3079 5639 extra
3123 5586 3328 5639 urbem.

2172 5680 2564 5735 Mouaslcrium
2612 5679 3009 5748 Achiropoétes
3033 5678 3240 5733 dictum
3268 5675 3679 5732 condiditCon-

2103 5778 2380 5832 stautiuus
2428 5776 2677 5846 Magnus.
2724 5786 2783 5829 ut
2816 5775 3138 5830 Abratnium
3179 5772 3511 5827 monachum
3557 5769 3680 5826 istic

2103 5871 2404 5926 collocaret
2442 5887 2456 5933 ;
2494 5870 2637 5925 unde
2668 5868 2908 5925 Abramii
2958 5867 3378 5937 appellationem
3420 5861 3673 5933 sumpsit.
