4424 6462
396 417 534 485 1235

1808 535 1829 555 ῃ

1457 419 1804 479 ΑΝΟΝΥΜῙ
1835 422 2407 495 ΑΧΗρυιΊἪἘό
2473 433 2575 492 (ΣΡ.

3525 446 3664 513 1286

389 538 498 589 τών
538 535 711 602 λόγων
754 535 833 596 εἰς
865 533 975 604 πῦρ
1032 532 1312 596 είσελθεῖν,
1367 536 1459 586 καὶ
1502 534 1646 587 οὕτω
1687 535 1960 605 δειχθῆναι
1999 553 2037 599 Α
2074 541 2136 593 «Ιίι

1922 556 1960 588 ιε
1999 553 2037 599 Α
2074 541 2445 611 disputatione
2506 549 2665 601 ambo
2734 551 3152 620 ingrederentur
3209 557 3261 609 in
3309 572 3518 630 pyram,
3558 566 3669 622 sic-

390 634 479 683 τὸν
512 626 901 696 εὐσεϐέστερον
925 643 937 655 ·
993 624 1085 678 τοῦ
1122 624 1178 679 δὲ
1230 626 1508 693 Ἀρειανοῦ
1547 630 1967 697 παραιτησαμέ-

389 739 504 777 νου.
538 718 795 772 εἱσελθὼν
824 721 852 771 ὁ
882 716 1110 787 εὐσεϐὴς
1140 717 1235 769 καὶ
1277 719 1612 789 προσμείνας
1645 723 1710 789 τῇ
1751 721 1967 790 φλογίᾳ,

390 810 620 876 ἐξελθὼν
646 813 753 864 ἀπὸ
792 810 893 877 τῆς
922 810 1100 878 πυρᾶς
1130 807 1417 877 διελέγετο,
1456 812 1552 863 καὶ
1594 809 1808 881 ἀπαθὴς
1840 812 1969 876 ἐτυ-

390 903 632 956 λάττετο.

475 994 758 1055 ’1ουστῖνος
809 993 837 1045 ὁ
880 991 1031 1063 Θρᾲξ
1065 994 1092 1046 ὁ
1142 994 1315 1063 μέγας
1345 993 1693 1047 ἐϐασίλευσεν
1724 995 1815 1062 ἔτη
1853 996 1965 1048 θ’...

391 1089 610 1157 ἄριστος
636 1089 693 1139 ἐν
732 1086 1085 1153 πολέμοις...,
1119 1088 1210 1138 καὶ
1237 1084 1575 1154 ᾠκειώσατο,
1612 1091 1706 1142 καὶ
1737 1105 1969 1158 στρατη·

390 1179 559 1247 λὰτην
612 1178 861 1247 ἐτίμησε,
911 1179 1003 1233 καὶ
1057 1180 1371 1249 παρρησίαν
1427 1181 1572 1251 ἔχειν
1622 1184 1759 1249 πρὸς
1804 1184 1969 1234 αὑτὸν

387 1272 665 1340 ἐποίησεν.
725 1270 1112 1341 Ἑδολοφονήθη
1149 1272 1203 1324 δὲ
1251 1273 1278 1323 ὁ
1325 1273 1637 1336 Βιταλιανὸς
1679 1275 1827 1344 παρὰ
1861 1276 1968 1327 τῶν

388 1364 643 1428 πολιτῶν,
704 1363 1010 1433 μηνιόντων
1066 1364 1216 1433 αὐτῷ
1265 1365 1352 1417 διὰ
1401 1366 1502 1435 τὴν
1559 1368 1966 1437 προειρημένην

386 1461 775 1514 ἐπανάστασιν.
829 1459 1115 1527 Ἀμάντιον
1144 1461 1201 1512 δὲ
1246 1460 1335 1511 τὸν
1371 1461 1751 1529 πραιπόσιτον,
1783 1464 1838 1525 ὃς
1876 1464 1966 1515 τὸν

386 1551 511 1602 ναὸν
536 1550 630 1602 τοῦ
667 1550 823 1616 ἁγίου
860 1552 1032 1619 θωμᾶ
1067 1550 1158 1602 τοῦ
1203 1552 1493 1620 Ἀμαντίου
1522 1552 1841 1624 ᾠκοδόμησε
1872 1555 1967 1607 καὶ

385 1644 661 1711 ἐκόσμησε
703 1642 941 1714 [λέγεται
976 1642 1031 1695 δὲ
1082 1647 1338 1712 χρήματα
1375 1647 1523 1713 αὐτῷ
1563 1647 1857 1699 δεδωκέναι
1891 1647 1966 1717 τῷ

397 1734 667 1803 Ἰουστίνῳ
695 1736 808 1785 ὄντι
847 1734 1048 1802 κὸμητι
1081 1736 1187 1786 τῶν
1227 1736 1640 1807 ὲξκουϐητόρων
1677 1740 1766 1792 ἐπὶ
1809 1741 1965 1792 Ἀνα-

387 1825 630 1888 στασῖου,
674 1826 819 1886 ὅπως
846 1824 1138 1892 Θεόκριτον
1172 1826 1264 1877 τὸν
1307 1828 1529 1896 ἀνεψιὸν
1570 1830 1737 1882 αὐτοῦ
1765 1832 1961 1899 ἀναγο-

386 1912 554 1986 ρεύσῃ
585 1916 662 1975 εἰς
690 1910 961 1983 βασιλέα],
1003 1911 1192 1964 τοῦτον
1220 1914 1427 1965 ἀνεῖλεν
1463 1919 1490 1967 ὁ
1535 1916 1835 1980 Ὶουστῖνος,
1867 1921 1958 1970 καὶ

381 2005 503 2064 τοὺς
535 2004 631 2074 τὴν
662 2004 954 2074 ἁνταρσίαν
980 2005 1074 2057 σὺν
1106 2005 1254 2058 αὑτῶ
1285 2007 1706 2076 μελετήσαντας,
1737 2007 1833 2076 τὴν
1866 2008 1959 2077 βα-

383 2092 589 2146 σιλείαν
614 2094 779 2147 αὐτοῦ
810 2100 1123 2167 κατασχεῖν.

463 2181 589 2234 Ἐπὶ
622 2183 807 2250 αὑτοῦ,
837 2184 904 2238 τὰ
943 2188 1082 2238 κατὰ
1114 2186 1204 2238 τὸν
1235 2187 1391 2253 ἅγιον
1429 2189 1655 2260 Ἀρέθαν
1681 2193 1737 2269 ἐν
1768 2194 1956 2264 Νεγρᾷ

378 2277 445 2343 τῇ
477 2274 631 2326 πόλει
666 2277 938 2346 ἐπράχθη,
972 2278 1066 2330 καὶ
1100 2282 1169 2331 τὰ
1214 2282 1354 2335 κατᾶ
1394 2283 1503 2334 τῶν
1550 2284 1858 2356 ὐμηριτῶν
1888 2288 1954 2339 δι’

392 2364 685 2417 Ἐλεσϐαὰν
719 2365 811 2418 τοῦ
841 2367 1099 2435 βασιλέως
1128 2371 1233 2422 τῶν
1257 2372 1549 2428 Αἰθιόπων.
1592 2376 1875 2449 Ἐτυπὼοη
1899 2380 1955 2432 δὲ

379 2456 471 2507 ὑπ’
501 2458 665 2509 αὑτοῦ
713 2459 771 2511 τὸ
819 2461 1093 2529 ἑορτάζειν
1137 2466 1304 2535 ἡμᾶς.
1351 2468 1443 2519 καὶ
1491 2468 1589 2537 τὴν
1637 2470 1829 2540 ἑορτὴν
1856 2473 1954 2542 τῆς

392 2546 780 2619 Ύπαπαντῆς·
824 2553 880 2617 ἐξ
925 2549 984 2607 οἶδ
1035 2555 1210 2625 ἀστὴρ
1254 2558 1426 2627 ἐφάνη
1482 2560 1537 2610 ἐν
1588 2559 1667 2630 τῷ
1718 2563 1951 2633 οὐρανῷ,

378 2641 562 2693 ἐπάνω
592 2644 691 2710 τῆς
725 2644 945 2714 Χαλκῆς
973 2647 1167 2717 πύλης,
1190 2650 1261 2713 ὡς
1290 2652 1346 2703 ἐν
1368 2654 1442 2721 τῷ
1467 2654 1718 2725 Παλατίῳ
1746 2657 1951 2724 φαίνων

377 2728 467 2778 ὲπί
504 2729 717 2798 ἡμέρας
763 2736 855 2785 καὶ
887 2734 1085 2799 νύκτας
1116 2744 1228 2801 κς¹.
1267 2740 1461 2808 Γέγονε
1492 2743 1546 2795 δὲ
1593 2748 1684 2797 καὶ
1728 2750 1951 2817 σεισμὸς

378 2818 786 2885 φοϐεριίιτατοςο
822 2831 915 2877 καὶ
949 2829 979 2897 ἡ
1020 2829 1117 2897 μὲν
1144 2830 1719 2899 Κωνσταντινούπολις
1756 2841 1812 2891 ὲν
1836 2840 1953 2893 δια-

377 2910 560 2977 φόροις
604 2916 788 2977 τόποις
840 2918 1145 2971 ἁπέλαϐεν’
1199 2923 1231 2991 ἡ
1280 2922 1335 2974 δὲ
1385 2925 1593 2996 μεγάλη
1653 2930 1951 3002 Ἀντιόχεια

376 3002 547 3065 πάθος
579 3004 779 3058 ἔπαθεν
814 3008 1221 3079 ἁνεκδιήγητον,
1251 3014 1325 3077 ὡς
1357 3019 1738 3087 καταποθῆναι
1767 3025 1949 3076 πᾶσαν

377 3095 561 3162 σχεδζν
601 3097 700 3165 τὴν
744 3097 918 3160 πόλιν,
971 3101 1063 3151 καὶ
1106 3101 1275 3171 τάφον
1319 3107 1497 3160 κοινὸν
1541 3112 1792 3175 γενέσθαι
1840 3116 1947 3168 τῶν

2073 649 2179 701 que
2214 639 2665 703 comprobaretur
2714 645 2891 700 utrius
2934 646 3123 715 religio
3147 660 3450 719 praestaret.
3488 654 3667 710 Recu-

2074 735 2229 776 saute
2259 728 2791 799 Ariano,ingrcssus
2812 736 2865 789 in
2895 752 3087 807 pyram
3117 742 3479 809 orthodoxus,
3510 758 3565 799 et
3605 747 3661 801 in

2072 813 2303 869 ﬂammis
2316 818 2655 887 aliquantum
2671 830 2927 895 temporis
2943 843 3216 901 versatus;
3231 846 3517 905 postquam
3536 840 3664 897 inde

2071 918 2327 973 egressus
2372 908 2496 973 fuit,
2518 910 2880 983 edisserebat,
2900 921 3304 996 incolumisque
3326 933 3649 995 permansit.

2135 997 2383 1056 Justinus
2414 1002 2622 1070 Thrax,
2694 1022 2923 1079 magnus
2978 1012 3088 1078 ille,
3141 1018 3434 1088 imperavit
3488 1025 3651 1080 annis

2071 1106 2333 1149 novem...
2364 1097 2419 1151 in
2448 1098 2607 1152 bellis
2625 1105 3110 1162 strenuissimus...
3132 1111 3256 1165 etin
3275 1113 3656 1175 familiaribus

2072 1184 2262 1238 habuit
2322 1186 2735 1264 [Vitalianum],
2814 1196 3123 1266 ducemque
3185 1207 3421 1270 creavit,
3498 1212 3662 1280 eique

2068 1292 2254 1330 Secum
2288 1282 2505 1349 quidvis
2559 1285 2730 1342 libere
2790 1288 3052 1359 loquendi
3114 1294 3245 1351 fecit
3307 1309 3656 1367 potestatem.

2068 1368 2204 1423 Dolo
2234 1381 2415 1425 autem
2447 1377 2674 1433 occisus
2722 1389 2808 1434 est
2850 1382 3158 1441 Vitalianus
3211 1403 3241 1441 a
3306 1390 3540 1457 civibus,
3591 1394 3661 1449 ob

2067 1464 2365 1515 excitatam
2454 1469 2769 1534 praedictam
2832 1476 3161 1534 seditionem
3222 1482 3347 1549 ipsi,
3400 1483 3658 1539 infensis.

2067 1553 2383 1608 Amantium
2415 1572 2545 1612 vero
2586 1566 2960 1632 pra-positum,
2996 1571 3086 1639 qui
3144 1574 3406 1641 templum
3469 1574 3659 1629 Sancti

2068 1645 2292 1703 Thema:
2347 1652 2593 1708 Amantii
2661 1660 2990 1727 cognomine
3052 1670 3347 1733 exstruxit,
3407 1670 3655 1735 occidit;

2066 1738 2309 1806 itemque
2343 1756 2438 1796 eos
2462 1747 2550 1812 qui
2573 1761 2693 1801 cum
2720 1748 2840 1817 ipso
2862 1751 2927 1805 ad
2952 1752 3245 1824 imperium
3270 1761 3655 1828 occupandum

2065 1832 2543 1899 conspiraverant.
2568 1836 2780 1893 Dicitur
2802 1843 2947 1896 enim
2992 1844 3144 1901 illum
3162 1851 3657 1919 pecuuiasdedissc

2061 1916 2300 1987 Justino,
2334 1923 2425 1992 qui
2459 1925 2870 1986 subAnastasio
2889 1937 3274 1995 excubitorum
3308 1956 3652 2009 comeserat,

2063 2024 2121 2068 ut
2185 2017 2539 2075 Theocritum
2594 2027 2994 2083 consobrinum
3047 2048 3204 2088 suum
3271 2039 3645 2107 proclamaret

2063 2107 2477 2177 imperatorem.

2132 2203 2333 2257 Eodem
2367 2206 2691 2275 imperante,
2725 2211 2780 2263 in
2812 2213 2950 2268 urbe
3003 2215 3176 2287 Negra
3210 2228 3361 2289 gesta
3405 2232 3538 2280 sunt
3584 2239 3655 2281 ea

2058 2309 2177 2362 quae
2206 2296 2271 2349 de
2299 2307 2491 2351 sancto
2520 2300 2724 2355 Aretha
2747 2316 3047 2362 narrantur
3075 2326 3326 2369 :necuon
3358 2316 3651 2376 Elesbaani

2055 2384 2371 2453 Ethiopum
2400 2389 2540 2459 regis
2576 2393 2860 2461 expeditio
2894 2400 3167 2457 adversus
3198 2404 3539 2466 Homeritas.
3566 2412 3653 2468 Ab

2058 2476 2151 2531 illo
2185 2478 2311 2529 item
2345 2486 2614 2536 statutum
2646 2492 2750 2548 est,
2783 2497 2845 2541 ut
2906 2488 3225 2563 Hypapante
3287 2499 3403 2554 sive
3441 2500 3651 2557 Occur—

2058 2584 2153 2622 sus
2189 2568 2383 2622 iestum
2418 2573 2861 2634 celebraremus:
2893 2596 2957 2636 ex
3011 2601 3121 2652 quo
3180 2591 3334 2644 stella
3395 2593 3448 2646 in
3496 2598 3642 2653 ccelo

2054 2677 2153 2729 per
2179 2663 2374 2731 viginti
2398 2680 2491 2720 sex
2510 2665 2629 2722 dies
2662 2670 2999 2743 totidemque
3048 2689 3247 2737 noctes
3293 2698 3457 2754 supra
3515 2704 3647 2757 por-

2055 2763 2164 2807 tam
2190 2770 2385 2811 a'ream
2437 2758 2553 2811 visa
2603 2770 2708 2826 est,
2734 2766 2891 2832 quasi
2937 2782 2967 2820 e
3024 2770 3228 2838 palatio
3258 2768 3531 2843 luceret;
3563 2778 3647 2833 fa-

2055 2854 2284 2913 ctusque
2341 2857 2424 2901 est
2474 2853 2781 2910 horrendus
2832 2863 3200 2930 terramotus,
3270 2881 3433 2935 quem
3475 2871 3651 2927 variis

2056 2942 2112 2994 in
2148 2941 2285 2996 locis
2319 2944 2432 3013 ipsa
2470 2945 2981 3023 Constantinopolis
3007 2960 3209 3013 sensit.
3238 2960 3431 3032 Magna
3449 2974 3651 3021 autem

2051 3032 2339 3086 Antiochia
2387 3037 2756 3094 inenarrabile
2787 3042 3048 3100 damnum
3105 3065 3367 3121 perpessa
3408 3065 3516 3119 est,
3562 3059 3641 3113 ita

2052 3131 2111 3175 ut
2137 3124 2267 3178 urbs
2328 3141 2465 3193 pene
2502 3137 2610 3183 tota
2642 3131 2922 3203 absorpta,
2978 3153 3273 3198 commune
3333 3145 3638 3203 incolarum

370 3187 690 3257 οἰκητόρων.
741 3189 988 3259 Τοσαύτη
1023 3191 1080 3243 δὲ
1122 3195 1155 3262 ἡ
1192 3195 1327 3265 ὀργὴ
1380 3197 1471 3251 τοῦ
1508 3199 1641 3253 Θεοῦ
1693 3204 1944 3275 ἐπῆλθεν,
1978 3239 2021 3297 c
2057 3229 2115 3268 se

1898 3226 1944 3273 ν,
1978 3239 2021 3297 c
2057 3218 2370 3285 sepulcrum
2397 3222 2653 3276 evaserit.
2691 3221 2864 3279 Tanta
2893 3236 3078 3285 autem
3132 3232 3230 3289 Dei
3277 3235 3359 3290 ira
3398 3236 3523 3303 fuit,
3579 3249 3640 3298 ut

370 3279 445 3340 ὠς
480 3279 573 3331 καὶ
621 3280 749 3342 τοὺς
794 3281 1217 3351 ὑπολειφθέντας
1256 3286 1367 3357 πῦρ
1424 3289 1639 3353 ἐξελθὸν
1682 3295 1790 3349 ἀπὸ
1848 3299 1946 3368 τῆς

368 3373 469 3438 γῆς
495 3373 727 3441 οἰκτρῶς
758 3374 1074 3441 κατέφλεξε.
1121 3378 1278 3429 Ἀλλὰ
1311 3382 1399 3432 καὶ
1430 3383 1462 3452 ὴ
1503 3385 1947 3456 [Ιομπηῖούπολις

369 3465 467 3531 τῆς
502 3464 715 3525 Μυσίας
743 3465 1123 3535 διαρραγεῖσα,
1168 3470 1332 3535 μέσον
1362 3477 1640 3544 κατεπόθη
1671 3481 1809 3547 μετὰ
1838 3481 1945 3534 τῶν

367 3558 664 3625 οἰκητόρων
686 3576 698 3586 ·
725 3560 815 3608 καὶ
841 3558 1073 3628 ἔκραζον
1104 3561 1207 3613 ὑπὸ
1229 3563 1326 3632 τὴν
1351 3565 1452 3634 γῆν
1478 3568 1625 3633 ὄντες
1655 3572 1704 3624 οἱ
1734 3572 1945 3642 ἄνθρω-

368 3662 479 3711 ποι,
535 3648 881 3712 Ἑλεὴσατε.

437 3737 576 3806 Γυνή
608 3757 688 3801 τις
727 3742 821 3792 ἐπὶ
856 3742 1018 3795 αὑτοῦ
1055 3746 1294 3817 ἀνεφάνη
1334 3754 1707 3824 γιγαντοειὸὴς
1751 3759 1813 3809 ἐκ
1843 3760 1942 3811 Κι-

366 3829 543 3889 λικίας
573 3826 727 3891 οὖσα,
752 3832 1089 3902 ὑπερέχουσα
1119 3841 1181 3907 τῇ
1214 3840 1399 3911 ἡλικία
1427 3846 1622 3905 παντὸς
1649 3848 1938 3917 ἀνθρώπου

368 3920 579 3985 μακροῦ
631 3922 806 3990 πῆχυν
852 3924 969 3986 ἕνα,
1022 3929 1112 3977 καὶ
1164 3931 1392 3983 πλατεῖα
1436 3935 1658 4005 σφόδρα,
1707 3938 1782 4001 ὡς
1848 3942 1943 3993 ἐπὶ

366 4008 639 4075 θαύματος
669 4013 715 4062 οἱ
746 4012 976 4082 ὁρῶντες
1006 4015 1174 4087 αὐτὴν
1208 4018 1265 4071 ὲν
1297 4022 1406 4083 τοῖς
1433 4024 1813 4097 ἐργαστηρίοις
1847 4032 1941 4083 καὶ

362 4099 548 4161 οἴκοις,
586 4101 786 4155 ἐδίδουν
814 4105 950 4175 αὐτῇ
984 4106 1187 4161 ὀϐολόν.

443 4276 500 4328 '0
534 4277 576 4330 δ’
622 4279 780 4338 αὐτὸς
805 4280 1058 4348 βασιλεὺς
1090 4285 1258 4340 πολλὰ
1289 4289 1749 4363 ἐφιλοφρονήσατο
1779 4302 1843 4370 τῇ
1878 4319 1933 4353 τε

363 4368 514 4421 πόλει
558 4370 853 4441 Ἀντιοχείᾳ
885 4377 1020 4443 πρὸς
1053 4379 1441 4449 ἀνοικοδομεῖν,
1475 4387 1567 4438 καὶ
1599 4391 1720 4451 τοὺς
1755 4393 1810 4443 ἐν
1838 4395 1934 4444 αὺ-

359 4464 424 4528 τῇ
458 4461 876 4529 ὑπολειφθέντας
912 4465 1186 4530 ζῶντας...

359 4554 614 4623 ἤλγησεν,
635 4556 707 4617 ὡς
728 4558 818 4608 καὶ
842 4557 899 4608 τὸ
929 4558 1163 4628 διάδημα
1188 4561 1506 4618 ἀποτιθέναι
1547 4572 1640 4622 καὶ
1664 4573 1764 4642 τὴν
1792 4592 1929 4646 πορ-

357 4646 555 4715 eam,
604 4650 694 4700 καὶ
746 4652 948 4701 σάκκον
990 4655 1082 4704 καὶ
1119 4656 1310 4708 σποδὸν
1350 4662 1790 4732 περιϐάλλεσθαι,
1837 4672 1931 4722 καὶ

356 4738 572 4790 πενθεῖν
617 4741 707 4791 ἐπὶ
755 4741 955 4805 πολλὰς
999 4746 1227 4815 ἡμέρας.
1275 4750 1620 4823 Ἐτελεύτησε
1660 4758 1715 4810 δὲ
1757 4778 1928 4814 κατα-

1260 4474 1514 4526 τοσοῦτον
1550 4476 1606 4528 δὲ
1636 4480 1727 4532 ἐπὶ
1764 4484 1929 4537 αὑτοῦ
1964 4468 2009 4525 ο

2053 3315 2106 3361 et
2129 3310 2456 3375 superstites
2484 3312 2626 3380 ignis
2655 3329 2686 3368 e
2723 3324 2868 3371 terra
2889 3334 3186 3393 erumpens
3246 3328 3640 3388 miserabiliter

2049 3412 2443 3457 concremaret.
2473 3405 2614 3469 Quin
2649 3408 2813 3463 etiam
2848 3409 3249 3485 Pompeiopolis
3284 3419 3468 3492 Mysiae
3502 3426 3636 3483 urbs

2048 3488 2316 3561 disrupta,
2350 3496 2580 3564 ejusque
2607 3499 2897 3555 dimidium
2924 3520 3035 3558 una
3065 3522 3188 3562 cum
3233 3488 3637 3574 habitatoribus

2050 3591 2190 3635 terra
2230 3586 2547 3654 absorptum
2583 3598 2703 3643 est:
2738 3591 3106 3667 hominesque
3137 3609 3285 3657 terra
3310 3607 3493 3661 obruti
3516 3608 3635 3663 cia-

2047 3676 2268 3729 tnabant
2310 3694 2322 3729 :
2362 3678 2709 3737 Miseremini.

2118 3768 2240 3836 Ipso
2275 3770 2404 3824 item
2442 3773 2751 3843 imperante
2783 3781 2981 3837 tnulier
3027 3786 3277 3853 quaedam
3329 3806 3394 3846 ex
3433 3792 3629 3849 Cilicia

2044 3853 2293 3922 gigantea
2348 3869 2557 3912 statura
2604 3864 2718 3917 visa
2762 3871 2867 3930 εει,
2896 3887 3017 3939 qua:
3051 3890 3314 3942 proceros
3364 3896 3623 3952 quosque

2047 3946 2194 3998 viros
2233 3962 2341 4000 uno
2378 3951 2568 4005 cubito
2619 3960 2938 4025 superabat,
2984 3974 3215 4031 eratque
3251 3984 3485 4039 corpore
3524 3976 3627 4027 ad-

2045 4038 2266 4089 modum
2311 4056 2521 4095 crasso.
2593 4043 2674 4099 Ob
2728 4055 3024 4116 spectaculi
3065 4067 3247 4111 autem
3302 4064 3621 4129 novitatem,

2038 4124 2131 4192 qui
2147 4142 2264 4180 eam
2297 4130 2350 4183 in
2370 4134 2598 4189 ollicinis
2630 4148 2684 4191 et
2715 4139 2968 4199 domibus
2995 4151 3431 4217 conspiciebant,
3459 4155 3623 4213 obolo

2041 4221 2241 4288 singuli
2273 4222 2558 4279 «lonabant

2108 4311 2253 4365 idem
2287 4314 2588 4383 imperator
2625 4321 2868 4377 humano
2895 4337 3079 4383 motus
3108 4330 3305 4386 affectu
3367 4351 3497 4406 erga
3526 4354 3624 4390 nr-

2038 4404 2158 4457 bem
2197 4406 2569 4474 Antiochiam,
2605 4423 2658 4466 et
2690 4429 2785 4469 eos
2833 4419 2926 4485 qui
2953 4433 3017 4473 ex
3046 4427 3199 4475 tanta
3223 4424 3378 4480 clade
3410 4404 3613 4486 residui

2036 4505 2213 4559 erant,
2244 4498 2310 4553 de
2341 4514 2403 4552 ea
2441 4508 2799 4560 restauranda
2835 4511 3132 4580 cogitabat.
3196 4514 3432 4573 Tantum
3467 4522 3618 4577 enim

2035 4603 2199 4668 super
2225 4606 2288 4645 ea
2336 4594 2591 4657 indoluit,
2635 4609 2695 4651 ut
2725 4599 3051 4658 diademate‘
3093 4622 3452 4680 purpuraque
3513 4617 3614 4670 de-

2035 4666 2251 4749 positis,
2280 4700 2338 4739 se
2373 4702 2533 4741 sacco
2572 4700 2625 4743 et
2662 4693 2846 4747 cinere
2876 4696 3150 4763 indueret,
3177 4703 3474 4774 multisque
3493 4708 3611 4764 die-

2032 4774 2133 4828 bus
2168 4776 2393 4846 lugeret.
2432 4778 2577 4833 Obiit
2631 4794 2835 4849 autem,
2872 4784 3190 4844 Justiniano
3224 4802 3436 4853 sororis
3498 4817 3610 4857 sua:

355 4830 523 4883 λιπὼν
551 4832 774 4899 βασιλέα
804 4835 1177 4890 Ἰουστινιανὺν
1197 4840 1288 4893 τὸν
1318 4842 1444 4894 ἰδιον
1467 4848 1703 4916 ἀνεψιόν.
1740 4855 1923 4926 Ἐτέθη

352 4923 406 4975 δὲ
456 4926 515 4975 τὸ
566 4928 726 4993 σῶμα
773 4926 933 4977 αὑτοῦ
968 4929 1025 4978 ὲν
1077 4932 1141 4997 τῇ
1195 4935 1328 5002 μονῇ
1371 4937 1467 5004 τῆς
1517 4939 1835 5014 Αὐγούστης
1867 4923 1923 4998 ἐν

356 5018 366 5025 ‘
401 5017 580 5067 ἰννακι
629 5017 764 5084 μετὰ
813 5018 908 5086 τῆς
943 5021 1195 5084 γυναικὸς
1229 5025 1392 5077 αὑτοῦ
1445 5028 1752 5099 Εὑφημίας,
1796 5037 1853 5090 ὲν

354 5107 446 5156 καὶ
476 5108 753 5160 ἐπιστολαὶ
788 5110 1110 5181 εὑρέθησαν.
1148 5116 1251 5168 Τὸν
1287 5118 1341 5170 δὲ
1376 5121 1767 5197 ἀρχιεροσύνης
1797 5107 1922 5201 θρόζ

349 5212 437 5248 νον
462 5197 663 5250 διεῖπεν
706 5198 957 5271 Ἰωάννης
993 5205 1019 5254 ὁ
1052 5205 1346 5275 λεγόμενος
1382 5212 1779 5281 Καππαδόκας.

2029 4866 2143 4919 ﬁlio
2203 4867 2418 4937 imperii
2462 4887 2781 4930 successore
2846 4878 3056 4934 relicto.
3116 4880 3437 4957 Corpusque
3492 4891 3610 4959 ejus

2028 4959 2334 5025 depositum
2365 4970 2449 5014 est
2481 4961 2533 5014 in
2565 4969 2903 5022 monasterio
2933 4970 3217 5040 Augustm,
3255 4977 3463 5035 inarca
3519 4985 3609 5037 in-

2026 5047 2236 5099 clusqu
2280 5065 2401 5101 cum
2440 5067 2607 5107 uxore
2643 5054 2945 5125 Eupbemia
3012 5079 3026 5115 :
3064 5079 3171 5133 qua
3210 5068 3265 5121 in
3316 5084 3444 5125 arca
3500 5075 3609 5146 epi-

2025 5138 2178 5191 stola:
2210 5151 2438 5207 repertae
2470 5154 2623 5197 sunt.
2652 5147 3179 5223 Archiepiscopatus
3232 5174 3399 5228 porro
3448 5165 3605 5222 thro-

2023 5244 2153 5281 num
2220 5236 2353 5284 tunc
2438 5236 2722 5292 obtinebat
2775 5240 3015 5299 Joannes
3062 5253 3393 5318 cognomine
3462 5257 3605 5331 Cap-

2022 5321 2221 5389 padox.
2575 5383 2597 5391 ,

2096 5413 2346 5472 Justinus
2376 5429 2556 5474 autem
2589 5424 2709 5493 pios
2746 5426 2937 5486 omnes
3016 5436 3466 5510 orthodoxosque
3504 5462 3597 5501 sa-

2020 5508 2296 5574 cerdotes,
2334 5526 2473 5579 quos
2511 5513 2717 5585 injuste
2744 5520 3074 5581 Anastasius
3100 5530 3458 5603 relegaverat,
3513 5555 3598 5595 re-

2017 5602 2249 5652 vocavit.
2764 5658 2784 5665 -

2086 5688 2183 5743 lilo
2217 5690 2541 5758 imperante,
2568 5710 2691 5752 cum
2721 5698 2932 5759 Scirtus
2987 5706 3186 5766 ﬂuvius
3215 5718 3306 5784 qui
3350 5733 3443 5786 per
3472 5735 3591 5777 me-

2025 5780 2167 5833 diam
2211 5782 2474 5838 Edessam
2499 5786 2635 5869 ﬂuit,
2669 5800 3020 5864 exundasset,
3051 5802 3220 5870 ipsam
3249 5812 3434 5863 urbem
3463 5829 3589 5870 cum

2023 5872 2216 5929 incolis
2253 5874 2517 5933 demersit
2554 5897 2567 5933 :
2606 5882 2763 5951 aquis
2804 5902 2935 5943 vero
2972 5892 3215 5963 dilapsis,
3251 5898 3471 5958 inventa
3506 5919 3591 5963 est

431 5377 712 5441 Ἰουστῖνος
764 5380 820 5431 δὲ
868 5383 1231 5438 ἀνεκαλέσατο
1284 5388 1489 5454 πάντας
1531 5396 1776 5462 εὐσεϐεῖς
1825 5404 1920 5457 καὶ

349 5469 512 5538 ἱερεῖς
580 5470 931 5541 ὁρθοδόξους,
1014 5475 1106 5539 οὒς
1170 5478 1519 5548 Ἀναστάσιος
1578 5490 1777 5557 ἀδίκως
1828 5496 1918 5559 ὲξο

342 5560 561 5631 ώρισεν.

426 5654 548 5706 Ἐπὶ
587 5657 683 5725 τῆς
728 5658 893 5710 αὐτοῦ
944 5660 1219 5727 βασιλείας
1259 5668 1316 5719 ὲν
1370 5669 1586 5742 Ἐδέσσῃ
1635 5678 1700 5746 τῇ
1738 5679 1910 5746 πόλει,

343 5746 570 5815 Σκιρτοῦ
627 5748 721 5801 τοῦ
780 5754 1023 5821 ποταμοῦ
1082 5757 1243 5826 μέσον
1300 5761 1469 5831 αὐτῆς
1519 5763 1903 5841 διερχομένου,

342 5837 866 5910 πλημμυρησαντος,
900 5846 1103 5914 ταύτην
1145 5850 1242 5903 σὺν
1288 5855 1396 5917 τοῖς
1441 5860 1713 5924 κατοίκοις
1777 5880 1905 5920 κατ-
